3874 6218
399 358 471 412 55
1246 342 1302 399 S.
1344 337 1717 397 ATIIANASH
1761 335 1913 394 OPP.
1959 332 2138 388 PARS
2179 332 2264 388 Ill.
2307 364 2375 375 —
2415 332 2827 391 EXEGETICA.

398 496 590 541 eorum
618 477 1017 536 multitudinem
1052 483 1107 530 et
1129 472 1423 544 potentiam
1448 489 1461 523 :
1484 468 1653 523 habes
1684 463 1839 536 quasi
1864 478 1964 516 an-

2076 464 2159 518 ῐνα
2186 462 2260 533 μὴ
2287 461 2575 532 ἁθυμήσῃς
2600 460 2688 515 διὰ
2717 459 2780 513 τὸ
2812 457 3014 529 πλῆθος
3056 457 3151 511 καὶ
3190 457 3289 529 τὴν
3328 457 3655 513 δυναστείαν

399 574 623 628 choram
648 569 759 639 spei
788 568 951 623 verba
980 562 1299 634 octogesimi
1326 559 1550 616 secundi
1573 557 1788 628 psalmi.
1810 554 1965 621 Quod

400 664 448 719 si
475 661 677 717 videris
712 660 935 714 domum
967 656 1061 711 Dei
1085 696 1100 719 ,
1132 664 1186 710 et
1210 662 1412 708 aeterna
1440 651 1560 721 ejus
1581 646 1933 703 tabernacula
1951 686 1965 709 ,

400 761 566 822 atque
617 765 806 806 eorum
852 747 1123 803 desiderio
1180 742 1455 805 tenearis,
1510 736 1969 810 quemadmodum

403 843 731 913 Apostolus,
790 839 877 894 dic
930 835 1321 907 octogesimum
1386 830 1605 885 tertium
1676 825 1966 897 psalmum.

399 935 660 990 Cessante
687 933 899 987 tandem
926 930 1005 984 ira
1035 929 1320 995 solutaque
1350 923 1679 993 captivitate,
1706 918 1752 974 si
1784 917 1972 970 volue-

402 1028 478 1083 ris
511 1026 739 1081 Domino
777 1022 981 1094 gratias
1006 1036 1167 1091 agere
1192 1060 1205 1083 ,
1249 1017 1417 1071 habes
1461 1014 1529 1068 84
1560 1020 1614 1066 et
1657 1009 1780 1064 125.
1818 1006 1883 1061 Et
1922 1006 1971 1062 si

401 1132 733 1189 cognoscere
788 1115 921 1170 velis
952 1112 1081 1183 quid
1113 1110 1327 1165 intersit
1365 1104 1697 1161 discriminis
1738 1100 1968 1158 catholi-

400 1225 518 1264 cam
547 1208 687 1261 inter
716 1204 1013 1259 Ecelesiam
1060 1210 1113 1255 et
1147 1199 1440 1254 schismata
1463 1237 1477 1259 ,
1509 1205 1671 1264 atque
1702 1193 1971 1247 schisma-

400 1302 540 1356 ticos
561 1297 913 1358 confundere,
944 1294 1127 1348 dicere
1149 1300 1300 1361 potes
1321 1287 1714 1359 octogesimum
1732 1294 1968 1339 sextum.

402 1391 461 1446 Si
516 1390 649 1445 velis
690 1389 784 1441 tibi
834 1386 1065 1454 aliisque
1108 1383 1307 1437 addere
1346 1378 1598 1434 ﬁduciam
1639 1380 1704 1431 ad
1737 1375 1830 1431 Dei
1857 1375 1971 1430 cul-

399 1494 539 1549 tum,
572 1491 627 1537 et
658 1478 945 1535 ostendere
970 1474 1116 1545 quod
1145 1488 1269 1542 spes
1304 1473 1358 1524 in
1394 1469 1560 1523 Deum
1591 1483 1698 1523 non
1739 1467 1972 1521 confun-

403 1576 538 1638 dat,
572 1573 666 1627 sed
702 1569 1032 1638 intrepidum
1072 1566 1313 1620 animum
1352 1562 1565 1626 reddat,
1598 1561 1757 1615 lauda
1801 1558 1969 1613 Deum

403 1664 640 1720 recitans
694 1659 1129 1729 nonagesimum.
1184 1653 1423 1709 Psallere
1468 1654 1552 1707 vis
1604 1652 1657 1705 in
1700 1648 1972 1705 Sabbato?

403 1756 571 1810 habes
599 1752 1012 1820 nonagesimum
1041 1746 1301 1817 primum.

2071 555 2269 618 αὐτῶν,
2319 552 2463 623 ἔχεις
2502 551 2689 621 ὥσπερ
2713 551 2962 622 ἄγκυραν
3006 548 3214 612 ἐλπίδος
3263 549 3332 602 τὰ
3366 550 3427 602 ἐν
3447 548 3527 619 τῷ
3553 547 3649 619 πβ⁹

2074 648 2313 719 ῥήματα.
2343 644 2455 698 Καὶ
2476 643 2592 708 ἐὰν,
2628 642 2841 713 βλέπων
2868 642 2958 695 τὸν
2988 635 3136 695 οἷκον
3168 640 3262 695 τοῦ
3283 639 3419 695 Θεοῦ
3454 641 3548 695 καὶ
3574 640 3651 695 τὰ

2070 736 2264 791 αἰώνια
2292 734 2455 789 αὐτοῦ
2484 732 2838 804 σκηνώματα,
2866 732 2958 786 τὸν
2998 733 3160 787 πόθον
3201 732 3331 807 ἔχῃς
3370 734 3451 796 είς
3480 732 3647 795 αὐτὰ,

2070 829 2145 893 ὡς
2172 826 2316 899 εἶχεν
2344 830 2373 880 6
2412 824 2752 891 Ἀπόστολος,
2780 824 2905 894 λέγε
2933 825 3029 878 καὶ
3056 825 3121 878 σὺ
3152 824 3243 878 τὸν
3274 821 3364 893 πγ⁹
3407 823 3644 894 ψαλμόν.

2071 919 2431 991 Παυσαμένης
2451 917 2509 970 δέ
2538 934 2668 971 ποτε
2688 918 2787 988 τῆς
2807 917 2995 991 ὀργῆς,
3023 917 3119 970 καὶ
3143 918 3239 987 τῆς
3270 915 3646 986 αἰχμαλωσίας

2072 1012 2343 1082 λυθείσης,
2364 1010 2461 1063 ἐὰν
2489 1009 2649 1081 θέλῃς
2674 1009 3085 1079 εὐχαριστῆσαι,
3115 1006 3257 1078 ἔχεις
3276 1008 3353 1071 εἰς
3382 1006 3442 1060 τὸ
3466 1006 3646 1075 λέγειν

2071 1104 2140 1159 τὰ
2177 1105 2234 1156 ἐν
2266 1102 2345 1173 τῷ
2378 1102 2459 1155 πδ*
2504 1102 2601 1155 καὶ
2649 1107 2780 1172 ρκεθ.
2812 1100 2920 1153 Καὶ
2969 1099 3068 1171 τὴν
3104 1099 3202 1169 μὲν
3246 1096 3508 1169 διαφορὰν
3543 1098 3646 1169 τῆς

2070 1195 2365 1264 καθολικῆς
2414 1193 2738 1264 Ἐκκλησίας
2765 1192 2905 1263 πρὸς
2942 1190 3011 1245 τὰ
3046 1190 3319 1262 σχίσματα
3362 1190 3456 1244 ἐὰν
3482 1188 3645 1263 θέλῃς

2068 1288 2357 1356 γινώσκειν
2380 1325 2396 1349 ,
2445 1285 2541 1339 καὶ
2590 1284 2871 1356 ἐντρέπειν
2900 1282 3164 1347 ἐκείνους,
3205 1280 3431 1335 δύνασαι
3462 1279 3645 1348 λέγειν

2067 1381 2137 1435 τὰ
2189 1381 2248 1434 ὲν
2296 1379 2375 1451 τῷ
2431 1385 2529 1443 πς¹
2566 1376 2945 1449 γεγραμμένα.
2999 1373 3425 1447 Παραθαρσῦναι
3474 1370 3645 1425 θέλων

2071 1475 2294 1529 σεαυτὸν
2325 1472 2563 1535 καὶτοὺς
2594 1471 2815 1543 ἐτέρους
2846 1471 2927 1530 είς
2959 1468 3297 1532 θεοσέϐειαν,
3335 1466 3429 1519 καὶ
3460 1465 3535 1528 ὡς
3562 1466 3644 1527 είς

2069 1568 2160 1623 τὸν
2198 1568 2329 1621 Θεὸν
2355 1564 2510 1629 ἐλπὶς
2546 1563 2669 1618 οὔτε
2704 1561 3079 1632 καταισχύνει,
3128 1561 3264 1615 ἀλλὰ
3310 1559 3405 1613 καὶ
3441 1557 3645 1627 ἄφοϐον

2070 1660 2169 1730 τὴν
2194 1658 2371 1729 ψυχὴν
2395 1654 2811 1719 κατασκευάζει,
2840 1656 2978 1708 αῐνει
3000 1654 3091 1706 τὸν
3122 1653 3274 1717 Θεὸν,
3295 1651 3466 1720 λέγων
3492 1651 3559 1704 τὰ
3583 1652 3645 1704 ἐν

2071 1749 2152 1820 τῷ
2183 1754 2253 1817 ιιι.
2284 1748 2464 1801 Ψάλαι
2487 1746 2661 1811 θέλεις
2686 1746 2765 1817 τῷ
2794 1744 3089 1813 Σαϐϐάτῳ;
3116 1742 3261 1813 ἔχεις
3284 1742 3376 1795 τὸν
3406 1745 3512 1807 μα’.

472 1846 563 1901 25.
603 1843 699 1897 Vis
742 1842 942 1912 gratias
981 1853 1142 1908 agere
1177 1836 1463 1892 Dominico
1500 1834 1626 1907 die?
1666 1832 1833 1887 habes
1876 1830 1967 1885 23.

2142 1848 2246 1912 κγ’.
2282 1840 2683 1913 Εὑχαριστῆσαι
2731 1838 2907 1901 θέλεις
2956 1839 3022 1908 τῇ
3072 1837 3355 1907 Κυριακῇ;
3382 1835 3525 1905 ἔχεις
3551 1833 3648 1886 τὸν

406 1934 502 1989 Vis
528 1935 763 1989 secunda
801 1930 1025 1987 Sabbati
1056 1927 1325 1999 psallere?
1357 1928 1447 1982 dic
1477 1941 1599 1996 qua:
1628 1932 1758 1979 sunt
1800 1924 1853 1977 in
1881 1922 1971 1979 47.

404 2026 614 2081 Canere
634 2024 715 2077 vis
739 2023 792 2076 in
818 2020 1148 2076 Parasceve?
1170 2018 1383 2073 laudem
1432 2017 1600 2072 habes
1624 2017 1676 2069 in
1700 2015 1788 2069 92.
1820 2014 1975 2068 Tunc

402 2118 547 2172 enim
578 2123 794 2186 peracta
817 2112 1187 2176 cruciﬁxione,
1216 2111 1412 2165 domus
1436 2109 1697 2164 aediﬁcata
1720 2115 1823 2171 est,
1851 2106 1977 2161 licet

405 2205 612 2260 inimici
658 2203 947 2273 prohibere
993 2201 1297 2257 niterentur
1346 2218 1359 2253 ε
1414 2212 1585 2268 quare
1649 2196 1976 2265 triumphale

404 2309 625 2349 carmen
653 2292 765 2347 Deo
786 2306 982 2346 canere
1014 2290 1298 2355 convenit,
1333 2304 1397 2343 ea
1432 2288 1657 2350 scilicet,
1692 2301 1814 2356 qua:
1846 2293 1976 2339 tunc

403 2388 548 2440 dicta
582 2393 709 2439 sunt
754 2386 809 2438 in
855 2383 1212 2454 nonagesimo
1258 2380 1522 2437 secundo.
1557 2379 1615 2433 Si
1665 2378 1977 2447 captivitate

404 2476 547 2532 facta
573 2518 587 2543 ,
616 2476 801 2531 excisa
832 2474 1000 2530 fuerit
1046 2475 1244 2529 domus
1270 2514 1285 2538 ,
1336 2488 1403 2527 ac
1436 2486 1655 2526 rursum
1686 2468 1973 2536 aediﬁcata,

404 2583 540 2623 cane
584 2582 707 2637 quae
740 2574 870 2621 sunt
914 2566 970 2620 in
1014 2565 1105 2620 95.
1141 2564 1310 2619 Terra
1359 2579 1389 2617 a
1436 2561 1791 2616 bellatoribus
1824 2561 1977 2629 quie-

404 2668 609 2723 scente,
639 2666 805 2727 atque
842 2657 1063 2711 demum
1098 2655 1152 2708 in
1183 2669 1315 2724 pace
1358 2652 1585 2723 degente
1610 2690 1626 2717 ,
1662 2663 1717 2707 et
1744 2651 1977 2705 Domino

404 2759 695 2820 regnante,
723 2749 771 2802 si
796 2761 859 2801 ea
886 2747 953 2801 de
971 2761 1031 2801 re
1056 2761 1251 2801 canere
1287 2745 1457 2811 velis,
1487 2744 1656 2798 habes
1690 2743 1977 2813 nonagesi-

405 2857 553 2895 mum
591 2847 829 2895 sextum.
862 2838 958 2892 Vis
1001 2844 1199 2907 quarta
1233 2834 1460 2890 Sabbati
1504 2834 1775 2905 psallere?
1807 2833 1976 2889 habes

405 2930 817 2999 nonagesimum
847 2928 1101 3006 tertium;
1137 2935 1267 2982 tunc
1287 2927 1434 2981 enim
1457 2927 1687 2981 traditus
1710 2925 1977 2981 Dominus

406 3020 666 3075 ultionem
698 3020 765 3074 de
797 3029 969 3074 morte
1008 3033 1227 3073 sumere
1262 3019 1447 3089 cmpit,
1491 3018 1667 3088 deque
1708 3033 1773 3071 ea
1806 3016 1979 3072 conﬁ-

403 3112 596 3165 denter
622 3110 985 3180 triumphare.
1020 3109 1159 3163 Cum
1196 3109 1358 3178 igitur
1384 3109 1567 3180 legens
1593 3108 1970 3180 Evangelium,

2073 1941 2179 2004 κγ’.
2201 1931 2368 2006 τᾼσαι
2398 1933 2572 1996 θέλεις
2599 1931 2827 2002 δευτέρᾳ
2860 1929 3188 1994 Σαϐϐἀτων;
3223 1929 3348 1997 λέγε
3381 1927 3449 1982 τὰ
3486 1929 3544 1980 ἐν
3563 1926 3645 1999 τῷ

2078 2026 2182 2098 μζ’.
2221 2025 2441 2078 Αίνέσαι
2476 2022 2653 2093 βούλει
2676 2025 2741 2093 τῇ
2772 2023 3136 2093 Παρασκευῇ;
3182 2019 3325 2089 ἔχεις
3364 2018 3455 2072 τδν
3498 2013 3646 2073 αίνον

2074 2119 2133 2171 ἐν
2164 2116 2241 2188 τῷ
2280 2114 2385 2185 ιβ’.
2417 2115 2549 2169 Τότε
2571 2115 2699 2185 γὰρ,
2723 2112 3015 2184 γενομένου
3045 2112 3138 2165 τοῦ
3161 2109 3419 2183 σταυροῦ,
3442 2112 3471 2164 ὁ
3498 2106 3647 2173 οἶκος

2072 2208 2165 2262 τοῦ
2195 2206 2330 2262 Θεοῦ
2361 2205 2705 2278 ᾠκοδομήθη,
2746 2204 2922 2258 καίτοι
2954 2203 3063 2257 τῶν
3102 2202 3311 2273 ἐχθρῶν
3361 2202 3646 2273 ἐπιχειρη-

2076 2298 2284 2351 σάντων
2314 2296 2583 2350 κωλῦσαισ
2618 2295 2713 2349 καὶ
2750 2294 2838 2348 διὰ
2865 2292 3025 2347 τοῦτο
3068 2293 3334 2346 ἐπινίκιον
3376 2292 3523 2364 ᾄδειν
3565 2291 3647 2363 τῷ

2074 2388 2192 2459 Θεῷ
2249 2388 2447 2459 πρέπει
2478 2388 2599 2440 τότε
2647 2386 2715 2439 τὰ
2748 2385 3011 2456 εἰρημένα
3044 2386 3103 2437 ἐν
3144 2384 3223 2455 τῷ
3266 2383 3374 2453 ιβ’.
3430 2383 3556 2436 Ἐὰν
3585 2382 3645 2436 δὲ

2074 2481 2188 2545 καὶ,
2224 2479 2596 2550 αἰχμαλωσίας
2624 2475 2942 2547 γενομένης,
2971 2475 3269 2547 καθαιρεθῇ
3306 2477 3333 2528 6
3357 2470 3523 2539 οἶκος,
3550 2475 3647 2528 καὶ

2076 2570 2236 2626 πάλιν
2264 2568 2613 2640 οίκοδομηθῇ,
2649 2564 2741 2639 ᾇδε
2770 2567 2840 2620 τὰ
2861 2569 2916 2620 ἐν
2944 2566 3023 2635 τῷ
3064 2571 3166 2633 ιιεν.
3194 2566 3307 2635 Τῆς
3337 2565 3394 2619 δὲ
3417 2568 3520 2637 γῆς
3547 2582 3647 2619 κα⁹

2074 2664 2333 2718 τάστασιν
2362 2661 2633 2732 λαϐούσης
2663 2660 2769 2713 ἀπὸ
2796 2659 2904 2713 τῶν
2947 2658 3326 2728 πολεμούντων
3348 2697 3364 2722 ,
3402 2660 3497 2712 καὶ
3536 2659 3648 2711 λοι-

2076 2754 2175 2808 πὸν
2195 2751 2529 2824 ἠρεμούσης,
2557 2751 2651 2804 κει)⁵
2680 2748 3092 2819 βασιλεύσαντος
3135 2747 3230 2801 τοῦ
3270 2749 3499 2820 Κυρίου,
3551 2749 3648 2804 ἐὰν

2077 2844 2236 2914 θέλῃς
2264 2838 2392 2913 ᾆσαι
2439 2842 2566 2912 περὶ
2614 2840 2826 2903 τούτου,
2859 2837 3001 2906 ἔχεις
3047 2837 3138 2891 τὸν
3179 2837 3293 2904 ις’.
3343 2838 3529 2901 Θέλεις
3576 2838 3646 2909 τῇ

2075 2933 2290 3005 τετράδι
2321 2932 2413 2985 τοῦ
2438 2930 2715 2985 Σαϐϐάτου
2749 2928 3019 2999 deum;
3060 2928 3203 2998 ἔχεις
3238 2928 3330 2982 τὸν
3365 2933 3449 2997 1.,,γΙ
3475 2943 3489 2958 ·
3524 2928 3646 2981 τότε

2076 3026 2183 3097 γὰρ
2218 3023 2535 3094 παραδοθεὶς
2589 3024 2617 3075 6
2637 3020 2839 3091 Κύριος
2870 3020 3104 3073 ἐκδικεῖν
3153 3018 3358 3090 ἤρξατο
3380 3018 3478 3090 τὴν
3505 3019 3647 3073 κατὰ

2076 3117 2172 3171 τοῦ
2201 3116 2431 3171 θανάτου
2461 3114 2637 3186 δίκην,
2657 3113 2750 3166 καὶ
2768 3110 3126 3182 θριαμϐεύειν
3153 3111 3314 3164 αὑτὸν
3343 3110 3645 3181 παρρησίᾳ.

403 3201 607 3256 videris
633 3211 826 3271 quarta
855 3200 1078 3256 Sabbati
1102 3201 1395 3256 consilium
1421 3172 1610 3255 iniisse
1635 3172 1852 3255 Iudaeos
1875 3172 1973 3255 ad;

2078 3210 2192 3263 ”Οτ’
2220 3208 2285 3262 ἂν
2339 3202 2451 3269 οῦν,
2502 3172 2982 3273 ἀναγινώσκωνπδ
3036 3202 3386 3271 Εύαγγέλιον,
3422 3172 3551 3275 ’ἴδῃς

402 3308 592 3349 versus
620 3292 910 3347 Dominum
944 3310 958 3347 :
1009 3308 1238 3349 cernens
1273 3300 1401 3348 tunc
1430 3292 1611 3363 ipsum
1640 3293 1976 3348 confidenter

404 3403 564 3459 agere
586 3428 601 3453 ,
632 3396 693 3442 ut
722 3403 821 3457 pro
856 3388 1015 3443 nobis
1064 3388 1132 3442 de
1170 3388 1390 3442 diabolo
1436 3389 1728 3443 vindictam
1764 3398 1973 3455 sumat,

403 3480 577 3550 psalle
602 3480 765 3533 verba
798 3480 993 3548 psalmi
1021 3479 1111 3533 93.
1138 3478 1378 3533 Rursum
1409 3479 1628 3550 quando
1656 3479 1854 3536 videris
1875 3480 1979 3537 Do-

405 3570 541 3624 mini
586 3571 642 3624 in
693 3571 877 3625 omnia
920 3571 1351 3641 providentiam,
1400 3578 1455 3625 et
1499 3571 1796 3624 dominium
1836 3572 1971 3641 ejus,

405 3669 567 3731 atque
608 3661 845 3716 volueris
882 3661 1174 3715 nonnullos
1209 3661 1262 3714 in
1304 3661 1408 3715 ﬁde
1440 3660 1559 3730 ejus
1586 3669 1640 3717 et
1671 3660 1977 3717 obedientia

405 3752 725 3817 instituere,
789 3751 1025 3807 suadens
1088 3751 1197 3806 illis
1256 3759 1316 3805 ut
1363 3749 1541 3820 primo
1591 3751 1974 3817 conﬁteantur,

406 3844 576 3914 psalle
613 3845 702 3899 99.
736 3842 802 3897 Et
835 3843 929 3897 ubi
975 3842 1298 3913 cognoveris
1343 3841 1463 3911 ejus
1497 3841 1777 3911 judicandi
1822 3850 1977 3911 patec

406 3945 599 3992 atatem
618 3976 634 4001 ,
668 3935 813 4006 quod
842 3935 1050 3990 scilicet
1076 3933 1450 3989 misericordia
1472 3933 1740 4002 judicium
1769 3943 1977 4002 tempe-

406 4026 582 4081 rando
614 4026 819 4096 judicat
856 4024 999 4079 Deus
1023 4065 1039 4090 ,
1070 4024 1115 4078 si
1158 4024 1223 4077 ad
1260 4039 1388 4077 eum
1421 4024 1679 4079 accedere
1708 4024 1975 4089 volueris,

408 4119 575 4173 habes
607 4117 674 4172 ad
701 4132 821 4172 eam
860 4131 975 4171 rem
1006 4115 1167 4171 verba
1190 4115 1387 4185 psalmi
1415 4114 1721 4170 centesimi.

472 4291 563 4346 24.
604 4290 740 4345 Cum
768 4290 981 4343 inﬁrma
1003 4288 1073 4343 sit
1093 4296 1290 4342 natura
1322 4297 1527 4353 nostra,
1563 4288 1609 4343 si
1636 4294 1860 4356 propter
1888 4286 1975 4340 vi-

407 4396 475 4440 tat
500 4384 799 4454 angustias,
828 4384 985 4452 quasi
1010 4382 1167 4450 inops
1193 4378 1369 4435 factus
1402 4380 1585 4433 animo
1612 4378 1852 4442 deﬁcias,
1882 4393 1978 4432 vo-

2074 3300 2289 3371 τετράδι
2342 3298 2435 3351 τοῦ
2486 3296 2763 3350 Σαϐϐάτου
2828 3293 3151 3365 συμϐούλιον
3205 3293 3468 3357 λαϐόντας
3520 3294 3647 3355 τοὺς

2089 3392 2371 3455 Ἰουδαίους
2396 3390 2537 3444 κατὰ
2568 3388 2662 3443 τοῦ
2696 3385 2924 3457 Κυρίου,
2958 3386 3099 3457 ὁρῶν
3145 3385 3306 3440 αύτὸν
3346 3385 3468 3438 τότε
3507 3388 3647 3454 παῤ-

2078 3483 2466 3557 ρησιαζόμενον
2516 3484 2573 3535 ἐν
2618 3483 2685 3551 τῇ
2717 3481 2857 3533 κατὰ
2890 3479 2982 3533 τοῦ
3040 3478 3287 3532 διαϐόλου
3329 3478 3469 3545 ὑπὲρ
3494 3476 3648 3547 ὑμῶν

2074 3577 2305 3649 ἐκδικίᾳ,
2356 3575 2524 3645 eam
2569 3572 2638 3626 τὰ
2668 3574 2724 3625 ἐν
2753 3569 2901 3641 αύτῷ
2932 3570 3010 3641 τῷ
3067 3575 3174 3637 ια’.
3230 3569 3397 3623 Πάλιν
3433 3568 3649 3639 βλέπων

2074 3669 2174 3740 τὴν
2194 3669 2270 3731 είς
2295 3667 2471 3720 πάντα
2502 3666 2758 3735 πρόνοιαν
2791 3661 2883 3718 τοῦ
2925 3661 3131 3734 Κυρίου
3180 3660 3275 3713 καὶ
3307 3659 3408 3730 τὴν
3466 3659 3649 3731 κυριό-

2074 3776 2212 3831 τητα
2236 3758 2422 3824 αὑτοῦ,
2455 3759 2549 3811 καὶ
2574 3756 2742 3810 θέλων
2774 3752 3083 3828 κατηχῆσάί
3109 3768 3262 3814 τινας
3306 3752 3386 3814 είς
3419 3751 3518 3820 τὴν
3553 3750 3651 3803 αύ-

2074 3850 2168 3904 τοῦ
2193 3850 2374 3903 πίστιν
2398 3848 2492 3901 καὶ⁵
2524 3848 2792 3918 ὑπακοὴν,
2829 3846 3031 3899 πείθων
3064 3844 3261 3907 αὐτοὺς
3286 3841 3501 3914 πρῶτον
3558 3840 3647 3906 ἐξ-

2073 3940 2473 4012 ομολογεῖσθαι,
2509 3938 2678 4009 ψάλλε
2717 3936 2808 3991 τὸν
2842 3937 2944 4004 ῑ.,Θ’.
2977 3935 3087 3990 Καὶ
3118 3934 3232 3999 ἐὰν,
3269 3932 3453 4008 μαθὼν
3486 3931 3653 3987 αὐτοῦ

2072 4034 2172 4104 τὴν
2201 4032 2453 4103 κριτικὴν
2477 4031 2727 4100 δύναμιν,
2756 4029 2949 4083 καὶὸτι
2980 4027 3115 4097 ἐλέῳ
3141 4026 3241 4097 τὴν
3268 4026 3450 4097 κρίσιν
3482 4025 3651 4096 κεράο

2076 4138 2174 4185 σας
2199 4122 2373 4190 κρίνει
2401 4121 2429 4172 6
2458 4118 2681 4191 Κύριος,
2708 4118 2939 4189 θελήσῃς
2964 4115 3112 4187 αύτῷ
3134 4112 3482 4187 προσελθεῖνξ
3508 4114 3652 4186 ἔχεις

2071 4213 2154 4274 είς
2189 4209 2346 4263 τοῦτο
2376 4209 2568 4277 λόγους
2602 4208 2727 4271 τοὺς
2755 4209 2813 4261 ἐν
2845 4206 2923 4277 τῷ
2958 4207 3020 4279 ρ’.

2144 4302 2220 4355 κδ’
2226 4340 2242 4355 .
2283 4299 2567 4363 Ἀσθενοῦς
2604 4281 2668 4352 δὲ’
2713 4298 2871 4369 ἡμῶν
2913 4300 3012 4369 τῆς
3064 4296 3279 4367 φύσεως
3318 4294 3519 4366 οὔσης,
3554 4294 3653 4348 ἐὰν

2074 4393 2161 4446 διὰ
2194 4391 2291 4455 τὰς
2326 4390 2553 4461 συνοχὰς
2591 4388 2685 4442 τοῦ
2718 4386 2834 4459 βίου
2868 4389 2943 4451 ὡς
2967 4388 3180 4458 πτωχὸς
3211 4387 3499 4457 γενόμενος
3523 4388 3654 4455 ἀκη·

408 4477 683 4543 luerisque
721 4473 1151 4529 consolationem
1197 4472 1479 4540 accipere,
1510 4469 1676 4525 habes
1704 4470 1973 4539 psalmum

2078 4484 2268 4555 διάσῃς
2292 4482 2444 4541 ποτὲ,
2480 4482 2572 4535 καὶ
2596 4480 2755 4553 θέλῃς
2788 4477 3228 4551 παρακληθῆναι,
3263 4476 3406 4547 ἔχεις
3442 4475 3534 4529 τὸν
3570 4481 3650 4547 ρα⁹

408 4566 531 4620 101.
561 4563 629 4617 Et
668 4563 927 4633 quoniam
961 4561 1115 4615 decet
1146 4574 1244 4614 nos
1274 4575 1369 4628 per
1400 4559 1583 4613 omnia
1620 4566 1674 4613 et
1710 4558 1765 4611 in
1791 4558 1973 4612 omni-

406 4656 509 4709 bus
541 4653 744 4724 gratias
768 4651 878 4706 Deu
907 4666 1069 4721 agerc
1091 4691 1107 4715 ,
1130 4665 1254 4704 cum
1283 4649 1521 4704 volueris
1552 4649 1727 4718 ipsum
1757 4646 1979 4703 benedi-

407 4762 565 4809 cere,
607 4743 777 4798 habes
804 4743 871 4796 ad
920 4740 1166 4794 animum
1216 4749 1365 4794 tuum
1394 4740 1742 4793 excitandum
1791 4740 1895 4794 102
1926 4747 1980 4794 et

408 4838 531 4892 105.
556 4834 651 4891 Vis
676 4835 897 4889 laudare
914 4832 1083 4887 Deum
1109 4843 1270 4902 atque
1294 4847 1457 4887 nosse
1481 4832 1758 4902 quomodo
1793 4841 1848 4887 et
1872 4846 1979 4902 qua

406 4932 473 4984 de
504 4942 668 4983 causa
700 4924 1007 4981 laudandus
1034 4924 1123 4989 sit,
1151 4933 1204 4977 et
1237 4938 1487 4992 quaenam
1529 4923 1835 4978 laudantem
1860 4938 1983 4993 pro-

406 5020 549 5075 ferre
564 5018 786 5073 deceat?
809 5018 974 5071 babes
993 5016 1188 5080 lOl.et
1210 5014 1332 5081 106,
1351 5024 1404 5068 et
1418 5012 1540 5078 154,
1559 5022 1613 5068 et
1635 5014 1757 5077 145,
1778 5022 1831 5067 et
1853 5012 1977 5080 146,

406 5111 600 5174 etin,
633 5121 687 5165 et
721 5111 846 5176 148,
871 5118 924 5163 et
956 5107 1072 5163 150.
1111 5104 1292 5161 Habes
1322 5106 1504 5170 ﬁdem,
1537 5106 1680 5160 sicut
1716 5102 1979 5160 Dominus

406 5203 563 5268 dixit,
579 5210 634 5255 et
649 5200 826 5256 credis
856 5215 918 5253 ea
951 5215 1073 5266 qua:
1093 5198 1301 5252 orando
1332 5194 1612 5264 loqueris?
1634 5195 1722 5248 dic
1748 5196 1981 5250 centesi-

407 5311 556 5349 mum
570 5293 838 5349 decimum
852 5292 1122 5360 quintum.
1140 5288 1318 5342 Sentis
1336 5294 1386 5340 te
1402 5286 1656 5355 operibus
1674 5287 1780 5340 tuis
1796 5302 1981 5341 ascen-

406 5388 550 5448 dere,
582 5386 654 5439 ita
681 5392 738 5438 ut
756 5384 934 5439 dicere
961 5381 1141 5451 possis
1169 5398 1182 5433 :
1210 5378 1341 5443 Qua:
1367 5389 1505 5431 retro
1530 5386 1652 5431 sunt
1676 5376 1975 5443 obliviscor,

406 5480 475 5531 ad
500 5492 712 5545 ea,qua:
744 5486 862 5529 ante
893 5483 1052 5539 sunt,
1081 5473 1303 5526 extendo
1339 5471 1593 5539 meipsum
1620 5467 1785 5520 ’ΜΨ
1812 5469 1977 5524 habes

408 5566 475 5620 ad
532 5565 816 5619 dicendum
864 5565 919 5618 in
976 5562 1204 5633 singulis
1252 5558 1611 5631 profectubus
1661 5559 1972 5628 quindecim

409 5656 671 5726 graduum
703 5656 934 5710 cantica.

480 5747 594 5779 "°"
624 5743 857 5817 Philipp.
899 5762 980 5809 ιιι,
1019 5746 1101 5799 15.

2080 4572 2309 4643 ψαλμόν.
2337 4572 2446 4623 Καὶ
2476 4568 2662 4639 ἐπειδὴ
2694 4569 2893 4639 πρέπει
2922 4567 3009 4621 διὰ
3036 4567 3252 4619 πάντων
3275 4566 3368 4617 καὶ
3392 4566 3451 4617 ἐν
3487 4565 3651 4617 πᾶσιν

2082 4663 2419 4732 εὐχαριστεῖν
2447 4661 2593 4729 ἡμᾶς
2624 4657 2699 4728 τῷ
2719 4657 2856 4728 Θεῷ,
2877 4654 2963 4709 ὅτε
2997 4656 3169 4719 θέλεις
3198 4656 3438 4722 εὐλογεῖν
3466 4655 3648 4713 αὑτὸν.

2081 4752 2221 4822 ἔχεις
2246 4752 2323 4814 είς
2350 4750 2509 4803 τοῦτο
2536 4748 2938 4821 προτρέπεσθαι
2965 4744 3163 4800 σαυτοῦ
3197 4745 3295 4816 τὴν
3325 4743 3523 4814 ψυχὴν,
3558 4744 3652 4797 καὶ¹

2079 4841 2256 4910 λέγειν
2282 4840 2372 4893 τὸν
2403 4839 2482 4911 ρβ¹
2532 4839 2623 4892 καί
2655 4837 2756 4909 ργ’.
2787 4839 2965 4890 Αίνεῐν
3003 4836 3177 4900 θέλεις
3214 4836 3305 4888 τὸν
3338 4834 3470 4887 Θεὸν
3492 4874 3507 4898 ,
3556 4835 3651 4888 καὶ

2082 4933 2278 4986 εἰδέναι
2306 4932 2420 4993 πῶς
2443 4932 2538 4983 καὶ
2565 4929 2657 4982 ἐπὶ
2684 4929 2789 4982 τίνι
2828 4929 2910 4982 δεῖ
2931 4929 3119 4991 αίνεῖν,
3147 4926 3243 4979 καὶ
3276 4925 3427 4989 τίνας
3451 4926 3650 4995 πρέπει

2079 5022 2258 5089 λέγειν
2285 5021 2374 5074 τὸν
2404 5016 2584 5083 αἱνονς
2614 5020 2757 5090 ἔχεις
2781 5019 2871 5073 τὸν
2901 5012 2994 5088 ρδ⁷,
3020 5018 3114 5070 καὶ
3138 5016 3230 5070 τὸν
3254 5020 3361 5087 pg’,
3393 5017 3489 5069 καὶ
3525 5013 3648 5087 ρλϐ’,

2080 5115 2174 5167 καὶ
2211 5120 2347 5184 ρμε’,
2391 5112 2593 5165 καὶτὸν
2629 5118 2783 5182 ρμς’,
2819 5110 2913 5162 καὶ
2942 5109 3032 5162 τὸν
3063 5104 3204 5178 ρμς,
3244 5106 3337 5159 καὶ
3375 5105 3467 5159 τὸν
3502 5112 3648 5178 ρμη’,

2080 5204 2173 5256 καὶ
2205 5203 2293 5255 τὸν
2323 5201 2419 5274 ρν⁹.
2453 5202 2636 5272 Ἔχεις
2682 5200 2884 5263 πίστιν,
2934 5198 3010 5261 ὡς
3044 5192 3196 5250 εἶπεν
3224 5198 3252 5250 6
3284 5195 3507 5268 Κύριος,
3558 5197 3652 5249 καὶ

2081 5294 2355 5357 πιστεύεις
2381 5289 2461 5356 οἷς
2493 5293 2784 5362 εὐχόμενος
2808 5290 3023 5354 λαλεῖς;
3050 5289 3173 5357 λέγε
3202 5288 3292 5341 τὸν
3323 5294 3443 5359 pta’.
3492 5286 3652 5340 Ἀλλὰ

2078 5385 2434 5440 ἀναϐαίνοντα
2476 5384 2669 5436 σαυτὸν
2700 5382 2866 5454 αίσθῃ
2896 5384 3017 5443 ταῖς
3052 5378 3316 5451 πράξεσιν
3340 5419 3355 5443 ,
3385 5377 3525 5431 ὥστε
3560 5377 3648 5431 λέ-

2079 5496 2196 5548 γειν
2220 5494 2235 5508 ·
2275 5477 2351 5531 Τὰ
2370 5472 2487 5544 μὲν
2510 5472 2703 5528 ὀπίσω
2728 5472 3233 5541 ἐπιλανθάνομαι,
3275 5470 3401 5536 τοῖς
3442 5462 3511 5525 δὲ
3549 5471 3652 5541 ἐμ-

2079 5570 2343 5638 προσθεν
2374 5566 2818 5633 ἐπεκτείγομαι;
2851 5563 2993 5633 ἔχεις
3021 5561 3141 5615 καθ’
3167 5562 3403 5631 ἑκάστην
3450 5578 3652 5634 προκο-

2120 5662 2185 5733 ὴν
2213 5661 2289 5723 είς
2310 5658 2370 5713 τὸ
2388 5657 2568 5726 λέγειν
2593 5656 2690 5719 τὰς
2727 5662 2786 5708 ιε’
2806 5654 2916 5707 τῶν
2940 5652 3267 5723 ἀναϐαθμῶν
3286 5652 3448 5723 ᾠδάς.
