3874 6218
167 349 229 403 37
707 312 711 319 λ
1258 300 1600 393 EPISTDLA
1640 335 1734 391 an
1774 337 2297 397 MARCELLINUM.
3332 348 3402 402 ιε

233 465 325 517 κε’.
370 457 819 531 ᾘχμαλωτεύθης
840 456 948 511 ὑπὸ
972 456 1268 528 ἀλλοτρίων
1300 454 1597 526 λογισμῶν,
1624 454 1709 507 καλ

1894 455 1986 513 25.
2007 427 2085 511 'ln
2113 457 2485 528 captivitatem
2515 459 2767 517 redactus
2788 476 2849 517 es
2876 461 2945 517 ab
2976 462 3170 519 alienis
3194 452 3401 533 cugi'ta-

167 554 321 627 ᾔσθου
336 552 556 606 σεαυτὸν
580 550 946 621 ἀπαγόμενον,
965 550 1059 603 καὶ
1092 548 1384 620 μετέγνως,
1399 546 1605 601 παῦσαι
1624 545 1720 600 τοῦ

167 644 360 709 λοιποῦ,
390 644 482 697 καὶ
497 642 695 714 μείνας
714 641 799 711 ἐφ’
821 636 903 705 οἷς
923 641 1306 712 ἁμαρτάνοντα
1332 638 1557 694 σεαυτὸν
1586 655 1720 693 κατ-

156 734 363 798 ’έλαὸες,
394 732 579 795 κάθου,
610 730 706 785 καὶ
728 730 965 784 κλαῦσον
992 731 1086 784 καὶ
1120 731 1184 783 σὺ
1209 770 1225 795 ,
1259 731 1335 793 ὡς
1360 729 1662 799 πεποίηκεν
1692 730 1722 782 6

165 827 277 880 τότε
298 825 437 887 λαὸς,
462 824 634 892 λέγων
664 824 734 875 τὰ
762 824 821 877 ὲν
848 821 927 893 τῷ
958 819 1098 894 ρλς’.
1133 821 1271 884 Τοὺς
1296 821 1354 874 δὲ
1382 818 1722 891 πειρασμοὺς

167 921 445 990 ἡγούμενος
467 914 604 971 εἷναί
634 934 729 969 σου
755 916 1010 988 δοκιμὴν,
1042 915 1180 986 μετὰ
1215 915 1344 977 τοὺς
1380 914 1722 986 πειρασμοὺς

166 997 251 1062 ἐὰν
290 1008 673 1079 εύχαριστῆσαι
721 1006 975 1080 θελήσῃς,
1023 1005 1166 1076 ἔχεις
1214 1004 1305 1059 τὸν
1347 1001 1459 1077 ρλη¹
1484 1002 1717 1073 ψαλμόν.

165 1098 353 1170 Συνέχῃ
386 1097 545 1151 πάλιν
566 1097 674 1151 ἀπὸ
692 1096 923 1168 ἐχθρῶν,
951 1097 1045 1150 καὶ
1076 1094 1339 1167 ῥυσθῆναι
1356 1094 1565 1159 θέλεις;
1594 1092 1720 1161 λέγε

163 1188 226 1240 τὰ
254 1190 307 1241 ὲν
332 1187 408 1259 τῷ
434 1186 563 1259 ρλϐ’.
581 1189 849 1259 Δεηθῆναι
872 1187 930 1240 δὲ
959 1187 1055 1242 καὶ
1087 1186 1486 1259 προσεύξασθαι
1509 1185 1717 1251 θέλεις;

160 1280 313 1349 ψάλλε
339 1280 426 1335 τὸν
472 1288 514 1333 ε’
554 1281 649 1334 καὶ
694 1280 839 1352 ρμβ¹.
887 1280 1107 1351 Ἐχθρὸς
1128 1278 1398 1351 ,τύραννος
1446 1279 1716 1352 ἐπανέστη

159 1370 231 1439 τῷ
251 1368 359 1440 λαῷ
385 1369 477 1424 καί
502 1388 606 1437 σοι,
625 1371 813 1442 ῶσπερ
834 1370 1026 1423 Γολιὰθ
1050 1369 1129 1442 τῷ
1162 1371 1345 1437 Δασὶδ,
1378 1371 1453 1442 μὴ
1475 1369 1685 1442 πτήξῃς
1700 1386 1713 1400 ’

158 1462 283 1516 ἀλλὰ
304 1462 521 1517 πίστευε
554 1464 652 1519 καὶ
676 1464 763 1528 σὺ,
792 1463 868 1528 ὼς
892 1466 920 1517 6
952 1463 1137 1530 Δαδὶδ,
1167 1463 1260 1517 καὶ
1292 1463 1418 1532 λέγε
1456 1463 1526 1517 τὰ
1557 1464 1616 1517 ὲν
1640 1462 1719 1533 τῷ

160 1562 293 1626 ρμγ’.
321 1551 452 1609 Εἶτα
479 1556 775 1628 θαυμάζων
799 1556 897 1621 τὰς
920 1558 1000 1620 είς
1030 1556 1237 1619 πάντας
1264 1555 1356 1609 τοῦ
1388 1554 1523 1609 Θεοῦ
1564 1556 1719 1628 εὐερ-

156 1648 348 1715 γεσίας,
382 1649 475 1701 καὶ
516 1649 872 1721 μνημονεύων
892 1649 990 1720 τῆς
1009 1666 1069 1702 τε
1098 1651 1180 1713 είς
1207 1648 1267 1701 σὲ
1287 1650 1380 1702 καὶ
1410 1649 1490 1711 είς
1510 1647 1717 1712 πάντας

156 1741 431 1811 γενομένης
454 1741 792 1811 ἀγαθότητος
819 1741 985 1795 αὐτοῦ
1008 1783 1022 1808 ,
1072 1740 1168 1794 ἐὰν
1218 1741 1380 1814 θέλῃς
1409 1739 1499 1795 διὰ
1542 1740 1715 1795 ταῦτα

1820 545 2063 603 tionibus
2083 588 2098 613 ,
2140 560 2301 620 atque
2334 551 2558 606 sensisti
2601 560 2653 608 te
2681 553 2968 608 seductum
2988 593 3005 619 ,
3037 563 3092 609 et
3130 557 3400 625 poeniten-

1818 638 1952 693 tiam
2006 640 2195 710 egisti,
2245 640 2301 695 in
2344 651 2623 712 posterum
2675 644 2895 713 desine,
2955 656 3119 717 atque
3169 648 3397 716 gradum

1820 728 2021 785 sistens
2054 730 2149 784 ubi
2199 739 2252 785 te
2298 741 2613 801 peccantem
2659 734 3098 805 deprehendisti,
3140 739 3305 803 sede,
3345 749 3400 793 et

1820 818 1971 889 plora
1991 857 2007 883 ,
2038 828 2093 875 et
2117 828 2283 890 prout
2306 819 2436 877 fecit
2463 823 2593 877 olim
2631 826 2865 895 populus
2886 865 2901 891 ,
2928 827 3016 882 dic
3044 828 3208 884 verba
3246 829 3396 899 psal—

1819 909 1895 963 mi
1921 910 2041 964 156.
2082 908 2433 967 Tentationes
2455 912 2835 983 probationem
2876 930 2999 971 esse
3027 925 3175 971 tuam
3207 926 3394 981 ratus,

1820 997 1866 1053 si
1902 1007 2028 1068 post
2064 1001 2391 1056 tentationes
2427 1002 2564 1058 velis
2607 1004 2813 1074 gratias
2841 1019 3003 1075 agere
3024 1046 3038 1069 ,
3072 1007 3239 1063 habes
3269 994 3392 1062 158.

1818 1088 1903 1144 Ab
1945 1091 2185 1147 inimicis
2233 1093 2434 1147 iterum
2478 1094 2678 1149 teneris
2700 1134 2715 1161 ,
2742 1103 2796 1149 et
2829 1093 3049 1150 liberari
3086 1097 3279 1166 cupis?
3308 1097 3397 1152 dic

1818 1181 1984 1236 verba
2014 1183 2138 1239 139.
2175 1183 2274 1239 Vis
2300 1183 2604 1254 supplicare
2629 1193 2682 1241 et
2706 1185 2905 1241 orare?
2939 1188 3108 1257 psalle
3146 1189 3391 1256 quintum

1818 1272 2020 1326 61112.
2052 1271 2311 1330 Inimicus
2345 1284 2610 1345 tyrannus
2636 1276 2931 1333 insurrexit
2951 1280 3005 1332 in
3029 1279 3312 1348 populum,
3340 1289 3398 1333 et

1818 1363 1875 1418 in
1914 1371 2004 1431 te,
2036 1364 2179 1420 sicut
2222 1367 2277 1420 in
2313 1366 2485 1422 David
2526 1366 2778 1433 Goliath,
2821 1385 2891 1425 ne
2922 1371 3117 1425 timeas
3152 1390 3166 1425 :
3202 1371 3298 1427 sed
3332 1380 3391 1426 tu

1818 1457 2280 1525 quemadmodum
2323 1457 2495 1513 David
2545 1460 2741 1529 crede,
2771 1469 2825 1516 et
2875 1461 3044 1532 psalle
3077 1463 3237 1517 verba
3268 1464 3390 1518 M3.

1817 1545 2025 1605 Deinde
2054 1549 2332 1606 admirans
2356 1551 2618 1608 beneﬁcia
2642 1552 2737 1608 Dei
2762 1554 2818 1607 in
2843 1569 3053 1622 omnes,
3078 1570 3394 1625 memorque

1816 1640 1937 1710 ejus
1966 1655 2095 1712 erga
2124 1651 2177 1698 te
2219 1652 2274 1699 et
2298 1659 2427 1717 erga
2460 1660 2652 1702 omnes
2683 1646 2942 1703 bonitatis
2965 1689 2980 1713 ,
3014 1649 3061 1704 si
3106 1658 3391 1718 propterea

1817 1732 2055 1789 volueris
2090 1734 2201 1788 Deo
2230 1735 2548 1792 benedicere
2566 1776 2581 1802 ,
2612 1737 2700 1793 dic
2724 1736 2944 1793 Davidis
2967 1739 3153 1804 verba,
3185 1754 3308 1809 qua;
3337 1749 3393 1794 et

155 1830 381 1899 εὐλογεῖν
408 1831 501 1885 τὸν
526 1831 681 1896 Θεὸν,
708 1832 832 1902 λέγε
862 1832 933 1886 τὰ
961 1830 1057 1886 τοῦ
1082 1832 1247 1887 Δαϐιδ
1276 1833 1518 1903 ῥήματα,
1569 1831 1709 1904 ἆπερ

1816 1823 1935 1895 ipse
1970 1824 2112 1879 dixit
2146 1825 2202 1879 in
2226 1826 2436 1896 psalmo
2468 1828 2593 1882 144.
2626 1825 2717 1883 Vis
2744 1826 2976 1883 Domino
2999 1828 3234 1904 canere?
3264 1845 3389 1900 quae

154 1922 236 1975 καὶ
264 1923 420 1987 αὐτὸς
446 1920 598 1977 εἶπεν
624 1927 680 1978 ὲν
704 1924 784 1995 τῷ
826 1924 946 1995 ρμδ¹
969 1924 1189 1996 ψαλμῷ.
1221 1919 1390 1996 ’ᾊσαι
1432 1923 1607 1987 θέλεις
1626 1922 1714 1995 ’τῷ

152 2012 356 2084 Κυρίῳ;
385 2013 535 2083 ἔχεις
566 2016 647 2078 εἰς
693 2015 756 2068 τὸ
782 2015 963 2083 λέγειν
993 2015 1085 2069 τὸν
1139 2015 1224 2085 ιιβν
1257 2015 1353 2069 καὶ
1420 2012 1525 2082 ιιζν.
1588 2014 1714 2069 Ἐὰν

155 2104 334 2176 μικρὸς
380 2105 455 2159 ῶν
504 2106 809 2179 προκριθῇς
854 2108 934 2171 είς
959 2108 1134 2179 ἀρχήν
1181 2123 1302 2160 τινα
1324 2106 1432 2160 τῶν
1469 2105 1713 2177 ἀδελφῶν

154 2212 256 2262 σου,
284 2198 356 2269 μὴ
385 2199 618 2268 ὲπαίρου
651 2201 772 2252 κατ’
803 2199 1018 2253 αὐτῶψ
1074 2199 1211 2255 ἀλλὰ
1254 2198 1332 2270 τῷ
1368 2199 1714 2271 ἐκλεξαμένῳ

152 2288 325 2358 Κυρίῳ
354 2288 530 2352 διδοὺς
561 2288 737 2353 δόξαν,
762 2289 929 2359 ψάλλε
955 2290 1049 2343 καὶ
1076 2289 1140 2342 σὺ
1170 2289 1262 2343 τὸν
1296 2295 1406 2361 ρνα¹
1436 2288 1563 2341 ίδιον
1584 2288 1714 2342 ὄντα

148 2378 234 2431 τοῦ
267 2380 440 2434 Δαϐίδ.
486 2380 654 2436 Ἀλλὰ
688 2382 863 2445 θέλεις
884 2381 1105 2451 ψάλλειν
1137 2382 1382 2451 ὲπακοὴν
1405 2380 1627 2452 ἔχοντας
1651 2380 1712 2433 τὸ

160 2468 477 2539 ’Δλληλούῖα,
508 2469 661 2540 ἔχεις
695 2471 786 2523 τὸν
819 2470 916 2541 ρδ⁹,
953 2477 1023 2541 ρε¹
1049 2510 1063 2535 ,
1098 2467 1208 2541 ρς·’,
1240 2466 1343 2541 ρια’
1363 2511 1378 2535 ,
1410 2468 1511 2540 ριβ’
1532 2507 1547 2534 ν
1583 2474 1708 2540 ριγ’.

150 2561 255 2631 ριδ¹,
279 2560 393 2631 ριε’,
426 2560 568 2632 ρις’,
603 2561 721 2632 ριξ,
752 2569 878 2633 ριη’,
912 2559 1036 2631 ρλδ’,
1062 2561 1188 2632 ρλε’,
1213 2565 1353 2632 Ρμε’ν
1384 2566 1538 2632 ρμς¹ν
1565 2560 1708 2631 ρμζκ

150 2661 280 2724 PM.
316 2654 456 2725 ρμθ’ν
495 2660 602 2726 ρν’-
904 2704 907 2705 ν

208 2752 315 2810 κς·’.
352 2747 476 2799 Ὅτε
509 2746 575 2799 δὲ
598 2745 755 2818 θέλῃς
785 2746 904 2799 κατ’
933 2744 1067 2797 ἰδίαν
1100 2743 1169 2797 τὰ
1194 2744 1323 2817 περὶ
1346 2742 1438 2797 τοῦ
1461 2744 1711 2815 Σωτῆρος

144 2837 372 2908 ψάλλειν,
403 2839 460 2891 ὲν
485 2836 709 2907 ἑκάστῳ
747 2837 844 2907 μὲν
876 2836 1061 2907 σχεδὸν
1095 2835 1372 2906 εὑρίσκεις
1401 2834 1599 2905 ψαλμῷ
1645 2832 1712 2886 τὰ

144 2929 348 2983 τοιαῦτα
365 2947 378 2959 ·
408 2929 558 3001 ἔχεις
578 2929 634 2982 δὲ
663 2930 895 3000 μάλιστα
918 2928 1008 2981 τὸν
1036 2927 1135 2998 μὲν
1166 2924 1246 2997 μδ¹
1269 2927 1474 2980 καὶτὸν
1506 2925 1589 2998 ρθ¹
1616 2925 1713 2996 δηο

144 3019 350 3085 λοῦντας
376 3022 474 3093 τὴν
509 3024 579 3075 ὲκ
608 3020 700 3074 τοῦ
735 3019 950 3093 Πατρὸς
987 3018 1153 3073 αὐτοῦ
1191 3019 1422 3090 γνησίαν
1458 3017 1710 3087 γέννησιν

146 3113 228 3164 καὶ
252 3113 344 3183 τὴν
372 3114 640 3185 ένσαρκον
673 3112 838 3166 αὑτοῦ
875 3113 1180 3185 παρουσίαν
1200 3130 1212 3141 ·
1262 3112 1353 3164 τὸν
1384 3111 1440 3164 δὲ
1487 3115 1572 3163 κα¹
1616 3107 1709 3162 καὶ

146 3202 214 3273 ξη⁹
240 3205 604 3276 προλέγοντας
635 3205 763 3276 περὶ
814 3204 909 3257 τοῦ
937 3205 1081 3257 θείου
1118 3201 1385 3275 σταυροῦ,
1433 3202 1529 3255 καὶ
1574 3200 1706 3271 ὅσην

143 3296 359 3367 δι’ήμᾶς
392 3295 691 3367 ἐπιϐουλὴν
725 3294 1030 3361 ἀνεδέξατο,
1089 3294 1185 3347 καὶ
1237 3293 1381 3346 πόσα
1435 3290 1704 3344 πέπονθεο

145 3388 227 3440 καὶ
254 3389 342 3441 τὸν
375 3388 475 3459 μὲν
503 3386 553 3458 β’
591 3387 686 3441 καὶ
714 3393 797 3458 ρη¹
825 3386 1188 3457 σημαίνοντας
1224 3386 1324 3455 τήν
1359 3400 1415 3436 τε
1441 3382 1548 3436 τῶν
1574 3383 1706 3435 Ἰου-

144 3478 290 3532 δαίων
313 3478 606 3549 ἐπιϐουλὴν
638 3478 733 3531 καὶ
781 3478 1075 3549 πονηρίαν,
1122 3476 1218 3529 καὶ
1268 3476 1367 3546 τὴν
1412 3474 1582 3528 Ἰούδα
1612 3474 1707 3528 τοῦ

156 3570 485 3643 Ἰσκαριώτου
544 3570 862 3642 προδοσίαν·
907 3569 999 3622 τόν
1031 3586 1091 3622 τε
1119 3568 1188 3633 κ’,
1225 3568 1319 3621 καὶ
1365 3568 1474 3638 μθ’,
1511 3569 1605 3621 καὶ
1628 3573 1706 3621 οα⁹

144 3662 292 3732 (καὶ)
328 3663 628 3734 δηλοῦντας
659 3665 757 3733 τήν
786 3680 845 3714 τε
881 3661 1157 3733 βασιλείαν
1190 3660 1354 3715 αὑτοῦ
1398 3659 1490 3714 καὶ
1527 3678 1704 3732 κριτι-

142 3754 232 3824 κὴν
249 3754 496 3825 δύναμιν,
523 3755 623 3808 καὶ
646 3754 745 3825 τὴν
773 3754 853 3817 είς
883 3752 1029 3823 ἡμᾶς
1059 3749 1222 3804 αὐτοῦ
1253 3749 1415 3805 πάλιν
1445 3749 1707 3820 ένσαρκον

142 3847 448 3917 παρουσίαν,
480 3846 583 3899 καὶ
608 3846 707 3917 τὴν
736 3844 928 3912 κλῆσιν
957 3843 1067 3896 τῶν
1095 3840 1286 3896 ἐθνῶν.
1319 3842 1478 3895 Καὶὸ
1516 3841 1613 3911 μὲν
1646 3838 1705 3893 ιε’

140 3934 391 3991 δείκνυσιν
414 3935 588 3991 αὐτοῦ
620 3936 719 4007 τὴν
752 3937 816 3988 ὲκ
840 3934 1049 4006 νεκρῶν
1086 3934 1378 3987 ἀνάστασιν
1399 3948 1413 3963 ο
1448 3933 1476 3984 6
1522 3931 1577 3984 δὲ
1618 3937 1704 4001 κγ’

141 4031 225 4081 καὶ
248 4036 339 4099 μς⁹
367 4027 780 4098 ἀπαγγέλλουσι
800 4027 899 4098 τὴν
919 4027 999 4090 είς
1015 4025 1274 4097 οὐρανοὺς
1294 4022 1477 4077 ἄνοδον
1502 4021 1667 4075 αὐτοῦ
1688 4038 1703 4053 ο

140 4118 222 4170 τὸν
249 4118 303 4171 δὲ
323 4119 430 4190 ίιβ’,
473 4118 575 4173 καὶ
609 4115 709 4185 ιβ’,
751 4117 845 4169 καὶ
877 4116 981 4183 ιπζν,
1026 4117 1119 4169 καὶ
1166 4119 1252 4186 ιιη’
1292 4111 1702 4181 ἀναγινώσκων,

141 4208 397 4280 θεωρῆσαι
424 4210 635 4280 δυνήσῃ
666 4208 766 4270 τὰς
799 4208 878 4270 εἰς
904 4206 1051 4277 ἡμᾶς
1078 4204 1174 4258 τοῦ
1204 4204 1452 4274 Σωτῆρος
1478 4201 1568 4255 διὰ
1595 4199 1705 4255 τῶν

142 4301 466 4372 παθημάτων
493 4297 660 4354 αὐτοῦ
697 4298 994 4369 γενομένας
1028 4296 1368 4367 εὐεργεσίας.

203 4395 300 4458 κζ’.
332 4395 589 4457 Τοιοῦτος
612 4394 709 4465 μὲν
730 4390 823 4447 οὖν
848 4394 965 4445 ἐστι
986 4391 1081 4444 καὶ
1099 4393 1127 4444 6
1147 4389 1434 4461 χαρακτὴρ
1454 4388 1534 4451 είς
1561 4387 1705 4456 ὠφέ-

139 4484 276 4539 λειαν
305 4490 418 4551 τοῖς
451 4484 763 4557 ἀνθρώποις
811 4487 875 4538 ὲκ
922 4482 1021 4553 τῆς
1064 4481 1245 4552 βίϐλου
1292 4478 1400 4533 τῶν
1433 4476 1698 4549 Ψαλμῶν,
1734 4505 1779 4561 D

147 4580 355 4652 ὶχούσης
375 4582 551 4651 αὐτῆς
592 4579 753 4641 ίδίους
781 4576 1047 4647 ψαλμοὺς,
1072 4575 1165 4628 καὶ
1190 4576 1247 4626 έν
1267 4574 1381 4636 τοῖς
1409 4572 1612 4635 λοιποῖς
1644 4570 1700 4624 δὲ

148 4672 256 4741 περὶ¹
274 4673 371 4743 τῆς
399 4675 458 4724 ὲν
493 4669 707 4741 σώματι
732 4665 1033 4739 παρουσίας
1061 4664 1154 4717 τοῦ
1177 4662 1384 4734 Κυρίου
1409 4659 1569 4732 ἡμῶν
1606 4660 1701 4714 καὶ

143 4760 372 4834 Σωτῆρος
395 4747 840 4833 ἸησοῦΧριποῦ
867 4755 1201 4825 πυκνοτέροις
1221 4753 1318 4816 τὰς
1344 4750 1700 4824 προφητείας,

142 4855 270 4908 καθά
301 4859 582 4927 προεῖπον.
614 4852 715 4906 Διὰ
738 4851 789 4905 τί
815 4851 871 4903 δὲ
904 4849 1040 4920 μετὰ
1060 4846 1252 4917 μέλους
1280 4845 1374 4898 καὶ
1405 4842 1549 4913 ᾠδῆς
1566 4840 1704 4910 ψάλ-

139 4945 308 5000 λονται
331 4949 380 5001 οἱ
409 4946 643 5000 τοιοῦτοι
675 4943 845 5011 λόγοι,
877 4940 1171 5007 ἀναγκαῖον
1199 4935 1331 5008 μηδὲ
1368 4932 1525 4988 τοῦτο
1562 4949 1703 5003 παρ-

141 5037 322 5093 ελθεῖν.
350 5039 512 5102 Τινὲς
542 5039 640 5109 μὲν
672 5035 780 5105 γὰρ
807 5032 915 5086 τῶν
947 5033 1078 5102 παρ’
1110 5032 1239 5101 ἡμῖν
1266 5027 1559 5099 ἀκεραίων,
1579 5024 1703 5078 καί-

140 5145 213 5180 τοι
244 5128 609 5181 πιστευόντων
632 5122 771 5178 εῐναι
804 5123 1135 5176 θεόπνευστα
1160 5119 1229 5172 τὰ
1255 5120 1475 5189 ῥήματα
1495 5156 1510 5181 ,
1552 5117 1703 5186 ὅμως

141 5220 405 5288 νομίζουσι
452 5218 540 5271 διὰ
570 5218 633 5270 τὸ
658 5215 896 5285 εὔφωνον
948 5214 1044 5267 καὶ
1070 5210 1314 5284 τέρψεως
1367 5208 1553 5261 ἕνεκεν
1603 5206 1701 5277 τῆς

143 5310 296 5382 ἀκοῆς
326 5309 678 5382 μελῳδείσθαι
702 5309 828 5370 τοὺς
855 5304 1122 5375 ψαλμούς.
1151 5303 1264 5355 Οὐκ
1288 5299 1479 5353 ἔστιδὲ
1498 5297 1699 5360 οὕτως·

142 5403 195 5453 οὐ
220 5404 321 5475 γὰρ
346 5405 409 5457 τὸ
438 5405 538 5475 ἡδὺ
566 5404 661 5457 καὶ
690 5399 914 5454 πιθανὸν
943 5397 1258 5469 έζήτησενή
1292 5395 1479 5466 Γραφή
1499 5408 1514 5423 ·
1567 5391 1702 5446 ἀλλὰ

142 5496 404 5550 καὶτοῦτο
434 5496 703 5567 ὡφελείας
725 5494 912 5545 ἕνεκεν
936 5492 1035 5562 τῆς
1060 5491 1239 5560 ψυχῆς
1282 5486 1591 5543 τετύπωται
1616 5484 1705 5538 διὰ

143 5587 307 5642 πάντα
341 5588 463 5659 μὲν,
498 5589 730 5659 μάλιστα
759 5586 815 5639 δὲ
843 5584 929 5639 διὰ
960 5583 1054 5637 δύο
1083 5581 1253 5634 ταῦτα
1273 5597 1285 5609 ·
1329 5577 1548 5650 πρῶτον
1580 5575 1699 5646 μὲν,

142 5681 214 5732 ὅτι
246 5681 449 5752 ἔπρεπε
475 5682 573 5752 τὴν
604 5681 755 5735 θείαν
780 5677 1001 5751 Γραφὴν
1033 5677 1107 5747 μὴ
1145 5674 1303 5745 μόνον
1330 5676 1395 5744 τῇ
1427 5668 1698 5741 συνεχείᾳ,

142 5771 263 5826 ἀλλὰ
307 5777 398 5828 καὶ
446 5777 513 5843 τῇ
548 5776 687 5829 κατὰ
723 5772 923 5834 πλάτος
973 5770 1124 5839 φωνῇ
1175 5766 1266 5822 τὸν
1319 5764 1452 5819 Θεὸν
1491 5764 1698 5834 ὑμνεῖν.

1815 1913 1966 1967 dicas
1993 1922 2294 1983 suppetunt
2331 1914 2387 1969 in
2418 1914 2488 1970 92
2521 1924 2575 1971 et
2605 1915 2696 1971 97.
2729 1916 2786 1971 Si
2813 1932 2936 1972 cum
2975 1902 3205 1989 pusillus
3238 1934 3390 1975 esses

1813 2002 2071 2073 praelatus
2101 2004 2178 2060 sis
2217 2007 2285 2059 ad
2319 2020 2479 2061 usum
2514 2008 2825 2078 quempiam
2866 2009 3096 2065 fratrum
3131 2019 3348 2067 tuorum
3370 2053 3387 2079 ,

1814 2110 1884 2151 ne
1916 2094 2175 2152 adversus
2206 2097 2330 2152 illos
2357 2099 2618 2155 extollare
2656 2116 2671 2153 :
2719 2100 2817 2156 sed
2863 2102 3087 2173 gloriam
3134 2103 3384 2164 Domino,

1814 2188 1909 2257 qui
1946 2196 1996 2243 te
2028 2189 2232 2260 elegit,
2277 2190 2545 2258 tribuens,
2573 2192 2742 2261 psalle
2774 2200 2829 2248 et
2862 2201 2917 2249 tu
2950 2194 3086 2260 151,
3114 2193 3210 2264 qui
3254 2208 3389 2263 pro—

1812 2280 1964 2350 prius
1996 2289 2081 2336 est
2110 2280 2353 2337 Davidis.
2391 2281 2498 2338 Sed
2529 2299 2724 2339 canere
2752 2285 2834 2340 vis
2860 2285 3099 2354 psalmos
3124 2299 3389 2340 resonan-

1814 2381 1895 2427 tes
1922 2373 2139 2427 laudem
2162 2372 2279 2441 Dei,
2299 2389 2396 2429 seu
2416 2375 2681 2431 habentes
2703 2375 2918 2431 titulum
2942 2376 3195 2442 Alleluia,
3220 2377 3387 2431 habes

1815 2463 1937 2529 101,
1981 2464 2107 2531 105,
2138 2464 2263 2533 106,
2301 2466 2426 2530 111,
2478 2466 3069 2533 112,115,114,115,
3102 2466 3225 2534 116,
3260 2467 3383 2530 117,

1814 2557 1940 2625 118,
1974 2557 2098 2625 154,
2134 2557 2404 2625 155,145,
2440 2557 2564 2624 146,
2599 2558 2723 2625 147,
2754 2557 2875 2624 MS,
2909 2559 3034 2626 M9,
3062 2557 3184 2613 150.

1879 2734 1969 2789 26.
2010 2734 2147 2790 Cum
2197 2734 2432 2791 volueris
2497 2750 2561 2790 ea
2610 2748 2732 2805 quae
2779 2733 3113 2789 Salvatorem
3166 2733 3387 2804 proprie

1813 2836 2058 2898 spectant
2079 2828 2310 2898 psallere
2345 2868 2361 2895 ,
2388 2828 2441 2881 in
2471 2827 2700 2897 singulis
2730 2841 2867 2899 pene
2890 2826 3117 2896 psalmis
3156 2826 3272 2881 haec
3295 2827 3384 2881 in-

1811 2919 2027 2975 venies:
2060 2919 2328 2988 praecipue
2382 2926 2560 2972 autem
2586 2917 2754 2973 habes
2784 2917 2855 2971 44
2886 2926 2940 2972 et
2974 2915 3096 2984 109,
3125 2918 3219 2987 qui
3248 2932 3387 2988 prae-

1812 3011 2027 3081 cipuam
2054 3011 2172 3082 ejus
2205 3025 2268 3064 ex
2299 3007 2459 3065 Patre
2483 3009 2907 3079 generationem,
2936 3009 3165 3079 ejusque
3192 3009 3247 3063 in
3272 3024 3388 3064 coro

1812 3119 1944 3174 pore
1968 3103 2259 3157 adventum
2294 3101 2603 3172 signiﬁcant
2623 3117 2637 3166 ;
2660 3101 2723 3154 21
2757 3109 2812 3155 et
2839 3100 2930 3167 68,
2975 3101 3069 3171 qui
3100 3100 3169 3155 de
3200 3100 3383 3154 divina

1811 3210 1973 3251 cruce
2011 3195 2398 3265 praenuntiant,
2441 3203 2677 3265 quantas
2716 3208 2816 3264 pro
2862 3193 3022 3249 nobis
3065 3192 3387 3249 sustinuerit

1809 3284 2056 3349 insidias,
2089 3294 2144 3339 et
2165 3300 2330 3354 quam
2362 3286 2531 3340 multa
2553 3299 2751 3354 passus
2781 3284 2882 3351 sit;
2912 3293 2966 3339 et
2996 3284 3297 3339 secundum
3329 3292 3387 3338 et

1811 3375 1934 3439 108,
1962 3376 2266 3430 indicantes
2297 3374 2610 3430 Judaeorum
2645 3374 2872 3429 insidias
2905 3375 3297 3447 malitiamque,
3325 3384 3383 3430 et

1808 3465 1961 3522 Judm
1999 3466 2272 3521 lscariotae
2313 3466 2715 3536 proditionem;
2755 3475 2810 3521 et
2850 3466 3167 3521 vicesimum
3194 3505 3210 3531 ,
3246 3467 3375 3522 item

1808 3555 1876 3612 49
1905 3565 1958 3610 et
1987 3556 2087 3624 71,
2135 3556 2506 3626 signiﬁcantes
2555 3570 2783 3625 regnum
2835 3555 2956 3625 ejus
3011 3564 3065 3610 et
3100 3555 3383 3623 iudicandi

1806 3654 2155 3717 potestatem,
2186 3659 2394 3699 necnon
2446 3642 2746 3699 secundum
2770 3643 2889 3712 ejus
2916 3643 2971 3696 in
2999 3656 3165 3698 carne
3187 3640 3256 3697 ad
3281 3656 3384 3698 nos

1808 3739 2095 3792 adventum
2123 3776 2138 3802 ,
2199 3743 2254 3790 et
2310 3734 2645 3790 vocationem
2693 3734 2956 3803 gentium.
3020 3730 3089 3788 Et
3138 3733 3383 3802 decimus

1806 3829 2034 3900 quintus
2068 3828 2311 3884 declarat
2359 3826 2479 3897 ejus
2521 3841 2551 3880 a
2602 3826 2835 3881 mortuis
2869 3826 3325 3882 resurrectionem
3362 3845 3377 3880 :

1808 3923 2107 3979 vicesimus
2131 3922 2328 3977 tertius
2363 3928 2416 3974 et
2458 3920 2909 3990 quadragesimus
2953 3928 3141 3975 sextus
3169 3936 3381 3974 annun-

1807 4016 1947 4070 tiant
1977 4013 2096 4084 ejus
2129 4013 2197 4068 ad
2243 4011 2411 4067 caelos
2436 4025 2749 4065 ascensum.
2782 4008 2919 4063 Cum
2961 4018 3142 4063 autem
3183 4010 3383 4080 legeris

1806 4104 2217 4177 nonagesimum
2232 4100 2620 4166 secundum,et
2642 4100 2731 4165 95,
2748 4098 2907 4166 et97,
2926 4108 2981 4154 et
3004 4098 3097 4167 98,
3120 4098 3379 4154 beneﬁcia

1808 4197 2107 4252 Salvatoris
2141 4210 2238 4267 per
2275 4194 2552 4251 cruciatus
2577 4193 2697 4264 ejus
2744 4192 2903 4247 nobis
2938 4190 3134 4247 collata
3175 4190 3380 4261 poteris

1806 4286 2183 4356 contemplari.

1871 4381 1962 4436 27.
2019 4379 2167 4434 Talis
2189 4386 2273 4433 est
2309 4378 2593 4433 character
2624 4374 2749 4429 libri
2791 4370 3135 4427 Psalmorum
3176 4368 3243 4423 ad
3275 4368 3377 4422 ho-

1808 4475 2014 4530 minum
2064 4472 2350 4527 utilitatem
2419 4466 2897 4529 accommodatus;
2954 4475 3094 4532 quos
3153 4461 3381 4530 quidem

1806 4567 2046 4638 psalmos
2089 4564 2228 4619 alios
2255 4563 2321 4617 ad
2350 4559 2785 4616 emendationem
2832 4563 3077 4608 motuum
3127 4552 3375 4623 singula-

1802 4674 1924 4712 rum
1944 4656 2248 4712 animarum
2264 4651 2605 4721 conscriptos
2620 4663 2762 4713 esse,
2781 4647 3023 4717 reliquos
3041 4659 3170 4699 vero
3199 4645 3266 4699 de
3281 4643 3376 4699 δάε

1802 4759 1967 4806 ventu
1990 4749 2045 4803 in
2063 4760 2292 4816 corpore
2312 4742 2528 4797 Domini
2550 4740 2723 4795 nostri
2740 4736 2769 4793 «Ι
2776 4754 2872 4792 esu
2896 4735 3098 4792 Christi
3120 4734 3376 4804 frequen-

1804 4844 1973 4898 tiores
2014 4840 2213 4894 habere
2255 4833 2591 4906 prophetias,
2625 4831 2881 4901 superius
2926 4829 3185 4884 diximus.
3232 4825 3375 4892 Quid

1803 4948 1982 4990 causa:
2035 4938 2215 4986 autem
2285 4928 2377 4991 sit,
2418 4924 2562 4996 quod
2615 4921 2884 4993 ejusmodi
2931 4934 3212 4977 sermones
3247 4933 3377 4972 cum

1803 5006 2175 5081 modulatione
2223 5029 2277 5074 et
2305 5028 2468 5074 cantu
2505 5018 2829 5088 psallantur,
2864 5025 3207 5083 nequaquam
3234 5024 3375 5079 prae-

1803 5113 2207 5171 termittendum
2231 5118 2335 5165 est.
2379 5107 2611 5174 Quidam
2646 5107 2791 5161 enlm
2844 5105 2986 5159 inter
3023 5118 3125 5157 nos
3164 5100 3379 5169 simplia

1803 5207 2002 5270 eiores,
2034 5201 2248 5259 tametsi
2292 5203 2521 5255 credunt
2555 5198 2721 5253 verba
2755 5210 2878 5252 esse
2903 5192 3166 5249 divinitus
3201 5188 3375 5259 inspi-

1804 5308 1954 5364 rata,
1998 5296 2335 5351 arbitrantur
2378 5302 2559 5347 tamen
2609 5290 2680 5344 ob
2736 5287 2855 5343 soni
2904 5284 3228 5340 suavitatem
3272 5293 3371 5333 vo-

1802 5393 2173 5462 luptatemque
2217 5386 2432 5441 aurium
2478 5382 2720 5454 psalmos
2753 5378 2897 5434 cani.
2932 5377 3370 5443 Atqnequaquam

1804 5484 1879 5538 ita
1910 5498 1968 5537 se
2003 5496 2087 5535 res
2115 5480 2316 5544 habet;
2349 5492 2457 5532 non
2484 5475 2631 5529 enim
2682 5486 2871 5535 suave,
2914 5476 3009 5523 aut
3057 5465 3371 5523 demulcens

1803 5574 2052 5647 quaesivit
2089 5570 2369 5639 Scriptura
2401 5587 2413 5622 :
2447 5566 2541 5622 sed
2576 5564 2629 5619 id
2655 5576 2873 5633 quoque
2902 5560 2970 5615 ad
2998 5559 3193 5613 animae
3226 5555 3376 5647 utili-

1804 5676 1966 5722 tatem
1987 5662 2343 5719 constitutum
2367 5666 2470 5720 est,
2489 5654 2765 5719 omnibus,
2786 5651 2878 5707 sed
2892 5650 3112 5704 duabus
3135 5646 3372 5701 maxime

1803 5759 1870 5815 de
1890 5756 2072 5815 causis
2106 5772 2120 5822 ;
2149 5753 2345 5824 primo,
2373 5748 2502 5819 quia
2534 5743 2716 5801 decuit
2763 5741 2999 5797 divinam
3035 5737 3371 5805 Scripturam
