3874 6218
443 341 515 400 ’69
1293 343 1352 399 S.
1392 342 1760 398 ATHANASH
1797 343 1949 401 OPP.
1996 344 2033 399 P

2139 342 2176 397 S
2212 340 2295 396 ιιι.
2349 372 2409 383 -
2448 340 2867 399 EXEGETICA.
3616 348 3691 401 40

446 477 556 516 non
607 472 956 531 compresse,
1007 460 1103 516 sed
1161 462 1217 516 in
1287 462 1576 519 latitudine
1630 464 1783 519 vocis
1842 463 2011 520 Deum

2139 464 2274 519 ἱατά
2302 461 2590 534 συνέχειαν
2625 464 2724 535 μὲν
2747 459 2843 517 οῦν
2868 462 3103 534 εἴρηται,
3134 456 3223 516 οἷά
3250 463 3368 516 ὲστι
3392 458 3461 512 τὰ
3489 460 3586 514 τοῦ
3612 462 3700 515 vd-

447 553 665 625 hymnis
702 553 993 608 celebrare.
1042 551 1312 608 Continua
1362 554 1526 625 igitur
1548 556 1796 610 oratione
1819 556 2016 611 dicun-

450 654 540 699 tur
596 644 732 715 legis
775 653 829 699 et
868 642 1253 713 prophetarum
1283 644 1467 709 verba,
1503 659 1718 701 necnon
1774 646 2021 701 historia)

450 749 664 799 omnes,
699 749 823 790 cum
852 732 1003 789 Novo
1027 732 1416 801 Testamento;
1463 734 1640 791 fusius
1673 743 1855 791 autem
1887 735 2018 791 effe-

454 834 648 880 runtur
692 824 1044 895 psalmorum.
1075 823 1303 878 odarum
1342 832 1397 879 et
1443 828 1783 883 canticorum
1810 826 2012 891 verba;

454 926 616 987 atque
643 916 718 970 ita
751 925 998 971 servatur
1026 914 1181 981 illud,
1208 924 1266 970 ut
1298 914 1546 971 homines
1575 916 1707 971 totis
1736 916 1944 971 viribus
1967 926 2021 972 et

454 1017 565 1063 tota
591 1008 787 1063 virtute
807 1006 977 1062 Deum
997 1007 1240 1078 diligant.
1271 1007 1540 1073 Secundo,
1563 1009 2022 1078 quemadmodum

454 1098 762 1164 harmonia,
790 1098 952 1152 tibias
974 1105 1097 1167 apte
1120 1111 1474 1166 componens,
1496 1112 1663 1151 unum
1696 1108 2023 1153 concentum

455 1190 634 1256 efﬁcit,
666 1191 739 1245 ita
761 1205 884 1245 cum
914 1191 970 1243 in
996 1189 1172 1243 anima
1190 1189 1325 1242 varii
1356 1189 1463 1244 sint
1482 1197 1660 1245 motus
1686 1191 1920 1260 insitque
1941 1189 2024 1246 vis

456 1282 762 1352 COgitandi,
820 1280 1265 1350 concupiscendi,
1321 1281 1625 1347 irascendi,
1674 1296 1741 1336 ex
1791 1298 2023 1352 quarum

456 1375 693 1429 motione
746 1373 1115 1428 membrorum
1168 1373 1416 1442 corporis
1470 1373 1712 1441 operatio
1759 1374 2021 1441 exoritur,

456 1466 596 1521 ratio
625 1464 862 1535 postulat
902 1465 1177 1519 hominem
1218 1478 1405 1519 secum
1440 1479 1549 1518 non
1576 1464 1885 1530 dissentire,
1926 1482 2026 1527 nec

460 1573 491 1612 a
526 1556 818 1625 semetipso
863 1555 1126 1610 dissidere
1173 1573 1186 1608 :
1223 1554 1296 1609 ita
1335 1564 1396 1609 ut
1443 1554 1646 1623 optima
1672 1557 1892 1625 quidem
1929 1573 2026 1613 co-

461 1642 611 1712 gitet,
639 1641 877 1714 pessima
905 1655 1035 1695 vero
1060 1639 1245 1707 faciat,
1276 1649 1338 1695 ut
1363 1639 1595 1707 Pilatus,
1623 1642 1716 1711 qui
1738 1643 1873 1697 dixit
1898 1642 2025 1712 qui-

459 1734 581 1787 dem
617 1750 631 1786 :
666 1730 891 1785 Nullam
935 1747 1151 1785 causam
1197 1736 1383 1789 mortis
1434 1732 1637 1787 inuenio
1694 1733 1749 1786 in
1802 1732 1897 1787 illo
1945 1734 2023 1801 “;

2123 575 2223 628 μου
2256 558 2350 610 καὶ
2377 556 2487 610 τῶν
2512 555 2830 628 προφητῶν,
2858 555 2951 607 καὶ
2979 554 3049 607 τὰ
3098 553 3455 624 ἱστορούμενα
3491 553 3697 618 πάντα,

2123 645 2264 716 μετὰ
2293 645 2395 715 τῆς
2420 645 2634 715 Καινῆς
2691 643 2968 715 Διαθήκης
2990 657 3003 671 ·
3035 640 3179 698 κατά
3219 640 3420 705 πλάτος
3453 642 3511 697 δὲ
3544 641 3702 710 λέγε-

2121 754 2234 800 ται,
2263 730 2351 791 οἷά
2367 737 2483 789 ἐστι
2505 735 2577 788 τὰ
2599 734 2706 788 τῶν
2732 733 2963 805 ψαλμῶν
3000 732 3094 787 καὶ
3128 731 3280 803 ᾠδῶν
3305 731 3402 785 καὶ
3434 730 3700 802 ᾀσμάτων

2122 829 2343 900 ῥήματα
2360 845 2373 857 ·
2401 828 2495 882 καὶ
2521 826 2691 892 οὕτως
2717 826 2826 897 γὰρ
2862 826 3164 897 σωθήσεται
3178 825 3240 878 τὸ
3268 822 3326 889 ἐξ
3355 823 3484 894 ὅλης
3513 822 3700 893 ἰσχύος

2121 921 2523 992 καὶδυνάμεως
2573 921 2795 992 ἀγαπᾷν
2837 918 2931 974 τὸν
2984 919 3118 973 Θεὸν
3170 918 3296 981 τοὺς
3349 916 3697 988 ἀνθρώπους.

2121 1013 2381 1085 Δεύτερον
2411 1012 2489 1078 δὲ,
2525 1013 2627 1076 ὅτι,
2662 1012 2851 1083 ὥσπερ
2879 1010 3113 1083 ἁρμονία
3135 1010 3262 1073 τοὺς
3286 1008 3480 1072 αὐλοὺς
3510 1021 3701 1061 συντι-

2123 1103 2278 1157 θεῖσα
2321 1102 2450 1174 μίαν
2490 1101 2589 1174 τὴν
2619 1100 2937 1172 συμφωνίαν
2967 1099 3238 1163 ἀποτελεῖ,
3286 1098 3480 1162 οὕτως,
3510 1096 3701 1168 ἐπειδὴ

2124 1194 2216 1248 καὶ
2246 1195 2304 1248 ὲν
2330 1195 2396 1264 τῇ
2411 1192 2555 1265 ψυχῇ
2576 1192 2808 1263 διάφορα
2829 1192 3106 1262 κινήματα
3130 1189 3402 1259 φαίνεται,
3432 1188 3526 1242 καὶ
3548 1187 3701 1240 ἐστιν

2123 1286 2183 1339 ὲν
2215 1285 2352 1356 αὐτῇ
2385 1284 2445 1337 τὸ
2472 1274 2803 1353 λογίζεσθαι,
2837 1282 2930 1336 καὶ
2956 1281 3015 1335 τὸ
3040 1281 3346 1352 ἐπιθυμεῖν,
3387 1280 3482 1334 καὶ
3509 1278 3571 1332 τὸ
3603 1278 3701 1331 θυ-

2128 1375 2356 1447 μοειδὲς,
2385 1374 2450 1428 ἐκ
2469 1374 2525 1427 δὲ
2550 1375 2646 1445 τῆς
2671 1373 2874 1427 τούτων
2899 1374 3163 1443 κινήσεως
3192 1372 3285 1424 καὶ
3309 1374 3342 1441 ή
3372 1370 3480 1425 τῶν
3521 1369 3702 1444 μελῶν

2124 1465 2330 1535 γίνεται
2353 1464 2448 1518 τοῦ
2486 1463 2734 1536 σώματος
2765 1464 3035 1535 ἐνέργεια,
3073 1462 3320 1534 βούλεται
3351 1463 3380 1515 ό
3404 1462 3562 1531 λόγος
3621 1461 3701 1532 μὴ

2125 1556 2448 1628 ἀσύμφωνον
2476 1551 2613 1613 εἶναι
2632 1556 2724 1611 τὸν
2769 1557 3053 1627 ἄνθρωπον
3084 1555 3283 1626 ἑαυτῷ,
3321 1555 3456 1626 μηδὲ
3494 1554 3703 1607 διίστα-

2128 1648 2249 1705 σθαι
2283 1647 2419 1719 πρὸς
2453 1647 2643 1702 ἑαυτόν
2662 1663 2676 1677 ·
2711 1646 2852 1700 ὥστε
2873 1646 3179 1716 λογίζεσθαι
3212 1646 3309 1717 μὲν
3334 1645 3402 1698 τὰ
3424 1644 3697 1715 βέλτιστα,

2129 1740 2385 1810 πράττειν
2412 1738 2471 1793 δὲ
2498 1737 2576 1809 τῷ
2598 1737 2756 1809 θυμῷ
2776 1736 2844 1790 τὰ
2875 1736 3073 1807 φαῦλα,
3105 1736 3179 1801 ὡς
3215 1739 3243 1790 ὁ
3267 1736 3496 1798 Πιλᾶτος
3522 1734 3700 1803 λέγων

461 1832 698 1878 attamen
742 1838 865 1878 cum
910 1820 1219 1878 Iudaeorum
1270 1824 1539 1881 sententia
1593 1825 1891 1881 convenit:
1937 1833 2029 1879 aut

2139 1830 2231 1901 μέν
2250 1846 2264 1860 ο
2296 1828 2593 1898 Οὐδεμίαν
2616 1829 2816 1887 αἰτίαν
2837 1830 3096 1897 εὑρίσκω
3114 1831 3199 1895 εὶς
3227 1828 3412 1881 αὐτόν
3427 1842 3442 1859 ⁸
3476 1826 3705 1897 συντρέ-

461 1931 625 1986 prava
670 1916 1042 1986 concupiscat,
1092 1930 1202 1972 non
1239 1916 1413 1985 possit
1453 1924 1631 1971 autem
1686 1924 2025 1987 perpetrare,

462 2018 521 2063 ut
546 2023 700 2064 senes
736 2008 790 2061 in
827 2006 1133 2063 Susannam
1161 2025 1174 2061 :
1207 2015 1303 2061 aut
1344 2022 1561 2063 rursum
1599 2023 1629 2061 a
1670 2007 2029 2064 fornicatione

464 2100 737 2154 abstineat
789 2099 1033 2169 quidem,
1087 2099 1186 2154 sed
1234 2097 1474 2166 furetur;
1524 2106 1620 2153 aut
1660 2114 1767 2154 non
1820 2098 2030 2154 furetur

463 2191 707 2261 quidem,
755 2191 851 2247 sed
882 2191 1123 2259 occidat;
1167 2199 1262 2246 aut
1310 2205 1417 2245 non
1469 2190 1698 2259 occidat,
1750 2192 1845 2248 sed
1883 2192 2030 2249 blas-

465 2284 700 2351 phemet.

536 2374 624 2429 28.
669 2373 748 2430 Ne
793 2375 977 2445 itaque
1013 2376 1199 2446 aliqua
1242 2376 1556 2447 hujusmodi
1607 2377 1946 2447 perturbatio
1974 2376 2032 2431 in

466 2467 623 2520 nobis
657 2467 750 2533 sit,
799 2466 939 2521 ratio
986 2466 1245 2536 postulat,
1296 2476 1356 2523 ut
1403 2467 1607 2534 anima,
1659 2484 1800 2537 quae,
1849 2477 1912 2522 ut
1958 2468 2034 2523 ait

466 2554 755 2626 Apostolus
790 2557 872 2624 ”,
913 2556 1118 2613 Christi
1153 2567 1391 2613 mentem
1437 2558 1619 2623 habet,
1659 2575 1721 2614 ea
1748 2560 1887 2615 duce
1912 2567 2032 2615 uta-

468 2655 575 2706 tur,
631 2655 794 2716 atque
838 2660 931 2716 per
986 2647 1132 2700 illam
1181 2647 1347 2701 animi
1394 2646 1619 2702 allectus
1662 2648 1932 2714 c‘ohibeat,
1981 2658 2035 2704 et

467 2737 713 2806 corporis
747 2736 1005 2791 membris
1032 2737 1295 2806 imperet,
1334 2752 1444 2807 quo
1491 2737 1695 2792 rationi
1733 2738 2035 2808 obsequan-

470 2838 589 2892 tur;
626 2828 855 2883 utsicut
891 2829 946 2882 in
981 2829 1269 2884 harmonia
1301 2829 1585 2898 plectrum,
1619 2831 1693 2885 ita
1720 2831 1837 2900 ipse
1870 2833 2034 2887 homo

470 2920 626 2989 quasi
659 2918 971 2990 psalterium
1000 2918 1244 2986 eﬂ‘ectus,
1279 2929 1333 2975 et
1367 2922 1582 2992 spiritui
1612 2922 1835 2977 omnino
1859 2922 2036 2977 inten-

472 3019 580 3076 tus,
626 3010 880 3065 omnibus
930 3010 1191 3067 membris
1250 3012 1600 3083 motibusque
1654 3013 1771 3069 suis
1818 3013 2037 3068 obediat

472 3098 837 3170 inserviatque
878 3098 976 3155 Dei
1022 3101 1312 3156 voluntati.
1355 3100 1667 3157 Istiusmodi
1710 3111 1891 3157 autem
1932 3104 2037 3158 im-

471 3167 765 3262 perturbati
804 3201 858 3247 et
882 3192 1052 3247 sedati
1078 3192 1247 3246 animi
1280 3193 1459 3263 imago
1492 3205 1759 3263 typusque
1795 3204 1878 3249 est
1909 3195 2035 3249 har-
2062 3167 2107 3230 Ο

472 3281 689 3337 monica
736 3282 827 3337 illa
894 3280 1236 3337 Psalmorum
1313 3282 1495 3336 lectio.
1568 3281 2037 3348 Quemadmodum

472 3374 617 3428 enim
662 3374 859 3441 verbis,
917 3389 1038 3442 quae
1083 3370 1431 3441 proferimus,
1483 3371 1653 3426 animi
1685 3373 2038 3443 cogitationes

473 3464 756 3534 prodimus
785 3474 946 3533 atque
971 3464 1270 3519 indicamus
1300 3480 1314 3517 :
1350 3465 1431 3519 sic
1462 3477 1588 3517 eum
1619 3464 1954 3534 spiritualem
1982 3466 2040 3521 in

474 3556 656 3610 anima
699 3555 1039 3609 harmoniam
1068 3593 1083 3619 ,
1112 3554 1400 3609 verborum
1445 3554 1833 3624 modulatione,
1881 3557 2039 3626 quasi

476 3647 722 3717 symbolo
770 3644 1065 3715 signiﬁcari
1113 3645 1246 3699 velit
1276 3645 1562 3711 Dominus,
1609 3646 1774 3716 jussit
1829 3656 1889 3702 ut
1914 3663 2039 3703 cum

475 3739 845 3794 modulatione
888 3738 1231 3808 psalleretur,
1277 3747 1439 3808 atque
1488 3738 1683 3808 psalmi
1727 3754 1850 3794 eum
1879 3747 2041 3795 cantu

475 3831 857 3886 recitarentur.
904 3828 974 3884 Et
1024 3830 1159 3885 illud
1205 3838 1290 3885 est
1336 3831 1532 3885 anima:
1580 3830 1933 3896 desiderium,
1982 3840 2043 3886 ut

477 3935 622 3977 recte
655 3921 845 3977 aﬂecta
890 3930 945 3976 et
986 3921 1288 3992 composita
1319 3921 1410 3987 sit,
1447 3932 1505 3976 ut
1547 3923 1805 3992 scriptum
1839 3931 1923 3978 est
1954 3920 2039 3977 ’δε

476 4010 715 4067 Laetatur
743 4012 861 4083 quis
899 4014 956 4065 in
994 4011 1187 4069 vobis?
1230 4012 1451 4082 psallat.
1499 4010 1615 4068 Hoc
1643 4013 1803 4068 modo
1833 4013 1880 4068 si
1912 4012 2043 4083 quid

477 4105 532 4159 in
558 4120 621 4159 ea
678 4103 1067 4171 turbulentum,
1106 4118 1359 4174 asperum
1395 4112 1448 4157 et
1486 4102 1905 4172 incompositum
1939 4116 2041 4170 est,

478 4195 781 4267 psalmodia
834 4196 1172 4265 mitigatur;
1230 4195 1442 4249 tristitia
1485 4210 1615 4250 vero
1658 4196 1864 4251 levatur
1896 4197 2043 4266 psal-

478 4285 713 4341 lentibus
738 4285 895 4339 nobis
920 4303 933 4338 :
957 4286 1133 4350 Quare
1158 4286 1324 4339 tristis
1346 4302 1421 4351 es,
1453 4286 1633 4339 anima
1660 4301 1795 4350 mea,
1818 4294 1866 4339 et
1886 4301 2046 4354 quare

481 4374 762 4431 conturbas
782 4390 860 4428 me
887 4374 932 4405 “
957 4374 981 4428 ἲ
1022 4360 1281 4428 Errorem
1317 4388 1445 4429 vero
1474 4389 1635 4429 suum
1666 4383 1923 4444 agnoscet
1960 4373 2046 4427 di-

480 4467 691 4521 cendo:
731 4466 837 4521 Mei
874 4475 1050 4519 autem
1080 4481 1206 4535 pene
1231 4466 1360 4519 moti
1400 4475 1520 4519 sunt
1557 4466 1709 4536 pedes
1752 4466 1818 4519 ".
1846 4464 2043 4520 Melum

481 4566 661 4612 autem
690 4573 786 4627 spe
822 4557 1167 4612 conﬁrmabit
1211 4558 1397 4613 dicens
1427 4576 1440 4612 :
1484 4557 1738 4615 Dominus
1780 4558 1908 4612 mihi
1942 4559 2042 4612 ad-

482 4647 642 4712 iutor,
675 4657 724 4701 et
750 4663 856 4702 non
894 4646 1082 4702 timebo
1102 4647 1227 4719 quid
1249 4647 1413 4717 faciat
1441 4648 1568 4702 mihi
1593 4649 1745 4703 homo
1774 4649 1841 4704 ³⁷.
1886 4696 1901 4716 ,

552 4935 643 4991 29.
700 4933 804 5001 Qui
834 4931 999 5004 igitur
1029 4932 1132 4987 hoc
1157 4932 1319 4987 modo
1350 4932 1533 4987 divina
1561 4933 1771 4989 cantica
1815 4948 1925 4989 non
1970 4935 2049 4991 le-

485 5035 638 5095 gunt,
678 5040 786 5080 non
832 5025 1124 5095 prudenter
1165 5024 1423 5094 psallunt,
1468 5026 1562 5080 sed
1599 5041 1721 5081 sese
1752 5028 2044 5097 oblectant,

485 5118 737 5189 culpandi
788 5131 941 5180 sane,
995 5117 1121 5187 quia
1157 5115 1278 5171 Non
1315 5126 1391 5171 est
1424 5119 1658 5187 speciosa
1709 5124 1828 5173 laus
1873 5125 1930 5175 in
1959 5139 2047 5179 ore

483 5210 773 5279 peccatoris
817 5209 882 5263 ³⁸.
932 5208 1036 5274 Qui
1068 5218 1245 5263 autem
1282 5210 1539 5280 praedicto
1596 5211 1759 5267 modo
1788 5214 2048 5283 psallunt,

486 5306 559 5358 ita
603 5312 660 5358 ut
684 5303 975 5357 verborum
1015 5301 1314 5357 modulatio
1367 5318 1433 5356 ex
1471 5303 1667 5358 animae
1718 5308 1956 5363 numeris
1995 5319 2050 5365 et

485 5412 553 5451 ex
582 5397 939 5452 consonantia
979 5410 1103 5450 eum
1137 5395 1331 5464 spiritu
1376 5394 1707 5464 proferatur,
1761 5400 1817 5453 hi
1863 5401 2047 5472 lingua

487 5485 707 5557 quidem
751 5485 1009 5555 psallunt,
1055 5486 1347 5556 psallentes
1387 5493 1567 5541 autem
1597 5494 1651 5541 et
1695 5500 1893 5555 mente,
1936 5510 2046 5553 non

2128 1938 2237 1992 χων
2258 1920 2316 1974 δὲ
2342 1923 2407 1992 τῇ
2441 1918 2635 1993 γνώμῃ
2674 1919 2782 1977 τῶν
2825 1920 3094 1977 Ἰουδαίων
3121 1937 3133 1949 ·
3183 1920 3217 1989 ἢ
3272 1918 3559 1991 ἐπιθυμεῖν
3597 1920 3700 1989 μὲν

2126 2010 2196 2064 τὰ
2223 2010 2422 2081 φαῦλα,
2483 2010 2559 2082 μὴ
2610 2009 2870 2065 δύνασθαι
2912 2010 2969 2062 δὲ
3012 2010 3307 2081 πράττειν,
3356 2009 3431 2073 ὼς
3468 2009 3518 2060 οἱ
3556 2008 3702 2063 κατὰ

2128 2103 2433 2174 Σουσάννης
2484 2101 2933 2174 πρεσϐύτερον-ἤ
2968 2100 3128 2155 πάλιν
3157 2101 3231 2172 μὴ
3264 2099 3535 2171 μοιχεύειν
3578 2100 3699 2171 μὲν,

2129 2195 2382 2249 κλέπτειν
2418 2194 2474 2247 δέ
2494 2211 2508 2226 ο
2537 2194 2571 2265 ἢ
2599 2193 2674 2267 μὴ
2703 2194 2956 2248 κλέπτειν
2998 2194 3116 2264 μὲν,
3150 2192 3394 2262 φονεύειν
3434 2192 3491 2245 δέ
3510 2208 3525 2224 ’
3556 2191 3590 2262 ἢ
3625 2193 3703 2264 μὴ

2131 2285 2376 2357 φονεύειν
2400 2286 2518 2357 μὲν,
2546 2284 2885 2358 βλασφημεῖν
2910 2283 2987 2337 δέ.

2200 2385 2305 2450 κη’.
2330 2380 2425 2432 Ἵν’
2450 2373 2542 2434 οὖν
2577 2377 2651 2449 μὴ
2673 2376 2895 2448 τοιαύτη
2935 2393 3018 2440 τις
3049 2376 3107 2430 ὲν
3143 2378 3277 2447 ήμῖν
3307 2374 3517 2446 ταραχὴ
3552 2374 3708 2446 γίνη-

2130 2489 2240 2536 ται,
2273 2471 2414 2525 θέλει
2444 2470 2543 2541 τὴν
2567 2469 2744 2541 ψυχὴν
2766 2472 2794 2523 ό
2820 2468 2976 2538 λόγος
3008 2468 3237 2540 ἔχουσαν
3284 2468 3519 2539 Χριστοῦ
3555 2468 3701 2532 νοῦν,

2130 2563 2205 2627 ὡς
2227 2559 2377 2617 εἶπεν
2409 2566 2437 2617 ό
2478 2562 3004 2632 ’Δπόστολος,τούτῳ
3028 2561 3359 2632 καθηγεμόνι
3380 2560 3705 2632 χρήσασθαι,

2135 2654 2230 2709 καὶ
2258 2657 2315 2707 ὲν
2344 2654 2519 2725 τούτῳ
2566 2653 2673 2708 τῶν
2698 2653 2796 2724 μὲν
2826 2655 2883 2706 ὲν
2914 2653 3050 2723 αὐτῇ
3103 2652 3418 2723 παθητικῶν
3464 2654 3706 2723 κρατεῖν,

2133 2746 2241 2800 τῶν
2266 2745 2323 2799 δὲ
2352 2743 2718 2814 τοῦκσώματος
2749 2744 2925 2815 μελῶν
2953 2744 3162 2815 ἄρχειν,
3187 2745 3268 2808 είς
3313 2744 3374 2797 τὸ
3413 2742 3709 2796 ὑπακούειν

2131 2837 2211 2908 τῷ
2231 2837 2393 2907 λόγῳ·
2430 2836 2536 2903 ἵνα,
2565 2837 2640 2901 ὡς
2668 2838 2725 2890 ὲν
2748 2836 2981 2908 ἁρμονίᾳ
3005 2836 3066 2888 τὸ
3088 2835 3381 2907 πλῆκτρον,
3411 2835 3583 2898 οὕτως
3613 2837 3711 2889 αύ-

2132 2926 2225 2990 τὸς
2260 2927 2290 2979 ό
2320 2925 2602 2997 ἄνθρωπος
2626 2925 2922 2998 ψαλτήριον
2950 2927 3257 2997 γενόμενος,
3314 2926 3407 2980 καὶ
3443 2925 3518 2996 τῷ
3548 2925 3711 2978 πνεύ-

2140 3037 2269 3090 ματι
2313 3020 2593 3091 προσέχων
2640 3019 2967 3090 ὁλοκλήρως,
3024 3020 3118 3074 καὶ
3175 3021 3309 3077 πᾶσι
3368 3022 3479 3081 τοῖς
3526 3018 3711 3089 μέλεσι

2138 3114 2235 3167 καὶ
2268 3115 2380 3176 τοῖς
2412 3114 2705 3184 κινήμασιν
2744 3112 3015 3184 ὑπακούῃ,
3042 3112 3137 3166 καὶ
3168 3111 3394 3184 δουλεύῃ
3419 3110 3497 3180 τῷ
3520 3110 3713 3182 βουλή-

2142 3223 2268 3277 ματι
2313 3205 2406 3259 τοῦ
2433 3204 2587 3258 Θεοῦ,
2615 3204 2726 3275 Τῆς
2746 3204 2803 3257 δὲ
2829 3204 3083 3273 τοιαύτης
3126 3203 3231 3255 τῶν
3286 3203 3557 3272 λογισμῶν
3581 3204 3714 3257 ἀτα-

2142 3295 2329 3368 ραξίας
2354 3296 2447 3348 καὶ
2465 3294 2735 3366 ἀκύμονος
2759 3296 3142 3357 καταστάσεως
3176 3293 3360 3348 ἐἰκὼν
3399 3294 3492 3348 καὶ
3541 3293 3715 3357 τύπος

2137 3387 2339 3457 ὲστὶνή
2368 3386 2474 3441 τῶν
2524 3384 2770 3456 Ψαλμῶν
2825 3384 3068 3456 ἐμμελὴς
3119 3384 3443 3452 ἀνάγνωσις.
3505 3384 3716 3454 Ὥσπερ

2138 3480 2251 3551 γὰρ
2279 3480 2348 3532 τὰ
2374 3478 2473 3549 τῆς
2500 3477 2679 3547 ψυχῆς
2706 3478 2952 3549 νοήματα
2984 3476 3321 3548 γνωρίζομεν
3340 3477 3434 3529 καὶ
3457 3475 3718 3546 σημαίνο-

2143 3586 2241 3641 μεν
2274 3569 2340 3622 δι’
2364 3562 2437 3625 ὧν
2472 3569 2818 3640 προφέρομεν
2858 3569 3052 3637 λόγων,
3099 3567 3290 3631 οὕτως,
3324 3567 3423 3637 τῆς
3469 3582 3717 3636 πνευμα-

2138 3663 2293 3733 τικῆς
2317 3662 2374 3715 ἐν
2393 3660 2537 3731 ψυχῇ
2567 3661 2831 3731 ἁρμονίας
2861 3660 2958 3731 τὴν
2979 3662 3044 3714 ὲκ
3069 3659 3177 3713 τῶν
3221 3658 3393 3727 λόγων
3449 3655 3718 3728 μελῳδίαν

2142 3752 2407 3823 σύμὸολον
2430 3748 2565 3806 εἶναι
2596 3751 2763 3807 θέλων
2784 3753 2812 3805 ό
2837 3752 3063 3824 Κύριος,
3113 3750 3425 3804 τετύπωκεν
3464 3749 3717 3819 ἐμμελῶς

2140 3843 2236 3905 τὰς
2262 3843 2403 3915 ᾠδὰς
2444 3843 2761 3912 ψάλλεσθαι,
2813 3844 2909 3897 καὶ
2958 3844 3085 3907 τοὺς
3129 3842 3376 3913 ψαλμοὺς
3432 3843 3547 3911 μετ’
3573 3840 3718 3910 ᾠδῆς

2141 3933 2629 4003 ἀναγινώσκεσθαι.
2690 3936 2799 3989 Καὶ
2848 3934 2992 3988 τοῦτ’
3043 3934 3191 3988 ἐστιν
3241 3936 3274 4004 ὴ
3314 3931 3578 4003 ἐπιθυμία
3602 3930 3717 4003 (10)

2140 4026 2241 4098 τῆς
2260 4025 2457 4096 ψυχῆς,
2484 4027 2545 4079 τὸ
2574 4025 2754 4089 καλῶς
2809 4025 2980 4097 αὐτὴν
3041 4025 3365 4090 διακεῖσθαι,
3407 4024 3483 4088 ὼς
3514 4024 3721 4095 γέγρα-

2145 4135 2294 4172 πται·
2320 4117 2582 4187 Εὐθυμεῐ
2603 4134 2694 4184 τις
2727 4118 2795 4171 ἐν
2845 4118 2989 4188 ὑμῖν
3008 4133 3028 4182 ;
3082 4116 3387 4186 ψαλλέτω.
3416 4115 3601 4178 Οὕτως
3660 4118 3722 4168 τὸ

2147 4210 2245 4281 μὲν
2275 4211 2331 4263 ὲν
2355 4211 2493 4281 αὐτῇ
2544 4210 2856 4280 ταραχῶδες
2884 4212 2977 4263 καὶ
3006 4210 3179 4282 τραχὺ
3217 4210 3313 4263 καὶ
3375 4210 3608 4265 ἄτακτον
3636 4210 3723 4275 ἐξ-

2143 4300 2481 4370 ομαλίζεταυ
2529 4299 2591 4353 τὸ
2642 4301 2699 4353 δὲ
2725 4300 2924 4354 λυποῦν
2971 4298 3356 4372 θεραπεύεται,
3407 4298 3721 4369 ψαλλόντων

2145 4391 2321 4461 ήμῶνσ
2351 4391 2485 4445 Ἵνα
2514 4391 2571 4445 τί
2589 4392 2918 4459 περίλυπος
2939 4388 3011 4457 εἷ,
3040 4392 3079 4458 ’ἠ
3115 4390 3284 4461 ψυχή
3306 4408 3445 4460 μου,
3491 4392 3589 4444 καὶ
3620 4392 3724 4443 ἵνα

2075 4518 2120 4572 D
2148 4483 2203 4536 τί
2234 4482 2680 4572 συνταράσσεις
2707 4500 2819 4553 ys;
2849 4485 2958 4539 Καὶ
3000 4483 3060 4537 τὸ
3107 4483 3205 4555 μὲν
3238 4482 3568 4553 ἐσφαλμένον
3597 4484 3722 4535 ὲπι-

2150 4571 2413 4641 γνώσεται
2455 4573 2702 4641 λέγουσα·
2746 4574 2924 4644 Ἐμοῦ
2951 4572 3019 4626 δὲ
3045 4574 3203 4642 παρὰ
3228 4573 3448 4643 μικρὸν
3469 4573 3725 4627 ἐσαλεύ-

2152 4664 2349 4730 θησαν
2372 4664 2427 4717 ol
2450 4661 2650 4728 πόδεςο
2686 4663 2746 4716 τὸ
2775 4663 2832 4716 δὲ
2860 4663 3097 4734 φοϐηθὲν
3129 4662 3427 4735 ὲπιρῤὡσει
3455 4664 3522 4734 τῇ
3547 4662 3721 4715 ἐλπίδι

2154 4752 2212 4804 ὲν
2238 4750 2315 4821 τῷ
2341 4751 2535 4820 λέγειν·
2567 4752 2781 4821 Κύριος
2819 4753 2947 4822 ἐμοὶ
2970 4752 3218 4819 βοηθὸς,
3251 4751 3350 4805 καὶ
3376 4753 3448 4806 οὐ
3472 4752 3726 4822 φοϐηθή-

2154 4856 2334 4911 σομαι
2357 4842 2413 4894 τί
2439 4841 2679 4909 ποιήσει
2706 4861 2808 4913 μοι
2839 4842 3166 4912 ἄνθρωπος.

2222 4945 2324 5000 κθ’.
2361 4947 2424 4999 Οἱ
2460 4947 2558 5019 μὲν
2601 4944 2693 5004 οῦν
2733 4950 2807 5021 μὴ
2837 4949 3025 5005 τοῦτον
3068 4950 3158 5004 τὸν
3198 4950 3399 5022 τρόπον
3456 4949 3726 5019 ἀναγινώ-

2155 5051 2373 5098 σκοντες
2404 5036 2505 5100 τὰς
2539 5036 2688 5101 θείας
2711 5038 2851 5109 ᾠδὰς
2879 5039 2938 5091 οὐ
2996 5038 3227 5104 συνετῶς
3260 5039 3572 5109 ψάλλουσιν,
3608 5038 3725 5092 ἀλλ’

2154 5127 2381 5191 ἑαυτοὺς
2410 5130 2508 5199 μὲν
2538 5130 2851 5202 τέρπουσιν,
2882 5131 3064 5201 έχουσι
3087 5132 3144 5185 δὲ
3202 5133 3430 5203 μέμψιν,
3489 5133 3571 5185 ὅτι
3596 5130 3725 5199 Οὐχ

2152 5216 2363 5287 ὡραῖος
2391 5216 2559 5286 αἶνος
2584 5221 2654 5274 ἐν
2705 5222 2953 5291 στόματι
3002 5221 3371 5291 ἀμαρτωλοῦ·
3419 5223 3469 5275 οἱ
3498 5221 3555 5275 δὲ
3583 5221 3727 5275 κατά

2152 5305 2244 5359 τὸν
2270 5310 2662 5380 προειρημένον
2690 5311 2886 5382 τρόπον
2909 5311 3219 5380 ψάλλοντες,
3250 5310 3388 5366 ὥστε
3409 5311 3507 5382 τὴν
3549 5309 3726 5381 μελῳ-

2152 5396 2271 5451 δίαν
2289 5397 2397 5454 τῶν
2427 5400 2685 5472 ῥημάτων
2716 5405 2781 5456 ὲκ
2809 5402 2902 5456 τοῦ
2937 5403 3143 5474 ῥυθμοῦ
3164 5404 3264 5474 τῆς
3292 5403 3471 5474 ψυχῆς
3505 5402 3601 5456 καὶ
3627 5404 3733 5472 τῆς

2153 5489 2290 5558 πρὸς
2314 5490 2376 5543 τὸ
2404 5492 2620 5563 πνεῦμα
2639 5494 2955 5565 συμφωνίας
2978 5492 3402 5567 προσφέρεσθαι,
3431 5492 3481 5546 οἱ
3500 5489 3731 5545 τοιοῦτοι

553 5575 1039 5672 ’ξδ’-ξοξξοωξᾝιο
1079 5575 1335 5672 ὅθι-ρξ’]
1370 5575 1575 5672 ςρτοηιι
1597 5619 1611 5646 ν
1644 5578 1730 5633 16-
1810 5583 1856 5615 ’⁸
1887 5584 2004 5648 Jac.
2034 5608 2083 5663 ν,
2114 5595 2201 5651 l3.
2281 5599 2327 5630 ”
2349 5597 2494 5658 Psal.
2536 5617 2645 5670 xu,
2678 5602 2730 5672 6,
2768 5602 2859 5670 l2;
2892 5618 3025 5671 ml,
3071 5604 3124 5659 5.
3200 5604 3246 5637 ²⁶
3268 5600 3412 5658 Psal.
3448 5611 3599 5654 Lxxu
3672 5597 3733 5653 2.

490 5650 532 5681 ³⁷
572 5646 718 5704 Psal.
746 5663 890 5703 cxvii
912 5687 927 5711 ,
953 5647 1005 5701 6.
1112 5648 1156 5679 ³⁵
1179 5644 1344 5701 Eccli.
1374 5664 1462 5714 xv,
1498 5647 1551 5703 9.

560 5740 673 5809 (l0)
709 5740 975 5811 Εὐθυμια,
1002 5739 1278 5810 gaudium.
