  <div class='ocr_page' id='page_1' title='image "/cluster/home/n/w/nwhite01/storage/ocr_20150623/27/nnc1.0046978631/028.png"; bbox 0 0 3874 6218; ppageno 0'>
   <div class='ocr_carea' id='block_1_1' title="bbox 192 319 3411 381">
    <p class='ocr_par' dir='ltr' id='par_1_1' title="bbox 192 319 3411 381">
     <span class='ocr_line' id='line_1_1' title="bbox 192 319 3411 381; baseline -0.004 0"><span class='ocrx_word' id='word_1_1' title='bbox 192 327 249 381; x_wconf 69' lang='grc' dir='ltr'><strong>ιι</strong></span> <span class='ocrx_word' id='word_1_2' title='bbox 1280 322 1615 377; x_wconf 79' lang='lat' dir='ltr'><strong>EPISTOLA</strong></span> <span class='ocrx_word' id='word_1_3' title='bbox 1656 321 1745 375; x_wconf 83' lang='lat' dir='ltr'><strong>AD</strong></span> <span class='ocrx_word' id='word_1_4' title='bbox 1782 319 2299 377; x_wconf 77' lang='lat' dir='ltr'><strong>MARCELLINUM.</strong></span> <span class='ocrx_word' id='word_1_5' title='bbox 3340 322 3411 378; x_wconf 68' lang='grc'><strong>42</strong></span> 
     </span>
    </p>
   </div>
   <div class='ocr_carea' id='block_1_2' title="bbox 191 434 1752 512">
    <p class='ocr_par' dir='ltr' id='par_1_2' title="bbox 191 437 1731 512">
     <span class='ocr_line' id='line_1_2' title="bbox 191 437 1731 512; baseline -0.005 -16"><span class='ocrx_word' id='word_1_6' title='bbox 191 440 433 512; x_wconf 75' lang='grc' dir='ltr'><strong>ψάλλουσι</strong></span> <span class='ocrx_word' id='word_1_7' title='bbox 473 440 565 509; x_wconf 79' lang='grc' dir='ltr'><strong>μὲν</strong></span> <span class='ocrx_word' id='word_1_8' title='bbox 595 441 659 511; x_wconf 79' lang='grc' dir='ltr'>τῇ</span> <span class='ocrx_word' id='word_1_9' title='bbox 690 437 927 509; x_wconf 81' lang='grc' dir='ltr'>γλώσσῃ,</span> <span class='ocrx_word' id='word_1_10' title='bbox 960 437 1249 507; x_wconf 69' lang='grc' dir='ltr'>ψάλλοντες</span> <span class='ocrx_word' id='word_1_11' title='bbox 1273 438 1329 491; x_wconf 66' lang='grc' dir='ltr'><strong>δὲ</strong></span> <span class='ocrx_word' id='word_1_12' title='bbox 1382 439 1474 490; x_wconf 75' lang='grc' dir='ltr'><strong>καὶ</strong></span> <span class='ocrx_word' id='word_1_13' title='bbox 1524 437 1603 508; x_wconf 80' lang='grc' dir='ltr'><strong>τῷ</strong></span> <span class='ocrx_word' id='word_1_14' title='bbox 1629 437 1731 501; x_wconf 78' lang='grc' dir='ltr'>νοῒ,</span> 
     </span>
    </p>
   </div>
   <div class='ocr_carea' id='block_1_3' title="bbox 1860 434 3413 512">
    <p class='ocr_par' dir='ltr' id='par_1_3' title="bbox 1860 434 3413 499">
     <span class='ocr_line' id='line_1_3' title="bbox 1860 434 3413 499; baseline 0.006 -14"><span class='ocrx_word' id='word_1_15' title='bbox 1860 436 1939 489; x_wconf 83' lang='lat' dir='ltr'><strong>.ibi</strong></span> <span class='ocrx_word' id='word_1_16' title='bbox 1979 435 2178 497; x_wconf 90' lang='lat' dir='ltr'><strong>solum,</strong></span> <span class='ocrx_word' id='word_1_17' title='bbox 2216 436 2307 489; x_wconf 90' lang='lat' dir='ltr'><strong>sed</strong></span> <span class='ocrx_word' id='word_1_18' title='bbox 2358 434 2522 490; x_wconf 88' lang='lat' dir='ltr'><strong>etiam</strong></span> <span class='ocrx_word' id='word_1_19' title='bbox 2576 434 2766 497; x_wconf 82' lang='lat' dir='ltr'><strong>audire</strong></span> <span class='ocrx_word' id='word_1_20' title='bbox 2800 451 2894 492; x_wconf 90' lang='lat' dir='ltr'><strong>eos</strong></span> <span class='ocrx_word' id='word_1_21' title='bbox 2932 434 3243 494; x_wconf 86' lang='lat' dir='ltr'><strong>volentibus</strong></span> <span class='ocrx_word' id='word_1_22' title='bbox 3293 456 3413 499; x_wconf 86' lang='lat' dir='ltr'><strong>ma-</strong></span> 
     </span>
    </p>
   </div>
   <div class='ocr_carea' id='block_1_4' title="bbox 191 530 1737 605">
    <p class='ocr_par' dir='ltr' id='par_1_4' title="bbox 191 530 1737 605">
     <span class='ocr_line' id='line_1_4' title="bbox 191 530 1737 605; baseline -0.003 -17"><span class='ocrx_word' id='word_1_23' title='bbox 191 536 247 589; x_wconf 87' lang='grc' dir='ltr'><strong>οὐ</strong></span> <span class='ocrx_word' id='word_1_24' title='bbox 282 535 429 605; x_wconf 86' lang='grc' dir='ltr'>μόνον</span> <span class='ocrx_word' id='word_1_25' title='bbox 465 535 704 597; x_wconf 78' lang='grc' dir='ltr'>ἑαυτοὺς,</span> <span class='ocrx_word' id='word_1_26' title='bbox 736 533 870 585; x_wconf 80' lang='grc' dir='ltr'>ἀλλὰ</span> <span class='ocrx_word' id='word_1_27' title='bbox 903 534 996 586; x_wconf 82' lang='grc' dir='ltr'><strong>καὶ</strong></span> <span class='ocrx_word' id='word_1_28' title='bbox 1053 532 1177 595; x_wconf 74' lang='grc' dir='ltr'>τοὺς</span> <span class='ocrx_word' id='word_1_29' title='bbox 1228 531 1476 594; x_wconf 80' lang='grc' dir='ltr'><strong>θέλοντας</strong></span> <span class='ocrx_word' id='word_1_30' title='bbox 1520 530 1737 584; x_wconf 86' lang='grc' dir='ltr'>ἀκούειν</span> 
     </span>
    </p>
   </div>
   <div class='ocr_carea' id='block_1_5' title="bbox 194 620 1737 693">
    <p class='ocr_par' dir='ltr' id='par_1_5' title="bbox 194 620 1737 693">
     <span class='ocr_line' id='line_1_5' title="bbox 194 620 1737 693; baseline -0.004 -14"><span class='ocrx_word' id='word_1_31' title='bbox 194 624 356 679; x_wconf 84' lang='grc' dir='ltr'>αὐτῶν</span> <span class='ocrx_word' id='word_1_32' title='bbox 392 622 633 693; x_wconf 83' lang='grc' dir='ltr'><strong>μεγάλως</strong></span> <span class='ocrx_word' id='word_1_33' title='bbox 655 621 972 689; x_wconf 76' lang='grc' dir='ltr'><strong>ὠφελοῦσιν.</strong></span> <span class='ocrx_word' id='word_1_34' title='bbox 1012 622 1070 674; x_wconf 82' lang='grc' dir='ltr'>Ὀ</span> <span class='ocrx_word' id='word_1_35' title='bbox 1098 620 1225 689; x_wconf 75' lang='grc' dir='ltr'>γοῦν</span> <span class='ocrx_word' id='word_1_36' title='bbox 1263 620 1526 690; x_wconf 87' lang='grc' dir='ltr'>μακάριος</span> <span class='ocrx_word' id='word_1_37' title='bbox 1556 620 1737 684; x_wconf 79' lang='grc' dir='ltr'>Δαϐιδ,</span> 
     </span>
    </p>
   </div>
   <div class='ocr_carea' id='block_1_6' title="bbox 194 711 1741 783">
    <p class='ocr_par' dir='ltr' id='par_1_6' title="bbox 194 711 1741 783">
     <span class='ocr_line' id='line_1_6' title="bbox 194 711 1741 783; baseline -0.003 -15"><span class='ocrx_word' id='word_1_38' title='bbox 194 714 348 777; x_wconf 71' lang='grc' dir='ltr'>οὕτως</span> <span class='ocrx_word' id='word_1_39' title='bbox 380 713 730 783; x_wconf 63' lang='grc' dir='ltr'>καταψάλλων</span> <span class='ocrx_word' id='word_1_40' title='bbox 760 712 853 764; x_wconf 76' lang='grc' dir='ltr'><strong>τοῦ</strong></span> <span class='ocrx_word' id='word_1_41' title='bbox 883 712 1073 775; x_wconf 78' lang='grc' dir='ltr'>Σαοὺλ,</span> <span class='ocrx_word' id='word_1_42' title='bbox 1120 711 1277 773; x_wconf 85' lang='grc' dir='ltr'>αὐτὸς</span> <span class='ocrx_word' id='word_1_43' title='bbox 1337 711 1620 782; x_wconf 82' lang='grc' dir='ltr'>εὐηρέστει</span> <span class='ocrx_word' id='word_1_44' title='bbox 1661 711 1741 782; x_wconf 81' lang='grc' dir='ltr'>τῷ</span> 
     </span>
    </p>
   </div>
   <div class='ocr_carea' id='block_1_7' title="bbox 194 801 1740 874">
    <p class='ocr_par' dir='ltr' id='par_1_7' title="bbox 194 801 1740 874">
     <span class='ocr_line' id='line_1_7' title="bbox 194 801 1740 874; baseline -0.001 -17"><span class='ocrx_word' id='word_1_45' title='bbox 194 804 317 874; x_wconf 79' lang='grc' dir='ltr'>Θεῷ,</span> <span class='ocrx_word' id='word_1_46' title='bbox 352 804 439 856; x_wconf 72' lang='grc' dir='ltr'><strong>καὶ</strong></span> <span class='ocrx_word' id='word_1_47' title='bbox 488 803 575 856; x_wconf 83' lang='grc' dir='ltr'><strong>τὸν</strong></span> <span class='ocrx_word' id='word_1_48' title='bbox 627 802 863 873; x_wconf 84' lang='grc' dir='ltr'>τάραχον</span> <span class='ocrx_word' id='word_1_49' title='bbox 916 802 1009 855; x_wconf 79' lang='grc' dir='ltr'><strong>καὶ</strong></span> <span class='ocrx_word' id='word_1_50' title='bbox 1062 802 1122 855; x_wconf 83' lang='grc' dir='ltr'>τὸ</span> <span class='ocrx_word' id='word_1_51' title='bbox 1177 801 1400 872; x_wconf 81' lang='grc' dir='ltr'>μανικὸν</span> <span class='ocrx_word' id='word_1_52' title='bbox 1445 802 1615 866; x_wconf 91' lang='grc' dir='ltr'>πάθος</span> <span class='ocrx_word' id='word_1_53' title='bbox 1646 802 1740 855; x_wconf 78' lang='grc' dir='ltr'>τοῦ</span> 
     </span>
    </p>
   </div>
   <div class='ocr_carea' id='block_1_8' title="bbox 194 892 1741 965">
    <p class='ocr_par' dir='ltr' id='par_1_8' title="bbox 194 892 1741 965">
     <span class='ocr_line' id='line_1_8' title="bbox 194 892 1741 965; baseline -0.001 -17"><span class='ocrx_word' id='word_1_54' title='bbox 194 895 351 949; x_wconf 84' lang='grc' dir='ltr'>Σαούλ</span> <span class='ocrx_word' id='word_1_55' title='bbox 396 893 690 965; x_wconf 84' lang='grc' dir='ltr'>ἀπήλαυνε,</span> <span class='ocrx_word' id='word_1_56' title='bbox 748 895 843 946; x_wconf 81' lang='grc' dir='ltr'>καὶ</span> <span class='ocrx_word' id='word_1_57' title='bbox 912 894 1173 964; x_wconf 77' lang='grc' dir='ltr'>γαληνιᾷν</span> <span class='ocrx_word' id='word_1_58' title='bbox 1208 892 1303 963; x_wconf 82' lang='grc' dir='ltr'>τὴν</span> <span class='ocrx_word' id='word_1_59' title='bbox 1354 893 1531 965; x_wconf 74' lang='grc' dir='ltr'>ψυχὴν</span> <span class='ocrx_word' id='word_1_60' title='bbox 1578 894 1741 947; x_wconf 77' lang='grc' dir='ltr'>αὐτοῦ</span> 
     </span>
    </p>
   </div>
   <div class='ocr_carea' id='block_1_9' title="bbox 194 986 1744 1059">
    <p class='ocr_par' dir='ltr' id='par_1_9' title="bbox 194 986 1744 1059">
     <span class='ocr_line' id='line_1_9' title="bbox 194 986 1744 1059; baseline 0.001 -19"><span class='ocrx_word' id='word_1_61' title='bbox 194 986 602 1059; x_wconf 74' lang='grc' dir='ltr'>παρεσκεύαζεν.</span> <span class='ocrx_word' id='word_1_62' title='bbox 632 986 815 1049; x_wconf 72' lang='grc' dir='ltr'>Οὕτως</span> <span class='ocrx_word' id='word_1_63' title='bbox 842 988 889 1039; x_wconf 84' lang='grc' dir='ltr'>οἱ</span> <span class='ocrx_word' id='word_1_64' title='bbox 956 989 1119 1057; x_wconf 80' lang='grc' dir='ltr'>ἱερεῖς</span> <span class='ocrx_word' id='word_1_65' title='bbox 1160 986 1471 1055; x_wconf 68' lang='grc' dir='ltr'>ψάλλοντες,</span> <span class='ocrx_word' id='word_1_66' title='bbox 1507 990 1584 1051; x_wconf 87' lang='grc' dir='ltr'><strong>είς</strong></span> <span class='ocrx_word' id='word_1_67' title='bbox 1612 990 1744 1041; x_wconf 88' lang='grc' dir='ltr'>ἀτα-</span> 
     </span>
    </p>
   </div>
   <div class='ocr_carea' id='block_1_10' title="bbox 196 1078 1744 1152">
    <p class='ocr_par' dir='ltr' id='par_1_10' title="bbox 196 1078 1744 1152">
     <span class='ocr_line' id='line_1_10' title="bbox 196 1078 1744 1152; baseline 0.001 -20"><span class='ocrx_word' id='word_1_68' title='bbox 196 1081 365 1152; x_wconf 77' lang='grc' dir='ltr'>ραξίαν</span> <span class='ocrx_word' id='word_1_69' title='bbox 396 1079 491 1141; x_wconf 74' lang='grc' dir='ltr'>τὰς</span> <span class='ocrx_word' id='word_1_70' title='bbox 520 1078 694 1149; x_wconf 67' lang='grc' dir='ltr'>ψυχάς</span> <span class='ocrx_word' id='word_1_71' title='bbox 743 1079 849 1130; x_wconf 83' lang='grc' dir='ltr'><strong>τῶν</strong></span> <span class='ocrx_word' id='word_1_72' title='bbox 875 1078 1020 1132; x_wconf 84' lang='grc' dir='ltr'>λαῶν</span> <span class='ocrx_word' id='word_1_73' title='bbox 1064 1081 1156 1132; x_wconf 71' lang='grc' dir='ltr'><strong>καὶ</strong></span> <span class='ocrx_word' id='word_1_74' title='bbox 1188 1082 1267 1141; x_wconf 82' lang='grc' dir='ltr'>εἰς</span> <span class='ocrx_word' id='word_1_75' title='bbox 1293 1081 1545 1150; x_wconf 86' lang='grc' dir='ltr'>ὁμόνοιαν</span> <span class='ocrx_word' id='word_1_76' title='bbox 1574 1081 1744 1145; x_wconf 76' lang='grc' dir='ltr'>αὐτάς</span> 
     </span>
    </p>
   </div>
   <div class='ocr_carea' id='block_1_11' title="bbox 191 1171 1743 1244">
    <p class='ocr_par' dir='ltr' id='par_1_11' title="bbox 191 1171 1743 1244">
     <span class='ocr_line' id='line_1_11' title="bbox 191 1171 1743 1244; baseline -0.001 -18"><span class='ocrx_word' id='word_1_77' title='bbox 191 1174 287 1226; x_wconf 67' lang='grc' dir='ltr'>τῶν</span> <span class='ocrx_word' id='word_1_78' title='bbox 311 1175 364 1225; x_wconf 84' lang='grc' dir='ltr'><strong>ὲν</strong></span> <span class='ocrx_word' id='word_1_79' title='bbox 390 1173 634 1243; x_wconf 81' lang='grc' dir='ltr'>οὐρανοῖς</span> <span class='ocrx_word' id='word_1_80' title='bbox 669 1172 999 1242; x_wconf 83' lang='grc' dir='ltr'>χορευόντων</span> <span class='ocrx_word' id='word_1_81' title='bbox 1046 1171 1494 1242; x_wconf 78' lang='grc' dir='ltr'>προσεκαλοῦντο.</span> <span class='ocrx_word' id='word_1_82' title='bbox 1537 1173 1609 1225; x_wconf 85' lang='grc' dir='ltr'><strong>Τὸ</strong></span> <span class='ocrx_word' id='word_1_83' title='bbox 1636 1173 1743 1244; x_wconf 81' lang='grc' dir='ltr'>ἄρα</span> 
     </span>
    </p>
   </div>
   <div class='ocr_carea' id='block_1_12' title="bbox 194 1260 1747 1333">
    <p class='ocr_par' dir='ltr' id='par_1_12' title="bbox 194 1260 1747 1333">
     <span class='ocr_line' id='line_1_12' title="bbox 194 1260 1747 1333; baseline 0.001 -20"><span class='ocrx_word' id='word_1_84' title='bbox 194 1261 320 1333; x_wconf 80' lang='grc' dir='ltr'>μετὰ</span> <span class='ocrx_word' id='word_1_85' title='bbox 346 1261 533 1332; x_wconf 79' lang='grc' dir='ltr'><strong>μέλους</strong></span> <span class='ocrx_word' id='word_1_86' title='bbox 579 1260 831 1329; x_wconf 87' lang='grc' dir='ltr'>λέγεσθαι</span> <span class='ocrx_word' id='word_1_87' title='bbox 873 1261 999 1325; x_wconf 83' lang='grc' dir='ltr'><strong>τούς</strong></span> <span class='ocrx_word' id='word_1_88' title='bbox 1057 1260 1304 1331; x_wconf 74' lang='grc' dir='ltr'>ψαλμοὺς</span> <span class='ocrx_word' id='word_1_89' title='bbox 1337 1263 1437 1314; x_wconf 84' lang='grc' dir='ltr'><strong>οὐκ</strong></span> <span class='ocrx_word' id='word_1_90' title='bbox 1480 1260 1625 1315; x_wconf 76' lang='grc' dir='ltr'>ἔστιν</span> <span class='ocrx_word' id='word_1_91' title='bbox 1658 1264 1747 1315; x_wconf 91' lang='grc' dir='ltr'>εὐ-</span> 
     </span>
    </p>
   </div>
   <div class='ocr_carea' id='block_1_13' title="bbox 192 1353 1745 1425">
    <p class='ocr_par' dir='ltr' id='par_1_13' title="bbox 192 1353 1745 1425">
     <span class='ocr_line' id='line_1_13' title="bbox 192 1353 1745 1425; baseline 0.001 -17"><span class='ocrx_word' id='word_1_92' title='bbox 192 1354 380 1424; x_wconf 67' lang='grc' dir='ltr'>φωνίας</span> <span class='ocrx_word' id='word_1_93' title='bbox 409 1353 629 1424; x_wconf 84' lang='grc' dir='ltr'>σπουδὴ,</span> <span class='ocrx_word' id='word_1_94' title='bbox 665 1353 799 1407; x_wconf 76' lang='grc' dir='ltr'>ἀλλὰ</span> <span class='ocrx_word' id='word_1_95' title='bbox 830 1355 1128 1425; x_wconf 85' lang='grc' dir='ltr'>τεκμήριον</span> <span class='ocrx_word' id='word_1_96' title='bbox 1167 1356 1266 1425; x_wconf 78' lang='grc' dir='ltr'>τῆς</span> <span class='ocrx_word' id='word_1_97' title='bbox 1319 1355 1584 1425; x_wconf 82' lang='grc' dir='ltr'>ἁρμονίας</span> <span class='ocrx_word' id='word_1_98' title='bbox 1636 1357 1745 1410; x_wconf 78' lang='grc' dir='ltr'><strong>τῶν</strong></span> 
     </span>
    </p>
   </div>
   <div class='ocr_carea' id='block_1_14' title="bbox 190 1443 1747 1516">
    <p class='ocr_par' dir='ltr' id='par_1_14' title="bbox 190 1443 1747 1516">
     <span class='ocr_line' id='line_1_14' title="bbox 190 1443 1747 1516; baseline 0.003 -19"><span class='ocrx_word' id='word_1_99' title='bbox 190 1447 241 1498; x_wconf 81' lang='grc' dir='ltr'>ἐν</span> <span class='ocrx_word' id='word_1_100' title='bbox 269 1448 327 1515; x_wconf 83' lang='grc' dir='ltr'>τῇ</span> <span class='ocrx_word' id='word_1_101' title='bbox 351 1446 489 1515; x_wconf 65' lang='grc' dir='ltr'>ψυχῇ</span> <span class='ocrx_word' id='word_1_102' title='bbox 538 1443 835 1515; x_wconf 85' lang='grc' dir='ltr'>λογισμῶν.</span> <span class='ocrx_word' id='word_1_103' title='bbox 863 1446 971 1497; x_wconf 69' lang='grc' dir='ltr'>Καὶ</span> <span class='ocrx_word' id='word_1_104' title='bbox 1022 1448 1054 1516; x_wconf 81' lang='grc' dir='ltr'><strong>ἡ</strong></span> <span class='ocrx_word' id='word_1_105' title='bbox 1092 1446 1335 1516; x_wconf 76' lang='grc' dir='ltr'>ἐμμελὴς</span> <span class='ocrx_word' id='word_1_106' title='bbox 1363 1447 1419 1499; x_wconf 81' lang='grc' dir='ltr'>δὲ</span> <span class='ocrx_word' id='word_1_107' title='bbox 1443 1448 1747 1515; x_wconf 75' lang='grc' dir='ltr'>ἀνάγνωσις</span> 
     </span>
    </p>
   </div>
   <div class='ocr_carea' id='block_1_15' title="bbox 193 1537 1749 1610">
    <p class='ocr_par' dir='ltr' id='par_1_15' title="bbox 193 1537 1749 1610">
     <span class='ocr_line' id='line_1_15' title="bbox 193 1537 1749 1610; baseline 0.002 -21"><span class='ocrx_word' id='word_1_108' title='bbox 193 1537 440 1607; x_wconf 88' lang='grc' dir='ltr'>σύμϐολόν</span> <span class='ocrx_word' id='word_1_109' title='bbox 464 1540 581 1590; x_wconf 79' lang='grc' dir='ltr'>ἐστι</span> <span class='ocrx_word' id='word_1_110' title='bbox 623 1538 723 1607; x_wconf 72' lang='grc' dir='ltr'>τῆς</span> <span class='ocrx_word' id='word_1_111' title='bbox 774 1538 1047 1608; x_wconf 78' lang='grc' dir='ltr'>εὐρύθμου</span> <span class='ocrx_word' id='word_1_112' title='bbox 1081 1540 1173 1591; x_wconf 83' lang='grc' dir='ltr'><strong>καὶ</strong></span> <span class='ocrx_word' id='word_1_113' title='bbox 1217 1540 1547 1610; x_wconf 81' lang='grc' dir='ltr'>ἀχειμάστου</span> <span class='ocrx_word' id='word_1_114' title='bbox 1582 1557 1749 1592; x_wconf 86' lang='grc' dir='ltr'>κατα-</span> 
     </span>
    </p>
   </div>
   <div class='ocr_carea' id='block_1_16' title="bbox 192 1626 1749 1699">
    <p class='ocr_par' dir='ltr' id='par_1_16' title="bbox 192 1626 1749 1699">
     <span class='ocr_line' id='line_1_16' title="bbox 192 1626 1749 1699; baseline 0.002 -21"><span class='ocrx_word' id='word_1_115' title='bbox 192 1626 415 1687; x_wconf 79' lang='grc' dir='ltr'>στάσεως</span> <span class='ocrx_word' id='word_1_116' title='bbox 437 1626 538 1695; x_wconf 84' lang='grc' dir='ltr'>τῆς</span> <span class='ocrx_word' id='word_1_117' title='bbox 566 1626 821 1689; x_wconf 84' lang='grc' dir='ltr'>διανοίας.</span> <span class='ocrx_word' id='word_1_118' title='bbox 851 1628 959 1679; x_wconf 75' lang='grc' dir='ltr'>Καὶ</span> <span class='ocrx_word' id='word_1_119' title='bbox 1010 1627 1117 1699; x_wconf 85' lang='grc' dir='ltr'><strong>γάρ</strong></span> <span class='ocrx_word' id='word_1_120' title='bbox 1158 1630 1219 1680; x_wconf 84' lang='grc' dir='ltr'><strong>τὸ</strong></span> <span class='ocrx_word' id='word_1_121' title='bbox 1254 1632 1422 1681; x_wconf 84' lang='grc' dir='ltr'>αἰνεῖν</span> <span class='ocrx_word' id='word_1_122' title='bbox 1472 1630 1563 1681; x_wconf 83' lang='grc' dir='ltr'><strong>τὸν</strong></span> <span class='ocrx_word' id='word_1_123' title='bbox 1618 1628 1749 1682; x_wconf 84' lang='grc' dir='ltr'>Θεὸν</span> 
     </span>
    </p>
   </div>
   <div class='ocr_carea' id='block_1_17' title="bbox 190 1716 1750 1793">
    <p class='ocr_par' dir='ltr' id='par_1_17' title="bbox 190 1716 1750 1793">
     <span class='ocr_line' id='line_1_17' title="bbox 190 1716 1750 1793; baseline 0.004 -25"><span class='ocrx_word' id='word_1_124' title='bbox 190 1718 241 1769; x_wconf 81' lang='grc' dir='ltr'><strong>ἐν</strong></span> <span class='ocrx_word' id='word_1_125' title='bbox 264 1716 553 1788; x_wconf 88' lang='grc' dir='ltr'>κυμϐάλοις</span> <span class='ocrx_word' id='word_1_126' title='bbox 573 1719 790 1788; x_wconf 83' lang='grc' dir='ltr'>εὐήχοις</span> <span class='ocrx_word' id='word_1_127' title='bbox 818 1720 910 1771; x_wconf 77' lang='grc' dir='ltr'><strong>καὶ</strong></span> <span class='ocrx_word' id='word_1_128' title='bbox 936 1720 1134 1791; x_wconf 64' lang='grc' dir='ltr'>κιθάρα</span> <span class='ocrx_word' id='word_1_129' title='bbox 1165 1721 1257 1773; x_wconf 78' lang='grc' dir='ltr'><strong>καὶ</strong></span> <span class='ocrx_word' id='word_1_130' title='bbox 1280 1722 1585 1793; x_wconf 83' lang='grc' dir='ltr'>δεκαχόρδῳ</span> <span class='ocrx_word' id='word_1_131' title='bbox 1616 1721 1750 1791; x_wconf 67' lang='grc' dir='ltr'>ψαλ-</span> 
     </span>
    </p>
   </div>
   <div class='ocr_carea' id='block_1_18' title="bbox 191 1785 1824 1882">
    <p class='ocr_par' dir='ltr' id='par_1_18' title="bbox 191 1785 1824 1882">
     <span class='ocr_line' id='line_1_18' title="bbox 191 1785 1824 1882; baseline 0.005 -22"><span class='ocrx_word' id='word_1_132' title='bbox 191 1810 370 1879; x_wconf 73' lang='grc' dir='ltr'>τηρίῳ,</span> <span class='ocrx_word' id='word_1_133' title='bbox 400 1809 669 1880; x_wconf 89' lang='grc' dir='ltr'>σύμϐολον</span> <span class='ocrx_word' id='word_1_134' title='bbox 691 1809 848 1862; x_wconf 86' lang='grc' dir='ltr'>πάλιν</span> <span class='ocrx_word' id='word_1_135' title='bbox 866 1807 930 1880; x_wconf 70' lang='grc' dir='ltr'>ἦν</span> <span class='ocrx_word' id='word_1_136' title='bbox 950 1812 1040 1862; x_wconf 79' lang='grc' dir='ltr'><strong>καὶ</strong></span> <span class='ocrx_word' id='word_1_137' title='bbox 1068 1814 1393 1882; x_wconf 72' lang='grc' dir='ltr'>σημαντικὸν</span> <span class='ocrx_word' id='word_1_138' title='bbox 1415 1814 1507 1866; x_wconf 76' lang='grc' dir='ltr'><strong>τοῦ</strong></span> <span class='ocrx_word' id='word_1_139' title='bbox 1537 1818 1750 1882; x_wconf 89' lang='grc' dir='ltr'>συγκεῖ-</span> <span class='ocrx_word' id='word_1_140' title='bbox 1780 1785 1824 1843; x_wconf 77' lang='grc' dir='ltr'><strong>Β</strong></span> 
     </span>
    </p>
   </div>
   <div class='ocr_carea' id='block_1_19' title="bbox 196 1901 1748 1977">
    <p class='ocr_par' dir='ltr' id='par_1_19' title="bbox 196 1901 1748 1977">
     <span class='ocr_line' id='line_1_19' title="bbox 196 1901 1748 1977; baseline 0.005 -25"><span class='ocrx_word' id='word_1_141' title='bbox 196 1901 305 1954; x_wconf 82' lang='grc' dir='ltr'>σθαι</span> <span class='ocrx_word' id='word_1_142' title='bbox 328 1903 422 1972; x_wconf 82' lang='grc' dir='ltr'><strong>μὲν</strong></span> <span class='ocrx_word' id='word_1_143' title='bbox 454 1903 700 1972; x_wconf 80' lang='grc' dir='ltr'>νομίμως</span> <span class='ocrx_word' id='word_1_144' title='bbox 734 1902 802 1955; x_wconf 77' lang='grc' dir='ltr'>τὰ</span> <span class='ocrx_word' id='word_1_145' title='bbox 827 1902 959 1973; x_wconf 87' lang='grc' dir='ltr'>μέλη</span> <span class='ocrx_word' id='word_1_146' title='bbox 1007 1902 1101 1955; x_wconf 82' lang='grc' dir='ltr'>τοῦ</span> <span class='ocrx_word' id='word_1_147' title='bbox 1139 1904 1386 1974; x_wconf 82' lang='grc' dir='ltr'>σώματος</span> <span class='ocrx_word' id='word_1_148' title='bbox 1414 1906 1489 1969; x_wconf 88' lang='grc' dir='ltr'>ὼς</span> <span class='ocrx_word' id='word_1_149' title='bbox 1531 1905 1748 1977; x_wconf 81' lang='grc' dir='ltr'>χορδὰς,</span> 
     </span>
    </p>
   </div>
   <div class='ocr_carea' id='block_1_20' title="bbox 190 1993 1747 2067">
    <p class='ocr_par' dir='ltr' id='par_1_20' title="bbox 190 1993 1747 2067">
     <span class='ocr_line' id='line_1_20' title="bbox 190 1993 1747 2067; baseline 0.006 -24"><span class='ocrx_word' id='word_1_150' title='bbox 190 1994 304 2056; x_wconf 81' lang='grc' dir='ltr'>τοὺς</span> <span class='ocrx_word' id='word_1_151' title='bbox 332 1994 383 2046; x_wconf 84' lang='grc' dir='ltr'>δὲ</span> <span class='ocrx_word' id='word_1_152' title='bbox 417 1993 712 2064; x_wconf 72' lang='grc' dir='ltr'>λογισμοὺς</span> <span class='ocrx_word' id='word_1_153' title='bbox 740 1994 839 2063; x_wconf 76' lang='grc' dir='ltr'>τῆς</span> <span class='ocrx_word' id='word_1_154' title='bbox 868 1994 1047 2064; x_wconf 69' lang='grc' dir='ltr'>ψυχῆς</span> <span class='ocrx_word' id='word_1_155' title='bbox 1068 1996 1143 2056; x_wconf 82' lang='grc' dir='ltr'>ὡς</span> <span class='ocrx_word' id='word_1_156' title='bbox 1183 1994 1435 2065; x_wconf 85' lang='grc' dir='ltr'>κύμϐαλα</span> <span class='ocrx_word' id='word_1_157' title='bbox 1482 1999 1747 2067; x_wconf 82' lang='grc' dir='ltr'>γίνεσθαι,</span> 
     </span>
    </p>
   </div>
   <div class='ocr_carea' id='block_1_21' title="bbox 190 2087 1753 2161">
    <p class='ocr_par' dir='ltr' id='par_1_21' title="bbox 190 2087 1753 2161">
     <span class='ocr_line' id='line_1_21' title="bbox 190 2087 1753 2161; baseline 0.003 -22"><span class='ocrx_word' id='word_1_158' title='bbox 190 2088 273 2139; x_wconf 80' lang='grc' dir='ltr'><strong>καὶ</strong></span> <span class='ocrx_word' id='word_1_159' title='bbox 303 2087 481 2140; x_wconf 77' lang='grc' dir='ltr'>λοιπὸν</span> <span class='ocrx_word' id='word_1_160' title='bbox 517 2089 584 2157; x_wconf 82' lang='grc' dir='ltr'>τῇ</span> <span class='ocrx_word' id='word_1_161' title='bbox 634 2089 738 2157; x_wconf 76' lang='grc' dir='ltr'><strong>ὴχῇ</strong></span> <span class='ocrx_word' id='word_1_162' title='bbox 784 2088 878 2139; x_wconf 78' lang='grc' dir='ltr'>καὶ</span> <span class='ocrx_word' id='word_1_163' title='bbox 930 2088 1008 2158; x_wconf 83' lang='grc' dir='ltr'>τῷ</span> <span class='ocrx_word' id='word_1_164' title='bbox 1044 2089 1271 2159; x_wconf 84' lang='grc' dir='ltr'>νεύματι</span> <span class='ocrx_word' id='word_1_165' title='bbox 1320 2088 1411 2141; x_wconf 78' lang='grc' dir='ltr'>τοῦ</span> <span class='ocrx_word' id='word_1_166' title='bbox 1447 2091 1753 2161; x_wconf 90' lang='grc' dir='ltr'>πνεύματος</span> 
     </span>
    </p>
   </div>
   <div class='ocr_carea' id='block_1_22' title="bbox 189 2178 1753 2253">
    <p class='ocr_par' dir='ltr' id='par_1_22' title="bbox 189 2178 1753 2253">
     <span class='ocr_line' id='line_1_22' title="bbox 189 2178 1753 2253; baseline 0.004 -22"><span class='ocrx_word' id='word_1_167' title='bbox 189 2178 346 2232; x_wconf 76' lang='grc' dir='ltr'>ταῦτα</span> <span class='ocrx_word' id='word_1_168' title='bbox 375 2179 553 2233; x_wconf 88' lang='grc' dir='ltr'>πάντα</span> <span class='ocrx_word' id='word_1_169' title='bbox 582 2179 841 2232; x_wconf 84' lang='grc' dir='ltr'>κίνεῖσθαι</span> <span class='ocrx_word' id='word_1_170' title='bbox 876 2181 965 2232; x_wconf 68' lang='grc' dir='ltr'>καὶ</span> <span class='ocrx_word' id='word_1_171' title='bbox 1010 2178 1128 2250; x_wconf 79' lang='grc' dir='ltr'><strong>ζῇν·</strong></span> <span class='ocrx_word' id='word_1_172' title='bbox 1180 2181 1343 2245; x_wconf 81' lang='grc' dir='ltr'>ὥστε,</span> <span class='ocrx_word' id='word_1_173' title='bbox 1398 2184 1536 2236; x_wconf 81' lang='grc' dir='ltr'>κατὰ</span> <span class='ocrx_word' id='word_1_174' title='bbox 1578 2185 1638 2237; x_wconf 90' lang='grc' dir='ltr'><strong>τὸ</strong></span> <span class='ocrx_word' id='word_1_175' title='bbox 1662 2202 1753 2253; x_wconf 87' lang='grc' dir='ltr'>γε-</span> 
     </span>
    </p>
   </div>
   <div class='ocr_carea' id='block_1_23' title="bbox 190 2269 1750 2343">
    <p class='ocr_par' dir='ltr' id='par_1_23' title="bbox 190 2269 1750 2343">
     <span class='ocr_line' id='line_1_23' title="bbox 190 2269 1750 2343; baseline 0.003 -19"><span class='ocrx_word' id='word_1_176' title='bbox 190 2270 512 2341; x_wconf 85' lang='grc' dir='ltr'>γραμμένον,</span> <span class='ocrx_word' id='word_1_177' title='bbox 548 2269 628 2335; x_wconf 84' lang='grc' dir='ltr'>τῷ</span> <span class='ocrx_word' id='word_1_178' title='bbox 656 2272 945 2339; x_wconf 73' lang='grc' dir='ltr'>πνεύματι</span> <span class='ocrx_word' id='word_1_179' title='bbox 997 2271 1101 2324; x_wconf 82' lang='grc' dir='ltr'><strong>τὸν</strong></span> <span class='ocrx_word' id='word_1_180' title='bbox 1132 2270 1443 2339; x_wconf 77' lang='grc' dir='ltr'>ἄνθρωπον</span> <span class='ocrx_word' id='word_1_181' title='bbox 1474 2272 1579 2341; x_wconf 70' lang='grc' dir='ltr'><strong>ζῇν</strong></span> <span class='ocrx_word' id='word_1_182' title='bbox 1614 2275 1750 2343; x_wconf 77' lang='grc' dir='ltr'>μὲν,</span> 
     </span>
    </p>
   </div>
   <div class='ocr_carea' id='block_1_24' title="bbox 189 2362 1754 2431">
    <p class='ocr_par' dir='ltr' id='par_1_24' title="bbox 189 2362 1754 2431">
     <span class='ocr_line' id='line_1_24' title="bbox 189 2362 1754 2431; baseline 0.003 -16"><span class='ocrx_word' id='word_1_183' title='bbox 189 2363 277 2415; x_wconf 78' lang='grc' dir='ltr'><strong>καί</strong></span> <span class='ocrx_word' id='word_1_184' title='bbox 305 2363 407 2427; x_wconf 86' lang='grc' dir='ltr'>τὰς</span> <span class='ocrx_word' id='word_1_185' title='bbox 438 2362 688 2430; x_wconf 78' lang='grc' dir='ltr'>πράξεις</span> <span class='ocrx_word' id='word_1_186' title='bbox 731 2362 838 2415; x_wconf 87' lang='grc' dir='ltr'>τοῦ</span> <span class='ocrx_word' id='word_1_187' title='bbox 887 2363 1160 2431; x_wconf 84' lang='grc' dir='ltr'>σώματος</span> <span class='ocrx_word' id='word_1_188' title='bbox 1222 2365 1537 2419; x_wconf 79' lang='grc' dir='ltr'>θανατοῦν.</span> <span class='ocrx_word' id='word_1_189' title='bbox 1570 2366 1754 2431; x_wconf 78' lang='grc' dir='ltr'>Οὕτως</span> 
     </span>
    </p>
   </div>
   <div class='ocr_carea' id='block_1_25' title="bbox 188 2452 1751 2527">
    <p class='ocr_par' dir='ltr' id='par_1_25' title="bbox 188 2452 1751 2527">
     <span class='ocr_line' id='line_1_25' title="bbox 188 2452 1751 2527; baseline 0.003 -22"><span class='ocrx_word' id='word_1_190' title='bbox 188 2454 287 2524; x_wconf 83' lang='grc' dir='ltr'>γὰρ</span> <span class='ocrx_word' id='word_1_191' title='bbox 313 2455 403 2506; x_wconf 58' lang='grc' dir='ltr'><strong>καὶ⁵</strong></span> <span class='ocrx_word' id='word_1_192' title='bbox 431 2453 616 2516; x_wconf 82' lang='grc' dir='ltr'>καλῶς</span> <span class='ocrx_word' id='word_1_193' title='bbox 640 2452 855 2522; x_wconf 66' lang='grc' dir='ltr'>ψάλλων</span> <span class='ocrx_word' id='word_1_194' title='bbox 902 2454 1154 2526; x_wconf 74' lang='grc' dir='ltr'>ῥυθμίζει</span> <span class='ocrx_word' id='word_1_195' title='bbox 1207 2457 1305 2527; x_wconf 79' lang='grc' dir='ltr'>τὴν</span> <span class='ocrx_word' id='word_1_196' title='bbox 1339 2457 1516 2527; x_wconf 79' lang='grc' dir='ltr'>ψυχὴν</span> <span class='ocrx_word' id='word_1_197' title='bbox 1564 2458 1751 2523; x_wconf 81' lang='grc' dir='ltr'>αὐτοῦ,</span> 
     </span>
    </p>
   </div>
   <div class='ocr_carea' id='block_1_26' title="bbox 190 2543 1754 2617">
    <p class='ocr_par' dir='ltr' id='par_1_26' title="bbox 190 2543 1754 2617">
     <span class='ocr_line' id='line_1_26' title="bbox 190 2543 1754 2617; baseline 0.003 -20"><span class='ocrx_word' id='word_1_198' title='bbox 190 2546 274 2598; x_wconf 76' lang='grc' dir='ltr'>καὶ</span> <span class='ocrx_word' id='word_1_199' title='bbox 304 2544 487 2616; x_wconf 82' lang='grc' dir='ltr'>ὥσπερ</span> <span class='ocrx_word' id='word_1_200' title='bbox 516 2543 575 2608; x_wconf 79' lang='grc' dir='ltr'>ἐξ</span> <span class='ocrx_word' id='word_1_201' title='bbox 603 2545 918 2615; x_wconf 83' lang='grc' dir='ltr'>ἀνισότητος</span> <span class='ocrx_word' id='word_1_202' title='bbox 944 2548 1022 2608; x_wconf 81' lang='grc' dir='ltr'><strong>είς</strong></span> <span class='ocrx_word' id='word_1_203' title='bbox 1053 2546 1273 2617; x_wconf 82' lang='grc' dir='ltr'>ἰσότητα</span> <span class='ocrx_word' id='word_1_204' title='bbox 1316 2548 1458 2615; x_wconf 82' lang='grc' dir='ltr'>ἄγει·</span> <span class='ocrx_word' id='word_1_205' title='bbox 1511 2547 1649 2600; x_wconf 78' lang='grc' dir='ltr'>ὥστε</span> <span class='ocrx_word' id='word_1_206' title='bbox 1697 2551 1754 2602; x_wconf 82' lang='grc' dir='ltr'>ὲν</span> 
     </span>
    </p>
   </div>
   <div class='ocr_carea' id='block_1_27' title="bbox 187 2633 1755 2708">
    <p class='ocr_par' dir='ltr' id='par_1_27' title="bbox 187 2633 1755 2708">
     <span class='ocr_line' id='line_1_27' title="bbox 187 2633 1755 2708; baseline 0.004 -20"><span class='ocrx_word' id='word_1_207' title='bbox 187 2633 258 2705; x_wconf 83' lang='grc' dir='ltr'>τῷ</span> <span class='ocrx_word' id='word_1_208' title='bbox 294 2635 430 2688; x_wconf 75' lang='grc' dir='ltr'>κατὰ</span> <span class='ocrx_word' id='word_1_209' title='bbox 464 2634 629 2704; x_wconf 87' lang='grc' dir='ltr'>φύσιν</span> <span class='ocrx_word' id='word_1_210' title='bbox 671 2636 838 2706; x_wconf 87' lang='grc' dir='ltr'>αὐτὴν</span> <span class='ocrx_word' id='word_1_211' title='bbox 864 2638 1154 2706; x_wconf 81' lang='grc' dir='ltr'>ἑστηκυῖαν</span> <span class='ocrx_word' id='word_1_212' title='bbox 1206 2637 1281 2708; x_wconf 82' lang='grc' dir='ltr'>μὴ</span> <span class='ocrx_word' id='word_1_213' title='bbox 1325 2640 1603 2693; x_wconf 86' lang='grc' dir='ltr'>πτοεῖσθαι</span> <span class='ocrx_word' id='word_1_214' title='bbox 1650 2641 1755 2694; x_wconf 86' lang='grc' dir='ltr'><strong>ὐπό</strong></span> 
     </span>
    </p>
   </div>
   <div class='ocr_carea' id='block_1_28' title="bbox 186 2725 1755 2798">
    <p class='ocr_par' dir='ltr' id='par_1_28' title="bbox 186 2725 1755 2798">
     <span class='ocr_line' id='line_1_28' title="bbox 186 2725 1755 2798; baseline 0.006 -22"><span class='ocrx_word' id='word_1_215' title='bbox 186 2740 339 2788; x_wconf 81' lang='grc' dir='ltr'>τινος,</span> <span class='ocrx_word' id='word_1_216' title='bbox 372 2725 509 2778; x_wconf 73' lang='grc' dir='ltr'>ἀλλὰ</span> <span class='ocrx_word' id='word_1_217' title='bbox 562 2727 655 2779; x_wconf 77' lang='grc' dir='ltr'><strong>καὶ</strong></span> <span class='ocrx_word' id='word_1_218' title='bbox 713 2726 913 2795; x_wconf 82' lang='grc' dir='ltr'>μᾶλλον</span> <span class='ocrx_word' id='word_1_219' title='bbox 954 2728 1312 2795; x_wconf 78' lang='grc' dir='ltr'>εὐφαντάσιον</span> <span class='ocrx_word' id='word_1_220' title='bbox 1366 2731 1628 2798; x_wconf 88' lang='grc' dir='ltr'>γίνεσθαι,</span> <span class='ocrx_word' id='word_1_221' title='bbox 1664 2734 1755 2787; x_wconf 77' lang='grc' dir='ltr'><strong>καὶ</strong></span> 
     </span>
    </p>
   </div>
   <div class='ocr_carea' id='block_1_29' title="bbox 187 2816 1755 2894">
    <p class='ocr_par' dir='ltr' id='par_1_29' title="bbox 187 2816 1755 2894">
     <span class='ocr_line' id='line_1_29' title="bbox 187 2816 1755 2894; baseline 0.007 -26"><span class='ocrx_word' id='word_1_222' title='bbox 187 2816 338 2870; x_wconf 84' lang='grc' dir='ltr'>πλέον</span> <span class='ocrx_word' id='word_1_223' title='bbox 364 2818 534 2889; x_wconf 84' lang='grc' dir='ltr'>αὐτὴν</span> <span class='ocrx_word' id='word_1_224' title='bbox 568 2818 865 2888; x_wconf 82' lang='grc' dir='ltr'>λαμϐάνειν</span> <span class='ocrx_word' id='word_1_225' title='bbox 921 2820 1082 2874; x_wconf 87' lang='grc' dir='ltr'>πόθον</span> <span class='ocrx_word' id='word_1_226' title='bbox 1121 2821 1229 2875; x_wconf 79' lang='grc' dir='ltr'><strong>τῶν</strong></span> <span class='ocrx_word' id='word_1_227' title='bbox 1282 2822 1582 2893; x_wconf 89' lang='grc' dir='ltr'>μελλόντων</span> <span class='ocrx_word' id='word_1_228' title='bbox 1615 2827 1755 2894; x_wconf 89' lang='grc' dir='ltr'>ἀγα-</span> 
     </span>
    </p>
   </div>
   <div class='ocr_carea' id='block_1_30' title="bbox 190 2906 1754 2988">
    <p class='ocr_par' dir='ltr' id='par_1_30' title="bbox 190 2906 1754 2988">
     <span class='ocr_line' id='line_1_30' title="bbox 190 2906 1754 2988; baseline 0.008 -31"><span class='ocrx_word' id='word_1_229' title='bbox 190 2906 307 2962; x_wconf 85' lang='grc' dir='ltr'>θῶν.</span> <span class='ocrx_word' id='word_1_230' title='bbox 332 2906 408 2977; x_wconf 81' lang='grc' dir='ltr'><strong>Τῇ</strong></span> <span class='ocrx_word' id='word_1_231' title='bbox 432 2909 545 2979; x_wconf 80' lang='grc' dir='ltr'><strong>γάρ</strong></span> <span class='ocrx_word' id='word_1_232' title='bbox 584 2908 689 2961; x_wconf 82' lang='grc' dir='ltr'><strong>τῶν</strong></span> <span class='ocrx_word' id='word_1_233' title='bbox 725 2910 983 2980; x_wconf 78' lang='grc' dir='ltr'>ῥημάτων</span> <span class='ocrx_word' id='word_1_234' title='bbox 1034 2911 1268 2983; x_wconf 77' lang='grc' dir='ltr'>μελῳδίᾳ</span> <span class='ocrx_word' id='word_1_235' title='bbox 1313 2914 1754 2988; x_wconf 84' lang='grc' dir='ltr'>συνδιατιθεμένη</span> 
     </span>
    </p>
   </div>
   <div class='ocr_carea' id='block_1_31' title="bbox 188 2997 1758 3077">
    <p class='ocr_par' dir='ltr' id='par_1_31' title="bbox 188 2997 1758 3077">
     <span class='ocr_line' id='line_1_31' title="bbox 188 2997 1758 3077; baseline 0.006 -27"><span class='ocrx_word' id='word_1_236' title='bbox 188 2997 591 3054; x_wconf 76' lang='grc' dir='ltr'>ἐπιλανθάνεται</span> <span class='ocrx_word' id='word_1_237' title='bbox 655 3001 763 3055; x_wconf 84' lang='grc' dir='ltr'><strong>τῶν</strong></span> <span class='ocrx_word' id='word_1_238' title='bbox 830 3002 1017 3056; x_wconf 84' lang='grc' dir='ltr'>παθῶν</span> <span class='ocrx_word' id='word_1_239' title='bbox 1042 3045 1057 3069; x_wconf 90' lang='grc'><strong>,</strong></span> <span class='ocrx_word' id='word_1_240' title='bbox 1133 3004 1229 3057; x_wconf 74' lang='grc' dir='ltr'>καὶ</span> <span class='ocrx_word' id='word_1_241' title='bbox 1297 3006 1562 3075; x_wconf 87' lang='grc' dir='ltr'>χαίρουσα</span> <span class='ocrx_word' id='word_1_242' title='bbox 1636 3008 1758 3077; x_wconf 85' lang='grc' dir='ltr'>βλέ-</span> 
     </span>
    </p>
   </div>
   <div class='ocr_carea' id='block_1_32' title="bbox 189 3092 1830 3189">
    <p class='ocr_par' dir='ltr' id='par_1_32' title="bbox 189 3092 1830 3189">
     <span class='ocr_line' id='line_1_32' title="bbox 189 3092 1830 3189; baseline 0.009 -46"><span class='ocrx_word' id='word_1_243' title='bbox 189 3107 273 3143; x_wconf 86' lang='grc' dir='ltr'>πει</span> <span class='ocrx_word' id='word_1_244' title='bbox 305 3092 443 3163; x_wconf 82' lang='grc' dir='ltr'>πρδς</span> <span class='ocrx_word' id='word_1_245' title='bbox 477 3092 572 3147; x_wconf 82' lang='grc' dir='ltr'><strong>τὸν</strong></span> <span class='ocrx_word' id='word_1_246' title='bbox 613 3093 735 3148; x_wconf 78' lang='grc' dir='ltr'>νοῦν</span> <span class='ocrx_word' id='word_1_247' title='bbox 777 3094 869 3149; x_wconf 81' lang='grc' dir='ltr'><strong>τὸν</strong></span> <span class='ocrx_word' id='word_1_248' title='bbox 911 3097 969 3149; x_wconf 79' lang='grc' dir='ltr'><strong>ἐν</strong></span> <span class='ocrx_word' id='word_1_249' title='bbox 1018 3096 1266 3167; x_wconf 81' lang='grc' dir='ltr'>Χριστῷ,</span> <span class='ocrx_word' id='word_1_250' title='bbox 1326 3097 1648 3173; x_wconf 78' lang='grc' dir='ltr'>λογιζομένη</span> <span class='ocrx_word' id='word_1_251' title='bbox 1693 3102 1759 3156; x_wconf 85' lang='grc' dir='ltr'>τὰ</span> <span class='ocrx_word' id='word_1_252' title='bbox 1786 3132 1830 3189; x_wconf 75' lang='lat' dir='ltr'><strong>C</strong></span> 
     </span>
    </p>
   </div>
   <div class='ocr_carea' id='block_1_33' title="bbox 191 3183 1651 3253">
    <p class='ocr_par' dir='ltr' id='par_1_33' title="bbox 191 3183 1651 3253">
     <span class='ocr_line' id='line_1_33' title="bbox 191 3183 1651 3253; baseline 0 -14"><span class='ocrx_word' id='word_1_253' title='bbox 191 3183 449 3253; x_wconf 83' lang='grc' dir='ltr'>βέλτιστα.</span> <span class='ocrx_word' id='word_1_254' title='bbox 1641 3205 1651 3216; x_wconf 93' lang='grc'><strong>·</strong></span> 
     </span>
    </p>
   </div>
   <div class='ocr_carea' id='block_1_34' title="bbox 251 3273 1762 3352">
    <p class='ocr_par' dir='ltr' id='par_1_34' title="bbox 251 3273 1762 3352">
     <span class='ocr_line' id='line_1_34' title="bbox 251 3273 1762 3352; baseline 0.006 -23"><span class='ocrx_word' id='word_1_255' title='bbox 251 3278 310 3330; x_wconf 86' lang='grc' dir='ltr'>λ’.</span> <span class='ocrx_word' id='word_1_256' title='bbox 338 3281 429 3331; x_wconf 87' lang='grc' dir='ltr'>Δεῖ</span> <span class='ocrx_word' id='word_1_257' title='bbox 460 3277 664 3345; x_wconf 79' lang='grc' dir='ltr'>τοίνυν,</span> <span class='ocrx_word' id='word_1_258' title='bbox 702 3273 747 3331; x_wconf 82' lang='grc' dir='ltr'><strong>ὦ</strong></span> <span class='ocrx_word' id='word_1_259' title='bbox 772 3280 981 3345; x_wconf 87' lang='grc' dir='ltr'>τέκνον,</span> <span class='ocrx_word' id='word_1_260' title='bbox 1022 3281 1129 3334; x_wconf 84' lang='grc' dir='ltr'><strong>τῶν</strong></span> <span class='ocrx_word' id='word_1_261' title='bbox 1158 3282 1592 3352; x_wconf 77' lang='grc' dir='ltr'>ἐντυγχανόντων</span> <span class='ocrx_word' id='word_1_262' title='bbox 1633 3284 1762 3338; x_wconf 80' lang='grc' dir='ltr'>ἓκα-</span> 
     </span>
    </p>
   </div>
   <div class='ocr_carea' id='block_1_35' title="bbox 191 3368 1761 3448">
    <p class='ocr_par' dir='ltr' id='par_1_35' title="bbox 191 3368 1761 3448">
     <span class='ocr_line' id='line_1_35' title="bbox 191 3368 1761 3448; baseline 0.004 -28"><span class='ocrx_word' id='word_1_263' title='bbox 191 3385 306 3423; x_wconf 87' lang='grc' dir='ltr'>στον</span> <span class='ocrx_word' id='word_1_264' title='bbox 323 3368 499 3443; x_wconf 77' lang='grc' dir='ltr'>ταύτῃ</span> <span class='ocrx_word' id='word_1_265' title='bbox 545 3374 611 3442; x_wconf 85' lang='grc' dir='ltr'>τῇ</span> <span class='ocrx_word' id='word_1_266' title='bbox 661 3370 825 3441; x_wconf 84' lang='grc' dir='ltr'>βίϐλῳ</span> <span class='ocrx_word' id='word_1_267' title='bbox 863 3372 1209 3441; x_wconf 78' lang='grc' dir='ltr'>ἐντυγχάνειν</span> <span class='ocrx_word' id='word_1_268' title='bbox 1266 3375 1364 3443; x_wconf 82' lang='grc' dir='ltr'><strong>μὲν</strong></span> <span class='ocrx_word' id='word_1_269' title='bbox 1418 3376 1589 3429; x_wconf 77' lang='grc' dir='ltr'>ἅπασι</span> <span class='ocrx_word' id='word_1_270' title='bbox 1626 3393 1761 3448; x_wconf 86' lang='grc' dir='ltr'>γνη-</span> 
     </span>
    </p>
   </div>
   <div class='ocr_carea' id='block_1_36' title="bbox 190 3460 1762 3535">
    <p class='ocr_par' dir='ltr' id='par_1_36' title="bbox 190 3460 1762 3535">
     <span class='ocr_line' id='line_1_36' title="bbox 190 3460 1762 3535; baseline 0.005 -23"><span class='ocrx_word' id='word_1_271' title='bbox 190 3462 311 3525; x_wconf 83' lang='grc' dir='ltr'>σίως</span> <span class='ocrx_word' id='word_1_272' title='bbox 330 3465 442 3526; x_wconf 87' lang='grc' dir='ltr'>τοῖς</span> <span class='ocrx_word' id='word_1_273' title='bbox 470 3466 531 3516; x_wconf 84' lang='grc' dir='ltr'><strong>ὲν</strong></span> <span class='ocrx_word' id='word_1_274' title='bbox 560 3463 695 3534; x_wconf 82' lang='grc' dir='ltr'>αὐτῇ</span> <span class='ocrx_word' id='word_1_275' title='bbox 730 3463 1106 3527; x_wconf 87' lang='grc' dir='ltr'>θεοπνεύστοις</span> <span class='ocrx_word' id='word_1_276' title='bbox 1161 3460 1311 3530; x_wconf 80' lang='grc' dir='ltr'>οὖσι,</span> <span class='ocrx_word' id='word_1_277' title='bbox 1374 3466 1670 3535; x_wconf 88' lang='grc' dir='ltr'>λαμϐάνειν</span> <span class='ocrx_word' id='word_1_278' title='bbox 1706 3467 1762 3520; x_wconf 81' lang='grc' dir='ltr'><strong>δὲ</strong></span> 
     </span>
    </p>
   </div>
   <div class='ocr_carea' id='block_1_37' title="bbox 189 3554 1761 3630">
    <p class='ocr_par' dir='ltr' id='par_1_37' title="bbox 189 3554 1761 3630">
     <span class='ocr_line' id='line_1_37' title="bbox 189 3554 1761 3630; baseline 0.004 -23"><span class='ocrx_word' id='word_1_279' title='bbox 189 3554 367 3610; x_wconf 78' lang='grc' dir='ltr'>λοιπὸν</span> <span class='ocrx_word' id='word_1_280' title='bbox 389 3557 689 3612; x_wconf 74' lang='grc' dir='ltr'>ἀπἀὐτῶν</span> <span class='ocrx_word' id='word_1_281' title='bbox 735 3558 810 3623; x_wconf 84' lang='grc' dir='ltr'>ὡς</span> <span class='ocrx_word' id='word_1_282' title='bbox 863 3560 928 3613; x_wconf 80' lang='grc' dir='ltr'>ἐκ</span> <span class='ocrx_word' id='word_1_283' title='bbox 977 3559 1309 3629; x_wconf 83' lang='grc' dir='ltr'>παραδείσου</span> <span class='ocrx_word' id='word_1_284' title='bbox 1358 3559 1586 3630; x_wconf 81' lang='grc' dir='ltr'>καρπῶν</span> <span class='ocrx_word' id='word_1_285' title='bbox 1616 3560 1761 3629; x_wconf 80' lang='grc' dir='ltr'><strong>ὠφε-</strong></span> 
     </span>
    </p>
   </div>
   <div class='ocr_carea' id='block_1_38' title="bbox 190 3645 1758 3723">
    <p class='ocr_par' dir='ltr' id='par_1_38' title="bbox 190 3645 1758 3723">
     <span class='ocr_line' id='line_1_38' title="bbox 190 3645 1758 3723; baseline 0.004 -25"><span class='ocrx_word' id='word_1_286' title='bbox 190 3645 348 3711; x_wconf 81' lang='grc' dir='ltr'>λείας.</span> <span class='ocrx_word' id='word_1_287' title='bbox 400 3651 543 3722; x_wconf 68' lang='grc' dir='ltr'>πρὸς</span> <span class='ocrx_word' id='word_1_288' title='bbox 600 3650 629 3702; x_wconf 84' lang='grc' dir='ltr'><strong>ὃ</strong></span> <span class='ocrx_word' id='word_1_289' title='bbox 681 3650 779 3721; x_wconf 81' lang='grc' dir='ltr'>τὴν</span> <span class='ocrx_word' id='word_1_290' title='bbox 827 3651 1017 3721; x_wconf 86' lang='grc' dir='ltr'>χρείαν</span> <span class='ocrx_word' id='word_1_291' title='bbox 1069 3652 1259 3705; x_wconf 81' lang='grc' dir='ltr'>ἑαυτὸν</span> <span class='ocrx_word' id='word_1_292' title='bbox 1320 3650 1512 3722; x_wconf 80' lang='grc' dir='ltr'>ἔχοντα</span> <span class='ocrx_word' id='word_1_293' title='bbox 1542 3652 1758 3723; x_wconf 84' lang='grc' dir='ltr'>συνορᾷ.</span> 
     </span>
    </p>
   </div>
   <div class='ocr_carea' id='block_1_39' title="bbox 202 3740 1762 3813">
    <p class='ocr_par' dir='ltr' id='par_1_39' title="bbox 202 3740 1762 3813">
     <span class='ocr_line' id='line_1_39' title="bbox 202 3740 1762 3813; baseline 0.001 -20"><span class='ocrx_word' id='word_1_294' title='bbox 202 3740 355 3808; x_wconf 83' lang='grc' dir='ltr'><strong>Ἡγοῦ</strong></span> <span class='ocrx_word' id='word_1_295' title='bbox 364 3760 463 3813; x_wconf 85' lang='grc' dir='ltr'><strong>μαι</strong></span> <span class='ocrx_word' id='word_1_296' title='bbox 483 3743 595 3811; x_wconf 81' lang='grc' dir='ltr'><strong>γάρ</strong></span> <span class='ocrx_word' id='word_1_297' title='bbox 628 3742 685 3795; x_wconf 84' lang='grc' dir='ltr'>ὲν</span> <span class='ocrx_word' id='word_1_298' title='bbox 710 3744 919 3807; x_wconf 85' lang='grc' dir='ltr'>τούτοις</span> <span class='ocrx_word' id='word_1_299' title='bbox 940 3747 1052 3807; x_wconf 87' lang='grc' dir='ltr'>τοῖς</span> <span class='ocrx_word' id='word_1_300' title='bbox 1077 3744 1256 3813; x_wconf 87' lang='grc' dir='ltr'>λόγοις</span> <span class='ocrx_word' id='word_1_301' title='bbox 1281 3744 1379 3813; x_wconf 83' lang='grc' dir='ltr'>τῆς</span> <span class='ocrx_word' id='word_1_302' title='bbox 1438 3743 1623 3812; x_wconf 85' lang='grc' dir='ltr'>βίϐλου</span> <span class='ocrx_word' id='word_1_303' title='bbox 1673 3744 1762 3796; x_wconf 84' lang='grc' dir='ltr'><strong>τὸν</strong></span> 
     </span>
    </p>
   </div>
   <div class='ocr_carea' id='block_1_40' title="bbox 191 3834 1765 3907">
    <p class='ocr_par' dir='ltr' id='par_1_40' title="bbox 191 3834 1765 3907">
     <span class='ocr_line' id='line_1_40' title="bbox 191 3834 1765 3907; baseline 0.001 -22"><span class='ocrx_word' id='word_1_304' title='bbox 191 3834 359 3886; x_wconf 84' lang='grc' dir='ltr'>πάντα</span> <span class='ocrx_word' id='word_1_305' title='bbox 386 3834 500 3904; x_wconf 78' lang='grc' dir='ltr'>βίον</span> <span class='ocrx_word' id='word_1_306' title='bbox 530 3834 638 3887; x_wconf 82' lang='grc' dir='ltr'>τῶν</span> <span class='ocrx_word' id='word_1_307' title='bbox 663 3835 983 3907; x_wconf 78' lang='grc' dir='ltr'>ἀνθρώπων,</span> <span class='ocrx_word' id='word_1_308' title='bbox 1034 3837 1133 3898; x_wconf 83' lang='grc' dir='ltr'><strong>τάς</strong></span> <span class='ocrx_word' id='word_1_309' title='bbox 1189 3852 1247 3888; x_wconf 87' lang='grc' dir='ltr'><strong>τε</strong></span> <span class='ocrx_word' id='word_1_310' title='bbox 1298 3835 1395 3905; x_wconf 80' lang='grc' dir='ltr'>τῆς</span> <span class='ocrx_word' id='word_1_311' title='bbox 1434 3834 1609 3906; x_wconf 76' lang='grc' dir='ltr'>ψυχῆς</span> <span class='ocrx_word' id='word_1_312' title='bbox 1656 3835 1765 3887; x_wconf 88' lang='grc' dir='ltr'>δια-</span> 
     </span>
    </p>
   </div>
   <div class='ocr_carea' id='block_1_41' title="bbox 193 3914 1762 3995">
    <p class='ocr_par' dir='ltr' id='par_1_41' title="bbox 193 3914 1762 3995">
     <span class='ocr_line' id='line_1_41' title="bbox 193 3914 1762 3995; baseline 0.003 -22"><span class='ocrx_word' id='word_1_313' title='bbox 193 3921 379 3986; x_wconf 75' lang='grc' dir='ltr'>θέσεις,</span> <span class='ocrx_word' id='word_1_314' title='bbox 413 3925 512 3977; x_wconf 77' lang='grc' dir='ltr'><strong>καὶ</strong></span> <span class='ocrx_word' id='word_1_315' title='bbox 543 3923 611 3976; x_wconf 74' lang='grc' dir='ltr'><strong>τά</strong></span> <span class='ocrx_word' id='word_1_316' title='bbox 645 3924 751 3976; x_wconf 84' lang='grc' dir='ltr'><strong>τῶν</strong></span> <span class='ocrx_word' id='word_1_317' title='bbox 778 3924 1054 3994; x_wconf 82' lang='grc' dir='ltr'>λογισμῶν</span> <span class='ocrx_word' id='word_1_318' title='bbox 1082 3914 1355 3994; x_wconf 76' lang='grc' dir='ltr'>κινήματα</span> <span class='ocrx_word' id='word_1_319' title='bbox 1388 3922 1762 3995; x_wconf 82' lang='grc' dir='ltr'>μεμετρῆσθαι</span> 
     </span>
    </p>
   </div>
   <div class='ocr_carea' id='block_1_42' title="bbox 193 4010 1764 4085">
    <p class='ocr_par' dir='ltr' id='par_1_42' title="bbox 193 4010 1764 4085">
     <span class='ocr_line' id='line_1_42' title="bbox 193 4010 1764 4085; baseline -0.001 -20"><span class='ocrx_word' id='word_1_320' title='bbox 193 4013 279 4065; x_wconf 67' lang='grc' dir='ltr'><strong>καὶ</strong></span> <span class='ocrx_word' id='word_1_321' title='bbox 298 4012 669 4085; x_wconf 86' lang='grc' dir='ltr'>περιέχεσθαι·</span> <span class='ocrx_word' id='word_1_322' title='bbox 708 4014 801 4066; x_wconf 76' lang='grc' dir='ltr'>καὶ</span> <span class='ocrx_word' id='word_1_323' title='bbox 829 4013 993 4084; x_wconf 79' lang='grc' dir='ltr'>μηδὲν</span> <span class='ocrx_word' id='word_1_324' title='bbox 1015 4014 1175 4066; x_wconf 87' lang='grc' dir='ltr'>πλέον</span> <span class='ocrx_word' id='word_1_325' title='bbox 1202 4013 1407 4066; x_wconf 81' lang='grc' dir='ltr'>τούτων</span> <span class='ocrx_word' id='word_1_326' title='bbox 1455 4014 1513 4065; x_wconf 81' lang='grc' dir='ltr'>ὲν</span> <span class='ocrx_word' id='word_1_327' title='bbox 1558 4010 1764 4083; x_wconf 85' lang='grc' dir='ltr'>ἀνθρώ-</span> 
     </span>
    </p>
   </div>
   <div class='ocr_carea' id='block_1_43' title="bbox 192 4094 1764 4177">
    <p class='ocr_par' dir='ltr' id='par_1_43' title="bbox 192 4094 1764 4177">
     <span class='ocr_line' id='line_1_43' title="bbox 192 4094 1764 4177; baseline 0.001 -21"><span class='ocrx_word' id='word_1_328' title='bbox 192 4094 307 4169; x_wconf 78' lang='grc' dir='ltr'>ποις</span> <span class='ocrx_word' id='word_1_329' title='bbox 326 4105 701 4176; x_wconf 84' lang='grc' dir='ltr'>εὑρίσκεσθαι.</span> <span class='ocrx_word' id='word_1_330' title='bbox 726 4106 850 4159; x_wconf 77' lang='grc' dir='ltr'>Εἴτε</span> <span class='ocrx_word' id='word_1_331' title='bbox 882 4106 990 4177; x_wconf 79' lang='grc' dir='ltr'><strong>γάρ</strong></span> <span class='ocrx_word' id='word_1_332' title='bbox 1036 4106 1317 4177; x_wconf 83' lang='grc' dir='ltr'>μετανοίας</span> <span class='ocrx_word' id='word_1_333' title='bbox 1353 4105 1387 4177; x_wconf 83' lang='grc' dir='ltr'>ἢ</span> <span class='ocrx_word' id='word_1_334' title='bbox 1442 4104 1764 4176; x_wconf 80' lang='grc' dir='ltr'>ἐξομολογή-</span> 
     </span>
    </p>
   </div>
   <div class='ocr_carea' id='block_1_44' title="bbox 193 4194 1761 4268">
    <p class='ocr_par' dir='ltr' id='par_1_44' title="bbox 193 4194 1761 4268">
     <span class='ocr_line' id='line_1_44' title="bbox 193 4194 1761 4268; baseline 0.001 -21"><span class='ocrx_word' id='word_1_335' title='bbox 193 4211 321 4258; x_wconf 84' lang='grc' dir='ltr'>σεως</span> <span class='ocrx_word' id='word_1_336' title='bbox 357 4197 543 4268; x_wconf 80' lang='grc' dir='ltr'>χρεία,</span> <span class='ocrx_word' id='word_1_337' title='bbox 598 4196 631 4266; x_wconf 79' lang='grc' dir='ltr'><strong>ἦ</strong></span> <span class='ocrx_word' id='word_1_338' title='bbox 682 4195 860 4265; x_wconf 71' lang='grc' dir='ltr'>θλίψις</span> <span class='ocrx_word' id='word_1_339' title='bbox 904 4198 998 4249; x_wconf 78' lang='grc' dir='ltr'><strong>καὶ</strong></span> <span class='ocrx_word' id='word_1_340' title='bbox 1050 4196 1351 4267; x_wconf 81' lang='grc' dir='ltr'>πειρασμὸς</span> <span class='ocrx_word' id='word_1_341' title='bbox 1381 4194 1761 4266; x_wconf 84' lang='grc' dir='ltr'>κατέλαϐεν,ῆ</span> 
     </span>
    </p>
   </div>
   <div class='ocr_carea' id='block_1_45' title="bbox 192 4286 1762 4361">
    <p class='ocr_par' dir='ltr' id='par_1_45' title="bbox 192 4286 1762 4361">
     <span class='ocr_line' id='line_1_45' title="bbox 192 4286 1762 4361; baseline 0 -21"><span class='ocrx_word' id='word_1_342' title='bbox 192 4286 414 4360; x_wconf 67' lang='grc' dir='ltr'>ὲδιώχθη</span> <span class='ocrx_word' id='word_1_343' title='bbox 442 4306 552 4352; x_wconf 89' lang='grc' dir='ltr'>τις,</span> <span class='ocrx_word' id='word_1_344' title='bbox 609 4288 705 4341; x_wconf 71' lang='grc' dir='ltr'><strong>καὶ</strong></span> <span class='ocrx_word' id='word_1_345' title='bbox 750 4288 782 4359; x_wconf 87' lang='grc' dir='ltr'>ἢ</span> <span class='ocrx_word' id='word_1_346' title='bbox 836 4288 1313 4359; x_wconf 77' lang='grc' dir='ltr'>ἐπιϐουλευόμενος</span> <span class='ocrx_word' id='word_1_347' title='bbox 1333 4287 1594 4361; x_wconf 78' lang='grc' dir='ltr'>ὲρῤύσθη,</span> <span class='ocrx_word' id='word_1_348' title='bbox 1628 4290 1675 4340; x_wconf 90' lang='grc' dir='ltr'><strong>εί</strong></span> <span class='ocrx_word' id='word_1_349' title='bbox 1708 4288 1762 4340; x_wconf 83' lang='grc' dir='ltr'><strong>δὲ</strong></span> 
     </span>
    </p>
   </div>
   <div class='ocr_carea' id='block_1_46' title="bbox 191 4380 1764 4452">
    <p class='ocr_par' dir='ltr' id='par_1_46' title="bbox 191 4380 1764 4452">
     <span class='ocr_line' id='line_1_46' title="bbox 191 4380 1764 4452; baseline 0.002 -21"><span class='ocrx_word' id='word_1_350' title='bbox 191 4380 280 4433; x_wconf 75' lang='grc' dir='ltr'><strong>καὶ</strong></span> <span class='ocrx_word' id='word_1_351' title='bbox 302 4381 605 4449; x_wconf 82' lang='grc' dir='ltr'>περίλυπός</span> <span class='ocrx_word' id='word_1_352' title='bbox 630 4398 712 4444; x_wconf 90' lang='grc' dir='ltr'><strong>τις</strong></span> <span class='ocrx_word' id='word_1_353' title='bbox 740 4381 961 4449; x_wconf 88' lang='grc' dir='ltr'>γέγονεν</span> <span class='ocrx_word' id='word_1_354' title='bbox 1003 4383 1096 4435; x_wconf 79' lang='grc' dir='ltr'><strong>καὶ</strong></span> <span class='ocrx_word' id='word_1_355' title='bbox 1134 4381 1479 4452; x_wconf 83' lang='grc' dir='ltr'>ταράττεται,</span> <span class='ocrx_word' id='word_1_356' title='bbox 1520 4381 1613 4434; x_wconf 82' lang='grc' dir='ltr'>καὶ</span> <span class='ocrx_word' id='word_1_357' title='bbox 1660 4381 1764 4434; x_wconf 88' lang='grc' dir='ltr'>πά-</span> 
     </span>
    </p>
   </div>
   <div class='ocr_carea' id='block_1_47' title="bbox 1841 525 3410 597">
    <p class='ocr_par' dir='ltr' id='par_1_47' title="bbox 1841 525 3410 597">
     <span class='ocr_line' id='line_1_47' title="bbox 1841 525 3410 597; baseline 0.004 -18"><span class='ocrx_word' id='word_1_358' title='bbox 1841 543 1957 597; x_wconf 68' lang='lat' dir='ltr'><strong>gna:</strong></span> <span class='ocrx_word' id='word_1_359' title='bbox 2010 536 2138 581; x_wconf 91' lang='lat' dir='ltr'><strong>sunt</strong></span> <span class='ocrx_word' id='word_1_360' title='bbox 2182 526 2419 581; x_wconf 72' lang='lat' dir='ltr'><strong>utilitati.</strong></span> <span class='ocrx_word' id='word_1_361' title='bbox 2480 525 2676 581; x_wconf 87' lang='lat' dir='ltr'><strong>Beatus</strong></span> <span class='ocrx_word' id='word_1_362' title='bbox 2729 527 2892 597; x_wconf 87' lang='lat' dir='ltr'><strong>igitur</strong></span> <span class='ocrx_word' id='word_1_363' title='bbox 2925 527 3116 592; x_wconf 84' lang='lat' dir='ltr'><strong>David,</strong></span> <span class='ocrx_word' id='word_1_364' title='bbox 3170 546 3293 584; x_wconf 91' lang='lat' dir='ltr'><strong>cum</strong></span> <span class='ocrx_word' id='word_1_365' title='bbox 3344 546 3410 585; x_wconf 88' lang='lat' dir='ltr'><strong>eo</strong></span> 
     </span>
    </p>
   </div>
   <div class='ocr_carea' id='block_1_48' title="bbox 1843 618 3411 688">
    <p class='ocr_par' dir='ltr' id='par_1_48' title="bbox 1843 618 3411 688">
     <span class='ocr_line' id='line_1_48' title="bbox 1843 618 3411 688; baseline 0.002 -18"><span class='ocrx_word' id='word_1_366' title='bbox 1843 619 2005 672; x_wconf 88' lang='lat' dir='ltr'><strong>modo</strong></span> <span class='ocrx_word' id='word_1_367' title='bbox 2037 618 2187 673; x_wconf 84' lang='lat' dir='ltr'><strong>Sauli</strong></span> <span class='ocrx_word' id='word_1_368' title='bbox 2217 619 2489 688; x_wconf 81' lang='lat' dir='ltr'><strong>psalleret,</strong></span> <span class='ocrx_word' id='word_1_369' title='bbox 2523 634 2629 671; x_wconf 82' lang='lat' dir='ltr'><strong>non</strong></span> <span class='ocrx_word' id='word_1_370' title='bbox 2665 619 2841 673; x_wconf 89' lang='lat' dir='ltr'><strong>solum</strong></span> <span class='ocrx_word' id='word_1_371' title='bbox 2887 618 2997 673; x_wconf 90' lang='lat' dir='ltr'><strong>Deo</strong></span> <span class='ocrx_word' id='word_1_372' title='bbox 3025 620 3290 688; x_wconf 87' lang='lat' dir='ltr'><strong>placebat,</strong></span> <span class='ocrx_word' id='word_1_373' title='bbox 3316 620 3411 675; x_wconf 81' lang='lat' dir='ltr'><strong>sed</strong></span> 
     </span>
    </p>
   </div>
   <div class='ocr_carea' id='block_1_49' title="bbox 1842 712 3414 782">
    <p class='ocr_par' dir='ltr' id='par_1_49' title="bbox 1842 712 3414 782">
     <span class='ocr_line' id='line_1_49' title="bbox 1842 712 3414 782; baseline 0.003 -17"><span class='ocrx_word' id='word_1_374' title='bbox 1842 722 1896 766; x_wconf 91' lang='lat' dir='ltr'><strong>et</strong></span> <span class='ocrx_word' id='word_1_375' title='bbox 1956 714 2422 782; x_wconf 80' lang='lat' dir='ltr'><strong>perturbationem</strong></span> <span class='ocrx_word' id='word_1_376' title='bbox 2487 721 2542 768; x_wconf 91' lang='lat' dir='ltr'><strong>et</strong></span> <span class='ocrx_word' id='word_1_377' title='bbox 2593 712 2804 768; x_wconf 82' lang='lat' dir='ltr'><strong>furoris</strong></span> <span class='ocrx_word' id='word_1_378' title='bbox 2843 714 3095 769; x_wconf 83' lang='lat' dir='ltr'><strong>morbum</strong></span> <span class='ocrx_word' id='word_1_379' title='bbox 3130 730 3195 769; x_wconf 82' lang='lat' dir='ltr'><strong>ex</strong></span> <span class='ocrx_word' id='word_1_380' title='bbox 3250 714 3414 770; x_wconf 82' lang='lat' dir='ltr'><strong>Saule</strong></span> 
     </span>
    </p>
   </div>
   <div class='ocr_carea' id='block_1_50' title="bbox 1842 803 3409 875">
    <p class='ocr_par' dir='ltr' id='par_1_50' title="bbox 1842 803 3409 875">
     <span class='ocr_line' id='line_1_50' title="bbox 1842 803 3409 875; baseline 0.001 -20"><span class='ocrx_word' id='word_1_381' title='bbox 1842 803 2106 871; x_wconf 87' lang='lat' dir='ltr'><strong>abigebat,</strong></span> <span class='ocrx_word' id='word_1_382' title='bbox 2135 804 2468 872; x_wconf 86' lang='lat' dir='ltr'><strong>parabatquc</strong></span> <span class='ocrx_word' id='word_1_383' title='bbox 2498 803 2643 859; x_wconf 92' lang='lat' dir='ltr'><strong>illius</strong></span> <span class='ocrx_word' id='word_1_384' title='bbox 2664 805 2859 858; x_wconf 63' lang='lat' dir='ltr'><strong>animae</strong></span> <span class='ocrx_word' id='word_1_385' title='bbox 2882 806 3326 875; x_wconf 84' lang='lat' dir='ltr'><strong>tranquillitatem</strong></span> <span class='ocrx_word' id='word_1_386' title='bbox 3346 807 3409 857; x_wconf 80' lang='lat'><strong>”.</strong></span> 
     </span>
    </p>
   </div>
   <div class='ocr_carea' id='block_1_51' title="bbox 1844 891 3409 966">
    <p class='ocr_par' dir='ltr' id='par_1_51' title="bbox 1844 891 3409 966">
     <span class='ocr_line' id='line_1_51' title="bbox 1844 891 3409 966; baseline 0.002 -21"><span class='ocrx_word' id='word_1_387' title='bbox 1844 891 1918 945; x_wconf 86' lang='lat' dir='ltr'><strong>lta</strong></span> <span class='ocrx_word' id='word_1_388' title='bbox 1959 908 2177 962; x_wconf 91' lang='lat' dir='ltr'><strong>quoque</strong></span> <span class='ocrx_word' id='word_1_389' title='bbox 2221 894 2535 949; x_wconf 87' lang='lat' dir='ltr'><strong>sacerdotes</strong></span> <span class='ocrx_word' id='word_1_390' title='bbox 2561 894 2688 948; x_wconf 90' lang='lat' dir='ltr'><strong>dum</strong></span> <span class='ocrx_word' id='word_1_391' title='bbox 2733 894 3048 964; x_wconf 85' lang='lat' dir='ltr'><strong>psallerent,</strong></span> <span class='ocrx_word' id='word_1_392' title='bbox 3082 897 3409 966; x_wconf 89' lang='lat' dir='ltr'><strong>populorum</strong></span> 
     </span>
    </p>
   </div>
   <div class='ocr_carea' id='block_1_52' title="bbox 1846 986 3411 1057">
    <p class='ocr_par' dir='ltr' id='par_1_52' title="bbox 1846 986 3411 1057">
     <span class='ocr_line' id='line_1_52' title="bbox 1846 986 3411 1057; baseline 0.001 -19"><span class='ocrx_word' id='word_1_393' title='bbox 1846 986 2057 1039; x_wconf 87' lang='lat' dir='ltr'><strong>animos</strong></span> <span class='ocrx_word' id='word_1_394' title='bbox 2087 987 2151 1040; x_wconf 90' lang='lat' dir='ltr'><strong>ad</strong></span> <span class='ocrx_word' id='word_1_395' title='bbox 2177 987 2619 1057; x_wconf 82' lang='lat' dir='ltr'><strong>tranquillitatem</strong></span> <span class='ocrx_word' id='word_1_396' title='bbox 2637 988 2974 1042; x_wconf 84' lang='lat' dir='ltr'><strong>advocabant</strong></span> <span class='ocrx_word' id='word_1_397' title='bbox 3001 996 3055 1041; x_wconf 90' lang='lat' dir='ltr'><strong>et</strong></span> <span class='ocrx_word' id='word_1_398' title='bbox 3085 990 3151 1042; x_wconf 86' lang='lat' dir='ltr'><strong>ad</strong></span> <span class='ocrx_word' id='word_1_399' title='bbox 3183 1003 3411 1043; x_wconf 87' lang='lat' dir='ltr'><strong>concor-</strong></span> 
     </span>
    </p>
   </div>
   <div class='ocr_carea' id='block_1_53' title="bbox 1845 1077 3413 1148">
    <p class='ocr_par' dir='ltr' id='par_1_53' title="bbox 1845 1077 3413 1148">
     <span class='ocr_line' id='line_1_53' title="bbox 1845 1077 3413 1148; baseline 0 -17"><span class='ocrx_word' id='word_1_400' title='bbox 1845 1077 1989 1131; x_wconf 89' lang='lat' dir='ltr'><strong>diam</strong></span> <span class='ocrx_word' id='word_1_401' title='bbox 2024 1092 2145 1132; x_wconf 89' lang='lat' dir='ltr'><strong>cum</strong></span> <span class='ocrx_word' id='word_1_402' title='bbox 2184 1080 2250 1133; x_wconf 88' lang='lat' dir='ltr'><strong>iis</strong></span> <span class='ocrx_word' id='word_1_403' title='bbox 2291 1079 2383 1148; x_wconf 90' lang='lat' dir='ltr'><strong>qui</strong></span> <span class='ocrx_word' id='word_1_404' title='bbox 2431 1079 2482 1131; x_wconf 92' lang='lat' dir='ltr'><strong>in</strong></span> <span class='ocrx_word' id='word_1_405' title='bbox 2536 1079 2689 1133; x_wconf 76' lang='lat' dir='ltr'><strong>ccelis</strong></span> <span class='ocrx_word' id='word_1_406' title='bbox 2737 1079 2965 1133; x_wconf 89' lang='lat' dir='ltr'><strong>choreas</strong></span> <span class='ocrx_word' id='word_1_407' title='bbox 3017 1088 3202 1147; x_wconf 79' lang='lat' dir='ltr'><strong>agunt.</strong></span> <span class='ocrx_word' id='word_1_408' title='bbox 3257 1078 3413 1145; x_wconf 84' lang='lat' dir='ltr'><strong>Quod</strong></span> 
     </span>
    </p>
   </div>
   <div class='ocr_carea' id='block_1_54' title="bbox 1847 1168 3413 1239">
    <p class='ocr_par' dir='ltr' id='par_1_54' title="bbox 1847 1168 3413 1239">
     <span class='ocr_line' id='line_1_54' title="bbox 1847 1168 3413 1239; baseline 0.001 -18"><span class='ocrx_word' id='word_1_409' title='bbox 1847 1168 2028 1237; x_wconf 86' lang='lat' dir='ltr'><strong>itaque</strong></span> <span class='ocrx_word' id='word_1_410' title='bbox 2073 1184 2197 1222; x_wconf 92' lang='lat' dir='ltr'><strong>cum</strong></span> <span class='ocrx_word' id='word_1_411' title='bbox 2240 1169 2611 1223; x_wconf 88' lang='lat' dir='ltr'><strong>modulatione</strong></span> <span class='ocrx_word' id='word_1_412' title='bbox 2654 1170 2848 1239; x_wconf 88' lang='lat' dir='ltr'><strong>psalmi</strong></span> <span class='ocrx_word' id='word_1_413' title='bbox 2895 1170 3168 1237; x_wconf 89' lang='lat' dir='ltr'><strong>dicantur,</strong></span> <span class='ocrx_word' id='word_1_414' title='bbox 3205 1171 3257 1225; x_wconf 87' lang='lat' dir='ltr'><strong>id</strong></span> <span class='ocrx_word' id='word_1_415' title='bbox 3304 1185 3413 1223; x_wconf 90' lang='lat' dir='ltr'><strong>non</strong></span> 
     </span>
    </p>
   </div>
   <div class='ocr_carea' id='block_1_55' title="bbox 1847 1260 3414 1331">
    <p class='ocr_par' dir='ltr' id='par_1_55' title="bbox 1847 1260 3414 1331">
     <span class='ocr_line' id='line_1_55' title="bbox 1847 1260 3414 1331; baseline 0.001 -18"><span class='ocrx_word' id='word_1_416' title='bbox 1847 1260 1907 1313; x_wconf 87' lang='lat' dir='ltr'><strong>ﬁt</strong></span> <span class='ocrx_word' id='word_1_417' title='bbox 1940 1276 2006 1313; x_wconf 83' lang='lat' dir='ltr'><strong>ex</strong></span> <span class='ocrx_word' id='word_1_418' title='bbox 2029 1261 2213 1314; x_wconf 81' lang='lat' dir='ltr'><strong>suavis</strong></span> <span class='ocrx_word' id='word_1_419' title='bbox 2235 1271 2534 1314; x_wconf 89' lang='lat' dir='ltr'><strong>concentus</strong></span> <span class='ocrx_word' id='word_1_420' title='bbox 2563 1261 2764 1323; x_wconf 90' lang='lat' dir='ltr'><strong>studio,</strong></span> <span class='ocrx_word' id='word_1_421' title='bbox 2802 1262 2895 1315; x_wconf 88' lang='lat' dir='ltr'><strong>sed</strong></span> <span class='ocrx_word' id='word_1_422' title='bbox 2926 1262 3138 1331; x_wconf 80' lang='lat' dir='ltr'><strong>signum</strong></span> <span class='ocrx_word' id='word_1_423' title='bbox 3175 1270 3258 1316; x_wconf 90' lang='lat' dir='ltr'><strong>est</strong></span> <span class='ocrx_word' id='word_1_424' title='bbox 3284 1263 3414 1316; x_wconf 87' lang='lat' dir='ltr'><strong>har-</strong></span> 
     </span>
    </p>
   </div>
   <div class='ocr_carea' id='block_1_56' title="bbox 1847 1350 3417 1422">
    <p class='ocr_par' dir='ltr' id='par_1_56' title="bbox 1847 1350 3417 1422">
     <span class='ocr_line' id='line_1_56' title="bbox 1847 1350 3417 1422; baseline 0.002 -20"><span class='ocrx_word' id='word_1_425' title='bbox 1847 1351 2041 1403; x_wconf 69' lang='lat' dir='ltr'><strong>moniae</strong></span> <span class='ocrx_word' id='word_1_426' title='bbox 2083 1351 2471 1420; x_wconf 81' lang='lat' dir='ltr'><strong>cogitationum</strong></span> <span class='ocrx_word' id='word_1_427' title='bbox 2504 1353 2717 1406; x_wconf 64' lang='lat' dir='ltr'><strong>animai.</strong></span> <span class='ocrx_word' id='word_1_428' title='bbox 2768 1350 3205 1422; x_wconf 76' lang='lat' dir='ltr'><strong>liarmonicaque</strong></span> <span class='ocrx_word' id='word_1_429' title='bbox 3255 1353 3417 1408; x_wconf 89' lang='lat' dir='ltr'><strong>lectio</strong></span> 
     </span>
    </p>
   </div>
   <div class='ocr_carea' id='block_1_57' title="bbox 1849 1440 3407 1511">
    <p class='ocr_par' dir='ltr' id='par_1_57' title="bbox 1849 1440 3407 1511">
     <span class='ocr_line' id='line_1_57' title="bbox 1849 1440 3407 1511; baseline 0.002 -17"><span class='ocrx_word' id='word_1_430' title='bbox 1849 1440 2109 1496; x_wconf 90' lang='lat' dir='ltr'><strong>indicium</strong></span> <span class='ocrx_word' id='word_1_431' title='bbox 2140 1451 2224 1496; x_wconf 86' lang='lat' dir='ltr'><strong>est</strong></span> <span class='ocrx_word' id='word_1_432' title='bbox 2266 1443 2462 1496; x_wconf 68' lang='lat' dir='ltr'><strong>animae</strong></span> <span class='ocrx_word' id='word_1_433' title='bbox 2508 1453 2653 1496; x_wconf 84' lang='lat' dir='ltr'><strong>recte</strong></span> <span class='ocrx_word' id='word_1_434' title='bbox 2673 1443 3004 1511; x_wconf 63' lang='lat' dir='ltr'><strong>compositae</strong></span> <span class='ocrx_word' id='word_1_435' title='bbox 3057 1453 3221 1511; x_wconf 88' lang='lat' dir='ltr'><strong>atque</strong></span> <span class='ocrx_word' id='word_1_436' title='bbox 3267 1454 3407 1497; x_wconf 81' lang='lat' dir='ltr'><strong>tran-</strong></span> 
     </span>
    </p>
   </div>
   <div class='ocr_carea' id='block_1_58' title="bbox 1849 1534 3420 1605">
    <p class='ocr_par' dir='ltr' id='par_1_58' title="bbox 1849 1534 3420 1605">
     <span class='ocr_line' id='line_1_58' title="bbox 1849 1534 3420 1605; baseline 0 -15"><span class='ocrx_word' id='word_1_437' title='bbox 1849 1537 2049 1605; x_wconf 67' lang='lat' dir='ltr'><strong>quillae.</strong></span> <span class='ocrx_word' id='word_1_438' title='bbox 2083 1535 2293 1589; x_wconf 87' lang='lat' dir='ltr'><strong>Etenim</strong></span> <span class='ocrx_word' id='word_1_439' title='bbox 2321 1535 2490 1590; x_wconf 87' lang='lat' dir='ltr'><strong>Deum</strong></span> <span class='ocrx_word' id='word_1_440' title='bbox 2519 1534 2741 1588; x_wconf 86' lang='lat' dir='ltr'><strong>laudare</strong></span> <span class='ocrx_word' id='word_1_441' title='bbox 2781 1534 2835 1587; x_wconf 91' lang='lat' dir='ltr'><strong>in</strong></span> <span class='ocrx_word' id='word_1_442' title='bbox 2872 1534 3137 1604; x_wconf 79' lang='lat' dir='ltr'><strong>cymbalis</strong></span> <span class='ocrx_word' id='word_1_443' title='bbox 3165 1536 3303 1590; x_wconf 88' lang='lat' dir='ltr'><strong>bene</strong></span> <span class='ocrx_word' id='word_1_444' title='bbox 3326 1550 3420 1590; x_wconf 88' lang='lat' dir='ltr'><strong>so-</strong></span> 
     </span>
    </p>
   </div>
   <div class='ocr_carea' id='block_1_59' title="bbox 1850 1625 3419 1696">
    <p class='ocr_par' dir='ltr' id='par_1_59' title="bbox 1850 1625 3419 1696">
     <span class='ocr_line' id='line_1_59' title="bbox 1850 1625 3419 1696; baseline -0.001 -15"><span class='ocrx_word' id='word_1_445' title='bbox 1850 1630 2126 1691; x_wconf 88' lang='lat' dir='ltr'><strong>nantibus,</strong></span> <span class='ocrx_word' id='word_1_446' title='bbox 2158 1629 2212 1682; x_wconf 92' lang='lat' dir='ltr'><strong>in</strong></span> <span class='ocrx_word' id='word_1_447' title='bbox 2265 1629 2477 1683; x_wconf 84' lang='lat' dir='ltr'><strong>cithara</strong></span> <span class='ocrx_word' id='word_1_448' title='bbox 2520 1637 2574 1682; x_wconf 87' lang='lat' dir='ltr'><strong>et</strong></span> <span class='ocrx_word' id='word_1_449' title='bbox 2630 1628 2972 1682; x_wconf 87' lang='lat' dir='ltr'><strong>decachordo</strong></span> <span class='ocrx_word' id='word_1_450' title='bbox 3023 1626 3280 1696; x_wconf 85' lang='lat' dir='ltr'><strong>psalterio</strong></span> <span class='ocrx_word' id='word_1_451' title='bbox 3332 1625 3419 1689; x_wconf 77' lang='grc' dir='ltr'><strong>⁸ο,</strong></span> 
     </span>
    </p>
   </div>
   <div class='ocr_carea' id='block_1_60' title="bbox 1852 1718 3420 1792">
    <p class='ocr_par' dir='ltr' id='par_1_60' title="bbox 1852 1718 3420 1792">
     <span class='ocr_line' id='line_1_60' title="bbox 1852 1718 3420 1792; baseline -0.002 -17"><span class='ocrx_word' id='word_1_452' title='bbox 1852 1731 2230 1792; x_wconf 82' lang='lat' dir='ltr'><strong>argumentum</strong></span> <span class='ocrx_word' id='word_1_453' title='bbox 2271 1720 2402 1775; x_wconf 88' lang='lat' dir='ltr'><strong>illud</strong></span> <span class='ocrx_word' id='word_1_454' title='bbox 2458 1732 2576 1775; x_wconf 86' lang='lat' dir='ltr'><strong>erat</strong></span> <span class='ocrx_word' id='word_1_455' title='bbox 2637 1730 2692 1775; x_wconf 88' lang='lat' dir='ltr'><strong>et</strong></span> <span class='ocrx_word' id='word_1_456' title='bbox 2753 1721 2969 1789; x_wconf 84' lang='lat' dir='ltr'><strong>signum</strong></span> <span class='ocrx_word' id='word_1_457' title='bbox 3007 1718 3253 1773; x_wconf 88' lang='lat' dir='ltr'><strong>membra</strong></span> <span class='ocrx_word' id='word_1_458' title='bbox 3300 1733 3420 1773; x_wconf 89' lang='lat' dir='ltr'><strong>cor-</strong></span> 
     </span>
    </p>
   </div>
   <div class='ocr_carea' id='block_1_61' title="bbox 1851 1812 3421 1885">
    <p class='ocr_par' dir='ltr' id='par_1_61' title="bbox 1851 1812 3421 1885">
     <span class='ocr_line' id='line_1_61' title="bbox 1851 1812 3421 1885; baseline -0.003 -16"><span class='ocrx_word' id='word_1_459' title='bbox 1851 1815 2020 1885; x_wconf 87' lang='lat' dir='ltr'><strong>poris,</strong></span> <span class='ocrx_word' id='word_1_460' title='bbox 2052 1815 2225 1870; x_wconf 88' lang='lat' dir='ltr'><strong>instar</strong></span> <span class='ocrx_word' id='word_1_461' title='bbox 2251 1815 2603 1879; x_wconf 83' lang='lat' dir='ltr'><strong>chordarum,</strong></span> <span class='ocrx_word' id='word_1_462' title='bbox 2637 1814 2737 1867; x_wconf 89' lang='lat' dir='ltr'><strong>rite</strong></span> <span class='ocrx_word' id='word_1_463' title='bbox 2762 1812 3066 1883; x_wconf 86' lang='lat' dir='ltr'><strong>composita</strong></span> <span class='ocrx_word' id='word_1_464' title='bbox 3094 1826 3238 1876; x_wconf 89' lang='lat' dir='ltr'><strong>esse,</strong></span> <span class='ocrx_word' id='word_1_465' title='bbox 3271 1812 3421 1882; x_wconf 59' lang='lat' dir='ltr'><strong>cosi—</strong></span> 
     </span>
    </p>
   </div>
   <div class='ocr_carea' id='block_1_62' title="bbox 1853 1904 3425 1976">
    <p class='ocr_par' dir='ltr' id='par_1_62' title="bbox 1853 1904 3425 1976">
     <span class='ocr_line' id='line_1_62' title="bbox 1853 1904 3425 1976; baseline -0.001 -15"><span class='ocrx_word' id='word_1_466' title='bbox 1853 1908 2194 1976; x_wconf 89' lang='lat' dir='ltr'><strong>tationesque</strong></span> <span class='ocrx_word' id='word_1_467' title='bbox 2230 1908 2426 1960; x_wconf 67' lang='lat' dir='ltr'><strong>animae</strong></span> <span class='ocrx_word' id='word_1_468' title='bbox 2455 1906 2597 1960; x_wconf 85' lang='lat' dir='ltr'><strong>sicut</strong></span> <span class='ocrx_word' id='word_1_469' title='bbox 2637 1904 2883 1975; x_wconf 80' lang='lat' dir='ltr'><strong>cymbala</strong></span> <span class='ocrx_word' id='word_1_470' title='bbox 2927 1919 3068 1968; x_wconf 89' lang='lat' dir='ltr'><strong>esse,</strong></span> <span class='ocrx_word' id='word_1_471' title='bbox 3102 1919 3167 1959; x_wconf 89' lang='lat' dir='ltr'><strong>ac</strong></span> <span class='ocrx_word' id='word_1_472' title='bbox 3190 1904 3425 1973; x_wconf 83' lang='lat' dir='ltr'><strong>denique</strong></span> 
     </span>
    </p>
   </div>
   <div class='ocr_carea' id='block_1_63' title="bbox 1854 1995 3417 2067">
    <p class='ocr_par' dir='ltr' id='par_1_63' title="bbox 1854 1995 3417 2067">
     <span class='ocr_line' id='line_1_63' title="bbox 1854 1995 3417 2067; baseline -0.003 -14"><span class='ocrx_word' id='word_1_473' title='bbox 1854 2012 2010 2064; x_wconf 91' lang='lat' dir='ltr'><strong>sono,</strong></span> <span class='ocrx_word' id='word_1_474' title='bbox 2066 2006 2119 2051; x_wconf 89' lang='lat' dir='ltr'><strong>et</strong></span> <span class='ocrx_word' id='word_1_475' title='bbox 2148 2006 2283 2051; x_wconf 90' lang='lat' dir='ltr'><strong>nutu</strong></span> <span class='ocrx_word' id='word_1_476' title='bbox 2329 1998 2554 2067; x_wconf 87' lang='lat' dir='ltr'><strong>spiritus</strong></span> <span class='ocrx_word' id='word_1_477' title='bbox 2602 1996 2715 2051; x_wconf 68' lang='lat' dir='ltr'><strong>htec</strong></span> <span class='ocrx_word' id='word_1_478' title='bbox 2754 1996 2939 2051; x_wconf 88' lang='lat' dir='ltr'><strong>omnia</strong></span> <span class='ocrx_word' id='word_1_479' title='bbox 2992 1996 3199 2052; x_wconf 85' lang='lat' dir='ltr'><strong>moveri</strong></span> <span class='ocrx_word' id='word_1_480' title='bbox 3242 2004 3297 2050; x_wconf 91' lang='lat' dir='ltr'><strong>et</strong></span> <span class='ocrx_word' id='word_1_481' title='bbox 3342 1995 3417 2049; x_wconf 83' lang='lat' dir='ltr'><strong>vi-</strong></span> 
     </span>
    </p>
   </div>
   <div class='ocr_carea' id='block_1_64' title="bbox 1852 2086 3422 2157">
    <p class='ocr_par' dir='ltr' id='par_1_64' title="bbox 1852 2086 3422 2157">
     <span class='ocr_line' id='line_1_64' title="bbox 1852 2086 3422 2157; baseline -0.001 -14"><span class='ocrx_word' id='word_1_482' title='bbox 1852 2104 2009 2154; x_wconf 87' lang='lat' dir='ltr'><strong>vere;</strong></span> <span class='ocrx_word' id='word_1_483' title='bbox 2043 2103 2107 2142; x_wconf 85' lang='lat' dir='ltr'><strong>ac</strong></span> <span class='ocrx_word' id='word_1_484' title='bbox 2140 2087 2386 2157; x_wconf 84' lang='lat' dir='ltr'><strong>proinde,</strong></span> <span class='ocrx_word' id='word_1_485' title='bbox 2415 2088 2716 2142; x_wconf 88' lang='lat' dir='ltr'><strong>secundum</strong></span> <span class='ocrx_word' id='word_1_486' title='bbox 2743 2086 2889 2156; x_wconf 91' lang='lat' dir='ltr'><strong>quod</strong></span> <span class='ocrx_word' id='word_1_487' title='bbox 2928 2087 3192 2156; x_wconf 88' lang='lat' dir='ltr'><strong>scriptum</strong></span> <span class='ocrx_word' id='word_1_488' title='bbox 3222 2098 3305 2143; x_wconf 87' lang='lat' dir='ltr'><strong>est</strong></span> <span class='ocrx_word' id='word_1_489' title='bbox 3338 2088 3380 2118; x_wconf 77' lang='grc'><strong>³¹</strong></span> <span class='ocrx_word' id='word_1_490' title='bbox 3405 2126 3422 2151; x_wconf 84' lang='grc'><strong>,</strong></span> 
     </span>
    </p>
   </div>
   <div class='ocr_carea' id='block_1_65' title="bbox 1852 2180 3423 2251">
    <p class='ocr_par' dir='ltr' id='par_1_65' title="bbox 1852 2180 3423 2251">
     <span class='ocr_line' id='line_1_65' title="bbox 1852 2180 3423 2251; baseline -0.001 -17"><span class='ocrx_word' id='word_1_491' title='bbox 1852 2182 2043 2250; x_wconf 75' lang='lat' dir='ltr'><strong>spiritu</strong></span> <span class='ocrx_word' id='word_1_492' title='bbox 2090 2181 2298 2251; x_wconf 79' lang='lat' dir='ltr'><strong>quidem</strong></span> <span class='ocrx_word' id='word_1_493' title='bbox 2350 2180 2607 2234; x_wconf 80' lang='lat' dir='ltr'><strong>hominem</strong></span> <span class='ocrx_word' id='word_1_494' title='bbox 2665 2182 2848 2245; x_wconf 72' lang='lat' dir='ltr'><strong>virere,</strong></span> <span class='ocrx_word' id='word_1_495' title='bbox 2898 2189 2947 2235; x_wconf 84' lang='lat' dir='ltr'><strong>et</strong></span> <span class='ocrx_word' id='word_1_496' title='bbox 2991 2181 3137 2249; x_wconf 80' lang='lat' dir='ltr'><strong>facta</strong></span> <span class='ocrx_word' id='word_1_497' title='bbox 3189 2180 3423 2247; x_wconf 76' lang='lat' dir='ltr'><strong>corporis</strong></span> 
     </span>
    </p>
   </div>
   <div class='ocr_carea' id='block_1_66' title="bbox 1854 2269 3423 2341">
    <p class='ocr_par' dir='ltr' id='par_1_66' title="bbox 1854 2269 3423 2341">
     <span class='ocr_line' id='line_1_66' title="bbox 1854 2269 3423 2341; baseline 0.001 -17"><span class='ocrx_word' id='word_1_498' title='bbox 1854 2271 2194 2339; x_wconf 83' lang='lat' dir='ltr'><strong>morti/icore.</strong></span> <span class='ocrx_word' id='word_1_499' title='bbox 2232 2269 2593 2337; x_wconf 85' lang='lat' dir='ltr'><strong>Quamobrem</strong></span> <span class='ocrx_word' id='word_1_500' title='bbox 2628 2271 2721 2341; x_wconf 90' lang='lat' dir='ltr'><strong>qui</strong></span> <span class='ocrx_word' id='word_1_501' title='bbox 2756 2280 2901 2326; x_wconf 89' lang='lat' dir='ltr'><strong>recte</strong></span> <span class='ocrx_word' id='word_1_502' title='bbox 2950 2272 3148 2340; x_wconf 85' lang='lat' dir='ltr'><strong>psallit,</strong></span> <span class='ocrx_word' id='word_1_503' title='bbox 3183 2271 3423 2325; x_wconf 89' lang='lat' dir='ltr'><strong>animam</strong></span> 
     </span>
    </p>
   </div>
   <div class='ocr_carea' id='block_1_67' title="bbox 1855 2361 3427 2433">
    <p class='ocr_par' dir='ltr' id='par_1_67' title="bbox 1855 2361 3427 2433">
     <span class='ocr_line' id='line_1_67' title="bbox 1855 2361 3427 2433; baseline -0.001 -15"><span class='ocrx_word' id='word_1_504' title='bbox 1855 2379 2007 2419; x_wconf 85' lang='lat' dir='ltr'><strong>suam</strong></span> <span class='ocrx_word' id='word_1_505' title='bbox 2035 2364 2331 2433; x_wconf 83' lang='lat' dir='ltr'><strong>componit,</strong></span> <span class='ocrx_word' id='word_1_506' title='bbox 2357 2373 2409 2417; x_wconf 87' lang='lat' dir='ltr'><strong>et</strong></span> <span class='ocrx_word' id='word_1_507' title='bbox 2450 2364 2609 2432; x_wconf 87' lang='lat' dir='ltr'><strong>quasi</strong></span> <span class='ocrx_word' id='word_1_508' title='bbox 2646 2378 2711 2417; x_wconf 80' lang='lat' dir='ltr'><strong>ex</strong></span> <span class='ocrx_word' id='word_1_509' title='bbox 2741 2362 3113 2432; x_wconf 73' lang='lat' dir='ltr'><strong>inaequalitate</strong></span> <span class='ocrx_word' id='word_1_510' title='bbox 3145 2361 3213 2416; x_wconf 89' lang='lat' dir='ltr'><strong>ad</strong></span> <span class='ocrx_word' id='word_1_511' title='bbox 3244 2378 3427 2432; x_wconf 71' lang='lat' dir='ltr'><strong>aequa-</strong></span> 
     </span>
    </p>
   </div>
   <div class='ocr_carea' id='block_1_68' title="bbox 1854 2453 3425 2519">
    <p class='ocr_par' dir='ltr' id='par_1_68' title="bbox 1854 2453 3425 2519">
     <span class='ocr_line' id='line_1_68' title="bbox 1854 2453 3425 2519; baseline -0.001 -12"><span class='ocrx_word' id='word_1_512' title='bbox 1854 2455 2060 2508; x_wconf 90' lang='lat' dir='ltr'><strong>litatem</strong></span> <span class='ocrx_word' id='word_1_513' title='bbox 2096 2453 2352 2519; x_wconf 89' lang='lat' dir='ltr'><strong>adducit;</strong></span> <span class='ocrx_word' id='word_1_514' title='bbox 2386 2454 2457 2506; x_wconf 89' lang='lat' dir='ltr'><strong>ita</strong></span> <span class='ocrx_word' id='word_1_515' title='bbox 2491 2461 2549 2506; x_wconf 92' lang='lat' dir='ltr'><strong>ut</strong></span> <span class='ocrx_word' id='word_1_516' title='bbox 2599 2453 2897 2508; x_wconf 90' lang='lat' dir='ltr'><strong>secundum</strong></span> <span class='ocrx_word' id='word_1_517' title='bbox 2949 2462 3203 2507; x_wconf 88' lang='lat' dir='ltr'><strong>naturam</strong></span> <span class='ocrx_word' id='word_1_518' title='bbox 3237 2454 3425 2507; x_wconf 89' lang='lat' dir='ltr'><strong>consi-</strong></span> 
     </span>
    </p>
   </div>
   <div class='ocr_carea' id='block_1_69' title="bbox 1856 2544 3426 2616">
    <p class='ocr_par' dir='ltr' id='par_1_69' title="bbox 1856 2544 3426 2616">
     <span class='ocr_line' id='line_1_69' title="bbox 1856 2544 3426 2616; baseline -0.002 -14"><span class='ocrx_word' id='word_1_519' title='bbox 1856 2557 2005 2602; x_wconf 89' lang='lat' dir='ltr'><strong>stens</strong></span> <span class='ocrx_word' id='word_1_520' title='bbox 2039 2562 2069 2600; x_wconf 90' lang='lat' dir='ltr'><strong>a</strong></span> <span class='ocrx_word' id='word_1_521' title='bbox 2102 2546 2253 2601; x_wconf 90' lang='lat' dir='ltr'><strong>nullo</strong></span> <span class='ocrx_word' id='word_1_522' title='bbox 2285 2554 2670 2616; x_wconf 88' lang='lat' dir='ltr'><strong>perterreatur,</strong></span> <span class='ocrx_word' id='word_1_523' title='bbox 2709 2546 2839 2615; x_wconf 89' lang='lat' dir='ltr'><strong>quin</strong></span> <span class='ocrx_word' id='word_1_524' title='bbox 2888 2544 3070 2615; x_wconf 91' lang='lat' dir='ltr'><strong>potius</strong></span> <span class='ocrx_word' id='word_1_525' title='bbox 3122 2544 3426 2614; x_wconf 84' lang='lat' dir='ltr'><strong>phantasiis</strong></span> 
     </span>
    </p>
   </div>
   <div class='ocr_carea' id='block_1_70' title="bbox 1858 2638 3427 2710">
    <p class='ocr_par' dir='ltr' id='par_1_70' title="bbox 1858 2638 3427 2710">
     <span class='ocr_line' id='line_1_70' title="bbox 1858 2638 3427 2710; baseline -0.002 -16"><span class='ocrx_word' id='word_1_526' title='bbox 1858 2641 2151 2710; x_wconf 88' lang='lat' dir='ltr'><strong>tranquilla</strong></span> <span class='ocrx_word' id='word_1_527' title='bbox 2203 2641 2415 2701; x_wconf 87' lang='lat' dir='ltr'><strong>evadat,</strong></span> <span class='ocrx_word' id='word_1_528' title='bbox 2473 2650 2527 2694; x_wconf 88' lang='lat' dir='ltr'><strong>et</strong></span> <span class='ocrx_word' id='word_1_529' title='bbox 2573 2640 2765 2709; x_wconf 88' lang='lat' dir='ltr'><strong>majori</strong></span> <span class='ocrx_word' id='word_1_530' title='bbox 2799 2638 3109 2693; x_wconf 78' lang='lat' dir='ltr'><strong>futurorum</strong></span> <span class='ocrx_word' id='word_1_531' title='bbox 3156 2638 3427 2694; x_wconf 88' lang='lat' dir='ltr'><strong>desiderio</strong></span> 
     </span>
    </p>
   </div>
   <div class='ocr_carea' id='block_1_71' title="bbox 1857 2730 3429 2800">
    <p class='ocr_par' dir='ltr' id='par_1_71' title="bbox 1857 2730 3429 2800">
     <span class='ocr_line' id='line_1_71' title="bbox 1857 2730 3429 2800; baseline -0.001 -13"><span class='ocrx_word' id='word_1_532' title='bbox 1857 2732 2144 2788; x_wconf 83' lang='lat' dir='ltr'><strong>afﬁciatur.</strong></span> <span class='ocrx_word' id='word_1_533' title='bbox 2198 2730 2495 2787; x_wconf 89' lang='lat' dir='ltr'><strong>Sacrorum</strong></span> <span class='ocrx_word' id='word_1_534' title='bbox 2550 2746 2788 2800; x_wconf 87' lang='lat' dir='ltr'><strong>namque</strong></span> <span class='ocrx_word' id='word_1_535' title='bbox 2842 2731 3132 2785; x_wconf 88' lang='lat' dir='ltr'><strong>verborum</strong></span> <span class='ocrx_word' id='word_1_536' title='bbox 3184 2730 3429 2785; x_wconf 89' lang='lat' dir='ltr'><strong>modula-</strong></span> 
     </span>
    </p>
   </div>
   <div class='ocr_carea' id='block_1_72' title="bbox 1860 2826 3428 2895">
    <p class='ocr_par' dir='ltr' id='par_1_72' title="bbox 1860 2826 3428 2895">
     <span class='ocr_line' id='line_1_72' title="bbox 1860 2826 3428 2895; baseline 0 -16"><span class='ocrx_word' id='word_1_537' title='bbox 1860 2826 2005 2880; x_wconf 89' lang='lat' dir='ltr'><strong>tione</strong></span> <span class='ocrx_word' id='word_1_538' title='bbox 2053 2834 2202 2881; x_wconf 84' lang='lat' dir='ltr'><strong>recte</strong></span> <span class='ocrx_word' id='word_1_539' title='bbox 2236 2826 2559 2895; x_wconf 86' lang='lat' dir='ltr'><strong>composita,</strong></span> <span class='ocrx_word' id='word_1_540' title='bbox 2603 2826 2922 2894; x_wconf 87' lang='lat' dir='ltr'><strong>passionum</strong></span> <span class='ocrx_word' id='word_1_541' title='bbox 2980 2841 3204 2881; x_wconf 89' lang='lat' dir='ltr'><strong>suarum</strong></span> <span class='ocrx_word' id='word_1_542' title='bbox 3237 2826 3428 2880; x_wconf 84' lang='lat' dir='ltr'><strong>oblivi-</strong></span> 
     </span>
    </p>
   </div>
   <div class='ocr_carea' id='block_1_73' title="bbox 1859 2916 3429 2989">
    <p class='ocr_par' dir='ltr' id='par_1_73' title="bbox 1859 2916 3429 2989">
     <span class='ocr_line' id='line_1_73' title="bbox 1859 2916 3429 2989; baseline -0.001 -16"><span class='ocrx_word' id='word_1_543' title='bbox 1859 2918 2064 2979; x_wconf 86' lang='lat' dir='ltr'><strong>scitur,</strong></span> <span class='ocrx_word' id='word_1_544' title='bbox 2094 2925 2148 2972; x_wconf 91' lang='lat' dir='ltr'><strong>et</strong></span> <span class='ocrx_word' id='word_1_545' title='bbox 2179 2917 2298 2971; x_wconf 64' lang='lat' dir='ltr'><strong>laeta</strong></span> <span class='ocrx_word' id='word_1_546' title='bbox 2341 2917 2563 2986; x_wconf 86' lang='lat' dir='ltr'><strong>respicit</strong></span> <span class='ocrx_word' id='word_1_547' title='bbox 2598 2918 2664 2970; x_wconf 84' lang='lat' dir='ltr'><strong>ad</strong></span> <span class='ocrx_word' id='word_1_548' title='bbox 2708 2916 3042 2972; x_wconf 89' lang='lat' dir='ltr'><strong>intellectum</strong></span> <span class='ocrx_word' id='word_1_549' title='bbox 3083 2932 3274 2972; x_wconf 89' lang='lat' dir='ltr'><strong>eorum</strong></span> <span class='ocrx_word' id='word_1_550' title='bbox 3307 2933 3429 2989; x_wconf 67' lang='lat' dir='ltr'><strong>qua:</strong></span> 
     </span>
    </p>
   </div>
   <div class='ocr_carea' id='block_1_74' title="bbox 1860 3007 3130 3079">
    <p class='ocr_par' dir='ltr' id='par_1_74' title="bbox 1860 3007 3130 3079">
     <span class='ocr_line' id='line_1_74' title="bbox 1860 3007 3130 3079; baseline -0.001 -16"><span class='ocrx_word' id='word_1_551' title='bbox 1860 3016 1987 3063; x_wconf 89' lang='lat' dir='ltr'><strong>sunt</strong></span> <span class='ocrx_word' id='word_1_552' title='bbox 2015 3008 2069 3062; x_wconf 92' lang='lat' dir='ltr'><strong>in</strong></span> <span class='ocrx_word' id='word_1_553' title='bbox 2094 3007 2337 3075; x_wconf 86' lang='lat' dir='ltr'><strong>Christo,</strong></span> <span class='ocrx_word' id='word_1_554' title='bbox 2367 3008 2568 3078; x_wconf 86' lang='lat' dir='ltr'><strong>optima</strong></span> <span class='ocrx_word' id='word_1_555' title='bbox 2603 3024 2832 3079; x_wconf 80' lang='lat' dir='ltr'><strong>quaeque</strong></span> <span class='ocrx_word' id='word_1_556' title='bbox 2865 3008 3130 3079; x_wconf 86' lang='lat' dir='ltr'><strong>cogitans.</strong></span> 
     </span>
    </p>
   </div>
   <div class='ocr_carea' id='block_1_75' title="bbox 1930 3291 3426 3365">
    <p class='ocr_par' dir='ltr' id='par_1_75' title="bbox 1930 3291 3426 3365">
     <span class='ocr_line' id='line_1_75' title="bbox 1930 3291 3426 3365; baseline 0.002 -18"><span class='ocrx_word' id='word_1_557' title='bbox 1930 3293 2019 3348; x_wconf 77' lang='lat'><strong>30.</strong></span> <span class='ocrx_word' id='word_1_558' title='bbox 2051 3291 2274 3360; x_wconf 87' lang='lat' dir='ltr'><strong>Oportet</strong></span> <span class='ocrx_word' id='word_1_559' title='bbox 2299 3292 2484 3363; x_wconf 80' lang='lat' dir='ltr'><strong>igitur,</strong></span> <span class='ocrx_word' id='word_1_560' title='bbox 2510 3307 2543 3347; x_wconf 95' lang='grc' dir='ltr'><strong>ο</strong></span> <span class='ocrx_word' id='word_1_561' title='bbox 2567 3292 2679 3357; x_wconf 91' lang='lat' dir='ltr'><strong>ﬁli,</strong></span> <span class='ocrx_word' id='word_1_562' title='bbox 2702 3302 2761 3348; x_wconf 92' lang='lat' dir='ltr'><strong>ut</strong></span> <span class='ocrx_word' id='word_1_563' title='bbox 2789 3294 3039 3365; x_wconf 79' lang='lat' dir='ltr'><strong>quisquis</strong></span> <span class='ocrx_word' id='word_1_564' title='bbox 3059 3295 3206 3351; x_wconf 88' lang='lat' dir='ltr'><strong>hunc</strong></span> <span class='ocrx_word' id='word_1_565' title='bbox 3228 3294 3426 3351; x_wconf 90' lang='lat' dir='ltr'><strong>librum</strong></span> 
     </span>
    </p>
   </div>
   <div class='ocr_carea' id='block_1_76' title="bbox 1861 3385 3432 3456">
    <p class='ocr_par' dir='ltr' id='par_1_76' title="bbox 1861 3385 3432 3456">
     <span class='ocr_line' id='line_1_76' title="bbox 1861 3385 3432 3456; baseline 0.006 -18"><span class='ocrx_word' id='word_1_566' title='bbox 1861 3386 2010 3453; x_wconf 83' lang='lat' dir='ltr'><strong>legit,</strong></span> <span class='ocrx_word' id='word_1_567' title='bbox 2043 3385 2185 3454; x_wconf 82' lang='lat' dir='ltr'><strong>legat</strong></span> <span class='ocrx_word' id='word_1_568' title='bbox 2220 3386 2439 3454; x_wconf 86' lang='lat' dir='ltr'><strong>quidem</strong></span> <span class='ocrx_word' id='word_1_569' title='bbox 2485 3385 2698 3441; x_wconf 84' lang='lat' dir='ltr'><strong>sincere</strong></span> <span class='ocrx_word' id='word_1_570' title='bbox 2746 3396 2801 3440; x_wconf 89' lang='lat' dir='ltr'><strong>et</strong></span> <span class='ocrx_word' id='word_1_571' title='bbox 2830 3388 3001 3456; x_wconf 88' lang='lat' dir='ltr'><strong>probo</strong></span> <span class='ocrx_word' id='word_1_572' title='bbox 3028 3388 3213 3443; x_wconf 89' lang='lat' dir='ltr'><strong>animo</strong></span> <span class='ocrx_word' id='word_1_573' title='bbox 3246 3390 3432 3447; x_wconf 78' lang='lat' dir='ltr'><strong>omnia</strong></span> 
     </span>
    </p>
   </div>
   <div class='ocr_carea' id='block_1_77' title="bbox 1862 3471 3434 3545">
    <p class='ocr_par' dir='ltr' id='par_1_77' title="bbox 1862 3471 3434 3545">
     <span class='ocr_line' id='line_1_77' title="bbox 1862 3471 3434 3545; baseline 0.004 -21"><span class='ocrx_word' id='word_1_574' title='bbox 1862 3488 1983 3541; x_wconf 67' lang='lat' dir='ltr'><strong>qua:</strong></span> <span class='ocrx_word' id='word_1_575' title='bbox 2009 3472 2063 3525; x_wconf 85' lang='lat' dir='ltr'><strong>in</strong></span> <span class='ocrx_word' id='word_1_576' title='bbox 2096 3471 2187 3526; x_wconf 90' lang='lat' dir='ltr'><strong>illo</strong></span> <span class='ocrx_word' id='word_1_577' title='bbox 2219 3471 2504 3533; x_wconf 89' lang='lat' dir='ltr'><strong>habentur,</strong></span> <span class='ocrx_word' id='word_1_578' title='bbox 2540 3480 2723 3540; x_wconf 90' lang='lat' dir='ltr'><strong>utpote</strong></span> <span class='ocrx_word' id='word_1_579' title='bbox 2755 3473 3015 3530; x_wconf 91' lang='lat' dir='ltr'><strong>divinitus</strong></span> <span class='ocrx_word' id='word_1_580' title='bbox 3045 3476 3329 3545; x_wconf 85' lang='lat' dir='ltr'><strong>inspirata,</strong></span> <span class='ocrx_word' id='word_1_581' title='bbox 3367 3491 3434 3531; x_wconf 87' lang='lat' dir='ltr'><strong>ac</strong></span> 
     </span>
    </p>
   </div>
   <div class='ocr_carea' id='block_1_78' title="bbox 1862 3563 3407 3631">
    <p class='ocr_par' dir='ltr' id='par_1_78' title="bbox 1862 3563 3407 3631">
     <span class='ocr_line' id='line_1_78' title="bbox 1862 3563 3407 3631; baseline 0.005 -14"><span class='ocrx_word' id='word_1_582' title='bbox 1862 3564 2082 3618; x_wconf 89' lang='lat' dir='ltr'><strong>demum</strong></span> <span class='ocrx_word' id='word_1_583' title='bbox 2122 3579 2187 3617; x_wconf 80' lang='lat' dir='ltr'><strong>ex</strong></span> <span class='ocrx_word' id='word_1_584' title='bbox 2219 3563 2345 3629; x_wconf 92' lang='lat' dir='ltr'><strong>illis,</strong></span> <span class='ocrx_word' id='word_1_585' title='bbox 2385 3563 2547 3619; x_wconf 85' lang='lat' dir='ltr'><strong>veluti</strong></span> <span class='ocrx_word' id='word_1_586' title='bbox 2594 3580 2657 3619; x_wconf 86' lang='lat' dir='ltr'><strong>ex</strong></span> <span class='ocrx_word' id='word_1_587' title='bbox 2694 3565 2835 3620; x_wconf 88' lang='lat' dir='ltr'><strong>horti</strong></span> <span class='ocrx_word' id='word_1_588' title='bbox 2868 3567 3162 3631; x_wconf 76' lang='lat' dir='ltr'><strong>fructibus,</strong></span> <span class='ocrx_word' id='word_1_589' title='bbox 3210 3584 3305 3625; x_wconf 86' lang='lat' dir='ltr'><strong>eos</strong></span> <span class='ocrx_word' id='word_1_590' title='bbox 3338 3569 3407 3624; x_wconf 87' lang='lat' dir='ltr'><strong>de</strong></span> 
     </span>
    </p>
   </div>
   <div class='ocr_carea' id='block_1_79' title="bbox 1862 3656 3407 3727">
    <p class='ocr_par' dir='ltr' id='par_1_79' title="bbox 1862 3656 3407 3727">
     <span class='ocr_line' id='line_1_79' title="bbox 1862 3656 3407 3727; baseline 0.004 -16"><span class='ocrx_word' id='word_1_591' title='bbox 1862 3665 2047 3727; x_wconf 89' lang='lat' dir='ltr'><strong>cerpat</strong></span> <span class='ocrx_word' id='word_1_592' title='bbox 2083 3671 2222 3726; x_wconf 90' lang='lat' dir='ltr'><strong>quos</strong></span> <span class='ocrx_word' id='word_1_593' title='bbox 2262 3656 2365 3711; x_wconf 90' lang='lat' dir='ltr'><strong>sibi</strong></span> <span class='ocrx_word' id='word_1_594' title='bbox 2414 3658 2577 3711; x_wconf 87' lang='lat' dir='ltr'><strong>utiles</strong></span> <span class='ocrx_word' id='word_1_595' title='bbox 2621 3668 2673 3713; x_wconf 93' lang='lat' dir='ltr'><strong>et</strong></span> <span class='ocrx_word' id='word_1_596' title='bbox 2724 3659 3147 3715; x_wconf 84' lang='lat' dir='ltr'><strong>necessitatibus</strong></span> <span class='ocrx_word' id='word_1_597' title='bbox 3197 3662 3314 3717; x_wconf 84' lang='lat' dir='ltr'><strong>suis</strong></span> <span class='ocrx_word' id='word_1_598' title='bbox 3343 3676 3407 3717; x_wconf 84' lang='lat' dir='ltr'><strong>ac</strong></span> 
     </span>
    </p>
   </div>
   <div class='ocr_carea' id='block_1_80' title="bbox 1863 3746 3433 3821">
    <p class='ocr_par' dir='ltr' id='par_1_80' title="bbox 1863 3746 3433 3821">
     <span class='ocr_line' id='line_1_80' title="bbox 1863 3746 3433 3821; baseline 0.001 -18"><span class='ocrx_word' id='word_1_599' title='bbox 1863 3747 2181 3803; x_wconf 86' lang='lat' dir='ltr'><strong>commodos</strong></span> <span class='ocrx_word' id='word_1_600' title='bbox 2208 3761 2328 3801; x_wconf 92' lang='lat' dir='ltr'><strong>esse</strong></span> <span class='ocrx_word' id='word_1_601' title='bbox 2369 3749 2727 3817; x_wconf 83' lang='lat' dir='ltr'><strong>perspexerit.</strong></span> <span class='ocrx_word' id='word_1_602' title='bbox 2778 3746 3047 3803; x_wconf 85' lang='lat' dir='ltr'><strong>Existimo</strong></span> <span class='ocrx_word' id='word_1_603' title='bbox 3092 3765 3331 3821; x_wconf 87' lang='lat' dir='ltr'><strong>namque</strong></span> <span class='ocrx_word' id='word_1_604' title='bbox 3378 3751 3433 3804; x_wconf 90' lang='lat' dir='ltr'><strong>in</strong></span> 
     </span>
    </p>
   </div>
   <div class='ocr_carea' id='block_1_81' title="bbox 1864 3836 3435 3907">
    <p class='ocr_par' dir='ltr' id='par_1_81' title="bbox 1864 3836 3435 3907">
     <span class='ocr_line' id='line_1_81' title="bbox 1864 3836 3435 3907; baseline 0.002 -15"><span class='ocrx_word' id='word_1_605' title='bbox 1864 3838 2095 3907; x_wconf 89' lang='lat' dir='ltr'><strong>hujusce</strong></span> <span class='ocrx_word' id='word_1_606' title='bbox 2134 3837 2256 3889; x_wconf 89' lang='lat' dir='ltr'><strong>libri</strong></span> <span class='ocrx_word' id='word_1_607' title='bbox 2284 3836 2485 3900; x_wconf 87' lang='lat' dir='ltr'><strong>verbis,</strong></span> <span class='ocrx_word' id='word_1_608' title='bbox 2531 3850 2746 3892; x_wconf 88' lang='lat' dir='ltr'><strong>omnem</strong></span> <span class='ocrx_word' id='word_1_609' title='bbox 2791 3838 3086 3893; x_wconf 86' lang='lat' dir='ltr'><strong>humanam</strong></span> <span class='ocrx_word' id='word_1_610' title='bbox 3117 3841 3285 3895; x_wconf 88' lang='lat' dir='ltr'><strong>vitam</strong></span> <span class='ocrx_word' id='word_1_611' title='bbox 3316 3844 3435 3894; x_wconf 89' lang='lat' dir='ltr'><strong>ani-</strong></span> 
     </span>
    </p>
   </div>
   <div class='ocr_carea' id='block_1_82' title="bbox 1864 3927 3436 3999">
    <p class='ocr_par' dir='ltr' id='par_1_82' title="bbox 1864 3927 3436 3999">
     <span class='ocr_line' id='line_1_82' title="bbox 1864 3927 3436 3999; baseline 0.001 -15"><span class='ocrx_word' id='word_1_612' title='bbox 1864 3945 2075 3999; x_wconf 71' lang='lat' dir='ltr'><strong>maeque</strong></span> <span class='ocrx_word' id='word_1_613' title='bbox 2106 3927 2438 3991; x_wconf 81' lang='lat' dir='ltr'><strong>aﬁ‘ectiones,</strong></span> <span class='ocrx_word' id='word_1_614' title='bbox 2493 3930 2991 3999; x_wconf 82' lang='lat' dir='ltr'><strong>eogitationumque</strong></span> <span class='ocrx_word' id='word_1_615' title='bbox 3045 3942 3226 3986; x_wconf 90' lang='lat' dir='ltr'><strong>motus</strong></span> <span class='ocrx_word' id='word_1_616' title='bbox 3260 3935 3436 3988; x_wconf 89' lang='lat' dir='ltr'><strong>conti-</strong></span> 
     </span>
    </p>
   </div>
   <div class='ocr_carea' id='block_1_83' title="bbox 1864 4018 3434 4092">
    <p class='ocr_par' dir='ltr' id='par_1_83' title="bbox 1864 4018 3434 4092">
     <span class='ocr_line' id='line_1_83' title="bbox 1864 4018 3434 4092; baseline -0.001 -14"><span class='ocrx_word' id='word_1_617' title='bbox 1864 4024 1981 4079; x_wconf 90' lang='lat' dir='ltr'><strong>neri</strong></span> <span class='ocrx_word' id='word_1_618' title='bbox 2013 4033 2175 4092; x_wconf 90' lang='lat' dir='ltr'><strong>atque</strong></span> <span class='ocrx_word' id='word_1_619' title='bbox 2202 4018 2459 4084; x_wconf 85' lang='lat' dir='ltr'><strong>describi,</strong></span> <span class='ocrx_word' id='word_1_620' title='bbox 2503 4022 2747 4090; x_wconf 90' lang='lat' dir='ltr'><strong>nihilque</strong></span> <span class='ocrx_word' id='word_1_621' title='bbox 2780 4023 2847 4077; x_wconf 91' lang='lat' dir='ltr'><strong>iis</strong></span> <span class='ocrx_word' id='word_1_622' title='bbox 2884 4022 3117 4092; x_wconf 89' lang='lat' dir='ltr'><strong>amplius</strong></span> <span class='ocrx_word' id='word_1_623' title='bbox 3155 4023 3210 4077; x_wconf 88' lang='lat' dir='ltr'><strong>in</strong></span> <span class='ocrx_word' id='word_1_624' title='bbox 3253 4025 3434 4078; x_wconf 90' lang='lat' dir='ltr'><strong>homi-</strong></span> 
     </span>
    </p>
   </div>
   <div class='ocr_carea' id='block_1_84' title="bbox 1863 4108 3438 4182">
    <p class='ocr_par' dir='ltr' id='par_1_84' title="bbox 1863 4108 3438 4182">
     <span class='ocr_line' id='line_1_84' title="bbox 1863 4108 3438 4182; baseline 0.001 -14"><span class='ocrx_word' id='word_1_625' title='bbox 1863 4115 2026 4168; x_wconf 89' lang='lat' dir='ltr'><strong>nibus</strong></span> <span class='ocrx_word' id='word_1_626' title='bbox 2061 4113 2309 4182; x_wconf 85' lang='lat' dir='ltr'><strong>reperiri.</strong></span> <span class='ocrx_word' id='word_1_627' title='bbox 2351 4108 2486 4163; x_wconf 88' lang='lat' dir='ltr'><strong>Nam</strong></span> <span class='ocrx_word' id='word_1_628' title='bbox 2528 4110 2641 4163; x_wconf 86' lang='lat' dir='ltr'><strong>sive</strong></span> <span class='ocrx_word' id='word_1_629' title='bbox 2682 4111 3000 4179; x_wconf 85' lang='lat' dir='ltr'><strong>poenitentia</strong></span> <span class='ocrx_word' id='word_1_630' title='bbox 3053 4112 3167 4167; x_wconf 88' lang='lat' dir='ltr'><strong>sive</strong></span> <span class='ocrx_word' id='word_1_631' title='bbox 3220 4112 3438 4169; x_wconf 80' lang='lat' dir='ltr'><strong>confes-</strong></span> 
     </span>
    </p>
   </div>
   <div class='ocr_carea' id='block_1_85' title="bbox 1865 4202 3437 4275">
    <p class='ocr_par' dir='ltr' id='par_1_85' title="bbox 1865 4202 3437 4275">
     <span class='ocr_line' id='line_1_85' title="bbox 1865 4202 3437 4275; baseline -0.001 -14"><span class='ocrx_word' id='word_1_632' title='bbox 1865 4208 2022 4261; x_wconf 86' lang='lat' dir='ltr'><strong>sione</strong></span> <span class='ocrx_word' id='word_1_633' title='bbox 2057 4206 2128 4260; x_wconf 89' lang='lat' dir='ltr'><strong>sit</strong></span> <span class='ocrx_word' id='word_1_634' title='bbox 2160 4220 2316 4273; x_wconf 90' lang='lat' dir='ltr'><strong>opus,</strong></span> <span class='ocrx_word' id='word_1_635' title='bbox 2367 4203 2481 4257; x_wconf 87' lang='lat' dir='ltr'><strong>sive</strong></span> <span class='ocrx_word' id='word_1_636' title='bbox 2517 4202 2794 4257; x_wconf 84' lang='lat' dir='ltr'><strong>tribulatio</strong></span> <span class='ocrx_word' id='word_1_637' title='bbox 2837 4211 2932 4258; x_wconf 90' lang='lat' dir='ltr'><strong>aut</strong></span> <span class='ocrx_word' id='word_1_638' title='bbox 2984 4204 3209 4259; x_wconf 87' lang='lat' dir='ltr'><strong>tentatio</strong></span> <span class='ocrx_word' id='word_1_639' title='bbox 3245 4219 3437 4275; x_wconf 87' lang='lat' dir='ltr'><strong>appre-</strong></span> 
     </span>
    </p>
   </div>
   <div class='ocr_carea' id='block_1_86' title="bbox 1866 4293 3438 4366">
    <p class='ocr_par' dir='ltr' id='par_1_86' title="bbox 1866 4293 3438 4366">
     <span class='ocr_line' id='line_1_86' title="bbox 1866 4293 3438 4366; baseline 0 -16"><span class='ocrx_word' id='word_1_640' title='bbox 1866 4296 2135 4359; x_wconf 84' lang='lat' dir='ltr'><strong>henderit,</strong></span> <span class='ocrx_word' id='word_1_641' title='bbox 2171 4296 2285 4350; x_wconf 86' lang='lat' dir='ltr'><strong>sive</strong></span> <span class='ocrx_word' id='word_1_642' title='bbox 2331 4295 2454 4365; x_wconf 90' lang='lat' dir='ltr'><strong>quis</strong></span> <span class='ocrx_word' id='word_1_643' title='bbox 2500 4293 2932 4366; x_wconf 89' lang='lat' dir='ltr'><strong>persecutionem</strong></span> <span class='ocrx_word' id='word_1_644' title='bbox 2975 4308 3192 4363; x_wconf 89' lang='lat' dir='ltr'><strong>passus,</strong></span> <span class='ocrx_word' id='word_1_645' title='bbox 3222 4295 3336 4349; x_wconf 89' lang='lat' dir='ltr'><strong>sive</strong></span> <span class='ocrx_word' id='word_1_646' title='bbox 3368 4296 3438 4350; x_wconf 82' lang='lat' dir='ltr'><strong>ab</strong></span> 
     </span>
    </p>
   </div>
   <div class='ocr_carea' id='block_1_87' title="bbox 1867 4387 3439 4451">
    <p class='ocr_par' dir='ltr' id='par_1_87' title="bbox 1867 4387 3439 4451">
     <span class='ocr_line' id='line_1_87' title="bbox 1867 4387 3439 4451; baseline 0.001 -10"><span class='ocrx_word' id='word_1_647' title='bbox 1867 4389 2083 4443; x_wconf 87' lang='lat' dir='ltr'><strong>insidiis</strong></span> <span class='ocrx_word' id='word_1_648' title='bbox 2112 4389 2396 4451; x_wconf 90' lang='lat' dir='ltr'><strong>liberatus,</strong></span> <span class='ocrx_word' id='word_1_649' title='bbox 2433 4390 2548 4443; x_wconf 91' lang='lat' dir='ltr'><strong>sive</strong></span> <span class='ocrx_word' id='word_1_650' title='bbox 2570 4397 2803 4443; x_wconf 70' lang='lat' dir='ltr'><strong>moestus</strong></span> <span class='ocrx_word' id='word_1_651' title='bbox 2839 4394 2933 4440; x_wconf 92' lang='lat' dir='ltr'><strong>aut</strong></span> <span class='ocrx_word' id='word_1_652' title='bbox 2957 4387 3206 4442; x_wconf 87' lang='lat' dir='ltr'><strong>turbatus</strong></span> <span class='ocrx_word' id='word_1_653' title='bbox 3226 4387 3316 4451; x_wconf 90' lang='lat' dir='ltr'><strong>sit,</strong></span> <span class='ocrx_word' id='word_1_654' title='bbox 3344 4398 3439 4443; x_wconf 90' lang='lat' dir='ltr'><strong>aut</strong></span> 
     </span>
    </p>
   </div>
   <div class='ocr_carea' id='block_1_88' title="bbox 194 4466 1752 4550">
    <p class='ocr_par' dir='ltr' id='par_1_88' title="bbox 194 4466 1752 4544">
     <span class='ocr_line' id='line_1_88' title="bbox 194 4466 1752 4544; baseline -0.001 -19"><span class='ocrx_word' id='word_1_655' title='bbox 194 4486 305 4540; x_wconf 70' lang='grc' dir='ltr'>εχει</span> <span class='ocrx_word' id='word_1_656' title='bbox 331 4491 383 4525; x_wconf 89' lang='grc' dir='ltr'><strong>τι</strong></span> <span class='ocrx_word' id='word_1_657' title='bbox 416 4472 680 4537; x_wconf 78' lang='grc' dir='ltr'>τοιοῦτον,</span> <span class='ocrx_word' id='word_1_658' title='bbox 706 4466 815 4526; x_wconf 76' lang='grc' dir='ltr'>οἷον</span> <span class='ocrx_word' id='word_1_659' title='bbox 843 4476 901 4526; x_wconf 84' lang='grc' dir='ltr'>ὲν</span> <span class='ocrx_word' id='word_1_660' title='bbox 933 4476 1044 4536; x_wconf 86' lang='grc' dir='ltr'>τοῖς</span> <span class='ocrx_word' id='word_1_661' title='bbox 1099 4472 1406 4544; x_wconf 73' lang='grc' dir='ltr'>ἔμπροσθεν</span> <span class='ocrx_word' id='word_1_662' title='bbox 1438 4473 1670 4543; x_wconf 72' lang='grc' dir='ltr'>εἴρηται,</span> <span class='ocrx_word' id='word_1_663' title='bbox 1729 4472 1752 4541; x_wconf 66' lang='grc' dir='ltr'><strong>ἰ</strong></span> 
     </span>
    </p>
   </div>
   <div class='ocr_carea' id='block_1_89' title="bbox 1860 4466 3439 4550">
    <p class='ocr_par' dir='ltr' id='par_1_89' title="bbox 1869 4478 3439 4550">
     <span class='ocr_line' id='line_1_89' title="bbox 1869 4478 3439 4550; baseline 0.001 -17"><span class='ocrx_word' id='word_1_664' title='bbox 1869 4479 2073 4549; x_wconf 92' lang='lat' dir='ltr'><strong>aliquid</strong></span> <span class='ocrx_word' id='word_1_665' title='bbox 2116 4480 2427 4550; x_wconf 90' lang='lat' dir='ltr'><strong>hujusmodi</strong></span> <span class='ocrx_word' id='word_1_666' title='bbox 2458 4481 2713 4549; x_wconf 88' lang='lat' dir='ltr'><strong>patiatur,</strong></span> <span class='ocrx_word' id='word_1_667' title='bbox 2764 4478 3223 4548; x_wconf 89' lang='lat' dir='ltr'><strong>quemadmodum</strong></span> <span class='ocrx_word' id='word_1_668' title='bbox 3272 4494 3439 4549; x_wconf 79' lang='lat' dir='ltr'><strong>supe—</strong></span> 
     </span>
    </p>
   </div>
   <div class='ocr_carea' id='block_1_90' title="bbox 194 4563 1764 4635">
    <p class='ocr_par' dir='ltr' id='par_1_90' title="bbox 194 4563 1764 4635">
     <span class='ocr_line' id='line_1_90' title="bbox 194 4563 1764 4635; baseline 0 -18"><span class='ocrx_word' id='word_1_669' title='bbox 194 4564 282 4617; x_wconf 73' lang='grc' dir='ltr'>καὶ</span> <span class='ocrx_word' id='word_1_670' title='bbox 320 4566 524 4635; x_wconf 78' lang='grc' dir='ltr'>συνορᾷ</span> <span class='ocrx_word' id='word_1_671' title='bbox 548 4563 736 4617; x_wconf 76' lang='grc' dir='ltr'>ἑαυτὸν</span> <span class='ocrx_word' id='word_1_672' title='bbox 786 4564 882 4634; x_wconf 81' lang='grc' dir='ltr'><strong>μὲν</strong></span> <span class='ocrx_word' id='word_1_673' title='bbox 932 4566 1328 4634; x_wconf 85' lang='grc' dir='ltr'>προκόπτοντα,</span> <span class='ocrx_word' id='word_1_674' title='bbox 1359 4565 1449 4617; x_wconf 88' lang='grc' dir='ltr'><strong>τὸν</strong></span> <span class='ocrx_word' id='word_1_675' title='bbox 1487 4564 1543 4617; x_wconf 81' lang='grc' dir='ltr'>δὲ</span> <span class='ocrx_word' id='word_1_676' title='bbox 1574 4564 1764 4635; x_wconf 75' lang='grc' dir='ltr'>ἐχθρὸν</span> 
     </span>
    </p>
   </div>
   <div class='ocr_carea' id='block_1_91' title="bbox 194 4638 1766 4727">
    <p class='ocr_par' dir='ltr' id='par_1_91' title="bbox 194 4654 1766 4727">
     <span class='ocr_line' id='line_1_91' title="bbox 194 4654 1766 4727; baseline 0.003 -24"><span class='ocrx_word' id='word_1_677' title='bbox 194 4654 655 4724; x_wconf 86' lang='grc' dir='ltr'>καταργούμενον,</span> <span class='ocrx_word' id='word_1_678' title='bbox 683 4654 715 4723; x_wconf 85' lang='grc' dir='ltr'>ἦ</span> <span class='ocrx_word' id='word_1_679' title='bbox 751 4654 845 4706; x_wconf 77' lang='grc' dir='ltr'><strong>καὶ</strong></span> <span class='ocrx_word' id='word_1_680' title='bbox 874 4654 1080 4707; x_wconf 84' lang='grc' dir='ltr'>αἰνέσαι</span> <span class='ocrx_word' id='word_1_681' title='bbox 1110 4656 1202 4707; x_wconf 74' lang='grc' dir='ltr'>καὶ</span> <span class='ocrx_word' id='word_1_682' title='bbox 1228 4657 1641 4727; x_wconf 84' lang='grc' dir='ltr'>εὐχαριστῆσαι,</span> <span class='ocrx_word' id='word_1_683' title='bbox 1672 4657 1766 4708; x_wconf 70' lang='grc' dir='ltr'>καὶ</span> 
     </span>
    </p>
   </div>
   <div class='ocr_carea' id='block_1_92' title="bbox 194 4745 1766 4820">
    <p class='ocr_par' dir='ltr' id='par_1_92' title="bbox 194 4745 1766 4820">
     <span class='ocr_line' id='line_1_92' title="bbox 194 4745 1766 4820; baseline 0.004 -24"><span class='ocrx_word' id='word_1_684' title='bbox 194 4745 478 4817; x_wconf 82' lang='grc' dir='ltr'>εὐλογῆσαι</span> <span class='ocrx_word' id='word_1_685' title='bbox 537 4747 781 4816; x_wconf 77' lang='grc' dir='ltr'>βούλεται</span> <span class='ocrx_word' id='word_1_686' title='bbox 837 4748 927 4800; x_wconf 86' lang='grc' dir='ltr'><strong>τὸν</strong></span> <span class='ocrx_word' id='word_1_687' title='bbox 974 4748 1193 4818; x_wconf 80' lang='grc' dir='ltr'>Κύριον,</span> <span class='ocrx_word' id='word_1_688' title='bbox 1236 4748 1348 4819; x_wconf 74' lang='grc' dir='ltr'>ἔχει</span> <span class='ocrx_word' id='word_1_689' title='bbox 1376 4749 1473 4820; x_wconf 82' lang='grc' dir='ltr'><strong>τὴν</strong></span> <span class='ocrx_word' id='word_1_690' title='bbox 1516 4749 1766 4802; x_wconf 82' lang='grc' dir='ltr'>διδασκα-</span> 
     </span>
    </p>
   </div>
   <div class='ocr_carea' id='block_1_93' title="bbox 195 4837 1767 4913">
    <p class='ocr_par' dir='ltr' id='par_1_93' title="bbox 195 4837 1767 4913">
     <span class='ocr_line' id='line_1_93' title="bbox 195 4837 1767 4913; baseline 0.005 -26"><span class='ocrx_word' id='word_1_691' title='bbox 195 4837 308 4890; x_wconf 87' lang='grc' dir='ltr'>λίαν</span> <span class='ocrx_word' id='word_1_692' title='bbox 332 4840 541 4892; x_wconf 86' lang='grc' dir='ltr'>τούτων</span> <span class='ocrx_word' id='word_1_693' title='bbox 578 4841 637 4892; x_wconf 81' lang='grc' dir='ltr'><strong>ἐν</strong></span> <span class='ocrx_word' id='word_1_694' title='bbox 667 4844 778 4904; x_wconf 88' lang='grc' dir='ltr'>τοῖς</span> <span class='ocrx_word' id='word_1_695' title='bbox 811 4838 977 4904; x_wconf 88' lang='grc' dir='ltr'>θείοις</span> <span class='ocrx_word' id='word_1_696' title='bbox 1006 4841 1260 4911; x_wconf 75' lang='grc' dir='ltr'>ψαλμοῖς.</span> <span class='ocrx_word' id='word_1_697' title='bbox 1307 4841 1639 4910; x_wconf 82' lang='grc' dir='ltr'>Ἐκλεγέσθω</span> <span class='ocrx_word' id='word_1_698' title='bbox 1658 4842 1767 4913; x_wconf 81' lang='grc' dir='ltr'><strong>γάρ</strong></span> 
     </span>
    </p>
   </div>
   <div class='ocr_carea' id='block_1_94' title="bbox 194 4929 1769 5005">
    <p class='ocr_par' dir='ltr' id='par_1_94' title="bbox 194 4929 1769 5005">
     <span class='ocr_line' id='line_1_94' title="bbox 194 4929 1769 5005; baseline 0.004 -24"><span class='ocrx_word' id='word_1_699' title='bbox 194 4929 255 4983; x_wconf 70' lang='grc' dir='ltr'><strong>τά</strong></span> <span class='ocrx_word' id='word_1_700' title='bbox 283 4933 338 4985; x_wconf 81' lang='grc' dir='ltr'><strong>έν</strong></span> <span class='ocrx_word' id='word_1_701' title='bbox 362 4934 551 4994; x_wconf 83' lang='grc' dir='ltr'>αὐτοῖς</span> <span class='ocrx_word' id='word_1_702' title='bbox 577 4933 703 5002; x_wconf 75' lang='grc' dir='ltr'>περὶ</span> <span class='ocrx_word' id='word_1_703' title='bbox 730 4932 959 4985; x_wconf 78' lang='grc' dir='ltr'>ἑκάστου</span> <span class='ocrx_word' id='word_1_704' title='bbox 990 4932 1194 4986; x_wconf 88' lang='grc' dir='ltr'>τούτων</span> <span class='ocrx_word' id='word_1_705' title='bbox 1216 4936 1335 5005; x_wconf 80' lang='grc' dir='ltr'>εἱρη</span> <span class='ocrx_word' id='word_1_706' title='bbox 1345 4934 1500 5004; x_wconf 86' lang='grc' dir='ltr'>μένα,</span> <span class='ocrx_word' id='word_1_707' title='bbox 1539 4935 1631 4987; x_wconf 71' lang='grc' dir='ltr'><strong>καὶ</strong></span> <span class='ocrx_word' id='word_1_708' title='bbox 1680 4934 1769 4987; x_wconf 81' lang='grc' dir='ltr'><strong>οὖ-</strong></span> 
     </span>
    </p>
   </div>
   <div class='ocr_carea' id='block_1_95' title="bbox 194 5023 1767 5097">
    <p class='ocr_par' dir='ltr' id='par_1_95' title="bbox 194 5023 1767 5097">
     <span class='ocr_line' id='line_1_95' title="bbox 194 5023 1767 5097; baseline 0.006 -26"><span class='ocrx_word' id='word_1_709' title='bbox 194 5039 295 5085; x_wconf 82' lang='grc' dir='ltr'><strong>τως</strong></span> <span class='ocrx_word' id='word_1_710' title='bbox 325 5025 402 5088; x_wconf 86' lang='grc' dir='ltr'>ὡς</span> <span class='ocrx_word' id='word_1_711' title='bbox 436 5026 568 5095; x_wconf 67' lang='grc' dir='ltr'>περὶ</span> <span class='ocrx_word' id='word_1_712' title='bbox 596 5023 783 5077; x_wconf 81' lang='grc' dir='ltr'>ἑαυτοῦ</span> <span class='ocrx_word' id='word_1_713' title='bbox 818 5026 1174 5097; x_wconf 82' lang='grc' dir='ltr'>γεγραμμένα</span> <span class='ocrx_word' id='word_1_714' title='bbox 1200 5026 1391 5094; x_wconf 90' lang='grc' dir='ltr'>λέγων,</span> <span class='ocrx_word' id='word_1_715' title='bbox 1431 5027 1525 5079; x_wconf 75' lang='grc' dir='ltr'><strong>καὶ</strong></span> <span class='ocrx_word' id='word_1_716' title='bbox 1554 5027 1767 5080; x_wconf 64' lang='grc' dir='ltr'>συνδιαι</span> 
     </span>
    </p>
   </div>
   <div class='ocr_carea' id='block_1_96' title="bbox 196 5111 1695 5188">
    <p class='ocr_par' dir='ltr' id='par_1_96' title="bbox 196 5111 1695 5188">
     <span class='ocr_line' id='line_1_96' title="bbox 196 5111 1695 5188; baseline 0.007 -27"><span class='ocrx_word' id='word_1_717' title='bbox 196 5111 473 5181; x_wconf 77' lang='grc' dir='ltr'>τιθέμενος</span> <span class='ocrx_word' id='word_1_718' title='bbox 500 5116 611 5177; x_wconf 89' lang='grc' dir='ltr'>τοῖς</span> <span class='ocrx_word' id='word_1_719' title='bbox 635 5116 1058 5185; x_wconf 86' lang='grc' dir='ltr'>γεγραμμένοις,</span> <span class='ocrx_word' id='word_1_720' title='bbox 1090 5118 1353 5188; x_wconf 69' lang='grc' dir='ltr'>ἀναφέρει</span> <span class='ocrx_word' id='word_1_721' title='bbox 1383 5116 1459 5186; x_wconf 81' lang='grc' dir='ltr'>τῷ</span> <span class='ocrx_word' id='word_1_722' title='bbox 1488 5117 1695 5188; x_wconf 85' lang='grc' dir='ltr'>Κυρίῳ.</span> 
     </span>
    </p>
   </div>
   <div class='ocr_carea' id='block_1_97' title="bbox 260 5201 1767 5276">
    <p class='ocr_par' dir='ltr' id='par_1_97' title="bbox 260 5201 1767 5276">
     <span class='ocr_line' id='line_1_97' title="bbox 260 5201 1767 5276; baseline 0.007 -24"><span class='ocrx_word' id='word_1_723' title='bbox 260 5201 359 5255; x_wconf 85' lang='grc' dir='ltr'>λα’.</span> <span class='ocrx_word' id='word_1_724' title='bbox 394 5206 490 5274; x_wconf 80' lang='grc' dir='ltr'><strong>Μὴ</strong></span> <span class='ocrx_word' id='word_1_725' title='bbox 524 5204 891 5275; x_wconf 87' lang='grc' dir='ltr'>περιϐαλλέτω</span> <span class='ocrx_word' id='word_1_726' title='bbox 919 5206 1098 5276; x_wconf 85' lang='grc' dir='ltr'>μέντοι</span> <span class='ocrx_word' id='word_1_727' title='bbox 1132 5226 1214 5271; x_wconf 85' lang='grc' dir='ltr'><strong>τις</strong></span> <span class='ocrx_word' id='word_1_728' title='bbox 1242 5208 1381 5261; x_wconf 78' lang='grc' dir='ltr'>αὐτὰ</span> <span class='ocrx_word' id='word_1_729' title='bbox 1433 5212 1543 5272; x_wconf 85' lang='grc' dir='ltr'>τοῖς</span> <span class='ocrx_word' id='word_1_730' title='bbox 1572 5208 1767 5272; x_wconf 78' lang='grc' dir='ltr'>ἔξωθεν</span> 
     </span>
    </p>
   </div>
   <div class='ocr_carea' id='block_1_98' title="bbox 198 5294 1767 5371">
    <p class='ocr_par' dir='ltr' id='par_1_98' title="bbox 198 5294 1767 5371">
     <span class='ocr_line' id='line_1_98' title="bbox 198 5294 1767 5371; baseline 0.005 -25"><span class='ocrx_word' id='word_1_731' title='bbox 198 5294 439 5359; x_wconf 76' lang='grc' dir='ltr'>πιθανοῖς</span> <span class='ocrx_word' id='word_1_732' title='bbox 477 5298 701 5366; x_wconf 78' lang='grc' dir='ltr'>ῥήμασι,</span> <span class='ocrx_word' id='word_1_733' title='bbox 732 5298 866 5368; x_wconf 81' lang='grc' dir='ltr'>μηδὲ</span> <span class='ocrx_word' id='word_1_734' title='bbox 894 5298 1200 5367; x_wconf 76' lang='grc' dir='ltr'>πειραζέτω</span> <span class='ocrx_word' id='word_1_735' title='bbox 1240 5300 1339 5362; x_wconf 82' lang='grc' dir='ltr'>τὰς</span> <span class='ocrx_word' id='word_1_736' title='bbox 1390 5300 1561 5367; x_wconf 78' lang='grc' dir='ltr'>λέξεις</span> <span class='ocrx_word' id='word_1_737' title='bbox 1604 5319 1767 5371; x_wconf 86' lang='grc' dir='ltr'>μετα-</span> 
     </span>
    </p>
   </div>
   <div class='ocr_carea' id='block_1_99' title="bbox 201 5387 1767 5462">
    <p class='ocr_par' dir='ltr' id='par_1_99' title="bbox 201 5387 1767 5462">
     <span class='ocr_line' id='line_1_99' title="bbox 201 5387 1767 5462; baseline 0.006 -27"><span class='ocrx_word' id='word_1_738' title='bbox 201 5387 419 5457; x_wconf 83' lang='grc' dir='ltr'>ποιείνῆ</span> <span class='ocrx_word' id='word_1_739' title='bbox 469 5387 604 5451; x_wconf 84' lang='grc' dir='ltr'>ὅλως</span> <span class='ocrx_word' id='word_1_740' title='bbox 636 5390 998 5443; x_wconf 86' lang='grc' dir='ltr'>ὲναλλάσσειν·</span> <span class='ocrx_word' id='word_1_741' title='bbox 1054 5392 1167 5443; x_wconf 83' lang='grc' dir='ltr'>ἀλλ’</span> <span class='ocrx_word' id='word_1_742' title='bbox 1197 5391 1365 5455; x_wconf 73' lang='grc' dir='ltr'>οὕτως</span> <span class='ocrx_word' id='word_1_743' title='bbox 1419 5392 1656 5462; x_wconf 84' lang='grc' dir='ltr'>ἀτεχνῶς</span> <span class='ocrx_word' id='word_1_744' title='bbox 1698 5393 1767 5445; x_wconf 84' lang='grc' dir='ltr'>τὰ</span> 
     </span>
    </p>
   </div>
   <div class='ocr_carea' id='block_1_100' title="bbox 197 5477 1764 5553">
    <p class='ocr_par' dir='ltr' id='par_1_100' title="bbox 197 5477 1764 5553">
     <span class='ocr_line' id='line_1_100' title="bbox 197 5477 1764 5553; baseline 0.005 -27"><span class='ocrx_word' id='word_1_745' title='bbox 197 5477 558 5546; x_wconf 78' lang='grc' dir='ltr'>γεγραμμένα</span> <span class='ocrx_word' id='word_1_746' title='bbox 590 5478 792 5546; x_wconf 86' lang='grc' dir='ltr'>λεγέτω</span> <span class='ocrx_word' id='word_1_747' title='bbox 848 5480 941 5532; x_wconf 75' lang='grc' dir='ltr'><strong>καὶ</strong></span> <span class='ocrx_word' id='word_1_748' title='bbox 979 5480 1244 5549; x_wconf 72' lang='grc' dir='ltr'>ψαλλέτω,</span> <span class='ocrx_word' id='word_1_749' title='bbox 1308 5480 1496 5553; x_wconf 78' lang='grc' dir='ltr'>ὥσπερ</span> <span class='ocrx_word' id='word_1_750' title='bbox 1534 5482 1764 5553; x_wconf 73' lang='grc' dir='ltr'>εἴρηται,</span> 
     </span>
    </p>
   </div>
   <div class='ocr_carea' id='block_1_101' title="bbox 202 5564 1769 5643">
    <p class='ocr_par' dir='ltr' id='par_1_101' title="bbox 202 5564 1769 5643">
     <span class='ocr_line' id='line_1_101' title="bbox 202 5564 1769 5643; baseline 0.005 -25"><span class='ocrx_word' id='word_1_751' title='bbox 202 5564 332 5636; x_wconf 74' lang='grc' dir='ltr'>ὑπὲρ</span> <span class='ocrx_word' id='word_1_752' title='bbox 358 5568 454 5621; x_wconf 79' lang='grc' dir='ltr'>τοῦ</span> <span class='ocrx_word' id='word_1_753' title='bbox 491 5572 580 5623; x_wconf 75' lang='grc' dir='ltr'>καὶ</span> <span class='ocrx_word' id='word_1_754' title='bbox 629 5572 754 5633; x_wconf 78' lang='grc' dir='ltr'>τοὺς</span> <span class='ocrx_word' id='word_1_755' title='bbox 786 5570 1205 5643; x_wconf 62' lang='grc' dir='ltr'>διακονήσαντας</span> <span class='ocrx_word' id='word_1_756' title='bbox 1260 5572 1577 5643; x_wconf 84' lang='grc' dir='ltr'>ἀνθρώπους</span> <span class='ocrx_word' id='word_1_757' title='bbox 1630 5573 1769 5626; x_wconf 85' lang='grc' dir='ltr'>αὐτὰ</span> 
     </span>
    </p>
   </div>
   <div class='ocr_carea' id='block_1_102' title="bbox 267 5708 1455 5797">
    <p class='ocr_par' dir='ltr' id='par_1_102' title="bbox 267 5708 1455 5797">
     <span class='ocr_line' id='line_1_102' title="bbox 267 5708 1455 5797; baseline 0.008 -23"><span class='ocrx_word' id='word_1_758' title='bbox 267 5723 312 5753; x_wconf 71' lang='grc'>’³</span> <span class='ocrx_word' id='word_1_759' title='bbox 345 5724 359 5775; x_wconf 93' lang='grc'><strong>1</strong></span> <span class='ocrx_word' id='word_1_760' title='bbox 392 5723 523 5792; x_wconf 78' lang='lat' dir='ltr'><strong>Reg.</strong></span> <span class='ocrx_word' id='word_1_761' title='bbox 570 5743 653 5779; x_wconf 70' lang='lat' dir='ltr'><strong>ut</strong></span> <span class='ocrx_word' id='word_1_762' title='bbox 680 5767 695 5788; x_wconf 92' lang='lat'><strong>,</strong></span> <span class='ocrx_word' id='word_1_763' title='bbox 734 5726 824 5780; x_wconf 74' lang='grc'><strong>25.</strong></span> <span class='ocrx_word' id='word_1_764' title='bbox 931 5729 974 5759; x_wconf 73' lang='grc'><strong>³⁵</strong></span> <span class='ocrx_word' id='word_1_765' title='bbox 1028 5708 1171 5783; x_wconf 81' lang='lat' dir='ltr'><strong>Psal.</strong></span> <span class='ocrx_word' id='word_1_766' title='bbox 1212 5745 1294 5797; x_wconf 86' lang='lat' dir='ltr'><strong>CL,</strong></span> <span class='ocrx_word' id='word_1_767' title='bbox 1340 5728 1455 5784; x_wconf 85' lang='grc'><strong>’5-5.</strong></span> 
     </span>
    </p>
   </div>
   <div class='ocr_carea' id='block_1_103' title="bbox 444 5815 1161 5879">
    <p class='ocr_par' dir='ltr' id='par_1_103' title="bbox 444 5815 1161 5879">
     <span class='ocr_line' id='line_1_103' title="bbox 444 5815 1161 5879; baseline 0.007 -5"><span class='ocrx_word' id='word_1_768' title='bbox 444 5815 712 5878; x_wconf 70' lang='lat' dir='ltr'><strong>Parnm.</strong></span> <span class='ocrx_word' id='word_1_769' title='bbox 746 5818 861 5878; x_wconf 77' lang='lat' dir='ltr'><strong>Gn.</strong></span> <span class='ocrx_word' id='word_1_770' title='bbox 902 5819 1161 5879; x_wconf 73' lang='lat' dir='ltr'><strong>XXVII.</strong></span> 
     </span>
    </p>
   </div>
   <div class='ocr_carea' id='block_1_104' title="bbox 1868 4567 3436 4639">
    <p class='ocr_par' dir='ltr' id='par_1_104' title="bbox 1868 4567 3436 4639">
     <span class='ocr_line' id='line_1_104' title="bbox 1868 4567 3436 4639; baseline 0.001 -17"><span class='ocrx_word' id='word_1_771' title='bbox 1868 4568 1984 4625; x_wconf 89' lang='lat' dir='ltr'><strong>rius</strong></span> <span class='ocrx_word' id='word_1_772' title='bbox 2012 4570 2216 4624; x_wconf 92' lang='lat' dir='ltr'><strong>dictum</strong></span> <span class='ocrx_word' id='word_1_773' title='bbox 2241 4580 2356 4635; x_wconf 90' lang='lat' dir='ltr'><strong>est,</strong></span> <span class='ocrx_word' id='word_1_774' title='bbox 2395 4579 2489 4625; x_wconf 89' lang='lat' dir='ltr'><strong>aut</strong></span> <span class='ocrx_word' id='word_1_775' title='bbox 2529 4571 2574 4625; x_wconf 89' lang='lat' dir='ltr'><strong>si</strong></span> <span class='ocrx_word' id='word_1_776' title='bbox 2617 4569 2762 4623; x_wconf 86' lang='lat' dir='ltr'><strong>videt</strong></span> <span class='ocrx_word' id='word_1_777' title='bbox 2804 4582 2862 4623; x_wconf 88' lang='lat' dir='ltr'><strong>se</strong></span> <span class='ocrx_word' id='word_1_778' title='bbox 2902 4567 3121 4637; x_wconf 87' lang='lat' dir='ltr'><strong>quidem</strong></span> <span class='ocrx_word' id='word_1_779' title='bbox 3152 4568 3436 4639; x_wconf 89' lang='lat' dir='ltr'><strong>proﬁcere,</strong></span> 
     </span>
    </p>
   </div>
   <div class='ocr_carea' id='block_1_105' title="bbox 1868 4658 3436 4727">
    <p class='ocr_par' dir='ltr' id='par_1_105' title="bbox 1868 4658 3436 4727">
     <span class='ocr_line' id='line_1_105' title="bbox 1868 4658 3436 4727; baseline 0.001 -14"><span class='ocrx_word' id='word_1_780' title='bbox 1868 4659 2079 4715; x_wconf 88' lang='lat' dir='ltr'><strong>hostem</strong></span> <span class='ocrx_word' id='word_1_781' title='bbox 2126 4675 2255 4714; x_wconf 87' lang='lat' dir='ltr'><strong>vero</strong></span> <span class='ocrx_word' id='word_1_782' title='bbox 2309 4660 2538 4723; x_wconf 88' lang='lat' dir='ltr'><strong>destrui,</strong></span> <span class='ocrx_word' id='word_1_783' title='bbox 2593 4659 2708 4714; x_wconf 89' lang='lat' dir='ltr'><strong>sive</strong></span> <span class='ocrx_word' id='word_1_784' title='bbox 2764 4658 3023 4721; x_wconf 87' lang='lat' dir='ltr'><strong>laudare,</strong></span> <span class='ocrx_word' id='word_1_785' title='bbox 3068 4658 3183 4712; x_wconf 84' lang='lat' dir='ltr'><strong>sive</strong></span> <span class='ocrx_word' id='word_1_786' title='bbox 3233 4659 3436 4727; x_wconf 74' lang='lat' dir='ltr'><strong>gratias</strong></span> 
     </span>
    </p>
   </div>
   <div class='ocr_carea' id='block_1_106' title="bbox 1868 4751 3438 4823">
    <p class='ocr_par' dir='ltr' id='par_1_106' title="bbox 1868 4751 3438 4823">
     <span class='ocr_line' id='line_1_106' title="bbox 1868 4751 3438 4823; baseline -0.001 -16"><span class='ocrx_word' id='word_1_787' title='bbox 1868 4769 2048 4823; x_wconf 86' lang='lat' dir='ltr'><strong>agere,</strong></span> <span class='ocrx_word' id='word_1_788' title='bbox 2080 4754 2193 4807; x_wconf 84' lang='lat' dir='ltr'><strong>sive</strong></span> <span class='ocrx_word' id='word_1_789' title='bbox 2224 4753 2454 4807; x_wconf 91' lang='lat' dir='ltr'><strong>Domino</strong></span> <span class='ocrx_word' id='word_1_790' title='bbox 2500 4751 2818 4807; x_wconf 90' lang='lat' dir='ltr'><strong>benedicere</strong></span> <span class='ocrx_word' id='word_1_791' title='bbox 2847 4752 2997 4813; x_wconf 89' lang='lat' dir='ltr'><strong>velit,</strong></span> <span class='ocrx_word' id='word_1_792' title='bbox 3042 4751 3203 4806; x_wconf 83' lang='lat' dir='ltr'><strong>habet</strong></span> <span class='ocrx_word' id='word_1_793' title='bbox 3244 4752 3438 4806; x_wconf 88' lang='lat' dir='ltr'><strong>horum</strong></span> 
     </span>
    </p>
   </div>
   <div class='ocr_carea' id='block_1_107' title="bbox 1868 4842 3438 4919">
    <p class='ocr_par' dir='ltr' id='par_1_107' title="bbox 1868 4842 3438 4919">
     <span class='ocr_line' id='line_1_107' title="bbox 1868 4842 3438 4919; baseline -0.001 -20"><span class='ocrx_word' id='word_1_794' title='bbox 1868 4846 2171 4899; x_wconf 88' lang='lat' dir='ltr'><strong>doctrinam</strong></span> <span class='ocrx_word' id='word_1_795' title='bbox 2221 4847 2275 4898; x_wconf 88' lang='lat' dir='ltr'><strong>in</strong></span> <span class='ocrx_word' id='word_1_796' title='bbox 2330 4845 2529 4919; x_wconf 83' lang='lat' dir='ltr'><strong>divinis</strong></span> <span class='ocrx_word' id='word_1_797' title='bbox 2568 4843 2809 4913; x_wconf 88' lang='lat' dir='ltr'><strong>psalmis.</strong></span> <span class='ocrx_word' id='word_1_798' title='bbox 2861 4842 3012 4897; x_wconf 90' lang='lat' dir='ltr'><strong>Licet</strong></span> <span class='ocrx_word' id='word_1_799' title='bbox 3058 4844 3201 4898; x_wconf 91' lang='lat' dir='ltr'><strong>enim</strong></span> <span class='ocrx_word' id='word_1_800' title='bbox 3256 4844 3332 4897; x_wconf 86' lang='lat' dir='ltr'><strong>illi</strong></span> <span class='ocrx_word' id='word_1_801' title='bbox 3382 4844 3438 4898; x_wconf 92' lang='lat' dir='ltr'><strong>in</strong></span> 
     </span>
    </p>
   </div>
   <div class='ocr_carea' id='block_1_108' title="bbox 1869 4934 3441 5007">
    <p class='ocr_par' dir='ltr' id='par_1_108' title="bbox 1869 4934 3441 5007">
     <span class='ocr_line' id='line_1_108' title="bbox 1869 4934 3441 5007; baseline -0.002 -17"><span class='ocrx_word' id='word_1_802' title='bbox 1869 4936 2123 5007; x_wconf 79' lang='lat' dir='ltr'><strong>singulis,</strong></span> <span class='ocrx_word' id='word_1_803' title='bbox 2172 4934 2316 5005; x_wconf 91' lang='lat' dir='ltr'><strong>quod</strong></span> <span class='ocrx_word' id='word_1_804' title='bbox 2371 4936 2601 4990; x_wconf 84' lang='lat' dir='ltr'><strong>voluerit</strong></span> <span class='ocrx_word' id='word_1_805' title='bbox 2643 4950 2709 4988; x_wconf 79' lang='lat' dir='ltr'><strong>ex</strong></span> <span class='ocrx_word' id='word_1_806' title='bbox 2756 4934 3083 5004; x_wconf 89' lang='lat' dir='ltr'><strong>supradictis</strong></span> <span class='ocrx_word' id='word_1_807' title='bbox 3129 4935 3345 5005; x_wconf 84' lang='lat' dir='ltr'><strong>eligere,</strong></span> <span class='ocrx_word' id='word_1_808' title='bbox 3386 4945 3441 4989; x_wconf 89' lang='lat' dir='ltr'><strong>et</strong></span> 
     </span>
    </p>
   </div>
   <div class='ocr_carea' id='block_1_109' title="bbox 1869 5027 3440 5096">
    <p class='ocr_par' dir='ltr' id='par_1_109' title="bbox 1869 5027 3440 5096">
     <span class='ocr_line' id='line_1_109' title="bbox 1869 5027 3440 5096; baseline -0.001 -15"><span class='ocrx_word' id='word_1_809' title='bbox 1869 5028 2023 5096; x_wconf 88' lang='lat' dir='ltr'><strong>quasi</strong></span> <span class='ocrx_word' id='word_1_810' title='bbox 2058 5028 2124 5081; x_wconf 86' lang='lat' dir='ltr'><strong>de</strong></span> <span class='ocrx_word' id='word_1_811' title='bbox 2158 5042 2215 5081; x_wconf 91' lang='lat' dir='ltr'><strong>se</strong></span> <span class='ocrx_word' id='word_1_812' title='bbox 2244 5027 2388 5081; x_wconf 86' lang='lat' dir='ltr'><strong>dicta</strong></span> <span class='ocrx_word' id='word_1_813' title='bbox 2427 5035 2629 5092; x_wconf 84' lang='lat' dir='ltr'><strong>essent,</strong></span> <span class='ocrx_word' id='word_1_814' title='bbox 2682 5042 2741 5080; x_wconf 90' lang='lat' dir='ltr'><strong>ea</strong></span> <span class='ocrx_word' id='word_1_815' title='bbox 2785 5027 3051 5091; x_wconf 88' lang='lat' dir='ltr'><strong>recitare;</strong></span> <span class='ocrx_word' id='word_1_816' title='bbox 3111 5042 3175 5087; x_wconf 81' lang='lat' dir='ltr'><strong>ac</strong></span> <span class='ocrx_word' id='word_1_817' title='bbox 3217 5027 3440 5095; x_wconf 89' lang='lat' dir='ltr'><strong>perinde</strong></span> 
     </span>
    </p>
   </div>
   <div class='ocr_carea' id='block_1_110' title="bbox 1869 5116 3365 5188">
    <p class='ocr_par' dir='ltr' id='par_1_110' title="bbox 1869 5116 3365 5188">
     <span class='ocr_line' id='line_1_110' title="bbox 1869 5116 3365 5188; baseline 0 -18"><span class='ocrx_word' id='word_1_818' title='bbox 1869 5117 2120 5171; x_wconf 80' lang='lat' dir='ltr'><strong>aﬁ‘ectum</strong></span> <span class='ocrx_word' id='word_1_819' title='bbox 2144 5127 2307 5186; x_wconf 90' lang='lat' dir='ltr'><strong>atque</strong></span> <span class='ocrx_word' id='word_1_820' title='bbox 2326 5119 2587 5187; x_wconf 88' lang='lat' dir='ltr'><strong>scriptum</strong></span> <span class='ocrx_word' id='word_1_821' title='bbox 2627 5126 2731 5182; x_wconf 89' lang='lat' dir='ltr'><strong>est,</strong></span> <span class='ocrx_word' id='word_1_822' title='bbox 2764 5133 2827 5173; x_wconf 88' lang='lat' dir='ltr'><strong>ea</strong></span> <span class='ocrx_word' id='word_1_823' title='bbox 2858 5117 2972 5188; x_wconf 85' lang='lat' dir='ltr'><strong>ipsa</strong></span> <span class='ocrx_word' id='word_1_824' title='bbox 3004 5118 3112 5173; x_wconf 90' lang='lat' dir='ltr'><strong>Deo</strong></span> <span class='ocrx_word' id='word_1_825' title='bbox 3146 5116 3365 5172; x_wconf 76' lang='lat' dir='ltr'><strong>referre.</strong></span> 
     </span>
    </p>
   </div>
   <div class='ocr_carea' id='block_1_111' title="bbox 1940 5205 3441 5276">
    <p class='ocr_par' dir='ltr' id='par_1_111' title="bbox 1940 5205 3441 5276">
     <span class='ocr_line' id='line_1_111' title="bbox 1940 5205 3441 5276; baseline 0.001 -17"><span class='ocrx_word' id='word_1_826' title='bbox 1940 5207 2027 5259; x_wconf 79' lang='lat'><strong>5|.</strong></span> <span class='ocrx_word' id='word_1_827' title='bbox 2071 5205 2148 5261; x_wconf 87' lang='lat' dir='ltr'><strong>Ne</strong></span> <span class='ocrx_word' id='word_1_828' title='bbox 2177 5207 2302 5275; x_wconf 90' lang='lat' dir='ltr'><strong>quis</strong></span> <span class='ocrx_word' id='word_1_829' title='bbox 2337 5216 2517 5261; x_wconf 82' lang='lat' dir='ltr'><strong>autem</strong></span> <span class='ocrx_word' id='word_1_830' title='bbox 2548 5222 2613 5261; x_wconf 90' lang='lat' dir='ltr'><strong>ea</strong></span> <span class='ocrx_word' id='word_1_831' title='bbox 2640 5207 2919 5261; x_wconf 78' lang='lat' dir='ltr'><strong>saecularis</strong></span> <span class='ocrx_word' id='word_1_832' title='bbox 2964 5207 3286 5276; x_wconf 66' lang='lat' dir='ltr'><strong>eloquentiae</strong></span> <span class='ocrx_word' id='word_1_833' title='bbox 3316 5222 3441 5261; x_wconf 76' lang='lat' dir='ltr'><strong>vcr-</strong></span> 
     </span>
    </p>
   </div>
   <div class='ocr_carea' id='block_1_112' title="bbox 1868 5298 3437 5369">
    <p class='ocr_par' dir='ltr' id='par_1_112' title="bbox 1868 5298 3437 5369">
     <span class='ocr_line' id='line_1_112' title="bbox 1868 5298 3437 5369; baseline 0.001 -18"><span class='ocrx_word' id='word_1_834' title='bbox 1868 5298 1955 5353; x_wconf 89' lang='lat' dir='ltr'><strong>bis</strong></span> <span class='ocrx_word' id='word_1_835' title='bbox 1982 5314 2246 5353; x_wconf 83' lang='lat' dir='ltr'><strong>exornare</strong></span> <span class='ocrx_word' id='word_1_836' title='bbox 2295 5298 2658 5369; x_wconf 77' lang='lat' dir='ltr'><strong>aggrediatur,</strong></span> <span class='ocrx_word' id='word_1_837' title='bbox 2697 5314 2871 5369; x_wconf 90' lang='lat' dir='ltr'><strong>neque</strong></span> <span class='ocrx_word' id='word_1_838' title='bbox 2905 5310 3130 5353; x_wconf 89' lang='lat' dir='ltr'><strong>conetur</strong></span> <span class='ocrx_word' id='word_1_839' title='bbox 3166 5299 3437 5367; x_wconf 87' lang='lat' dir='ltr'><strong>quispiam</strong></span> 
     </span>
    </p>
   </div>
   <div class='ocr_carea' id='block_1_113' title="bbox 1874 5390 3436 5459">
    <p class='ocr_par' dir='ltr' id='par_1_113' title="bbox 1874 5390 3436 5459">
     <span class='ocr_line' id='line_1_113' title="bbox 1874 5390 3436 5459; baseline 0 -16"><span class='ocrx_word' id='word_1_840' title='bbox 1874 5390 2014 5444; x_wconf 89' lang='lat' dir='ltr'><strong>dicta</strong></span> <span class='ocrx_word' id='word_1_841' title='bbox 2076 5399 2454 5459; x_wconf 83' lang='lat' dir='ltr'><strong>transponere,</strong></span> <span class='ocrx_word' id='word_1_842' title='bbox 2507 5399 2600 5444; x_wconf 86' lang='lat' dir='ltr'><strong>aut</strong></span> <span class='ocrx_word' id='word_1_843' title='bbox 2648 5391 2919 5458; x_wconf 85' lang='lat' dir='ltr'><strong>ullatenus</strong></span> <span class='ocrx_word' id='word_1_844' title='bbox 2966 5390 3288 5455; x_wconf 88' lang='lat' dir='ltr'><strong>immutare;</strong></span> <span class='ocrx_word' id='word_1_845' title='bbox 3343 5391 3436 5443; x_wconf 90' lang='lat' dir='ltr'><strong>sed</strong></span> 
     </span>
    </p>
   </div>
   <div class='ocr_carea' id='block_1_114' title="bbox 1875 5480 3439 5549">
    <p class='ocr_par' dir='ltr' id='par_1_114' title="bbox 1875 5480 3439 5549">
     <span class='ocr_line' id='line_1_114' title="bbox 1875 5480 3439 5549; baseline -0.002 -14"><span class='ocrx_word' id='word_1_846' title='bbox 1875 5480 1993 5535; x_wconf 89' lang='lat' dir='ltr'><strong>sine</strong></span> <span class='ocrx_word' id='word_1_847' title='bbox 2033 5482 2144 5535; x_wconf 91' lang='lat' dir='ltr'><strong>ullo</strong></span> <span class='ocrx_word' id='word_1_848' title='bbox 2184 5481 2437 5545; x_wconf 84' lang='lat' dir='ltr'><strong>artiﬁcio,</strong></span> <span class='ocrx_word' id='word_1_849' title='bbox 2486 5490 2644 5549; x_wconf 89' lang='lat' dir='ltr'><strong>prout</strong></span> <span class='ocrx_word' id='word_1_850' title='bbox 2669 5481 2812 5535; x_wconf 89' lang='lat' dir='ltr'><strong>dicta</strong></span> <span class='ocrx_word' id='word_1_851' title='bbox 2857 5489 3007 5544; x_wconf 87' lang='lat' dir='ltr'><strong>sunt,</strong></span> <span class='ocrx_word' id='word_1_852' title='bbox 3039 5495 3101 5534; x_wconf 85' lang='lat' dir='ltr'><strong>ea</strong></span> <span class='ocrx_word' id='word_1_853' title='bbox 3143 5481 3352 5542; x_wconf 88' lang='lat' dir='ltr'><strong>recitet,</strong></span> <span class='ocrx_word' id='word_1_854' title='bbox 3385 5490 3439 5533; x_wconf 90' lang='lat' dir='ltr'><strong>et</strong></span> 
     </span>
    </p>
   </div>
   <div class='ocr_carea' id='block_1_115' title="bbox 1874 5569 3440 5643">
    <p class='ocr_par' dir='ltr' id='par_1_115' title="bbox 1874 5569 3440 5643">
     <span class='ocr_line' id='line_1_115' title="bbox 1874 5569 3440 5643; baseline -0.004 -16"><span class='ocrx_word' id='word_1_855' title='bbox 1874 5573 2089 5643; x_wconf 87' lang='lat' dir='ltr'><strong>psallat,</strong></span> <span class='ocrx_word' id='word_1_856' title='bbox 2122 5583 2181 5628; x_wconf 90' lang='lat' dir='ltr'><strong>ut</strong></span> <span class='ocrx_word' id='word_1_857' title='bbox 2219 5573 2393 5628; x_wconf 88' lang='lat' dir='ltr'><strong>sancti</strong></span> <span class='ocrx_word' id='word_1_858' title='bbox 2422 5572 2545 5637; x_wconf 88' lang='lat' dir='ltr'><strong>viri,</strong></span> <span class='ocrx_word' id='word_1_859' title='bbox 2573 5572 2667 5641; x_wconf 90' lang='lat' dir='ltr'><strong>qui</strong></span> <span class='ocrx_word' id='word_1_860' title='bbox 2706 5587 2769 5627; x_wconf 87' lang='lat' dir='ltr'><strong>ea</strong></span> <span class='ocrx_word' id='word_1_861' title='bbox 2820 5572 2937 5642; x_wconf 83' lang='lat' dir='ltr'><strong>ipsa</strong></span> <span class='ocrx_word' id='word_1_862' title='bbox 2970 5571 3148 5640; x_wconf 89' lang='lat' dir='ltr'><strong>nobis,</strong></span> <span class='ocrx_word' id='word_1_863' title='bbox 3184 5580 3243 5627; x_wconf 91' lang='lat' dir='ltr'><strong>ut</strong></span> <span class='ocrx_word' id='word_1_864' title='bbox 3276 5569 3440 5625; x_wconf 87' lang='lat' dir='ltr'><strong>mini-</strong></span> 
     </span>
    </p>
   </div>
   <div class='ocr_carea' id='block_1_116' title="bbox 1554 5726 2136 5791">
    <p class='ocr_par' dir='ltr' id='par_1_116' title="bbox 1554 5726 2136 5791">
     <span class='ocr_line' id='line_1_116' title="bbox 1554 5726 2136 5791; baseline 0.002 -12"><span class='ocrx_word' id='word_1_865' title='bbox 1554 5728 1595 5759; x_wconf 79' lang='lat'><strong>&quot;</strong></span> <span class='ocrx_word' id='word_1_866' title='bbox 1656 5726 1815 5781; x_wconf 86' lang='lat' dir='ltr'><strong>Rom.</strong></span> <span class='ocrx_word' id='word_1_867' title='bbox 1864 5740 1993 5791; x_wconf 85' lang='lat' dir='ltr'><strong>vm,</strong></span> <span class='ocrx_word' id='word_1_868' title='bbox 2050 5727 2136 5783; x_wconf 61' lang='grc'><strong>15.</strong></span> 
     </span>
    </p>
   </div>
   <div class='ocr_carea' id='block_1_117' title="bbox 3168 5821 3207 5878">
    <p class='ocr_par' dir='ltr' id='par_1_117' title="bbox 3168 5821 3207 5878">
     <span class='ocr_line' id='line_1_117' title="bbox 3168 5821 3207 5878; baseline 0 0"><span class='ocrx_word' id='word_1_869' title='bbox 3168 5821 3207 5878; x_wconf 75' lang='lat'>2</span> 
     </span>
    </p>
   </div>
  </div>
