3874 6218
246 334 320 388 ιε
1173 328 1543 387 ADMONITIO
1582 330 1647 385 IN
1686 329 2183 389 EXPOSITIONES
2220 331 2667 388 PSALMORUM.
3431 329 3503 386 ιο

261 444 498 517 Ἰσραὴλ,
538 443 698 515 μόνον
731 443 1188 512 ἀναγινώσκοντες
1218 446 1315 509 τὰς
1340 446 1581 517 Γραφὰς,
1597 446 1815 499 ἐδίωκον

1927 451 2096 505 ctione
2115 449 2389 505 daemones
2410 447 2693 519 fugabant,
2722 455 2775 501 et
2807 446 3033 503 insidias
3063 447 3131 502 ab
3156 446 3289 517 ipsis
3312 448 3503 503 adver-

246 538 527 608 δαίμονας,
575 537 669 590 καὶ
700 538 920 606 ὴλέξουν
949 540 1047 601 τὰς
1106 540 1235 608 παρ’
1259 538 1437 592 αὐτῶν
1466 542 1580 601 τοῖς
1621 537 1824 609 ἀνθρὼ-

246 648 369 695 ποις
401 630 692 698 γινομένας
756 629 1067 692 ἐπιϐουλάς.
1102 632 1261 683 Ὅθεν
1307 632 1401 685 καὶ
1431 629 1824 698 καταγνώσεως

247 726 430 795 πάσης
461 726 641 791 ἀξίους
662 719 803 778 εἶναι
836 725 987 793 ἔλεγε
1019 726 1145 789 τοὺς
1181 726 1354 779 ταῦτα
1409 725 1505 795 μὲν
1544 726 1820 793 ἀφιέντας,

251 815 595 878 συντιθέντας
644 815 699 867 δὲ
745 816 958 879 ἑαυτοῖς
987 816 1182 879 ἔξωθεν
1222 814 1421 867 πιθανὰ
1462 815 1698 885 ῥήματα,
1730 813 1823 865 καὶ

247 909 307 961 ὲν
353 907 563 968 τούτοις
598 906 917 977 ἐξορκιστὰς
948 908 1169 969 ἑαυτοὺς
1209 904 1822 976 ὀνομάζοντας.Μᾶλλον

245 1001 357 1071 γὰρ
383 1001 668 1065 παίζουσι,
719 1003 812 1054 καὶ
842 1003 1170 1072 παρέχουσιν
1211 1000 1435 1063 ἑαυτοὺς
1477 999 1703 1061 ἐκείνοις
1743 999 1822 1060 είς

244 1093 307 1145 τὸ
334 1092 709 1163 χλευάζεσθαι·
754 1090 842 1145 οἷα
902 1092 1230 1145 πεπόνθασιν
1289 1091 1528 1143 Ἰουδαῖοι
1572 1090 1620 1142 οἱ
1648 1090 1824 1142 Σκευᾶ

246 1185 375 1246 υἱοὶ,
405 1185 852 1254 ἐπιχειρήσαντες
914 1182 1009 1235 καὶ
1058 1183 1211 1235 αὐτοὶ
1252 1182 1341 1233 τὸν
1383 1181 1581 1252 τρόπον
1636 1179 1822 1233 τοῦτον

246 1274 568 1346 ὲξορκίζειν.
633 1276 815 1328 Ταῦτα
860 1276 957 1345 μὲν
1010 1274 1120 1343 γὰρ
1185 1272 1474 1335 ἀκούοντες
1518 1271 1670 1342 παρὰ
1714 1271 1822 1323 τῶν

246 1367 503 1418 τοιούτων
529 1368 577 1418 οἱ
605 1367 852 1436 δαίμονες
884 1363 1155 1428 παίζουσι·
1192 1365 1259 1418 τὰ
1285 1364 1340 1416 δὲ
1376 1365 1483 1417 τῶν
1523 1366 1693 1431 ἁγίων
1728 1366 1824 1435 ρή-

250 1476 399 1528 ματα
430 1458 742 1526 φοϐοῦνται,
788 1458 947 1527 ἣκαὶ
996 1457 1181 1527 φέρειν
1242 1456 1381 1508 αὐτὰ
1432 1457 1490 1508 ού
1542 1456 1817 1509 δύνανται.

250 1552 409 1602 Ἔστι
434 1551 542 1622 γὰρ
582 1552 639 1602 ἐν
674 1553 784 1613 τοῖς
828 1549 935 1601 τῶν
969 1547 1198 1618 Γραφῶν
1241 1549 1475 1617 ῥήμασιν
1504 1548 1533 1597 ὁ
1594 1546 1819 1615 Κύριος,

245 1640 305 1692 ὃν
350 1642 426 1711 μὴ
459 1641 745 1711 δυνάμενοι
772 1641 955 1711 φέρειν
1015 1638 1260 1709 ἔκραζον·
1305 1638 1517 1706 Δέομαί
1565 1650 1701 1701 σου,
1736 1636 1821 1705 μή

246 1748 319 1794 με
338 1732 452 1798 πρὸ
481 1733 687 1800 καιροῦ
718 1731 1089 1798 βασανίσῃς
1124 1731 1368 1783 ἐκαίοντο
1394 1730 1502 1800 γὰρ
1532 1729 1626 1783 καὶ
1664 1729 1823 1798 μόνον

1929 556 2050 595 sum
2118 542 2363 597 homines
2412 552 2629 611 paratas
2684 541 3054 595 destruebant.
3114 541 3295 606 Quare
3353 542 3502 595 omni

1928 632 2275 686 damnatione
2307 632 2501 702 dignos
2526 648 2646 687 csse
2678 632 2891 687 dicebat
2924 646 3020 687 eos
3052 632 3169 701 qui,
3215 632 3300 686 his
3335 632 3500 685 omis-

1928 722 2026 788 sis,
2076 723 2406 793 adscitisque
2447 724 2668 778 aliunde
2706 724 2887 777 verbis
2931 722 3292 791 elegantibus,
3334 722 3388 776 in
3437 723 3506 777 iis

1929 828 2049 867 sese
2078 812 2379 867 exorcistas
2404 816 2770 869 nominarent.
2802 812 2990 868 Potius
3020 814 3164 867 enim
3196 812 3409 876 ludunt,
3443 829 3508 869 ac

1929 918 1987 957 se
2028 903 2369 958 dtemonibus
2414 904 2671 959 ridendos
2705 904 2957 970 offerunt,
3005 904 3148 959 sicut
3187 905 3383 959 accidit
3412 900 3508 958 Ju-

1929 994 2059 1049 dmis
2098 995 2223 1049 [iliis
2266 992 2536 1060 Scevae”,
2572 996 2665 1065 qui
2717 1011 2782 1050 eo
2826 995 2945 1064 ipso
2990 996 3152 1050 modo
3193 996 3507 1051 exorcizare

1929 1093 2296 1140 tentaverunt.
2345 1086 2471 1141 Haec
2502 1088 2683 1156 itaque
2711 1102 2834 1142 cum
2874 1087 3100 1141 audiunt
3126 1088 3192 1141 ab
3223 1087 3355 1157 ipsis
3394 1087 3506 1142 dae-

1929 1193 2141 1241 mones,
2175 1179 2255 1234 eis
2297 1179 2563 1245 illudunt;
2600 1188 2791 1233 contra
2823 1195 2952 1233 vero
2993 1189 3301 1235 sanctorum
3341 1180 3508 1234 verba

1928 1268 2305 1333 reformidant,
2340 1285 2441 1324 nec
2474 1278 2705 1339 possunt
2731 1284 2794 1324 ea
2832 1269 3120 1324 sustinere.
3160 1268 3216 1322 In
3257 1268 3508 1339 Scriptu-

1928 1375 2111 1415 rarum
2138 1377 2372 1431 namque
2398 1362 2579 1417 verbis
2603 1371 2685 1416 est
2715 1361 2996 1425 Dominus,
3023 1377 3182 1431 quem
3211 1378 3335 1417 cum
3367 1362 3509 1416 ferre

1929 1467 2037 1507 non
2064 1464 2310 1522 possent,
2337 1455 2646 1508 clamabant
2675 1473 2687 1509 :
2720 1453 2857 1524 Rogo
2882 1465 2928 1508 te
2955 1470 3016 1507 ne
3046 1470 3124 1507 me
3153 1463 3273 1507 ante
3308 1462 3509 1521 tempus

1931 1554 2172 1612 torqueas
2196 1544 2260 1598 ³⁸.
2294 1543 2633 1601 .Urebantur
2685 1546 2955 1614 siquidem
3008 1557 3131 1599 cum
3184 1554 3508 1612 praesentem

1929 1633 2219 1691 Dominum
2279 1645 2489 1692 tantum
2542 1638 2819 1692 viderent.
2868 1638 2946 1692 Ita
2992 1648 3046 1692 et
3085 1636 3286 1692 Paulus
3333 1637 3509 1707 impe-

1929 1729 2068 1781 ravit
2136 1729 2363 1798 impuris
2424 1730 2764 1785 daemonibus
2826 1729 2869 1761 ³³
2905 1770 2920 1795 ,
2986 1729 3060 1784 ita
3116 1738 3169 1783 et
3224 1728 3510 1799 discipulis

248 1823 537 1891 βλέποντες
563 1825 801 1895 παρόντα
829 1824 919 1877 τὸν
957 1824 1181 1895 Κύριον.
1214 1822 1400 1886 Οὕτως
1430 1824 1524 1877 καὶ¹
1548 1825 1575 1875 ὁ
1610 1824 1818 1885 Παῦλος

1927 1819 2350 1888 subjiciebantur
2390 1820 2739 1876 daemonia“.
2773 1819 2839 1874 Et
2899 1835 3063 1889 super
3106 1818 3345 1875 Eliseum
3382 1835 3510 1889 pro-

247 1914 582 1983 παρήγγειλε
625 1917 736 1978 τοῖς
785 1914 1115 1985 ἀκαθάρτοις
1169 1914 1494 1984 πνεύμασιν·
1519 1915 1690 1978 οὕτως
1726 1915 1820 1968 καὶ

242 2002 357 2064 τοῖς
409 2001 677 2073 μαθηταῖς
726 2002 1059 2056 ὑπετάσσετο
1112 2003 1180 2056 τὰ
1221 2004 1491 2073 δαιμόνια.
1558 2005 1666 2057 Καὶ
1729 2005 1821 2056 ἐπὶ

256 2096 561 2149 Ἐλισσαίου
615 2097 671 2150 δὲ
715 2096 808 2149 τοῦ
839 2100 1116 2169 προφήτου
1161 2098 1375 2166 ἐγένετο
1421 2098 1540 2169 χεὶρ
1590 2097 1818 2170 Κυρίου,

244 2188 341 2238 καὶ
370 2189 741 2258 προεφήτευσε
776 2189 906 2258 περὶ
946 2190 1053 2241 τῶν
1091 2188 1296 2240 ὑδάτων
1351 2190 1459 2249 τοῖς
1496 2189 1640 2257 τρισὶ
1670 2188 1821 2257 βασι-

243 2277 451 2340 λεῦσιν,
508 2280 594 2331 ὅτε
634 2278 829 2347 ἔψαλλε
888 2281 1007 2331 κατ’
1040 2278 1259 2349 ἐντολὴν
1297 2278 1459 2331 αὐτοῦ
1514 2280 1542 2330 ὁ
1583 2277 1817 2347 ψάλλων.

243 2369 433 2432 Οὕτως
464 2370 558 2423 καὶ
584 2368 698 2433 νῦν,
728 2372 780 2423 εἴ
804 2388 886 2433 τις
908 2370 1127 2440 κήδεται
1154 2369 1260 2421 τῶν
1289 2370 1622 2439 πασχόντων,
1652 2371 1822 2423 ταῦτα

242 2459 469 2527 λεγέτω,
501 2460 596 2512 καὶ
653 2459 971 2530 μᾶλλοντόν
1023 2477 1081 2511 τε
1144 2460 1419 2529 πάσχοντα
1458 2460 1656 2529 ὠφελεῖ
1694 2462 1817 2526 (9⁹),

243 2553 339 2603 καὶ
380 2551 569 2604 ἑαυτοῦ
600 2552 696 2622 τὴν
747 2553 928 2604 πίστιν
958 2551 1128 2622 ἀληθῆ
1180 2552 1273 2603 καὶ
1315 2551 1535 2620 βεϐαίαν
1560 2552 1820 2618 ἐπιδείξε-

240 2659 355 2696 ται’
394 2643 551 2705 ὥστε,
607 2644 699 2696 καὶ
750 2644 952 2711 ταύτην
1007 2644 1217 2714 ὁρῶντα
1260 2643 1369 2695 τὸν“
1416 2644 1571 2709 Θεὸν,
1612 2645 1819 2697 τελείαν

241 2734 344 2804 τὴν
375 2734 670 2805 θεραπείαν
706 2737 1007 2805 παρασχεῖν
1033 2737 1144 2795 τοῖς
1171 2734 1465 2805 δεομένοις.
1515 2734 1684 2786 Τοῦτο
1712 2734 1818 2805 γὰρ

241 2826 339 2877 καὶ
374 2827 402 2876 ὁ
442 2828 593 2891 ἇγιος
630 2825 932 2891 γινώσκων,
965 2825 1149 2893 ἔλεγεν
1206 2827 1262 2877 ἐν
1324 2826 1402 2895 τῷ
1459 2832 1560 2897 ριη¹
1586 2825 1815 2895 ψαλμῷ·

252 2915 361 2969 Ἐν
386 2916 507 2981 τοῖς
529 2916 880 2983 δικαιὼμασί
934 2932 1049 2969 σου
1084 2915 1418 2984 μελετήσω,
1455 2919 1565 2969 οὐκ
1614 2916 1821 2981 ἐπιλή-

240 3004 565 3071 σομαιτῶν
594 3006 791 3073 λόγων
845 3018 982 3058 σου’
1035 3008 1127 3058 καὶ
1173 3006 1354 3059 πάλιν*
1415 3003 1819 3076 1Γαλτὰῆσάν

236 3110 338 3161 μοι
362 3094 432 3147 τὰ
460 3087 815 3164 δικαιώματά
851 3113 965 3151 σου
1022 3098 1090 3149 ἐν
1124 3098 1281 3163 τόπῳ
1324 3100 1635 3166 παροικίας
1675 3117 1814 3167 μου.

255 3185 345 3236 Ἕν
374 3184 579 3248 τούτοις
605 3186 711 3259 γὰρ
736 3189 826 3257 καὶ
858 3190 1129 3259 σωτηρίαν
1168 3190 1510 3261 ἐκέρδαινον,
1546 3192 1813 3259 λέγοντες⁸
1844 3168 1885 3226 C

242 3280 315 3331 El
332 3278 420 3348 μὴ
452 3279 539 3332 ὅτι
574 3284 605 3333 ό
640 3280 820 3349 νόμος
858 3295 972 3335 σου
998 3281 1217 3350 μελέτη
1234 3300 1353 3350 μου
1393 3283 1544 3343 ἐστὶ,
1582 3286 1714 3337 τότε
1746 3284 1822 3337 ἂν

242 3371 575 3439 ἀπωλόμην
630 3373 699 3425 ἐν
746 3372 819 3441 τῇ
887 3371 1241 3427 ταπεηεὼσει
1261 3391 1402 3441 μου.
1461 3372 1622 3426 Ὅθεν
1673 3374 1821 3425 καὶὸ

241 3462 453 3525 Παῦλος
480 3467 536 3516 ἐν
572 3464 778 3526 τούτοις
806 3465 1129 3533 ήσφαλίζετο
1167 3464 1256 3516 τὸν
1294 3464 1486 3518 ἑαυτοῦ
1540 3462 1815 3535 μαθητὴν,

241 3552 441 3620 λέγων·
488 3556 677 3608 Ταῦτα
714 3556 955 3623 μελέτα,
1002 3558 1072 3609 ἐν
1117 3559 1349 3622 τούτοις
1399 3556 1541 3621 ἴσθι,
1568 3554 1670 3608 ἵνα
1700 3572 1817 3609 σου

238 3642 583 3713 ὴπροκοπὴ
610 3646 835 3715 φανερὰ
861 3647 1120 3716 γένηται.
1182 3648 1365 3701 Ταῦτα
1416 3648 1511 3700 καὶ
1562 3647 1625 3699 σὺ
1667 3644 1823 3717 μελε-

236 3735 370 3798 τῶν,
398 3738 491 3789 καὶ
528 3739 761 3801 συνετῶς
786 3739 1129 3809 ἐντυγχάνων
1181 3737 1353 3802 οὕτως
1410 3740 1522 3801 τοῖς
1568 3738 1819 3809 ψαλμοῖς,

1927 1913 2143 1981 phetam
2184 1911 2324 1967 facta
2358 1922 2443 1967 est
2480 1929 2677 1968 manus
2715 1913 2930 1967 Domini
2954 1913 3023 1980 “,
3049 1928 3173 1967 cum
3212 1912 3385 1966 tribus
3424 1926 3510 1966 re-

1928 2004 2084 2072 gibus
2136 2004 2478 2073 prophetarit
2517 2004 2585 2060 de
2641 2007 2796 2075 aquis
2839 2022 2851 2059 :
2901 2005 3029 2059 dum
3070 2004 3277 2059 scilicet
3307 2004 3509 2074 psaltes

1924 2095 2078 2164 juxta
2105 2096 2222 2163 ejus
2256 2098 2571 2150 mandatum
2603 2098 2873 2164 psalleret.
2911 2094 3117 2152 Eodem
3148 2096 3313 2151 modo
3340 2096 3506 2151 etiam

1928 2201 2073 2240 nunc
2104 2188 2150 2240 si
2180 2188 2303 2256 quis
2339 2188 2404 2242 de
2430 2190 2761 2257 patientibus
2786 2189 3052 2243 sollicitus
3086 2191 3177 2252 sit,
3208 2190 3311 2243 ista
3336 2189 3505 2253 dicat,

1926 2279 2329 2349 patientemque
2372 2282 2527 2335 valde
2565 2281 2796 2350 juvabit,
2823 2296 3088 2350 suamque
3125 2280 3289 2335 tidem
3318 2296 3506 2336 veram

1928 2369 2708 2440 ﬁrmamque'comprobabit;
2749 2371 2883 2424 adeo
2930 2380 2989 2423 ut
3028 2371 3174 2424 illam
3233 2370 3377 2426 Deus
3423 2371 3508 2424 in-

1928 2470 2105 2528 tuens,
2149 2462 2445 2532 perfectam
2492 2464 2781 2517 sanitatem
2821 2462 3143 2532 rogantibus
3181 2461 3401 2524 tribuat.
3448 2461 3505 2516 Id

1927 2568 2051 2607 cum
2090 2564 2443 2624 cognosceret
2486 2563 2707 2609 sanctus
2742 2554 2850 2621 ille,
2891 2554 3069 2607 aiebat
3111 2554 3167 2607 in
3207 2553 3508 2608 centesimo

1926 2642 2138 2696 decimo
2186 2655 2379 2698 octavo
2420 2645 2632 2713 psalmo
2684 2662 2696 2696 :
2759 2640 2823 2696 In
2868 2642 3343 2711 justiﬁcationibus
3399 2644 3504 2696 tuis

1926 2736 2242 2799 meditabor,
2290 2752 2391 2789 non
2430 2735 2710 2790 obliviscar
2740 2751 3000 2789 sermones
3047 2744 3161 2787 tuos
3178 2733 3244 2788 δ’.
3285 2733 3351 2789 Ει
3381 2750 3506 2788 rur-

1928 2841 2047 2880 sum
2090 2844 2102 2879 :
2145 2825 2446 2879 Cantabiles
2494 2826 2622 2878 mihi
2668 2834 2819 2879 erant
2853 2823 3263 2892 justiﬁcationcs
3305 2833 3409 2877 tua:
3447 2825 3504 2877 in

1926 2916 2040 2970 loco
2072 2918 2507 2986 peregrinationis
2538 2934 2664 2970 meae
2682 2916 2746 2970 ⁵³.
2779 2917 2835 2969 1η
2874 2917 2959 2971 bis
2981 2915 3123 2969 enim
3151 2915 3315 2969 etiam
3356 2915 3504 2971 salu-

1926 3016 2033 3061 tem
2087 3008 2365 3062 consecuti
2407 3019 2552 3074 sunt,
2590 3008 2831 3061 dicentes
2876 3021 2889 3058 :
2930 3003 3053 3059 Nisi
3100 3004 3237 3074 quod
3277 3005 3360 3057 lea:
3409 3014 3503 3057 tua

1926 3101 2199 3154 meditatio
2236 3118 2351 3154 mea
2383 3110 2481 3167 est,
2515 3112 2637 3154 tunc
2667 3101 2801 3170 forte
2828 3098 3095 3169 periissem
3122 3100 3174 3151 in
3205 3094 3505 3151 humilitate

1925 3210 2039 3247 mea
2056 3194 2121 3248 “.
2169 3192 2317 3249 Unde
2344 3202 2397 3249 et
2426 3194 2625 3248 Paulus
2659 3194 2745 3247 bis
2780 3194 2913 3263 ipsis
2946 3192 3304 3248 con-ﬁrmabat
3336 3191 3505 3245 disci-

1926 3286 2112 3355 pulum
2152 3299 2310 3339 suum
2344 3286 2532 3340 dicens
2555 3286 2599 3317 ⁸³
2633 3304 2646 3340 :
2690 3285 2817 3339 Παίς
2849 3288 3120 3349 meditare,
3162 3285 3218 3337 in
3253 3282 3333 3337 liis
3365 3291 3496 3341 esto.

1926 3386 1983 3428 ut
2012 3377 2275 3445 profectus
2306 3387 2423 3430 tuus
2464 3378 2775 3447 manifestus
2806 3378 2895 3430 sit.
2930 3375 3056 3431 Haec
3089 3377 3251 3431 etiam
3288 3384 3344 3429 tu
3382 3390 3499 3428 me-

1924 3462 2126 3527 ditans,
2164 3473 2327 3533 atque
2367 3466 2441 3519 ita
2478 3466 2715 3534 psalmos
2753 3466 3029 3535 sapienter
3067 3466 3271 3535 legens,
3308 3465 3502 3519 unius-

1924 3552 2189 3623 cujusque
2234 3570 2476 3617 sensum,
2526 3557 2735 3625 Spiritu
2771 3556 2919 3622 duce,
2964 3555 3223 3625 consequi
3272 3555 3497 3624 poteris.

1930 3641 2113 3697 Talem
2158 3660 2286 3700 vero
2336 3647 2503 3699 vitam
2547 3656 2603 3700 tu
2650 3662 2868 3716 quoque
2914 3646 3235 3708 imitaberis,
3282 3645 3497 3714 qualem

1928 3737 2255 3801 habuerunt,
2298 3738 2392 3806 qui
2435 3740 2551 3792 haec
2577 3739 2743 3793 locuti
2785 3748 2909 3793 sunt
2940 3738 3128 3793 deileri
3171 3738 3343 3793 sancti
3370 3735 3495 3790 viri.

234 3831 331 3884 τὸν
362 3831 462 3901 μὲν
504 3834 561 3886 ἐν
588 3834 801 3904 ἑκάστῳ
824 3834 947 3888 νοῦν
973 3834 1373 3904 ὁδηγούμενος
1403 3834 1521 3887 ὑπὸ
1552 3833 1657 3885 τοῦ
1696 3834 2041 3902 Πνεύμιιτος
2090 3831 2416 3897 καταλαϐεῖν
2465 3833 2685 3904 δυνήσῃ.
2740 3832 2990 3887 Τοιοῦτον
3044 3833 3100 3887 δὲ
3147 3832 3241 3886 καὶ
3290 3832 3355 3884 σὺ
3404 3830 3499 3900 ζη-

237 3920 433 3986 λώσεις
467 3924 600 3994 βίον,
628 3922 738 3979 οἷον
760 3927 916 3997 ἔσχον
945 3928 993 3979 οἱ
1018 3926 1192 3980 ταῦτα
1218 3924 1631 3998 θεοφορούμενοι
1652 3924 1981 3995 λαλήσαντες
2012 3924 2201 3997 ἄνδρες
2224 3926 2388 3993 ἆγιοι.

239 4054 286 4085 ³⁷
316 4054 435 4109 Act.
469 4070 583 4120 xxx,
614 4055 799 4108 14-16.
870 4056 915 4087 ³⁸
946 4055 1076 4111 Luc.
1109 4073 1228 4122 vui,
1255 4055 1345 4109 28.
1428 4055 1471 4087 '9
1502 4054 1620 4109 Act.
1654 4070 1766 4118 xvr,
1795 4055 1816 4108 ‘l

1944 4014 2017 4087 "°
2041 4055 2174 4111 Luc.
2200 4073 2255 4124 κ,
2291 4057 2379 4111 17.
2431 4057 2478 4089 ⁴¹
2510 4054 2579 4112 ιν
2606 4056 2847 4129 Reg.‘tu,
2883 4058 2971 4113 15.
3050 4056 3095 4088 ’⁸³
3124 4055 3269 4113 Psal.
3303 4070 3496 4125 cum,

238 4145 329 4201 16.
431 4147 478 4178 ⁸³
507 4148 637 4201 ibid.
669 4149 757 4203 54.
853 4149 899 4180 ⁸⁸
930 4150 1061 4205 ibid.
1096 4150 1184 4204 99.
1286 4150 1331 4181 “
1359 4149 1378 4203 Ι
1407 4148 1547 4203 Tim.
1587 4165 1659 4213 tv,
1692 4150 1777 4203 15.

256 4306 263 4311 ,
311 4262 412 4332 (9')
466 4263 771 4333 Ὠφελήσει,
799 4262 886 4316 ed.

496 4502 1203 4602 "ADMONITIO
1282 4512 1405 4601 IN
1480 4505 1818 4598 EXPO:

1930 4505 2375 4600 TIONES
2448 4507 3221 4604 PSALMORUM.

294 4749 557 4814 Duplicem
599 4747 836 4797 habemus
858 4747 1107 4814 Athanasii
1132 4746 1491 4814 expositionem
1526 4747 1574 4797 in
1601 4749 1837 4814 Psalmos.
1866 4748 2089 4798 Priorem
2110 4747 2316 4814 exhibet
2336 4745 2490 4814 editio
2510 4745 2727 4814 Maurina
2747 4751 2891 4814 etes
2910 4752 2988 4797 est
3009 4749 3067 4799 ad
3094 4763 3238 4814 quam
3260 4751 3340 4801 hic
3358 4766 3491 4814 pra»-

231 4812 363 4861 fatur
382 4806 792 4867 Montfauconius,
824 4813 900 4858 cui
926 4813 1072 4859 etiam
1096 4806 1335 4873 accedunt
1358 4813 1699 4873 supplementa
1727 4810 1787 4858 ab
1810 4812 1917 4873 ipso
1957 4812 2265 4873 postmodum
2289 4811 2419 4857 edita
2442 4806 3152 4873 cumrAthanasiiiArguntenlo
3170 4810 3218 4862 in
3245 4806 3485 4864 Psalmis.

230 4873 608 4983 Εχιριέἓὲιίίἒιεω
633 4876 837 4921 alteram
860 4885 949 4921 seu
972 4873 1150 4921 librum
1190 4874 1259 4921 De
1286 4871 1435 4920 titulis
1476 4871 1789 4921 Psalmorum
1821 4871 2008 4933 publici
2047 4874 2173 4934 juris
2207 4872 2324 4921 fecit
2356 4872 2612 4921 Antonelli
2652 4872 2791 4930 cujus
2830 4871 3177 4925 Przefalionem
3216 4873 3329 4924 vide
3364 4876 3491 4926 infra

230 4948 292 4982 ΕΟ
318 4971 330 4981 .
353 4959 380 4983 υ
494 4946 610 4981 'Dl'l'.

1821 5020 1891 5033 β

304 5106 343 5161 Ι.
385 5106 753 5175 Expositiones
798 5110 970 5163 sancti
1000 5108 1282 5163 Athanasii
1322 5109 1376 5161 in
1416 5108 1658 5163 Psalmos
1704 5112 1942 5165 sistimus
1986 5110 2102 5172 tibi,
2133 5107 2320 5162 Lector
2366 5108 2589 5172 erudite,
2627 5106 2751 5161 illas
2782 5107 2981 5163 scilicet
3016 5110 3109 5163 diu
3148 5111 3423 5179 expetitas,
3454 5128 3487 5163 a

226 5202 417 5255 multis
449 5202 720 5269 laudatas,
748 5204 999 5272 antiquis,
1036 5204 1239 5268 inedire,
1271 5202 1465 5271 inﬁma:
1495 5205 1670 5257 (etatis
1700 5205 2023 5259 auctoribus.
2067 5201 2305 5267 Quarum
2345 5200 2772 5270 ἀποσπασμάτια
2800 5206 3037 5273 quaedam
3070 5204 3125 5255 in
3161 5204 3306 5271 prius
3328 5205 3484 5257 editis

226 5293 527 5347 exstabant.
571 5293 756 5347 Utrum
797 5312 912 5347 vero
939 5295 993 5346 hi
1023 5296 1383 5347 commentarii
1416 5296 1646 5363 idipsum
1671 5297 1773 5349 sint
1795 5297 1930 5365 quod
1956 5297 2089 5348 liber
2118 5294 2192 5349 De
2215 5294 2383 5349 titulis
2405 5296 2740 5366 psalmorutn
2765 5295 2829 5347 ab
2870 5294 3186 5364 Hieronymo
3208 5294 3482 5361 laudatus,

226 5391 285 5432 ut
317 5384 504 5449 nuperi
530 5385 805 5451 cujusdam
829 5385 930 5451 fert
960 5385 1155 5453 opinio,
1179 5401 1279 5437 non
1302 5396 1381 5438 sat
1417 5385 1749 5454 exploratum
1772 5397 1885 5451 est;
1916 5388 1972 5439 id
1998 5403 2125 5440 sane
2154 5388 2199 5440 si
2228 5403 2403 5439 verum
2434 5396 2586 5453 esset,
2622 5402 2724 5439 non
2756 5388 3023 5441 commode
3046 5386 3177 5440 satis
3210 5388 3485 5456 inscriptio

220 5481 401 5546 posita
430 5480 635 5549 fuisset,
672 5496 789 5532 cum
816 5497 916 5533 non
950 5482 1015 5534 de
1042 5481 1215 5535 titulis
1261 5485 1436 5547 modo,
1460 5483 1550 5536 sed
1582 5485 1741 5536 etiam
1779 5484 1842 5535 de
1869 5484 2137 5538 versiculis
2180 5484 2418 5538 omnibus
2456 5486 2539 5537 hic
2566 5493 2773 5554 agatur.
2808 5482 2911 5546 Qui
2939 5480 3176 5551 proxime
3200 5483 3486 5535 secundum

227 5568 614 5639 Hieronymum
644 5573 798 5625 hasce
823 5575 1172 5641 expositiones
1210 5574 1486 5642 laudavit,
1517 5585 1594 5629 est
1630 5574 2001 5639 Theodoretus,
2034 5579 2079 5632 si
2107 5588 2281 5631 tamen
2309 5594 2425 5647 qua
2451 5588 2738 5648 sequuntur
2762 5592 2863 5629 non
2890 5575 2996 5627 sint
3021 5574 3300 5643 cujusdam
3331 5592 3482 5627 ama-

224 5658 437 5711 nuensis
462 5660 595 5727 regii
620 5661 815 5713 codicis
838 5661 944 5715 228
969 5663 1350 5733 antiquissimi,
1376 5666 1704 5746 ubi'exstant
1735 5664 2115 5735 Expositiones
2146 5658 2471 5724 Theodoreti
2496 5671 2549 5724 in
2571 5670 2757 5726 titulos
2783 5671 3113 5742 psalmorum
3136 5688 3152 5732 ;
3189 5686 3300 5725 nwc
3335 5670 3483 5723 illius

222 5750 384 5803 verba
406 5759 526 5803 sunt
554 5750 617 5804 de
647 5751 851 5818 psalmo
873 5769 959 5809 CIX
990 5755 1245 5824 loquentis
1270 5774 1287 5810 :
1319 5758 1378 5811 '0
1408 5759 1464 5812 δὲ
1495 5759 1646 5829 ἅγιος
1675 5758 1818 5812 Ἀθαε

1927 5776 1991 5824 ος
2018 5760 2159 5817 οὕτω
2194 5762 2361 5833 φησί’
2402 5780 2422 5813 ι
2446 5762 2554 5833 Τήν
2588 5761 2729 5816 κατὰ
2765 5763 2941 5833 σάρκα
2972 5762 3223 5833 γέννησιν
3252 5759 3345 5814 τοῦ
3371 5762 3485 5815 Κυ-
