3874 6218
380 345 447 399 Π
1216 332 1273 387 S.
1316 330 1693 386 ATHANASII
1726 331 1876 388 OPP.
1918 330 2100 386 PARS
2139 331 2225 387 Ill.
2262 362 2333 373 -—
2370 330 2781 388 EXEGETICA.
3547 332 3619 389 ιδ

382 463 495 534 ρίου
521 458 611 515 διὰ
639 456 747 511 τῶν
787 453 1071 527 παρόντων
1108 449 1526 519 κατασημαίνει,
1577 449 1671 501 καὶ
1698 449 1789 501 τὸν
1832 449 2182 523 εύαγγελικὸν
2224 450 2386 503 αὑτοῦ
2422 451 2583 520 νόμον
2616 451 2706 504 τὸν
2738 449 2851 520 (l0)
2886 450 3101 503 πάντων
3130 448 3490 520 κυριεύσαντα
3514 451 3621 504 τῶν

378 550 569 615 ἐθνῶν,
600 548 690 603 καὶ
714 548 811 619 τὴν
838 550 917 608 εἰς
944 544 1203 615 οὐρανοὺς
1248 544 1430 596 ἄνοδον
1462 544 1649 611 αὐτοῦ,
1686 540 1753 615 ἧς
1782 547 1875 598 καὶ
1905 546 2209 616 ἁπάρχεται
2242 547 2269 596 ὁ
2298 544 2510 614 ψαλμὸς
2540 545 2712 613 λέγων
2751 561 2764 575 ·
2796 545 2979 597 Εἶπεν
3011 548 3043 597 ό
3077 545 3290 611 Κύριος
3323 542 3401 608 τῷ
3429 546 3625 612 Κυρίῳ

373 662 493 713 μου
526 659 539 674 ·
579 642 779 699 Κάθου
833 644 900 695 ἐκ
957 639 1172 700 δεξιῶν
1221 657 1337 709 μου
1385 638 1497 705 ἕως
1538 639 1615 693 ἂν
1662 640 1743 693 θῶ
1790 641 1932 706 τοὺς
1976 642 2227 709 ἐχθρούς
2281 659 2396 695 σου
2439 641 2774 694 ὑποπόδιον
2807 640 2924 693 τῶν
2955 639 3155 692 ποδῶν
3190 656 3326 693 σου.
3364 639 3625 709 Ἐχθροὺς

376 740 433 792 δὲ
460 739 489 789 ὁ
529 737 846 800 Ἇτιύσυολος
873 736 1022 808 δηλοῖ
1050 735 1219 803 λέγων
1248 735 1293 804 (l
1312 736 1359 801 l)
1386 750 1399 762 ·
1435 736 1735 803 ’Ἑσχατος
1786 737 1906 805 ἐχθι

2090 738 2410 807 πταργεῖται
2440 741 2472 791 d
2498 736 2770 802 θάνατος.
2813 755 2831 786 ι
2862 735 2974 789 Hoc
3004 745 3078 789 est
3113 751 3130 789 :
3176 734 3408 790 Sanctus
3439 744 3620 789 autem

374 831 710 887 Athanasius
737 831 811 886 ita
840 831 1078 899 loquitur
1111 848 1126 887 :
1159 849 1177 881 ι
1209 828 1370 885 Hisce
1399 830 1579 885 verbis
1607 833 2009 900 generationem
2038 831 2251 886 Domini
2281 831 2577 886 secundum
2609 845 2828 884 carnem
2857 828 3146 898 signiﬁcat,
3172 839 3225 883 et
3252 829 3621 899 evangelicam

377 922 497 990 ejus
523 922 715 992 legem,
744 935 864 991 quae
892 920 1145 975 omnibus
1176 919 1428 989 gentibus
1451 920 1767 975 dominatur
1794 941 1804 975 ε
1836 933 1998 991 atque
2032 921 2152 990 ejus
2184 936 2472 975 ascensum
2506 922 2559 974 in
2589 920 2777 986 coalos,
2808 921 2967 990 quem
2996 932 3218 977 enarrat
3255 926 3504 993 psalmus
3535 924 3623 978 di-

378 1016 550 1069 cendo
580 1033 592 1068 :
637 1013 787 1069 Dixit
818 1013 1073 1067 Dominus
1112 1014 1337 1068 Domino
1385 1031 1496 1068 meo
1524 1029 1542 1067 :
1572 1014 1689 1070 sede
1712 1032 1743 1069 a
1772 1015 1971 1070 dextris
1996 1018 2144 1080 meis,
2172 1016 2334 1069 donec
2354 1032 2547 1085 ponam
2570 1016 2811 1068 inimicos
2837 1025 2954 1068 tuos
2977 1018 3259 1070 s'cabellum
3288 1018 3475 1086 pedum
3501 1028 3623 1071 tuo-

377 1127 515 1165 rum.
556 1109 790 1176 Quinam
814 1109 1018 1164 inimici
1044 1110 1172 1175 sint,
1191 1112 1429 1168 declarat
1458 1113 1749 1183 Apostolus
1786 1112 1871 1166 his
1913 1111 2090 1165 verbis
2120 1129 2131 1162 :
2170 1109 2476 1163 Novissima
2498 1110 2732 1164 omnium
2762 1110 3060 1166 destruetur
3088 1128 3228 1165 mors
3261 1112 3327 1167 “.
3382 1132 3401 1164 ι
3449 1111 3620 1178 Quem

376 1206 545 1259 locum
575 1205 820 1274 inferius,
851 1205 1004 1257 initio
1035 1208 1396 1260 commentarii
1425 1208 1480 1260 in
1504 1206 1765 1274 psalmum
1788 1221 1898 1270 cut,
1927 1206 2186 1273 integrum
2218 1204 2460 1273 legimus.

449 1295 510 1351 ll.
544 1296 850 1350 Chronicon
885 1304 1058 1347 autem
1097 1294 1545 1361 Alexandrinum,
1574 1296 1792 1364 septimo
1824 1294 2017 1347 sarculo
2049 1294 2424 1361 conscriptum,
2463 1309 2515 1361 p.
2543 1292 2670 1357 29.5,
2702 1294 2811 1347 hazc
2845 1294 2996 1347 habet
3029 1310 3047 1347 :
3081 1293 3190 1347 Καὶ
3215 1296 3244 1347 ὁ
3278 1298 3431 1362 ἅγιος
3459 1292 3621 1346 Ἀθαο

374 1387 551 1449 νάσιος
575 1384 889 1455 ἑρμηνεύων
916 1383 1006 1436 τὸν
1039 1383 1151 1454 ρλα¹
1180 1383 1413 1453 ψαλμὸν,
1447 1384 1681 1458 ἔγραψεν
1715 1383 1885 1445 οὕτως
1911 1399 1924 1412 ·
1962 1402 1979 1432 ι
2023 1382 2362 1451 ’Λνάστηοι,
2387 1384 2580 1451 Κύριε,
2614 1387 2701 1450 εὶς
2720 1385 2833 1453 τὴν·
2859 1386 3207 1440 ἀνάπαυσίν
3237 1400 3371 1440 σου.
3402 1387 3512 1456 Τὴν
3538 1388 3621 1448 εἰς

371 1477 630 1548 οὐρανοὺς
663 1473 930 1545 ἀνάληψιν
973 1472 1385 1526 ὲπισπεύδουσιν
1416 1473 1600 1526 αὐτοῦ.
1647 1472 1729 1526 Σὺ
1763 1472 1860 1524 καὶ
1889 1474 1926 1539 ἠ
1959 1472 2204 1538 κιϐωτὸς
2234 1473 2338 1526 τοῦ
2368 1473 2731 1542 ἀγιάσματός
2758 1490 2895 1528 σου.
2924 1476 3033 1547 Τὴν
3061 1477 3219 1545 ἁγίαν
3248 1476 3409 1529 αὑτοῦ
3439 1477 3619 1548 σάρκα

372 1575 527 1645 φησί’
563 1575 678 1643 μετ’
697 1570 866 1640 αὐτῆς
905 1570 1013 1640 γὰρ
1042 1568 1335 1639 ἀνελήφθη.
1371 1570 1445 1622 Ού
1474 1569 1582 1639 γὰρ
1615 1568 2017 1638 ἀποσαρκοῦται
2048 1569 2127 1631 εἰς
2156 1568 2281 1627 τοὺς
2310 1568 2619 1639 ἁγηρὰτους
2652 1569 2852 1633 αἰῶνας
2876 1572 2983 1625 τῶν
3010 1570 3238 1624 αἰώνων.
3268 1590 3286 1621 ι
3323 1570 3388 1623 Id
3417 1581 3526 1623 est:
3552 1570 3618 1626 Et.

370 1674 591 1721 sanctus
620 1662 949 1717 Athanasius
980 1662 1246 1730 psalmum
1277 1676 1435 1715 cxxxi
1470 1661 1851 1729 interpretans,
1888 1661 1959 1714 ita
1989 1661 2178 1715 scribit
2207 1680 2219 1714 :
2253 1680 2269 1711 ι
2303 1659 2487 1729 Surge,
2518 1660 2759 1727 Domine,
2812 1663 2865 1714 in
2920 1661 3143 1730 requiem
3182 1670 3342 1713 tuam.
3395 1658 3526 1728 Ejus
3561 1660 3614 1712 in

369 1757 537 1811 cmlos
565 1769 851 1809 ascensum
891 1753 999 1807 cito
1046 1752 1301 1807 accedere
1348 1751 1606 1820 gestiunt.
1646 1755 1717 1804 Tu
1748 1762 1795 1804 et
1826 1768 1952 1803 arca
1987 1752 2427 1819 sanctiﬁcationis
2460 1760 2585 1816 tute.
2631 1746 2885 1804 Sanctam
2919 1751 3036 1819 ejus
3065 1765 3283 1804 carnem
3318 1750 3465 1813 dicit,
3489 1764 3616 1803 cum

369 1848 460 1903 illa
494 1861 727 1915 namque
750 1853 1063 1913 assumptus
1097 1851 1211 1908 est;
1242 1858 1418 1911 neque
1444 1843 1588 1897 enim
1624 1858 1841 1896 carnem
1875 1842 2096 1896 dimittit
2125 1858 2219 1911 pcr
2250 1842 2458 1895 infinita
2500 1843 2695 1895 saecula
2734 1842 3076 1895 saeculorum.
3119 1859 3137 1890 ι
3184 1839 3313 1894 Haec
3338 1857 3491 1906 porro
3521 1841 3618 1893 ha-

368 1940 452 1993 bes
487 1940 539 1991 in
559 1938 881 2007 expositione
908 1936 1142 2006 ejusdem
1175 1938 1365 2005 psalmi
1390 1936 1629 2005 inferius,
1659 1954 1706 1991 υ.
1727 1936 1779 1990 8.
1801 1936 1898 1991 Pas

2105 1948 2281 1990 autem
2306 1937 2480 2002 verba,
2521 1937 2821 2007 μετάύτῆς
2849 1937 2955 2008 γὰρ
2988 1936 3283 2007 ἀνελήφθη,
3320 1945 3449 1999 ctc.,
3476 1936 3616 1991 desi-

366 2032 623 2087 derantur
651 2030 743 2098 ibi,
775 2031 882 2085 sive
906 2033 1031 2101 quia
1057 2048 1191 2101 saepe
1228 2033 1428 2085 codices
1456 2034 1641 2102 quibus
1672 2033 1753 2086 usi
1784 2049 1965 2087 sumus
1992 2034 2279 2086 sententias
2309 2035 2645 2093 detruncant,
2676 2037 2781 2085 sive
2807 2034 2929 2102 quia
2964 2032 3073 2085 hare
3101 2031 3327 2101 fortasse
3356 2032 3616 2100 glossema

366 2135 488 2178 sunt
530 2127 765 2179 auctoris
791 2124 1069 2179 Chronici.
1107 2125 1302 2179 Octavo
1328 2124 1540 2190 saeculo,
1565 2121 1855 2177 Germanus
1892 2124 2202 2193 patriarcha
2245 2122 2864 2193 Constantinopolitanus
2897 2124 2951 2176 in
2990 2122 3214 2192 epistola
3248 2125 3316 2176 ad
3362 2124 3614 2177 Thomam

363 2217 661 2284 episcopum
686 2216 1088 2285 Claudiopoleos
1117 2216 1228 2287 (12)
1280 2216 1389 2267 ha’c
1418 2215 1571 2283 affert
1596 2231 1613 2267 :
1648 2214 1807 2267 Ἀλλὰ
1834 2232 1893 2267 κα

2079 2215 2280 2285 ικάριος
2313 2214 2646 2278 Ἀϐανάσιος,
2682 2215 2743 2267 τὸ
2770 2214 3043 2284 ψαλμικὺν
3078 2213 3391 2284 ἑρμηνεύων
3427 2213 3609 2286 ῥητόν

376 2308 429 2361 Ὀ
454 2309 789 2378 καθήμενος
820 2308 921 2361 ἐπὶ
956 2307 1062 2361 τὸν
1112 2307 1408 2377 χερουϐὶμ,
1450 2305 1761 2375 ἑμφάνηθι,
1801 2307 2056 2377 τοιαύτην
2090 2307 2216 2377 περὶ
2237 2306 2412 2361 αὐτῶν
2439 2308 2799 2377 παραδίδωσιν
2830 2306 3036 2359 ἔννοιαν
3068 2326 3078 2337 ·
3120 2326 3137 2357 t
3175 2307 3363 2359 Καίτοι
3391 2306 3614 2359 ἐκείνων

361 2401 470 2454 τῶν
487 2400 752 2473 χερουὸὶμ
767 2400 834 2454 τὰ
852 2398 1131 2470 ἀρχέτυπα
1150 2398 1400 2466 ἄγνωστα
1415 2402 1511 2469 τὴν
1544 2397 1702 2468 φύσιν
1730 2398 2035 2469 ἀνθρώποις
2061 2400 2402 2453 παντάπασιν
2418 2400 2546 2453 ὄντα
2567 2416 2579 2428 ·
2600 2399 2815 2469 πνεῦμα
2834 2398 2941 2468 γὰρ
2959 2398 3051 2451 καὶ
3074 2397 3182 2469 πῦρ
3202 2398 3502 2468 ὑπάρχουσι
3520 2399 3614 2449 καὶ

362 2494 541 2566 πάσης
568 2493 995 2565 σχηματοθεσίας
1024 2492 1276 2564 ἀλλότρια
1304 2494 1396 2545 καὶ
1422 2492 1654 2562 φύσεως.
1696 2513 1713 2545 ι
1766 2493 1880 2546 Hoc

2077 2492 2169 2549 Sed
2202 2504 2254 2550 et
2282 2496 2470 2551 beatus
2497 2495 2830 2551 Athanasius
2864 2496 3187 2565 psalmicum
3226 2498 3357 2551 illud
3401 2499 3607 2552 dictum

361 2586 674 2656 explicans:
705 2586 806 2650 Qui
830 2586 974 2638 sedes
1000 2600 1155 2653 super
1196 2583 1482 2647 cherubim,
1514 2598 1705 2651 appare
1719 2583 1790 2648 "7,
1818 2584 1975 2637 talem
1998 2585 2064 2637 de
2098 2584 2202 2638 illis
2234 2585 2396 2639 tradit
2426 2586 2669 2640 notitiam
2698 2604 2710 2639 :
2746 2604 2763 2636 ι
2794 2584 2906 2640 Etsi
2940 2587 3363 2641 cherubinorum
3394 2590 3610 2645 illorum

363 2680 655 2749 archetypa
680 2685 875 2730 natura
908 2677 1017 2730 sint
1062 2673 1377 2728 hominibus
1421 2688 1644 2742 prorsus
1688 2674 1871 2742 ignota
1903 2693 1915 2727 :
1947 2674 2169 2742 spiritus
2194 2676 2336 2728 enim
2373 2684 2426 2729 et
2454 2676 2593 2746 ignis
2637 2686 2763 2731 sunt
2794 2687 2845 2731 ct
2870 2679 3045 2734 aliena
3072 2681 3140 2734 ab
3173 2682 3320 2736 omni
3344 2686 3613 2752 corporali

363 2771 551 2825 habitu
576 2778 631 2824 et
657 2778 870 2822 natura.
924 2786 942 2813 δ
978 2768 1081 2829 Qui
1125 2768 1270 2822 locus
1316 2768 1432 2821 ideo
1478 2784 1581 2821 non
1620 2779 1885 2837 comparet
1930 2771 1984 2822 in
2022 2772 2433 2839 expositionibus
2476 2774 2693 2839 nostris,
2724 2775 2863 2845 quod
2902 2776 2966 2828 ab
2998 2780 3404 2832 amanuensibus
3453 2782 3614 2834 omis-

361 2877 449 2914 sus
493 2860 654 2930 fuerit
703 2858 1022 2923 versiculus,
1053 2868 1108 2910 ut
1156 2866 1203 2911 et
1249 2858 1360 2911 alia
1405 2858 1597 2921 multa,
1638 2857 1775 2927 quod
1819 2875 1920 2928 qua
1958 2860 2159 2912 ratione
2191 2871 2394 2929 gestum
2432 2862 2501 2915 sit
2538 2879 2661 2916 mox
2694 2876 2967 2917 narratur.
3002 2860 3119 2921 Etsi
3157 2884 3273 2921 vero
3300 2869 3420 2923 huic
3448 2872 3613 2923 versi-

362 2954 481 3006 culo
510 2950 652 3017 :Qui
683 2950 836 3005 sedes
866 2965 1028 3019 super
1057 2950 1362 3013 cherubim,
1397 2947 1749 3004 manifestare
1772 2963 1957 3003 coram
1991 2948 2271 3018 Ephraim,
2303 2948 2608 3021 Benjamin,
2638 2961 2691 3007 et
2714 2952 2983 3021 Manasse,
3013 2958 3271 3025 expositio
3294 2976 3391 3011 sua
3420 2961 3615 3028 adjici-

364 3057 448 3099 tur
482 3046 726 3116 inferius,
749 3043 886 3113 psal.
912 3060 1058 3109 Laix,
1080 3062 1128 3098 υ.
1166 3043 1217 3111 5,
1247 3061 1308 3097 ea
1342 3053 1477 3098 certe
1510 3045 1792 3099 secundam
1819 3044 1990 3099 solum
2012 3046 2254 3099 versiculi
2277 3056 2480 3116 partem
2507 3058 2725 3118 spectat,
2751 3051 3099 3106 manifestare
3121 3068 3306 3108 coram
3324 3055 3610 3125 Ephraim,

360 3137 643 3208 Benjamin
677 3148 729 3191 et
755 3135 1026 3203 Manasse,
1052 3136 1350 3191 nullatenus
1381 3148 1553 3191 autem
1576 3138 1804 3205 primam
1829 3155 1846 3191 :
1882 3137 1985 3204 Qui
2021 3139 2176 3195 sedes
2201 3156 2363 3210 super
2388 3142 2694 3207 cherubim,
2722 3154 2778 3198 ut
2813 3147 2932 3198 hinc
2956 3150 3232 3217 propalant
3264 3152 3331 3204 sit
3360 3154 3613 3206 omissam

362 3232 525 3301 fuisse
550 3231 737 3284 horum
768 3229 1268 3297 interpretationem.
1304 3227 1438 3282 Item
1468 3227 1736 3281 Adrianus
1768 3226 1797 3282 1
1827 3230 2047 3297 epistola
2071 3230 2139 3282 ad
2178 3228 2427 3284 Carolum
2455 3230 2709 3301 Magnum
2738 3235 2870 3305 (i3),
2897 3237 3034 3290 hunc
3067 3241 3376 3294 versiculum
3417 3260 3612 3296 memo-

361 3346 486 3383 rans
512 3343 530 3382 :
564 3320 812 3391 Domine,
838 3324 891 3377 in
919 3323 1137 3378 civitate
1176 3330 1267 3375 tua
1306 3321 1595 3391 imaginem
1628 3320 1871 3390 ipsorum
1896 3321 1962 3374 ad
1992 3320 2219 3375 nihilum
2243 3323 2452 3392 rediges
2466 3323 2535 3389 ⁸⁸,
2564 3326 2673 3379 haec
2690 3313 2917 3395 adjicit':
2942 3350 2958 3379 ι
2985 3330 3111 3383 Item
3132 3335 3301 3387 sancti
3326 3334 3610 3391 Athanasii

361 3425 438 3482 De
477 3423 903 3494 interpretatione
934 3419 1279 3488 psalmorum,
1310 3418 1449 3471 inter
1478 3426 1673 3471 czetera
1702 3435 1715 3471 :
1747 3416 1953 3470 Civitas
1987 3416 2130 3469 enim
2163 3416 2397 3484 Domini,
2421 3434 2543 3487 quae
2570 3435 2812 3487 sursum,
2844 3420 3143 3477 Jerusalem
3174 3444 3186 3477 :
3220 3426 3397 3496 imago
3423 3439 3602 3483 autem

359 3532 573 3581 eorum,
599 3515 889 3570 terrestris.
919 3511 1075 3578 Quod
1106 3512 1249 3566 enim
1275 3510 1407 3565 dicit
1434 3510 1538 3565 tale
1570 3521 1653 3565 est
1684 3530 1696 3563 :
1737 3508 2009 3577 Quoniam
2050 3511 2328 3566 terrestris
2348 3552 2361 3576 ,
2396 3513 2603 3581 inquit,
2634 3515 2807 3569 induti
2853 3527 2999 3581 sunt,
3048 3518 3336 3589 imaginem
3366 3562 3379 3586 ,
3412 3533 3465 3576 et
3496 3540 3607 3577 non

360 3609 619 3673 celestis,
649 3615 865 3676 propter
894 3604 996 3658 hoc
1017 3604 1083 3657 ad
1118 3602 1347 3655 nihilum
1380 3602 1710 3672 redigentur.
1738 3601 1974 3655 Audient
2002 3602 2142 3655 enim
2170 3601 2258 3656 illo
2290 3614 2548 3671 tempore,
2580 3604 2769 3659 Nescio
2799 3624 2884 3663 vos
2902 3611 2945 3641 δ’
2972 3629 2985 3664 :
3026 3621 3208 3682 utpote
3238 3630 3345 3669 non
3387 3616 3609 3673 indutos

354 3701 547 3755 eadem
577 3696 789 3753 Domini
822 3694 1072 3763 imagine.
1103 3712 1120 3743 ι
1158 3691 1287 3747 Haec
1321 3693 1497 3745 omnia
1527 3691 1713 3745 videsis
1736 3691 1935 3760 psalm.
1971 3707 2141 3759 LXXII,
2168 3708 2215 3746 υ.
2240 3691 2331 3755 ‘20,
2368 3694 2436 3746 ad
2468 3694 2605 3747 hunc
2627 3712 2850 3750 versum.

431 3787 517 3842 Ill.
551 3788 632 3841 Ad
655 3788 763 3839 hate
790 3787 845 3837 in
871 3783 1046 3837 codice
1078 3780 1200 3852 Reg.
1242 3781 1383 3835 2219
1423 3780 1709 3850 explicatio
1756 3780 1902 3834 illius
1943 3796 2119 3835 versus
2152 3797 2169 3835 :
2202 3780 2279 3836 Tu
2312 3799 2370 3837 es
2401 3785 2655 3841 sacerdos
2707 3787 2760 3840 in
2797 3799 3083 3857 aeternum,
3118 3794 3395 3863 ipsissimis
3437 3799 3605 3854 verbis

354 3880 600 3949 αππιαν,
629 3886 683 3929 ut
715 3875 906 3944 legitur
926 3877 1060 3945 psal.
1086 3894 1195 3941 crx,
1223 3894 1266 3930 υ.
1300 3878 1352 3931 4.
1380 3874 1548 3945 Super
1576 3878 1684 3931 haec
1709 3877 1888 3929 omnia
1922 3874 2142 3930 Nicetes
2167 3876 2460 3944 lleraclete,
2491 3891 2546 3933 ut
2572 3883 2726 3936 habet
2757 3882 3140 3942 Felckmonnus
3168 3891 3389 3960 inferius
3415 3892 3606 3949 Monit.

358 3972 413 4026 in
447 3970 686 4044 Fragm,
726 3972 1088 4043 Expositiones
1120 3977 1399 4030 Athanasii
1434 3977 1485 4029 in
1520 3972 1790 4037 Psalmos,
1821 3985 1879 4027 ut
1912 3991 2003 4026 nos
2022 3976 2360 4043 proferimus,
2394 3981 2449 4030 in
2483 3977 2681 4033 Catena
2715 3999 2814 4035 sua
2847 3984 3035 4051 edidit,
3070 4003 3187 4039 cum
3222 3989 3345 4041 aliis
3378 3990 3605 4044 aliorum

356 4065 586 4121 Patrum
634 4070 1020 4122 commentariis
1062 4071 1359 4139 adjunctus.
1414 4069 1617 4123 Narrat
1661 4068 1875 4123 Gabriel
1921 4069 2207 4123 Grodecius
2239 4070 2624 4141 Dantzicanus,
2660 4078 2928 4146 professor
2984 4079 3259 4135 llebraicae
3305 4082 3500 4152 linguae
3549 4086 3605 4137 in

355 4159 640 4213 Academia
670 4157 947 4229 Lipsiana,
973 4162 1053 4213 vir
1076 4162 1260 4215 doctus
1292 4177 1352 4214 ac
1384 4161 1768 4213 necessitudine
1792 4158 1920 4212 mihi
1947 4160 2277 4229 conjunctus,
2316 4172 2521 4215 exstare
2561 4165 2612 4216 in
2655 4165 2966 4220 bibliotheca
3003 4168 3063 4222 S.
3104 4168 3397 4224 Saluatoris
3429 4172 3606 4227 Bono-

355 4250 545 4303 niensis
578 4250 632 4302 in
665 4251 840 4303 codice
870 4252 1199 4320 perantiquo,
1229 4253 1609 4319 expositionem
1638 4252 1919 4306 Athanasii
1941 4255 1994 4307 in
2025 4253 2272 4309 Psalmos
2307 4252 2561 4309 Serviano
2587 4256 2791 4325 lingua,
2816 4276 2933 4328 qua:
2960 4272 3035 4313 est
3070 4261 3292 4317 Slavica:
3319 4264 3603 4333 dialectus,

353 4352 475 4395 sunt
504 4353 677 4396 autent
708 4340 875 4396 Servii
899 4339 1087 4411 Mysia:
1120 4341 1404 4409 superioris
1430 4343 1650 4409 populus
1676 4358 1695 4405 ;
1728 4358 1817 4394 nec
1840 4343 2047 4412 ambigo
2079 4360 2142 4396 ex
2169 4344 2247 4397 his
2274 4346 2469 4398 nostris
2498 4345 2929 4415 Expositionibus
2958 4350 3164 4406 Slarice
3191 4372 3390 4411 versam
3415 4358 3600 4426 fuisse.

354 4433 483 4487 Hatc
506 4436 685 4503 augeri
718 4442 949 4502 possent,
982 4448 1157 4485 verum
1182 4432 1314 4485 satis
1351 4448 1606 4501 superque
1629 4442 1750 4484 sunt
1779 4441 1837 4484 ut
1870 4434 2233 4502 comprobetur
2265 4434 2712 4489 Commentarium
2747 4439 3033 4493 Athanasii
3067 4444 3119 4495 in
3152 4443 3398 4499 Psalmos
3425 4450 3601 4499 muni-

350 4526 446 4579 bus
479 4528 584 4595 fere
611 4524 894 4578 secundum
934 4524 1284 4575 Athanasium
1310 4523 1519 4575 saeculis
1549 4523 1823 4575 laudatum
1848 4523 2030 4591 fuisse.
2060 4522 2237 4593 Neque
2256 4525 2438 4577 desunt
2468 4526 2523 4577 in
2546 4526 2760 4593 hujusce
2791 4533 2964 4597 operis
3004 4534 3225 4588 decursu
3250 4538 3601 4591 Athanasiani

348 4614 473 4682 styli
502 4623 638 4667 nota:
661 4613 939 4681 plerisque.
975 4610 1118 4663 Nam
1146 4612 1233 4664 ubi
1264 4612 1469 4665 occasio
1512 4628 1621 4665 sese
1661 4612 1815 4681 offert
1857 4622 1912 4665 ut
1939 4612 2205 4666 Christum
2238 4616 2529 4683 comprobet
2569 4632 2677 4669 esse
2712 4617 2893 4685 Deum,
2922 4621 2975 4674 id
3003 4624 3092 4676 ille
3114 4637 3353 4693 prwstat,
3385 4645 3485 4697 quo
3514 4631 3599 4682 in-

351 4711 535 4763 nuitur
556 4725 615 4762 eo
644 4720 867 4775 tentpore
895 4708 1004 4761 haec
1037 4709 1234 4777 scripta
1258 4708 1441 4776 fuisse,
1474 4724 1575 4777 quo
1607 4709 1976 4762 controversia
1999 4708 2061 4761 de
2088 4706 2285 4762 Christi
2311 4710 2507 4763 deitate
2531 4711 2729 4765 oborta:
2752 4726 2891 4769 sunt.
2926 4715 3016 4769 Sic
3042 4716 3189 4772 Psal.
3220 4736 3366 4785 λιιι,
3391 4739 3437 4774 υ.
3466 4723 3519 4785 6,
3543 4726 3599 4777 in

350 4801 459 4853 haec
488 4798 640 4853 verba
668 4818 684 4852 :
710 4798 980 4864 Quoniam
1018 4796 1161 4851 Deus
1196 4796 1365 4865 judex
1399 4804 1503 4861 est,
1540 4796 1615 4848 sic
1640 4796 1726 4849 ille
1753 4798 1969 4866 arguit:
1995 4794 2092 4850 llic
2118 4795 2405 4850 manifeste
2433 4798 2714 4854 Christum
2749 4804 2879 4857 dicit
2913 4805 3079 4861 Deum
3110 4828 3123 4863 :
3157 4826 3283 4863 nam
3315 4828 3466 4865 omne
3499 4814 3596 4882 ju-

348 4891 548 4943 dicium
576 4890 718 4944 dedit
742 4888 906 4943 Pater
930 4888 1073 4942 Fitio
1093 4888 1161 4941 ⁸⁰.
1190 4887 1345 4954 Quod
1377 4888 1423 4942 si
1451 4903 1611 4943 omne
1652 4888 1917 4957 judicium
1951 4889 2099 4943 dedit
2141 4889 2236 4951 illi,
2267 4900 2321 4943 et
2355 4889 2495 4944 Deus
2534 4892 2698 4961 judex
2741 4905 2824 4948 est
2850 4915 2861 4949 :
2888 4917 3017 4971 ergo
3047 4903 3292 4958 Christus
3319 4915 3398 4958 est
3435 4907 3595 4961 Deus.

349 4986 612 5043 Similiter
635 4984 908 5041 Christum
933 4988 1118 5055 probat
1146 5001 1256 5038 esse
1284 4985 1447 5037 Deum
1473 4994 1521 5037 et
1552 4984 1737 5037 iisdem
1773 4985 1959 5053 quibus
1983 4982 2145 5036 Pater
2173 4986 2470 5039 nominibus
2496 4990 2677 5041 ornari
2706 4993 2842 5056 psal.
2875 5009 3091 5056 Lxxxu,
3118 5012 3163 5047 υ.
3194 4996 3283 5048 25.

417 5079 503 5133 ιν.
536 5076 812 5132 I’eculiare
838 5089 911 5131 est
937 5077 1231 5130 Athanasio
1259 5076 1396 5145 quod
1418 5074 1529 5127 solo
1546 5074 1826 5145 ἀγαπητοῦ
1851 5075 2059 5127 nomine
2080 5073 2412 5143 Unigenitum
2436 5078 2528 5130 Dei
2557 5080 2814 5149 intelligat
2842 5086 3011 5152 cujus,
3038 5087 3173 5139 vocis
3200 5091 3334 5139 hunc
3360 5103 3510 5141 usum
3532 5103 3597 5140 ea:

349 5172 576 5229 Homero
607 5176 887 5244 conﬁrmat
918 5174 1027 5237 ille,
1050 5190 1171 5244 pag.
1196 5174 1321 5229 507.
1360 5172 1560 5226 Eodem
1590 5184 1763 5225 autem
1797 5189 1895 5225 usu
1931 5188 2047 5225 eam
2080 5188 2249 5225 vocem
2276 5173 2430 5226 habes
2454 5176 2507 5227 in
2538 5175 2675 5228 hisce
2702 5175 3130 5245 Expositionibus
3157 5178 3292 5247 psal.
3318 5195 3425 5243 Liv,
3444 5196 3492 5234 υ.
3519 5183 3551 5233 6
3579 5200 3591 5233 :

356 5269 519 5323 Ἀλλὰ
570 5269 733 5339 φόϐος
778 5269 871 5322 κα)⁵
913 5271 1113 5341 τρόμος
1155 5269 1422 5323 ἐπέπεσεν
1452 5268 1530 5340 τῷ
1556 5270 1808 5341 προφήτῃ
1850 5267 2045 5341 ὁρῶντι
2076 5269 2164 5321 τὸν
2209 5270 2515 5341 umnqu
2541 5272 2630 5325 τοῦ
2663 5273 2797 5327 Θεοῦ
2836 5275 3059 5329 τοιαῦτα
3105 5278 3209 5331 ὑπὸ
3244 5277 3352 5331 τῶν
3383 5277 3594 5333 ἀσεϐῶν

346 5362 641 5431 πάσχοντα.
674 5361 790 5414 [loc
821 5372 897 5416 est
934 5376 951 5415 :
991 5360 1097 5417 Sed
1143 5365 1305 5417 etiam
1361 5363 1526 5416 timor
1577 5371 1631 5416 et
1672 5374 1871 5415 tremor
1913 5364 2228 5433 prophetam
2276 5364 2493 5430 invasit,
2548 5378 2856 5423 cernentem
2908 5372 3163 5426 dilectum
3211 5373 3345 5445 (sive
3391 5370 3593 5443 Unigc-

342 5458 541 5524 nilum)
586 5456 679 5513 Dei
724 5459 837 5513 haec
868 5460 939 5513 ab
967 5458 1149 5528 impiis
1188 5459 1319 5528 pati.
1354 5456 1661 5511 Notandum
1703 5458 1824 5510 item
1851 5458 1903 5509 in
1942 5457 2084 5512 hisce
2120 5458 2523 5512 Commentariis
2553 5460 2753 5515 Filium
2784 5464 2878 5517 Dei
2898 5469 3095 5531 passim
3126 5484 3231 5519 una
3266 5483 3406 5535 voce,
3440 5482 3595 5537 μονο-

412 5577 457 5608 ⁶⁶
486 5576 501 5629 l
538 5576 664 5631 Cor.
700 5593 786 5643 xv,
812 5577 901 5631 26.
996 5578 1042 5609 "
1068 5575 1214 5632 Psal.
1240 5594 1425 5640 Laius,
1448 5578 1537 5633 9.0.
1614 5578 1656 5609 ⁸⁸
1685 5576 1826 5632 Psal.
1856 5594 1942 5631 ιχ]

1772 5576 1826 5631 ll.
1856 5594 2026 5644 Lxxn,
2059 5577 2112 5651 ᾖ.
2225 5577 2268 5608 ’⁵⁸
2305 5578 2494 5639 Matth.
2534 5596 2655 5641 xxv,
2694 5580 2778 5635 12.
2865 5582 2910 5613 ⁸ο
2940 5581 3101 5639 Joan.
3135 5600 3186 5649 ν,
3215 5584 3302 5638 '22.

410 5676 523 5751 (id)
549 5674 699 5751 infra
728 5674 873 5751 {’sal.
903 5691 1013 5740 eis,
1039 5691 1091 5730 v.
1128 5675 1180 5739 l,
1206 5674 1361 5743 λόγον

2088 5676 2199 5751 (is)
2229 5677 2388 5751 sum.
2413 5676 2506 5729 vn
2546 5678 2750 5735 Concil.
2784 5682 2987 5751 p.312.

409 5748 522 5816 (ll)
548 5744 693 5802 Infra
734 5745 889 5816 βοῶν.

2089 5748 2197 5818 (ιδ)
2224 5746 2357 5802 tum.
2393 5766 2442 5818 ρ.
2476 5751 2600 5804 952.
