3874 6218
284 338 348 393 69
1155 345 1527 405 ADMONITIO
1563 348 1632 403 IN
1670 349 2165 409 EXPOSITIONES
2202 354 2643 413 PSALMORUM.
3455 362 3522 418 50

272 457 465 524 γενής,
503 456 814 526 signiﬁcari,
846 475 951 528 qua
975 460 1029 513 in
1060 463 1310 528 opusculo
1340 465 1393 518 in
1426 466 1534 520 hwc
1566 467 1740 533 verba,
1772 466 1965 524 Omnia
1996 471 2126 526 mihi
2156 482 2283 528 sunt
2316 476 2511 529 tradita
2554 491 2583 528 a
2612 473 2790 540 Patre,
2813 490 2865 542 p.
2892 473 2983 542 89.,
3002 478 3197 545 passim
3229 478 3348 532 item
3367 478 3524 533 Chri-

282 557 423 601 stum
470 564 737 620 nuncupat
773 555 1119 609 Athanasius.
1163 558 1531 614 Athanasiana
1568 578 1812 630 prorsust

1992 568 2088 620 uio
2118 568 2215 622 illa
2249 568 2388 637 psal.
2423 585 2610 634 cxvm,
2638 586 2685 624 υ.
2722 570 2824 623 175
2848 586 2860 622 :
2886 566 3161 621 Γενέσθω
3184 569 3220 635 ἡ
3250 569 3378 637 χείρ
3406 586 3522 623 σου

280 643 389 696 τοῦ
425 643 623 699 σῶσαί
642 663 737 713 με.
769 645 927 716 Δηλοί
946 647 1052 719 γὰρ
1081 648 1138 702 οὐ
1170 651 1267 721 τὴν
1295 654 1411 704 κατ’
1430 653 1615 706 οὐσίαν
1644 655 1855 719 γένεσιν
1887 656 2075 728 αὐτῆς,
2106 659 2238 712 ἀλλὰ
2272 660 2368 732 τὴν
2401 661 2535 733 πρὸς
2565 662 2631 715 τὰ
2664 660 2942 731 σωζόμενα
2981 659 3185 729 σχέσιν,
3214 660 3394 713 ὁποῖον
3428 660 3523 713 καὶ

282 731 365 784 τό·
393 735 589 788 Γενοῦ
602 752 707 804 μοι
735 739 823 802 εἰς
852 738 1001 791 Θεὸν
1031 740 1515 810 ὐπερασπιστήν.
1545 744 1660 799 Hoc
1684 757 1759 801 est
1785 765 1802 803 :

1991 761 2009 804 ι
2052 767 2238 804 manus
2274 731 2366 804 tua
2407 731 2465 804 ut
2497 752 2658 806 solvet
2704 768 2802 806 me.
2848 748 2966 805 Non
3014 749 3285 821 significat
3326 760 3518 805 natura

284 824 482 880 factam
508 842 632 883 esse
662 844 883 883 manum
917 830 1055 900 ejus,
1086 834 1178 888 sed
1206 834 1326 903 ejus
1352 844 1551 891 statum
1587 854 1713 910 erga
1748 857 1842 898 eos
1876 844 1971 913 qui
1998 845 2228 900 salutem
2245 856 2670 916 consequuntur.
2711 846 2880 912 Quale
2908 854 2991 902 est
3019 847 3147 901 illud
3176 864 3190 901 :
3225 846 3353 901 Esto
3387 848 3517 902 mihi

280 920 339 971 in
366 919 527 973 Deum
559 933 923 990 protectorem.
952 943 970 976 ι
1003 921 1143 976 Nam
1177 926 1368 978 Ariani
1390 928 1559 996 inepte
1582 946 1646 984 ex
1678 948 1795 986 voce
1824 934 2085 1003 γενέσθω,
2110 943 2159 988 et
2187 935 2422 1002 ἐγένετο,
2450 935 2823 989 concludebant
2858 935 3075 990 Verbum
3105 936 3267 1005 fuisse
3295 937 3513 1006 factum.

282 1011 480 1064 Hiram
513 1016 907 1069 consonantiam
941 1030 1060 1069 cum
1087 1014 1181 1069 hoc
1216 1015 1330 1069 loco
1366 1021 1589 1084 reperies
1610 1039 1664 1090 p.
1692 1023 1819 1089 568,
1844 1024 1933 1078 ubi
1962 1027 2123 1080 etiam
2148 1027 2285 1080 illud
2310 1042 2328 1081 :
2357 1024 2397 1078 F
2404 1029 2483 1081 ias
2512 1027 2643 1080 mihi
2677 1028 2730 1081 in
2766 1030 2929 1082 Deum
2957 1035 3334 1096 protectorem,
3360 1028 3520 1097 affer-

282 1108 367 1152 tur
387 1101 442 1153 in
466 1104 691 1156 medium
713 1121 833 1175 pag.
876 1109 999 1161 item
1025 1109 1148 1165 580.
1181 1111 1323 1165 Nam
1347 1114 1463 1168 loca
1485 1115 1772 1173 describere
1795 1120 2006 1190 longum
2034 1130 2188 1175 esset.

354 1192 417 1247 V.
442 1194 565 1247 lam
589 1196 653 1249 de
680 1200 949 1255 codicibus
994 1204 1141 1258 nobis
1170 1206 1451 1276 agendum.
1494 1210 1821 1265 Memoratur
1849 1232 1880 1267 a
1913 1214 2268 1269 Felckmanno
2304 1215 2524 1284 inﬂatius
2561 1214 2614 1270 in
2642 1214 2857 1286 Fragm.
2885 1232 2949 1269 ex
2978 1217 3147 1270 indice
3176 1216 3402 1286 quodam
3439 1217 3515 1270 Μ.

280 1280 459 1337 Crusii
486 1293 962 1358 manuscriptorum
990 1295 1079 1364 qui
1112 1305 1222 1348 tum
1260 1302 1507 1367 temporis
1542 1301 1998 1374 Constantinopoli
2037 1318 2210 1371 erant,
2243 1318 2451 1361 exstare
2483 1310 2626 1376 apud
2657 1307 3079 1361 illustrissimum
3109 1309 3394 1377 principem
3420 1307 3517 1362 Ja—

279 1373 466 1426 cobum
499 1376 876 1434 Marmoretam
910 1382 967 1437 S.
1004 1384 1284 1439 Athanasii
1311 1390 1687 1460 archiepiscopi
1710 1373 2057 1448 Alexandrini
2086 1396 2485 1463 explicationem
2514 1373 2571 1451 in
2595 1395 2914 1451 Psalterium
2949 1397 3185 1453 Davidis.

350 1463 586 1562 Andreas
629 1469 919 1539 Arnoldus,
952 1474 1432 1550 Norimbergensis,
1460 1484 1513 1537 in
1548 1488 1862 1555 praefatione
1909 1506 2003 1542 sua
2048 1491 2117 1543 ad
2166 1489 2462 1562 Syntagma
2508 1492 2769 1546 doctrinae
2817 1494 3022 1549 nomine
3063 1495 3343 1549 Athanasii
3369 1497 3433 1547 ab
3464 1513 3518 1550 se

276 1556 476 1608 editum
506 1559 735 1614 Parisiis
768 1581 906 1618 anno
942 1568 1099 1635 1685,
1127 1571 1236 1624 Ιιωσ
1267 1573 1462 1628 habet:
1501 1595 1516 1625 ι
1548 1575 1803 1632 Volebam
1831 1595 1916 1634 me
1951 1556 2284 1636 conferre-ad
2309 1556 2637 1637 recensenda
2671 1583 2842 1637 sancti
2878 1584 3158 1639 Athanasii
3195 1587 3427 1656 capitula
3461 1589 3515 1640 in

276 1649 547 1719 Psalmos,
577 1655 718 1711 sicut
757 1677 824 1714 ex
870 1677 972 1718 ms.
1018 1666 1403 1735 antiquissimo
1447 1672 1863 1744 descripseram,
1904 1676 2119 1731 diversa
2153 1693 2182 1730 a
2217 1676 2427 1732 Latinis
2460 1677 2651 1747 Angeli
2680 1676 2955 1742 Politiani,
2991 1688 3045 1732 et
3073 1678 3275 1734 Graecis
3306 1681 3438 1734 tomi
3474 1679 3514 1732 ll

275 1755 527 1810 operum,
556 1748 661 1803 nisi
688 1764 839 1806 nova:
868 1756 1234 1811 cunctationis
1282 1759 1382 1813 iter
1423 1760 1617 1818 fuisth
1652 1764 1977 1833 impatiens:
2010 1767 2149 1821 dabo
2185 1767 2399 1820 initium
2442 1776 2496 1821 et
2534 1767 2717 1832 finem,
2751 1777 2809 1821 ut
2840 1768 2885 1821 si
2920 1766 3049 1836 quid
3086 1765 3415 1820 monendum
3445 1768 3517 1819 sit

272 1835 564 1904 peritiores
602 1856 823 1897 monere
863 1845 1153 1915 dignentur
1182 1850 1507 1923 :Maxdtptog
1544 1853 1703 1924 ἀνὴρ,
1740 1855 1802 1907 Eu

1983 1876 1996 1910 t
2028 1857 2297 1911 ἐκάθισεν.
2332 1857 2441 1928 Τὴν
2464 1857 2636 1928 ἀρχὴν
2672 1858 2768 1927 τῆς
2795 1835 3230 1930 προφήτείαςττῷ
3258 1856 3316 1922 ὲξ
3353 1856 3513 1909 αὑτοῦ

270 1925 417 2024 {arti
445 1927 629 2024 σάρὲα
658 1933 1038 2009 τεχθησομένῳ
1061 1943 1376 2015 ἀνατίθησιν
1400 1948 1427 1999 ὁ
1452 1947 1613 2001 Δαόίδ
1638 1967 1648 1978 ·
1678 1948 1755 2001 διὸ
1786 1952 1843 2002 ὲν
1876 1950 2110 2022 πρώτοις
2143 1925 2431 2023 μακαρίζει
2458 1925 2673 2015 τοδξὲν
2706 1925 2849 2024 (lege
2872 1925 2983 2023 sici)
3012 1950 3171 2005 αὑτὸν
3198 1925 3513 2020 ἦλπικότας.

272 2016 478 2113 ρεδὶηἱι
498 2036 523 2113 7:
548 2022 702 2075 Πᾶσα
752 2027 887 2096 πνοὴ
922 2031 1188 2086 αἰνεσάτω
1237 2035 1326 2088 τὸν
1368 2037 1590 2108 Κύριον.
1620 2040 1852 2110 Νοήσεις
1884 2016 1983 2112 τὴν
2013 2016 2198 2113 πνοὴ-ν,
2222 2016 2314 2113 du?"
2334 2036 2406 2097 ὧν
2438 2042 2676 2113 Μωῦσῆς
2713 2016 3089 2112 ἀναγέγραφεν
3115 2057 3127 2070 ·
3162 2016 3244 2092 δτί
3279 2038 3458 2091 λαϐὼν
3483 2040 3512 2091 ό

268 2110 403 2175 Θεὸς
425 2112 552 2182 χοῦν
575 2115 682 2169 ἀπὸ
709 2119 807 2189 τῆς
833 2121 954 2191 γῆς,
983 2123 1183 2180 ἔπλασε
1212 2129 1301 2182 τὸν
1325 2131 1630 2202 ἄνθρωπον,
1658 2135 1750 2186 καὶ
1778 2110 2108 2206 ἐνεφύσησεν
2135 2110 2213 2199 εἰς
2237 2110 2295 2189 τὸ
2328 2136 2614 2207 πρόσωπον
2635 2110 2644 2113 ν
2665 2133 2828 2187 αὑτοῦ
2864 2110 3081 2202 πνεῦμα
3110 2129 3273 2201 ζωῆς.
3292 2128 3374 2184 Ab
3404 2130 3514 2184 ini-

269 2209 347 2263 tio
369 2210 588 2278 dicitur,
626 2223 734 2268 tres
762 2215 931 2272 fuisse
961 2222 1182 2278 ordines
1215 2228 1355 2295 apud
1384 2227 1621 2296 Judaeos,
1656 2247 1799 2302 γραμ

1984 2251 2024 2286 ιν
2054 2232 2333 2295 nimirum,
2366 2234 2459 2285 ml.
2491 2231 2795 2303 Φαρισαίων
2822 2228 2916 2281 καὶ
2942 2223 3197 2296 νομικῶν.
3232 2222 3514 2277 Probabile

267 2312 353 2357 est
376 2305 633 2375 νομικούς
661 2309 795 2363 istos
825 2324 944 2364 esse
966 2311 1314 2384 Sadducmos,
1342 2321 1433 2389 qui
1465 2320 1635 2391 legem
1663 2324 1780 2378 sine
1819 2325 2112 2379 traditione
2144 2327 2509 2381 sectabantur.
2540 2344 2558 2377 ›
2595 2323 2722 2379 Ηωε
2753 2321 3018 2377 Arnoldus
3038 2336 3056 2373 :
3091 2318 3304 2389 νομικοί
3338 2326 3513 2370 autem

268 2402 355 2455 i.li
378 2412 499 2455 sunt
528 2403 815 2473 legisperiti
852 2407 907 2459 in
937 2405 1221 2480 Evangelia
1244 2417 1539 2469 memorati.
1576 2416 1703 2472 Htec
1739 2430 1913 2473 autem
1945 2420 2172 2474 Arnoldi
2199 2421 2434 2491 capitula
2464 2421 2693 2490 idipsum
2723 2430 2844 2473 sunt
2875 2419 3011 2490 quod
3041 2417 3388 2482 expositiones
3414 2429 3512 2466 no-

270 2511 400 2552 stra
438 2499 490 2552 in
530 2498 877 2567 Psalterium,
918 2513 973 2555 ut
998 2500 1155 2569 liquet
1187 2516 1251 2554 ex
1280 2502 1572 2572 fragmento
1603 2505 1666 2558 ab
1701 2506 1854 2559 initio
1896 2507 2085 2573 allato,
2118 2524 2240 2560 nam
2274 2510 2328 2560 in
2360 2508 2463 2577 ﬁne
2491 2508 2695 2561 mutila:
2733 2518 2855 2561 sunt
2889 2504 3237 2575 expositiones
3275 2503 3412 2555 istis.
3445 2497 3513 2553 Ut

266 2594 526 2661 augurari
547 2611 704 2662 porro
735 2597 854 2649 licet
887 2612 952 2650 ex
972 2595 1402 2662 Arnoldieerbis,
1439 2600 1675 2668 capitula
1701 2602 1848 2655 istaze
1875 2618 1975 2655 non
1997 2603 2201 2674 integra
2222 2612 2391 2669 erant,
2427 2603 2515 2656 sed
2555 2609 2798 2670 excerpta
2835 2601 3078 2673 quwdam
3105 2613 3169 2652 ea:
3203 2597 3383 2667 aliqua
3410 2593 3514 2649 Ca-

265 2691 408 2745 tena,
448 2701 540 2737 nec
565 2696 726 2739 tanta:
752 2686 903 2739 molis
933 2695 1143 2756 quanta:
1163 2685 1273 2740 hcec
1298 2691 1676 2743 commentaria
1702 2708 1816 2761 qua:
1839 2708 1930 2745 nos
1953 2692 2174 2746 edimus.

338 2770 428 2828 Vl.
464 2773 554 2828 Vir
575 2778 901 2834 clarissimus
932 2781 1143 2836 Gabriel
1172 2781 1478 2849 Grodecius,
1500 2802 1663 2855 supra
1696 2797 2038 2853 memoratus,
2069 2806 2188 2843 cum
2216 2789 2359 2842 haud
2392 2791 2470 2843 ita
2502 2788 2705 2857 pridem
2739 2785 3073 2841 bibliothecas
3106 2780 3284 2836 Italiae
3310 2779 3511 2832 lustra-

261 2874 368 2929 ret,
393 2863 694 2922 Mediolano
721 2869 929 2924 litteras
961 2872 1029 2925 ad
1057 2890 1136 2927 me
1168 2874 1331 2938 misit,
1359 2884 1432 2941 et,
1462 2892 1567 2946 qua
1592 2887 1671 2932 est
1697 2895 1821 2949 erga
1855 2897 1946 2933 nos
1982 2880 2331 2945 humanitate,
2364 2880 2499 2933 hanc
2531 2878 3005 2947 manuscriptorum
3035 2872 3357 2927 bibliotheca!
3386 2870 3516 2922 Am-

260 2954 526 3011 brosiante
557 2962 802 3015 notitiam
831 2963 1056 3032 praebuit
1094 2965 1222 3034 ipsis
1253 2966 1443 3022 verbis.

258 3091 333 3133 ΒΧ
361 3091 550 3131 CODICE
591 3093 959 3134 ιιΑΝυεειιιρτο
989 3095 1353 3135 ΒΙΒΙΛΟΤΗΕΟιΕ
1386 3096 1757 3146 ΑΜΒΒΟΞῙΑΝιΕ,

1976 3098 2030 3136 sr
2057 3098 2341 3137 MEDIOLANI
2375 3099 2498 3140 csa.
2530 3100 2583 3138 N.
2619 3099 2672 3137 N.
2703 3082 2829 3146 451,
2858 3096 2908 3135 ιιι
2936 3092 3041 3143 ouo
3068 3089 3339 3133 COLLECTA
3373 3087 3506 3129 sunt

770 3192 933 3229 ΟΜΝΙΔ
963 3192 1032 3230 EX.
1067 3191 1339 3231 CODICIBUS
1368 3193 1752 3233 MANUSCRIPTIS
1781 3194 2015 3233 EJUSDEI
2050 3194 2416 3233 ΒιΒιιοΤιιεοιλε
2449 3193 2723 3233 HACTENUS
2756 3191 2997 3231 INEDITA.

340 3302 359 3335 ι
386 3283 853 3339 Commentarium
884 3286 1059 3341 sancti
1088 3285 1372 3341 Athanasii
1404 3287 1458 3339 in
1493 3276 1756 3351 Pstilmos,
1787 3303 1919 3343 mss.
1954 3286 2298 3343 Graeco-Lat.
2326 3286 2574 3343 Graecum
2602 3283 3035 3353 manuscriptum
3065 3277 3397 3348 descriptum
3426 3284 3512 3331 est

259 3397 331 3436 ex
357 3381 544 3436 codice
575 3382 914 3438 bibliotheca:
941 3382 1122 3453 Regius
1162 3382 1215 3435 in
1251 3381 1539 3449 Escurial.,
1574 3384 1765 3438 Latine
1806 3399 1934 3438 vero
1983 3383 2304 3438 translatum
2337 3382 2433 3450 (ut
2467 3381 2601 3436 mihi
2642 3378 2909 3434 referebat
2938 3375 3000 3429 D.
3034 3371 3127 3448 Ν.)
3165 3374 3234 3428 ab
3269 3371 3510 3426 Antonio

258 3476 486 3547 Giggeo.
517 3475 670 3543 Quod
709 3487 885 3531 tamen
912 3492 1036 3531 esse
1079 3490 1187 3530 non
1219 3484 1398 3544 potest
1431 3495 1443 3530 :
1477 3492 1602 3531 nam
1637 3478 1691 3531 in
1734 3476 2073 3547 frontispicio
2120 3476 2285 3547 hujus
2319 3477 2522 3532 codicis
2557 3476 2700 3530 hanc
2729 3482 3044 3545 sequentem
3071 3468 3509 3526 observationem

259 3571 436 3639 reperi
465 3571 655 3625 eadem
690 3587 853 3627 manu
891 3571 1150 3640 scriptam
1181 3587 1289 3641 qua
1323 3572 1504 3628 versio
1535 3573 1624 3627 illa
1656 3573 1849 3630 Latina
1875 3575 2265 3632 Commentarii
2296 3576 2349 3629 in
2378 3572 2644 3627 Psalmos.

340 3684 357 3717 ι
385 3666 504 3720 Vidi
529 3668 582 3720 in
613 3668 939 3724 bibliotheca
972 3668 1333 3722 Ambrosiana
1360 3668 1717 3723 illustrissimi
1748 3671 1895 3725 card.
1930 3670 2245 3736 Borromar,
2278 3677 2602 3738 suggerente
2636 3666 2944 3722 clarissimo
2969 3664 3192 3721 doctore
3223 3672 3277 3719 et
3295 3662 3509 3731 lingua-

263 3774 284 3807 ε
316 3771 439 3810 rum
471 3758 815 3812 orientalium
838 3760 1169 3828 peritissimo
1186 3759 1249 3813 1).
1273 3762 1509 3816 Antonio
1527 3761 1750 3832 Giggeo,
1775 3764 1893 3819 viro
1924 3765 2057 3818 mihi
2084 3763 2431 3827 charissimo,
2454 3762 2708 3817 volumen
2737 3760 3028 3816 Arabicum
3053 3758 3221 3823 in-i6,
3248 3757 3302 3812 in
3321 3764 3508 3811 charta

264 3869 283 3899 ι
316 3851 662 3921 bombacina,
694 3864 754 3909 ut
783 3867 1001 3923 vocant,
1034 3856 1211 3926 fusca,
1238 3858 1342 3913 500
1375 3869 1428 3913 et
1455 3860 1593 3914 ultra
1624 3876 1915 3927 annorum,
1942 3862 1995 3916 in
2036 3875 2147 3931 quo
2181 3860 2412 3915 Arabice
2439 3868 2594 3913 erant
2624 3859 2738 3912 haec
2784 3856 2892 3911 duo
2928 3852 3190 3924 opuscula
3218 3850 3507 3906 Athanasii

263 3964 285 3996 ς
319 3949 371 3999 in
400 3946 671 4015 Psalmos,
699 3951 975 4020 perbrevis
1016 3954 1107 4009 illa
1143 3956 1395 4026 synopsis
1417 3955 1777 4024 Psalmorum,
1812 3968 1908 4013 aut
1930 3946 2259 4029 quocunq‘ue
2289 3956 2399 4011 alio
2435 3956 2599 4011 modo
2627 3961 2851 4009 vocetur
2878 3950 2945 4006 ad
2977 3948 3381 4013 Marcellinum,
3413 3946 3509 4001 de-

264 4057 283 4087 ι
316 4038 440 4092 inde
466 4039 662 4110 integri
693 4046 1068 4099 commentarii
1105 4051 1354 4116 perpetui
1388 4047 1440 4100 in
1473 4049 1620 4117 ipsos
1650 4048 1920 4115 Psalmos,
1962 4065 2101 4120 quos
2130 4049 2333 4105 contuli
2395 4063 2519 4103 cum
2548 4046 2668 4101 istis
2702 4044 2927 4112 Graecis,
2957 4055 3168 4099 necnon
3200 4053 3323 4094 cum
3349 4036 3510 4092 Eclo-

262 4146 284 4179 ε
313 4129 396 4198 gis
416 4128 767 4187 Catenarum.
792 4133 871 4189 Ac
905 4135 1031 4189 licet
1058 4151 1154 4190 eos
1183 4136 1485 4194 laudabiles
1507 4139 1771 4209 alioquin,
1801 4156 1900 4195 nec
1933 4140 2188 4211 indignos
2226 4138 2511 4194 Athanasii
2547 4135 2865 4191 oll‘enderim
2888 4174 2903 4200 ,
2934 4129 3291 4188 nihilominus
3325 4136 3505 4182 tamen

262 4236 282 4269 ι
314 4219 632 4289 neutiquam
657 4238 783 4277 cum
828 4225 951 4279 istis
992 4226 1387 4282 conveniebant
1421 4246 1435 4282 :
1469 4229 1645 4284 solum
1682 4231 1973 4301 explicatio
2009 4231 2168 4301 primi
2200 4246 2393 4286 versus
2425 4229 2620 4300 psalmi
2645 4228 2807 4297 primi
2839 4223 3141 4297 quadrabat
3172 4233 3294 4277 cum
3317 4219 3505 4290 ecloga

261 4336 283 4369 ι
312 4320 551 4387 quadam
584 4321 821 4387 Catenae,
849 4340 1013 4393 quam
1047 4340 1146 4379 suo
1174 4325 1294 4380 loco
1318 4328 1519 4391 notavi,
1539 4337 1593 4383 et
1616 4329 1810 4385 deinde
1840 4331 1893 4385 in
1920 4331 2159 4385 secundo
2186 4345 2438 4386 versu....
2470 4326 2783 4399 quiderm...
2805 4319 3150 4392 quadrabant
3174 4313 3356 4370 omnia
3378 4328 3503 4367 cum

262 4431 281 4463 ι
314 4413 437 4468 istis
462 4419 894 4483 commentariis,
922 4418 1018 4473 sed
1054 4419 1301 4474 oratione
1341 4428 1397 4474 et
1438 4421 1579 4492 stylo
1617 4438 1985 4493 nequaquam.
2031 4424 2285 4494 clareque
2317 4422 2574 4492 scriptum
2609 4430 2807 4473 nomen
2836 4410 3143 4477 Athanasii,
3183 4404 3504 4461 Athanasius

261 4526 281 4558 ι
313 4507 623 4574 patriarcha
650 4506 1008 4564 Alexandriae.
1034 4530 1050 4561 ι
2935 4593 2945 4595 Α
2978 4585 2995 4595 ν
3030 4585 3037 4595 Δ

335 4615 353 4646 ι
384 4594 443 4649 ln
491 4597 593 4652 hac
639 4600 1017 4654 observatione
1064 4599 1268 4653 mentio
1302 4599 1363 4653 {lt
1403 4600 1623 4654 Antonii
1652 4599 1861 4671 Giggei,
1889 4617 2085 4658 manus
2124 4616 2252 4656 vero
2289 4600 2478 4656 eadem
2515 4612 2636 4652 cum
2686 4595 2779 4649 illa
2808 4579 3344 4649 versio'nislatinaaz
3375 4610 3504 4664 ergo

255 4691 573 4759 neutiquam
601 4692 858 4761 Giggeus,
896 4695 988 4749 sed
1017 4695 1235 4764 quidam
1272 4695 1412 4750 alius
1446 4704 1637 4751 auctor
1695 4697 1965 4752 versionis
2022 4696 2181 4751 istius
2212 4711 2331 4750 esse
2359 4694 2537 4760 debet,
2569 4705 2729 4761 quem
2772 4686 3012 4744 indicare
3046 4687 3176 4741 mihi
3210 4703 3369 4742 nemo
3403 4704 3502 4756 po-

254 4783 380 4836 tuit.
410 4782 603 4852 Reperi
650 4787 719 4839 ibi
752 4788 855 4841 sub
900 4788 1061 4842 finem
1102 4788 1263 4842 etiam
1320 4791 1566 4857 quaedam
1615 4790 1871 4845 adnotata
1907 4805 2066 4859 supra
2102 4788 2369 4858 psalmum
2407 4801 2513 4851 cu,
2543 4783 2632 4839 cui
2668 4784 2770 4838 ista
2814 4792 2941 4837 nota
2972 4781 3257 4837 Athanasii
3283 4782 3503 4852 prtetixa

250 4885 372 4927 erat
401 4894 413 4928 :
444 4867 609 4939 Οὗτος
639 4879 667 4929 ὁ
698 4878 908 4948 ψαλμὸς
930 4880 1025 4933 καὶ
1046 4880 1353 4951 ἰδιόγραφος
1378 4880 1455 4950 τῷ
1478 4882 1662 4948 Δαϐὶδ,
1691 4863 1785 4935 nail.
1811 4880 2005 4947 ἔξωθεν
2025 4879 2119 4934 τοῦ
2147 4876 2407 4950 ἀριθμοῦ,
2436 4878 2518 4930 ὅτι
2544 4874 2923 4946 ἐμονομάχησε
2952 4875 3041 4928 τὸν
3063 4873 3276 4929 Γολιάθο
3311 4872 3501 4945 [Heilm

253 4972 680 5025 commentarius
706 4992 716 5025 ε
747 4973 959 5044 Μικρὸς
987 4974 1135 5043 ἥμην
1164 4976 1222 5026 ἐν
1249 4977 1360 5039 τοῖς
1394 4975 1639 5044 ἀδελφοῖς
1671 4993 1790 5046 μου.

337 5072 355 5102 ι
387 5052 825 5114 Commentarius
863 5061 1107 5130 ejusdem
1133 5062 1307 5117 sancti
1334 5062 1615 5117 Athanasii
1646 5060 1701 5115 in
1724 5063 1949 5118 Cantica
1978 5063 2167 5117 Maria:
2191 5062 2388 5115 sororis
2420 5057 2643 5130 Moysis,
2678 5066 2727 5111 et
2751 5054 2971 5125 Moysis.

330 5163 349 5195 ι
383 5144 635 5216 Synopsis
668 5159 715 5202 et
745 5151 1109 5221 interpretatio
1132 5172 1315 5211 vocum
1355 5155 1892 5228 Hebraicarum,qute
1923 5160 1978 5212 in
2010 5158 2403 5213 commentariis
2426 5156 2709 5209 Athanasii
2736 5152 3086 5222 reperiuntur,
3119 5165 3224 5204 ms.
3254 5148 3503 5205 Hebraeo-

249 5231 534 5296 Latinum,
565 5237 754 5327 ordine
781 5240 1144 5309 alphabetico.
1176 5242 1369 5313 Incipit
1398 5265 1410 5299 :
1441 5246 1618 5299 Aaron
1659 5247 1796 5315 psal.
1826 5264 2007 5312 LXXVI,
2040 5264 2174 5301 vers.
2209 5247 2310 5301 ult.
2345 5254 2513 5332 mni,
2548 5245 2805 5315 Spiritus,
2840 5245 3083 5316 Πνεῦμα,
3121 5245 3213 5300 sed
3250 5258 3500 5300 commu-

247 5325 393 5377 niter
422 5325 739 5393 exponitur,
757 5346 924 5397 mons,
953 5349 1048 5387 seu
1082 5342 1383 5402 montanus,
1413 5335 1555 5391 sicut
1587 5345 1641 5391 et
1667 5338 1805 5407 psal.
1839 5354 2064 5405 LXXVIII,
2101 5338 2153 5402 6,
2179 5339 2233 5393 7.

330 5437 348 5468 ι
376 5416 644 5488 Excerpta
670 5436 788 5490 qua:
805 5423 871 5477 ad
888 5423 1243 5480 Athanasium
1272 5437 1536 5497 spectant,
1555 5444 1619 5482 ex
1637 5440 1824 5483 catena
1850 5430 1903 5482 in
1931 5429 2172 5483 Psalmos
2192 5431 2245 5484 in
2263 5428 2468 5485 Cod.V.
2500 5430 2560 5482 A.
2584 5427 2649 5482 10
2680 5426 3015 5482 bibliothecae
3044 5426 3519 5497 Ambi'osianaaex.

248 5512 338 5567 his
393 5515 649 5570 omnibus
702 5519 1019 5573 auctoribus
1061 5521 1285 5575 collecta
1330 5541 1343 5576 :
1390 5521 1787 5587 Nazianzenus,
1821 5523 2076 5592 Basilius,
2114 5524 2553 5595 Chrysostomus,
2597 5517 2950 5584 Athanasius,
2984 5515 3283 5588 Nyssenus,
3322 5516 3488 5585 Hesy-

248 5604 427 5670 chius,
461 5604 744 5676 Georgius,
771 5608 1143 5665 Theodoretus
1186 5617 1471 5682 episcopus
1501 5611 1778 5684 Cyrensis,
1818 5613 2074 5677 Severus,
2111 5613 2393 5686 Origenes,
2424 5614 2703 5685 Didymus,
2739 5614 3029 5682 Eusebius,
3070 5614 3295 5678 Esdras,
3333 5614 3498 5670 Eulo-

249 5693 395 5762 gius,
423 5694 662 5751 lsidorus
686 5694 980 5764 l‘elusiota,
1012 5698 1227 5767 Arelas,
1252 5702 1638 5772 Apollinarius,
1665 5702 1852 5759 Jovius
1876 5706 1979 5776 (sic
2005 5706 2266 5770 scriptum
2292 5706 2384 5759 τοῦ
2410 5703 3496 5774 ’106iou),JustinusPhilosoMnus,Joan-

250 5795 347 5836 nes
371 5780 756 5854 Philosophus,
785 5785 1042 5857 Ephrem,
1077 5778 1789 5863 Maximus,'Damascenus,
1825 5795 2181 5867 Augustinus,
2213 5794 2598 5867 Hieronymus,
2624 5798 2965 5867 Autiochus,’
2997 5799 3290 5865 Adrianus,
3318 5796 3496 5852 Theo—
