3874 6218
379 338 447 401 at
703 319 706 322 ί
1225 343 1282 399 s.
1325 343 1696 400 ATHANASll
1737 345 1886 400 ope.
1929 345 2112 400 mas
2149 345 2235 400 lii.
2284 370 2349 386 —-
2385 345 2794 402 EXEGETICA.
3565 340 3643 398 se.

381 459 549 512 dorus
570 455 960 522 Antiochenus,
987 456 1161 525 Nilus,
1181 459 1502 515 Anastasius
1541 457 1813 524 Nieaenus,
1845 469 1894 515 et
1920 459 2243 514 Anastasius
2261 458 2468 513 Sinaita
2484 459 2873 521 Antiochenus,
2896 457 3164 522 Asterius,
3183 453 3637 529 Olympiodorus,
3679 470 3682 472 '

381 545 736 617 Epiphanius,
763 550 1007 604 Andreas
1053 548 1347 617 Cretensis,
1391 549 1637 605 Andreas
1689 550 2062 614 Caesariensis,
2116 550 2342 605 Cosmas
2398 549 2835 619 lndicOpleustes,
2895 548 3280 614 OEcumenius,
3327 547 3636 602 Marcus...

381 641 698 707 Cassianus,
727 642 1044 716 Hippolytus
1078 643 1376 710 Romanus,
1414 643 1776 710 Herodianus,
1810 645 2270 716 Thaumaturgus,
2304 655 2499 715 praeter
2536 646 2673 700 alios
2713 661 3035 716 anonymos,
3070 651 3130 698 ut
3163 644 3364 699 dicitur
3406 642 3633 696 ibidem.

381 740 448 794 Et
475 742 743 798 editiones
777 742 1138 807 Psalmorum,
1169 758 1262 798 seu
1293 743 1700 805 translationes,
1727 745 1926 813 quibus
1958 745 2039 798 usi
2075 753 2203 798 sunt
2230 744 2282 796 in
2313 751 2528 804 eatena,
2565 741 2763 796 ibidem
2798 743 3018 806 dicitur,
3050 739 3271 793 fuerunt
3295 737 3636 808 Symmachi,

384 835 614 906 Aquilae,
651 837 1066 902 Theodotionis,
1104 845 1157 889 et
1196 833 1546 905 Septuaginta
1577 835 1961 904 lnterpretum.
1995 834 2175 889 Codex
2212 833 2492 901 originalis
2535 833 2588 885 in
2620 848 2945 902 pergamena
2984 830 3420 900 antiquissimus,
3451 836 3504 882 et
3543 827 3636 881 di-

381 948 536 988 versa
569 943 697 988 sunt
728 933 966 1003 plurima
1005 928 1075 987 ab
1102 934 1208 986 illis
1242 948 1272 986 a
1304 930 1547 986 Barbaro
1572 931 1755 985 editis.
1786 930 1844 984 ln
1874 933 1974 986 hac
2003 930 2319 984 collectione
2347 927 2531 982 Greece
2556 937 2788 981 tantum.

450 1042 469 1076 ε
511 1024 762 1080 Extraeta
808 1042 874 1080 ex
914 1025 1117 1082 Catena
1163 1025 1502 1080 Psalmorum
1554 1025 1609 1078 in
1655 1038 1980 1108 pergameno
2007 1025 2061 1077 in
2089 1022 2211 1078 eod.
2261 1037 2344 1087 nt,
2374 1021 2440 1076 ll.
2478 1021 2564 1085 14,
2612 1035 2678 1075 ea
2718 1034 2838 1089 quae
2868 1016 3142 1087 pertinent
3172 1014 3238 1068 ad
3270 1012 3633 1068 Athanasium

383 1118 566 1176 Graece
595 1131 826 1180 tantum.

451 1232 467 1261 ι
487 1210 763 1268 Periochae
793 1222 845 1269 et
875 1215 1204 1287 hypotheses
1239 1214 1429 1269 breves
1457 1213 1818 1278 Psalmorum,
1851 1227 1972 1283 quae
2001 1212 2376 1266 attribuuntur
2407 1206 2642 1261 Eusebio
2678 1205 2729 1258 in
2761 1204 2949 1259 codice
2980 1219 3076 1265 vn,
3111 1201 3169 1255 E.
3196 1201 3279 1265 l8,
3301 1201 3504 1266 Graece,
3534 1218 3628 1255 ex-

374 1313 568 1373 cerpta;
610 1320 675 1360 ex
725 1315 917 1362 catena
970 1307 1178 1378 integra
1227 1307 1283 1360 in
1332 1304 1583 1360 Psalmos
1627 1313 1680 1360 et
1723 1304 1985 1359 attributa
2029 1301 2350 1366 Athanasio,
2401 1299 2621 1353 diversa
2657 1306 2839 1350 tamen
2873 1312 2902 1349 a
2930 1302 3118 1349 eatena
3167 1292 3394 1346 Barbari
3443 1292 3630 1347 Grece

378 1407 612 1452 tantum.

449 1510 470 1544 ε
510 1491 838 1562 Fragmenta
867 1493 1148 1551 Athanasii
1191 1511 1257 1550 ex
1289 1495 1454 1549 variis
1483 1494 1689 1550 catenis
1729 1495 1952 1550 collecta
1998 1494 2054 1546 in
2087 1493 2352 1561 Epistolas
2384 1491 2490 1544 diui
2531 1488 2713 1554 Pauli,
2744 1494 2798 1541 et
2833 1501 2899 1542 ex
2925 1491 3108 1539 catena
3135 1483 3189 1536 in
3222 1483 3381 1536 libros
3404 1482 3624 1553 Regum,

372 1585 577 1642 Graece.
625 1586 856 1655 Subjieit
881 1571 1068 1641 auetoi‘
1097 1588 1303 1643 Latinae
1330 1587 1620 1653 versionis,
1655 1602 1814 1656 quem
1843 1602 2006 1655 supra
2037 1585 2271 1640 indicavi
2308 1604 2321 1639 :

449 1703 467 1734 ‹
495 1681 574 1736 Ex
601 1683 990 1737 commentario
1016 1697 1110 1737 seu
1140 1692 1329 1736 eatena
1354 1681 1458 1735 Titi
1493 1680 1798 1735 Bostrensis
1828 1682 1882 1732 in
1908 1679 2127 1742 Lucam,
2155 1696 2222 1733 ex
2251 1679 2644 1749 Chrysostomo
2681 1684 2733 1730 et
2766 1676 2888 1731 aliis
2913 1676 3160 1739 collecta,
3196 1677 3310 1731 haec
3349 1677 3523 1746 reperi
3554 1693 3623 1732 ex

377 1797 398 1834 ι
434 1778 753 1842 Athanasio,
789 1795 910 1849 quae
938 1787 1128 1848 postea
1155 1777 1359 1832 contuli
1390 1792 1514 1832 cum
1542 1777 1700 1830 editis
1730 1791 1760 1830 a
1798 1773 2042 1839 Peltano,
2075 1789 2195 1843 qum
2220 1774 2408 1827 eodem
2441 1773 2603 1826 modo
2631 1786 2690 1826 se
2724 1771 2946 1834 habent,
2983 1771 3081 1826 sed
3110 1786 3307 1824 nomen
3335 1755 3624 1826 Athanasii

376 1892 394 1925 ε
432 1888 539 1930 non
585 1874 657 1927 ibi
687 1889 1028 1943 expressum,
1054 1888 1155 1928 nec
1195 1873 1284 1927 hic
1310 1871 1404 1926 ubi
1438 1871 1736 1933 desierunt,
1771 1870 2000 1938 ideoque
2038 1885 2148 1922 non
2175 1870 2330 1938 plura
2353 1868 2637 1935 descripsi,
2667 1868 2795 1936 quia
2835 1866 3094 1921 sublesta}
3120 1879 3302 1921 essent
3331 1867 3473 1920 ﬁdei.
3511 1867 3626 1938 Οὐχ

375 1988 396 2020 ι
433 1967 616 2031 ἁπλῶς
639 1968 694 2027 δὲ
722 1968 782 2022 τὸ
805 1968 1138 2039 γεννώμενόν
1163 1985 1322 2038 φησιν
1349 1967 1484 2038 πρὸς
1509 1967 1606 2037 τὴν
1629 1965 1904 2036 Παρθένον
1937 1967 1965 2017 ὁ
1985 1965 2233 2034 ἅγγελος,
2261 1965 2349 2018 ἵνα
2383 1965 2456 2034 μὴ
2497 1961 2693 2026 ἔξωθεν
2731 1964 3154 2032 ὲπεισαγόμενον
3183 1965 3318 2035 αὐτῇ
3355 1962 3513 2034 σῶμα
3536 1981 3624 2016 νο-

375 2082 392 2112 ο
426 2063 610 2134 μισθῇ,
637 2065 748 2118 ἀλλ’
768 2066 1012 2135 ἐπήγαγε
1065 2067 1159 2121 καὶ
1205 2065 1283 2128 τὸ,
1308 2066 1372 2116 ὲκ
1403 2064 1494 2115 σοῦ
1529 2080 1541 2092 ·
1582 2062 1666 2114 ἵνα
1696 2061 1754 2125 ἐξ
1774 2061 1942 2129 αὐτῆς
1973 2059 2185 2128 φύσεως
2212 2059 2272 2111 τὸ
2299 2059 2633 2127 γεννώμενον
2664 2053 2801 2109 εἶναι
2834 2058 3075 2128 πιστωθῇ
3107 2075 3120 2088 ’
3159 2058 3309 2129 ἅγιον
3332 2058 3387 2112 δὲ
3422 2057 3628 2128 κληθη-

373 2173 390 2205 ι
427 2155 670 2226 σύμενον,
695 2159 791 2228 οὐχ
812 2159 885 2222 ὡς
905 2159 1111 2213 ἕνοικον
1140 2158 1330 2223 ἕξοντα
1355 2159 1446 2212 τὸν
1473 2157 1597 2210 Υἱὸν
1627 2155 1719 2208 τοῦ
1747 2154 1880 2208 Θεοῦ
1913 2157 2004 2208 καὶ
2031 2158 2094 2207 ὲκ
2123 2155 2354 2226 μετοχῆς
2376 2153 2842 2224 ἁγιασθησόμενον
2864 2169 2877 2182 ·
2903 2153 3016 2210 ἀλλ’
3033 2154 3106 2217 ὡς
3132 2154 3258 2206 ὄντα
3292 2153 3432 2214 κατὰ
3459 2153 3623 2223 φύσιν

373 2271 389 2299 ι
427 2248 598 2318 ἅγιον,
621 2253 696 2322 τῷ
717 2252 806 2306 τὸν
832 2253 990 2306 αὐτὸν
1009 2255 1133 2306 Υἱὸν
1161 2254 1422 2326 ὑπάρχειν
1464 2251 1598 2308 Θεοῦ
1633 2252 1725 2310 καὶ
1750 2251 1843 2304 ἕνα
1879 2268 1903 2302 ε

2094 2261 2144 2304 ta
2168 2266 2226 2304 se
2250 2251 2518 2304 habebant
2547 2258 2656 2303 tres
2686 2248 2900 2302 codices
2931 2251 2985 2302 in
3014 2265 3338 2320 pergamena
3369 2267 3493 2306 cum
3524 2266 3621 2306 ex-

372 2360 392 2396 σ
432 2358 618 2410 presso
656 2347 876 2400 nomine
899 2346 1216 2411 Athanasii;
1250 2347 1351 2401 hoe
1375 2347 1495 2399 loco
1523 2343 1804 2401 translatio
1829 2341 2035 2397 Peltani
2061 2359 2171 2396 non
2196 2342 2452 2412 exprimit
2480 2351 2751 2411 postrema
2780 2342 3030 2397 ﬁdeliter.
3072 2362 3091 2394 ι

441 2457 461 2488 ‹
493 2438 558 2492 Et
587 2450 707 2510 post
735 2457 902 2511 pauca
934 2442 1036 2496 alia
1068 2440 1369 2512 fragmenta
1399 2442 1561 2502 allata
1588 2441 1702 2496 haec
1729 2440 2034 2495 observatio
2071 2439 2269 2492 ibidem
2307 2439 2570 2507 reperitur
2606 2458 2618 2493 :

436 2552 454 2586 ε
490 2533 547 2589 1η
578 2537 892 2607 Anthologio
921 2538 1156 2608 quodam
1182 2535 1283 2594 SS.
1314 2535 1537 2590 Patrum
1568 2535 1681 2590 haec
1709 2535 1884 2605 reperi
1921 2549 1988 2588 ex
2012 2533 2316 2587 Athanasio
2357 2534 2410 2586 in
2436 2534 2618 2587 littera
2651 2533 2717 2597 A,
2743 2532 2934 2588 ordine
2971 2535 3114 2588 enim
3155 2535 3492 2603 alphabeti‘co
3531 2536 3618 2592 di-

367 2647 386 2678 i
425 2639 574 2696 gesta
602 2641 754 2684 erant
787 2632 987 2700 capita,
1017 2639 1070 2686 et
1097 2631 1282 2684 omnia
1318 2631 1603 2699 desumpta
1629 2645 1695 2683 ex
1724 2629 2002 2684 veteribus
2032 2627 2305 2691 Patribus,
2338 2630 2552 2698 istaque
2577 2637 2731 2682 erant
2766 2631 2820 2682 in
2845 2645 2978 2682 voce
3013 2631 3408 2698 Ἁστρολογιά,
3431 2642 3616 2702 utpm

366 2743 383 2774 ι
406 2740 481 2778 .se
505 2724 610 2778 fert
639 2726 847 2790 titulus,
882 2742 1006 2781 cum
1041 2728 1240 2783 titulo:
1276 2729 1400 2781 Ὅτι
1429 2729 1477 2780 εἰ
1499 2727 1638 2781 κατὰ
1671 2728 1896 2799 ἀστρολο

2083 2726 2124 2780 τὰ
2148 2726 2267 2780 καθ’
2286 2725 2787 2798 ήμᾶς,Ἀθανασίου
2817 2725 3222 2798 Ἀλεξανδρείας
3253 2729 3316 2780 ἐκ
3339 2728 3440 2798 τῆς
3473 2731 3613 2788 κατὰ

363 2833 381 2864 ι
423 2816 696 2875 Ματθαῖον
733 2817 936 2887 βίϐλου.
975 2837 992 2868 ι
1027 2816 1153 2874 "CCC
1182 2824 1235 2874 in
1269 2821 1500 2890 epistola
1522 2821 1795 2876 Grodecii.

436 2907 538 2963 νη.
575 2909 660 2964 Ex
697 2912 835 2964 hisce
859 2923 1032 2976 autem
1061 2930 1224 2967 unum
1251 2924 1348 2980 est,
1379 2915 1516 2984 quod
1557 2932 1814 2984 nusquam
1846 2923 2196 2968 memoratum
2235 2915 2556 2980 audivimus,
2594 2915 2830 2979 scilicet,
2867 2911 3293 2968 Commentarius
3328 2913 3612 2969 Athanasii

358 3001 414 3057 in
450 3000 673 3057 Cantica
703 3001 888 3062 Mariae
914 3013 968 3060 et
995 3003 1184 3067 Mosis.
1217 3010 1330 3060 Hoc
1356 3016 1534 3060 autem
1581 3007 1890 3076 opusculum
1928 3024 2301 3078 germanumne
2337 3007 2406 3061 sit
2460 3021 2523 3059 ex
2563 3005 2678 3059 sola
2707 3006 2926 3059 lectione
2955 3006 3235 3058 internosci
3262 3014 3459 3074 potest,
3491 3021 3611 3058 cum

356 3110 390 3147 a
418 3093 587 3158 nullo,
620 3097 758 3164 quod
787 3098 996 3167 quidem
1031 3103 1221 3164 norim,
1249 3103 1463 3172 antiquo
1498 3102 1776 3156 laudatum
1803 3102 1984 3171 fuerit.
2030 3102 2231 3157 Obnixe
2257 3117 2374 3155 vero
2403 3100 2784 3168 postulavimus
2823 3116 2882 3153 ea
2910 3100 3202 3152 transmitti
3239 3100 3385 3152 nobis
3415 3115 3532 3169 quae
3552 3101 3610 3154 in

357 3187 807 3243 lucubrationibus
842 3195 1035 3245 nostris
1069 3194 1455 3262 desiderantur,
1491 3197 1579 3249 sed
1619 3213 1738 3250 cum
1770 3196 1949 3260 nullus
1992 3197 2114 3250 istic
2157 3197 2490 3250 amanuensis
2527 3194 2706 3250 Graece
2746 3193 3091 3246 transcribere
3127 3195 3312 3262 possit,
3353 3195 3484 3248 uotis
3514 3211 3609 3248 no-

356 3283 482 3336 stris
506 3283 714 3354 obsequi
739 3287 952 3339 minime
977 3289 1146 3356 potuit
1171 3291 1249 3342 vir
1279 3289 1615 3343 doctissimus
1660 3289 2009 3344 Muratorius.
2041 3291 2108 3344 Et
2144 3301 2400 3361 quantum
2429 3307 2667 3359 auguror
2704 3290 3031 3359 conjectura,
3065 3305 3169 3342 non
3209 3291 3345 3342 tanti
3377 3290 3610 3357 fortasse

355 3373 511 3442 pretii
532 3382 654 3426 sunt
686 3385 878 3428 caetera
906 3392 922 3428 :
956 3393 1078 3430 nam
1103 3378 1399 3448 fragmenta
1436 3380 1534 3432 illa
1571 3381 1626 3434 in
1657 3381 1825 3434 libros
1855 3380 2062 3450 Regum
2105 3389 2155 3434 et
2203 3381 2258 3434 in
2309 3381 2642 3445 Matthaeum,
2671 3397 2774 3433 non
2795 3396 2858 3433 ex
2892 3381 3150 3451 peculiari
3193 3383 3420 3451 quodam
3461 3400 3605 3436 com-

358 3469 614 3521 mentario
639 3469 691 3521 in
725 3469 875 3522 hosce
903 3469 1086 3532 libros,
1104 3473 1193 3525 sed
1218 3488 1282 3525 ex
1304 3473 1426 3526 aliis
1449 3491 1564 3543 qua:
1578 3473 1694 3543 jam
1720 3483 1928 3527 exstant
1950 3473 2229 3526 Athanasii
2254 3472 2492 3542 operibus
2519 3472 2752 3525 maxima
2771 3487 2892 3540 pars
2909 3475 3168 3541 exscripta
3189 3475 3350 3540 luere,
3375 3483 3432 3525 ut
3461 3474 3606 3542 inim

355 3571 645 3622 monemus,
676 3567 725 3611 et
751 3562 1074 3628 experientia
1110 3567 1578 3631 comprobavimus.
1617 3565 1985 3634 Expositiones
2013 3577 2190 3619 autem
2220 3565 2274 3618 in
2309 3564 2556 3620 Psalmos
2583 3563 2774 3617 eadem
2807 3572 3061 3632 putantur
3087 3579 3197 3618 esse
3227 3580 3345 3633 qua:
3373 3574 3602 3620 nostris:

354 3653 593 3720 tynopsis
620 3669 758 3719 vero,
791 3669 881 3707 seu
907 3656 1270 3726 interpretatio
1314 3659 1409 3712 illa
1438 3676 1619 3713 uocum
1648 3659 2031 3733 Heb'raicarum
2071 3677 2187 3731 qua:
2228 3661 2283 3713 in
2327 3658 2742 3730 expositionibus
2773 3658 3054 3711 Athanasii
3093 3669 3301 3712 exstant
3326 3669 3382 3712 ut
3422 3660 3498 3712 vel
3537 3675 3604 3713 ex

353 3744 616 3814 prioribus
657 3746 824 3800 verbis
857 3750 1229 3803 aestimandum
1266 3751 1599 3822 relinquitur,
1635 3755 1790 3808 nihili
1816 3764 1910 3808 est.
1955 3753 2031 3808 De
2062 3753 2276 3823 reliquis
2310 3755 2356 3805 si
2390 3753 2600 3822 quando
2627 3752 2792 3805 lucem
2831 3754 3058 3806 viderint
3079 3753 3343 3822 judicium
3377 3753 3595 3820 feretur-

424 3834 557 3889 Vlll.
577 3837 658 3890 Ad
689 3839 889 3893 codices
912 3838 1028 3908 jam
1046 3843 1311 3896 veniamus
1335 3843 1473 3898 unde
1495 3844 1588 3898 has
1613 3845 1893 3898 Athanasii
1914 3844 2262 3913 expositiones
2290 3845 2519 3896 mutuati
2545 3859 2725 3895 sumus
2751 3859 2768 3895 :
2801 3852 2904 3897 tres
2931 3843 3078 3917 Regii
3110 3855 3252 3906 sunt,
3279 3841 3416 3896 1807
3443 3845 3602 3897 nimi-

353 3943 492 3992 rum,
518 3945 667 3999 quem
699 3929 917 4000 Regium
951 3932 1178 3999 primunt
1220 3947 1486 3996 vocamus,
1515 3930 1640 4002 Reg.
1673 3948 1790 3985 uero
1819 3931 1873 3995 2,
1909 3931 2069 3995 1878,
2098 3929 2224 4001 Reg.
2251 3931 2304 3996 5,
2334 3930 2493 3984 i879.
2532 3929 2723 4000 Regius
2763 3933 2966 3999 primus
2997 3941 3074 3985 est
3116 3940 3300 3985 catena
3335 3933 3600 4002 antiquis-

353 4025 489 4079 sima
526 4029 590 4078 ab
630 4029 782 4080 annis
827 4026 945 4094 plus
982 4028 1320 4096 septingentis
1352 4036 1624 4093 exaratus,
1668 4029 1816 4081 bona:
1859 4038 2016 4081 noue.
2047 4025 2446 4080 Incommodum
2481 4037 2652 4080 tamen
2677 4026 2889 4092 accidit,
2920 4038 2977 4082 ut
3019 4029 3233 4083 nomina
3278 4031 3598 4098 scriptorum

356 4121 691 4176 amanuensis
735 4137 962 4190 perswpe
1010 4131 1225 4176 taceret.
1271 4120 1545 4176 Secundus
1579 4121 1702 4192 Reg.
1747 4123 1946 4192 egregie
1976 4122 2269 4191 descriptus
2303 4131 2352 4176 et
2381 4122 2524 4192 paris
2552 4124 2912 4193 antiquitatis,
2943 4125 3117 4177 minus
3151 4133 3323 4176 tamen
3351 4135 3597 4179 accurate

350 4227 602 4272 exaratus
641 4219 856 4272 nomina
902 4227 1076 4272 tamen
1097 4219 1374 4288 diligenter
1403 4218 1640 4273 ascribit.
1670 4217 1899 4283 Tertius,
1927 4219 2016 4288 qui
2047 4219 2272 4272 mediam
2288 4218 2500 4272 secundi
2527 4229 2727 4286 partem
2757 4220 3138 4289 complectitur,
3168 4235 3340 4272 recens
3365 4229 3440 4272 est
3462 4229 3512 4272 et
3531 4236 3596 4273 ex

353 4315 578 4368 secundo
602 4317 920 4385 exscriptus,
945 4316 1159 4385 ideoque
1182 4332 1285 4368 non
1309 4317 1442 4368 tanti
1465 4332 1612 4368 usus.
1639 4314 1763 4369 Tres
1790 4317 1912 4370 item
1938 4315 2086 4372 Colb.
2106 4326 2249 4381 sunt,
2269 4315 2428 4382 4445,
2453 4333 2603 4386 quem
2626 4317 2856 4382 primum
2878 4314 3025 4370 Colb.
3044 4315 3290 4381 dicimus,
3309 4314 3596 4368 secundum

353 4422 470 4460 vero
495 4407 670 4473 M82;
705 4412 916 4462 tertium
948 4411 1001 4463 in
1039 4411 1172 4463 duas
1213 4419 1389 4479 partes
1420 4411 1667 4474 divisum,
1696 4428 1920 4482 quarum
1954 4413 2127 4482 prima
2163 4429 2433 4466 numerum
2463 4413 2655 4466 obtinet
2681 4412 2840 4472 4680.
2869 4412 3098 4465 secunda
3131 4429 3248 4466 vero
3275 4409 3438 4465 4681.
3469 4411 3567 4468 Col

351 4497 581 4552 bertinus
612 4510 806 4560 autem.
829 4516 979 4570 quem
1003 4503 1232 4570 primum
1262 4501 1510 4563 dicimus,
1539 4500 1730 4554 librum
1758 4502 1826 4555 ad
1857 4501 2229 4555 Marcellinum
2271 4499 2347 4555 De
2371 4501 2815 4569 interpretatione
2836 4491 3418 4557 Psalmorum’tantum
3442 4504 3593 4556 exhi-

353 4591 454 4645 bet.
483 4589 754 4645 Secundus
781 4593 1062 4646 Athanasii
1088 4603 1136 4646 et
1173 4592 1479 4646 Theodoreti
1510 4593 1857 4661 expositiones
1895 4593 1948 4645 in
1979 4593 2245 4658 Psalmos,
2272 4601 2448 4661 estque
2478 4591 2596 4660 plus
2630 4592 2732 4645 700
2759 4609 3017 4647 annorum
3047 4597 3282 4673 {tertius
3306 4595 3592 4663 expositio-

351 4700 439 4745 nes
466 4688 588 4740 item
614 4685 898 4741 Athanasii
927 4705 1045 4741 cum
1073 4687 1337 4743 nonnullis
1367 4697 1676 4743 caaterorum
1708 4688 1957 4752 Patrum,
1988 4689 2072 4741 hic
2104 4689 2306 4742 mendis
2331 4697 2514 4754 scatet,
2543 4690 2946 4758 quingentorum
2967 4691 3176 4743 circiter
3203 4707 3483 4746 annorum.

417 4774 625 4838 Harum
652 4780 1034 4849 expositionum
1058 4781 1350 4851 fragmenta
1377 4787 1620 4854 quaedam
1644 4801 1677 4838 a
1709 4783 1926 4838 Daniele
1952 4783 2210 4847 Barbara,
2240 4784 2328 4852 qui
2363 4794 2542 4852 postea
2588 4785 2893 4851 patriarcha
2920 4784 3266 4854 Aquileiensis
3295 4785 3418 4852 fuit,
3446 4785 3589 4839 edita

347 4870 558 4936 fuerunt
600 4872 655 4925 in
699 4882 884 4926 catena
919 4871 1146 4926 Patrum
1189 4874 1489 4931 Graecorum
1513 4877 1565 4931 in
1596 4876 1866 4940 Psalmos,
1907 4876 2132 4931 Venetiis
2177 4895 2304 4930 cusa
2327 4895 2465 4931 anno
2494 4877 2654 4940 1569,
2688 4879 2778 4932 ubi
2813 4878 2881 4932 ad
2909 4879 3396 4948 quinquagesimum
3427 4896 3588 4950 usque

344 4967 604 5034 psalmum
633 4969 895 5022 duntaxat
922 4973 1270 5040 expositiones
1301 4975 1587 5029 ducuntur.
1615 4973 1682 5026 Et
1709 4975 2010 5028 accuratior
2037 4973 2243 5042 quidem
2271 4975 2325 5026 in
2354 4974 2533 5027 multis
2559 4985 2635 5026 est
2660 4972 3002 5031 Curderiana.
3030 4975 3167 5028 Hinc
3192 4993 3330 5030 anno
3355 4976 3487 5030 1601
3520 4990 3585 5030 ex

343 5075 532 5126 catena
559 5065 1102 5123 Niceta’Heracleotaz
1133 5067 1517 5128 Felckmannus
1563 5080 1807 5139 excerpta
1849 5071 2096 5141 quaedam
2137 5071 2303 5124 edidit
2330 5071 2680 5123 Athanasium
2726 5075 3038 5140 spectantia.
3082 5071 3356 5126 Postremo
3391 5073 3587 5128 Corde-

345 5162 454 5214 rius
480 5177 618 5215 anno
651 5161 788 5216 1645
815 5162 1160 5232 prolixiorem
1201 5175 1438 5228 catenam
1470 5165 1697 5220 Patrum
1729 5166 2034 5221 Grazcorum
2078 5165 2132 5219 in
2173 5174 2348 5218 totum
2388 5163 2712 5219 Psalterium
2745 5165 2930 5230 edidit,
2963 5165 3131 5220 tribus
3165 5167 3320 5220 tomis
3352 5183 3586 5235 compre-

341 5259 574 5322 hensam,
608 5257 663 5313 in
687 5276 789 5330 qua
817 5261 949 5315 ntevi
970 5278 1074 5314 non
1103 5265 1258 5332 pauci
1283 5272 1582 5318 occurrunt.
1611 5262 1802 5328 Nobile
1830 5273 2004 5317 autem
2029 5274 2104 5318 est
2128 5263 2260 5316 illud
2286 5271 2520 5316 erratum
2551 5263 2688 5332 quod
2715 5261 3057 5332 expositiones
3083 5259 3339 5314 Theodori
3360 5270 3407 5314 et
3427 5260 3586 5314 Theo-

339 5349 508 5410 doreti
535 5349 834 5411 Athanasio
858 5352 1109 5406 ascribat.
1153 5350 1219 5405 Et
1251 5354 1482 5423 quidem,
1504 5363 1559 5406 ut
1581 5371 1924 5424 augurantur,
1953 5353 2275 5422 ha'c.lapsus
2307 5370 2466 5406 causa
2507 5355 2650 5423 fuit:
2684 5357 3036 5408 Amanuenses
3071 5351 3159 5404 ubi
3195 5354 3249 5406 in
3284 5354 3481 5406 catenis
3513 5354 3582 5406 ad

340 5441 627 5508 marginem
664 5442 875 5494 nomina
917 5443 1232 5511 scriptorum
1265 5453 1470 5509 notant,
1504 5445 1782 5498 Athanasii
1820 5461 2004 5504 nomen
2037 5444 2272 5498 indicant
2315 5461 2405 5514 per
2433 5445 2665 5499 litteram
2689 5447 2752 5513 A,
2777 5449 2862 5500 cui
2891 5461 3182 5518 sequentem
3214 5449 3269 5501 in
3303 5448 3582 5502 Athanasii

339 5533 566 5596 neruine,
591 5533 634 5586 Θ
667 5535 868 5589 scilicet
891 5537 1185 5606 imponunt.
1227 5537 1325 5592 Ubi
1356 5550 1528 5593 autem
1563 5540 1821 5594 Theodori
1850 5541 2001 5594 lectio
2023 5551 2118 5606 est,
2145 5542 2369 5610 primam
2398 5543 2646 5596 similiter
2665 5542 2706 5595 Θ
2727 5543 3046 5608 describunt,
3072 5546 3155 5598 cui
3177 5546 3409 5598 litteram
3434 5546 3471 5598 Δ
3493 5544 3583 5598 de-

341 5645 493 5695 super
515 5631 784 5699 scribunt;
815 5633 926 5686 haec
960 5645 1136 5688 autem
1161 5636 1338 5690 littera
1365 5643 1418 5690 in
1437 5637 1703 5691 codicibus
1732 5640 1968 5706 proxime
1994 5639 2062 5692 ad
2089 5624 2320 5693 litteram
2348 5638 2392 5693 Α
2417 5639 2638 5702 accedit,
2675 5637 2762 5693 ubi.
2796 5639 2956 5710 igitur
2987 5640 3117 5694 vidit
3155 5639 3220 5706 A,
3251 5648 3306 5692 ut
3335 5637 3578 5708 putabat,

336 5727 575 5792 superius
636 5728 678 5782 Θ
713 5744 827 5785 vero
855 5729 1077 5803 inferius
1109 5731 1350 5800 describi,
1391 5735 1734 5792 Athanasium
1763 5734 1843 5814 Itis
1873 5735 2160 5808 signiﬁcari
2197 5735 2488 5792 arbitratus
2519 5749 2616 5795 est.
