3874 6218
199 361 272 420 εδ.
1081 339 1672 424 assensurum-ns
1711 367 2044 424 PSALMOS.
2084 400 2156 414 -
2178 370 2519 430 nomon.
3347 379 3418 436 st

263 475 346 531 IX.
375 476 470 532 Ha
496 484 671 530 autem
703 476 1050 546 expositiones
1075 481 1258 536 multis
1289 484 1343 536 in
1370 484 1498 537 locis
1521 485 1791 551 deﬁciunt,
1823 486 1950 555 quia
1980 484 2182 545 scilicet
2203 503 2543 543 amanuenses
2567 505 2670 542 non
2696 492 2874 546 omnia
2901 493 3306 563 descripserunt,
3326 500 3417 550 sed

196 569 432 639 pauciora
462 566 754 621 attulerunt
781 585 939 638 quam
962 571 1154 638 ferrent
1196 574 1479 629 Athanasii
1506 576 1728 631 codices.
1763 576 1903 630 Raro
1936 579 2102 630 evenit
2139 586 2198 631 ut
2242 581 2530 650 peregrina:
2557 582 3008 654 interpretationes
3038 603 3219 642 nomen
3252 587 3418 641 Atha-

197 660 326 712 nasii
350 659 651 727 praeferant,
682 660 737 712 id
766 662 940 729 quoad
972 661 1199 731 facultas
1227 667 1346 718 tulit
1373 670 1442 720 ad
1476 670 1764 738 marginem
1788 671 2105 722 notavimus.
2133 668 2204 723 Et
2235 687 2359 726 sane
2391 673 2646 742 perfacile
2676 681 2751 726 est
2781 673 2837 724 in
2865 672 3004 725 hisce
3032 671 3228 741 stylum
3251 672 3418 725 Atha-

196 755 320 807 nasii
345 756 707 820 internoscere,
744 765 856 809 tum
885 759 1009 826 quia
1047 760 1102 811 in
1135 772 1436 831 argumento
1479 765 1780 834 plerumque
1809 781 1902 818 ceu
1931 768 2179 834 synopsin
2215 767 2496 836 quamdam
2538 769 2697 821 totius
2725 765 2916 836 psalmi
2956 765 3016 820 ob
3044 766 3221 820 oculos
3248 768 3418 836 ponit,

194 859 236 899 et
267 847 460 915 quidem
510 863 634 900 mox
669 849 949 917 afferenda:
981 853 1404 922 interpretationi
1451 858 1674 926 affinem,
1699 866 1756 910 ut
1790 858 1885 910 hac
1918 866 2113 911 tessera
2149 859 2305 928 facile
2341 860 2411 913 sit
2444 877 2562 914 vera
2587 877 2618 913 a
2643 859 2798 929 falsis
2823 873 3120 922 secernere;
3155 868 3266 911 tum
3292 858 3419 926 quia

197 952 294 994 tam
325 945 645 1012 perspicuus,
683 956 792 998 tam
829 948 992 1002 brevis
1022 961 1173 1020 atque
1204 969 1412 1020 pressus
1435 955 1488 1006 in
1529 954 1666 1007 hisce
1696 965 1769 1007 est
1795 954 2136 1018 Athanasius,
2164 963 2221 1007 ut
2251 955 2348 1007 hac
2376 956 2499 1008 item
2529 957 2582 1008 in
2607 963 2756 1024 parte
2780 970 2809 1006 a
2841 954 3042 1006 exteris
3077 951 3287 1021 perinde
3309 952 3420 1003 dis-

195 1043 351 1109 tingui
377 1045 558 1112 possit.
590 1041 657 1096 In
688 1043 828 1096 hisce
857 1054 1032 1097 autem
1062 1044 1215 1113 vulgo
1269 1047 1579 1098 sententiam
1604 1048 1834 1114 exponit,
1884 1057 1942 1102 ut
1990 1059 2174 1103 vocant
2199 1050 2649 1117 spiritualem,ita
2669 1059 2726 1102 ut
2750 1046 2967 1100 Nicetas
3007 1049 3060 1099 in
3099 1055 3284 1098 catena
3321 1060 3418 1096 sua

198 1137 560 1192 Theodoretum
588 1157 683 1208 pro
714 1140 956 1206 litterati,
991 1139 1342 1194 Athanasium
1371 1141 1476 1210 fere
1499 1159 1596 1210 pro
1626 1144 1888 1211 spirituali
1922 1146 2132 1214 afferat.
2159 1145 2256 1200 Est
2289 1156 2460 1200 tamen
2483 1145 2624 1199 haud
2651 1163 2773 1200 raro
2798 1163 2914 1200 cum
2951 1144 3183 1198 litteram
3208 1143 3419 1212 attingit

191 1239 237 1282 et
259 1229 457 1299 quidem
486 1232 775 1285 rectissime
804 1233 872 1284 ad
911 1248 1124 1300 scopum
1156 1231 1452 1302 Prophette,
1481 1244 1537 1288 ut
1568 1253 1716 1290 nemo
1742 1253 1842 1289 non
1868 1241 2223 1292 testimaturus
2247 1248 2345 1294 est.
2370 1239 2691 1309 Argumenta
2713 1238 3032 1309 psalmorum
3057 1236 3274 1289 maximi
3295 1251 3421 1289 sane

191 1325 335 1392 pretii
378 1335 519 1390 sunt,
552 1326 640 1379 ubi
683 1327 966 1381 litteralem
997 1328 1158 1380 etiam
1205 1345 1341 1398 stupe
1381 1338 1600 1382 mentem
1654 1331 1886 1398 apprime
1915 1339 1963 1383 et
1995 1340 2146 1384 acute
2185 1332 2354 1400 tangit
2398 1341 2677 1402 antequam
2706 1330 2774 1382 ad
2820 1326 3151 1398 spiritualem
3183 1325 3419 1379 accedat.

195 1417 368 1473 Hultce
386 1420 471 1474 hic
495 1420 739 1474 lectiones
769 1422 972 1491 Aquila!
999 1433 1048 1476 et
1079 1423 1381 1492 Symmachi
1409 1435 1619 1478 exstant
1648 1425 1898 1479 hactenus
1926 1425 2270 1480 inobservata:
2295 1443 2326 1479 a
2357 1425 2550 1479 Drusio
2582 1435 2627 1479 et
2656 1425 2800 1479 aliis.

257 1513 345 1568 Est
395 1516 540 1569 locus
581 1518 770 1584 psalmi
797 1533 963 1583 vau,
990 1535 1140 1588 quem
1169 1523 1396 1574 alienum
1437 1523 1762 1576 cestimamus
1806 1531 1854 1576 et
1898 1534 2242 1577 commentum
2280 1523 2402 1584 olet,
2441 1522 2575 1576 illud
2605 1522 2802 1575 scilicet
2833 1520 2896 1572 de
2921 1515 3420 1571 calamoadversum

191 1607 271 1662 εἰ.
289 1610 406 1662 Alia
428 1610 658 1679 fortasse
674 1612 927 1665 nonnulla
945 1628 1046 1665 non
1071 1611 1341 1664 observata
1363 1630 1393 1665 a
1415 1614 1558 1666 nobis
1573 1613 1899 1683 fuerintque:
1919 1613 2124 1668 erudito
2142 1613 2324 1668 lectori
2341 1611 2628 1682 supplenda
2645 1609 3043 1664 demandamus.
3061 1605 3210 1660 Psal.
3231 1621 3420 1668 Lxmt,

189 1718 234 1755 v.
270 1703 352 1770 l7,
376 1704 580 1758 dicitur
608 1705 785 1760 Filius
813 1724 930 1774 cum
959 1707 1174 1761 Patrem
1202 1707 1283 1760 his
1317 1710 1484 1762 verbis
1520 1711 1925 1778 deprecaretur:
1950 1709 2215 1765 Transeat
2248 1725 2279 1763 a
2315 1724 2401 1762 me
2443 1708 2584 1762 calix
2623 1706 2743 1772 iste,
2781 1721 2885 1760 non
2915 1705 2969 1758 in
2995 1702 3283 1773 hypocrisi,
3319 1717 3422 1753 non

188 1801 242 1844 ut
267 1792 523 1848 Satanam
551 1798 799 1851 inescaret
831 1815 893 1852 ac
923 1799 1203 1868 deciperet,
1238 1815 1343 1852 non
1374 1801 1512 1867 quod
1543 1801 1724 1854 mundi
1757 1801 2074 1855 voluntatem
2102 1811 2159 1855 ut
2183 1802 2449 1870 propriam
2481 1800 2707 1868 efferret,
2733 1801 2810 1853 ita
2832 1799 3061 1852 locutum
3089 1797 3268 1867 fuisse.
3291 1795 3426 1860 Qui-

193 1900 276 1938 ;us
302 1896 478 1954 aperte
507 1898 759 1959 repugnat
787 1889 1066 1956 explicatio
1103 1907 1218 1960 qum
1243 1899 1415 1944 exstat
1451 1893 1503 1944 in
1543 1892 1677 1945 libro
1713 1892 1786 1946 De
1812 1893 2063 1962 passione
2093 1893 2306 1947 Domini
2349 1903 2474 1946 tom.
2505 1891 2594 1956 IV,
2620 1908 2770 1961 quem
2810 1892 2948 1945 inter
2993 1899 3254 1959 suspectos
3281 1888 3422 1942 haud

186 1976 376 2044 injuria
405 1978 782 2049 ablegavimus.
813 1979 1032 2049 Argum.
1066 1981 1257 2049 psalmi
1281 1998 1386 2036 Lxx
1415 1985 1643 2052 primum
1691 1985 1784 2039 sub
1829 1983 2077 2039 Romanis
2113 1983 2562 2054 Jerosolymorum
2589 1983 2849 2038 excidium
2890 1991 3162 2046 memorat,
3185 1982 3310 2051 quia
3339 1997 3424 2035 se-

184 2074 402 2126 cundum
432 2075 564 2128 item
589 2092 619 2128 a
642 2075 891 2129 Romanis
922 2075 1129 2130 illatum
1154 2077 1255 2146 fuit
1285 2077 1377 2130 sub
1404 2079 1660 2133 Adriano.
1698 2079 1827 2134 Hazc
1849 2081 1912 2134 de
1937 2079 2348 2150 expositionibus
2379 2080 2429 2132 in
2462 2077 2708 2132 Psalmos
2732 2079 2863 2132 satis
2891 2085 3068 2131 sunto.

249 2162 551 2218 Secundum
581 2165 715 2218 hanc
735 2166 1083 2234 conscriptam
1115 2166 1523 2222 admonitionem
1551 2169 1758 2223 litteras
1787 2171 1963 2236 accepi
1991 2169 2060 2221 cl.
2096 2167 2155 2222 V.
2173 2168 2393 2222 Antonii
2421 2167 2727 2232 Muratorii,
2751 2167 2841 2237 qui
2871 2182 3029 2218 manu
3056 2163 3272 2238 propria
3297 2164 3425 2220 mihi

183 2276 238 2313 ea
268 2261 547 2329 exscripsit
579 2261 635 2314 in
662 2250 937 2314 laudatum
962 2265 1393 2317 commentarium
1417 2264 1473 2318 in
1506 2264 1793 2320 Canticum
1821 2263 2001 2319 Mariae
2026 2263 2232 2319 sororis
2260 2261 2425 2317 Mosis
2455 2262 2778 2331 paucissima
2816 2275 2942 2314 sane
2976 2267 3035 2312 ut
3063 2257 3225 2312 vides.

249 2348 328 2402 En
351 2349 524 2418 igitur
547 2350 927 2404 Commentarii
956 2355 1124 2406 nostri
1157 2354 1412 2422 specimen
1440 2355 1494 2408 in
1516 2354 1801 2411 Canticum
1825 2354 2252 2410 Deuteronomii.

247 2443 510 2514 Σημαίνει
537 2444 629 2496 καὶ
656 2445 790 2514 αὑτὴ
813 2444 909 2516 τὴν
947 2444 1214 2499 ἔκπτωσιν
1245 2445 1354 2499 τῶν
1381 2447 1642 2500 Ἰουδαίων
1681 2449 1772 2501 καὶ
1808 2448 1905 2518 τὴν
1935 2446 2240 2518 ἀγαθότητα
2279 2443 2372 2498 τοῦ
2401 2442 2555 2506 Θεοῦ,
2595 2444 2660 2521 ἢν
2692 2439 2956 2513 παρέσχεν
2979 2438 3180 2506 αὐτοῖς,
3211 2442 3303 2495 καὶ
3330 2442 3406 2514 τὴν

180 2537 477 2608 ιῐσαγωγὴν
510 2536 617 2590 τῶν
645 2537 834 2592 ἐθνῶν.

183 2627 432 2698 Πρόσεχε,
463 2626 689 2696 οὐρανὲ,
714 2628 807 2690 καὶ
831 2627 1066 2700 λαλήσω,
1098 2630 1211 2692 καί,
1239 2641 1334 2686 etc.

325 2720 476 2771 Ἐπεὶ
519 2719 665 2790 μέγα
686 2715 755 2790 ἦν
783 2719 843 2772 τὸ
874 2723 1225 2794 παράπτωμα
1259 2717 1563 2785 Ἰουδαίων,
1604 2722 1700 2773 καὶ
1732 2722 1788 2772 ἐν
1835 2721 2082 2790 οὐρανοῖς
2126 2718 2398 2790 μάρτυρες
2431 2719 2527 2789 οὐχ
2577 2717 2907 2790 εὑρίσκοντο,
2937 2721 3026 2775 τὸν
3059 2720 3307 2798 οὐρανὸν,
3339 2717 3432 2774 καὶ

317 2809 412 2879 τὴν
442 2810 549 2878 γῆν
571 2809 640 2862 τὰ
668 2809 879 2880 μεγάλα
908 2815 1144 2882 στοιχεῖα
1173 2813 1506 2884 μαρτύρεται
1535 2814 1562 2866 ὁ
1583 2811 1712 2876 Θεὸς
1733 2810 1821 2864 διὰ
1841 2811 1933 2863 τοῦ
1967 2811 2264 2880 προφήτου.

184 2928 598 2998 Προσῶκάσθω.

248 3020 418 3086 Πολὺς
451 3023 565 3094 γὰρ
592 3022 668 3086 ὡς
693 3023 868 3086 ὑετὸς,
900 3023 997 3076 καὶ
1025 3022 1314 3094 ὲπωφελὴς
1341 3027 1370 3076 ὀ
1389 3023 1545 3091 λόγος
1575 3022 1669 3076 τοῦ
1698 3024 1832 3077 Θεοῦ
1866 3027 2249 3096 κατεχόμενος.

185 3118 286 3170 Καὶ
307 3112 627 3190 καταϐήτω.

251 3214 404 3268 Μετὰ
433 3214 745 3287 πραότητος
781 3212 873 3264 καὶ
907 3211 1157 3281 ἡσυχίας,
1184 3211 1460 3264 τουτέστιν
1476 3210 1767 3283 ὼςδμϐρος
1793 3213 1878 3264 ἐπ’
1900 3214 2193 3285 ἄγρωστιν,
2225 3217 2322 3271 καὶ
2350 3216 2424 3281 ὡς
2459 3216 2689 3287 νιφετός.

189 3306 310 3363 Post
334 3311 466 3364 duos
497 3309 636 3362 alios
672 3306 956 3363 versiculos
986 3305 1231 3358 subditur
1253 3321 1271 3358 :
1307 3305 1510 3361 Desunt
1542 3307 1775 3376 reliqua,
1809 3317 1962 3379 atque
1987 3311 2071 3363 hic
2101 3311 2257 3380 ﬁnem
2279 3311 2628 3381 expositiones
2653 3291 3032 3368 Athanasiantz
3052 3312 3265 3366 habent.

253 3407 335 3461 Ex
361 3404 761 3460 Commentario
797 3412 970 3460 autem
1006 3411 1294 3458 memorato
1325 3403 1379 3456 in
1411 3400 1682 3469 Psalmos,
1712 3406 1911 3477 aliquot
1951 3408 2221 3468 clausulas
2254 3414 2582 3471 brevissimus
2623 3418 2817 3472 nostris
2845 3425 2926 3470 sat
2969 3413 3250 3470 dissimiles
3292 3411 3433 3464 misit

189 3493 426 3555 laudatus
462 3501 566 3564 vir,
598 3500 676 3553 ita
710 3509 767 3552 ut
798 3498 1066 3552 brevitatis
1089 3513 1251 3550 causa
1273 3512 1376 3550 non
1397 3497 1561 3566 possit
1581 3497 1849 3566 judicium
1881 3503 2009 3571 ferri
2031 3507 2288 3562 ewdemne
2308 3508 2413 3563 sint
2438 3509 2547 3564 illa:
2572 3526 2635 3566 ac
2659 3511 3004 3580 expositiones
3029 3517 3240 3563 nostra.
3264 3503 3433 3570 Quid-

187 3597 304 3665 quid
343 3599 561 3652 tandem
589 3597 679 3662 sit,
706 3611 822 3648 cum
847 3595 1136 3664 swpissime
1167 3603 1362 3648 nostra
1387 3595 1452 3647 ab
1486 3599 1787 3653 auctoribus
1816 3599 2102 3659 laudentur
2125 3604 2406 3668 Athanasii
2430 3608 2659 3675 nomine,
2692 3608 2811 3662 hinc
2835 3608 3134 3678 conficitur,
3157 3605 3300 3674 ipsas
3330 3617 3434 3657 non

189 3707 299 3747 sero
319 3694 456 3750 alias
485 3709 602 3748 esse
630 3707 906 3762 germanas
929 3690 1211 3745 Athanasii
1237 3691 1606 3760 expositiones.

1467 4060 2166 4157 ADMONITIO

417 4264 493 4324 In
527 4263 995 4340 Argumentum
1026 4253 1358 4318 Athanasii
1387 4253 1457 4315 in
1489 4255 1893 4331 Psalterium,
1935 4262 1996 4318 et
2020 4257 2088 4318 in
2117 4253 2564 4335 supplementa
2592 4255 3053 4340 subsequentia
3083 4261 3194 4342 (a).

259 4583 445 4638 Prodit
490 4584 762 4654 egregium
804 4583 858 4637 in
903 4581 1147 4635 Psalmos
1197 4581 1577 4651 Argumentum
1622 4595 1687 4633 ex
1728 4578 1904 4632 codice
1934 4577 2259 4632 bibliotheca:
2309 4577 2676 4631 Ambrosianus
2704 4579 3094 4632 membranaceo
3127 4576 3185 4632 xi
3230 4579 3434 4649 steculi,

189 4680 395 4747 optima:
430 4691 574 4735 notae
605 4694 626 4734 .‘
656 4681 807 4748 cujus
835 4678 1043 4750 singula
1077 4677 1222 4732 dicta
1255 4677 1524 4748 judicium
1565 4677 1911 4746 peritiamque
1953 4675 2226 4744 scriptoris
2265 4682 2511 4744 arguunt.
2556 4671 2780 4728 Orditur
2831 4667 3004 4728 autem
3040 4674 3361 4731 Athanasius
3405 4695 3439 4730 a

190 4774 527 4832 Psalmorum
572 4778 780 4840 ordine,
827 4793 1048 4846 quorum
1081 4764 1461 4846 perturbatam
1508 4775 1697 4827 seriem
1737 4787 2079 4841 promanasse
2120 4778 2274 4840 putat
2317 4786 2380 4823 ex
2415 4767 2728 4824 Iudaeorum
2763 4770 2974 4824 incuria
3017 4781 3065 4825 et
3101 4771 3435 4842 negligentia.

191 4868 430 4926 Paternis
472 4874 670 4942 quippe
700 4870 952 4940 despectis
984 4871 1206 4940 legibus,
1238 4872 1626 4941 inclinanteque
1653 4869 1722 4922 ad
1749 4867 2157 4922 simulacrorum
2188 4866 2388 4920 cultum
2411 4867 2607 4932 animo,
2645 4865 2806 4919 libros
2841 4882 2904 4919 ac
2944 4868 3223 4936 scriptores
3251 4868 3440 4936 prisca

188 4968 457 5038 religionis
501 4969 812 5037 interpretes
852 4968 1341 5038 pessumdederunt,
1386 4968 1464 5019 ita
1495 4977 1549 5020 ut
1583 4965 1738 5018 multi
1766 4965 1886 5017 hinc
1916 4964 2038 5018 inde
2063 4963 2309 5017 distracti
2344 4979 2405 5015 ac
2435 4969 2688 5016 vetustate
2727 4978 2852 5031 pene
2886 4961 3059 5016 obruti
3088 4963 3216 5030 sint,
3247 4978 3439 5032 magna

187 5076 308 5126 pars
338 5061 504 5114 etiam
537 5075 760 5129 prorsus
792 5060 1106 5113 interierint.
1135 5056 1243 5112 Sub
1275 5058 1384 5111 hinc
1421 5072 1597 5110 autem
1637 5072 1753 5108 cum
1781 5056 1838 5108 in
1882 5069 2087 5123 poenam
2112 5053 2389 5118 scelerum,
2418 5049 2600 5104 multis
2629 5052 2802 5105 attriti
2835 5052 3096 5118 cladibus,
3126 5055 3183 5106 in
3211 5051 3442 5122 Babylo-

188 5154 326 5206 niam
356 5156 623 5206 victorum
642 5152 801 5220 jussu
838 5152 1326 5222 transmigrassent,
1371 5149 1587 5220 quidam
1630 5149 1766 5201 inter
1797 5163 1883 5201 eos
1925 5145 2176 5215 propheta
2226 5160 2405 5198 sacros
2436 5142 2600 5197 libros
2632 5143 2911 5214 colligendi
2955 5159 3138 5197 curam
3173 5145 3397 5211 suscepit
3425 5159 3441 5196 :

187 5259 309 5312 quos
351 5245 446 5298 ille
475 5245 558 5297 uti
592 5260 702 5299 sese
737 5243 958 5308 dabant,
992 5253 1271 5314 partesque
1301 5243 1542 5313 singulas
1571 5242 1650 5294 uti
1671 5242 1840 5309 primo
1875 5240 2238 5302 occurrebant,
2269 5254 2362 5291 nec
2406 5239 2581 5292 nativo
2613 5237 2813 5305 ordine,
2847 5236 3083 5306 digessit.
3121 5235 3262 5288 Hinc
3287 5235 3447 5290 Psal-

187 5353 389 5392 morum
423 5340 525 5393 illa
570 5341 832 5408 confusio,
869 5341 991 5394 hinc
1037 5341 1190 5394 seriei
1235 5341 1559 5409 perturbatio
1608 5340 1798 5392 oritur.
1842 5336 1972 5392 Haec
2011 5353 2129 5390 vero
2177 5350 2241 5389 ex
2277 5334 2500 5391 Eusebio
2545 5344 2816 5389 mutuatus
2853 5334 3058 5387 videtur
3097 5332 3443 5397 Athanasius,

190 5433 334 5501 cujus
377 5435 546 5488 etiam
581 5436 736 5488 verba
763 5436 1067 5519 plerumque
1114 5435 1441 5488 transcribit.
1492 5434 1558 5488 In
1601 5436 1697 5488 hoc
1735 5445 1906 5490 tamen
1942 5434 2162 5504 paulum
2204 5434 2398 5500 variat,
2430 5432 2566 5503 quod
2610 5421 2973 5486 restaurandce
3005 5429 3298 5499 Scriptura:
3325 5424 3474 5525 ονε-ἐ

193 5539 325 5591 ram,
371 5542 538 5596 quam
579 5523 838 5580 Eusebius
869 5526 933 5580 ab
965 5511 1143 5579 Esdra
1174 5534 1471 5594 susceptam
1494 5527 1592 5591 ait,
1627 5527 1738 5596 ipse
1767 5526 1928 5580 alicui
1957 5524 2351 5594 prophetarum,
2384 5523 2529 5576 nullo
2550 5523 2820 5592 speciatim
2852 5528 3168 5584 memorato,
3194 5519 3448 5590 assignet.

252 5639 321 5699 (ο)
344 5639 463 5705 Haec
485 5643 605 5705 post
618 5638 890 5705 absolutam
913 5640 1178 5698 Maurinam
1208 5640 1479 5705 editionem
1519 5639 1704 5703 publici
1739 5641 1863 5701 juris
1904 5637 2021 5705 fecit
2045 5636 2523 5705 Montfauconiusdn
2547 5637 2688 5688 Nova
2717 5633 3010 5705 Bibliotheca
3037 5637 3258 5705 Patrum.
3287 5635 3451 5705 Argu-

194 5698 410 5750 mentum
433 5698 501 5750 in'
517 5702 808 5751 Psalterium
839 5715 951 5751 mox
974 5705 1224 5764 sequitur;
1247 5698 1595 5815 supplementa
1625 5698 1826 5754 veroTex
1861 5703 2028 5753 codice
2069 5699 2390 5752 Ambrosiano
2429 5700 2718 5761 deprompta
2755 5698 3085 5753 distinctionis
3127 5709 3271 5746 causa
3314 5698 3476 5751 uncis:

196 5765 521 5814 couclusimus
547 5769 603 5813 et
624 5765 770 5815 priori
792 5766 951 5815 textui
972 5766 1285 5815 inseruimus.
1333 5765 1441 5813 ‘mr.

196 5765 521 5814 couclusimus
547 5769 603 5813 et
624 5765 770 5826 priori
792 5766 951 5816 textui
972 5766 1285 5817 inseruimus.
1309 5765 1441 5815 Eon.
