3874 6218
393 346 463 402 55
1229 337 1289 391 S.
1329 327 1704 389 ATHANASII
1743 326 1894 384 OPP.
1935 323 2115 380 PARS
2153 322 2240 378 Ill.
2282 351 2351 363 —-
2390 317 2800 374 EXEGETICA.
3557 307 3626 365 56

391 463 523 526 ante
557 458 620 515 de
657 458 994 523 Psalmorum
1039 453 1341 508 auctoribus
1370 461 1549 520 postea
1576 448 1846 510 dicuntur,
1893 453 2147 499 accurata
2186 459 2311 496 sane
2340 449 2388 494 et
2426 439 2629 494 erudite
2659 435 2949 506 proposita,
2997 447 3241 504 magnam
3269 430 3455 494 habent
3505 442 3627 480 cum

391 554 635 624 Origenis
670 551 941 622 opusculo,
972 567 1004 604 a
1037 550 1183 604 nobis
1230 546 1528 617 propediem
1552 543 1750 597 edendo
1784 541 1882 612 (a),
1921 541 2242 610 afﬁnitatem.
2290 539 2666 608 Argumentum
2697 550 2854 602 porro
2884 548 3038 586 suum
3068 529 3421 602 pulcherrima
3440 528 3629 624 adma-

389 617 587 699 nitibne
624 617 825 698 claudit
871 641 1194 695 Athanasius
1221 678 1237 705 ,
1282 638 1371 692 ubi
1418 653 1522 707 qua
1562 644 1729 688 mente
1762 631 1965 690 Psalmi
2002 633 2111 686 sint
2160 630 2392 700 legendi,
2437 636 2638 681 ascetas
2697 623 2987 693 alloquens,
3037 622 3136 675 etsi
3162 621 3376 689 paucis,
3427 617 3630 686 egregie

389 746 565 789 tamen
605 735 865 788 edisserit.

459 825 829 898 Supplementa
860 823 1266 894 Expositionum
1295 823 1350 876 in
1398 819 1663 885 Psalmos,
1699 835 1763 873 ea:
1806 816 1982 872 codice
2013 816 2057 870 Α
2085 816 2404 877 mbrosiano,
2431 813 2556 865 dum
2583 807 2871 864 Mediolani
2903 821 3192 898 ageremus,
3235 801 3628 898 exscripsimus.

389 892 587 990 Estque
631 919 792 972 codex
823 917 913 971 ille
946 892 1143 980 recens,
1172 916 1235 968 ab
1266 915 1560 985 antiquiore
1595 910 1917 966 Scorialensi
1958 909 2285 976 desumptus.
2331 904 2496 970 Nam,
2532 911 2589 956 ut
2636 902 2690 954 in
2731 899 3015 953 Athanasii
3045 897 3211 957 edito,
3246 910 3279 947 a
3309 893 3455 990 nobis
3485 892 3631 990 haud

387 1013 465 1066 ita
492 981 691 1082 pridem
717 1016 995 1074 adornato,
1030 1010 1328 1064 monuimus
1361 981 1568 1077 (supra,
1622 1005 1726 1060 col.
1768 1001 1892 1074 55),
1931 999 2300 1070 Expositiones
2327 997 2438 1050 illa:
2482 993 2788 1058 Athanasii,
2828 1007 2932 1044 non
2966 988 3206 1042 omnibus
3246 985 3355 1038 suis
3388 981 3631 1052 partibus

387 1115 436 1159 et
472 1107 703 1159 numeris
733 1105 988 1158 absoluta:
1015 1112 1158 1169 sunt,
1201 1103 1291 1157 sed
1319 1100 1718 1155 amanuensium
1745 1097 1962 1151 ausibus
1995 1097 2196 1165 passim
2231 1102 2491 1146 truncatas
2525 1099 2574 1143 et
2603 1091 2655 1141 in
2695 1085 3057 1156 compendium
3087 1082 3312 1136 redacta:
3344 1094 3361 1132 :
3387 1077 3633 1169 quaedam

388 1198 545 1251 etiam
582 1212 646 1250 ea:
670 1196 866 1249 catenis
894 1205 1081 1250 erutae.
1121 1192 1272 1247 Nihil
1299 1202 1494 1246 'moror
1524 1193 1832 1260 scriptorem
1873 1202 2150 1257 nuperum,
2179 1185 2268 1256 qui
2299 1181 2667 1252 Expositiones
2692 1178 2815 1232 illas
2848 1178 2904 1230 in
2928 1174 3168 1228 Psalmos
3202 1188 3302 1225 non
3326 1186 3434 1224 esse
3463 1168 3636 1220 Atha-

390 1289 526 1342 nasii
563 1304 860 1358 prtepopere
893 1288 1268 1357 pronuntiavit,
1313 1287 1402 1341 sed
1445 1284 1593 1338 nulla
1634 1284 1812 1337 oblata
1843 1281 2075 1352 negandi,
2120 1281 2346 1332 ratione.
2396 1275 2550 1329 Nihil
2618 1273 2710 1326 ille
2755 1271 2982 1335 curavit,
3019 1270 3122 1321 imo
3173 1267 3348 1336 potius
3378 1264 3630 1315 dissimu-

391 1382 537 1444 lavit,
561 1381 656 1434 hoc
679 1384 849 1450 operis
866 1382 1103 1436 omnibus
1143 1391 1261 1450 post
1286 1381 1642 1434 Athanasium
1685 1379 1915 1444 saeculis,
1953 1375 2231 1429 Athanasii
2260 1373 2487 1436 nomine,
2526 1369 2709 1423 allatis
2731 1369 3033 1438 plerumque
3055 1363 3183 1418 locis
3216 1373 3269 1415 ut
3305 1363 3358 1414 in
3383 1358 3632 1412 hodierno

392 1472 777 1527 Commentario
803 1483 1043 1537 ear-stant,
1086 1491 1119 1524 a
1166 1473 1424 1543 plerisque
1473 1471 1819 1541 scriptoribus
1858 1469 2146 1524 memorari
2177 1483 2195 1520 :
2227 1466 2360 1520 nihil
2395 1464 2549 1519 movit
2582 1463 2809 1532 affinitas
2846 1460 2999 1530 styli,
3045 1459 3294 1526 verbaque
3339 1451 3632 1523 frequentia

391 1571 740 1625 Athanasiani
771 1589 917 1636 usus,
950 1574 1079 1627 nihil
1112 1575 1350 1626 codicum
1384 1575 1519 1628 unde
1544 1574 1848 1644 prodierunt
1882 1581 2109 1627 vetustas
2139 1588 2156 1624 :
2186 1586 2304 1642 quae
2331 1585 2456 1623 sane
2489 1573 2736 1620 accurato
2763 1558 2987 1622 censori,
3014 1562 3291 1622 antequam
3319 1547 3632 1601 sententiam

393 1664 580 1732 ferret,
613 1668 749 1720 serio
781 1677 927 1721 erant
966 1668 1298 1721 excutienda.
1341 1665 1527 1720 Verum
1567 1665 1656 1719 ille
1718 1666 1896 1718 nasuti
1932 1681 1984 1718 se
2025 1664 2197 1716 critici
2224 1670 2400 1732 partes
2438 1660 2603 1729 egisse
2642 1652 2870 1724 putavit,
2931 1663 3069 1709 cum,
3127 1645 3289 1696 missa
3333 1641 3635 1732 important:
3692 1685 3702 1693 .

393 1757 489 1810 illa
523 1759 869 1828 investigandi
900 1768 947 1811 et
979 1759 1299 1829 disquirendi
1329 1776 1505 1829 opera,
1530 1759 1893 1811 incunctanter
1918 1729 2298 1825 pronuntiavit,
2328 1751 2446 1806 Non
2492 1758 2619 1805 sunt
2642 1741 2941 1800 Athanasii.
2979 1738 3078 1794 Cui
3105 1753 3196 1790 nos
3222 1733 3338 1804 pari
3371 1729 3636 1829 facilitate

395 1853 714 1920 reponimus,
745 1853 879 1907 Sunt
909 1854 1190 1908 Athanasii
1224 1873 1236 1906 :
1265 1871 1296 1906 a
1318 1871 1421 1923 qua
1444 1871 1497 1907 re
1526 1854 1692 1910 denuo
1717 1851 2102 1922 comprobanda
2127 1865 2218 1903 nos
2255 1846 2514 1910 exemisti,
2538 1843 2572 1896 d
2593 1858 2680 1896 um
2713 1838 2844 1892 nihil
2878 1836 3034 1904 affers
3068 1847 3168 1902 quo
3199 1837 3271 1881 tot
3305 1827 3627 1923 scripto-rum

396 1944 712 2007 testimonia,
743 1955 914 2014 totque
939 1946 1047 1998 alia
1085 1918 1435 2016 γνησιότητος
1461 1957 1766 2016 argumenta
1791 1918 2070 2000 convellas.
2112 1942 2280 1996 Nemo
2309 1955 2434 1994 sane
2472 1936 2620 1991 nobis
2658 1935 2832 1988 dicam
2868 1930 3144 1998 impingat,
3170 1922 3307 1993 quod
3332 1918 3634 2016 caua/fectu

395 2035 472 2090 vel
500 2037 850 2104 pra’judicata
883 2011 1120 2106 opinione
1156 2011 1339 2105 spuria
1377 2038 1452 2092 vel
1482 2011 1641 2092 dubia
1685 2054 1839 2106 opera
1868 2053 1960 2106 pro
1990 2033 2251 2105 germanis
2287 2041 2337 2085 et
2374 2029 2587 2083 assertis
2642 2026 2937 2078 dederimus
2971 2034 2987 2070 :
3017 2033 3138 2072 nam
3172 2030 3266 2083 pro
3295 2011 3456 2071 virili,
3481 2018 3528 2061 et
3563 2016 3622 2059 ut

304 2125 317 2138 ’
397 2133 534 2201 α’ςιιὶ
567 2133 702 2185 ratio
743 2134 1068 2200 postulabat,
1109 2134 1318 2197 νοθείας
1344 2135 1421 2188 vel
1462 2136 1815 2206 γνησιότητος
1843 2143 1963 2186 ποια

2076 2131 2318 2200 ιίὺαεᾳιιε
2355 2125 2706 2197 praemisimus
2731 2139 2747 2174 .·
2786 2137 2846 2174 ac
2877 2120 2998 2172 licet
3031 2115 3211 2181 cuique
3243 2108 3464 2162 liberum
3502 2121 3620 2159 sen-

399 2226 575 2280 tentia:
614 2227 887 2280 adversum
919 2245 1011 2281 nos
1040 2230 1266 2298 ferendtr
1313 2231 1593 2283 arbitrium
1622 2233 1891 2284 mittamus
1916 2271 1931 2296 ,
1972 2229 2016 2283 si
2050 2228 2166 2298 quis
2216 2236 2390 2278 tamen
2426 2223 2560 2276 hanc
2588 2218 2907 2290 provinciam
2940 2213 3114 2276 adeat,
3151 2206 3358 2261 nonnisi
3383 2202 3617 2256 excussis

398 2320 718 2388 argumentis
745 2330 794 2374 et
825 2325 984 2385 notis,
1014 2339 1143 2390 quas
1169 2340 1261 2392 pro
1290 2325 1544 2394 facultate
1582 2327 1892 2380 tractatibus
1931 2323 2156 2394 singulis
2200 2321 2586 2392 prtemisimus,
2613 2315 2813 2386 judicis
2856 2321 2904 2365 ει
2939 2308 3167 2363 censoris
3202 2305 3626 2394 Ρανίεξ-θείυξεί

468 2410 736 2466 Lectorem
766 2430 971 2469 monere
993 2415 1166 2484 juvat,
1211 2415 1660 2470 Commentarium
1699 2416 1863 2468 alium
1891 2414 2174 2467 Athanasii
2205 2413 2410 2464 nomine
2442 2409 2568 2478 ferri
2600 2409 2653 2458 in
2684 2401 2992 2457 bibliotheca
3025 2394 3331 2450 Justiniana
3366 2388 3616 2446 Venetiis,

398 2507 550 2576 inque
577 2506 924 2561 Ambrosiana
953 2508 1262 2573 Mediolani,
1299 2525 1514 2577 prorsus
1558 2509 1818 2561 diversum
1851 2506 1914 2558 ab
1950 2523 1966 2559 ε

2076 2523 2108 2567 ›,
2157 2505 2305 2573 cujus
2342 2503 2553 2555 initium
2584 2515 2601 2550 :
2628 2498 2692 2550 Ἡ
2731 2496 2828 2566 μὲν
2871 2490 3174 2564 προφητεία
3210 2484 3509 2556 πληροῦται
3551 2483 3632 2544 είς

396 2599 488 2651 τὸν
541 2598 736 2670 Ἰωσὴφ
760 2599 848 2652 τὸν
892 2600 1262 2669 Ἀριμαθαῖον.
1301 2576 1416 2653 νδειί
1461 2616 1578 2653 cum
1619 2617 1652 2652 a
1687 2598 1886 2650 nemine
1930 2613 1966 2649 Si

2076 2607 2246 2649 torum
2281 2599 2613 2655 memoretur,
2659 2586 2735 2640 vel
2785 2584 3000 2638 alterius
3035 2590 3209 2634 nostro
3240 2576 3446 2648 gentilis
3482 2588 3611 2642 opus

400 2691 576 2760 fuerit,
621 2690 696 2743 vel
734 2689 1086 2744 Athanasium
1115 2689 1267 2742 illum
1303 2706 1549 2760 magnum
1589 2691 1886 2742 ementitur.

470 2909 739 2964 SANCTI
845 2909 1267 2967 ATHANASII
1316 2912 1329 2928 '
1374 2911 1958 2970 ARCHIEPISCOPI

501 2978 1049 3048 ALEXANDRINI‘,
1077 2971 1595 3037 ARGUMENTUM
1627 2983 1717 3039 IN
1744 2983 1959 3040 PSAL-

505 3049 676 3105 M08.

471 3163 529 3220 ln
563 3165 827 3222 Hebraico
859 3167 999 3221 libro
1025 3165 1386 3232 Psalmorum,
1419 3169 1536 3223 sine
1567 3171 1779 3224 numeri
1807 3170 1961 3226 addi-

400 3260 550 3314 tione
594 3275 784 3314 omnes
833 3259 1026 3328 psalmi
1098 3259 1341 3328 inscripti
1381 3269 1542 3324 sunt,
1597 3269 1757 3330 atque
1797 3263 1964 3318 variis

404 3352 600 3406 modis.
654 3349 760 3404 Alii
811 3351 1028 3420 quidem
1076 3365 1181 3403 una
1226 3350 1423 3418 juncti,
1479 3351 1570 3404 alii
1625 3352 1782 3407 divisi
1816 3362 1960 3406 sunt.

406 3445 598 3499 Statim
620 3443 816 3514 quippe
855 3443 921 3497 ab
947 3441 1098 3496 initio
1117 3442 1321 3512 primus
1349 3451 1402 3496 et
1428 3444 1699 3499 secundus
1734 3444 1785 3497 in
1815 3453 1964 3497 textu

406 3536 669 3592 Hebraieo
710 3534 1061 3604 capulantur;
1099 3544 1284 3588 contra
1315 3549 1446 3588 vero
1469 3549 1665 3599 nonus,
1699 3535 1796 3604 qui
1823 3535 1966 3604 apud

406 3636 506 3684 nes
534 3629 854 3696 conjunctus
880 3636 981 3691 est,
1032 3626 1086 3680 in
1121 3625 1385 3682 Hebraico
1434 3636 1579 3682 textu
1610 3629 1866 3683 dividitur
1911 3629 1964 3682 in

406 3719 562 3774 duos.
611 3717 782 3772 Totus
824 3731 989 3786 porro
1035 3715 1375 3771 Psalmorum
1431 3717 1569 3772 liber
1618 3717 1672 3770 in
1726 3717 1967 3786 quinque

406 3818 588 3878 partes
619 3807 941 3863 distributus
975 3815 1073 3862 est.
1127 3805 1536 3861 Observandum
1566 3815 1648 3861 est
1670 3815 1846 3860 autem
1878 3820 1968 3859 or-

408 3901 588 3955 dinem
637 3899 966 3969 psalmorum
1029 3914 1371 3967 nequaquam
1409 3897 1648 3952 historia:
1676 3906 1728 3950 et
1757 3907 1967 3966 tempo-

410 4007 528 4046 rum
561 3993 757 4046 seriem
809 4001 861 4045 et
919 3992 1184 4044 rationem
1228 3999 1441 4053 tenere;
1483 4003 1664 4043 verum
1696 3989 1750 4042 in
1782 3989 1968 4044 multis

410 4084 605 4138 mutari
649 4092 948 4152 temporum
996 4083 1262 4145 ordinem,
1298 4089 1359 4135 ut
1411 4089 1804 4136 commonstrat
1836 4081 1969 4136 liber

410 4171 744 4243 Regnorum.
789 4173 925 4227 Cum
959 4173 1104 4227 enim
1145 4171 1406 4226 Judaicus
1434 4173 1668 4241 populus
1698 4173 1966 4227 idolorum

845 2909 1267 2980 ATHANASII
1316 2912 1329 2928 '
1374 2911 1958 2970 ARCHIEPISCOPI

2076 2917 2204 2971 ΤΟΥ
2225 2914 2447 2966 ΑΓΙΟΥ
2463 2909 2852 2980 ΑΘΑΝΑΣΙΟΥῘ

2129 2966 2541 3038 ΞΑΝΔΡΕΙΑΣ
2617 2976 2978 3034 ΥηοθεΣιΣ
3041 2969 3169 3024 ΕΙΣ
3233 2968 3410 3022 ΊῸΥΣ
3462 2966 3648 3018 urna-

2129 3056 2225 3108 MO
2238 3054 2345 3106 ΥΣ.

2144 3167 2231 3219 Ἐν
2258 3166 2324 3235 τῇ
2371 3162 2627 3232 Ἐὃραῖκῇ
2658 3159 2821 3230 βίϐλῳ
2846 3157 2953 3210 τῶν
2980 3153 3225 3224 Ψαλμῶν
3252 3153 3378 3206 ἄνευ
3412 3151 3508 3220 τῆς
3549 3147 3646 3201 τοῦ

2062 3253 2295 3327 ἀριθμοῦ
2325 3251 2638 3323 προσθήκης
2673 3247 3057 3319 ἀνεγράφησαν
3085 3245 3133 3296 οἱ
3170 3244 3368 3305 πάντες
3396 3241 3488 3298 καὶ
3525 3238 3647 3291 δια-

2063 3349 2242 3418 φόρως
2263 3361 2275 3374 ·
2317 3345 2366 3396 οἱ
2405 3343 2501 3413 μέν
2527 3344 2629 3394 εἰσι
2654 3338 3004 3409 συνημμένοι,
3030 3337 3078 3389 oi
3102 3335 3156 3388 δὲ
3179 3332 3513 3407 διῃρημένοι.
3539 3329 3650 3381 Αὑ-

2062 3440 2189 3493 τίκα
2219 3436 2347 3506 γοῦν
2383 3438 2411 3488 ὁ
2454 3435 2664 3505 πρῶτος
2689 3432 2781 3484 καὶ
2809 3433 2836 3483 ὁ
2863 3429 3112 3500 δεύτερος
3145 3427 3284 3480 κατὰ
3313 3426 3378 3478 τὸ
3428 3423 3646 3494 Ἐϐραῖ-

2065 3531 2158 3583 κὸν
2178 3525 2511 3598 συνημμένοι
2527 3543 2540 3555 ·
2579 3525 2670 3577 καὶ
2699 3523 2858 3576 πάλιν
2877 3525 2904 3574 ό
2925 3521 3128 3582 ἔνατος,
3151 3518 3488 3588 συνημμένος
3513 3514 3650 3587 παρ’

2065 3623 2218 3692 ἡμῖν,
2251 3621 2308 3673 ὲν
2335 3617 2413 3688 τῷ
2453 3615 2722 3688 Ἐϐραῖκῷ
2752 3615 2999 3685 διῄρηται
3055 3615 3134 3676 είς
3180 3611 3291 3664 δύο.
3356 3611 3463 3662 Καὶ
3495 3611 3649 3662 πᾶσα

2065 3713 2120 3764 δὲ
2155 3709 2319 3782 ἡτῶν
2351 3707 2596 3779 Ψαλμῶν
2630 3705 2807 3776 βίϐλος
2857 3707 2936 3767 είς
2987 3703 3128 3775 μέρη
3180 3703 3336 3755 πέντε
3371 3700 3646 3770 διῄρηται.

2067 3801 2489 3873 Παρατηρητέον
2521 3799 2612 3861 δὲ,
2647 3798 2729 3850 ὅτι
2765 3795 2837 3866 μὴ
2871 3795 3011 3848 κατὰ
3055 3793 3369 3846 ἀκολουθίαν
3405 3791 3512 3844 τῶν
3545 3791 3649 3860 τῆς

2070 3892 2310 3964 ἱστορίας
2326 3891 2530 3961 χρόνων
2554 3891 2586 3958 ὴ
2609 3887 2713 3940 τῶν
2728 3886 2972 3955 Ψαλμῶν
2996 3885 3275 3952 σύγκειται
3295 3883 3446 3948 τάξις
3467 3899 3478 3909 ⁸
3503 3881 3652 3951 ἐνήλ-

2067 3979 2263 4032 λακται
2297 3977 2353 4029 δὲ
2381 3976 2531 4048 παρὰ
2553 3975 2764 4036 πολλοῖς
2791 3977 2903 4036 τοῖς
2930 3974 3162 4044 χρόνοις,
3189 3973 3313 4042 ὠςὴ
3341 3971 3519 4041 βίϐλος
3541 3970 3652 4022 τῶν

2068 4069 2360 4122 Βασιλειῶν
2392 4067 2556 4138 δηλοῖ.
2618 4065 2825 4135 Πολλῆς
2857 4065 2966 4134 γὰρ
3005 4062 3444 4133 είδωλολατρείας
3483 4077 3654 4136 κατα-

2068 4157 2421 4230 κρατησὰσης
2448 4155 2540 4208 τοῦ
2571 4155 2679 4207 τῶν
2720 4153 2988 4208 Ἰουδαίων
3022 4152 3236 4217 ἔθνους,
3257 4150 3426 4222 λήθην
3455 4151 3656 4216 αὐτοὺς

413 4242 577 4319 cultui
595 4265 883 4319 admodum
904 4264 1150 4317 addictus
1174 4269 1336 4328 esset,
1357 4263 1409 4315 in
1431 4277 1698 4316 summam
1719 4273 1966 4332 paterna-

2076 4249 2396 4319 πεποιῆσθαι
2417 4247 2523 4304 τῶν
2544 4246 2822 4318 πατρικῶν
2842 4245 3094 4317 Γραφῶν,
3117 4245 3191 4307 ὡς
3215 4245 3344 4314 μηδὲ
3364 4242 3654 4312 φαίνεσθαι

413 4373 532 4411 rum
553 4356 957 4426 Scripturarum
980 4355 1306 4410 oblivionem
1335 4364 1617 4421 venerunt,
1637 4371 1808 4425 usque
1836 4355 1971 4410 adeo

415 4458 472 4502 nt
515 4463 583 4501 ne
611 4445 858 4501 Mosaicae
888 4445 1104 4515 quidem
1135 4445 1270 4515 legis
1302 4445 1438 4498 liber
1470 4454 1842 4514 compareret,
1874 4460 1973 4498 nec

413 4539 688 4608 quidpiam
707 4546 941 4607 paterna:
960 4534 1174 4605 pietatis
1193 4550 1356 4604 penes
1372 4535 1518 4604 ipsos
1531 4535 1790 4603 reliquum
1806 4543 1969 4589 esset.

413 4631 548 4683 (tum
568 4630 749 4698 itaque
765 4626 1490 4696 prophetasinteremissent,
1514 4626 1658 4695 quod
1679 4640 1863 4679 eorum
1881 4625 1975 4677 im-

415 4721 638 4787 pietates
665 4727 1039 4787 coarguerent,
1079 4734 1142 4772 ac
1165 4728 1448 4787 propterea
1487 4718 1539 4770 in
1565 4731 1762 4770 manus
1810 4716 1974 4786 Assy-

417 4813 620 4864 riorum
639 4810 841 4876 traditi,
863 4811 918 4863 i-n
939 4811 1301 4880 captivitatem
1333 4810 1547 4864 abducti
1573 4808 1838 4873 fuissent;
1867 4809 1969 4862 sub

414 4904 526 4956 haec
538 4903 756 4971 quidam
777 4902 1058 4972 propheta,
1079 4902 1169 4971 qui
1191 4899 1528 4971 Synagoaam
1547 4915 1734 4954 eorum
1756 4909 1974 4954 strenue

413 4996 666 5062 curabat,;
697 5011 821 5050 cum
855 4995 976 5050 aliis
1006 4993 1300 5064 Scripturis
1335 4995 1532 5048 librum
1573 5008 1790 5064 quoque
1820 4992 1972 5047 Psal-

415 5102 626 5140 morum
649 5085 864 5155 collegit
892 5101 906 5139 :
938 5102 1046 5140 non
1071 5084 1215 5155 quod
1260 5083 1422 5138 simul
1467 5098 1685 5152 unoque
1735 5092 1976 5152 tempore

413 5177 655 5244 psalmos
698 5193 886 5233 omnes
921 5177 1199 5248 repererit,
1232 5177 1323 5230 sed
1344 5175 1574 5229 diversis
1607 5175 1973 5244 temporibus;

414 5285 477 5324 ac
495 5271 696 5340 primos
715 5270 904 5326 ordine
920 5269 1206 5340 posuiteos
1221 5269 1312 5336 qui
1336 5267 1498 5336 primi
1514 5267 1710 5336 reperti
1730 5266 1971 5320 fuerant:

414 5378 525 5430 quo
573 5363 777 5417 factum
819 5373 904 5418 est
939 5372 1081 5416 utne
1117 5375 1306 5414 omnes
1340 5359 1560 5428 quidem
1614 5358 1786 5427 ipsius
1816 5357 1976 5410 Davi-

415 5453 499 5508 dis
533 5455 729 5523 psalmi
772 5455 963 5510 ordine
1001 5463 1293 5523 ponantur,
1324 5460 1485 5519 atque
1523 5450 1715 5519 psalmi
1743 5450 1973 5503 ﬁliorum

415 5541 574 5608 Core,
595 5552 649 5598 et
675 5544 856 5614 Asaph
888 5553 939 5598 et
966 5542 1292 5605 Salomonis,
1315 5540 1480 5595 Mosis
1497 5555 1732 5610 quoque,
1755 5538 1974 5599 Aitham

477 5703 552 5768 (α)
571 5705 696 5754 Vide
719 5709 835 5753 tom.
878 5707 959 5756 XV
981 5744 995 5770 ,
1053 5705 1184 5752 inter
1210 5703 1580 5764 Prolegomena.
1611 5701 1741 5750 Enn.
1768 5701 1920 5750 Pun.

2075 4341 2252 4410 βίϐλον
2279 4339 2374 4393 τοῦ
2401 4339 2644 4402 Μωσέως
2671 4338 2837 4408 νόμου
2861 4376 2876 4400 ,
2932 4337 3065 4407 μηδὲ
3101 4337 3206 4406 μὴν
3233 4337 3330 4406 τῆς
3352 4335 3458 4387 τῶν
3485 4335 3656 4388 πατέ-

2077 4449 2182 4502 ρων
2213 4431 2490 4494 εὐσεϐείας
2523 4449 2574 4482 τι
2611 4428 2876 4493 σώζεσθαι
2935 4429 3060 4498 παρ’
3101 4429 3302 4490 αὐτοῖς.
3361 4429 3488 4480 Ὅτε
3518 4426 3654 4495 γοῦν

2073 4523 2166 4575 καὶ
2191 4524 2315 4586 τοὺς
2349 4523 2632 4593 προφήτας
2663 4521 2898 4592 ἀνῄρουν
2915 4560 2930 4584 ,
2954 4520 3328 4590 διελέγχοντας
3356 4519 3530 4572 αὐτῶν
3552 4520 3655 4584 τὰς

2072 4611 2418 4675 δυσσεϐείας,
2471 4612 2564 4664 καὶ
2617 4611 2818 4663 τούτων
2869 4608 3032 4662 ἓνεκα
3079 4610 3139 4662 τὸ
3175 4609 3388 4680 πρῶτον
3421 4612 3485 4678 τῇ
3541 4608 3653 4660 τῶν

2086 4703 2382 4773 Ἀσσυρίων
2415 4700 2789 4772 παρεδόθησαν
2818 4701 3166 4773 αἰχμαλωσίᾳ
3185 4718 3197 4730 ·
3249 4700 3384 4771 μετὰ
3403 4700 3458 4752 δὲ
3483 4700 3656 4754 ταῦτά

2073 4814 2198 4850 τινα
2242 4795 2348 4848 τῶν
2398 4795 2726 4867 προφητῶν,
2782 4797 2910 4867 περὶ
2967 4795 3064 4864 τῆς
3112 4796 3426 4863 συναγωγῆς
3475 4795 3656 4848 αὐτῶν

2075 4887 2461 4952 ἐσπουδακότα,
2493 4888 2633 4958 μετά
2653 4905 2715 4956 γε
2735 4887 2844 4941 τῶν
2871 4886 3072 4941 λοιπῶν
3106 4889 3197 4940 καὶ
3215 4887 3312 4958 τὴν
3341 4886 3518 4958 βίόλον
3543 4888 3656 4941 τῶν

2075 4983 2319 5054 Ψαλμῶν
2371 4983 2796 5054 συναγηοχέναι·
2837 4983 2937 5034 οὐκ
2990 4979 3202 5050 ἁθρόως
3253 4957 3479 5051 εὑρόντα
3529 4981 3658 5044 τοὺς

2076 5076 2282 5138 πάντας
2303 5115 2316 5138 ,
2345 5075 2477 5130 ἀλλὰ
2508 5074 2650 5128 κατὰ
2681 5074 2969 5144 διαφόρους
2996 5074 3219 5143 χρόνους
3239 5089 3250 5100 ·
3300 5072 3658 5125 κατατάττειν

2075 5167 2130 5218 δὲ
2155 5169 2212 5216 ὲν
2235 5165 2473 5238 πρώτοις
2503 5166 2627 5228 τοὺς
2664 5163 2909 5236 πρώτους
2932 5165 3346 5234 εὑρισκομένους
3365 5181 3377 5193 ·
3409 5165 3490 5217 διὸ
3522 5163 3658 5234 μηδὲ

2073 5260 2167 5313 τοῦ
2199 5259 2358 5312 Δαυῖδ
2387 5258 2585 5328 ἐφεξῆς
2610 5256 2960 5310 εὑρίσκεσθαι
2992 5257 3117 5319 τοὺς
3143 5255 3369 5319 πάντας,
3400 5255 3456 5307 ὲν
3488 5254 3545 5306 δὲ
3580 5253 3660 5323 τῷ

2079 5355 2278 5427 μεταξὺ
2310 5356 2402 5407 καὶ
2431 5353 2537 5405 τῶν
2558 5351 2690 5404 υἱῶν
2717 5351 2882 5414 Κορὲ,
2912 5350 3006 5402 καὶ
3029 5349 3120 5401 τοῦ
3158 5348 3351 5416 Ἀσὰφ,
3380 5349 3473 5399 καὶ
3501 5347 3661 5398 Σολο-

2080 5447 2304 5518 μῶντος,
2336 5446 2430 5498 καὶ
2450 5443 2712 5507 Μωσέως,
2741 5442 2922 5512 Αίθάμ
2959 5458 3016 5494 τε
3050 5441 3142 5494 τοῦ
3180 5440 3532 5510 Ἰσραηλίτου,
3565 5439 3660 5493 καὶ

2077 5538 2252 5610 Αἰμὰν
2273 5579 2286 5604 ,
2318 5537 2409 5590 καὶ
2439 5535 2597 5591 πάλιν
2631 5534 2721 5588 τοῦ
2759 5532 2950 5597 Δαυῖδ,
2985 5530 3332 5604 εὑρίσκεσθαι
3369 5529 3569 5602 ἀναμὶξ
3597 5531 3658 5581 ἐν
