3874 6218
188 325 245 385 57

1255 314 1742 374 ARGUMENTUM
1785 314 1855 369 ΙΝ
1892 318 2230 378 PSALMOS.

3306 327 3375 384 58

189 449 241 517 τῇ
279 441 424 515 βίϐλῳ
458 437 814 506 τεταγμένους
838 453 850 465 ·
880 436 941 490 οὐ
975 435 1097 490 καθ’
1129 435 1220 499 οὒς
1255 435 1550 506 ἐλέχθησαν
1575 433 1704 505 χρό..
1735 482 1739 492 ι

1846 437 2086 502 sraelitae,
2120 439 2340 503 Eman,
2374 455 2702 512 rursumque
2719 440 2937 499 Davidis
2960 446 3259 513 permistim
3287 461 3388 516 po—

186 553 308 599 νους,
337 531 461 589 ἀλλά
495 531 611 584 καθ’
635 529 729 592 οὓς
760 528 1009 600 εὕραντο.
1065 529 1138 581 Τὸ
1177 528 1220 580 δ’
1246 528 1378 582 αὐτὸ
1403 528 1583 596 εὕροις
1620 543 1714 596 γε-

187 628 443 700 γενημένον
465 625 551 679 καὶ
580 626 636 677 ἐν
655 625 775 687 ταῖς
803 622 910 676 τῶν
938 621 1230 694 προφητῶν
1257 624 1602 692 περικοπαῖς.

247 809 366 870 Τοὺς
383 807 434 859 δὲ
463 805 595 876 μετὰ
621 803 713 857 τὸν
747 802 963 874 πρῶτον
986 802 1080 855 καὶ
1099 800 1396 854 δωδέκατον
1419 799 1717 870 ἀνεπιγρά-

186 917 298 970 φους
323 897 550 968 ψαλμοὺς
569 937 586 961 ,
615 896 710 948 καὶ
739 897 863 958 τοὺς
901 895 1212 964 ἐπιγραφὴν
1243 892 1462 963 ἔχοντας
1480 932 1494 953 ,
1530 892 1591 944 οὐ
1623 892 1719 961 δη-

185 991 378 1052 λοῦντας
414 989 550 1052 τίνος
576 987 739 1050 είσὶν,
783 987 1004 1041 ἐκείνων
1030 981 1172 1038 εἶναι
1218 985 1404 1047 παῖδες
1449 982 1717 1052 Ἑϐραίων

183 1084 313 1152 φασὶ,
352 1075 420 1135 ὧν
443 1079 674 1152 τοῠνομα
712 1079 933 1148 φέρεται
961 1080 1017 1131 ἐν
1047 1081 1166 1141 ταῖς
1197 1077 1303 1129 τῶν
1334 1075 1718 1146 ἀνεπιγράφων

183 1173 625 1246 προτεταγμέναις.
682 1172 784 1225 Τὸν
829 1171 888 1224 δέ
933 1170 1150 1240 πρῶτον
1183 1170 1276 1222 καὶ
1303 1169 1553 1238 δεύτερον
1577 1208 1590 1230 ,
1623 1167 1718 1219 ἕνα

180 1267 316 1328 ὄντας
334 1267 504 1336 ἄμφω,
530 1263 624 1317 τοῦ
649 1262 810 1317 Δαυῖδ
831 1263 1094 1332 ὑπάρχειν
1113 1259 1249 1331 ἡγοῦ
1258 1277 1374 1330 μαι,
1397 1259 1485 1312 διὰ
1507 1259 1565 1310 τὸ
1589 1258 1723 1312 πάν-

181 1375 263 1420 τας
300 1361 413 1420 τοὺς
443 1358 498 1408 ἐν
546 1355 623 1426 τῷ
656 1353 855 1426 πρώτῳ
905 1356 1060 1425 μέρει
1091 1352 1198 1406 τῶν
1232 1352 1477 1422 Ψαλμῶν
1523 1350 1723 1419 ἐφεξῆς

181 1449 322 1502 αὑτοῦ
348 1445 494 1502 εἶναι.
541 1447 674 1500 Ἀπὸ
705 1446 834 1516 γοῦν
859 1446 951 1499 τοῦ
978 1445 1160 1516 τρίτου
1199 1447 1356 1516 μέχρι
1389 1442 1483 1495 τοῦ
1524 1449 1588 1513 μ’
1627 1441 1722 1494 τοῦ

178 1541 319 1593 Δαυῖδ
338 1541 716 1611 ἐπιγράφονται
737 1541 785 1592 οί
810 1540 1008 1600 πάντες
1023 1556 1035 1569 ·
1060 1537 1139 1591 διό
1168 1555 1256 1608 μοι
1279 1535 1526 1590 δοκοῦσιν
1550 1534 1725 1604 ὑπάρ-

177 1649 279 1704 χειν
304 1631 388 1685 τοῦ
417 1631 579 1686 αὐτοῦ
604 1632 632 1684 ὃ
654 1648 714 1684 τε
743 1630 956 1700 πρῶτος
985 1631 1076 1682 καὶ
1104 1632 1132 1682 ὁ
1156 1628 1430 1699 δεύτερος.
1491 1624 1722 1679 Πιστοῦ-

176 1739 255 1775 ται
279 1722 330 1774 δὲ
355 1722 500 1790 λόγον
535 1723 570 1792 ή
604 1720 711 1773 τῶν
741 1720 998 1792 Πράξεων
1035 1719 1142 1772 τῶν
1176 1717 1490 1771 ἀποστόλων
1527 1716 1724 1786 βίϐλος,

177 1815 228 1868 ἐν
307 1817 508 1886 εἴρηται
527 1833 540 1844 ·
581 1813 870 1875 Δέσποτα,
906 1813 986 1865 σὺ
1027 1812 1320 1878 ἐποίησας
1349 1811 1455 1862 τὸν
1473 1808 1730 1876 οὐρανὸν

176 1907 264 1959 καί
291 1906 396 1974 τὴν
420 1904 532 1974 τῆν
552 1945 568 1968 ,
602 1906 697 1958 καί
733 1906 846 1972 τὴν
871 1904 1194 1957 θάλασσαν
1217 1944 1231 1967 ,
1272 1903 1370 1956 καί
1411 1902 1608 1954 πάντα
1659 1901 1731 1954 τὰ

175 1996 236 2050 ἐν
264 1997 452 2063 αὐτοῖς
475 2013 488 2026 ·
556 1999 592 2051 ό
636 1996 740 2051 τοῦ
781 1995 1002 2062 πατρὸς
1041 1993 1206 2064 ἡμῶν
1243 1992 1341 2046 διὰ
1390 1995 1732 2061 Πνεύματος

175 2089 327 2158 ἁγίου
351 2090 644 2158 στόματος
668 2086 881 2152 παιδός
915 2101 1032 2139 σου
1061 2065 1244 2141 Ᾰαυῖδ
1269 2082 1453 2138 είπών
1471 2101 1484 2113 ·
1515 2085 1640 2137 Ἵνα
1676 2084 1733 2136 τί

180 2178 457 2247 ἐφρύαξαν
483 2161 628 2244 ἔθνη
656 2220 671 2243 ,
701 2178 798 2232 καὶ
823 2178 957 2231 λαοὶ
983 2175 1356 2246 ἐμελέτησαν
1383 2161 1564 2238 aerei;
1624 2176 1703 2227 Σα
1720 2204 1732 2214 -

181 2269 282 2338 φῶς
311 2270 412 2341 γὰρ
435 2270 519 2324 διὰ
547 2270 753 2324 τούτων
779 2272 870 2322 τὸν
899 2269 951 2340 β’
978 2269 1191 2339 ψαλμὸν
1221 2267 1313 2321 τοῦ
1345 2267 1505 2321 Δαυῒδ
1536 2267 1733 2338 ἔφησεν

177 2360 317 2418 εἶναι.
383 2364 894 2434 Ἀποσεσιωπῆσθαι
939 2363 995 2416 δὲ
1021 2363 1166 2427 εἰκὸς
1199 2363 1287 2414 ἐπ’
1331 2362 1488 2414 αὐτὸν
1514 2360 1610 2430 τὴν
1640 2357 1732 2411 τοῦ

178 2455 321 2508 Δαυῖδ
349 2455 672 2528 προγραφὴν
696 2495 710 2518 ,
742 2455 830 2507 διὰ
854 2455 913 2506 τὸ
945 2453 1157 2524 γυμνὴν
1184 2452 1326 2522 ἐχειν
1357 2449 1598 2523 περὶτοῦ
1621 2452 1735 2503 Κυ-

179 2548 284 2619 ρίου
330 2547 698 2618 προφητείαν,
744 2545 802 2598 ἐν
907 2545 1153 2615 εἴρηται·
1184 2546 1346 2597 Κατὰ
1379 2541 1485 2595 τοῦ
1514 2543 1735 2609 Κυρίου

177 2639 266 2697 καί
285 2641 426 2694 κατὰ
452 2641 558 2694 τοῦ
593 2638 849 2706 Χριστοῦ
879 2637 1086 2691 αὐτοῦ.
1150 2631 1244 2699 Οἷς
1274 2634 1585 2696 ἀκολούθως
1620 2636 1738 2686 ἐπι-

137 2761 141 2763 -
177 2731 304 2800 λέγει
326 2733 382 2796 ἐξ
407 2732 570 2786 αὐτοῦ
593 2731 687 2783 τοῦ
713 2729 1003 2797 προσώπου
1026 2728 1118 2783 τοῦ
1142 2726 1376 2800 Χριστοῦ
1405 2727 1464 2779 τό
1482 2742 1495 2754 ·
1524 2727 1739 2792 Κύριος

175 2820 289 2878 εἷπε
307 2824 450 2892 πρὸς
475 2824 552 2893 μέ
572 2841 585 2852 ·
617 2823 748 2887 Υἱός
771 2839 887 2890 μου
911 2818 971 2875 εἷ
989 2823 1092 2874 σύ.
1120 2820 1377 2890 Φέρονται
1403 2819 1578 2872 τοίνυν
1606 2817 1741 2886 ψαλ-

179 2916 257 2986 μοὶ
283 2917 327 2968 οἱ
359 2915 560 2978 πάντες
603 2920 709 2984 ρν’.
746 2912 902 2974 Τινὲς
943 2911 998 2964 δὲ
1047 2908 1328 2981 νομίζουσι
1366 2909 1492 2970 τοὺς
1533 2906 1740 2968 πάντας

175 3001 296 3058 εἶναι
321 3004 413 3058 τοῦ
450 3003 726 3074 μακαρίου
761 2999 954 3053 Δαυῖδ·
989 3001 1050 3053 οὐ
1088 2998 1410 3070 σημαίνεται
1461 2996 1518 3049 δέ
1563 2995 1736 3048 τοῦτο.

176 3100 231 3150 Οἱ
253 3099 342 3169 μὲν
370 3097 475 3169 γὰρ
504 3097 708 3160 πάντες
731 3094 1090 3166 ἀναφέρονται
1115 3092 1206 3145 τοῦ
1231 3091 1395 3144 Δαυῖδ
1419 3107 1432 3118 ·
1464 3091 1519 3143 ἐν
1540 3089 1595 3141 δὲ
1620 3090 1740 3150 ταῖς

179 3192 492 3261 ἐπιγραφαῖς
546 3189 827 3242 δείκνυται
860 3186 942 3248 τίς
989 3185 1132 3247 τίνος
1178 3182 1391 3254 ψαλμὺς
1433 3180 1741 3251 γεγένηται.

176 3281 432 3355 Τέσσαρες
467 3284 578 3354 γὰρ
612 3281 866 3351 ἄρχοντες
890 3277 1042 3349 ᾠδῶν
1073 3276 1416 3346 ἐξελέγησαν,
1453 3280 1589 3344 σπη’
1620 3272 1747 3324 ἀκό-

177 3373 354 3431 λουθοι.
407 3375 526 3428 Τῶν
578 3369 672 3427 οὖν
725 3371 1004 3441 τεσσάρων
1055 3369 1331 3439 ἀρχόντων
1387 3364 1746 3436 παράκεινται

173 3464 394 3536 ψαλμοὶ,
424 3468 500 3531 ὼς
537 3467 634 3520 καὶ
665 3467 720 3518 αἱ
756 3461 1061 3534 ἐπιγραφαὶ
1092 3461 1451 3514 διδάσκουσιν.
1517 3457 1748 3511 Ὀπόταν

176 3557 273 3630 γὰρ
292 3558 417 3631 λέγῃ
439 3577 452 3591 υ
484 3558 735 3627 Ψαλμὸς
761 3556 885 3621 τοῖς
906 3554 1060 3618 υἱοῖς
1088 3552 1259 3620 Κορὲ,
1287 3551 1493 3612 Αὶθὰν,
1533 3549 1746 3618 Ἀσάφ,

177 3649 265 3701 καί
307 3649 527 3719 Αιμὰν·
562 3649 720 3701 αὐτοὶ
750 3646 1045 3715 ψάλλουσιν
1086 3645 1134 3697 οἱ
1176 3645 1281 3697 υἱοὶ
1326 3644 1505 3714 Κορὲ,
1555 3641 1746 3705 Αίθάν,

189 3737 365 3807 Ἀσάφ,
396 3739 490 3792 καὶ
517 3735 720 3808 Αίμάν.
746 3737 915 3787 Ὅταν
939 3734 1088 3806 εἴπῃ.
1119 3732 1364 3801 Ψαλμὸς
1393 3732 1498 3785 τοῦ
1536 3732 1749 3799 Ἀονὰςο,

176 3831 322 3893 αὐτὸς
348 3827 499 3884 εἶπεν
534 3832 562 3882 ὁ
610 3829 814 3896 Ἀσάφ·
842 3827 969 3880 ὅταν
1005 3827 1130 3897 εἴπῃ
1157 3865 1171 3889 ,
1203 3821 1448 3892 Ψαλμὸς
1470 3823 1575 3876 τοῦ
1615 3821 1751 3875 Ἰδι-

178 3921 346 3991 θοὺμ,
401 3923 566 3986 αὐτὸς
621 3919 812 3990 ψάλλει
861 3917 1132 3987 ἸδιΘούμ·
1189 3915 1390 3969 ὁπόταν
1442 3914 1594 3985 εἴπῃ,
1645 3909 1752 3965 τοῦ

179 4013 375 4079 Δαυῒδ,
407 4015 571 4078 αὐτὸς
603 4012 782 4080 λέγων
815 4007 882 4082 ἦν
935 4009 1097 4061 Δαυῖδ
1117 4023 1130 4036 '
1181 4006 1319 4060 ἐπὰν
1361 4005 1417 4058 δέ
1451 4005 1585 4077 λέγῃ
1606 4046 1618 4069 ,
1674 4002 1754 4068 τῷ

178 4104 372 4169 Δαυῒδ,
410 4107 500 4176 ὑφ’
541 4104 748 4175 ἐτέρων
777 4103 996 4170 λέγεται
1029 4102 1107 4163 είς
1135 4100 1225 4152 τὸν
1266 4097 1451 4150 Δαυῖδ.
1505 4097 1627 4149 Εἰσὶ
1657 4097 1754 4166 μὲν

179 4200 222 4249 oi
251 4199 444 4262 πάντες
472 4205 548 4270 ρν¹
573 4237 588 4260 ,
627 4189 702 4248 ὧν
728 4193 812 4264 οβ’
840 4193 945 4246 εἰσὶ
970 4192 1064 4246 τοῦ
1095 4191 1274 4254 Δαυῒδ,
1305 4189 1348 4242 θ’
1377 4189 1431 4241 δὲ
1459 4188 1536 4259 τῷ
1570 4187 1753 4252 Δαυῒδ,

183 4290 252 4360 ιβ·
276 4291 366 4345 τοῦ
401 4291 576 4360 Ἀσάφ
607 4330 623 4354 ,
657 4289 734 4358 ιβ’
763 4289 875 4350 τοῖς
908 4288 1043 4349 υἱοῖς
1067 4284 1233 4356 Κορὲ,
1267 4277 1346 4346 εἷς
1371 4281 1463 4335 τοῦ
1502 4281 1752 4351 Ἰὄιθοὺμ,

180 4379 252 4444 εἷς
281 4382 369 4436 τοῦ
398 4383 608 4453 Αἰθὰμ,
642 4375 720 4443 εἷς
753 4378 846 4432 τοῦ
874 4377 1073 4448 Αίμάν,
1113 4371 1192 4440 εἷς
1228 4375 1322 4428 τοῦ
1347 4372 1628 4444 Σαλομὼν,
1663 4372 1756 4425 δύο

1815 527 1906 580 siti
1939 527 1993 580 in
2027 527 2166 581 libro
2217 538 2545 594 occurrant;
2577 546 2685 585 non
2719 547 2828 601 quo
2854 543 3100 603 tempore
3119 536 3266 601 editi,
3293 538 3388 593 sed

1815 633 1922 686 quo
1967 619 2173 674 inventi
2225 618 2378 675 fuere
2421 639 2434 673 :
2471 622 2614 690 quod
2662 623 2840 692 ipsum
2894 625 2949 678 in
3001 629 3385 696 prophetarum

1813 707 2054 778 periodis
2089 718 2143 764 et
2181 710 2441 766 clausulis
2489 713 2752 782 reperias.

1887 799 1992 868 Qui
2036 802 2230 871 psalmi
2277 819 2406 858 vero
2465 815 2589 875 post
2625 807 2862 876 primum
2917 816 2970 863 et
3009 808 3390 864 duodecimum

1817 905 2228 965 consequuntur
2261 897 2378 952 sine
2409 899 2588 963 titulo,
2639 915 2850 955 necnon
2882 901 2919 955 ii
2965 903 3164 972 quibus
3203 904 3394 959 titulus

1819 988 2036 1056 quidem
2067 988 2430 1057 praemittitur,
2478 1006 2578 1045 nec
2619 1001 2796 1046 tamen
2845 991 3116 1047 indicatur
3149 1009 3260 1063 quo
3287 997 3397 1050 sint

1821 1086 2044 1133 auctore
2091 1079 2242 1144 editi,
2289 1094 2479 1136 eorum
2529 1097 2651 1136 esse
2685 1083 2874 1138 dicunt
2903 1083 3134 1148 Hebraei,
3161 1101 3394 1155 quorum

1821 1186 2019 1224 nomen
2055 1171 2312 1226 scribitur
2343 1172 2398 1226 in
2443 1173 2668 1242 psalmis
2719 1175 2811 1244 qui
2861 1175 3014 1229 titulo
3064 1191 3264 1231 vacuos
3294 1191 3394 1230 an-

1823 1260 2094 1314 tecedunt.
2120 1257 2362 1314 Estimo
2394 1269 2576 1316 autem
2604 1263 2844 1332 primum
2874 1271 2928 1317 et
2949 1265 3271 1331 secundum,
3302 1266 3398 1336 qui

1825 1365 1992 1404 unum
2047 1354 2384 1407 constituunt
2424 1354 2732 1423 psalmum,
2803 1355 3022 1410 Davidis
3070 1372 3219 1423 esse;
3271 1358 3398 1427 quia

1826 1449 2092 1510 quotquot
2124 1443 2175 1496 in
2212 1447 2386 1513 prima
2411 1455 2561 1514 parte
2585 1447 3020 1516 subsequuntur,
3055 1449 3226 1518 ipsius
3249 1460 3396 1505 sunt.

1826 1531 1868 1583 A
1909 1534 2064 1587 tertio
2107 1536 2254 1588 enim
2304 1537 2370 1589 ad
2415 1537 2896 1607 quadragesimum
2942 1554 3132 1594 omnes
3185 1538 3403 1594 Davidis

1830 1625 2221 1688 inscribuntur,
2269 1629 2624 1696 quamobrem
2660 1629 2793 1682 mihi
2845 1631 2911 1684 ad
2941 1633 3118 1700 ipsum
3155 1632 3405 1685 videntur

1831 1718 2098 1784 pertinere
2122 1720 2328 1788 primus
2352 1730 2513 1790 atque
2549 1723 2840 1776 secundus.
2875 1721 3048 1788 Quam
3083 1725 3404 1778 sententiam

1833 1809 2122 1863 conﬁrmat
2148 1811 2284 1865 liber
2322 1812 2554 1866 Actuum
2590 1815 2983 1882 apostolorum,
3017 1816 3068 1868 in
3113 1831 3222 1884 quo
3267 1815 3407 1870 dici-

1831 1911 1918 1952 tur
1951 1901 1995 1931 “
2023 1919 2036 1954 :
2076 1900 2295 1953 Domine
2329 1911 2384 1953 tu
2416 1903 2589 1970 fecisti
2620 1903 2802 1955 coelum
2837 1914 2884 1956 et
2911 1913 3126 1968 terram,
3149 1912 3196 1956 et
3239 1920 3407 1968 mare,

1831 2002 1882 2044 et
1913 1993 2092 2046 omnia
2119 2009 2237 2062 qua:
2275 1995 2332 2046 in
2393 1995 2467 2047 eis
2503 2004 2644 2048 sunt.
2679 1994 2817 2049 Deus
2862 2005 3073 2064 patrum
3110 2005 3410 2049 nostrorum

1831 2084 1919 2151 qui
1961 2084 2149 2136 dixisti
2190 2101 2281 2152 per
2308 2083 2566 2152 Spiritum
2592 2096 2832 2138 sanctum
2859 2104 2950 2155 per
2979 2105 3036 2141 os
3071 2087 3238 2141 David
3263 2087 3412 2156 pueri

1836 2175 1948 2225 tui:
1970 2174 2147 2239 Quare
2179 2175 2506 2243 fremuerunt
2529 2187 2702 2246 gentes
2729 2188 2777 2230 et
2800 2179 2980 2247 populi
3014 2177 3258 2232 meditati
3289 2188 3412 2231 sunt

1833 2264 2059 2319 inania?
2087 2263 2180 2320 llis
2209 2266 2354 2319 enim
2391 2267 2676 2335 perspicue
2707 2267 2866 2331 dixit,
2909 2268 3179 2336 psalmum
3213 2281 3413 2321 secun-

1836 2354 1965 2408 dum
2011 2353 2230 2410 Davidis
2261 2371 2401 2410 esse.
2437 2355 2749 2412 Verisimile
2775 2368 2955 2412 autem
2991 2367 3092 2424 est,
3132 2358 3255 2412 ideo
3289 2361 3418 2412 titu-

1837 2448 1970 2509 lum,
2001 2447 2242 2514 Davidis,
2291 2451 2554 2503 omissum
2589 2450 2758 2505 fuisse
2807 2453 2857 2504 in
2904 2467 2969 2505 eo
3017 2453 3246 2520 psalmo,
3287 2453 3417 2521 quia

1827 2539 2040 2592 nudam
2069 2549 2120 2593 et
2154 2551 2392 2608 apertam
2428 2540 2807 2608 complectitur
2841 2542 3181 2610 prophetiam
3221 2542 3287 2596 de
3311 2541 3419 2596 Do-

1841 2631 2010 2696 mino,
2061 2646 2166 2700 qua
2209 2631 2430 2696 dicitur,
2462 2631 2722 2685 Adversus
2763 2632 3044 2684 Dominum
3089 2644 3137 2685 et
3173 2632 3420 2688 adversus

1841 2721 2110 2775 Christum
2146 2722 2280 2790 ejus.
2318 2721 2530 2787 Quibus
2568 2733 2966 2792 consequenter
2999 2724 3187 2794 adjicit
3207 2741 3272 2778 ex
3306 2726 3420 2793 ipsa

1841 2816 2041 2871 Christi
2075 2833 2306 2886 persona
2334 2837 2346 2870 :
2371 2817 2622 2870 Dominus
2652 2818 2789 2872 dixit
2823 2818 2890 2870 ad
2918 2835 2996 2872 me
3027 2834 3045 2872 :
3077 2817 3253 2871 Filius
3277 2835 3422 2872 meus

1841 2926 1893 2962 es
1925 2919 1980 2961 tu
2013 2910 2082 2963 ³³.
2109 2906 2311 2963 Omnes
2336 2910 2516 2979 itaque
2549 2911 2767 2980 psalmi,
2790 2920 3006 2964 centum
3031 2912 3424 2981 quinquaginta

1843 2998 2114 3055 feruntur.
2169 2998 2399 3065 Quidam
2455 3016 2618 3070 porro
2666 3003 3001 3057 arbitrantur
3046 3018 3237 3057 omnes
3280 3002 3426 3056 beati

1775 3126 1818 3182 C
1852 3089 2069 3146 Davidis
2102 3107 2223 3146 esse
2253 3107 2266 3145 :
2313 3107 2488 3162 neque
2524 3101 2704 3146 tamen
2751 3093 2802 3148 id
2839 3094 3020 3163 aliqua
3062 3102 3190 3148 nota
3221 3092 3430 3162 signiﬁ-

1851 3194 2032 3238 catur.
2065 3181 2129 3237 Et
2161 3199 2349 3238 verum
2382 3184 2600 3252 quidem
2630 3193 2711 3239 est
2747 3186 3032 3239 universos
3053 3184 3429 3239 Davidiascri-

1847 3275 1931 3341 bi;
1962 3283 2016 3328 at
2040 3275 2095 3328 in
2129 3275 2301 3330 titulis
2331 3275 2601 3329 indicatur
2630 3291 2740 3344 quo
2763 3287 2984 3331 auctore
3019 3278 3251 3346 quisque
3281 3277 3428 3347 psal-

1849 3383 1971 3422 mus
1999 3367 2179 3422 editus
2208 3368 2297 3423 sit.
2324 3367 2459 3422 Nam
2492 3377 2730 3438 quatuor
2761 3369 3100 3423 canticorum
3129 3369 3427 3439 principes,

1850 3461 2083 3516 ministri
2125 3475 2254 3515 vero
2287 3459 2507 3516 ducenti
2555 3461 2828 3531 octoginta
2863 3472 3007 3526 octo,
3039 3462 3199 3515 electi
3257 3460 3426 3516 fuere.

1851 3552 2059 3606 Horum
2098 3563 2335 3622 quatuor
2379 3555 2684 3622 principum
2711 3554 2907 3623 psalmi
2944 3554 3151 3622 aliquot
3190 3555 3430 3608 circurn-

1852 3644 2124 3710 ieruntur,
2163 3654 2222 3699 ut
2265 3644 2348 3699 vel
2386 3634 2520 3714 ipsis
2547 3646 2774 3700 docetur
2813 3646 3003 3700 titulis.
3033 3645 3263 3711 Quando
3288 3646 3431 3699 enim

1853 3733 2286 3788 dicit-:Psalmus
2325 3734 2454 3804 ﬁliis
2475 3734 2628 3800 Core,
2661 3733 2887 3802 Ait/mn,
2923 3736 3098 3804 Asaplt
3124 3745 3172 3789 et
3210 3733 3434 3795 Αῑηιαη.

1855 3825 1923 3878 ab
1953 3825 2086 3894 ipsis
2107 3825 2334 3890 1Ethan,
2362 3827 2569 3895 Asaph,
2591 3825 2810 3888 Eman,
2834 3827 2959 3882 liliis
2989 3827 3129 3881 Core
3164 3827 3435 3896 psallitur.

1855 3914 1990 3969 Cum
2024 3917 2175 3980 dicit,
2216 3917 2465 3970 Psalmus
2513 3917 2732 3987 Asaph;
2785 3918 2898 3986 ipse
2940 3919 3122 3987 Asaph
3159 3919 3437 3986 recitavit;

1857 4023 1982 4063 cum
2013 4008 2163 4072 dicit,
2198 4008 2452 4062 Psalmus
2487 4009 2749 4073 Iditlium,
2777 4011 2910 4078 ipse
2947 4010 3180 4062 Idithum
3214 4009 3435 4078 psallit:

1856 4100 2136 4167 ubi-dicit,
2170 4100 2416 4165 Davidis,
2451 4103 2567 4171 ipse
2600 4101 2768 4156 David
2804 4111 2886 4156 est
2911 4102 3002 4172 qui
3046 4101 3439 4170 pronuntiavit.

1857 4192 1993 4248 Cum
2019 4203 2197 4248 autem
2219 4194 2369 4260 dicit,
2407 4193 2620 4260 Davidi,
2652 4193 2721 4247 ab
2753 4194 2873 4248 aliis
2907 4195 3168 4248 recitatur
3200 4194 3447 4262 psalmus

1860 4286 1913 4340 in
1944 4285 2220 4341 Davidem.
2255 4284 2395 4340 Sunt
2440 4287 2658 4356 quidem
2692 4303 2882 4341 omnes
2905 4295 3125 4341 centum
3166 4287 3441 4355 quinqua-

1861 4378 2031 4447 ginta,
2059 4393 2294 4447 quorum
2332 4380 2675 4450 septuaginta
2694 4379 2801 4433 duo
2827 4378 3046 4432 Davidis
3071 4387 3217 4441 sunt,
3249 4390 3441 4429 novem

191 4473 430 4543 Ἀγγαίου
457 4474 552 4527 καὶ
579 4472 876 4543 Ζαχαρίου,
898 4469 1259 4540 ἀνεπίγραφοι
1284 4466 1346 4520 λθ
1363 4474 1374 4494 ’
1404 4467 1498 4520 καὶ
1523 4461 1605 4530 εἷς
1634 4467 1736 4520 Μω

1864 4469 2072 4537 Davidi,
2102 4471 2386 4526 duodecim
2415 4472 2640 4542 Asaphi,
2660 4472 2941 4525 duodecim
2973 4471 3094 4522 ﬁliis
3113 4467 3271 4534 Core,
3302 4482 3447 4521 unus

179 4566 307 4629 τέως
325 4584 340 4598 ο
376 4567 579 4629 πάντες
609 4571 715 4637 ρν’.

183 4657 368 4719 monis,
399 4658 510 4712 duo
547 4655 733 4726 Aggtei
771 4662 825 4708 et
865 4651 1176 4716 Zachariae;
1204 4651 1321 4704 sine
1391 4650 1549 4705 titulo
1602 4652 1820 4723 triginta
1857 4674 2076 4724 novem,
2107 4673 2358 4726 unusque
2401 4657 2566 4712 Mosis

181 4748 338 4816 ginta.

242 4845 329 4897 Δεῖ
361 4843 540 4897 τοίνυν
570 4842 846 4912 Θεωρῆσαι
878 4842 939 4893 τὸ
969 4840 1263 4911 μυστήριον
1296 4838 1402 4891 τίνι
1437 4839 1609 4910 λόγῳ,
1642 4841 1756 4895 δια.-

181 4936 351 5006 φόρων
391 4937 546 5007 ᾠδῶν
593 4934 970 5005 ὑπαρχόντων,
1002 4933 1096 4986 καὶ
1133 4931 1206 5002 μὴ
1234 4931 1456 4984 πάντων
1489 4933 1596 4985 τῶν
1625 4933 1756 5002 ψαλ-

186 5028 292 5094 μῶν
315 5029 482 5081 ὄντων
506 5027 693 5088 Δαυῒδ,
725 5027 1050 5096 ἀναφέρεται
1080 5026 1158 5087 εἰς
1182 5023 1272 5075 τὸν
1298 5023 1460 5076 Δαυΐδ
1481 5039 1492 5051 ·
1520 5025 1613 5077 καὶ
1645 5025 1761 5077 τοῦ-

180 5137 237 5170 το
264 5121 321 5173 οὑ
349 5119 879 5192 παραδραμούμεθα.
905 5115 1103 5169 Τούτου
1129 5115 1237 5185 γὰρ
1262 5114 1420 5186 χάριν
1444 5115 1728 5186 ἐπεγράφη
1747 5156 1760 5179 ,

184 5211 298 5263 ἐπεὶ
323 5213 485 5274 αὐτὸς
515 5212 688 5273 αἴτιος
738 5210 1026 5278 γεγένηται
1050 5207 1144 5260 τοῦ
1180 5203 1315 5260 εἶναι
1346 5207 1513 5259 ταῦτα
1534 5222 1548 5234 ·
1605 5208 1765 5271 αὐτὸς

182 5301 285 5372 γὰρ
311 5303 520 5368 ἐξέλεξε
546 5305 672 5365 τοὺς
688 5303 875 5372 ᾠδούς.
901 5300 1072 5364 Αὐτὸς
1094 5300 1269 5352 τοίνυν
1287 5301 1456 5362 αἴτιος
1479 5299 1766 5370 γενόμενος

185 5391 379 5465 ἠξιώθη
411 5395 512 5464 τῆς
549 5394 715 5463 τιμῆς
737 5393 936 5464 ταύτης
964 5431 978 5454 ,
1015 5392 1101 5443 ἵνα
1135 5391 1334 5453 πάντες
1383 5389 1483 5443 ὅσα
1513 5386 1669 5445 εἶπαν
1716 5393 1764 5443 οἱ

187 5483 304 5554 ᾠδοὶ
333 5490 410 5550 εἰς
444 5489 536 5542 τὸν
558 5487 719 5540 Δαυῒδ
746 5484 1130 5554 καταλογισθῇ.

261 5713 300 5745 ⁵¹
340 5714 458 5770 Act.
493 5730 567 5778 tv,
598 5713 691 5781 ει,
715 5713 816 5780 25;
847 5713 990 5770 Psal.
1013 5729 1071 5782 ιι,
1103 5713 1148 5766 l.
1229 5713 1273 5746 "
1313 5711 1453 5767 Psal.
1496 5681 1554 5780 ιι,
1599 5710 1653 5780 2,
1682 5710 1734 5767 7.

1863 4563 2120 4631 ldithum,
2169 4580 2313 4619 unus
2351 4564 2598 4627 fElham,
2647 4580 2789 4618 unus
2834 4561 3056 4627 jEman,
3108 4577 3248 4616 unus
3291 4557 3448 4612 Salo-

2613 4675 2626 4712 :
2681 4671 2871 4710 omnes
2915 4666 3131 4709 centum
3176 4655 3447 4725 quinqua-

1941 4843 2493 4899 Animadvertendum
2520 4843 2704 4910 itaque
2723 4838 3064 4910 mysterium,
3089 4851 3211 4905 quae
3240 4824 3448 4888 scilice‘

1869 4953 2036 4992 causa
2079 4939 2150 4992 sit
2196 4954 2314 5001 cur,
2351 4952 2473 4991 cum
2525 4933 2727 4989 dixersi
2784 4933 2894 4986 sint
2940 4939 3211 4993 cautiores,
3269 4941 3448 4996 neque

1870 5047 2060 5086 omnes
2097 5031 2291 5100 psalmi
2335 5029 2556 5084 Davidis
2605 5028 2736 5093 sint,
2771 5025 3093 5095 psalterium
3147 5033 3328 5076 tamen
3376 5020 3442 5072 ad

1872 5121 2126 5176 Davidem
2174 5120 2488 5175 referatur:
2543 5122 2655 5172 hmc
2689 5131 2756 5169 ne
2809 5115 3027 5169 silentio
3069 5111 3446 5180 praatermitta-

1873 5233 2016 5272 mus.
2050 5217 2178 5270 Ideo
2213 5217 2292 5270 sic
2335 5214 2656 5282 inscriptum
2697 5211 2819 5275 fuit,
2874 5209 3000 5278 quia
3039 5208 3153 5277 ipse
3181 5203 3349 5257 David
3389 5203 3444 5255 in

1873 5329 2035 5368 causa
2068 5311 2169 5365 fuit
2221 5326 2320 5364 cur
2358 5310 2507 5362 istaec
2553 5307 2841 5359 ederentur
2873 5322 2886 5356 :
2924 5303 3037 5370 ipse
3059 5313 3294 5367 namque
3317 5311 3452 5350 can-

1874 5415 2018 5460 tores
2045 5403 2224 5471 elegit.
2267 5402 2318 5455 is
2348 5401 2512 5470 igitur
2541 5397 2636 5466 qui
2668 5411 2842 5472 causa
2876 5393 3000 5459 fuit,
3049 5399 3202 5445 tanto
3240 5389 3450 5442 honora

1869 5501 2122 5569 dignatus
2142 5502 2246 5560 est,
2281 5500 2338 5546 ut
2366 5505 2706 5562 quaecunun
2734 5497 2983 5543 cantores
3006 5482 3257 5549 dixerint,
3280 5480 3440 5550 quasi

1873 5591 2088 5648 Davidis
2120 5594 2437 5659 reputentur
2471 5598 2612 5638 csse.
