3874 6218
428 311 497 368 59
1273 321 1328 377 S.
1371 323 1742 381 ATHANASII
1785 325 1933 381 OPP.
1981 327 2162 382 PARS
2202 327 2290 382 Ill.
2329 356 2400 370 —-
2435 325 2846 383 EXEGETICA.
3601 325 3678 378 60

495 433 630 488 Cum
696 435 958 505 propheta
1007 449 1152 495 esset
1213 440 1403 508 David,
1447 454 1606 514 atque
1650 446 1998 502 interioribus
2027 461 2074 511 Α

429 524 630 592 apertis
672 525 866 590 oculis,
902 527 1068 595 probe
1093 540 1278 583 nosset
1307 532 1574 601 malignos
1612 535 1834 602 spiritus
1866 551 1997 604 gau-

429 616 557 669 dere
586 616 651 669 de
686 615 841 684 lapsu
889 619 1198 683 hominum,
1260 629 1314 676 et
1356 631 1546 676 contra
1607 623 1790 678 dolere
1844 625 1996 693 quasi

429 707 604 761 victos
645 708 710 762 de
741 709 1054 764 eorumdem
1104 713 1478 782 resipiscentia
1511 726 1565 769 et
1597 717 1996 783 emendatione,

431 801 757 872 intelligibili
806 819 870 858 ac
905 807 1176 874 spirituali
1213 810 1376 863 modo
1411 811 1686 863 orationes
1711 811 1998 864 adversum

431 894 554 950 illos
597 897 905 964 emittebat;
949 915 1014 953 ex
1061 901 1127 955 iis
1160 901 1404 956 hostibus
1445 903 1539 971 qui
1586 903 1688 956 sub
1721 913 1997 971 aspectum

432 988 633 1041 cadunt
655 999 932 1057 assumpta
973 992 1308 1060 metaphora.
1345 990 1458 1045 Nisi
1491 993 1635 1045 enim
1669 993 1769 1045 hac
1792 996 2000 1045 ratione

431 1080 814 1148 prophetarum
874 1098 1100 1150 scopum
1154 1085 1616 1153 interpretemur,
1670 1101 1775 1139 non
1840 1086 2000 1139 modo

433 1167 630 1218 nullam
666 1168 858 1222 anima:
888 1171 1195 1236 utilitatem,
1226 1187 1291 1225 ex
1327 1189 1512 1226 eorum
1547 1174 1725 1238 dictis,
1752 1175 1817 1227 ad
1847 1191 2001 1228 man-

434 1259 774 1313 suetudinem
837 1261 1281 1330 adipiscendam,
1331 1266 1747 1334 percipiemus;
1814 1283 1998 1320 verum

433 1350 594 1404 etiam
643 1352 695 1404 in
731 1367 978 1420 asperam
1004 1355 1293 1422 quamdam
1330 1365 1492 1424 atque
1531 1356 1855 1424 evangelicae
1901 1356 1999 1409 do-

435 1444 623 1499 ctrinm
665 1447 948 1500 adversam
992 1448 1160 1501 animi
1205 1449 1461 1502 duritiem
1507 1465 1573 1502 ex
1625 1449 1999 1518 frequentibus

436 1535 696 1592 adversus
715 1539 963 1593 inimicos
991 1541 1243 1606 precibus
1261 1542 1595 1608 delahemur,
1621 1550 1829 1595 tantum
1849 1541 2001 1596 abest

435 1637 496 1680 ut
533 1628 825 1696 diligamus
872 1631 1013 1685 illos.
1047 1631 1180 1684 Nam
1232 1634 1538 1687 sexcenties
1583 1632 1658 1685 ait
1702 1632 1866 1685 David
1903 1633 1994 1686 ’δε

437 1715 844 1786 Confundantur
864 1729 910 1772 et
927 1721 1122 1788 pudore
1141 1723 1436 1790 afﬁciantur
1457 1738 1631 1774 omnes
1651 1723 1852 1775 inimici
1876 1723 1995 1786 mei,

2175 450 2294 502 ’Ότι
2324 450 2606 520 προφήτης
2629 449 2887 518 ὑπάρχων
2911 445 2939 496 ὁ
2959 445 3141 507 Δαυτδ,
3171 446 3266 499 καὶ
3296 445 3679 515 ἠνεῳγμένους

2104 539 2241 609 ἔχων
2265 542 2390 602 τοὺς
2419 539 2562 592 ἔνδον
2590 540 2900 610 ὀφθαλμοὺς
2922 579 2935 602 ,
2967 540 3061 592 καὶ
3095 537 3247 600 είδὼς
3271 579 3286 601 ,
3317 538 3397 589 ὅτι
3425 537 3680 606 χαίρουσι

2103 633 2168 699 τῇ
2198 629 2398 682 πτώσει
2435 630 2544 682 τῶν
2574 630 2873 701 ἀνθρώπων
2902 629 2972 681 τὰ
3003 629 3214 698 πονηρά
3245 629 3550 696 πνεύματα,
3581 626 3681 678 καὶ

2105 721 2266 772 πάλιν
2293 719 2705 773 ἀντιλυποῦνται
2732 718 3018 790 ἡττώμενα
3044 719 3135 770 ἐπὶ
3168 721 3233 788 τῇ
3261 716 3538 788 διορθώσει
3567 717 3682 768 τῶν

2105 811 2423 882 ἀνθρώπων,
2443 813 2660 876 πάντως
2684 815 2763 866 ὅτι
2797 811 2999 882 νοητῶς
3026 811 3123 874 τάς
3148 813 3265 864 κατ’
3294 809 3468 864 αὐτῶν
3502 826 3678 880 προσ-

2105 905 2268 974 ευχὰς
2306 908 2555 970 ἐποιεῖτο,
2588 906 2651 957 ἐκ
2680 904 2788 957 τῶν
2820 903 3087 970 αἰσθητῶν
3140 901 3344 972 ἐχθρῶν
3377 899 3513 971 πρὸς
3537 899 3682 952 αὑτά

2109 993 2590 1063 μεταϐαλλόμενος.
2638 993 2701 1045 Εἰ
2731 993 2838 1063 γὰρ
2870 992 2942 1063 μὴ
2973 991 3110 1043 κατά
3148 990 3331 1044 τοῦτον
3355 989 3444 1043 τὸν
3472 990 3684 1060 τρόπον

2105 1085 2424 1156 ὲκλάϐωμεν
2447 1087 2534 1138 τὸν
2561 1086 2757 1138 σκοπὸν
2780 1085 2886 1138 τῶν
2916 1085 3225 1156 προφητῶν,
3249 1085 3310 1136 οὐ
3341 1084 3498 1154 μόνον
3527 1083 3682 1135 οὐδε-

2111 1176 2236 1246 μίαν
2265 1177 2549 1248 οἰκοδομὴν
2591 1179 2653 1229 ἐκ
2683 1177 2789 1230 τῶν
2831 1178 2960 1246 παρ’
2995 1177 3176 1239 αὐτοῖς
3203 1175 3504 1246 εἰρημένων
3537 1173 3682 1244 πρὸς

2105 1269 2298 1338 κτῆσιν
2353 1269 2654 1340 πραότητος
2710 1268 2936 1338 ἕξομεν,
3008 1267 3140 1320 ἁλλά
3169 1269 3260 1320 καὶ
3309 1266 3545 1337 σκληρὰν
3598 1281 3682 1318 τι-

2105 1374 2171 1410 να
2191 1359 2283 1410 καὶ
2305 1359 2549 1412 ἐναντίαν
2575 1361 2672 1428 τῆς
2695 1360 3052 1429 εὐαγγελικῆς
3075 1358 3416 1420 διδασκαλίας
3439 1357 3683 1411 διάθεσιν

2105 1450 2486 1520 ἀναληψόμεθα
2507 1454 2570 1504 ὲκ
2592 1451 2683 1505 τοῦ
2708 1451 3064 1522 κατεύχεσθαι
3084 1451 3290 1522 συχνῶς
3311 1451 3415 1503 τῶν
3442 1448 3680 1520 ἐχθρῶν,

2106 1541 2198 1594 καὶ
2247 1541 2320 1611 μὴ
2370 1542 2618 1613 ἀγαπᾷν·
2671 1545 3016 1614 μυριοντάκις
3047 1543 3294 1610 λέγοντος
3347 1539 3438 1593 τοῦ
3491 1537 3681 1599 Δαυῒδ,

2102 1634 2587 1702 Αἱσχυνθείησιιν
2603 1635 2700 1687 καὶ
2722 1635 3156 1701 ἐντραπείησαν
3171 1631 3389 1696 πάντες
3404 1633 3456 1684 ol
3475 1631 3686 1697 ἐχθροί

2099 1740 2247 1791 μου,
2307 1724 2405 1777 καὶ
2435 1723 2520 1792 μὴ
2566 1724 2959 1791 αἰσχυνθείην
2992 1723 3123 1794 ἐγώ.
3162 1723 3344 1776 Ταῦτα
3367 1722 3425 1774 δὲ
3463 1721 3564 1773 οὐκ
3611 1719 3684 1772 ἂν

435 1817 484 1861 et
519 1823 622 1860 non
662 1809 956 1878 confundar
996 1828 1107 1880 ego.
1156 1811 1367 1866 Similia
1407 1813 1551 1866 enim
1611 1827 1678 1866 ne
1721 1815 2003 1868 credamus

2117 1813 2454 1884 πεισθείημεν
2483 1813 2654 1878 οὕτως
2687 1814 2964 1886 εἰρηκέναι
3012 1815 3208 1885 ἄνδρας
3247 1813 3526 1884 προφήτας
3579 1811 3683 1862 καὶ

435 1900 638 1954 dixisse
684 1901 828 1955 viros
873 1903 1158 1970 prophetas
1204 1912 1257 1958 et
1304 1905 1508 1958 amicos
1544 1903 1635 1958 Dei
1688 1905 1795 1958 alio
1839 1921 2002 1973 quam

2117 1906 2292 1975 φίλους
2313 1907 2468 1970 Θεοῦ,
2498 1910 2544 1960 εί
2571 1906 2643 1978 μὴ
2663 1907 2740 1977 τῷ
2766 1907 3146 1978 προειρημένῳ
3163 1907 3366 1978 τρόπῳ.
3392 1903 3547 1959 Οὕτω
3565 1904 3686 1975 γὰρ

438 1993 685 2062 superius
715 2010 740 2044 a
771 1996 926 2050 nobis
951 1997 1218 2065 explicato
1244 2013 1413 2052 more.
1447 1998 1623 2066 Atque
1647 1999 1717 2051 ita
1744 1999 2003 2067 intelligat

2117 1997 2214 2069 χρὴ
2239 2000 2377 2050 νοεῖν
2406 1997 2496 2050 τὸν
2532 1997 2813 2078 φιλόπονον
2833 2037 2851 2065 ,
2897 1998 3023 2052 ἔνθα
3049 1998 3113 2051 ἂν
3147 1995 3498 2069 ἐπαρώμενον
3525 1995 3682 2066 εὖροι

438 2090 651 2150 oportet
698 2082 778 2136 vir
835 2085 1069 2154 quisque
1109 2087 1436 2142 sedulus'ac
1477 2086 1778 2151 studiosus,
1829 2089 2003 2143 sicubi

2117 2090 2392 2159 προφήτην
2413 2128 2427 2152 ,
2456 2089 2546 2142 ἐπὶ
2569 2090 2695 2153 τοὺς
2720 2090 2939 2160 νοητοὺς
2969 2089 3192 2160 ἐχθροὺς
3215 2088 3321 2142 ἀπὸ
3347 2088 3453 2141 τῶν
3482 2086 3680 2156 αἰσθη-

438 2177 821 2244 imprecantem
861 2179 1178 2246 prophetam
1223 2179 1482 2243 inveniat,
1522 2179 1589 2232 ab
1625 2179 1873 2234 hostibus
1911 2181 2003 2249 qui

2117 2179 2215 2232 τῶν
2248 2180 2664 2250 μεταϐάλλοντα.
2717 2181 2913 2234 Λοιπὸν
2941 2181 3004 2250 δὴ
3037 2178 3531 2250 κατασχολάζεσθαι
3579 2178 3681 2233 τὸν

438 2267 540 2321 sub
572 2283 790 2323 sensum
833 2270 1033 2322 cadunt
1060 2269 1127 2323 ad
1176 2269 1539 2339 intelligibiles
1572 2270 1825 2324 inimicos
1861 2269 2001 2325 facta

2117 2272 2352 2343 ἀσκητὴν
2384 2274 2581 2335 παντὸς
2607 2276 2845 2345 ῥήματος
2870 2273 2968 2343 τὴν
2995 2275 3339 2343 κατανόησιν.

438 2358 811 2414 translatione.
861 2359 1090 2415 Demum
1123 2376 1318 2415 vacare
1350 2369 1570 2431 oportet
1615 2370 1856 2415 ascetam
1907 2360 2242 2432 singulorum
2278 2364 2566 2420 verborum
2605 2364 2987 2435 intelligentia.

507 2525 554 2558 ⁸³
591 2526 735 2582 Psal.
790 2544 976 2597 xxxnv,
1010 2531 1065 2585 4.

465 2718 3646 2748 *W“

1122 2895 1803 3055 SANCTI
1953 2892 2985 3053 ATHANASII

1537 3207 2065 3266 ARCHIEPISCOPI
2102 3208 2572 3265 ALEXANDRINI

879 3408 2027 3538 EXPOSITIONES
2175 3409 2337 3534 IN
2465 3405 3226 3539 PSALMOS.

987 3796 1405 3853 PSALMUS
1457 3797 1510 3852 1.

2620 3797 3019 3850 ΨΑΛΜΟΣ
3069 3800 3150 3849 Α’.

1045 3889 1444 3959 Argumentum.

2738 3887 3059 3949 'I’xo’ﬁemc.

440 3977 656 4033 Initium
699 3980 991 4049 prophetiae
1023 3980 1243 4035 Christo
1285 3982 1353 4034 ab
1397 3981 1515 4049 ipso
1549 3980 1846 4036 secundum
1887 3996 2003 4034 car-

2117 3980 2220 4050 Τὴν
2244 3980 2415 4051 ἀρχὴν
2443 3980 2540 4050 τῆς
2565 3977 2898 4049 προφητείας
2922 3977 2999 4049 τῷ
3026 3977 3084 4041 ἐξ
3111 3974 3272 4030 αὐτοῦ
3302 3977 3680 4050 τεχθησομένῳ

504 4087 624 4126 nem
649 4073 925 4127 nascituro
955 4073 1111 4127 oﬂ‘ert
1137 4072 1326 4126 David.
1351 4073 1716 4138 Quamobrem
1741 4072 1793 4125 in
1818 4071 2009 4140 primis

505 4165 692 4219 beatos
717 4165 847 4220 dicit
877 4166 966 4234 qui
992 4173 1213 4234 sperant
1242 4166 1296 4219 in
1325 4180 1408 4219 eo.

489 4254 730 4328 ~[Beatos
749 4267 927 4310 autem
953 4265 1115 4311 vocat
1137 4272 1233 4311 eos
1258 4257 1351 4325 qui
1384 4270 1493 4309 non
1521 4257 1725 4310 abeunt
1751 4257 1806 4309 in
1828 4257 2008 4311 consi-

436 4347 567 4401 lium
603 4349 915 4417 impiorum,
952 4364 1126 4417 neque
1156 4356 1302 4402 stant
1332 4349 1384 4401 in
1418 4350 1503 4402 via
1534 4357 1883 4418 peccatorum
1907 4365 2006 4404 ne-

437 4454 543 4506 que
572 4440 761 4492 sedent
801 4440 853 4492 in
896 4439 1172 4493 cathedra.
1203 4438 1589 4504 pestilentium.
1615 4437 1748 4492 Nam
1778 4448 1886 4495 tres
1917 4455 2006 4494 or-

436 4527 592 4581 dines
625 4529 764 4597 apud
798 4526 1010 4581 Judaaos
1044 4535 1198 4580 erant
1223 4537 1415 4581 contra
1459 4527 1795 4583 Salvatorem
1824 4530 2006 4584 insur-

437 4629 644 4686 gentes,
687 4620 877 4673 scribae
918 4619 1142 4684 scilicet,
1189 4619 1450 4673 Phariszei
1492 4621 1881 4690 etlegisperiti,
1911 4623 2004 4691 qui

433 4709 555 4778 jure
595 4717 755 4778 atque
791 4711 986 4764 merito
1037 4711 1208 4779 impii,
1242 4721 1559 4780 peccatores
1603 4721 1658 4767 et
1693 4713 2003 4780 pestilentes

437 4809 836 4868 nuncupentur.
871 4800 968 4855 Via
999 4802 1195 4856 dicitur
1235 4804 1349 4858 haze
1378 4804 1512 4869 vita,
1541 4802 1670 4876 quia
1707 4805 1742 4859 ii
1773 4806 1865 4875 qui
1906 4822 2003 4860 na-

437 4900 682 4955 scuntur,
714 4893 778 4945 ad
811 4892 968 4945 ﬁnem
995 4892 1267 4964 pergunt.]

519 4983 569 5035 1.
605 4982 803 5036 Beatus
840 4984 921 5036 vir
946 4985 1034 5053 qui
1067 5001 1167 5036 non
1197 4986 1326 5038 abiit
1355 4987 1410 5040 in
1445 4987 1664 5041 consilio
1697 4989 1998 5058 impiorum.

2180 4069 2398 4141 Χριστῷ
2431 4069 2744 4138 ἀνατίθησιν
2763 4069 2791 4120 ὁ
2815 4069 2994 4120 Δαυῖδ.
3023 4067 3112 4120 Διὸ
3144 4071 3199 4120 ἐν
3231 4067 3464 4139 πρώτοις
3493 4085 3679 4140 μακα-

2181 4162 2319 4232 ρίζει
2345 4161 2467 4223 τοὺς
2497 4162 2574 4223 εἰς
2602 4159 2760 4213 αὐτὸν
2793 4158 3108 4226 ὴλπικότας.

2181 4253 2522 4326 [Μακαρίους
2546 4251 2604 4305 δὲ
2632 4251 2785 4304 καλεῖ
2800 4254 2925 4314 τοὺς
2948 4252 3021 4322 μὴ
3048 4251 3406 4322 πορευθέντας
3424 4252 3480 4304 ὲν
3511 4251 3677 4325 βουλῇ

2107 4343 2336 4407 ἀσεϐῶν,
2377 4344 2513 4412 μήτε
2550 4340 2658 4412 μὴν
2694 4342 2920 4404 στάντας
2947 4342 3002 4393 ὲν
3030 4341 3132 4411 ὁδῷ
3161 4342 3520 4413 ἁμαρτωλῶν,
3539 4344 3678 4413 μήτε

2105 4436 2197 4489 ἐπὶ
2223 4434 2485 4506 καθέδραν
2511 4431 2712 4502 λοιμῶν
2743 4431 3161 4501 καθεστηκότας.
3188 4432 3325 4499 Τρία
3355 4433 3460 4504 γὰρ
3500 4429 3567 4504 ἦν
3605 4433 3678 4486 τά

2104 4529 2359 4596 τάγματα
2400 4524 2550 4595 παρά
2588 4523 2858 4585 Ἰουδαίοις
2888 4522 3029 4575 κατά
3066 4523 3158 4575 τοῦ
3187 4525 3435 4596 Σωτῆρος
3474 4527 3677 4580 ἐπανα-

2107 4619 2322 4676 στάντα,
2356 4616 2720 4686 γραμματεῖς,
2750 4615 3051 4683 Φαρισαῖοι,
3084 4614 3177 4667 καὶ
3210 4615 3423 4684 νομικοί
3444 4632 3456 4644 ·
3500 4617 3548 4668 οἳ
3578 4617 3677 4670 καὶ

2104 4708 2351 4778 κληθεῖεν
2378 4706 2601 4768 εἰκότως
2632 4705 2846 4768 ἀσεϐεῖς
2879 4705 2972 4758 καὶ
3001 4706 3310 4776 ἁμαρτωλοὶ
3355 4707 3446 4760 καὶ
3474 4707 3674 4778 λοιμοί.

2116 4799 2261 4862 Ὁδὸς
2293 4798 2388 4868 μὲν
2417 4801 2445 4851 ὁ
2472 4797 2585 4866 βίος
2629 4796 2843 4868 εἴρηται
2870 4795 2954 4848 διὰ
2985 4797 3079 4867 τὴν
3107 4797 3242 4868 πρὸς
3277 4798 3336 4849 τὸ
3383 4797 3532 4861 τέλος
3565 4799 3675 4852 τῶν

2101 4889 2454 4958 γεννωμένων
2487 4885 2724 4957 ἕπαξιν.]

2172 4979 2469 5052 Μακᾴριος
2494 4978 2648 5047 ἀνὴρ
2679 4979 2744 5043 ὃς
2769 4981 2878 5033 οὐκ
2906 4979 3192 5048 ἐπορεύθη
3219 4979 3508 5050 ἐνβουλῇ
3531 4980 3678 5036 ἀσε-

433 5071 621 5126 Potest
641 5073 930 5126 consilium
959 5073 1248 5141 impiorum
1283 5082 1458 5129 enatus
1481 5077 1586 5131 dici
1612 5092 1675 5130 ac
1704 5089 2000 5133 conventus

2117 5070 2238 5125 ῗῶν.
2270 5071 2502 5122 Δυνατὸν
2553 5071 2610 5122 δὲ
2653 5069 2842 5140 βουλὴν
2884 5071 3094 5124 ἀσεϐῶν
3128 5075 3298 5124 εἰπεῖν
3326 5073 3424 5142 τὴν
3458 5072 3677 5129 σύνοδον

433 5165 824 5233 improborum.
861 5163 1104 5234 Cumque
1155 5166 1378 5219 noxium
1428 5168 1499 5220 sit
1543 5183 1661 5222 sese
1709 5168 1998 5236 impiorum

2117 5164 2199 5216 mi.
2236 5162 2334 5230 τὴν
2361 5161 2664 5215 συνέλευσιν
2690 5162 2795 5214 τῶν
2819 5163 3089 5234 πονηρῶν.
3116 5165 3225 5216 Καὶ
3259 5164 3378 5216 ἐπεὶ
3412 5164 3676 5236 βλαϐερὸν

433 5258 664 5312 cratibus
703 5258 1028 5320 immiscere,
1060 5259 1277 5313 beatum
1306 5260 1439 5314 dicit
1465 5277 1610 5323 eum,
1646 5261 1738 5329 qui
1773 5277 1839 5315 ne
1870 5270 1994 5315 tan-

2117 5256 2164 5307 τὸ
2197 5257 2305 5317 τοῖς
2332 5253 2656 5324 ἀθροίσμασι
2694 5254 2801 5306 τῶν
2829 5254 3039 5307 ἀσεϐῶν
3081 5254 3466 5326 παραϐάλλειν,
3498 5273 3677 5326 μακα-

435 5347 604 5400 tillum
630 5348 846 5416 quidem
873 5348 938 5402 ad
970 5348 1184 5401 illorum
1221 5362 1520 5404 conventus
1552 5349 2000 5418 accedit.Hujus-

2117 5346 2242 5417 ρίζει
2265 5346 2354 5399 τὸν
2387 5346 2519 5416 μηδὲ
2551 5344 2690 5398 κατά
2717 5346 2879 5400 ποσὸν
2907 5347 2986 5408 είς
3011 5345 3070 5398 τὸ
3099 5346 3258 5398 αὑτὸν
3292 5345 3473 5408 αὐτοῖς
3512 5345 3672 5414 ἐρχό-

433 5438 578 5492 modi
605 5449 720 5493 erat
741 5438 939 5509 Joseph
970 5441 1038 5494 ab
1059 5440 1359 5495 Arimathia
1388 5461 1400 5496 :
1434 5444 1527 5510 qui
1561 5458 1756 5511 corpus
1789 5443 2001 5497 Domini

2117 5454 2281 5491 ιενον.
2312 5435 2560 5499 Τοιοῦτος
2585 5437 2825 5506 ὑπῆρχεν
2851 5439 2879 5488 ὀ
2908 5436 3105 5506 Ἰωσὴφ
3134 5439 3162 5488 ὁ
3191 5436 3296 5488 ἀπὸ
3325 5434 3668 5505 Ἀριμαθίας,

433 5541 498 5581 ac
526 5525 619 5580 Dei
670 5529 935 5596 sepelivit.
989 5528 1064 5583 De
1094 5530 1186 5582 illo
1220 5546 1453 5600 namque
1484 5531 1688 5586 dictum
1717 5530 1820 5586 fuit
1852 5531 1999 5601 quod

2117 5532 2126 5582 i
2158 5530 2217 5582 τὸ
2246 5527 2403 5598 σῶμα
2429 5529 2521 5580 τοῦ
2554 5528 2756 5599 Κυρίου
2784 5530 2876 5580 καὶ
2902 5527 3036 5580 Θεοῦ
3065 5527 3255 5597 θάψας.
3289 5528 3517 5599 Εἴρηται
3558 5525 3670 5596 γὰρ

433 5631 540 5670 non
564 5617 944 5687 astipularetur
965 5619 1194 5674 consilio
1230 5635 1419 5674 eorum
1457 5622 1549 5690 qui
1591 5620 1778 5677 Jesum
1823 5623 2001 5692 prodi-

2117 5622 2227 5692 περὶ
2256 5618 2442 5686 αὐτοῦ,
2472 5619 2546 5684 ὡς
2597 5620 2696 5672 οὐκ
2741 5616 2810 5690 ἧν
2863 5618 3382 5689 συγκατατιθέμενος
3407 5622 3471 5688 τῇ
3505 5618 3668 5688 βουλῇ

359 5781 362 5784 φ
431 5709 577 5766 dere.
617 5709 682 5766 Et
718 5711 772 5766 in
793 5711 1043 5768 cathedra
1071 5714 1424 5782 pestilentium
1457 5729 1557 5766 non
1591 5714 1747 5772 sedit.
1779 5713 1882 5771 Per
1905 5732 1996 5772 ca-

2117 5713 2206 5770 ιῶν
2235 5710 2407 5782 Ἰησοῦ
2438 5711 2725 5783 προδοτῶν.
2747 5710 2855 5766 Καὶ
2877 5711 2973 5764 ἐπὶ
3001 5709 3290 5781 καθέδραν
3314 5707 3534 5780 λοιμῶν
3551 5711 3682 5764 οὐκ-
