3874 6218
166 358 223 415 61
1340 357 1706 415 EXPOSlTIO
1744 358 1813 414 IN
1847 359 2186 416 PSALMUM
2216 362 2258 419 Ι.

3318 353 3393 409 02

162 476 404 533 ἐκάθισε.
432 476 529 529 Διὰ
553 477 649 547 τῆς
675 475 943 546 καθέδρας
965 474 1063 547 τὴν
1083 476 1428 532 διδασκαλίαν
1454 480 1620 549 δηλοῖ,
1647 478 1704 541 ὥς

1824 499 2092 565 thedram,
2123 499 2423 553 doctrinam
2458 496 2746 565 signiﬂcat,
2787 503 2846 550 ut
2872 495 2984 564 ipse
3018 492 3188 547 ait“:
3223 492 3390 559 Super

164 586 345 641 φησιν·
388 567 513 621 Ἐπί
540 566 646 633 τῆς
674 567 963 635 καθέδρας
999 567 1274 633 Μωσέως.
1309 570 1560 641 Καθέδρα
1605 571 1714 623 τοί-

161 679 247 716 wv
273 660 467 731 λοιμῶν
498 663 529 730 ἡ
554 660 868 713 διδασκαλία
899 662 1007 713 τῶν
1036 661 1305 731 πονηρῶν.

235 753 465 822 Ἡμέρας
498 752 592 805 καί
626 755 861 818 νυκτός.
910 754 983 806 Tb
1023 754 1267 806 σύντονον
1299 753 1464 823 δηλοῖ.
1497 754 1569 806 Οὑ
1605 752 1712 825 γὰρ

160 845 501 917 ἠμελημένως
527 846 606 897 δεῖ
634 844 861 915 μελετᾷν
893 845 983 897 τὸν
1010 845 1170 915 νόμον
1197 844 1290 898 τοῦ
1322 846 1547 915 Κυρίου.

221 1023 401 1096 [Ἀλλ’
516 1025 585 1077 ἐν
617 1022 695 1088 τῷ
722 1025 881 1094 νόμῳ
910 1027 1129 1093 Κυρίου
1158 1025 1223 1079 τὸ
1248 1024 1476 1093 θέλημα
1501 1025 1708 1089 αὐτοῦ,

154 1117 242 1169 καὶ
268 1117 334 1168 ἐν
361 1133 440 1180 τῳ
476 1117 635 1183 νόμῳ
664 1118 848 1171 αὐτοῦ
872 1118 1189 1187 μελετήσει
1224 1118 1447 1187 ἡμέρας
1479 1119 1574 1169 καὶ
1602 1135 1711 1170 νυ-

153 1209 297 1272 κτός.
332 1208 418 1279 Τῷ
448 1208 613 1276 νόμῳ,
645 1207 721 1277 τῷ
751 1210 1020 1280 ἀγγελικῷ
1054 1211 1312 1281 δηλονότι.
1353 1210 1425 1262 Τὸ
1463 1210 1710 1262 σύντονον

152 1301 315 1369 δηλοῖο
350 1303 405 1354 οὑ
438 1303 545 1374 γὰρ
574 1304 932 1374 ἠμελημένως
960 1302 1040 1354 δεῖ
1067 1302 1293 1371 μελετᾷν
1325 1302 1413 1353 τὸν
1433 1302 1593 1369 νόμον
1617 1299 1709 1352 τοῦ

152 1391 358 1460 Κυρίου.
390 1393 462 1445 Οὑ
513 1394 620 1463 γὰρ
665 1393 795 1445 ποτὲ
840 1393 919 1444 δεῖ
962 1396 1071 1453 τοῖς
1102 1391 1347 1461 μελετᾷν,
1380 1392 1509 1442 ποτὲ
1536 1390 1591 1442 δὲ
1620 1387 1703 1455 οὑ,

151 1481 253 1533 ἀλλ’
285 1483 365 1534 ἀεὶ
408 1484 501 1536 καὶ
542 1484 831 1546 διαπαντὸς
869 1486 980 1545 τοῖς
1009 1484 1170 1545 θείοις
1203 1482 1398 1549 λογίοις
1428 1481 1709 1553 προσηλῶ-

152 1572 291 1625 σθαιο
326 1575 481 1627 τοῦτο
512 1577 622 1645 γὰρ
647 1575 796 1646 δηλοῖ
823 1576 900 1635 τὸ,
934 1574 1156 1641 ἡμέρας
1200 1574 1298 1626 καὶ
1327 1575 1564 1637 νυκτός.
1598 1575 1709 1625 Κα-

149 1664 230 1727 λὸς
250 1664 339 1718 τοῦ
374 1667 796 1737 κατορθώματος
827 1669 853 1719 ὁ
881 1666 1097 1737 μισθός·
1130 1669 1157 1719 ό
1183 1665 1289 1735 γὰρ
1320 1665 1397 1735 τῷ
1424 1665 1551 1735 θείῳ
1579 1682 1705 1734 σχο-

148 1754 309 1819 λάζων
339 1756 484 1826 νόμῳ
513 1758 607 1809 καὶ
637 1761 747 1820 τοῖς
776 1759 839 1809 ὲκ
866 1757 1054 1810 τούτου
1076 1756 1307 1826 νάμασιν
1330 1756 1700 1827 ἀρδευόμενος.

148 1846 245 1897 Καὶ
279 1844 416 1917 ὕδωρ
436 1847 528 1899 καὶ
557 1849 586 1899 ό
608 1848 839 1917 Χριστὸς
880 1848 978 1917 τὴν
1007 1846 1200 1899 ἑαυτοῦ
1231 1846 1572 1899 διδασκαλίαν
1616 1846 1709 1898 ἀν·
1741 1839 1780 1891 Β

147 1937 383 1990 εκάλεσεν
404 1940 575 1991 είπών
592 1956 604 1969 ’
630 1940 703 1992 Εἴ
722 1957 810 2003 τις
842 1938 1008 2007 διψᾷ,
1032 1936 1293 2007 ἐρχέσθω
1318 1937 1464 2005 πρὸς
1493 1938 1590 2005 μὲ,
1608 1937 1703 1989 καὶ

148 2026 455 2098 πινέτω.Τῷ
472 2046 547 2080 πα
557 2030 603 2098 ρ’
617 2027 769 2080 ὕδασι
786 2028 984 2098 δένδρῳ
1000 2028 1323 2080 ἀπείκασται
1340 2027 1702 2097 ἀεὶτεθηλότι,

147 2120 223 2170 ἀεὶ
244 2118 469 2188 βρίθοντι
491 2124 605 2182 τοῖς
630 2120 870 2191 ὡραίοις.
901 2118 964 2172 Ol
997 2120 1104 2190 γὰρ
1124 2122 1221 2190 τῆς
1248 2120 1444 2191 ἀρετῆς
1478 2119 1705 2189 ἀθληταὶ

146 2208 256 2271 τοὺς
303 2209 393 2279 μὲν
438 2210 547 2262 τῶν
584 2210 759 2263 πόνων
792 2211 1035 2280 καρποὺς
1065 2209 1205 2261 κατά
1242 2209 1302 2261 τὸ
1334 2208 1521 2279 μέλλον
1547 2209 1695 2279 κομί-

148 2316 339 2354 σονται·
367 2297 475 2355 οἷον
505 2302 564 2355 δέ
602 2320 711 2355 τισι
755 2303 973 2370 φύλλοις
1004 2301 1291 2355 κάντεῦθεν
1315 2305 1379 2373 τῇ
1412 2301 1585 2372 ἀγαθῇ
1618 2301 1705 2353 ἐλ-

146 2393 243 2445 πίδι
291 2394 763 2459 κατασκιάζονται,
792 2394 884 2447 καὶ
935 2395 1222 2446 κλέπτουσι
1270 2396 1333 2464 τῇ
1380 2393 1703 2463 ψυχαγωγίᾳ

144 2487 230 2554 τὴν
252 2485 351 2537 τῶν
384 2486 561 2538 πόνων
590 2485 885 2555 βαρύτητα.
921 2486 1009 2556 Τῷ
1041 2485 1265 2555 τοιούτῳ
1299 2486 1474 2538 πάντα
1511 2485 1703 2537 εὑοδω-

146 2573 364 2644 θήσεται.
383 2576 546 2628 Οὐδὲν
580 2576 688 2644 γὰρ
714 2575 951 2628 ἐναντίον
978 2579 1091 2637 τοῖς
1118 2574 1281 2637 θείοις
1303 2575 1484 2645 νόμοις
1508 2576 1702 2645 διενερ-

146 2665 303 2734 γήσει,
334 2664 410 2734 τῷ
438 2666 531 2717 τοῦ
585 2666 750 2734 νόμου
781 2665 1079 2735 βουλήματι
1110 2665 1492 2734 συναρμόττων
1517 2666 1578 2717 τὸ
1611 2664 1698 2717 θέ-

144 2753 301 2824 λημα·
340 2752 603 2827 πρότερον
630 2758 840 2810 ἅπαντα
870 2756 968 2825 τῆς
994 2755 1190 2818 κακίας
1218 2754 1599 2827 ἀπαγορεύσας
1628 2756 1695 2810 τὰ

147 2846 265 2917 εἴδη,
298 2850 387 2900 καὶ
415 2848 519 2900 τῶν
550 2848 710 2900 θείων
738 2848 913 2918 νόμων
937 2845 1219 2910 ὑποδείξας
1240 2847 1338 2917 τὴν
1362 2846 1691 2917 τελειότητα,

147 2936 295 3002 οὕτως
324 2941 593 3011 ἐπήγαγε·
628 2938 829 2994 Πάντα
860 2938 977 2992 ὅσα
1008 2938 1084 2993 ἂν
1108 2937 1296 3011 ποιῇ]

1821 592 2123 643 cathedram
2150 590 2341 659 Moysi.
2397 589 2666 643 Cathedra
2699 588 2863 657 igitur
2886 586 3273 655 pestilentium,
3307 592 3391 638 est

1812 682 2056 735 dortrina
2095 681 2426 749 iniquorum.

1882 774 1933 827 2.
1970 772 2067 825 Die
2097 790 2157 825 ac
2184 784 2348 825 nocte.
2376 772 2611 824 Fervens
2632 769 2797 823 animi
2826 767 3066 823 studium
3097 764 3389 834 signiﬁcat.

1815 862 2093 934 Siquidem
2140 880 2249 918 non
2297 870 2380 916 est
2418 860 2788 916 meditandum
2840 859 3171 928 negligenter
3218 857 3389 926 legem

1812 952 2048 1006 Domini.

1885 1044 2012 1115 [Sed
2053 1046 2105 1096 in
2135 1043 2245 1113 lege
2278 1042 2493 1095 Domini
2527 1042 2768 1095 voluntas
2802 1040 2938 1109 ejus,
2971 1038 3097 1091 etin
3133 1037 3241 1106 lege
3275 1036 3389 1105 ejus

1813 1137 2153 1191 meditabitur
2182 1137 2266 1189 die
2297 1153 2357 1189 ac
2389 1143 2555 1187 nocte.
2588 1134 2639 1185 In
2673 1134 2806 1201 lege,
2841 1132 3084 1201 angelica
3114 1129 3385 1182 videlicet.

1809 1229 2225 1285 Contentionem
2277 1229 2545 1297 signiﬁcat
2590 1242 2653 1280 ac
2699 1225 3076 1293 diligentiam;
3111 1238 3214 1274 non
3239 1219 3385 1274 enim

1811 1322 2039 1374 remisse
2070 1336 2133 1373 ac
2158 1319 2492 1387 negligenter
2519 1325 2730 1384 oportet
2759 1316 2925 1384 legem
2965 1312 3174 1365 Domini
3213 1309 3387 1363 medi-

1810 1412 1932 1465 tari.
1970 1409 2152 1478 Neque
2193 1411 2354 1461 modo
2388 1408 2793 1469 meditandum,
2831 1405 2991 1458 modo
3027 1402 3385 1471 SuperSeden-

1808 1503 1935 1557 dum
1989 1502 2377 1564 meditatione;
2421 1500 2513 1554 sed
2562 1514 2776 1567 semper
2822 1506 2874 1551 et
2916 1495 3139 1549 assidue
3188 1493 3386 1546 divinis

1808 1595 2042 1648 oraculis
2079 1609 2196 1647 sese
2236 1594 2484 1646 addicere
2517 1607 2655 1661 opus
2691 1600 2813 1644 est:
2849 1590 2899 1643 id
2933 1590 3075 1642 enim
3112 1585 3386 1655 signiﬁca-

1809 1692 1897 1739 tur
1944 1686 2048 1738 hoc
2093 1686 2256 1749 dicto,
2290 1684 2373 1736 die
2408 1701 2468 1735 ac
2499 1694 2664 1736 nocte.
2699 1682 2845 1735 Bona
2886 1690 2969 1735 est
3013 1694 3222 1732 merces
3252 1676 3383 1729 boni

1809 1779 2027 1846 operis:
2057 1778 2148 1848 qui
2196 1779 2339 1831 enim
2390 1776 2585 1829 divinm
2631 1783 2787 1828 vacat
2828 1774 2952 1843 legi,
2999 1773 3119 1841 ejus
3165 1768 3384 1823 ﬂuentis

1810 1868 2086 1937 irrigatur.
2127 1869 2379 1923 Christus
2405 1884 2622 1938 quoque
2652 1867 2952 1920 doctrinam
2985 1879 3139 1917 suam
3170 1861 3384 1914 vocavit

1811 1975 2029 2029 aquam,
2055 1977 2176 2015 cum
2210 1962 2383 2014 ait":
2416 1960 2474 2014 Si
2508 1962 2621 2029 quis
2641 1960 2777 2021 sitit,
2810 1958 2981 2011 veniat
3008 1955 3075 2007 ad
3108 1970 3186 2006 me
3222 1962 3270 2005 ct
3300 1952 3382 2004 bi-

1811 2051 1919 2103 bat.
1973 2049 2143 2119 Ligno
2183 2050 2249 2103 ad
2289 2066 2459 2119 aquas
2501 2050 2678 2117 posito
2712 2053 3060 2114 comparatus
3095 2050 3198 2107 est,
3237 2040 3383 2109 quod

1786 2156 2021 2209 semper
2047 2141 2220 2206 ﬂoret,
2241 2158 2453 2210 semper
2476 2140 2742 2194 fructibus
2770 2134 3104 2205 tempestivis
3122 2142 3380 2186 onustum

1810 2242 1912 2287 est.
1936 2231 2072 2285 Nam
2108 2234 2323 2286 virtutis
2365 2233 2579 2286 athletae
2623 2231 2871 2284 laborum
2910 2227 3128 2296 quidem
3168 2224 3381 2278 fructus

1808 2322 1863 2375 in
1897 2322 2083 2377 futuro
2120 2332 2417 2393 reportant,
2458 2332 2530 2386 et,
2566 2338 2664 2375 ceu
2697 2319 3025 2390 quibusdam
3063 2314 3208 2368 foliis
3255 2313 3383 2366 inde

1804 2413 2049 2476 emissis,
2079 2428 2173 2482 spe
2217 2414 2357 2467 bona
2398 2414 2812 2473 adumbrantur,
2845 2409 3205 2473 laborumque
3250 2418 3378 2472 gra-

1802 2504 2021 2558 vitatem
2072 2504 2385 2573 hujusmodi
2448 2504 2783 2558 recreatione
2850 2499 3207 2553 sulfurantur.
3259 2492 3379 2546 Tali

1800 2598 1918 2651 viro
1950 2600 2130 2652 omnia
2156 2613 2368 2666 semper
2401 2611 2657 2666 prospere
2683 2601 2910 2649 vertent.
2935 2589 3081 2643 Nihil
3120 2588 3262 2642 enim
3289 2587 3375 2639 di-

1801 2686 1945 2740 vinis
1990 2687 2198 2757 legibus
2247 2686 2619 2741 adversarium
2666 2684 2933 2748 admittet,
2971 2680 3065 2749 qui
3112 2676 3377 2737 voluntati

1805 2777 1940 2847 legis
1975 2794 2131 2833 suam
2180 2777 2557 2833 accommodat
2594 2776 2964 2829 voluntatem:
3002 2770 3128 2840 quia
3162 2785 3191 2822 a
3228 2768 3379 2836 prin-

1804 2869 1946 2938 cipio
1974 2869 2063 2923 ille
2094 2884 2284 2923 omnes
2326 2869 2545 2922 malitiae
2588 2868 2798 2936 species
2837 2862 3159 2927 eliminavit,
3189 2868 3240 2915 et
3282 2859 3377 2913 de-

1804 2958 2004 3012 clarata
2031 2959 2335 3013 divinarum
2355 2960 2531 3028 legum
2558 2957 2907 3027 perfectione,
2934 2956 3007 3008 ita
3034 2951 3224 3006 infert:
3245 2948 3375 3004 0m-

1802 3053 1893 3105 nia
1922 3067 2239 3121 qua’cuuque
2271 3049 2476 3121 faciet.]

211 3160 297 3216 His
324 3164 507 3232 adjicit
546 3163 688 3217 Dan.
712 3162 981 3216 Barbarus
1006 3177 1024 3216 :
1050 3161 1140 3215 Die
1158 3169 1336 3215 autem
1370 3159 1657 3213 meditatur
1681 3160 1773 3229 qui
1800 3161 1851 3215 in
1880 3163 2171 3218 virtutibus
2201 3161 2437 3233 proﬁcit,
2466 3170 2623 3215 nocte
2648 3175 2797 3224 vero,
2817 3158 2911 3229 qui
2934 3174 3057 3214 eum
3086 3158 3375 3230 perturba-

147 3255 304 3310 tiones
340 3256 657 3325 insurgunt,
687 3254 969 3307 immotam
997 3262 1178 3308 servat
1208 3251 1377 3306 animi
1406 3252 1842 3321 generositatem.

206 3367 306 3421 Kal
346 3369 513 3423 ἔσται
545 3369 632 3433 ὡς
660 3368 723 3420 τὸ
751 3368 941 3431 ξύλον
970 3365 1035 3420 τὸ
1067 3364 1519 3434 πεφυτευμένον
1542 3363 1700 3431 παρὰ
1727 3370 1768 3428 C

146 3457 237 3522 τὰς
271 3458 574 3523 διεξόδους
620 3458 737 3511 τῶν
784 3457 1039 3512 ὑδάτων.
1058 3456 1544 3526 Ἐξομολογήσεως,
1583 3456 1699 3526 ἦτοι

145 3549 429 3621 παραϐολῆς
453 3548 613 3614 ξύλον
642 3549 670 3599 ὁ
698 3546 933 3617 Χριστὸς
961 3547 1371 3616 ἀναγέγραπται
1406 3547 1461 3597 ἐν
1490 3549 1553 3616 τῇ
1586 3546 1701 3600 θεο-

146 3640 368 3711 πνεύστῳ
407 3642 625 3714 Γραφῇ,
656 3640 795 3693 κατὰ
832 3640 893 3691 τὸ
944 3638 1229 3709 εἰρημένον
1253 3655 1266 3667 ·
1316 3638 1514 3691 Ξύλον
1555 3638 1701 3707 ζωῆς

142 3731 257 3785 ἐστι
284 3732 425 3788 πᾶσι
454 3733 582 3799 τοῖς
604 3732 1021 3801 ἀντεχομένοις
1048 3730 1254 3799 αὐτῆς.
1289 3731 1446 3799 Λέγει
1475 3728 1586 3796 οὖν,
1619 3733 1699 3785 ὅτι

142 3825 185 3874 οί
212 3826 591 3888 πιστεύσαντες
617 3824 692 3893 τῷ
722 3823 941 3895 Χριστῷ
972 3824 1129 3894 σῶμα
1158 3822 1320 3876 αὑτοῦ
1344 3823 1583 3880 ἕσονται’
1612 3842 1700 3894 με·

141 3919 510 3987 τασχηματίσει
559 3916 672 3988 γὰρ
716 3917 775 3969 τὸ
822 3917 979 3986 σῶμα
1009 3916 1108 3985 τῆς
1137 3915 1512 3978 ταπεινώσεως
1543 3916 1699 3986 ἡμῶν

144 4006 261 4074 πρὸς
303 4008 359 4059 τὸ
403 4008 663 4077 γενέσθαι
698 4006 1018 4077 σύμμορφον
1044 4005 1122 4076 τῷ
1158 4004 1367 4075 σώματι
1405 4006 1503 4075 τῆς
1542 4006 1698 4075 δόξης

144 4096 307 4149 αὑτοῦ.
356 4099 673 4163 Διεξόδους
718 4098 775 4150 δὲ
818 4098 935 4149 τῶν
986 4096 1218 4150 ὑδάτων
1253 4096 1353 4160 τὰς
1383 4097 1532 4158 θείας
1565 4098 1697 4166 φησὶ

143 4186 176 4236 Γ
180 4190 358 4256 ραφάς·
393 4192 447 4242 ἐν
482 4185 571 4253 αἷς
606 4187 916 4257 ἅπανταχοῦ
954 4188 1098 4240 ἔστιν
1132 4188 1309 4258 εὑρεῖν
1340 4187 1571 4258 Χριστὸν
1594 4204 1705 4258 κη-,

146 4282 467 4350 ρυσσόμενον.
516 4281 534 4353 [
559 4281 729 4333 Ξύλον
759 4280 903 4349 ζωῆς
931 4282 958 4331 ὁ
990 4279 1243 4350 Χριστὸς,
1273 4278 1452 4331 κλάδοι
1481 4280 1526 4331 οί
1564 4279 1697 4331 ἀπό-

145 4372 316 4436 στολοι,
344 4374 553 4444 καρπὸς
583 4368 721 4442 αἷμα
750 4373 840 4423 καὶ
870 4370 1012 4441 ὕδωρ
1035 4372 1097 4423 ὲκ
1119 4373 1219 4441 τῆς
1248 4370 1511 4440 πλευρᾶς*
1538 4364 1611 4422 ὧν
1638 4370 1698 4422 τὸ

146 4464 229 4531 μὲν
273 4467 348 4526 είς
380 4466 734 4519 ὑποτύπωσιν
770 4464 1087 4535 μαρτυρίου,
1118 4463 1178 4515 τὸ
1211 4463 1267 4515 δὲ
1303 4462 1691 4532 βαπτίσματος.

142 4554 298 4607 Φύλλα
323 4558 368 4609 οἱ
392 4557 537 4625 λόγοι
564 4574 577 4586 ·
614 4555 824 4627 καρπὸν
854 4553 947 4607 τοῦ
984 4552 1139 4619 ξύλου
1174 4553 1385 4623 νοήσεις
1410 4552 1505 4622 τὴν
1532 4552 1696 4627 ὀρθὴν

144 4644 328 4698 πίστιν
362 4648 530 4717 φύλλα
581 4648 638 4700 δὲ
681 4644 845 4699 αὑτοῦ
876 4646 975 4716 τὴν
1004 4645 1279 4715 πλήρωσιν
1316 4643 1422 4697 τῶν
1447 4643 1693 4698 ὲντολῶν.

144 4737 346 4807 Καρπδς
374 4742 467 4794 καὶ
504 4742 554 4793 οί
596 4739 906 4809 σωζόμενοι,
942 4737 1065 4808 ῥίζα
1096 4736 1158 4789 τὸ
1185 4736 1465 4806 βάπτισμα
1484 4754 1497 4767 ο
1524 4753 1697 4808 γεωρ-
1726 4717 1769 4771 D

143 4828 227 4893 γὸς
252 4833 277 4882 ὁ
307 4833 538 4905 Πατήμ]
577 4835 639 4883 Ὃ
662 4836 769 4884 τὸν
801 4830 1031 4898 καρπὸν
1058 4829 1242 4883 αὐτοῦ
1272 4828 1446 4881 δώσει
1467 4828 1536 4880 ἐν
1569 4845 1696 4882 και-

138 4916 215 4982 ρῷ
238 4922 431 4975 αὑτοῦ.
458 4923 687 4993 Καρπδν
727 4921 821 4974 τοῦ
872 4919 1027 4984 ξύλου
1074 4920 1285 4991 νοήσεις
1327 4918 1425 4989 τὴν
1472 4918 1692 4971 πίστιν·

146 5008 299 5074 φύλλα
341 5012 395 5063 δὲ
439 5013 601 5065 αὑτοῦ
635 5012 732 5083 τὴν
764 5012 1040 5083 πλήρωσιν
1068 5009 1178 5062 τῶν
1213 5009 1459 5061 ἐντολῶν.
1493 5008 1600 5061 Kal
1631 5008 1693 5060 τὸ

146 5102 362 5171 φύλλον
390 5107 573 5174 αὑτοῦ
603 5109 711 5160 οὐκ
740 5104 1212 5173 ἀπορῤυήσεται,
1260 5102 1357 5154 οὑκ
1408 5102 1697 5153 ἀποπεσεῖ-

148 5208 245 5244 ται.
278 5197 378 5249 Καὶ
403 5198 595 5251 πάντα
617 5198 733 5251 ὅσα
754 5198 832 5252 ἂν
856 5195 997 5264 ποιῇ
1024 5192 1585 5261 κατευοδωθήσεται.
1621 5192 1695 5245 Οὑ

150 5285 245 5356 γάρ
271 5290 377 5342 ἐστι
406 5292 599 5361 πρᾶξις
622 5292 727 5343 τῶν
756 5290 895 5344 κατὰ
919 5290 1049 5343 Θεὸν
1070 5288 1366 5358 γινομένων
1392 5284 1693 5355 ἀνωφελής.

152 5373 357 5450 ῐΚαιρδς
388 5382 479 5435 τοὺ
510 5384 702 5437 διδόναι
732 5386 765 5455 ἡ
799 5382 892 5455 τοὺ
930 5382 1295 5453 λαμὸἁνοντος
1328 5378 1697 5451 ἐπιτηδειότης

156 5466 326 5541 ἐστίν]

219 5563 308 5616 Διὰ
324 5565 492 5620 τοῦτο
518 5569 625 5621 οὐκ
645 5566 1094 5636 ἀναστήσονται
1123 5564 1357 5631 ἀσεϐεῖς
1384 5564 1453 5618 ἐν
1479 5564 1692 5631 κρίσει.

162 5650 245 5706 Διὰ
267 5654 413 5710 τοῦτο
435 5658 552 5729 μὲν,
581 5660 667 5713 διά
689 5660 750 5713 τὸ
778 5660 851 5731 μὴ
873 5659 1014 5730 ἔχειν
1044 5657 1215 5730 ῥίζαν,
1243 5658 1356 5712 ἀλλ’
1377 5656 1594 5727 ὁμοίους
1617 5650 1692 5707 εῖ-

1872 3369 1924 3422 5.
1946 3373 2014 3423 Et
2037 3373 2136 3424 erit
2156 3382 2404 3442 tanquam
2436 3373 2635 3443 lignum
2659 3372 2797 3441 quod
2818 3370 3116 3441 plantatum
3141 3382 3239 3436 est,
3269 3382 3373 3429 etc.

1800 3457 2175 3515 Confessionis
2214 3464 2327 3517 sive
2379 3464 2541 3515 etiam
2586 3462 2860 3530 parabolae
2892 3461 3096 3531 lignum
3124 3460 3378 3516 Christus

1801 3566 1922 3605 esse
1938 3552 2261 3606 describitur
2282 3554 2333 3605 in
2350 3552 2607 3606 divinitus
2625 3552 2886 3621 inspirata
2904 3549 3204 3619 Scriptura,
3219 3550 3374 3618 juxta

1801 3641 1933 3696 illud
1960 3642 2214 3713 :Lignum
2243 3644 2364 3697 vita:
2384 3651 2459 3696 est
2485 3642 2722 3695 omnibus
2754 3641 3157 3709 suscipientibus
3174 3655 3289 3691 eam
3306 3638 3373 3694 ".

1799 3734 1889 3787 Ait
1931 3735 2095 3803 igitur
2138 3749 2233 3788 eos
2263 3735 2356 3803 qui
2390 3735 2445 3787 in
2483 3733 2761 3786 Christum
2795 3731 3139 3794 crediderint,
3176 3746 3376 3799 corpus

1799 3826 1918 3894 ejus
1949 3824 2165 3879 futuros
2208 3840 2349 3879 esse.
2392 3823 2831 3878 Transformabit
2859 3824 3005 3878 enim
3036 3838 3233 3893 corpus
3270 3823 3375 3876 hu-

1798 3916 2044 3970 militatis
2066 3924 2284 3981 nostrae,
2303 3915 2697 3984 conﬁguratum
2722 3914 2936 3982 corpori
2957 3914 3218 3968 claritatis
3237 3929 3369 3967 sum.

1801 4009 2060 4063 Decursus
2099 4023 2263 4077 porro
2318 4024 2597 4077 aquarum,
2651 4007 2865 4060 divinas
2921 4014 3081 4059 vocat
3131 4005 3375 4072 Scriptu-

1798 4115 1889 4154 ras
1918 4119 1930 4154 :
1966 4100 2021 4153 in
2054 4100 2253 4169 quibus
2288 4100 2493 4168 passim
2534 4097 2814 4152 Christum
2848 4095 3086 4164 reperire
3125 4102 3207 4149 est
3236 4110 3374 4163 prm-

1798 4192 2057 4245 dicatum.
2090 4190 2242 4255 Quod
2278 4191 2510 4259 fructum
2554 4204 2708 4242 suum
2750 4188 2898 4241 dabit
2922 4189 2977 4240 in
3007 4196 3232 4256 tempore
3254 4204 3370 4241 suo.

1801 4282 2052 4354 [Lignum
2079 4282 2204 4335 vitae
2236 4281 2511 4343 Christus,
2541 4280 2679 4332 rami
2724 4279 2976 4348 apostoli,
3006 4276 3214 4331 fructus
3246 4292 3374 4331 san-

1799 4375 1919 4445 guis
1949 4384 2002 4426 et
2024 4388 2163 4442 aqua
2198 4388 2265 4426 ex
2304 4372 2473 4425 latere
2506 4370 2717 4424 ﬂuens:
2752 4362 2988 4438 quorum
3022 4368 3111 4421 ille
3153 4366 3371 4436 quidem

1798 4467 1852 4521 in
1878 4465 2107 4521 formam
2147 4474 2202 4519 et
2237 4463 2545 4533 exemplum
2571 4462 2838 4533 martyrii,
2865 4461 2955 4513 illa
2982 4468 3161 4513 autem
3196 4458 3372 4528 bapti-

1798 4559 2009 4613 smatis.
2051 4556 2201 4610 Folia
2244 4565 2370 4610 sunt
2398 4568 2707 4618 sermones;
2744 4552 2979 4606 fructum
3017 4551 3146 4620 ligni
3175 4549 3373 4603 intelli-

1799 4665 1895 4718 gas
1925 4666 2045 4705 esse
2071 4658 2271 4704 rectam
2304 4648 2491 4711 tidem;
2521 4646 2650 4701 folia
2686 4648 2813 4700 item
2847 4646 3040 4713 ipsius,
3074 4651 3372 4711 praecepto-

1799 4758 1919 4797 rum
1961 4741 2431 4796 observationem:
2468 4738 2680 4793 fructus
2710 4738 2874 4792 etiam
2907 4744 3035 4789 sunt
3067 4734 3127 4795 ii,
3158 4734 3250 4803 qui
3282 4748 3371 4787 sa-

1798 4834 1962 4887 lutem
2010 4840 2452 4900 consequuntur;
2504 4831 2693 4895 radix,
2740 4829 3043 4898 baptisma;
3095 4824 3367 4897 agricola,

1747 4921 1753 4927 “
1795 4924 2001 4996 Pater.]
2033 4923 2293 4980 Fructum
2329 4924 2456 4993 ligni
2488 4922 2759 4992 intelligas
2794 4930 2996 4975 rectam
3027 4918 3187 4972 ﬁdem
3229 4935 3241 4969 :
3288 4916 3373 4969 fo-

1796 5018 1928 5070 lium
1964 5027 2141 5071 autem
2168 5016 2307 5084 ejus,
2342 5027 2425 5069 est
2450 5016 2606 5083 plena
2631 5014 2940 5069 observatio
2964 5013 3366 5066 mandatortm.

1798 5106 1867 5159 Et
1902 5106 2089 5175 folium
2120 5105 2232 5174 ejus
2279 5121 2381 5157 non
2421 5104 2633 5173 deﬂuet,
2664 5119 2771 5156 non
2809 5102 3041 5157 decidet.
3076 5097 3144 5151 Et
3195 5097 3369 5150 omnia

1799 5214 2119 5269 quazcnnque
2152 5198 2307 5263 faciet
2337 5198 2801 5266 prosperabuntur.
2825 5192 2983 5248 Nulla
3013 5191 3157 5245 enim
3183 5204 3372 5243 secun-

1799 5292 1927 5345 dum
1958 5288 2126 5343 Deum
2152 5289 2293 5342 actio
2324 5288 2557 5341 utilitate
2584 5295 2753 5341 caret.
2777 5284 3039 5356 [Tempus
3072 5280 3260 5343 dandi,
3286 5294 3372 5332 ac-

1798 5384 2047 5454 cipientis
2071 5381 2444 5452 opportunitas
2470 5378 2595 5450 est]

1871 5562 1922 5617 5.
1963 5561 2089 5615 Ideo
2119 5579 2219 5615 non
2251 5569 2516 5629 resurgeut
2560 5561 2707 5630 impii
2750 5559 2805 5611 in
2835 5554 3053 5624 judicio.
3100 5548 3366 5604 Nimirum

1802 5653 1929 5723 quia
1963 5669 2071 5710 non
2094 5653 2293 5711 habent
2337 5652 2596 5722 radicem,
2633 5652 2725 5708 sed
2767 5648 2971 5707 similes
3008 5650 3134 5702 sunt
3158 5637 3367 5711 pulveri

223 5765 258 5809 ’⁸
286 5768 461 5829 Matth.
491 5790 642 5846 χχιιι,
674 5777 727 5833 5.
786 5777 830 5863 ξ’
861 5774 1017 5838 Joan.
1055 5792 1148 5845 vn,
1183 5778 1267 5833 37.
1298 5850 1303 5853 _
1346 5776 1391 5809 "
1423 5774 1581 5830 Prov.
1614 5788 1695 5841 Ill.
1730 5768 1814 5825 13-
