3874 6218
467 341 538 399 83
1327 345 1383 400 S.
1426 341 1792 398 ATHANASII
1832 341 1984 398 OPP.
2026 341 2050 396 ῐ

2174 339 2205 394 5
2242 339 2328 395 ΙΙΙ.
2369 369 2438 382 -ρ
2475 339 2887 395 EXEGETICA.
3651 333 3721 389 64

470 469 630 516 teme
661 475 693 516 a
725 463 904 519 ventis
930 464 1154 536 agitato.
1176 463 1409 520 Ventum
1441 474 1620 519 autem
1658 465 1927 535 intelligas
1956 462 2047 517 Dei

2174 479 2238 514 ναι
2267 461 2351 532 χοῖ
2389 463 2492 532 γῆς
2526 463 2630 515 ὑπὸ
2653 461 2851 532 ἀνέμου
2887 458 3218 532 ῥιπιζομένῳ
3238 475 3253 488 ·
3287 457 3484 527 ἄνεμον
3511 454 3570 510 δὲ
3595 457 3721 528 νοή-

469 555 974 622 comminationem,
1008 573 1116 627 qua
1143 558 1275 612 dicit
1299 558 1342 588 ⁵⁷
1370 557 1669 612 :Discedite
1698 574 1729 610 α
1758 573 1856 618 me,
1880 557 2044 609 male-

472 645 624 709 dicti,
658 646 714 698 in
750 646 920 717 ignem
950 657 1221 702 wternum.
1269 647 1371 714 Qui
1403 648 1493 702 tali
1535 648 1718 702 audita
1754 662 1883 702 voce
1922 647 2045 718 jure

471 734 744 800 decident,
780 753 888 792 non
918 739 1062 792 enim
1113 741 1403 795 constitere
1448 741 1502 794 in
1530 739 1769 800 Christo,
1797 738 1890 810 qui
1928 753 2048 794 cre-

471 824 716 880 dentium
763 827 998 884 fulcrum
1034 838 1116 886 est
1155 845 1219 884 ac
1256 829 1692 884 fundamentum.
1718 827 1852 882 Nam
1883 829 2044 898 inju-

472 915 620 971 dicio
639 918 730 980 ait,
755 934 862 974 non
889 921 939 974 in
963 921 1407 989 interrogatione.
1431 921 1499 975 In
1519 921 1739 975 concilio
1751 921 2042 989 justorum,

473 1010 568 1063 ait.
588 1008 722 1065 Nam
743 1014 1206 1084 separabitjustos
1232 1031 1261 1070 a
1287 1016 1685 1086 peccatoribus.

545 1266 596 1322 6.
619 1269 883 1334 Quoniam
897 1275 1034 1328 novit
1058 1275 1310 1332 Dominus
1329 1281 1956 1349 viamjustorum.Novit,
1976 1285 2046 1340 ibi

473 1359 712 1426 positum
741 1372 824 1418 est
851 1380 970 1433 pro,
1003 1366 1226 1422 honorat
1247 1387 1263 1429 ;
1282 1373 1578 1426 secundum
1603 1374 1651 1428 id
1679 1375 1824 1444 quod
1843 1376 2047 1430 dictum

476 1465 506 1502 a
538 1449 645 1505 Deo
673 1457 844 1510 estad
876 1457 1077 1513 Mosem
1101 1461 1147 1492 ⁸⁸
1174 1480 1186 1515 :
1219 1460 1358 1516 Novi
1389 1473 1435 1516 te
1465 1481 1576 1533 praz
1610 1467 1871 1530 omnibus,
1894 1470 2051 1536 quasi

476 1541 620 1596 dicat
655 1563 666 1597 :
700 1545 912 1600 honoro
937 1559 1006 1611 te,
1057 1560 1111 1604 et
1153 1551 1406 1607 invenisti
1449 1557 1678 1624 gratiam
1724 1572 1906 1612 coram
1943 1575 2048 1616 me.

553 1632 793 1690 PSALM
803 1636 891 1693 US
926 1639 987 1694 Η
1018 1641 1402 1700 .Daridi:caret
1431 1647 1767 1716 inscriptione
1807 1649 1947 1719 apud

1130 1735 1404 1792 Hebrwos.

1067 1826 1104 1878 A
1116 1838 1464 1897 rgumentum.

480 1903 773 1977 Postquam
800 1911 851 1964 in
878 1913 1052 1982 primo
1082 1917 1290 1984 psalmo
1313 1918 1552 1974 Judaicae
1574 1923 1748 1988 gentis
1779 1923 2050 1994 principes

551 2001 764 2054 vocavit
797 2003 1018 2072 impios,
1054 2019 1368 2075 peccatores
1399 2020 1452 2065 et
1491 2013 1836 2081 pestilentes;
1861 2015 1915 2068 in
1947 2017 2051 2072 hoc

551 2089 747 2144 iterum
775 2108 961 2148 eorum
997 2111 1160 2165 opera
1189 2111 1434 2156 recenset
1458 2101 1766 2172 huiusmodi
1797 2121 1928 2161 usus
1953 2121 2052 2161 no-

549 2181 807 2248 minibus,
836 2185 968 2254 ipsis
1007 2188 1211 2256 optime
1241 2195 1685 2262 congruentibus.
1722 2195 2050 2268 [Postquam

548 2273 782 2341 primum
807 2277 1075 2344 psalmum
1112 2297 1208 2350 per
1234 2283 1526 2352 impiorum
1558 2290 1877 2344 memoriam
1922 2307 2050 2347 con-

551 2367 824 2434 cluserat,
876 2378 1191 2431 eorumdem
1247 2381 1522 2434 mentione
1578 2385 1880 2439 secundum
1930 2386 2050 2442 iniit

551 2457 845 2528 psalmum,
881 2461 1082 2519 docens
1127 2482 1291 2537 supra
1344 2481 1707 2527 memoratum
1756 2474 2048 2544 impiorum

549 2547 711 2604 tinem
739 2567 853 2616 eos,
879 2555 973 2624 qui
997 2555 1180 2612 furore
1201 2559 1254 2613 in
1282 2559 1618 2619 Salvatorem
1643 2566 1751 2620 acti
1784 2577 1932 2634 sunt,
1957 2584 2052 2623 ex-

550 2646 886 2716 cepturum.]

555 2731 606 2785 i.
629 2733 806 2798 Quare
836 2738 1160 2805 fremuerunt
1185 2753 1382 2812 gentes,
1412 2753 1516 2800 etc.
1561 2745 1859 2803 Fremitum
1895 2760 2054 2806 vocat

479 2821 694 2878 brutam
715 2825 1072 2886 ferocitatem.
1100 2831 1234 2888 illud
1251 2843 1454 2901 autem,
1477 2853 1658 2907 quare,
1689 2840 1742 2892 in
1774 2845 2050 2897 communi

480 2919 699 2988 dicitur,
736 2935 794 2977 ut
827 2924 1158 2997 intelligatur
1195 2931 1398 2984 etiam:
1436 2932 1614 2996 Quare
1649 2935 1830 3003 populi
1882 2940 2051 2992 nterii-

484 3013 582 3065 tati
616 3025 739 3068 sunt
783 3018 1013 3074 inania?
1048 3020 1113 3075 Et
1149 3023 1265 3091 qui,
1301 3040 1507 3094 quaeso,
1540 3044 1648 3082 non
1696 3027 1875 3087 inanis
1921 3033 2053 3102 ipsis

481 3105 647 3161 fuerit
674 3109 987 3179 hujusmodi
1036 3115 1339 3184 meditatio,
1374 3129 1560 3190 utpote
1587 3122 1681 3192 qui
1715 3121 2048 3180 Salvatorem

483 3202 698 3270 generis
721 3204 803 3257 sui
833 3220 939 3258 non
981 3209 1333 3276 acceperint?
2030 3229 2036 3234 '

555 3293 730 3365 [σθω.
765 3298 860 3362 ait,
893 3314 1057 3354 causa
1087 3303 1222 3370 tanti
1262 3303 1392 3368 odii,
1431 3314 1490 3360 ut
1523 3306 1574 3360 in
1615 3323 1784 3362 unum
1824 3325 2054 3366 concur-

480 3393 605 3438 rant
638 3394 824 3455 gentes
869 3397 923 3443 et
961 3392 1185 3459 populi?
1213 3390 1347 3447 Illud
1385 3395 1554 3459 enim,
1585 3397 1932 3464 fremuerunt,
1975 3400 2052 3454 si-

483 3477 722 3546 gniﬁcat,
755 3487 962 3532 tantum
985 3483 1391 3550 superbierunt,
1416 3485 1559 3554 quod
1583 3494 1667 3540 est
1693 3503 1814 3541 cum
1844 3497 2054 3546 tumore

481 3577 535 3622 et
563 3570 868 3639 arrogantia
895 3571 1083 3627 turbas
1109 3589 1326 3628 movere
1348 3583 1400 3628 et
1435 3577 1773 3631 tumultuari.
1799 3577 2053 3635 Transla-

483 3671 679 3729 tusque
707 3672 788 3716 est
812 3663 899 3718 hic
931 3664 1184 3732 loquendi
1211 3666 1402 3720 modus
1423 3682 1452 3720 a
1477 3667 1639 3722 bruto
1665 3685 1927 3740 equorum
1954 3671 2054 3725 im-

481 3763 630 3823 petu,
659 3755 866 3807 nullum
902 3754 1151 3810 decorem
1189 3766 1460 3824 servante,
1485 3760 1627 3828 quod
1651 3758 1852 3817 Judmis
1880 3765 2055 3817 conti-

483 3842 556 3913 git
603 3842 865 3899 adversus
909 3846 1187 3902 Christum
1238 3847 1669 3919 insurgentibus.
1705 3849 1859 3918 Quae
1888 3868 2052 3910 causa

482 3943 566 3987 est
587 3935 728 4003 quod
750 3935 802 3988 in
839 3952 1003 3989 unum
1032 3947 1565 4009 concurrantgentes
1583 3950 1636 3995 et
1660 3942 1886 4012 populi?
1914 3935 2054 4001 forte

481 4027 642 4081 etiam
681 4026 951 4084 lsraelitas
979 4038 1135 4082 vocat
1167 4039 1354 4100 gentes
1385 4041 1438 4084 et
1461 4033 1710 4100 papulos,
1746 4033 1860 4087 sive
1883 4031 2052 4096 Hero-

481 4117 602 4171 dem
635 4127 687 4172 et
712 4118 943 4175 Pilatum
985 4123 1143 4192 quasi
1189 4124 1460 4189 ethnicos,
1489 4122 1706 4180 Judaeos
1740 4135 1797 4179 ut
1825 4128 2054 4196 pepulos

480 4212 792 4284 memorat.]

553 4306 873 4380 [Astiterunt
911 4325 1051 4379 reges
1083 4319 1257 4365 terrm.
1287 4309 1362 4362 Ac
1394 4309 1437 4363 si
1460 4307 1682 4373 diceret,
1709 4325 1827 4365 sese
1857 4322 2054 4381 suopte

483 4401 716 4454 consilio
768 4401 834 4454 ad
867 4401 918 4454 id
967 4402 1164 4470 negetii
1211 4402 1555 4456 destinarunt
1597 4416 1769 4470 reges,
1811 4401 2052 4459 Herodes

2151 571 2260 617 σεις
2293 554 2390 624 τὴν
2417 554 2642 624 ἀπειλὴν
2665 553 2756 609 τοῦ
2785 552 2918 607 Θεοῦ
2947 553 3042 624 τὴν
3065 553 3352 620 λέγουσανο
3389 550 3722 617 Πορεύεσθε

2148 646 2249 698 ἀπ’
2300 645 2466 715 ἐμοῦ,
2529 648 2582 698 oi
2621 643 3032 714 κατηραμένοι,
3092 645 3177 707 εὶς
3219 641 3338 710 πῦρ
3374 639 3441 694 τὸ
3461 637 3720 693 αἰώνιον.

2149 739 2212 791 Oi
2259 738 2355 809 τὴν
2399 737 2565 808 αὐτὴν
2593 737 2923 800 ἀκούσαντες
2956 735 3134 807 φωνὴν
3165 733 3599 789 καταπεσοῦνται
3643 731 3723 784 δι-

2149 827 2348 892 καίως’
2383 828 2444 880 οὐ
2492 827 2601 900 γὰρ
2645 829 2936 900 ἑστήκασιν
2990 830 3069 890 είς
3114 826 3366 898 Χριστὸν,
3389 825 3447 888 ὃς
3485 825 3605 878 ἐστι
3635 841 3722 876 πι-

2151 919 2443 972 στευόντων
2476 922 2754 992 στήριγμα
2777 922 2869 974 καὶ
2908 919 3154 991 θεμέλιος
3172 937 3184 949 ·
3217 919 3277 971 τὸ
3301 917 3410 988 γὰρ
3435 917 3514 979 είς
3542 915 3723 987 κρίσιν

2149 1012 2336 1080 φησὶν,
2359 1011 2459 1063 οὐκ
2481 1012 2562 1072 εἰς
2587 1011 2872 1082 ἐρώτησιν.
2891 1011 2993 1063 Ἐν
3010 1008 3086 1078 τῇ
3114 1005 3434 1077 συναγωγῇ
3452 1005 3721 1069 δικαίων,

2149 1101 2327 1170 λέγει·
2357 1101 2601 1174 ἀφορίζει
2631 1104 2739 1173 γὰρ
2780 1103 2905 1164 τοὺς
2934 1099 3172 1163 δικαίους
3197 1098 3306 1152 ἀπὸ
3331 1097 3439 1150 τῶν
3469 1097 3723 1166 ἀμαρτω-

2149 1191 2257 1246 λῶν
2474 1199 2483 1210 ”

2223 1285 2342 1336 Ὅτι
2370 1282 2646 1352 γινώσκει
2687 1284 2899 1350 Κύριος
2928 1281 3070 1335 ὁδὸν
3098 1279 3362 1333 δικαίων.
3399 1276 3496 1341 Τὸ,
3541 1275 3724 1346 τινώ-

2151 1389 2306 1435 σκει,
2332 1374 2450 1426 ἀντὶ
2478 1372 2590 1435 τοῦ,
2615 1370 2770 1441 τιμᾷ,
2798 1371 2937 1424 κατά
2959 1371 3019 1423 τὸ
3045 1368 3328 1440 εἰρημένον
3356 1366 3462 1420 ὑπὸ
3484 1365 3620 1419 Θεοῦ
3647 1368 3725 1427 είς

2150 1465 2353 1534 Μωσῆν
2373 1481 2386 1493 ·
2422 1462 2701 1517 Γινώσκω
2734 1479 2806 1516 σε
2837 1461 2995 1530 παρὰ
3028 1459 3281 1524 πάντας·
3313 1457 3434 1511 ἀντὶ
3461 1456 3558 1510 τοῦ
3584 1456 3727 1526 τιμῶ

2155 1573 2236 1618 σε,
2267 1556 2360 1608 καὶ
2392 1549 2544 1626 εὗρες
2567 1555 2726 1624 χάριν
2754 1555 2812 1606 ὲν
2844 1553 2983 1622 ἐμοί.

2157 1651 2464 1703 ΨΑΛΜΟΣ
2495 1646 2574 1713 τῷ
2600 1646 2778 1701 Δαυῖδ
2822 1645 3222 1712 ἀνεπίγραφος
3251 1643 3384 1710 παρ’
3419 1639 3725 1708 Ἑϐραίοις.

2901 1740 2982 1791 B’.

2779 1829 3102 1892 Ύπόθεσις.

2162 1923 2249 1976 Ἐν
2296 1921 2374 1993 τῷ
2420 1920 2620 1993 πρώτῳ
2663 1919 2864 1991 ψαλμῷ
2907 1919 3121 1981 ἀσεϐεῖς
3153 1934 3211 1970 τε
3243 1917 3337 1971 καὶ
3371 1913 3728 1986 ἁμαρτωλοὺς

2220 2016 2314 2069 καὶ
2349 2015 2568 2084 λοιμοὺς
2596 2014 3012 2084 ἀποφηνάμενος
3041 2010 3167 2074 τοὺς
3188 2010 3451 2080 ἄρχοντας
3481 2007 3576 2060 τοῦ
3605 2008 3730 2060 Ἰου-

2218 2105 2381 2158 δαίων
2411 2105 2617 2168 ἔθνους,
2646 2106 2703 2157 ἐν
2730 2104 2903 2175 τούτῳ
2927 2101 3086 2156 πάλιν
3111 2100 3351 2154 δείκνυσι
3375 2099 3471 2162 τὰς
3494 2097 3730 2169 πράξεις

2221 2193 2308 2247 διὰ
2347 2192 2454 2246 τῶν
2491 2191 2745 2246 τοιούτων
2770 2191 3066 2262 ὀνομάτων,
3094 2183 3169 2243 ὧν
3198 2189 3450 2258 γεγόνασι
3485 2187 3727 2259 μέτοχοι.

2223 2286 2451 2357 [Μνήμῃ
2479 2286 2586 2338 τῶν
2617 2283 2827 2338 ἀσεϐῶν
2851 2284 3201 2355 ωμπεράνας
3227 2283 3316 2335 τὸν
3345 2281 3560 2352 πρῶτον
3592 2281 3731 2349 ψαλ-

2226 2380 2325 2450 μὸν
2345 2421 2357 2441 ,
2390 2379 2454 2432 ἐκ
2485 2379 2688 2448 ταύτης
2716 2377 2875 2431 πάλιν
2899 2375 2993 2428 τοῦ
3021 2375 3064 2445 β’
3089 2374 3188 2446 τὴν
3219 2373 3389 2446 ἀρχὴν
3409 2373 3728 2442 ἐποιήσατο,

2224 2470 2506 2534 διδάσκων,
2535 2469 2702 2523 ὅτιτὸ
2749 2468 3141 2538 προειρημένον
3173 2466 3279 2518 τῶν
3325 2462 3535 2518 ἀσεϐῶν
3572 2461 3731 2524 τέλος

2226 2569 2319 2620 καὶ
2346 2571 2471 2633 τοὺς
2501 2565 2642 2620 κατὰ
2663 2563 2757 2617 τοῦ
2792 2563 3042 2635 Σωτῆρος
3066 2560 3432 2630 λυττήσαντας
3471 2554 3728 2621 ὑποδέξε-

2220 2673 2328 2710 ται.

2221 2654 2420 2796 f[eiicilti
2446 2740 2752 2810 ἐφρύαξαν
2775 2739 2918 2806 ἔθνη
2943 2737 3039 2794 καὶ
3061 2735 3197 2790 λαοὶ
3228 2734 3604 2804 ἐμελέτησαν
3632 2746 3730 2786 κε-

2149 2830 2262 2895 νά;
2292 2831 2560 2902 Φρύαγμα
2589 2830 2646 2882 τὸ
2661 2829 2850 2898 ἄλογον
2876 2828 3145 2898 φρόνημα.
3165 2826 3294 2878 Ἀπὸ
3313 2822 3490 2878 κοινοῦ
3519 2822 3601 2886 τὸ,
3627 2823 3732 2876 ἵνα

2151 2925 2228 2989 τί,
2257 2923 2504 2977 τουτέστι
2523 2940 2537 2954 '
2570 2923 2672 2978 Διὰ
2695 2923 2752 2975 τί
2777 2926 2828 2976 ol
2853 2920 2987 2975 λαοὶ
3010 2918 3381 2988 ἐμελέτησαν
3397 2914 3576 2979 acer-ci;
3601 2913 3729 2977 [Ith

2151 3017 2259 3088 γὰρ
2289 3017 2348 3069 οὐ
2393 3014 2525 3068 κενά
2550 3016 2770 3084 γέγονεν
2802 3014 2984 3075 αὐτοῖς
3017 3015 3048 3083 ἡ
3081 3011 3274 3083 μελέτη
3306 3009 3382 3082 μὴ
3412 3008 3730 3078 δεξαμένοις

2153 3110 2242 3164 τὸν
2261 3110 2486 3181 Σωτῆρα
2510 3108 2601 3162 τοῦ
2627 3108 2846 3177 γένους;

2227 3307 2365 3380 [Τίς,
2397 3308 2578 3378 φησιν,
2598 3307 2630 3376 ἠ
2651 3305 2800 3357 αἰτία
2821 3303 3073 3356 τοσούτου
3101 3303 3288 3373 μίσους
3315 3303 3394 3364 είς
3420 3301 3584 3354 ταυτδ
3609 3315 3731 3351 συν-

2152 3402 2376 3472 δραμεῖν
2425 3398 2549 3470 έθνη
2597 3398 2689 3450 καὶ
2725 3395 2920 3460 λαούς;
2960 3395 3033 3447 Τὸ
3075 3393 3203 3466 γὰρ,
3230 3391 3554 3462 ἐφρύαξαν,
3585 3391 3732 3444 κατὰ
3781 3430 3790 3439 .

2151 3492 2374 3546 τοσοῦτο
2422 3489 2957 3562 ὑπερηφανεύσαντο,
2990 3487 3241 3559 σημαίνει
3290 3487 3352 3539 τὸ
3406 3486 3520 3557 μετ’
3551 3485 3732 3556 ὲπάρ-

2155 3601 2292 3648 σεως
2329 3585 2420 3637 καὶ
2452 3583 2821 3654 μεγαλαυχίας
2847 3582 2991 3645 τινὸς
3023 3579 3384 3652 ταράσσεσθαι
3431 3579 3523 3631 καὶ⁵
3566 3577 3733 3648 θορυ-

2154 3675 2382 3729 ϐεῖσθαι.
2399 3673 2731 3744 Μετενεχθὲν
2754 3674 2859 3726 ἀπὸ
2883 3674 2980 3744 τῆς
3002 3673 3196 3740 ἀλόγου
3219 3671 3326 3723 τῶν
3352 3671 3530 3723 ἵππων
3551 3670 3733 3741 ὁρμῆς

2153 3768 2240 3820 ἐπ’
2273 3767 2446 3820 οὐδενὶ
2473 3765 2580 3817 τῶν
2610 3766 2835 3818 δεόντων
2854 3781 2866 3793 θ
2897 3763 2925 3816 ὃ
2959 3763 3153 3834 συνέϐη
3182 3765 3294 3826 τοῖς
3332 3760 3606 3823 Ἰουδαίοις
3637 3761 3733 3812 ἐπὶ

2154 3857 2410 3928 Χριστοῦ.
2440 3857 2504 3908 Τί
2531 3857 2590 3909 τὸ
2620 3855 2789 3908 αἴτιον
2823 3856 2900 3918 εἰς
2918 3854 3086 3908 ταυτὸ
3120 3853 3444 3925 συνδραμεῖν
3474 3850 3603 3922 ἔθνη
3635 3854 3733 3904 καὶ

2153 3945 2348 4012 λαούς;
2397 3945 2522 3998 Εἴτε
2573 3946 2681 4017 γὰρ
2728 3945 2854 4009 τοὺς
2898 3943 3236 4017 Ἰσραηλίτας
3283 3945 3415 4014 φησι⁷
3464 3941 3590 4013 έθνη
3635 3945 3734 3996 καὶ

2152 4037 2332 4102 λαοὺς,
2365 4035 2474 4088 εἴτε
2504 4035 2629 4098 τοὺς
2656 4037 2784 4107 περὶ
2822 4033 3064 4106 Ἡρώδην
3101 4033 3194 4086 καὶ
3222 4032 3449 4086 Πιλᾶτον
3478 4031 3555 4095 ὡς
3587 4031 3734 4085 ὲθνιο

2155 4132 2302 4195 κοὺς,
2332 4130 2428 4182 καὶ
2460 4129 2622 4192 λαοὺς
2649 4130 2773 4192 τοὺς
2817 4124 3147 4198 Ἰουδαίους.]

2227 4300 2646 4372 [Παρέστησαν
2687 4306 2739 4357 oi
2777 4301 3058 4367 βασιλεῖς
3094 4302 3205 4370 τῆς
3244 4300 3375 4372 γῆς.
3421 4301 3514 4368 Τὸ,
3579 4314 3734 4370 παρ-

2153 4396 2442 4461 έστησαν,
2468 4395 2587 4446 ἀντὶ
2630 4393 2748 4460 τοῦ,
2800 4395 3026 4456 ἑαυτοὺς
3064 4393 3198 4465 πρὸς
3245 4393 3401 4446 τοῦτο
3442 4390 3734 4463 ἀφώρισαν

483 4507 677 4560 nempe
703 4502 755 4545 et
783 4491 1013 4546 Pontius
1037 4491 1263 4548 Pilatus.
1292 4491 1369 4546 lta
1411 4491 1586 4547 sancti
1612 4493 1839 4562 apostoli
1867 4481 1920 4547 in
1948 4494 2050 4550 Ac-

2174 4485 2396 4549 Ξασιλεῖς
2433 4485 2674 4557 Ἡρώδης
2732 4504 2789 4539 τε
2841 4487 2934 4539 καὶ
2987 4487 3205 4550 Πόντιος
3259 4486 3504 4548 Πιλᾶτος.
3537 4485 3732 4549 Οὖτως

483 4584 629 4638 tibus
663 4585 995 4653 interpretati
1027 4583 1197 4657 sunt.]

552 4676 606 4728 2.
647 4675 709 4728 Et.
741 4677 999 4745 principes
1052 4686 1396 4730 convenerunt
1435 4677 1489 4728 in
1529 4693 1710 4731 unum.
1748 4673 2054 4746 Supradicti

483 4767 690 4820 scilicet
720 4767 938 4821 ordines
970 4785 982 4820 :
1023 4767 1214 4821 scriba:
1237 4766 1517 4830 nimirum,
1539 4766 1793 4822 Pharisaei
1816 4778 1869 4822 et
1895 4769 2056 4839 legis-

481 4859 658 4927 periti.
683 4858 938 4911 Adversus
963 4859 1243 4911 Dominum
1269 4868 1316 4912 et
1354 4859 1602 4912 adversus
1632 4859 1898 4912 Christum
1917 4860 2050 4928 ejus.

480 4951 695 5004 Insidiae
720 4950 864 5002 enim
892 4951 944 5002 in
977 4951 1252 5004 Christum
1286 4961 1506 5018 parata,
1538 4951 1588 5002 in
1627 4951 1803 5019 ipsum
1835 4967 2053 5021 quoque

479 5043 695 5098 Patrem
738 5052 976 5098 vertunt.
1020 5041 1153 5097 Nam
1201 5043 1246 5097 si
1285 5040 1443 5096 Pater
1470 5042 1522 5095 in
1546 5041 1682 5095 Filio
1711 5055 1763 5096 et
1797 5041 1965 5097 Filius
1996 5043 2050 5096 in

480 5135 661 5201 Patre,
690 5137 968 5206 quomodo
995 5151 1100 5190 non
1135 5152 1239 5190 una
1265 5135 1319 5189 in
1344 5142 1636 5204 utrumque
1673 5141 1908 5188 vertatur
1929 5149 2052 5188 con-

482 5229 743 5283 tumelia?

2161 4580 2254 4632 καὶ
2269 4581 2316 4631 oi
2336 4579 2477 4648 ἆγιοι
2507 4579 2789 4633 ἀπόστολοι
2818 4583 2874 4632 ὲν
2907 4583 3025 4643 ταῖς
3042 4580 3308 4650 Πράξεσιν
3333 4578 3730 4652 ἡρμήνευσαν.]

2233 4675 2343 4727 Καὶ
2374 4678 2426 4727 οἱ
2459 4674 2744 4743 ἄρχοντες
2781 4673 3180 4742 συνήχθησαν
3211 4674 3311 4727 ἐπὶ
3349 4673 3416 4727 τὸ
3451 4673 3619 4726 αὑτό.
3649 4673 3730 4724 Τὰ

2163 4767 2526 4838 προλεχῡέντα
2549 4769 2822 4837 τάγματα·
2851 4769 3194 4838 γραμματεῖς
3221 4767 3315 4818 καὶ.
3329 4767 3611 4836 Φαρισαῖοι
3638 4765 3732 4816 καὶ

2161 4862 2393 4932 νομικοί.
2419 4861 2579 4915 Κατὰ
2614 4859 2719 4913 τοῦ
2747 4861 2967 4927 Κυρίου
3006 4859 3103 4912 καὶ
3141 4861 3289 4913 κατὰ
3319 4858 3425 4912 τοῦ
3470 4859 3731 4926 Χριστοῦ

2158 4953 2363 5007 αὑτοῦ.
2383 4954 2446 5005 Ἠ
2479 4952 2589 5023 γὰρ
2621 4955 2698 5016 εἰς
2721 4953 2812 5005 τὸν
2842 4951 3073 5021 Χριστὸν
3102 4951 3356 5022 ἐπιϐουλὴ
3387 4952 3481 5004 καὶ
3523 4953 3604 5014 είς
3633 4952 3731 5003 αὒ-

2157 5045 2247 5098 τὸν
2292 5045 2571 5116 ἀνατρέχει
2620 5043 2710 5098 τὸν
2765 5045 3000 5114 Πατέρα.
3033 5045 3094 5097 Ei
3121 5045 3228 5116 γὰρ
3257 5047 3284 5098 ὁ
3328 5043 3516 5114 Πατὴρ
3566 5046 3625 5096 ὲν
3652 5043 3731 5112 τῷ

2158 5135 2273 5206 Υἰῷ
2304 5137 2395 5189 καὶ
2417 5139 2444 5190 ὁ
2474 5137 2599 5200 Υἱὸς
2629 5138 2687 5190 ὲν
2738 5137 2815 5208 τῷ
2861 5137 3054 5209 Πατρὶ,
3093 5135 3209 5201 πῶς
3233 5137 3294 5189 οὐ
3321 5137 3410 5189 καὶ
3454 5136 3551 5207 μία
3581 5137 3614 5206 ἡ
3651 5138 3730 5199 εἰς

2159 5229 2354 5290 αὐτοὺς
2385 5227 2539 5299 ὓϐρις
2563 5229 2756 5298 γένοιτ’
2787 5229 2884 5294 ἀν;

559 5345 758 5410 Adjicit
786 5343 975 5397 Daniel
1010 5343 1282 5397 Barbarus
1316 5360 1334 5397 :
1368 5342 1502 5397 Nam
1532 5343 1948 5416 praepositiones
1968 5343 2110 5410 duae,
2138 5353 2193 5398 et
2236 5345 2451 5399 articuli
2505 5346 2634 5412 duo,
2690 5347 2827 5402 duas
2876 5363 3092 5418 quoque
3119 5360 3382 5417 personas
3415 5345 3731 5399 inducunt:

481 5437 696 5493 Patrem
726 5439 1010 5504 nimirum,
1038 5450 1092 5494 et
1118 5439 1337 5503 Filium,
1363 5439 1519 5508 juxta
1548 5440 1699 5503 illud,
1732 5441 1879 5510 quod
1912 5457 1942 5495 a
1968 5439 2188 5496 Christo
2215 5441 2420 5496 dictum
2451 5451 2535 5498 est
2562 5445 2606 5476 ⁸⁸
2633 5461 2649 5498 :
2685 5443 2789 5509 Qui
2820 5461 2900 5499 me
2935 5447 3137 5516 recipit,
3177 5443 3356 5512 recipit
3377 5459 3493 5496 eum
3526 5443 3619 5511 qui
3659 5460 3735 5496 me

483 5536 667 5599 misit;
692 5545 741 5589 et
768 5537 857 5606 qui
888 5553 966 5590 me
992 5538 1209 5604 spernit,
1241 5536 1421 5589 ambos
1449 5536 1668 5605 spernit.

558 5767 602 5800 ⁸⁷
638 5765 823 5823 Matth.
847 5783 969 5835 xxv,
1006 5766 1091 5821 Η.

1171 5767 1214 5800 ⁵⁸
1242 5766 1411 5823 Exod.
1445 5782 1614 5835 xxxn,
1648 5765 1732 5819 12.
1807 5764 1849 5798 ⁵⁹
1875 5763 2005 5820 Luc.
2039 5780 2092 5832 ι,
2128 5762 2209 5820 16.
