3874 6218
168 326 242 381 65
1319 322 1675 380 EXPOSITIO
1716 321 1782 378 IN
1820 321 2152 379 PSALMUM
2191 321 2256 378 ll.
3336 330 3410 388 εδ

238 441 648 511 Δωρῤήξωμεν
701 443 842 509 τοὺς
889 443 1149 514 δεσμοὺς
1190 447 1404 500 αὐτῶν.
1434 445 1620 498 Λείπει
1651 445 1723 509 τὸ,

1908 443 1961 496 5.
1992 442 2367 512 Dirumpamus
2391 443 2598 497 vincula
2633 460 2834 498 eorum.
2866 442 3025 498 Deest
3046 444 3196 509 illud,
3229 446 3406 501 dicen-

162 529 446 600 λέγοντες
465 547 478 559 ·
512 532 598 584 ἵνα
702 534 735 603 ἡ
767 533 972 586 διάνοια
1015 532 1152 606 αὕτη
1179 552 1193 564 ·
1220 534 1565 606 Συνήχθησαν
1596 533 1738 586 κατὰ

161 622 259 674 τοῦ
289 619 492 691 Κυρίου
536 622 630 674 καὶ
674 621 814 674 κατὰ
843 622 936 675 τοῦ
968 625 1204 694 Χριστοῦ
1238 624 1421 688 αὑτοῦ,
1447 623 1692 692 λέγοντες
1719 637 1734 651 ⁸

162 711 552 785 Διαρῤήξωμεν
583 713 708 774 τοὺς
736 711 964 782 δεσμοὺς
994 713 1192 766 αὐτῶν.
1219 715 1418 786 Οὺξγὰρ
1442 713 1628 784 ἦθελον
1662 713 1738 765 ετ-

164 821 244 856 σω
270 805 367 873 τῆς
399 805 549 874 ἱερᾶς
580 803 832 872 γενέσθαι
862 805 1122 875 σαγήνης,
1149 807 1273 876 περὶ
1296 801 1364 877 ἧς
1392 807 1698 876 γέγραπται
1717 820 1731 833 ’

176 896 372 963 Ὁμοία
410 895 583 947 ἐστὶν
626 896 664 962 ἡ
699 895 988 958 ,ϐασιλεία
1029 895 1149 949 τῶν
1176 896 1447 964 οὐρανῶν
1475 895 1732 965 σαγήνῃ.

158 989 271 1040 Καὶ
303 989 724 1056 ἀπορῤίψωμεν
748 987 846 1056 ἀφ’
872 988 1042 1057 ἡμῶν
1060 989 1168 1042 τὸν
1189 988 1365 1058 ζυγὸν
1384 988 1602 1042 αὐτῶν.
1625 989 1734 1058 Τὴν

160 1078 442 1151 βαρύτητα
478 1078 571 1130 τοῦ
615 1078 801 1148 νόμου,
834 1079 960 1150 περὶ
987 1072 1047 1132 οὗ
1075 1079 1262 1150 εἴρηκε
1283 1096 1296 1110 ο
1335 1079 1386 1132 '0
1421 1081 1530 1148 γὰρ
1563 1079 1736 1148 ζυγός

150 1189 274 1240 μου
296 1171 579 1240 χρηστὸς,
612 1172 708 1224 καὶ
750 1169 815 1223 τό
847 1173 1092 1240 φορτίον
1112 1189 1230 1241 μου
1256 1172 1518 1240 ἐλαφρόν
1542 1172 1730 1227 ἐστιν.

228 1283 372 1357 [Τὸν
394 1283 569 1354 ζυγόν
592 1285 812 1339 αῠτῶνο
849 1287 882 1355 ὴ
927 1286 1035 1354 γὰρ
1077 1287 1156 1348 εἰς
1195 1284 1284 1337 τὸν
1328 1284 1561 1355 Χριστὸν
1616 1285 1735 1335 ἐπι-

153 1376 324 1447 ϐουλὴ
349 1378 441 1430 καὶ
470 1379 548 1439 εἰς
577 1377 738 1430 αὐτὸν
765 1375 1054 1447 ἀνατρέχει
1086 1375 1177 1427 τὸν
1199 1373 1436 1437 Πατέρα.
1469 1374 1532 1425 Et
1569 1372 1676 1444 γὰρ
1704 1373 1732 1425 6

153 1468 348 1538 Πατὴρ
378 1470 435 1520 ἐν
467 1469 545 1538 τῷ
579 1468 708 1538 Υἰῷ,
737 1469 829 1521 καὶ
859 1469 887 1520 6
913 1468 1038 1531 Υἱὸς
1071 1468 1128 1521 ἐν
1160 1467 1237 1538 τῷ
1261 1469 1456 1538 Πατρὶ,
1490 1466 1606 1530 πῶς
1632 1467 1732 1520 οὐκ

152 1559 224 1612 ἂν
260 1562 358 1630 μία
384 1577 468 1624 τις
496 1561 581 1630 εἴη
614 1562 750 1631 ήείς
777 1561 971 1624 αὐτοὺς
1000 1559 1154 1631 ὕϐρις
1174 1557 1216 1631 ³]

242 1673 295 1724 Ὀ
336 1671 628 1726 κατοικῶν
659 1673 729 1726 ἐν
751 1671 1028 1740 οὐρανοῖς
1065 1671 1450 1742 ἐκγελάσεται
1487 1671 1726 1735 αὐτούς.

1839 543 1948 600 tes;
1982 543 2037 588 ut
2079 534 2193 588 haec
2224 534 2293 588 sit
2323 535 2589 588 sententia
2619 553 2631 589 :
2665 545 3037 588 convenerunt
3067 543 3256 587 contra
3299 534 3407 587 Do-

1837 628 2044 680 minum
2073 635 2126 682 et
2155 637 2345 682 contra
2380 626 2679 692 Christum,
2710 627 2951 680 dicentes
2979 645 2992 681 :
3024 625 3408 694 Dirumpatnus

1835 719 2050 773 vincula
2095 733 2306 772 eorum.
2340 716 2643 774 Noluerunt
2681 719 2825 773 enim
2872 720 3012 773 intra
3049 736 3259 774 sacram
3288 735 3408 774 esse

1837 824 2112 878 sagenam,
2144 810 2210 863 de
2251 825 2358 879 qua
2405 811 2664 880 scriptum
2706 820 2822 865 est:
2853 810 3039 866 Simile
3075 823 3150 865 est
3194 829 3408 882 regnum

1835 901 2082 978 cae‘prum
2132 918 2336 970 sugente
2361 901 2426 954 ‘°.
2478 902 2546 955 Et
2581 904 2925 972 projiciantus
2962 923 2993 958 a
3027 905 3176 959 nobis
3217 906 3406 976 jugum

1835 994 2088 1062 ipsorum.
2120 992 2449 1048 Gravitatem
2494 995 2648 1065 legis,
2678 996 2743 1050 de
2788 1013 2894 1066 qua
2941 998 3179 1050 dixit“:
3208 997 3406 1068 Jugum

1833 1089 1971 1140 enim
2003 1103 2172 1140 meum
2199 1103 2356 1141 suave
2389 1099 2486 1156 est,
2518 1099 2568 1142 et
2594 1105 2723 1143 onus
2751 1107 2919 1144 meum
2953 1091 3078 1146 leve.

1905 1280 2126 1354 [Iugum
2167 1284 2423 1352 ipsorum.
2454 1283 2590 1339 Nam
2639 1287 2852 1342 insidia:
2897 1298 3084 1343 contra
3125 1287 3403 1344 Christum

1831 1375 1898 1428 ad
1939 1376 2114 1444 ipsum
2162 1388 2451 1432 recurrunt
2497 1378 2735 1435 Patrem.
2787 1379 2842 1434 Si
2891 1398 3126 1452 namque
3157 1381 3316 1437 Pater
3348 1384 3401 1436 in

1830 1465 1988 1533 Filio,
2029 1476 2082 1521 et
2109 1467 2280 1524 Filius
2308 1470 2362 1524 in
2401 1469 2562 1526 Patre
2596 1481 2697 1537 est,
2724 1475 2996 1542 quomodo
3021 1490 3130 1530 non
3164 1490 3268 1528 una
3293 1474 3406 1528 iue-

1829 1559 1900 1612 rit
1925 1559 1992 1614 iis
2028 1559 2175 1613 illata
2200 1563 2529 1626 contumelia
2547 1560 2601 1634 ?]

1896 1668 1949 1722 4.
1988 1667 2092 1734 Qui
2135 1671 2338 1726 habitat
2393 1674 2449 1727 in
2491 1675 2630 1728 catis
2676 1676 2916 1730 irridebit
2958 1693 3062 1730 eos.
3120 1675 3401 1747 Tanquam

165 1766 257 1828 Ὠς
281 1765 483 1836 ἀνόητα
507 1764 960 1836 βουλευσαμένους
979 1781 992 1794 ·
1027 1766 1055 1816 ὁ
1097 1763 1206 1834 γάρ
1233 1765 1323 1816 ὑπ’
1347 1763 1524 1817 αὐτῶν
1555 1779 1723 1833 προσ-

1834 1763 1992 1817 stulta
2050 1766 2396 1822 consulentes
2438 1786 2450 1821 :
2488 1767 2581 1836 qui
2620 1769 2763 1822 enim
2815 1769 2882 1822 ab
2917 1769 3024 1824 illis
3049 1772 3292 1824 conﬁxus
3320 1778 3402 1824 est

147 1857 406 1924 ηλωθεὶς,
433 1857 527 1909 καὶ
555 1855 765 1926 θανάτῳ
796 1854 1137 1926 παραδοθεὶς,
1166 1857 1224 1907 ὲν
1262 1855 1508 1925 οὐρανοῖς
1535 1854 1608 1906 ὣν
1635 1855 1727 1906 καὶ

144 1951 221 2004 τὰ
251 1949 429 2002 πάντα
453 1948 739 2019 περιέχων,
762 1948 922 2012 κενὰς
946 1947 1124 2000 αὐτῶν
1155 1947 1249 2000 καὶ
1275 1946 1504 2018 ματαίας
1529 1945 1730 1998 δείκνυ-

147 2058 204 2094 σι
239 2041 342 2103 τὰς
368 2040 582 2110 βουλάς.
612 2041 721 2092 Καὶ
745 2041 772 2092 6
796 2038 986 2091 τούτου
1013 2038 1069 2090 δὲ
1091 2037 1278 2109 Πατὴρ
1310 2039 1401 2090 καὶ
1428 2037 1532 2090 τῶν
1555 2036 1727 2090 ἁπάν-

143 2149 261 2185 των
311 2132 586 2202 Δεσπότης
632 2131 731 2202 τὴν
776 2131 934 2196 ἀξίαν
976 2128 1139 2183 αὐτοῦ
1175 2129 1520 2199 εἰσπράξεται
1549 2129 1722 2199 δίκην.

142 2221 266 2276 Kal
322 2225 356 2276 ό
403 2224 619 2289 Κύριος
664 2221 1048 2291 ὲκμυκτηριεῖ
1090 2221 1326 2285 αὐτούς.
1356 2219 1728 2285 Ἐξουδενώσει

141 2317 263 2388 γὰρ
287 2317 502 2378 αὐτοὺς,
538 2315 692 2383 φησὶ,
724 2312 814 2365 καὶ
853 2314 1070 2382 μισήσει
1109 2314 1202 2366 καὶ
1229 2312 1724 2382 ἀποστραφήσεται.

223 2405 676 2478 [mlta-reddam,
708 2405 828 2458 ἀντὶ
854 2402 969 2466 τοῦ,
1011 2406 1227 2474 μισήσει
1257 2404 1349 2455 καὶ
1378 2403 1728 2473 ἀποστραφή-

142 2517 325 2554 σεται.
345 2499 482 2551 Ἀλλ’
503 2501 530 2552 6
554 2498 662 2551 τῶν
688 2495 1161 2561 ἐπιϐουλευόντων,
1187 2496 1370 2566 φησὶν,
1401 2495 1728 2564 ὑψηλότερος

141 2592 538 2660 καταγελάσει,
572 2593 692 2661 ἦτοι
746 2589 956 2657 γέλωτα
1008 2587 1105 2658 τὴν
1164 2588 1383 2640 ἐκείνων
1437 2588 1726 2658 ἐπιϐουλὴν

141 2676 441 2753 ἁποιρανεῖ,
469 2682 544 2747 ὡς
587 2684 834 2754 ἀνοήτοις
865 2682 1300 2754 ἐπιχειρούντων.
1330 2682 1439 2735 Καὶ
1470 2681 1576 2751 γὰρ
1624 2698 1725 2750 μυ-

141 2776 455 2846 κτηρισμός
486 2777 601 2827 ἐστι
634 2775 847 2845 πνεῦμα
865 2775 952 2827 διὰ
982 2775 1141 2846 ῥινῶν
1163 2775 1454 2844 ἀφιέμενον
1483 2776 1561 2836 εἰς
1583 2774 1728 2840 ἐξου-

139 2867 375 2919 δὲνωτιν
396 2865 504 2917 τῶν
532 2865 738 2936 μεγάλα
764 2863 1202 2935 φρυαττομένων.
1238 2863 1346 2915 Καὶ
1367 2862 1426 2915 τὸ
1457 2863 1593 2932 μετὰ
1618 2861 1725 2914 τῶν

140 2961 463 3030 προθέσεων
512 2960 567 3012 δὲ
613 2959 786 3011 ταῦτα
830 2957 1078 3028 εἰρῆσθαι
1123 2955 1574 3026 ἐπιτατικὼτερον
1614 2955 1725 3025 ἔχει

138 3058 238 3108 τὶν
273 3055 506 3123 γέλωτα.
532 3052 643 3106 Καὶ
675 3051 734 3103 οὐ
768 3050 944 3121 μόνον,
977 3049 1128 3120 φησὶ,
1155 3046 1332 3111 τοῦτο,
1359 3047 1492 3100 ἀλλὰ
1519 3049 1610 3100 καὶ¹
1635 3048 1726 3118 όρ-

138 3149 251 3219 γῆς
282 3143 747 3217 πειραθήσονται]

225 3262 366 3314 Τότε
388 3257 648 3325 λαλήσει
680 3255 829 3324 πρὸς
853 3255 1073 3319 αὐτοὺς
1091 3256 1162 3307 ἐν
1188 3251 1334 3324 ὀργῇ
1355 3250 1719 3316 αὑτοῦ.Τότε,

142 3353 304 3412 πότε,
342 3350 376 3418 ῆ
421 3351 510 3402 ὅτε
561 3348 742 3415 ἔλεγον
769 3364 782 3378 ·
834 3345 1247 3413 Διαρῤήξωμεν
1291 3343 1431 3408 τοὺς
1463 3341 1723 3410 δεσμοὺς

141 3440 385 3504 (ιὺτῶν;
410 3440 474 3491 Τί
493 3439 550 3491 δέ
576 3427 778 3490 ἐστιτὰ
805 3441 860 3490 ἐν
887 3437 1022 3508 ὀργῇ
1051 3436 1179 3506 παρ’
1202 3433 1364 3488 αὑτοῦ
1389 3433 1718 3504 λαληθέντα;

142 3537 178 3606 ἢ
209 3534 272 3587 τό
295 3551 308 3563 ·
359 3531 502 3585 Οὐαὶ
532 3529 692 3600 ὑμῖν,
723 3528 1076 3598 γραμματεῖς
1125 3527 1221 3580 καὶ
1256 3525 1560 3593 Φαρισαῖοι
1583 3541 1596 3552 °
1631 3526 1722 3578 καὶ

140 3627 205 3679 τό
229 3643 243 3656 υ
280 3624 618 3693 Ἀρθήσεται
637 3621 736 3691 ἀφ’
768 3621 934 3690 ὑμῶν
959 3622 996 3688 ἠ
1015 3619 1303 3684 ,ϐασιλεία
1323 3635 1335 3647 ’
1371 3619 1460 3671 καὶ
1489 3617 1550 3670 τό
1567 3634 1579 3646 ·
1611 3616 1719 3670 Καὶ

140 3716 291 3787 ὑμῖν
329 3715 465 3770 οὐαὶ
498 3714 622 3778 τοῖς
645 3711 926 3782 νομικοῖς.

217 3808 483 3882 [Στρατιὰ
509 3807 618 3878 γὰρ
655 3806 848 3867 αὐτοὺς
889 3803 1167 3873 Ῥωμαῖκὴ
1217 3800 1716 3872 ἐξηνδραποδίσατο.

140 3903 405 3970 Διαφέρει
435 3899 491 3951 δὲ
522 3898 690 3969 θυμὸς
715 3897 902 3967 ὀργῆς,
934 3894 1012 3965 τῷ
1053 3894 1222 3965 θυμὸν
1254 3894 1350 3964 μὲν
1385 3890 1522 3946 εἶναι
1552 3893 1719 3963 ὀργὴν

139 3990 603 4062 ἁναθυμιωμένην
627 3989 720 4040 καὶ
747 3987 826 4039 ἔτι
854 3985 1235 4054 ἐκκαιομένην,
1263 3983 1429 4055 ὀργὴν
1461 3984 1516 4035 δὲ
1545 3982 1718 4053 ὄρεξιν

139 4079 964 4154 ἁντιλυπήσεως.Ἀτελέστερος
1001 4073 1091 4130 οὖν
1138 4077 1234 4146 τῆς
1277 4075 1444 4146 ὀργῆς
1473 4077 1501 4128 6
1530 4074 1716 4144 θυμὸς,

140 4174 498 4246 ἀποτέλεσμά
525 4190 586 4226 τε
617 4175 650 4242 ἡ
686 4171 840 4242 ὀργή.
874 4171 984 4223 Kal.
1011 4167 1265 4222 τοιούτων
1301 4168 1357 4221 δὲ
1402 4167 1508 4220 τῶν
1539 4166 1717 4238 ῥημά-

139 4288 254 4324 των
296 4269 396 4340 τὴν
437 4263 728 4337 ἑρμηνείαν
765 4263 1000 4316 διδάσκει
1036 4261 1098 4314 τὸ
1126 4261 1280 4324 τέλος
1311 4259 1418 4312 τῶν
1448 4259 1718 4330 πραγμά-

141 4380 273 4417 των.
300 4358 542 4430 Στρατιὰ
567 4357 674 4428 γάρ
699 4357 879 4418 αὐτοῖς
912 4356 1178 4409 ἐπιστᾶσα
1216 4351 1495 4424 Ῥωμαῖκὴ
1527 4353 1626 4422 τήν
1656 4368 1715 4404 τε

142 4455 299 4508 πόλιν
343 4451 611 4523 ἐπόρθησε
655 4451 747 4502 καὶ
791 4448 1058 4519 ἐνέπρησε
1084 4445 1174 4498 τὸν
1208 4443 1363 4509 νεὼν,
1404 4444 1495 4497 καὶ
1539 4441 1715 4496 αὐτῶν
1747 4474 1792 4529 D

140 4546 272 4607 τοὺς
305 4543 406 4615 μὲν
438 4542 717 4603 πλείστους
743 4540 954 4608 θανάτῳ
989 4536 1342 4608 παρέπεμψεο
1377 4537 1503 4598 τοὺς
1529 4535 1584 4588 δὲ
1617 4535 1715 4606 τὴν

143 4635 363 4704 σφαγὴν
388 4629 722 4700 ἐκφυγόντας
765 4626 1278 4698 ἐξανδραποδίσασα,
1322 4625 1533 4695 δουλείᾳ
1579 4642 1716 4696 παρ-

141 4721 703 4790 έδωκεν.Ἑπιστῆσαι
741 4718 800 4770 δὲ
840 4718 1102 4788 προσήκει
1134 4716 1222 4768 τὸν
1266 4715 1472 4778 πιστὸν,
1499 4715 1574 4776 ὡς
1622 4714 1716 4766 δύο

139 4813 452 4890 προσώπων
487 4811 682 4880 ἐφεξῆς
713 4809 998 4880 μέμνηται,
1025 4807 1115 4859 καὶ
1141 4805 1350 4876 πρῶτον
1384 4805 1479 4876 μὲν
1509 4805 1712 4876 Κυρίου

138 4911 237 4963 τοῦ
268 4907 505 4979 Χριστοῦ
527 4924 539 4937 ·
576 4907 734 4959 Κατὰ
760 4903 867 4957 τοῦ
897 4904 1114 4970 Κυρίου
1141 4901 1270 4973 γὰρ,
1304 4901 1426 4972 ἔφη,
1446 4901 1543 4954 καὶ
1566 4902 1714 4956 κατὰ

139 5001 250 5055 τοῦ
282 4997 540 5066 Χριστοῦ
569 4995 779 5050 αὐτοῦ·
827 4989 944 5046 εἶτα
977 4992 1351 5054 κατοικοῦντος
1381 4994 1436 5046 ἐν
1469 4993 1715 5063 οὐρανοῖς

139 5093 238 5146 καὶ
267 5091 502 5162 Κυρίου·
537 5091 589 5141 Ὀ
613 5086 903 5142 κατοικῶν
930 5088 999 5140 ὲν
1027 5083 1302 5153 οὐρανοῖς
1329 5082 1715 5153 ἐκγελάσεται

138 5184 386 5248 αὐτοὺς,
438 5181 537 5235 καὶ
578 5184 610 5234 ό
655 5181 866 5247 Κύριος
913 5175 1292 5247 ἑκμυκτηριεῖ
1339 5178 1583 5242 αὐτούς·
1623 5175 1715 5228 καὶ

139 5275 296 5340 αὖθις
334 5276 391 5328 δὲ
416 5275 479 5327 τὸ
501 5272 632 5326 αὐτὸ
658 5274 943 5343 διετήρησε
978 5269 1206 5341 σχῆμα]

222 5450 364 5516 Ἐγὼ
403 5448 469 5500 δὲ
510 5446 884 5514 κατεστάθην
917 5431 1213 5510 ,βαὰιλεὺς
1261 5445 1361 5498 ὑπ’
1383 5445 1566 5498 αὐτοῦ
1613 5445 1710 5499 ἐπὶ

136 5541 308 5598 Σιών.
330 5540 416 5602 Ὠς
440 5540 833 5610 ἀποϐληθέντος
870 5537 964 5592 τοῦ
990 5536 1048 5601 ἐξ
1081 5535 1295 5606 Ἰσραὴλ
1323 5535 1474 5602 λαοῦ,
1504 5537 1600 5607 τὴν
1634 5539 1713 5601 εἰς

203 5706 247 5736 ⁸⁸
272 5703 465 5761 Matth.
489 5717 613 5768 xm,
646 5701 732 5755 47.

1827 1863 1881 1907 et
1907 1855 2069 1908 morti
2101 1857 2350 1923 traditus,
2380 1874 2503 1912 cum
2546 1859 2602 1913 in
2642 1861 2792 1914 caelis
2835 1861 2905 1915 sit
2931 1871 2984 1915 et
3012 1861 3195 1915 omnia
3227 1861 3402 1916 conti-

1826 1956 1970 2011 neat,
1997 1963 2135 2002 vaua
2168 1949 2460 2018 inaniaque
2485 1951 2726 2005 declarat
2755 1967 2943 2006 eorum
2973 1954 3224 2007 consilia.
3249 1952 3403 2024 Ejus-

1827 2052 1932 2106 que
1954 2037 2130 2104 Pater,
2162 2040 2516 2109 omniumque
2540 2043 2820 2108 Dominus,
2844 2043 3035 2112 dignas
3069 2045 3292 2114 hujusce
3322 2051 3400 2103 rei

1826 2139 2085 2196 exposcet
2117 2146 2326 2199 pmnas.
2349 2131 2418 2184 Et
2447 2132 2699 2186 Dominus
2729 2135 3076 2188 subsannabit
3102 2153 3206 2190 eos.
3233 2136 3396 2203 Quasi

1827 2220 2057 2274 nihilum
2089 2222 2368 2292 despiciet,
2403 2224 2530 2278 odio
2555 2225 2792 2290 habebit,
2823 2227 3184 2281 aversabitur.

1901 2395 2194 2468 [Irridebit,
2223 2415 2286 2456 ac
2311 2401 2356 2455 si
2379 2399 2601 2465 diceret,
2625 2402 2750 2456 odio
2768 2403 3008 2466 habebit,
3038 2406 3396 2462 aversabitur.

1829 2489 1934 2544 Sed
1966 2491 2056 2560 qui
2093 2491 2526 2560 insidiatoribus,
2558 2494 2754 2563 inquit,
2785 2496 3050 2549 excelsior
3075 2507 3179 2563 est,
3210 2498 3400 2552 irride-

1827 2580 1908 2634 bit
1939 2596 2056 2648 eos,
2088 2583 2202 2637 sive
2235 2585 2344 2638 risu
2382 2585 2575 2656 dignas
2604 2602 2794 2641 eorum
2828 2588 3056 2642 insidias
3081 2589 3396 2655 declarabit,

1827 2678 2012 2738 utpote
2037 2673 2129 2739 qui
2163 2673 2330 2726 stulto
2363 2674 2581 2742 negotio
2627 2691 2848 2730 manum
2877 2677 3236 2732 admoverint.
3261 2678 3397 2734 Nam

1826 2760 2179 2814 subsannatio
2207 2772 2290 2817 est
2319 2763 2480 2819 tlatus
2510 2780 2604 2833 per
2638 2781 2796 2820 nares
2828 2767 3085 2834 emissus,
3113 2768 3180 2822 ad
3204 2770 3396 2838 despe-

1826 2859 1970 2904 ctum
2017 2867 2206 2906 eorum
2234 2857 2328 2923 qui
2371 2856 2643 2925 ingentem
2692 2853 2966 2913 iretnitum
3016 2860 3202 2914 edunt.
3243 2860 3398 2926 Quod

1827 2949 2008 2994 autem
2051 2945 2354 3011 praepositis
2403 2947 2778 3014 superioribus
2823 2948 2935 3001 haec
2977 2947 3252 3014 dicantur,
3282 2964 3398 3002 am-

1827 3033 2051 3100 pliorem
2079 3035 2318 3102 praebent
2349 3037 2491 3090 risus
2534 3039 2838 3091 materiam.
2872 3037 3057 3108 Neque
3096 3039 3150 3092 id
3192 3041 3398 3094 solum~

1751 3139 1797 3202 ο
1827 3123 2006 3186 modo,
2037 3124 2229 3194 inquit,
2262 3127 2356 3180 sed
2378 3127 2513 3180 iram
2537 3129 2810 3196 experturi
2836 3127 3006 3200 sunt.]

1894 3242 1945 3296 5.
1975 3239 2118 3292 Tunc
2155 3239 2394 3310 loquetur
2426 3229 2496 3294 a'd
2528 3258 2614 3294 eos
2654 3243 2707 3295 in
2733 3245 2815 3296 ira
2847 3261 2965 3298 sua.
2993 3245 3180 3316 Tunc;
3223 3264 3398 3317 quan-

1823 3333 2041 3395 donam,
2083 3332 2186 3386 nisi
2217 3348 2338 3386 cum
2377 3334 2638 3395 dicerent,
2671 3333 3048 3405 Dirumpamus
3074 3340 3282 3393 vincula
3309 3358 3397 3393 eo-

1823 3425 1984 3477 rum?
2024 3423 2160 3488 Quid
2211 3434 2389 3477 autem
2442 3433 2524 3478 est
2567 3426 2710 3493 quod
2761 3427 2813 3479 in
2844 3426 2921 3480 ira
2966 3445 3064 3483 sua
3107 3431 3396 3500 loquetur?

1822 3513 1955 3569 Illud
1991 3533 2004 3568 :
2041 3513 2129 3568 Va:
2154 3517 2316 3579 vobis,
2350 3517 2536 3570 scribae
2565 3527 2611 3570 et
2651 3516 2918 3573 Phariswi
2935 3520 3008 3588 6’;
3044 3529 3098 3576 et
3129 3521 3258 3577 illud
3284 3541 3298 3576 :
3325 3522 3393 3576 Et

1821 3606 1962 3660 vobis
1987 3623 2187 3677 quoque
2219 3607 2554 3676 legisperitis,
2585 3625 2660 3662 va:
2695 3610 2769 3664 ⁸³.

1894 3803 2049 3877 [Nam
2083 3805 2362 3863 Romanus
2388 3810 2660 3863 exercitus
2687 3810 2738 3864 in
2763 3813 3131 3882 captivitatem
3157 3817 3278 3870 illos
3301 3815 3392 3870 ah-

1821 3894 1993 3949 duxit.
2023 3894 2196 3949 Furor
2226 3906 2404 3952 autent
2427 3899 2589 3951 abira
2611 3899 2808 3966 differt,
2837 3904 2979 3971 quod
3007 3902 3160 3958 furor
3190 3907 3260 3959 sit
3283 3907 3392 3961 νει-

1820 3996 1881 4040 ut
1929 3986 2004 4039 ira
2031 3977 2296 4040 ebulliens
2326 3999 2380 4040 et
2425 3988 2604 4042 adhuc
2648 4004 2911 4056 accensa;
2943 3993 3022 4046 ira
3059 4002 3262 4059 autem,
3296 4012 3390 4065 ap-

1818 4079 2017 4149 petitus
2042 4079 2308 4134 vindictze.
2334 4078 2706 4149 lmperfectior
2730 4081 2911 4152 itaque
2941 4082 3093 4138 furor
3121 4097 3203 4142 est
3225 4104 3388 4157 quam

1818 4169 1898 4223 ira
1927 4188 1939 4222 :
1971 4178 2160 4238 estque
2201 4169 2280 4222 ira
2323 4185 2420 4224 ceu
2453 4170 2934 4240 complementum.
2978 4171 3389 4247 Verborumque

1818 4259 2130 4328 hujusmodi
2169 4260 2674 4330 interpretationem
2704 4262 2882 4331 palam
2914 4262 3046 4319 facit
3067 4267 3284 4336 velipse
3305 4285 3389 4323 re-

1821 4365 1938 4402 rum
1977 4351 2172 4404 exitus.
2219 4349 2500 4406 Exercitus
2539 4367 2775 4422 namque
2823 4354 3186 4410 Romanorum
3239 4359 3387 4428 ipsos

1820 4439 2079 4495 invadens
2121 4441 2308 4494 urbem
2355 4442 2606 4509 vastavit,
2636 4452 2797 4513 atque
2838 4446 3097 4514 templum
3125 4447 3384 4518 incendit,

1819 4539 1873 4583 et
1913 4546 2163 4600 magnam
2209 4541 2415 4602 partem
2448 4534 2691 4602 ipsorum
2733 4535 3106 4593 internecione
3147 4539 3382 4609 delevit;

1819 4621 1940 4677 illos
1967 4632 2143 4675 autem
2182 4623 2275 4691 qui
2306 4633 2534 4678 mortem
2567 4624 2891 4695 effugerunt,
2923 4640 3108 4698 captos
3138 4636 3383 4690 εθιττίιιιιὶ

1819 4713 2058 4768 tradidit.
2117 4714 2525 4770 Animadvertat
2565 4717 2726 4771 velim
2782 4718 3015 4788 quisque
3060 4722 3144 4775 vir
3188 4725 3381 4790 ﬁdelis,

1818 4806 1960 4874 quod
1985 4807 2382 4875 quasiduarum
2401 4824 2758 4878 personarum
2782 4815 3107 4869 mentionem
3132 4819 3385 4889 deinceps

1818 4895 2015 4964 faciat;
2064 4899 2240 4968 primo
2283 4902 2498 4969 quidem
2546 4901 2760 4957 Domini
2812 4904 3051 4974 Christi;
3093 4909 3381 4979 siquidem,

1821 4989 2065 5044 adversus
2087 4990 2385 5055 Dominum,
2408 4992 2665 5061 inquit,et
2685 4994 2934 5050 adversus
2954 4998 3218 5053 Christum
3235 5003 3381 5070 ejus;

1821 5081 2014 5135 deinde
2054 5097 2204 5146 vero,
2235 5083 2352 5152 ejus
2398 5086 2489 5154 qui
2528 5085 2738 5141 habitat
2769 5089 2820 5142 in
2853 5091 3004 5144 uelis
3035 5103 3087 5145 et
3120 5092 3382 5151 Dominus

1817 5179 1932 5225 est:
1965 5171 2068 5235 Qui
2101 5173 2304 5225 habitat
2335 5175 2387 5227 in
2428 5175 2570 5228 cazlis
2617 5176 2858 5231 irridebit
2890 5197 2976 5233 eos
2999 5223 3012 5244 ,
3045 5192 3092 5234 et
3129 5183 3380 5238 Dominus

1816 5263 2156 5314 subsannabit
2189 5279 2306 5326 eos;
2335 5280 2398 5319 ac
2419 5281 2638 5319 rursum
2674 5269 2860 5322 eodem
2893 5273 3052 5326 modo
3077 5274 3297 5329 assidue
3325 5285 3379 5330 et

1816 5361 2211 5420 consequenter
2245 5355 2532 5428 procedit.]
3109 5381 3111 5383 ·

1883 5441 1936 5494 6.
1983 5442 2092 5510 Ego
2127 5454 2299 5497 autem
2329 5450 2650 5502 constitutus
2695 5464 2786 5502 rex
2823 5449 2886 5503 ab
2931 5467 2988 5504 eo
3027 5466 3181 5521 super
3224 5451 3374 5509 Sion.

1816 5530 2094 5602 Tanquam
2136 5537 2424 5604 reprobato
2467 5540 2763 5596 Israelitico
2799 5544 3020 5614 populo,
3053 5545 3210 5600 tidem
3254 5561 3378 5617 qua:

837 5701 880 5732 “
912 5697 1099 5755 Matth.
1128 5712 1204 5763 ιιι,
1241 5695 1328 5750 47.
1409 5696 1452 5727 ⁸³
1482 5692 1668 5748 Matth.
1708 5710 1866 5759 um,
1896 5694 1980 5750 13.
2059 5695 2101 5728 ⁶³
2127 5693 2258 5754 Luc.
2295 5713 2369 5763 ιι,
2401 5693 2492 5750 46.
