3874 6218
178 323 232 377 69
1257 303 1638 371 ΕΧΡΟΞΙΤΙΟ
1664 313 1728 367 IN
1781 315 2109 372 PSALMUM
2149 317 2235 373 Ill.
3309 318 3378 374 70

175 436 370 506 κεφαλὴ,
399 434 424 486 6
445 432 568 494 Θεὸς
593 427 747 494 οὖσα,
775 433 903 485 ὅταν
931 433 964 504 ἡ
1000 432 1187 502 θεότης
1216 432 1379 484 αὐτοῦ
1407 431 1614 500 φανερὰ
1641 431 1689 483 δι

1811 441 2000 500 caput,
2035 435 2180 502 quod
2211 432 2353 487 Deus
2375 442 2493 498 est,
2528 431 2779 492 exaltari.
2821 446 2943 486 cum
2976 431 3230 486 divinitas
3258 431 3378 501 ejus

171 526 456 589 ἀποδείξεως
484 526 592 587 τοῖς
626 526 833 586 πιστοῖς
861 524 1108 594 γένηται.

233 617 323 689 [Σὺ
356 615 435 679 δὲ,
454 615 647 682 Κύριε,
670 614 1045 683 ἀντιλήπτωρ
1067 632 1186 684 μου
1222 611 1294 670 εἴ.
1322 614 1610 683 Πρέπουσα
1637 617 1702 684 τῇ

170 709 323 763 πίστει
352 702 438 759 τοῦ
467 706 740 776 προφήτου
759 705 928 776 φωνὴ,
959 706 1224 768 ἀσείστως
1257 706 1509 776 φέροντος
1549 704 1701 775 τηλι-

170 797 346 858 καύτας
388 795 744 867 περιστασεις,
781 797 874 848 καὶ
923 797 1238 859 πεποιθότος
1284 797 1358 868 μὴ
1388 797 1702 865 ἐγκαταλει-

167 887 460 959 φθήσεσθαι·
491 886 624 940 ἀλλὰ
652 887 785 958 πρὸς
815 888 876 940 τὸ
902 887 1159 958 βοηθῆναι
1191 889 1285 941 κα)⁸
1321 888 1697 958 ὑψωθήσεσθαι

165 981 246 1035 καὶ
274 980 358 1050 τὴν
397 977 660 1048 βασιλείαν
688 979 1082 1049 ἀπολήψεσθαι·
1115 980 1270 1032 τοῦτο
1298 979 1405 1050 γὰρ
1438 976 1586 1031 εἶπόν
1611 995 1696 1030 τι-

163 1090 254 1135 νες,
284 1069 444 1139 ὑψῶν
467 1069 580 1137 τὴν
613 1069 902 1138 κεφαλήν.
940 1071 1075 1136 Δόξα
1102 1071 1280 1123 τοίνυν
1307 1070 1638 1126 τοῦ.δικαίου
1667 1072 1695 1122 ὁ

162 1163 293 1224 Θεὸς,
324 1155 364 1228 ᾧ
405 1159 681 1213 πέποιθεν·
711 1154 754 1228 ᾧ
790 1161 846 1213 δὲ
878 1159 1002 1224 δόξα
1044 1160 1072 1210 ὁ
1101 1160 1250 1225 Θεὸς,
1285 1153 1439 1224 οὗτος
1470 1161 1694 1230 ὑψοῦται

160 1253 244 1323 τὴν
272 1250 544 1322 κεφαλήν]

220 1421 372 1491 Φωνῇ
386 1441 498 1492 μου
522 1425 672 1492 πρὸς
698 1425 919 1491 Κύριον
939 1422 1246 1490 ἐκέκραξα.
1280 1424 1526 1478 Διδάσκει
1553 1429 1580 1479 6
1607 1427 1694 1482 λό-

156 1529 258 1580 γος,
287 1514 356 1577 ὡς
399 1516 454 1566 ἐν
486 1518 606 1578 ταῖς
646 1515 993 1585 περιστάσεσι
1025 1515 1122 1567 οὐκ
1152 1514 1293 1584 ἄλλῳ
1326 1516 1359 1585 ἢ
1389 1517 1506 1586 Θεῷ
1549 1520 1692 1591 μόνῳ

157 1605 408 1674 προσιέναι
431 1605 527 1660 δεῖ.

1806 522 2058 578 ﬁdelibus
2096 526 2382 594 perspicue
2411 533 2898 581 commonstratur.

1877 612 1980 684 [Tu
2006 627 2200 677 autem,
2235 616 2478 682 Domine,
2503 628 2773 684 susceptor
2818 631 2963 668 meus
3008 631 3080 668 es.
3111 613 3236 669 Haec
3271 628 3379 668 vox

1802 702 2082 773 PrOphetae
2129 707 2250 760 ﬁdei
2286 710 2528 776 apprime
2572 708 2847 771 convenit,
2881 707 2974 776 qui
3016 707 3153 760 tales
3197 721 3375 759 rerum

1801 781 2143 852 conditiones
2190 798 2346 851 ﬁrmo
2381 808 2543 868 atque
2596 798 2867 865 intrepido
2918 799 3101 850 animo
3150 796 3373 862 ferebat,

1800 885 2208 957 coniidebatque
2233 904 2289 942 se
2321 888 2544 940 minime
2571 888 2816 940 relictum
2849 887 2944 952 iri;
2973 888 3080 941 imo
3108 903 3236 942 vero
3265 902 3373 940 non

1798 979 2058 1032 auxilium
2089 982 2250 1034 modo
2281 980 2614 1046 adfuturum,
2646 995 2834 1032 verum
2863 980 3023 1033 etiam
3058 981 3374 1050 erigendum

1798 1083 1855 1122 se
1887 1067 2000 1123 fore
2045 1078 2207 1138 atque
2243 1086 2464 1140 regnum
2512 1079 2858 1138 accepturum
2888 1083 2900 1122 ξ
2936 1070 2987 1122 id
3027 1071 3170 1123 enim
3225 1071 3376 1124 aiunt

1796 1159 2014 1226 quidam
2051 1160 2357 1229 significare
2382 1161 2535 1225 illud,
2568 1160 2810 1213 exaltans
2843 1172 3017 1228 caput.
3054 1159 3236 1214 Gloria
3269 1163 3374 1215 ita-

1795 1264 1900 1319 que
1938 1249 2070 1318 justi
2107 1250 2247 1305 Deus
2281 1262 2382 1313 est,
2412 1253 2464 1305 in
2503 1267 2663 1320 quem
2706 1267 2852 1320 spem
2898 1253 3141 1319 reposuit
3171 1271 3182 1305 :
3215 1252 3374 1321 cujus

1796 1351 1973 1396 autem
2003 1345 2172 1413 gloria
2213 1354 2296 1400 est
2325 1345 2489 1408 Deus,
2526 1345 2687 1413 hujus
2721 1351 2885 1412 caput
2913 1341 3231 1414 exaltatum]

1867 1436 1918 1489 5.
1967 1435 2098 1489 Voce
2122 1453 2234 1490 mea
2265 1438 2333 1489 ad
2351 1433 2641 1491 'Dominum
2671 1435 2913 1489 clamavi.
2944 1435 3177 1488 Docetur
3201 1436 3254 1488 in
3281 1450 3375 1491 0c-

1798 1529 2142 1581 currentihus
2184 1529 2424 1596 casibus,
2453 1543 2560 1583 non
2591 1532 2659 1581 ad
2697 1527 2864 1581 alium
2894 1541 3056 1596 quam
3098 1527 3164 1581 ad
3199 1525 3370 1582 Deum

1799 1615 2248 1686 confugiendum.

218 1713 396 1784 Adjicit
430 1713 566 1768 Dan.
598 1713 868 1767 Barbarus
895 1729 913 1766 :
954 1714 1032 1768 De
1060 1723 1230 1769 monte
1261 1725 1464 1780 sancto,
1498 1717 1548 1771 id
1578 1727 1663 1776 est
1690 1722 1755 1776 de
1781 1727 1942 1782 coelo.

212 1828 408 1901 [Φωνῇ
449 1819 568 1898 μου
615 1829 763 1898 πρὸς
809 1830 1028 1898 Κύριον
1056 1828 1368 1898 ἐκέκραξα.
1415 1833 1684 1904 Προέταξε
1718 1847 1758 1899 Β

153 1923 241 1992 μὲν
266 1923 355 1992 τὴν
399 1922 582 1992 εὐχὴν,
616 1917 733 1975 εἶτα
766 1923 902 1992 μετὰ
944 1923 1004 1975 τὸ
1037 1923 1310 1994 διάψαλμα
1339 1925 1437 1997 τὴν
1475 1928 1695 1999 εὐχαρι-

153 2014 306 2079 στίαν,
329 2016 418 2067 ἐπὶ
437 2014 497 2066 τὸ
530 2015 887 2084 τετυχηκέναι
911 2007 985 2068 ὧν
1010 2015 1195 2086 ᾔτησε.
1222 2015 1335 2072 Νῦν
1369 2018 1548 2088 μέντοι
1569 2020 1708 2086 ἀπο-γ

149 2104 342 2174 στρέφει
371 2105 429 2157 τὸ
461 2105 750 2176 πρόσωπον
799 2105 932 2176 πρὸς
964 2108 1130 2177 ἡμᾶς,
1163 2109 1257 2161 καὶ
1284 2109 1550 2181 διηγεῖται
1580 2111 1695 2174 πῶς

147 2194 411 2265 εὐξάμενος
452 2194 790 2265 ὲπηκούσθη,
836 2195 928 2248 καί
973 2214 1138 2267 φησι·
1176 2199 1349 2268 Φωνῇ
1389 2219 1507 2268 μου
1551 2202 1698 2270 πρὸς

145 2286 346 2352 Κύριον
379 2284 694 2353 ἐκέκραξα.
727 2287 838 2338 Καὶ
878 2286 1058 2358 φωνὴν
1095 2288 1191 2358 μὲν
1233 2289 1570 2360 ὑποληπτέον
1600 2290 1696 2361 τὴν

144 2377 314 2447 νοερὰν
337 2377 429 2447 τῆς
457 2377 699 2440 διανοίας
729 2378 866 2448 πρὸς
889 2377 977 2430 τὸν
1005 2378 1112 2432 τῶν
1137 2379 1271 2433 ὅλων
1297 2381 1428 2434 Θεὸν
1456 2383 1693 2435 ἱκεσίανο

142 2473 196 2524 οὐ
228 2471 326 2542 γὰρ
345 2471 437 2541 τὴν
459 2472 711 2542 κραυγὴν
742 2471 910 2540 λέγει,
932 2471 1066 2526 ἀλλὰ
1088 2474 1185 2543 τὴν
1215 2474 1440 2530 αὐδαίαν
1465 2477 1563 2546 τῆς
1586 2475 1700 2529 δια-

141 2565 272 2627 νοίας
303 2565 481 2636 εὐχήν.

200 2658 265 2710 Τὸ
293 2659 345 2711 δέ
366 2677 380 2690 ι
405 2657 717 2726 ἐπήκουσέ
742 2675 862 2727 μου
901 2657 969 2722 ἐξ
1021 2657 1224 2725 ὅρους,
1265 2657 1406 2710 κατὰ
1435 2656 1532 2727 τὴν
1567 2673 1700 2709 κατ-

139 2747 342 2818 έχουσαν
386 2752 603 2823 εἴρηται
647 2748 1152 2821 δόξαν.Ἐνομίζετο
1180 2750 1288 2820 γὰρ
1321 2751 1378 2802 έν
1418 2752 1484 2819 τῇ
1520 2751 1697 2820 Σκηνῇ

136 2847 403 2908 κατοικεῖν,
439 2842 628 2912 ἐπειδὴ
657 2841 864 2895 ἐκεῖθεν
891 2843 985 2894 καὶ
1015 2842 1062 2892 οἱ
1087 2841 1324 2912 χρησμοὶ
1351 2842 1464 2902 τοῖς
1494 2839 1700 2910 ἱερεῦσι

139 2935 443 2990 ὲδίδοντο.“Η
467 2937 550 2995 τὸ,
574 2935 644 2999 ἐξ
669 2935 845 3003 ὅρους
868 2935 1062 3004 ἁγίου,
1085 2934 1206 2986 ἀντὶ
1228 2933 1341 2996 τοῦ,
1356 2931 1416 2997 ἐξ
1435 2931 1662 3004 οὐρανοῦ
1684 2950 1696 2963 ·

134 3027 199 3090 ὡς
222 3028 386 3081 καὶτό
405 3046 416 3058 ·
460 3029 559 3081 Ἐν
595 3027 714 3094 ὄρει
737 3027 882 3095 ἁγίῳ
913 3040 1030 3078 σου
1055 3041 1068 3054 '
1104 3025 1217 3087 καὶ,
1239 3026 1540 3094 Ἐγνγνίσατε
1575 3024 1699 3092 ὄρε-

135 3133 226 3171 σιν
251 3121 535 3186 αἰωνίοις,
573 3118 794 3170 δύναται
847 3118 970 3188 ὅρος
1026 3117 1178 3184 ἆγιον
1218 3111 1354 3168 εἶναι
1383 3115 1516 3168 Θεοῦ
1548 3115 1604 3181 ἐξ
1631 3108 1692 3167 οὗ

132 3212 380 3265 είσακούει
425 3211 532 3265 τῶν
570 3210 875 3281 εὐχομένων
904 3213 932 3262 ὁ
957 3208 1089 3272 Θεὸς
1122 3209 1149 3260 ό
1180 3207 1470 3278 μονογενὴς
1502 3207 1687 3272 αὑτοῦ,
1717 3188 1758 3245 C

132 3300 246 3368 περὶ
265 3292 320 3351 οὗ
348 3301 599 3370 εἴρηται-ο
637 3301 841 3351 Ἔσται
871 3297 1132 3366 ἐμφανὲς
1164 3298 1230 3349 τὸ
1267 3298 1405 3366 ὅρος
1435 3298 1540 3350 τοῦ
1571 3303 1686 3351 Κυ-

127 3390 246 3454 ρίου
269 3391 356 3442 ὲπ’
379 3391 623 3460 ἐσχάτῳ
643 3389 760 3443 τῶν
787 3389 1022 3458 ἡμερῶν
1043 3407 1056 3420 ·
1083 3389 1240 3460 δηλού
1252 3407 1351 3460 σης
1373 3391 1470 3459 τῆς
1495 3388 1692 3454 λέξεως

130 3480 311 3552 ταύτης
359 3482 456 3554 τὴν
510 3482 818 3552 γενομένην
868 3480 1034 3534 αὐτοῦ
1072 3481 1395 3550 φανέρωσιν,
1427 3479 1567 3532 κατὰ
1591 3480 1690 3550 τὴν

129 3569 395 3642 ἐπιδημίαν
442 3573 537 3624 ἐπὶ
579 3570 859 3641 συντελείᾳ
905 3570 1014 3623 τῶν
1055 3570 1294 3622 αίώνωνσ
1344 3570 1401 3640 ἢ,
1436 3569 1496 3634 ἐξ
1534 3571 1690 3640 ὅρους

130 3664 287 3729 ἁγίου,
319 3667 381 3718 ἐκ
401 3665 496 3718 τοῦ
532 3663 962 3736 οῦρανοῦ.’ορος
991 3663 1144 3731 ἆγιον
1180 3660 1314 3714 Θεοῦ
1346 3662 1379 3732 ἡ
1408 3661 1690 3732 ὑπερφυὴς

127 3755 308 3823 γνῶσις
331 3758 522 3811 αὐτοῦ.

189 3847 256 3898 Τὸ
294 3848 598 3919 διαψαλμα,
634 3846 895 3917 μουσικοῦ
932 3847 1125 3917 μέλους
1159 3846 1191 3916 ἢ
1224 3845 1434 3917 τροπῆς
1461 3847 1688 3916 γενομέ-

126 3953 212 4008 νης
234 3938 262 4008 ἢ
290 3939 521 4004 διανοίας
556 3941 657 3993 καὶ
687 3939 964 4009 δυνάμεως
989 3938 1146 4005 λόγου
1173 3937 1492 4006 ὲναλλαγῆς.

187 4027 271 4090 Τὸ,
298 4029 655 4098 ἐξηγέρθην,
677 4028 834 4080 τοῦτο
860 4028 1025 4097 δηλοῖ,
1045 4028 1146 4090 ὅτι,
1169 4029 1268 4098 τῆς
1291 4027 1437 4090 θείας
1461 4026 1693 4080 ἀπολαῦ-

128 4130 214 4177 σας
241 4121 460 4191 τροπῆς,
498 4119 766 4192 κρείττων
810 4119 1075 4190 ἐγενόμην
1125 4117 1234 4171 τῶν
1277 4118 1690 4188 προσπεσόντων

123 4202 341 4281 κακῶν]

194 4299 324 4370 Ἐγὼ
349 4302 682 4372 ἐκοιμήθην
725 4301 823 4354 καὶ
867 4301 1136 4354 ὕπνωσα.
1170 4300 1272 4352 Τὸν
1312 4299 1438 4369 περὶ
1476 4298 1569 4351 τοῦ
1598 4298 1690 4351 νοῦ

121 4387 273 4444 ὕπνον
299 4394 449 4462 φησὶ,
481 4394 549 4446 δι’
583 4389 646 4446 οὗ
673 4394 765 4446 καὶ
804 4394 884 4455 είς
913 4392 1011 4464 τὴν
1046 4393 1322 4463 ἁμαρτίαν
1369 4393 1686 4446 κατέπεσεν.

184 4477 322 4550 [Ὅτι
369 4481 450 4535 σὺ
497 4481 804 4546 ἑπάταξας
837 4480 1066 4545 πάντας
1099 4481 1240 4545 τοὺς
1268 4479 1689 4550 ἑχθραίνοντάς
1723 4517 1764 4570 D

113 4584 222 4633 μοι.
271 4571 538 4638 Πάταξον,
598 4571 904 4642 σύντριψον,
948 4570 981 4641 ἢ
1036 4571 1685 4636 πατάξεις.Ἐπισπεύδει

119 4659 206 4728 τὴν
236 4660 590 4724 ἐξανάστασιν
625 4662 722 4733 τὴν
761 4664 879 4716 κατ’
911 4662 1090 4716 αὐτῶν
1120 4662 1214 4714 τοῦ
1249 4662 1403 4728 Θεοῦ,
1438 4664 1554 4734 ἦτοι
1587 4662 1684 4734 τὴν

116 4750 332 4818 ἄμυναν.
363 4755 649 4820 Ματαίως
694 4754 806 4824 ἔχει
850 4755 974 4817 τοὺς
1025 4754 1251 4824 ἐχθροὺς
1275 4756 1302 4806 ὁ
1331 4755 1402 4824 μὴ
1431 4755 1683 4824 παρέχων

116 4841 371 4908 πρόφασιν
427 4845 644 4914 μίσους.
685 4843 956 4908 Ὀδόντας
1003 4842 1058 4896 δὲ
1104 4842 1460 4912 ἁμαρτωλῶν
1507 4845 1539 4914 ἢ
1587 4843 1682 4914 τὴν

117 4929 257 4999 ἰσχὺν
287 4933 431 5000 λέγει
463 4935 576 4987 τῶν
613 4936 691 4996 είς
720 4935 880 4988 αὐτὸν
907 4935 1344 5005 ἁμαρτανόντων,
1369 4935 1402 5004 ἢ
1439 4937 1562 4997 τοὺς
1593 4935 1681 4987 λό-

114 5034 232 5086 γους
267 5025 399 5087 ντοὺς
433 5026 557 5077 κατ’
588 5024 773 5089 αὐτοῦ,
805 5026 899 5078 καὶ
930 5025 1025 5088 τὰς
1063 5025 1438 5096 βλασφημίαςο
1467 5027 1498 5096 ἢ
1531 5027 1680 5078 ὁδόν-

113 5128 195 5175 τες
217 5116 554 5188 ἁμαρτωλῶν
582 5120 686 5170 είσι
709 5117 956 5186 λογισμοὶ
986 5117 1166 5185 ἄλογοι
1197 5116 1344 5188 παρὰ
1369 5116 1525 5183 φύσιν
1550 5119 1678 5188 ἡμῖν

117 5203 610 5276 ἑπισυμδαίνοντες.
642 5209 765 5271 Τοῖς
792 5208 900 5280 γὰρ
932 5208 1210 5278 λογισμοῖς
1234 5208 1308 5270 ὼς
1338 5207 1515 5260 ὀδοῦσι
1545 5207 1682 5279 χρώ-

119 5311 255 5362 μενοι
306 5299 571 5362 πολλάκις
613 5300 974 5370 ἀντικείμενοι
1031 5299 1481 5370 προσεγγίζουσιν
1529 5301 1676 5370 ἡμῖν,

115 5385 199 5438 τοῦ
226 5391 414 5456 φαγεῖν
439 5391 542 5451 τὰς
570 5392 776 5460 σάρκας
802 5389 976 5459 ἡμῶν,
997 5389 1237 5442 τουτέστι
1258 5390 1326 5442 τὰ
1351 5391 1414 5442 ἐκ
1439 5389 1535 5460 τῆς
1557 5405 1682 5459 σαρ-

118 5477 204 5540 κὸς
235 5482 496 5552 φυόμενα.
525 5481 758 5550 Φανερὰ
782 5481 870 5547 δὲ,
901 5482 1085 5553 φησὶν,
1115 5481 1251 5534 ἐστὶ
1294 5481 1366 5536 τὰ
1395 5481 1537 5550 ἔργα
1569 5480 1675 5548 τῆς

186 5677 229 5711 ⁸⁸
257 5677 399 5738 Psal.
429 5697 545 5748 nv,
577 5679 629 5735 1.
706 5681 751 5712 ⁸⁸
783 5678 927 5734 Psal.
963 5695 1124 5746 Lxxv,
1159 5680 1211 5735 5.

1860 1838 2026 1912 [Voce
2048 1859 2163 1896 mea
2189 1842 2256 1894 ad
2288 1841 2569 1894 Dominam
2599 1841 2838 1898 clamavi.
2877 1840 3148 1898 Praemisit
3177 1859 3369 1913 preca-

1797 1932 2017 1995 tionem,
2048 1933 2266 1998 dehinc,
2288 1933 2746 2002 postdiapsalma,
2775 1933 3069 2003 gratiarum
3101 1935 3367 1989 actione-ni

1794 2024 1942 2078 addit
1969 2026 2034 2078 de
2063 2039 2326 2079 concesso
2355 2026 2646 2094 postulato.
2671 2026 2867 2095 Atjam
2891 2026 2956 2080 ad
2978 2041 3078 2080 nos
3105 2042 3369 2082 converso

1793 2116 1966 2176 vultu.
2001 2125 2183 2169 narrat
2221 2131 2330 2184 quo
2364 2124 2522 2184 pacto
2560 2132 2747 2184 preces
2784 2117 2902 2186 ejus
2942 2118 3194 2172 admissae
3239 2120 3368 2184 sint,

1796 2208 2014 2277 aitque:
2063 2206 2192 2260 Voce
2219 2224 2333 2260 mea
2363 2207 2431 2259 ad
2466 2208 2745 2260 Dominum
2777 2211 3020 2264 clamavi.
3072 2209 3172 2264 Per
3197 2227 3370 2264 vocem

1797 2299 2062 2367 intelligas
2080 2298 2468 2368 intelligibilem
2492 2300 2689 2354 mentis
2711 2299 2820 2354 Deo
2841 2302 3219 2357 universorum
3241 2318 3371 2371 sup-

1797 2390 2142 2460 plicationem
2176 2409 2188 2444 :
2221 2399 2328 2444 non
2359 2392 2502 2445 enim
2527 2392 2593 2445 de
2621 2393 2859 2450 clamore
2890 2395 3150 2465 loquitur,
3183 2397 3276 2452 sed
3301 2398 3369 2452 de

1796 2481 2007 2550 prolata
2040 2497 2136 2551 per
2166 2489 2399 2536 mentem
2440 2483 2706 2538 oratione.

1868 2659 2003 2714 Illud
2053 2676 2219 2730 porro
2247 2679 2260 2716 :
2287 2663 2558 2717 exaudivit
2599 2681 2677 2718 me
2718 2664 2781 2718 de
2818 2674 3008 2730 monte,
3045 2665 3242 2722 dicitur
3281 2684 3368 2724 se-

1798 2754 2033 2807 cundum
2082 2755 2354 2824 vulgarem
2407 2756 2738 2829 opinionem.
2784 2756 3082 2813 Putabatur
3120 2759 3261 2814 enim
3310 2763 3362 2814 in

1800 2844 2150 2897 tabernaculo
2174 2845 2435 2911 habitare,
2454 2846 2580 2915 quia
2608 2847 2731 2902 inde
2750 2849 2967 2902 oracula
2990 2850 3366 2906 sacerdotibus

1800 2934 2087 2988 dabantur.
2105 2933 2222 3000 Vel,
2246 2936 2309 2989 de
2340 2948 2512 2990 monte
2537 2951 2738 3001 sancto,
2759 2941 2914 3007 quasi
2942 2940 3090 2994 dicas
3108 2941 3171 2995 de
3193 2942 3364 3007 coelo;

1801 3031 1861 3078 ut
1890 3025 2049 3078 etiam
2091 3025 2242 3086 illud,
2280 3023 2344 3077 In
2376 3035 2546 3078 monte
2579 3035 2757 3078 sancto
2784 3037 2871 3080 tuo
2897 3027 2960 3092 ⁵⁵,
2997 3037 3049 3082 et
3068 3030 3364 3098 Appropin-

1801 3125 1957 3185 quate
1985 3116 2243 3168 montibus
2271 3117 2482 3170 aeternis
2507 3117 2571 3172 “.
2615 3116 2796 3174 Potest
2831 3134 2982 3174 mons
3013 3130 3233 3175 sanctus
3269 3119 3366 3175 Dei

1791 3220 1909 3259 esse
1937 3221 2002 3259 ex
2035 3221 2144 3274 quo
2170 3207 2624 3260 exauditorantes
2657 3207 2798 3262 Deus
2828 3209 3158 3279 unigenitus,
3195 3212 3362 3274 illius,

1789 3294 1854 3348 de
1899 3310 2006 3363 quo
2036 3295 2238 3349 dictum
2269 3309 2370 3362 est,
2397 3295 2512 3349 Erit
2538 3299 2846 3366 conspicuus
2892 3316 3038 3352 mons
3067 3299 3278 3354 Domini
3308 3302 3365 3354 in

1789 3387 2068 3439 novissimo
2112 3388 2337 3442 dierum.
2390 3388 2546 3453 Quod
2600 3391 2808 3442 dictum
2869 3391 3362 3446 manifestationem

1789 3478 1907 3547 ejus
1959 3477 2244 3548 signiﬁcat,
2293 3495 2414 3548 quae
2465 3479 2645 3534 futura
2671 3490 2758 3536 est
2797 3482 2848 3534 in
2888 3483 3121 3538 adventu
3155 3484 3274 3554 ejus
3306 3486 3363 3539 in

1789 3569 2256 3623 consummatione
2289 3572 2610 3625 saeculorum
2639 3589 2652 3626 :
2685 3581 2800 3635 aut,
2832 3588 2897 3626 ex
2938 3585 3121 3628 monte
3147 3585 3360 3640 sancto,

1790 3661 1843 3715 id
1872 3673 1952 3716 est
1978 3677 2044 3716 ex
2073 3663 2230 3716 coelo.
2269 3660 2420 3716 Mons
2451 3673 2676 3719 sanctus
2706 3664 2799 3719 Dei
2817 3675 2898 3720 est
2928 3669 3362 3736 supernaturalis

1788 3753 1907 3822 ejus
1939 3755 2198 3823 cognitio.

1856 3844 2161 3912 Diapsalma
2196 3843 2482 3898 adhibetur
2511 3861 2631 3900 cum
2668 3847 2862 3899 musici
2893 3857 3090 3901 cautus
3124 3848 3359 3902 mutatio

1789 3934 1868 4000 ﬁt,
1902 3944 2140 3989 autcum
2176 3940 2436 3991 sententia
2462 3944 2515 3988 et
2535 3937 2616 3990 vis
2646 3937 2914 3991 sermonis
2959 3940 3065 3991 alio
3099 3941 3351 3993 vertitur.

1861 4026 2029 4090 Illud,
2074 4025 2397 4092 Exsurrexi,
2441 4026 2740 4096 significat,
2769 4027 2948 4080 divina
3002 4031 3359 4084 conversione

1789 4117 2060 4187 dignatus,
2094 4117 2467 4188 ingruentibus
2498 4119 2554 4172 in
2589 4133 2674 4171 me
2701 4119 2855 4173 malis
2885 4121 3135 4189 superior
3160 4121 3356 4194 evasi.j

1861 4297 1913 4350 6.
1946 4296 2063 4366 Ego
2090 4297 2310 4350 dormivi
2339 4305 2388 4349 et
2411 4305 2687 4358 soporatus
2713 4311 2851 4352 sum.
2881 4293 3073 4349 Mentis
3103 4311 3357 4352 somnum

1790 4389 1939 4453 dicit,
1969 4405 2063 4457 per
2092 4405 2250 4458 quem
2282 4389 2470 4443 incidit
2508 4390 2560 4440 in
2593 4397 2897 4456 peccaturo.

1857 4480 2042 4552 [Vsas.
2072 4484 2122 4533 8.
2160 4479 2420 4544 Quoniam
2448 4489 2503 4533 tu
2540 4481 2843 4549 percussisti
2870 4495 3042 4531 omnes
3073 4479 3357 4532 adversam

1794 4583 1867 4626 tes
1902 4572 2048 4627 mihi.
2085 4571 2332 4636 Percute,
2367 4581 2605 4634 contere,
2638 4581 2730 4625 aut
2761 4572 3046 4638 percuties.
3090 4569 3356 4625 Sollicitat

1790 4663 1958 4718 Deum
1994 4673 2268 4718 utcontra
2305 4665 2554 4719 inimicos
2597 4665 2859 4732 insurgat,
2895 4665 2958 4717 ad
2983 4679 3042 4718 se
3087 4665 3355 4718 ulciscen-

1789 4757 1940 4808 dum.
1989 4754 2112 4808 Sine
2151 4772 2309 4808 causa
2341 4756 2594 4809 inimicos
2625 4756 2803 4819 habet,
2841 4759 2932 4825 qui
2981 4756 3179 4809 nul-lam
3223 4771 3355 4825 prae-

1788 4845 1907 4898 buit
1939 4846 2047 4898 odii
2092 4847 2396 4899 materiam.
2440 4845 2629 4898 Dentes
2658 4856 2837 4899 autem
2875 4855 3225 4910 peccatorum,
3261 4856 3355 4899 aut

1789 4937 1893 4990 vim
1919 4937 1993 4990 ait
2019 4952 2138 4991 esse
2165 4937 2502 5005 peccantium
2537 4938 2799 4991 adversus
2833 4937 3023 5001 Deum,
3067 4945 3161 4990 aut
3191 4937 3352 4991 verba

1787 5027 1841 5082 in
1889 5029 2062 5097 ipsum
2118 5029 2342 5097 prolata.
2371 5037 2424 5083 et
2457 5030 2771 5098 blasphema
2818 5029 2983 5082 dicta.
3016 5028 3124 5080 Aut
3161 5028 3353 5082 dentes

1784 5127 2124 5186 peccatorum
2169 5127 2294 5172 sunt
2343 5121 2697 5188 cogitationes
2749 5119 3176 5179 irrationabiles,
3230 5133 3352 5186 quae

1784 5218 1977 5277 praeter
2000 5220 2246 5263 naturam
2278 5211 2433 5264 nobis
2472 5212 2734 5264 incidunt.
2775 5209 2908 5263 Nam
2941 5210 3352 5279 cogitationibus

1785 5301 1928 5354 velut
1953 5300 2202 5354 dentibus
2232 5301 2312 5354 usi
2340 5303 2672 5368 adversarii,
2701 5301 3018 5370 plerumque
3045 5300 3350 5381 .apprOpin-

1785 5398 1954 5458 quant
1998 5389 2173 5454 nobis,
2218 5401 2279 5442 ut
2304 5391 2462 5444 edant
2501 5406 2692 5445 carnes
2726 5399 2980 5454 nostras;
3017 5389 3261 5441 videlicet
3285 5403 3348 5442 ea

1784 5495 1906 5550 quae
1925 5495 1990 5535 ex
2013 5495 2177 5536 carne
2202 5490 2515 5536 nascuntur.
2548 5481 2827 5548 Manifesta
2850 5488 3021 5533 autem
3049 5490 3169 5534 sunt
3195 5493 3349 5547 opera
