3874 6218
459 317 520 371 71
1272 312 1330 368 S.
1370 311 1740 367 ATHANASII
1781 311 1931 366 OPP.
1975 307 2155 362 PARS
2192 306 2282 360 1H.
2324 336 2395 346 —
2433 306 2840 362 EXEGETICA.
3612 303 3688 357 72

442 430 642 494 carnis,
680 427 756 484 ait
800 426 1015 482 divinus
1051 424 1340 494 Apostolus
1373 424 1440 478 ⁸⁷.
1473 423 1670 478 Dentes
1709 437 1872 492 porro
1919 422 2007 487 ait,

2122 418 2364 486 σαρκὸς,
2397 421 2425 471 6
2455 419 2594 482 θεῖος
2623 418 2954 482 Ἀπόστολος.
2974 418 3218 479 Ὀδόντας
3250 416 3397 484 λέγει
3415 431 3428 444 ⁸
3457 414 3562 468 ἀπὸ
3590 431 3660 485 με

444 528 660 588 sumpta
693 535 725 573 a
758 517 887 572 feris
939 517 1285 585 metaphora,
1317 529 1438 584 qua:
1476 515 1530 568 in
1561 515 1812 569 dentibus
1843 514 2009 567 robur

443 610 663 673 habent,
693 609 892 679 quibus
936 607 1122 661 fractis
1154 605 1432 672 despectui
1472 605 1756 658 habentur.
1797 603 2009 670 Etenim

445 700 730 754 homicidae
770 715 834 753 ac
876 697 1209 767 sanguinarii
1255 696 1522 761 homines,
1549 695 1680 763 ipsis
1714 693 2011 748 carnivoris

445 790 574 846 feris
605 790 816 860 pejores
843 798 989 852 sunt,
1020 795 1183 856 atque
1209 786 1399 839 iisdem
1427 780 1856 852 comparantur.]

513 971 564 1026 9.
599 969 810 1022 Domini
856 979 930 1023 est
966 969 1132 1025 salus.
1168 967 1385 1022 Salvum
1421 983 1509 1022 me
1538 965 1647 1030 fac,
1675 966 1874 1035 inquit,
1905 964 2013 1018 Do-

444 1060 606 1114 mine.
628 1060 780 1131 Rogo
814 1071 1094 1125 autem,ut
1126 1063 1276 1115 salus
1334 1061 1483 1114 istaec
1518 1060 1574 1112 in
1607 1068 1775 1112 totum
1809 1058 2012 1113 feratur

441 1154 720 1221 populum.
769 1153 1060 1208 Sciendum
1103 1168 1264 1222 porro
1293 1161 1397 1218 est,
1434 1159 1606 1205 totum
1643 1152 1912 1220 psalmum
1943 1152 2008 1205 ad

443 1242 738 1297 humanum
784 1245 973 1298 referri
1017 1261 1207 1314 genus,
1234 1245 1376 1312 quod
1417 1260 1538 1297 cum
1575 1255 1870 1312 peccasset,
1901 1253 2011 1297 tra-

441 1333 615 1388 ditum
658 1335 777 1388 ideo
813 1335 913 1388 fuit
946 1336 1320 1404 spiritualibus
1372 1335 1608 1388 inimicis
1639 1353 1651 1386 :
1688 1333 1780 1387 sed
1813 1334 2012 1388 clamat

442 1424 496 1477 in
531 1427 877 1481 tribuiatione
907 1437 959 1481 et
981 1428 1267 1480 exauditur
1294 1442 1324 1479 a
1354 1425 1484 1488 Deo,
1520 1426 1854 1495 salutemque
1879 1442 2010 1480 con-

444 1527 688 1569 secutum
715 1526 816 1580 est,
849 1533 913 1570 eo
936 1518 1077 1584 quod
1107 1532 1297 1586 nempe
1328 1516 1580 1570 Christus
1610 1532 1640 1570 a
1668 1518 1898 1572 mortuis
1925 1533 2010 1570 re-

444 1609 760 1672 surrexerit,
787 1624 850 1661 ac
873 1618 1089 1661 nostros
1107 1609 1433 1676 percusserit
1451 1608 1719 1670 inimicos,
1738 1607 2010 1662 daemones

444 1698 668 1752 scilicet.
692 1697 810 1767 lpse
840 1713 1074 1767 namque
1108 1709 1189 1752 est
1213 1699 1302 1766 qui
1328 1704 1490 1750 molas
1515 1698 1720 1751 leonum
1755 1698 2008 1768 confregit

442 1787 698 1841 Dominus
723 1789 789 1844 ⁸⁸.
819 1788 992 1858 Atque
1025 1789 1193 1854 illius,
1226 1790 1340 1843 sive
1371 1791 1439 1843 ab
1473 1791 1567 1843 illo
1599 1799 1680 1845 est
1703 1789 1870 1846 salus.

512 1938 750 2012 [Domini
790 1951 868 1996 est
911 1944 1076 1997 salus.
1118 1942 1234 1998 Non
1264 1953 1347 1998 est
1380 1945 1535 2009 mihi,
1571 1945 1764 2015 inquit,
1798 1961 1921 2014 spes
1951 1945 2004 2000 in

443 2031 662 2086 homine
694 2053 707 2086 :
742 2036 832 2088 sed
865 2035 960 2090 abs
1011 2044 1060 2090 te
1107 2036 1335 2090 salutem
1381 2046 1669 2105 exspecto,
1700 2039 2007 2108 pariterque

442 2125 672 2194 populus
707 2134 830 2180 tuus
864 2127 956 2195 qui
983 2143 1195 2181 mecum
1221 2129 1361 2182 bello
1393 2129 1687 2196 impetitur.

659 2217 705 2269 1.
743 2215 812 2269 1η
842 2219 997 2285 ﬁnem
1028 2221 1082 2272 in
1110 2220 1431 2274 carminibus
1462 2219 1800 2277 PSALMUS

1069 2309 1241 2362 David
1287 2309 1390 2364 IV.

1024 2403 1424 2471 Argumentum.

443 2486 600 2544 Hunc
627 2487 902 2544 Psalmum
935 2500 1059 2560 post
1101 2501 1429 2560 reportatum
1473 2494 1779 2558 victoriam,
1814 2495 2005 2549 victori

1113 2584 1279 2640 dicat.

514 2670 644 2744 [Pro
676 2673 791 2738 illo,
821 2675 876 2726 in
901 2675 1080 2743 ﬁnem,
1109 2676 1301 2745 Aquila
1331 2686 1386 2731 et
1413 2676 1713 2733 Theodetio
1741 2678 2007 2749 interpre-

442 2764 539 2817 tati
590 2772 750 2830 sunt,
792 2765 1011 2819 victori:
1061 2765 1424 2836 Symmachus
1475 2783 1625 2835 vero,
1681 2768 2002 2838 Epinicium,

443 2856 558 2910 sive
584 2856 822 2911 victoria:
851 2856 1119 2930 carmen.‘]

512 2947 566 3002 2.
597 2941 1038 3002 Citminvocarem
1077 2951 1278 3005 audiuit
1313 2969 1392 3005 me
1436 2951 1575 3007 Deus
1597 2953 1826 3021 justitiaz
1855 2971 2001 3008 τηεσε.

446 3036 634 3092 Simile
663 3048 746 3093 est
779 3039 853 3092 illi
881 3058 894 3092 :
932 3039 1001 3093 Te
1030 3041 1202 3094 adhuc
1247 3041 1484 3112 loquente
1526 3044 1702 3098 dicet:
1735 3045 1867 3098 Ecce
1909 3046 2005 3098 ad-

445 3146 560 3183 sum
583 3131 648 3182 “.
687 3129 752 3184 In
789 3131 1128 3186 tribulatione
1148 3133 1391 3187 dilatasti
1421 3136 1570 3188 mihi.
1606 3135 1722 3189 Non
1751 3137 1913 3190 modo
1941 3137 2008 3191 ab

448 3221 812 3276 incidentibus
845 3223 1106 3277 aerumnis
1154 3223 1416 3290 liherasli,
1450 3225 1543 3279 sed
1591 3227 1752 3278 etiam
1790 3226 1844 3278 in
1895 3241 2010 3279 ma-

447 3326 606 3379 gnam
648 3311 989 3365 latitudinem
1033 3321 1085 3365 et
1133 3312 1437 3367 libertatem
1495 3316 1770 3388 posuisti]
1803 3317 1929 3372 Siba
1956 3327 2009 3372 et

446 3398 631 3454 Berch
659 3401 917 3455 alimenta
951 3403 1115 3455 multa
1142 3413 1194 3456 et
1217 3413 1420 3472 tapetes
1452 3403 1642 3458 Davidi
1671 3406 2005 3470 obtulerunt,

447 3491 665 3558 quando
704 3489 917 3559 fugiens
949 3490 1298 3556 Absalonem,
1334 3493 1386 3545 in
1421 3493 1648 3547 desertis
1683 3495 1816 3548 locis
1848 3503 2008 3564 atque

448 3579 502 3633 in
531 3580 808 3637 montibus
834 3581 1171 3645 versabatur,
1224 3582 1380 3651 quasi
1437 3591 1548 3637 tres
1595 3585 1746 3652 pueri
1795 3586 1850 3638 in
1897 3584 2009 3638 for-

448 3686 601 3738 nace,
641 3681 696 3726 et
725 3670 916 3726 Daniel
952 3687 1075 3726 cum
1126 3673 1396 3729 leonibus.
1427 3673 1656 3740 Quando
1705 3677 2009 3730 tribulatio-

449 3776 578 3814 num
633 3769 686 3814 et
738 3761 1098 3815 tentationum
1150 3765 1414 3818 rationem
1472 3765 1823 3834 intelligimus
1881 3776 2011 3822 tunc

449 3853 683 3907 maxime
713 3853 1022 3906 dilatamur.
1051 3853 1172 3907 Alio
1217 3855 1344 3908 item
1379 3861 1534 3924 pacto
1569 3867 1746 3925 potest
1785 3858 2010 3913 latitudo

448 3942 729 4012 explicari.
753 3941 772 4014 ]
803 3942 1052 3997 Miserere
1074 3944 1195 4009 mei,
1223 3953 1271 3997 et
1292 3945 1487 3998 exaudi
1508 3947 1794 4000 orationem
1819 3964 2007 4002 meam.

449 4033 714 4100 Quoniam
751 4034 965 4089 dixerat
999 4051 1057 4090 se
1085 4046 1303 4104 propter
1339 4037 1603 4106 justitiam
1635 4055 1790 4092 suam
1839 4055 2008 4094 exau-

449 4125 646 4192 ditum,
675 4133 960 4195 propterea
997 4124 1241 4196 confugit
1273 4126 1339 4181 ad
1369 4125 1954 4202 Deimisericordiam.

518 4305 571 4358 5.
607 4301 739 4356 Filii
765 4303 1056 4365 hominum,
1089 4318 1350 4372 usquequo
1373 4302 1518 4371 gravi
1553 4301 1726 4356 corde.
1769 4302 1895 4358 Haec
1943 4305 2010 4360 iis

448 4393 591 4448 dicta
643 4402 791 4458 sunt,
826 4394 917 4462 qui
973 4393 1153 4463 magni
1201 4393 1472 4446 exercitus
1502 4407 1638 4462 ope,
1666 4394 1872 4462 justum
1907 4409 2006 4464 op-

2110 512 2351 580 ταφορᾶς
2371 509 2477 562 τῶν
2512 510 2712 581 θηρίων
2735 509 2892 562 τοῦτό
2923 527 3107 580 φησιν,
3124 509 3159 563 ἃ
3185 509 3383 579 μᾶλλον
3406 510 3518 570 τοῖς
3539 505 3689 560 ὀδοῦ-

2112 617 2194 653 σιν
2222 602 2412 671 ἰσχύει,
2445 601 2987 672 καὶ.συνθλωμένων,
3018 600 3462 671 εὐκαταφρόνητα
3503 600 3684 667 γίνον-

2109 709 2218 746 ται.
2260 696 2370 747 Καὶ
2395 694 2501 765 γὰρ
2536 696 2584 746 οἱ
2631 695 2808 760 φονεῖς
2845 694 2938 746 καὶ
2986 696 3302 764 αἱμοχαρεῖς
3363 691 3458 744 καὶ
3503 690 3686 743 αὐτῶν

2109 784 2216 836 τῶν
2244 786 2551 856 αἱμοὸόρων
2581 785 2780 856 θηρίων
2805 786 3018 857 χείρους
3055 787 3210 848 εἰσὶν,
3241 783 3503 856 ἧτούτοις
3536 799 3684 854 παρ-

2113 875 2399 947 ισοῦνται.]

2187 965 2294 1019 Τοῦ
2319 967 2538 1032 Κυρίου
2564 968 2602 1035 ἡ
2629 967 2911 1035 σωτηρία.
2952 966 3131 1020 Σῶσόν
3162 984 3250 1037 με,
3275 967 3456 1038 φησιν,
3483 964 3680 1036 Κύριε.

2111 1055 2350 1127 Εῦχομαι
2373 1059 2428 1111 δὲ
2453 1060 2544 1111 καὶ
2574 1059 2730 1112 τοῦτο
2755 1063 2833 1123 εἰς
2860 1061 3035 1114 πάντα
3055 1061 3392 1130 ἐξενεχθῆναι
3417 1059 3507 1110 τὸν
3530 1058 3680 1110 λαόν.

2124 1147 2314 1202 Ἰστέον
2343 1150 2419 1215 δὲ,
2454 1149 2528 1213 ὡς
2564 1150 2710 1213 ἄπας
2741 1153 2768 1203 6
2792 1151 3002 1222 ψαλμὸς
3032 1151 3307 1222 ἀναφορὰν
3335 1151 3446 1220 ἔχει
3477 1151 3555 1212 εἰς
3581 1148 3685 1220 τὴν

2115 1238 2526 1310 ἀνθρωπότητα,
2559 1241 2908 1311 ἁμαρτοῦσαν
2959 1241 3057 1312 μὲν
3109 1242 3201 1295 καὶ
3249 1242 3315 1294 δι’
3345 1240 3475 1293 αὐτὸ
3520 1239 3682 1293 τοῦτο

2110 1331 2547 1402 παραδεδομένην
2596 1335 2706 1395 τοῖς
2760 1335 2967 1403 νοητοῖς
2999 1332 3229 1405 ἐχθροῖς,
3268 1331 3473 1401 βοῶσαν
3516 1330 3570 1382 δὲ
3621 1331 3683 1383 ὲν

2111 1420 2282 1490 θλίψει
2331 1422 2424 1474 καὶ
2471 1422 2899 1474 ἐπακουσθεῖσαν
2939 1423 3090 1493 παρὰ
3117 1420 3210 1474 τοῦ
3246 1421 3399 1484 Θεοῦ,
3434 1420 3527 1473 καὶ
3576 1419 3683 1490 μὴν

2111 1512 2204 1562 καὶ
2237 1511 2495 1563 σωθεῖσαν
2523 1510 2610 1563 διὰ
2635 1511 2728 1564 τοῦ
2754 1513 3047 1582 ἀναστῆναι
3077 1511 3235 1563 αὐτὸν
3264 1513 3327 1564 ὲκ
3353 1508 3560 1578 νεκρῶν
3593 1509 3688 1579 δη-

2109 1599 2299 1664 λονότι,
2350 1603 2442 1654 καὶ
2481 1603 2713 1669 πατάξαι
2755 1605 2880 1667 τοὺς
2913 1589 3289 1674 ἐχθραίνοντας
3317 1605 3444 1673 ἡμῖν
3491 1602 3684 1672 δαίμο-

2110 1705 2222 1751 νας.
2257 1689 2427 1753 Αὐτὸς
2474 1691 2601 1762 γὰρ,
2633 1695 2665 1746 ό
2706 1693 2810 1758 τὰς
2848 1694 3049 1762 μύλας
3081 1692 3198 1746 τῶν
3227 1695 3489 1748 λεόντων
3525 1710 3681 1746 συν-

2043 1773 2084 1827 Β
2111 1781 2341 1847 θλάσας
2385 1785 2616 1851 Κύριος.
2655 1787 2762 1838 Καὶ
2807 1786 2969 1840 αὐτοῦ
3003 1785 3223 1858 [αύτός,
3254 1785 3474 1858 Αηιὺικ]
3507 1789 3680 1851 ἐστιν,

2107 1874 2225 1944 ἢτοι
2253 1876 2382 1947 παρ’
2410 1876 2594 1941 αὐτοῦ,
2626 1879 2657 1949 ἡ
2687 1879 2947 1950 σωτηρία.

2179 1964 2315 2036 [Τοῦ
2364 1969 2582 2034 Κυρίου
2633 1970 2671 2037 ἡ
2723 1971 3002 2037 σωτηρία.
3046 1970 3160 2022 Ούκ
3207 1969 3332 2040 ἔχω,
3381 1969 3565 2040 φησιν,
3600 1971 3683 2032 είς

2107 2056 2388 2127 ἄνθρωπον
2421 2058 2517 2128 τὴν
2545 2058 2752 2124 ἐλπίδα,
2782 2060 2914 2112 ἀλλά
2944 2061 3091 2132 παρὰ
3120 2060 3211 2113 σοῦ
3257 2061 3356 2132 τὴν
3403 2061 3681 2131 σωτηρίαν

2107 2145 2417 2216 προσμένω,
2451 2149 2545 2200 καὶ
2569 2150 2597 2201 ὀ
2626 2149 2716 2211 σὸς
2740 2149 2866 2213 λαὸς
2896 2151 2991 2203 σὺν
3025 2151 3147 2220 ἐμοὶ
3181 2149 3605 2221 πολεμούμενος.
3631 2149 3652 2223 ]

2209 2242 2314 2308 Εἰς
2346 2242 2411 2294 τὸ
2440 2242 2613 2310 τέλος
2648 2246 2953 2298 ΨΑΛΜΟΣ
2979 2244 3137 2313 ᾠδῆς
3159 2244 3238 2311 τῷ
3265 2244 3461 2299 Διιυΐδ.
3495 2247 3571 2298 Δ’.

2663 2335 2775 2405 (15)
2793 2336 3115 2402 Ὑπόθεσις.

2107 2489 2306 2545 Τοῦτον
2360 2492 2451 2546 τὸν
2502 2492 2715 2563 ψαλμὸν
2769 2495 2906 2565 μετὰ
2967 2495 3026 2548 τὺ
3057 2497 3272 2566 νικῆσαι
3320 2497 3408 2550 τὸν
3447 2497 3686 2568 πόλεμον

2545 2583 2824 2653 ἀνατίθησι
2855 2583 2931 2653 τῷ
2961 2585 3214 2655 νικοποιῷ

2176 2670 2354 2742 [Ἀντὶ
2396 2672 2511 2739 τοῦ,
2557 2676 2645 2738 είς
2667 2673 2730 2727 τὸ
2758 2674 2951 2741 τέλος,
2987 2677 3015 2728 6
3056 2677 3283 2740 Ἀκύλας
3313 2679 3406 2731 καὶ
3444 2678 3473 2730 6
3495 2677 3686 2733 Θεοδο-

2105 2761 2253 2827 τίων,
2284 2762 2363 2828 τῷ
2410 2764 2713 2830 νικοποιῷ,
2758 2768 3144 2838 ήρμήνευσαν·
3191 2772 3220 2822 6
3261 2769 3317 2822 δὲ
3363 2770 3680 2841 Σύμμαχος,

2119 2851 2491 2926 Tati-[mon]

2189 2946 2286 2996 Ἐν
2317 2944 2396 3010 τῷ
2411 2945 2828 3002 ἐπικαλεῖσθαί
2848 2966 2925 3017 με
2947 2950 3273 3019 εἰσήκουσέ
3311 2970 3431 3021 μου
3465 2955 3499 3006 δ
3536 2954 3688 3018 Θεὸς

2107 3035 2218 3104 τῆς
2242 3036 2632 3104 δικαιοσύνης
2648 3057 2786 3108 μου.
2817 3041 3042 3109 Ὅμοιον
3065 3041 3161 3111 τῷ,
3197 3042 3317 3093 Ἔτι
3343 3040 3690 3107 λαλοῦντός

2035 3107 2074 3163 C
2110 3142 2246 3194 σου,
2269 3128 2422 3196 ἐρεῖο
2480 3129 2622 3182 Ἰδοὺ
2655 3107 2910 3199 πάρειμι.
2965 3133 3066 3185 Ἐν
3100 3107 3300 3200 θλίψει
3335 3132 3687 3201 ἐπλάτυνάς

2105 3237 2226 3287 μοι.
2280 3221 2354 3272 Οὐ
2391 3219 2568 3289 μόνον,
2621 3220 2774 3291 φησὶ,
2821 3221 2930 3273 τῶν
2963 3222 3334 3295 περιστάσεων
3387 3221 3684 3294 ἐξήγαγες,

2108 3309 2242 3363 ἀλλὰ
2259 3311 2351 3364 καὶ
2372 3311 2450 3373 εἰς
2466 3311 2802 3383 εὐρυχωρίαν
2819 3312 3017 3382 πολλὴν
3038 3314 3226 3382 στῆναι
3243 3313 3682 3384 παρεσκεύασας.

2112 3400 2306 3472 [Σιϐὰς
2329 3404 2421 3456 καὶ
2443 3403 2510 3454 Bs
2521 3403 2644 3473 ρζὲλ
2672 3404 2877 3474 τροφὰς
2901 3404 3099 3467 πολλὰς
3125 3403 3219 3456 καὶ
3242 3404 3488 3475 τάπητας
3512 3420 3689 3474 προσ-

2109 3493 2314 3562 ήγαγον
2343 3495 2419 3564 τῷ
2452 3496 2633 3558 Δαυῖδ,
2662 3498 2750 3550 ὅτε
2777 3497 2861 3567 δὴ,
2894 3495 3078 3565 φυγὼν
3109 3494 3684 3567 τὸν⁹Α6εσσαλὼμ,δι-

2110 3582 2320 3653 ἐτριϐεν
2343 3587 2401 3636 ἐν
2425 3589 2534 3648 τοῖς
2561 3589 2788 3658 ἐρήμοις
2805 3587 2898 3640 καὶ
2919 3587 2976 3639 ἐν
2991 3588 3101 3648 τοῖς
3122 3587 3322 3657 ὄρεσιν,
3346 3586 3530 3660 ὥσπερ
3555 3588 3687 3651 τοὺς

2108 3677 2256 3745 τρεῖς
2288 3677 2482 3740 παῖδας
2511 3680 2569 3730 ὲν
2599 3681 2664 3748 τῇ
2698 3677 2932 3748 καμίνῳ,
2963 3677 3056 3732 καὶ
3076 3678 3272 3748 Δανιὴλ
3299 3679 3357 3731 ἐν
3381 3681 3494 3740 τοῖς
3530 3678 3688 3730 λέου-

2111 3781 2213 3816 σιν.
2245 3765 2412 3819 Ὅταν
2443 3767 2672 3837 θλίψεων
2703 3769 2924 3824 καὶτῶν
2965 3768 3288 3840 πειρασμῶν
3325 3769 3451 3831 τοὺς
3486 3767 3685 3838 λόγους

2109 3855 2574 3928 ὲπιγινώσκωμεν,
2596 3859 2715 3911 τότε
2752 3861 2979 3928 μάλιστα
3010 3858 3403 3930 πλατυνόμεθα.
3444 3859 3600 3911 Ἔστι
3626 3859 3685 3911 δὲ

2109 3947 2202 3998 καὶ
2228 3945 2429 4018 ἑτέρως
2484 3949 2825 4020 εὐρυχωρίαν
2875 3948 3095 4020 είπεῖν.]
3149 3948 3538 4016 Οὶκτείρησόν
3579 3963 3684 4015 με,

2111 4039 2209 4091 καὶ
2241 4036 2613 4093 εἰσάκουσον
2648 4039 2754 4108 τῆς
2784 4041 3130 4111 προσευχῆς
3150 4058 3288 4109 μου.
3337 4038 3550 4109 Ἐπειδὴ
3590 4040 3687 4104 ἐξα

2110 4129 2370 4200 ηκούσθη,
2395 4129 2496 4201 ἔφη
2515 4173 2529 4195 ,
2560 4133 2623 4184 ἐκ
2651 4132 2752 4202 τῆς
2781 4133 3123 4204 δικαιοσύνης
3161 4130 3347 4195 αὐτοῦ,
3369 4130 3560 4184 τούτου
3583 4132 3690 4199 χά-

2113 4239 2196 4295 ριν
2221 4223 2312 4274 ἐπὶ
2341 4224 2465 4285 τοὺς
2491 4226 2807 4295 οίκτιρμοὺς
2835 4226 3118 4297 ἀνατρέχει
3143 4224 3236 4276 τοῦ
3265 4221 3417 4276 Θεοῦ.

2187 4311 2306 4364 Υἱοὶ
2337 4311 2679 4380 ἀνθρώπων,
2716 4315 2826 4381 ἕως
2848 4318 2991 4369 πότε
3036 4312 3447 4383 βαρυκάρδιοι.
3493 4311 3688 4367 Ταῦτα

2109 4401 2186 4462 ὼς
2218 4401 2364 4473 πρὸς¹
2386 4401 2513 4464 τοὺς
2551 4404 2948 4467 πιστεύσαντας
2974 4404 3049 4473 τῷ
3078 4401 3269 4474 πλήθει
3309 4400 3401 4453 τοῦ
3449 4403 3686 4472 στρατοῦ

447 4483 609 4552 primi
636 4497 798 4552 posse
824 4483 1184 4537 conﬁdebant.
1222 4481 1347 4536 Haec
1386 4490 1564 4536 autem
1614 4498 1760 4553 spes,
1797 4487 2006 4556 .inquit,

2122 4466 2373 4546 ἑλεῖν-τὸν
2393 4492 2617 4547 δίκαιον.
2645 4496 2791 4566 Α’ύτη
2820 4495 2875 4548 δὲ
2897 4498 2929 4566 ή
2961 4466 3134 4558 ἐλπὶς,
3165 4466 3320 4563 ξρησὶ,
3353 4466 3554 4562 ματαία
3584 4495 3688 4549 καὶ

446 4580 502 4628 et
524 4588 663 4627 vana
701 4582 757 4627 et
789 4574 1020 4627 mendax
1047 4585 1152 4629 est.

520 4663 573 4717 4.
608 4659 677 4715 Et
713 4663 897 4716 scitote
938 4665 1190 4733 quoniam
1233 4667 1535 4736 miriﬁcavit
1582 4667 1837 4720 Dominus
1886 4683 2010 4720 san-

450 4765 594 4811 ctum
625 4771 797 4808 suum.
831 4754 947 4810 Hoc
992 4765 1098 4819 est,
1147 4757 1361 4824 scitote,
1411 4760 1504 4828 qui
1559 4761 1612 4814 in
1664 4761 2009 4816 multitudine

451 4846 747 4910 conﬁditis,
779 4847 922 4915 quod
955 4846 1098 4901 Deus
1140 4851 1511 4905 admirabilem
1559 4852 1862 4907 exhibuerit
1885 4869 2008 4908 eum

451 4938 544 5006 qui
573 4937 793 4992 conlidit
829 4937 884 4990 in
915 4939 1052 5006 ipso.
1081 4938 1340 4996 Dominus
1367 4945 1612 4998 exaudiet
1644 4962 1721 4997 me
1760 4961 1876 4997 cum
1899 4945 2013 4997 cla-

449 5042 677 5080 mavero.
716 5025 950 5095 Tempus
999 5043 1098 5097 pro
1130 5038 1373 5099 tempore
1423 5034 1531 5088 alio
1574 5035 1846 5090 sumitur:
1884 5050 2009 5088 nam

446 5133 567 5188 pro,
599 5118 894 5184 exaudivit,
924 5118 1080 5183 dixit,
1115 5122 1387 5176 exaudiet.

517 5207 572 5264 5.
627 5205 934 5260 Irascimini
974 5218 1023 5261 et
1074 5212 1233 5264 nolite
1273 5229 1503 5280 peccare.
1560 5215 1690 5278 Quw
1728 5216 1908 5269 dicitis
1953 5217 2009 5270 in

448 5298 690 5352 cordibus
739 5302 921 5352 vestris
971 5301 1024 5353 in
1059 5301 1318 5358 cubilibus
1361 5307 1544 5359 vestris
1583 5308 2010 5376 compungimini.

446 5389 614 5456 Quasi
650 5391 764 5444 suis
793 5391 942 5446 istaec
959 5392 1218 5463 loquitur,
1253 5406 1311 5449 ut
1333 5406 1386 5450 et
1408 5399 1660 5454 omnibus
1678 5399 2008 5453 hominibus.

515 5567 561 5600 ⁸⁷
585 5567 759 5624 Galat.
789 5587 843 5638 ν,
882 5573 964 5628 19.
1043 5575 1085 5606 ⁸⁸
1122 5574 1265 5629 Psal.
1300 5592 1427 5643 Lvn,
1465 5577 1515 5630 7.

518 5661 627 5733 (i5)
660 5664 1050 5735 Argumentum
1088 5669 1282 5725 incerti
1317 5671 1574 5726 auctoris.

1598 5578 1639 5611 ⁸⁸
1680 5577 1779 5634 lsa.
1815 5593 1965 5644 Lvtn,
2005 5579 2055 5634 9.

2114 4583 2316 4653 ψευδής
2342 4586 2508 4638 ἐστιν.

2183 4676 2292 4729 Καὶ
2330 4674 2538 4744 γνῶτε,
2570 4674 2660 4728 ὅτι
2685 4672 3111 4743 ὲθαυμάστωσε
3137 4676 3352 4743 Κύριος
3369 4674 3475 4728 τὸν
3504 4673 3688 4730 ὅσιος·

2115 4764 2320 4819 αὐτοῦ.
2363 4766 2508 4818 Ἀντὶ
2539 4763 2633 4817 τοῦ
2659 4805 2672 4825 ,
2709 4764 2885 4816 Γνῶτε
2925 4763 3206 4834 τοιγαροῦν
3230 4803 3244 4829 ,
3280 4767 3329 4817 οἱ
3363 4764 3686 4832 πεποιθότες

2114 4855 2206 4906 ἐπὶ
2253 4855 2461 4924 πλήθει,
2494 4854 2568 4917 ὡς
2613 4853 2924 4923 θαυμαστὸν
2974 4853 3222 4919 ἀπέδειξε
3253 4855 3343 4906 τὸν
3383 4852 3684 4906 πεποιθότα

2113 4948 2198 4999 ἐπ’
2229 4946 2395 5017 αὐτῷ.
2429 4948 2644 5014 Κύριος
2679 4947 3101 4999 εἰσακούσεταί
3119 4963 3236 5014 μου
3262 4946 3332 4999 ἐν
3355 4944 3433 5010 τῷ
3467 4961 3684 5012 κεκρα.

2113 5039 2276 5107 φέναι
2301 5055 2396 5107 με.
2427 5039 2630 5108 Χρόνος
2677 5038 2797 5090 ἀντὶ
2843 5038 3034 5107 χρόνου
3066 5037 3318 5107 εἴληπται
3339 5055 3352 5068 ·
3409 5038 3528 5091 ἀντὶ
3557 5037 3679 5103 τοῦ,

2113 5131 2417 5199 είσήκουσε,
2444 5129 2551 5198 γὰρ
2577 5128 2680 5197 ἔφη
2709 5128 2788 5190 τὸ,
2820 5128 3214 5192 εἰσακούσεται,
3248 5131 3399 5199 ῥῆμα

2192 5220 2518 5291 Ὀργίζεσθε
2547 5221 2643 5273 καὶ
2686 5220 2770 5289 μὴ
2817 5219 3195 5288 ἁμαρτάνετε.
3243 5223 3310 5276 ’Ἀ
3357 5221 3560 5290 λέγετε
3606 5220 3684 5272 ἐν

2110 5314 2239 5378 ταῖς
2269 5313 2537 5380 καρδίαις
2568 5311 2753 5380 ὑμῶν,
2780 5312 2877 5364 ἐπὶ
2906 5311 3036 5378 ταῖς
3069 5313 3291 5378 κοίταις
3315 5311 3479 5380 ὑμῶν
3506 5326 3683 5363 scata-

2109 5404 2350 5472 νύγητε.
2395 5404 2478 5465 Ὠς
2509 5402 2643 5473 πρὸς
2673 5403 2800 5466 τοὺς
2846 5402 3005 5466 ἰδίους
3052 5403 3212 5456 αὑτοῦ
3258 5402 3430 5456 ταῦτά
3474 5417 3679 5472 φησιν,
