3874 6218
202 213 268 269 75
550 210 558 217 ’
1346 213 1712 271 EXPOSITIO
1751 236 1765 268 ι

1889 212 2183 270 ’SALMUM
2225 214 2290 272 ν.
3376 219 3446 276 74

200 327 274 392 ὡς
306 325 446 400 πρὸς
489 327 696 392 πάντας
733 328 1069 401 ἀνθρώπους.
1114 331 1178 384 El.
1208 332 1300 385 καὶ
1325 330 1572 403 δέξησθε,
1617 331 1765 404 φησὶ,

1889 328 2129 397 Etiamsi,
2160 330 2357 398 inquit,
2374 329 2509 385 iram
2536 329 2856 395 admittatis,
2881 331 2975 386 sed
3007 346 3076 387 ne
3103 332 3298 390 sinatis
3321 348 3442 390 eam

197 417 292 491 τὴν
334 419 522 491 ὀργὴν,
551 419 664 473 ἀλλ’
696 420 973 492 ἄπρακτον
1024 423 1342 495 ἀπεφήνατε
1368 426 1433 494 τῇ
1474 424 1533 478 ὲν
1567 421 1768 497 ἡσυχίᾳ

194 512 494 581 κατανυγῇ.
551 509 723 563 Τοῦτο
777 511 886 583 γάρ
930 512 1046 565 ἐστι
1091 513 1172 578 τὸ,
1221 514 1323 567 Ἑν
1370 512 1499 578 ταῖς
1541 513 1766 578 κοίταις

190 599 360 670 ὑμῶν
388 603 778 670 κατανύῃητε.

1876 420 1930 476 in
1952 430 2131 486 actum
2155 435 2528 492 prorumpere,
2563 422 2834 492 inquiete
2860 424 3296 494 compunctionis
3323 439 3446 481 eam

1873 515 2236 570 continentes.
2269 515 2401 570 illud
2437 516 2580 570 enim
2611 525 2695 570 est
2740 517 2885 588 quod
2933 517 3169 572 dicitur:
3207 516 3274 570 In
3300 516 3448 572 cubi-

1867 605 2008 660 libus
2041 607 2224 660 uestris
2255 609 2684 678 compungimini.

269 691 460 746 Daniet
500 690 806 746 Barbarus:
837 691 968 759 ρυω
1010 692 1188 746 dicitis
1225 693 1279 746 in
1324 691 1568 748 cordibus
1615 693 1819 745 vestris.
1861 690 2108 750 Internas
2134 697 2492 767 cogitationes
2515 707 2724 755 vestras
2760 701 2813 754 in
2844 709 3002 755 nocte
3029 701 3442 758 condemnetis:

191 795 278 842 est
313 786 455 839 enim
487 787 834 856 compunctio
871 801 1067 842 sensus
1093 787 1312 857 quidam
1341 797 1600 856 tanquam
1636 787 1830 842 animae
1863 787 2143 857 stimulus,
2189 799 2244 845 et
2270 791 2533 847 aculeus:
2569 791 2624 845 in
2660 801 2819 848 nocte
2848 803 3026 849 autem
3062 797 3291 852 consilia
3315 813 3447 868 pur-

193 883 404 952 gatiora
432 889 579 936 sunt.

265 978 500 1031 Θύσατε
528 978 752 1032 θυσίαν
779 977 1190 1046 δικαιοσύνης,
1223 977 1322 1031 καὶ
1344 978 1634 1032 ἐλπίσατε
1663 977 1763 1031 ἐπὶ

185 1068 427 1136 Κύριον.
493 1068 743 1122 Διδάσκει
786 1069 902 1133 πῶς
953 1069 1320 1140 περιεσόμεθα
1369 1069 1476 1122 τῶν
1529 1068 1759 1140 ἐχθρῶν.

185 1156 316 1223 Πῶς
345 1159 401 1213 δὲ
435 1161 831 1231 περιεσόμεθα;
866 1163 913 1213 εί
934 1161 1462 1232 δικαιοπράττοντες,
1489 1161 1582 1213 καὶ
1607 1160 1763 1214 τοῦτο

185 1249 377 1322 ὥσπερ
407 1251 591 1304 θυσίαν
615 1252 1027 1324 ἀναπέμποντες
1049 1252 1124 1323 τῷ
1140 1251 1278 1324 Θεῷ.
1302 1253 1522 1306 Πολλοὶ
1555 1251 1764 1320 λέγου-

185 1358 283 1398 σι’
318 1343 413 1409 Τίς
437 1342 618 1407 δείξει
649 1343 794 1412 ἡμῖν
819 1344 890 1396 τὰ
907 1343 1132 1414 ἀγαθὼ
1161 1342 1346 1396 Ταῦτα
1374 1341 1482 1395 τῶν
1517 1342 1646 1412 περὶ
1668 1341 1765 1405 τὰς

183 1433 484 1505 διοικήσεις
514 1432 607 1487 τοῦ
636 1433 770 1488 Θεοῦ
797 1435 1200 1508 ὀλιγωροῦντων
1238 1434 1305 1488 τὰ
1335 1435 1574 1505 ῥήματα.

1937 976 1990 1032 6.
2044 973 2356 1045 Sacriﬁcate
2396 978 2719 1046 sacriﬁcium
2759 978 3008 1047 justitiae,
3040 990 3089 1033 et
3135 988 3342 1049 sperate
3384 981 3442 1035 in

1869 1068 2115 1123 Domino.
2167 1067 2335 1123 Docet
2364 1085 2473 1140 quo
2528 1079 2684 1138 pacto
2735 1085 2994 1140 superare
3042 1073 3225 1128 hostes
3254 1073 3436 1128 valea-

1871 1173 2012 1216 mus.
2033 1160 2154 1226 Quo
2178 1171 2339 1231 pacto
2371 1163 2791 1231 superabimus?
2818 1163 2988 1234 proba
3010 1165 3231 1220 edentes
3256 1179 3444 1235 opera,

1869 1269 1990 1321 quae
2020 1255 2176 1323 quasi
2209 1254 2538 1309 sacriﬁcium
2568 1253 2861 1309 oﬂ‘eramus
2883 1257 3009 1310 Deo.
3033 1256 3193 1310 Multi
3223 1259 3443 1313 dicunt:

1873 1344 2004 1410 Quis
2039 1346 2266 1400 ostendit
2311 1347 2458 1400 nobis
2499 1348 2682 1401 bona?
2724 1346 2851 1403 Hac
2896 1357 3024 1403 sunt
3061 1365 3249 1404 eorum
3278 1351 3441 1406 verba

1881 1439 1974 1509 qui
2007 1439 2310 1493 ministeria
2342 1438 2508 1493 Deum
2541 1440 2839 1509 spectantia
2867 1440 3163 1510 negligunt.

274 1525 629 1594 Ἐσημειώθη
683 1526 776 1595 ἐφ’
810 1527 970 1596 ἡμᾶς
1013 1527 1079 1580 τὸ
1124 1527 1250 1596 ςρῶς
1299 1525 1405 1580 τοῦ
1443 1525 1765 1594 προσώπου

1949 1529 1998 1584 7.
2027 1529 2303 1598 Signatum
2339 1540 2414 1586 est
2443 1547 2598 1600 super
2640 1549 2732 1586 nos
2771 1532 2946 1588 lumen
2972 1533 3148 1588 vultus
3198 1534 3297 1603 tui,
3329 1533 3442 1590 Do-

183 1631 329 1682 a’ov,
363 1618 557 1688 Κύριε.
609 1619 682 1671 Τὸ
717 1618 831 1688 φῶς
867 1619 960 1672 τοῦ
998 1619 1203 1691 κόσμου
1232 1619 1260 1671 ὀ
1290 1620 1523 1691 Χριστός
1551 1621 1690 1681 ἐστι,
1739 1619 1765 1670 ὁ

1889 1620 2034 1674 nine.
2079 1618 2286 1674 Lumen
2341 1621 2530 1675 mundi
2560 1621 2815 1676 Christus
2841 1630 2944 1684 est,
2976 1621 3069 1691 qui
3105 1636 3231 1678 vera
3281 1621 3444 1679 nobis

184 1709 284 1763 καὶ
325 1708 538 1775 διδάξας
575 1710 722 1781 ἡμᾶς
766 1711 835 1764 τά
860 1711 1027 1775 ὅντως
1076 1711 1274 1779 ἀγαθὰ,
1324 1711 1390 1764 δι’
1444 1709 1479 1764 ἃ
1528 1709 1624 1764 καὶ
1673 1707 1765 1780 τὴν

1889 1728 2018 1767 Jona
2047 1714 2307 1779 ostendit,
2340 1730 2436 1784 per
2457 1731 2579 1785 quae
2609 1715 2942 1784 spiritualem
2973 1715 3215 1772 laetitiam
3245 1715 3442 1774 habui-

185 1803 387 1876 νοητὴν
419 1805 756 1877 εὐφροσύνην
780 1807 1094 1877 ἐσχήκαμεν
1118 1805 1215 1876 τὴν
1251 1808 1330 1868 εἰς
1363 1804 1488 1858 νοῦν
1519 1805 1613 1858 καὶ
1645 1821 1765 1876 καρ-

1889 1819 1999 1859 mus
2027 1804 2082 1858 in
2114 1813 2295 1860 mente
2321 1814 2374 1860 et
2401 1805 2455 1859 in
2480 1805 2664 1860 corde.

183 1893 313 1949 δίαν
345 1894 481 1966 (ιδ).

2440 1986 2683 2042 PSALM
2697 1986 2785 2042 US
2822 1986 2884 2043 V.

2453 2081 2853 2150 Argumentum.

1873 2169 2006 2242 Quae
2030 2170 2403 2227 btereditatem
2433 2174 2653 2242 accipit,
2682 2181 2766 2228 est
2795 2174 2978 2228 anima
3008 2174 3284 2246 religiosa,
3327 2175 3442 2231 sive
3512 2209 3518 2216 ι

1945 2263 2209 2319 Ecclesia.
2245 2263 2385 2330 Quid
2416 2275 2498 2321 est
2523 2265 2668 2334 quod
2697 2265 3014 2323 haereditate
3042 2267 3282 2338 accipit?
3310 2266 3447 2334 Qua!

1946 2355 2128 2410 oculus
2163 2372 2267 2409 non
2299 2356 2450 2422 vidit,
2506 2372 2596 2411 nec
2651 2359 2798 2412 auris
2847 2358 3070 2422 audivit,
3124 2375 3218 2414 nec
3242 2359 3298 2414 in
3351 2375 3444 2414 cor

1948 2447 2180 2504 hominis
2222 2448 2658 2504 ascenderunt".
2693 2447 2956 2513 Precatur
3003 2459 3204 2516 autem,
3255 2459 3439 2522 atque,

1943 2547 2005 2594 ut
2036 2539 2380 2606 exaudiatur,
2411 2547 2617 2594 rectum
2666 2539 2750 2594 sui
2794 2538 3133 2609 propositum
3179 2539 3438 2608 declarat,

1946 2641 2002 2689 et
2032 2634 2470 2688 adversariorum
2507 2632 2822 2702 nequitiam.

767 1991 1067 2060 ΨᾼΛΜΟΣ
1106 1993 1186 2043 E’.

819 2080 1139 2144 Ὑπόθεσις.

182 2169 618 2242 Κληρονομοῦσά
658 2173 856 2242 ἐστινὴ
885 2171 1136 2240 θεοφιλὴς
1191 2171 1360 2243 ψυχή,
1418 2171 1535 2242 ήτοι
1584 2173 1618 2242 ή
1652 2171 1774 2225 Ἐκ-

277 2262 499 2334 κλησία.
555 2262 620 2315 Τί
651 2262 711 2316 δέ
735 2265 882 2316 ἐστιν
915 2262 950 2316 ἃ
973 2263 1334 2334 κληρονομεῖ;
1381 2263 1440 2316 Ἃ
1466 2261 1773 2332 ὀφθαλμὸς

267 2357 385 2410 οὐκ
411 2351 553 2420 εἶδε,
583 2355 683 2409 καὶ
709 2351 819 2423 οὖς
848 2357 960 2410 οὐκ
996 2353 1248 2423 ἤκουσε,
1275 2353 1372 2408 καὶ
1394 2354 1492 2407 ἐπὶ
1519 2352 1773 2420 καρδίαν

273 2446 592 2516 ἀνθρώπου
621 2449 734 2502 οὐκ
754 2448 957 2516 ἀνέϐη.
991 2447 1222 2518 Εὕχεται
1249 2446 1306 2500 δὲ
1332 2446 1424 2500 καί
1444 2463 1496 2498 τι
1515 2444 1580 2499 ἂν
1595 2461 1774 2498 ποιου-

265 2537 404 2610 μένη
423 2538 860 2607 είσακουσθῆναι,
881 2538 1081 2608 ἑαυτῆς
1101 2539 1162 2592 τό
1179 2555 1238 2592 τε
1260 2537 1414 2601 εὐθὲς
1430 2535 1767 2609 παριστῶσα,

263 2630 361 2684 καὶ
379 2627 489 2683 τῶν
516 2630 702 2684 αἰτίων
733 2629 1096 2684 διαϐάλλουσα
1118 2629 1213 2701 τὴν
1252 2627 1540 2700 πονηρίαν.

264 2722 415 2796 [Ὅτι
431 2725 579 2792 πρὸς
599 2724 675 2778 σὲ
701 2724 1127 2792 προσεύξομαι.
1164 2725 1251 2777 Ἐν
1275 2721 1590 2788 ἀπολαύσει,
1614 2721 1765 2792 φησὶ,

1947 2723 2257 2797 [Quoniam
2308 2724 2377 2778 ad
2413 2734 2461 2778 te
2509 2723 2688 2778 orabo.
2726 2723 3077 2795 lntelligibili,
3115 2725 3314 2796 inquit,
3354 2726 3442 2784 lu-

181 2815 288 2870 τοῦ
328 2815 518 2886 νοητοῦ
569 2817 834 2887 γενομένη
868 2815 1064 2884 φωτὸς,
1120 2813 1487 2888 προσεύξομαί
1532 2829 1650 2866 σοι’
1690 2813 1765 2866 διὸ

1889 2817 2018 2871 nine
2044 2817 2308 2887 gaudens,
2343 2817 2411 2871 ad
2451 2825 2505 2871 te
2538 2816 2728 2881 orabo,
2780 2831 2845 2872 ac
2880 2833 2966 2874 me
3009 2817 3326 2874 exauditum
3370 2817 3439 2875 iri

185 2910 287 2963 καὶ
320 2907 739 2979 εἰσακουσθῆναι
781 2905 1067 2978 πιστεύω]

1889 2907 2105 2975 :on_lido.
2131 2903 2153 2978 ]

268 3001 346 3056 Τὰ
363 3000 602 3069 ῥήματά
617 3018 736 3070 μου
760 2999 1055 3056 ἐνώτισαι.

1949 2997 2122 3053 Verba
2144 3014 2260 3052 mea
2291 2997 2508 3051 auribus
2531 2999 2755 3068 percipe,
2785 2995 3028 3052 Domine.

268 3092 343 3146 Τὸ
363 3060 524 3159 πρωῒ
542 3060 1005 3159 παραστήσομαι
1028 3105 1145 3145 σοι.
1171 3088 1330 3157 Μέγα
1345 3088 1582 3156 ἀγωνίας
1600 3085 1765 3158 [μέγα

1943 3091 1997 3145 5.
2031 3088 2189 3144 Mane
2211 3087 2398 3143 astabo
2431 3060 2547 3143 tibi.
2599 3060 2792 3159 Magna
2833 3088 3002 3144 studii
3033 3096 3087 3144 et
3133 3090 3442 3146 contentio—

186 3184 274 3248 εἰς
305 3182 526 3251 ἁγνείας
551 3181 759 3253 Ambr.]
785 3181 1046 3253 καύχημα
1074 3181 1134 3234 τὸ
1171 3183 1236 3233 ὲκ
1257 3181 1360 3251 τῆς
1385 3180 1569 3249 κοίτης
1598 3178 1765 3248 αὐτῆς

1889 3183 1958 3238 iis
2007 3183 2198 3254 gloria,
2251 3197 2318 3238 ex
2357 3182 2477 3252 ipso
2526 3181 2695 3237 cubili
2746 3180 2858 3236 Deo
2911 3197 2972 3237 se
3018 3181 3232 3248 sistere,
3290 3197 3356 3238 ac
3381 3183 3439 3238 in

187 3273 562 3344 παρίστασθαι
600 3272 680 3344 τῷ
711 3273 830 3345 Θεῷ
859 3274 951 3327 καὶ
981 3272 1202 3340 φθάνειν
1230 3274 1288 3325 ὲν
1323 3271 1644 3342 εὐχαριστίᾳ
1676 3271 1765 3324 τὸν

1889 3277 2170 3346 gratiarum
2192 3275 2410 3329 actione
2439 3274 2608 3330 solem
2654 3282 2995 3344 praevertere.
3032 3271 3123 3328 Sic
3149 3273 3318 3340 enim,
3352 3273 3440 3329 in-

155 3359 166 3375 ’
184 3366 362 3438 ἥλιον.
398 3366 552 3420 Οὕτω
581 3367 711 3438 γὰρ,
748 3369 932 3437 φησὶν,
963 3365 1236 3435 ἐπόψομαι
1265 3364 1334 3418 τὰ
1361 3365 1479 3417 θεῖα
1515 3365 1609 3417 καὶ
1637 3363 1765 3432 ἆγιά

1889 3368 2009 3439 luit,
2060 3367 2256 3422 videbo
2291 3366 2475 3421 divina
2513 3373 2567 3422 et
2609 3373 2796 3421 sancta
2847 3373 2940 3420 tua
2987 3365 3268 3436 mysteria,
3314 3380 3437 3436 quae

189 3475 290 3514 σου
338 3461 611 3530 μυστήρια
662 3459 698 3512 ἀ
736 3459 1038 3530 ἡτοίμασας
1087 3460 1199 3520 τοῖς
1245 3455 1497 3525 ἀγαπῶσι
1533 3473 1612 3510 σε.
1649 3456 1765 3510 Ὅτι

1889 3457 2184 3529 παιραταειὶ
2230 3457 2579 3528 diligentibus
2623 3466 2692 3512 te.
2751 3456 2891 3522 Quia
2931 3473 3034 3510 non
3070 3455 3208 3510 Deus
3262 3455 3436 3514 uolens

184 3551 330 3618 οὐχὶ
360 3550 504 3617 Θεὸς
525 3550 714 3605 θέλων
738 3551 995 3618 ἀνομίαν
1015 3549 1096 3604 σὺ
1121 3547 1194 3603 εἷ.
1232 3548 1333 3602 Διά
1363 3547 1542 3610 τοῦτο,
1579 3549 1764 3620 φησὶν,

1891 3553 2199 3618 niquitatem
2225 3559 2282 3604 tu
2311 3567 2384 3604 es.
2420 3548 2734 3620 Propterea,
2773 3549 2970 3620 inquit,
3003 3565 3090 3605 me
3134 3549 3436 3606 exaudien-

184 3641 708 3712 εἰσακουσθήσεσθαι
742 3641 948 3714 θαρρῶ,
983 3642 1063 3694 ὅτι
1091 3638 1200 3692 τῶν
1232 3637 1488 3692 τοιούτων
1515 3640 1615 3691 οὐκ
1643 3640 1766 3691 ἐπι-

184 3731 424 3804 τήδευσα
446 3732 597 3784 οὐδὲν
625 3725 699 3785 ὧν
725 3734 1056 3803 μεμίσηκας.
1081 3730 1265 3784 Ταῦτα
1285 3729 1342 3784 δέ.
1370 3731 1516 3782 ἐστιν
1545 3730 1764 3801 ἀνομία,

186 3824 285 3877 καὶ
314 3821 566 3894 πονηρία,
590 3823 684 3876 κα)⁸
707 3823 1040 3896 παρανομία,
1071 3823 1164 3876 καί
1191 3821 1406 3892 ψεῦδος,
1422 3823 1516 3875 καὶ
1551 3821 1763 3890 φθόνος,

187 3914 289 3968 καὶ
314 3914 482 3976 δόλος.

275 3987 606 4076 Ἐμίσησας
635 4004 862 4070 πάντας
885 4003 1027 4069 τοὺς
1052 4003 1476 4074 ἐργαζομένους
1496 4004 1612 4073 τὴν
1629 4007 1766 4060 ἀνο-

181 4096 354 4168 μίαν,
385 4096 632 4161 ἀπολεῖς
652 4093 882 4160 πάντας
902 4094 1041 4160 τοὺς
1065 4096 1410 4161 λαλοῦντας
1429 4095 1494 4148 τὸ
1517 4095 1762 4164 ψεῦδος.

187 4187 333 4250 Τοὺς
373 4188 473 4258 μὲν
494 4189 550 4239 ἐν
571 4189 636 4257 τῇ
665 4186 910 4257 πολιτεία
933 4185 1224 4250 πταίοντας
1245 4187 1648 4258 ἐργαζομένους
1669 4186 1765 4258 τὴν

185 4277 425 4348 ἀνομίαν
455 4276 765 4347 ὠνόμασεν·
797 4277 1018 4341 τούτους
1050 4276 1106 4329 δὲ
1134 4279 1282 4347 μισεῖ
1306 4278 1334 4330 ὁ
1366 4278 1499 4341 Θεός
1521 4295 1536 4308 ο
1559 4279 1688 4341 τοὺς
1708 4278 1765 4333 δὲ

188 4369 569 4459 ἀποπεσόντας
622 4370 722 4439 τῆς
783 4370 1040 4440 ἀληθείας
1079 4368 1418 4440 ἐτεροδόξους
1469 4368 1762 4434 λαλοῦντας
1792 4402 1836 4459 D

185 4457 387 4530 ψεῦδος
418 4454 592 4522 εἶπεν,
629 4459 722 4523 οὓς
759 4460 950 4514 ἀπολεῖ
974 4463 1002 4514 ὁ
1031 4459 1182 4524 Θεός.
1217 4461 1328 4514 Καὶ
1375 4462 1531 4532 τήρει
1573 4461 1760 4530 διαιρο-

193 4552 295 4625 ράν
322 4551 438 4616 τοῦ,
475 4552 793 4619 ἐμίσησας,
825 4553 940 4616 καὶ,
991 4552 1260 4618 ἀπολεῖς.
1297 4551 1520 4624 Πρῶτον
1572 4553 1672 4622 μὲν
1715 4553 1765 4605 εί

188 4645 372 4714 χεῖρον
399 4642 482 4707 τὸ,
507 4643 775 4708 ἀπολεῖς,
804 4642 918 4703 τοῦ,
947 4643 1246 4712 ἐμίσησας
1271 4659 1285 4672 ο
1330 4641 1576 4714 δεύτερον
1593 4643 1648 4697 δὲ
1675 4643 1765 4696 διὰ

188 4732 326 4786 τιτὸ
359 4732 460 4804 μὲν
483 4735 562 4798 εἰς
598 4734 1005 4806 παρεληλυθότα
1035 4733 1211 4790 ἔκλινε
1239 4735 1450 4808 χρόνον,
1488 4737 1550 4791 τὸ
1584 4737 1642 4792 δὲ
1685 4740 1766 4803 είς

191 4821 476 4893 μέλλοντα.

265 4911 614 4986 [Λαλοῦντας
645 4911 855 4982 ψεῦδος,
886 4911 1133 4976 καὶτοὺς
1160 4911 1230 4966 τὰ
1261 4913 1453 4968 εἴδωλα
1497 4915 1755 4985 λέγοντας

189 5003 380 5068 Θεοὺς,
409 5005 504 5057 καὶ
538 5004 734 5067 αὐτοὺς
754 5005 880 5068 τοὺς
903 5003 1182 5074 δαίμονας,
1219 5004 1346 5068 τοὺς
1370 5007 1428 5058 ἐν
1457 5008 1571 5070 τοῖς
1613 5005 1765 5060 εἰδώ-

188 5097 306 5161 λοις
348 5095 597 5165 λέγοντας
641 5096 832 5166 λόγους
872 5095 1084 5166 ψευδεῖς
1131 5099 1224 5150 καὶ
1275 5096 1460 5164 λοξοὺς
1503 5100 1598 5152 καὶ
1627 5117 1763 5173 χρη-

191 5183 414 5259 quoue.)

268 5277 484 5345 Ἄνδρα
527 5278 786 5348 αἱμάτων
816 5279 915 5333 καὶ
960 5279 1168 5335 δόλιον
1204 5279 1617 5344 ,ϐδελύσσεται
1647 5279 1764 5333 Κύ-

182 5385 340 5440 ριος.
366 5370 534 5425 Μισεῖ
556 5370 666 5443 γὰρ
702 5372 791 5424 τδν
817 5371 1054 5426 τοιοῦτον
1082 5373 1111 5424 ὁ
1140 5371 1272 5435 Θεὸς
1301 5373 1393 5425 καὶ
1425 5369 1762 5440 ἀποστρέφε-

264 5482 354 5534 ⁷⁰Ι
387 5482 517 5539 Cor.
554 5499 616 5552 ιι,
647 5483 700 5539 9.

1869 3644 1998 3699 dum
2029 3658 2152 3699 esse
2178 3642 2416 3703 conﬁdo,
2450 3642 2578 3711 quia
2614 3641 2926 3712 hujusmodi
2959 3657 3166 3706 rerum,
3209 3657 3348 3712 quas
3377 3650 3436 3698 tu

1867 3735 2072 3801 oderis,
2107 3735 2312 3789 nullam
2348 3733 2516 3789 habui
2548 3747 2762 3788 curam.
2797 3730 2925 3788 Haec
2952 3747 3121 3802 porro
3164 3741 3296 3789 sunt
3333 3733 3436 3790 im-

1867 3826 2133 3897 probitas,
2174 3825 2459 3896 iniquitas,
2491 3824 2860 3893 mendacium,
2891 3824 3114 3893 invidia,
3145 3825 3324 3881 dolus.

1940 3998 1991 4053 7.
2027 3997 2204 4054 Odisti
2224 4012 2401 4051 omnes
2431 3997 2521 4067 qui
2545 4005 2830 4065 operantur
2859 3997 3215 4068 iniquitatem,
3247 4000 3430 4069 perdes

1866 4107 2042 4144 omnes
2077 4089 2167 4160 qui
2199 4087 2490 4159 loquuntur
2517 4085 2867 4141 mendacium.
2907 4087 3015 4142 Eos
3044 4088 3135 4158 qui
3185 4089 3238 4143 in
3272 4089 3434 4144 insti-

1865 4191 1983 4237 tuto
2015 4181 2139 4235 vita
2169 4195 2281 4235 suae
2309 4180 2590 4247 labuntur,
2620 4177 2836 4233 vocavit
2859 4187 3148 4247 operantes
3176 4179 3434 4249 iniquita-

1864 4272 1993 4329 tem;
2025 4270 2138 4326 Hos
2179 4285 2308 4325 vero
2341 4269 2466 4324 odio
2516 4268 2680 4323 habet
2713 4266 2875 4323 Deus.
2926 4267 3297 4324 Heterodoxos
3326 4285 3430 4324 au.

1867 4372 1997 4429 tem,
2038 4362 2130 4432 qui
2166 4375 2196 4415 a
2234 4362 2460 4415 veritate
2501 4359 2842 4426 exciderunt,
2889 4359 3170 4430 loquentes
3202 4361 3429 4415 menda-

1864 4455 2012 4511 cium
2051 4460 2230 4516 vocat,
2281 4465 2420 4521 quos
2452 4450 2766 4521 perditurus
2798 4457 2883 4504 est
2930 4449 3092 4505 Deus.
3125 4449 3301 4521 Atque
3331 4452 3430 4506 ob-

1866 4558 2051 4600 serves
2081 4542 2242 4596 velim
2272 4539 2567 4594 discrimen
2593 4538 2735 4594 inter
2763 4538 2931 4593 illud:
2965 4538 3161 4606 Odisti,
3192 4548 3247 4594 et
3266 4540 3428 4596 illud:

1867 4635 2072 4708 perdes.
2105 4633 2170 4687 Et
2201 4632 2374 4700 primo
2409 4630 2628 4702 quidem
2659 4631 2918 4714 an_illud,
2944 4631 3149 4699 perdes,
3185 4631 3341 4701 pejus
3364 4632 3432 4689 sit

1868 4742 2032 4797 quam
2072 4724 2223 4788 illud,
2277 4722 2458 4776 odisti.
2511 4721 2762 4776 Secundo
2790 4722 2919 4790 quid
2949 4737 3130 4776 causae
3163 4723 3253 4788 sit,
3288 4724 3434 4793 quod

1867 4818 1999 4873 illud
2036 4818 2089 4871 in
2118 4817 2391 4886 prazterito
2438 4821 2706 4883 tempore,
2760 4813 2866 4868 hoc
2899 4813 2952 4867 in
3004 4812 3190 4869 futuro
3231 4816 3431 4886 jaceat.

1941 4907 2067 4982 [Qui
2092 4908 2389 4978 loquuntur
2417 4905 2782 4970 mendacium,
2826 4914 2880 4960 et
2912 4906 3006 4976 qui
3056 4906 3248 4963 dicunt
3290 4907 3435 4963 idola

1866 5017 1988 5059 esse
2017 5002 2172 5066 deos,
2201 5009 2364 5070 atque
2396 5000 2546 5070 ipsos
2577 4999 2874 5064 daemones,
2905 5001 3003 5070 qui
3047 5002 3104 5056 in
3152 5003 3312 5057 idolis
3354 5003 3438 5056 di-

1865 5103 1997 5152 cunt
2026 5092 2334 5157 mendacia,
2365 5091 2580 5162 obliqua
2621 5099 2676 5147 et
2701 5091 2973 5163 oracula.]

1935 5271 1990 5329 8.
2026 5270 2213 5326 Virum
2245 5267 2562 5338 sanguinum
2592 5274 2642 5320 et
2686 5265 2926 5321 dolosam
2956 5269 3296 5323 abominatur
3327 5267 3435 5321 Do-

1863 5365 2060 5420 minus.
2106 5359 2434 5435 Hujusmodi
2480 5358 2682 5431 quippe
2713 5358 2990 5415 hominem
3043 5361 3156 5416 odit
3195 5359 3340 5418 Deus
3385 5367 3439 5414 et

265 5599 378 5676 (ω)
407 5601 467 5659 In
501 5602 692 5659 codice
717 5602 874 5665 Colb.
916 5601 949 5656 5
979 5601 1133 5658 deest
1160 5615 1334 5657 unum
1375 5608 1471 5658 aut
1499 5599 1735 5657 alterum
1758 5594 1977 5654 folium.

431 5690 706 5756 Panos.
769 5692 891 5756 Gn.
942 5691 1206 5756 XXVII.
