3874 6218
473 249 546 309 75
1306 251 1362 308 S'.
1392 249 1764 307 ATHANASH
1801 249 1952 306 OPP.
1993 250 2025 304 P

2147 248 2177 305 s
2217 250 2303 307 lli.
2345 284 2413 293 —
2452 223 2864 311 EXEGETICA.
3640 259 3716 314 τε

479 374 786 422 aversatur.
818 363 930 435 Ego
960 372 1147 418 .aulem
1186 364 1241 418 in
1283 365 1624 418 multitudine
1659 362 2025 417 misericordia

2147 382 2244 418 ται.
2294 367 2433 436 Ἐγὼ
2457 367 2525 420 δὲ
2547 369 2616 422 ἐν
2641 367 2857 433 πλήθει
2883 367 2987 421 τοῦ
3019 367 3233 435 ἐλέους
3278 381 3395 422 σου
3444 369 3716 424 alae/leu-

476 471 580 514 tua:
610 459 837 513 introibo
866 459 919 511 in
946 458 1157 511 domum
1204 466 1367 511 tuam.
1394 457 1680 512 leestem
1719 457 1850 511 dicit
1878 455 2039 510 Jeru-

475 555 644 608 salem
679 552 1165 622 primogenitorum
1214 560 1464 604 matrem.
1519 549 1763 602 Adorabo
1808 549 1877 602 ad
1912 558 2042 602 tem-

474 646 620 715 plum
661 653 902 698 sanctum
949 653 1094 695 tuum
1140 642 1191 694 in
1235 643 1422 694 timore
1465 649 1572 694 tuo.
1645 640 1926 710 Templum
1960 647 2044 694 est

477 747 652 792 status
691 737 884 789 anima:
911 744 1108 788 sancta:
1139 741 1192 787 et
1217 733 1416 786 virtute
1455 731 1716 796 ﬂorentis,
1748 747 1910 801 quem
1946 730 2037 799 qui

476 829 724 884 obtinent
757 826 983 880 ﬁdenter
1016 833 1203 895 agunt.
1233 821 1486 878 Christus
1519 831 1698 876 autem
1731 831 1918 891 utpote
1949 819 2040 873 Fi-

475 920 583 975 lius
616 919 671 972 in
709 918 870 972 domo
923 915 1042 984 ejus
1095 913 1420 982 requiescet,
1470 913 1631 983 cujus
1665 927 1766 967 nos
1817 913 2035 967 domus.

471 1011 610 1066 Nam
638 1020 730 1064 tua
759 1008 944 1063 fruens
984 1007 1294 1071 clementia,
1347 1015 1546 1075 tuaque
1594 1005 1815 1060 dextera
1860 1012 2042 1074 prote-

473 1112 650 1172 gente,
685 1099 941 1155 continua
971 1097 1025 1151 in
1055 1112 1213 1152 sacro
1245 1096 1427 1165 gloriae
1457 1107 1562 1150 tuae
1599 1095 1797 1164 templo
1825 1104 1877 1149 te
1913 1108 2038 1162 pro-

473 1211 672 1266 sequor
700 1193 1034 1255 adoratione,
1067 1191 1142 1244 ait
1169 1197 1351 1244 sancta
1384 1197 1438 1243 et
1470 1203 1600 1258 pura
1647 1187 1864 1251 anima;
1913 1200 2035 1240 cum

477 1288 622 1342 enim
661 1287 909 1338 timorem
956 1282 1033 1336 tui
1077 1280 1279 1349 ubique
1317 1278 1720 1344 circumferam,
1758 1291 2033 1348 nunquam

468 1380 644 1450 patiar
673 1385 733 1430 ut
763 1390 885 1429 eum
918 1373 1185 1439 amittam,
1244 1381 1347 1426 tua!
1390 1371 1665 1425 conﬁdens
1713 1369 2032 1425 clementiae.

469 1470 696 1538 Propter
715 1467 958 1520 inimicos
989 1481 1127 1516 meos
1157 1463 1324 1533 dirige
1363 1463 1418 1516 in
1452 1473 1727 1532 conspectu
1777 1471 1864 1514 tuo
1895 1461 2035 1516 viam

470 1576 658 1616 meam.
694 1558 1016 1629 Spirituales
1045 1557 1314 1611 videlicet.
1361 1553 1465 1610 Cor
1495 1571 1674 1609 eorum
1709 1571 1900 1608 vanum
1931 1564 2030 1608 est.

467 1652 526 1708 ld
554 1661 656 1718 est,
684 1666 778 1706 cor
813 1649 1136 1719 sapientium
1171 1647 1333 1717 hujus
1363 1647 1545 1702 saeculi
1577 1665 1594 1713 ;
1621 1655 1714 1700 aut
1741 1647 1903 1701 etiam
1931 1647 2034 1700 ha:-

2143 471 2323 525 σομαι
2343 460 2429 524 εὶς
2461 458 2567 511 τὸν
2595 453 2764 511 οἶκόν
2791 471 2928 511 σου.
2947 458 3058 529 Τὴν
3088 457 3408 528 ἐπουράνιον
3452 459 3719 531 Ἰερουσα-

2140 547 2251 619 λὴμ
2281 549 2379 620 τὴν
2431 551 2788 621 πρωτοτόκων
2831 550 3062 621 μητέρα.
3097 550 3511 618 Προσκυνήσω
3560 552 3717 620 πρὸς

2137 643 2288 695 ναὸν
2308 642 2476 712 ἅγιόν
2506 659 2621 695 σου
2650 643 2719 695 ἐν
2739 643 2898 711 φόϐῳ
2930 659 3065 696 σου.
3105 643 3250 706 Ναὸς
3279 643 3413 695 Θεοῦ
3450 645 3482 713 ἡ
3519 644 3714 714 ἐνάρε-

2138 749 2229 795 τος
2262 733 2356 785 καὶ
2385 733 2515 801 ἁγία
2538 733 2895 796 γατάστασις,
2919 733 2983 802 ἢν
3011 735 3057 786 oi
3081 733 3295 803 ἔχοντες
3325 734 3461 804 μετὰ
3495 736 3713 806 παρρη-

2141 824 2259 887 σίας
2291 825 2450 894 φησί.
2476 825 2704 896 Χριστὸς
2750 824 2804 877 δὲ
2847 824 2922 887 ὡς
2972 825 3100 889 Υἱὸς
3126 827 3217 878 ἐπὶ
3250 827 3341 879 τὸν
3369 822 3516 880 οἶκον
3539 826 3709 880 αὑτοῦ

2138 917 2606 980 ἐπαναπαύσεται,
2633 909 2692 968 οῦ
2727 912 2874 979 οἶκός
2901 919 3066 987 ἐσμεν
3096 918 3277 987 ἡμεῖς.
3316 917 3426 988 Τῆς
3463 917 3572 989 γὰρ
3609 917 3713 987 σῆς

2137 1010 2481 1064 ἀπολαύουσα
2525 1009 2929 1080 φιλανθρωπίας
2959 1009 3049 1062 καὶ
3072 1011 3136 1079 τῇ
3172 1012 3236 1080 σῇ
3262 1008 3409 1079 δεξιᾷ
3441 1026 3714 1079 φρουρου-

2140 1104 2271 1174 μένη
2309 1102 2404 1174 τὴν
2431 1103 2648 1175 διηνεκῆ
2701 1119 2781 1155 σοι
2829 1101 3125 1172 προσφέρω
3152 1100 3518 1172 προσκύνησιν
3545 1102 3604 1153 ἐν
3631 1099 3713 1171 τῷ

2136 1194 2494 1266 ἀφιερωμένῳ
2522 1195 2620 1266 τῆς
2651 1195 2750 1264 σῆς
2777 1194 2934 1264 δόξης
2964 1194 3074 1263 ναῷ
3094 1234 3108 1259 ,
3152 1195 3316 1264 φησὶν
3359 1196 3391 1258 ἡ
3453 1193 3579 1262 ἁγία
3611 1193 3710 1246 καὶ

2137 1286 2349 1357 καθαρὰ
2370 1285 2544 1356 ψυχή’
2576 1286 2667 1338 τὸν
2695 1286 2782 1338 σὸν
2810 1286 2916 1356 γὰρ
2967 1286 3051 1338 ἀεὶ
3094 1285 3462 1356 περιφέρουσα
3517 1283 3707 1352 φόϐον,

2135 1379 2234 1431 οὐκ
2253 1378 2511 1448 ἀνέξομαι
2543 1377 2730 1431 τοῦτον
2757 1377 3046 1430 ἀποϐαλεῖν
3081 1380 3147 1448 τῇ
3194 1376 3578 1448 φιλανθρωπίᾳ
3611 1393 3711 1429 σου

2135 1468 2430 1542 θαρροῦσα.
2476 1470 2690 1523 Ἕνεκα
2739 1468 2858 1521 τῶν
2905 1467 3134 1537 ἐχθρῶν
3176 1485 3295 1537 μου
3335 1469 3712 1521 κατεύθυνον

2133 1559 2389 1613 ἐνώπιόν
2413 1576 2529 1613 σου
2555 1560 2669 1628 τὴν
2699 1559 2842 1613 ὁδόν
2871 1578 3011 1628 μου.
3042 1559 3162 1611 Τῶν
3203 1559 3405 1630 νοητῶν
3439 1558 3707 1628 δηλονότι.

2147 1649 2219 1702 'H
2263 1648 2476 1718 καρδία
2523 1647 2720 1701 αὐτῶν
2751 1649 2991 1717 ματαία.
3027 1647 3148 1701 Τῶν
3178 1648 3354 1717 σοφῶν
3384 1648 3476 1701 τοῦ
3511 1650 3712 1713 αἰῶνος

467 1746 781 1802 reticorum.
813 1741 894 1796 llli
927 1741 1073 1797 enim
1114 1741 1360 1795 veritatis
1406 1753 1717 1794 sermonem
1758 1738 2025 1810 ignorant.

2147 1739 2345 1804 τούτου,
2375 1739 2407 1810 ἦ
2443 1740 2536 1793 καὶ
2579 1739 2685 1792 τῶν
2737 1739 3045 1811 αἱρετικῶν.
3097 1733 3252 1794 Οῦτοι
3311 1740 3418 1810 γὰρ
3447 1740 3712 1811 ἀληθείας

540 1923 622 1976 il.
673 1919 980 1991 Sepulcrum
1019 1928 1203 1987 patens
1242 1922 1316 1970 est
1353 1925 1532 1985 guttur
1574 1930 1792 1969 eorum:
1837 1915 2032 1985 linguis

469 2015 581 2067 suis
608 2011 786 2065 dolose
820 2009 1066 2079 agebant.
1100 2006 1337 2077 Linguas
1366 2021 1493 2060 suas
1521 2005 1751 2071 leniunt,
1797 2013 1851 2059 et
1883 2019 2030 2058 mor-

467 2107 622 2161 tifera
657 2113 906 2159 eructant
935 2101 1209 2171 dogmata.

537 2199 624 2252 12.
658 2195 916 2248 Decidant
938 2209 969 2245 a
995 2191 1399 2262 cogitationibus
1423 2189 1552 2242 suis.
1579 2189 1661 2241 Ab
1694 2187 1798 2248 his,
1833 2186 2027 2256 inquit,

462 2287 907 2361 cogitationibus,
935 2299 1073 2354 quas
1105 2291 1293 2338 contra
1323 2297 1406 2336 me
1439 2281 1755 2346 admittunt,
1785 2279 2031 2334 inviden-

462 2392 546 2437 tes
574 2395 696 2434 meo
723 2376 1020 2433 secundum
1049 2374 1218 2428 Deum
1247 2371 1535 2444 profecturi.

537 2469 862 2545 [Secundum
890 2465 1279 2520 multitudinem
1310 2464 1640 2532 impietatum
1662 2461 1861 2532 expelle
1885 2461 2026 2525 illos,

463 2563 588 2633 pios
621 2559 828 2616 scilicet
855 2556 1113 2611 efﬁciens.
1143 2553 1280 2608 Nam
1304 2555 1398 2624 qui
1422 2555 1660 2607 animam
1693 2567 2030 2622 persequun-

467 2667 555 2711 tur
585 2652 695 2708 Deo
734 2659 888 2723 grata
944 2663 1108 2718 opera
1158 2646 1440 2712 edentem,
1490 2646 1658 2700 Deum
1705 2655 2030 2714 exasperant

465 2751 757 2814 aperteque
789 2738 930 2794 bello
948 2743 1289 2806 oppugnant.

535 2833 624 2887 l5.
665 2827 1031 2884 Et-habitabis
1078 2827 1132 2878 in
1181 2827 1276 2880 eis.
1333 2823 1452 2894 Ipse
1500 2839 1734 2894 namque
1786 2833 1840 2878 et
1871 2822 2028 2878 Pater

462 2923 581 2992 ejus
608 2921 845 2985 venient,
877 2926 930 2972 et
960 2916 1299 2970 mansionem
1329 2914 1468 2984 apud
1499 2930 1624 2968 eum
1652 2914 1868 2968 facient.

534 3013 622 3068 M.
657 3012 725 3066 Et
757 3009 1125 3082 gloriabuntur
1173 3008 1230 3060 in
1257 3017 1304 3061 te
1331 3023 1506 3062 omnes
1541 3009 1630 3078 qui
1670 3008 1896 3086 diligunt
1931 3024 2027 3061 no-

463 3119 581 3158 men
607 3066 781 3165 tuum:
806 3101 1054 3169 quoniam
1085 3107 1140 3151 tu
1166 3097 1430 3150 benediees
1454 3066 1622 3166 juslo.
1653 3066 1793 3161 Tua:
1815 3084 2023 3168 inquit,
2054 3066 2098 3127 ο

462 3195 840 3250 benedictione
868 3200 922 3246 et
954 3189 1292 3259 providentia
1323 3189 1442 3242 tuis
1492 3204 1752 3245 concessa
1785 3188 2024 3254 famulis,

463 3277 555 3356 qui
595 3300 653 3339 se
689 3285 767 3338 tui
798 3282 1036 3336 nominis
1074 3281 1244 3333 amori
1283 3280 1556 3346 dedidere,
1603 3281 1673 3335 ob
1719 3289 1866 3334 tuam
1897 3297 2025 3353 erga

463 3379 610 3446 ipsos
635 3373 1056 3429 sollicitudinem
1082 3370 1364 3439 magniﬁce
1391 3373 1624 3426 sentient
1649 3372 1716 3426 de
1745 3381 1834 3426 tua
1861 3389 2024 3442 quam

459 3468 793 3521 enarrabunt
848 3472 1136 3533 potestate.
1194 3463 1370 3531 Atque
1419 3463 1492 3516 ita
1545 3463 1786 3532 loquitur
1837 3466 2026 3519 beatus

461 3559 702 3614 Paulus:
745 3556 848 3621 Qui
891 3556 1178 3627 gloriatur,
1220 3556 1275 3607 in
1316 3554 1541 3608 Domino
1586 3554 1927 3624 glorietur“.
1957 3553 2024 3610 Ut

460 3662 609 3708 scuto
633 3652 779 3706 bona:
807 3649 1094 3704 voluntatis
1124 3658 1226 3703 tua:
1267 3651 1531 3702 coronasti
1575 3665 1697 3705 nos.
1730 3651 2022 3716 Coronam,

459 3745 657 3815 inquit,
709 3758 808 3814 pro
840 3742 1117 3796 laboribus
1148 3741 1302 3796 dabis
1337 3741 1391 3794 in
1437 3740 1564 3807 ﬁne,
1612 3757 1720 3812 qua
1761 3749 2022 3812 tanquam

459 3845 615 3892 scuto
642 3849 742 3891 nos
771 3843 1042 3905 proteges.

737 4013 804 4071 In
836 4015 1013 4084 ﬁnem,
1041 4014 1098 4068 in
1133 4017 1358 4085 hymnis,
1389 4033 1484 4085 pro
1517 4024 1724 4082 octava,

875 4106 1214 4162 PSALMUS
1249 4107 1443 4163 David.
1485 4107 1580 4164 Vl.

1032 4202 1428 4272 Argumentum.

455 4295 660 4366 Ecquid
694 4308 860 4365 porro
899 4293 1044 4347 aliud
1076 4293 1240 4349 fuerit
1278 4302 1490 4359 octava,
1523 4295 1628 4350 nisi
1665 4295 2020 4350 resurrectio-

2135 1831 2293 1900 λόγον
2321 1833 2420 1884 οὐκ
2447 1833 2646 1886 ίσασιν.

2210 1919 2398 1990 Τάφος
2411 1920 2781 1990 ἀνεῳγμένος
2802 1923 2835 1974 ὁ
2857 1921 3089 1990 λάρυγξ
3109 1921 3306 1976 αὐτῶν
3325 1939 3337 1952 ·
3360 1921 3488 1988 ταῖς
3511 1921 3712 1992 γλώσ-

2133 2030 2272 2081 σαις
2292 2015 2488 2069 αὐτῶν
2512 2015 2890 2071 ἐδολιοῦσαν.
2922 2015 3030 2086 Τὴν
3066 2015 3316 2084 γλῶσσαν
3360 2015 3538 2068 αὐτῶν
3561 2015 3711 2069 λεαί-

2131 2125 2300 2172 νουσι,
2331 2108 2514 2161 καὶτὰ
2548 2109 2713 2182 νεκρὰ
2740 2109 3054 2180 ἐρεύγονται
3074 2108 3339 2178 δόγματα.

2215 2200 2712 2254 Ἀποπεσέτωσαν
2763 2200 2881 2254 ἀπὸ
2928 2199 3044 2253 τῶν
3077 2199 3435 2254 διαϐουλιῶν
3481 2198 3707 2253 αὐτῶν.

2132 2289 2320 2344 Ταῦτα
2355 2290 2485 2360 γὰρ,
2523 2290 2677 2362 φησὶ,
2729 2291 2798 2344 τὰ
2839 2290 3117 2344 διαϐούλια
3163 2291 3345 2345 πάντα
3395 2291 3515 2344 κατ’
3571 2290 3710 2360 ἐμοῦ

2129 2383 2408 2435 ἐποιοῦντο
2434 2386 2500 2454 τῇ
2531 2383 2672 2435 κατὰ
2701 2382 2832 2435 Θεόν
2855 2401 2954 2454 μου
2996 2385 3244 2454 προκοπῇ
3277 2382 3703 2453 ἐναντιούμενοι.

2202 2473 2394 2545 [Κατὰ
2415 2474 2480 2528 τὸ
2505 2475 2737 2544 πλῆθος
2754 2475 2874 2529 τῶν
2897 2474 3184 2530 ἀσεϐειῶν
3202 2475 3435 2539 ἐξωσον
3456 2477 3706 2543 αὐτοὺς,

2131 2566 2374 2629 εὐσεϐεῖς
2406 2567 2601 2630 αὐτοὺς
2625 2568 3017 2638 ἐργασάμενος.
3056 2569 3118 2620 Ol
3149 2565 3257 2638 γὰρ
3285 2566 3570 2632 διώκοντες
3605 2569 3708 2640 τὴν

2130 2660 2259 2729 φίλα
2309 2658 2388 2730 τῷ
2417 2659 2536 2731 Θεῷ
2566 2661 2908 2732 πράττουσαν
2960 2659 3138 2731 ψυχὴν
3191 2659 3323 2714 Θεὸν
3355 2661 3706 2732 πικραίνουσι

2129 2751 2526 2822 θεομαχοῦντες
2556 2750 2788 2824 σαφῶς]

2198 2841 2310 2894 Καὶ
2343 2841 2830 2910 κατασκηνώσεις
2861 2843 2931 2896 ἐν
2955 2841 3179 2909 αὐτοῖς.
3211 2842 3382 2908 Αὐτὸς
3411 2841 3519 2914 γὰρ
3549 2843 3707 2896 ἐλεύ-

2131 2951 2280 2987 σεται
2312 2936 2405 2988 καὶ
2432 2937 2460 2988 ὁ
2487 2935 2702 3006 Πατὴρ,
2732 2936 2826 2988 καὶ
2847 2936 3012 3008 μονὴν
3043 2935 3172 3007 παρ’
3194 2935 3340 3007 αὑτῷ
3363 2938 3704 3006 ποιήσονται.

2197 3025 2307 3079 Καὶ
2332 3025 2740 3095 καυχήσονται
2771 3027 2841 3080 ἐν
2859 3027 2957 3081 σοὶ
2982 3030 3036 3080 οί
3057 3025 3400 3096 ἀγαπῶντες
3424 3027 3490 3081 τὸ
3513 3027 3711 3097 ὄνομά

2128 3134 2264 3182 σου,
2295 3116 2383 3170 ὅτι
2416 3117 2495 3170 σὺ
2515 3118 2873 3187 εὐλογήσας
2919 3117 3175 3183 δίκαιον,
3208 3119 3405 3186 Κύριε.
3449 3120 3558 3189 Τῆς
3592 3119 3709 3191 γὰρ

2129 3211 2226 3281 σῆς
2264 3209 2508 3277 εὐλογίας
2540 3227 2598 3262 τε
2629 3211 2722 3262 καὶ
2755 3210 3012 3282 προνοίας
3055 3213 3167 3274 τοῖς
3201 3214 3314 3274 σοῖς
3356 3211 3705 3282 χορηγουμέ-

2126 3317 2222 3369 νης
2260 3299 2640 3370 θεραπευταῖς,
2675 3300 2746 3367 οἳ,
2790 3302 2927 3370 σφᾶς
2958 3301 3153 3365 αὐτοὺς
3195 3301 3431 3373 ἐραστὰς
3474 3301 3567 3355 τοῦ
3606 3301 3726 3380 σοῦ.

2125 3393 2383 3462 ὀνόματος
2415 3395 2876 3464 καταστήσαντες,
2905 3395 2998 3447 ἐπὶ
3037 3397 3102 3466 τῇ
3141 3397 3205 3465 σῇ
3255 3395 3551 3467 κηδεμονίᾳ
3596 3413 3704 3466 με-ι

2125 3485 2263 3554 γάλα
2292 3488 2617 3557 φρονήσουσι
2644 3487 2740 3558 τὴν
2768 3489 2865 3560 σὴν
2894 3488 3239 3560 διηγούμενοι
3261 3488 3508 3559 δύναμιν.
3542 3488 3708 3542 Οὕτω

2125 3579 2218 3631 καὶ
2247 3581 2274 3631 ό
2305 3579 2575 3648 μακάριος
2623 3578 2773 3647 λέγει
2805 3578 3050 3642 Παῦλος·
3097 3580 3158 3631 '0
3209 3578 3592 3649 καυχώμενος
3631 3581 3707 3634 ἐν

2125 3673 2317 3739 Κιφίῳ
2351 3672 2688 3742 καυχάσθω.
2727 3673 2818 3739 Ὡς
2839 3672 3032 3728 ὅπλον
3061 3673 3341 3738 εὐδοκίας
3369 3672 3708 3742 ἐστεφάνω-

2124 3781 2239 3831 σας
2283 3763 2459 3834 ήμᾶς.
2522 3765 2807 3834 Στέφανος,
2843 3765 3027 3836 φησιν,
3051 3764 3207 3836 ἡμῶν
3237 3765 3345 3818 τῶν
3373 3766 3550 3819 πόνων
3598 3784 3701 3837 χα-

2126 3857 2250 3928 ρίσῃ
2283 3856 2344 3909 τὸ
2372 3856 2543 3922 τέλος,
2577 3856 2750 3928 τούτῳ
2778 3855 3026 3929 καθάπερ
3052 3857 3200 3928 ὅπλῳ
3247 3857 3355 3911 τινὶ
3387 3858 3710 3929 περιφράττ

2123 3966 2290 4004 τουσσ.
2321 3950 2488 4019 ἡμᾶς.

2247 4043 2294 4093 Ε
2299 4042 2349 4106 lc
2381 4039 2448 4093 τὸ
2482 4040 2679 4107 τέλος,
2712 4040 2781 4094 ἐν
2804 4041 3029 4111 ὕμνοις,
3053 4041 3205 4111 ὑπὲρ
3227 4041 3335 4110 τῆς
3352 4041 3585 4113 ὀγδόης,

2536 4133 2843 4186 ΨΑΑΜοΣ
2865 4132 2944 4198 τῷ
2967 4133 3165 4188 Δαυΐδ.
3200 4135 3292 4200 ς’.

2744 4225 2805 4276 Ὺ
2803 4227 3069 4292 πόθεσις.

2121 4313 2232 4366 Καὶ
2254 4313 2337 4376 τίς
2376 4312 2442 4366 ἂν
2467 4311 2553 4383 εἴη
2579 4314 2612 4386 ἡ
2640 4313 2821 4385 ὀγδόη,
2853 4314 2887 4386 ἦ
2921 4317 2953 4385 ἡ
3006 4313 3100 4367 τοῦ
3131 4315 3366 4386 Χριστοῦ
3403 4317 3703 4370 ἀναστάσι-

525 4389 610 4442 nis
638 4387 841 4442 Christi
871 4386 1008 4452 dies,
1040 4402 1145 4456 qua
1188 4387 1436 4441 laborum
1473 4385 1683 4442 fructus
1712 4389 2016 4458 percepturi

2195 4424 2292 4478 μος
2317 4407 2518 4477 ἡμέρα,
2549 4385 2670 4458 καθ’
2696 4406 2762 4477 ἣν
2787 4385 2893 4459 τῶν
2937 4385 3219 4477 ἡμετέρων
3262 4407 3446 4460 κόπων
3492 4407 3700 4479 ἀπολη-

526 4495 716 4535 sumus
744 4497 757 4544 ;
806 4478 1046 4533 inimicis
1083 4479 1293 4533 scilicet
1340 4479 1543 4534 nostris
1573 4495 1700 4534 cum
1732 4481 1940 4549 pudore
1967 4491 2020 4535 et

525 4572 932 4640 perturbatione
993 4580 1294 4624 retrorsum
1347 4571 1575 4626 abactis.
1653 4569 1809 4626 Hunc
1856 4589 2019 4642 porro

524 4663 672 4718 canit
697 4664 990 4732 psalmum,
1031 4673 1215 4732 utpote
1245 4662 1504 4717 diuturno
1546 4672 1786 4732 tempore
1817 4664 1869 4717 in
1905 4679 2020 4734 pce-

521 4757 749 4810 nitentia
777 4766 1045 4817 versatus,
1076 4769 1240 4823 quam
1278 4755 1475 4809 obtulit
1512 4771 1611 4824 pro
1639 4767 1882 4826 peccato.

519 4849 574 4901 2.
615 4848 854 4913 Domine,
879 4865 942 4902 ne
970 4849 1023 4901 in
1049 4849 1225 4916 furore
1253 4856 1341 4899 ιιιο
1381 4863 1574 4916 arguas
1613 4865 1710 4902 me.
1744 4847 1857 4903 Non
1884 4851 2014 4904 sim—

450 4939 681 5009 pliciter,
715 4940 807 4994 sed
838 4954 962 4992 cum
1004 4937 1188 4992 furore
1215 4939 1367 5008 argui
1397 4947 1628 4992 recusat.
1661 4939 1845 5010 Neque
1889 4957 2014 4997 cor-

448 5032 751 5100 reptionem
781 5029 991 5094 abnuit,
1023 5031 1116 5084 sed
1156 5045 1274 5083 eam
1309 5045 1429 5099 quae
1453 5045 1586 5084 cum
1617 5031 1696 5085 ira
1723 5032 1834 5086 ﬁat.

522 5123 576 5176 5.
615 5120 865 5174 Miserere
889 5121 1008 5184 mei,
1039 5119 1280 5183 Domine,
1313 5123 1562 5189 quoniam
1595 5123 1836 5192 infirmus
1873 5141 2011 5181 sum.

446 5211 604 5266 Nulla
626 5211 770 5265 enim
804 5211 985 5265 anima
1023 5221 1149 5266 ante
1195 5213 1395 5267 labitur
1428 5214 1480 5268 in
1517 5226 1820 5285 peccatum,
1851 5235 2015 5289 quam

443 5323 512 5362 ex
544 5305 751 5359 viribus
789 5305 1066 5375 quidpiam
1097 5307 1362 5363 amiserit.
1935 5315 1942 5324 '

517 5397 912 5469 [Inﬁrmitatem
946 5399 1254 5462 adumbrat,
1291 5417 1411 5470 qua:
1442 5416 1506 5455 ex
1541 5403 1863 5471 aegritudine
1897 5398 2013 5460 ani?

447 5489 519 5544 mi
553 5499 605 5543 et
634 5505 700 5542 ex
736 5488 951 5544 ﬂetibus
977 5489 1270 5561 pr0\-'cnit.]

518 5580 570 5635 4.
595 5582 666 5632 Et
693 5581 871 5634 anima
901 5599 1013 5634 mea
1039 5582 1250 5637 turbata
1283 5592 1359 5636 est
1394 5584 1562 5638 valde.
1618 5585 1825 5640 Anima:
1861 5587 2008 5644 scili-

512 5687 626 5747 "II
667 5689 793 5748 Cor.
826 5709 877 5760 Χ,
924 5692 1006 5746 l7.

2151 4547 2154 4550 λ
2185 4497 2398 4570 ᾠόμεθα
2426 4496 2704 4568 καρπούς;
2735 4496 2842 4550 τῶν
2877 4495 3085 4568 ἐχθρῶν
3109 4497 3310 4568 δηλαδὴ
3348 4499 3700 4570 ἀποστρεφο-

2190 4590 2364 4660 μένων
2402 4591 2480 4652 εἰς
2506 4590 2573 4643 τὰ
2597 4589 2772 4642 ὀπίσω
2797 4629 2810 4653 ,
2865 4589 2980 4659 μετ’
3016 4589 3274 4661 αἰσχύνης
3303 4590 3546 4659 δηλονότι
3595 4593 3700 4644 καὶ

2184 4681 2450 4752 ταραχῆς.
2514 4680 2663 4752 ᾊδει
2699 4680 2754 4733 δὲ
2784 4680 2872 4734 τὸν
2898 4680 3113 4750 ψαλμὸν
3135 4681 3209 4744 ὡς
3245 4683 3457 4752 μακρὸν
3499 4682 3700 4752 χρόνον

2182 4772 2319 4843 ἔχων
2335 4774 2391 4825 ἐν
2413 4775 2477 4843 τῇ
2499 4772 2778 4842 μετανοίᾳ.
2795 4772 2861 4842 ἧν
2879 4773 3017 4842 ὑπὲρ
3033 4773 3302 4844 ἁμαρτίας
3331 4774 3692 4845 προσέφερεν.

2190 4863 2386 4930 Κύριε,
2429 4859 2515 4930 μὴ
2560 4859 2640 4925 τῷ
2689 4857 2852 4928 θυμῷ
2887 4873 3002 4912 σου
3047 4857 3303 4929 ἐλέγξῃς
3334 4877 3428 4928 με.
3478 4859 3552 4910 UO
3597 4860 3697 4912 τὸν

2118 4951 2335 5020 ἔλεγχον
2369 4954 2738 5021 παραιτεῖται,
2789 4949 2924 5002 ἀλλὰ
2965 4949 3057 5001 τὸν
3109 4949 3249 5020 μετὰ
3298 4949 3511 5020 θυμοῦ·
3563 4951 3696 5004 οὐδὲ

2116 5045 2214 5114 τὴν
2243 5043 2508 5106 παιδείαν,
2547 5041 2682 5096 ἀλλὰ
2712 5043 2809 5112 τὴν
2845 5043 2960 5111 μετ’
2993 5042 3182 5111 ὀργῆς.
3599 5063 3610 5073 -

2203 5131 2488 5200 Ἐλέησόν
2505 5149 2600 5200 με,
2629 5133 2825 5199 Κύριε,
2851 5131 2936 5182 ὅτι
2955 5131 3218 5198 ἀσθενής
3243 5133 3374 5198 ειμι.
3405 5131 3561 5184 Πᾶσα
3579 5129 3694 5200 γὰρ

2118 5224 2263 5294 ψυχὴ
2320 5224 2379 5275 οὐ
2434 5224 2695 5295 πρότερον
2759 5223 2836 5284 είς
2877 5222 3148 5292 ἁμαρτίαν
3190 5221 3374 5274 πίπτει
3431 5220 3558 5290 πρὶν
3588 5222 3693 5290 τῆς

2123 5315 2304 5385 ἰσχύος
2344 5313 2493 5384 ἐνδῷ.

2147 5429 2152 5433 ·
2192 5406 2532 5477 [Ἀσθένειαν
2555 5406 2845 5458 αἰνίττεται
2890 5407 2988 5476 τὴν
3023 5405 3129 5457 ἀπὸ
3174 5406 3272 5474 τῆς
3318 5401 3557 5470 ἀθυμίας
3590 5401 3696 5452 καὶ

2120 5498 2226 5550 τῶν
2246 5497 2490 5568 ὀδυρμῶν
2517 5496 2912 5569 ἐγγινομένην.]
3599 5503 3606 5508 ’

2191 5589 2299 5642 Καὶ
2331 5589 2368 5657 ἡ
2397 5590 2564 5659 ψυχή
2581 5607 2699 5658 μου
2733 5590 3028 5659 ἐταράχθη
3055 5589 3306 5660 σφόδρα.
3349 5590 3414 5642 Αἱ
3455 5588 3554 5661 τῆς
3584 5586 3694 5657 ψυ⁹
