3874 6218
163 279 218 334 Π
1257 276 1621 334 EXPOSITIO
1643 271 1705 331 ἹΒ

1837 275 2095 332 BALMUM
2144 277 2251 332 Vll.
3328 280 3398 336 78

157 397 247 466 χῆς
295 392 526 462 δηλονότι
564 391 842 463 δυνάμεις.
871 389 982 444 Καὶ
1006 390 1110 455 σὺ,
1141 391 1340 460 Κύριε,
1387 392 1500 457 ἕως
1530 392 1705 455 mite;

1837 401 1899 446 :et
1942 389 2248 446 facultates.
2297 389 2362 444 Et
2411 399 2489 456 tu,
2542 390 2791 455 Domine,
2836 395 3147 463 usquequo.’
3176 391 3398 452 Diutur-

155 486 254 556 Τῆς
279 483 596 554 πολυχρόνου
629 482 917 553 μετανοίας
930 481 993 534 τὺ
1029 483 1180 554 ῥῆμα
1209 481 1638 553 παραστατικὸν.

227 575 627 642 Ἐπίστρεψον,
657 574 856 640 Κύριε,
877 573 1066 641 ῥῦσαι
1087 572 1200 640 τὴν
1222 573 1434 644 ψυχήν
1450 590 1590 642 μου.
1626 573 1714 635 Ὡς

150 664 585 735 ἀπεστραμμένου
645 662 811 718 αὐτοῦ
865 665 1106 736 δηλονότι
1140 666 1227 720 διὰ
1271 666 1370 736 τὴν
1413 664 1708 736 ἁμαρτίαν.

149 757 347 812 Σῶσὸν
364 773 440 825 με
454 755 662 809 ἕνεκεν
689 757 795 810 τοῦ
819 757 1031 824 ἐλέους
1055 777 1192 813 σου.
1244 760 1358 812 Πᾶν
1383 762 1491 829 γὰρ
1521 758 1581 810 τὸ
1613 759 1712 828 τῆς

150 849 405 922 σωτηρίας
429 849 583 920 ήμῶν
611 849 690 919 τῷ
717 850 851 920 ἐλέῳ
881 851 1168 904 ἀναθετέον
1195 850 1290 904 τοῦ
1321 850 1480 903 Θεοῦ.

141 994 152 1001 ,
211 943 331 995 Ὅτι
380 944 490 996 οὐκ
541 940 713 995 ἐστιν
743 941 813 993 ἐν
843 941 923 1006 τῷ
950 942 1185 1008 θανάτῳ
1237 946 1271 995 ὁ
1313 943 1712 1011 μνημονεύων

146 1044 271 1085 σου.
324 1030 536 1100 Ἐπειδὴ
568 1031 775 1102 μακρός
793 1049 882 1101 μοι
913 1031 1126 1099 γέγονε,
1153 1033 1336 1103 φησὶν,
1363 1035 1390 1084 ὁ
1410 1033 1508 1102 τῆς
1540 1048 1708 1101 μετα-

145 1124 279 1185 νοίας
311 1123 518 1193 καιρὸς,
553 1121 765 1175 δέδοικα
805 1123 878 1194 μὴ
913 1121 1094 1196 φθάσῃ
1128 1123 1220 1176 τὸν
1250 1122 1403 1194 παρὰ
1436 1123 1530 1176 σοῦ
1560 1123 1710 1176 ἔλεον

143 1219 170 1269 ὁ
197 1216 432 1277 Θάνατος,
464 1216 520 1267 ἐν
628 1215 694 1268 τὰ
716 1217 814 1286 τῆς
837 1214 1275 1286 ἐξομολογήσεως
1295 1217 1394 1269 οὐκ
1420 1215 1557 1270 ἔστι.
1577 1217 1711 1269 Τού-

142 1324 227 1360 του
259 1309 413 1378 χάριν
441 1306 765 1376 ἐπιταχύναι
791 1307 883 1359 τὸν
922 1306 1070 1360 ἔλεον
1102 1307 1258 1361 αἰτῶ.

132 1413 134 1415 ·
218 1399 533 1452 Ἐκοπίασα
576 1399 646 1452 ἐν
678 1398 757 1462 τῷ
802 1398 1115 1468 στεναγμῷ
1165 1417 1305 1468 μου.
1362 1399 1709 1470 Ἀκούσωμεν

140 1492 246 1546 οἷαν
277 1495 304 1546 ὁ
342 1492 597 1562 βασιλεὺς
645 1491 933 1560 μετάνοιαν
976 1490 1312 1558 ἐπεδείξατο.
1366 1493 1478 1562 υύχ
1521 1490 1708 1555 ἁπλῶς

142 1585 350 1654 ἔκαμεν,
383 1583 497 1636 ἀλλ’
527 1583 785 1635 ἐκοπίασε
819 1584 1094 1649 στενάζων
1113 1599 1128 1614 ·
1155 1585 1252 1655 οὐχ
1274 1584 1461 1648 ἁπλῶς
1483 1585 1709 1656 ἐδάκρυ-

142 1692 245 1739 σεν,
271 1675 402 1728 ἀλλὰ
429 1676 527 1748 τὴν
545 1675 734 1744 κλίνην
757 1675 963 1740 ἔλουσε,
983 1678 1076 1729 καὶ
1105 1676 1226 1730 καθ’
1258 1677 1493 1748 ἑκάστην
1515 1676 1702 1732 νύκτα.

139 1765 240 1817 Καὶ
284 1766 342 1818 οὐ
381 1766 443 1818 τὸ
475 1765 746 1837 παρελθὸν
772 1770 984 1831 σκοπεῖ,
1019 1767 1153 1820 ἀλλὰ
1194 1769 1288 1821 καὶ
1315 1768 1707 1836 ἐπαγγέλλεται

137 1860 243 1920 τοῖς
272 1857 405 1929 πρὸς
424 1858 485 1912 τὸ
522 1857 716 1928 μέλλον
745 1858 833 1912 διὰ
864 1860 1045 1930 πάσης
1075 1859 1176 1929 τῆς
1211 1859 1357 1930 ζωῆς
1381 1877 1394 1890 ·
1438 1860 1533 1912 καὶ
1570 1860 1628 1914 ὃν
1659 1862 1708 1913 oi

144 1949 316 2001 πολλοὶ
342 1949 626 2004 ποιοῦνται
661 1951 919 2014 αἰνέσεως
951 1949 1231 2022 [ἀνέσεως]
1261 1949 1448 2022 καιρὸν
1467 1991 1480 2016 ,
1521 1950 1709 2005 τοῦτον

137 2043 328 2105 ἐκεῖνος
359 2042 819 2114 ἐξομολογήσεως.
839 2045 1054 2097 Λούσω
1073 2043 1202 2097 καθ’
1229 2041 1498 2110 ἑκάστην
1522 2045 1711 2097 νύκτα

137 2132 243 2200 τὴν
274 2135 490 2201 κλίνην
531 2152 678 2204 μου.
719 2135 864 2188 Ἀντὶ
915 2137 1065 2206 μιᾶς,
1119 2135 1272 2204 φησὶ,
1319 2137 1529 2201 νυκτὸς,
1587 2136 1708 2190 καθ’

135 2224 197 2293 ἣν
241 2225 333 2294 τὴν
363 2226 648 2297 ἁμαρτίαν
685 2227 938 2297 ἐποίησα,
981 2226 1178 2290 πολλὰς
1209 2227 1480 2281 διετέλεσα
1509 2227 1710 2291 νύκτας

134 2314 349 2385 δάκρυσι
375 2315 589 2387 βρέχων
611 2316 708 2387 τὴν
745 2319 1038 2389 στρωμνήν
1079 2335 1204 2388 μου.

201 2403 516 2475 Ἐταράχθη
544 2407 662 2460 ἀπὸ
686 2407 876 2476 θυμοῦ
909 2411 942 2462 ὁ
973 2409 1278 2478 ὀφθαλμός
1300 2426 1442 2477 μου.
1482 2407 1711 2478 Ὀφθαλ-

139 2497 228 2567 μὸν
253 2498 307 2551 δὲ
333 2499 425 2552 τὸν
455 2499 586 2552 νοῦν
614 2499 784 2568 λέγει,
819 2501 1005 2571 ἐπειδὴ
1032 2502 1060 2552 ὁ
1088 2500 1366 2571 ὀφθαλμὸς
1405 2502 1504 2572 τῆς
1530 2501 1710 2572 ψυχῆς

137 2590 270 2644 ἐστιν
300 2592 328 2645 ὁ
354 2589 501 2654 νοῦς.
548 2588 961 2660 Ἐπαλαιώθην
1007 2592 1078 2646 ἐν
1119 2591 1271 2646 πᾶσι
1303 2591 1430 2657 τοῖς
1473 2591 1710 2661 ἐχθροῖς

134 2701 260 2753 μου.
294 2687 561 2741 Ἐνταῦθα
586 2689 676 2742 τὸν
706 2689 896 2760 χρόνον
923 2687 1074 2758 δηλοῖ
1091 2689 1191 2758 τῆς
1221 2689 1612 2752 κακοπαθείας.

201 2775 317 2850 [⁸ον
351 2780 446 2832 καὶ
468 2781 528 2833 ἐν
553 2779 708 2847 τάξει
731 2779 1155 2852 κατορθώματος
1185 2781 1451 2852 κέκτηται
1476 2822 1492 2847 ,
1523 2781 1611 2835 διὰ
1648 2780 1710 2836 τὸ

137 2869 290 2923 πολὺν
315 2867 504 2945 εἶναι]

200 2962 311 3017 Ὀτι
336 2963 672 3032 εἰσήκουσε
687 2965 900 3033 Κύριος
914 2964 1027 3034 τῆς
1046 2963 1253 3034 φωνῆς
1272 2965 1378 3019 τοῦ
1399 2966 1707 3036 κλαυθμοῦ

1816 499 1942 537 nam
1967 483 2346 553 paenitentiam
2378 482 2620 538 declarat
2641 483 2749 540 hoc
2777 483 3005 539 dictum.

1885 575 1939 629 5.
1973 575 2305 640 Convertere,
2331 576 2572 641 Domine,
2623 577 2764 646 eripe
2807 577 3042 632 animum
3073 595 3264 633 meam.
3297 578 3396 649 (1d

1815 667 1931 739 ait)
1961 670 2119 739 quasi
2149 669 2382 724 Domino
2411 669 2480 724 ob
2508 678 2789 739 peccatum
2819 685 3037 724 averso.
3065 669 3286 724 Salvum
3316 686 3396 724 me

1815 759 1902 821 {ac
1928 768 2141 828 propter
2167 759 2587 812 misericordiam
2620 769 2788 812 tuam.
2834 758 3032 814 Totum
3065 759 3260 832 salutis
3290 774 3395 814 no-

1814 858 1940 903 strae
1968 851 2249 921 negotium
2279 851 2671 906 misericordia:
2704 850 2798 906 Dei
2829 853 3235 907 ascribendum.

1881 941 1932 994 6.
1969 940 2234 1006 Quoniam
2270 959 2374 996 non
2421 954 2499 997 est
2544 943 2602 996 in
2643 952 2809 997 morte
2832 945 2923 1013 qui
2966 960 3166 998 memor
3186 946 3259 998 sit
3293 945 3390 998 tui.

1811 1027 2106 1097 Quoniam,
2144 1033 2342 1102 inquit,
2388 1033 2712 1088 diuturnum
2767 1035 2901 1088 mihi
2934 1043 3017 1090 est
3059 1035 3394 1104 poenitentiae

1812 1131 2052 1192 tempus,
2085 1124 2254 1191 timeo
2290 1140 2358 1179 ne
2401 1139 2552 1179 mors
2585 1135 2734 1179 tuam
2788 1125 3220 1182 misericordiam
3253 1143 3394 1196 prae-

1815 1223 2012 1279 vertat,
2044 1217 2134 1269 ubi
2167 1216 2350 1271 nullus
2373 1217 2476 1270 erit
2507 1215 2838 1271 confessioni
2865 1218 3042 1272 locus.
3078 1217 3250 1289 Cujus
3276 1233 3393 1289 gra-

1811 1305 1908 1372 tia,
1942 1320 2219 1361 maturare
2247 1307 2682 1362 misericordiam
2715 1316 2864 1362 tuam
2902 1310 3136 1377 postulo.

1880 1395 1930 1447 7.
1971 1394 2238 1449 Laboravi
2267 1397 2322 1448 in
2350 1397 2548 1466 gemitu
2574 1389 2708 1452 meo.
2735 1396 3041 1454 Audiamus
3071 1400 3213 1469 regis
3244 1401 3390 1456 illius

1809 1467 2206 1556 paenitentiam,
2240 1487 2332 1556 qui
2381 1503 2487 1542 non
2523 1488 2702 1542 solum
2743 1488 3030 1556 laboravit,
3078 1490 3170 1544 sed
3218 1490 3381 1546 etiam

1810 1577 2434 1648 ingemiscendomagno
2465 1577 2684 1633 affectus
2716 1584 2799 1633 est
2824 1578 3041 1645 dolore;
3075 1594 3182 1632 non
3213 1581 3386 1635 solum

1809 1668 2233 1738 collacrymatus
2268 1677 2394 1732 est,
2451 1669 2544 1722 sed
2590 1668 2722 1723 lavit
2777 1684 2872 1738 per
2909 1669 3150 1739 singulas
3204 1659 3391 1727 noc'tes

1738 1739 1782 1793 Β
1810 1760 2006 1814 lectum
2058 1776 2239 1826 suum.
2280 1759 2465 1830 Neque
2529 1769 2708 1814 tamen
2760 1761 2812 1814 id
2853 1761 2942 1816 ille
2989 1761 3209 1831 respicit
3243 1762 3390 1833 quod

1807 1850 1919 1919 jam
1953 1851 2237 1920 prteteriit,
2290 1854 2384 1906 sed
2433 1852 2635 1906 similia
2677 1851 2950 1907 facturum
2997 1869 3057 1908 se
3101 1853 3392 1923 pollicetur

1811 1957 1906 2010 per
1931 1951 2102 1995 totum
2140 1943 2262 1997 vita:
2295 1953 2508 2012 tempus
2537 1963 2548 1998 :
2585 1952 2638 1998 et
2667 1944 2813 2014 quod
2849 1945 2942 1999 alii
2969 1955 3183 2015 tempus
3209 1946 3390 2001 laudi»-

1810 2031 1912 2086 bus
1941 2033 2246 2100 insumunt,
2279 2035 2331 2089 id
2384 2036 2474 2089 ille
2509 2036 2842 2092 confessioni
2877 2037 3120 2107 deputat.
3174 2037 3387 2093 Lavabo

1809 2140 1900 2192 per
1946 2125 2185 2195 singulas
2223 2136 2395 2180 noctes
2443 2128 2853 2191 lectummeum.
2903 2128 3008 2184 Pro
3040 2138 3200 2184 nocte
3249 2145 3381 2196 una,

1812 2215 2011 2283 inquit,
2043 2231 2208 2285 quam
2239 2219 2515 2291 peccando
2556 2220 2814 2289 transegi,
2848 2221 3053 2275 multas
3099 2221 3253 2291 exegi
3285 2237 3388 2275 no—

1810 2312 1924 2359 ctes
1956 2305 2183 2374 rigando
2213 2286 2470 2378 lacryinis
2501 2309 2701 2364 lectum
2727 2326 2934 2364 meum.

1891 2397 1944 2450 8.
1980 2397 2243 2452 Turbatus
2269 2409 2346 2453 est
2371 2418 2403 2453 a
2424 2401 2604 2470 furore
2627 2403 2807 2457 oculus
2829 2420 2992 2458 meus.
3015 2403 3250 2460 Mentem
3278 2405 3387 2474 ait;

1810 2488 1926 2558 ipsa
1958 2489 2156 2558 quippe
2184 2499 2267 2545 est
2305 2492 2500 2547 anima:
2539 2495 2751 2550 oculus.
2788 2495 3079 2550 lnveteravi
3110 2498 3247 2551 inter
3272 2514 3388 2552 om-

1810 2596 1898 2633 nes
1929 2582 2172 2635 inimicos
2218 2599 2378 2638 meos.
2430 2583 2531 2639 Hic
2551 2594 2767 2656 tempus
2795 2602 3051 2643 aerumnae
3076 2589 3310 2643 declarat

1883 2671 2060 2744 [Quod
2090 2675 2148 2728 in
2201 2686 2350 2732 recte
2397 2675 2663 2734 factorum
2716 2695 2944 2735 numero
2993 2679 3229 2751 reponit,
3260 2681 3387 2752 quia

1810 2767 2041 2820 multum
2078 2766 2226 2838 fuit.]

1875 2974 1928 3029 9.
1963 2973 2226 3039 Quoniam
2260 2978 2531 3032 exaudiuit
2567 2979 2824 3037 Dominus
2857 2999 3031 3038 uocem
3062 2985 3218 3055 ﬂetus

132 3073 256 3124 μου.
291 3058 375 3122 Ὧς
401 3060 504 3130 ἤδη
535 3059 913 3122 εἰσακουσθεὶς
943 3058 1152 3129 μακρὸν
1182 3057 1325 3110 κατὰ
1349 3058 1458 3111 τῶν
1497 3059 1705 3131 ἐχθρῶν

1837 3061 1980 3129 ξιιοεὶ
2034 3065 2149 3134 jam
2209 3068 2503 3124 exauditus
2563 3069 2788 3140 longum
2863 3083 3054 3129 contra
3132 3075 3389 3132 inimicos

139 3150 355 3222 συνείρει
380 3150 565 3220 λόγον.
595 3151 670 3203 Οὐ
707 3151 880 3221 μικρὰ
913 3149 969 3202 δὲ
998 3149 1094 3202 καὶ
1128 3148 1268 3220 αὕτη
1323 3150 1460 3222 πρὸς
1504 3151 1705 3223 ἀρετὴν

137 3239 262 3305 ὁδὸς,
286 3242 344 3294 τὸ
371 3241 601 3312 φεύγειν
630 3242 724 3294 καὶ
759 3240 1147 3312 διακρούεσθαι
1189 3242 1288 3306 τὰς
1311 3242 1421 3295 τῶν
1453 3243 1706 3314 πονηρῶν

141 3337 424 3403 συνουσίας.
460 3333 634 3400 Οὗτος
663 3337 772 3410 γὰρ
793 3337 894 3407 τῆς
923 3338 1212 3408 μετανοίας
1240 3340 1453 3410 καρπὸς
1485 3341 1579 3393 καὶ
1599 3340 1708 3394 τῶν

139 3427 367 3501 δακρύων
423 3430 491 3483 τὸ
523 3429 738 3500 κέρδος.
777 3430 847 3482 Ἢ
904 3429 1138 3494 ἐλλιπῶς
1191 3429 1373 3496 τοῦτο,
1408 3430 1530 3484 ἀντὶ
1574 3431 1705 3484 τοῦ·

140 3517 226 3582 Δὸς
268 3522 438 3574 εἰπεῖν
480 3523 599 3584 τοῖς
643 3520 1066 3591 ἐπεμϐαίνουσιν
1092 3521 1346 3592 ἐχθροῖςο
1386 3523 1706 3594 Ἀπόστητε,

139 3611 210 3664 ὅτι
231 3613 613 3686 είσηκούσθην,
643 3614 725 3668 ὅτι
756 3613 1125 3686 προσεδέχθην
1148 3615 1176 3667 ὁ
1199 3614 1288 3670 διὰ
1312 3615 1410 3686 τῆς
1436 3616 1709 3688 ἁμαρτίας

140 3701 416 3767 ἀπωσθείς.

144 3878 433 3934 ΨΑΛΜΟΣ
454 3877 537 3947 τῷ
568 3879 774 3944 Δαυῒδ,
811 3879 884 3936 ὃν
914 3876 1030 3954 ᾖσε
1055 3879 1134 3948 τῷ
1167 3883 1362 3950 Κυρίῳ
1389 3881 1542 3952 ὑπὲρ
1591 3883 1711 3938 τῶν

423 3976 632 4046 λόγων
662 3974 852 4028 Χουσὶ
877 3975 1012 4028 υἱοῦ
1047 3974 1293 4044 Ἰεμινεῐ.
1323 3978 1401 4028 Z'.

759 4065 1085 4130 ’Υπόθεσις.

151 4152 502 4229 Ἀρχιεταῖρος
546 4155 646 4208 τοῦ
698 4155 858 4208 Δαυῖδ
890 4158 918 4209 ὁ
954 4156 1160 4221 Χουσὶ,
1213 4155 1272 4219 ὃς
1322 4155 1709 4210 ἀποστέλλεται

201 4248 343 4316 παρὰ
378 4247 472 4301 τοῦ
502 4247 670 4300 Δαυῒδ
699 4247 834 4314 πρὸς
855 4247 1206 4316 Ἀϐεσσαλὼμ
1230 4248 1320 4300 ἐπὶ
1346 4245 1421 4317 τῷ
1448 4249 1711 4320 ἀντιπρᾶ-

202 4334 280 4400 ξαι
324 4338 401 4410 τῷ
458 4339 745 4410 Ἀχιτόφελ
789 4339 982 4410 βουλὰς
1022 4338 1395 4409 είσηγουμένῳ
1436 4339 1579 4393 κατὰ
1615 4339 1708 4392 τοῦ

200 4430 382 4482 Δαυῖδ·
415 4431 473 4494 ὃς
507 4432 606 4484 καὶ
630 4430 913 4496 ἀπελθὼν,
949 4432 1042 4483 καὶ
1075 4431 1368 4502 προδοσίαν
1410 4431 1705 4502 ὑποκρινά-
1735 4455 1780 4510 D

202 4538 371 4590 μενος,
389 4522 591 4594 βουλῆς
614 4523 1008 4594 προστεθείσης
1032 4523 1182 4594 παρὰ
1200 4522 1291 4575 τοῦ
1325 4521 1700 4594 ’Λϐεσσαλὼμ,

200 4613 336 4683 αὐτῷ
358 4632 416 4668 τε
451 4615 530 4686 τῷ
551 4616 725 4668 Χουσὶ
751 4616 844 4670 καὶ
877 4615 954 4687 τῷ
994 4615 1307 4686 Ἀχιτόφελ·
1347 4617 1442 4668 καὶ
1478 4616 1570 4668 τοῦ
1607 4616 1704 4686 μὲν

202 4704 500 4771 κελεύοντος
542 4706 878 4772 ἐπιδιώκειν,
908 4707 1002 4762 τοῦ
1047 4707 1353 4778 Ἀχιτόφελ,
1382 4707 1473 4761 τοῦ
1512 4709 1569 4761 δὲ
1605 4709 1700 4779 μὴ,

197 4797 286 4849 τοῦ
308 4797 473 4852 Χουσί
497 4817 512 4830 ο
544 4799 609 4852 ού
641 4799 751 4871 γὰρ
783 4799 864 4851 δεῖ
882 4799 1180 4870 ἀπράκτως
1201 4839 1214 4863 ,
1251 4800 1414 4870 φησὶν
1434 4842 1449 4867 ,
1493 4800 1702 4852 ἐπιέναι

200 4887 342 4960 ἀνδρὶ
368 4889 720 4961 ἐπισταμένῳ
748 4889 816 4942 τὰ
840 4889 1100 4959 πολέμια·
1133 4889 1228 4942 καὶ
1253 4891 1428 4961 τούτῳ
1452 4889 1528 4960 τῷ
1561 4891 1704 4961 λόγῳ

200 4973 554 5039 διασώσαντος
580 4977 670 5031 τὸν
695 4977 854 5030 Δαυῒδ
876 4995 888 5007 ·
923 4978 996 5041 ὡς
1023 4978 1090 5032 ἂν
1110 4979 1188 5049 μὴ,
1213 4978 1560 5052 ἀνθρωπίνης
1582 4983 1705 5033 ἐπι-

200 5069 414 5140 κουρίας
442 5070 770 5140 σωζόμενος,
809 5071 886 5140 τῷ
924 5069 1042 5142 Θεῷ
1073 5071 1173 5141 τὴν
1207 5072 1347 5142 ὑπὲρ
1380 5073 1583 5126 τούτων
1612 5074 1704 5126 εὐ-

201 5162 544 5230 χαριστήριον
580 5161 720 5233 ᾠδὴν
749 5162 1099 5232 ἀναπέμπει,
1134 5162 1195 5214 τὸ
1229 5165 1337 5216 πᾶν
1383 5163 1592 5217 ἐκείνου
1635 5167 1699 5236 τῇ

203 5251 374 5320 χάριτι
398 5251 700 5316 ἀνατιθεὶς,
732 5252 1035 5324 ἀνθρώπων
1068 5253 1125 5306 δέ
1149 5253 1338 5307 οὐδενί.

202 5343 418 5408 Κύριεό
451 5345 600 5409 Θεός
622 5362 756 5411 μου,
783 5345 880 5398 ἐπὶ
913 5346 1012 5399 σοὶ
1054 5345 1311 5413 ἤλπισα.
1361 5348 1578 5419 Ἐπειδὴ
1608 5350 1703 5402 ὰν-

146 5428 348 5505 θρὼπῳ,
377 5437 510 5508 φησὶ
534 5479 550 5501 ,
590 5439 715 5509 περὶ
747 5439 1022 5508 σωτηρίας
1044 5440 1104 5491 οὐ
1140 5438 1349 5511 θαρρῶ,
1404 5443 1452 5492 εί
1485 5443 1579 5494 καὶ
1608 5442 1702 5496 τοῦ

150 5521 297 5577 Χουσὶ
319 5530 366 5580 οἱ
393 5529 543 5597 λόγοι
572 5529 744 5595 καλοὶ,
773 5531 945 5583 σῶσόν
973 5549 1040 5602 με
1067 5532 1160 5584 καὶ
1192 5535 1256 5586 ἐκ
1279 5532 1388 5587 τῶν
1419 5535 1702 5606 παρόντων

147 5611 236 5700 μὲν
262 5618 486 5690 ἐχθρῶν,
522 5621 754 5691 μάλιστα
779 5622 837 5675 δὲ
858 5623 966 5677 ἀπὸ
989 5623 1082 5678 τοῦ
1105 5625 1485 5698 ἐφεδρεύοντος
1513 5627 1702 5698 νοητοῦ

151 5701 338 5770 λέοντος
359 5712 422 5779 τῇ
450 5711 889 5786 ἡμετέρᾳψυχῇι

1811 3155 2052 3208 contexit
2081 3170 2411 3210 sermonem.
2448 3156 2560 3213 Nec
2597 3160 2823 3215 minima
2859 3160 2950 3216 illa
3000 3171 3084 3218 est
3118 3163 3187 3218 ad
3217 3166 3390 3220 virtu-

1808 3253 1916 3300 tem
1944 3246 2054 3314 via,
2077 3247 2264 3317 fugere
2285 3257 2337 3303 et
2364 3249 2601 3319 abjicere
2625 3251 2999 3321 improborum
3023 3257 3383 3312 consortium.

1809 3333 1908 3390 Hic
1933 3337 2077 3391 enim
2130 3347 2215 3393 est
2266 3341 2600 3409 paenitentia).
2651 3341 2864 3399 fructus
2915 3355 2970 3401 et
3018 3347 3387 3420 lacrymarum

1809 3425 2048 3484 lucrum.
2074 3427 2184 3483 Aut
2207 3428 2462 3486 fortassis
2494 3432 2627 3487 illud
2667 3449 2765 3503 per
2790 3435 3005 3506 ellipsin
3051 3438 3255 3494 dictum
3280 3451 3385 3506 est,

1810 3526 1871 3572 ut
1897 3519 2236 3591 intelligatur
2268 3541 2282 3577 ε
2315 3523 2566 3580 Concede
2612 3527 2770 3583 nobis
2797 3538 2854 3584 ut
2900 3530 3149 3589 dicamus
3177 3534 3245 3589 iis
3292 3534 3388 3603 qui

1809 3609 1866 3664 in
1905 3625 2006 3666 nos
2037 3612 2603 3673 irruuntadversariis
2629 3636 2642 3672 :
2676 3618 2988 3685 Abscedite,
3015 3623 3276 3692 quoniam
3299 3639 3390 3679 ex-

1809 3701 2018 3758 audivit
2044 3720 2149 3758 me.
2190 3705 2460 3771 Quoniam
2491 3710 2607 3779 ipse
2629 3720 2917 3782 susceptus
2949 3729 3094 3783 sum,
3129 3717 3223 3787 qui
3255 3731 3386 3787 pec—

1809 3794 1916 3848 cati
1951 3810 2116 3849 causa
2148 3799 2410 3865 expulsus
2445 3800 2677 3856 fueram.

1951 3881 2197 3939 PSALM
2207 3885 2295 3942 US
2324 3888 2535 3955 Davidi,
2578 3909 2730 3962 quem
2757 3898 2989 3950 cantavit
3023 3896 3244 3952 Dontino

2063 3995 2157 4048 pro
2187 3981 2354 4034 verbis
2380 3981 2563 4047 Clausi,
2600 3985 2702 4052 ﬁlii
2729 3985 2947 4041 Jemini.
2997 3988 3127 4044 VII.

2395 4073 2794 4142 Argumentum.

1809 4161 2188 4216 Amicissimus
2214 4162 2402 4217 Davidi
2433 4174 2550 4219 erat
2571 4167 2764 4233 Chusi,
2817 4170 2910 4239 qui
2963 4171 3197 4226 mittitur
3224 4188 3253 4226 a
3289 4173 3388 4228 Da-

1882 4252 2003 4306 vide
2051 4253 2118 4306 ad
2150 4252 2492 4319 Abessalom,
2521 4265 2581 4310 ut
2607 4255 2953 4329 Achitopheli
2979 4301 2994 4326 ,
3027 4263 3386 4321 consiliorum

1881 4355 2068 4398 contra
2121 4342 2378 4399 Davidcm
2407 4348 2639 4415 auctori,
2674 4350 3078 4407 adversaretur.
3123 4353 3227 4420 Qui
3259 4333 3384 4409 cum

1878 4437 2251 4504 abscessisset,
2279 4454 2343 4494 ac
2363 4440 2728 4508 proditionem
2759 4443 3068 4509 simularet,
3095 4446 3386 4502 consilium

1876 4530 2188 4598 postulante
2213 4531 2570 4586 Abessalome
2590 4532 2758 4587 Chusi
2774 4542 2826 4588 et
2842 4536 3206 4606 Achitopheli,
3227 4549 3388 4610 atque

1877 4621 2166 4675 consilium
2191 4622 2355 4677 dante
2374 4623 2752 4694 Achitophelc,
2775 4635 2835 4680 ut
2852 4625 3108 4682 Davidetn
3132 4629 3389 4701 inseque-

1877 4721 2063 4775 retur;
2102 4711 2273 4766 Chusi
2301 4723 2484 4767 autem
2511 4729 2669 4769 secus
2695 4715 2980 4783 suadente,
3001 4732 3110 4771 non
3135 4730 3388 4788 Oportere

1879 4804 2106 4868 scilicet,
2150 4820 2252 4859 nec
2295 4821 2326 4860 e
2356 4822 2416 4860 re
2461 4804 2598 4870 fore,
2648 4805 2864 4878 insequi
2912 4809 3091 4864 virum
3151 4813 3388 4881 peritum

1878 4898 2004 4953 belli
2037 4917 2051 4965 ;
2082 4899 2149 4952 iis
2178 4898 2362 4954 verbis
2394 4898 2652 4954 Davidem
2685 4903 2942 4957 servavit.
2977 4903 3027 4959 Is
3059 4919 3186 4958 vero
3232 4907 3389 4976 quasi

1884 5007 1993 5046 non
2023 4991 2265 5046 humano
2303 5001 2552 5048 servatus
2580 4993 2810 5061 auxilio,
2839 4995 2950 5051 Deo
2984 4997 3257 5052 canticum
3283 4998 3388 5053 hoc

1877 5083 1931 5137 in
1961 5083 2256 5154 gratiarum
2300 5084 2566 5138 actionem
2612 5083 2800 5141 od'ert:
2823 5086 3052 5156 ejusque
3075 5089 3265 5158 gratiae
3299 5098 3384 5142 to-

1879 5185 2014 5238 tum,
2051 5189 2115 5228 ac
2146 5174 2280 5228 nulli
2304 5176 2591 5230 hominum
2624 5178 2870 5232 ascribit.

1877 5352 1932 5406 2.
1956 5351 2178 5405 Domine
2207 5351 2346 5406 Deus
2380 5369 2545 5419 meus,
2579 5355 2633 5405 in
2666 5364 2714 5407 te
2740 5355 2966 5424 speravi.
2991 5352 3280 5420 Quoniam,
3312 5355 3388 5407 in-

1807 5445 1946 5512 quit,
1981 5445 2048 5497 de
2089 5460 2208 5498 mea
2257 5445 2433 5500 salute
2488 5447 2623 5500 nihil
2668 5448 2736 5502 ab
2785 5448 3008 5502 homine
3055 5447 3385 5516 sperandum

1806 5544 1961 5605 puto,
1998 5535 2126 5590 licet
2151 5535 2318 5592 Chusi
2351 5539 2581 5593 consilia
2612 5540 2752 5593 bona
2783 5539 2894 5594 sint
2923 5557 2938 5606 ;
2972 5547 3030 5593 tu
3061 5537 3385 5593 tamen'sal—

1806 5640 1936 5679 vum
1975 5639 2064 5679 me
2101 5623 2211 5693 fac,
2265 5635 2319 5680 et
2349 5627 2570 5696 quidem
2620 5643 2686 5682 ex
2738 5628 3074 5683 instantibus
3125 5627 3384 5692 inimicis,

1809 5717 1903 5773 sed
1927 5717 2167 5771 maxime
2196 5732 2225 5773 a
2255 5718 2526 5790 spirituali
2555 5719 2736 5790 leone,
2769 5720 2864 5790 qui
2900 5721 3098 5775 anima:
3130 5733 3264 5774 mea:
3303 5719 3384 5772 iu-

1811 5809 1980 5866 sidias
2008 5817 2185 5877 parat.
