3874 6218
474 290 543 347 19
1325 295 1383 351 S.
1422 289 1793 348 ATHANASII
1833 291 1985 349 OPP.
2018 287 2209 350 PARS
2246 291 2331 350 ΙΙΙ.
2374 321 2444 335 -·
2475 290 2895 350 EXEGETICA.
3646 286 3723 345 80

543 412 593 467 5.
646 411 705 470 Si
741 415 947 470 reddidi
995 417 1400 473 retribuentibus
1431 417 1560 470 mihi
1591 415 1753 472 mala.
1802 415 2039 487 lnjuria-

2206 417 2276 470 Et
2302 414 2693 471 ἀνταπεδωκα
2737 415 2862 482 τοῖς
2895 410 3366 469 ἀνταποδιδοῦσί
3409 428 3510 482 μοι
3538 409 3719 466 κακά.

470 508 593 558 ru‘m
621 505 953 561 oblivionem
1003 507 1243 578 praefert,
1286 524 1397 578 qua
1429 507 1597 563 Deum
1630 509 1696 562 ad
1730 507 2044 563 misericor-

472 592 619 647 diam
668 603 950 664 provocat.
1009 597 1259 650 Decidam
1293 596 1479 649 merito
1533 597 1598 649 ab
1648 597 1879 650 inimicis
1913 597 2044 649 meis

473 681 668 735 inanis.
701 679 891 739 Justus
922 693 1046 753 post
1072 686 1353 739 victoriam
1376 685 1569 754 plenus
1614 694 1956 754 onustusque
1978 684 2045 738 ab

475 771 716 829 inimicis
758 776 1029 831 abscedit:
1063 776 1344 845 improbus
1369 786 1551 831 autem
1594 777 1684 832 ubi
1729 778 1905 831 victus
1937 783 2043 842 est,

475 863 546 919 iis
574 880 780 921 vacuus
800 867 1021 931 excidit,
1056 869 1259 922 nullam
1290 870 1498 925 habens
1521 884 1699 924 rerum
1727 869 1961 937 copiam.

546 953 601 1008 6.
634 953 988 1025 Persequalur
1026 958 1273 1011 inimicus
1301 962 1535 1013 animam
1564 974 1752 1013 meam.
1783 957 1939 1023 Quod
1970 958 2048 1010 ait

475 1054 559 1100 est
588 1046 899 1116 bujusmodi
929 1067 942 1102 :
980 1050 1216 1104 incidam
1267 1053 1322 1105 in
1355 1066 1550 1105 manus
1606 1050 1806 1105 diaboli
1840 1051 1883 1104 si
1914 1050 2045 1118 quid

475 1150 543 1190 ex
572 1139 902 1208 supradictis
929 1141 1149 1196 admisi.
1183 1148 1203 1212 (
1229 1143 1348 1197 Alio
1377 1144 1550 1196 modo.
1576 1144 1596 1211 )
1634 1142 1691 1197 Id
1724 1151 1829 1206 est,
1866 1142 1912 1196 si
1943 1142 2046 1195 hoc

477 1230 677 1286 illudve
708 1231 832 1297 feci,
875 1249 940 1286 ne
992 1249 1022 1287 a
1077 1244 1299 1303 peccato
1352 1235 1552 1289 liberer
1608 1243 1731 1287 ante
1789 1240 2040 1286 mortem.

478 1321 736 1376 Exaltare
766 1326 821 1377 in
872 1326 1066 1393 ﬁnibus
1096 1328 1427 1379 inimicorum
1456 1341 1705 1380 meorum.
1753 1324 1807 1379 ld
1835 1333 1938 1388 est,
1990 1324 2044 1376 in

474 1415 716 1468 robustis
763 1415 1109 1470 inimicorum
1147 1432 1413 1471 meorum.
1450 1416 1582 1472 Nam
1628 1416 1764 1471 lines
1812 1414 2042 1471 summi-

476 1513 616 1559 tates
652 1505 982 1574 signiﬁcant.

550 1593 601 1647 7.
630 1593 701 1647 Et
738 1611 984 1666 exsurge,
1021 1596 1239 1651 Domine
1273 1598 1409 1653 Deus
1458 1614 1621 1661 meus,
1656 1599 1711 1650 in
1756 1605 2033 1666 praecepto.

480 1681 667 1738 Palam
696 1685 782 1741 his
812 1688 994 1741 verbis
1042 1687 1331 1741 adventum
1383 1689 1668 1742 annuntiat
1722 1685 2037 1741 Salvatoris.

2146 508 2220 561 Τὸ
2240 508 2611 578 ἀμνησίκακον
2635 505 2994 579 προϐάλλεται
3037 505 3431 576 ἐκκαλούμενος
3460 504 3525 557 δι’
3552 502 3719 558 αὑτοῦ

2147 600 2227 661 εἰς
2260 598 2405 651 ἔλεον
2436 600 2526 651 τὸν
2552 597 2703 653 Θεόν.
2731 599 3117 667 Ἀποπέσοιμι
3162 598 3275 665 ἄρα
3307 595 3425 651 ἀπὸ
3470 594 3590 649 τῶν
3619 595 3721 661 ἐχ-

2146 688 2301 756 θρῶν
2311 706 2430 757 μου
2459 691 2654 754 κενός.
2695 688 2752 742 '0
2779 689 2877 758 μὲν
2905 688 3107 749 δίκαιος
3124 687 3351 756 νικήσας
3374 684 3586 755 πλήρης
3611 684 3721 737 ἀπὸ

2144 780 2252 834 τῶν
2299 780 2505 851 ἐχθρῶν
2549 780 2862 851 ἐξέρχεται·
2898 782 2926 833 ὁ
2978 779 3034 833 δὲ
3086 779 3285 848 φαῦλος
3338 777 3429 831 καὶ
3474 776 3721 847 νικηθεὶς

2146 875 2443 927 ἀποπίπτει
2469 868 2645 926 αὑτῶν
2667 873 2840 936 κενὸς,
2865 872 2959 925 καὶ
2987 872 3137 924 οὐδὲν
3166 872 3305 941 ἔχων
3331 869 3716 942 πληρώματος.

2216 965 2576 1030 Καταδιώξαι
2616 965 2731 1033 ἄρα
2775 966 2807 1017 ό
2839 963 3050 1031 ἐχθρὸς
3086 960 3200 1028 τὴν
3223 961 3435 1031 ψυχήν
3474 977 3615 1029 μου.
3654 960 3720 1011 Ὀ

2145 1057 2293 1126 λέγει
2316 1058 2554 1110 τοιοῦτόν
2602 1059 2781 1109 ἐστιν’
2829 1054 3083 1124 Ἐμπέσω
3128 1053 3206 1115 εἰς
3235 1052 3331 1115 τὰς
3383 1053 3573 1121 χεῖρας
3619 1047 3719 1103 τοῦ

2144 1148 2413 1211 διαϐόλου,
2452 1148 2501 1199 εί
2527 1147 2767 1199 τοιοῦτόν
2795 1164 2844 1198 τι
2872 1145 3102 1216 ἐποίησα
3136 1143 3244 1197 τῶν
3272 1141 3683 1213 προλεχθέντων
3701 1156 3715 1171 °

2146 1241 2195 1292 εἰ
2219 1239 2309 1293 καὶ
2333 1238 2392 1291 τὸ
2412 1237 2581 1292 καὶτὸ
2603 1238 2853 1307 ἐποίησα,
2881 1236 2955 1307 μὴ
2977 1234 3395 1306 ἐλευθερωθειην
3419 1236 3516 1303 τῆς
3537 1234 3721 1304 ἁμαρ-

2145 1331 2265 1393 τίας
2310 1329 2415 1401 πρὸ
2452 1327 2545 1381 τοῦ
2604 1328 2856 1381 θανάτου.
2898 1325 3181 1394 Ὑψώθητι
3216 1326 3287 1379 ἐν
3336 1324 3460 1390 τοῖς
3499 1324 3720 1392 πέρασι

2144 1419 2264 1474 τῶν
2283 1417 2511 1489 ἐχθρῶν
2530 1436 2670 1487 μου.
2710 1417 3015 1481 Τουτὲστιν,
3063 1421 3119 1470 ἐν
3149 1420 3261 1478 τοῖς
3287 1417 3565 1487 κραταιοῖς
3610 1412 3718 1467 τῶν

2146 1512 2351 1585 ἐχθρῶν
2380 1505 2500 1582 μου.
2532 1512 2750 1582 Πέρατα
2777 1510 2884 1580 γὰρ
2910 1509 2976 1563 τὰ
3008 1509 3151 1580 ἄκρα
3174 1508 3340 1578 δηλοῖ.

2215 1604 2324 1656 Καὶ
2357 1600 2708 1669 ὲξεγέρθητι,
2738 1601 2913 1667 Κύριε
2933 1603 2965 1653 ὀ
3000 1601 3144 1664 Θεός
3163 1614 3305 1665 μου,
3338 1598 3407 1650 ἐν
3452 1596 3718 1664 προστά-

2148 1708 2319 1762 γματι
2341 1684 2390 1758 ᾧ
2417 1691 2710 1743 ἐνετείλω.
2746 1690 2939 1758 Σαφῶς
2970 1689 3099 1759 περὶ
3124 1690 3223 1757 τῆς
3269 1686 3587 1756 θεοφανείας
3620 1686 3717 1741 τοῦ

484 1773 556 1827 Ει
585 1791 850 1846 synagoga
877 1777 1189 1845 populorum
1223 1778 1567 1831 circumdabit
1601 1787 1667 1831 te.
1717 1776 1813 1831 His
1860 1782 2042 1845 aperte

2172 1758 2396 1853 ἒωτῆρος
2419 1782 2506 1835 διὰ
2532 1782 2639 1834 τῶν
2668 1782 2950 1853 παρόντων
2980 1758 3411 1848 εὐαγγελίζεται.
3443 1780 3551 1834 Kal
3575 1795 3722 1834 συν-

481 1864 719 1919 declarat
746 1864 1001 1921 Ecclesiae
1031 1866 1189 1922 [idem
1215 1868 1267 1922 in
1302 1868 1504 1936 ipsum.

552 2039 605 2095 8.
631 2039 700 2095 Et
728 2052 938 2112 propter
977 2044 1111 2095 hanc
1157 2044 1213 2095 in
1257 2044 1425 2097 altum
1471 2042 1756 2111 regredere.
1800 2041 2047 2114 Synago-

480 2147 604 2203 3am
645 2135 911 2189 videlicet.
954 2135 1089 2190 Illud
1133 2150 1281 2200 vero,
1317 2138 1371 2189 in
1407 2136 1573 2189 altum
1603 2176 1617 2198 ,
1651 2144 1746 2190 aut
1782 2151 2045 2190 veneran-

481 2224 606 2276 dam
661 2223 933 2294 signiﬁcat
982 2240 1220 2291 crucem,
1262 2226 1327 2279 ad
1379 2241 1543 2295 quam
1594 2227 1773 2280 attulit
1820 2236 2040 2296 peccata

481 2323 685 2379 nostra,
720 2324 814 2370 aut
842 2316 1072 2371 reditum
1108 2317 1161 2371 in
1191 2318 1411 2372 caelum.
1448 2317 1596 2372 Abiit
1633 2317 1778 2371 enim
1833 2326 1894 2372 ut
1943 2331 2043 2387 pro

481 2406 642 2462 nobis
669 2421 790 2463 sese
813 2408 1031 2462 sisteret
1057 2410 1123 2463 ad
1149 2416 1504 2477 conspectum
1533 2408 1732 2463 Patris.

555 2589 609 2644 9.
631 2588 827 2644 Indica
858 2606 956 2655 me,
984 2589 1226 2657 Domine,
1249 2589 1534 2644 secundum
1562 2589 1837 2658 justitiam
1855 2602 2042 2641 meam.

480 2679 657 2752 Rogat
687 2682 883 2737 iterum
915 2698 943 2736 a
975 2680 1090 2737 suis
1138 2682 1274 2750 eripi
1313 2681 1574 2742 inimicis,
1620 2695 1686 2734 ex
1742 2680 1898 2734 malis
1938 2679 2043 2734 sibi

483 2771 649 2826 illatis
672 2773 739 2826 ad
770 2772 1197 2827 misericordiam
1229 2785 1550 2841 provocans.

2146 1871 2343 1943 αγωγὴ
2364 1872 2528 1926 λαῶν
2547 1871 2843 1926 κυκλώσει
2863 1886 2957 1926 σε.
2977 1872 3169 1940 Σαφῶς
3191 1872 3278 1925 διὰ
3298 1871 3407 1923 τῶν
3434 1871 3721 1942 παρόντων

2145 1965 2245 2035 τῆς
2286 1964 2609 2035 Ἐκκλησίας
2637 1965 2734 2036 τὴν
2760 1966 2836 2028 εἰς
2871 1964 3031 2017 αὐτὸν
3054 1964 3235 2016 πίστιν
3261 1962 3431 2031 δηλοῖ.

2218 2056 2330 2110 Καὶ
2359 2056 2511 2123 ὑπὲρ
2538 2055 2757 2122 ταύτης
2774 2058 2861 2120 εὶς
2889 2055 3046 2122 ὕψος
3085 2055 3473 2121 ἐπὀτρεψον.
3501 2050 3724 2121 Ταύτης

2150 2149 2249 2220 μὲν
2281 2149 2380 2218 τῆς
2420 2148 2740 2217 συναγωγῆς
2768 2146 3027 2217 δηλονότι.
3061 2142 3132 2198 Τὸ
3155 2146 3231 2207 δὲ,
3266 2147 3353 2209 εἰς
3374 2142 3601 2213 ὒψος,ἢ
3629 2142 3725 2195 τὸν

2147 2239 2324 2310 τίμιον
2352 2239 2642 2292 αἰνίττεται
2668 2237 2917 2307 σταυρὸν,
2938 2236 3017 2299 εἰς
3045 2235 3103 2288 ὃν
3119 2234 3410 2304 ἀνήνεγκεν
3432 2232 3589 2303 ἡμῶν
3622 2231 3725 2294 τὰς

2152 2329 2445 2401 ἁμαρτίας,
2470 2330 2503 2400 ἢ
2532 2329 2629 2400 τὴν
2646 2329 2724 2391 εἰς
2747 2326 2973 2397 οὐρανὸν
3002 2324 3375 2394 ἁναφοίτησιν.
3417 2320 3721 2392 Ἐπορεύθη

2151 2420 2260 2491 γὰρ
2312 2420 2707 2491 ἐμφανισθῆναι
2748 2418 2825 2488 τῷ
2866 2416 3141 2488 προσώπῳ
3191 2414 3285 2469 τοῦ
3334 2414 3548 2484 Πατρὸς
3578 2413 3723 2483 ὑπὲρ

2154 2514 2187 2582 ὴ
2197 2514 2331 2583 μῶν.

2221 2603 2441 2670 Κρῐνόν
2464 2616 2559 2670 με,
2585 2604 2776 2670 Κύριε,
2823 2602 2972 2654 κατὰ
3001 2601 3116 2668 τὴν
3156 2600 3548 2664 δικαιοσύνην
3573 2613 3699 2666 μου

2165 2695 2329 2761 Ἀξιοῖ
2359 2694 2517 2748 πάλιν
2545 2696 2651 2747 ἀπὸ
2674 2694 2781 2747 τῶν
2812 2692 3017 2764 ἐχθρῶν
3049 2693 3305 2763 σωθῆναι,
3341 2690 3433 2760 ἀφ’
3451 2685 3524 2744 ὧν
3548 2690 3722 2760 ἐπραρ

2154 2786 2247 2851 ξαν
2280 2788 2369 2841 τὸν
2394 2788 2542 2841 ἐλεον
2565 2789 2984 2858 ἐκκαλούμενος.

556 2906 748 2960 Daniel
795 2905 1065 2959 Barbarus
1107 2919 1125 2957 :
1166 2901 1381 2957 Justum
1425 2902 1751 2971 adjutorium
1801 2918 1969 2954 meum
2020 2918 2051 2954 a
2091 2899 2335 2953 Domino.
2383 2897 2537 2952 Justa
2574 2902 2800 2967 petenda
2843 2911 2990 2963 sunt,
3043 2910 3102 2952 ut
3156 2899 3271 2968 ipsa
3325 2899 3605 2968 petitionis
3668 2897 3722 2952 vi

482 3008 536 3055 et
563 3008 777 3064 natura,
808 3002 1142 3050 momentum
1169 2995 1287 3065 ejus
1316 2995 1409 3064 qui
1451 3002 1631 3048 servat
1661 2995 1839 3049 rectos
1873 2994 2038 3048 corde
2076 2989 2233 3045 facile
2263 2990 2588 3045 attrahendo
2618 2991 2966 3045 inclinemus.

557 3116 642 3170 11.
681 3110 784 3177 Qui
816 3109 984 3164 salvos
1033 3108 1162 3177 facit
1195 3117 1359 3160 rectos
1391 3107 1563 3160 corde.
1608 3104 1781 3172 Nosti,
1842 3105 2039 3175 inquit,

2220 3100 2327 3153 Τοῦ
2351 3099 2642 3167 σώζοντος
2672 3101 2811 3168 τοὺς
2856 3102 3047 3168 εὐθεῒς
3097 3100 3172 3170 τῇ
3206 3101 3446 3172 καρδίᾳ.
3496 3104 3722 3180 Ἐπειδὴ

483 3206 663 3263 cordis
682 3203 853 3258 nostri
882 3201 1234 3271 cogitationes
1252 3219 1266 3265 ;
1285 3207 1615 3269 quapmpter
1632 3206 1785 3252 tuum
1817 3197 2047 3267 imploro

483 3297 766 3353 auxilium.

557 3388 642 3443 12.
679 3386 817 3439 Deus
838 3383 1005 3453 judex
1021 3382 1223 3452 justus,
1246 3381 1401 3449 [ortis
1429 3386 1477 3434 et
1503 3375 1843 3448 patiens.His
1866 3372 2047 3429 verbis

484 3489 668 3552 aperte
721 3477 962 3531 declarat
1007 3474 1100 3527 Dei
1155 3470 1656 3541 longanimitatem,
1708 3468 1802 3538 qui
1846 3464 2048 3535 suppli-

483 3572 627 3627 cium
660 3567 855 3631 diﬂ’ert,
897 3566 995 3621 etsi
1029 3579 1136 3618 non
1169 3560 1392 3616 omnino
1422 3568 1630 3632 parcat.

559 3751 646 3805 14.
680 3749 917 3819 Sagittas
954 3763 1077 3799 suas
1113 3743 1416 3798 ardentibus
1462 3741 1649 3809 effecit.
1702 3735 1939 3808 Sagittas
1967 3735 2048 3790 di-

484 3844 559 3899 cit
588 3843 913 3913 supplicium
956 3859 970 3894 :
1013 3838 1335 3904 ardentibus,
1370 3837 1436 3891 iis
1470 3835 1677 3891 scilicet
1704 3835 1796 3905 qui
1828 3847 2046 3903 pcenam

482 3935 625 4007 ignis
652 3942 984 3988 meruerunt.

557 4026 646 4081 15.
682 4024 813 4078 Ecce
842 4023 1091 4093 parturiit
1126 4019 1469 4089 injustitiam.
1505 4016 1764 4071 Inimicus
1797 4014 2049 4068 videlicet

483 4117 607 4172 vita!
623 4125 840 4171 nostrae.
876 4113 1122 4183 Conde‘pit
1144 4113 1377 4164 dolorem
1396 4119 1443 4188 et
1474 4112 1669 4177 peperit
1694 4108 2045 4177 iniquitatem.

484 4205 600 4263 Hoc
621 4214 725 4270 est,
754 4214 807 4259 et
831 4204 1166 4266 deliberavit,
1186 4212 1239 4256 et
1271 4201 1415 4271 quod
1438 4200 1753 4255 decreverat
1781 4200 1831 4251 in
1866 4206 2048 4251 actum

486 4297 727 4353 deduxit.

556 4389 645 4444 16.
684 4384 884 4442 Lacum
936 4388 1139 4456 aperuit
1167 4395 1216 4439 et
1270 4386 1451 4454 eﬂ'odit
1500 4400 1639 4449 eum,
1673 4392 1774 4437 etc.
1813 4380 1948 4435 Cum
1993 4380 2045 4434 in

2148 3187 2316 3257 οἶδας,
2349 3192 2501 3263 φησὶ,
2528 3194 2625 3265 τῆς
2647 3194 2918 3265 ἡμετέρας
2943 3194 3164 3265 καρδίας
3197 3195 3263 3247 τά
3292 3195 3555 3265 νοήματα,
3598 3199 3725 3252 τούς-

2148 3302 2241 3336 του
2282 3286 2439 3357 χάριν
2466 3286 2562 3357 τὴν
2593 3286 2843 3359 βοήθειαν
2878 3286 3093 3351 agat-.5.

2231 3378 2293 3430 Ὃ
2323 3382 2464 3444 Θεος
2495 3378 2699 3448 κριτὴς
2722 3380 2952 3445 δίκαιος
2982 3382 3079 3434 καὶ
3106 3381 3353 3451 ἰσχυρὸς
3384 3382 3479 3436 καὶ
3500 3385 3725 3452 μακρό-

2149 3470 2354 3538 θυμος.
2402 3471 2595 3539 Σαφῶς
2626 3470 2715 3522 διὰ
2742 3470 2848 3523 τῶν
2876 3471 3130 3550 τοιούτων
3163 3473 3459 3545 παρίστησι
3500 3472 3562 3525 τὸ
3612 3491 3721 3544 μα-

2151 3558 2423 3629 κρόουμον
2444 3560 2535 3611 τοῦ
2562 3559 2717 3625 Θεοῦ,
2764 3560 3029 3633 ἀναϐολὴν
3066 3563 3165 3632 μὲν
3199 3563 3413 3633 ἔχοντος
3442 3562 3543 3633 τῆς
3577 3566 3723 3634 ἡμε-

2150 3651 2314 3722 τέρας
2340 3652 2629 3717 κολάσεως,
2665 3654 2724 3706 ού
2763 3654 2867 3725 μὴν
2896 3654 3132 3725 παντελῆ
3158 3655 3505 3728 συγγνώμην.

2227 3742 2301 3796 Τὰ
2332 3744 2490 3811 βέλη
2529 3745 2713 3799 αὐτοῦ
2766 3746 2888 3812 τοῖς
2936 3747 3272 3815 καιομένοις
3302 3746 3716 3816 ἐξειργάσατο.

2152 3836 2290 3907 Βὲλη
2332 3836 2431 3907 μὲν
2464 3837 2563 3906 τὴν
2601 3838 2867 3908 τιμωρίαν
2910 3839 3104 3909 φησιν,
3135 3840 3469 3909 καιομένοις
3510 3840 3567 3892 δὲ
3605 3843 3723 3904 τοῖς

2151 3926 2319 3994 ἀξίοις
2356 3926 2545 3998 πυρός.

2234 4019 2377 4073 Ἰδοὺ
2403 4019 2699 4087 ὠδίνηοέν
2724 4020 2980 4075 ἀδικίαν.
3022 4022 3078 4076 '0
3099 4022 3289 4095 ἐχθρὸς
3310 4024 3408 4094 τῆς
3439 4025 3722 4097 ἡμετέρας

2152 4110 2313 4182 ζωῆς.
2348 4110 2645 4167 Συνέλαόε
2674 4115 2863 4167 πόνον
2887 4114 2986 4167 καὶ
3005 4114 3207 4169 ἔτεκεν
3233 4116 3506 4185 ἀνομίαν.
3544 4117 3688 4170 Τουτ
3710 4148 3722 4155 ~

2152 4199 2266 4253 ἐστι
2296 4204 2389 4254 καὶ
2417 4201 2759 4272 βεϐούλευται
2790 4208 2880 4260 καὶ
2908 4209 2986 4271 εἰς
3005 4208 3160 4279 ἔργον
3194 4209 3428 4281 ἐξήγαγε
3456 4209 3525 4262 τὰ
3549 4210 3725 4280 σκέμ-

2155 4306 2319 4359 ματα.

2223 4381 2463 4436 Λάκκον
2486 4382 2676 4451 ὤρυξε
2700 4385 2797 4437 καὶ
2839 4385 3189 4456 ἀνέσκαψεν
3230 4388 3437 4442 αὐτόν.
3478 4387 3723 4444 Θάνατον

486 4480 821 4537 Salvatorem
868 4477 1142 4532 Christum
1172 4485 1402 4531 mortem
1438 4483 1707 4546 parasset,
1736 4474 1897 4526 morti
1935 4472 2042 4541 ipse

2172 4475 2263 4546 (ap
2290 4476 2704 4539 κατασκευάσας
2738 4478 2874 4530 κατὰ
2915 4480 3007 4532 τοῦ
3047 4480 3295 4551 Σωτῆρος
3324 4479 3559 4551 Χριστοῦ
3579 4521 3595 4545 ,
3628 4478 3725 4534 θα-

487 4571 721 4628 traditus
751 4579 858 4624 est.

672 4662 737 4715 In
764 4663 939 4726 ﬁnem,
972 4677 1065 4731 pro
1092 4660 1463 4726 torcularibus,
1493 4653 1831 4712 PSALJIUS

1055 4752 1243 4807 David.
1290 4751 1454 4805 VIII.

1046 4842 1447 4911 Argumentum.

482 4935 621 4992 Olim
654 4937 706 4990 in
736 4936 891 5007 legali
921 4938 1098 4999 cultu,
1128 4936 1181 4987 in
1213 4935 1413 5002 templo
1444 4943 1559 4987 erat
1589 4931 1876 5002 προλήνιον
1906 4944 1959 4998 q.
1994 4928 2046 4982 d.

551 5030 924 5097 protorcular,
980 5026 1030 5080 id
1085 5037 1167 5079 cst
1226 5026 1438 5079 altare:
1495 5024 1586 5077 sed
1637 5029 1760 5092 post
1806 5019 2048 5090 gentium

551 5121 909 5185 vocationem,
942 5119 1106 5172 multa
1158 5125 1286 5172 sunt
1331 5116 1647 5176 toreularia,
1678 5114 1807 5183 ipsae
1838 5112 2046 5166 scilicet

548 5213 824 5278 Ecclesiae,
877 5212 1085 5265 fructus
1132 5224 1319 5264 eorum
1370 5209 1461 5277 qui
1518 5208 1603 5275 pie
1632 5206 1824 5258 vivunt
1872 5206 2048 5273 perci-

550 5304 781 5372 pientes.

549 5393 639 5465 [In
685 5396 842 5462 ﬁnem
884 5394 1087 5448 dictum
1138 5399 1241 5452 est,
1294 5390 1422 5458 quia
1473 5389 1525 5441 in
1579 5388 1685 5441 ﬁne
1718 5385 2040 5441 saeculorum

475 5484 767 5539 terminum
824 5485 1024 5539 habent
1071 5498 1130 5536 ea
1174 5496 1291 5551 quae
1325 5480 1642 5549 prophetico
1680 5477 1873 5546 spiritu
1905 5491 2044 5545 pra:-

474 5576 617 5630 dicta
648 5585 793 5631 sunt.
822 5574 897 5630 De
930 5571 1145 5629 Christo
1173 5586 1405 5641 namque
1439 5580 1493 5625 et
1527 5570 1593 5623 de
1630 5568 1886 5623 Ecclesiis
1921 5582 2044 5637 quae

476 5668 770 5721 secundum
837 5666 1264 5722 incarnationem
1323 5663 1678 5724 exstiterunt,
1738 5676 2042 5715 sermonem

2155 4564 2299 4635 νάτῳ
2332 4565 2702 4637 παραδίδοται.

2327 4659 2433 4721 Είς
2457 4658 2519 4710 τὸ
2547 4658 2739 4729 τέλος,
2773 4661 2925 4730 ὑπὲρ
2956 4660 3510 4731 ληνῶν,ξΨΑΛΜΟΣ

2727 4732 2806 4817 ἐῷ
2837 4752 3034 4806 Δαυΐδ.
3066 4755 3152 4808 1r.

2784 4843 3102 4909 Ὺπόθεσις.

2152 4935 2325 4989 Πάλαι
2362 4934 2459 5007 μὲν
2494 4936 2551 4987 ἐν
2583 4936 2646 5005 τῇ
2679 4935 2874 5004 νομικῇ
2909 4932 3134 5005 λατρεία
3182 4931 3249 5007 ἦν
3296 4936 3351 4987 ἐν
3392 4932 3723 5005 προλήνιον,

2218 5026 2278 5079 τὸ
2302 5026 2680 5096 θυσιαστήριον
2711 5024 2949 5094 δηλονότι
2969 5027 3027 5079 τὸ
3049 5030 3104 5081 ἐν
3123 5027 3197 5098 τῷ
3224 5025 3354 5097 ναῷ·
3386 5026 3522 5096 μετὰ
3548 5025 3602 5077 δέ
3623 5027 3723 5096 τὴν

2222 5117 2329 5171 τῶν
2361 5117 2527 5170 ἐθνῶν
2554 5118 2743 5187 κλῆσιν
2783 5117 2963 5171 πολλοὶ
2992 5119 3137 5189 ληνοί
3163 5137 3175 5148 ’
3204 5115 3361 5171 αὗται
3393 5118 3448 5170 δὲ
3505 5116 3570 5170 ἂν
3610 5114 3724 5171 εἷεν

2225 5207 2280 5260 αἱ
2325 5206 2659 5277 Ἐκκλησίαι,
2694 5209 2747 5260 αἱ
2781 5208 2905 5271 τοὺς
2934 5209 3041 5262 τῶν
3071 5208 3475 5278 κατορθούντων
3519 5210 3576 5261 ἐν
3602 5207 3723 5262 Θεο-

2226 5295 2409 5365 σεῦεία
2441 5297 2721 5365 δεχόμεναι
2749 5298 3014 5369 καρπούς.

2224 5386 2354 5459 [Εἰς
2375 5390 2437 5441 τὸ
2457 5388 2629 5455 τέλος
2662 5390 2895 5461 εἴρηται,
2912 5390 2999 5444 διὰ
3015 5391 3071 5444 τὸ
3088 5391 3177 5443 ἐπὶ
3204 5390 3346 5443 τέλει
3377 5388 3483 5442 τῶν
3510 5388 3725 5442 αἰώνων

2153 5478 2325 5547 πέρας
2371 5482 2513 5547 σχεῖν
2564 5480 2631 5532 τὰ
2671 5482 3139 5552 προφητευόμενα.
3169 5484 3303 5554 Περὶ
3332 5481 3568 5552 Χριστοῦ
3612 5482 3725 5553 γὰρ

2157 5568 2251 5621 καὶ
2285 5568 2391 5620 τῶν
2440 5568 2575 5638 μετὰ
2590 5569 2688 5641 τὴν
2731 5570 3138 5643 ἐνανθρώπησιν
3172 5571 3319 5639 λέγει
3359 5571 3720 5641 Ἐκκλησιῶν.

2169 5661 2321 5714 Ἐπεί
2372 5677 2433 5723 γε
2471 5662 2562 5714 καὶ
2607 5663 2635 5713 ὁ
2687 5662 2993 5724 Μονογενὴς
3032 5664 3272 5721 ἄμπελος
3319 5663 3617 5725 κέκληται.
3674 5663 3723 5715 oi
