3874 6218
156 406 230 466 81
798 467 808 476 _
1296 403 1659 460 EXPOSITIO
1699 405 1764 460 IN
1802 401 2133 461 PSALMIJM
2181 400 2311 458 VIII.
3343 400 3415 456 83

157 527 222 582 ὣ
248 527 429 580 πιστοὶ
467 526 741 596 κλήματα.
775 524 838 577 Εἰ
873 524 930 577 δέ
973 523 1218 594 βιάζεται
1264 526 1294 577 6
1345 527 1617 594 Ἰουδαῖος,
1660 529 1740 590 εἰς

1865 527 2023 580 labet.
2087 519 2538 591 Quandoquidem
2605 515 2934 588 Unigenitus
3000 516 3170 580 vitis,
3225 515 3414 574 ﬁdeles

158 618 254 674 τδν
299 618 478 672 κοινὸν
529 617 618 670 τὸν
666 616 879 686 ψαλμὸν
944 615 1200 684 λέγεσθαι
1257 618 1544 689 ἄνθρωπον
1564 633 1577 647 ·
1649 619 1744 672 καὶ

156 708 337 772 οὕτως
383 709 627 777 γνωστὸν
674 709 852 773 ἔστω,
899 709 975 773 ὡς
1017 711 1104 765 δια
1148 709 1307 763 τοῦτο
1354 710 1530 763 πάντα
1594 709 1746 781 αὐτῷ

159 801 436 870 ὑπετάγη,
483 799 560 863 ὡς
610 802 668 852 ἐν
710 799 880 854 εἰκόνι
915 799 1052 853 Θεοῦ
1085 799 1334 870 γεγονότι
1375 799 1468 854 τοῦ
1530 800 1747 871 μέλλον-

158 909 255 956 τος
283 891 755 964 ἐνανθρωπῆσαι.]

233 1071 414 1137 Κύριε
442 1072 476 1123 ό
503 1070 717 1137 Κύριος
749 1069 916 1137 ἡμῶν
935 1108 950 1132 ,
981 1070 1061 1134 ὡς
1087 1071 1433 1139 θαυμαστὸν
1458 1069 1524 1123 τὸ
1559 1069 1748 1139 ὄνομά

158 1176 280 1216 σου
311 1161 383 1214 ἐν
411 1163 577 1229 πάσῃ
602 1159 679 1228 τῇ
715 1159 833 1229 γῇ]
866 1161 1259 1231 Ἐκπλήττεται
1290 1162 1389 1232 τὴν
1426 1163 1506 1224 εἰς
1541 1161 1749 1231 ἀνθρὼ-

161 1269 302 1315 πους
354 1250 602 1304 δοθεῖσαν
653 1251 857 1321 γνῶσιν
896 1251 993 1304 τοῦ
1022 1253 1285 1323 ὀνόματος
1309 1253 1404 1305 τοῦ
1440 1252 1596 1307 Θεοῦ.
1633 1253 1748 1306 Οὐκ

158 1341 243 1394 ῑτι
275 1341 390 1413 γὰρ
427 1342 610 1413 μόνοις
635 1345 749 1406 τοῖς
781 1345 838 1395 ἐν
864 1345 929 1413 τῇ
975 1343 1204 1413 Ἰουδαία
1234 1344 1472 1412 γνωστὸς
1503 1343 1531 1394 6
1556 1343 1703 1407 Θεός.

248 1433 351 1487 Ἐκ
389 1433 690 1502 στόματος
730 1432 962 1499 νηπίων
994 1432 1094 1485 καὶ
1137 1431 1514 1500 θηλαζόντων
1537 1448 1750 1499 κατηρ-

157 1523 314 1575 τίσω
345 1517 537 1574 αἶνον.
573 1522 696 1573 Τῶν
728 1520 869 1574 κατὰ
903 1521 1035 1574 Θεὸν
1068 1520 1438 1591 νηπιαζόντων
1459 1523 1524 1592 τῇ
1558 1522 1745 1592 κακίᾳ.

160 1609 340 1666 Τοῦτο
371 1610 428 1664 δὲ
458 1612 554 1664 καὶ
581 1614 638 1665 ἐν
669 1614 782 1675 τοῖς
808 1611 1163 1679 Εὑαγγελίοις
1201 1611 1388 1680 σαφῶς
1434 1613 1748 1685 ἀναγέγρα-

159 1719 298 1756 πται
325 1702 565 1774 εἰρηκὼς
592 1705 620 1755 6
646 1704 857 1775 Σωτὴρ,
891 1705 982 1757 ὅτε
1007 1705 1133 1767 τοὺς
1167 1705 1364 1768 παῖδας
1393 1706 1442 1758 οἱ
1465 1706 1749 1776 Φαρισαῖοι

1845 630 1976 670 vero
2012 613 2262 684 palmites
2296 615 2561 664 vocantur
2590 606 2679 660 τυ.
2715 603 2870 672 Quod
2916 603 2963 658 si
2997 603 3289 660 contendat
3315 599 3414 657 Ju-

1845 708 2018 771 daens,
2048 705 2318 774 psalmum
2350 702 2404 755 in
2438 697 2717 754 communi
2741 697 2806 756 de
2835 696 3054 751 homine
3078 694 3183 748 dici
3211 711 3227 759 ;
3255 695 3418 747 etiam

1847 800 1951 853 hoc
1972 806 2129 867 pacto
2161 805 2347 849 notum
2375 792 2466 855 sit,
2492 789 2637 860 quod
2665 789 2788 844 ideo
2817 789 3001 844 omnia
3037 786 3140 856 ipsi
3170 785 3415 854 subjecta

1847 899 1999 956 sunt,
2038 888 2165 958 quia
2204 885 2271 940 ad
2324 883 2612 952 imaginem
2645 879 2765 946 Dei,
2807 879 2904 949 qui
2951 893 3169 934 carnem
3205 891 3422 933 assum-

1846 994 2038 1052 pturus
2061 988 2199 1042 erat,
2235 977 2412 1032 factus
2441 973 2570 1045 est.]

1916 1075 1971 1128 2.
2018 1072 2241 1126 Domine
2277 1069 2539 1123 Dominus
2587 1074 2781 1129 noster,
2807 1078 2962 1134 quam
2995 1055 3311 1113 admirabile
3343 1062 3420 1110 est

1848 1183 2034 1221 nomen
2063 1174 2212 1218 tuum
2255 1163 2309 1216 in
2357 1161 2603 1215 universa
2634 1155 2819 1210 terra!
2848 1151 3198 1222 Obstupescit
3225 1149 3298 1204 ob
3325 1146 3424 1203 da-

1849 1268 1958 1314 tam
2009 1255 2246 1311 nominis
2298 1252 2394 1308 Dei
2444 1249 2759 1304 hominibus
2799 1245 3072 1300 notitiam.
3111 1241 3232 1296 Non
3280 1239 3422 1295 ultra

1848 1353 1994 1406 enim
2027 1348 2161 1403 solis
2191 1347 2259 1400 iis
2287 1344 2382 1414 qui
2415 1343 2470 1396 in
2507 1339 2694 1396 Iudaea
2722 1349 2852 1394 sunt
2883 1347 3048 1391 notus
3082 1342 3166 1388 est
3198 1331 3362 1387 Deus.

1920 1443 1972 1496 3.
2010 1439 2094 1493 Ex
2120 1455 2208 1492 ore
2251 1435 2540 1505 infantium
2567 1442 2616 1484 et
2661 1430 2964 1484 lactentium
3004 1423 3272 1496 pertecisti
3300 1422 3425 1476 lau-

1849 1534 1988 1588 dem.
2021 1531 2220 1584 Eorum
2262 1529 2472 1582 scilicet
2515 1524 2610 1594 qui
2657 1536 2840 1577 coram
2879 1519 2988 1573 Deo
3031 1516 3268 1572 infantes
3298 1521 3428 1568 sunt

1849 1624 2032 1695 quoad
2082 1621 2370 1676 malitiam.
2423 1615 2538 1670 Hoc
2581 1625 2762 1670 autem
2802 1613 2854 1666 in
2904 1608 3208 1679 Evangeliis
3259 1605 3424 1660 etiam

1851 1716 2115 1784 scriptum
2149 1720 2234 1767 est
2259 1709 2548 1780 perspicue
2581 1705 2792 1760 dixisse
2837 1697 3260 1763 Salvatorem",
3298 1710 3424 1750 cum

157 1795 529 1865 ἐπεστόμιξον
553 1794 908 1863 εὐλογοῦντας
931 1794 1112 1848 αὐτὸν.
1139 1795 1356 1848 ’Ἕνεκα
1383 1794 1502 1848 τῶν
1523 1795 1752 1864 ἐχθρῶν

1865 1806 2036 1876 pueris
2081 1805 2256 1873 ipsum
2301 1799 2649 1854 laudantibus
2675 1811 2738 1850 os
2774 1791 3035 1848 Pharisaei
3073 1787 3423 1844 obturabant.

158 1902 283 1940 σου
309 1887 419 1940 τοῦ
448 1886 786 1940 καταλῦσαι
812 1886 1032 1956 ἐχθρὸν
1069 1887 1165 1940 καὶ
1191 1886 1534 1954 ἐκδικητήν.
1563 1888 1632 1939 Ἢ
1660 1885 1750 1941 τὸν

1865 1872 2078 1960 Propter
2105 1872 2353 1942 inimicos
2385 1897 2523 1949 tuos,
2551 1895 2608 1938 ut
2641 1884 2884 1936 destruas
2915 1878 3184 1933 inimicum
3212 1885 3260 1929 et
3291 1873 3429 1929 ulto-

157 1977 451 2048 αξσθητδν,
479 1978 512 2046 ἢ
546 1978 637 2031 τὸν
668 1978 878 2047 νοητὸν,
914 1977 948 2048 ἢ
977 1977 1069 2031 τὸν
1119 1978 1246 2031 λαὸν
1290 1979 1383 2031 τὸν
1419 1979 1705 2032 Ἰουδαϊκόν
1733 1995 1747 2007 ·

157 2068 401 2138 ἡλαυνον
429 2069 540 2138 γαρ
565 2068 639 2132 ὡς
660 2068 850 2139 ἐχθρὸν
894 2069 986 2121 τὸν
1033 2069 1296 2140 Χριστόν·
1331 2069 1752 2140 προσεποιοῦντο

155 2159 223 2213 δὲ
243 2159 339 2212 τὸν
369 2159 594 2230 Πατέρα
635 2157 975 2222 ἐκδικοῦντες
1008 2158 1166 2212 τοῦτο
1198 2161 1392 2213 ποιεῖν.
1440 2159 1537 2212 Διὰ
1571 2159 1748 2224 τοῦτο,

154 2249 284 2304 ἄνω
315 2249 413 2302 καὶ
434 2248 586 2302 κάτω
616 2249 821 2319 ταύτης
849 2250 1048 2313 αὐτοὺς
1075 2250 1392 2321 ἀποστερῶν
1429 2252 1530 2322 τῆς
1559 2252 1752 2304 ἀπολο-

155 2341 320 2410 γίας.
351 2343 537 2410 ἔλεγεν
558 2359 570 2372 ·
627 2341 690 2393 '0
721 2340 827 2410 ἐμὲ
852 2341 1050 2411 μισῶν
1097 2341 1197 2395 καὶ
1241 2343 1347 2395 τὸν
1369 2342 1602 2412 Πατέρα
1634 2360 1752 2410 μου

147 2430 354 2500 μισεῖ.
398 2429 644 2497 Ἐχθρὸν
668 2431 767 2484 καὶ
802 2431 1148 2499 ἐκδικητὴν,
1177 2431 1268 2484 τὸν
1301 2431 1542 2485 διάϐολον
1565 2431 1753 2503 δηλον-

153 2522 274 2575 ότι.
342 2520 596 2592 Ἐπειδὴ,
656 2521 795 2593 μετὰ
854 2523 916 2575 τὸ
964 2523 1267 2590 ἀναγκάσαι
1315 2523 1603 2594 πληρῶσαι
1656 2523 1754 2595 τὴν

154 2614 470 2686 ἁμαρτίαν,
507 2616 599 2668 καὶ
653 2617 978 2685 τιμωρεῖται
1030 2617 1155 2678 τοὺς
1207 2616 1658 2686 ἁμαρτάνοντας,
1694 2616 1756 2670 τὸ

160 2704 409 2790 μέγεθος
446 2707 628 2770 αὐτοῖς
653 2706 743 2758 τοῦ
780 2707 1174 2778 ἁμαρτήματος
1197 2707 1254 2759 ἐν
1283 2706 1579 2777 ὀφθαλμοῖς
1613 2725 1754 2778 παρ-

158 2797 362 2851 ιστών.
405 2798 478 2850 Ἦ
510 2798 601 2851 τὸν
631 2797 758 2851 λαὸν
787 2797 896 2850 τῶν
940 2797 1226 2862 Ἰουδαίων,
1268 2796 1465 2869 ἐχθρὸν
1513 2800 1611 2869 μὲν
1656 2799 1756 2869 τῆς

157 2888 452 2959 ἀληθείας,
479 2889 771 2958 ἐκδικητὴν
798 2889 854 2942 δὲ
875 2889 952 2960 τῷ
973 2890 1147 2942 δοκεῖν
1175 2889 1408 2942 ἐκδικεῖν
1443 2889 1533 2943 τὸν
1567 2890 1753 2960 νόμον.

244 2981 368 3033 Ὅτι
400 2980 618 3048 ὄψομαι
645 2980 788 3046 τοὺς
813 2980 1108 3049 ori-paron
1129 2980 1272 3048 ἔργα
1301 2977 1418 3032 τῶν
1446 2978 1758 3033 δακτύλων

156 3089 312 3130 σου.
355 3073 581 3125 Ἐκεῖνοι
617 3073 714 3142 μὲν
767 3071 1133 3140 ἀγανακτοῦσι
1176 3070 1286 3124 τῶν
1307 3071 1516 3142 νηπίων
1549 3087 1755 3144 καταρ-

157 3163 433 3228 τιζόντων
458 3159 606 3216 αἶνον
625 3183 636 3195 ·
673 3162 784 3231 ἐγὼ
813 3163 871 3215 δὲ
902 3163 964 3216 τὸ
1009 3163 1154 3216 οῦτω
1188 3163 1332 3234 μέγα
1369 3163 1462 3215 καὶ
1495 3161 1756 3235 περικαλ-

158 3251 286 3316 λὲς,
317 3251 448 3313 τοὺς
480 3250 741 3322 οὐρανούς
776 3267 941 3322 φημι,
993 3251 1190 3323 μικρόν
1233 3269 1284 3304 τι
1334 3251 1495 3322 ἔργον
1523 3252 1621 3322 τῆς
1653 3251 1754 3324 σῆς

160 3343 374 3414 δημηω
384 3342 562 3413 ργίας,
595 3341 804 3412 θεωρῶ.

251 3433 318 3486 Tl
355 3433 529 3486 ἐστιν
577 3432 888 3500 ἄνθρωπος
911 3473 926 3496 ,
972 3431 1062 3486 ὅτι
1107 3433 1418 3502 μιμνήσκῃ
1455 3430 1674 3497 αὐτοῦ;
1714 3433 1753 3502 ἢ

161 3523 306 3588 υἱὸς
338 3520 676 3590 ἀνθρώπου,
711 3522 802 3574 ὅτι
837 3522 1172 3590 ἐπισκέπτῃ
1203 3522 1391 3584 αὐτόν
1411 3537 1430 3586 ;
1474 3521 1754 3576 Ἠλάττω-

162 3629 294 3680 σας
347 3614 539 3668 αὑτὸν
585 3614 788 3682 ,ϐραχύ
824 3631 878 3666 τι
930 3614 1066 3681 παρ’
1105 3612 1418 3684 ἀγγέλους.
1446 3612 1628 3667 Ταῦτα
1659 3613 1755 3666 τοῦ

165 3705 396 3761 Παύλου
449 3705 638 3775 σαφῶς
678 3707 770 3758 ἐπὶ
819 3705 910 3758 τὸν
941 3705 1171 3776 Σωτῆρα
1196 3705 1354 3776 ἡμῶν
1381 3705 1755 3777 ὲξειληφότος,

163 3797 468 3870 ἀρκεῖσθαι
502 3801 567 3869 τῇ
591 3798 799 3851 ἐκδόσει
833 3798 959 3869 χρή.

246 3892 459 3949 Πάντα
497 3892 799 3959 ὑπέταξας
828 3892 1108 3948 ὑποκάτω
1143 3891 1264 3947 τῶν
1304 3892 1506 3947 ποδῶν
1548 3893 1755 3950 αὑτοῦ.
1822 3873 1828 3888 Ι

163 3984 364 4041 Εἰπὼν
394 3987 423 4038 6
459 3983 589 4047 Θεός
611 4002 623 4014 ·
656 3985 1009 4055 Ποιήσωμεν
1041 3984 1354 4053 ἄνθρωπον
1396 3986 1524 4040 κατ’
1556 3988 1761 4041 εἰκόνα

165 4076 476 4147 ἡμετέραν
505 4077 603 4130 καὶ
631 4077 938 4144 ὁμοίωσιν,
968 4077 1216 4148 ἐπήγαγε
1233 4093 1244 4107 ·
1271 4077 1383 4130 Καὶ
1410 4078 1761 4147 ἀρχέτωσαν

165 4167 296 4226 τῶν
326 4167 551 4236 ῖχθύων
591 4166 700 4236 τῆς
731 4167 1067 4235 θαλάσσης,
1099 4169 1192 4221 καὶ
1234 4171 1344 4232 τοῖς
1379 4169 1586 4233 λοιποῖς
1617 4169 1760 4224 κατὰ

169 4261 348 4334 μέρος
381 4259 757 4330 ἐπεξέρχεται,
814 4253 896 4322 οἷς
952 4259 1229 4328 ἐπιλέγειο
1279 4257 1625 4323 Αὐξάνεσθε
1664 4259 1763 4313 καὶ

167 4351 566 4418 πληθύνεσθαι)
590 4350 685 4404 καὶ
733 4349 1087 4416 πληρώσατε
1111 4349 1226 4419 τὴν
1259 4350 1397 4420 γῆν,
1435 4350 1536 4404 καὶ
1578 4367 1760 4405 κατα-

169 4441 540 4508 κυριεύσατε
582 4439 798 4506 αὐτῆς·
848 4443 913 4512 τῇ
962 4440 1068 4512 γὰρ
1118 4440 1308 4512 λογικῇ
1350 4441 1528 4510 φύσει,
1571 4441 1646 4505 ὡς
1696 4441 1762 4496 ἂν

1853 1997 1981 2034 rem.
2027 1979 2138 2034 Aut
2172 1977 2511 2041 sensibilem,
2555 1984 2646 2031 aut
2699 1971 3089 2042 intelligibilem
3145 1966 3427 2024 inimicum

1851 2073 1947 2135 ait,
1996 2080 2092 2125 aut
2125 2069 2387 2140 populum
2445 2065 2757 2121 Iudaicum.
2802 2063 3081 2117 Christum
3131 2059 3276 2114 enim
3326 2070 3428 2114 ceu

1854 2164 2138 2217 inimicum
2175 2161 2469 2230 pellebant,
2519 2167 2574 2212 et
2610 2155 2941 2212 simulabant
2971 2169 3030 2210 se
3077 2151 3256 2207 Patris
3302 2150 3434 2205 ulci-

1854 2253 2039 2307 scendi
2093 2251 2278 2306 animo
2331 2249 2383 2303 id
2418 2264 2611 2318 agere;
2661 2244 3016 2315 quamobrem
3069 2252 3128 2298 ut
3163 2257 3282 2296 eam
3320 2240 3430 2296 illis

1853 2343 2228 2399 defensionem
2279 2340 2496 2410 penitus
2544 2338 2808 2391 adimeret
2837 2333 3018 2388 ait":
3050 2331 3153 2397 Qui
3186 2331 3296 2386 odit
3327 2346 3427 2394 me,

1854 2437 1964 2490 odit
1991 2443 2040 2488 et
2087 2433 2300 2487 Patrem
2332 2447 2522 2484 meum.
2555 2427 2839 2482 Inimicum
2869 2435 2918 2480 et
2952 2425 3200 2490 ultorem,
3234 2421 3428 2476 diabo-

1855 2528 1966 2583 lum
2003 2526 2152 2580 dicit.
2201 2523 2304 2589 Qui
2357 2533 2642 2592 postquam
2697 2517 2958 2587 compulit
3006 2515 3071 2570 ad
3115 2523 3427 2584 peccatum,

1855 2633 2049 2689 poenas
2101 2613 2484 2685 peccatoribus
2517 2611 2732 2681 infligit,
2794 2607 2998 2678 peccati
3046 2605 3308 2676 gravitate
3355 2602 3429 2658 ob

1855 2710 2047 2765 oculos
2075 2707 2209 2777 ipsis
2239 2705 2436 2775 posita.
2469 2704 2578 2756 Aut
2604 2701 2862 2771 populum
2918 2696 3256 2761 Iudaeorum,
3288 2693 3433 2749 veri-

1856 2801 1982 2856 tatis
2014 2799 2236 2869 quidem
2258 2794 2570 2861 inimicum;
2601 2794 2831 2847 ultorem
2860 2804 3012 2856 vero,
3041 2788 3170 2860 quia
3207 2786 3432 2846 videbao

1857 2900 1948 2946 tur
1974 2892 2149 2961 legem
2182 2889 2478 2944 vindicare.

1927 2983 1980 3036 4.
2019 2981 2284 3048 Quoniam
2333 2976 2513 3032 videbo
2564 2974 2720 3028 caelos
2767 2980 2905 3036 tuos,
2934 2986 3092 3040 opera
3143 2967 3435 3040 digitorum

1860 3086 2094 3132 tuorum.
2145 3073 2504 3143 I'ndignanlur
2553 3068 2632 3123 illi
2686 3064 2984 3120 infantibus
3017 3062 3228 3117 laudem
3269 3058 3432 3130 perﬁ-

1857 3165 2151 3223 cientibus.
2207 3162 2344 3218 Illud
2391 3169 2573 3216 autem
2622 3165 2832 3213 tantum
2877 3164 3098 3224 tamque
3140 3152 3432 3222 pulchrum

1857 3256 2158 3328 opificium,
2211 3254 2381 3310 ccelos
2412 3264 2628 3319 nempe,
2677 3263 2775 3318 ego
2829 3247 2921 3317 qui
2954 3260 3088 3312 .sum
3134 3239 3433 3299 creatiouis

1858 3359 1964 3406 tua:
1986 3349 2242 3420 pusillum
2290 3360 2452 3416 opus,
2489 3341 2846 3409 contemplor.

1931 3443 1982 3497 5.
2019 3439 2158 3506 Quid
2189 3447 2266 3503 est
2306 3437 2478 3499 homo,
2507 3434 2645 3506 quod
2676 3447 2871 3486 memor
2896 3445 2948 3482 es
2977 3429 3128 3497 ejus;
3162 3436 3252 3479 aut
3285 3423 3432 3494 ﬁlius

1857 3535 2107 3598 hominis,
2143 3533 2398 3603 quoniam
2427 3530 2611 3584 visitas
2640 3542 2758 3579 eum
2780 3525 2806 3578 Ρ
2842 3521 3085 3576 Minuisti
3111 3535 3230 3573 eum
3272 3515 3435 3588 paulo

1859 3628 2034 3681 minus
2067 3626 2132 3680 ab
2171 3623 2394 3696 angelis.
2439 3621 2630 3676 Isthmc
2651 3617 2821 3671 Paulo
2855 3614 2918 3669 ad
2960 3611 3295 3666 Salvatorem
3334 3621 3436 3661 no-

1860 3729 2038 3776 strum
2072 3716 2346 3781 referente
2368 3715 2434 3778 ⁷⁵,
2467 3712 2516 3766 id
2546 3711 2612 3764 ad
2651 3705 3044 3777 expositionem
3074 3700 3205 3754 satis
3243 3709 3383 3752 esto.

1933 3893 1986 3948 8.
2025 3891 2219 3948 Omnia
2252 3885 2522 3956 subjecisti
2559 3884 2654 3938 sub
2691 3880 2910 3952 pedibus
2949 3876 3061 3937 eius
3095 3872 3228 3944 (l7).
3276 3869 3436 3924 Post-

1860 3999 2022 4056 quam
2057 3982 2195 4037 dixit
2221 3981 2366 4034 Deus
2387 3978 2433 4009 ⁷⁵
2461 3994 2474 4030 :
2513 3973 2799 4027 Faciamus
2839 3968 3097 4021 hominem
3127 3961 3196 4016 ad
3243 3959 3434 4030 imagi-

1861 4053 1977 4134 nem
2001 4087 2050 4131 et
2083 4071 2487 4130 similitudinem
2521 4074 2776 4126 nostram,
2801 4057 3000 4140 adjecit
3025 4075 3038 4110 :
3071 4053 3136 4109 Et
3163 4053 3438 4106 dominen-

1865 4177 1953 4221 tur
1985 4162 2219 4236 piscibus
2249 4159 2436 4222 maris,
2473 4163 2527 4210 et
2575 4149 2823 4220 reliquis,
2873 4160 2996 4217 quae
3043 4153 3296 4197 accurate
3345 4153 3434 4194 re-

1863 4229 2065 4314 censet.
2099 4254 2309 4322 Quibus
2337 4251 2501 4306 etiam
2531 4243 2725 4300 dicit"
2755 4260 2768 4296 :
2807 4237 3035 4295 Crescite
3066 4242 3114 4288 et
3175 4229 3436 4299 multipli-

1861 4350 2056 4406 camini
2086 4357 2134 4402 et
2163 4346 2352 4415 replete
2381 4353 2601 4404 terram,
2637 4345 2686 4390 et
2715 4329 3062 4387 dominamini
3107 4324 3212 4378 illi.
3244 4321 3435 4377 Ratio-

1863 4442 2030 4497 nabili
2067 4413 2266 4510 quippe
2305 4447 2536 4496 naturae,
2567 4437 2755 4498 utpote
2782 4425 2846 4478 ad
2892 4418 3307 4476 similitudinem
3341 4413 3436 4468 Dei

166 4531 512 4603 ὡμοιωμένῃ
537 4529 674 4600 Θεῷ,
696 4531 794 4602 τὴν
815 4507 953 4584 κατὰ
975 4507 1201 4586 πάντων.
1226 4507 1400 4605 emt
1428 4534 1755 4606 ἐδωρήσατο.

1866 4507 2117 4597 conditae,
2152 4507 2395 4584 ninnium
2430 4536 2614 4579 rerum
2651 4515 2940 4587 imperium
2991 4507 3232 4564 tradidit.
3267 4507 3436 4559 Acce-

171 4625 292 4679 Kal.
325 4623 556 4694 δύναμιν
602 4624 630 4674 ὁ
658 4623 943 4694 ἄνθρωπος
983 4624 1162 4678 λαϐὼν
1186 4626 1288 4695 τῆς
1319 4626 1506 4698 θεῖκῆς
1528 4629 1756 4694 εἰκόνος,

172 4717 258 4779 ὡς
302 4715 554 4785 βασιλεὺς
599 4715 853 4769 ἁπάντων
897 4717 1045 4768 ἐστὶν
1073 4717 1296 4784 ὁ-Θεὸς,
1347 4718 1521 4783 οὕτως
1573 4720 1758 4792 ἄρχων

173 4805 423 4874 κατέστη
454 4805 562 4858 τῶν
593 4806 686 4857 ἐπὶ
717 4807 840 4875 γῆς.
875 4807 936 4858 El
957 4805 1014 4858 δὲ
1051 4806 1352 4871 καθολικῶς
1375 4809 1617 4881 εἴρηται·
1648 4810 1762 4864 Καὶ

173 4897 562 4963 κατέστησας
588 4897 775 4952 αὑτὸν
803 4898 898 4951 ἐπὶ
934 4897 1007 4950 τὰ
1032 4899 1175 4967 ἔργα
1214 4899 1333 4953 τῶν
1365 4901 1578 4969 χειρῶν
1607 4918 1723 4956 σου
1747 4945 1761 4970 ,

175 4989 336 5056 λέγει
359 4989 416 5041 δὲ
435 4987 697 5058 ἀλλαχοῦ,
731 4988 844 5042 Kal
876 4989 1019 5059 ἔργα
1056 4990 1176 5043 τῶν
1205 4991 1418 5060 χειρῶν
1443 5008 1559 5047 σου
1605 4994 1764 5048 εἰσιν

177 5083 238 5135 οὶ
265 5081 539 5147 οὐρανοί·
564 5081 724 5150 δῆλον
765 5079 840 5142 ὼς
865 5081 955 5133 ἐπὶ
975 5083 1100 5145 τοὺς
1127 5083 1391 5151 οὐρανοὺς
1429 5085 1761 5156 κατέστησεν

177 5171 370 5237 αὐτὸν,
405 5174 499 5226 κα)⁸
531 5175 739 5244 μήποτε
783 5175 1111 5244 ἀπορῤήτως
1148 5176 1248 5246 τὴν
1295 5177 1353 5227 ἐν
1386 5179 1632 5246 οὐρανοῖς
1662 5195 1761 5247 ση-

184 5266 369 5335 μαίνει
397 5265 678 5336 διατριϐὴν
712 5265 820 5318 τῶν
849 5267 1080 5335 ἀπὸογῆς
1117 5269 1294 5320 ἐκεῖσε
1330 5269 1762 5341 μεθισταμένων,

181 5356 273 5408 ὅτε
321 5354 575 5425 μέλλουσι
627 5353 897 5424 βασιλείαν
949 5354 1194 5424 ορρανῶν
1236 5356 1588 5428 κληρονομεῖν
1614 5400 1628 5423 ,
1685 5358 1762 5424 ὼς

184 5444 542 5514 ἐπήγγελται.
575 5446 735 5512 Λέγει
758 5444 814 5496 δὲ
840 5445 934 5497 καὶ
968 5443 1178 5508 Παῦλος
1197 5462 1211 5476 ·
1255 5450 1624 5518 Κληρονόμοι
1649 5448 1764 5518 μὲν

1867 4635 2064 4694 ptaque
2099 4623 2261 4675 homo
2292 4617 2489 4672 divinae
2519 4609 2770 4678 imaginis
2800 4606 3016 4668 virtute,
3058 4609 3117 4654 ut
3164 4613 3257 4652 rex
3312 4611 3436 4650 om-

1867 4719 2017 4772 nium
2075 4726 2160 4768 est
2224 4709 2390 4772 Deus,
2456 4709 2530 4761 ita
2591 4706 2757 4759 homo
2807 4711 3145 4754 terrenorum
3192 4692 3435 4747 omnium

1868 4809 2202 4866 constitutus
2221 4813 2304 4860 est
2332 4803 2607 4873 princeps.
2643 4797 2800 4864 Quod
2836 4795 2882 4850 si
2913 4793 2965 4847 in
3012 4790 3324 4845 universum
3355 4786 3438 4840 di-

1868 4911 2061 4958 catur:
2091 4898 2158 4952 Et
2190 4894 2510 4952 constituisti
2541 4906 2658 4945 eum
2680 4903 2835 4958 super
2859 4900 3016 4954 opera
3044 4895 3292 4935 manuum
3324 4888 3444 4931 tua-

1870 5011 2026 5058 rum;
2061 4995 2298 5061 itemque
2330 4989 2438 5042 alio
2461 4987 2581 5039 loco
2611 4983 2756 5037 dicat
2778 4980 2823 5011 ⁷⁷
2851 4996 2864 5033 :
2900 4976 2967 5031 Et
2993 4991 3150 5045 opera
3187 4985 3436 5024 manuum

1871 5094 2078 5138 tuarum
2113 5091 2234 5136 sunt
2267 5079 2405 5142 caeli,
2431 5078 2605 5146 palam
2636 5084 2716 5128 est
2743 5068 2886 5140 quod
2915 5083 3078 5138 super
3119 5065 3286 5119 cmlos
3315 5075 3440 5116 con-

1870 5175 2109 5232 stituerit
2139 5188 2286 5236 eum,
2315 5185 2414 5225 nec
2442 5170 2672 5223 latenter
2704 5161 2882 5218 innuit
2920 5159 2975 5212 in
3011 5155 3163 5212 cmlis
3198 5165 3435 5206 commo-

1870 5269 2138 5322 rationem
2171 5263 2287 5319 fore
2319 5276 2509 5317 eorum
2535 5259 2626 5329 qui
2675 5271 2706 5310 a
2751 5264 2894 5310 terra
2930 5251 3057 5304 illuc
3097 5241 3435 5300 transferun-

1872 5367 1984 5424 tur,
2008 5357 2227 5428 quando
2261 5353 2410 5424 regni
2447 5351 2712 5407 coelorum
2757 5343 3124 5400 [nereditatem
3163 5331 3434 5402 accepturi

1873 5421 2042 5513 sunt,—
2076 5449 2153 5504 uti
2206 5421 2536 5518 promissum
2589 5441 2708 5496 fuit.
2759 5436 2896 5491 Dicit
2940 5445 3067 5486 vero
3119 5425 3319 5480 Paulus
3346 5421 3433 5471 ἠε

336 5618 586 5692 'f‘Joan.
621 5637 709 5685 xv,
744 5622 796 5675 5.
851 5623 894 5652 "
916 5621 1104 5678 Matth.
1135 5621 1364 5686 xxt,16.
1441 5622 1662 5680 "Joan.
1714 5641 1804 5692 xv,
1839 5624 1928 5681 25.
2013 5626 2060 5659 τι
2081 5625 2241 5682 Hebr.
2284 5640 2345 5689 ιι,
2376 5621 2430 5687 6,
2469 5622 2520 5676 7.
2598 5619 2643 5652 "
2660 5616 2799 5673 Gen.
2862 5631 2902 5680 ι,
2931 5610 3019 5664 26.
3095 5605 3142 5638 "
3165 5600 3301 5660 ibid.
3342 5599 3434 5655 28.

189 5688 231 5722 "
251 5688 399 5745 Psal.
423 5705 497 5754 ot,
536 5691 626 5746 26.
700 5693 746 5724 ⁷⁸
773 5692 932 5746 Rom.
967 5710 1086 5760 Vill,
1116 5693 1202 5747 I7.

262 5801 377 5873 (17)
410 5800 535 5857 Haec
565 5805 831 5875 expositio
856 5804 999 5876 apud
1030 5804 1165 5860 Dan.
1191 5794 1512 5869 Barbarum,
1543 5798 1765 5856 Eusebii
1805 5798 2025 5856 dicitur.
