3874 6218
478 403 548 462 85
841 362 846 368 ’
1119 423 1122 426 -
1335 405 1394 459 s.
1434 401 1804 460 ATHANASII
1847 399 2000 458 ore.

2158 401 2214 454 lS
2253 401 2342 456 III.
2377 429 2448 442 --
2485 400 2779 454 EX'EGL'I‘.
2815 401 2898 452 Ἀ.
3657 396 3738 452 86

475 517 724 574 Heredes
749 519 956 588 quidem
987 518 1106 584 Dei,
1147 518 1438 572 cohwredes
1468 529 1646 570 autem
1695 517 1913 571 Christi.
1967 515 2026 570 Et

2158 513 2317 576 θεοῦ,
2346 512 2828 578 συγκληρονόμοι
2873 509 2941 564 δὲ
2971 510 3251 578 Χριστοῦ.
3297 507 3481 573 Οὕτως
3517 509 3614 562 καὶ
3638 507 3728 574 τὸ,

475 609 633 677 pl'auc
665 607 827 662 modo
855 607 1262 676 intelligendum
1295 605 1428 659 illud
1467 613 1550 658 est
1579 623 1594 658 :
1630 603 1824 659 Omnia
1871 604 2049 673 subje-

473 701 594 754 cisti
623 699 718 753 sub
747 699 962 761 pedibus
1014 699 1148 766 ejus.
1199 697 1266 751 Et
1298 711 1447 751 nunc
1473 695 1696 765 quidem
1737 697 1994 750 animalia
2029 715 2042 750 :

471 788 566 843 sed
590 785 720 856 quia
759 787 868 841 vita
912 787 1170 856 angelicas
1203 801 1300 856 par
1337 786 1391 840 in
1421 787 1562 841 coelo
1608 787 1926 842 hominibus
1961 801 2048 842 re-

469 879 646 949 posita
676 887 759 932 est
791 918 806 940 ,
841 893 964 932 cum
1017 879 1092 932 ibi
1138 881 1470 934 constitutus
1512 879 1616 932 erit
1669 894 1834 948 super
1883 893 2046 948 opera

469 987 728 1028 manuum
765 971 904 1040 ejus,
946 972 1211 1026 caelorum
1261 981 1316 1026 et
1363 973 1610 1027 omnium
1661 987 1784 1040 quae
1829 972 1884 1026 in
1937 971 2045 1027 illis

469 1067 596 1117 s'unt
643 1063 952 1131 speculator
997 1064 1122 1116 erit.
1181 1063 1380 1118 Beatus
1451 1071 1630 1118 autem
1681 1062 1885 1118 Paulus
1941 1063 2044 1118 hoc

467 1155 630 1208 etiam
659 1155 726 1209 de
759 1153 1042 1209 Salvatore
1068 1157 1280 1224 accepit
1299 1157 1368 1214 ".
1399 1165 1458 1211 ut
1489 1156 1732 1210 futurum
1761 1157 1814 1210 in
1843 1156 2044 1211 saeculo

465 1234 716 1298 venturo.
749 1245 929 1312 Quare
955 1247 1030 1302 ait
1061 1247 1138 1301 illi
1171 1247 1332 1302 Pater
1359 1266 1372 1301 :
1418 1247 1554 1303 Sede
1580 1265 1612 1300 a
1643 1248 1842 1302 dextris
1889 1249 2038 1314 meis,

465 1340 627 1390 donec
673 1353 867 1405 ponam
913 1339 1155 1392 inimicos
1206 1347 1320 1392 tuos
1373 1339 1658 1392 scabellum
1703 1341 1892 1408 pedum
1923 1349 2042 1392 tuo-

465 1445 586 1482 rum
607 1429 674 1482 ⁸ο.
713 1429 844 1484 Oves
885 1443 934 1484 et
969 1431 1117 1486 boves
1145 1433 1433 1488 universas.
1475 1433 1572 1488 His
1623 1433 1914 1488 adumbrat
1945 1449 2039 1488 eos

465 1519 560 1588 qui
584 1520 934 1576 crediderunt
959 1537 1024 1576 ex
1059 1523 1248 1578 Israel.
1291 1523 1513 1593 Insuper
1539 1535 1588 1578 et
1628 1541 1816 1594 pecora
1845 1527 2036 1594 campi.

465 1609 562 1667 His
590 1623 778 1682 gentes
811 1613 1036 1669 indicat.
1072 1613 1324 1669 Volucres
1351 1615 1488 1680 caeli,
1517 1631 1612 1672 eos
1657 1616 1791 1670 dicit
1837 1617 1931 1683 qui
1981 1616 2036 1670 in

463 1704 574 1756 vita
609 1718 710 1759 sua
739 1704 864 1758 elati
893 1713 946 1760 et
993 1708 1214 1776 superbi
1267 1717 1414 1772 sunt,
1463 1708 1559 1778 qui
1604 1708 1712 1764 alte
1771 1709 2032 1774 sentiunt,

464 1793 716 1850 homines
745 1796 1036 1850 admodum
1071 1797 1412 1866 insipientes.

2150 603 2352 658 Πάντα
2381 603 2681 668 ὑπέταξας
2705 601 2982 657 ὑποκάτω
3011 601 3130 655 τῶν
3153 601 3354 654 ποδῶν
3367 599 3576 666 αὑτοῦ,
3602 617 3732 668 νοη-

2147 693 2284 748 τέον.
2306 693 2418 746 Νῦν
2448 695 2544 764 μὲν
2564 695 2630 748 τὰ
2657 693 2772 756 ζῶα
2791 709 2805 723 ·
2833 693 3020 764 ἐπειδὴ
3051 694 3106 746 δὲ
3137 693 3252 763 βίος
3279 693 3562 761 ἰσάγγελος
3584 693 3730 746 ἀπό-

2147 803 2323 840 κειται
2349 790 2460 850 τοῖς
2495 785 2799 856 ἀνθρώποις
2835 788 2890 838 ὲν
2923 786 3159 856 οὐρανῷ,
3185 789 3301 838 ἐκεῖ
3329 787 3605 849 καταστὰς
3631 787 3730 840 ἐπὶ

2145 877 2214 930 τὰ
2269 878 2406 946 ἔργα
2437 879 2545 930 τῶν
2577 878 2776 950 χειρῶν
2827 877 3012 940 αὑτοῦ,
3050 877 3250 950 θεωρὸς
3280 879 3524 950 οὐρανῶν
3571 879 3730 933 ἔσται

2145 971 2240 1022 καὶ
2269 969 2376 1022 τῶν
2407 973 2464 1022 ἐν
2490 971 2692 1033 αὐτοῖς.
2741 971 2798 1022 '0
2830 970 2886 1022 δὲ
2913 971 3180 1042 μακάριος
3215 971 3424 1034 Παῦλος
3456 971 3728 1024 καὶτοῦτο

2146 1063 2274 1132 περὶ
2299 1061 2392 1114 τοῦ
2429 1063 2680 1132 Σωτῆρος
2705 1061 2956 1126 ἐξέλαϐεν
2983 1065 3040 1116 ἐν
3071 1063 3226 1116 αἰῶνι
3251 1063 3327 1134 τῷ
3355 1063 3602 1134 μέλλοντι
3631 1081 3730 1132 γε-

2145 1153 2466 1222 νησόμενον.
2521 1153 2614 1206 Διό
2647 1171 2778 1224 φησι
2820 1153 2956 1224 πρὸς
2993 1155 3154 1206 αὑτὸν
3187 1156 3214 1206 6
3245 1156 3465 1226 Πατήρ·
3519 1155 3725 1209 Κάθου

2142 1245 2210 1296 ἐκ
2237 1242 2450 1307 δεξιῶν
2465 1261 2605 1312 μου,
2639 1245 2749 1309 ἕως
2769 1244 2844 1296 ἂν
2871 1243 2951 1298 θῶ
2979 1244 3119 1310 τοὺς
3147 1245 3398 1314 ἐχθρούς
3431 1259 3548 1299 σου
3573 1249 3726 1300 ὑπο-

2143 1334 2351 1388 πόδιον
2380 1333 2499 1388 τῶν
2521 1335 2722 1388 ποδῶν
2759 1353 2896 1389 σου.
2933 1337 3204 1404 Πρόϐατα
3252 1337 3348 1390 καὶ
3373 1337 3532 1403 ,ϐόας
3559 1338 3724 1392 ἁπάσ-

2141 1442 2276 1492 σας.
2315 1427 2450 1489 Τοὺς
2483 1426 2542 1490 ἐξ
2583 1427 2799 1498 Ἰσραὴλ
2841 1429 3198 1491 πιστεύοντας
3241 1429 3558 1484 αἰνίττεται.
3597 1433 3724 1485 Ἔτι

2139 1519 2207 1572 δὲ
2251 1520 2350 1572 καὶ
2383 1521 2454 1574 τὰ
2494 1521 2684 1589 κτήνη
2725 1521 2831 1575 τοῦ
2863 1522 3095 1576 πεδίου.
3123 1522 3222 1575 Διὰ
3242 1523 3447 1576 τούτων
3484 1524 3552 1578 τὰ
3589 1523 3720 1596 ἔθνη

2138 1613 2306 1683 δηλοῖ.
2349 1613 2424 1668 Τὰ
2451 1615 2692 1668 πετεινὰ
2721 1615 2830 1668 τοῦ
2878 1615 3159 1683 οὐρανοῦ,
3215 1617 3340 1678 τοὺς
3369 1617 3722 1688 ὲπῃρμένους

2139 1703 2280 1757 κατὰ
2303 1704 2394 1756 τὸν
2424 1705 2538 1774 βίον
2561 1705 2654 1757 καὶ
2686 1705 2755 1759 τὰ
2787 1705 2966 1776 ὑψηλὰ
2991 1705 3340 1774 φρονοῦντας,
3359 1707 3486 1769 τοὺς
3511 1705 3724 1774 ἀλογω-

2136 1811 2353 1858 τατους.

537 1881 624 1938 10.
659 1884 878 1940 Domine
911 1885 1166 1940 Dominus
1183 1855 1385 1952 noster,
1413 1905 1570 1958 quam
1615 1889 1933 1944 admirabile
1957 1902 2026 1944 est

2211 1855 2388 1953 Κύριε
2420 1891 2453 1940 ό
2474 1889 2690 1955 Κύριος
2716 1887 2902 1957 ἡμῶν,
2935 1889 3014 1952 ὠς
3035 1887 3384 1957 θαυμαστὸν
3429 1888 3496 1942 τὸ
3526 1889 3724 1958 δνομὰ

463 1989 647 2028 nomen
681 1983 827 2029 tuum
849 1977 904 2030 in
931 1979 1178 2034 universa
1207 1989 1348 2033 terra
1370 1980 1390 2032 .'
1423 1979 1635 2050 Repetit
1660 1981 1814 2048 illud,
1861 1981 2036 2036 admi-

463 2065 676 2120 ratione
711 2067 1073 2136 stupefactus,
1105 2072 1184 2124 uti
1232 2073 1346 2141 jam
1377 2072 1512 2136 dixi,
1544 2073 1614 2127 ob
1641 2074 1822 2127 datam
1857 2073 2034 2128 homi-

462 2155 625 2211 nibus
653 2155 746 2211 Dei
781 2161 1170 2230 cognitionem.

633 2249 696 2303 ln
727 2252 903 2320 ﬁnem,
931 2269 1024 2322 pro
1053 2254 1272 2308 occultis
1303 2253 1426 2323 ﬁlii,
1457 2253 1799 2311 PSALMUS

1095 2343 1282 2396 David.
1321 2343 1426 2398 IX.

1067 2437 1462 2504 Argumentum.

457 2520 571 2580 Hoc
599 2525 810 2595 psalmo
863 2543 926 2582 ea
971 2529 1212 2585 declarat
1260 2547 1382 2602 quae
1420 2532 1650 2588 latenter
1680 2549 1711 2588 a
1749 2532 2032 2589 Salvatce

528 2615 675 2671 facta
699 2627 846 2673 sunt.
885 2619 1050 2675 Multa
1081 2631 1262 2677 autem
1296 2623 1388 2677 illa
1415 2633 1572 2678 erant
1603 2628 1814 2682 occulte
1847 2635 2024 2698 gesta:

525 2703 795 2768 Nativitas
819 2711 1026 2766 scilicet
1051 2715 1351 2770 secundum
1377 2731 1597 2772 carnem
1629 2731 1694 2770 ex
1723 2716 1891 2772 Maria
1913 2717 2031 2772 Vir-

521 2797 646 2866 gine
677 2813 774 2868 per
815 2797 1078 2868 Spiritum
1122 2813 1409 2859 sanctum:
1443 2805 1722 2874 stupenda:
1751 2821 1814 2860 ac
1861 2807 2029 2862 mira-

507 2889 674 2952 _culis
722 2891 962 2960 insignes
989 2895 1254 2951 virtutes:
1305 2912 1454 2952 mors
1495 2897 1610 2967 ipsa
1641 2913 1706 2953 ac
1732 2899 2027 2956 descensus

527 2977 584 3032 in
614 2977 910 3047 infernum,
939 2986 1268 3038 resurrectio
1287 2985 1505 3040 demum
1529 3003 1594 3042 ex
1621 2990 1870 3044 mortuis.
1901 2988 2027 3045 Haec

523 3069 722 3141 quippe
751 3074 934 3126 omnia
965 3075 1178 3130 occulte
1206 3077 1274 3131 ab
1305 3078 1396 3132 illo
1426 3087 1572 3148 gesta
1603 3087 1749 3134 sunt.
1781 3082 2026 3136 Abscon-

519 3163 599 3216 dit
627 3165 772 3218 enim
799 3165 891 3219 illa
921 3169 1082 3221 etiam
1117 3169 1461 3240 principibus
1493 3173 1681 3227 mundi
1709 3173 1894 3242 hujus.
1920 3173 2026 3228 Pro

523 3253 676 3310 hisce
708 3259 938 3312 occultis
975 3257 1245 3330 Pr0pheta
1276 3277 1562 3330 personam
1599 3280 1792 3334 gerens
1823 3266 2022 3320 Imma--

527 3360 612 3400 nte
636 3355 848 3403 naturae
891 3349 1194 3421 ingreditur
1223 3356 1428 3424 gratias
1467 3371 1634 3428 agens
1684 3374 1748 3414 ac
1793 3359 2020 3414 dicens:

517 3438 818 3509 Conﬁtebor
849 3445 968 3512 tibi,
1017 3445 1260 3502 Domine.
1309 3449 1660 3506 Occultorum
1705 3469 1870 3524 porro
1903 3457 2024 3512 illo—

517 3545 642 3585 rum
671 3535 930 3591 revelatio
963 3553 1113 3594 mors
1135 3549 1239 3606 est,
1272 3550 1436 3612 atque
1472 3559 1534 3598 ea
1567 3561 1688 3613 quae
1721 3547 1776 3599 in
1808 3547 2025 3620 inferno

518 3631 670 3694 gesta
703 3633 831 3680 sunt
856 3645 868 3680 :
899 3643 1109 3684 necnon
1140 3634 1473 3688 resurrectio
1502 3644 1554 3688 et
1583 3637 1853 3692 ascensio.

517 3796 572 3854 Ἤ.
605 3797 906 3869 Conﬁtebor
957 3802 1073 3870 tibi,
1125 3805 1366 3872 Domine,
1401 3809 1458 3862 in
1503 3818 1612 3863 toto
1657 3811 1812 3865 corde
1841 3829 1952 3866 meo

449 3887 518 3943 In
541 3891 882 3945 convertenda
915 3893 1188 3948 inimicum
1235 3913 1407 3949 meum
1455 3907 1765 3960 retrorsum.
1807 3909 1912 3954 etc.
1949 3899 2022 3956 De

445 3982 775 4051 quibusnam
800 3983 1075 4040 confessio
1105 3987 1176 4042 sit
1215 3987 1476 4044 declarat.
1511 3991 1798 4046 inimicum
1841 4003 2018 4048 autem

442 4071 584 4141 ejus,
615 4085 849 4130 mortem
889 4090 1008 4132 esse
1041 4077 1134 4138 ait,
1171 4095 1294 4149 quae
1325 4089 1631 4136 retrorsum
1665 4085 2018 4150 convertitur,

441 4165 717 4230 videlicet,
749 4165 816 4220 ad
845 4183 950 4222 non
981 4185 1121 4224 esse.

453 4257 456 4261 ’
511 4259 566 4312 4.
598 4255 1026 4328 Inﬁrmabuntur
1048 4271 1096 4315 et
1127 4262 1368 4330 peribunt
1402 4279 1434 4316 a
1464 4265 1600 4333 facie
1624 4275 1736 4320 tua.
1765 4265 2016 4334 Quando,

440 4349 536 4416 ait,
563 4361 868 4408 retrorsum
893 4369 1043 4410 mors
1067 4365 1436 4422 convertetur,
1469 4365 1584 4412 tum
1617 4360 1796 4416 omnis
1833 4360 2019 4416 adver-

440 4443 584 4496 saria
627 4455 870 4514 potestas
906 4447 1256 4514 destruetur;
1305 4465 1430 4503 nam
1462 4451 1508 4506 si
1545 4452 1734 4508 ultima
1767 4455 2011 4508 omnium

2141 1991 2258 2030 σου
2285 1977 2356 2030 ἐν
2377 1977 2543 2046 πάσῃ
2570 1977 2644 2046 τῇ
2667 1977 2744 2048 γῇ
2767 1979 2788 2030 .'
2823 1979 3239 2050 Ἀναλαμὸἀνων
3269 1979 3722 2046 ἀναδιπλασιάζει

2138 2068 2200 2120 τὸ
2227 2067 2412 2138 θαῦμα
2433 2069 2887 2140 ἐκπληττόμενος,
2917 2071 2993 2133 ὡς
3022 2069 3178 2141 ἔφην,
3215 2071 3308 2124 ἐπὶ
3339 2073 3405 2142 τῇ
3445 2073 3722 2146 γενομένῃ

2138 2157 2246 2211 τῶν
2277 2157 2577 2229 ἀνθρώπων
2602 2159 2919 2230 θεογνωσία.

2278 2252 2382 2314 Εἰς
2409 2250 2475 2304 τὸ
2507 2250 2700 2316 τέλος,
2725 2252 2877 2320 ὑπὲρ
2899 2251 3016 2304 τῶν
3031 2251 3297 2320 κρυφίων
3315 2251 3423 2306 τοῦ
3447 2251 3608 2320 υἱοῦ,

2555 2345 2863 2397 ΨΑΛΜΟΣ
2891 2343 2970 2409 τῷ
2993 2345 3190 2398 Δαυΐὸ.
3227 2347 3302 2398 Θ¹.

2764 2436 3087 2501 Ύπόθεσις.

2137 2527 2233 2580 Διὰ
2265 2528 2449 2582 τούτου
2483 2527 2576 2582 τοῦ
2603 2527 2818 2598 ψαλμοῦ
2851 2529 2918 2582 τὰ
2958 2529 3204 2600 κρυφίως
3241 2527 3608 2599 πεπραγμένα
3637 2529 3720 2600 τῷ

2208 2619 2420 2689 Σωτῆρι
2447 2618 2617 2688 δηλοῖ.
2641 2619 2816 2671 Πολλὰ
2847 2619 2904 2672 δὲ
2929 2615 2997 2689 ἦν
3019 2619 3168 2690 αὐτῷ
3201 2619 3268 2672 τὰ
3285 2619 3528 2690 κρυφίως
3545 2635 3720 2692 πρατ-

2205 2708 2408 2780 τόμενα
2430 2726 2442 2737 ’
2475 2711 2509 2780 ἦ
2553 2727 2612 2762 τε
2659 2712 2722 2762 ὲκ
2761 2709 3036 2780 Παρθένου
3069 2709 3157 2761 διὰ
3189 2709 3507 2778 Πνεύματος
3551 2709 3716 2778 ἁγίου

2205 2802 2347 2854 κατὰ
2381 2801 2559 2873 σάρκα
2582 2803 2857 2872 γέννησις,
2887 2803 2948 2854 αἵ
2971 2820 3028 2854 τε
3055 2802 3344 2874 παράδοξοι
3373 2803 3467 2856 καὶ
3493 2803 3714 2874 θαυμα-

2203 2893 2423 2962 τουργοὶ
2443 2891 2700 2960 δυνάμεις
2719 2931 2732 2954 ,
2769 2892 2796 2943 ὅ
2814 2909 2872 2943 τε
2914 2891 3142 2954 θάνατος
3175 2891 3338 2954 αὐτὸς
3364 2932 3379 2956 ,
3425 2893 3520 2944 καὶ
3569 2893 3604 2962 ἡ
3631 2894 3718 2955 είς

2205 2985 2330 3054 ᾅδου
2361 2984 2604 3050 κάθοδος,
2637 2985 2732 3038 καὶ
2762 2987 2875 3056 ήὲκ
2905 2985 3114 3055 νεκρῶν
3158 2985 3472 3048 ἀναϐίωσις.
3523 2985 3716 3038 Ταῦτα

2202 3075 2310 3146 γὰρ
2334 3075 2510 3129 πάντα
2543 3075 2786 3145 κρυφίως
2815 3075 2962 3146 αὐτῷ
3005 3076 3336 3146 πέπρακται.
3397 3077 3718 3148 Ἀπέκρυψε

2203 3166 2312 3236 γὰρ
2355 3167 2494 3219 αὐτὰ
2527 3167 2762 3229 καὶτοὺς
2811 3166 3078 3236 ἄρχοντας
3130 3167 3224 3220 τοῦ
3255 3167 3460 3238 κόσμου
3493 3167 3712 3221 τούτου.

2210 3258 2379 3328 ’Υπὲρ
2400 3259 2462 3327 δὴ
2479 3257 2682 3311 τούτων
2699 3257 2806 3312 τῶν
2827 3259 3071 3329 κρυφίων
3097 3261 3124 3311 ὁ
3149 3261 3434 3329 προφήτης
3453 3260 3518 3312 ὲκ
3539 3275 3716 3330 προσ⁴

2197 3347 2346 3401 ώπου
2381 3349 2480 3418 τῆς
2531 3349 2950 3420 ἁνθρωπότητος
3003 3350 3311 3422 εἰσέρχεται
3369 3351 3716 3422 εὐχαριστῶν

2196 3439 2289 3491 καὶ
2319 3438 2518 3507 λέγων·
2566 3438 3119 3508 Ἐξομολογήσομαί
3147 3457 3264 3502 σοι,
3295 3441 3490 3510 Κύριε.
3531 3440 3716 3510 (Alius

2195 3537 2372 3582 autem
2395 3529 2588 3596 codex)
2633 3531 3082 3601 Ἐπισφρὰγισμα
3138 3530 3196 3582 δὲ
3237 3531 3346 3583 τῶν
3387 3531 3642 3602 κρυφίων
3687 3535 3716 3585 ὁ

2197 3621 2424 3684 θάνατος
2449 3625 2541 3676 καὶ
2555 3621 2624 3674 τὰ
2655 3623 2712 3676 ὲν
2741 3621 2866 3694 ᾅδου
2896 3623 3227 3693 πραχθέντα,
3259 3625 3292 3694 ἡ
3319 3623 3620 3688 ἀνάστασίς
3649 3641 3715 3677 τε

2195 3715 2288 3765 καὶ
2313 3715 2344 3784 ἡ
2369 3713 2657 3784 ἀνάληψις.

2207 3801 2750 3874 Ἐξομολογηῆσομαί
2791 3820 2930 3866 σοι,
2979 3805 3186 3873 Κίιριε,
3226 3805 3296 3858 ἐν
3327 3805 3440 3874 ὅλῃ
3489 3807 3712 3876 καρδίᾳ

2117 3909 2236 3960 μου
2264 3933 2276 3944 .
2306 3931 2320 3945 .
2358 3933 2370 3946 .
2411 3933 2424 3946 .
2460 3893 2528 3946 ἐν
2573 3894 2652 3958 τῷ
2689 3895 3154 3966 ἀποστραφῆναι
3181 3895 3286 3950 τὸν
3315 3897 3536 3965 ἐχθρόν
3586 3917 3712 3968 μου

2121 3985 2209 4048 είς
2233 3983 2306 4036 τὰ
2357 3984 2570 4038 ὀπίσω.
2627 3987 2750 4041 Ἐπὶ
2803 3988 2944 4040 τίσιν
2993 3991 3026 4058 ἡ
3085 3987 3471 4060 ἐξομολόγησις
3531 3989 3708 4060 δηλοῖ.

2135 4073 2357 4145 Ἐχθρὸν
2389 4075 2446 4127 δὲ
2481 4076 2645 4130 αὐτοῦ
2687 4077 2778 4130 τὸν
2819 4079 3046 4132 θάνατον
3077 4075 3217 4133 εἷναί
3241 4098 3374 4152 φησι
3401 4081 3492 4134 τὸν
3523 4084 3607 4146 εἰς
3639 4085 3712 4138 τὰ

2121 4165 2296 4218 ὀπίσω
2324 4167 2820 4240 ἀποστρεφόμενον,
2847 4172 3124 4225 τουτέστιν
3151 4175 3232 4236 εἰς
3269 4173 3331 4225 τὸ
3366 4173 3440 4245 μὴ
3467 4170 3634 4230 εἶναι.

2204 4257 2634 4326 Ἇσθενήσουσι
2660 4263 2758 4316 καὶ
2807 4262 3178 4316 ἀπολοῦνται
3219 4264 3338 4316 ἀπὸ
3375 4265 3708 4333 προσώπου

2119 4360 2256 4400 σου.
2311 4347 2596 4413 Ἐπειδὰν,
2639 4351 2824 4421 φησὶν,
2857 4352 3182 4424 ἀποστραφῇ
3235 4355 3314 4416 εἰς
3359 4354 3427 4407 τὰ
3457 4354 3639 4410 ὀπίσω
3677 4359 3710 4411 ὁ

2117 4438 2366 4504 θάνατος,
2391 4443 2510 4494 τότε
2537 4442 2599 4513 δὴ
2623 4443 2716 4496 καὶ
2745 4446 2896 4497 πᾶσα
2926 4443 3154 4514 δύναμις
3183 4445 3534 4518 ἀντικειμένη
3567 4465 3706 4501 κατ-

437 4529 656 4585 inimica
683 4548 831 4588 mors
859 4535 1163 4591 destruitur
1189 4539 1256 4599 εί.
1283 4539 1460 4607 palam
1493 4551 1577 4596 est
1621 4543 1772 4612 prius
1805 4545 2010 4599 destrui

2158 4530 2490 4600 ργηθήσεται
2514 4549 2526 4561 ·
2563 4535 2612 4585 εί
2645 4533 2754 4604 γὰρ
2779 4533 3006 4604 ἔσχατος
3048 4535 3240 4606 ἐχθρὸς
3285 4539 3648 4608 καταργεῖται
3678 4539 3708 4590 ὀ

437 4621 780 4679 adversarius
813 4635 1126 4694 potestates.

506 4797 559 4850 5.
595 4797 730 4853 Illud
764 4820 774 4853 :
821 4799 1082 4866 Quoniam
1117 4805 1290 4874 fecisti
1315 4808 1580 4876 judicium
1617 4828 1786 4866 meum
1815 4821 1864 4866 et
1886 4831 2014 4868 cau-

435 4903 551 4944 sam
577 4907 766 4956 meam,
815 4908 1037 4949 causam
1070 4895 1226 4952 aﬂ‘ert
1255 4901 1552 4968 gratiarum
1601 4905 1870 4970 actionis;
1907 4907 2011 4962 hoc

435 4989 614 5036 autem
650 5001 662 5034 :
700 4983 896 5036 Sediin
929 5003 1085 5056 super
1117 4989 1383 5057 thronum,
1415 4992 1620 5048 indicat
1647 4993 1740 5048 Dei
1785 4997 1838 5048 in
1861 4996 2006 5066 judi-

434 5073 610 5126 cando
644 5073 1060 5144 inspectionem.

505 5163 557 5218 6.
599 5164 898 5235 lncrepasti
917 5181 1178 5240 gentes,et
1211 5177 1365 5244 periit
1399 5179 1614 5246 impius.
1639 5179 2006 5252 lntelligiliilcs

435 5255 690 5314 inimicos
714 5262 940 5316 scilicet.
972 5263 1176 5319 Nomen
1197 5283 1374 5321 eorum
1397 5269 1584 5322 delesti
1639 5272 1692 5323 in
1733 5273 2007 5326 swculum.

431 5349 732 5408 Draconem
765 5357 842 5409 ait
870 5357 1230 5427 spiritualcm,
1259 5361 1309 5415 id
1343 5373 1427 5417 est
1458 5363 1758 5418 diabolum.

499 5507 828 5582 [increpasti
879 5525 1076 5584 gentes.
1117 5527 1168 5571 et
1221 5522 1382 5587 periit
1434 5522 1648 5590 impius.
1703 5522 2002 5580 Dracouem

427 5601 506 5653 ait
541 5613 636 5656 aut
689 5606 994 5674 diabolum,
1029 5611 1160 5680 quia
1217 5613 1518 5682 increpatio
1568 5616 2008 5672 emendationem

427 5691 717 5761 signiﬁcat.
752 5693 881 5749 Jure
912 5699 1036 5767 quis
1069 5699 1290 5766 dixerit,
1325 5703 1628 5760 emendatis
1660 5721 1756 5776 per
1785 5717 2004 5777 aposto-

505 5834 725 5894 "llebr.
755 5856 816 5906 tt,
857 5842 910 5897 8.
989 5845 1034 5876 ⁸ο
1061 5845 1201 5902 Psal.
1229 5849 1398 5916 (ΜΛ.
1479 5851 1516 5882 δ’
1541 5853 1558 5906 l
1588 5853 1714 5906 Cor.
1739 5870 1829 5918 xv,
1851 5854 1942 5908 26.

2125 4619 2374 4686 θάνατος,
2395 4623 2634 4694 δηλονότι
2653 4625 3146 4696 προαναιρεθεισῶν
3171 4625 3278 4678 τῶν
3306 4628 3705 4699 ἀντικειμένων

2121 4709 2426 4781 δυνάμεων.

2195 4802 2314 4854 Ὅτι
2349 4803 2640 4870 ἐποίησας
2681 4801 2795 4872 τὴν
2824 4805 3026 4872 κρίσιν
3076 4824 3195 4874 μου
3249 4805 3343 4858 καὶ
3373 4805 3487 4872 τὴν
3519 4805 3704 4875 δίκην

2115 4909 2256 4960 μου.
2287 4894 2397 4962 Τὴν
2421 4895 2598 4947 αἰτίαν
2625 4895 2724 4965 τῆς
2746 4895 3097 4966 εὐχαριστίας
3137 4896 3532 4949 ἀνταποδίδωσι
3555 4913 3571 4926 ·
3603 4898 3700 4962 τὸ,

2135 4983 2447 5050 Ἐκάθισας
2475 4987 2572 5038 ἐπὶ
2603 4989 2820 5054 θρόνου
2845 4988 2942 5058 τὴν
2971 4990 3048 5051 εἰς
3075 4989 3136 5040 τὸ
3157 4987 3362 5058 κρίνειν
3391 4989 3700 5062 ἐπισκοπὴν

2114 5073 2264 5144 δηλοῖ
2286 5075 2380 5127 τοῦ
2407 5075 2565 5131 Θεοῦ.

2198 5167 2602 5236 Ἐπετὶμησας
2631 5169 2867 5234 ἔθνεσι,
2909 5171 3008 5224 καὶ
3051 5171 3323 5226 ἀπώλετο
3362 5175 3396 5226 ό
3443 5173 3696 5240 ἀσεϐής.

2117 5259 2256 5321 Τοὺς
2299 5263 2522 5329 νοητοὺς
2569 5263 2796 5334 ἐχθροὺς
2854 5265 3116 5334 δηλονότι.
3175 5263 3242 5317 Τὸ
3277 5265 3464 5333 ὄνομα
3505 5265 3698 5320 αὑτοῦ

2116 5347 2448 5418 ἐξήλειψας
2491 5355 2576 5417 είς
2619 5353 2724 5406 τὸν
2751 5353 2952 5408 αἰῶνα.
2993 5355 3095 5408 Τὸν
3118 5355 3386 5426 δράκοντά
3431 5373 3564 5428 φησι
3603 5357 3698 5408 τὸν

2117 5437 2325 5508 νοητὸν.
2358 5441 2414 5503 ὃς
2449 5443 2597 5494 ἐστιν
2619 5445 2646 5494 ὁ
2679 5442 2942 5506 διάϐολος.

2189 5529 2622 5602 [Ἐπετίμησας
2643 5535 2864 5600 ἔθνεσι,
2915 5538 3010 5590 καὶ
3049 5537 3318 5592 ἀ.τώ..ίετο
3366 5542 3398 5592 ό
3439 5540 3692 5608 ἀσεϐής.

2114 5621 2218 5673 Τὸν
2243 5620 2511 5692 δράκοντά
2542 5640 2726 5695 φησιν,
2763 5625 2795 5694 ἢ
2821 5625 2910 5678 τὸν
2935 5627 3178 5680 διάϐολον
3199 5645 3213 5658 ο
3245 5621 3488 5700 ἐπειδῆὴ
3515 5631 3690 5684 ἐπιτί-

2116 5729 2279 5782 μησις
2310 5715 2400 5767 καὶ
2432 5713 2717 5786 διόρθωσιν
2759 5719 3034 5788 σημαίνει.
3071 5719 3228 5772 Εἴποι
3271 5719 3336 5774 ἄν
3367 5737 3451 5784 τις
3475 5760 3492 5786 ,
3541 5719 3680 5794 διορ-
