  <div class='ocr_page' id='page_1' title='image "/cluster/home/n/w/nwhite01/storage/ocr_20150623/27/nnc1.0046978631/050.png"; bbox 0 0 3874 6218; ppageno 0'>
   <div class='ocr_carea' id='block_1_1' title="bbox 169 399 3434 491">
    <p class='ocr_par' dir='ltr' id='par_1_1' title="bbox 169 399 3434 491">
     <span class='ocr_line' id='line_1_1' title="bbox 169 399 3434 491; baseline -0.012 0"><span class='ocrx_word' id='word_1_1' title='bbox 169 434 244 491; x_wconf 66' lang='grc'><strong>85</strong></span> <span class='ocrx_word' id='word_1_2' title='bbox 1313 416 1676 476; x_wconf 79' lang='lat' dir='ltr'><strong>EXPOSITIO</strong></span> <span class='ocrx_word' id='word_1_3' title='bbox 1715 413 1780 469; x_wconf 83' lang='grc' dir='ltr'><strong>ΙΝ</strong></span> <span class='ocrx_word' id='word_1_4' title='bbox 1821 410 2153 468; x_wconf 79' lang='lat' dir='ltr'><strong>PSALMUM</strong></span> <span class='ocrx_word' id='word_1_5' title='bbox 2195 408 2284 462; x_wconf 72' lang='lat' dir='ltr'><strong>IX.</strong></span> <span class='ocrx_word' id='word_1_6' title='bbox 3363 399 3434 454; x_wconf 65' lang='lat'><strong>88</strong></span> 
     </span>
    </p>
   </div>
   <div class='ocr_carea' id='block_1_2' title="bbox 165 516 1746 625">
    <p class='ocr_par' dir='ltr' id='par_1_2' title="bbox 165 534 1746 625">
     <span class='ocr_line' id='line_1_2' title="bbox 165 534 1746 625; baseline -0.011 -21"><span class='ocrx_word' id='word_1_7' title='bbox 165 549 443 621; x_wconf 83' lang='grc' dir='ltr'>θουμένων</span> <span class='ocrx_word' id='word_1_8' title='bbox 474 546 584 600; x_wconf 89' lang='grc' dir='ltr'><strong>τῶν</strong></span> <span class='ocrx_word' id='word_1_9' title='bbox 618 545 786 599; x_wconf 92' lang='grc' dir='ltr'>ἐθνῶν</span> <span class='ocrx_word' id='word_1_10' title='bbox 812 542 916 597; x_wconf 77' lang='grc' dir='ltr'><strong>ὑπὸ</strong></span> <span class='ocrx_word' id='word_1_11' title='bbox 943 542 1052 625; x_wconf 83' lang='grc' dir='ltr'><strong>τῶν</strong></span> <span class='ocrx_word' id='word_1_12' title='bbox 1085 539 1420 602; x_wconf 82' lang='grc' dir='ltr'><strong>ἀποστόλων,</strong></span> <span class='ocrx_word' id='word_1_13' title='bbox 1452 534 1746 592; x_wconf 81' lang='grc' dir='ltr'><strong>ἀπολέσθαι</strong></span> 
     </span>
    </p>
   </div>
   <div class='ocr_carea' id='block_1_3' title="bbox 1863 516 3434 625">
    <p class='ocr_par' dir='ltr' id='par_1_3' title="bbox 1863 516 3434 600">
     <span class='ocr_line' id='line_1_3' title="bbox 1863 516 3434 600; baseline -0.008 -17"><span class='ocrx_word' id='word_1_14' title='bbox 1863 533 1936 585; x_wconf 75' lang='lat' dir='ltr'><strong>los</strong></span> <span class='ocrx_word' id='word_1_15' title='bbox 1975 527 2288 600; x_wconf 71' lang='lat' dir='ltr'><strong>gentilibus,</strong></span> <span class='ocrx_word' id='word_1_16' title='bbox 2331 521 2559 594; x_wconf 85' lang='lat' dir='ltr'><strong>periisse</strong></span> <span class='ocrx_word' id='word_1_17' title='bbox 2595 519 2847 590; x_wconf 88' lang='lat' dir='ltr'><strong>impium,</strong></span> <span class='ocrx_word' id='word_1_18' title='bbox 2885 516 3156 572; x_wconf 75' lang='lat' dir='ltr'><strong>exstincto</strong></span> <span class='ocrx_word' id='word_1_19' title='bbox 3206 529 3434 586; x_wconf 77' lang='lat' dir='ltr'><strong>prorsus</strong></span> 
     </span>
    </p>
   </div>
   <div class='ocr_carea' id='block_1_4' title="bbox 163 631 1754 710">
    <p class='ocr_par' dir='ltr' id='par_1_4' title="bbox 163 631 1754 710">
     <span class='ocr_line' id='line_1_4' title="bbox 163 631 1754 710; baseline -0.009 -14"><span class='ocrx_word' id='word_1_20' title='bbox 163 643 258 696; x_wconf 82' lang='grc' dir='ltr'>τὸν</span> <span class='ocrx_word' id='word_1_21' title='bbox 290 639 482 710; x_wconf 82' lang='grc' dir='ltr'>ἀσεϐῆ,</span> <span class='ocrx_word' id='word_1_22' title='bbox 517 638 838 709; x_wconf 87' lang='grc' dir='ltr'>σϐεσθείσης</span> <span class='ocrx_word' id='word_1_23' title='bbox 862 634 1029 691; x_wconf 77' lang='grc' dir='ltr'>αὑτοῦ</span> <span class='ocrx_word' id='word_1_24' title='bbox 1062 636 1160 706; x_wconf 82' lang='grc' dir='ltr'>τῆς</span> <span class='ocrx_word' id='word_1_25' title='bbox 1185 633 1488 704; x_wconf 84' lang='grc' dir='ltr'>ἐπιϐωμίου</span> <span class='ocrx_word' id='word_1_26' title='bbox 1526 631 1754 700; x_wconf 87' lang='grc' dir='ltr'>κνίσσης</span> 
     </span>
    </p>
   </div>
   <div class='ocr_carea' id='block_1_5' title="bbox 165 724 1756 803">
    <p class='ocr_par' dir='ltr' id='par_1_5' title="bbox 165 724 1756 803">
     <span class='ocr_line' id='line_1_5' title="bbox 165 724 1756 803; baseline -0.007 -17"><span class='ocrx_word' id='word_1_27' title='bbox 165 735 265 788; x_wconf 75' lang='grc' dir='ltr'>καὶ</span> <span class='ocrx_word' id='word_1_28' title='bbox 293 726 616 803; x_wconf 75' lang='grc' dir='ltr'>παυθείσης.</span> <span class='ocrx_word' id='word_1_29' title='bbox 667 729 1131 801; x_wconf 83' lang='grc' dir='ltr'>Ἐπιτιμηθέντων</span> <span class='ocrx_word' id='word_1_30' title='bbox 1153 727 1264 798; x_wconf 72' lang='grc' dir='ltr'><strong>γὰρ</strong></span> <span class='ocrx_word' id='word_1_31' title='bbox 1296 725 1404 779; x_wconf 88' lang='grc' dir='ltr'><strong>τῶν</strong></span> <span class='ocrx_word' id='word_1_32' title='bbox 1435 725 1625 791; x_wconf 86' lang='grc' dir='ltr'>ἐθνῶν,</span> <span class='ocrx_word' id='word_1_33' title='bbox 1659 724 1756 776; x_wconf 76' lang='grc' dir='ltr'>καὶ</span> 
     </span>
    </p>
   </div>
   <div class='ocr_carea' id='block_1_6' title="bbox 165 815 1748 895">
    <p class='ocr_par' dir='ltr' id='par_1_6' title="bbox 165 815 1748 895">
     <span class='ocr_line' id='line_1_6' title="bbox 165 815 1748 895; baseline -0.004 -19"><span class='ocrx_word' id='word_1_34' title='bbox 165 825 309 895; x_wconf 85' lang='grc' dir='ltr'>πρὸς</span> <span class='ocrx_word' id='word_1_35' title='bbox 339 823 544 894; x_wconf 75' lang='grc' dir='ltr'>Κύριον</span> <span class='ocrx_word' id='word_1_36' title='bbox 569 821 1016 893; x_wconf 72' lang='grc' dir='ltr'><strong>ἐπιστρεψάντων</strong></span> <span class='ocrx_word' id='word_1_37' title='bbox 1041 863 1056 884; x_wconf 84' lang='grc'><strong>,</strong></span> <span class='ocrx_word' id='word_1_38' title='bbox 1089 821 1118 871; x_wconf 79' lang='grc' dir='ltr'>ὁ</span> <span class='ocrx_word' id='word_1_39' title='bbox 1163 819 1222 872; x_wconf 89' lang='grc' dir='ltr'><strong>ἐν</strong></span> <span class='ocrx_word' id='word_1_40' title='bbox 1255 819 1438 881; x_wconf 83' lang='grc' dir='ltr'>αὐτοῖς</span> <span class='ocrx_word' id='word_1_41' title='bbox 1490 815 1748 886; x_wconf 76' lang='grc' dir='ltr'><strong>ἐνεργῶν,</strong></span> 
     </span>
    </p>
   </div>
   <div class='ocr_carea' id='block_1_7' title="bbox 164 906 1754 977">
    <p class='ocr_par' dir='ltr' id='par_1_7' title="bbox 164 906 1754 977">
     <span class='ocr_line' id='line_1_7' title="bbox 164 906 1754 977; baseline -0.005 -10"><span class='ocrx_word' id='word_1_42' title='bbox 164 914 264 967; x_wconf 75' lang='grc' dir='ltr'>ἅτε</span> <span class='ocrx_word' id='word_1_43' title='bbox 299 916 436 977; x_wconf 80' lang='grc' dir='ltr'>υἱοῖς</span> <span class='ocrx_word' id='word_1_44' title='bbox 493 907 642 966; x_wconf 80' lang='grc' dir='ltr'>οὖσιν</span> <span class='ocrx_word' id='word_1_45' title='bbox 670 911 977 975; x_wconf 80' lang='grc' dir='ltr'><strong>ἀπειθείας,</strong></span> <span class='ocrx_word' id='word_1_46' title='bbox 1029 910 1294 973; x_wconf 81' lang='grc' dir='ltr'>διάϐολος,</span> <span class='ocrx_word' id='word_1_47' title='bbox 1333 907 1580 963; x_wconf 81' lang='grc' dir='ltr'><strong>ἀπώλετο</strong></span> <span class='ocrx_word' id='word_1_48' title='bbox 1616 906 1754 976; x_wconf 84' lang='grc' dir='ltr'><strong>μετά</strong></span> 
     </span>
    </p>
   </div>
   <div class='ocr_carea' id='block_1_8' title="bbox 161 998 1755 1070">
    <p class='ocr_par' dir='ltr' id='par_1_8' title="bbox 161 998 1755 1070">
     <span class='ocr_line' id='line_1_8' title="bbox 161 998 1755 1070; baseline -0.006 -11"><span class='ocrx_word' id='word_1_49' title='bbox 161 1006 274 1060; x_wconf 84' lang='grc' dir='ltr'><strong>τῶν</strong></span> <span class='ocrx_word' id='word_1_50' title='bbox 297 1005 432 1058; x_wconf 90' lang='grc' dir='ltr'>νεῶν</span> <span class='ocrx_word' id='word_1_51' title='bbox 448 1004 557 1058; x_wconf 89' lang='grc' dir='ltr'><strong>τῶν</strong></span> <span class='ocrx_word' id='word_1_52' title='bbox 590 1002 885 1057; x_wconf 85' lang='grc' dir='ltr'>εἰδωλικῶν</span> <span class='ocrx_word' id='word_1_53' title='bbox 910 1019 925 1033; x_wconf 88' lang='grc'><strong>·</strong></span> <span class='ocrx_word' id='word_1_54' title='bbox 959 1004 1008 1057; x_wconf 84' lang='grc' dir='ltr'>οἳ</span> <span class='ocrx_word' id='word_1_55' title='bbox 1028 1003 1104 1066; x_wconf 87' lang='grc' dir='ltr'><strong>ὡς</strong></span> <span class='ocrx_word' id='word_1_56' title='bbox 1131 1002 1316 1065; x_wconf 87' lang='grc' dir='ltr'>πόλεις</span> <span class='ocrx_word' id='word_1_57' title='bbox 1357 1003 1596 1070; x_wconf 86' lang='grc' dir='ltr'>συνεῖχον</span> <span class='ocrx_word' id='word_1_58' title='bbox 1628 998 1755 1061; x_wconf 80' lang='grc' dir='ltr'>τοὺς</span> 
     </span>
    </p>
   </div>
   <div class='ocr_carea' id='block_1_9' title="bbox 163 1087 1750 1164">
    <p class='ocr_par' dir='ltr' id='par_1_9' title="bbox 163 1087 1750 1164">
     <span class='ocr_line' id='line_1_9' title="bbox 163 1087 1750 1164; baseline -0.003 -20"><span class='ocrx_word' id='word_1_59' title='bbox 163 1093 305 1164; x_wconf 81' lang='grc' dir='ltr'>πρὸς</span> <span class='ocrx_word' id='word_1_60' title='bbox 336 1091 656 1145; x_wconf 88' lang='grc' dir='ltr'>δυσσέϐειαν</span> <span class='ocrx_word' id='word_1_61' title='bbox 699 1091 1038 1163; x_wconf 79' lang='grc' dir='ltr'>ἀφορῶντας.</span> <span class='ocrx_word' id='word_1_62' title='bbox 1089 1091 1200 1144; x_wconf 73' lang='grc' dir='ltr'><strong>Καὶ</strong></span> <span class='ocrx_word' id='word_1_63' title='bbox 1246 1089 1419 1152; x_wconf 77' lang='grc' dir='ltr'>οὕτως</span> <span class='ocrx_word' id='word_1_64' title='bbox 1450 1087 1750 1154; x_wconf 89' lang='grc' dir='ltr'>ἀπώλοντο,</span> 
     </span>
    </p>
   </div>
   <div class='ocr_carea' id='block_1_10' title="bbox 160 1165 1753 1255">
    <p class='ocr_par' dir='ltr' id='par_1_10' title="bbox 160 1165 1753 1255">
     <span class='ocr_line' id='line_1_10' title="bbox 160 1165 1753 1255; baseline -0.003 -18"><span class='ocrx_word' id='word_1_65' title='bbox 160 1185 238 1249; x_wconf 86' lang='grc' dir='ltr'><strong>ώς</strong></span> <span class='ocrx_word' id='word_1_66' title='bbox 270 1184 404 1255; x_wconf 85' lang='grc' dir='ltr'>μηδὲ</span> <span class='ocrx_word' id='word_1_67' title='bbox 434 1185 579 1254; x_wconf 87' lang='grc' dir='ltr'>ῐχνος</span> <span class='ocrx_word' id='word_1_68' title='bbox 611 1165 1026 1254; x_wconf 70' lang='grc' dir='ltr'>ὑπολειφθῆναι.</span> <span class='ocrx_word' id='word_1_69' title='bbox 1082 1184 1270 1236; x_wconf 89' lang='grc' dir='ltr'>Ἔστιν</span> <span class='ocrx_word' id='word_1_70' title='bbox 1314 1181 1563 1235; x_wconf 79' lang='grc' dir='ltr'>ἐκλαϐεῖν</span> <span class='ocrx_word' id='word_1_71' title='bbox 1596 1179 1753 1233; x_wconf 77' lang='grc' dir='ltr'>τοῦτο</span> 
     </span>
    </p>
   </div>
   <div class='ocr_carea' id='block_1_11' title="bbox 163 1272 1754 1346">
    <p class='ocr_par' dir='ltr' id='par_1_11' title="bbox 163 1272 1754 1346">
     <span class='ocr_line' id='line_1_11' title="bbox 163 1272 1754 1346; baseline -0.001 -20"><span class='ocrx_word' id='word_1_72' title='bbox 163 1275 262 1328; x_wconf 78' lang='grc' dir='ltr'>καὶ</span> <span class='ocrx_word' id='word_1_73' title='bbox 287 1274 429 1328; x_wconf 81' lang='grc' dir='ltr'>κατὰ</span> <span class='ocrx_word' id='word_1_74' title='bbox 449 1274 549 1346; x_wconf 75' lang='grc' dir='ltr'>τὴν</span> <span class='ocrx_word' id='word_1_75' title='bbox 574 1274 889 1328; x_wconf 80' lang='grc' dir='ltr'>τελευταίαν</span> <span class='ocrx_word' id='word_1_76' title='bbox 912 1273 1094 1346; x_wconf 84' lang='grc' dir='ltr'>κρίσιν</span> <span class='ocrx_word' id='word_1_77' title='bbox 1114 1290 1128 1303; x_wconf 88' lang='grc'><strong>·</strong></span> <span class='ocrx_word' id='word_1_78' title='bbox 1163 1274 1284 1327; x_wconf 87' lang='grc' dir='ltr'>τότε</span> <span class='ocrx_word' id='word_1_79' title='bbox 1303 1272 1413 1344; x_wconf 89' lang='grc' dir='ltr'><strong>γὰρ</strong></span> <span class='ocrx_word' id='word_1_80' title='bbox 1438 1272 1546 1326; x_wconf 86' lang='grc' dir='ltr'><strong>τῶν</strong></span> <span class='ocrx_word' id='word_1_81' title='bbox 1576 1273 1754 1343; x_wconf 85' lang='grc' dir='ltr'>ἀμαρ-</span> 
     </span>
    </p>
   </div>
   <div class='ocr_carea' id='block_1_12' title="bbox 158 1365 1750 1440">
    <p class='ocr_par' dir='ltr' id='par_1_12' title="bbox 158 1365 1750 1440">
     <span class='ocr_line' id='line_1_12' title="bbox 158 1365 1750 1440; baseline -0.001 -20"><span class='ocrx_word' id='word_1_82' title='bbox 158 1367 352 1421; x_wconf 85' lang='grc' dir='ltr'>τωλῶν</span> <span class='ocrx_word' id='word_1_83' title='bbox 384 1366 828 1438; x_wconf 86' lang='grc' dir='ltr'>ἐπιτιμωμένων,</span> <span class='ocrx_word' id='word_1_84' title='bbox 852 1369 946 1420; x_wconf 63' lang='grc' dir='ltr'>καὶ</span> <span class='ocrx_word' id='word_1_85' title='bbox 967 1369 994 1419; x_wconf 87' lang='grc' dir='ltr'><strong>ό</strong></span> <span class='ocrx_word' id='word_1_86' title='bbox 1025 1366 1289 1430; x_wconf 72' lang='grc' dir='ltr'>διάϐολος,</span> <span class='ocrx_word' id='word_1_87' title='bbox 1325 1367 1353 1418; x_wconf 86' lang='grc' dir='ltr'><strong>ὁ</strong></span> <span class='ocrx_word' id='word_1_88' title='bbox 1381 1367 1586 1440; x_wconf 82' lang='grc' dir='ltr'>κυρίως</span> <span class='ocrx_word' id='word_1_89' title='bbox 1622 1365 1750 1418; x_wconf 89' lang='grc' dir='ltr'>ἀσε-</span> 
     </span>
    </p>
   </div>
   <div class='ocr_carea' id='block_1_13' title="bbox 163 1458 1752 1530">
    <p class='ocr_par' dir='ltr' id='par_1_13' title="bbox 163 1458 1752 1530">
     <span class='ocr_line' id='line_1_13' title="bbox 163 1458 1752 1530; baseline 0.001 -19"><span class='ocrx_word' id='word_1_90' title='bbox 163 1459 290 1530; x_wconf 80' lang='grc' dir='ltr'>ϐὴς,</span> <span class='ocrx_word' id='word_1_91' title='bbox 323 1458 666 1528; x_wconf 72' lang='grc' dir='ltr'>ἀφανίζεται.</span> <span class='ocrx_word' id='word_1_92' title='bbox 695 1460 761 1511; x_wconf 82' lang='grc' dir='ltr'><strong>Αἱ</strong></span> <span class='ocrx_word' id='word_1_93' title='bbox 797 1459 1002 1523; x_wconf 87' lang='grc' dir='ltr'>πόλεις,</span> <span class='ocrx_word' id='word_1_94' title='bbox 1024 1460 1122 1530; x_wconf 86' lang='grc' dir='ltr'>τῆς</span> <span class='ocrx_word' id='word_1_95' title='bbox 1151 1461 1208 1512; x_wconf 83' lang='grc' dir='ltr'><strong>ἐν</strong></span> <span class='ocrx_word' id='word_1_96' title='bbox 1234 1460 1425 1523; x_wconf 83' lang='grc' dir='ltr'>αὐταῖς</span> <span class='ocrx_word' id='word_1_97' title='bbox 1459 1459 1626 1513; x_wconf 78' lang='grc' dir='ltr'>πάλαι</span> <span class='ocrx_word' id='word_1_98' title='bbox 1656 1477 1752 1512; x_wconf 86' lang='grc' dir='ltr'>πο-</span> 
     </span>
    </p>
   </div>
   <div class='ocr_carea' id='block_1_14' title="bbox 159 1550 1750 1622">
    <p class='ocr_par' dir='ltr' id='par_1_14' title="bbox 159 1550 1750 1622">
     <span class='ocr_line' id='line_1_14' title="bbox 159 1550 1750 1622; baseline -0.001 -17"><span class='ocrx_word' id='word_1_99' title='bbox 159 1552 521 1622; x_wconf 86' lang='grc' dir='ltr'>λιτευομένης</span> <span class='ocrx_word' id='word_1_100' title='bbox 554 1551 811 1614; x_wconf 88' lang='grc' dir='ltr'>ἀσεϐείας</span> <span class='ocrx_word' id='word_1_101' title='bbox 837 1551 1232 1622; x_wconf 81' lang='grc' dir='ltr'>καταλυθείσης</span> <span class='ocrx_word' id='word_1_102' title='bbox 1253 1590 1267 1614; x_wconf 95' lang='grc'><strong>,</strong></span> <span class='ocrx_word' id='word_1_103' title='bbox 1301 1550 1397 1622; x_wconf 78' lang='grc' dir='ltr'>τὴν</span> <span class='ocrx_word' id='word_1_104' title='bbox 1436 1550 1750 1622; x_wconf 84' lang='grc' dir='ltr'>οἰκοδομίαν</span> 
     </span>
    </p>
   </div>
   <div class='ocr_carea' id='block_1_15' title="bbox 160 1636 901 1712">
    <p class='ocr_par' dir='ltr' id='par_1_15' title="bbox 160 1636 901 1712">
     <span class='ocr_line' id='line_1_15' title="bbox 160 1636 901 1712; baseline -0.003 -18"><span class='ocrx_word' id='word_1_105' title='bbox 160 1641 266 1712; x_wconf 79' lang='grc' dir='ltr'>τῆς</span> <span class='ocrx_word' id='word_1_106' title='bbox 291 1640 576 1703; x_wconf 80' lang='grc' dir='ltr'>εὐσεϐείας</span> <span class='ocrx_word' id='word_1_107' title='bbox 609 1636 901 1711; x_wconf 81' lang='grc' dir='ltr'>ἐδέξαντο.]</span> 
     </span>
    </p>
   </div>
   <div class='ocr_carea' id='block_1_16' title="bbox 190 1729 1743 1802">
    <p class='ocr_par' dir='ltr' id='par_1_16' title="bbox 190 1729 1743 1802">
     <span class='ocr_line' id='line_1_16' title="bbox 190 1729 1743 1802; baseline -0.002 -15"><span class='ocrx_word' id='word_1_108' title='bbox 190 1736 198 1744; x_wconf 86' lang='grc'><strong><em>“</em></strong></span> <span class='ocrx_word' id='word_1_109' title='bbox 240 1733 355 1787; x_wconf 83' lang='grc' dir='ltr'><strong>Τοῦ</strong></span> <span class='ocrx_word' id='word_1_110' title='bbox 380 1731 597 1802; x_wconf 83' lang='grc' dir='ltr'>ἐχθροῦ</span> <span class='ocrx_word' id='word_1_111' title='bbox 648 1731 935 1796; x_wconf 78' lang='grc' dir='ltr'><strong>ἐξέλιπον</strong></span> <span class='ocrx_word' id='word_1_112' title='bbox 981 1734 1042 1785; x_wconf 83' lang='grc' dir='ltr'>αἱ</span> <span class='ocrx_word' id='word_1_113' title='bbox 1067 1730 1355 1801; x_wconf 68' lang='grc' dir='ltr'>ρομςοαῖαι</span> <span class='ocrx_word' id='word_1_114' title='bbox 1411 1733 1499 1796; x_wconf 79' lang='grc' dir='ltr'>εις</span> <span class='ocrx_word' id='word_1_115' title='bbox 1549 1729 1743 1796; x_wconf 80' lang='grc' dir='ltr'>τέλος.</span> 
     </span>
    </p>
   </div>
   <div class='ocr_carea' id='block_1_17' title="bbox 167 1822 1748 1895">
    <p class='ocr_par' dir='ltr' id='par_1_17' title="bbox 167 1822 1748 1895">
     <span class='ocr_line' id='line_1_17' title="bbox 167 1822 1748 1895; baseline -0.003 -17"><span class='ocrx_word' id='word_1_116' title='bbox 167 1824 478 1895; x_wconf 74' lang='grc' dir='ltr'>Ῥομφαίας</span> <span class='ocrx_word' id='word_1_117' title='bbox 524 1823 620 1877; x_wconf 82' lang='grc' dir='ltr'>τοῦ</span> <span class='ocrx_word' id='word_1_118' title='bbox 649 1822 900 1876; x_wconf 82' lang='grc' dir='ltr'>διαϐόλου</span> <span class='ocrx_word' id='word_1_119' title='bbox 928 1823 1028 1886; x_wconf 84' lang='grc' dir='ltr'><strong>τὰς</strong></span> <span class='ocrx_word' id='word_1_120' title='bbox 1070 1822 1452 1893; x_wconf 85' lang='grc' dir='ltr'>ἀντικειμένας</span> <span class='ocrx_word' id='word_1_121' title='bbox 1488 1822 1748 1892; x_wconf 84' lang='grc' dir='ltr'>δυνάμεις</span> 
     </span>
    </p>
   </div>
   <div class='ocr_carea' id='block_1_18' title="bbox 157 1914 1747 1991">
    <p class='ocr_par' dir='ltr' id='par_1_18' title="bbox 157 1914 1747 1991">
     <span class='ocr_line' id='line_1_18' title="bbox 157 1914 1747 1991; baseline -0.001 -19"><span class='ocrx_word' id='word_1_122' title='bbox 157 1921 318 1991; x_wconf 78' lang='grc' dir='ltr'>φησὶ,</span> <span class='ocrx_word' id='word_1_123' title='bbox 343 1920 411 1973; x_wconf 82' lang='grc' dir='ltr'><strong>δι’</strong></span> <span class='ocrx_word' id='word_1_124' title='bbox 445 1915 518 1974; x_wconf 84' lang='grc' dir='ltr'>ὧν</span> <span class='ocrx_word' id='word_1_125' title='bbox 546 1914 614 1990; x_wconf 74' lang='grc' dir='ltr'>ἦν</span> <span class='ocrx_word' id='word_1_126' title='bbox 643 1919 882 1991; x_wconf 77' lang='grc' dir='ltr'>ἰσχυρός.</span> <span class='ocrx_word' id='word_1_127' title='bbox 919 1917 1024 1991; x_wconf 82' lang='grc' dir='ltr'><strong>[Αἱ</strong></span> <span class='ocrx_word' id='word_1_128' title='bbox 1064 1919 1249 1982; x_wconf 88' lang='grc' dir='ltr'>πόλεις</span> <span class='ocrx_word' id='word_1_129' title='bbox 1285 1918 1342 1972; x_wconf 85' lang='grc' dir='ltr'>αἱ</span> <span class='ocrx_word' id='word_1_130' title='bbox 1375 1918 1747 1988; x_wconf 87' lang='grc' dir='ltr'>ἀντικείμεναι</span> 
     </span>
    </p>
   </div>
   <div class='ocr_carea' id='block_1_19' title="bbox 153 2008 1746 2080">
    <p class='ocr_par' dir='ltr' id='par_1_19' title="bbox 153 2008 1746 2080">
     <span class='ocr_line' id='line_1_19' title="bbox 153 2008 1746 2080; baseline -0.001 -18"><span class='ocrx_word' id='word_1_131' title='bbox 153 2011 440 2080; x_wconf 79' lang='grc' dir='ltr'>δυνάμεις,</span> <span class='ocrx_word' id='word_1_132' title='bbox 484 2009 572 2076; x_wconf 80' lang='grc' dir='ltr'>α’ί,</span> <span class='ocrx_word' id='word_1_133' title='bbox 603 2009 792 2080; x_wconf 86' lang='grc' dir='ltr'>ῶσπερ</span> <span class='ocrx_word' id='word_1_134' title='bbox 833 2008 1016 2072; x_wconf 86' lang='grc' dir='ltr'>πόλεις</span> <span class='ocrx_word' id='word_1_135' title='bbox 1065 2009 1282 2080; x_wconf 83' lang='grc' dir='ltr'>ἰσχυραὶ</span> <span class='ocrx_word' id='word_1_136' title='bbox 1321 2008 1746 2079; x_wconf 83' lang='grc' dir='ltr'>τετειχισμέναι,</span> 
     </span>
    </p>
   </div>
   <div class='ocr_carea' id='block_1_20' title="bbox 157 2099 1748 2171">
    <p class='ocr_par' dir='ltr' id='par_1_20' title="bbox 157 2099 1748 2171">
     <span class='ocr_line' id='line_1_20' title="bbox 157 2099 1748 2171; baseline -0.001 -18"><span class='ocrx_word' id='word_1_137' title='bbox 157 2101 286 2163; x_wconf 77' lang='grc' dir='ltr'>τοὺς</span> <span class='ocrx_word' id='word_1_138' title='bbox 334 2100 560 2163; x_wconf 70' lang='grc' dir='ltr'>ἁλόντας</span> <span class='ocrx_word' id='word_1_139' title='bbox 610 2100 788 2153; x_wconf 78' lang='grc' dir='ltr'>αὐτῶν</span> <span class='ocrx_word' id='word_1_140' title='bbox 818 2101 1002 2171; x_wconf 81' lang='grc' dir='ltr'>ἀπάτῃ</span> <span class='ocrx_word' id='word_1_141' title='bbox 1051 2101 1108 2153; x_wconf 87' lang='grc' dir='ltr'><strong>ἐν</strong></span> <span class='ocrx_word' id='word_1_142' title='bbox 1144 2100 1335 2164; x_wconf 79' lang='grc' dir='ltr'>αὐταῖς</span> <span class='ocrx_word' id='word_1_143' title='bbox 1389 2099 1748 2153; x_wconf 82' lang='grc' dir='ltr'>συλλαϐοῦσαι</span> 
     </span>
    </p>
   </div>
   <div class='ocr_carea' id='block_1_21' title="bbox 161 2184 1749 2262">
    <p class='ocr_par' dir='ltr' id='par_1_21' title="bbox 161 2184 1749 2262">
     <span class='ocr_line' id='line_1_21' title="bbox 161 2184 1749 2262; baseline -0.001 -17"><span class='ocrx_word' id='word_1_144' title='bbox 161 2195 432 2262; x_wconf 84' lang='grc' dir='ltr'>κατεῖχον.</span> <span class='ocrx_word' id='word_1_145' title='bbox 465 2192 574 2244; x_wconf 72' lang='grc' dir='ltr'><strong>Καὶ</strong></span> <span class='ocrx_word' id='word_1_146' title='bbox 609 2191 792 2254; x_wconf 89' lang='grc' dir='ltr'>πόλεις</span> <span class='ocrx_word' id='word_1_147' title='bbox 826 2192 986 2254; x_wconf 89' lang='grc' dir='ltr'>ποίας</span> <span class='ocrx_word' id='word_1_148' title='bbox 1005 2191 1153 2259; x_wconf 85' lang='grc' dir='ltr'>λέγει</span> <span class='ocrx_word' id='word_1_149' title='bbox 1187 2191 1219 2262; x_wconf 84' lang='grc' dir='ltr'>ἢ</span> <span class='ocrx_word' id='word_1_150' title='bbox 1251 2190 1455 2255; x_wconf 85' lang='grc' dir='ltr'>ταύτας</span> <span class='ocrx_word' id='word_1_151' title='bbox 1502 2193 1630 2262; x_wconf 77' lang='grc' dir='ltr'>περὶ</span> <span class='ocrx_word' id='word_1_152' title='bbox 1673 2184 1749 2244; x_wconf 81' lang='grc' dir='ltr'><strong>ὧν</strong></span> 
     </span>
    </p>
   </div>
   <div class='ocr_carea' id='block_1_22' title="bbox 159 2281 1745 2357">
    <p class='ocr_par' dir='ltr' id='par_1_22' title="bbox 159 2281 1745 2357">
     <span class='ocr_line' id='line_1_22' title="bbox 159 2281 1745 2357; baseline -0.002 -19"><span class='ocrx_word' id='word_1_153' title='bbox 159 2283 397 2354; x_wconf 77' lang='grc' dir='ltr'>ἀλλαχοῦ</span> <span class='ocrx_word' id='word_1_154' title='bbox 427 2283 675 2353; x_wconf 87' lang='grc' dir='ltr'>λέγεται·</span> <span class='ocrx_word' id='word_1_155' title='bbox 697 2285 955 2357; x_wconf 80' lang='grc' dir='ltr'>Ἕθηκας</span> <span class='ocrx_word' id='word_1_156' title='bbox 981 2286 1068 2349; x_wconf 84' lang='grc' dir='ltr'>εἰς</span> <span class='ocrx_word' id='word_1_157' title='bbox 1085 2281 1253 2352; x_wconf 79' lang='grc' dir='ltr'>χῶμα</span> <span class='ocrx_word' id='word_1_158' title='bbox 1273 2283 1483 2348; x_wconf 84' lang='grc' dir='ltr'>πόλεις</span> <span class='ocrx_word' id='word_1_159' title='bbox 1503 2281 1745 2350; x_wconf 84' lang='grc' dir='ltr'>ὀχυρὰς,</span> 
     </span>
    </p>
   </div>
   <div class='ocr_carea' id='block_1_23' title="bbox 157 2373 1748 2443">
    <p class='ocr_par' dir='ltr' id='par_1_23' title="bbox 157 2373 1748 2443">
     <span class='ocr_line' id='line_1_23' title="bbox 157 2373 1748 2443; baseline -0.001 -16"><span class='ocrx_word' id='word_1_160' title='bbox 157 2374 267 2427; x_wconf 89' lang='grc' dir='ltr'>τοῦ</span> <span class='ocrx_word' id='word_1_161' title='bbox 295 2373 509 2427; x_wconf 80' lang='grc' dir='ltr'>πεσεῖν</span> <span class='ocrx_word' id='word_1_162' title='bbox 536 2373 736 2428; x_wconf 75' lang='grc' dir='ltr'>αὐτῶν</span> <span class='ocrx_word' id='word_1_163' title='bbox 765 2374 838 2428; x_wconf 86' lang='grc' dir='ltr'>τὰ</span> <span class='ocrx_word' id='word_1_164' title='bbox 865 2373 1108 2442; x_wconf 85' lang='grc' dir='ltr'>θεμέλια</span> <span class='ocrx_word' id='word_1_165' title='bbox 1124 2389 1144 2438; x_wconf 89' lang='grc'><strong><em>;</em></strong></span> <span class='ocrx_word' id='word_1_166' title='bbox 1171 2374 1231 2426; x_wconf 76' lang='grc' dir='ltr'>αἴ</span> <span class='ocrx_word' id='word_1_167' title='bbox 1271 2375 1432 2436; x_wconf 79' lang='grc' dir='ltr'>εἰσιν,</span> <span class='ocrx_word' id='word_1_168' title='bbox 1486 2373 1564 2436; x_wconf 82' lang='grc' dir='ltr'><strong>ὡς</strong></span> <span class='ocrx_word' id='word_1_169' title='bbox 1591 2373 1748 2443; x_wconf 81' lang='grc' dir='ltr'>δεδή-</span> 
     </span>
    </p>
   </div>
   <div class='ocr_carea' id='block_1_24' title="bbox 156 2464 1750 2536">
    <p class='ocr_par' dir='ltr' id='par_1_24' title="bbox 156 2464 1750 2536">
     <span class='ocr_line' id='line_1_24' title="bbox 156 2464 1750 2536; baseline 0.001 -19"><span class='ocrx_word' id='word_1_170' title='bbox 156 2464 347 2530; x_wconf 87' lang='grc' dir='ltr'>λωται,</span> <span class='ocrx_word' id='word_1_171' title='bbox 373 2467 429 2518; x_wconf 81' lang='grc' dir='ltr'>αἱ</span> <span class='ocrx_word' id='word_1_172' title='bbox 465 2465 837 2535; x_wconf 84' lang='grc' dir='ltr'>ἀντικείμεναι</span> <span class='ocrx_word' id='word_1_173' title='bbox 865 2464 1171 2536; x_wconf 59' lang='grc' dir='ltr'>δυνάμεις]</span> <span class='ocrx_word' id='word_1_174' title='bbox 1206 2464 1492 2519; x_wconf 68' lang='grc' dir='ltr'>Ἀπώλετο</span> <span class='ocrx_word' id='word_1_175' title='bbox 1516 2464 1582 2518; x_wconf 87' lang='grc' dir='ltr'>τὸ</span> <span class='ocrx_word' id='word_1_176' title='bbox 1598 2482 1750 2534; x_wconf 82' lang='grc' dir='ltr'>μνη-</span> 
     </span>
    </p>
   </div>
   <div class='ocr_carea' id='block_1_25' title="bbox 151 2555 1747 2630">
    <p class='ocr_par' dir='ltr' id='par_1_25' title="bbox 151 2555 1747 2630">
     <span class='ocr_line' id='line_1_25' title="bbox 151 2555 1747 2630; baseline 0.001 -21"><span class='ocrx_word' id='word_1_177' title='bbox 151 2557 436 2626; x_wconf 80' lang='grc' dir='ltr'>μόσυνον</span> <span class='ocrx_word' id='word_1_178' title='bbox 463 2555 663 2611; x_wconf 81' lang='grc' dir='ltr'>αὐτῶν</span> <span class='ocrx_word' id='word_1_179' title='bbox 675 2559 802 2627; x_wconf 85' lang='grc' dir='ltr'>μετ’</span> <span class='ocrx_word' id='word_1_180' title='bbox 826 2556 1003 2626; x_wconf 75' lang='grc' dir='ltr'>ἤχου.</span> <span class='ocrx_word' id='word_1_181' title='bbox 1027 2555 1218 2630; x_wconf 78' lang='grc' dir='ltr'>[Ὥστε</span> <span class='ocrx_word' id='word_1_182' title='bbox 1246 2555 1572 2620; x_wconf 82' lang='grc' dir='ltr'>ἐξάκουστον</span> <span class='ocrx_word' id='word_1_183' title='bbox 1592 2557 1747 2626; x_wconf 81' lang='grc' dir='ltr'>γενέ-</span> 
     </span>
    </p>
   </div>
   <div class='ocr_carea' id='block_1_26' title="bbox 159 2647 1746 2720">
    <p class='ocr_par' dir='ltr' id='par_1_26' title="bbox 159 2647 1746 2720">
     <span class='ocr_line' id='line_1_26' title="bbox 159 2647 1746 2720; baseline 0.001 -18"><span class='ocrx_word' id='word_1_184' title='bbox 159 2648 284 2702; x_wconf 85' lang='grc' dir='ltr'>σθαι</span> <span class='ocrx_word' id='word_1_185' title='bbox 308 2648 492 2702; x_wconf 73' lang='grc' dir='ltr'>αὐτῶν</span> <span class='ocrx_word' id='word_1_186' title='bbox 517 2649 613 2719; x_wconf 86' lang='grc' dir='ltr'>τὴν</span> <span class='ocrx_word' id='word_1_187' title='bbox 634 2647 930 2703; x_wconf 88' lang='grc' dir='ltr'>ἀπώλειαν.</span> <span class='ocrx_word' id='word_1_188' title='bbox 969 2650 1039 2705; x_wconf 87' lang='grc' dir='ltr'><em>Ἢ</em></span> <span class='ocrx_word' id='word_1_189' title='bbox 1053 2649 1152 2719; x_wconf 79' lang='grc' dir='ltr'>τὴν</span> <span class='ocrx_word' id='word_1_190' title='bbox 1175 2647 1404 2701; x_wconf 88' lang='grc' dir='ltr'>πανολεθ</span> <span class='ocrx_word' id='word_1_191' title='bbox 1413 2649 1536 2720; x_wconf 91' lang='grc' dir='ltr'>ρίαν</span> <span class='ocrx_word' id='word_1_192' title='bbox 1560 2651 1746 2720; x_wconf 78' lang='grc' dir='ltr'>φησὶν,</span> 
     </span>
    </p>
   </div>
   <div class='ocr_carea' id='block_1_27' title="bbox 158 2739 1750 2812">
    <p class='ocr_par' dir='ltr' id='par_1_27' title="bbox 158 2739 1750 2812">
     <span class='ocr_line' id='line_1_27' title="bbox 158 2739 1750 2812; baseline 0.001 -21"><span class='ocrx_word' id='word_1_193' title='bbox 158 2739 191 2809; x_wconf 73' lang='grc' dir='ltr'><strong>ἢ</strong></span> <span class='ocrx_word' id='word_1_194' title='bbox 222 2739 284 2791; x_wconf 79' lang='grc' dir='ltr'>τὸ</span> <span class='ocrx_word' id='word_1_195' title='bbox 319 2739 604 2808; x_wconf 79' lang='grc' dir='ltr'>διωλύγιον</span> <span class='ocrx_word' id='word_1_196' title='bbox 652 2739 758 2792; x_wconf 90' lang='grc' dir='ltr'><strong>τῶν</strong></span> <span class='ocrx_word' id='word_1_197' title='bbox 805 2739 1024 2804; x_wconf 85' lang='grc' dir='ltr'>κακῶν,</span> <span class='ocrx_word' id='word_1_198' title='bbox 1087 2740 1180 2791; x_wconf 80' lang='grc' dir='ltr'>καὶ</span> <span class='ocrx_word' id='word_1_199' title='bbox 1218 2739 1278 2792; x_wconf 86' lang='grc' dir='ltr'>τὸ</span> <span class='ocrx_word' id='word_1_200' title='bbox 1316 2740 1617 2811; x_wconf 82' lang='grc' dir='ltr'>περιφανὲς</span> <span class='ocrx_word' id='word_1_201' title='bbox 1650 2743 1750 2812; x_wconf 85' lang='grc' dir='ltr'><strong>τῆς</strong></span> 
     </span>
    </p>
   </div>
   <div class='ocr_carea' id='block_1_28' title="bbox 158 2831 1745 2904">
    <p class='ocr_par' dir='ltr' id='par_1_28' title="bbox 158 2831 1745 2904">
     <span class='ocr_line' id='line_1_28' title="bbox 158 2831 1745 2904; baseline 0 -17"><span class='ocrx_word' id='word_1_202' title='bbox 158 2833 486 2904; x_wconf 79' lang='grc' dir='ltr'>ἀπω).είας.]</span> <span class='ocrx_word' id='word_1_203' title='bbox 503 2831 726 2898; x_wconf 83' lang='grc' dir='ltr'>Ἐξόικου</span> <span class='ocrx_word' id='word_1_204' title='bbox 735 2851 856 2895; x_wconf 85' lang='grc' dir='ltr'>στος</span> <span class='ocrx_word' id='word_1_205' title='bbox 878 2832 987 2904; x_wconf 81' lang='grc' dir='ltr'><strong>γὰρ</strong></span> <span class='ocrx_word' id='word_1_206' title='bbox 1003 2833 1179 2886; x_wconf 82' lang='grc' dir='ltr'>αὐτῶν</span> <span class='ocrx_word' id='word_1_207' title='bbox 1202 2832 1421 2902; x_wconf 83' lang='grc' dir='ltr'>γέγονεν</span> <span class='ocrx_word' id='word_1_208' title='bbox 1437 2834 1468 2903; x_wconf 84' lang='grc' dir='ltr'><strong>ἡ</strong></span> <span class='ocrx_word' id='word_1_209' title='bbox 1483 2833 1745 2887; x_wconf 89' lang='grc' dir='ltr'>ἀπώλεια.</span> 
     </span>
    </p>
   </div>
   <div class='ocr_carea' id='block_1_29' title="bbox 231 2924 1745 2997">
    <p class='ocr_par' dir='ltr' id='par_1_29' title="bbox 231 2924 1745 2997">
     <span class='ocr_line' id='line_1_29' title="bbox 231 2924 1745 2997; baseline -0.001 -17"><span class='ocrx_word' id='word_1_210' title='bbox 231 2926 342 2980; x_wconf 86' lang='grc' dir='ltr'><strong>Καὶ</strong></span> <span class='ocrx_word' id='word_1_211' title='bbox 367 2925 607 2994; x_wconf 78' lang='grc' dir='ltr'>ἐγένετο</span> <span class='ocrx_word' id='word_1_212' title='bbox 633 2927 848 2994; x_wconf 82' lang='grc' dir='ltr'>Κύριος</span> <span class='ocrx_word' id='word_1_213' title='bbox 876 2925 1189 2995; x_wconf 61' lang='grc' dir='ltr'>καταφυγὴ</span> <span class='ocrx_word' id='word_1_214' title='bbox 1216 2924 1296 2990; x_wconf 87' lang='grc' dir='ltr'>τῷ</span> <span class='ocrx_word' id='word_1_215' title='bbox 1325 2924 1553 2993; x_wconf 65' lang='grc' dir='ltr'>πένητι.</span> <span class='ocrx_word' id='word_1_216' title='bbox 1591 2925 1745 2997; x_wconf 81' lang='grc' dir='ltr'>[Συν-</span> 
     </span>
    </p>
   </div>
   <div class='ocr_carea' id='block_1_30' title="bbox 158 3018 1748 3090">
    <p class='ocr_par' dir='ltr' id='par_1_30' title="bbox 158 3018 1748 3090">
     <span class='ocr_line' id='line_1_30' title="bbox 158 3018 1748 3090; baseline 0.001 -19"><span class='ocrx_word' id='word_1_217' title='bbox 158 3020 300 3090; x_wconf 87' lang='grc' dir='ltr'>εχῶς</span> <span class='ocrx_word' id='word_1_218' title='bbox 329 3021 521 3073; x_wconf 78' lang='grc' dir='ltr'>ἐαυτὸν</span> <span class='ocrx_word' id='word_1_219' title='bbox 553 3018 710 3072; x_wconf 90' lang='grc' dir='ltr'><strong>καλεί</strong></span> <span class='ocrx_word' id='word_1_220' title='bbox 758 3020 966 3089; x_wconf 60' lang='grc' dir='ltr'>πένητα</span> <span class='ocrx_word' id='word_1_221' title='bbox 1005 3019 1099 3071; x_wconf 73' lang='grc' dir='ltr'>καὶ</span> <span class='ocrx_word' id='word_1_222' title='bbox 1129 3018 1364 3088; x_wconf 84' lang='grc' dir='ltr'>πτωχὸν,</span> <span class='ocrx_word' id='word_1_223' title='bbox 1389 3019 1566 3072; x_wconf 88' lang='grc' dir='ltr'>καίτοι</span> <span class='ocrx_word' id='word_1_224' title='bbox 1588 3036 1651 3088; x_wconf 88' lang='grc' dir='ltr'><strong>γε</strong></span> <span class='ocrx_word' id='word_1_225' title='bbox 1691 3020 1748 3072; x_wconf 88' lang='grc' dir='ltr'><strong>ἐν</strong></span> 
     </span>
    </p>
   </div>
   <div class='ocr_carea' id='block_1_31' title="bbox 160 3111 1750 3183">
    <p class='ocr_par' dir='ltr' id='par_1_31' title="bbox 160 3111 1750 3183">
     <span class='ocr_line' id='line_1_31' title="bbox 160 3111 1750 3183; baseline -0.001 -17"><span class='ocrx_word' id='word_1_226' title='bbox 160 3111 476 3182; x_wconf 82' lang='grc' dir='ltr'>βασιλείοις.</span> <span class='ocrx_word' id='word_1_227' title='bbox 541 3112 697 3183; x_wconf 84' lang='grc' dir='ltr'>ᾜδει</span> <span class='ocrx_word' id='word_1_228' title='bbox 729 3112 839 3183; x_wconf 86' lang='grc' dir='ltr'><strong>γάρ</strong></span> <span class='ocrx_word' id='word_1_229' title='bbox 885 3112 954 3164; x_wconf 90' lang='grc' dir='ltr'><strong>τά</strong></span> <span class='ocrx_word' id='word_1_230' title='bbox 1003 3111 1318 3182; x_wconf 90' lang='grc' dir='ltr'>ἀνθρώπινα</span> <span class='ocrx_word' id='word_1_231' title='bbox 1371 3111 1548 3173; x_wconf 79' lang='grc' dir='ltr'>πάντα</span> <span class='ocrx_word' id='word_1_232' title='bbox 1590 3113 1750 3175; x_wconf 80' lang='grc' dir='ltr'>σκιᾶς</span> 
     </span>
    </p>
   </div>
   <div class='ocr_carea' id='block_1_32' title="bbox 158 3201 1819 3286">
    <p class='ocr_par' dir='ltr' id='par_1_32' title="bbox 158 3201 1819 3286">
     <span class='ocr_line' id='line_1_32' title="bbox 158 3201 1819 3286; baseline 0 -30"><span class='ocrx_word' id='word_1_233' title='bbox 158 3201 554 3273; x_wconf 86' lang='grc' dir='ltr'>ἀδρανέστερα.</span> <span class='ocrx_word' id='word_1_234' title='bbox 580 3203 910 3271; x_wconf 77' lang='grc' dir='ltr'>Εὐκαιρίαν</span> <span class='ocrx_word' id='word_1_235' title='bbox 941 3203 1089 3272; x_wconf 73' lang='grc' dir='ltr'>λέγει</span> <span class='ocrx_word' id='word_1_236' title='bbox 1116 3203 1206 3256; x_wconf 77' lang='grc' dir='ltr'>τὸν</span> <span class='ocrx_word' id='word_1_237' title='bbox 1240 3203 1340 3274; x_wconf 80' lang='grc' dir='ltr'>τῆς</span> <span class='ocrx_word' id='word_1_238' title='bbox 1362 3203 1594 3273; x_wconf 80' lang='grc' dir='ltr'>θλίψεως</span> <span class='ocrx_word' id='word_1_239' title='bbox 1627 3223 1749 3258; x_wconf 87' lang='grc' dir='ltr'>και-</span> <span class='ocrx_word' id='word_1_240' title='bbox 1778 3229 1819 3286; x_wconf 77' lang='lat' dir='ltr'>c</span> 
     </span>
    </p>
   </div>
   <div class='ocr_carea' id='block_1_33' title="bbox 162 3295 1743 3368">
    <p class='ocr_par' dir='ltr' id='par_1_33' title="bbox 162 3295 1743 3368">
     <span class='ocr_line' id='line_1_33' title="bbox 162 3295 1743 3368; baseline 0.002 -19"><span class='ocrx_word' id='word_1_241' title='bbox 162 3297 290 3368; x_wconf 83' lang='grc' dir='ltr'>ρόν·</span> <span class='ocrx_word' id='word_1_242' title='bbox 325 3297 413 3350; x_wconf 79' lang='grc' dir='ltr'>ἀεὶ</span> <span class='ocrx_word' id='word_1_243' title='bbox 448 3296 544 3367; x_wconf 79' lang='grc' dir='ltr'>μὲν</span> <span class='ocrx_word' id='word_1_244' title='bbox 574 3295 684 3366; x_wconf 77' lang='grc' dir='ltr'><strong>γὰρ</strong></span> <span class='ocrx_word' id='word_1_245' title='bbox 712 3297 811 3367; x_wconf 81' lang='grc' dir='ltr'>τῆς</span> <span class='ocrx_word' id='word_1_246' title='bbox 853 3295 1104 3367; x_wconf 82' lang='grc' dir='ltr'>βοηθείας</span> <span class='ocrx_word' id='word_1_247' title='bbox 1156 3295 1510 3365; x_wconf 87' lang='grc' dir='ltr'>ἐπιδεόμεθα,</span> <span class='ocrx_word' id='word_1_248' title='bbox 1559 3298 1650 3350; x_wconf 74' lang='grc' dir='ltr'>καὶ</span> <span class='ocrx_word' id='word_1_249' title='bbox 1686 3301 1743 3352; x_wconf 91' lang='grc' dir='ltr'><strong>ἐν</strong></span> 
     </span>
    </p>
   </div>
   <div class='ocr_carea' id='block_1_34' title="bbox 157 3383 1746 3459">
    <p class='ocr_par' dir='ltr' id='par_1_34' title="bbox 157 3383 1746 3459">
     <span class='ocr_line' id='line_1_34' title="bbox 157 3383 1746 3459; baseline -0.001 -19"><span class='ocrx_word' id='word_1_250' title='bbox 157 3387 519 3459; x_wconf 77' lang='grc' dir='ltr'>εὐημερίαις·</span> <span class='ocrx_word' id='word_1_251' title='bbox 572 3384 707 3438; x_wconf 88' lang='grc' dir='ltr'><strong>ἀλλά</strong></span> <span class='ocrx_word' id='word_1_252' title='bbox 737 3384 898 3438; x_wconf 83' lang='grc' dir='ltr'>πλέον</span> <span class='ocrx_word' id='word_1_253' title='bbox 951 3386 1008 3438; x_wconf 88' lang='grc' dir='ltr'><strong>ἐν</strong></span> <span class='ocrx_word' id='word_1_254' title='bbox 1051 3383 1226 3454; x_wconf 72' lang='grc' dir='ltr'>θλίψει</span> <span class='ocrx_word' id='word_1_255' title='bbox 1275 3383 1374 3454; x_wconf 85' lang='grc' dir='ltr'>τῆς</span> <span class='ocrx_word' id='word_1_256' title='bbox 1429 3384 1746 3455; x_wconf 85' lang='grc' dir='ltr'>συμμαχίας</span> 
     </span>
    </p>
   </div>
   <div class='ocr_carea' id='block_1_35' title="bbox 155 3477 1744 3550">
    <p class='ocr_par' dir='ltr' id='par_1_35' title="bbox 155 3477 1744 3550">
     <span class='ocr_line' id='line_1_35' title="bbox 155 3477 1744 3550; baseline -0.001 -18"><span class='ocrx_word' id='word_1_257' title='bbox 155 3477 652 3550; x_wconf 83' lang='grc' dir='ltr'>ὲπαισθανόμεθα.]</span> <span class='ocrx_word' id='word_1_258' title='bbox 686 3477 775 3548; x_wconf 81' lang='grc' dir='ltr'>Τῷ</span> <span class='ocrx_word' id='word_1_259' title='bbox 809 3477 1042 3548; x_wconf 82' lang='grc' dir='ltr'>πτωχῷ,</span> <span class='ocrx_word' id='word_1_260' title='bbox 1100 3477 1177 3548; x_wconf 81' lang='grc' dir='ltr'>τῷ</span> <span class='ocrx_word' id='word_1_261' title='bbox 1229 3477 1581 3549; x_wconf 88' lang='grc' dir='ltr'>πνευματικῷ</span> <span class='ocrx_word' id='word_1_262' title='bbox 1630 3477 1744 3549; x_wconf 82' lang='grc' dir='ltr'><strong>λαῷ</strong></span> 
     </span>
    </p>
   </div>
   <div class='ocr_carea' id='block_1_36' title="bbox 151 3570 1744 3643">
    <p class='ocr_par' dir='ltr' id='par_1_36' title="bbox 151 3570 1744 3643">
     <span class='ocr_line' id='line_1_36' title="bbox 151 3570 1744 3643; baseline 0.001 -21"><span class='ocrx_word' id='word_1_263' title='bbox 151 3589 314 3643; x_wconf 81' lang='grc' dir='ltr'>φησι.</span> <span class='ocrx_word' id='word_1_264' title='bbox 349 3570 578 3638; x_wconf 81' lang='grc' dir='ltr'>Βοηθὸς</span> <span class='ocrx_word' id='word_1_265' title='bbox 602 3571 672 3623; x_wconf 85' lang='grc' dir='ltr'><strong>ἑν</strong></span> <span class='ocrx_word' id='word_1_266' title='bbox 696 3571 1025 3638; x_wconf 78' lang='grc' dir='ltr'>εὐκαιρίαις</span> <span class='ocrx_word' id='word_1_267' title='bbox 1052 3570 1122 3623; x_wconf 72' lang='grc' dir='ltr'>ἐν</span> <span class='ocrx_word' id='word_1_268' title='bbox 1147 3570 1451 3639; x_wconf 71' lang='grc' dir='ltr'>θλίψεσιν.</span> <span class='ocrx_word' id='word_1_269' title='bbox 1486 3571 1575 3635; x_wconf 85' lang='grc' dir='ltr'>Ὠς</span> <span class='ocrx_word' id='word_1_270' title='bbox 1594 3589 1607 3602; x_wconf 88' lang='grc'><strong>·</strong></span> <span class='ocrx_word' id='word_1_271' title='bbox 1642 3572 1744 3625; x_wconf 83' lang='grc' dir='ltr'><strong>Ἐν</strong></span> 
     </span>
    </p>
   </div>
   <div class='ocr_carea' id='block_1_37' title="bbox 154 3655 1069 3728">
    <p class='ocr_par' dir='ltr' id='par_1_37' title="bbox 154 3655 1069 3728">
     <span class='ocr_line' id='line_1_37' title="bbox 154 3655 1069 3728; baseline 0 -16"><span class='ocrx_word' id='word_1_272' title='bbox 154 3655 342 3727; x_wconf 80' lang='grc' dir='ltr'>καιρῷ</span> <span class='ocrx_word' id='word_1_273' title='bbox 365 3655 553 3722; x_wconf 78' lang='grc' dir='ltr'>δεκτῷ</span> <span class='ocrx_word' id='word_1_274' title='bbox 584 3657 903 3728; x_wconf 78' lang='grc' dir='ltr'>ἐπήκουσά</span> <span class='ocrx_word' id='word_1_275' title='bbox 930 3673 1069 3712; x_wconf 84' lang='grc' dir='ltr'>σου.</span> 
     </span>
    </p>
   </div>
   <div class='ocr_carea' id='block_1_38' title="bbox 234 3831 1738 3902">
    <p class='ocr_par' dir='ltr' id='par_1_38' title="bbox 234 3831 1738 3902">
     <span class='ocr_line' id='line_1_38' title="bbox 234 3831 1738 3902; baseline 0.002 -15"><span class='ocrx_word' id='word_1_276' title='bbox 234 3834 478 3887; x_wconf 79' lang='grc' dir='ltr'>Ψάλατε</span> <span class='ocrx_word' id='word_1_277' title='bbox 536 3831 614 3898; x_wconf 83' lang='grc' dir='ltr'>τῷ</span> <span class='ocrx_word' id='word_1_278' title='bbox 669 3835 865 3902; x_wconf 84' lang='grc' dir='ltr'>Κυρίῳ</span> <span class='ocrx_word' id='word_1_279' title='bbox 916 3832 997 3899; x_wconf 85' lang='grc' dir='ltr'>τῷ</span> <span class='ocrx_word' id='word_1_280' title='bbox 1037 3835 1414 3888; x_wconf 79' lang='grc' dir='ltr'>κατοικοῦντι</span> <span class='ocrx_word' id='word_1_281' title='bbox 1465 3835 1534 3889; x_wconf 78' lang='grc' dir='ltr'><strong>ἐν</strong></span> <span class='ocrx_word' id='word_1_282' title='bbox 1569 3834 1738 3890; x_wconf 74' lang='grc' dir='ltr'>Σιών.</span> 
     </span>
    </p>
   </div>
   <div class='ocr_carea' id='block_1_39' title="bbox 157 3925 1745 3997">
    <p class='ocr_par' dir='ltr' id='par_1_39' title="bbox 157 3925 1745 3997">
     <span class='ocr_line' id='line_1_39' title="bbox 157 3925 1745 3997; baseline 0.003 -19"><span class='ocrx_word' id='word_1_283' title='bbox 157 3926 238 3995; x_wconf 78' lang='grc' dir='ltr'><strong>Τῇ</strong></span> <span class='ocrx_word' id='word_1_284' title='bbox 273 3925 604 3995; x_wconf 85' lang='grc' dir='ltr'>ἐπουρανίῳ.</span> <span class='ocrx_word' id='word_1_285' title='bbox 639 3926 791 3996; x_wconf 72' lang='grc' dir='ltr'>φησὶ,</span> <span class='ocrx_word' id='word_1_286' title='bbox 831 3925 1206 3997; x_wconf 84' lang='grc' dir='ltr'>Ἰερουσαλήμ.</span> <span class='ocrx_word' id='word_1_287' title='bbox 1251 3927 1745 3996; x_wconf 77' lang='grc' dir='ltr'>Ἀναγγείλατεὲν</span> 
     </span>
    </p>
   </div>
   <div class='ocr_carea' id='block_1_40' title="bbox 154 4015 1743 4088">
    <p class='ocr_par' dir='ltr' id='par_1_40' title="bbox 154 4015 1743 4088">
     <span class='ocr_line' id='line_1_40' title="bbox 154 4015 1743 4088; baseline 0.002 -18"><span class='ocrx_word' id='word_1_288' title='bbox 154 4016 286 4082; x_wconf 83' lang='grc' dir='ltr'>τοῖς</span> <span class='ocrx_word' id='word_1_289' title='bbox 318 4017 523 4070; x_wconf 81' lang='grc' dir='ltr'>ἔθνεσι</span> <span class='ocrx_word' id='word_1_290' title='bbox 561 4016 636 4070; x_wconf 88' lang='grc' dir='ltr'>τὰ</span> <span class='ocrx_word' id='word_1_291' title='bbox 689 4015 1128 4088; x_wconf 78' lang='grc' dir='ltr'>ἐπιτηδεύματα</span> <span class='ocrx_word' id='word_1_292' title='bbox 1185 4018 1391 4073; x_wconf 85' lang='grc' dir='ltr'>αὐτοῦ.</span> <span class='ocrx_word' id='word_1_293' title='bbox 1435 4019 1619 4074; x_wconf 78' lang='grc' dir='ltr'>Ταῦτα</span> <span class='ocrx_word' id='word_1_294' title='bbox 1669 4019 1743 4084; x_wconf 83' lang='grc' dir='ltr'>ὡς</span> 
     </span>
    </p>
   </div>
   <div class='ocr_carea' id='block_1_41' title="bbox 158 4105 1743 4178">
    <p class='ocr_par' dir='ltr' id='par_1_41' title="bbox 158 4105 1743 4178">
     <span class='ocr_line' id='line_1_41' title="bbox 158 4105 1743 4178; baseline 0.003 -20"><span class='ocrx_word' id='word_1_295' title='bbox 158 4105 300 4178; x_wconf 81' lang='grc' dir='ltr'>πρὸς</span> <span class='ocrx_word' id='word_1_296' title='bbox 353 4108 480 4170; x_wconf 85' lang='grc' dir='ltr'>τοὺς</span> <span class='ocrx_word' id='word_1_297' title='bbox 530 4107 862 4172; x_wconf 79' lang='grc' dir='ltr'>ἀποστόλους</span> <span class='ocrx_word' id='word_1_298' title='bbox 899 4109 994 4162; x_wconf 78' lang='grc' dir='ltr'>καὶ</span> <span class='ocrx_word' id='word_1_299' title='bbox 1049 4109 1176 4172; x_wconf 77' lang='grc' dir='ltr'>τοὺς</span> <span class='ocrx_word' id='word_1_300' title='bbox 1234 4109 1340 4162; x_wconf 88' lang='grc' dir='ltr'><strong>τῶν</strong></span> <span class='ocrx_word' id='word_1_301' title='bbox 1396 4109 1743 4178; x_wconf 84' lang='grc' dir='ltr'>Εὑαγγελίων</span> 
     </span>
    </p>
   </div>
   <div class='ocr_carea' id='block_1_42' title="bbox 155 4196 1743 4271">
    <p class='ocr_par' dir='ltr' id='par_1_42' title="bbox 155 4196 1743 4271">
     <span class='ocr_line' id='line_1_42' title="bbox 155 4196 1743 4271; baseline 0.004 -23"><span class='ocrx_word' id='word_1_302' title='bbox 155 4196 411 4268; x_wconf 75' lang='grc' dir='ltr'>κήρυκάς</span> <span class='ocrx_word' id='word_1_303' title='bbox 435 4213 620 4266; x_wconf 83' lang='grc' dir='ltr'>φησιν.</span> <span class='ocrx_word' id='word_1_304' title='bbox 673 4197 807 4250; x_wconf 87' lang='grc' dir='ltr'>Τίνα</span> <span class='ocrx_word' id='word_1_305' title='bbox 838 4197 894 4250; x_wconf 89' lang='grc' dir='ltr'><strong>δέ</strong></span> <span class='ocrx_word' id='word_1_306' title='bbox 941 4197 1010 4251; x_wconf 83' lang='grc' dir='ltr'>τὰ</span> <span class='ocrx_word' id='word_1_307' title='bbox 1069 4198 1474 4271; x_wconf 82' lang='grc' dir='ltr'>ἐπιτηδεύματα</span> <span class='ocrx_word' id='word_1_308' title='bbox 1514 4199 1601 4254; x_wconf 76' lang='grc' dir='ltr'>διὰ</span> <span class='ocrx_word' id='word_1_309' title='bbox 1635 4201 1743 4256; x_wconf 86' lang='grc' dir='ltr'><strong>τῶν</strong></span> 
     </span>
    </p>
   </div>
   <div class='ocr_carea' id='block_1_43' title="bbox 154 4287 583 4358">
    <p class='ocr_par' dir='ltr' id='par_1_43' title="bbox 154 4287 583 4358">
     <span class='ocr_line' id='line_1_43' title="bbox 154 4287 583 4358; baseline 0.005 -18"><span class='ocrx_word' id='word_1_310' title='bbox 154 4287 286 4356; x_wconf 78' lang='grc' dir='ltr'>ἐξῆς</span> <span class='ocrx_word' id='word_1_311' title='bbox 306 4287 583 4358; x_wconf 84' lang='grc' dir='ltr'>σημαίνει.</span> 
     </span>
    </p>
   </div>
   <div class='ocr_carea' id='block_1_44' title="bbox 228 4378 1744 4455">
    <p class='ocr_par' dir='ltr' id='par_1_44' title="bbox 228 4378 1744 4455">
     <span class='ocr_line' id='line_1_44' title="bbox 228 4378 1744 4455; baseline 0.007 -25"><span class='ocrx_word' id='word_1_312' title='bbox 228 4379 352 4431; x_wconf 88' lang='grc' dir='ltr'>Ὅτι</span> <span class='ocrx_word' id='word_1_313' title='bbox 373 4383 408 4432; x_wconf 87' lang='grc' dir='ltr'><strong>ό</strong></span> <span class='ocrx_word' id='word_1_314' title='bbox 437 4378 696 4448; x_wconf 68' lang='grc' dir='ltr'>ἐκῶιτῶν</span> <span class='ocrx_word' id='word_1_315' title='bbox 722 4379 795 4434; x_wconf 87' lang='grc' dir='ltr'>τὰ</span> <span class='ocrx_word' id='word_1_316' title='bbox 822 4382 1043 4450; x_wconf 82' lang='grc' dir='ltr'>αἵματα</span> <span class='ocrx_word' id='word_1_317' title='bbox 1079 4380 1278 4437; x_wconf 77' lang='grc' dir='ltr'>αὐτῶν</span> <span class='ocrx_word' id='word_1_318' title='bbox 1305 4385 1598 4455; x_wconf 77' lang='grc' dir='ltr'>ἐμνήσθη.</span> <span class='ocrx_word' id='word_1_319' title='bbox 1663 4387 1744 4441; x_wconf 84' lang='grc' dir='ltr'><strong>Τά</strong></span> 
     </span>
    </p>
   </div>
   <div class='ocr_carea' id='block_1_45' title="bbox 154 4471 1741 4552">
    <p class='ocr_par' dir='ltr' id='par_1_45' title="bbox 154 4471 1741 4552">
     <span class='ocr_line' id='line_1_45' title="bbox 154 4471 1741 4552; baseline 0.008 -30"><span class='ocrx_word' id='word_1_320' title='bbox 154 4471 384 4540; x_wconf 76' lang='grc' dir='ltr'>αἵματα,</span> <span class='ocrx_word' id='word_1_321' title='bbox 420 4472 576 4547; x_wconf 76' lang='grc' dir='ltr'>φησὶ,</span> <span class='ocrx_word' id='word_1_322' title='bbox 605 4472 672 4525; x_wconf 75' lang='grc' dir='ltr'><strong>τὰ</strong></span> <span class='ocrx_word' id='word_1_323' title='bbox 697 4473 838 4544; x_wconf 82' lang='grc' dir='ltr'>ὑπὲρ</span> <span class='ocrx_word' id='word_1_324' title='bbox 871 4474 1036 4528; x_wconf 64' lang='grc' dir='ltr'><strong>αἱ)τοῦ</strong></span> <span class='ocrx_word' id='word_1_325' title='bbox 1069 4475 1410 4547; x_wconf 86' lang='grc' dir='ltr'>ἐκκεχυμὲνα</span> <span class='ocrx_word' id='word_1_326' title='bbox 1452 4479 1741 4552; x_wconf 76' lang='grc' dir='ltr'>ἐκζητήσει</span> 
     </span>
    </p>
   </div>
   <div class='ocr_carea' id='block_1_46' title="bbox 153 4561 884 4629">
    <p class='ocr_par' dir='ltr' id='par_1_46' title="bbox 153 4561 884 4629">
     <span class='ocr_line' id='line_1_46' title="bbox 153 4561 884 4629; baseline 0.008 -17"><span class='ocrx_word' id='word_1_327' title='bbox 153 4561 248 4614; x_wconf 70' lang='grc' dir='ltr'><strong>ἐπὶ</strong></span> <span class='ocrx_word' id='word_1_328' title='bbox 279 4561 343 4613; x_wconf 80' lang='grc' dir='ltr'><strong>τὸ</strong></span> <span class='ocrx_word' id='word_1_329' title='bbox 366 4563 611 4626; x_wconf 84' lang='grc' dir='ltr'>ἐκδικίας</span> <span class='ocrx_word' id='word_1_330' title='bbox 635 4564 884 4629; x_wconf 79' lang='grc' dir='ltr'>ἀξιῶσαι.</span> 
     </span>
    </p>
   </div>
   <div class='ocr_carea' id='block_1_47' title="bbox 226 4651 1739 4728">
    <p class='ocr_par' dir='ltr' id='par_1_47' title="bbox 226 4651 1739 4728">
     <span class='ocr_line' id='line_1_47' title="bbox 226 4651 1739 4728; baseline 0.009 -24"><span class='ocrx_word' id='word_1_331' title='bbox 226 4651 388 4725; x_wconf 81' lang='grc' dir='ltr'><strong>[Οὐκ</strong></span> <span class='ocrx_word' id='word_1_332' title='bbox 425 4652 752 4707; x_wconf 81' lang='grc' dir='ltr'>ἐπελάθετο</span> <span class='ocrx_word' id='word_1_333' title='bbox 810 4655 922 4723; x_wconf 83' lang='grc' dir='ltr'>τῆς</span> <span class='ocrx_word' id='word_1_334' title='bbox 971 4655 1236 4723; x_wconf 83' lang='grc' dir='ltr'>δεήσεως</span> <span class='ocrx_word' id='word_1_335' title='bbox 1283 4657 1402 4712; x_wconf 83' lang='grc' dir='ltr'>τῶν</span> <span class='ocrx_word' id='word_1_336' title='bbox 1447 4661 1739 4728; x_wconf 70' lang='grc' dir='ltr'>πενήτων.</span> 
     </span>
    </p>
   </div>
   <div class='ocr_carea' id='block_1_48' title="bbox 153 4744 1744 4825">
    <p class='ocr_par' dir='ltr' id='par_1_48' title="bbox 153 4744 1744 4825">
     <span class='ocr_line' id='line_1_48' title="bbox 153 4744 1744 4825; baseline 0.006 -26"><span class='ocrx_word' id='word_1_337' title='bbox 153 4745 404 4816; x_wconf 87' lang='grc' dir='ltr'>Πένητας</span> <span class='ocrx_word' id='word_1_338' title='bbox 427 4744 589 4798; x_wconf 83' lang='grc' dir='ltr'>πάλιν</span> <span class='ocrx_word' id='word_1_339' title='bbox 615 4747 741 4809; x_wconf 76' lang='grc' dir='ltr'>τοὺς</span> <span class='ocrx_word' id='word_1_340' title='bbox 771 4746 836 4799; x_wconf 87' lang='grc' dir='ltr'><strong>δι’</strong></span> <span class='ocrx_word' id='word_1_341' title='bbox 867 4747 1030 4800; x_wconf 82' lang='grc' dir='ltr'>αὑτὸν</span> <span class='ocrx_word' id='word_1_342' title='bbox 1058 4749 1439 4819; x_wconf 73' lang='grc' dir='ltr'>πτωχεύοντας</span> <span class='ocrx_word' id='word_1_343' title='bbox 1477 4771 1661 4825; x_wconf 79' lang='grc' dir='ltr'>φησιν,</span> <span class='ocrx_word' id='word_1_344' title='bbox 1694 4757 1744 4810; x_wconf 81' lang='grc' dir='ltr'>οἳ</span> 
     </span>
    </p>
   </div>
   <div class='ocr_carea' id='block_1_49' title="bbox 151 4835 1740 4913">
    <p class='ocr_par' dir='ltr' id='par_1_49' title="bbox 151 4835 1740 4913">
     <span class='ocr_line' id='line_1_49' title="bbox 151 4835 1740 4913; baseline 0.008 -25"><span class='ocrx_word' id='word_1_345' title='bbox 151 4837 249 4889; x_wconf 76' lang='grc' dir='ltr'>καὶ</span> <span class='ocrx_word' id='word_1_346' title='bbox 285 4835 374 4889; x_wconf 77' lang='grc' dir='ltr'>διὰ</span> <span class='ocrx_word' id='word_1_347' title='bbox 425 4835 625 4900; x_wconf 79' lang='grc' dir='ltr'>παντὸς</span> <span class='ocrx_word' id='word_1_348' title='bbox 680 4837 779 4902; x_wconf 78' lang='grc' dir='ltr'>τὰς</span> <span class='ocrx_word' id='word_1_349' title='bbox 836 4839 972 4910; x_wconf 78' lang='grc' dir='ltr'>πρὸς</span> <span class='ocrx_word' id='word_1_350' title='bbox 996 4840 1157 4893; x_wconf 83' lang='grc' dir='ltr'>αὐτὸν</span> <span class='ocrx_word' id='word_1_351' title='bbox 1204 4842 1410 4907; x_wconf 79' lang='grc' dir='ltr'>ἱκεσίας</span> <span class='ocrx_word' id='word_1_352' title='bbox 1442 4846 1740 4913; x_wconf 79' lang='grc' dir='ltr'>ποιοῦντες,</span> 
     </span>
    </p>
   </div>
   <div class='ocr_carea' id='block_1_50' title="bbox 148 4927 1743 5010">
    <p class='ocr_par' dir='ltr' id='par_1_50' title="bbox 148 4927 1743 5010">
     <span class='ocr_line' id='line_1_50' title="bbox 148 4927 1743 5010; baseline 0.008 -30"><span class='ocrx_word' id='word_1_353' title='bbox 148 4927 436 4998; x_wconf 84' lang='grc' dir='ltr'>ἐκδίκησιν</span> <span class='ocrx_word' id='word_1_354' title='bbox 462 4927 571 4980; x_wconf 89' lang='grc' dir='ltr'><strong>τῶν</strong></span> <span class='ocrx_word' id='word_1_355' title='bbox 612 4931 732 4981; x_wconf 83' lang='grc' dir='ltr'>κατ’</span> <span class='ocrx_word' id='word_1_356' title='bbox 757 4929 936 4982; x_wconf 77' lang='grc' dir='ltr'>αὐτῶν</span> <span class='ocrx_word' id='word_1_357' title='bbox 970 4931 1280 5002; x_wconf 82' lang='grc' dir='ltr'>γενομένων</span> <span class='ocrx_word' id='word_1_358' title='bbox 1331 4935 1553 4990; x_wconf 87' lang='grc' dir='ltr'>ἀδικιῶν</span> <span class='ocrx_word' id='word_1_359' title='bbox 1592 4941 1743 5010; x_wconf 79' lang='grc' dir='ltr'>παρὰ</span> 
     </span>
    </p>
   </div>
   <div class='ocr_carea' id='block_1_51' title="bbox 148 5017 918 5092">
    <p class='ocr_par' dir='ltr' id='par_1_51' title="bbox 148 5017 918 5092">
     <span class='ocr_line' id='line_1_51' title="bbox 148 5017 918 5092; baseline 0.005 -23"><span class='ocrx_word' id='word_1_360' title='bbox 148 5017 261 5070; x_wconf 88' lang='grc' dir='ltr'><strong>τῶν</strong></span> <span class='ocrx_word' id='word_1_361' title='bbox 292 5017 564 5088; x_wconf 87' lang='grc' dir='ltr'>δαιμόνων</span> <span class='ocrx_word' id='word_1_362' title='bbox 592 5019 918 5092; x_wconf 83' lang='grc' dir='ltr'>αίτοῦντες.]</span> 
     </span>
    </p>
   </div>
   <div class='ocr_carea' id='block_1_52' title="bbox 235 5112 1738 5183">
    <p class='ocr_par' dir='ltr' id='par_1_52' title="bbox 235 5112 1738 5183">
     <span class='ocr_line' id='line_1_52' title="bbox 235 5112 1738 5183; baseline 0.012 -19"><span class='ocrx_word' id='word_1_363' title='bbox 235 5113 300 5170; x_wconf 85' lang='grc' dir='ltr'><strong><em>Ὅ</em></strong></span> <span class='ocrx_word' id='word_1_364' title='bbox 335 5112 512 5180; x_wconf 68' lang='grc' dir='ltr'><strong>ὑψῶν</strong></span> <span class='ocrx_word' id='word_1_365' title='bbox 535 5132 612 5183; x_wconf 83' lang='grc' dir='ltr'><strong>με</strong></span> <span class='ocrx_word' id='word_1_366' title='bbox 654 5115 721 5168; x_wconf 83' lang='grc' dir='ltr'>ἐκ</span> <span class='ocrx_word' id='word_1_367' title='bbox 753 5115 871 5168; x_wconf 77' lang='grc' dir='ltr'>τῶν</span> <span class='ocrx_word' id='word_1_368' title='bbox 922 5116 1134 5171; x_wconf 77' lang='grc' dir='ltr'>πυλῶν</span> <span class='ocrx_word' id='word_1_369' title='bbox 1179 5119 1286 5172; x_wconf 83' lang='grc' dir='ltr'>τοῦ</span> <span class='ocrx_word' id='word_1_370' title='bbox 1327 5122 1606 5180; x_wconf 72' lang='grc' dir='ltr'>θανάτου.</span> <span class='ocrx_word' id='word_1_371' title='bbox 1641 5128 1738 5182; x_wconf 85' lang='grc' dir='ltr'>Διά</span> 
     </span>
    </p>
   </div>
   <div class='ocr_carea' id='block_1_53' title="bbox 149 5201 1739 5290">
    <p class='ocr_par' dir='ltr' id='par_1_53' title="bbox 149 5201 1739 5290">
     <span class='ocr_line' id='line_1_53' title="bbox 149 5201 1739 5290; baseline 0.011 -35"><span class='ocrx_word' id='word_1_372' title='bbox 149 5201 311 5256; x_wconf 81' lang='grc' dir='ltr'>τοῦτο</span> <span class='ocrx_word' id='word_1_373' title='bbox 341 5205 577 5275; x_wconf 85' lang='grc' dir='ltr'>ἐγείρεις</span> <span class='ocrx_word' id='word_1_374' title='bbox 600 5206 663 5257; x_wconf 89' lang='grc' dir='ltr'><strong>ἐκ</strong></span> <span class='ocrx_word' id='word_1_375' title='bbox 694 5205 799 5277; x_wconf 85' lang='grc' dir='ltr'>γῆς</span> <span class='ocrx_word' id='word_1_376' title='bbox 821 5207 1227 5276; x_wconf 74' lang='grc' dir='ltr'>ταπεινώσεως,</span> <span class='ocrx_word' id='word_1_377' title='bbox 1271 5212 1358 5266; x_wconf 80' lang='grc' dir='ltr'>ἵνα</span> <span class='ocrx_word' id='word_1_378' title='bbox 1385 5217 1451 5286; x_wconf 82' lang='grc' dir='ltr'>τῇ</span> <span class='ocrx_word' id='word_1_379' title='bbox 1501 5218 1739 5290; x_wconf 85' lang='grc' dir='ltr'>ἐπουρα-</span> 
     </span>
    </p>
   </div>
   <div class='ocr_carea' id='block_1_54' title="bbox 150 5293 812 5366">
    <p class='ocr_par' dir='ltr' id='par_1_54' title="bbox 150 5293 812 5366">
     <span class='ocr_line' id='line_1_54' title="bbox 150 5293 812 5366; baseline 0.005 -20"><span class='ocrx_word' id='word_1_380' title='bbox 150 5297 248 5363; x_wconf 81' lang='grc' dir='ltr'><strong>νίῳ</strong></span> <span class='ocrx_word' id='word_1_381' title='bbox 277 5293 630 5366; x_wconf 77' lang='grc' dir='ltr'>συγχορεύσω</span> <span class='ocrx_word' id='word_1_382' title='bbox 651 5295 812 5350; x_wconf 84' lang='grc' dir='ltr'>Σιών.</span> 
     </span>
    </p>
   </div>
   <div class='ocr_carea' id='block_1_55' title="bbox 224 5385 1737 5468">
    <p class='ocr_par' dir='ltr' id='par_1_55' title="bbox 224 5385 1737 5468">
     <span class='ocr_line' id='line_1_55' title="bbox 224 5385 1737 5468; baseline 0.01 -32"><span class='ocrx_word' id='word_1_383' title='bbox 224 5385 244 5457; x_wconf 83' lang='lat'>[</span> <span class='ocrx_word' id='word_1_384' title='bbox 273 5387 371 5437; x_wconf 82' lang='grc' dir='ltr'><strong>Ἑν</strong></span> <span class='ocrx_word' id='word_1_385' title='bbox 429 5389 647 5454; x_wconf 84' lang='grc' dir='ltr'>πύλαις</span> <span class='ocrx_word' id='word_1_386' title='bbox 689 5387 798 5456; x_wconf 86' lang='grc' dir='ltr'>τῆς</span> <span class='ocrx_word' id='word_1_387' title='bbox 824 5389 1116 5457; x_wconf 82' lang='grc' dir='ltr'>θυγατρὸς</span> <span class='ocrx_word' id='word_1_388' title='bbox 1143 5391 1313 5446; x_wconf 80' lang='grc' dir='ltr'>Σιών.</span> <span class='ocrx_word' id='word_1_389' title='bbox 1365 5395 1451 5447; x_wconf 84' lang='grc' dir='ltr'>Ἐν</span> <span class='ocrx_word' id='word_1_390' title='bbox 1481 5399 1547 5468; x_wconf 79' lang='grc' dir='ltr'><strong>τῇ</strong></span> <span class='ocrx_word' id='word_1_391' title='bbox 1578 5399 1737 5451; x_wconf 82' lang='grc' dir='ltr'>ἐπου-</span> 
     </span>
    </p>
   </div>
   <div class='ocr_carea' id='block_1_56' title="bbox 155 5479 1742 5563">
    <p class='ocr_par' dir='ltr' id='par_1_56' title="bbox 155 5479 1742 5563">
     <span class='ocr_line' id='line_1_56' title="bbox 155 5479 1742 5563; baseline 0.009 -32"><span class='ocrx_word' id='word_1_392' title='bbox 155 5479 324 5549; x_wconf 83' lang='grc' dir='ltr'>ρανίῳ</span> <span class='ocrx_word' id='word_1_393' title='bbox 360 5481 736 5554; x_wconf 86' lang='grc' dir='ltr'>Ἰερουσαλήμ.</span> <span class='ocrx_word' id='word_1_394' title='bbox 779 5481 872 5549; x_wconf 83' lang='grc' dir='ltr'><strong>Τὸ,</strong></span> <span class='ocrx_word' id='word_1_395' title='bbox 897 5482 1252 5554; x_wconf 70' lang='grc' dir='ltr'>ἐπαγγείλω,</span> <span class='ocrx_word' id='word_1_396' title='bbox 1289 5487 1409 5540; x_wconf 78' lang='grc' dir='ltr'>ἀντὶ</span> <span class='ocrx_word' id='word_1_397' title='bbox 1447 5488 1541 5542; x_wconf 80' lang='grc' dir='ltr'>τοῦ</span> <span class='ocrx_word' id='word_1_398' title='bbox 1563 5531 1577 5556; x_wconf 96' lang='grc'><strong>,</strong></span> <span class='ocrx_word' id='word_1_399' title='bbox 1616 5509 1742 5563; x_wconf 85' lang='grc' dir='ltr'>χρο-</span> 
     </span>
    </p>
   </div>
   <div class='ocr_carea' id='block_1_57' title="bbox 152 5570 572 5644">
    <p class='ocr_par' dir='ltr' id='par_1_57' title="bbox 152 5570 572 5644">
     <span class='ocr_line' id='line_1_57' title="bbox 152 5570 572 5644; baseline 0.01 -24"><span class='ocrx_word' id='word_1_400' title='bbox 152 5570 279 5633; x_wconf 83' lang='grc' dir='ltr'>νίως</span> <span class='ocrx_word' id='word_1_401' title='bbox 320 5570 572 5644; x_wconf 67' lang='grc' dir='ltr'>ᾄσομαι]</span> 
     </span>
    </p>
   </div>
   <div class='ocr_carea' id='block_1_58' title="bbox 221 5660 1740 5749">
    <p class='ocr_par' dir='ltr' id='par_1_58' title="bbox 221 5660 1740 5749">
     <span class='ocr_line' id='line_1_58' title="bbox 221 5660 1740 5749; baseline 0.011 -35"><span class='ocrx_word' id='word_1_402' title='bbox 221 5660 591 5716; x_wconf 80' lang='grc' dir='ltr'>Γινώσκεται</span> <span class='ocrx_word' id='word_1_403' title='bbox 620 5664 837 5733; x_wconf 84' lang='grc' dir='ltr'>Κύριος</span> <span class='ocrx_word' id='word_1_404' title='bbox 863 5667 1118 5736; x_wconf 57' lang='grc' dir='ltr'>κριζιιατα</span> <span class='ocrx_word' id='word_1_405' title='bbox 1155 5668 1358 5724; x_wconf 80' lang='grc' dir='ltr'>ποιῶν.</span> <span class='ocrx_word' id='word_1_406' title='bbox 1398 5673 1592 5745; x_wconf 85' lang='grc' dir='ltr'>Κρίμα</span> <span class='ocrx_word' id='word_1_407' title='bbox 1633 5675 1740 5749; x_wconf 82' lang='grc' dir='ltr'><strong>γὰρ</strong></span> 
     </span>
    </p>
   </div>
   <div class='ocr_carea' id='block_1_59' title="bbox 152 5753 1741 5834">
    <p class='ocr_par' dir='ltr' id='par_1_59' title="bbox 152 5753 1741 5834">
     <span class='ocr_line' id='line_1_59' title="bbox 152 5753 1741 5834; baseline 0.01 -26"><span class='ocrx_word' id='word_1_408' title='bbox 152 5753 371 5825; x_wconf 50' lang='lat' dir='ltr'><strong>annos;</strong></span> <span class='ocrx_word' id='word_1_409' title='bbox 405 5755 615 5810; x_wconf 80' lang='grc' dir='ltr'>δίκαιον</span> <span class='ocrx_word' id='word_1_410' title='bbox 655 5756 715 5810; x_wconf 85' lang='grc' dir='ltr'>τὸ</span> <span class='ocrx_word' id='word_1_411' title='bbox 743 5759 869 5822; x_wconf 81' lang='grc' dir='ltr'>τοὺς</span> <span class='ocrx_word' id='word_1_412' title='bbox 905 5762 1422 5828; x_wconf 79' lang='grc' dir='ltr'>κατασκευάσαντας</span> <span class='ocrx_word' id='word_1_413' title='bbox 1469 5765 1741 5834; x_wconf 82' lang='grc' dir='ltr'>ἀνθρώπω</span> 
     </span>
    </p>
   </div>
   <div class='ocr_carea' id='block_1_60' title="bbox 225 5867 1208 5941">
    <p class='ocr_par' dir='ltr' id='par_1_60' title="bbox 225 5867 1208 5941">
     <span class='ocr_line' id='line_1_60' title="bbox 225 5867 1208 5941; baseline 0.01 -20"><span class='ocrx_word' id='word_1_414' title='bbox 225 5867 392 5924; x_wconf 82' lang='lat' dir='ltr'><strong>“lsa.</strong></span> <span class='ocrx_word' id='word_1_415' title='bbox 440 5886 565 5936; x_wconf 72' lang='lat' dir='ltr'><strong>xxv,</strong></span> <span class='ocrx_word' id='word_1_416' title='bbox 608 5872 661 5928; x_wconf 73' lang='grc'>2.</span> <span class='ocrx_word' id='word_1_417' title='bbox 741 5875 808 5908; x_wconf 69' lang='grc' dir='ltr'><strong>εν</strong></span> <span class='ocrx_word' id='word_1_418' title='bbox 844 5872 945 5930; x_wconf 85' lang='lat' dir='ltr'><strong>lsa.</strong></span> <span class='ocrx_word' id='word_1_419' title='bbox 974 5891 1124 5941; x_wconf 78' lang='lat' dir='ltr'><strong>xm,</strong></span> <span class='ocrx_word' id='word_1_420' title='bbox 1155 5877 1208 5931; x_wconf 82' lang='lat'><strong>‘2.</strong></span> 
     </span>
    </p>
   </div>
   <div class='ocr_carea' id='block_1_61' title="bbox 1858 607 3430 692">
    <p class='ocr_par' dir='ltr' id='par_1_61' title="bbox 1858 607 3430 692">
     <span class='ocr_line' id='line_1_61' title="bbox 1858 607 3430 692; baseline -0.011 -15"><span class='ocrx_word' id='word_1_421' title='bbox 1858 632 2022 692; x_wconf 90' lang='lat' dir='ltr'><strong>atque</strong></span> <span class='ocrx_word' id='word_1_422' title='bbox 2050 620 2227 674; x_wconf 87' lang='lat' dir='ltr'><strong>deleto</strong></span> <span class='ocrx_word' id='word_1_423' title='bbox 2273 617 2526 672; x_wconf 74' lang='lat' dir='ltr'><strong>altarium</strong></span> <span class='ocrx_word' id='word_1_424' title='bbox 2560 615 2682 682; x_wconf 88' lang='lat' dir='ltr'><strong>ejus</strong></span> <span class='ocrx_word' id='word_1_425' title='bbox 2705 611 2914 665; x_wconf 86' lang='lat' dir='ltr'><strong>nidore.</strong></span> <span class='ocrx_word' id='word_1_426' title='bbox 2947 607 3246 678; x_wconf 80' lang='lat' dir='ltr'><strong>Postquam</strong></span> <span class='ocrx_word' id='word_1_427' title='bbox 3285 607 3430 661; x_wconf 85' lang='lat' dir='ltr'><strong>enim</strong></span> 
     </span>
    </p>
   </div>
   <div class='ocr_carea' id='block_1_62' title="bbox 1859 704 3433 786">
    <p class='ocr_par' dir='ltr' id='par_1_62' title="bbox 1859 704 3433 786">
     <span class='ocr_line' id='line_1_62' title="bbox 1859 704 3433 786; baseline -0.011 -18"><span class='ocrx_word' id='word_1_428' title='bbox 1859 724 2048 786; x_wconf 81' lang='lat' dir='ltr'><strong>gentes</strong></span> <span class='ocrx_word' id='word_1_429' title='bbox 2079 713 2392 780; x_wconf 58' lang='lat' dir='ltr'><strong>increpata,</strong></span> <span class='ocrx_word' id='word_1_430' title='bbox 2429 717 2483 762; x_wconf 83' lang='lat' dir='ltr'><strong>et</strong></span> <span class='ocrx_word' id='word_1_431' title='bbox 2528 705 2595 761; x_wconf 91' lang='lat' dir='ltr'><strong>ad</strong></span> <span class='ocrx_word' id='word_1_432' title='bbox 2629 704 2920 759; x_wconf 92' lang='lat' dir='ltr'><strong>Dominum</strong></span> <span class='ocrx_word' id='word_1_433' title='bbox 2957 716 3233 756; x_wconf 80' lang='lat' dir='ltr'><strong>conversae</strong></span> <span class='ocrx_word' id='word_1_434' title='bbox 3279 709 3433 760; x_wconf 73' lang='lat' dir='ltr'><strong>sunt,</strong></span> 
     </span>
    </p>
   </div>
   <div class='ocr_carea' id='block_1_63' title="bbox 1855 793 3430 876">
    <p class='ocr_par' dir='ltr' id='par_1_63' title="bbox 1855 793 3430 876">
     <span class='ocr_line' id='line_1_63' title="bbox 1855 793 3430 876; baseline -0.01 -17"><span class='ocrx_word' id='word_1_435' title='bbox 1855 805 1947 876; x_wconf 87' lang='lat' dir='ltr'><strong>qui</strong></span> <span class='ocrx_word' id='word_1_436' title='bbox 1987 805 2042 858; x_wconf 93' lang='lat' dir='ltr'><strong>in</strong></span> <span class='ocrx_word' id='word_1_437' title='bbox 2076 803 2213 872; x_wconf 87' lang='lat' dir='ltr'><strong>ipsis</strong></span> <span class='ocrx_word' id='word_1_438' title='bbox 2263 808 2446 869; x_wconf 89' lang='lat' dir='ltr'><strong>utpote</strong></span> <span class='ocrx_word' id='word_1_439' title='bbox 2493 795 2928 866; x_wconf 68' lang='lat' dir='ltr'><strong>inobsequentiaa</strong></span> <span class='ocrx_word' id='word_1_440' title='bbox 2973 793 3100 846; x_wconf 85' lang='lat' dir='ltr'><strong>[iliis</strong></span> <span class='ocrx_word' id='word_1_441' title='bbox 3131 795 3241 846; x_wconf 92' lang='lat' dir='ltr'><strong>vim</strong></span> <span class='ocrx_word' id='word_1_442' title='bbox 3273 807 3430 845; x_wconf 92' lang='lat' dir='ltr'><strong>suam</strong></span> 
     </span>
    </p>
   </div>
   <div class='ocr_carea' id='block_1_64' title="bbox 1853 886 3429 960">
    <p class='ocr_par' dir='ltr' id='par_1_64' title="bbox 1853 886 3429 960">
     <span class='ocr_line' id='line_1_64' title="bbox 1853 886 3429 960; baseline -0.01 -8"><span class='ocrx_word' id='word_1_443' title='bbox 1853 897 2164 960; x_wconf 79' lang='lat' dir='ltr'><strong>exercebat,</strong></span> <span class='ocrx_word' id='word_1_444' title='bbox 2224 894 2476 949; x_wconf 87' lang='lat' dir='ltr'><strong>diabolus</strong></span> <span class='ocrx_word' id='word_1_445' title='bbox 2533 890 2764 952; x_wconf 87' lang='lat' dir='ltr'><strong>scilicet,</strong></span> <span class='ocrx_word' id='word_1_446' title='bbox 2818 903 2926 942; x_wconf 91' lang='lat' dir='ltr'><strong>una</strong></span> <span class='ocrx_word' id='word_1_447' title='bbox 2983 901 3108 942; x_wconf 89' lang='lat' dir='ltr'><strong>cum</strong></span> <span class='ocrx_word' id='word_1_448' title='bbox 3159 886 3429 940; x_wconf 88' lang='lat' dir='ltr'><strong>idolorum</strong></span> 
     </span>
    </p>
   </div>
   <div class='ocr_carea' id='block_1_65' title="bbox 1854 975 3433 1058">
    <p class='ocr_par' dir='ltr' id='par_1_65' title="bbox 1854 975 3433 1058">
     <span class='ocr_line' id='line_1_65' title="bbox 1854 975 3433 1058; baseline -0.01 -14"><span class='ocrx_word' id='word_1_449' title='bbox 1854 988 2072 1058; x_wconf 88' lang='lat' dir='ltr'><strong>templis</strong></span> <span class='ocrx_word' id='word_1_450' title='bbox 2113 986 2294 1056; x_wconf 92' lang='lat' dir='ltr'><strong>periit,</strong></span> <span class='ocrx_word' id='word_1_451' title='bbox 2344 999 2467 1055; x_wconf 72' lang='lat' dir='ltr'><strong>qua:</strong></span> <span class='ocrx_word' id='word_1_452' title='bbox 2507 998 2608 1038; x_wconf 93' lang='lat' dir='ltr'><strong>ceu</strong></span> <span class='ocrx_word' id='word_1_453' title='bbox 2653 981 2902 1036; x_wconf 82' lang='lat' dir='ltr'><strong>civitates</strong></span> <span class='ocrx_word' id='word_1_454' title='bbox 2932 978 3201 1049; x_wconf 85' lang='lat' dir='ltr'><strong>quaedam,</strong></span> <span class='ocrx_word' id='word_1_455' title='bbox 3255 975 3433 1030; x_wconf 84' lang='lat' dir='ltr'><strong>conti-</strong></span> 
     </span>
    </p>
   </div>
   <div class='ocr_carea' id='block_1_66' title="bbox 1854 1067 3429 1148">
    <p class='ocr_par' dir='ltr' id='par_1_66' title="bbox 1854 1067 3429 1148">
     <span class='ocr_line' id='line_1_66' title="bbox 1854 1067 3429 1148; baseline -0.01 -13"><span class='ocrx_word' id='word_1_456' title='bbox 1854 1082 2060 1136; x_wconf 89' lang='lat' dir='ltr'><strong>nebant</strong></span> <span class='ocrx_word' id='word_1_457' title='bbox 2090 1094 2187 1134; x_wconf 89' lang='lat' dir='ltr'><strong>eos</strong></span> <span class='ocrx_word' id='word_1_458' title='bbox 2213 1078 2308 1148; x_wconf 92' lang='lat' dir='ltr'><strong>qui</strong></span> <span class='ocrx_word' id='word_1_459' title='bbox 2343 1076 2682 1146; x_wconf 88' lang='lat' dir='ltr'><strong>impietatem</strong></span> <span class='ocrx_word' id='word_1_460' title='bbox 2726 1071 3098 1127; x_wconf 86' lang='lat' dir='ltr'><strong>sectabantur.</strong></span> <span class='ocrx_word' id='word_1_461' title='bbox 3126 1068 3304 1138; x_wconf 87' lang='lat' dir='ltr'><strong>Atque</strong></span> <span class='ocrx_word' id='word_1_462' title='bbox 3354 1067 3429 1120; x_wconf 88' lang='lat' dir='ltr'><strong>ita</strong></span> 
     </span>
    </p>
   </div>
   <div class='ocr_carea' id='block_1_67' title="bbox 1852 1167 3430 1241">
    <p class='ocr_par' dir='ltr' id='par_1_67' title="bbox 1852 1167 3430 1241">
     <span class='ocr_line' id='line_1_67' title="bbox 1852 1167 3430 1241; baseline -0.011 -10"><span class='ocrx_word' id='word_1_463' title='bbox 1852 1177 2028 1232; x_wconf 89' lang='lat' dir='ltr'><strong>deleta</strong></span> <span class='ocrx_word' id='word_1_464' title='bbox 2061 1183 2211 1241; x_wconf 89' lang='lat' dir='ltr'><strong>sunt,</strong></span> <span class='ocrx_word' id='word_1_465' title='bbox 2242 1182 2303 1228; x_wconf 90' lang='lat' dir='ltr'><strong>ut</strong></span> <span class='ocrx_word' id='word_1_466' title='bbox 2330 1187 2397 1227; x_wconf 90' lang='lat' dir='ltr'><strong>ne</strong></span> <span class='ocrx_word' id='word_1_467' title='bbox 2421 1169 2713 1240; x_wconf 77' lang='lat' dir='ltr'><strong>vestigium</strong></span> <span class='ocrx_word' id='word_1_468' title='bbox 2735 1167 2956 1237; x_wconf 88' lang='lat' dir='ltr'><strong>quidem</strong></span> <span class='ocrx_word' id='word_1_469' title='bbox 2988 1179 3178 1220; x_wconf 90' lang='lat' dir='ltr'><strong>eorum</strong></span> <span class='ocrx_word' id='word_1_470' title='bbox 3213 1175 3430 1216; x_wconf 89' lang='lat' dir='ltr'><strong>reman-</strong></span> 
     </span>
    </p>
   </div>
   <div class='ocr_carea' id='block_1_68' title="bbox 1854 1253 3428 1330">
    <p class='ocr_par' dir='ltr' id='par_1_68' title="bbox 1854 1253 3428 1330">
     <span class='ocr_line' id='line_1_68' title="bbox 1854 1253 3428 1330; baseline -0.011 -8"><span class='ocrx_word' id='word_1_471' title='bbox 1854 1267 2005 1322; x_wconf 88' lang='lat' dir='ltr'><strong>serit.</strong></span> <span class='ocrx_word' id='word_1_472' title='bbox 2038 1264 2226 1320; x_wconf 84' lang='lat' dir='ltr'><strong>Potest</strong></span> <span class='ocrx_word' id='word_1_473' title='bbox 2257 1263 2389 1318; x_wconf 91' lang='lat' dir='ltr'><strong>illud</strong></span> <span class='ocrx_word' id='word_1_474' title='bbox 2425 1262 2492 1316; x_wconf 91' lang='lat' dir='ltr'><strong>de</strong></span> <span class='ocrx_word' id='word_1_475' title='bbox 2528 1268 2806 1330; x_wconf 89' lang='lat' dir='ltr'><strong>postremo</strong></span> <span class='ocrx_word' id='word_1_476' title='bbox 2841 1270 3061 1325; x_wconf 83' lang='lat' dir='ltr'><strong>quoque</strong></span> <span class='ocrx_word' id='word_1_477' title='bbox 3087 1253 3296 1324; x_wconf 88' lang='lat' dir='ltr'><strong>judicio</strong></span> <span class='ocrx_word' id='word_1_478' title='bbox 3329 1265 3428 1306; x_wconf 77' lang='lat' dir='ltr'><strong>ex-</strong></span> 
     </span>
    </p>
   </div>
   <div class='ocr_carea' id='block_1_69' title="bbox 1854 1342 3426 1427">
    <p class='ocr_par' dir='ltr' id='par_1_69' title="bbox 1854 1342 3426 1427">
     <span class='ocr_line' id='line_1_69' title="bbox 1854 1342 3426 1427; baseline -0.009 -17"><span class='ocrx_word' id='word_1_479' title='bbox 1854 1357 2042 1427; x_wconf 91' lang='lat' dir='ltr'><strong>plicari</strong></span> <span class='ocrx_word' id='word_1_480' title='bbox 2072 1374 2088 1422; x_wconf 89' lang='lat'><strong>;</strong></span> <span class='ocrx_word' id='word_1_481' title='bbox 2124 1365 2253 1410; x_wconf 91' lang='lat' dir='ltr'><strong>tunc</strong></span> <span class='ocrx_word' id='word_1_482' title='bbox 2283 1357 2431 1409; x_wconf 90' lang='lat' dir='ltr'><strong>enim</strong></span> <span class='ocrx_word' id='word_1_483' title='bbox 2475 1349 2770 1419; x_wconf 85' lang='lat' dir='ltr'><strong>increpatis</strong></span> <span class='ocrx_word' id='word_1_484' title='bbox 2799 1345 3198 1417; x_wconf 83' lang='lat' dir='ltr'><strong>peccatoribus,</strong></span> <span class='ocrx_word' id='word_1_485' title='bbox 3233 1342 3426 1397; x_wconf 86' lang='lat' dir='ltr'><strong>diabo-</strong></span> 
     </span>
    </p>
   </div>
   <div class='ocr_carea' id='block_1_70' title="bbox 1853 1433 3428 1516">
    <p class='ocr_par' dir='ltr' id='par_1_70' title="bbox 1853 1433 3428 1516">
     <span class='ocr_line' id='line_1_70' title="bbox 1853 1433 3428 1516; baseline -0.011 -13"><span class='ocrx_word' id='word_1_486' title='bbox 1853 1450 1962 1512; x_wconf 92' lang='lat' dir='ltr'><strong>lus,</strong></span> <span class='ocrx_word' id='word_1_487' title='bbox 1990 1448 2084 1516; x_wconf 92' lang='lat' dir='ltr'><strong>qui</strong></span> <span class='ocrx_word' id='word_1_488' title='bbox 2111 1445 2332 1516; x_wconf 81' lang='lat' dir='ltr'><strong>proprie</strong></span> <span class='ocrx_word' id='word_1_489' title='bbox 2369 1442 2569 1512; x_wconf 89' lang='lat' dir='ltr'><strong>impius</strong></span> <span class='ocrx_word' id='word_1_490' title='bbox 2609 1439 2780 1504; x_wconf 87' lang='lat' dir='ltr'><strong>audit,</strong></span> <span class='ocrx_word' id='word_1_491' title='bbox 2813 1437 3058 1492; x_wconf 78' lang='lat' dir='ltr'><strong>funditus</strong></span> <span class='ocrx_word' id='word_1_492' title='bbox 3088 1434 3303 1504; x_wconf 84' lang='lat' dir='ltr'><strong>peribit.</strong></span> <span class='ocrx_word' id='word_1_493' title='bbox 3331 1433 3428 1488; x_wconf 83' lang='lat' dir='ltr'><strong>Ci-</strong></span> 
     </span>
    </p>
   </div>
   <div class='ocr_carea' id='block_1_71' title="bbox 1851 1523 3428 1606">
    <p class='ocr_par' dir='ltr' id='par_1_71' title="bbox 1851 1523 3428 1606">
     <span class='ocr_line' id='line_1_71' title="bbox 1851 1523 3428 1606; baseline -0.01 -14"><span class='ocrx_word' id='word_1_494' title='bbox 1851 1539 2050 1593; x_wconf 85' lang='lat' dir='ltr'><strong>vitates</strong></span> <span class='ocrx_word' id='word_1_495' title='bbox 2083 1550 2269 1606; x_wconf 91' lang='lat' dir='ltr'><strong>porro,</strong></span> <span class='ocrx_word' id='word_1_496' title='bbox 2305 1534 2595 1598; x_wconf 83' lang='lat' dir='ltr'><strong>exstincta,</strong></span> <span class='ocrx_word' id='word_1_497' title='bbox 2647 1544 2769 1600; x_wconf 77' lang='lat' dir='ltr'><strong>quae</strong></span> <span class='ocrx_word' id='word_1_498' title='bbox 2809 1529 2864 1581; x_wconf 90' lang='lat' dir='ltr'><strong>in</strong></span> <span class='ocrx_word' id='word_1_499' title='bbox 2918 1527 3053 1596; x_wconf 91' lang='lat' dir='ltr'><strong>ipsis</strong></span> <span class='ocrx_word' id='word_1_500' title='bbox 3101 1533 3226 1578; x_wconf 86' lang='lat' dir='ltr'><strong>ante</strong></span> <span class='ocrx_word' id='word_1_501' title='bbox 3249 1523 3428 1579; x_wconf 88' lang='lat' dir='ltr'><strong>domi-</strong></span> 
     </span>
    </p>
   </div>
   <div class='ocr_carea' id='block_1_72' title="bbox 1852 1614 3426 1698">
    <p class='ocr_par' dir='ltr' id='par_1_72' title="bbox 1852 1614 3426 1698">
     <span class='ocr_line' id='line_1_72' title="bbox 1852 1614 3426 1698; baseline -0.01 -12"><span class='ocrx_word' id='word_1_502' title='bbox 1852 1631 2108 1694; x_wconf 85' lang='lat' dir='ltr'><strong>nabatur,</strong></span> <span class='ocrx_word' id='word_1_503' title='bbox 2137 1629 2437 1698; x_wconf 86' lang='lat' dir='ltr'><strong>impietate,</strong></span> <span class='ocrx_word' id='word_1_504' title='bbox 2461 1624 2750 1680; x_wconf 74' lang='lat' dir='ltr'><strong>aediﬁcium</strong></span> <span class='ocrx_word' id='word_1_505' title='bbox 2775 1620 2994 1691; x_wconf 90' lang='lat' dir='ltr'><strong>pietatis</strong></span> <span class='ocrx_word' id='word_1_506' title='bbox 3017 1614 3426 1687; x_wconf 88' lang='lat' dir='ltr'><strong>susceperunt.]</strong></span> 
     </span>
    </p>
   </div>
   <div class='ocr_carea' id='block_1_73' title="bbox 1923 1709 3429 1788">
    <p class='ocr_par' dir='ltr' id='par_1_73' title="bbox 1923 1709 3429 1788">
     <span class='ocr_line' id='line_1_73' title="bbox 1923 1709 3429 1788; baseline -0.007 -12"><span class='ocrx_word' id='word_1_507' title='bbox 1923 1724 1974 1776; x_wconf 89' lang='lat'><strong>7.</strong></span> <span class='ocrx_word' id='word_1_508' title='bbox 2006 1721 2222 1776; x_wconf 77' lang='lat' dir='ltr'><strong>Inimici</strong></span> <span class='ocrx_word' id='word_1_509' title='bbox 2257 1720 2562 1788; x_wconf 83' lang='lat' dir='ltr'><strong>defecerunt</strong></span> <span class='ocrx_word' id='word_1_510' title='bbox 2611 1717 2828 1786; x_wconf 72' lang='lat' dir='ltr'><strong>framea:</strong></span> <span class='ocrx_word' id='word_1_511' title='bbox 2857 1714 2913 1766; x_wconf 91' lang='lat' dir='ltr'><strong>in</strong></span> <span class='ocrx_word' id='word_1_512' title='bbox 2958 1713 3135 1782; x_wconf 86' lang='lat' dir='ltr'><strong>ﬁnem.</strong></span> <span class='ocrx_word' id='word_1_513' title='bbox 3168 1709 3429 1776; x_wconf 64' lang='lat' dir='ltr'><strong>[frameas</strong></span> 
     </span>
    </p>
   </div>
   <div class='ocr_carea' id='block_1_74' title="bbox 1851 1804 3428 1878">
    <p class='ocr_par' dir='ltr' id='par_1_74' title="bbox 1851 1804 3428 1878">
     <span class='ocr_line' id='line_1_74' title="bbox 1851 1804 3428 1878; baseline -0.008 -8"><span class='ocrx_word' id='word_1_514' title='bbox 1851 1815 2053 1870; x_wconf 87' lang='lat' dir='ltr'><strong>diaboli</strong></span> <span class='ocrx_word' id='word_1_515' title='bbox 2081 1812 2426 1868; x_wconf 74' lang='lat' dir='ltr'><strong>adversarius</strong></span> <span class='ocrx_word' id='word_1_516' title='bbox 2457 1809 2590 1864; x_wconf 89' lang='lat' dir='ltr'><strong>dicit</strong></span> <span class='ocrx_word' id='word_1_517' title='bbox 2619 1816 2938 1878; x_wconf 87' lang='lat' dir='ltr'><strong>potestates,</strong></span> <span class='ocrx_word' id='word_1_518' title='bbox 2981 1804 3182 1874; x_wconf 85' lang='lat' dir='ltr'><strong>quibus</strong></span> <span class='ocrx_word' id='word_1_519' title='bbox 3232 1810 3428 1872; x_wconf 80' lang='lat' dir='ltr'><strong>potens</strong></span> 
     </span>
    </p>
   </div>
   <div class='ocr_carea' id='block_1_75' title="bbox 1852 1899 3428 1976">
    <p class='ocr_par' dir='ltr' id='par_1_75' title="bbox 1852 1899 3428 1976">
     <span class='ocr_line' id='line_1_75' title="bbox 1852 1899 3428 1976; baseline -0.009 -16"><span class='ocrx_word' id='word_1_520' title='bbox 1852 1907 1940 1960; x_wconf 84' lang='lat' dir='ltr'><strong>ille</strong></span> <span class='ocrx_word' id='word_1_521' title='bbox 1967 1913 2071 1961; x_wconf 91' lang='lat' dir='ltr'><strong>est.</strong></span> <span class='ocrx_word' id='word_1_522' title='bbox 2106 1903 2388 1976; x_wconf 87' lang='lat' dir='ltr'><strong>[Civitates</strong></span> <span class='ocrx_word' id='word_1_523' title='bbox 2417 1911 2544 1956; x_wconf 92' lang='lat' dir='ltr'><strong>sunt</strong></span> <span class='ocrx_word' id='word_1_524' title='bbox 2570 1899 2896 1953; x_wconf 83' lang='lat' dir='ltr'><strong>adversariae</strong></span> <span class='ocrx_word' id='word_1_525' title='bbox 2941 1903 3261 1967; x_wconf 86' lang='lat' dir='ltr'><strong>potestates,</strong></span> <span class='ocrx_word' id='word_1_526' title='bbox 3305 1907 3428 1963; x_wconf 63' lang='lat' dir='ltr'><strong>quas</strong></span> 
     </span>
    </p>
   </div>
   <div class='ocr_carea' id='block_1_76' title="bbox 1851 1987 3428 2065">
    <p class='ocr_par' dir='ltr' id='par_1_76' title="bbox 1851 1987 3428 2065">
     <span class='ocr_line' id='line_1_76' title="bbox 1851 1987 3428 2065; baseline -0.008 -16"><span class='ocrx_word' id='word_1_527' title='bbox 1851 1995 2014 2065; x_wconf 88' lang='lat' dir='ltr'><strong>quasi</strong></span> <span class='ocrx_word' id='word_1_528' title='bbox 2052 1993 2307 2047; x_wconf 81' lang='lat' dir='ltr'><strong>civitates</strong></span> <span class='ocrx_word' id='word_1_529' title='bbox 2339 1988 2642 2060; x_wconf 65' lang='lat' dir='ltr'><strong>praevalida:</strong></span> <span class='ocrx_word' id='word_1_530' title='bbox 2673 1987 2844 2042; x_wconf 89' lang='lat' dir='ltr'><strong>muris</strong></span> <span class='ocrx_word' id='word_1_531' title='bbox 2894 1987 3193 2048; x_wconf 66' lang='lat' dir='ltr'><strong>instructae,</strong></span> <span class='ocrx_word' id='word_1_532' title='bbox 3241 1995 3428 2038; x_wconf 89' lang='lat' dir='ltr'><strong>errore</strong></span> 
     </span>
    </p>
   </div>
   <div class='ocr_carea' id='block_1_77' title="bbox 1850 2078 3428 2156">
    <p class='ocr_par' dir='ltr' id='par_1_77' title="bbox 1850 2078 3428 2156">
     <span class='ocr_line' id='line_1_77' title="bbox 1850 2078 3428 2156; baseline -0.007 -14"><span class='ocrx_word' id='word_1_533' title='bbox 1850 2089 2108 2156; x_wconf 85' lang='lat' dir='ltr'><strong>deceptos</strong></span> <span class='ocrx_word' id='word_1_534' title='bbox 2171 2084 2695 2154; x_wconf 74' lang='lat' dir='ltr'><strong>Complectebantur.</strong></span> <span class='ocrx_word' id='word_1_535' title='bbox 2753 2079 2818 2134; x_wconf 81' lang='lat' dir='ltr'><strong>Et</strong></span> <span class='ocrx_word' id='word_1_536' title='bbox 2874 2078 3181 2149; x_wconf 88' lang='lat' dir='ltr'><strong>cujusmodi</strong></span> <span class='ocrx_word' id='word_1_537' title='bbox 3238 2090 3428 2147; x_wconf 59' lang='lat' dir='ltr'><strong>quaeso</strong></span> 
     </span>
    </p>
   </div>
   <div class='ocr_carea' id='block_1_78' title="bbox 1852 2168 3424 2240">
    <p class='ocr_par' dir='ltr' id='par_1_78' title="bbox 1852 2168 3424 2240">
     <span class='ocr_line' id='line_1_78' title="bbox 1852 2168 3424 2240; baseline -0.004 -12"><span class='ocrx_word' id='word_1_538' title='bbox 1852 2175 2100 2229; x_wconf 90' lang='lat' dir='ltr'><strong>civitates</strong></span> <span class='ocrx_word' id='word_1_539' title='bbox 2155 2174 2252 2238; x_wconf 90' lang='lat' dir='ltr'><strong>ait,</strong></span> <span class='ocrx_word' id='word_1_540' title='bbox 2301 2173 2405 2226; x_wconf 90' lang='lat' dir='ltr'><strong>nisi</strong></span> <span class='ocrx_word' id='word_1_541' title='bbox 2444 2187 2537 2227; x_wconf 88' lang='lat' dir='ltr'><strong>eas</strong></span> <span class='ocrx_word' id='word_1_542' title='bbox 2590 2172 2657 2226; x_wconf 91' lang='lat' dir='ltr'><strong>de</strong></span> <span class='ocrx_word' id='word_1_543' title='bbox 2703 2170 2903 2240; x_wconf 91' lang='lat' dir='ltr'><strong>quibus</strong></span> <span class='ocrx_word' id='word_1_544' title='bbox 2961 2169 3088 2224; x_wconf 87' lang='lat' dir='ltr'><strong>alibi</strong></span> <span class='ocrx_word' id='word_1_545' title='bbox 3135 2169 3334 2224; x_wconf 89' lang='lat' dir='ltr'><strong>dicitur</strong></span> <span class='ocrx_word' id='word_1_546' title='bbox 3357 2168 3424 2232; x_wconf 67' lang='grc' dir='ltr'><strong>θ’,</strong></span> 
     </span>
    </p>
   </div>
   <div class='ocr_carea' id='block_1_79' title="bbox 1856 2259 3427 2333">
    <p class='ocr_par' dir='ltr' id='par_1_79' title="bbox 1856 2259 3427 2333">
     <span class='ocr_line' id='line_1_79' title="bbox 1856 2259 3427 2333; baseline -0.004 -17"><span class='ocrx_word' id='word_1_547' title='bbox 1856 2263 2120 2333; x_wconf 84' lang='lat' dir='ltr'><strong>Redegisti</strong></span> <span class='ocrx_word' id='word_1_548' title='bbox 2155 2263 2211 2316; x_wconf 90' lang='lat' dir='ltr'><strong>in</strong></span> <span class='ocrx_word' id='word_1_549' title='bbox 2243 2262 2511 2331; x_wconf 81' lang='lat' dir='ltr'><strong>puluerem</strong></span> <span class='ocrx_word' id='word_1_550' title='bbox 2556 2261 2794 2314; x_wconf 77' lang='lat' dir='ltr'><strong>civitates</strong></span> <span class='ocrx_word' id='word_1_551' title='bbox 2825 2267 3080 2327; x_wconf 88' lang='lat' dir='ltr'><strong>potentes,</strong></span> <span class='ocrx_word' id='word_1_552' title='bbox 3131 2259 3208 2311; x_wconf 91' lang='lat' dir='ltr'><strong>ita</strong></span> <span class='ocrx_word' id='word_1_553' title='bbox 3252 2266 3309 2310; x_wconf 88' lang='lat' dir='ltr'><strong>ut</strong></span> <span class='ocrx_word' id='word_1_554' title='bbox 3339 2273 3427 2310; x_wconf 87' lang='lat' dir='ltr'><strong>ca-</strong></span> 
     </span>
    </p>
   </div>
   <div class='ocr_carea' id='block_1_80' title="bbox 1851 2348 3423 2422">
    <p class='ocr_par' dir='ltr' id='par_1_80' title="bbox 1851 2348 3423 2422">
     <span class='ocr_line' id='line_1_80' title="bbox 1851 2348 3423 2422; baseline -0.003 -16"><span class='ocrx_word' id='word_1_555' title='bbox 1851 2354 1980 2407; x_wconf 85' lang='lat' dir='ltr'><strong>dant</strong></span> <span class='ocrx_word' id='word_1_556' title='bbox 2013 2355 2252 2422; x_wconf 84' lang='lat' dir='ltr'><strong>ipsarum</strong></span> <span class='ocrx_word' id='word_1_557' title='bbox 2287 2351 2635 2422; x_wconf 78' lang='lat' dir='ltr'><strong>fundamenta</strong></span> <span class='ocrx_word' id='word_1_558' title='bbox 2659 2351 2684 2402; x_wconf 83' lang='lat'><strong><em>?</em></strong></span> <span class='ocrx_word' id='word_1_559' title='bbox 2706 2365 2828 2419; x_wconf 64' lang='lat' dir='ltr'><strong>qua:</strong></span> <span class='ocrx_word' id='word_1_560' title='bbox 2858 2349 2933 2402; x_wconf 92' lang='lat' dir='ltr'><strong>uti</strong></span> <span class='ocrx_word' id='word_1_561' title='bbox 2964 2348 3295 2403; x_wconf 88' lang='lat' dir='ltr'><strong>declaratum</strong></span> <span class='ocrx_word' id='word_1_562' title='bbox 3318 2355 3423 2411; x_wconf 89' lang='lat' dir='ltr'><strong>est,</strong></span> 
     </span>
    </p>
   </div>
   <div class='ocr_carea' id='block_1_81' title="bbox 1852 2425 3427 2514">
    <p class='ocr_par' dir='ltr' id='par_1_81' title="bbox 1852 2425 3427 2514">
     <span class='ocr_line' id='line_1_81' title="bbox 1852 2425 3427 2514; baseline -0.005 -14"><span class='ocrx_word' id='word_1_563' title='bbox 1852 2453 1982 2500; x_wconf 87' lang='lat' dir='ltr'><strong>sunt</strong></span> <span class='ocrx_word' id='word_1_564' title='bbox 2011 2444 2339 2500; x_wconf 76' lang='lat' dir='ltr'><strong>adversaria:</strong></span> <span class='ocrx_word' id='word_1_565' title='bbox 2367 2439 2712 2514; x_wconf 67' lang='lat' dir='ltr'><strong>potestates]</strong></span> <span class='ocrx_word' id='word_1_566' title='bbox 2751 2440 2920 2494; x_wconf 83' lang='lat' dir='ltr'><strong>Periit</strong></span> <span class='ocrx_word' id='word_1_567' title='bbox 2963 2425 3217 2494; x_wconf 70' lang='lat' dir='ltr'><strong>memoria</strong></span> <span class='ocrx_word' id='word_1_568' title='bbox 3245 2455 3427 2494; x_wconf 88' lang='lat' dir='ltr'><strong>eorum</strong></span> 
     </span>
    </p>
   </div>
   <div class='ocr_carea' id='block_1_82' title="bbox 1853 2531 3426 2606">
    <p class='ocr_par' dir='ltr' id='par_1_82' title="bbox 1853 2531 3426 2606">
     <span class='ocr_line' id='line_1_82' title="bbox 1853 2531 3426 2606; baseline -0.003 -17"><span class='ocrx_word' id='word_1_569' title='bbox 1853 2553 1973 2589; x_wconf 87' lang='lat' dir='ltr'><strong>cum</strong></span> <span class='ocrx_word' id='word_1_570' title='bbox 2015 2538 2213 2590; x_wconf 78' lang='lat' dir='ltr'><strong>sonitu.</strong></span> <span class='ocrx_word' id='word_1_571' title='bbox 2249 2533 2350 2606; x_wconf 89' lang='lat' dir='ltr'><strong>[Ita</strong></span> <span class='ocrx_word' id='word_1_572' title='bbox 2379 2543 2439 2589; x_wconf 90' lang='lat' dir='ltr'><strong>ut</strong></span> <span class='ocrx_word' id='word_1_573' title='bbox 2466 2549 2656 2589; x_wconf 90' lang='lat' dir='ltr'><strong>eorum</strong></span> <span class='ocrx_word' id='word_1_574' title='bbox 2688 2532 2955 2602; x_wconf 83' lang='lat' dir='ltr'><strong>pernicies</strong></span> <span class='ocrx_word' id='word_1_575' title='bbox 2984 2532 3185 2603; x_wconf 90' lang='lat' dir='ltr'><strong>ubique</strong></span> <span class='ocrx_word' id='word_1_576' title='bbox 3207 2531 3426 2602; x_wconf 82' lang='lat' dir='ltr'><strong>pervul-</strong></span> 
     </span>
    </p>
   </div>
   <div class='ocr_carea' id='block_1_83' title="bbox 1851 2624 3425 2699">
    <p class='ocr_par' dir='ltr' id='par_1_83' title="bbox 1851 2624 3425 2699">
     <span class='ocr_line' id='line_1_83' title="bbox 1851 2624 3425 2699; baseline -0.003 -17"><span class='ocrx_word' id='word_1_577' title='bbox 1851 2637 2029 2699; x_wconf 86' lang='lat' dir='ltr'><strong>getur.</strong></span> <span class='ocrx_word' id='word_1_578' title='bbox 2062 2628 2172 2682; x_wconf 77' lang='lat' dir='ltr'><strong>Aut</strong></span> <span class='ocrx_word' id='word_1_579' title='bbox 2196 2629 2422 2683; x_wconf 81' lang='lat' dir='ltr'><strong>exitium</strong></span> <span class='ocrx_word' id='word_1_580' title='bbox 2467 2641 2782 2697; x_wconf 90' lang='lat' dir='ltr'><strong>supremum</strong></span> <span class='ocrx_word' id='word_1_581' title='bbox 2825 2625 2977 2691; x_wconf 90' lang='lat' dir='ltr'><strong>dicit,</strong></span> <span class='ocrx_word' id='word_1_582' title='bbox 3010 2625 3124 2680; x_wconf 87' lang='lat' dir='ltr'><strong>sive</strong></span> <span class='ocrx_word' id='word_1_583' title='bbox 3154 2624 3425 2678; x_wconf 88' lang='lat' dir='ltr'><strong>malorum</strong></span> 
     </span>
    </p>
   </div>
   <div class='ocr_carea' id='block_1_84' title="bbox 1850 2713 3425 2796">
    <p class='ocr_par' dir='ltr' id='par_1_84' title="bbox 1850 2713 3425 2796">
     <span class='ocr_line' id='line_1_84' title="bbox 1850 2713 3425 2796; baseline 0 -26"><span class='ocrx_word' id='word_1_584' title='bbox 1850 2719 2274 2796; x_wconf 83' lang='lat' dir='ltr'><strong>vehementiam,</strong></span> <span class='ocrx_word' id='word_1_585' title='bbox 2331 2729 2382 2774; x_wconf 89' lang='lat' dir='ltr'><strong>et</strong></span> <span class='ocrx_word' id='word_1_586' title='bbox 2430 2718 2688 2788; x_wconf 87' lang='lat' dir='ltr'><strong>perniciei</strong></span> <span class='ocrx_word' id='word_1_587' title='bbox 2737 2713 3236 2786; x_wconf 83' lang='lat' dir='ltr'><strong>conspicuitatem.]</strong></span> <span class='ocrx_word' id='word_1_588' title='bbox 3292 2713 3425 2786; x_wconf 82' lang='lat' dir='ltr'><strong>Ejus</strong></span> 
     </span>
    </p>
   </div>
   <div class='ocr_carea' id='block_1_85' title="bbox 1851 2806 3190 2879">
    <p class='ocr_par' dir='ltr' id='par_1_85' title="bbox 1851 2806 3190 2879">
     <span class='ocr_line' id='line_1_85' title="bbox 1851 2806 3190 2879; baseline -0.001 -18"><span class='ocrx_word' id='word_1_589' title='bbox 1851 2824 2089 2879; x_wconf 88' lang='lat' dir='ltr'><strong>namque</strong></span> <span class='ocrx_word' id='word_1_590' title='bbox 2119 2809 2387 2879; x_wconf 89' lang='lat' dir='ltr'><strong>pernicies</strong></span> <span class='ocrx_word' id='word_1_591' title='bbox 2416 2808 2561 2863; x_wconf 91' lang='lat' dir='ltr'><strong>ultro</strong></span> <span class='ocrx_word' id='word_1_592' title='bbox 2587 2809 2834 2878; x_wconf 80' lang='lat' dir='ltr'><strong>citroque</strong></span> <span class='ocrx_word' id='word_1_593' title='bbox 2859 2808 3042 2862; x_wconf 90' lang='lat' dir='ltr'><strong>audita</strong></span> <span class='ocrx_word' id='word_1_594' title='bbox 3070 2806 3190 2862; x_wconf 81' lang='lat' dir='ltr'><strong>fuit.</strong></span> 
     </span>
    </p>
   </div>
   <div class='ocr_carea' id='block_1_86' title="bbox 1925 2899 3423 2971">
    <p class='ocr_par' dir='ltr' id='par_1_86' title="bbox 1925 2899 3423 2971">
     <span class='ocr_line' id='line_1_86' title="bbox 1925 2899 3423 2971; baseline 0.002 -17"><span class='ocrx_word' id='word_1_595' title='bbox 1925 2899 2012 2954; x_wconf 89' lang='grc'><strong>10.</strong></span> <span class='ocrx_word' id='word_1_596' title='bbox 2055 2901 2124 2954; x_wconf 79' lang='lat' dir='ltr'><strong>Et</strong></span> <span class='ocrx_word' id='word_1_597' title='bbox 2181 2904 2355 2970; x_wconf 75' lang='lat' dir='ltr'><strong>[actus</strong></span> <span class='ocrx_word' id='word_1_598' title='bbox 2414 2910 2491 2955; x_wconf 87' lang='lat' dir='ltr'><strong>est</strong></span> <span class='ocrx_word' id='word_1_599' title='bbox 2552 2900 2810 2954; x_wconf 83' lang='lat' dir='ltr'><strong>Dominus</strong></span> <span class='ocrx_word' id='word_1_600' title='bbox 2860 2901 3126 2971; x_wconf 81' lang='lat' dir='ltr'><strong>refugium</strong></span> <span class='ocrx_word' id='word_1_601' title='bbox 3183 2901 3423 2971; x_wconf 77' lang='lat' dir='ltr'><strong>pauperi.</strong></span> 
     </span>
    </p>
   </div>
   <div class='ocr_carea' id='block_1_87' title="bbox 1853 2992 3424 3066">
    <p class='ocr_par' dir='ltr' id='par_1_87' title="bbox 1853 2992 3424 3066">
     <span class='ocr_line' id='line_1_87' title="bbox 1853 2992 3424 3066; baseline 0 -16"><span class='ocrx_word' id='word_1_602' title='bbox 1853 2992 2011 3066; x_wconf 86' lang='lat' dir='ltr'><strong>[Sese</strong></span> <span class='ocrx_word' id='word_1_603' title='bbox 2048 2993 2365 3064; x_wconf 84' lang='lat' dir='ltr'><strong>frequenter</strong></span> <span class='ocrx_word' id='word_1_604' title='bbox 2410 3009 2704 3064; x_wconf 87' lang='lat' dir='ltr'><strong>pauperem</strong></span> <span class='ocrx_word' id='word_1_605' title='bbox 2759 3010 2823 3048; x_wconf 88' lang='lat' dir='ltr'><strong>ac</strong></span> <span class='ocrx_word' id='word_1_606' title='bbox 2858 2995 3170 3049; x_wconf 88' lang='lat' dir='ltr'><strong>mendicum</strong></span> <span class='ocrx_word' id='word_1_607' title='bbox 3224 3003 3424 3062; x_wconf 81' lang='lat' dir='ltr'><strong>vocat,</strong></span> 
     </span>
    </p>
   </div>
   <div class='ocr_carea' id='block_1_88' title="bbox 1850 3085 3426 3158">
    <p class='ocr_par' dir='ltr' id='par_1_88' title="bbox 1850 3085 3426 3158">
     <span class='ocr_line' id='line_1_88' title="bbox 1850 3085 3426 3158; baseline 0 -16"><span class='ocrx_word' id='word_1_608' title='bbox 1850 3087 2065 3142; x_wconf 89' lang='lat' dir='ltr'><strong>etiamsi</strong></span> <span class='ocrx_word' id='word_1_609' title='bbox 2096 3087 2150 3141; x_wconf 91' lang='lat' dir='ltr'><strong>in</strong></span> <span class='ocrx_word' id='word_1_610' title='bbox 2177 3089 2326 3158; x_wconf 87' lang='lat' dir='ltr'><strong>regia</strong></span> <span class='ocrx_word' id='word_1_611' title='bbox 2360 3097 2696 3143; x_wconf 86' lang='lat' dir='ltr'><strong>versaretur.</strong></span> <span class='ocrx_word' id='word_1_612' title='bbox 2725 3085 2960 3142; x_wconf 83' lang='lat' dir='ltr'><strong>Noverat</strong></span> <span class='ocrx_word' id='word_1_613' title='bbox 3001 3087 3144 3141; x_wconf 91' lang='lat' dir='ltr'><strong>enim</strong></span> <span class='ocrx_word' id='word_1_614' title='bbox 3185 3087 3426 3142; x_wconf 86' lang='lat' dir='ltr'><strong>humana</strong></span> 
     </span>
    </p>
   </div>
   <div class='ocr_carea' id='block_1_89' title="bbox 1853 3176 3428 3245">
    <p class='ocr_par' dir='ltr' id='par_1_89' title="bbox 1853 3176 3428 3245">
     <span class='ocr_line' id='line_1_89' title="bbox 1853 3176 3428 3245; baseline -0.001 -14"><span class='ocrx_word' id='word_1_615' title='bbox 1853 3177 2040 3231; x_wconf 89' lang='lat' dir='ltr'><strong>omnia</strong></span> <span class='ocrx_word' id='word_1_616' title='bbox 2083 3177 2167 3232; x_wconf 91' lang='lat' dir='ltr'><strong>vel</strong></span> <span class='ocrx_word' id='word_1_617' title='bbox 2209 3177 2420 3232; x_wconf 89' lang='lat' dir='ltr'><strong>umbris</strong></span> <span class='ocrx_word' id='word_1_618' title='bbox 2466 3176 2821 3231; x_wconf 82' lang='lat' dir='ltr'><strong>imbecilliora</strong></span> <span class='ocrx_word' id='word_1_619' title='bbox 2856 3191 2996 3231; x_wconf 87' lang='lat' dir='ltr'><strong>esse.</strong></span> <span class='ocrx_word' id='word_1_620' title='bbox 3043 3177 3428 3245; x_wconf 77' lang='lat' dir='ltr'><strong>Opportunita-</strong></span> 
     </span>
    </p>
   </div>
   <div class='ocr_carea' id='block_1_90' title="bbox 1859 3268 3429 3340">
    <p class='ocr_par' dir='ltr' id='par_1_90' title="bbox 1859 3268 3429 3340">
     <span class='ocr_line' id='line_1_90' title="bbox 1859 3268 3429 3340; baseline -0.001 -17"><span class='ocrx_word' id='word_1_621' title='bbox 1859 3281 1962 3324; x_wconf 84' lang='lat' dir='ltr'><strong>tem</strong></span> <span class='ocrx_word' id='word_1_622' title='bbox 2000 3281 2161 3326; x_wconf 87' lang='lat' dir='ltr'><strong>vocat</strong></span> <span class='ocrx_word' id='word_1_623' title='bbox 2201 3277 2420 3340; x_wconf 89' lang='lat' dir='ltr'><strong>tempus</strong></span> <span class='ocrx_word' id='word_1_624' title='bbox 2447 3268 2862 3324; x_wconf 86' lang='lat' dir='ltr'><strong>tribulationis:</strong></span> <span class='ocrx_word' id='word_1_625' title='bbox 2902 3282 3115 3338; x_wconf 88' lang='lat' dir='ltr'><strong>semper</strong></span> <span class='ocrx_word' id='word_1_626' title='bbox 3153 3268 3298 3322; x_wconf 91' lang='lat' dir='ltr'><strong>enim</strong></span> <span class='ocrx_word' id='word_1_627' title='bbox 3327 3283 3429 3322; x_wconf 86' lang='lat' dir='ltr'><strong>au-</strong></span> 
     </span>
    </p>
   </div>
   <div class='ocr_carea' id='block_1_91' title="bbox 1850 3359 3507 3433">
    <p class='ocr_par' dir='ltr' id='par_1_91' title="bbox 1850 3359 3507 3433">
     <span class='ocr_line' id='line_1_91' title="bbox 1850 3359 3507 3433; baseline -0.002 -16"><span class='ocrx_word' id='word_1_628' title='bbox 1850 3363 1984 3417; x_wconf 73' lang='lat' dir='ltr'><strong>xiio</strong></span> <span class='ocrx_word' id='word_1_629' title='bbox 2035 3377 2281 3433; x_wconf 79' lang='lat' dir='ltr'><strong>egemus,</strong></span> <span class='ocrx_word' id='word_1_630' title='bbox 2334 3362 2500 3416; x_wconf 89' lang='lat' dir='ltr'><strong>etiam</strong></span> <span class='ocrx_word' id='word_1_631' title='bbox 2548 3361 2601 3415; x_wconf 92' lang='lat' dir='ltr'><strong>in</strong></span> <span class='ocrx_word' id='word_1_632' title='bbox 2659 3359 3058 3430; x_wconf 90' lang='lat' dir='ltr'><strong>prosperitate:</strong></span> <span class='ocrx_word' id='word_1_633' title='bbox 3119 3375 3310 3414; x_wconf 89' lang='lat' dir='ltr'><strong>verum</strong></span> <span class='ocrx_word' id='word_1_634' title='bbox 3369 3361 3425 3414; x_wconf 88' lang='lat' dir='ltr'><strong>in</strong></span> <span class='ocrx_word' id='word_1_635' title='bbox 3495 3375 3507 3387; x_wconf 85' lang='grc'><strong>·</strong></span> 
     </span>
    </p>
   </div>
   <div class='ocr_carea' id='block_1_92' title="bbox 1849 3450 3425 3525">
    <p class='ocr_par' dir='ltr' id='par_1_92' title="bbox 1849 3450 3425 3525">
     <span class='ocr_line' id='line_1_92' title="bbox 1849 3450 3425 3525; baseline -0.001 -14"><span class='ocrx_word' id='word_1_636' title='bbox 1849 3456 2149 3524; x_wconf 67' lang='lat' dir='ltr'><strong>aerumnis,</strong></span> <span class='ocrx_word' id='word_1_637' title='bbox 2218 3456 2549 3510; x_wconf 87' lang='lat' dir='ltr'><strong>auxiliorum</strong></span> <span class='ocrx_word' id='word_1_638' title='bbox 2599 3469 2757 3508; x_wconf 88' lang='lat' dir='ltr'><strong>usum</strong></span> <span class='ocrx_word' id='word_1_639' title='bbox 2832 3455 3008 3523; x_wconf 77' lang='lat' dir='ltr'><strong>magis</strong></span> <span class='ocrx_word' id='word_1_640' title='bbox 3062 3450 3425 3525; x_wconf 70' lang='lat' dir='ltr'><strong>experimur.]</strong></span> 
     </span>
    </p>
   </div>
   <div class='ocr_carea' id='block_1_93' title="bbox 1849 3535 3428 3616">
    <p class='ocr_par' dir='ltr' id='par_1_93' title="bbox 1849 3535 3428 3616">
     <span class='ocr_line' id='line_1_93' title="bbox 1849 3535 3428 3616; baseline -0.001 -16"><span class='ocrx_word' id='word_1_641' title='bbox 1849 3535 2122 3611; x_wconf 73' lang='lat' dir='ltr'><strong>mendico,</strong></span> <span class='ocrx_word' id='word_1_642' title='bbox 2155 3547 2367 3602; x_wconf 88' lang='lat' dir='ltr'><strong>scilicet</strong></span> <span class='ocrx_word' id='word_1_643' title='bbox 2395 3546 2666 3616; x_wconf 89' lang='lat' dir='ltr'><strong>spirituali</strong></span> <span class='ocrx_word' id='word_1_644' title='bbox 2703 3545 2905 3615; x_wconf 82' lang='lat' dir='ltr'><strong>pepulo</strong></span> <span class='ocrx_word' id='word_1_645' title='bbox 2947 3545 3044 3598; x_wconf 88' lang='lat' dir='ltr'><strong>ait.</strong></span> <span class='ocrx_word' id='word_1_646' title='bbox 3091 3544 3323 3614; x_wconf 82' lang='lat' dir='ltr'><strong>Adjutor</strong></span> <span class='ocrx_word' id='word_1_647' title='bbox 3372 3544 3428 3598; x_wconf 87' lang='lat' dir='ltr'><strong>in</strong></span> 
     </span>
    </p>
   </div>
   <div class='ocr_carea' id='block_1_94' title="bbox 1849 3638 3427 3712">
    <p class='ocr_par' dir='ltr' id='par_1_94' title="bbox 1849 3638 3427 3712">
     <span class='ocr_line' id='line_1_94' title="bbox 1849 3638 3427 3712; baseline 0.001 -18"><span class='ocrx_word' id='word_1_648' title='bbox 1849 3640 2332 3712; x_wconf 76' lang='lat' dir='ltr'><strong>opportunitatibus</strong></span> <span class='ocrx_word' id='word_1_649' title='bbox 2385 3641 2443 3694; x_wconf 86' lang='lat' dir='ltr'><strong>in</strong></span> <span class='ocrx_word' id='word_1_650' title='bbox 2501 3640 2952 3694; x_wconf 82' lang='lat' dir='ltr'><strong>tribulationibus.</strong></span> <span class='ocrx_word' id='word_1_651' title='bbox 3012 3639 3081 3695; x_wconf 90' lang='lat' dir='ltr'><strong>Ut</strong></span> <span class='ocrx_word' id='word_1_652' title='bbox 3128 3641 3305 3696; x_wconf 85' lang='lat' dir='ltr'><strong>illud:</strong></span> <span class='ocrx_word' id='word_1_653' title='bbox 3357 3638 3427 3696; x_wconf 72' lang='lat' dir='ltr'><strong>In</strong></span> 
     </span>
    </p>
   </div>
   <div class='ocr_carea' id='block_1_95' title="bbox 1851 3733 2794 3803">
    <p class='ocr_par' dir='ltr' id='par_1_95' title="bbox 1851 3733 2794 3803">
     <span class='ocr_line' id='line_1_95' title="bbox 1851 3733 2794 3803; baseline 0 -16"><span class='ocrx_word' id='word_1_654' title='bbox 1851 3744 2079 3802; x_wconf 88' lang='lat' dir='ltr'><strong>tempore</strong></span> <span class='ocrx_word' id='word_1_655' title='bbox 2104 3742 2314 3803; x_wconf 83' lang='lat' dir='ltr'><strong>accepto</strong></span> <span class='ocrx_word' id='word_1_656' title='bbox 2342 3733 2591 3787; x_wconf 69' lang='lat' dir='ltr'><strong>exaudiui</strong></span> <span class='ocrx_word' id='word_1_657' title='bbox 2623 3744 2670 3787; x_wconf 89' lang='lat' dir='ltr'><strong>te</strong></span> <span class='ocrx_word' id='word_1_658' title='bbox 2706 3734 2794 3787; x_wconf 69' lang='grc' dir='ltr'><strong>δ”.</strong></span> 
     </span>
    </p>
   </div>
   <div class='ocr_carea' id='block_1_96' title="bbox 1919 3824 3420 3896">
    <p class='ocr_par' dir='ltr' id='par_1_96' title="bbox 1919 3824 3420 3896">
     <span class='ocr_line' id='line_1_96' title="bbox 1919 3824 3420 3896; baseline 0.003 -18"><span class='ocrx_word' id='word_1_659' title='bbox 1919 3825 2008 3878; x_wconf 73' lang='grc'>12.</span> <span class='ocrx_word' id='word_1_660' title='bbox 2046 3824 2274 3880; x_wconf 84' lang='lat' dir='ltr'><strong>Psallite</strong></span> <span class='ocrx_word' id='word_1_661' title='bbox 2296 3825 2522 3879; x_wconf 82' lang='lat' dir='ltr'><strong>Domino</strong></span> <span class='ocrx_word' id='word_1_662' title='bbox 2557 3827 2648 3896; x_wconf 84' lang='lat' dir='ltr'><strong>qui</strong></span> <span class='ocrx_word' id='word_1_663' title='bbox 2675 3826 2882 3880; x_wconf 83' lang='lat' dir='ltr'><strong>habitat</strong></span> <span class='ocrx_word' id='word_1_664' title='bbox 2926 3828 2980 3880; x_wconf 92' lang='lat' dir='ltr'><strong>in</strong></span> <span class='ocrx_word' id='word_1_665' title='bbox 3017 3825 3168 3881; x_wconf 74' lang='lat' dir='ltr'><strong>Sion.</strong></span> <span class='ocrx_word' id='word_1_666' title='bbox 3217 3829 3278 3880; x_wconf 84' lang='lat' dir='ltr'><strong>In</strong></span> <span class='ocrx_word' id='word_1_667' title='bbox 3313 3841 3420 3882; x_wconf 72' lang='lat' dir='ltr'><strong>cm-</strong></span> 
     </span>
    </p>
   </div>
   <div class='ocr_carea' id='block_1_97' title="bbox 1848 3917 3424 3990">
    <p class='ocr_par' dir='ltr' id='par_1_97' title="bbox 1848 3917 3424 3990">
     <span class='ocr_line' id='line_1_97' title="bbox 1848 3917 3424 3990; baseline 0.001 -18"><span class='ocrx_word' id='word_1_668' title='bbox 1848 3919 1991 3982; x_wconf 91' lang='lat' dir='ltr'><strong>lesti,</strong></span> <span class='ocrx_word' id='word_1_669' title='bbox 2047 3917 2256 3988; x_wconf 90' lang='lat' dir='ltr'><strong>inquit,</strong></span> <span class='ocrx_word' id='word_1_670' title='bbox 2304 3917 2630 3973; x_wconf 85' lang='lat' dir='ltr'><strong>Jerusalem.</strong></span> <span class='ocrx_word' id='word_1_671' title='bbox 2681 3918 3006 3972; x_wconf 85' lang='lat' dir='ltr'><strong>Annuntiate</strong></span> <span class='ocrx_word' id='word_1_672' title='bbox 3055 3920 3194 3973; x_wconf 88' lang='lat' dir='ltr'><strong>inter</strong></span> <span class='ocrx_word' id='word_1_673' title='bbox 3249 3929 3424 3990; x_wconf 78' lang='lat' dir='ltr'><strong>gentes</strong></span> 
     </span>
    </p>
   </div>
   <div class='ocr_carea' id='block_1_98' title="bbox 1848 4010 3428 4083">
    <p class='ocr_par' dir='ltr' id='par_1_98' title="bbox 1848 4010 3428 4083">
     <span class='ocr_line' id='line_1_98' title="bbox 1848 4010 3428 4083; baseline 0.001 -18"><span class='ocrx_word' id='word_1_674' title='bbox 1848 4011 2030 4065; x_wconf 86' lang='lat' dir='ltr'><strong>studia</strong></span> <span class='ocrx_word' id='word_1_675' title='bbox 2067 4010 2206 4080; x_wconf 87' lang='lat' dir='ltr'><strong>ejus.</strong></span> <span class='ocrx_word' id='word_1_676' title='bbox 2255 4012 2381 4065; x_wconf 74' lang='lat' dir='ltr'><strong>Haec</strong></span> <span class='ocrx_word' id='word_1_677' title='bbox 2413 4010 2572 4080; x_wconf 87' lang='lat' dir='ltr'><strong>quasi</strong></span> <span class='ocrx_word' id='word_1_678' title='bbox 2603 4011 2667 4064; x_wconf 92' lang='lat' dir='ltr'><strong>ad</strong></span> <span class='ocrx_word' id='word_1_679' title='bbox 2712 4014 2990 4080; x_wconf 89' lang='lat' dir='ltr'><strong>apostolos</strong></span> <span class='ocrx_word' id='word_1_680' title='bbox 3023 4019 3076 4066; x_wconf 88' lang='lat' dir='ltr'><strong>et</strong></span> <span class='ocrx_word' id='word_1_681' title='bbox 3103 4010 3428 4083; x_wconf 73' lang='lat' dir='ltr'><strong>Evangelia-</strong></span> 
     </span>
    </p>
   </div>
   <div class='ocr_carea' id='block_1_99' title="bbox 1848 4101 3425 4176">
    <p class='ocr_par' dir='ltr' id='par_1_99' title="bbox 1848 4101 3425 4176">
     <span class='ocr_line' id='line_1_99' title="bbox 1848 4101 3425 4176; baseline 0.004 -20"><span class='ocrx_word' id='word_1_682' title='bbox 1848 4118 1970 4156; x_wconf 88' lang='lat' dir='ltr'><strong>rum</strong></span> <span class='ocrx_word' id='word_1_683' title='bbox 2004 4117 2286 4172; x_wconf 64' lang='lat' dir='ltr'><strong>praecones</strong></span> <span class='ocrx_word' id='word_1_684' title='bbox 2326 4102 2588 4173; x_wconf 91' lang='lat' dir='ltr'><strong>loquitur.</strong></span> <span class='ocrx_word' id='word_1_685' title='bbox 2640 4101 2772 4168; x_wconf 65' lang='lat' dir='ltr'><strong>Quae</strong></span> <span class='ocrx_word' id='word_1_686' title='bbox 2804 4118 2968 4172; x_wconf 89' lang='lat' dir='ltr'><strong>porro</strong></span> <span class='ocrx_word' id='word_1_687' title='bbox 3017 4103 3127 4160; x_wconf 90' lang='lat' dir='ltr'><strong>sint</strong></span> <span class='ocrx_word' id='word_1_688' title='bbox 3155 4105 3425 4176; x_wconf 86' lang='lat' dir='ltr'><strong>ejusmodi</strong></span> 
     </span>
    </p>
   </div>
   <div class='ocr_carea' id='block_1_100' title="bbox 1850 4199 2758 4271">
    <p class='ocr_par' dir='ltr' id='par_1_100' title="bbox 1850 4199 2758 4271">
     <span class='ocr_line' id='line_1_100' title="bbox 1850 4199 2758 4271; baseline -0.001 -17"><span class='ocrx_word' id='word_1_689' title='bbox 1850 4199 2028 4255; x_wconf 87' lang='lat' dir='ltr'><strong>studia</strong></span> <span class='ocrx_word' id='word_1_690' title='bbox 2058 4199 2111 4254; x_wconf 93' lang='lat' dir='ltr'><strong>in</strong></span> <span class='ocrx_word' id='word_1_691' title='bbox 2148 4199 2507 4271; x_wconf 88' lang='lat' dir='ltr'><strong>sequentibus</strong></span> <span class='ocrx_word' id='word_1_692' title='bbox 2535 4199 2758 4255; x_wconf 90' lang='lat' dir='ltr'><strong>indicat.</strong></span> 
     </span>
    </p>
   </div>
   <div class='ocr_carea' id='block_1_101' title="bbox 1920 4383 3425 4455">
    <p class='ocr_par' dir='ltr' id='par_1_101' title="bbox 1920 4383 3425 4455">
     <span class='ocr_line' id='line_1_101' title="bbox 1920 4383 3425 4455; baseline 0.003 -18"><span class='ocrx_word' id='word_1_693' title='bbox 1920 4383 2006 4437; x_wconf 76' lang='grc'>15.</span> <span class='ocrx_word' id='word_1_694' title='bbox 2042 4383 2306 4450; x_wconf 82' lang='lat' dir='ltr'><strong>Quoniam</strong></span> <span class='ocrx_word' id='word_1_695' title='bbox 2341 4385 2608 4455; x_wconf 83' lang='lat' dir='ltr'><strong>requirens</strong></span> <span class='ocrx_word' id='word_1_696' title='bbox 2633 4385 2942 4454; x_wconf 83' lang='lat' dir='ltr'><strong>sanguinem</strong></span> <span class='ocrx_word' id='word_1_697' title='bbox 2970 4401 3149 4440; x_wconf 87' lang='lat' dir='ltr'><strong>eorum</strong></span> <span class='ocrx_word' id='word_1_698' title='bbox 3179 4387 3425 4441; x_wconf 73' lang='lat' dir='ltr'><strong>recorda-</strong></span> 
     </span>
    </p>
   </div>
   <div class='ocr_carea' id='block_1_102' title="bbox 1851 4475 3423 4550">
    <p class='ocr_par' dir='ltr' id='par_1_102' title="bbox 1851 4475 3423 4550">
     <span class='ocr_line' id='line_1_102' title="bbox 1851 4475 3423 4550; baseline 0.004 -22"><span class='ocrx_word' id='word_1_699' title='bbox 1851 4485 1934 4530; x_wconf 87' lang='lat' dir='ltr'><strong>tus</strong></span> <span class='ocrx_word' id='word_1_700' title='bbox 1974 4488 2069 4530; x_wconf 87' lang='lat' dir='ltr'><strong>est.</strong></span> <span class='ocrx_word' id='word_1_701' title='bbox 2104 4475 2464 4548; x_wconf 80' lang='lat' dir='ltr'><strong>Sanguinem,</strong></span> <span class='ocrx_word' id='word_1_702' title='bbox 2497 4478 2592 4541; x_wconf 90' lang='lat' dir='ltr'><strong>ait,</strong></span> <span class='ocrx_word' id='word_1_703' title='bbox 2624 4493 2722 4548; x_wconf 88' lang='lat' dir='ltr'><strong>pro</strong></span> <span class='ocrx_word' id='word_1_704' title='bbox 2756 4477 2850 4533; x_wconf 86' lang='lat' dir='ltr'><strong>illo</strong></span> <span class='ocrx_word' id='word_1_705' title='bbox 2887 4477 3117 4534; x_wconf 81' lang='lat' dir='ltr'><strong>eﬂ‘usum</strong></span> <span class='ocrx_word' id='word_1_706' title='bbox 3148 4479 3423 4550; x_wconf 88' lang='lat' dir='ltr'><strong>requiret,</strong></span> 
     </span>
    </p>
   </div>
   <div class='ocr_carea' id='block_1_103' title="bbox 1777 4565 2530 4647">
    <p class='ocr_par' dir='ltr' id='par_1_103' title="bbox 1777 4565 2530 4647">
     <span class='ocr_line' id='line_1_103' title="bbox 1777 4565 2530 4647; baseline 0 -29"><span class='ocrx_word' id='word_1_707' title='bbox 1777 4593 1820 4647; x_wconf 67' lang='grc' dir='ltr'>Β</span> <span class='ocrx_word' id='word_1_708' title='bbox 1851 4574 1908 4619; x_wconf 95' lang='lat' dir='ltr'><strong>ut</strong></span> <span class='ocrx_word' id='word_1_709' title='bbox 1939 4565 2236 4620; x_wconf 83' lang='lat' dir='ltr'><strong>vindictam</strong></span> <span class='ocrx_word' id='word_1_710' title='bbox 2275 4566 2530 4635; x_wconf 90' lang='lat' dir='ltr'><strong>postulet.</strong></span> 
     </span>
    </p>
   </div>
   <div class='ocr_carea' id='block_1_104' title="bbox 1925 4657 3426 4731">
    <p class='ocr_par' dir='ltr' id='par_1_104' title="bbox 1925 4657 3426 4731">
     <span class='ocr_line' id='line_1_104' title="bbox 1925 4657 3426 4731; baseline 0.003 -20"><span class='ocrx_word' id='word_1_711' title='bbox 1925 4657 2075 4730; x_wconf 82' lang='lat' dir='ltr'><strong>[Non</strong></span> <span class='ocrx_word' id='word_1_712' title='bbox 2113 4669 2190 4713; x_wconf 86' lang='lat' dir='ltr'><strong>est</strong></span> <span class='ocrx_word' id='word_1_713' title='bbox 2226 4657 2421 4712; x_wconf 83' lang='lat' dir='ltr'><strong>oblitus</strong></span> <span class='ocrx_word' id='word_1_714' title='bbox 2467 4659 2753 4712; x_wconf 84' lang='lat' dir='ltr'><strong>clamorem</strong></span> <span class='ocrx_word' id='word_1_715' title='bbox 2791 4674 3100 4729; x_wconf 84' lang='lat' dir='ltr'><strong>pauperum.</strong></span> <span class='ocrx_word' id='word_1_716' title='bbox 3151 4659 3426 4731; x_wconf 89' lang='lat' dir='ltr'><strong>Pauperes</strong></span> 
     </span>
    </p>
   </div>
   <div class='ocr_carea' id='block_1_105' title="bbox 1848 4750 3422 4820">
    <p class='ocr_par' dir='ltr' id='par_1_105' title="bbox 1848 4750 3422 4820">
     <span class='ocr_line' id='line_1_105' title="bbox 1848 4750 3422 4820; baseline 0.003 -18"><span class='ocrx_word' id='word_1_717' title='bbox 1848 4765 2068 4804; x_wconf 89' lang='lat' dir='ltr'><strong>rursum</strong></span> <span class='ocrx_word' id='word_1_718' title='bbox 2121 4759 2286 4804; x_wconf 81' lang='lat' dir='ltr'><strong>vocat</strong></span> <span class='ocrx_word' id='word_1_719' title='bbox 2328 4765 2424 4804; x_wconf 91' lang='lat' dir='ltr'><strong>eos</strong></span> <span class='ocrx_word' id='word_1_720' title='bbox 2459 4750 2551 4818; x_wconf 88' lang='lat' dir='ltr'><strong>qui</strong></span> <span class='ocrx_word' id='word_1_721' title='bbox 2595 4757 2813 4820; x_wconf 86' lang='lat' dir='ltr'><strong>propter</strong></span> <span class='ocrx_word' id='word_1_722' title='bbox 2854 4750 3031 4817; x_wconf 86' lang='lat' dir='ltr'><strong>ipsum</strong></span> <span class='ocrx_word' id='word_1_723' title='bbox 3089 4751 3422 4816; x_wconf 90' lang='lat' dir='ltr'><strong>mendicant,</strong></span> 
     </span>
    </p>
   </div>
   <div class='ocr_carea' id='block_1_106' title="bbox 1848 4843 3426 4915">
    <p class='ocr_par' dir='ltr' id='par_1_106' title="bbox 1848 4843 3426 4915">
     <span class='ocr_line' id='line_1_106' title="bbox 1848 4843 3426 4915; baseline 0.001 -17"><span class='ocrx_word' id='word_1_724' title='bbox 1848 4846 1942 4915; x_wconf 90' lang='lat' dir='ltr'><strong>qui</strong></span> <span class='ocrx_word' id='word_1_725' title='bbox 1993 4843 2214 4898; x_wconf 89' lang='lat' dir='ltr'><strong>assidue</strong></span> <span class='ocrx_word' id='word_1_726' title='bbox 2263 4844 2440 4913; x_wconf 90' lang='lat' dir='ltr'><strong>ipsum</strong></span> <span class='ocrx_word' id='word_1_727' title='bbox 2471 4845 2747 4913; x_wconf 89' lang='lat' dir='ltr'><strong>supplices</strong></span> <span class='ocrx_word' id='word_1_728' title='bbox 2779 4854 2995 4914; x_wconf 81' lang='lat' dir='ltr'><strong>rogant,</strong></span> <span class='ocrx_word' id='word_1_729' title='bbox 3039 4847 3426 4915; x_wconf 78' lang='lat' dir='ltr'><strong>postulantqua</strong></span> 
     </span>
    </p>
   </div>
   <div class='ocr_carea' id='block_1_107' title="bbox 1849 4936 3423 5006">
    <p class='ocr_par' dir='ltr' id='par_1_107' title="bbox 1849 4936 3423 5006">
     <span class='ocr_line' id='line_1_107' title="bbox 1849 4936 3423 5006; baseline 0.001 -16"><span class='ocrx_word' id='word_1_730' title='bbox 1849 4937 2118 4990; x_wconf 87' lang='lat' dir='ltr'><strong>ultionem</strong></span> <span class='ocrx_word' id='word_1_731' title='bbox 2171 4936 2498 5006; x_wconf 84' lang='lat' dir='ltr'><strong>injuriarum</strong></span> <span class='ocrx_word' id='word_1_732' title='bbox 2549 4936 2654 4991; x_wconf 88' lang='lat' dir='ltr'><strong>sibi</strong></span> <span class='ocrx_word' id='word_1_733' title='bbox 2717 4936 2787 4990; x_wconf 88' lang='lat' dir='ltr'><strong>ab</strong></span> <span class='ocrx_word' id='word_1_734' title='bbox 2837 4936 3180 4994; x_wconf 67' lang='lat' dir='ltr'><strong>daemonibus</strong></span> <span class='ocrx_word' id='word_1_735' title='bbox 3245 4938 3423 4993; x_wconf 82' lang='lat' dir='ltr'><strong>illata-</strong></span> 
     </span>
    </p>
   </div>
   <div class='ocr_carea' id='block_1_108' title="bbox 1845 5030 2018 5102">
    <p class='ocr_par' dir='ltr' id='par_1_108' title="bbox 1845 5030 2018 5102">
     <span class='ocr_line' id='line_1_108' title="bbox 1845 5030 2018 5102; baseline -0.006 -18"><span class='ocrx_word' id='word_1_736' title='bbox 1845 5030 2018 5102; x_wconf 87' lang='lat' dir='ltr'><strong>rum.]</strong></span> 
     </span>
    </p>
   </div>
   <div class='ocr_carea' id='block_1_109' title="bbox 1923 5121 3424 5191">
    <p class='ocr_par' dir='ltr' id='par_1_109' title="bbox 1923 5121 3424 5191">
     <span class='ocr_line' id='line_1_109' title="bbox 1923 5121 3424 5191; baseline 0.001 -15"><span class='ocrx_word' id='word_1_737' title='bbox 1923 5123 2017 5176; x_wconf 85' lang='grc'>15.</span> <span class='ocrx_word' id='word_1_738' title='bbox 2055 5121 2160 5186; x_wconf 87' lang='lat' dir='ltr'><strong>Qui</strong></span> <span class='ocrx_word' id='word_1_739' title='bbox 2187 5122 2394 5176; x_wconf 77' lang='lat' dir='ltr'><strong>exultas</strong></span> <span class='ocrx_word' id='word_1_740' title='bbox 2419 5139 2497 5175; x_wconf 87' lang='lat' dir='ltr'><strong>me</strong></span> <span class='ocrx_word' id='word_1_741' title='bbox 2530 5123 2592 5176; x_wconf 87' lang='lat' dir='ltr'><strong>de</strong></span> <span class='ocrx_word' id='word_1_742' title='bbox 2624 5124 2792 5191; x_wconf 85' lang='lat' dir='ltr'><strong>portis</strong></span> <span class='ocrx_word' id='word_1_743' title='bbox 2823 5126 3032 5178; x_wconf 88' lang='lat' dir='ltr'><strong>mortis.</strong></span> <span class='ocrx_word' id='word_1_744' title='bbox 3063 5122 3186 5178; x_wconf 88' lang='lat' dir='ltr'><strong>Ideo</strong></span> <span class='ocrx_word' id='word_1_745' title='bbox 3214 5123 3424 5179; x_wconf 81' lang='lat' dir='ltr'><strong>excitas</strong></span> 
     </span>
    </p>
   </div>
   <div class='ocr_carea' id='block_1_110' title="bbox 1845 5215 3444 5286">
    <p class='ocr_par' dir='ltr' id='par_1_110' title="bbox 1845 5215 3444 5286">
     <span class='ocr_line' id='line_1_110' title="bbox 1845 5215 3444 5286; baseline 0 -17"><span class='ocrx_word' id='word_1_746' title='bbox 1845 5231 1933 5270; x_wconf 89' lang='lat' dir='ltr'><strong>me</strong></span> <span class='ocrx_word' id='word_1_747' title='bbox 1989 5231 2054 5270; x_wconf 83' lang='lat' dir='ltr'><strong>cx</strong></span> <span class='ocrx_word' id='word_1_748' title='bbox 2091 5224 2232 5270; x_wconf 87' lang='lat' dir='ltr'><strong>terra</strong></span> <span class='ocrx_word' id='word_1_749' title='bbox 2287 5215 2728 5278; x_wconf 85' lang='lat' dir='ltr'><strong>humiliationis,</strong></span> <span class='ocrx_word' id='word_1_750' title='bbox 2779 5224 2840 5269; x_wconf 90' lang='lat' dir='ltr'><strong>ut</strong></span> <span class='ocrx_word' id='word_1_751' title='bbox 2889 5216 3120 5271; x_wconf 87' lang='lat' dir='ltr'><strong>choreas</strong></span> <span class='ocrx_word' id='word_1_752' title='bbox 3159 5230 3314 5286; x_wconf 84' lang='lat' dir='ltr'><strong>agam</strong></span> <span class='ocrx_word' id='word_1_753' title='bbox 3368 5215 3444 5270; x_wconf 87' lang='lat' dir='ltr'><strong>in-</strong></span> 
     </span>
    </p>
   </div>
   <div class='ocr_carea' id='block_1_111' title="bbox 1845 5307 2244 5362">
    <p class='ocr_par' dir='ltr' id='par_1_111' title="bbox 1845 5307 2244 5362">
     <span class='ocr_line' id='line_1_111' title="bbox 1845 5307 2244 5362; baseline 0.008 -3"><span class='ocrx_word' id='word_1_754' title='bbox 1845 5307 2054 5362; x_wconf 76' lang='lat' dir='ltr'><strong>cnelcsti</strong></span> <span class='ocrx_word' id='word_1_755' title='bbox 2089 5307 2244 5362; x_wconf 89' lang='lat' dir='ltr'><strong>Sion.</strong></span> 
     </span>
    </p>
   </div>
   <div class='ocr_carea' id='block_1_112' title="bbox 1916 5396 3418 5470">
    <p class='ocr_par' dir='ltr' id='par_1_112' title="bbox 1916 5396 3418 5470">
     <span class='ocr_line' id='line_1_112' title="bbox 1916 5396 3418 5470; baseline 0 -18"><span class='ocrx_word' id='word_1_756' title='bbox 1916 5397 2022 5470; x_wconf 83' lang='lat' dir='ltr'><strong>[In</strong></span> <span class='ocrx_word' id='word_1_757' title='bbox 2085 5401 2253 5469; x_wconf 84' lang='lat' dir='ltr'><strong>portis</strong></span> <span class='ocrx_word' id='word_1_758' title='bbox 2316 5400 2445 5470; x_wconf 74' lang='lat' dir='ltr'><strong>ﬁliae</strong></span> <span class='ocrx_word' id='word_1_759' title='bbox 2495 5399 2646 5455; x_wconf 85' lang='lat' dir='ltr'><strong>Sion.</strong></span> <span class='ocrx_word' id='word_1_760' title='bbox 2703 5399 2760 5454; x_wconf 92' lang='lat' dir='ltr'><strong>ln</strong></span> <span class='ocrx_word' id='word_1_761' title='bbox 2817 5399 3026 5454; x_wconf 72' lang='lat' dir='ltr'><strong>caelesti</strong></span> <span class='ocrx_word' id='word_1_762' title='bbox 3093 5396 3418 5452; x_wconf 82' lang='lat' dir='ltr'><strong>Jerusalem.</strong></span> 
     </span>
    </p>
   </div>
   <div class='ocr_carea' id='block_1_113' title="bbox 1845 5489 3422 5562">
    <p class='ocr_par' dir='ltr' id='par_1_113' title="bbox 1845 5489 3422 5562">
     <span class='ocr_line' id='line_1_113' title="bbox 1845 5489 3422 5562; baseline -0.001 -16"><span class='ocrx_word' id='word_1_763' title='bbox 1845 5491 1983 5547; x_wconf 89' lang='lat' dir='ltr'><strong>Illud</strong></span> <span class='ocrx_word' id='word_1_764' title='bbox 2039 5508 2237 5562; x_wconf 90' lang='lat' dir='ltr'><strong>porro,</strong></span> <span class='ocrx_word' id='word_1_765' title='bbox 2303 5495 2642 5558; x_wconf 86' lang='lat' dir='ltr'><strong>annuntiem,</strong></span> <span class='ocrx_word' id='word_1_766' title='bbox 2700 5492 2994 5561; x_wconf 77' lang='lat' dir='ltr'><strong>intelligas,</strong></span> <span class='ocrx_word' id='word_1_767' title='bbox 3051 5489 3272 5545; x_wconf 88' lang='lat' dir='ltr'><strong>assidue</strong></span> <span class='ocrx_word' id='word_1_768' title='bbox 3330 5504 3422 5545; x_wconf 84' lang='lat' dir='ltr'><strong>ca-</strong></span> 
     </span>
    </p>
   </div>
   <div class='ocr_carea' id='block_1_114' title="bbox 1849 5585 2024 5658">
    <p class='ocr_par' dir='ltr' id='par_1_114' title="bbox 1849 5585 2024 5658">
     <span class='ocr_line' id='line_1_114' title="bbox 1849 5585 2024 5658; baseline -0.011 -18"><span class='ocrx_word' id='word_1_769' title='bbox 1849 5585 2024 5658; x_wconf 70' lang='lat' dir='ltr'><strong>nam]</strong></span> 
     </span>
    </p>
   </div>
   <div class='ocr_carea' id='block_1_115' title="bbox 1921 5671 3424 5750">
    <p class='ocr_par' dir='ltr' id='par_1_115' title="bbox 1921 5671 3424 5750">
     <span class='ocr_line' id='line_1_115' title="bbox 1921 5671 3424 5750; baseline -0.004 -18"><span class='ocrx_word' id='word_1_770' title='bbox 1921 5679 2008 5732; x_wconf 88' lang='grc'><strong>17.</strong></span> <span class='ocrx_word' id='word_1_771' title='bbox 2042 5679 2391 5750; x_wconf 83' lang='lat' dir='ltr'><strong>Cognoscitur</strong></span> <span class='ocrx_word' id='word_1_772' title='bbox 2420 5679 2678 5733; x_wconf 87' lang='lat' dir='ltr'><strong>Dominus</strong></span> <span class='ocrx_word' id='word_1_773' title='bbox 2709 5675 2918 5747; x_wconf 83' lang='lat' dir='ltr'><strong>judicia</strong></span> <span class='ocrx_word' id='word_1_774' title='bbox 2949 5674 3168 5742; x_wconf 80' lang='lat' dir='ltr'><strong>faciens,</strong></span> <span class='ocrx_word' id='word_1_775' title='bbox 3193 5679 3298 5726; x_wconf 88' lang='lat' dir='ltr'><strong>etc.</strong></span> <span class='ocrx_word' id='word_1_776' title='bbox 3328 5671 3424 5726; x_wconf 82' lang='lat' dir='ltr'><strong>Ju-</strong></span> 
     </span>
    </p>
   </div>
   <div class='ocr_carea' id='block_1_116' title="bbox 1847 5765 3419 5843">
    <p class='ocr_par' dir='ltr' id='par_1_116' title="bbox 1847 5765 3419 5843">
     <span class='ocr_line' id='line_1_116' title="bbox 1847 5765 3419 5843; baseline -0.006 -17"><span class='ocrx_word' id='word_1_777' title='bbox 1847 5771 2050 5829; x_wconf 85' lang='lat' dir='ltr'><strong>dicium</strong></span> <span class='ocrx_word' id='word_1_778' title='bbox 2088 5788 2323 5843; x_wconf 85' lang='lat' dir='ltr'><strong>namque</strong></span> <span class='ocrx_word' id='word_1_779' title='bbox 2353 5772 2512 5843; x_wconf 85' lang='lat' dir='ltr'><strong>plane</strong></span> <span class='ocrx_word' id='word_1_780' title='bbox 2537 5771 2745 5840; x_wconf 86' lang='lat' dir='ltr'><strong>justum</strong></span> <span class='ocrx_word' id='word_1_781' title='bbox 2779 5773 2892 5829; x_wconf 81' lang='lat' dir='ltr'><strong>est;</strong></span> <span class='ocrx_word' id='word_1_782' title='bbox 2913 5773 2971 5819; x_wconf 86' lang='lat' dir='ltr'><strong>ut</strong></span> <span class='ocrx_word' id='word_1_783' title='bbox 3005 5765 3041 5818; x_wconf 92' lang='lat' dir='ltr'><strong>ii</strong></span> <span class='ocrx_word' id='word_1_784' title='bbox 3073 5765 3166 5834; x_wconf 89' lang='lat' dir='ltr'><strong>qui</strong></span> <span class='ocrx_word' id='word_1_785' title='bbox 3191 5772 3419 5818; x_wconf 89' lang='lat' dir='ltr'><strong>mortem</strong></span> 
     </span>
    </p>
   </div>
  </div>
