3874 6218
475 406 537 464 37
1310 409 1367 467 S.
1406 410 1780 466 ATHANASII
1819 411 1968 467 OPP.
2012 412 2194 467 PARS
2233 412 2320 468 lll.
2363 446 2429 455 —
2467 414 2878 475 EXEGETICA.
3631 420 3706 477 88

471 522 682 580 homini
715 533 985 591 struxere,
1016 527 1069 581 in
1123 541 1186 581 es
1242 527 1356 596 ipsa
1389 543 1450 583 re
1485 530 2013 597 comprehendantur

2140 531 2365 586 θάνατον
2406 537 2461 586 ἐν
2495 536 2639 606 αὑτῷ
2673 536 3089 607 περιληφθῆναι.
3137 538 3289 608 Τάχα
3335 536 3458 592 ἐπεὶ
3489 538 3583 592 καὶ
3616 534 3707 604 οἷς

471 611 725 671 Fortasse
752 616 771 685 (
798 616 851 671 id
884 617 1000 687 ait)
1036 619 1163 686 quia
1198 618 1234 671 ii
1265 618 1319 672 in
1369 634 1509 689 quos
1540 618 1712 674 fertur
1741 620 2029 690 judicium,

471 706 702 773 iudicem
739 718 1067 777 cognoscent
1098 715 1339 778 tempore
1364 708 1578 779 judicii.

2137 625 2197 676 τὸ
2223 626 2396 695 κρίμα
2416 626 2638 693 γίνεται,
2664 627 2959 695 γνώσονται
2985 628 3074 681 τὸν
3116 628 3367 699 κρίνοντα
3418 631 3476 683 ὲν
3526 628 3709 702 καιρῷ

2136 716 2387 785 κρίσεως.

539 797 625 852 18.
668 797 858 851 Daniel
887 798 1158 853 Barbarus
1184 815 1203 853 .'
1227 800 1608 856 Convertuntur
1642 812 1934 872 peccatores
1971 806 2026 857 in
2082 807 2366 876 infernum.
2406 810 2685 867 Daemones
2728 812 2955 880 scilicet,
3004 821 3057 868 et
3085 814 3398 882 quicunque
3450 812 3557 867 illis
3588 827 3707 868 ser.

469 890 699 943 vierunt.
740 888 930 944 Omnes
957 899 1127 959 gentes
1166 908 1281 963 qua:
1316 893 1691 948 obliviscuntur
1735 898 1917 949 Deum.
1959 896 2153 962 Grmci,
2191 899 2450 967 hzeretici,
2486 901 2675 957 Judaei.

535 979 626 1032 20.
662 979 915 1049 Exsurge,
947 981 1189 1045 Domine,
1221 1000 1320 1037 non
1347 1000 1438 1037 con
1448 985 1673 1052 [artetur
1700 988 1872 1041 homo.
1906 986 2033 1041 Pre-

467 1080 619 1123 catur
639 1068 985 1140 Unigenitum
1010 1073 1063 1126 in
1095 1076 1258 1130 terris
1284 1076 1600 1132 illucescere
1624 1094 1637 1142 ;
1668 1094 1736 1133 ne
1758 1082 2033 1148 superbus

466 1159 556 1213 ille
585 1159 854 1226 diabolus,
892 1177 1052 1231 quem
1106 1165 1162 1218 in
1217 1168 1469 1234 prazsenti
1523 1181 1682 1222 vocat
1731 1170 2032 1233 hominem,

465 1252 815 1319 supercilium
848 1254 990 1309 ultra
1026 1256 1196 1310 tollat.
1242 1257 1561 1311 Judicentur
1586 1270 1759 1328 gentes
1798 1262 1853 1313 in
1903 1278 2030 1314 con-

464 1350 638 1407 speclu
694 1352 803 1396 tuo.
846 1342 1152 1400 Salutarem
1203 1351 1443 1416 gentium
1488 1350 1828 1405 vocationem
1877 1361 2032 1423 rogat

465 1432 630 1487 citius
659 1434 869 1489 adesse.

534 1610 619 1664 2|.
652 1610 945 1675 Constitue,
980 1616 1215 1681 Domine,
1235 1616 1586 1686 legislatorem
1612 1636 1767 1688 super
1795 1636 1899 1674 eos.
1932 1620 2033 1674 Ec-

2217 992 2553 1060 Ἀνάστηθι,
2587 996 2782 1063 Κύριε,
2823 996 2909 1065 μὴ
2940 998 3347 1063 κραταιούσθω
3370 996 3703 1065 ἅνθρωπος.

2147 1080 2501 1152 Ἐπιλάμψειν
2549 1088 2662 1148 τοῖς
2711 1086 2801 1138 ἐπὶ
2829 1087 2931 1156 γῆς
2969 1086 3186 1155 εΰχεται
3246 1086 3336 1139 τὸν
3389 1087 3703 1157 Μονογενῆ·

2133 1175 2281 1238 ὅπως
2309 1178 2337 1229 6
2360 1177 2682 1248 ὑψηλόφρων
2711 1180 2911 1241 ἐκεῖνος
2933 1178 3196 1242 διάϐολος,
3219 1179 3278 1231 ὃν
3305 1179 3396 1231 καὶ
3418 1179 3707 1250 ἄνθρωπον

2134 1266 2226 1318 ἐπὶ
2250 1266 2343 1319 τοῦ
2374 1269 2637 1337 παρόντος
2683 1269 2853 1332 καλεῖ,
2889 1270 2981 1321 ἐπὶ
3036 1269 3203 1322 πλείω
3241 1268 3314 1340 μὴ
3346 1270 3548 1341 ὲπαίρῃ
3602 1270 3708 1345 τὴν

2134 1354 2324 1425 ὀφρύν.
2351 1354 2732 1423 Κριθήτωσαν
2752 1358 2893 1423 ἔθνη
2914 1358 3168 1411 ἐνώπιόν
3192 1373 3326 1411 σου.
3356 1358 3464 1428 Τὴν
3486 1360 3579 1412 ἐπὶ
3605 1375 3709 1413 σω-

2133 1446 2297 1517 τηρίᾳ
2322 1448 2616 1519 γενομένην
2646 1448 2749 1501 τῶν
2778 1448 2943 1501 ὲθνῶν
2968 1449 3157 1519 κλῆσιν
3183 1450 3521 1505 ἐπισπεύδων
3551 1449 3711 1524 εὔχε-

2136 1555 2239 1591 ται.

2206 1620 2620 1695 Κατάστησον,
2656 1632 2846 1698 Κύριε,
2873 1632 3200 1699 νομοθέτην
3222 1633 3313 1685 ἐπ’
3335 1634 3575 1698 αὐτούς.
3594 1634 3709 1687 Καὶ

465 1702 589 1770 quis
623 1702 901 1772 legislator
933 1706 1043 1768 ille,
1078 1707 1182 1761 nisi
1215 1708 1307 1776 qui
1341 1706 1475 1761 Novi
1497 1707 1827 1765 Testamenti
1860 1712 2018 1781 lcgen

2134 1719 2215 1783 τίς
2245 1722 2271 1772 6
2294 1721 2591 1791 νομοθέτης
2616 1722 2648 1792 ἦ
2679 1724 2706 1774 6
2737 1723 2825 1775 τὸν
2855 1723 2955 1792 τῆς
3002 1724 3207 1793 Καινῆς
3235 1724 3510 1795 Διαθήκης
3538 1725 3707 1795 νόμον

466 1792 627 1846 nobis
658 1794 910 1849 induxit?
936 1795 1117 1850 Sciant
1148 1808 1319 1867 gentes
1350 1801 1595 1867 quoniam
1625 1802 1857 1856 homines
1886 1812 2027 1856 sunt.

464 1880 567 1936 Per
594 1883 866 1953 ingentem
893 1885 1201 1939 dzemonnm
1246 1886 1540 1951 fallaciam,
1576 1890 1628 1943 in
1656 1891 2031 1959 iumentorum

464 1989 673 2029 morem
726 1980 1044 2033 commutati
1098 1988 1293 2040 erant,
1348 1990 1407 2034 ut
1450 1982 1516 2036 de
1560 1983 1666 2037 illis
1720 1983 2027 2040 diceretur:

466 2063 819 2135 Comparatus
866 2081 944 2123 est
979 2070 1236 2138 jumentis
1288 2073 1688 2141 insipientibus,
1744 2085 1792 2128 et
1841 2078 2031 2132 similis

465 2156 641 2225 factus
665 2168 741 2211 est
772 2160 881 2213 illis
913 2162 980 2215 ⁸³.

740 2269 1080 2327 PSALMUS
1110 2272 1159 2326 Χ
1190 2276 1473 2329 secundum
1512 2276 1780 2332 Hebneos.

536 2360 588 2413 1.
628 2360 856 2433 Uti/uid,
888 2364 1127 2426 Domine,
1164 2368 1425 2441 recessisti
1464 2368 1632 2438 longe.
1668 2368 1842 2440 Rogat
1877 2387 2030 2426 acce-

464 2452 625 2506 lerari
659 2457 897 2524 gentium
949 2457 1289 2510 vocationem
1345 2460 1559 2514 modico
1618 2470 1738 2528 post
1787 2470 2030 2530 tempore

462 2539 725 2596 futuram.
765 2542 1001 2613 ldipsum
1039 2554 1220 2599 autem
1257 2546 1434 2601 effecit
1471 2549 1676 2603 diaboli
1713 2552 1987 2620 superbia.

527 2716 583 2770 2.
603 2715 741 2769 Dum
768 2718 997 2785 superbit
1024 2719 1236 2787 impius,
1255 2720 1553 2773 incenditur
1576 2739 1796 2792 pauper.
1825 2722 2027 2793 Super-

462 2808 573 2873 bia,
610 2808 809 2876 inquit,
846 2809 1103 2877 improbi,
1133 2811 1290 2879 quasi
1326 2811 1635 2866 incendium
1671 2824 1753 2869 est
1779 2817 2024 2885 pauperi,

460 2898 666 2968 populo
713 2901 923 2955 scilicet
953 2910 1067 2955 tuo.
1124 2902 1651 2972 Comprehenduntur
1686 2908 1741 2962 in
1787 2908 2022 2962 consiliis

2134 1813 2262 1882 ἡμῖν
2286 1813 2747 1884 είσηγησάμενος;
2774 1813 3109 1869 Γνὼτωσαν
3134 1815 3278 1882 ἔθνη
3301 1856 3316 1881 ,
3349 1816 3437 1869 ὅτι
3476 1818 3707 1886 ἀνθρω-

2133 1905 2234 1956 ποί
2283 1907 2418 1959 εἱσι.
2447 1906 2522 1975 Τῇ
2571 1907 2840 1978 ὑπερϐολῇ
2871 1909 2969 1977 τῆς
3014 1906 3121 1960 τῶν
3168 1908 3458 1977 δαιμονίων
3484 1909 3709 1979 ἀπάτης

2132 1996 2210 2057 είς
2243 1997 2453 2066 κτηνῶν
2490 1994 2629 2067 ἦσαν
2653 2000 3063 2070 μετενεχθέντες
3086 2000 3281 2071 τρόπον
3300 2017 3313 2029 °
3344 2000 3420 2063 ὡς
3445 1999 3708 2067 λέγεσθαι

2132 2090 2260 2158 περὶ
2295 2090 2507 2142 αὐτῶν·
2546 2091 3059 2159 Παρασυνεϐλήθη
3112 2091 3237 2159 τοῖς
3268 2090 3521 2160 κτήνεσι
3571 2091 3708 2159 τοῖς

2130 2182 2407 2251 ἀνοήτοις
2433 2183 2529 2236 καὶ
2556 2182 2818 2252 ὡμοιώθη
2849 2182 3071 2249 αὐτοῖς.

2722 2272 3026 2323 ΨΑΛΜΟΣ
3062 2273 3125 2324 I'.

2201 2361 2334 2414 Ἵνα
2359 2361 2434 2425 τί,
2456 2362 2650 2428 Κύριε,
2678 2360 3025 2429 ἀφέστηκας
3049 2364 3345 2432 μακρόθεν
3360 2380 3379 2427 ;
3408 2363 3705 2434 Ἐπιταχῦ-

2130 2469 2215 2504 ναι
2248 2450 2342 2521 τὴν
2393 2451 2597 2521 μακρὸν
2658 2451 2882 2522 ὕστερον
2926 2454 3296 2523 γενησομένην
3358 2453 3550 2523 κλῆσιν
3586 2454 3705 2507 τῶν

2129 2542 2296 2595 ἐθνῶν
2335 2540 2571 2611 εὔχεται.
2606 2543 2773 2595 Τοῦτο
2797 2543 2854 2595 δὲ
2892 2544 3022 2597 αὐτὸ
3054 2544 3351 2615 πεποίηκεν
3386 2546 3419 2613 ἡ
3445 2543 3538 2596 τοῦ
3585 2542 3705 2597 δια-

2130 2633 2282 2686 δόλου
2324 2632 2607 2705 ὑπεροψία.

2210 2729 2306 2780 Ἐν
2329 2726 2407 2792 τῷ
2430 2728 2982 2795 ὑπερηφανεύεσθαι
3023 2728 3131 2782 τὸν
3172 2727 3364 2797 ἀσεϐῆ
3392 2727 3705 2797 ἐμπυρίζο-

2127 2837 2219 2873 ται
2240 2824 2272 2875 ό
2300 2821 2568 2889 πτωχός.·
2590 2821 2652 2871 Ἦ
2685 2821 2973 2890 ὑπεροψία,
3001 2821 3155 2892 φησὶ,
3190 2820 3283 2873 τοῦ
3308 2819 3567 2892 πονηροῦ.
3593 2820 3704 2875 πύ-

2132 2930 2292 2984 ρωσις
2323 2912 2400 2983 τῷ
2434 2912 2633 2983 πτωχῷ
2670 2929 2761 2965 σου
2794 2913 3000 2979 γίνεται
3040 2912 3180 2983 λαῷ·
3210 2912 3705 2980 »Συνῑλαμϐἀνον-

458 2990 648 3061 quibus
709 2992 961 3062 cogitant.
1022 2992 1075 3047 ld
1133 3003 1235 3058 est,
1288 2997 1835 3064 comprehendentur.
1884 2998 2018 3054 Nam

2134 3020 2221 3058 ται
2260 3004 2329 3056 ἐν
2361 3003 2741 3069 διαϐουλίοις,
2774 2999 2862 3068 οἷς
2899 3003 3347 3074 διαλογίζονται.
3393 3005 3536 3057 Ἀντὶ
3577 3003 3698 3069 τοῦ,

459 3088 518 3137 tu
536 3096 618 3145 es,
639 3082 836 3152 inquit,
868 3084 960 3153 qui
989 3086 1409 3154 comprehendis
1441 3090 1712 3158 sapientes
1738 3090 1792 3143 in
1822 3092 2021 3146 astutia

459 3188 648 3230 eorum
671 3174 739 3229 ".

530 3266 584 3320 ὅ.
613 3265 875 3329 Quoniam
902 3268 1157 3323 laudatur
1183 3281 1424 3340 peccator
1452 3274 1505 3326 in
1530 3273 1804 3329 desideriis
1831 3276 2022 3330 animus

457 3371 589 3411 sum.
619 3357 816 3424 Tanta,
870 3361 1065 3429 inquit,
1112 3360 1213 3415 fuit
1244 3362 1363 3431 ejus
1415 3362 1723 3426 clementia,
1774 3374 1853 3431 ut,
1894 3368 2022 3436 quia

458 3449 613 3520 impii
644 3451 892 3521 impuniti
929 3454 1302 3519 remanebant,
1329 3456 1546 3511 demum
1582 3457 1723 3525 apud
1754 3460 2019 3527 quosdam

458 3542 815 3599 stultissimos
865 3545 1113 3602 homines
1151 3562 1341 3602 eorum
1388 3549 1497 3601 vita
1550 3557 1769 3619 accepta
1796 3560 1939 3605 esset
1969 3561 2022 3606 et

456 3633 793 3689 laudaretur.

526 3724 580 3779 4.
624 3723 973 3781 Exacerbavit
1022 3727 1309 3782 Dominum
1357 3740 1620 3799 peccator.
1664 3731 2023 3787 Exaccrbavit

454 3814 675 3884 quidem
706 3816 983 3874 irridendo
1012 3820 1158 3875 illius
1181 3822 1246 3876 de
1271 3822 1606 3891 providentia
1632 3832 1686 3877 et
1713 3824 1777 3877 de
1812 3822 2020 3891 judicio

454 3907 639 3965 verba.
676 3908 830 3966 Multi
856 3927 1091 3982 namque
1132 3929 1257 3968 cum
1306 3914 1683 3983 hujuscemodi
1737 3915 2017 3985 quidpiam

453 3998 705 4069 audiunt,
732 4004 917 4058 statim
936 4004 1134 4059 rident.
1158 4003 1268 4058 Hoc
1297 4015 1480 4059 autem
1508 4004 1889 4075 subiungitur:
1926 4004 2019 4071 Se-

451 4096 687 4151 cundum
719 4096 1109 4150 multitudinem
1141 4098 1235 4151 irae
1281 4113 1408 4150 suae.
1468 4096 1539 4151 Ut
1583 4098 1657 4151 ita
1717 4114 1775 4153 se
1824 4099 2019 4154 habeat

451 4198 561 4246 tota
596 4187 892 4242 sententia:
926 4184 1285 4240 Exacerbavit
1316 4186 1629 4252 Dominum,
1662 4186 1855 4256 inquit,
1891 4204 2017 4256 pec.-

450 4290 627 4345 eator,
675 4276 1083 4333 multitudinem
1128 4279 1221 4332 irae
1272 4278 1376 4334 sibi
1426 4279 1825 4333 thesaurizans.
1879 4276 2014 4333 lllud

2126 3093 2610 3166 συλληφθήσονται.
2654 3095 2725 3148 Σὺ
2769 3097 2877 3167 γὰρ
2914 3090 2994 3158 εί,
3026 3096 3208 3165 φησιν,
3252 3096 3280 3148 ὁ
3326 3094 3704 3166 δρασσόμενος

2121 3188 2247 3249 τοὺς
2281 3188 2477 3256 σοφοὺς
2506 3188 2562 3239 ὲν
2583 3190 2647 3258 τῇ
2680 3188 2981 3259 πανουργίᾳ
3007 3187 3205 3242 αὐτῶν.

2197 3275 2315 3327 Ὅτι
2336 3275 2657 3329 ἐπαινεῖται
2673 3280 2705 3329 ό
2733 3276 3076 3344 ἁμαρτωλὸς
3100 3278 3170 3329 ἐν
3191 3278 3319 3343 ταῖς
3355 3279 3703 3349 ἐπιθυμίαις

2122 3363 2233 3432 τῆς
2263 3365 2471 3435 ψυχῆς
2500 3365 2706 3419 αὐτοῦ.
2735 3366 3002 3437 Τοσαύτη,
3042 3368 3211 3438 φησὶ,
3248 3369 3471 3439 γέγονεν
3518 3371 3552 3440 ἠ
3576 3371 3703 3423 ’άν-

2121 3457 2391 3524 εξικακὶα,
2448 3458 2523 3521 ὡς
2556 3459 2666 3523 καὶ,
2711 3458 2797 3511 διὰ
2829 3459 2885 3511 τὸ
2936 3460 3314 3531 ἀτιμωρήτους
3352 3461 3533 3531 μένειν
3566 3462 3702 3525 τοὺς

2122 3547 2355 3614 ἀσεϐεῖς,
2388 3548 2571 3601 λοιπὸν
2599 3550 2692 3601 καὶ
2722 3548 2872 3620 παρά
2894 3566 3001 3602 τισι
3032 3549 3139 3602 τῶν
3160 3550 3527 3621 ἀνοητοτὲρων
3557 3551 3701 3605 ἀπό·

2120 3637 2305 3690 δεκτον
2337 3640 2515 3701 αὐτοῖς
2544 3634 2680 3691 εἶναι
2705 3639 2793 3691 τὸν
2822 3639 2955 3710 βίον.

2189 3726 2509 3795 Παρώξυνε
2538 3729 2643 3781 τὸν
2668 3731 2885 3797 Κύριον
2910 3734 2942 3783 ό
2974 3731 3339 3799 ἁμαρτωλός.
3390 3730 3695 3802 Παρώξυνε

2124 3820 2221 3891 μὲν
2249 3820 2521 3891 χλευάζων
2561 3822 2686 3884 τοὺς
2716 3822 2842 3893 περὶ
2877 3824 3129 3893 προνοίας
3181 3824 3273 3876 καὶ
3313 3823 3409 3893 τῆς
3453 3824 3699 3894 κρίσεως

2120 3911 2281 3963 αὑτοῦ
2312 3911 2520 3979 λόγους.
2546 3913 2736 3966 Πολλοὶ
2769 3915 2865 3983 μὲν
2888 3914 2995 3985 γὰρ
3019 3914 3312 3978 ἀκούοντες
3354 3914 3602 3969 τοιοῦτόν
3639 3933 3696 3971 τι

2118 4001 2346 4071 γελῶσιν
2379 4002 2611 4066 εὑθέως’
2638 4004 2795 4057 τοῦτο
2829 4005 2885 4057 δὲ
2923 4006 3249 4059 συνάπτεται
3273 4046 3287 4064 ,
3332 4006 3392 4059 τὸ
3430 4006 3599 4061 Κατὰ
3625 4007 3695 4061 τὸ

2118 4092 2350 4160 πλῆθος
2395 4093 2504 4162 τῆς
2542 4093 2723 4162 ὀργῆς
2754 4095 2937 4149 αὐτοῦ
2962 4113 2975 4125 ·
3007 4096 3091 4147 ἵνα
3199 4095 3258 4147 τὸ
3306 4095 3425 4148 ὅλον
3480 4094 3690 4160 οὕτως’

2117 4183 2408 4255 Παρώξυνε
2444 4185 2533 4237 τὸν
2558 4185 2780 4255 Κύριον,
2819 4186 3002 4257 φησὶν.
3030 4188 3058 4239 6
3093 4187 3444 4259 ἁμαρτωλὸς,
3482 4187 3694 4255 πλῆθος

2115 4275 2283 4345 ὀργῆς
2336 4274 2511 4345 ἑαυτῷ
2538 4274 2900 4345 θησαυρίζων.
2954 4278 3027 4329 Τὸ
3072 4278 3198 4348 γὰρ,
3231 4278 3439 4340 αὐτοῦ,
3469 4278 3565 4331 ἐπὶ
3592 4276 3692 4331 τοῦ

445 4371 617 4436 enim,
648 4385 781 4433 sine,
810 4368 876 4422 de
901 4368 1264 4423 exacerbante
1286 4380 1369 4424 est
1392 4369 1788 4439 accipiendum.
1812 4368 2015 4425 Deinde

2134 4363 2517 4435 παροξύναντος
2546 4364 2799 4433 ληπτέον.
2832 4362 2963 4420 Εἶτα
2984 4366 3046 4419 τὸ
3081 4367 3473 4437 ἐπιφερόμενον
3502 4364 3691 4431 τοῦτο,

446 4462 594 4532 quod
633 4461 838 4517 dicitur
869 4480 880 4514 τ
914 4477 1019 4515 non
1056 4469 1272 4529 qureret.
1306 4477 1429 4514 cum
1470 4462 1906 4529 interpunclione
1941 4461 2015 4516 le-

446 4553 703 4623 gendum,
729 4561 787 4606 ut
816 4553 888 4605 ita
932 4551 1377 4619 intelligaturzAn
1414 4553 1503 4607 ille
1530 4554 1690 4608 homo
1719 4552 1887 4606 Deum
1920 4568 2015 4606 ex-

444 4642 685 4703 acerbat,
719 4642 811 4696 irae
843 4641 945 4695 sibi
977 4642 1407 4711 magnitudinem
1438 4643 1763 4707 accendens,
1792 4650 1846 4696 et
1871 4640 2013 4696 Deus

443 4748 552 4788 non
593 4734 837 4803 quaeret?
864 4733 999 4787 Cum
1026 4734 1465 4802 interpunctione
1495 4734 1678 4803 itaque
1700 4732 2011 4803 legendum,

440 4836 503 4881 ut
533 4827 604 4881 sit
629 4826 717 4881 hic
753 4841 948 4880 sensus
976 4842 989 4878 :
1020 4824 1219 4879 Annon
1251 4833 1456 4893 quaeret
1492 4825 1633 4878 Deus
1654 4824 1677 4877 ?
1698 4839 1876 4878 annon
1911 4823 2011 4877 tri-

437 4919 568 4974 buet
596 4918 698 4987 ipsi
732 4917 1031 4973 secundum
1066 4916 1225 4979 iram,
1273 4932 1438 4987 quam
1486 4916 1588 4971 sibi
1621 4916 2011 4971 thesaurizavit

438 5011 493 5065 in
525 5012 613 5066 die
641 5011 734 5064 irae
760 5026 872 5065 suae
902 5010 926 5062 ?

508 5101 561 5155 5.
598 5098 721 5153 Non
748 5110 826 5153 est
852 5097 989 5153 Deus
1018 5098 1071 5151 in
1099 5108 1375 5167 conspectu
1405 5097 1541 5165 ejus.
1580 5095 1797 5151 Initium
1828 5098 2006 5152 omnis

434 5192 665 5261 improbi
713 5192 891 5261 aperis
944 5202 1027 5247 est
1071 5188 1241 5245 Deum
1296 5206 1403 5244 non
1455 5190 1694 5259 cogitare.
1740 5188 2002 5258 judicem.

433 5285 764 5353 Auferuntur
791 5284 1002 5353 judicia
1036 5293 1127 5337 tua
1164 5301 1197 5335 a
1224 5284 1361 5351 facie
1396 5282 1530 5350 ejus.
1567 5279 1698 5333 Nam
1726 5280 1818 5348 qui
1848 5281 2002 5349 igno-

431 5389 514 5431 rat
541 5392 660 5431 esse
680 5375 871 5440 Deum,
903 5377 1119 5446 ignorat
1150 5376 1275 5427 item
1308 5388 1430 5427 esse
1454 5373 1717 5439 judicem.
1754 5370 2000 5425 Omnium

428 5467 763 5520 inimicorum
800 5482 1018 5519 suorum
1066 5463 1450 5517 dominabitur.
1506 5462 1693 5516 Simile
1748 5473 1829 5515 est
1879 5462 1998 5515 illi:

431 5556 741 5612 Universum
789 5557 965 5611 orbem
1024 5573 1183 5609 manu
1231 5555 1664 5623 comprehendam
1716 5556 1869 5623 quasi
1920 5556 2001 5606 ni-

424 5648 551 5701 dum
565 5648 631 5701 3’.
664 5648 815 5703 Dixit
844 5649 984 5701 enim
1017 5649 1070 5701 in
1109 5647 1265 5701 corde
1292 5662 1420 5702 suo:
1449 5645 1571 5700 Non
1602 5646 1861 5711 movebar,
1890 5655 1994 5701 etc.

2119 4458 2230 4509 οὐκ
2266 4454 2593 4522 ἐκζητήσει,
2632 4456 2750 4510 καθ’
2781 4459 3120 4529 ὑποστιγμὴν
3150 4459 3555 4527 άναγνωστέον’
3599 4460 3692 4515 ἵνα

2116 4544 2149 4621 ᾖ
2178 4548 2236 4599 τὸ
2264 4547 2547 4617 νοούμενον
2573 4547 2744 4611 οὕτως
2768 4566 2780 4578 ·
2817 4545 2939 4620 Ἆρ’
2979 4547 3071 4603 οὖν
3101 4552 3128 4603 ὁ
3158 4550 3255 4621 μὲν
3280 4548 3571 4621 παροξύνει
3598 4550 3691 4605 τὸν

2114 4638 2266 4702 Θεὸν,
2296 4639 2472 4691 καίτοι
2505 4639 2706 4709 πλῆθος
2746 4641 2894 4712 αὐτῷ
2924 4642 3158 4695 ἐκκαίων
3193 4642 3396 4713 ὀργῆς,
3435 4643 3464 4693 ὁ
3492 4641 3551 4693 δὲ
3584 4642 3691 4697 οὐκ

2113 4729 2439 4801 ἐκζητήσει;
2489 4731 2625 4785 Καθ’
2664 4733 3006 4803 ὑποστιγμὴν
3050 4736 3083 4804 ἡ
3112 4733 3449 4801 ἀνάγνωσις,
3493 4733 3582 4785 ἵνα
3669 4749 3685 4763 ·

2113 4822 2225 4875 Οὐκ
2274 4820 2585 4891 ὲκζητήσει,
2629 4824 2813 4893 φησὶν,
2842 4825 2869 4876 6
2896 4822 3045 4885 Θεὸς,
3074 4824 3167 4876 καὶ
3214 4822 3482 4876 ἀποδώσει
3533 4822 3688 4894 αὑτῷ

2112 4914 2250 4968 κατᾶ
2282 4915 2377 4984 τὴν
2427 4912 2624 4985 ὀργὴν,
2665 4916 2729 4985 ἣν
2778 4914 2954 4985 ἑαυτῷ
2988 4914 3344 4985 ἐθησαύρισεν
3389 4914 3448 4966 ὲν
3498 4913 3687 4985 ἡμέρᾳ

2109 5006 2277 5076 ὀργῆς
2311 5002 2473 5057 αὑτοῦ
2492 5020 2505 5066 ;

2173 5101 2294 5152 Οὐκ
2320 5100 2491 5153 ἐστιν
2518 5103 2551 5151 ὁ
2590 5097 2731 5162 Θεὸς
2768 5097 3022 5151 ἐνώπιον
3055 5096 3260 5151 αὐτοῦ.
3299 5095 3463 5167 Ἀρχὴ
3498 5093 3686 5164 πάσης

2108 5192 2349 5263 πονηρᾶς
2378 5191 2625 5262 πράξεως
2664 5190 2725 5243 τὸ
2752 5190 2823 5261 μὴ
2854 5188 3162 5256 λογίζεσθαι
3186 5187 3374 5259 κριτὴν
3404 5186 3492 5239 τὸν
3509 5185 3646 5239 Θεόν
3664 5200 3681 5217 ⁶

2118 5283 2541 5349 Mrem-uipera:
2566 5281 2637 5334 τὰ
2664 5280 2914 5350 κρίματά
2934 5295 3049 5332 σου
3072 5279 3187 5333 ἀπὸ
3218 5276 3541 5347 προσώπου
3567 5278 3682 5330 αὐ-

2106 5374 2230 5429 τοῦ.
2274 5376 2329 5428 Ὀ
2363 5374 2471 5446 γὰρ
2503 5376 2576 5446 μὴ
2603 5374 2985 5444 ἐπιστάμενος,
3014 5374 3094 5425 ὃτι
3118 5372 3231 5425 ἔστι
3265 5371 3415 5433 Θεὸς,
3441 5369 3561 5421 οὐδὲ
3597 5371 3681 5422 ὅτι

2105 5468 2298 5540 κριτής
2333 5470 2476 5520 ἐστιν
2510 5463 2639 5521 οἶδε.
2674 5467 2920 5521 Πάντων
2949 5466 3068 5520 τῶν
3098 5464 3324 5535 ἐχθρῶν
3354 5463 3540 5520 αὑτοῦ
3568 5478 3679 5516 κα-

2103 5560 2499 5625 τακυριεύσει.
2554 5560 2777 5628 Ὅμοιον
2824 5560 2886 5612 τὸ
2914 5598 2927 5622 ,
2986 5558 3109 5625 Τὴν
3138 5554 3495 5625 οἰκουμένην
3522 5553 3683 5623 ὅλην

2102 5648 2524 5719 καταλήψομαι
2544 5649 2618 5720 τῇ
2643 5652 2795 5721 χειρί
2818 5668 2935 5721 μου
2962 5653 3041 5716 ὡς
3070 5647 3348 5704 νοσσιὰν.
3393 5643 3540 5702 Eleis
3566 5646 3680 5717 γὰρ

502 5798 698 5857 capsa].
726 5819 915 5868 xum,
954 5802 1038 5856 15.
1117 5804 1160 5833 ⁸³
1181 5801 1282 5857 Job
1315 5819 1368 5863 ν,
1412 5803 1492 5855 1-5.
1573 5803 1616 5834 ⁸⁸
1642 5800 1746 5857 isa.
1782 5820 1832 5863 Χ,
1874 5801 1958 5865 Η,
1995 5803 2012 5871 j

2134 5820 2150 5860 ι
2184 5802 2345 5858 ιῖςῖ.
