3874 6218
259 375 333 434 89
1412 371 1779 430 EXPOSITIO
1819 373 1884 428 IN
1925 374 2260 432 PSALMUM
2300 377 2362 434 Χ.
3440 389 3512 448 90

257 499 334 550 ἐν
366 491 443 561 τῇ
471 492 690 561 καρδίᾳ
712 489 901 546 αὐτοῦ
919 506 933 522 ·
971 489 1056 545 οὐ
1079 491 1165 560 μὴ
1195 489 1490 546 σαλευθῶ.
1536 491 1681 544 Ἀντὶ
1704 489 1798 544 τοῦ
1825 507 1838 522 ·

1955 490 2001 546 ld
2031 503 2154 548 est:
2190 492 2306 548 Non
2361 494 2593 549 inducar
2632 495 2684 548 in
2736 510 3000 563 errorem,
3058 513 3163 554 non
3198 511 3409 558 evertar
3453 506 3510 560 in

258 587 339 643 οὐ
381 584 455 658 μὴ
493 585 701 655 σφάλω,
734 584 796 639 οὗ
841 582 916 655 μὴ
964 585 1446 656 περιτραπήσομαι
1487 587 1566 648 εἰς
1598 585 1786 653 γενεάν
1814 600 1828 612 ·

257 676 322 732 οὐ
347 675 456 744 γὰρ
480 673 674 744 ἔσομαι
707 677 766 727 ὲν
796 670 1055 727 κακώσει.

1940 587 2362 654 generationem,
2389 602 2495 640 non
2526 587 2577 640 in
2613 588 2768 642 malis
2799 605 2914 645 ero.

339 767 538 835 Adjicit
570 765 705 818 Dan.
756 763 922 817 Barb.
965 762 1100 816 Nam
1134 762 1444 831 quicunque
1479 763 1591 815 vitii
1628 761 1898 830 particeps
1921 768 2023 821 est,
2060 758 2191 812 nihil
2221 773 2384 828 grave
2414 774 2472 812 se
2499 758 2806 815 subiturum
2845 770 3015 830 putat.

339 857 495 930 [οὐκ
521 857 694 910 ἐστιν
729 859 761 909 ό
801 854 945 920 Θεὸς
991 852 1246 908 ἐνώπιον
1291 855 1498 908 αὑτοῦ.
1565 853 1839 908 Ἐκϐαλὼν

261 951 355 1002 τὸν
389 948 530 1001 θεῖον
553 946 714 1018 φόϐον
742 948 807 999 ὲκ
847 949 944 1015 τῆς
1003 945 1199 1016 ψυχῆς,
1251 945 1541 1009 διαπαντὸς
1572 949 1630 1000 ὲν
1676 945 1844 1017 κακίᾳ

260 1040 549 1111 διατρίϐει.
596 1037 763 1109 ’Δρχὴ
784 1038 964 1108 πάσης
990 1039 1230 1107 πονηρᾶς
1258 1037 1508 1108 πράξεως
1542 1037 1604 1089 τὸ
1632 1036 1706 1107 μὴ
1756 1036 1844 1089 λο-

259 1131 508 1200 γίζεσθαι
531 1131 722 1202 κριτὴν
747 1131 834 1182 τὸν
847 1129 996 1182 Θεόν.
1030 1129 1470 1196 Ἀνταναιζρεται
1491 1129 1563 1181 τὰ
1581 1126 1834 1196 κρίματὰ

256 1240 377 1280 σου
407 1222 527 1278 ἀπὸ
570 1219 892 1291 προσώπου
930 1219 1136 1274 αὐτοῦ.
1187 1221 1262 1272 Οὐ
1328 1219 1574 1289 βούλεται
1607 1219 1826 1282 ειδέναι,

256 1316 341 1370 ὅτι
371 1315 564 1386 κριτὴς
601 1311 650 1366 εἷ
686 1313 914 1375 δίκαιος·
965 1313 994 1363 6
1027 1311 1136 1380 γὰρ
1194 1312 1267 1382 μὴ
1317 1310 1698 1381 ἐπιστάμενος,
1749 1311 1831 1363 ὅτι

257 1407 376 1460 εστι
403 1406 554 1470 Θεὸς,
583 1405 703 1458 οὐδὲ
722 1406 803 1457 ὅτι
829 1406 1022 1474 κριτής
1066 1405 1212 1454 ἐστιν
1252 1401 1380 1455 οἵδε.
1439 1401 1688 1457 Πάντων
1715 1400 1834 1455 τῶν

257 1497 488 1567 ἐχθρῶν
516 1495 704 1551 αὐτοῦ
758 1495 1234 1561 κατακυριεύσει.
1267 1494 1388 1545 Τῶν
1433 1492 1754 1564 πειρασμῶν
1786 1495 1836 1546 οἱ

263 1587 362 1657 μὲν
390 1587 753 1659 προσάγονται
774 1587 840 1656 τῇ
866 1585 1093 1654 ψυχῇ,οί
1116 1584 1171 1637 δὲ
1191 1582 1270 1654 τῷ
1296 1583 1525 1654 σώματι,
1559 1585 1607 1636 οἱ
1640 1584 1697 1636 δὲ
1721 1587 1835 1648 τοῖς

259 1676 421 1748 πέριξ
449 1676 544 1730 τοῦ
578 1675 848 1746 σώματος.
870 1675 976 1728 Καὶ
1010 1677 1059 1726 οἱ
1118 1675 1216 1743 μὲν
1247 1673 1390 1744 ψυχῇ
1439 1675 1836 1745 προσαγόμενοι

2016 849 2161 923 [Non
2194 862 2270 905 est
2300 851 2440 904 Deus
2465 853 2518 904 iu
2549 863 2826 921 conspectu
2859 855 2990 921 ejus.
3027 855 3264 925 Expulso
3295 875 3358 913 ex
3392 861 3512 915 ani-

1942 960 2031 999 ma
2060 961 2158 999 sua
2193 944 2288 998 Dei
2334 944 2529 999 timore
2553 986 2568 1010 ,
2598 961 2814 1015 semper
2858 950 2910 1000 in
2943 949 3148 1003 malitia
3181 962 3508 1019 perseverat.

1942 1037 2279 1105 Principium
2309 1039 2488 1092 omnis
2530 1040 2684 1093 malm
2727 1040 2958 1094 actionis
2987 1051 3098 1107 est,
3127 1059 3232 1097 non
3273 1046 3512 1114 cogitare

1939 1127 2179 1196 judicem
2211 1125 2402 1182 Deum.
2455 1129 2780 1196 Aufer-untur
2813 1131 3021 1198 judicia
3050 1141 3141 1184 tua
3164 1151 3195 1186 a
3218 1134 3354 1202 facie
3373 1136 3508 1204 ejus.

1939 1217 2112 1274 Nosse
2146 1234 2257 1273 non
2290 1219 2402 1272 vult
2433 1228 2484 1272 te
2517 1220 2758 1288 judicent
2804 1237 2924 1276 esse
2946 1223 3156 1292 justum
3193 1245 3206 1279 :
3239 1227 3332 1294 qui
3366 1227 3510 1280 enim

1944 1324 2053 1362 non
2099 1310 2250 1363 novit
2289 1323 2410 1363 esse
2450 1307 2620 1362 Deum
2650 1349 2666 1374 ,
2703 1325 2880 1378 neque
2923 1311 3161 1379 judieem
3192 1329 3312 1368 esse
3339 1315 3509 1370 novit.

1949 1397 2200 1454 Omnium
2223 1399 2558 1451 inimicorum
2588 1415 2800 1452 suorum
2823 1400 3199 1454 dominabitur.
3233 1402 3512 1456 Tentatio-

1943 1503 2040 1541 nes
2072 1488 2189 1540 alia:
2221 1487 2406 1540 animo
2431 1527 2446 1552 ,
2494 1489 2709 1555 corpori
2749 1489 2868 1542 alia:
2895 1489 3254 1556 objiciuntur;
3301 1492 3417 1544 alia:
3443 1492 3513 1548 iis

1944 1593 2065 1646 quae
2095 1578 2300 1630 circum
2341 1591 2538 1643 corpus
2570 1585 2874 1629 versantur.
2905 1575 3034 1641 Quae
3062 1578 3245 1630 animo
3274 1576 3513 1630 offerun-

1943 1676 2053 1729 tur,
2101 1666 2459 1735 cogitationes
2512 1665 2737 1734 impura:
2783 1675 3187 1735 nuneupantur,
3228 1683 3349 1735 qua:
3389 1682 3512 1736 pec-

257 1766 507 1836 λογισμοὶ
567 1765 864 1836 ἀκάθαρτοι
913 1765 1178 1832 λέγονται,
1235 1764 1509 1836 ἁμαρτίας
1533 1763 1833 1832 γεννῶντες

1955 1765 2061 1811 :ata
2096 1763 2149 1810 et
2200 1756 2452 1826 dogmata
2488 1754 2625 1810 falsa
2663 1763 2955 1823 generant;
2992 1770 3114 1822 quae
3162 1755 3376 1823 corpori
3414 1756 3512 1808 ad-

258 1859 352 1911 καὶ
387 1858 635 1929 δόγματα
660 1856 852 1926 ψευδῆ·
908 1856 1040 1916 οἱδὲ
1082 1853 1160 1924 τῷ
1211 1853 1421 1924 σώματι
1457 1854 1839 1924 προσφερόμε-

257 1965 339 2002 νοι
380 1947 608 2018 πληγῶν
639 1948 732 2000 καὶ
789 1945 1170 2019 στρεϐλώσεων
1195 1945 1288 1997 καὶ
1315 1944 1569 2014 διωγμῶν
1608 1943 1704 1996 καὶ
1735 1959 1832 2012 φυ-

258 2039 443 2093 λακῶν
465 2040 559 2092 καὶ
603 2038 847 2092 θανάτων
874 2038 1034 2090 αἴτιοι
1080 2036 1337 2104 γίνονται·
1365 2037 1417 2087 οἱ
1460 2036 1518 2088 δὲ
1555 2035 1663 2089 τῶν
1709 2035 1840 2105 περὶ

257 2125 354 2182 τοῦ
393 2125 645 2198 σώματος
692 2124 987 2195 πειρασμοὶ
1019 2122 1332 2192 περιέχουσι
1378 2121 1578 2192 ζημίας
1622 2120 1839 2191 χρημά-

257 2237 366 2274 των
388 2219 484 2272 καὶ
509 2217 803 2288 κτημάτων
833 2215 927 2268 καὶ
951 2211 1223 2275 ἀποϐολὰς
1238 2212 1441 2264 τέκνων
1459 2211 1840 2280 καὶγυναικῶν

257 2309 604 2381 ἀφαιρέσεις.
633 2289 800 2378 Δῆλον
844 2301 935 2359 οὖν
960 2305 1104 2356 ἐστιν
1138 2304 1203 2357 ὲκ
1234 2302 1461 2365 τούτων,
1507 2303 1587 2354 ὅτι
1624 2301 1840 2365 πάντως

256 2401 349 2456 διά
373 2417 520 2462 τινος
549 2398 658 2452 τῶν
709 2397 1140 2466 κατειλεγμένων
1186 2394 1506 2466 πειρασμῶν
1559 2393 1840 2462 ἐκυρίευσε

259 2492 463 2556 παντὸς
495 2491 706 2544 δικαίου
736 2491 765 2543 6
788 2490 1050 2552 Σατανᾶς·
1080 2488 1238 2560 μόνος
1267 2487 1376 2557 γὰρ
1403 2486 1634 2556 Χριστὶς
1667 2486 1844 2553 ἀμαρ-

257 2585 397 2641 τιαν
428 2587 540 2639 οὐκ
591 2584 861 2650 ἐποίησε,
906 2583 1010 2635 καὶ
1040 2583 1152 2650 οὐχ
1196 2578 1406 2648 εὑρέθη
1461 2578 1642 2644 δόλος
1665 2578 1735 2631 ἐν
1762 2575 1842 2644 τῷ

257 2681 513 2746 στόματι
540 2673 774 2746 αὑτοῦ]

325 2765 591 2835 Οὗὰρίῑς
621 2766 686 2820 τό
717 2765 910 2835 στόμα
928 2763 1113 2818 αὐτοῦ
1139 2761 1318 2833 γέμει.
1358 2762 1698 2831 Παράμονον,
1733 2777 1838 2831 φη-

259 2861 369 2922 σὶν,
399 2858 540 2925 ’ἐξειν
561 2857 658 2929 τὴν
686 2855 983 2927 εὐημερίαν
1001 2855 1327 2923 λελόγισται.
1359 2853 1448 2905 Διὸ
1490 2853 1584 2905 καὶ
1618 2853 1840 2924 πικρίας

257 2951 358 3005 καὶ
393 2951 543 3004 δόλου
564 2951 624 3002 τὸ
652 2948 827 3019 στόμα
881 2947 1254 3019 πεπλήρωται·
1289 2948 1382 2999 καὶ
1430 2946 1534 3016 μὴν
1575 2943 1839 3013 ὲνεδρεύει

259 3043 512 3112 πτωχοὺς
537 3041 673 3113 πρὸς
703 3041 764 3093 τὸ
785 3040 1099 3093 ἀποκτεῖναι
1131 3037 1219 3092 διὰ
1265 3037 1372 3092 τῶν
1410 3037 1553 3090 ἰδίων
1575 3035 1836 3105 παγίδων.

1939 1856 2264 1913 moventur,
2328 1854 2454 1900 sunt
2515 1861 2696 1899 causa:
2749 1845 3073 1914 plagarum,
3127 1846 3508 1912 cruciatunm,

1939 1937 2381 2006 persecutionum
2407 1975 2422 1998 ,
2453 1951 2758 2000 carcerum,
2789 1937 3017 2002 mortis;
3051 1952 3172 2004 quae
3210 1939 3350 1991 circa
3384 1952 3510 1992 eor-

1937 2043 2041 2098 pus
2096 2037 2383 2082 versantur
2438 2028 2801 2092 tentationes,
2869 2039 2998 2080 sunt
3054 2028 3407 2096 pecuniarum
3455 2037 3512 2083 et

1938 2119 2346 2188 possessionum
2380 2118 2614 2178 mulctae,
2648 2118 2883 2171 ﬁliorum
2915 2128 2968 2172 et
2997 2135 3225 2172 uxorum
3258 2121 3506 2188 jactura.

1939 2209 2124 2264 Palam
2147 2211 2329 2278 itaque
2358 2217 2442 2262 est
2473 2223 2537 2261 ex
2573 2207 2902 2276 supradictis
2941 2205 3196 2260 Satanam
3231 2209 3414 2276 aliquo
3443 2221 3512 2263 ex

1940 2301 2257 2357 memoratis
2290 2301 2652 2353 tentationum
2691 2299 3003 2368 generibus,
3035 2298 3087 2350 in
3118 2299 3297 2367 justos
3322 2315 3514 2356 omnes

1938 2394 2281 2448 dominatum
2328 2391 2586 2444 habuisse
2621 2407 2634 2442 :
2682 2390 2830 2443 solus
2865 2389 3064 2457 quippe
3096 2389 3348 2445 Christus
3389 2405 3512 2460 pec—

1940 2493 2118 2537 catum
2164 2499 2266 2536 non
2312 2482 2435 2552 fecit
2462 2522 2480 2549 ,
2524 2497 2688 2552 neque
2734 2480 2888 2536 dolus
2935 2482 3173 2534 inventus
3215 2491 3291 2535 est
3329 2485 3385 2536 in
3424 2497 3515 2538 ore

1938 2576 2052 2645 ejus
2084 2572 2189 2646 ⁸⁶.]

2012 2771 2062 2826 7.
2105 2771 2272 2841 Cujus
2315 2771 2681 2827 maledictione
2725 2789 2780 2826 os
2821 2773 3033 2838 plenum
3059 2782 3156 2828 est.
3187 2772 3533 2830 Permanet».

1939 2872 2070 2929 tem,
2100 2865 2381 2933 inquit,se
2411 2864 2718 2918 felicitatem
2753 2865 3061 2917 habiturum
3103 2873 3289 2933 putat,
3320 2858 3522 2934 quam--

1939 2957 2126 3011 obrem
2173 2966 2225 3009 et
2280 2957 2643 3011 amaritudine
2669 2966 2722 3010 ct
2755 2956 2880 3010 dolo
2907 2971 2969 3010 os
2998 2956 3116 3026 ejus
3141 2956 3356 3025 plenum
3385 2965 3468 3011 est
3491 2996 3508 3020 ,

1941 3054 2104 3114 atque
2149 3044 2376 3099 insidias
2423 3054 2578 3115 parat
2609 3046 2978 3114 pauperibus,
3026 3056 3085 3098 ut
3133 3045 3344 3114 laqueis
3395 3047 3512 3102 suis

260 3136 338 3188 Τὸ
361 3135 437 3198 δὲ,
460 3136 610 3204 μετὰ
635 3135 967 3197 πλουσίων,
996 3133 1049 3186 τί
1096 3131 1162 3186 ἂν
1194 3131 1378 3202 ἕτερον
1423 3128 1640 3201 νοηθείη
1669 3131 1702 3200 ἢ
1731 3128 1838 3183 τῶν

1955 3136 2232 3190 interﬁciat
2258 3152 2374 3192 eos.
2400 3135 2533 3189 Illud
2562 3150 2748 3206 porro,
2773 3148 2893 3188 cum
2918 3135 3190 3194 divitibus.
3212 3136 3338 3206 quid
3365 3136 3510 3190 aliud

260 3223 634 3278 πλουτούντων
667 3225 725 3277 ὲν
756 3227 945 3286 κακοῖς
969 3239 985 3289 ;
1023 3217 1181 3277 Οὗτοι
1210 3222 1319 3293 γὰρ
1348 3220 1427 3292 τῷ
1450 3221 1677 3292 διαϐόλῳ
1696 3219 1838 3275 κατὰ

259 3313 372 3368 τῶν
421 3312 650 3384 πτωχῶν
679 3313 758 3385 τῷ
787 3313 954 3385 πατρὶ
979 3312 1156 3366 αὐτῶν
1189 3311 1632 3384 συμπράττουσιν

347 3493 698 3563 Ἐτκάθηται
756 3494 824 3547 ὲν
877 3493 1087 3561 ἐνέδρᾳ
1134 3492 1286 3561 μετὰ
1350 3492 1679 3546 πλουσίων.
1748 3490 1836 3544 Ἐν

263 3587 542 3655 συλλόγοις
571 3587 626 3639 δὲ
653 3586 748 3640 καὶ
779 3587 836 3638 ὲν
881 3585 1180 3656 συνεδρίοις
1235 3582 1561 3655 καθήμενος,
1616 3581 1837 3654 ἐνέδρας

261 3679 416 3742 τινας
447 3680 543 3732 καὶ
580 3677 826 3748 μηχανὰς
848 3680 958 3740 τοῖς
986 3677 1245 3739 ἀναιτίοις
1277 3674 1694 3739 κατασκευάζει.

335 3771 528 3838 Κύψει
578 3771 676 3823 καὶ
717 3768 1004 3823 πεσεῖται.
1040 3768 1206 3821 Ὅταν
1241 3767 1368 3838 εἴπῃ
1403 3767 1610 3840 [Αηιὺν.
1648 3766 1774 3821 add.
1808 3768 1838 3822 6

257 3861 506 3924 διάϐολος
597 3861 892 3931 Νενίκηκα,
931 3858 1052 3912 τότε
1082 3856 1262 3911 πεσὼν
1295 3857 1625 3928 αἰσχύνεται.

261 4000 263 4002 ,
333 3948 482 4008 Εἷπε
540 3950 651 4021 γὰρ
711 3953 781 4004 ἑν
828 3949 1044 4018 καρδίᾳ
1094 3948 1299 4002 αὐτοῦ’
1336 3948 1754 4014 Ἐπιλέλησται
1804 3951 1836 4002 ό

263 4044 430 4108 Θεός.
457 4042 619 4111 Λέγει
650 4041 821 4095 ταῦτα
875 4041 904 4093 ό
929 4039 1172 4103 διάϐολος
1199 4041 1296 4110 οὐχ
1325 4039 1496 4104 οὕτως
1543 4040 1699 4111 ἔχων,
1722 4039 1836 4093 ἀλλ’

261 4137 411 4207 ἡμᾶς
452 4135 728 4204 ἀπατῆσαι
756 4133 1092 4204 βουλόμενος,
1140 4133 1227 4186 ἵνα
1267 4133 1654 4204 σκελισθῶμεν,
1702 4135 1839 4203 ἀμε-

259 4227 377 4281 λεῖν
401 4226 491 4281 τὸν
521 4226 652 4279 Θεὸν
681 4225 788 4278 τῶν
821 4225 1175 4297 ἀνθρωπίνων
1212 4225 1540 4296 νομίζοντες.

345 4317 688 4386 Ἀνάστηθι,
717 4319 896 4385 Κύριε
930 4321 961 4371 ὀ
994 4318 1137 4383 980';-
1179 4335 1316 4386 μου.
1346 4317 1576 4387 Εὕχεται
1616 4315 1714 4388 τὴν
1752 4318 1838 4371 ἀν-

259 4411 393 4482 οχὴν
415 4409 509 4464 τοῦ
537 4409 671 4462 Θεοῦ
699 4409 791 4462 καὶ
808 4409 907 4477 τὴν
928 4409 1269 4480 χρηστότητα
1301 4409 1538 4478 κινῆσαι·
1571 4410 1646 4480 μὴ
1674 4408 1838 4478 ὑψου-

1941 3229 2047 3284 sibi
2097 3229 2364 3292 voluerit,
2401 3245 2598 3299 quam,
2639 3243 2762 3283 cum
2796 3229 2863 3284 iis
2904 3229 2997 3299 qui
3032 3229 3224 3282 divites
3267 3229 3318 3282 in
3351 3227 3510 3282 malis

1942 3321 2109 3376 sunt?
2161 3321 2236 3375 Illi
2273 3337 2509 3391 namque
2561 3336 2686 3375 cum
2733 3321 2951 3376 diabolo
2985 3331 3137 3392 patre
3179 3337 3281 3377 suo
3321 3330 3510 3375 contra

1941 3427 2208 3483 pauperes
2237 3428 2341 3466 una
2375 3412 2656 3467 machinas
2691 3420 2906 3482 parant.

2007 3503 2062 3558 8.
2104 3503 2256 3558 Sedet
2292 3504 2344 3555 iu
2370 3503 2576 3557 insidiis
2608 3520 2726 3556 cum
2749 3503 3018 3556 divitibus.
3052 3503 3111 3556 In
3139 3502 3502 3558 conventibus

1940 3602 1996 3649 et
2024 3595 2255 3649 cmtibus
2284 3595 2478 3648 sedens
2499 3635 2513 3659 ,
2546 3594 2774 3648 insidias
2806 3601 2860 3648 et
2888 3593 3172 3648 machinas
3201 3592 3508 3648 insontibus

1940 3691 2116 3754 parat.

2012 3774 2099 3827 10.
2144 3771 2434 3826 Inclinabit
2458 3789 2511 3826 se
2539 3781 2589 3826 et
2615 3773 2786 3826 cadet.
2822 3771 3114 3844 Postquam
3143 3771 3280 3827 dixit
3307 3789 3322 3826 :
3356 3769 3505 3836 Vici,

1943 3874 2074 3920 tunc
2099 3866 2286 3934 lapsus
2323 3865 2614 3919 erubescit.

2013 3956 2100 4010 11.
2118 3955 2265 4008 Dixit
2287 3957 2420 4008 enim
2446 3957 2498 4007 in
2529 3955 2681 4008 corde
2705 3969 2799 4007 suo
2822 3968 2842 4008 :
2871 3953 3077 4008 Oblitus
3097 3962 3174 4006 est
3197 3951 3359 4006 Deus.
3384 3951 3509 4007 Hinc

1940 4049 2073 4104 dicit
2110 4047 2378 4111 diabolus,
2407 4062 2514 4100 non
2541 4047 2684 4115 quod
2729 4045 2803 4099 ita
2836 4060 2894 4098 se
2919 4061 3005 4099 res
3041 4044 3255 4108 habeat,
3280 4045 3371 4097 sed
3397 4058 3508 4112 quo

1941 4157 2044 4197 nos
2074 4141 2330 4210 decipiat,
2368 4150 2529 4208 atque
2582 4148 2640 4194 ut
2693 4138 3122 4207 supplantemur,
3182 4136 3286 4190 rati
3335 4133 3504 4189 Deum

1942 4234 2179 4288 humana
2200 4231 2490 4300 negligere.

2014 4324 2099 4378 12.
2149 4322 2426 4391 Exsurge,
2469 4319 2692 4373 Domine
2738 4318 2877 4372 Deus
2925 4334 3086 4371 meus.
3132 4314 3392 4370 Precatur
3445 4325 3508 4371 ut

1942 4415 2037 4472 Dei
2066 4418 2118 4470 in
2155 4415 2432 4484 puniendo
2462 4429 2613 4466 mora
2643 4421 2696 4466 et
2719 4412 3001 4466 clementia
3034 4419 3346 4463 moveatur:
3377 4423 3503 4461 nam

265 4501 438 4574 μένης
477 4500 585 4571 γὰρ
611 4500 704 4551 ἐπὶ
723 4502 788 4570 τῇ
818 4500 998 4571 μωρία
1027 4499 1133 4554 τῶν
1161 4499 1373 4553 ἀσεϐῶν
1405 4500 1505 4571 τῆς
1532 4501 1711 4572 χειρὸς
1740 4499 1834 4553 τοῦ

1955 4517 2068 4557 :um
2101 4499 2196 4555 Dei
2247 4514 2441 4554 manus
2488 4507 2678 4551 contra
2719 4497 3009 4564 impiorum
3060 4493 3343 4548 stultitiam
3397 4505 3509 4545 non

261 4592 426 4651 Θεοῦ,
461 4591 884 4662 προπετέστεροι
908 4589 1168 4658 γίνονται.

337 4680 358 4753 [
387 4679 706 4748 ’Υψωθήτω
745 4681 782 4747 ἡ
808 4681 936 4749 χείρ
969 4696 1105 4734 σου.
1139 4681 1379 4752 Ἔπαρον
1401 4682 1499 4753 τὴν
1519 4681 1677 4754 χεῖρά
1724 4699 1838 4747 σου,

267 4774 366 4827 καὶ
396 4771 602 4836 δίδαξον
631 4760 846 4834 αὐτοὺς,
882 4772 957 4835 ὡς
980 4772 1088 4826 τῶν
1111 4772 1478 4843 ἀδικουμένων
1500 4778 1721 4846 προνοῇ·
1748 4775 1842 4829 καὶ

266 4863 344 4927 ὡς
365 4863 425 4929 ἐξ
455 4862 623 4916 ὕπνου
657 4861 913 4926 ἀναστὰς,
942 4862 1220 4934 ἁνωτέραν
1273 4863 1445 4930 δεῖξον
1489 4865 1588 4934 τῆς
1621 4866 1842 4919 ἐκείνων

266 4954 496 5026 γνώμης
545 4955 642 5026 τὴν
699 4955 804 5008 ἀπὸ
861 4954 956 5008 σοῦ
1003 4957 1289 5027 τιμωρίαν.
1336 4957 1444 5009 Καὶ
1486 4957 1710 5010 κόλασον
1746 4958 1843 5027 μὲν

265 5047 534 5109 ἐκείνους,
571 5049 752 5115 φεῖσαι
800 5046 856 5099 δὲ
918 5045 1010 5099 τὸν
1064 5045 1438 5116 ἀδικούμενον,
1495 5048 1843 5122 σφοδρότερον

265 5136 556 5208 ἀχθεσθεὶς
604 5140 724 5201 ταῖς
776 5138 998 5192 ἐκείνων
1047 5138 1272 5210 τόλμαις
1315 5139 1410 5192 καὶ¹
1456 5138 1840 5212 βλασφημίαις.

269 5233 527 5287 Ἕνεκεν
568 5231 752 5295 τινος,
795 5232 949 5302 φησι,
977 5230 1349 5302 παρώργισεν
1383 5235 1416 5286 ό
1463 5231 1691 5300 ἀσεϐὴς
1741 5232 1846 5286 τὸν

269 5324 465 5387 Θεόν;
489 5322 510 5395 ]

337 5412 485 5466 Eine
531 5413 641 5483 γὰρ
690 5416 759 5468 ἐν
796 5415 1010 5484 καρδίᾳ
1064 5415 1270 5470 αὐτοῦ·
1337 5418 1461 5470 Οὐκ
1513 5414 1840 5485 ἐκζητήσει.

269 5505 445 5560 Τοῦτο
490 5507 662 5559 αἴτιον
718 5508 812 5560 καλ⁴
856 5507 958 5560 τοῦ
1004 5506 1310 5578 ἐπαρθῆναι
1359 5507 1452 5563 καὶ
1510 5507 1604 5561 τοῦ
1661 5510 1844 5561 πεσεῖν

269 5597 452 5652 αὐτόν.

340 5761 389 5794 ⁸⁸
418 5761 437 5816 Ι
462 5757 608 5816 Petr.
647 5776 708 5819 ιι.
745 5759 836 5814 22.

1942 4594 2230 4658 attollitur,
2263 4605 2390 4646 tunc
2427 4590 2818 4660 petulantiores
2849 4588 3105 4642 evadunt.

2018 4685 2326 4758 [Exaltetur
2363 4699 2547 4736 manus
2606 4691 2717 4734 tua.
2751 4679 2910 4750 Erige
2963 4693 3185 4732 manum
3243 4686 3391 4731 tuam
3449 4683 3511 4729 ut

1942 4778 2138 4832 doceas
2188 4777 2340 4842 illos,
2397 4781 2448 4828 te
2485 4789 2672 4827 eorum
2713 4773 2805 4841 qui
2841 4771 3056 4840 injuriis
3087 4769 3390 4824 adiciuntur
3412 4783 3506 4822 cu-

1942 4887 2059 4925 ram
2093 4885 2278 4940 gerere
2312 4887 2326 4922 :
2365 4875 2418 4922 et
2463 4867 2618 4936 quasi
2652 4881 2715 4919 ex
2748 4879 2941 4919 somno
2980 4879 3241 4934 surgens,
3281 4859 3512 4916 ostende

1943 4963 2202 5018 ultionem
2254 4970 2399 5015 tuam
2453 4974 2643 5012 eorum
2683 4957 2926 5012 consiliis
2978 4956 3312 5025 superiorem
3365 4967 3506 5007 esse.

1942 5058 2119 5127 Atque
2161 5056 2283 5110 illos
2328 5054 2548 5124 quidem
2605 5053 2886 5121 corrigas,
2952 5052 3042 5104 sed
3088 5049 3284 5118 injuria
3334 5044 3506 5101 allecti

1944 5142 2374 5199 misericordiam
2421 5142 2645 5210 capias,
2696 5140 3044 5194 vehementer
3091 5145 3398 5192 commotus
3455 5143 3510 5190 et

1944 5235 2252 5292 concitatus
2280 5250 2470 5289 eorum
2501 5232 2833 5288 facinoribus
2865 5247 2926 5285 ac
2964 5229 3296 5298 blasphemis
3323 5227 3505 5283 dictis.

1947 5323 2174 5395 Propter
2197 5325 2346 5394 quid,
2385 5325 2582 5394 inquit,
2620 5324 2846 5376 irritavit
2872 5323 3062 5390 impius
3103 5319 3330 5391 Deum?]

2015 5417 2104 5470 15.
2130 5417 2279 5470 Dixit
2304 5417 2440 5470 enim
2465 5417 2517 5469 in
2549 5415 2700 5469 corde
2725 5429 2820 5469 suo
2843 5429 2861 5466 :
2893 5412 3014 5466 Non
3047 5412 3290 5482 requiret.
3331 5411 3509 5480 Atque

1946 5508 1997 5564 id
2024 5509 2076 5563 in
2108 5523 2270 5564 causa
2297 5516 2402 5573 est,
2439 5508 2583 5576 quod
2620 5507 2708 5562 ille
2736 5503 3001 5561 exaltetur
3029 5516 3083 5559 et
3103 5503 3335 5558 labatur.
