3874 6218
402 363 464 418 91
1268 381 1324 434 S.
1358 382 1737 443 A'I-‘HANASII
1779 390 1932 447 OPP.
1975 393 2158 452 PARS
2198 397 2288 454 ΙΙΙ.
2331 431 2398 442 -
2436 400 2851 467 EXEGETICA.
3597 428 3670 482 93

472 483 493 535 ὅ
509 483 559 538 .i.
593 483 768 552 Vit-les,
793 498 1044 560 quoniam
1069 507 1130 583 tu
1149 501 1377 557 laborem
1403 518 1450 560 et
1479 510 1712 565 dolorem
1739 518 1978 571 conside-

400 587 510 626 res.
554 573 657 641 Tu,
692 578 888 651 inquit,
925 601 958 640 ο
986 573 1248 656 Βοηῖἓηο,
1281 597 1465 652 omnia
1497 603 1670 669 nosti,
1711 605 1840 659 nihil
1879 624 1976 662 eo-

399 677 521 718 rum
572 681 693 735 quae
733 670 868 726 ﬁunt
913 676 1152 745 ignoras,
1209 683 1319 738 imo
1364 702 1465 743 nec
1515 707 1704 747 eorum
1752 714 1874 766 quae
1921 701 1975 755 in

399 765 636 810 mentem
684 767 740 814 et
783 766 1168 834 cogitationem
1211 777 1454 834 veniunt.
1490 781 1630 848 Quin
1663 797 1716 840 et
1759 765 1975 849 labores

397 844 683 903 hominum
713 892 726 913 ,
776 852 1017 911 furorem
1067 872 1120 916 et
1166 865 1590 937 indignationem
1641 894 1829 934 eorum
1880 886 1973 952 qui

394 938 644 995 molestia
674 942 914 1003 alliciunt
936 965 1192 1011 accurate
1221 962 1386 1016 nosti.
1419 962 1687 1029 Quoniam
1725 976 1971 1030 onmium

390 1031 752 1099 cogitationes
779 1043 1119 1114 consideras,
1151 1059 1204 1103 et
1235 1060 1289 1105 tu
1323 1070 1382 1109 es
1413 1059 1506 1127 qui
1533 1064 1696 1116 corda
1729 1075 1781 1120 et
1812 1083 1972 1125 renes

388 1125 677 1180 scrutaris.
713 1127 773 1182 Et
799 1147 923 1186 cum
955 1136 1068 1190 haec
1093 1140 1297 1208 videas,
1329 1145 1655 1217 longanimis
1681 1164 1858 1211 tamen
1889 1175 1967 1226 es,

386 1228 590 1282 gnarus
621 1222 724 1274 sub
758 1239 920 1280 manu
952 1238 1044 1284 tua
1093 1249 1284 1292 omnes
1315 1255 1466 1305 esse,
1500 1260 1602 1299 nec
1637 1263 1964 1320 quemquam

382 1319 546 1373 posse
572 1311 757 1380 aliquo
793 1317 998 1388 fugere.
1035 1323 1154 1378 Tibi
1180 1329 1463 1387 derelictus
1509 1347 1585 1389 est
1623 1311 1842 1410 pauperi,
1881 1362 1964 1397 or-

380 1399 555 1468 phano
580 1413 633 1456 tu
660 1406 811 1475 fuisti
834 1413 1070 1483 adjutor.
1106 1417 1219 1476 Hoc
1249 1434 1351 1487 est,
1384 1433 1536 1482 tuum
1568 1399 1658 1486 ille
1687 1399 1965 1505 esspectat

380 1497 669 1552 auxilium.

453 1587 538 1641 15.
582 1589 800 1647 Contere
837 1597 1112 1655 brae/tium
1147 1612 1438 1674 peccatoris
1481 1625 1529 1667 et
1561 1617 1802 1687 maligni.
1847 1619 1962 1678 Hoc

375 1686 481 1741 est,
511 1686 806 1748 potentiam
841 1691 1067 1750 inimici.
1107 1697 1392 1762 Qumretur
1423 1686 1707 1774 peccatum
1732 1713 1876 1768 illius
1911 1725 1961 1770 et

373 1783 478 1823 non
531 1775 840 1834 invenietur.
900 1783 1125 1855 Propter
1175 1791 1354 1861 ipsum
1392 1799 1600 1854 scilicet
1645 1817 1952 1872 peccatum.

371 1858 511 1915 Tota
541 1872 809 1924 sententia
846 1875 926 1930 sic
956 1877 1119 1935 habet
1145 1902 1158 1937 :
1192 1858 1247 1937 gi
1277 1890 1582 1958 quaesieris,
1608 1895 1805 1966 inquit,
1834 1917 1958 1966 pec-

366 1965 555 2010 catum
598 1962 840 2033 maligni,
874 1985 982 2024 non
1016 1973 1343 2047 invenietur,
1376 1983 1427 2037 id
1459 1992 1559 2051 est,
1603 1989 1800 2056 peribit
1826 2008 1954 2062 pec-

364 2055 522 2099 cator
555 2062 778 2119 propter
802 2055 979 2124 ipsum
1004 2076 1310 2131 peccatum.

439 2135 822 2206 [Inveniuntur
863 2153 956 2218 qui
1007 2151 1238 2212 salutem
1289 2177 1318 2215 a
1368 2162 1479 2219 Deo
1514 2181 1950 2240 consequuntur,

359 2231 666 2288 secundum
705 2239 835 2294 illud
875 2262 886 2295 :
934 2243 1117 2302 Inveni
1149 2250 1318 2306 David
1347 2273 1552 2311 servum
1583 2276 1755 2315 meum
1780 2264 1847 2329 ⁸⁷,
1896 2275 1950 2320 et

364 2323 587 2380 inventa
621 2338 704 2384 est
745 2333 1006 2393 drachma
1041 2344 1250 2410 perdita
1285 2346 1366 2414 ⁸⁸;
1403 2365 1468 2404 ac
1516 2352 1561 2406 si
1591 2353 1811 2410 inventa
1846 2373 1952 2412 non

361 2413 578 2482 fuisset,
612 2423 884 2489 periisset.
912 2429 1014 2495 Qui
1059 2446 1308 2503 pereunt,
1341 2455 1453 2495 non
1504 2444 1853 2502 invenientur
1897 2450 1951 2504 in

359 2508 594 2576 saecula;
653 2526 838 2571 manet
883 2522 1086 2593 quippe
1131 2527 1337 2598 judex,
1395 2548 1460 2587 ac
1506 2546 1700 2606 regnat
1737 2555 1952 2610 semper

359 2596 414 2650 in
440 2596 628 2657 futuro
653 2621 717 2662 ac
746 2625 890 2665 novo
921 2619 1170 2692 saecula]

430 2691 517 2746 i6.
557 2695 818 2756 Dominus
875 2710 1115 2777 regnabit
1149 2691 1213 2767 in
1255 2725 1530 2776 teternum.
1569 2722 1628 2777 In
1669 2722 1858 2780 futuro
1893 2735 1946 2782 et

358 2796 504 2838 novo
530 2792 754 2847 saeculo.

2004 529 2051 580 Α
2149 523 2424 589 Βλέπεις,
2469 524 2559 578 ὅτι
2609 527 2692 580 σὺ
2729 531 2922 583 πόνον
2967 532 3064 586 καὶ
3119 534 3308 603 θυμὸν
3329 542 3663 608 κατανοεῖς.

2080 613 2174 678 Σὺ,
2213 616 2397 686 φησιν,
2432 610 2478 669 ὦ
2530 619 2722 689 Κύριε,
2773 621 2951 676 πάντα
3007 624 3316 692 γινώσκεις,
3371 633 3465 683 καὶ
3511 634 3668 687 οὐδέν

2079 722 2139 757 σε
2167 705 2275 759 τῶν
2297 711 2686 789 πραττομένων
2715 712 2991 780 λανθάνει,
3047 717 3167 770 ούδὲ
3215 720 3324 773 τῶν
3371 722 3429 774 ἐν
3453 721 3668 796 διανοίᾳ

2075 799 2170 849 καὶ
2198 797 2476 869 λογισμοῖς
2501 803 2779 857 ἀνιόντων.
2827 806 2986 861 Ἀλλά
3025 809 3118 862 καὶ
3172 812 3297 873 τοὺς
3328 812 3524 876 πόνους
3557 815 3662 868 αὐ-

2074 885 2182 939 τῶν
2235 890 2330 941 καὶ
2380 891 2506 954 τοὺς
2555 891 2761 963 θυμοὺς
2795 895 2902 949 τῶν
2947 898 3362 968 ἐπηρεαζόντων
3389 904 3481 955 καὶ
3529 906 3662 969 τοὺς

2075 983 2490 1051 παροργισμοὺς
2510 984 2619 1036 τῶν
2650 987 2952 1058 ἀνθρώπων
2981 986 3125 1054 οἶδας
3144 992 3406 1061 ἀκριϐῶς.
3437 995 3661 1069 Ἐπειδὴ

2072 1069 2290 1125 πάντων
2322 1075 2446 1136 τοὺς
2475 1074 2767 1146 λογισμοὺς
2822 1085 3124 1146 κατανοεῖς,
3170 1085 3263 1136 καὶ
3295 1087 3357 1139 σὺ
3388 1089 3416 1140 ό
3449 1086 3663 1151 ὲτάζων

2069 1165 2296 1234 καρδίας
2315 1167 2409 1218 καὶ
2439 1170 2686 1238 νεφρούς.
2742 1172 2853 1224 Καὶ
2882 1172 3055 1227 ταῦτα
3098 1180 3275 1230 πάντα
3311 1178 3523 1250 ἐφορῶν
3549 1199 3660 1250 μα-

2071 1254 2380 1324 κροθυμείς,
2413 1258 2588 1323 εἰδὼς,
2619 1263 2701 1314 ὅτι
2737 1263 2840 1315 ὑπὸ
2885 1264 2983 1328 τὰς
3014 1266 3112 1329 σάς
3159 1272 3344 1339 χεῖρας
3377 1273 3425 1322 οἱ
3452 1273 3659 1338 πάντες

2065 1349 2413 1417 τυγχάνουσι,
2447 1354 2539 1405 καὶ
2565 1355 2664 1406 οὐκ
2693 1354 2808 1409 ἐστι
2830 1375 2932 1410 που
2953 1359 3126 1412 οὐδενὶ
3160 1363 3315 1425 ἐκτὸς
3344 1363 3653 1434 διαδράναι.

2065 1440 2163 1492 Σοὶ
2194 1441 2722 1510 ἐγκαταλέλειπται
2755 1453 2788 1503 ὁ
2817 1452 3070 1519 πτωχὸς,
3105 1456 3342 1522 ὀρφανῷ
3381 1459 3462 1510 σὺ
3490 1455 3656 1528 ἦσθα

2057 1532 2306 1600 βοηθός.
2364 1537 2624 1592 Τουτέστι
2659 1540 2757 1611 τὴν
2796 1542 2948 1612 παρά
2989 1545 3084 1597 σοῦ
3129 1545 3279 1616 μένει
3327 1547 3601 1620 βοήθειαν.

2133 1628 2475 1696 Σύντριψον
2513 1632 2620 1684 τὸν
2642 1634 2944 1702 βραχίονα
2990 1638 3097 1691 τοῦ
3155 1641 3504 1709 ἀμαρτωλοῦ
3545 1646 3651 1696 και

2061 1721 2348 1786 πονηροῦ.
2417 1723 2561 1776 Ἀντὶ
2615 1725 2731 1792 τοῦ,
2779 1728 2877 1799 τὴν
2927 1731 3243 1786 δυναστείαν
3287 1734 3379 1787 τοῦ
3425 1735 3647 1806 ἐχθροῦ.

2059 1811 2468 1878 Ζητηθήσεται
2492 1817 2530 1883 ἠ
2549 1817 2802 1886 ἁμαρτία
2822 1822 3028 1885 αὑτοῦ,
3069 1823 3167 1876 καὶ
3199 1828 3271 1879 οὐ
3285 1827 3372 1895 μὴ
3406 1827 3645 1900 εὑρεθῇ.

1988 1876 2030 1930 Β
2059 1903 2136 1954 Δι’
2160 1876 2330 1975 αύτῆν
2363 1907 2462 1975 μὲν
2484 1876 2898 1984 τὴν-ἁμαρτίαν.
2933 1876 3085 1968 Τὸιδὲ
3115 1917 3234 1971 ὅλον
3255 1876 3446 1984 οῦτως·
3469 1876 3647 1989 teat,

2059 1995 2242 2065 φησὶν,
2267 1995 2577 2072 ἐκζητήσῃς
2596 2002 2692 2072 τὴν
2724 2005 2996 2076 ἁμαρτίαν
3030 2008 3124 2060 τοῦ
3166 2012 3426 2082 πονηροῦ,
3460 2015 3518 2066 οὺ
3565 2017 3644 2088 μὴ

2055 2087 2273 2159 εύρεθῗγ
2304 2091 2600 2156 τουτέστιν,
2634 2095 2915 2150 ἀπολεῖται
2949 2101 2977 2151 ό
3012 2101 3246 2172 πονηρὸς
3274 2103 3340 2156 δι’
3370 2105 3564 2176 αὑτήν.

2125 2180 2520 2251 [Εὑρίσκονται
2548 2189 2595 2240 οἱ
2623 2187 2916 2259 σωζόμενοι
2970 2192 3122 2264 παρὰ
3151 2194 3246 2247 τοῦ
3274 2196 3432 2260 θεοῦ,
3457 2197 3532 2260 ὡς
3555 2199 3641 2268 τέ’

2055 2268 2250 2340 Εὗρον
2273 2276 2453 2330 Δαυῒδ
2484 2278 2591 2332 τὸν
2620 2280 2845 2335 δοῦλόν
2857 2302 2997 2352 μου,
3026 2288 3140 2351 καὶ,
3178 2286 3387 2359 Εὐρέθη
3411 2290 3443 2360 ἡ
3472 2289 3642 2342 ἀπολ-

2052 2362 2256 2437 λυμένη
2288 2368 2524 2440 δραχμή·
2563 2373 2658 2424 καὶ
2696 2375 2818 2428 ἐπεὶ
2872 2377 2948 2447 μὴ
2999 2378 3216 2450 εὑρέθη,
3265 2380 3514 2433 ἀπώλετο
3546 2380 3637 2436 ἄν.

2051 2459 2113 2509 Οί
2140 2460 2499 2532 ἀπολλύμενοι
2528 2466 2624 2534 οὐχ
2659 2467 3003 2538 εὑρίσκονται
3027 2472 3107 2534 είς
3129 2471 3219 2524 τὸν
3251 2473 3442 2525 αἰῶνα·
3483 2473 3639 2543 μένει

2047 2550 2154 2622 γὰρ
2176 2554 2203 2604 ὁ
2231 2553 2506 2626 δικαστὴς,
2537 2559 2628 2610 καὶ
2660 2558 2932 2628 βασιλεύει
2989 2563 3279 2628 διαπαντὸς
3309 2567 3364 2618 ὲν
3397 2565 3476 2636 τῷ
3507 2565 3641 2636 μέλ-

2046 2640 2190 2696 λοντι
2227 2646 2320 2698 καὶ
2341 2647 2445 2716 νέῳ
2479 2650 2681 2723 αἰῶνι]

2122 2738 2337 2804 Κύριος
2362 2741 2726 2802 βασιλεύσει
2775 2748 2862 2812 είς
2896 2746 3003 2801 τὸν
3028 2747 3230 2804 αἰῶνα.
3273 2750 3360 2803 Ἐν
3398 2750 3477 2822 τῷ
3503 2752 3637 2822 μέλ-

2050 2826 2192 2881 λοντι
2215 2831 2309 2883 καὶ
2333 2832 2437 2903 νέῳ
2465 2834 2638 2891 αἰῶνι.

427 2901 621 2960 Daniel
678 2913 972 2973 Barbarus.
1027 2921 1153 2979 Haec
1202 2927 1333 2983 dicit
1391 2932 1456 2986 ad
1512 2938 1913 2994 ostendendum
1957 2959 2200 3012 praesens
2253 2960 2308 3003 et
2357 2949 2604 3008 futurum
2638 2970 2866 3025 regnum
2893 2959 3057 3013 illius.
3105 2959 3258 3025 Quod
3311 2961 3357 3016 si
3414 2961 3633 3018 Domini

427 3011 582 3025 πη...
618 3001 720 3025 τι..-
1104 3016 1114 3025 .
1233 3018 1262 3025 ..

356 3009 584 3064 regnum
615 3001 722 3057 ﬁne
751 3017 921 3072 caret,
972 3016 1116 3081 quod
1152 3018 1335 3074 nullus
1359 3037 1416 3076 re

354 3091 507 3159 regni
533 3099 939 3161 possessionem
967 3105 1351 3176 adipiscentur.

426 3182 700 3254 Peribitis,
731 3203 928 3261 gentes,
963 3199 1027 3252 de
1071 3210 1209 3257 terra
1236 3207 1405 3262 illius.
1439 3209 1492 3264 In
1527 3224 1770 3285 tempore
1798 3220 1942 3273 enim
1973 3225 2015 3282 C

357 3277 510 3346 regni
538 3280 658 3348 ejus
690 3285 1045 3354 projicientur
1075 3293 1127 3347 in
1164 3295 1341 3366 ignem
1369 3313 1656 3362 aeternum.

434 3364 660 3440 [Gentes
703 3386 862 3430 vocat
900 3379 1123 3450 iniquos
1158 3385 1410 3470 homines
1434 3435 1449 3458 ,
1486 3405 1671 3464 utpote
1701 3401 1796 3470 qui
1834 3419 1943 3459 non

352 3457 536 3512 vivant
575 3466 878 3520 secundum
935 3471 1128 3542 legem,
1162 3481 1255 3533 sed
1288 3457 1612 3549 gentilitiam
1656 3457 1933 3549 et-barba-

351 3565 470 3606 ram
507 3554 899 3616 immanitatem
934 3577 1232 3628 sectentur.
1268 3573 1373 3630 Eos
1401 3579 1566 3634 deleri
1601 3595 1802 3654 rogat:
1841 3587 1942 3642 Pe-

354 3642 556 3709 ribitis,
594 3647 803 3719 inquit,
839 3663 892 3708 et
931 3659 1160 3714 exitium
1205 3664 1338 3733 ipsis
1365 3673 1764 3742 comminatur;
1805 3689 1862 3733 ut
1888 3689 1942 3735 et

352 3735 432 3789 illi
475 3739 750 3808 respirare
787 3751 1043 3814 possint,
1072 3762 1125 3807 et
1152 3755 1205 3809 lii
1233 3758 1298 3813 ad
1333 3763 1613 3818 meliorem
1644 3782 1701 3822 se
1732 3769 1940 3841 frugem

356 3830 467 3884 reci
475 3833 651 3906 pere.]

422 3919 510 3974 17.
558 3922 890 3984 Desiderium
917 3949 1206 4003 pauperum
1230 3944 1519 4012 exaudisli,
1550 3945 1786 4004 Domine.
1814 3951 1940 4007 Haec

349 4026 589 4084 namque
638 4019 855 4076 illorum
903 4037 1021 4081 erat
1067 4035 1551 4104 concupiscentia,
1587 4041 1691 4097 hoc
1719 4044 1938 4098 deside-

349 4104 515 4172 rium,
547 4117 603 4162 ut
636 4110 838 4169 futuris
878 4118 1218 4176 donarentur
1258 4125 1438 4182 bonis.
1483 4129 1937 4202 Prwparationem

349 4197 522 4251 cordis
550 4216 730 4256 eorum
769 4208 972 4261 audivit
1004 4215 1150 4267 auris
1179 4225 1290 4269 tua.
1323 4219 1402 4272 Ad
1438 4221 1542 4276 hoc
1572 4240 1808 4292 namque
1837 4245 1933 4298 pa-

347 4289 474 4355 rati,
495 4286 772 4349 ad'omnia
806 4301 1123 4358 sustinenda
1153 4308 1318 4362 corde
1348 4315 1586 4382 prompti
1621 4327 1769 4372 sunt.

416 4463 776 4538 [Praeparatio
830 4477 1012 4533 cordis
1047 4488 1130 4534 est
1166 4485 1323 4550 quasi
1375 4490 1670 4555 promissio
1709 4491 1848 4549 facta
1900 4511 1930 4551 a

1418 3025 1509 3093 gni
1545 3027 1692 3084 illius
1735 3029 1858 3087 ﬁnis
1888 3031 2106 3092 futurus
2140 3039 2244 3106 sit;
2278 3039 2412 3109 justi
2457 3047 2551 3106 qui
2583 3045 2704 3115 ejus
2761 3050 3053 3120 participes
3101 3062 3263 3120 sunt,
3312 3066 3631 3124 perpetuam

2135 3222 2504 3291 Ἀπολεῖσθε,
2529 3225 2698 3294 ἔθνη,
2726 3229 2792 3282 ἐκ
2820 3230 2929 3298 τῆς
2949 3231 3060 3301 γῆς
3077 3233 3282 3287 αὐτοῦ.
3317 3235 3404 3287 Ἐν
3423 3235 3532 3306 γὰρ
3562 3239 3630 3308 τῇ

2049 3314 2297 3388 βασιλείᾳ
2327 3319 2492 3372 αὑτοῦ
2545 3321 2902 3395 βληθήσονται
2953 3328 3032 3388 εἰς
3056 3326 3115 3378 τὸ
3149 3325 3259 3398 πῦρ
3289 3328 3350 3378 τὸ
3387 3327 3632 3381 αἰώνιον.

2119 3405 2325 3478 [Ἔθνη
2376 3409 2531 3462 καλεί
2589 3415 2714 3475 τοὺς
2769 3414 3004 3477 ἀδίκους,
3050 3415 3125 3478 ὡς
3161 3416 3233 3487 μὴ
3278 3416 3416 3468 κατὰ
3464 3417 3638 3488 νόμον

2046 3497 2275 3562 ζῶντας,
2304 3500 2440 3554 ἀλλά
2469 3504 2562 3555 καὶ
2586 3504 2804 3576 ἐθνικὴν
2831 3507 2924 3559 καὶ
2973 3506 3315 3578 βαρϐαρικὴν
3344 3509 3632 3578 ὠμότητα.

2046 3589 2263 3642 Τούτων
2282 3594 2422 3644 αἰτεῖ
2452 3594 2716 3665 ἐκκοπὴν,
2760 3597 3120 3661 ἈπολεῙσθε,
3140 3599 3332 3667 λέγων,
3364 3600 3459 3652 καὶ
3489 3618 3634 3654 παν-

2042 3679 2307 3752 ωλεθρίαν
2341 3681 2527 3744 αὐτοῖς
2587 3685 2845 3738 ἀπειλῶν·
2906 3686 3045 3739 ὥστε
3095 3688 3188 3740 καὶ
3230 3687 3449 3753 τούτους
3490 3691 3631 3743 ἀνα-

2043 3758 2290 3836 πνεῦσαι,
2318 3774 2602 3838 κάκείνους
2632 3778 3109 3852 σωφρονισθῆναι.]

2117 3945 2236 4012 Τὴν
2250 3947 2569 4018 ἐπιθυμίαν
2592 3949 2713 4004 τῶν
2756 3953 3029 4019 πενήτων
3078 3955 3469 4022 εἰσήκουσας,
3503 3957 3630 4011 Κύ-

2032 4053 2144 4106 ριε.
2179 4037 2326 4110 Αὕτη
2358 4040 2467 4112 γὰρ
2523 4037 2591 4111 ἦν
2621 4042 2800 4096 αὐτῶν
2847 4047 2880 4115 ἡ
2927 4045 3214 4116 ἐπιθυμία,
3255 4047 3351 4099 καὶ
3393 4041 3548 4110 οὗτος
3599 4050 3630 4102 ὁ

2039 4128 2200 4191 πόθος
2230 4129 2292 4181 τὸ
2341 4129 2449 4184 τῶν
2483 4132 2784 4201 μελλόντων
2840 4134 3135 4206 ἀξιωθῆναι
3186 4136 3427 4205 ἀγαθῶν.
3497 4136 3630 4205 Τὴν

2036 4221 2387 4291 ὲτοιμασίαν
2413 4222 2525 4290 τῆς
2554 4224 2798 4291 καρδίας
2827 4226 3026 4279 αὐτῶν
3050 4227 3355 4296 προσέσχε
3407 4228 3473 4281 τὸ
3513 4224 3630 4298 οὖς

2035 4323 2171 4364 σου.
2199 4312 2291 4373 Εἰς
2324 4311 2482 4365 τοῦτο
2518 4313 2624 4386 γὰρ
2657 4316 3089 4387 ἐτοιμαζόμενοι,
3127 4317 3301 4370 πάντα
3329 4318 3628 4388 ὑπομένειν

2034 4403 2098 4472 τῇ
2140 4403 2337 4474 καρδίᾳ
2366 4403 2795 4473 εύτρεπίζονται.

2106 4494 2476 4568 [Ἑτοιμασία
2535 4500 2765 4570 καρδίας
2813 4497 2989 4571 ή·οἷον
3041 4501 3335 4570 ὑπόσχεσις
3366 4500 3475 4553 τῶν
3521 4503 3626 4572 τῆς

346 4557 586 4612 motibus
612 4569 666 4614 et
710 4564 993 4626 aﬂ‘ectibus
1039 4575 1208 4628 animi
1255 4578 1321 4630 ad
1369 4579 1780 4649 obsequentiam
1818 4585 1928 4643 Deo

2069 4589 2212 4659 νυχῆς
2261 4592 2572 4662 κινημάτων
2603 4592 2740 4662 πρὸς
2766 4594 3221 4665 συνακολούθησιν
3253 4593 3346 4646 τοῦ
3363 4593 3546 4667 Θεοῦ.]

345 4647 675 4706 reddendam
689 4655 725 4727 .]

419 4741 504 4797 18.
545 4743 802 4805 Judicare
843 4756 1046 4824 pupillo
1085 4769 1136 4813 et
1179 4763 1408 4832 humili;
1453 4777 1510 4821 ut
1555 4786 1658 4824 non
1697 4783 1927 4841 apportet

345 4832 528 4901 ultra,
573 4848 677 4893 etc.
717 4843 877 4908 Cum,
922 4848 1126 4918 inquit,
1155 4869 1419 4924 pauperes
1454 4862 1768 4933 ulciscetur,
1799 4875 1928 4923 tunc

345 4940 456 4981 non
481 4942 718 4999 apponet
752 4936 894 4992 ultra
921 4945 1273 5010 magniﬁcare
1309 4965 1368 5004 se
1401 4952 1586 5010 homo.

662 5114 729 5169 In
762 5118 920 5187 ﬁnem
945 5121 1290 5184 PSALMUS
1330 5130 1520 5188 David.
1552 5135 1626 5190 X.

935 5214 1337 5283 Argumentum.

342 5285 499 5346 Hunc
549 5307 769 5365 quoque
825 5299 1100 5367 psalmum
1141 5307 1288 5361 canit
1337 5320 1628 5382 postquam
1666 5315 1921 5376 inimicos

410 5381 700 5440 devicerat.
733 5385 832 5440 Hic
853 5389 997 5457 piam
1024 5396 1352 5452 sententiam
1396 5381 1744 5476 mentemque
1781 5425 1922 5480 pra:-

414 5471 536 5528 fert.

412 5613 457 5644 ⁸⁷
499 5615 642 5672 Psal.
674 5637 940 5686 Lxxxvm,
978 5627 1027 5682 1.
1102 5628 1148 5662 ³³
1187 5630 1319 5688 Luc.
1355 5651 1447 5698 xv,
1480 5635 1532 5690 9.

416 5772 493 5845 (α)
550 5777 763 5850 Ambr.,
799 5760 1201 5856 παραστατικός
1234 5792 1465 5860 melius;
1494 5794 1682 5861 supple
1714 5793 1944 5860 ψαλιιὸς.

2105 4771 2311 4840 κρῖναι
2363 4773 2601 4841 ὀρφανῷ
2655 4774 2753 4828 καὶ
2807 4773 3083 4840 ταπεινῷ,
3123 4776 3222 4830 ἵνα
3264 4775 3348 4844 μὴ
3379 4777 3624 4848 προσθῇ

2033 4862 2140 4917 ἔτι.
2173 4863 2324 4927 Ὅτε,
2355 4865 2509 4934 φησὶ,
2541 4864 2638 4935 τὴν
2673 4865 2951 4935 ἐκδίκησιν
2979 4866 3086 4917 τῶν
3117 4865 3346 4935 πτωχῶν
3377 4868 3617 4937 ποιήσει,

2033 4955 2154 5008 τότε
2221 4955 2322 5006 οὐκ
2385 4954 2467 5008 ἔτι
2536 4956 2836 5028 προσθήσει
2919 4957 3014 5010 τοῦ
3085 4958 3447 5028 μεγαλαυχεῖν
3518 4958 3618 5013 ἀν-

2031 5045 2267 5116 θρωπος.

2205 5139 2309 5202 Εἰς
2342 5135 2410 5189 τὸ
2448 5137 2644 5203 τέλος,
2686 5140 2993 5192 ΨΑΛΜΟΣ
3028 5139 3108 5204 τῷ
3138 5141 3336 5194 Δαυΐδ.
3369 5145 3434 5196 I'.

2672 5229 2684 5246 '
2700 5231 3009 5297 Υπόθεσις.

2028 5321 2138 5376 Καὶ
2164 5320 2348 5374 τοῦτον
2387 5321 2523 5390 μετά
2569 5318 2630 5371 τὸ
2687 5323 3068 5392 περιγενέσθαι
3120 5325 3228 5378 τῶν
3261 5325 3470 5397 ἐχθρῶν
3497 5326 3615 5398 ᾄδει

2098 5413 2189 5467 τὸν
2236 5411 2470 5483 ψαλμόν.
2536 5419 2690 5470 Ἐστι
2743 5415 2800 5468 δὲ
2855 5419 3197 5488 φρονίυατος
3244 5419 3615 5490 ἀγιοπρετιοῦς

2100 5505 2505 5575 παραστατικόν
2530 5506 2606 5578 (α)
