3874 6218
226 431 299 489 95
1373 405 1738 464 EXPOSITIO
1778 401 1842 457 IN
1881 391 2213 455 PSALMUM
2254 389 2345 445 X-I.
3424 362 3497 422 94

312 548 437 602 Ἐπὶ
461 546 544 612 τῷ
566 543 760 611 Κυρίῳ
803 539 1076 601 πέποιθα,
1120 535 1246 600 πῶς
1286 531 1470 601 ἐρεῖτε

223 661 346 714 μου
364 659 384 706 ;
409 637 536 702 Πῶς
565 655 654 709 μοι
683 635 878 706 ἐρεῖτε,
911 632 1065 701 φησι,
1100 627 1321 698 φεύγειν
1378 624 1472 677 ἐπὶ
1503 622 1572 675 τὰ
1600 622 1701 692 ὄρη
1738 619 1814 671 δί-

229 751 338 804 κην
365 729 670 802 στρουθίου,
721 724 898 778 καίτοι
959 719 1239 774 πεποιθότι
1285 717 1379 768 ἐπὶ
1434 714 1586 784 Θεῷ;
1619 715 1812 764 Μετα-

229 825 532 880 ναστεύου
557 821 655 873 ἐπὶ
684 821 756 872 τὰ
784 816 889 884 ὅρη
913 817 992 880 ὡς
1018 811 1355 880 στρουθίον.
1376 804 1653 869 Μετοίκει,
1685 819 1812 872 μετ-

231 920 417 988 ἑρχου,
448 912 618 983 φεῦγε
656 911 748 962 ἐπὶ
773 908 840 961 τὰ
869 907 991 978 ὅρη,
1019 902 1262 956 τουτέστι
1290 899 1390 961 τὰς
1417 896 1636 967 ἀρετάς.

309 1011 439 1062 Ὅτι
470 1007 597 1060 ἰδοὺ
616 1008 669 1058 οἱ
690 1001 1023 1071 ἁμαρτωλοὶ
1039 996 1345 1051 ἐνέτειναν
1364 991 1565 1054 τόξον,
1583 987 1819 1056 ἡτοίμα-

230 1113 358 1152 σαν
391 1094 550 1160 βέλη
577 1097 662 1158 εὶς
699 1091 1016 1160 φαρέτραν.
1070 1084 1290 1146 Τούτοις
1347 1084 1456 1143 τοῖς
1502 1079 1683 1146 λόγοις
1739 1075 1818 1136 εἰς

234 1189 416 1260 φυγὴν
465 1185 716 1257 ἠρέθιζον
763 1183 1082 1251 φάσκοντες,
1127 1179 1175 1229 εἰ
1235 1174 1309 1245 μὴ
1352 1171 1528 1242 φεύγῃ
1590 1184 1818 1222 κατατο-

236 1280 414 1344 ξεύειν
464 1278 626 1334 αὑτὸν
682 1277 808 1337 τοὺς
876 1267 1252 1341 ἁμαρτωλούς.
1316 1265 1474 1336 Δηλοῖ
1536 1259 1628 1316 οὖν
1692 1261 1819 1320 τοὺς

237 1372 514 1444 πονηροὺς
567 1367 862 1437 λογισμοὺς
913 1363 1040 1432 βέλη
1098 1357 1234 1414 εἶναι
1271 1357 1366 1411 τοῦ
1402 1353 1658 1426 πονηροῦ.
1708 1354 1818 1406 Τοῦ

236 1461 672 1526 κατατοξεῦσαι
688 1460 751 1511 ἐν
769 1453 1034 1523 σκοτομή
1042 1471 1076 1506 ν
1084 1473 1116 1521 ῃ
1140 1451 1282 1517 τοὺς
1294 1447 1487 1513 εὐθεῖς
1498 1445 1571 1514 τῇ
1583 1445 1816 1513 καρδίᾳ,

236 1560 361 1613 ἀντὶ⁵
391 1553 709 1624 λεληθότως.
740 1547 975 1602 Τοιαῦτα
1003 1547 1112 1616 γὰρ
1139 1543 1246 1598 τῶν
1283 1540 1488 1610 νοητῶν
1522 1536 1731 1611 ἐχθρῶν
1753 1536 1820 1589 τὰ

237 1650 392 1715 τοξεύ
405 1665 569 1718 ματα.

311 1742 436 1793 Ὅτι
485 1737 524 1792 ἂ
572 1737 654 1791 σὺ
719 1733 1054 1802 κατηρτίσω
1103 1730 1273 1785 αὐτοὶ
1330 1729 1630 1783 καθεῖλον.
1675 1725 1822 1776 Κατ-

237 1837 463 1905 ήνεγκε,
493 1833 676 1902 φησὶν,
725 1831 753 1881 ὁ
783 1826 975 1898 ἐχθρὸς
1014 1826 1104 1878 τὸν
1137 1823 1422 1896 ἄνθρωπον
1480 1823 1558 1885 εἰς
1594 1818 1818 1888 φθορὰν,

237 1926 418 1980 καίτοι
439 1924 531 1976 ἐπὶ
555 1921 829 1992 ἀφθαρσίᾳ
883 1916 1332 1989 κατηρτισμένον.
1390 1915 1443 1966 '0
1495 1911 1562 1965 δὲ
1593 1911 1822 1975 δίκαιος

237 2017 652 2082 τι·ἐποιῗησεν;
715 2013 778 2066 Εἰ
811 2013 903 2064 καὶ
930 2012 980 2063 οἱ
1033 2008 1238 2080 ἐχθροὶ,
1270 2007 1422 2076 φησὶ,
1484 2003 1554 2057 τά
1599 2001 1821 2056 τοιαῦτα

238 2108 492 2178 ἔδρασαν,
526 2103 688 2157 άλλ’ὁ
737 2101 940 2171 Κύριος
986 2101 1014 2151 ὁ
1070 2099 1195 2151 ναὸν
1254 2098 1392 2166 ἔχων
1447 2094 1537 2147 τὸν
1570 2092 1818 2163 οὐρανὸν,

239 2201 487 2266 ἐξέτασιν
538 2196 646 2249 τῶν
693 2195 914 2248 δικαίων
977 2193 1070 2245 καὶ
1097 2188 1205 2242 τῶν
1243 2187 1452 2241 ἀσεϐῶν
1484 2184 1818 2254 ποιούμενος,

237 2297 352 2355 τοῖς
386 2293 485 2361 μὲν
515 2288 779 2358 ἀπονέμει
811 2286 882 2338 τὰ
927 2282 1126 2353 ἀγαθὰ,
1157 2282 1285 2343 τοὺς
1334 2279 1389 2332 δὲ
1415 2280 1534 2340 ταῖς
1575 2276 1823 2337 αἰωνίαις

240 2385 606 2456 παραπέμπει
635 2379 909 2433 κολάσεσι.
946 2377 1161 2444 Κύριος
1193 2375 1261 2427 ἐν
1289 2371 1412 2437 ναῷ
1435 2371 1580 2440 ἁγίῳ
1611 2368 1819 2423 αὐτοῦ.

314 2477 480 2548 [”Οτι
510 2473 548 2527 ἃ
594 2473 674 2525 σὺ
735 2469 1068 2537 κατηρτίσω
1119 2465 1286 2522 αὐτοὶ
1341 2462 1638 2517 καθεῖλον.
1679 2459 1823 2512 Ἀντὶ

239 2569 358 2634 τοῦ,
383 2568 453 2620 τὰ
485 2566 553 2620 σὰ
612 2565 751 2637 ἔργα
789 2560 1079 2616 καταλύειν
1119 2558 1410 2611 σπεύδουσι
1455 2556 1522 2608 δι’
1553 2551 1708 2624 ἐμοῦ·
1765 2551 1822 2606 ὃν

241 2661 353 2732 γὰρ
402 2659 623 2730 ἔχρισας
653 2656 876 2728 βασιλέα
939 2651 1324 2715 σπουδάζουσιν
1358 2645 1637 2718 ἀκυρῶσαι
1685 2645 1825 2698 κατὰ

240 2753 342 2824 τῆς
380 2752 482 2821 σῆς
537 2749 876 2819 ὁπλιζόμενοι
911 2744 1113 2816 ψήφου.
1142 2743 1253 2795 Καὶ
1291 2741 1463 2794 ταῦτα
1520 2737 1686 2808 δρῶσι
1727 2736 1824 2798 τὰς

243 2844 391 2898 κατὰ
411 2843 571 2913 φύσιν
601 2841 766 2912 ὀρθὰς
787 2838 994 2902 ἑννοίας
1051 2835 1370 2897 καθελόντες
1395 2832 1453 2897 ἐξ
1483 2830 1709 2893 ἑαυτῶν,
1759 2828 1826 2891 ἃς

243 2937 409 3007 δῆθεν
444 2953 582 3007 κατη
591 2931 857 3006 ρτίσατο.]

312 3121 379 3172 Oi
411 3115 706 3186 ὀφθαλμοὶ
740 3115 928 3170 αὐτοῦ
951 3117 1038 3180 εἰς
1067 3113 1174 3166 τὸν
1196 3113 1424 3177 πένητα
1448 3105 1826 3164 ἀποϐλέπου-

246 3227 374 3266 σιν.
412 3209 485 3261 Τὸ
506 3208 770 3278 ἁλάθητον
799 3206 1052 3277 σημαίνει
1097 3202 1192 3258 τοῦ
1231 3201 1386 3255 Θεοῦο
1419 3198 1728 3270 ὀφθαλμοὺς
1769 3195 1825 3247 δὲ
1855 3224 1896 3281 C

246 3304 349 3374 τὴν
397 3299 750 3373 εὐεργετικὴν
805 3298 1130 3368 ἐπισκοπὴν.
1181 3295 1257 3350 Τὰ
1307 3293 1589 3363 βλέφαρα
1641 3287 1826 3343 αὐτοῦ

246 3390 504 3459 ἐξετάζει
529 3389 672 3455 τοὺς
716 3387 884 3454 υἱοὺς·
930 3385 1048 3439 τῶν
1090 3383 1434 3452 ἀνθρώπων.
1490 3379 1742 3449 Βλέφαρα
1772 3377 1828 3429 δὲ

247 3487 348 3558 τὴν
377 3483 627 3556 κριτικὴν
669 3480 833 3534 αὑτοῦ
879 3480 1133 3552 πρόνοιαν
1186 3479 1278 3532 καὶ
1326 3476 1434 3529 τῶν
1490 3471 1830 3546 πραγμάτων

249 3576 626 3645 ἔξεταστικήν.

244 3671 351 3736 εἰς
408 3668 475 3722 τὸ
531 3665 722 3731 τέλος,
755 3664 907 3732 ὑπὲρ
959 3662 1069 3730 τῆς
1118 3661 1357 3731 ὀγδόης,
1410 3658 1719 3712 ΨΑΛΜΟΣ
1752 3652 1832 3719 τῷ

877 3756 1074 3811 Δαυΐδ.
1103 3759 1216 3809 ΙΑ’.

879 3850 1211 3913 Ὑπόθεσις.

251 3953 484 4022 Εῐρηται
507 3947 634 4018 περὶ
658 3946 758 4016 τῆς
790 3942 979 4012 ὀγδόης
1003 3943 1059 3993 ὲν
1081 3938 1156 4008 τῷ
1181 3939 1326 4008 ἕκτῳ
1357 3935 1576 4007 ψαλμῷ.
1603 3933 1833 4005 Εὗχεται

324 4044 382 4097 δὲ
428 4041 690 4114 ρυσθῆναι
755 4037 855 4108 τῆς
899 4034 1092 4103 γενεᾶς
1128 4033 1227 4103 τῆς
1275 4030 1536 4100 πονηρᾶς.
1594 4026 1742 4096 Αὐτὴ
1781 4024 1837 4076 δὲ

282 4184 287 4190 .
326 4135 392 4190 ἂν
425 4135 510 4205 εἴη
553 4130 715 4200 γενεὰ
743 4131 776 4200 ἡ
800 4127 892 4180 ἐπὶ
913 4125 1006 4180 τοῦ
1028 4125 1281 4194 Σωτῆρος
1307 4121 1464 4192 ἡμῶν
1496 4117 1670 4189 Ἰησοῦ
1704 4117 1838 4186 Χρι-

328 4227 477 4282 στοῦ·
532 4225 664 4296 περὶ
707 4217 774 4293 ἦς
804 4220 964 4284 αὐτὸς
1017 4217 1222 4285 ἔλεγεν·
1256 4214 1496 4282 Ἄνδρες
1537 4209 1838 4265 Νινευῗται

325 4317 800 4384 ἀναστήσονται,
842 4312 942 4366 καὶ
985 4307 1416 4379 κατακρινοῦσι
1466 4305 1581 4373 τὴν
1625 4302 1840 4375 γενεὰν

323 4415 572 4479 ταύτην.

325 4505 541 4560 Σῶσόν
576 4519 673 4572 με,
721 4501 926 4568 Κύριε,
975 4497 1066 4560 ὅτι
1116 4494 1472 4550 ἐκλέλοιπεν
1521 4488 1708 4553 ὅσιος,
1753 4485 1841 4539 ὅτι

253 4598 640 4669 ὀλινώθησαν
685 4598 742 4648 αἱ
785 4591 1054 4659 ἀλήθειαι
1087 4589 1204 4644 ἀπὸ
1253 4586 1370 4640 τῶν
1401 4583 1544 4638 υἱῶν
1581 4580 1700 4634 τῶν
1733 4579 1837 4632 ἁν-

255 4693 524 4761 θρώπων.
555 4689 665 4751 Τάς
689 4686 828 4740 κατὰ
856 4684 947 4738 τοῦ
977 4683 1226 4752 Σωτῆρος
1255 4678 1412 4749 ἡμῶν
1443 4674 1686 4742 συνάγων
1717 4672 1837 4722 ἐπι-

254 4785 472 4846 ϐουλάς.
510 4781 763 4850 Ἀφέντες
809 4778 919 4848 γάρ
947 4777 1044 4847 τὴν
1075 4773 1332 4844 ἀλήθειαν
1365 4771 1414 4822 οἱ
1457 4767 1697 4821 Ἰουδαῖοι
1715 4763 1839 4834 ψεῦ-

253 4877 345 4940 δος
373 4874 514 4928 κατὰ
541 4871 636 4925 τοῦ
666 4866 1274 4942 Χριστοῦ-ἐπετέλεσαν.

328 4969 512 5034 Χείλη
553 4965 727 5018 δόλια
759 4963 826 5015 ἐν
855 4958 1086 5027 καρδίᾳ.
1131 4958 1272 5020 Ὅτι,
1333 4953 1650 5007 διδάσκαλον
1679 4955 1838 5008 αὐτὸν

255 5056 661 5118 ἀποκαλοῦντες
695 5053 789 5107 καὶ
842 5049 1063 5120 ἀγαθὸν,
1101 5048 1264 5119 ἕτερα
1315 5046 1660 5100 ἐϐουλεύοντο
1711 5046 1840 5116 περὶ

257 5167 449 5205 αυτου.

347 5240 798 5308 Ἐξολοθρεύσει
829 5240 1043 5306 Κύριος
1087 5233 1285 5288 πάντα
1325 5233 1398 5286 τὰ
1433 5232 1604 5300 χείλη
1632 5228 1704 5283 τὰ
1750 5227 1841 5281 δό-

255 5339 381 5397 λια,
423 5329 714 5401 γλῶσσαν
743 5326 1250 5399 μεγαλορῤήμονα.
1286 5323 1411 5386 Πῶς
1445 5321 1552 5392 γὰρ
1576 5321 1636 5373 ού
1671 5336 1841 5391 μεγα-

255 5424 553 5496 λορῤήμων
581 5424 613 5492 ἡ
646 5419 866 5488 γλῶσσα
898 5417 1079 5488 ἐκείνη
1117 5419 1149 5487 ἡ
1193 5415 1506 5486 τολμήσασα
1533 5410 1610 5482 τῷ
1629 5411 1839 5481 Σωτῆρι

253 5515 458 5583 λέγειν’
505 5513 601 5564 Ἐν
631 5511 774 5576 ποίᾳ
795 5509 1050 5576 ἐξουσίᾳ
1081 5508 1268 5561 ταῦτα
1321 5504 1544 5578 eratsic;
1592 5503 1689 5556 καὶ
1751 5503 1841 5566 τίς

255 5622 358 5660 σοι
391 5604 576 5660 ἔδωκε
599 5603 714 5670 τὴν
734 5601 1027 5667 ἐξουσίαν
1054 5600 1313 5666 ταύτην;
1511 5579 1516 5586 ί

335 5696 483 5760 Τοὺς
506 5696 804 5760 εἰπόντος’
832 5692 950 5760 Τὴν
978 5690 1268 5761 γλῶσσαν
1289 5688 1456 5757 ἡμῶν
1473 5690 1776 5756 μεγαλυνο
1788 5685 1842 5739 ῦ-

333 5851 377 5885 ⁹⁹
425 5851 615 5908 Matth,
647 5869 744 5918 xu,
791 5851 878 5906 41.
960 5850 1007 5881 ¹¹⁰
1053 5847 1219 5902 Marc.
1271 5862 1344 5911 ιιι,

1515 527 1589 596 τῇ
1645 524 1818 596 ψυχῇ
1851 531 1895 586 Α
1993 523 2050 574 2.
2094 517 2161 571 In
2213 512 2440 567 Domino
2471 502 2718 572 conﬁdo,
2769 493 3029 568 quomodo
3079 491 3260 546 dicitis
3302 491 3496 544 anima:

1921 612 2091 665 mere?
2117 608 2228 662 Cur
2254 602 2388 657 mihi
2420 596 2688 658 suadelis,
2720 591 2918 660 inquit,
2951 597 3010 640 ut
3032 585 3234 654 fugiam
3267 581 3320 634 in
3347 595 3475 632 mon

1919 715 2001 760 tes
2043 703 2186 756 sicut
2215 709 2426 766 passer,
2463 688 2679 742 etiamsi
2710 685 2763 738 in
2806 683 2918 735 Deo
2959 676 3269 733 confidam?
3302 673 3498 726 Trans-

1921 798 2090 864 migra
2118 793 2196 845 in-
2217 796 2417 842 montes
2449 785 2583 837 sicut
2618 793 2822 848 passer.
2883 770 3145 826 Transfer
3170 777 3250 833 te,
3289 763 3495 826 transi,

1920 887 2045 956 fuge
2077 884 2131 936 in
2159 888 2390 938 montes,
2425 875 2476 928 id
2512 881 2596 926 est
2617 871 2870 923 virtutes.

1991 980 2044 1033 5.
2089 974 2351 1039 Quoniam
2391 983 2504 1022 ecce
2541 973 2838 1034 peccatores
2895 955 3228 1010 intenderunt
3273 964 3455 1003 arcum
3480 987 3497 1011 ,

1919 1034 2237 1131 paraverunt
2264 1053 2485 1122 sagittas
2511 1051 2565 1102 in
2597 1048 2861 1116 pharetra.
2890 1041 2986 1094 His
3011 1038 3191 1092 verbis
3222 1036 3288 1089 ad
3313 1034 3494 1102 fugam

1919 1169 2044 1209 eum
2078 1146 2426 1206 concitabant
2463 1142 2739 1198 dicentes,
2781 1136 2826 1190 si
2863 1149 2970 1187 non
3001 1131 3239 1200 fugeret,
3283 1124 3497 1195 sagittis

1921 1247 2237 1304 confossum
2265 1240 2330 1294 iri
2357 1255 2386 1293 a
2418 1231 2818 1306 peccatoribus.
2849 1226 3099 1281 Declarat
3123 1224 3303 1290 itaque
3327 1217 3500 1271 malas

1922 1334 2282 1405 cogitationes
2324 1305 2446 1381 esse
2488 1322 2710 1391 maligni
2750 1319 2876 1372 tela.
2913 1315 2983 1368 Ut
3029 1315 3280 1382 sagittent
3322 1309 3377 1361 in
3402 1305 3498 1359 ob-

1923 1398 2074 1481 scuro
2096 1433 2262 1476 rectos
2286 1417 2462 1472 corde.
2497 1412 2665 1480 Quasi
2697 1411 2862 1471 dicat,
2891 1409 3136 1460 latenter.
3173 1398 3499 1470 Hujusmodi

1923 1529 2160 1585 namque
2195 1519 2322 1567 sunt
2355 1503 2720 1578 spiritualium
2755 1499 3102 1553 inimicorum
3133 1493 3258 1547 tela.

1992 1702 2046 1755 4.
2090 1697 2354 1764 Quoniam
2391 1707 2508 1762 quae
2537 1687 2803 1760 perfecisti
2834 1684 3232 1736 destruxerunt.
3267 1675 3504 1743 Compu-

1924 1794 2022 1856 lit,
2079 1789 2296 1858 inquit.
2339 1783 2600 1839 iuimicus
2645 1778 2921 1834 hominem
2975 1773 3030 1827 in
3075 1769 3501 1838 corruptionem,

1855 1868 1894 1921 Β
1924 1886 2053 1939 licet
2077 1885 2129 1937 in
2157 1877 2622 1946 incorruptionem
2651 1870 2902 1926 conditus
2925 1875 3088 1921 esset.
3114 1863 3302 1917 Justus
3327 1869 3504 1914 autem

1927 1974 2053 2046 quid
2084 1972 2250 2041 fecit?
2287 1966 2550 2032 Etiamsi,
2595 1963 2800 2032 inquit,
2835 1957 3043 2012 inimici
3069 1955 3195 2010 talia
3244 1952 3502 2015 fecerint;

1929 2043 1984 2120 at
2014 2063 2302 2124 Dominus,
2337 2059 2428 2129 qui
2460 2056 2719 2124 templum
2759 2053 2922 2106 habet
2948 2049 3180 2110 caalum,
3217 2046 3359 2098 facto
3381 2043 3503 2112 jusv

1931 2168 2108 2212 torum
2140 2163 2196 2208 et
2231 2152 2525 2221 impiorum
2556 2147 2805 2203 examine
2832 2186 2847 2209 ,
2879 2143 3001 2197 aliis
3023 2141 3242 2209 quidem
3268 2136 3507 2204 impertit

1921 2251 2092 2315 bona,
2127 2245 2264 2299 alios
2294 2244 2348 2296 in
2386 2253 2589 2295 aeterna
2619 2236 2885 2307 supplicia
2915 2231 3117 2302 dejicit.
3163 2227 3420 2282 Dominus
3452 2225 3507 2278 in

1931 2337 2120 2407 templo
2148 2342 2331 2390 sancto
2358 2347 2473 2385 suo.

2005 2427 2294 2501 [Quoniam
2334 2437 2450 2494 qua:
2486 2418 2754 2488 perfecisti
2779 2417 3178 2469 destruxerunt.
3218 2411 3386 2478 Quasi
3420 2409 3507 2464 di-

1930 2531 2047 2585 cat,
2074 2531 2239 2588 opera
2270 2525 2361 2570 tua
2399 2521 2644 2568 evertere
2686 2517 2944 2578 satagunt
2967 2514 3345 2576 propterme,
3379 2516 3506 2556 nam

1929 2628 2092 2684 quem
2125 2608 2331 2666 unxisti
2359 2620 2564 2675 regem,
2589 2608 2778 2657 contra
2803 2599 3074 2654 calculum
3105 2606 3256 2650 tuum
3287 2593 3507 2660 armati,

1932 2703 2151 2760 student
2195 2700 2481 2768 abrogare.
2514 2693 2582 2748 Et
2632 2694 2736 2747 hoc
2782 2699 2950 2761 agunt
2993 2701 3283 2759 postquam
3334 2693 3510 2739 rectas

1930 2797 2240 2868 probasque
2289 2789 2684 2860 cogitationes,
2741 2799 2862 2854 qum
2916 2782 3214 2838 secundum
3257 2789 3508 2833 naturam

1931 2896 2095 2954 sunt,
2131 2884 2515 2946 eliminarunt,
2545 2893 2683 2949 quas
2717 2875 2925 2930 scilicet
2960 2871 3226 2925 Dominus
3264 2867 3509 2938 perfece—

1933 2977 2064 3049 rat.]

2005 3072 2058 3126 5.
2103 3070 2257 3126 Oculi
2299 3069 2412 3137 ejus
2459 3066 2513 3118 in
2545 3075 2826 3132 pauperem
2866 3057 3173 3125 respiciunt.
3232 3050 3512 3122 Signiﬁcat

1935 3161 2029 3217 Dei
2063 3159 2433 3230 cognitionem
2463 3154 2552 3209 cui
2587 3151 2725 3206 nihil
2761 3149 2930 3202 latere
2958 3154 3154 3215 potest.
3181 3142 3382 3197 Oculos
3412 3154 3512 3193 au-

1931 3264 2038 3309 tem
2086 3251 2217 3305 dicit
2247 3249 2365 3318 ejus
2411 3243 2710 3300 beneficam
2745 3239 3162 3308 inspectionem.
3229 3231 3507 3303 Palpebrw

1929 3346 2042 3416 ejus
2097 3345 2430 3410 interrogant
2491 3336 2632 3406 ﬁlios
2688 3334 2982 3387 hominum.
3044 3328 3334 3398 Palpebras
3382 3323 3514 3378 dicit

1930 3437 2049 3505 ejus
2080 3431 2397 3504 judicialem
2432 3440 2726 3495 rerumque
2756 3421 3175 3492 exploratricem
3221 3417 3511 3488 providen-

1936 3529 2088 3583 tiam.

2179 3619 2230 3673 1.
2275 3616 2342 3670 In
2376 3617 2554 3686 ﬁnem,
2587 3630 2682 3682 pro
2716 3622 2924 3673 octava,
2961 3605 3304 3662 PSALMUS

2553 3706 2746 3760 David.
2780 3701 2887 3756 XI.

2520 3798 2926 3864 Argumentum.

1937 3896 2012 3952 De
2037 3904 2224 3950 octava
2251 3892 2452 3946 dictum
2486 3887 2588 3941 fuit
2609 3888 2664 3940 in
2691 3895 2845 3941 sexto
2888 3883 3117 3953 psalmo.
3148 3879 3325 3950 Rogat
3351 3893 3514 3949 porro

2010 3989 2233 4045 liberari
2275 4003 2306 4040 a
2345 3982 2696 4055 generatione
2734 3979 2894 4033 mala.
2935 3976 3060 4030 Haec
3089 3985 3266 4029 autem
3291 3989 3515 4044 genera-

2013 4085 2086 4138 tio
2117 4081 2208 4135 illa
2240 4093 2373 4134 sane
2409 4075 2614 4140 fuerit,
2648 4087 2771 4143 qua;
2799 4080 3039 4140 tempore
3065 4077 3183 4123 erat
3218 4067 3517 4121 Salvatoris

2009 4174 2179 4230 nostri
2210 4168 2556 4227 JesuChristi
2585 4186 2596 4221 :
2622 4167 2688 4220 de
2709 4181 2816 4230 qua
2851 4166 2963 4233 ipse
2991 4162 3128 4216 dixit
3148 4162 3190 4192 ⁸⁹
3221 4179 3233 4214 :
3274 4158 3387 4212 Viri
3411 4157 3508 4211 Ni-

2009 4268 2188 4321 nivitte
2259 4269 2492 4332 surgent,
2537 4269 2586 4313 et
2657 4256 3073 4312 condemnabunt
3133 4252 3515 4323 generationem

2008 4360 2190 4412 istam.

2009 4452 2063 4505 2.
2111 4448 2329 4504 Salvum
2360 4465 2441 4502 me
2466 4449 2572 4518 fac,
2610 4445 2766 4509 Deus,
2791 4442 3043 4513 quoniam
3064 4439 3251 4508 defecit
3277 4447 3512 4500 sanctus,

1868 4567 1913 4619 ι)
1941 4544 2192 4614 quoniam
2221 4543 2499 4595 diminuta:
2537 4548 2658 4594 sunt
2707 4538 2953 4591 veritates
2984 4551 3016 4586 a
3053 4531 3183 4602 ﬁliis
3223 4530 3513 4585 hominum.

1944 4635 2179 4690 Insidias
2209 4635 2261 4687 in
2293 4634 2574 4688 Christum
2599 4638 2814 4700 paratas
2845 4629 2898 4680 in
2927 4640 3093 4679 unum
3119 4621 3517 4691 complectitur.

1945 4727 2180 4782 Dimissa
2211 4741 2448 4793 namque
2480 4723 2733 4783 veritate,
2760 4718 2930 4774 Judaei
2954 4714 3294 4770 mendacium
3327 4721 3517 4768 contra

1945 4817 2225 4872 Christum
2260 4814 2552 4870 commenti
2578 4821 2720 4866 sunt.

2017 4957 2069 5010 5.
2113 4955 2282 5008 Labia
2331 4953 2515 5006 dolosa
2556 4953 2608 5005 in
2655 4951 2832 5003 corde.
2885 4947 3190 5013 Quoniam,
3237 4959 3360 4999 cum
3391 4958 3517 4997 eum
3581 4948 3595 4960 ‘

1947 5048 2265 5116 magistrum
2296 5061 2362 5099 ac
2396 5046 2596 5098 bonum
2632 5041 2962 5111 appellarent.
2982 5079 2997 5107 _,
3041 5039 3198 5106 longe
3219 5035 3432 5089 diversa
3461 5032 3517 5086 in

1951 5155 2076 5194 eum
2105 5137 2336 5192 consilia
2368 5136 2595 5189 inibant.

2014 5233 2064 5286 4.
2110 5231 2386 5299 Disperdet
2421 5228 2676 5281 Dominus
2709 5227 2952 5278 universa
2983 5220 3128 5273 labia
3162 5217 3346 5271 dolosa
3370 5255 3384 5280 ,
3413 5216 3518 5269 lin-

1945 5343 2107 5397 guam
2144 5323 2558 5394 magniloquam.
2587 5317 2873 5385 Quomodo
2900 5329 3008 5368 non
3036 5310 3389 5380 magniloqua
3413 5307 3517 5360 lin-

1947 5434 2050 5489 gua
2079 5418 2190 5481 illa,
2217 5432 2338 5486 quae
2370 5431 2503 5469 ausa
2533 5421 2613 5467 est
2639 5407 2906 5464 Salvatori
2931 5405 3109 5458 dicere
3143 5417 3157 5454 :
3195 5399 3261 5454 In
3299 5415 3404 5468 qua
3429 5415 3519 5467 po-

1948 5472 2134 5563 :estate
2180 5472 2290 5562 hd'c
2341 5507 2475 5576 facis
2501 5545 2516 5571 ,
2559 5503 2751 5572 etquis
2784 5498 2879 5554 tibi
2907 5495 3054 5548 dedit
3105 5495 3238 5546 hanc
3280 5472 3541 5576 potesta-z

1949 5549 2132 5563 ...........
2180 5549 2289 5562 ..ιη
2341 5549 2474 5576 μη...
2501 5549 2516 5571 ,
2560 5549 2606 5558 --
2635 5549 2748 5572 ην--
3281 5549 3291 5559 .

1949 5611 2051 5655 tem
2083 5601 2174 5652 9°?

2019 5695 2072 5749 5.
2115 5694 2218 5758 Qui
2260 5686 2842 5756 dixerunt:-Lingumn
2872 5687 3108 5733 nostram
3153 5670 3547 5756 magniﬁcabia
