3874 6218
240 312 313 370 9-7
1362 316 1726 374 EXPOSITIO
1759 318 1827 374 IN
1865 318 2202 377 PSA-LMUM
2244 318 2380 374 χιιι.
3433 324 3504 383 98

237 434 509 507 ἡμετέρᾳ,
555 434 725 500 οὕτως
774 438 803 490 ὁ
841 436 1083 502 διάϐολος
1120 439 1177 493 ἐν
1213 442 1282 512 τῇ
1312 439 1556 511 ἀπωλείᾳ
1596 442 1816 513 ἐπαίρε-

1930 440 2064 497 Deus
2101 441 2305 497 dicitur
2354 442 2407 495 in
2442 439 2617 495 salute
2661 447 2850 494 nostra
2882 437 3149 507 exaltari;
3187 438 3262 494 ita
3299 449 3354 494 et
3379 440 3500 495 dia-

242 524 368 579 σθαι
397 524 636 595 λέγεται.

315 616 583 673 Φὼτισον
612 617 751 683 τοὺς
781 619 1126 689 ὀφθαλμούς
1145 638 1285 690 μου.
1330 622 1671 695 Ὀφθαλμοὺς
1694 626 1821 689 τοὺς

1923 533 2081 587 bolus
2113 532 2166 585 in
2197 532 2439 602 pernicie
2474 540 2663 585 nostra
2695 529 2904 585 extolli.

1992 625 2045 678 4.
2090 622 2348 677 Ιιίιιηιὶηα
2386 623 2562 676 oculos
2596 639 2757 677 meos.
2804 621 3007 678 Oculos
3039 624 3238 678 mentis
3274 623 3495 678 indicat.

240 709 345 779 τῆς
404 709 639 773 διανοίας
707 710 877 780 δηλοῖ.
936 713 1211 766 Φωτίσατε
1262 714 1371 786 γὰρ
1424 716 1652 779 ἑαυτοὺς
1705 715 1816 784 φῶς

1930 715 2231 772 llluminate
2260 719 2383 773 illos
2417 717 2623 772 lumine
2652 718 3004 787 cognitionis.

186 858 191 859 ν
240 816 517 869 γνώσεως.

329 890 471 960 Ἐγὼ
518 890 587 943 δὲ
644 891 741 944 ἐπὶ
798 890 879 957 τῷ
926 892 1081 947 ἐλέει
1122 909 1238 948 σου
1295 893 1550 963 ἤλπισα.
1598 894 1817 967 Θαῤῥῶ,

239 983 429 1054 φησιν,
483 982 754 1052 ἁμαρτίας
783 982 976 1053 ἄφεσιν
1021 985 1272 1049 δέξασθαι
1309 985 1387 1057 τῷ
1415 988 1554 1040 ἐλέει
1584 1004 1821 1058 προσαν-

239 1072 383 1143 ἐχων
443 1071 522 1142 τῷ
564 1071 660 1141 σῷ,
718 1073 785 1126 δι’
845 1066 904 1125 οὗ
946 1076 1038 1128 καὶ
1066 1077 1126 1129 τὸ
1162 1078 1428 1148 σωτήριον
1453 1078 1686 1142 δέδωκας
1714 1081 1821 1132 πᾶ·-

243 1180 329 1217 σιν
383 1162 715 1235 ἀνθρώποις·
777 1166 915 1237 ὅπερ
968 1170 1233 1240 σωτήριον
1295 1170 1656 1238 ἁγαλλιᾱὶσθαι
1715 1189 1822 1224 πα-

240 1258 570 1329 ρασκευάσει
607 1273 705 1323 μου
733 1258 830 1327 τὴν
884 1261 1130 1331 καρδίαν,
1160 1261 1258 1332 τὴν
1280 1264 1445 1316 πάλαι
1479 1263 1821 1334 ὀδυνώμενον

238 1350 331 1405 διὰ
358 1351 457 1420 τὴν
484 1349 776 1420 ἁμαρτίαν.

375 1441 477 1505 Είς
505 1438 570 1491 τὸ
613 1436 807 1505 τέλος,
862 1445 1158 1497 ΨἈΛΜΟΣ
1186 1444 1265 1511 τῷ
1320 1445 1516 1501 Δαϐὶδ.
1545 1448 1659 1501 II".

878 1534 890 1550 ⁹
905 1536 1210 1601 Υπόθεσις.

237 1626 547 1700 Διαρρήδην
605 1634 662 1685 ἐν
717 1630 796 1702 τῷ
851 1629 1078 1701 παρόντι
1132 1628 1333 1700 ψαλμῷ
1380 1629 1665 1700 σαφηνίζει
1710 1629 1821 1684 τῶν

309 1720 609 1793 ἀνθρώπων
636 1724 731 1795 τὴν
753 1725 834 1787 είς
888 1724 949 1774 τὸ
984 1723 1241 1786 παντελὲς
1286 1724 1395 1777 τῶν
1448 1725 1819 1795 ἐπιτηδευμά-

1995 809 2046 863 6.
2094 809 2204 880 E‘go
2240 820 2419 863 autem
2452 812 2503 863 in
2544 811 2911 863 misericordia
2956 819 3045 861 tua
3074 810 3297 878 speravi.
3352 809 3497 864 Con-

1921 900 2051 965 ﬁdo,
2082 900 2277 969 inquit,
2310 902 2517 970 peccati
2553 917 2639 955 me
2678 902 3057 955 remissionem
3115 912 3496 971 accepturum,

1920 989 2048 1043 dum
2087 1000 2236 1043 tuam
2276 992 2556 1060 perpendo
2601 992 3056 1045 miscricordiam.
3116 991 3250 1056 Tua,
3299 993 3498 1061 inquit,

1920 1096 2016 1150 per
2058 1098 2222 1152 quam
2254 1084 2494 1137 salutare
2524 1093 2676 1137 tuum
2726 1084 2921 1140 dedisti
2974 1084 3224 1139 omnibus
3264 1084 3501 1139 homini-

1922 1172 2044 1226 bus.
2107 1172 2262 1237 Quod
2320 1174 2562 1228 salutare
2601 1175 3022 1228 exsultationem
3084 1175 3300 1243 parabit
3341 1172 3497 1229 c0.'di

1919 1278 2063 1330 meo,
2101 1265 2228 1318 olim
2257 1265 2324 1319 de
2359 1275 2583 1335 peccato
2614 1266 2842 1320 dolenti.

2119 1443 2172 1497 ί.
2207 1441 2273 1496 In
2301 1443 2481 1511 ﬁnem,
2516 1442 2853 1499 PSALMUS
2885 1444 3077 1501 David.
3119 1444 3295 1499 XIII.

2504 1538 2907 1605 Argumentum.

1921 1626 2132 1683 Diserte
2164 1626 2218 1681 in
2268 1628 2521 1697 praesenti
2564 1630 2780 1698 psalmo
2832 1630 3076 1683 declarat
3122 1630 3407 1685 hominum
3436 1628 3495 1687 in

1988 1722 2245 1776 omnibus
2272 1721 2467 1776 studiis
2506 1734 2560 1776 et
2602 1722 2813 1775 actibus
2856 1722 2971 1777 suis
3023 1723 3356 1791 impietatem
3392 1723 3499 1779 ini.

307 1829 416 1867 των
448 1815 704 1869 ἀσέϐειαν
754 1818 849 1869 καλ¹
887 1816 1253 1888 παρανομίαν,
1300 1816 1385 1869 ἵνα
1438 1817 1499 1871 τὸ
1524 1820 1816 1886 ἀναγκαῖον

1988 1810 2391 1880 quitatemque,
2441 1819 2500 1865 ut
2531 1813 2915 1867 necessitatem
2939 1813 3197 1881 praedicet
3228 1814 3499 1869 adventus

306 1907 406 1978 τῆς
434 1910 748 1979 ἐπιφανείας
778 1909 987 1980 κηρύξῃ
1006 1908 1271 1979 Χριστοῦ.

301 1995 495 2053 Εἶπεν
519 1999 721 2069 ἄρρων
751 2002 819 2054 ἐν
853 2000 1062 2069 καρδίᾳ
1093 2000 1303 2053 αὐτοῦ’
1334 2001 1454 2053 Οὐκ
1478 2000 1610 2055 ἔστι
1654 2002 1817 2068 Θεός.

247 2090 489 2161 Ἐπειδὴ,
547 2091 620 2164 μὴ
671 2093 1038 2162 λογισάμενοι,
1092 2093 1278 2161 φησὶν,
1336 2088 1475 2146 εἶναι
1530 2093 1662 2147 Θεὸν
1696 2098 1820 2165 ἐφο-

240 2179 420 2252 ρῶντα
458 2185 526 2235 τὰ
552 2182 868 2254 ἀνθρώπινα
920 2184 1013 2236 καὶ
1070 2184 1323 2254 κρίνοντα
1373 2183 1552 2255 κρίσει
1613 2185 1817 2257 δικαίᾳ,

239 2273 423 2326 πᾶσαν
454 2273 881 2345 ἀθεμιτουργίαν
916 2275 1260 2345 εἰργάσαντο·
1291 2273 1481 2326 τούτου
1505 2274 1569 2345 δὴ
1604 2276 1762 2348 χάριν
1792 2278 1820 2329 ό

238 2364 447 2437 Κύριος
483 2367 547 2418 ὲκ
593 2365 686 2419 τοῦ
719 2366 948 2438 οὐρανοῦ
1004 2366 1247 2435 διέκυψε.
1290 2365 1459 2419 Τοῦτο
1488 2367 1595 2440 γὰρ
1635 2367 1820 2437 σαφῶς

235 2455 337 2526 τὴν
367 2458 446 2518 είς
500 2455 819 2527 ἀνθρώπους
862 2457 954 2510 τοῦ
997 2457 1202 2527 Κυρίου
1231 2457 1451 2528 πρόοδον
1473 2460 1819 2530 κατασημαί-

234 2565 339 2601 νει.
365 2552 488 2603 Οὺκ
520 2550 653 2603 ἔστι
680 2548 869 2603 ποιῶν
923 2552 1321 2619 χρηστότητα,
1351 2553 1462 2603 οὐκ
1497 2550 1669 2603 ἔστιν
1710 2551 1820 2618 ἕως

236 2638 396 2706 ἑνός,
442 2638 661 2703 Ἐλθὼν,
693 2641 879 2712 φησὶν,
938 2644 965 2694 ὁ
1014 2642 1217 2712 Κύριος
1248 2643 1355 2695 οὐδ’
1405 2643 1500 2695 ἕνα
1532 2637 1657 2715 εὗρε
1685 2660 1820 2714 κρη-

238 2732 494 2801 στότητος
524 2732 780 2802 ἐργάτην,
806 2733 938 2785 ἀλλὰ
968 2733 1075 2804 γὰρ
1100 2734 1401 2787 ὑπεύθυνον
1431 2735 1577 2805 πάσῃ
1613 2737 1812 2806 πράξει

236 2820 445 2889 ἀτόπῳ.
514 2819 702 2890 Τάφος
767 2821 1141 2891 ἀνεῳγμένος
1196 2826 1228 2877 ὀ
1286 2821 1521 2891 λάρυγξ
1595 2824 1813 2877 αὐτῶν.

248 2908 492 2962 Ἐαυτῶν
525 2910 632 2979 γὰρ
657 2910 733 2980 τῷ
762 2912 1004 2984 φάρυγγι
1033 2915 1079 2965 οἱ
1115 2913 1365 2984 δαίμονες
1400 2913 1589 2987 ὥσπερ
1613 2916 1817 2988 βρῶσιν

236 2994 384 3070 εἶχον
412 2998 503 3051 τὸν
540 2999 842 3072 ἄνθρωπον,
883 3001 956 3073 μὴ
1004 2996 1142 3055 εἶναι
1196 3002 1462 3067 νοοῦντες,
1514 3005 1595 3058 ὅτι
1623 3008 1650 3059 ὁ
1687 3006 1818 3070 Θεὸς

237 3091 591 3146 ἐπιλαθέσθαι
616 3093 709 3145 τοῦ
740 3094 1055 3165 πλάσματος
1080 3093 1244 3147 αὐτοῦ
1278 3096 1337 3147 οὐ
1368 3095 1611 3150 δύναται.

1996 1900 2226 1955 Christi.

1995 1991 2147 2044 Dixit
2172 1992 2424 2061 insipiens
2458 1994 2514 2047 in
2542 1994 2697 2047 corde
2719 2011 2815 2048 suo
2834 2012 2853 2049 :
2881 1994 3003 2048 Non
3025 2003 3101 2049 est
3121 1992 3283 2049 Deus.
3319 1994 3498 2061 Quan-

1921 2081 2216 2153 doquidem
2250 2100 2358 2139 non
2388 2086 2690 2155 cogitantes
2720 2085 2890 2141 Deum
2918 2103 3071 2156 esse,
3116 2088 3209 2157 qui
3241 2089 3497 2158 respiciat

1920 2175 2103 2228 omnia
2131 2178 2370 2231 humana
2393 2219 2407 2242 ,
2451 2193 2515 2231 ac
2538 2178 2631 2247 qui
2667 2178 2819 2247 justo
2847 2178 3281 2248 judiciojudicet
3305 2219 3320 2243 ,
3373 2179 3498 2233 nul-
3581 2166 3589 2174 ’

1920 2266 2034 2319 lum
2069 2281 2175 2319 non
2206 2270 2387 2322 scelus
2420 2278 2843 2338 perpelrarunt;
2898 2270 3105 2323 idcirco
3139 2269 3404 2325 Dominus
3430 2270 3497 2323 de

1920 2363 2060 2416 caelo
2097 2361 2395 2431 prospexit.
2446 2360 2579 2413 Illud
2617 2360 2760 2413 enim
2803 2369 2988 2428 aperte
3024 2359 3240 2413 Domini
3283 2361 3349 2413 ad
3398 2360 3497 2413 lto-

1918 2457 2091 2510 mines
2114 2456 2403 2508 adventum
2434 2453 2658 2509 indicat.
2709 2453 2831 2507 Non
2853 2464 2930 2507 est
2958 2457 3048 2525 qui
3085 2456 3251 2522 faciat
3276 2455 3492 2517 bonum,

1924 2566 2027 2602 non
2051 2557 2124 2603 est
2154 2564 2314 2617 usque
2342 2547 2411 2600 ad
2440 2564 2622 2601 unum.
2680 2547 2817 2600 Cum
2841 2549 3025 2608 venit,
3062 2550 3269 2617 inquit,
3311 2547 3500 2601 Domi-

1919 2656 2060 2706 nus,
2107 2641 2315 2693 nullum
2367 2640 2771 2693 mansuetudini
2818 2640 3100 2705 deditum;
3154 2640 3248 2693 sed
3302 2654 3496 2695 omnes

1920 2733 2057 2787 nulli
2095 2747 2201 2785 non
2230 2746 2399 2801 pravo
2438 2731 2586 2800 operi
2619 2732 2888 2796 addictos,
2923 2732 3148 2785 invenit.
3182 2730 3496 2801 Sepulcrum

1918 2835 2103 2895 patens
2149 2834 2227 2877 est
2279 2833 2463 2893 guttur
2505 2838 2705 2875 eorum.
2770 2820 2826 2873 In
2869 2836 2971 2874 suo
2999 2837 3234 2890 namque
3282 2832 3499 2892 gutture

1918 2918 2191 2970 daemones
2229 2914 2504 2968 hominem
2552 2912 2712 2982 quasi
2754 2912 2937 2964 cilium
2982 2912 3334 2977 detinebant,
3386 2929 3495 2967 non

1920 3006 2219 3075 cogitantes
2270 3019 2376 3058 non
2428 3018 2590 3073 posse
2636 3001 2806 3056 Deum
2859 3016 3102 3070 unquam
3156 3001 3357 3070 opiticii
3408 3002 3496 3058 sui

1920 3095 2187 3150 oblivisci.

314 3183 462 3251 Οὐχί
511 3184 843 3253 γνώσονται
892 3164 1128 3253 πάντες
1185 3188 1239 3239 οἱ
1297 3186 1667 3257 ἐργαζόμενοι
1706 3188 1816 3258 τὴν

1991 3186 2044 3240 4.
2081 3183 2269 3238 Nonne
2297 3192 2603 3253 cognoscent
2635 3197 2811 3235 omnes
2855 3185 2944 3251 qui
2986 3190 3273 3250 operantur
3296 3182 3497 3251 iniqui-

238 3274 497 3342 ἀνομίαν
516 3290 537 3337 ;
565 3275 701 3328 Καθ’
738 3276 1080 3347 ὑποστιγμὴν
1130 3278 1526 3346 ἀναγνωστέον,
1565 3279 1659 3332 καὶ
1684 3278 1818 3343 ἕξω-

240 3362 333 3415 θεν
356 3364 447 3415 τὸν
472 3364 674 3434 Κύριον
700 3365 1058 3435 προληπτέον·
1095 3362 1233 3440 ίναῇ
1262 3366 1434 3430 οὕτως
1473 3367 1533 3420 τὸ
1566 3369 1823 3438 σημαινόο

242 3456 558 3524 μενοΨΚαὶ
602 3456 803 3519 πάντες
854 3455 1151 3521 ἐξέκλιναν,
1197 3459 1480 3511 καὶτοῦτο
1537 3461 1816 3531 ἐποίησαν.

240 3546 316 3599 Οὐ
346 3545 598 3615 μέλλουσι
622 3546 909 3615 γινώσκειν
930 3549 1020 3601 τὸν
1050 3549 1272 3618 Κύριον.
1291 3552 1510 3617 Κύριον
1530 3554 1602 3605 οὐ
1631 3568 1818 3621 προσ-

234 3635 609 3689 εκαλέσαντο
662 3639 716 3690 οἱ
761 3637 1071 3704 ἐσθίοντες
1114 3639 1219 3691 τὸν
1245 3642 1399 3692 λαόν
1423 3658 1541 3708 μου
1566 3641 1637 3694 ἐν
1662 3641 1819 3711 ,Ερὼ-

237 3740 336 3778 σει
385 3724 589 3791 ἄρτου.
648 3727 956 3797 Κατήσθιον
1002 3728 1110 3800 γὰρ
1166 3729 1257 3782 τὸν
1302 3729 1427 3783 λαὸν
1475 3730 1639 3784 αὐτοῦ
1692 3733 1821 3785 ἀνα-

238 3815 518 3879 πείθοντες
544 3821 870 3888 προσκυνεῖν
892 3817 989 3889 τὴν
1024 3820 1199 3872 κτίσιν
1228 3819 1379 3891 παρὰ
1408 3821 1497 3873 τὸν
1535 3822 1815 3876 κτίσαντα.

234 3908 349 3961 Καὶ
379 3900 546 3972 οὗτοι,
582 3910 763 3981 φησὶν,
797 3909 1025 3983 σέτέροις
1070 3910 1255 3963 κακῶν
1285 3912 1571 3982 εἰσηγηταὶ
1594 3914 1821 3984 γενόμε-

235 4015 339 4062 νοι,
366 4000 456 4052 τὸν
478 4000 681 4070 Κύριον
733 4001 834 4054 οὐκ
880 4001 1312 4056 ἐπικαλέσονται.
1373 4003 1531 4057 Οὖτω
1559 4006 1667 4076 γὰρ
1686 4008 1819 4060 ἀναο

234 4092 507 4161 γνωστέον
544 4092 807 4163 μέλλοντα
835 4095 955 4147 ἀντὶ
982 4094 1075 4148 τοῦ
1111 4096 1564 4167 παρεληλυθότος.

320 4184 479 4238 Ἐκεῖ
506 4184 575 4237 δὲ
605 4184 951 4240 ἐδειλίασαν
1008 4189 1185 4256 φόϐῳ,
1216 4185 1289 4245 οὗ
1342 4191 1453 4242 οὐκ
1485 4185 1565 4259 ἦν
1608 4192 1812 4258 φόϐος.

245 4275 308 4329 '0
333 4275 577 4339 Μωσέως
623 4277 804 4346 νόμος,
848 4280 999 4348 φησι,
1055 4280 1275 4333 κόλασιν
1321 4270 1574 4333 ἐποίει³ό
1627 4281 1684 4335 δὲ
1723 4283 1814 4335 τοῦ

235 4365 472 4438 Χριστοῦ
506 4366 666 4435 φόϐος
693 4369 856 4436 ἁγνός
880 4371 1047 4423 ἐστιν·
1092 4371 1167 4434 ὼς
1222 4372 1370 4435 υἱοὺς
1392 4372 1502 4443 γὰρ
1534 4373 1815 4442 φοϐεῖσθαι

234 4458 457 4529 Πατέρα
486 4460 885 4530 παρεσκεύαζε.
913 4461 1072 4515 Κατὰ
1086 4462 1175 4515 τὸν
1196 4464 1388 4534 καιρὸν
1400 4465 1635 4528 ἐκεῖνον,
1658 4466 1808 4534 φησὶ,

235 4549 359 4604 καθ’
389 4550 449 4603 ὃν
473 4552 529 4604 δὲ
552 4551 789 4623 δηλονότι
823 4554 855 4622 ἡ
886 4553 1197 4622 ἐπιφάνεια,
1234 4554 1397 4622 φόϐον
1415 4555 1813 4627 φοϐηθήσονται

233 4634 299 4697 οὗ
336 4643 436 4696 οὐκ
469 4642 581 4696 ἔστι
606 4643 786 4713 φόϐος.
807 4646 920 4697 Οὐκ
940 4646 1003 4697 ὲκ
1033 4648 1264 4717 νομικῆς
1297 4647 1524 4717 ἀπειλῆς
1551 4648 1814 4718 δηλονότι,

234 4734 352 4788 ἀλλ’
384 4737 417 4806 ή
456 4735 738 4805 πρέπουσα
763 4736 963 4806 μᾶλλον
1004 4736 1308 4808 ἐλευθέροις
1328 4737 1602 4791 εὐλάϐεια.

308 4826 438 4879 Ὀτι
459 4827 674 4893 Κύριος
695 4827 766 4880 ἐν
787 4826 962 4896 γενεᾷ
988 4827 1251 4880 δικαίων.
1272 4827 1393 4880 Τῶν
1421 4829 1632 4882 δικαιου
1640 4829 1815 4899 μένων

231 4916 325 4971 διὰ
342 4920 440 4990 τῆς
461 4921 778 4990 ἐπιφανείας
808 4923 990 4975 αὑτοῦ.
1013 4922 1215 4990 Βουλὴ
1234 4924 1473 4991 πτωχοῦ
1493 4924 1816 4991 καταισχύ-

230 5028 418 5065 νεται.
449 5013 632 5067 Ταῦτα
654 5014 730 5077 ὡς
754 5016 889 5084 πρὸς
918 5018 1041 5078 τοὺς
1061 5016 1461 5085 ἁπομείναντας
1488 5019 1552 5087 τῇ
1587 5017 1811 5085 ἀπιστία

231 5103 328 5155 καὶ
355 5102 649 5169 διώξαντας
679 5106 805 5170 τοὺς
836 5108 1232 5170 πιστεύσαντας
1270 5110 1350 5171 είς
1387 5109 1643 5179 Χριστόν.

310 5286 406 5351 Τίς
433 5284 609 5340 δώσει
635 5287 703 5339 ἐκ
749 5289 900 5342 Σιὼν
947 5287 1010 5340 τὸ
1042 5287 1338 5356 σωτήριον
1386 5287 1493 5341 τοῦ
1539 5286 1812 5354 Ἰσραήλ;

229 5378 403 5433 Τοῦτο
426 5379 483 5431 δὲ
506 5378 697 5448 διπλῆν
728 5379 838 5451 ἔχει
878 5379 975 5448 τὴν
1004 5381 1362 5449 προφητείαν·
1393 5379 1453 5431 ού
1510 5378 1619 5447 γὰρ
1649 5378 1808 5449 μόνον

227 5468 485 5537 τηνικάδε
512 5468 810 5538 γενομένην
833 5472 945 5532 τοῖς
975 5469 1381 5541 πολιορκηθεῖσι
1413 5470 1809 5541 προσαγορεύει

229 5560 525 5629 σωτηρίαν,
562 5560 695 5613 ἀλλὰ
722 5562 815 5613 καὶ
844 5561 940 5630 τὴν
967 5561 1179 5625 πολλοῖς
1212 5560 1435 5630 ὕστερον
1470 5561 1681 5631 χρόνοις
1714 5560 1808 5614 τοῦ

225 5653 480 5723 Σωτῆρος
510 5652 666 5721 ἡμῶν
713 5653 1012 5723 γενομένην
1063 5653 1269 5705 ἐκεῖθεν
1310 5653 1575 5725 σωτήριον
1608 5652 1808 5719 ἐπιφά-

226 5758 398 5795 νειαν.
464 5731 945 5806 Ἀγοιλλιάσετοιι⁸
981 5741 1192 5796 Ἰακώϐ.
1251 5744 1389 5805 Τοὺς
1459 5741 1647 5811 ἁγίους
1709 5757 1810 5795 πα-

1924 3279 2125 3332 tatem?
2151 3278 2290 3330 Cum
2319 3275 2764 3343 interpunctione
2796 3273 3105 3337 legendum,
3142 3284 3303 3340 atque
3341 3274 3493 3337 illud,

1921 3368 2226 3429 Dominum,
2251 3372 2403 3418 extra
2432 3364 2803 3433 accipiendum
2829 3379 2843 3427 ;
2870 3372 2930 3416 ut
2952 3363 3067 3416 harc
3082 3363 3151 3416 sit
3181 3363 3449 3417 sententia
3477 3381 3493 3419 :

1922 3457 1989 3511 Et
2008 3471 2220 3521 omnes,
2246 3454 2443 3524 inquit,
2479 3454 2910 3513 declinaverunt,
2939 3462 3104 3521 atque
3134 3451 3188 3505 id
3216 3461 3495 3521 perpetra-

1920 3560 2065 3604 runt.
2111 3548 2464 3617 Nequaquam
2522 3544 2765 3598 futurum
2820 3555 2906 3598 est
2949 3552 3010 3597 ut
3058 3542 3350 3597 Dominum
3397 3560 3495 3598 co-

1920 3646 2203 3711 gnoscant.
2249 3638 2355 3702 Qui
2390 3638 2640 3691 devorant
2692 3635 2889 3703 plebem
2936 3652 3105 3689 meum
3147 3636 3284 3690 sicut
3320 3652 3494 3690 escam

1920 3734 2105 3803 panis,
2172 3731 2457 3784 Dominum
2506 3746 2610 3783 non
2657 3729 3048 3782 invocaverunt.
3116 3728 3492 3785 Comedebant

1919 3828 2062 3880 enim
2105 3823 2363 3893 populum
2396 3821 2537 3890 ejus,
2586 3822 2875 3874 suadentes
2920 3820 3149 3873 adorare
3183 3830 3490 3874 creaturam

1918 3925 1972 3971 et
2003 3930 2109 3969 non
2158 3922 2483 3967 creatorem.
2540 3912 2717 3981 Atque
2749 3912 2863 3977 illi,
2912 3911 3126 3979 inquit,
3169 3911 3292 3965 aliis
3319 3912 3493 3965 malo.

1919 4021 2039 4061 rum
2080 4014 2330 4058 auctores
2356 4003 2504 4063 facti,
2543 4002 2834 4055 Dominum
2873 4016 2981 4054 non
3014 4001 3372 4056 inrocabunt.
3410 4000 3490 4058 Ita

1919 4113 2154 4167 namque
2185 4097 2470 4166 legendum
2499 4094 2742 4148 futurum
2766 4109 2865 4163 pro
2899 4092 3192 4162 praeterito.

1990 4189 2043 4243 5.
2083 4186 2208 4241 Illic
2245 4186 2633 4256 trepiduverunt
2669 4188 2874 4252 timore,
2927 4188 3016 4240 ubi
3046 4205 3150 4242 non
3166 4199 3280 4242 erat
3310 4190 3487 4244 timor.

1917 4280 2117 4351 Moysis
2140 4280 2249 4344 lex,
2279 4279 2479 4349 inquit,
2523 4294 2740 4348 poenam
2771 4279 3041 4335 inferebat
3062 4323 3077 4347 ,
3118 4283 3279 4337 timor
3307 4294 3490 4339 autem

1918 4374 2134 4427 Domini
2169 4383 2351 4427 casms
2390 4382 2512 4427 est:
2554 4388 2678 4425 nam
2711 4388 2812 4427 nos
2859 4384 3119 4442 tanquam
3164 4377 3342 4444 ﬁlios,
3383 4375 3491 4431 Pa-

1845 4500 1888 4554 D
1918 4475 2054 4521 trem
2092 4469 2284 4521 timere
2313 4466 2518 4521 docuit.
2543 4464 2675 4520 Post
2697 4466 2829 4520 illud
2859 4478 3097 4538 tempus,
3141 4485 3249 4540 quo
3283 4470 3491 4527 scilicet

1920 4561 2187 4613 adventus
2218 4558 2323 4612 erit
2354 4558 2496 4627 ejus,
2529 4558 2600 4611 ibi
2632 4559 2902 4613 timebunt
2926 4561 3018 4615 ubi
3056 4576 3165 4616 non
3199 4572 3280 4617 est
3304 4564 3486 4617 timor.

1916 4650 2034 4704 Non
2076 4650 2273 4705 timore
2302 4651 2393 4720 qui
2417 4666 2480 4704 ex
2512 4650 2645 4718 legis
2669 4652 3098 4709 comminatione
3125 4655 3354 4723 oriatur,
3395 4658 3487 4711 sed

1916 4744 2219 4797 reverentia
2253 4757 2375 4812 quae
2409 4741 2610 4794 liberos
2645 4741 2855 4796 deceat.

1986 4834 2038 4887 6.
2075 4833 2335 4897 Quoniam
2368 4834 2619 4887 Dominus
2640 4834 2693 4885 in
2717 4834 3049 4903 generatione
3068 4835 3356 4904 justornm.
3384 4838 3487 4904 Qui

1910 4927 2282 4996 justiiicantur
2324 4941 2421 4994 per
2466 4926 2586 4994 ejus
2632 4927 2944 4980 adventum.
2995 4926 3291 4987 Consilium
3317 4931 3489 4997 inopis

1915 5018 2280 5085 confunditur.
2330 5013 2457 5069 Huic
2501 5016 2633 5069 dicit
2668 5016 2734 5068 ad
2771 5030 2866 5069 eos
2900 5016 2992 5085 qui
3044 5027 3395 5085 perseverant
3432 5018 3486 5070 in

1917 5108 2317 5174 incredulitate,
2352 5118 2408 5162 et
2434 5117 2837 5176 persequuntur
2870 5122 2967 5163 eos
2988 5109 3081 5177 qui
3113 5108 3166 5161 in
3202 5108 3485 5161 Christum

1914 5198 2213 5251 credidere.

1985 5286 2035 5339 7.
2073 5285 2202 5350 Quis
2234 5284 2382 5337 dabit
2401 5301 2466 5339 ea:
2484 5284 2611 5338 Sion
2641 5284 2876 5338 salutare
2909 5283 3124 5338 Israel?
3163 5283 3278 5339 Hoc
3308 5286 3485 5355 dupli-

1912 5393 2030 5432 cem
2062 5377 2304 5431 continet
2331 5375 2673 5445 prophetiam
2709 5394 2721 5429 :
2754 5391 2860 5428 non
2890 5375 3053 5428 modo
3083 5376 3225 5428 enim
3261 5374 3350 5431 hic
3383 5377 3485 5429 ob-

1911 5471 2079 5523 sessis
2108 5477 2318 5536 partam
2348 5467 2579 5521 salutem
2621 5467 2946 5531 annuntiat,
2996 5467 3088 5519 sed
3132 5466 3299 5519 etiam
3337 5468 3486 5519 salu-

1914 5572 2082 5615 tarem
2108 5560 2310 5613 Christi
2347 5560 2638 5613 adventum
2665 5600 2680 5623 ,
2724 5558 2909 5611 multis
2933 5566 3055 5625 post
3082 5557 3297 5611 sacculis
3333 5557 3486 5611 futu-

1912 5664 2059 5703 rum.
2089 5648 2395 5703 Exsultabit
2420 5648 2608 5704 Jacob.
2654 5650 2888 5703 Sauctos
2912 5648 3254 5716 patriarchas
3283 5656 3336 5700 et
3357 5662 3487 5715 pro-

1913 5740 2107 5810 phetas
2136 5742 2423 5810 intelligit,
2468 5743 2563 5809 qui
2606 5753 2958 5803 summouere-
2991 5740 3098 5793 lazti
3134 5745 3324 5797 erunt.
3358 5751 3485 5792 cam
