3874 6218
393 320 476 374 ,919
1254 307 1311 364 S.
1352 305 1726 361 ATl—lANASll
1762 305 1912 359 OPP.
1953 303 2134 359 PARS
2164 303 2253 358 lll.
2296 333 2368 345 —
2401 302 2834 386 EXEGETICA.‘

3554 297 3664 354 100

406 424 690 489 praedictas
723 424 792 479 ab
835 422 970 493 ipsis
999 419 1396 492 promissiones
1423 418 1678 473 Christus
1713 420 1973 488 impleve-

2095 419 2338 489 τριάρχας
2360 419 2453 471 καὶ
2489 419 2786 488 προφήτας
2819 413 2984 485 φησὶ,
3027 414 3152 476 τοὺς
3207 413 3350 484 χαρᾷ
3373 409 3666 482 χαίροντας

403 528 492 573 rit.
531 516 624 572 Hae
661 528 842 571 autem
873 523 1062 580 erant,
1105 529 1228 586 quae
1261 512 1508 568 omnium
1546 512 1790 582 gentium
1827 512 1976 566 salu-

403 616 511 665 tem
544 607 1010 679 praenuntiabant.

598 792 652 846 1.
695 790 763 846 In
794 791 972 860 ﬁnem,
1007 786 1346 843 PSALMUS
1376 786 1573 840 David.
1615 784 1779 840 XIV.

989 881 1390 950 Argumentum.

400 973 559 1029 Hunc
596 974 738 1029 canit
766 974 1060 1043 psalmum,
1086 972 1291 1026 docens
1318 970 1579 1040 quidnam
1620 968 1826 1022 aditum
1876 969 1975 1023 lio-

472 1068 606 1122 mini
663 1067 905 1135 praebeat
958 1067 1026 1119 ad
1072 1065 1223 1118 illam
1284 1064 1683 1132 assequendam
1728 1072 1972 1118 sortem:

469 1169 804 1228 quapropter
831 1158 902 1210 ita
931 1155 1144 1211 orditur
1173 1175 1186 1210 :

465 1248 708 1313 Domine,
739 1248 856 1316 quis
892 1246 1157 1299 habitabit
1199 1248 1254 1299 in
1309 1245 1648 1301 tabernaculo
1698 1247 1828 1300 tuo?
1864 1243 1986 1298 Ha-v

399 1339 597 1394 bitatio
625 1349 711 1393 est
747 1339 1111 1393 commoratio
1147 1346 1531 1406 temporanea,
1576 1353 1686 1391 non
1727 1336 1891 1390 ﬁxam
1920 1346 1975 1390 et

395 1440 806 1504 permanentem
833 1432 1022 1492 vitam,
1049 1431 1143 1484 sed
1181 1438 1580 1492 transeuntem,
1619 1447 1684 1484 ac
1715 1445 1842 1484 cum
1875 1446 1972 1499 spe

395 1522 894 1594 transmigrationis
946 1522 1014 1575 ad
1071 1522 1450 1591 praestantiora
1497 1522 1846 1589 conjunctam
1899 1523 1971 1575 si-

396 1618 678 1686 gniﬁcans.
720 1613 904 1668 Sancti
928 1613 1126 1682 quippe
1159 1615 1258 1666 viri
1282 1623 1364 1667 est
1391 1614 1531 1666 hanc
1555 1613 1719 1666 vitam
1751 1622 1972 1682 praeter-

396 1710 576 1763 eundo
619 1723 815 1777 agere,
856 1715 1018 1774 atque
1064 1705 1129 1759 ad
1174 1705 1334 1758 aliam
1391 1705 1780 1760 transmittere.
1839 1704 1971 1770 Qua:

2077 512 2169 563 ἐπί
2201 510 2278 580 τῷ
2302 509 2400 573 τὰς
2431 511 2822 581 προλεχθείσας
2851 507 3031 560 αὐτῶν
3059 505 3386 573 ἐπαγγελίας
3418 503 3665 574 ἀποπὶῖη-

2079 602 2245 674 ρῶσαι
2271 602 2360 655 τὸν
2390 603 2641 673 Χριστόν.
2671 595 2841 654 Αῦται
2874 602 2929 654 δέ
2951 597 3091 671 ἦσαν
3131 601 3187 652 αἱ
3229 599 3326 669 τὴν
3348 598 3455 651 τῶν
3485 598 3663 651 ἐθνῶν

2076 696 2330 749 ἁπάντων
2357 695 2632 767 σωτηρίαν
2667 695 3197 764 κατασημαίνουσαι.

2249 790 2353 852 Εἰς
2391 789 2457 840 τὸ
2485 786 2659 854 τέλος
2690 790 2904 840 ΨΑΛΜ
2910 791 3001 840 ΟΣ
3022 785 3101 850 τῷ
3140 785 3339 839 Δαυΐδ.
3368 788 3474 840 1Δ’.

2702 880 2715 897 '
2729 879 3036 942 Υπόθεσις.

2074 968 2274 1022 Τοῦτον
2324 969 2438 1040 ᾄδει
2471 969 2562 1023 τὸν
2590 969 2825 1039 ψαλμὸν,
2855 969 3120 1022 διδάσκων
3149 967 3200 1020 τί
3256 966 3321 1020 ἂν
3367 967 3658 1037 ἄνθρωπον

2145 1061 2536 1132 παρασκευάσῃ
2564 1063 2660 1132 τῆς
2685 1061 2958 1131 μακαρίας
2983 1061 3196 1129 ἐκείνης
3218 1062 3397 1129 τυχεῖν
3423 1058 3654 1130 λήξεως·

2143 1151 2224 1204 διὸ
2263 1151 2564 1222 ἀρχόμενος
2586 1169 2768 1222 φησιν·

2142 1243 2337 1309 Κύριε,
2372 1243 2464 1308 τίς
2495 1241 2850 1311 παροικήσει
2879 1243 2948 1296 ἐν
3003 1242 3083 1308 τῷ
3128 1241 3474 1310 σκηνώματι
3492 1257 3609 1296 σου
3634 1257 3655 1306 ;

2073 1335 2342 1407 Παροικία
2375 1337 2488 1388 ἐστὶ
2519 1336 2760 1406 διαγωγὴ
2815 1335 3166 1404 πρόσκαιρος,
3232 1335 3328 1403 οὐχ
3359 1335 3655 1405 ἱδρυμένην

2073 1426 2240 1496 ζωὴν,
2266 1425 2403 1479 ἀλλὰ
2433 1426 2728 1498 παροδικὴν
2769 1426 2853 1476 ἐπ’
2896 1425 3069 1477 ἐλπίδι
3103 1426 3200 1494 τῆς
3243 1426 3337 1476 ἐπὶ
3361 1425 3428 1476 τὰ
3467 1424 3656 1494 κρείτ-

2071 1536 2200 1571 τονα
2232 1519 2613 1588 μεταστάσεως
2659 1517 3050 1586 ὑποφαίνουσα.
3095 1519 3272 1585 Ἀγίου
3313 1517 3422 1588 γὰρ
3457 1517 3654 1587 ἀνδρὸς

2073 1612 2389 1684 παροδεύειν
2424 1611 2515 1664 τὸν
2544 1611 2653 1680 βίον
2702 1609 2910 1674 τοῦτον,
2947 1610 3244 1678 ἐπάγεσθαι
3278 1610 3332 1663 δὲ
3367 1611 3502 1680 πρὸς
3535 1610 3654 1663 ἐτέ-

2076 1721 2174 1774 ραν
2205 1705 2370 1775 ζωήν.
2407 1703 2497 1756 Διὸ
2550 1701 2644 1756 καὶ
2675 1704 2703 1755 ὁ
2734 1702 2897 1755 Δαυῒδ
2953 1705 3080 1774 περὶ
3115 1703 3278 1756 αὑτοῦ
3314 1721 3464 1773 φησι·
3495 1703 3654 1770 Πάρ-

396 1817 560 1858 causa
589 1810 671 1854 est
708 1808 766 1852 ut
804 1799 969 1852 David
1001 1798 1068 1852 de
1104 1814 1161 1852 se
1203 1799 1321 1867 ipso
1351 1798 1498 1852 dicat
1521 1800 1564 1831 θ’
1601 1798 1852 1851 :Advena
1875 1813 1968 1865 ego

2095 1811 2234 1859 ηχος
2264 1793 2376 1862 ἐγώ
2399 1796 2514 1862 ειμι
2559 1794 2716 1861 παρὰ
2747 1794 2847 1847 σοὶ
2880 1794 2975 1847 καὶ
3007 1793 3432 1861 παρεπίδημος,
3455 1791 3655 1857 καθὼς

395 1910 512 1947 sum
547 1891 686 1960 apud
732 1899 778 1943 te
819 1899 866 1942 et
899 1893 1234 1959 peregrinus,
1287 1890 1421 1941 sicut
1447 1905 1620 1941 omnes
1643 1898 1818 1956 patres
1846 1890 1967 1942 mei.

397 1985 556 2054 Quis,
588 1985 684 2048 ait,
721 1983 921 2052 dignus
947 1984 1050 2036 crit
1079 1982 1134 2034 in
1164 1981 1481 2035 cmlestibus
1513 1980 1622 2034 illis
1652 1981 1972 2033 tabernacu-

394 2080 463 2134 lis
513 2075 850 2132 consistere?
913 2073 1018 2126 Aut
1077 2073 1194 2143 quis
1250 2072 1656 2125 tabernaculum
1695 2082 1847 2139 ponet
1916 2071 1969 2122 in

397 2181 570 2226 monte
597 2178 779 2224 sancto
807 2169 939 2221 tuo?
969 2167 1260 2235 Postquam
1283 2166 1428 2218 enim
1455 2165 1732 2234 quispiam
1765 2174 1969 2218 aeterno

395 2266 490 2318 illo
520 2262 874 2319 tabernaculo
919 2260 1177 2328 dignatus
1220 2256 1420 2322 fuerit,
1462 2257 1796 2312 beatitudine
1825 2254 1972 2308 frue-

397 2366 485 2411 tur
509 2359 560 2410 in
588 2355 783 2410 saecula
814 2352 1044 2407 inﬁnita.

467 2445 581 2500 2-5.
633 2443 735 2508 Qui
781 2441 974 2495 incedit
1023 2440 1135 2494 sine
1178 2439 1410 2504 macula,
1437 2446 1542 2493 etc.
1578 2437 1745 2492 Docet
1770 2435 1971 2506 quibus

398 2538 575 2593 modis
601 2538 814 2591 beatum
835 2534 1150 2604 huiusmodi
1174 2533 1336 2586 linem
1365 2531 1712 2585 consecuturi
1743 2544 1968 2582 sumus:

395 2631 578 2701 primo
615 2628 835 2697 quidem
877 2628 924 2680 si
975 2625 1329 2678 immaculata
1361 2624 1445 2676 via
1488 2622 1807 2676 incedamus
1849 2637 1970 2690 qua:

394 2731 477 2778 est
507 2725 622 2792 ipse
645 2719 931 2784 Christus;
989 2717 1204 2779 deinde,
1259 2715 1304 2769 si
1348 2729 1637 2783 Operemur
1673 2713 1967 2782 iustitiam;

394 2815 588 2882 tertio,
627 2813 671 2868 si
719 2827 815 2867 cor
852 2819 1101 2865 nostrum
1144 2808 1389 2862 veritatis
1434 2807 1773 2861 domicilium
1815 2821 1972 2875 pare-

395 2921 555 2972 mus;
589 2913 807 2974 quarto,
833 2902 881 2956 si
907 2901 1095 2956 dolosa
1122 2899 1372 2953 instructi
1408 2898 1592 2967 lingua
1618 2912 1725 2950 non
1761 2897 1967 2963 simus;

394 2998 609 3068 quinto,
644 2996 690 3048 si
733 2995 936 3048 malum
975 2993 1226 3062 proximo
1258 3006 1365 3043 non
1408 2987 1742 3054 inferamus;
1793 2996 1968 3052 sexto,

396 3089 444 3143 si
482 3086 777 3157 opprobrio
837 3085 1145 3154 proximum
1192 3082 1424 3151 superbe
1470 3096 1581 3134 non
1633 3080 1966 3146 alliciamus;

2075 1885 2296 1951 πάντες
2327 1889 2381 1938 ol
2410 1889 2659 1953 πατέρες
2681 1905 2820 1955 μου.
2849 1888 2962 1952 Τίς,
2998 1889 3181 1957 φησὶν,
3213 1887 3358 1952 ἄξιος
3408 1887 3561 1940 ἔσται
3593 1890 3654 1940 ἐν

2075 1976 2311 2039 ἐκείναις
2366 1980 2485 2040 ταῖς
2525 1978 2803 2049 οὐρανίαις
2841 1979 3091 2046 γενέσθαι
3149 1981 3406 2048 σκηναῖς;
3458 1980 3530 2032 Ἦ
3558 1979 3656 2044 τίς

2073 2069 2530 2136 κατασκηνώσει
2563 2070 2632 2123 ἐν
2665 2069 2785 2137 ὄρει
2825 2071 2970 2139 ἁγίῳ
2998 2086 3145 2133 σου;
3195 2071 3381 2140 ἐπειδὴ
3427 2070 3492 2123 ἂν
3540 2070 3654 2142 γάρ

2071 2178 2156 2223 τις
2202 2159 2406 2231 ἀξιωθῇ
2435 2161 2536 2230 τῆς
2569 2164 2846 2232 μακαρίας
2877 2163 3090 2232 ἐκείνης
3125 2163 3351 2232 σκηνῆς,
3395 2163 3476 2226 εἰς
3507 2163 3652 2216 ἁπε-

2075 2253 2300 2322 ράντους
2333 2253 2532 2316 αἰῶνας
2560 2253 2671 2316 ἔξει
2699 2255 2796 2324 τὴν
2825 2257 3221 2326 μακαριότητα.

2140 2429 2542 2497 Πορευόμενος
2576 2429 2830 2498 ἄμωμος,
2868 2433 2960 2484 καὶ
2996 2431 3064 2484 τά
3101 2432 3246 2503 ἐξῆς.
3285 2433 3532 2486 Διδάσκει
3579 2432 3652 2486 δι’

2073 2511 2148 2571 ὧν
2176 2519 2475 2589 τευξόμεθα
2530 2520 2622 2572 τοῦ
2685 2523 2952 2595 μακαρίου
2995 2525 3202 2577 ἐκείνου
3236 2525 3489 2597 πέρατος·
3555 2528 3654 2581 καὶ

2075 2610 2288 2683 πρῶτον
2322 2611 2419 2680 μὲν
2471 2613 2520 2663 εί
2578 2612 2676 2681 τὴν
2709 2612 2938 2683 ἄμωμον
2991 2615 3293 2684 ὁδεύσωμεν
3347 2615 3482 2680 ὁδὸν,
3525 2617 3653 2686 ἥτις

2073 2700 2218 2752 ἐστὶν
2247 2701 2274 2752 ὁ
2305 2701 2556 2770 Χριστός
2590 2702 2777 2754 ἔπειτα
2811 2706 2857 2756 εἰ
2894 2703 3255 2775 ἐργασώμεθα
3280 2705 3649 2775 δικαιοσύνην’

2071 2792 2272 2861 τρίτον,
2303 2794 2352 2845 εἰ
2381 2793 2637 2863 ἀληθείας
2693 2791 2840 2849 οἶκον
2888 2798 2985 2866 τὴν
3033 2799 3258 2869 καρδίαν
3307 2802 3649 2870 ποιήσωμεν·

2073 2883 2348 2954 τέταρτον,
2407 2888 2455 2937 εί
2513 2885 2690 2938 δολίαν
2723 2885 2971 2955 γλῶσσαν
3017 2891 3090 2959 μὴ
3119 2889 3467 2960 κτησώμεθα·
3503 2892 3649 2962 πέμ-

2074 2991 2205 3026 πτον
2241 2975 2302 3027 τὸ
2336 2973 2410 3044 μὴ
2432 2975 2598 3027 κακὸν
2628 2975 2704 3046 τῷ
2736 2976 2960 3048 πλησίον
3002 2979 3345 3048 ἐργάζεσθαι·
3380 2980 3535 3032 ἕκτον
3588 2981 3652 3034 τὸ

2077 3062 2150 3133 μὴ
2181 3062 2432 3115 ὀνειδίσαι
2459 3063 2547 3116 τὸν
2584 3065 2807 3134 πλησίον
2830 3067 3392 3138 ὑπερηφανευόμενον·
3423 3071 3655 3141 ἕϐδομον

397 3179 661 3249 septimo,
713 3176 758 3233 si
790 3190 1082 3246 personam
1115 3189 1222 3227 non
1253 3173 1629 3242 accipiamus;
1672 3181 1885 3235 octavo,
1929 3173 1974 3227 si

2095 3157 2154 3226 ιη
2189 3157 2474 3228 πρόσωπον
2517 3157 2833 3229 θαυμάζειν’
2869 3160 3051 3229 ὄγδοον
3096 3162 3157 3215 τὺ
3190 3163 3263 3234 μὴ
3297 3163 3655 3233 παραϐαίνειν

392 3271 693 3344 juramenti
732 3270 894 3324 ﬁdem
940 3285 1044 3323 non
1082 3269 1386 3331 violemus;
1425 3282 1606 3334 nono,
1659 3269 1704 3322 si
1746 3283 1854 3321 non
1891 3266 1975 3321 le-

397 3381 690 3431 neremur;
739 3364 975 3425 decimo,
1015 3361 1160 3431 quod
1201 3361 1483 3416 estomnis
1512 3362 1969 3430 complementum

396 3455 550 3519 boni,
583 3455 629 3510 si
657 3455 979 3509 muneribus
1005 3452 1176 3523 pervii
1205 3467 1314 3505 non
1345 3453 1538 3506 simus.
1569 3451 1674 3516 Qui
1714 3453 1977 3507 horumce

397 3549 711 3619 aquitatem
765 3563 830 3602 ac
888 3547 1146 3601 meritum
1195 3544 1510 3606 edidicerit,
1563 3544 1777 3597 ﬁrmam
1815 3552 1977 3613 atque

400 3642 688 3695 immotam
725 3640 994 3694 bonorum
1027 3638 1376 3693 donationem
1405 3637 1774 3690 nanciscetur.

679 3732 732 3786 1.
767 3729 931 3784 Tituli
958 3731 1257 3800 inscriptio,
1289 3729 1503 3783 Davidi.
1539 3726 1667 3782 XV.

989 3824 1392 3894 Argumentum.

399 3914 573 3981 Quam
615 3930 763 3970 nunc
803 3923 1108 3969 tractamus
1154 3913 1471 3982 prophetia,
1515 3912 1760 3982 gentium
1812 3927 1979 3968 voca-

469 4010 674 4063 tionem
705 4007 1085 4077 complectitur
1105 4045 1120 4069 ,
1151 4020 1250 4058 nec
1273 4019 1382 4057 non
1412 4003 1979 4074 variasinobsequen—

471 4100 558 4153 tite
595 4099 972 4153 accusationes
990 4095 1254 4150 adversus
1296 4094 1589 4159 lsraelem;
1625 4095 1865 4162 itemque
1894 4094 1978 4162 ip-

469 4207 592 4246 sum
641 4189 1060 4245 resurrectionis
1091 4187 1392 4241 Salvatoris
1425 4186 1672 4240 omnium
1721 4196 1975 4240 nostrum

469 4283 598 4339 Jesu
627 4284 829 4337 Christi
850 4281 1169 4352 mysterium
1206 4297 1218 4332 :
1267 4279 1410 4332 unde
1433 4278 1672 4331 arbitror
1701 4279 1975 4332 canticum

468 4376 614 4432 istud
641 4385 890 4429 vocatum
920 4371 1342 4443 στηλογραφίαν,
1360 4373 1472 4426 sive
1498 4371 1636 4424 tituli
1658 4383 1752 4424 aut
1774 4372 1980 4425 colum-

469 4483 554 4522 nae
606 4467 1017 4536 inscriptionem
1068 4464 1267 4530 fuisse,
1313 4464 1433 4533 ipso
1475 4462 1675 4517 Davide
1713 4462 1976 4532 propheta
2007 4500 2052 4554 Β

471 4559 604 4613 illud
636 4575 736 4613 ceu
789 4560 842 4611 in
889 4557 1144 4611 columna
1185 4557 1558 4618 inscribentc,
1609 4555 1675 4608 ad
1727 4562 1976 4622 posteros

475 4651 977 4706 transmittendum.
1049 4647 1182 4717 Ejus
1242 4663 1408 4717 porro
1468 4648 1633 4702 verba
1693 4647 1850 4715 quasi
1909 4663 1977 4700 ex

469 4741 672 4795 Christi
707 4755 938 4809 persona
973 4748 1268 4793 canuntur.
1302 4738 1547 4808 Namque
1582 4753 1644 4792 ut
1671 4739 1746 4792 ita
1773 4738 1979 4792 sentia-

473 4849 596 4886 mus
625 4841 814 4886 auctor
845 4832 1005 4886 nobis
1030 4830 1230 4885 Petrus
1255 4840 1340 4886 est
1367 4832 1435 4885 ’³.

474 4923 736 4978 Conserva
769 4939 883 4988 me,
933 4921 1184 4985 Domine,
1227 4926 1479 4992 quoniam
1539 4923 1746 4992 speravi
1795 4922 1847 4975 in
1907 4932 1974 4976 te.

401 5013 569 5080 Quasi
591 5025 873 5082 assumpta
905 5012 1131 5066 humani
1162 5014 1379 5083 generis
1400 5030 1657 5082 persona,
1693 5015 1780 5068 his
1807 5013 1975 5069 Deum

402 5109 458 5154 et
478 5099 694 5153 Patrem
719 5100 1037 5168 alloquitur.
1074 5100 1184 5155 Nec
1209 5111 1420 5156 tantum
1455 5118 1552 5172 pro
1575 5119 1656 5169 se,
1691 5106 1783 5158 sed
1809 5105 1974 5158 etiam

401 5201 620 5261 propter
658 5207 759 5246 nos
805 5199 860 5245 et
890 5206 990 5260 pro
1034 5192 1214 5257 nobis,
1271 5203 1457 5262 utpote
1488 5210 1582 5262 per
1611 5196 1974 5249 oeconomiam

399 5294 455 5336 et
486 5284 918 5337 incarnationem
947 5298 1090 5336 unus
1115 5298 1180 5337 ex
1219 5285 1377 5338 nobis
1403 5285 1649 5339 ell‘ectus.
1684 5285 1975 5340 Dominum

400 5373 584 5442 itaque
618 5373 831 5428 Patrem
870 5382 1052 5438 vocat,
1097 5374 1244 5444 quod
1299 5376 1351 5428 in
1402 5375 1575 5430 forma
1611 5379 1752 5432 servi
1787 5379 1972 5432 fuerit.

398 5465 724 5523 Conservari
777 5474 958 5520 autem
1011 5482 1068 5521 se
1124 5469 1360 5535 postulat
1406 5478 1630 5538 propter
1670 5469 1972 5524 Ecclesium

398 5573 521 5628 quae
545 5571 672 5611 caro
720 5556 894 5626 ipsius
934 5570 1038 5612 εει.
1087 5558 1228 5614 Caro
1257 5576 1494 5630 namque
1538 5562 1658 5630 ejus
1685 5573 1768 5617 est
1798 5562 1979 5617 Eccle-

471 5734 518 5767 “
552 5733 696 5792 Psal.
729 5735 956 5806 xxxviii,
988 5737 1073 5792 l5.
1147 5739 1194 5770 9³
1226 5739 1343 5794 Act.
1379 5755 1438 5807 ιι,
1464 5738 1558 5817 225.

2076 3247 2238 3318 ὅρκου
2277 3249 2480 3302 πίστιν·
2504 3249 2719 3304 ἔννατον
2771 3251 2830 3304 τὸ
2871 3253 2944 3324 μὴ
2975 3254 3292 3318 ἐκτοκίζειν·
3343 3255 3594 3322 δέκατον,
3623 3255 3656 3310 ὅ

2077 3341 2171 3392 καὶ
2199 3339 2346 3404 τέλος
2376 3343 2492 3395 ἐστὶ
2516 3344 2713 3406 παντὸς
2771 3344 2998 3412 ἀγαθοῦ,
3057 3346 3456 3418 ἀδωροδόκητον
3487 3343 3653 3403 εἶναι.

2077 3432 2292 3486 Τούτων
2325 3437 2353 3486 ό
2381 3434 2638 3505 ἐκμαθὼν
2684 3435 2782 3506 τὴν
2836 3437 3172 3507 κατόρθωσιν
3214 3439 3508 3494 ἀσάλευτον
3540 3438 3655 3504 ἕξει

2075 3524 2184 3576 τῶν
2217 3525 2436 3594 ἀγαθῶν
2464 3529 2562 3597 τὴν
2589 3527 2753 3582 δόσιν.

2390 3730 2808 3797 Στηλογραεβία
2842 3728 2922 3794 τῷ
2956 3729 3154 3784 Δαυΐδ.
3185 3730 3297 3785 ΙΕ’.

2684 3820 2697 3838 '
2709 3822 3013 3885 Υπόθεσις.

2090 3909 2152 3960 Ἡ
2210 3910 2266 3960 ἐν
2325 3911 2482 3980 χερσὶ
2518 3913 2822 3982 προφητεία
2879 3913 3122 3983 περιέχει
3179 3914 3277 3984 τὴν
3322 3913 3430 3968 τῶν
3484 3913 3656 3966 ἐθνῶν

2146 4004 2358 4074 κλῆσιν,
2419 4007 2513 4059 καὶ
2560 4007 2628 4060 τὰ
2674 4009 2766 4060 ἐπὶ
2795 4001 2934 4072 ’ταῖς
2964 4011 3265 4075 ἁπειθείαις
3297 4010 3390 4064 τοῦ
3440 4010 3656 4082 Ἰσραὴλ

2148 4098 2487 4170 ἐγκλήματα,
2513 4101 2606 4153 καὶ
2637 4101 2740 4170 μὴν
2773 4103 2866 4155 καὶ
2907 4105 3037 4156 αὐτὸ
3062 4105 3122 4156 τὸ
3173 4105 3274 4174 τῆς
3304 4105 3654 4168 ἀναστάσεως

2147 4189 2241 4242 τοῦ
2278 4190 2492 4244 πάντων
2540 4191 2698 4262 ἡμῶν
2751 4193 3004 4264 Σωτῆρος
3062 4194 3232 4264 Ἰησοῦ
3281 4195 3520 4267 Χριστοῦ
3555 4215 3658 4266 μυ-

2149 4283 2389 4353 στήριον·
2415 4282 2534 4336 ὅθεν
2559 4284 2710 4354 οἶμαι
2745 4286 2837 4336 καὶ
2885 4287 3282 4356 στηλογραιρίαν
3339 4287 3656 4358 ὠνομάσθαι

2145 4372 2244 4442 τὴν
2275 4372 2435 4442 ᾠδὴν,
2491 4374 2778 4437 ἀναθέντος
2830 4376 2997 4446 αὐτὴν
3047 4376 3140 4429 τοῦ
3188 4380 3463 4448 προφήτου
3494 4377 3658 4431 Δαυῒε

2152 4463 2340 4535 ὥσπερ
2373 4468 2429 4518 ἐν
2457 4467 2625 4540 στήλῃ
2651 4472 2765 4532 τοῖς
2810 4471 2925 4539 μετ’
2952 4471 3134 4524 αὐτόν.
3169 4472 3420 4542 ’ᾼδονται
3439 4473 3496 4525 δέ
3521 4475 3571 4525 οἱ
3599 4475 3656 4525 ἐν

2148 4557 2297 4627 αύτῴ
2325 4558 2470 4626 λόγοι
2498 4561 2571 4622 ὡς
2595 4563 2658 4613 ἐκ
2703 4562 2994 4632 προσώπου
3027 4565 3121 4617 τοῦ
3153 4564 3413 4636 Χριστοῦ.
3471 4567 3658 4629 Οὕτως

2149 4648 2258 4719 γὰρ
2281 4652 2424 4720 ἡμᾶς
2451 4654 2478 4704 ὁ
2501 4652 2705 4723 Πέτρος
2745 4653 2948 4718 ἐδίδαξε
3002 4660 3234 4726 φρονεῖν.

2152 4918 2433 4981 Φύλαξόν
2473 4937 2570 4988 με,
2610 4921 2806 4988 Κύριε,
2858 4922 2947 4976 ὅτι
2997 4924 3095 4976 ἐπὶ
3144 4925 3242 4978 σοὶ
3293 4924 3659 4992 ἢλπισα.’Τέ

2081 5011 2256 5064 κοινὸν
2280 5011 2466 5082 ὥσπερ
2516 5015 2804 5084 πρόσωπον
2844 5019 2942 5087 τῆς
2995 5018 3410 5089 ἀνθρωπότητος
3459 5020 3661 5075 ἀναλα-

2082 5100 2192 5155 ϐὼν
2219 5106 2344 5167 τοὺς
2379 5106 2514 5175 πρὸς
2561 5106 2691 5159 Θεὸν
2740 5109 2832 5161 καὶ
2881 5111 3099 5181 Πατέρα
3151 5115 3382 5164 ποιεῖται
3444 5113 3655 5181 λόγους·

2032 5228 2034 5231 τ
2080 5197 2177 5265 οὐχ
2210 5196 2348 5267 ὑπέρ
2386 5214 2450 5265 γε
2509 5199 2705 5267 μᾶλλον
2735 5201 2949 5268 ἑαυτοῦ,
2990 5202 3056 5254 δι’
3087 5203 3234 5274 ἡμᾶς
3280 5204 3339 5256 δέ
3391 5207 3484 5258 καὶ
3517 5206 3659 5276 ὑπὲρ

2079 5285 2236 5355 ἡμῶν
2260 5287 2333 5348 ῶς
2367 5281 2446 5350 εἷς
2474 5288 2532 5352 ἐξ
2563 5290 2717 5358 ἡμῶν
2753 5292 2840 5344 διὰ
2863 5293 2960 5363 τὴν
2980 5295 3309 5365 οίκονομίαν.
3340 5296 3548 5368 Κύριον
3566 5294 3660 5351 οῦν

2080 5377 2332 5446 ὀνομάζει
2365 5379 2454 5431 τὸν
2490 5382 2706 5454 Πατέρα
2738 5383 2825 5436 διὰ
2879 5385 2940 5437 τὸ
2967 5387 3024 5437 ἐν
3052 5389 3116 5457 τῇ
3171 5387 3263 5440 τοῦ
3298 5388 3481 5441 δούλου
3508 5391 3660 5456 γενέ-

2083 5467 2205 5521 σθαι
2273 5475 2475 5542 μορφῇ.
2511 5473 2850 5545 Φυλαχθῆναι
2899 5477 2953 5529 δὲ
3015 5480 3176 5532 αὑτὸν
3233 5483 3372 5534 αἰτεῖ
3429 5482 3517 5536 διὰ
3559 5484 3660 5556 τὴν

2093 5562 2494 5637 Ἐκκλησίαν,ῆ
2543 5570 2689 5622 ἐστιν
2738 5569 2937 5643 ὴσὰρξ
2996 5573 3181 5628 αὑτοῦ.
3236 5575 3299 5628 Ἢ
3355 5575 3490 5646 σὰρξ
3551 5577 3660 5646 γὰρ
