3874 6218
221 256 312 339 tot

1340 285 1703 343 EXPOblTlO
1742 288 1807 343 IN
1846 290 2178 349 PSALMUM
2212 296 2327 352 XV.

3355 313 3458 369 1οἳ

217 400 373 455 αὐτοῦ
429 401 461 471 ἠ
507 400 814 470 Ἐκκλησία·
866 403 1202 474 φυλαχθῆναι
1258 405 1315 457 δὲ
1361 407 1567 477 ταύτην
1619 411 1752 461 αἰτεῖ

1887 412 2000 475 sia,
2048 429 2211 483 quam
2264 418 2579 471 c'onservari
2626 419 2886 487 postulat.
2933 422 3065 488 Qum
3116 432 3460 483 conservatio

218 492 446 555 Είκάτως
479 487 566 545 οὖν
612 495 706 546 καὶ
755 495 835 558 είς
864 495 923 547 τὸ
956 496 1120 549 αὑτοῦ
1153 498 1443 568 πρόσωπον
1468 501 1781 571 ἀναφέροιτ⁵

217 585 278 637 ἂν
299 586 342 653 ,ἡ
372 584 603 656 φυλακή.

280 673 429 729 Εἶπα
458 676 536 741 τῷ
567 678 782 744 Κυρίῳ,
805 679 948 743 Θεός
971 697 1091 747 μου
1110 676 1165 734 εἷ
1182 683 1283 735 σύ.
1318 682 1483 736 Πάλιν
1505 684 1597 735 καὶ
1626 684 1781 737 τοῦτο

216 768 525 837 προτρέπων
550 769 624 833 (εί)
658 771 722 839 τῇ
747 769 841 821 τοῦ
876 770 1060 823 δούλου
1119 776 1322 843 μρρφῇ·
1382 773 1533 844 δηλοῖ
1575 775 1629 827 δὲ
1664 775 1780 846 ἅμα

217 861 303 917 καὶ
326 861 421 931 τὴν
451 862 507 913 ἐν
549 861 729 913 πίστει
769 862 853 914 -δι’
891 863 1178 933 ὁμολογίας
1232 865 1597 937 δικαιοσύνην.
1659 869 1778 921 Ὅτι

213 952 324 1005 τῶν
347 952 580 1021 ἀγαθῶν
619 972 737 1023 μου
778 957 848 1007 οὐ
895 957 1101 1023 χρείαν
1128 956 1308 1025 ἔχεις.
1357 958 1589 1027 Ἀγαθάς
1616 978 1777 1030 φησιν

212 1045 265 1097 ὲν
308 1044 511 1106 τούτοις
538 1046 638 1107 τὰς
661 1046 802 1099 κατὰ
850 1049 1010 1117 νόμον
1068 1053 1513 1122 προσφερομένας
1565 1054 1773 1119 θυσίας·

210 1135 267 1188 τὸ
296 1136 400 1207 γὰρ
427 1137 525 1206 τῆς
558 1137 794 1200 πίστεως
835 1139 994 1209 ῥῆμα
1040 1140 1217 1194 έκεῖνο
1267 1145 1499 1214 ἀναιρεῖ·
1536 1145 1630 1212 Μὴ
1666 1146 1776 1214 φά-

209 1243 370 1294 τομαι
396 1228 522 1297 γὰρ,
557 1229 741 1298 φησὶν,
768 1231 910 1296 κρέα
958 1232 1209 1298 ταύρων,
1248 1235 1346 1287 καὶ
1374 1232 1518 1305 αἷμα
1546 1238 1776 1306 τράγων

209 1320 400 1386 πίομαι
420 1336 439 1381 ;

279 1412 403 1477 Τοῖς
424 1413 614 1479 ἁγίοις
640 1413 764 1479 τοῖς
802 1414 871 1468 ἐν
895 1415 969 1485 τῇ
987 1416 1064 1486 γῆ
1102 1419 1287 1472 αὑτοῦ
1308 1421 1773 1489 ἐθαυμάστωσεν

207 1507 238 1556 ὁ
270 1504 477 1570 Κύριος
500 1503 695 1558 πάντα
746 1506 819 1559 τὰ
870 1508 1171 1576 θελήματα
1217 1513 1403 1566 αὐτοῦ
1452 1515 1521 1565 ἐν
1545 1516 1767 1580 αὐτοῖς.

215 1594 415 1661 Ἀγίους
437 1593 578 1649 εἷναί
619 1614 751 1667 φησι
798 1600 925 1662 τοὺς
972 1603 1339 1672 ήγιασμένους
1379 1606 1435 1657 ἐν
1471 1607 1768 1678 Πνεύματι·

203 1683 427 1754 Χριστοῦ
451 1685 506 1737 δὲ
534 1687 636 1756 γῆν
659 1688 754 1758 τὴν
771 1689 1112 1761 Ἐκκλησίαν·
1143 1694 1202 1745 τὸ
1224 1693 1278 1746 δὲ
1302 1696 1769 1764 ἐθαυμάστωσεν

202 1776 312 1827 ἀντὶ
345 1776 459 1840 τοῦ,
490 1778 762 1843 ἐδίδαξεν·
793 1781 854 1833 τὸ
886 1782 963 1844 δὲ,
1028 1786 1234 1849 αὑτοῦ,
1285 1786 1379 1840 τοῦ
1435 1790 1663 1860 Πατρός·
1702 1792 1766 1844 ἵν’

199 1864 228 1940 ᾖ
261 1869 318 1921 τὸ
346 1870 462 1924 ὅλον
495 1871 686 1934 οὕτως·
720 1872 841 1935 Τοῖς
866 1877 1217 1947 ἡγιασμένοις
1240 1881 1295 1931 ἐν
1324 1881 1497 1933 πίστει
1531 1884 1769 1949 γνωστὸν

198 1960 409 2030 ἐποίησε
438 1962 498 2013 τὸ
523 1962 735 2033 θέλημα
766 1965 860 2017 τοῦ
896 1968 1126 2039 Πατρός·
1155 1970 1234 2023 διὸ
1260 1973 1353 2024 καὶ
1392 1972 1630 2028 καλεῖται
1671 1979 1768 2047 τῆς

200 2053 428 2123 μεγάλης
461 2054 660 2125 βουλῆς
683 2056 929 2124 ἄγγελος.

259 2144 424 2216 [Τοῖς
442 2134 691 2216 ἀειῖαθοῖς
715 2151 785 2203 ἐν
816 2151 890 2219 τῇ
936 2152 1015 2220 γῇ
1042 2155 1507 2223 ἑϐαυμάστωσεν
1536 2162 1568 2212 ό
1601 2160 1763 2226 Θεός.

195 2234 308 2299 Τοῖς
330 2238 685 2307 ἡγιασμένοις
714 2243 772 2293 ὲν
802 2242 980 2295 πίστει
1020 2246 1257 2312 γνωστὸν
1304 2247 1525 2318 ἐποίησε
1565 2251 1624 2303 τὸ
1682 2250 1769 2306 θέ-

192 2325 331 2397 λημα
384 2329 477 2381 τοῦ
527 2331 767 2402 Πατρδς,
824 2334 895 2385 ἐν
936 2336 1162 2403 αὐτοῖς,
1192 2340 1304 2401 τοῖς
1333 2341 1390 2391 ἐν
1446 2344 1510 2412 τῇ
1546 2345 1614 2413 γῇ
1671 2326 1765 2396 τοῦ

191 2419 336 2483 Θεοῦ,
366 2422 480 2492 ἦτοι
504 2426 579 2494 τῇ
622 2424 936 2497 Ἐκκλησία·
960 2429 992 2499 ἦ
1015 2447 1176 2482 τινων
1198 2431 1305 2483 τῶν
1328 2434 1384 2485 ἐν
1414 2438 1479 2505 τῇ
1508 2435 1639 2506 ἁγίᾳ
1670 2438 1762 2506 γῇ,

190 2514 220 2581 ἢ
249 2515 342 2571 ὅτι.
371 2518 428 2568 ὲν
456 2518 679 2588 οὐρανῷ
713 2521 761 2571 οἱ
793 2520 937 2589 ἅγιοι
990 2523 1052 2575 τὸ
1091 2524 1392 2593 πολίτευμα
1421 2526 1655 2596 ἔχοντες,
1705 2529 1765 2582 ὲν

190 2607 249 2675 τῇ
276 2608 339 2676 γῇ
366 2607 530 2659 αὑτοῦ
576 2608 927 2679 διατρίϐουσι,
958 2612 1058 2665 κᾶν
1087 2615 1143 2666 ἐν
1188 2614 1361 2688 ταύτῃ
1409 2610 1541 2669 ὦσιν
1588 2618 1665 2671 ἔτι
1696 2622 1761 2691 τῇ

190 2698 273 2766 γῇ.
327 2698 648 2767 Θελήματα
690 2700 746 2753 δὲ
782 2700 917 2754 Θεοῦ
957 2705 1011 2755 αἱ
1075 2707 1196 2757 κατ’
1230 2704 1368 2770 εἶδος
1435 2708 1648 2780 ἀρεταὶ,
1698 2710 1763 2773 ἃς

190 2784 538 2857 θαυμαστοῖὸ
600 2789 731 2854 Θεὸς
788 2793 846 2843 ὲν
875 2796 987 2854 τοῖς
1036 2794 1214 2861 ἁγίοις
1262 2796 1449 2860 αὐτοῦ,
1508 2799 1668 2851 πλέον
1710 2818 1762 2853 τι

186 2880 375 2934 τούτων
420 2883 660 2953 ἑχόντων
718 2883 827 2936 τῶν
880 2885 1054 2939 ἄλλων
1085 2886 1388 2958 ἀνθρώπων
1428 2889 1486 2943 ὲν
1528 2891 1607 2960 τῷ
1640 2893 1760 2944 κατ’

184 2973 371 3045 ἀρετὴν
409 2976 678 3045 ἐνεργεῖν.
711 2978 785 3029 Οὐ
817 2978 922 3048 γὰρ
980 2981 1012 3048 ἡ
1044 2979 1180 3049 αὐτὴ
1208 2979 1428 3050 ἀνδρεία
1449 2983 1760 3038 ἀποστόλων

185 3064 270 3115 καὶ
295 3065 595 3136 μαρτύρων
622 3070 686 3137 τῇ
728 3067 836 3119 τῶν
886 3068 1060 3132 ἄλλως
1111 3070 1531 3142 ἀνδριζομένων,
1562 3075 1679 3128 οὐδὲ
1720 3080 1752 3148 ἡ
1784 3107 1823 3163 C

187 3157 491 3230 σωφροσύνη
536 3160 739 3230 Ἰωσὴφ
770 3162 909 3213 κατὰ
956 3162 1053 3225 τὰς
1087 3163 1308 3233 ἐτέρων.
1355 3165 1540 3231 Οὕτως
1568 3168 1623 3221 δέ
1668 3188 1753 3233 τις

186 3245 588 3317 θαυμαστωθεὶς
641 3252 954 3305 αἰσθάνεται
992 3255 1089 3325 τῆς
1142 3254 1275 3319 ἰδίας
1335 3258 1635 3323 ἀσθενείας,
1678 3263 1753 3325 ὡς

184 3340 305 3392 πολὺ
324 3341 418 3412 τῆς
448 3342 606 3405 θείας
636 3343 814 3414 ἰσχύος
845 3346 938 3397 καὶ
979 3345 1071 3398 τοῦ
1116 3348 1379 3417 μεγέθους
1420 3351 1754 3422 ἁπολιτεόμε-

185 3449 278 3495 νος.
313 3435 476 3490 Ὅταν
510 3436 627 3507 γὰρ
675 3436 1048 3508 πληθυνθῶσιν
1104 3441 1159 3491 αἱ
1206 3441 1478 3497 ἀσθένειαι
1525 3446 1632 3497 τῶν
1678 3447 1752 3500 διδ

183 3526 356 3593 καίων,
380 3528 679 3599 ταχύνουσι
710 3528 844 3600 πρὸς
870 3530 961 3583 τὸν
986 3530 1117 3583 Θεὸν
1143 3532 1573 3607 μετανοοῦντες.]

252 3706 762 3775 Ἐπληθύνθησαν
792 3712 851 3763 al
883 3710 1185 3767 ἀσθένειαι
1217 3714 1438 3768 αὐτῶν·
1472 3714 1560 3768 ὅτε
1596 3715 1750 3769 εἰδω-

178 3794 471 3867 λολάτρουν.
508 3802 680 3853 Μετὰ
704 3799 888 3853 ταῦτα
938 3803 1261 3872 ἐτάχυναν.
1310 3806 1429 3859 Κᾶν
1463 3807 1744 3877 ἠσθένουν,

180 3889 320 3957 φησὶ,
380 3888 441 3942 τὸ
494 3889 769 3962 πρότερον
814 3893 872 3943 ἐν
904 3893 1203 3964 ἁμαρτίαις
1252 3895 1422 3962 ὄντες,
1480 3897 1595 3951 ἀλλ’
1655 3896 1748 3955 οὖν

176 3980 491 4045 ἀκούσαντες
546 3984 647 4036 τοῦ
713 3984 1104 4055 κηρύγματος,
1156 3988 1346 4051 ὠκέως
1403 3990 1741 4061 ὑπήκουσαν.

176 4076 331 4130 Τοῦτο
350 4079 457 4149 γάρ
490 4081 616 4132 ἐστι
643 4080 721 4132 τό·
752 4079 1081 4149 Ἐτὰχυναν
1103 4084 1256 4151 μετὰ
1274 4084 1479 4149 ταῦτα,
1503 4086 1744 4157 δηλονότι

175 4170 246 4231 εἰς
270 4171 327 4222 τὸ
359 4170 673 4225 ὑπακοῦσαι
719 4172 795 4242 τῷ
842 4175 1174 4244 κηρύγματι.
1232 4179 1313 4229 Οὐ
1359 4175 1445 4245 μὴ
1502 4180 1744 4246 συνάγω

174 4263 269 4327 τὰς
298 4266 655 4334 συναγωγὰς
680 4266 879 4319 αὐτῶν
901 4268 970 4331 ἐξ
990 4267 1268 4336 αἱμάτων.
1285 4270 1557 4338 Συνάγων,
1587 4273 1740 4342 φησὶ,

174 4356 475 4423 συναγωγὰς
530 4360 600 4409 ὲκ
668 4356 774 4409 τῶν
822 4356 1011 4422 ἐθνῶν,
1067 4360 1127 4411 οὐ
1184 4359 1249 4411 δι’
1282 4361 1527 4431 αἱμάτων
1572 4364 1740 4427 αὑτὰς

1888 503 2007 557 ideo
2037 504 2159 573 jure
2186 521 2250 560 ac
2282 507 2477 562 merito
2512 509 2578 563 ad
2608 509 2730 579 ejus
2761 526 3051 580 personam
3086 515 3376 572 referatur.

1954 680 2006 732 2.
2068 680 2196 735 Ι)ίωί
2243 683 2491 750 Domino,
2537 686 2682 741 Deus
2724 707 2868 743 meus
2903 709 2956 744 es
2985 701 3060 745 tu.
3098 692 3335 749 Rursum
3373 697 3455 752 hic

1886 772 2188 825 secundum
2233 774 2375 828 servi
2410 775 2643 831 formam
2669 780 2922 834 obsecrat
2953 800 2964 835 :
2995 784 3322 853 exliihetque
3352 802 3456 839 una

1877 860 2147 928 justitiam
2181 879 2303 933 qua:
2352 867 2403 919 in
2438 869 2541 922 title
2576 884 2673 938 per
2704 866 3109 927 confessionem
3144 885 3454 943 praestatur.

1883 950 2141 1015 Quoniam
2162 954 2415 1009 bonorum
2429 974 2659 1013 meorum
2674 978 2773 1014 non
2792 979 2927 1032 eges.
2946 962 3104 1019 Hisce
3120 969 3297 1022 verbis
3313 970 3457 1023 bona

1879 1040 1955 1093 ait
1977 1056 2097 1095 esse
2140 1044 2407 1099 sacriﬁcia
2432 1047 2587 1115 juxta
2632 1050 2802 1119 legem
2831 1053 3011 1108 oblata
3044 1072 3200 1124 :quae
3230 1060 3456 1113 verbum

1880 1130 2003 1183 ﬁdei
2042 1132 2307 1188 eliminat.
2357 1135 2614 1208 Nunquid
2660 1144 2990 1198 manducabo
3040 1149 3199 1212 enim,
3254 1150 3454 1220 inquit,

1878 1238 2065 1277 carnes
2092 1234 2366 1279 taurorum
2387 1268 2402 1293 ,
2446 1240 2494 1282 et
2527 1236 2839 1301 sanguinem
2866 1236 3132 1292 hircorum
3157 1242 3347 1309 potabo
3374 1243 3458 1296 "‘?

1946 1428 1996 1481 5.
2033 1427 2243 1484 Sanctis
2276 1434 2365 1500 qui
2389 1444 2511 1487 sunt
2551 1437 2601 1488 in
2633 1447 2774 1492 terra
2801 1439 2912 1507 ejus
2942 1443 3245 1511 miriﬁcavit
3278 1463 3452 1499 omnes

1873 1520 2165 1574 voluntates
2201 1524 2315 1591 ejus
2346 1526 2399 1578 in
2428 1528 2523 1580 eis.
2572 1527 2803 1586 Sa'nctos
2844 1534 2920 1587 ait
2949 1550 3043 1588 eos
3076 1536 3166 1603 qui
3213 1538 3454 1592 sanctiﬁ-

1873 1612 1979 1664 cati
2008 1622 2133 1667 sunt
2157 1615 2209 1668 in
2241 1615 2481 1686 Spiritu:
2520 1620 2723 1677 Citri‘sti
2758 1634 2961 1680 terram
2986 1667 3000 1691 ,
3036 1627 3336 1684 Ecclesiam
3370 1632 3454 1685 di-

1872 1704 1944 1757 cit
1973 1724 1983 1757 :
2018 1707 2170 1771 illud,
2222 1709 2563 1777 miriﬁcavit,
2599 1728 2698 1781 pro
2727 1713 2935 1783 docuit,
2970 1717 3155 1785 jacet:
3187 1720 3318 1774 illud
3354 1737 3453 1776 au-

1876 1805 2004 1860 tem,
2035 1799 2173 1867 ejus,
2217 1802 2270 1853 id
2308 1811 2393 1856 est
2424 1802 2637 1869 Patris;
2672 1816 2730 1860 ut
2751 1816 2863 1861 tota
2897 1813 3165 1866 sententia
3195 1814 3274 1869 sic
3302 1815 3452 1870 intel-

1875 1889 2108 1955 ligatur:
2140 1891 2509 1950 Sanctiﬁcatis
2536 1888 2601 1950 in'
2622 1897 2725 1951 ﬁde
2759 1910 2944 1955 notam
2990 1902 3119 1958 fecit
3147 1903 3326 1960 Patris
3357 1923 3451 1961 vo-

1871 1981 2137 2037 luntatem
2168 2003 2181 2038 :
2220 2001 2388 2055 quare
2416 2002 2642 2044 vocatur
2676 1994 2859 2063 magni
2888 1997 3357 2067 consiliiAngelus
3376 2001 3443 2052 ".

1943 2158 2179 2231 [Sanctis
2204 2162 2259 2215 in
2285 2170 2424 2216 terra
2458 2166 2762 2234 miriﬁcavit
2792 2166 2949 2222 Deus.
2989 2168 3355 2227 Sanctiﬁcatis
3388 2174 3443 2228 in

1868 2252 1971 2306 ﬁde
2005 2262 2188 2307 notam
2227 2254 2357 2309 fecit
2383 2257 2720 2313 voluntatem
2759 2258 2940 2316 Patris
2967 2304 2980 2327 ,
3022 2264 3075 2316 in
3108 2265 3183 2317 eis
3216 2266 3443 2331 scilicet,

1869 2347 1959 2415 qui
1994 2347 2045 2400 in
2084 2357 2225 2402 terra
2259 2348 2372 2415 Dei,
2400 2350 2512 2404 sive
2539 2352 2591 2404 in
2616 2350 2857 2407 Ecclesia
2881 2364 3065 2419 erant;
3111 2366 3226 2422 aut,
3252 2359 3446 2428 aliqui-

1867 2438 1969 2493 bus
2003 2439 2055 2493 in
2097 2448 2237 2495 terra
2273 2449 2459 2496 sancta
2492 2444 2868 2511 versantibus;
2905 2454 2999 2500 aut
3027 2448 3157 2515 quia
3190 2453 3362 2504 sancti
3389 2452 3443 2505 in

1867 2530 2006 2584 caelo
2033 2533 2508 2586 conversationem
2548 2533 2813 2589 habentes
2833 2534 2901 2601 ⁸³,
2938 2538 2992 2589 in
3026 2547 3169 2591 terra
3202 2539 3322 2607 ejus
3351 2539 3445 2594 de-

1866 2633 2000 2692 gunt
2021 2666 2035 2689 ,
2068 2625 2170 2678 etsi
2202 2625 2383 2680 adhuc
2411 2626 2464 2679 in
2510 2626 2612 2680 hac
2641 2635 2785 2681 terra
2816 2638 3125 2682 versentur.
3194 2630 3447 2685 Voluntao

1866 2721 1941 2765 tes
1985 2722 2166 2768 autem
2199 2714 2293 2768 Dei
2341 2727 2470 2770 sunt
2513 2718 2747 2772 virtutes
2798 2719 3178 2790 cujuscunque
3219 2724 3442 2791 speciei,

1863 2820 1999 2873 quas
2031 2806 2285 2862 miriﬁcat
2313 2807 2456 2863 Deus
2486 2809 2540 2863 in
2571 2812 2774 2866 sanctis
2799 2812 2938 2873 suis,
2971 2813 3087 2882 qui,
3127 2814 3250 2882 plus
3277 2829 3442 2883 quam

1863 2896 1957 2950 alii
1993 2897 2278 2962 homines,
2332 2900 2385 2953 in
2428 2902 2730 2956 exercenda
2777 2904 2979 2958 virtute
3030 2905 3303 2962 facultatis
3346 2909 3445 2961 ha-

1861 2987 2006 3042 bent.
2060 2987 2179 3043 Non
2212 2992 2360 3048 enim
2398 2994 2585 3047 eadem
2630 2994 2895 3050 fortitudo
2950 2998 3326 3066 apostolorum
3384 3008 3439 3053 et

1862 3090 2160 3152 martyrum
2190 3092 2303 3150 est,
2344 3100 2408 3138 ac
2444 3085 2536 3138 illa
2566 3102 2671 3155 qua
2721 3088 2812 3140 alii
2859 3088 2968 3143 alio
3014 3090 3179 3143 modo
3212 3091 3442 3146 viriliter

1857 3182 2042 3241 agunt,
2078 3189 2253 3243 neque
2289 3176 2628 3231 continentia
2658 3176 2917 3247 Josephi,
2960 3180 3195 3235 aliorum
3239 3184 3439 3240 similis

1855 3273 1958 3319 est.
1995 3266 2172 3333 Atque
2219 3268 2293 3321 ita
2331 3269 2603 3338 quispiam
2642 3269 2968 3327 mii’iﬁcatus
3001 3275 3278 3343 prepriam
3314 3293 3439 3330 sen-

1854 3356 1919 3410 tit
1968 3357 2377 3424 inlirmitatem,
2429 3371 2488 3415 ut
2517 3362 2716 3417 divinae
2742 3365 2934 3418 virtuti
2973 3374 3027 3419 et
3071 3370 3436 3439 magnitudini

1851 3449 2151 3518 plurimum
2184 3451 2433 3507 inferior.
2466 3452 2605 3507 Cum
2637 3456 2784 3510 enim
2824 3460 3204 3529 multiplicata!
3232 3463 3436 3521 fuerint

1852 3539 2197 3596 inﬁrmitates
2223 3542 2524 3610 justorum,
2551 3547 2821 3603 accedunt
2847 3549 2924 3603 illi
2956 3551 3023 3604 ad
3050 3550 3225 3608 Deum
3252 3558 3432 3625 posui—

1853 3634 2017 3687 tentia
2043 3633 2223 3706 moti.]

1918 3724 1966 3777 4.
1998 3724 2374 3795 Multiplicata:
2396 3738 2521 3781 sunt
2543 3730 2882 3800 inﬁrmitates
2908 3753 3112 3805 eorum,
3134 3757 3256 3797 cum
3286 3743 3430 3801 idola

1849 3816 2105 3871 colerent.
2144 3817 2340 3872 Postea
2370 3822 2814 3878 acceleraverunt.
2858 3827 3153 3898 Quamvis,
3186 3837 3292 3898 ait,
3325 3853 3427 3890 an-

1848 3915 1929 3959 tea
1962 3906 2407 3972 inﬁrmarcntur,
2468 3926 2592 3965 cum
2644 3913 2701 3965 in
2751 3920 2990 3983 pecc’alis
3038 3922 3335 3992 degerent,
3372 3938 3427 3982 at

1851 3997 2032 4050 audita
2066 3998 2480 4067 praedicatione,
2514 4004 2919 4070 quamprimum
2957 4009 3419 4080 obtemperarunt.

1845 4085 1983 4140 Nam
2017 4088 2067 4142 id
2093 4089 2193 4142 sibi
2221 4090 2334 4143 vult
2360 4090 2488 4143 illud
2524 4109 2536 4143 :
2571 4090 2766 4145 Postea
2785 4096 3204 4153 acceleraverunt
3224 4144 3237 4165 ,
3275 4105 3423 4157 vide-

1845 4179 1972 4233 licet
2000 4180 2217 4248 quando
2254 4180 2624 4248 praedicationi
2655 4193 2783 4237 sunt
2812 4187 3085 4242 obsecuti.
3133 4190 3259 4246 Non
3295 4210 3423 4248 con-

1844 4272 2066 4341 gregabo
2092 4274 2444 4326 conventicula
2469 4290 2647 4327 eorum
2667 4277 2729 4329 de
2755 4280 3123 4347 sanguinibus.
3151 4281 3252 4337 Ubi
3288 4302 3420 4339 con-

1845 4361 2102 4429 gregaho,
2144 4361 2351 4431 inquit,
2402 4362 2718 4434 Synagogas
2751 4383 2814 4420 ex
2850 4370 3134 4437 gentibus,
3180 4390 3285 4425 non
3325 4392 3421 4444 per

175 4446 387 4511 συνάξω,
416 4448 697 4501 τουτέστιν
724 4449 783 4500 οὐ
815 4450 1221 4519 παρασκευάσω
1252 4452 1339 4505 διὰ
1378 4454 1477 4523 τῆς
1504 4457 1737 4525 νομικῆς

1864 4454 2163 4520 ιιιιιςιιὶιιριη
2205 4469 2299 4507 eas
2332 4457 2708 4525 congregabo,
2758 4458 2809 4510 id
2844 4468 2947 4523 est,
2981 4476 3087 4514 non
3119 4464 3326 4518 curabo
3364 4477 3420 4521 ut
3450 4474 3453 4477 ’

174 4552 254 4603 μοι
280 4540 678 4610 προσέρχεσθαι
729 4541 1004 4612 λατρείας,
1053 4543 1121 4595 δι’
1152 4546 1418 4608 αἰνέσεως
1451 4546 1508 4598 δὲ
1539 4548 1737 4616 μᾶλλον

170 4628 255 4678 καὶ
285 4632 378 4698 τῆς
408 4631 749 4701 ἀναιμάκτου
773 4633 981 4697 Θυσίας.
1042 4634 1193 4688 Οὐδὲ
1215 4636 1301 4703 μὴ
1342 4638 1593 4705 μνησθῶ
1620 4639 1739 4693 τῶν

170 4717 459 4787 ὀνομάτων
502 4723 703 4777 uocor
762 4724 859 4778 διὰ
910 4726 1159 4794 χειλέων
1215 4747 1350 4796 μου.
1380 4731 1575 4783 Οὐκέτι
1606 4732 1737 4802 κλη-

170 4808 428 4881 θήσονται,
450 4819 638 4886 φησὶν,
656 4816 1035 4888 εἰδωλολάτραι
1069 4820 1163 4872 καὶ
1188 4820 1354 4886 ἄθεοι,
1379 4822 1514 4875 ἀλλὰ
1546 4824 1734 4894 κλητοὶ

167 4904 251 4956 καὶ
280 4906 538 4961 ἐκλεκτοί.
570 4908 747 4961 Πάλαι
776 4909 892 4978 μὲν,
943 4911 1127 4981 φησὶν,
1182 4912 1411 4978 ἑπαξίας
1448 4914 1557 4967 τῶν
1586 4916 1730 4986 πρά-

168 4996 288 5060 ξεων
316 5003 580 5073 ἐπήγοντο
620 5006 1009 5076 προσηγορίας,
1040 5005 1438 5079 εἰδωλολάτραι,
1472 5009 1724 5062 πολύθεοι

163 5090 556 5164 ὀνομαζόμενοι·
588 5095 682 5147 νῦν
709 5096 766 5148 δὲ
787 5097 968 5149 οὐκέτι
996 5097 1377 5169 μνησθήσομαι
1403 5100 1511 5153 τῶν
1532 5101 1730 5171 ὀνομά-

162 5198 259 5236 των
280 5186 520 5249 ἐκείνων,
555 5187 795 5251 εὐσεϐεῖς
845 5190 1042 5253 αὐτοὺς
1100 5192 1191 5243 καὶ
1254 5191 1439 5259 ἁγίους
1493 5194 1725 5259 κλτιτοὺς

162 5275 244 5328 καὶ
271 5277 555 5341 ἐκλεκτοὺς
580 5279 879 5351 ὀνομάζων.

198 5386 239 5417 ⁸⁸
265 5387 405 5443 Psal.
425 5408 576 5453 xux,
606 5392 689 5447 15.
770 5395 814 5425 ⁸⁵
835 5392 1031 5456 lsa.tx,
1060 5393 1112 5447 6.
1165 5395 1212 5425 ⁹⁶
1247 5393 1479 5463 Philipp.
1514 5412 1609 5462 ιιι,
1629 5396 1718 5450 20.

226 5504 296 5571 (ι)
332 5504 386 5558 In
425 5507 613 5560 codice
641 5507 1231 5588 Ambr_osiano_legitur
1253 5508 1358 5588 ¹καὶ
1393 5508 1551 5588 τοῦτο
1578 5508 1720 5588 ’πρέ-

148 5586 363 5648 ιπωνηει
394 5578 512 5631 ὴᾶὲίῖ
538 5586 621 5631 est
647 5594 771 5631 vera
805 5578 965 5632 lectio
998 5579 1127 5631 dum
1160 5578 1388 5648 πρέπων
1413 5578 1718 5633 substitua-

163 5646 409 5718 t_utj.,hlox
457 5662 561 5718 pro
594 5648 939 5718 δικαιοσύνην
984 5646 1385 5703 Αιιιιιιζιιεὺυι
1410 5648 1712 5703 δικαίωσιν.

163 5708 421 5780 Totusque
452 5708 609 5773 locus
632 5708 933 5776 secundum
966 5720 1106 5774 hanc
1155 5719 1445 5774 lectionem
1479 5720 1550 5774 ita
1588 5736 1712 5775 vcr-

1840 4556 1933 4608 per
1965 4541 2187 4610 legalem
2225 4543 2429 4596 cultum
2470 4560 2553 4595 me
2588 4545 2818 4609 adeant,
2876 4563 3063 4602 verum
3100 4553 3284 4619 potius
3324 4571 3419 4624 per

1839 4632 2024 4686 laudes
2057 4642 2111 4685 et
2156 4649 2252 4702 per
2286 4634 2629 4688 incruentum
2664 4639 3016 4695 sacrilicium.
3073 4641 3186 4697 Nec
3220 4664 3418 4703 memor

1836 4740 1923 4776 ero
1954 4726 2223 4777 nominum
2253 4742 2431 4778 eorum
2452 4742 2545 4794 per
2567 4728 2709 4781 labia
2740 4748 2874 4784 mea.
2913 4731 3030 4788 Non
3056 4736 3196 4790 ultra
3229 4742 3414 4810 appel-

1837 4816 2115 4883 labuntur,
2150 4819 2356 4887 inquit,
2394 4820 2690 4877 idololatrae
2721 4833 2774 4877 et
2811 4826 2956 4879 athei
2979 4867 2992 4890 ,
3029 4830 3123 4883 sed
3157 4835 3334 4888 vocati
3360 4845 3413 4889 et

1834 4909 2011 4963 electi.
2040 4908 2204 4972 Olim,
2237 4912 2563 4981 condignam
2595 4918 2762 4984 gestis
2793 4918 2909 4971 suis
2936 4923 3408 4979 nomenclaturam

1832 5003 1973 5055 nacti
2003 5011 2149 5069 sunt,
2176 5004 2475 5058 idololatrae
2508 5016 2561 5059 et
2584 5007 2846 5078 polythei,
2884 5010 2939 5065 id
2959 5021 3061 5079 est,
3090 5016 3293 5070 multos
3319 5034 3411 5071 co-

1830 5092 2004 5148 lentes
2033 5095 2187 5157 deos,
2215 5097 2534 5165 nuncupati.
2598 5096 2718 5153 Jam
2745 5117 2875 5155 vero
2906 5117 3015 5156 non
3046 5106 3277 5161 ulterius
3313 5125 3411 5161 no-

1829 5185 2037 5257 minum
2070 5201 2259 5240 eorum
2293 5190 2657 5256 recordabor,
2704 5193 2795 5247 sed
2824 5194 2966 5263 pios,
3018 5207 3258 5259 sanctos,
3310 5216 3407 5253 vo-

1827 5284 2002 5341 catos,
2036 5276 2239 5330 electos
2270 5279 2632 5348 compellabo.

1825 5510 2018 5565 lendus
2045 5530 2056 5564 :
2086 5510 2472 5600 Burspumahoc
2501 5519 2636 5571 servi
2677 5519 2903 5600 [orntum
2934 5522 3077 5569 decet
3105 5560 3141 5600 ,η
3159 5519 3398 5600 exhibet-

1820 5598 2051 5706 qzeiuna
2069 5583 2511 5653 justiﬁcationem
2531 5604 2649 5658 qua:
2677 5583 2731 5642 in
2763 5589 2867 5656 ﬁde
2893 5605 2984 5657 per
3012 5590 3394 5657 confessionem

1821 5669 1849 5705 ο
1889 5661 1905 5704 t
1932 5662 2105 5707 netur.
