3874 6218
445 268 548 321 105

1289 266 1350 322 S.
1394 264 1771 323 ATHANASII
1809 264 1962 322 OPP.
1999 263 2183 319 PARS
2221 263 2310 320 Ill.
2347 295 2418 308 --
2448 262 2865 322 EXEGETICA.

3596 267 3700 324 104

517 383 919 456 [Μαίιὶριίσαιω
939 397 1062 441 sunt
1087 389 1429 458 inﬁrmitates
1459 406 1662 446 eorum.
1703 389 1839 444 Cum
1865 389 2008 444 idola
2037 437 2040 448 .

2183 386 2732 460 [Ἐπληθύνθησαν
2787 388 2849 439 αἱ
2910 383 3216 439 ἀσθένειαι
3266 379 3484 437 αὐτῶν.
3561 381 3696 436 Ὅτε

444 483 687 532 colerem
716 476 818 550 ('2).
847 478 1083 534 'Etiamsi
1110 496 1243 535 vero
1268 482 1716 551 multiplicemur,
1754 497 1860 536 non
1895 495 2016 550 per-

447 582 698 622 severant
729 589 744 623 :
786 586 910 624 nam
946 587 1120 640 usque
1147 573 1214 626 ad
1243 573 1475 640 primum
1517 587 1736 625 sensum
1771 581 1825 625 ct
1851 587 2016 640 expe-

445 661 740 715 rimentum
784 663 1051 717 duntaxat
1082 673 1434 733 permanent;
1479 665 1610 733 quia
1648 664 1782 732 justi
1808 664 2017 718 viribus

444 752 628 806 valent
673 753 726 804 in
776 753 996 808 Christo
1042 753 1406 807 confortante.
1476 758 1583 806 Aut
1637 754 1704 807 de
1753 753 2018 822 apostolis

441 857 606 911 agere
633 841 867 907 videtur,
909 860 1122 898 necnon
1156 845 1222 898 de
1258 845 1324 898 iis
1347 844 1440 914 qui
1477 860 1667 898 eorum
1696 859 1860 912 opera
1893 859 2016 898 cre-

444 934 734 1000 diderunt;
777 936 831 988 in
869 937 1068 1006 quibus
1100 939 1396 1006 conspicua
1448 937 1671 991 luerunt
1697 936 1880 990 divina
1911 934 2016 988 ini-

442 1029 649 1088 racula.
685 1037 866 1096 utpote
898 1030 991 1098 qui
1027 1031 1210 1084 divina
1248 1031 1435 1084 omnia
1469 1039 1734 1100 praecepta
1762 1042 2018 1082 servave-

441 1118 574 1171 rint.
636 1117 1011 1186 Multiplicata:
1063 1133 1243 1174 autem
1285 1132 1406 1175 sunt
1454 1122 1793 1190 inﬁrmitates
1815 1135 2018 1183 eorum,

441 1219 555 1273 aut,
590 1220 646 1264 ut
669 1211 777 1264 alio
809 1213 972 1266 modo
1014 1213 1238 1282 legitur,
1271 1212 1477 1266 labores
1499 1253 1515 1276 ,
1554 1213 1740 1266 multis
1768 1209 2019 1265 instanti-

443 1301 546 1356 bus
578 1303 812 1371 papillis,
845 1305 1158 1358 oratoribus
1180 1346 1195 1370 ,
1229 1304 1488 1366 ducibus,
1530 1304 1783 1373 regibus,
1821 1302 2020 1370 quibus

440 1395 712 1460 superatis
747 1396 1041 1456 omnibus,
1085 1411 1306 1450 cursum
1341 1395 1695 1450 confecerunt
1728 1413 1740 1448 :
1777 1395 1862 1448 vel
1895 1395 2020 1447 bre-

440 1483 580 1536 vitas
615 1491 670 1536 et
714 1484 1043 1552 temporaria
1074 1485 1314 1538 conditio
1350 1485 1805 1550 tribulationum,
1842 1481 2022 1535 inlini-

2115 475 2550 548 εἰδωλολάτρουν.
2577 478 2640 530 Εἰ
2667 477 2762 530 καὶ
2789 473 3168 545 πληθύνονται,
3197 474 3260 526 οὐ
3294 471 3695 546 παραμένουσι·

2119 567 2278 638 μέχρι
2297 567 2404 638 γάρ
2435 568 2743 639 αἰσθήσεως
2763 567 2857 619 καὶ
2894 566 3051 636 μόνον
3082 560 3224 634 εἶχον
3252 561 3697 635 παραμενοὺσας,

2115 658 2204 712 διὰ
2234 659 2296 711 τὸ
2322 658 2526 731 ἰσχύειν
2575 659 2652 730 τῷ
2701 657 3083 726 ἐνδυναμοῦντι
3138 655 3378 726 Χριστῷ.
3443 655 3516 707 Ἥ
3568 654 3699 715 τοὺς

2116 749 2444 814 ἀποστόλους
2475 750 2617 803 ἔοικε
2667 749 2868 818 λέγειν,
2922 749 3018 802 καὶ
3060 748 3186 810 τοὺς
3239 747 3305 800 δι’
3339 747 3562 800 ἐκείνων
3599 762 3699 797 πε·-

2118 841 2498 904 πιστευκότας,
2547 843 2604 893 ἐν
2651 835 2730 903 οἷς
2785 841 2880 893 καὶ
2934 838 3166 909 διαφανῆ
3216 838 3407 906 γέγονε
3459 837 3528 890 τὰ
3576 837 3700 891 θεῖα

2119 927 2418 999 θαυμάσια,
2447 930 2522 994 ὡς
2545 931 2723 984 πάντα
2748 931 3074 1001 τετηρηκόσι
3096 929 3164 982 τά
3196 929 3314 981 θεῖα
3345 928 3700 999 προστάγμα-

2118 1037 2206 1073 τα.
2252 1020 2692 1092 Ἐπληθύνθησαν
2739 1021 2796 1073 δέ
2845 1021 3025 1074 αὐτῶν
3091 1022 3146 1073 αἱ
3181 1019 3474 1085 ἀσθένειαι,
3521 1019 3555 1089 ἢ
3624 1020 3702 1083 ὡς

2120 1112 2345 1182 ἑτέρως,
2402 1114 2472 1166 τὰ
2522 1111 2954 1181 διαπονήματα,
3005 1112 3217 1166 πολλῶν
3274 1113 3701 1166 ἐπαναστάντων

2118 1201 2323 1272 δήμων,
2349 1203 2698 1274 δημηγορῶν,
2755 1203 3096 1275 στρατηγῶν,
3126 1203 3409 1274 βασιλέων,
3450 1198 3526 1258 ὧν
3559 1204 3700 1257 πάν-

2119 1309 2226 1345 των
2258 1296 2691 1364 περιγενόμενοι,
2718 1296 2808 1348 τὸν
2839 1295 3036 1366 δρόμον
3065 1296 3339 1348 ἐτέλεσαν·
3371 1295 3403 1366 ἢ
3438 1295 3498 1347 τὸ
3524 1295 3701 1368 βραχῦ

2122 1383 2214 1435 καὶ
2245 1383 2578 1455 πρόσκαιρον
2639 1385 2747 1438 τῶν
2799 1385 3049 1454 θλίψεων,
3111 1385 3203 1438 τὸν
3254 1385 3478 1456 ἄπειρον
3527 1379 3704 1441 αἰῶνα

2120 1472 2410 1526 δείκνυσιν.
2446 1478 2528 1528 Οὐ
2580 1474 2666 1544 μὴ
2717 1475 3090 1545 συναγωγάς.
3159 1477 3444 1546 Ἐτάχυνον
3511 1479 3591 1540 είς
3641 1477 3704 1530 τὸ

440 1586 555 1630 tum
591 1575 850 1628 steculum
895 1575 1187 1642 signiﬁcat.
1239 1575 1362 1629 Non
1403 1575 1726 1646 congregabo
1757 1573 2024 1627 conventi-

2131 1565 2427 1620 ὑπακοῦσαι
2481 1567 2558 1638 τῷ
2597 1567 2929 1638 κηρύγματα
2995 1569 3266 1640 καθαροὺς
3299 1564 3440 1622 εἶναι
3485 1568 3566 1622 δεῖ
3591 1568 3702 1622 ἀπὺ

442 1665 584 1718 cula.
615 1665 1070 1718 Aeceleraverunt
1097 1667 1162 1719 ad
1187 1667 1595 1736 obsequendum
1614 1663 2017 1734 praedicationi:

2131 1657 2299 1726 φόνων
2337 1659 2430 1711 καὶ
2457 1659 2704 1728 αἱμάτων
2735 1659 2858 1724 τοὺς
2896 1660 3185 1728 μέλλοντας
3223 1659 3547 1730 συνάγεσθαι
3594 1659 3704 1713 ὑπὸ

443 1765 656 1826 oportet
677 1772 704 1809 a
727 1757 967 1810 caulibus
998 1766 1052 1810 ct
1085 1758 1352 1827 sanguine
1376 1757 1609 1810 mundos
1649 1770 1772 1810 esse
1799 1769 1895 1809 eos
1927 1754 2019 1822 qui

2131 1749 2378 1822 Χριστοῦ.
2414 1751 2687 1820 Συνάγων,
2718 1753 2870 1823 φησὶ,
2923 1740 3242 1820 συναγωγὰς
3273 1753 3338 1805 ἐκ
3366 1751 3473 1805 τῶν
3504 1751 3700 1817 ἐθνῶν,

445 1865 476 1903 a
509 1849 726 1903 Christo
751 1849 1117 1919 congregandi
1159 1858 1307 1903 sunt.
1349 1848 1747 1902 Couventicula
1768 1890 1782 1914 ,
1815 1847 2015 1917 inquit,

2131 1841 2180 1892 ιύ
2213 1840 2280 1892 δι’
2312 1842 2558 1912 αἱμάτων
2615 1843 2784 1906 αὑτὰς
2832 1843 3067 1910 συνάξω,
3123 1845 3244 1898 οὐδὲ
3295 1845 3704 1916 παρασκευάσω

444 1956 509 1994 ex
548 1939 799 2008 gentibus
820 1981 832 1999 .
881 1956 988 1992 non
1024 1956 1120 2010 per
1157 1941 1477 2010 sanguinem
1507 1949 1560 1994 et
1592 1941 1766 1994 caedes
1792 1953 2024 2008 congre-

2131 1931 2207 1985 Βιὰ
2233 1932 2331 2002 τῆς
2351 1934 2577 2004 νομικῆς
2611 1951 2699 2002 μοι
2723 1936 3119 2006 προσέρχεσθαι
3147 1935 3422 2005 λατρείας,
3441 1935 3704 2000 αἰνέσεως

446 2033 617 2102 gabo,‘
670 2047 847 2098 neque
893 2033 1100 2085 curabo
1145 2044 1203 2085 ut
1253 2031 1410 2094 legali
1449 2031 1598 2085 cultu
1635 2029 1926 2085 accedatur
1954 2029 2024 2083 ad

445 2138 556 2189 me,
593 2124 688 2176 sed
735 2125 920 2192 potius
973 2139 1096 2178 cum
1135 2123 1388 2178 laudibus
1431 2139 1495 2179 ac
1542 2139 1634 2194 per
1673 2124 2021 2178 incruentum

445 2215 826 2288 sacrificium]

520 2311 574 2365 5.
622 2309 878 2362 Dominus
912 2325 1034 2377 pars
1079 2308 1406 2362 lia'reditatis
1443 2323 1571 2362 mea:
1601 2315 1650 2360 et
1684 2305 1869 2359 calicis
1900 2305 2020 2370 mei,

443 2408 550 2456 etc.
580 2400 658 2452 Ac
703 2399 748 2454 si
795 2400 1035 2468 apertius
1065 2399 1306 2462 diceret,
1353 2397 1514 2452 Pater
1555 2414 1708 2452 meus
1738 2398 1789 2450 in
1822 2406 2022 2449 sortem

445 2491 580 2544 mihi
621 2501 674 2544 et
709 2493 1014 2560 portionem
1041 2501 1227 2560 gentes
1253 2491 1498 2553 donavit,
1542 2489 1629 2543 cui
1657 2487 1916 2542 ubediens
1949 2488 2023 2539 lui

444 2582 702 2650 usquead
735 2592 982 2635 mortem.
1018 2581 1168 2634 Calix
1198 2596 1432 2647 namque
1467 2589 1698 2632 n'iortem
1728 2578 2020 2644 signiﬁcat,

414 2670 597 2740 juxta
642 2671 810 2724 illud:
849 2670 1047 2734 Pater,
1083 2671 1128 2723 si
1169 2669 1420 2738 possibile
1450 2677 1561 2734 est,
1601 2675 1836 2720 transeat
1883 2681 1916 2717 a
1947 2679 2025 2716 me

442 2763 590 2818 calix
621 2763 720 2815 iste
739 2763 805 2814 ’7.

517 2934 800 3008 [Dominus
823 2953 946 3005 pars
978 2936 1304 2989 [imreditatis
1325 2951 1451 2989 mea:
1472 2944 1520 2988 et
1546 2935 1730 2988 calicis
1753 2938 1870 2990 mei.
1907 2936 2026 2992 Hie-

445 3029 732 3088 rctlitatem
765 3036 920 3081 vocat
949 3029 1186 3096 gentium
1231 3043 1475 3096 regnum.
1515 3026 1788 3093 Ecclesiae,
1826 3029 2020 3100 inquit,

448 3133 604 3180 meae,
645 3131 870 3188 quaeest
910 3121 1194 3174 hwreditas
1227 3135 1375 3183 mea,
1429 3120 1606 3188 portio
1642 3132 1725 3174 est
1760 3120 2022 3178 Dominus

445 3207 629 3272 Pater,
661 3213 888 3280 ipseque
935 3213 1120 3266 calicis
1145 3213 1249 3264 mei
1281 3226 1409 3281 pars
1433 3223 1551 3278 est,
1587 3212 1637 3266 id
1677 3221 1760 3266 cst
1807 3215 2016 3268 mortis.

443 3299 686 3358 Ecclesia
716 3319 842 3358 vero
865 3302 1079 3358 Patrem
1112 3304 1428 3357 hacreditate
1456 3304 1690 3373 accepit,
1726 3320 1850 3358 cum
1878 3320 2021 3374 pra:-

449 3403 602 3463 cepta
635 3396 755 3464 ejus
780 3396 1037 3450 servavit.
1091 3395 1318 3466 Ipsaque
1349 3411 1498 3452 mors
1529 3413 1647 3452 mea
1683 3396 1899 3452 Patrem
1928 3398 2020 3454 ha-

445 3485 562 3541 buit
593 3488 645 3540 in
674 3489 1059 3549 haereditatem,
1085 3488 1545 3557 quemadmodum
1564 3490 1798 3545 dicitur:
1827 3490 2014 3546 llazres

445 3577 567 3640 θυι,
607 3579 833 3634 conteres
858 3578 1060 3635 Christi
1095 3579 1188 3653 ".]

513 3857 566 3915 6.
601 3857 776 3913 Funes
805 3861 1099 3914 ceciderunt
1135 3860 1262 3916 milii
1301 3863 1358 3916 in
1400 3865 1676 3934 prwclaris
1712 3866 1840 3919 meis
1881 3881 1900 3920 :
1939 3875 2020 3921 et-

441 3953 581 4008 enim
625 3951 907 4005 Itan-editas
942 3967 1056 4005 mea
1079 3957 1343 4021 pi'wclara
1368 3965 1446 4008 est
1480 3953 1865 4010 mihi.Vincn|a
1891 3957 2022 4011 cha-

445 4043 622 4098 ritatis
655 4043 732 4096 ait
773 4058 895 4112 qua:
937 4043 1128 4097 habuit
1175 4061 1300 4110 erga
1339 4044 1672 4114 Ecclesiam‘,
1727 4063 1852 4117 qua:
1881 4063 2023 4118 pra:-

444 4138 592 4190 olara
626 4144 731 4199 est,
761 4136 1020 4188 nimirum
1052 4135 1155 4203 ipsi
1191 4136 1414 4204 placita.

517 4311 570 4368 7.
602 4311 918 4367 Benedicam
955 4309 1236 4364 Dominum
1281 4313 1371 4382 qui
1413 4313 1596 4367 tribuit
1627 4317 1756 4369 milii
1804 4317 2014 4372 intelle—

2119 2020 2176 2072 δὲ
2205 2021 2405 2090 μᾶλλον
2439 2023 2532 2074 καὶ
2562 2023 2660 2093 τῆς
2687 2025 3024 2094 άναιμάκτου
3061 2025 3299 2097 θυσίας.]

2191 2303 2403 2370 Κύριος
2414 2302 2582 2371 μερὶς
2613 2300 2722 2369 τῆς
2751 2304 3156 2372 κληρονομίας
3171 2320 3292 2373 μου
3334 2304 3434 2357 καὶ
3464 2304 3571 2359 τοῦ
3595 2319 3706 2360 πο-

2121 2397 2325 2464 τηρίου
2340 2416 2478 2467 μου.
2503 2415 2556 2450 κ.
2579 2415 2628 2450 τ.
2651 2397 2699 2450 λ.
2718 2398 2861 2450 Ὠσεὶ
2877 2397 3416 2469 σαςέστερονξέλεγεν·
3437 2399 3494 2452 '0
3510 2400 3708 2472 Πατήρ

2126 2506 2226 2559 μου
2264 2492 2341 2552 εὶς
2371 2489 2571 2559 κλῆρόν
2614 2507 2702 2559 μοι
2753 2491 2847 2543 καὶ
2893 2490 3086 2561 μερίδα
3112 2490 3180 2543 τὰ
3220 2489 3345 2562 ἔθνη
3371 2489 3703 2562 δεδώρηται,

2121 2573 2165 2646 ᾧ
2191 2580 2284 2632 καὶ
2309 2579 2505 2647 γέγονα
2533 2581 2770 2651 ὑπήκοος
2807 2581 2968 2651 μέχρι
3001 2579 3251 2634 Θανάτου.
3292 2581 3365 2634 T6
3397 2581 3504 2652 γάρ
3534 2582 3708 2654 tto-:1;-

2128 2688 2239 2742 ριον
2269 2672 2358 2724 τὸν
2392 2671 2619 2724 θάνατον
2652 2673 2924 2742 σημαίνει,
2955 2672 3094 2725 κατὰ
3125 2672 3185 2724 τὸ
3243 2673 3552 2744 είρημένον’
3580 2673 3706 2728 Πάκ-

2124 2779 2241 2830 τερ,
2271 2765 2321 2814 εὶ
2346 2761 2626 2825 δυνατὸν,
2661 2762 3000 2831 παρελθέτω
3031 2763 3130 2816 ἀπ’
3149 2763 3294 2832 ἐμοῦ
3319 2765 3385 2818 τὸ
3416 2763 3708 2834 ποτήριον

2124 2853 2323 2906 τοῦτο.

2198 2946 2441 3018 [Κύριος
2485 2947 2654 3016 μερὶς
2687 2945 2796 3014 τῆς
2839 2946 3239 3017 κληρονομίας
3283 2964 3405 3017 μου
3448 2947 3546 3000 καὶ
3592 2947 3708 3001 τοῦ

2127 3039 2414 3107 ποτηρίου
2442 3056 2581 3108 μου.
2631 3038 3007 3109 Κληρονομίαν
3058 3039 3212 3092 καλεῖ
3265 3039 3364 3110 τὴν
3403 3039 3508 3091 τῶν
3533 3039 3716 3094 ἐθνῶν

2130 3129 2422 3202 βασιλείαν.
2458 3132 2566 3184 Καὶ
2599 3131 2695 3200 τῆς
2736 3131 2875 3200 ἐμῆς
2919 3131 3266 3202 Ἐκκλησίας,
3298 3133 3419 3202 ἥτις
3472 3132 3624 3184 ἐστὶν
3672 3135 3706 3202 ἡ

2128 3223 2458 3294 κληρονομία
2493 3239 2614 3293 μου,
2659 3222 2816 3294 μερίς
2864 3225 3011 3276 ἐστιν
3060 3227 3088 3278 6
3121 3223 3319 3296 Κύριος
3351 3226 3379 3277 6
3432 3223 3650 3295 Πατὴρ,
3682 3228 3710 3278 6

2128 3316 2287 3377 αὐτὸς
2321 3315 2376 3368 δὲ
2407 3315 2616 3368 καὶτοῦ
2649 3315 2909 3386 ποτηρίου
2944 3333 3043 3386 μου
3087 3315 3242 3386 μερίς
3291 3317 3426 3376 ἐστι,
3456 3317 3710 3370 τουτέστι

2126 3407 2223 3459 τοῦ
2279 3405 2529 3460 θανάτου.
2583 3406 2694 3459 Καὶ
2746 3408 2779 3476 ἡ
2819 3405 3110 3475 Ἐκκλησία
3159 3405 3564 3476 ἐκληρονόμησε
3613 3407 3710 3460 τὸν

2129 3499 2368 3569 Πατέρα,
2412 3497 2807 3568 κατορθώσασα
2842 3497 2941 3561 τὰς
3000 3498 3219 3554 ἐντολάς
3277 3497 3462 3552 αὑτοῦ·
3490 3499 3586 3551 καὶ
3608 3500 3711 3552 αὖ-

2126 3586 2218 3648 τὺς
2261 3587 2290 3636 6
2343 3584 2572 3647 Θάνατος
2619 3587 2648 3638 6
2696 3585 2825 3655 ἐμὸς
2867 3586 3265 3656 ἐκληρονόμησε
3330 3587 3421 3640 τὸν
3483 3588 3712 3660 Πατέρα

2128 3674 2268 3727 κατὰ
2295 3676 2384 3728 τὸν
2417 3676 2662 3745 λέγοντα·
2685 3679 3032 3747 Κληρονόμε
3051 3678 3218 3743 Θεοῦ,
3243 3682 3710 3752 συγκλιιρονόμε

2127 3765 2430 3839 Χριστοῦ.]

2197 3861 2441 3926 Σχοινία
2463 3857 2769 3912 ἐπέπεσάν
2786 3877 2887 3927 μοι
2933 3858 3003 3912 ἐν
3026 3859 3150 3927 τοῖς
3196 3863 3531 3929 κρατίστοις
3558 3882 3704 3933 μουο

2128 3949 2227 4003 καὶ
2262 3950 2370 4020 γὰρ
2413 3949 2450 4016 ἡ
2495 3951 2860 4018 κληρονομία
2903 3969 3021 4019 μου
3074 3954 3361 4021 κρατίστη
3397 3957 3500 4024 μοί
3547 3957 3704 4012 ἐστι.

2129 4041 2267 4104 Τοὺς
2293 4040 2522 4111 δεσμοὺς
2543 4040 2644 4110 τῆς
2676 4041 2894 4112 ἀγάπης
2919 4043 3102 4114 φησιν,
3133 4043 3226 4108 οὓς
3259 4044 3412 4115 ἔσχεν
3441 4044 3577 4118 πρὸς
3609 4048 3709 4120 τὴν

2140 4132 2497 4203 Ἐκκλησίαν,
2560 4133 2682 4204 ἥτις
2741 4135 2834 4187 καὶ
2887 4135 3149 4206 κρατίστη
3218 4138 3365 4203 ἐστὶ,
3425 4141 3709 4195 τουτέστιν

2128 4224 2362 4294 ἀρέσκου
2373 4242 2438 4278 σα
2469 4223 2636 4294 αὐτῷ.

2195 4316 2525 4386 Εὐλογήσω
2580 4317 2688 4370 τὸν
2726 4317 2944 4384 Κύριον
2997 4317 3105 4370 τὸν
3155 4322 3561 4378 συνετισαντά
3605 4343 3706 4395 με.

444 4414 607 4459 clum.
669 4403 843 4473 Hujus
891 4404 1023 4457 dicti
1078 4405 1454 4472 interpretatio
1497 4406 1642 4474 jacet
1690 4407 1744 4460 in
1787 4407 2018 4465 Actibus

2131 4409 2328 4463 Τούτου
2363 4411 2396 4480 ἡ
2427 4409 2690 4480 ἑρμηνεία
2719 4413 2892 4462 κεῖται
2915 4411 2972 4462 ἐν
3005 4413 3125 4473 ταῖς
3157 4411 3395 4484 Πράξεσι
3425 4414 3535 4467 τῶν
3568 4419 3706 4472 ἀποο

444 4497 816 4567 apostulornm
851 4495 948 4566 (5).
992 4493 1214 4564 Insuper
1242 4505 1290 4549 et
1319 4513 1480 4565 usque
1514 4498 1581 4550 ad
1610 4510 1811 4552 noctem
1857 4502 2020 4556 incre-

443 4599 668 4658 pueruut
691 4605 770 4641 me
797 4605 942 4642 renes
971 4588 1091 4641 mei.
1140 4587 1256 4642 Mus
1299 4587 1595 4656 Scriptura:
1623 4592 1822 4645 divinae
1860 4609 2020 4648 rencs

445 4695 638 4733 vocare
689 4679 934 4734 occultas
979 4691 1032 4732 ct
1071 4679 1175 4732 alte
1217 4680 1423 4749 positas
1461 4682 1821 4750 cegitationes
1854 4701 1868 4739 ;
1903 4699 2011 4738 no-

443 4783 586 4825 ctem
621 4786 770 4832 vero,
807 4771 952 4840 quod
981 4771 1314 4825 absconsum
1347 4782 1450 4827 est.

484 4864 567 4941 .8.
611 4862 952 4918 Providebam
984 4863 1270 4916 Dominum
1321 4866 1378 4918 in
1419 4875 1696 4934 conspectu
1725 4883 1839 4922 meo
1878 4885 2018 4923 sem-

442 4974 536 5027 per
555 4999 568 5025 ,
605 4959 856 5026 quoniam
880 4974 911 5010 a
936 4958 1140 5011 dextris
1166 4968 1244 5012 est
1277 4961 1429 5023 mihi,
1459 4977 1522 5014 ne
1554 4978 1900 5018 commovear.
1960 4963 2017 5018 In

444 5056 714 5118 quantum
747 5045 890 5102 Deus
919 5062 1041 5102 esse
1065 5047 1383 5119 intelligitur
1407 5090 1422 5115 ,
1453 5051 1569 5120 ipse
1593 5061 1678 5106 est
1704 5053 1798 5122 qui
1839 5055 2022 5108 ﬁrmat

444 5149 502 5194 et.
534 5138 768 5194 sustinet
809 5138 1025 5204 omnia;
1069 5139 1122 5192 in
1169 5149 1436 5210 quantum
1470 5159 1601 5198 vero
1635 5145 1798 5199 homo
1834 5145 2017 5202 factus

345 5224 364 5236 ’
444 5237 546 5292 est,
585 5230 754 5299 probe
784 5229 888 5298 ipsi
929 5231 1188 5284 convenit
1213 5231 1394 5286 dicere
1441 5249 1499 5287 se
1525 5250 1555 5288 a
1593 5236 1800 5290 dextris
1833 5236 2020 5291 Domi-

445 5333 576 5373 nam
608 5320 825 5383 habere,
853 5335 918 5373 ne
947 5331 1374 5375 commoveatur.
1414 5321 1549 5377 Nam
1591 5326 1792 5395 ubique
1828 5327 2022 5380 huma-

517 5472 564 5504 "’
604 5470 791 5528 Matth.
828 5490 976 5538 xxvi,
1025 5473 1114 5529 59.
1192 5477 1240 5508 ”
1286 5476 1444 5532 Rom.
1483 5493 1607 5538 vm.
1651 5480 1736 5533 l7.

519 5585 599 5654 (2)
637 5585 817 5642 Locus
850 5589 1093 5643 vitiatus.
1117 5632 1124 5642 .

521 5656 601 5727 (ὅ)
634 5655 753 5713 Non
776 5659 955 5730 chujus
1000 5660 1124 5716 dicti
1145 5699 1159 5727 ,
1195 5659 1289 5715 sed
1319 5673 1509 5714 eorum
1541 5673 1665 5728 qua:
1705 5673 1850 5717 vers.
1878 5657 1910 5716 8
1941 5663 2011 5720 le-

2123 4503 2347 4556 στόλων.
2383 4503 2506 4553 Ἔτι
2535 4500 2602 4553 δὲ
2641 4502 2734 4555 καὶ
2793 4501 2903 4568 ἕως
2958 4502 3180 4569 νυκτὸς
3225 4503 3602 4561 ἐπαίδευσαν
3629 4527 3709 4581 με

2122 4596 2175 4646 οἱ
2207 4593 2415 4659 νεφροί
2435 4609 2573 4660 μου.
2594 4591 2754 4655 Ἔθος
2781 4594 2846 4661 τῇ
2871 4593 3212 4662 θεοπνεύστῳ
3259 4595 3448 4667 Γραφῇ
3472 4603 3708 4673 νεφροὺς

2121 4682 2406 4754 ὀνομάζειν
2431 4685 2555 4746 τοὺς
2577 4685 2991 4754 κεκρυμμένους
3014 4687 3104 4739 καὶ
3125 4689 3184 4738 ἐν
3216 4686 3366 4756 βάθει
3385 4689 3704 4763 λογισμούς·

2128 4775 2293 4828 νύκτα
2325 4774 2382 4828 δὲ
2408 4775 2467 4827 τὸ
2488 4775 2710 4844 ἀφανές.

2192 4864 2592 4935 Προεωρώμην
2622 4865 2730 4920 τὸν
2758 4867 2980 4936 Κύριον
3005 4868 3261 4923 ἐνώπιόν
3303 4887 3423 4940 μου
3451 4871 3706 4928 διαπαν-

2121 4957 2243 5022 τὸς,
2267 4955 2352 5008 ὅτι
2396 4957 2462 5008 ἐκ
2519 4955 2732 5021 δεξιῶν
2782 4976 2902 5027 μου
2930 4959 3081 5022 ἐστὶ,
3145 4961 3244 5014 ἵνα
3275 4960 3361 5030 μὴ
3401 4963 3703 5020 σαλευθῶ.

2121 5048 2272 5102 Καθὺ
2309 5049 2405 5118 μὲν
2439 5051 2636 5102 νοεῖται
2665 5048 2818 5115 Θεὸς,
2853 5049 3014 5114 αὐτός
3046 5053 3193 5104 ἐστιν
3224 5055 3252 5106 6
3315 5054 3490 5108 πάντα
3517 5058 3706 5128 στηρίο

2123 5139 2231 5204 ζων
2262 5139 2355 5194 καὶ
2382 5140 2612 5210 ἀνέχωνο
2646 5139 2780 5193 καθὸ
2805 5141 2861 5193 δέ
2882 5140 3103 5210 γέγονεν
3153 5142 3454 5215 ἄνθρωπος,
3499 5150 3703 5220 πρέποι

2124 5235 2190 5287 ἂν
2215 5234 2375 5286 αὐτὸν
2405 5235 2497 5288 καὶ
2524 5235 2582 5287 τὸ
2608 5233 2788 5303 λέγειν
2812 5236 2875 5288 ἐκ
2907 5235 3096 5300 δεξιῶν
3141 5237 3433 5308 ἐσχηκέναι
3479 5241 3574 5294 τὸν
3596 5241 3706 5297 Κύ-

2127 5343 2259 5396 ριον,
2303 5325 2392 5378 ἵνα
2426 5325 2499 5394 μὴ
2549 5325 2801 5397 σαλευθῇ.
2837 5326 3248 5398 Συμπλάττεται
3295 5330 3403 5399 γὰρ
3425 5332 3704 5404 πανταχοῦ

2128 5604 2350 5669 guntur,
2375 5593 2722 5651 Providebam
2749 5599 3049 5667 Dominum,
3081 5613 3212 5669 etc.,
3235 5606 3484 5661 meminit
3505 5605 3705 5666 Petrus

2130 5669 2186 5721 in
2214 5666 2443 5723 Actibus
2477 5669 2872 5739 apostolorum,
2908 5666 3043 5744 cap.
3061 5689 3120 5744 ιι,
3149 5666 3294 5732 vers.
3319 5675 3411 5732 25.
3435 5675 3604 5734 Ειιτ.
