3874 6218
209 276 312 330 105

1337 280 1707 338 EXPOSITIO
1742 279 1811 335 ΙΝ
1848 280 2180 339 PSALMUM
2212 281 2352 339 XVI.

3346 288 3451 345 I06

198 393 315 457 τοῖς
349 391 452 464 τῆς
476 393 893 465 ἀνθρωπότητος
928 396 1165 467 μέτροις,
1202 396 1296 452 καί
1340 396 1402 451 τὸ
1443 400 1508 469 τῇ
1558 397 1760 453 κενὼσε

1888 413 1971 452 nat
1999 407 2209 455 naturai
2248 399 2525 456 mensuris
2566 408 2625 454 et
2662 400 2915 457 terminis
2948 399 3352 470 conformatur,
3398 415 3455 459 et

198 484 415 557 πρέπον
458 484 559 539 οὐκ
603 484 916 555 αἰσχύνεται
964 487 1052 541 διὰ.
1104 488 1201 560 τὴν
1240 490 1570 560 οἰκονομίαν.
1628 489 1770 560 Ὅρα

197 574 333 644 γοῦν
363 576 513 639 ὅπως
542 576 764 646 γέγονεν
794 578 827 647 ἠ
851 578 1012 648 φύσις
1052 582 1085 651 ἡ
1096 581 1211 652 μῶν
1249 581 1533 652 εὐδόκιμος
1572 583 1628 634 ἐν
1649 582 1784 650 Χρι-

201 666 336 737 στῷ.
366 668 478 721 Καὶ
521 668 975 740 προσηνέχθημεν
1007 672 1089 734 εἰς
1121 671 1409 743 πρόσωπον
1451 671 1545 725 τοῦ
1572 670 1782 743 Πατρὸς

198 761 250 811 οί
276 760 667 831 ἐκϐεϐλημένοι
700 761 788 815 διὰ
836 762 935 833 τὴν
984 765 1043 815 ὲν
1102 764 1271 834 Ἀδὰμ
1319 763 1647 835 παράϐασιν,
1692 765 1786 817 καὶ

199 851 517 923 ἐσχήκαμεν
544 854 705 906 αὐτὸν
730 854 1077 924 ὲπαμύνοντα
1106 858 1200 909 καὶ
1232 855 1571 927 στηρίζοντα.

272 1121 296 1197 [
327 1124 423 1177 Ἐκ
451 1122 665 1189 δεξιῶν
690 1128 808 1195 μού
834 1127 984 1183 ἐστι.
1012 1129 1268 1201 Προφανῆ
1295 1130 1514 1202 ἔλεγχον
1540 1131 1652 1203 ἔχει
1684 1132 1784 1203 τῆς

210 1217 483 1271 Ἰουδαίων
511 1217 926 1290 ὲμὸροντησίας.
991 1221 1102 1275 Καὶ
1146 1222 1354 1293 Πέτρος
1408 1224 1515 1296 γὰρ
1555 1225 1583 1277 ὁ
1620 1241 1782 1296 κορυ-

194 1313 359 1380 φαῖος
386 1314 444 1364 ὲν
472 1313 591 1373 ταῖς
622 1310 894 1382 Πράξεσιν
932 1313 1012 1376 είς
1047 1315 1283 1385 Χριστὸν
1332 1315 1505 1370 ταῦτα
1543 1319 1783 1389 προσήρ-

197 1422 385 1475 μοσεν.
438 1403 591 1457 Καθὸ
639 1404 738 1474 μὲν
766 1405 875 1476 γὰρ
921 1406 1073 1469 Θεὸς,
1131 1407 1296 1471 αὐτός
1348 1409 1496 1462 ἐστιν
1526 1410 1554 1461 6
1606 1411 1781 1464 πάντα

193 1492 469 1566 στηρίζων
495 1496 591 1549 καὶ
621 1496 850 1565 ἀνέχων·
883 1497 1020 1551 καθὸ
1048 1498 1105 1551 δὲ
1133 1498 1441 1570 ἄνθρωπος,
1482 1500 1682 1572 πρέποι
1714 1501 1780 1554 ἂν

193 1586 345 1656 αὐτῷ
400 1587 497 1640 καὶ
537 1586 688 1639 τὸέκ
736 1586 927 1651 δεξιῶν
974 1587 1119 1658 ἔχειν
1166 1588 1258 1642 τὸν
1289 1588 1513 1659 Κύριον,
1563 1590 1649 1642 ἵνα
1704 1591 1779 1661 μὴ

194 1679 451 1751 σαλευθῇ.

267 1737 895 1839 Οὑκυέγκαταλείψεις
930 1769 1045 1839 τὴν
1071 1770 1285 1841 ψυχήν
1313 1790 1453 1842 μου.
1506 1774 1678 1837 Αὐτὸς
1699 1772 1773 1827 ὢν
1806 1737 1847 1792 Β

191 1862 307 1934 ζωὴ
350 1863 446 1916 καὶ
498 1862 776 1927 ζωοποιὸς,
811 1862 1208 1930 ὲζωοποιῆσθαι
1240 1863 1453 1932 λέγεται
1501 1866 1649 1937 παρά
1678 1866 1773 1920 τοῦ

190 1955 409 2026 Πατρὸς
438 1953 525 2007 διὰ
556 1954 655 2025 τὴν
677 1954 1005 2024 οίκονομίαν.
1058 1953 1418 2024 Ἐγνώρισάς
1448 1974 1550 2026 μοι
1596 1957 1774 2025 ὀδοὺς

190 2047 364 2116 ζωῆς,
392 2051 421 2102 6
450 2048 551 2117 τῆς
586 2048 1001 2121 ἀνθρωπότητος
1032 2048 1168 2119 ἔχων
1195 2051 1502 2120 πρόσωπον,
1544 2052 1619 2115 ὡς
1648 2052 1768 2106 καθ’

188 2142 339 2211 ἡμᾶς
396 2140 655 2210 γεγονὼς,
712 2142 836 2204 τοὺς
884 2144 1018 2212 ἡμῖν
1070 2143 1268 2214 μᾶλλον
1319 2144 1415 2196 καὶ
1452 2145 1551 2213 οὐχ
1593 2144 1771 2215 ἐαυτῷ

186 2233 521 2306 πρέποντας,
560 2233 695 2288 καθὸ
721 2238 920 2287 νοεῖται
952 2234 1104 2299 Θεὸς,
1141 2237 1453 2308 ἀναπέμπει
1484 2236 1726 2309 λόγους]

263 2327 598 2395 Τερπνότης
648 2324 818 2393 ἐν’τῇ
849 2324 1017 2394 δεξιᾷ
1063 2343 1179 2382 σου
1203 2329 1291 2393 εὶς
1356 2327 1552 2394 τέλος.
1599 2327 1769 2381 Τοῦτο

184 2417 469 2489 σημαίνει,
501 2418 559 2470 ἐν
606 2417 831 2489 τέρψεσι
882 2418 977 2472 καὶ
1038 2419 1399 2490 εὐφροσύναις
1461 2420 1672 2473 ἔσονται
1717 2420 1767 2473 oi

182 2509 336 2577 ἅγιοι
368 2509 507 2577 μετά
531 2510 592 2563 τὸ
616 2510 913 2564 ἀναϐιῶναι
961 2510 1103 2564 κατὰ
1129 2510 1221 2564 τὸν
1278 2512 1378 2581 τῆς
1421 2512 1768 2575 ἀναστάσεως

182 2600 402 2671 καιρόν.
440 2599 657 2671 Ταύτην
690 2600 746 2653 δὲ
775 2600 874 2671 τὴν
918 2601 1108 2672 τέρψιν
1141 2603 1237 2657 καὶ
1268 2602 1366 2674 τὴν
1405 2603 1762 2675 εὐφροσύνην,

181 2675 308 2761 ἣτις
368 2690 516 2743 ἐστὶν
561 2693 595 2762 ἡ
650 2691 942 2763 ἀφθαρσία,
995 2691 1258 2763 λήψεσθαι
1323 2693 1539 2763 λέγουσι
1613 2695 1765 2767 παρά

181 2780 447 2853 Χριστοῦ,
476 2781 536 2845 ὃς
574 2783 720 2835 ἐστιν
750 2783 807 2835 ὲν
850 2785 981 2853 ἡμῖν
1023 2784 1118 2837 καὶ
1175 2784 1326 2851 δεξιά
1380 2785 1475 2840 τοῦ
1530 2786 1761 2858 Πατρός.

179 2874 297 2927 Καὶ
326 2874 402 2938 ὠς
457 2873 662 2945 ἀληθὴς
717 2876 746 2928 6
794 2874 969 2943 λόγος,
1021 2874 1177 2946 δῆλον
1229 2878 1295 2929 ὲκ
1348 2877 1442 2931 τοῦ
1494 2879 1764 2950 φήσαντος

178 2964 385 3034 λογίου·
430 2967 527 3032 Ὃς
561 2968 1073 3036 μετασχηματίσει
1122 2954 1188 3021 τὸ
1242 2968 1452 3039 σχῆμα
1505 2969 1616 3037 τῆς
1666 2987 1764 3024 τα-

1883 500 2099 559 propter
2131 492 2500 548 ceconomiam
2534 491 2649 546 sive
2678 490 3108 547 incarnationem
3132 534 3153 559 ,
3185 508 3296 549 non
3329 508 3454 548 eru-

1883 581 2056 637 bescit
2084 596 2147 637 ea
2175 597 2297 651 quae
2327 583 2391 637 ad
2422 584 2833 637 evacuationem
2862 590 2918 637 et
2939 582 3300 637 humilitatem
3328 598 3453 654 per-

1882 669 2077 722 tinent.
2132 668 2266 725 Vide
2300 686 2430 740 ergo
2468 686 2633 740 quam
2674 672 2934 741 praeclara
2981 673 3036 727 in
3077 670 3298 728 Christo
3353 688 3454 728 na-

1881 768 2005 814 tura
2044 769 2229 815 nostra
2269 763 2525 819 evaserit.
2587 762 2648 817 ln
2685 774 3037 834 conspectum
3082 774 3228 820 certe
3269 764 3451 819 Patris

1885 851 2102 907 adducti
2150 854 2429 923 oblatique
2465 854 2669 910 fuimus
2702 856 2797 926 qui
2832 872 2927 926 per
2968 856 3098 911 Adae
3147 866 3453 927 transgres-

1887 944 2097 997 sionem
2130 944 2287 1014 ejecti
2328 962 2549 1011 sumus,
2602 956 2655 1002 et
2704 947 2998 1003 habuimus
3027 963 3153 1003 eum
3180 949 3450 1004 vindicem

1884 1043 1940 1089 et
1968 1044 2277 1105 patronum.

1955 1126 2021 1199 [Α
2073 1129 2276 1183 dextris
2319 1139 2395 1183 est
2438 1130 2588 1186 mihi.
2653 1128 2936 1186 Manifeste
2964 1133 3211 1201 coarguit
3233 1129 3452 1186 Iudico-

1882 1234 2004 1274 rum
2037 1222 2431 1291 stupiditatem.
2466 1222 2676 1277 Etenim
2731 1222 2922 1279 Petrus
2957 1225 3328 1293 apostolorum
3355 1239 3449 1279 coo

1882 1311 2137 1381 ryphacus
2171 1312 2226 1366 in
2266 1315 2527 1379 Actibus,
2576 1315 2691 1369 haec
2734 1313 2957 1370 Christo
2986 1317 3249 1371 attribuit.
3310 1314 3446 1370 Nam

1883 1412 2151 1472 quatenus
2185 1406 2330 1463 Deus
2379 1409 2493 1477 ipse
2523 1417 2609 1463 est
2644 1410 2738 1478 qui
2761 1411 2945 1463 omnia
2978 1410 3159 1464 ﬁrmat
3184 1420 3239 1466 et
3263 1411 3443 1465 conti-

1883 1504 1975 1549 net
2000 1512 2013 1562 ;
2045 1506 2314 1565 quatenus
2346 1508 2523 1552 autem
2552 1499 2734 1564 homo,
2780 1499 2880 1569 ipsi
2905 1501 3160 1555 convenit
3188 1516 3217 1553 a
3241 1500 3446 1555 dextris

1884 1586 2175 1645 Dominum
2199 1601 2467 1647 astantem
2493 1592 2716 1657 habere,
2752 1607 2821 1647 ne
2845 1601 3273 1648 commoveatur.

1945 1770 2068 1826 Non
2114 1772 2441 1843 derelinques
2470 1774 2705 1827 animam
2732 1790 2925 1829 meam.
2980 1773 3131 1829 Licet
3175 1775 3293 1844 ipse
3334 1776 3441 1830 vita

1875 1860 1948 1917 sit
1996 1872 2051 1920 et
2096 1865 2263 1917 vitam
2320 1864 2591 1935 praebeat,
2644 1880 2743 1935 per
2786 1867 3147 1920 meonomiam
3180 1867 3381 1921 dicitur
3412 1883 3441 1922 a

1872 1950 2032 2007 Patre
2067 1953 2350 2009 viviﬁcari.
2416 1952 2589 2009 Notas
2642 1955 2772 2007 mihi
2809 1956 2983 2025 fecisti
3015 1957 3127 2010 vias
3162 1959 3315 2022 vitaz,
3347 1958 3441 2026 qui

1873 2043 2232 2100 humanitatis
2258 2060 2548 2116 personam
2583 2047 2780 2113 habet,
2821 2056 3009 2116 utpote
3031 2049 3097 2103 ad
3129 2049 3440 2104 similitudi-

1871 2151 1995 2190 nem
2038 2139 2213 2192 nostri
2263 2137 2482 2205 iactus,
2536 2155 2818 2195 sermones
2857 2141 3013 2195 effert
3059 2142 3225 2195 nobis
3263 2142 3443 2210 magis

1870 2241 2034 2297 quam
2055 2229 2181 2293 sibi,
2216 2240 2488 2299 quatenus
2517 2229 2646 2295 Deo,
2671 2231 3088 2305 compelentes.]

1941 2317 2029 2374 lO.
2066 2319 2355 2373 Delectatio
2379 2322 2434 2373 in
2466 2321 2680 2375 dextera
2705 2331 2794 2375 tua
2825 2339 2985 2393 usque
3018 2325 3073 2377 in
3104 2325 3285 2392 finem.
3320 2321 3437 2379 Hoc

1870 2413 2161 2483 significat,
2217 2414 2271 2467 in
2306 2414 2680 2484 voluptatibus
2718 2425 2773 2471 et
2798 2416 3216 2487 gaudiissancti
3245 2417 3440 2486 degerit

1867 2515 2160 2576 postquam
2191 2516 2435 2576 tempore
2460 2508 2894 2563 resurrectionis
2922 2509 3235 2564 revixerint.
3272 2507 3436 2564 Istam

1867 2608 2049 2653 autem
2080 2599 2410 2668 voluptatem
2441 2614 2505 2653 ac
2522 2600 2783 2665 laetitiam,
2812 2615 2936 2670 quae
2955 2609 3038 2655 est
3069 2601 3434 2671 incorruptio,

1866 2704 1968 2744 nos
2009 2699 2323 2759 recepturos
2354 2690 2508 2744 aiunt
2539 2706 2571 2745 a
2607 2689 2863 2757 Christo,
2905 2692 3003 2761 qui
3050 2701 3136 2747 est
3164 2693 3218 2746 in
3257 2692 3434 2756 nobis.

1865 2788 1919 2833 et
1949 2781 2169 2836 dextera
2214 2790 2297 2836 est
2329 2779 2528 2835 Patris.
2579 2779 2735 2846 Quod
2781 2790 2965 2837 autem
3001 2798 3193 2837 verum
3243 2781 3301 2838 id
3340 2783 3434 2850 sit,

1864 2872 2045 2942 palam
2083 2881 2167 2927 est
2202 2888 2267 2927 cx
2298 2872 2613 2941 hujusmodi
2649 2873 2795 2928 dicto
2825 2892 2837 2927 :
2874 2873 2979 2939 Qui
3025 2873 3434 2943 transformabit

1865 2966 2091 3034 formam
2111 2966 2429 3020 humilitatis
2458 2978 2655 3022 nostra:
2679 2968 3064 3038 conﬁguratam
3089 2970 3296 3037 corpori
3324 2968 3437 3022 cla-

177 3055 522 3124 κεινώσεως
557 3058 725 3129 ἡμῶν
761 3061 1115 3130 σύμμορφον
1152 3060 1232 3125 τῷ
1275 3064 1496 3132 σώματι
1530 3061 1639 3131 τῆς
1667 3062 1763 3116 δύ·-

1877 3059 2045 3133 ritatis
2072 3058 2186 3129 ejus
2210 3060 2277 3112 ”.

178 3148 298 3219 ξης
325 3150 534 3205 αὑτοῦ.

558 3242 879 3313 Προσευχὴ
912 3243 992 3310 τῷ
1031 3244 1228 3299 Δαυΐδ.
1261 3248 1380 3312 ΙΕΓ.

802 3336 814 3354 ⁸
828 3339 1140 3403 Υπόθεσις.

180 3421 406 3493 ’ᾼδεται
472 3424 503 3476 6
557 3422 772 3494 ψαλμὸς
829 3424 895 3476 ὲκ
928 3422 1223 3495 προσώπου
1282 3422 1377 3475 τοῦ
1428 3421 1571 3477 κατά
1625 3422 1758 3476 Θεὸν

823 3516 1051 3571 τελείου.

251 3608 658 3672 Είσάκουσον,
697 3609 891 3676 Κύριε,
927 3608 1328 3677 δικαιοσύνην
1360 3624 1500 3676 μου.
1550 3606 1756 3677 Πολλῆς

174 3701 554 3773 πεποιθήσεως
577 3704 606 3755 6
630 3701 788 3770 λόγος
823 3703 1051 3773 μεστός·
1101 3700 1163 3754 τὸ
1195 3701 1304 3774 γὰρ
1341 3701 1439 3772 τῆς
1476 3700 1751 3753 δικαιοσύ-

171 3811 275 3867 νης
312 3792 547 3849 ἐνταῦθα
574 3794 673 3865 οὐχ
716 3793 791 3858 ὡς
836 3792 1187 3865 καυχώμενος
1220 3835 1234 3857 ,
1282 3792 1389 3845 οὐδ’
1426 3791 1502 3855 ὡς
1545 3791 1750 3845 δίκαιον

168 3887 368 3943 ἑαυτὸν
396 3886 713 3955 ἀποφαίνων
762 3904 777 3917 υ
813 3885 926 3939 ἀλλ’
960 3886 1081 3939 ἀντὶ
1118 3883 1233 3949 τοῦ,
1279 3884 1516 3947 Δικαίως
1548 3883 1752 3937 αἰτοῦνο

169 3998 267 4045 τος
304 3979 406 4052 τὴν
452 3978 605 4050 παρὰ
639 3976 732 4031 σοῦ
770 3976 1040 4049 βοήθειαν,
1102 3978 1197 4032 καὶ
1247 3977 1525 4042 ἀξιοῦντος
1572 3976 1751 4029 ἀπαλ-

2349 3240 2537 3297 Oratio
2572 3241 2758 3296 David.
2791 3239 2956 3296 XVI.

2440 3336 2845 3405 Argumentum.

1859 3426 1913 3481 i.
1950 3426 2179 3482 Canitur
2213 3427 2305 3484 hic
2330 3428 2578 3499 psalmus
2611 3444 2674 3482 ex
2707 3441 2941 3497 persona
2963 3426 3207 3482 hominis
3235 3442 3433 3483 secun-

1958 3504 1961 3507 ἢ
2385 3520 2513 3574 dum
2545 3519 2711 3573 Deum
2749 3518 2996 3589 perfecti.

1926 3610 2178 3677 Exaudi,
2214 3611 2454 3678 Domine,
2481 3612 2756 3681 justitiam
2784 3628 2974 3665 meam.
3011 3610 3205 3681 Magna
3234 3611 3429 3682 plenus

1855 3704 2052 3759 ﬁducia
2088 3719 2269 3758 sermo
2312 3723 2324 3757 :
2357 3719 2481 3758 nam
2511 3704 2657 3773 quod
2691 3704 2779 3758 hic
2806 3704 3077 3773 justitiam
3112 3719 3269 3760 suam
3313 3719 3428 3760 me-

1855 3806 2065 3863 morat,
2102 3812 2213 3850 non
2252 3796 2655 3866 jactahundus,
2706 3810 2807 3850 nec
2833 3811 2944 3865 quo
2974 3811 3033 3849 se
3057 3794 3270 3863 justum
3299 3810 3424 3851 esse

1853 3888 2138 3957 praedicet,
2182 3887 2254 3940 ita
2287 3886 2567 3954 loquitur;
2621 3885 2715 3940 sed
2742 3885 2894 3955 quasi
2923 3886 3109 3940 dicat:
3136 3883 3293 3940 Iuste
3317 3884 3425 3938 im-

1853 3982 2155 4052 plorantem
2189 3980 2450 4035 auxilium
2480 3988 2655 4046 tuum,
2688 3994 2751 4033 ac
2783 3987 3065 4049 rogantem
3097 3980 3216 4034 erui
3244 3979 3317 4034 ab
3341 3979 3425 4034 in—

169 4070 409 4142 λαγῆναι
437 4063 513 4124 ὧν
550 4068 750 4132 ἀδίκως
787 4068 1069 4140 ὑπομένει,
1102 4070 1279 4138 μάτην
1318 4068 1423 4122 ὑπὸ
1451 4068 1544 4121 τοῦ
1576 4069 1749 4122 Σαοὺλ

1877 4076 2011 4131 uriis
2044 4082 2401 4145 persequente
2432 4072 2595 4129 Saule
2637 4073 2841 4136 illatis,
2893 4072 3090 4127 exaudi
3135 4081 3191 4128 et
3225 4082 3418 4144 postu-

168 4161 525 4232 διωκόμενος,
569 4159 664 4213 καὶ
707 4158 997 4224 ὲξάκουσον
1038 4159 1135 4213 καὶ
1181 4158 1464 4231 παράσχου
1512 4160 1614 4230 τὴν
1663 4158 1749 4212 αἷ-

247 4270 349 4307 σιν.

247 4270 349 4307 σιν.

167 4270 568 4401 τηἘνώτισαι
601 4342 716 4413 τὴν
740 4342 1090 4413 προσευχήν
1104 4360 1223 4412 μου
1259 4344 1371 4398 οὐκ
1399 4340 1470 4395 ἐν
1514 4341 1747 4410 χείλεσι

1849 4164 1959 4220 lata
1983 4164 2243 4221 concede.

1918 4338 2151 4394 Auribus
2173 4353 2380 4409 percipe
2408 4339 2705 4393 arationem
2735 4354 2906 4393 meam
2939 4334 3121 4393 nonin
3148 4323 3421 4398 .abiis'doo

170 4435 424 4503 δολίοις.
455 4436 770 4507 Προσευχῆς
802 4434 912 4507 γὰρ
949 4436 1011 4489 οὺ
1044 4433 1132 4487 διὰ
1161 4431 1383 4505 χειλέων
1416 4431 1627 4497 δολίων,
1656 4432 1743 4487 διὰ

1877 4434 1997 4489 asia.
2032 4430 2169 4486 Nam
2197 4430 2498 4486 oralionem
2538 4447 2649 4485 non
2697 4431 2858 4486 labiis
2910 4430 3117 4487 dolosis
3155 4432 3418 4499 oblatam,

170 4529 228 4583 δὲ
254 4528 502 4601 γλώττης
533 4528 975 4600 κεκαθαρμένης,
1004 4528 1097 4580 καὶ
1129 4526 1199 4581 τὰ
1239 4524 1358 4580 θεῖα
1399 4525 1555 4595 λόγια
1586 4524 1747 4597 μελε·-

170 4624 270 4694 τᾷν
312 4622 627 4694 εἰθισμένης
660 4621 969 4687 ὲνωτίζεται
997 4622 1026 4676 6
1052 4619 1206 4683 Θεός.

254 4715 360 4771 Ἐκ
389 4715 716 4783 προσώπου
747 4732 863 4769 σου
896 4712 962 4768 τὸ
996 4711 1175 4781 κρῖμά
1200 4728 1321 4782 μου
1348 4706 1603 4777 ἐξέλθοι.
1639 4711 1745 4765 Σα-

170 4808 291 4880 φῶς
322 4807 538 4877 εὔχεται
570 4808 661 4861 τὸν
702 4806 980 4877 Μονογενῆ
1025 4804 1219 4876 κριτὴν
1252 4803 1429 4875 ἑαυτῷ
1476 4804 1747 4874 καταστῆ-

168 4920 279 4959 ναι.
328 4905 394 4957 Οἱ
436 4898 731 4970 ὀφθαλμοί
762 4913 881 4953 σου
931 4896 1223 4952 ὶδέτωσαν
1271 4897 1621 4963 εὐθύτητας.
1672 4896 1746 4948 Τὸ

166 4993 380 5048 δίκαιον
404 4994 577 5064 κρῖμα
601 4990 801 5055 ἐξαιτεῖ
823 4988 919 5043 τοῦ
949 4988 1101 5053 Υἱοῢ,
1128 4986 1158 5042 ὃ
1186 4987 1400 5059 ἔκρινεν
1425 4988 1577 5059 ἡμῖν.

252 5084 650 5153 Ἐδοκῐμασας
682 5082 796 5150 τὴν
820 5081 1075 5150 καρδίαν
1098 5099 1239 5151 μου,
1283 5079 1598 5149 ἐπεσκέψω
1636 5098 1743 5136 νυ-
1782 5104 1791 5115 ·

166 5177 333 5246 κτὸς,
354 5174 672 5243 ἑπύρωσιὶς
693 5192 789 5243 με,
820 5174 921 5228 καὶ
956 5176 1071 5244 οὐχ
1102 5171 1315 5242 εὑρέθη
1348 5174 1419 5226 ἐν
1445 5172 1576 5243 ἐμοὶ
1614 5173 1742 5227 ἀδι-

166 5272 289 5327 κία.
333 5268 574 5323 Ἀδικίαν
600 5266 790 5321 εἴωθεν
818 5267 852 5338 ἡ
876 5265 997 5329 θεία
1029 5264 1221 5338 Γραφὴ
1252 5263 1436 5318 καλεῖν
1464 5264 1561 5335 τὴν
1596 5265 1736 5318 κατὰ

164 5361 257 5423 τοῦ
296 5360 435 5415 Θεοῦ
468 5357 815 5429 βλασφημίαν
836 5372 851 5385 ⁸
893 5356 1158 5412 Ἀδικίαν
1179 5355 1311 5426 γὰρ,
1344 5357 1531 5427 φησὶν,
1561 5358 1647 5421 εὶς
1677 5356 1742 5409 τὸ

165 5458 325 5525 ὕψος
348 5450 689 5518 ἐλάλησαν.
750 5462 755 5466 ‘

239 5546 444 5609 Ὅπως
493 5540 571 5595 ἂν
609 5538 696 5610 μὴ
735 5538 985 5609 ,λαλήσῃ
1014 5539 1081 5593 τὸ
1102 5540 1297 5611 στόμα
1329 5556 1443 5598 μου
1487 5542 1558 5593 τὰ
1601 5539 1744 5609 ἔργα

242 5702 288 5734 ¹⁴
331 5690 477 5755 Phil.
512 5715 595 5763 ιιι,
631 5696 723 5751 El.
797 5700 813 5731 ¹
843 5695 989 5752 Psal.
1026 5713 1201 5764 mm,
1235 5695 1287 5750 8.

404 5794 680 5853 ΡΑτιιοι..
724 5791 844 5855 Gn.
889 5791 1062 5853 XXV
1078 5791 1156 5856 li.

1850 4526 1945 4581 sed
1972 4528 2156 4598 lingua
2192 4542 2363 4596 pura,
2407 4535 2462 4582 et
2494 4529 2823 4583 meditandis
2852 4527 3087 4599 eloquiis
3112 4526 3313 4584 divinis
3339 4543 3423 4587 aa-

1848 4631 2023 4687 sueta,
2056 4621 2281 4677 auribus
2311 4623 2541 4692 percipit
2565 4622 2730 4678 Deus.

1919 4715 1972 4771 2.
2016 4714 2095 4771 De
2119 4715 2266 4770 vultu
2306 4725 2395 4769 tuo
2424 4715 2685 4783 judicium
2715 4732 2890 4770 meum
2915 4719 3154 4787 prodeat.
3198 4720 3419 4795 Perspi—

1848 4821 1950 4861 cue
1991 4814 2244 4875 precatur
2287 4803 2637 4876 Unigenitum
2694 4806 2797 4862 sibi
2842 4808 3083 4878 judicem
3133 4816 3419 4873 constitui.

1852 4896 2009 4952 Oculi
2038 4898 2119 4959 tui
2144 4896 2354 4952 videant
2390 4898 2686 4968 wquitates.
2741 4896 2957 4954 Justum
2995 4898 3118 4956 Filii
3147 4902 3417 4974 judicium

1848 4987 2108 5060 postulat,
2142 5003 2252 5058 quo
2272 4986 2537 5056 judicavit
2563 4987 2633 5042 de
2652 4986 2832 5043 nobis.

1917 5081 1971 5135 5.
2004 5078 2259 5134 Probasti
2296 5094 2386 5132 cor
2421 5094 2594 5133 meum
2626 5089 2676 5133 et
2705 5080 2939 5137 visitain
2969 5092 3152 5150 nocte,
3190 5086 3306 5156 igne
3340 5103 3421 5139 me

1847 5171 2198 5237 examinasti,
2232 5178 2283 5224 et
2321 5185 2424 5223 non
2455 5178 2533 5224 est
2561 5171 2777 5227 inventa
2805 5172 2858 5224 in
2881 5189 2960 5226 me
2998 5176 3272 5242 iniquitas.
3312 5175 3420 5231 lni-

1847 5264 2107 5334 quitatem
2152 5262 2291 5318 solet
2328 5263 2514 5319 divina
2543 5262 2822 5333 Scn'ptura
2848 5279 3050 5320 vocare
3098 5268 3415 5338 blasphema

1847 5354 1903 5409 in
1933 5356 2102 5412 Deum
2130 5354 2272 5410 dicta
2297 5372 2312 5409 :
2344 5351 2692 5423 Iniquitatem
2719 5355 2880 5419 enim,
2910 5354 3105 5425 inquit,
3135 5358 3192 5409 in
3212 5358 3416 5412 excelso

1845 5447 2009 5503 locuti
2038 5457 2161 5503 sunt
2187 5448 2225 5501 ³.

1839 5555 1845 5561 ·
1919 5541 1973 5596 ι.
2009 5538 2077 5594 Ut
2100 5539 2479 5599 non‘loauatur
2510 5556 2570 5594 οε
2592 5554 2765 5595 meum
2784 5555 2943 5609 opera
2988 5540 3279 5596 hominum.
3310 5540 3416 5599 Do-

3099 5776 3140 5837 h-
