3874 6218
484 288 588 346 107

1290 276 1346 330 S.
1387 274 1754 332 ATHANASH
1793 278 1944 336 OPP.
1985 279 2163 336 PARS
2201 280 2284 335 111.
2327 312 2395 322 -
2432 281 2842 340 EXEGETICA.

3589 291 3694 347 108

481 423 569 471 cet
598 411 650 467 id
681 423 899 481 quoque
929 406 1230 464 cavendum
1263 417 1403 464 esse,
1425 409 1487 456 ut
1513 401 1647 454 nihil
1677 400 1925 462 mortale,
1955 399 2030 452 ni-

2151 397 2245 451 τῶν
2274 399 2612 468 ἀνθρώπων.
2647 401 2918 468 Διδάσκει,
2942 402 3017 465 ὡς
3045 402 3137 455 καὶ
3166 403 3322 458 τοῦτο
3342 407 3700 477 παραφυλάτ-

481 505 559 560 hil
586 505 884 557 humanum
935 501 1244 569 loquamur.
1304 495 1527 563 Propter
1574 495 1727 547 verba
1771 493 2033 545 labiorum

483 607 693 652 tuorum
717 611 807 665 ego
839 593 1097 648 custodiri
1131 592 1242 645 vias
1272 589 1456 642 duras.
1501 588 1581 640 Ob
1608 587 1760 655 jussa
1780 625 1794 647 ,
1837 583 2032 652 inquit,

481 698 596 756 tua,
627 695 910 758 angustam
939 693 995 739 et
1025 695 1228 738 arctam
1253 692 1463 752 portam
1489 679 1769 747 ingressus
1797 690 1939 730 sum.

550 963 604 1018 5.
645 959 845 1029 Perﬁce
876 972 1080 1028 gressus
1111 970 1251 1008 meos
1276 954 1330 1006 in
1356 953 1557 1005 semitis
1595 951 1730 1013 tuis,
1778 957 1886 1002 etc.
1923 946 2032 1000 Do-

479 1063 632 1110 cetur
666 1053 751 1107 his
782 1051 957 1106 verbis
990 1064 1055 1103 ne
1104 1046 1207 1104 sibi
1251 1045 1536 1114 quisquam
1573 1041 1743 1107 fidat;
1795 1038 1890 1095 sed
1925 1037 2034 1092 Deo

478 1145 759 1199 innitatur.

551 1235 793 1308 [Semitae
826 1241 1008 1287 autem
1037 1225 1253 1284 Domini
1287 1232 1412 1280 sunt
1441 1223 1850 1281 observationes
1887 1241 2035 1280 man-

475 1331 669 1385 datoru
681 1327 780 1399 m.]

547 1420 601 1475 6.
632 1419 743 1489 Ego
775 1417 998 1472 clamavi
1035 1416 1282 1486 quoniam
1307 1412 1572 1468 exaudiin
1601 1427 1679 1465 me
1702 1452 1716 1477 ,
1755 1410 1912 1464 Deus.
1968 1409 2035 1463 ll-

475 1512 590 1579 lud,
615 1511 902 1572 exaudisti,
938 1525 1056 1578 pro,
1087 1508 1362 1562 exaudics.
1412 1503 1531 1558 Non
1566 1513 1768 1555 temere
1798 1502 1884 1554 his
1914 1516 2035 1554 ver-

474 1602 559 1656 bis
591 1616 712 1655 sum
739 1614 890 1663 usus,
921 1599 1014 1652 sed
1061 1605 1208 1651 tuam
1253 1603 1506 1663 expertus
1538 1590 1906 1646 clementiam.
1951 1587 2035 1642 Me

2134 490 2315 543 τεσθαι
2350 495 2483 561 πρὸς
2515 493 2574 544 τὸ
2607 493 2768 561 μηδὲν
2791 492 2980 563 θνητὸν
3007 494 3140 564 μηδέ
3165 495 3501 566 ἀνθρώπινον
3533 499 3700 568 φθέγ-

2133 583 2339 648 γεσθαι.
2375 584 2476 635 Διὰ
2513 583 2652 648 τοὺς
2701 585 2922 653 λόγους
2965 584 3086 639 τῶν
3131 588 3378 654 χειλέων
3418 605 3537 644 σου
3586 592 3698 660 ἐγὼ

2132 673 2404 740 ἐφύλαξα
2485 675 2661 739 ὀδοὺς
2719 676 3008 744 σκληράς.
3055 679 3154 732 Διὰ
3217 680 3284 732 τὰ
3352 682 3419 734 σὰ
3454 687 3695 752 προστά-

2133 783 2334 835 γματα,
2384 769 2534 838 φησι,
2562 769 2658 838 τὴν
2686 769 2873 841 στενὴν
2923 773 3016 824 καὶ
3041 771 3404 844 τεθλιμμένην
3433 775 3699 847 εἰσήλασα

2133 857 2325 927 πύλην.

2201 949 2558 1016 Κατάρτισαι
2586 952 2658 1004 τὰ
2703 952 3032 1022 διαϐήματά
3054 972 3174 1023 μου
3213 955 3282 1008 ἐν
3313 956 3436 1021 τοῖς
3476 958 3697 1024 τρίϐοις

2134 1053 2269 1092 σου.
2303 1041 2548 1094 Διδάσκει
2579 1044 2606 1094 ὁ
2637 1043 2790 1111 λόγος
2826 1046 2898 1115 μὴ
2955 1045 3271 1099 πεποιθέναι
3315 1047 3398 1118 ἐφ’
3433 1049 3650 1110 ἑαυτοῖς
3679 1087 3695 1113 ,

2133 1131 2224 1182 ἐπὶ
2247 1131 2302 1182 δὲ
2333 1131 2410 1200 τῷ
2441 1131 2558 1202 Θεῷ
2584 1135 3044 1206 ὲπιστηρίζεσθαι.

2216 1219 2442 1292 [Τρίϐοι
2471 1223 2527 1276 δὲ
2561 1227 2762 1296 Κυρίου
2791 1227 2897 1280 τῶν
2927 1229 3155 1282 ἐντολῶν
3187 1231 3240 1284 αἱ
3271 1231 3590 1305 τηρήσεις.]

2214 1402 2360 1471 Ἐγὼ
2391 1403 2700 1473 ἐκέκραξα.
2738 1408 2825 1461 ὅτι
2856 1409 3225 1478 εὶσήκουσάς
3260 1432 3401 1482 μου,
3448 1419 3482 1469 ὁ
3527 1419 3696 1483 Θεός.

2134 1493 2207 1545 Τὸ
2239 1493 2646 1561 εἰσήκουσας,
2689 1500 2808 1551 ἀντὶ
2855 1500 2982 1564 τοῦ,
3030 1503 3342 1577 είσακούσῃ.
3393 1508 3469 1560 Οὐ
3519 1510 3698 1579 μάτην

2133 1585 2306 1637 τοῖσδε
2339 1589 2450 1649 τοῖς
2480 1586 2656 1656 λόγοις
2683 1593 3021 1663 ἐχρησάμην,
3061 1596 3194 1650 ἀλλά
3241 1602 3432 1670 πεῖραν
3463 1602 3563 1670 τῆς
3600 1604 3700 1673 σῆς

475 1694 674 1762 quippe
717 1697 994 1760 rogantem
1056 1703 1197 1756 saepe
1245 1685 1532 1740 exaudisti.
1597 1680 1811 1736 Inclina
1853 1697 2032 1735 aurem

2151 1676 2270 1748 ἔχων
2298 1679 2702 1752 φιλανθρωπίας
2727 1701 2738 1714 ·
2772 1687 3006 1756 ἤκουσας
3039 1690 3144 1762 γάρ
3177 1708 3277 1760 μου
3319 1695 3701 1764 παρακαλοῦν.

477 1793 624 1835 tuam
649 1780 799 1834 mihi.
843 1777 985 1833 Deus
1008 1783 1153 1833 totus
1182 1776 1331 1832 auris
1360 1785 1442 1831 est
1461 1817 1477 1842 ,
1512 1783 1699 1830 utnote
1729 1775 1823 1830 aui
1848 1773 2032 1829 omnia

2151 1784 2221 1830 τος
2256 1751 2530 1832 πολλάκις.
2572 1751 2803 1828 κλῖνον.
2842 1777 2908 1829 τὸ
2948 1751 3060 1844 οὖς
3107 1751 3223 1836 ὶγάυ
3269 1751 3418 1852 ἐμοίί
3466 1785 3630 1849 Ὄλος
3673 1789 3702 1841 ὁ

474 1868 679 1922 audiat.

586 1959 700 2030 Ego
727 1958 970 2021 clamavi,
1001 1965 1108 2012 etc.
1148 1954 1264 2009 Non
1309 1953 1510 2010 frustra
1546 1957 1752 2021 clamo,
1779 1955 1872 2010 sed
1908 1955 2036 2024 quia

470 2051 793 2121 plerumque
814 2049 1080 2104 exaudisti
1117 2063 1202 2101 me
1221 2087 1235 2111 ,
1264 2055 1388 2115 peto
1407 2046 1568 2100 etiam
1609 2062 1752 2101 nunc
1775 2056 1835 2100 ut
1860 2061 2032 2099 exau-

472 2144 592 2197 dias
625 2156 733 2196 me.
767 2141 988 2195 Clamor
1015 2148 1194 2194 autem
1221 2139 1331 2205 ille,
1365 2149 1450 2196 est
1475 2140 1682 2195 intenta
1707 2153 1832 2199 erra
1863 2137 2032 2191 Deum

473 2229 780 2302 cogitatio.]

541 2320 794 2393 '[Adipem
822 2337 975 2375 suum
1001 2320 1388 2375 concluserunt.
1431 2318 1602 2389 Adipe
1629 2317 1898 2390 significat
1929 2316 2035 2370 ini-

472 2415 746 2468 micorum
775 2413 1067 2467 maximam
1100 2409 1561 2482 prosperitatem.]

547 2505 638 2560 11.
705 2504 897 2559 Oculos
939 2520 1061 2558 suos
1087 2510 1384 2558 statuerunt
1417 2502 1678 2555 declinare
1717 2501 1771 2554 in
1816 2510 2029 2552 terram.

477 2593 652 2660 Unus,
687 2595 888 2665 inquit,
920 2609 1121 2664 scopas
1148 2594 1247 2648 fuit
1289 2594 1394 2648 illis
1415 2603 1474 2648 ut
1500 2593 1566 2647 ad
1607 2602 1804 2647 terram
1835 2590 2032 2645 demit-

468 2695 607 2751 tant,
636 2695 692 2741 et
711 2701 834 2756 quae
855 2701 1074 2740 carnem
1098 2692 1343 2755 spectant
1371 2684 1572 2738 sentire
1607 2683 1889 2737 suadeant.

539 2779 630 2833 M.
669 2777 955 2831 Frameam
980 2787 1129 2830 tuam
1156 2776 1220 2828 ab
1249 2775 1478 2828 inimicis
1510 2791 1761 2828 manuum
1795 2784 2028 2829 tuarum.

463 2871 731 2940 Quaelibet
751 2870 883 2939 justi
910 2867 1090 2922 anima
1117 2877 1171 2921 et
1201 2867 1543 2936 potissimum
1567 2882 1754 2922 eorum
1788 2867 1881 2936 qui
1906 2883 2032 2936 pec-

465 2969 680 3016 catores
713 2961 782 3014 ab
827 2960 1104 3028 impietate
1159 2958 1226 3012 ad
1275 2958 1529 3026 pietatem
1582 2966 1869 3023 revocant,
1929 2972 2028 3010 ceu

465 3052 674 3107 framea
701 3061 785 3106 est
813 3060 998 3105 contra
1031 3050 1298 3120 malignos
1338 3049 1562 3118 spiritus
1583 3059 1829 3102 exacuta.
1879 3047 2028 3102 Hanc

466 3145 634 3215 igitur
669 3142 956 3207 frameam,
1003 3141 1250 3204 Domine,
1278 3156 1442 3210 quam
1477 3142 1592 3210 ipse
1622 3150 1809 3195 contra
1844 3141 2027 3193 inimi-

457 3249 560 3289 cos
588 3243 711 3289 tuos
736 3233 1036 3298 exacuisti,
1082 3232 1230 3302 eripe
1278 3233 1346 3287 a-b
1390 3232 1632 3287 inimicis
1673 3247 1866 3286 manus
1899 3241 2025 3286 tuae.

464 3325 696 3393 Quinam
733 3335 911 3380 autem
957 3331 1087 3379 sunt
1131 3323 1339 3378 inimici
1389 3339 1585 3378 manus
1619 3323 1733 3385 Dei,
1787 3323 1893 3377 nisi
1935 3322 2028 3392 qui

461 3417 592 3471 ﬁdei
636 3417 693 3471 in
721 3413 1107 3489 Unigenitum,
1155 3417 1248 3487 qui
1277 3431 1472 3472 manus
1493 3416 1640 3471 illius
1664 3424 1786 3483 est,
1834 3416 2026 3469 adver-

465 3519 654 3564 santur
667 3510 691 3563 ?

533 3694 776 3759 Domine,
809 3710 843 3748 ιι
865 3693 1048 3764 paucis
1080 3693 1143 3746 de
1173 3703 1311 3746 terra
1342 3692 1516 3746 divide
1545 3709 1650 3746 eos.
1677 3690 1934 3745 Precatur
1973 3697 2032 3744 ut

470 3803 501 3842 a
535 3786 722 3857 paucis
744 3785 896 3854 impii
922 3793 1258 3854 separentur,
1287 3783 1433 3852 quod
1465 3791 1546 3837 est
1569 3797 1633 3837 ac
1660 3782 1704 3836 si
1728 3781 2032 3835 divideren-

463 3891 572 3934 tur.
591 3879 820 3945 Quinam
845 3885 1023 3932 autem
1043 3885 1169 3933 sunt
1189 3875 1347 3946 pauci
1367 3876 1464 3939 illi,
1490 3875 1595 3930 nisi
1619 3875 1684 3929 de
1701 3875 1898 3944 quibus
1914 3875 2029 3926 dic-

464 3980 581 4026 tum
609 3977 720 4026 est:
741 3967 898 4023 Multi
923 3969 1130 4038 quidem
1145 3975 1267 4022 sunt
1289 3967 1457 4022 vocati
1493 3967 1647 4036 pauci
1665 3982 1780 4020 vero
1802 3966 1951 4020 electi
1969 3965 2032 4018 '?

2133 1856 2263 1920 Θεὸς
2295 1854 2385 1920 οὖς
2417 1861 2583 1927 ἐστιν,
2622 1863 2696 1926 ὡς
2717 1864 2784 1917 τὰ
2819 1867 2994 1921 πάντα
3028 1870 3259 1926 ἁκούων.

2207 1946 2225 2019 [
2261 1950 2406 2018 Ἐγὼ
2430 1953 2741 2021 ἐκέκραξα,
2775 1959 2868 2009 καὶ
2897 1960 2962 2013 τὰ
2990 1960 3133 2031 ἑξῆς.
3166 1965 3240 2016 Οὐ
3279 1966 3454 2038 μάτην
3487 1969 3699 2040 κράζω,

2133 2039 2247 2092 ἀλλ’
2285 2042 2406 2093 ἐπεὶ
2432 2043 2688 2109 πολλάκις
2710 2047 2966 2117 ἤκουσας,
3005 2052 3140 2104 αίτῶ
3173 2056 3265 2108 καὶ
3300 2056 3393 2109 νῦν
3425 2039 3702 2132 ἀκουσθῆ-

2133 2148 2241 2225 ναι.
2275 2134 2504 2225 Κραυγὴ
2553 2136 2607 2188 δέ
2639 2140 2753 2190 ἐστι
2799 2141 2933 2211 πρὸς
2983 2141 3112 2196 Θεὸν
3141 2146 3234 2200 καὶ
3266 2148 3298 2219 ἡ
3331 2149 3700 2225 ἐπιτεταμένη

2134 2224 2335 2294 νόησις.
2356 2223 2375 2296 ]

2203 2314 2320 2387 [Τὸ
2353 2318 2537 2388 στέαρ
2567 2322 2764 2376 αὐτῶν
2801 2326 3175 2382 συνέκλειον.
3213 2331 3388 2402 Στέαρ
3425 2334 3525 2404 τὴν
3571 2351 3704 2405 σφο-

2131 2405 2392 2478 δροτάτην
2425 2410 2720 2482 εὐημερίαν
2741 2415 2848 2467 τῶν
2877 2417 3084 2488 ἐχθρῶν
3111 2421 3379 2490 σημαίνει.
3402 2421 3421 2494 ]

2208 2500 2352 2565 Τοὺς
2374 2502 2716 2571 ὀφθαλμοὺς
2751 2507 2946 2559 αὐτῶν
2983 2510 3184 2563 ἔθεντο
3212 2513 3482 2567 ἐκκλῖναι
3523 2515 3595 2569 ἐν
3625 2515 3704 2587 τῇ

2131 2587 2230 2657 τῇ.
2268 2587 2362 2653 Εἷς
2394 2594 2612 2658 σκοπὸς,
2641 2597 2792 2664 φησὶ,
2837 2598 3058 2666 γέγονεν
3094 2601 3293 2667 αὐτοῖς,
3337 2604 3497 2656 οἱονεὶ
3539 2622 3703 2658 κατε-

2131 2681 2320 2748 νέγκαι
2355 2683 2433 2744 είς
2464 2683 2584 2753 γῆν,
2615 2686 2707 2736 καὶ
2735 2685 2801 2738 τὰ
2831 2690 3028 2759 σαρκὸς
3067 2694 3248 2744 πεῖσαι
3281 2698 3516 2764 φρονεῖν.

2214 2773 2430 2842 Ῥομφιι
2446 2777 2532 2828 ἀν
2569 2794 2684 2831 σου
2727 2779 2844 2832 ἀπὸ
2889 2781 3115 2850 ἐχθρῶν
3153 2784 3269 2837 τῶν
3312 2786 3526 2854 χειρῶν
3558 2803 3701 2844 σου.

2150 2864 2381 2937 Ἐκάστη
2419 2869 2525 2922 τῶν
2561 2871 2782 2924 δικαίων
2811 2873 2953 2944 ψυχὴ
2985 2875 3076 2926 ua!
3121 2876 3353 2945 μάλιστα
3375 2879 3480 2931 τῶν
3507 2879 3703 2934 ἑλκόν-

2131 2973 2237 3008 των
2265 2958 2391 3018 τοὺς
2439 2960 2792 3030 ἁμαρτωλοὺς
2833 2962 2892 3025 ἐξ
2934 2965 3185 3028 ἀσεϐείας
3231 2969 3310 3030 είς
3352 2968 3700 3036 θεοσέϐειαν,

2130 3049 2290 3099 οἱονεί
2308 3066 2423 3111 πως
2437 3053 2680 3121 ῥομφαία
2697 3054 2841 3105 ἐστὶν
2860 3057 3168 3126 ἠκονημένη
3187 3060 3326 3111 κατά
3340 3060 3446 3112 τῶν
3461 3079 3592 3114 πνευ
3602 3063 3703 3132 μάε

2131 3156 2237 3192 των
2261 3140 2361 3210 τῆς
2391 3143 2669 3214 πονηρίας.
2709 3147 2920 3216 Ταύτην
2951 3143 3040 3200 οὖν
3073 3147 3170 3218 τὴν
3206 3151 3497 3219 ῥομφαίαν,
3530 3146 3575 3204 ὦ
3603 3155 3704 3206 Δέ-

2137 3246 2324 3295 σποτα,
2361 3233 2544 3302 φησὶν,
2580 3235 2644 3304 ἣν
2674 3235 2834 3299 αὐτὸς
2864 3237 3005 3290 κατά
3043 3239 3149 3291 τῶν
3181 3240 3287 3293 σῶν
3326 3243 3534 3312 ἐχθρῶν
3565 3247 3705 3313 ἠκό-

2133 3337 2319 3390 νησας,
2353 3323 2508 3393 ῥῦσαι
2543 3326 2650 3378 ἀπὸ
2683 3327 2789 3379 τῶν
2839 3329 3046 3400 ἐχθρῶν
3081 3332 3179 3401 τῆς
3229 3333 3326 3403 σῆς
3354 3335 3554 3405 χειρός.
3607 3337 3707 3388 Τί·-

2133 3430 2220 3476 νες
2241 3414 2284 3466 δ’
2317 3413 2381 3467 ἂν
2403 3413 2512 3469 εἷεν
2540 3419 2588 3470 οἱ
2625 3419 2726 3488 τῆς
2758 3421 2939 3492 χειρὸς
2963 3421 3055 3475 τοῦ
3086 3424 3218 3478 Θεώ
3249 3425 3432 3497 ἐχθροὶ
3465 3427 3497 3498 ἢ
3527 3430 3577 3481 oi
3611 3430 3707 3483 ἀν-

2133 3503 2442 3574 θιστάμενοι
2473 3509 2536 3577 τῇ
2582 3509 2660 3571 εἰς
2695 3509 2782 3562 τὸν
2822 3512 3097 3582 Μονογενῆ
3131 3510 3292 3567 αἱ)τοῦ
3319 3516 3518 3582 πίστει,
3550 3519 3706 3583 ὅστις

2134 3595 2248 3648 ἐστὶ
2281 3597 2373 3650 καὶ
2402 3599 2523 3670 χεὶρ
2555 3601 2751 3666 αὐτούς

2203 3687 2397 3754 Κύριε,
2439 3689 2556 3742 ἀπὸ
2599 3691 2816 3760 ὀλίγων
2853 3693 2972 3748 ἀπὸ
3030 3695 3142 3764 τῆς
3200 3697 3548 3768 διαμέρισον
3592 3705 3706 3758 αὐ-

2134 3779 2294 3843 τούς.
2331 3780 2672 3852 Χωρισθῆναι
2700 3785 2823 3848 τοὺς
2847 3787 3065 3851 ἀσεϐεῖς
3093 3789 3198 3842 τῶν
3224 3791 3417 3858 ὀλίγων
3453 3792 3699 3863 εὔχεται,

2135 3868 2293 3958 οἱονεί
2318 3887 2432 3932 πως
2471 3871 2904 3944 διαμερισθῆναι.
2931 3878 3085 3942 Τίνες
3109 3880 3166 3932 δὲ
3187 3882 3235 3933 oi
3263 3881 3430 3951 ὀλίγοι
3482 3885 3514 3955 ἦ
3569 3888 3704 3958 περὶ

2135 3953 2210 4012 ὧν
2239 3959 2484 4014 λέλεκται
2503 3979 2517 3994 υ
2548 3966 2770 4018 Πολλοὶ
2799 3967 2916 4035 μὲν
2937 3971 3167 4038 κλητοὶ,
3205 3973 3393 4042 ὀλίγοι
3425 3953 3702 4044 65¢st-

2136 4052 2264 4105 κτοι
3228 4052 3235 4058 ’

534 4215 724 4272 Daniel
740 4216 1010 4272 Barbarus
1028 4215 1358 4286 :Praeparata
1373 4223 1476 4283 est,
1501 4215 1695 4286 inquit,
1717 4215 1822 4269 illis
1839 4216 2047 4271 occulta
2066 4233 2220 4288 paena
2240 4235 2359 4289 quae
2386 4235 2555 4288 usque
2581 4220 2645 4275 ad
2664 4221 2871 4276 viscera
2901 4223 3218 4292 penetrabit,
3232 4226 3383 4294 juxta
3403 4227 3530 4283 illud
3551 4228 3699 4301 quod

464 4307 530 4365 de
557 4307 693 4365 Juda
714 4310 918 4364 dictum
940 4317 1024 4365 est
1048 4327 1061 4363 :
1090 4308 1157 4363 Et
1190 4309 1405 4363 intravit
1427 4308 1730 4363 maledictio
1752 4313 1904 4379 quasi
1938 4327 2076 4380 aqua
2115 4313 2169 4364 in
2202 4314 2456 4366 interiora
2491 4313 2622 4377 ejus,
2649 4325 2696 4366 et
2718 4316 2852 4368 sicut
2877 4317 3046 4370 oleant
3070 4319 3122 4370 in
3145 4319 3348 4373 assibus
3376 4321 3489 4389 ejus
3519 4323 3563 4374 ³.

535 4463 602 4517 Et
635 4464 696 4519 de
717 4463 1035 4518 absconditis
1068 4465 1172 4518 tuis
1197 4463 1507 4533 adimpletus
1534 4474 1609 4518 est
1637 4475 1807 4519 venter
1834 4483 2032 4522 eorum.

2208 4470 2315 4522 Καὶ
2341 4469 2460 4524 τῶν
2495 4473 2910 4543 κεκρυμμένων
2951 4491 3065 4530 σου
3093 4477 3368 4547 ἐπλήσθη
3399 4483 3436 4550 ἡ
3467 4486 3706 4557 γαστὴρ

463 4555 749 4621 Omnibus,
778 4557 970 4626 inquit,
1003 4555 1255 4626 pretiosis
1283 4556 1438 4625 potiti
1475 4565 1604 4611 sunt
1636 4573 1650 4622 ;
1685 4557 1914 4627 ideoque
1954 4559 2029 4612 ita

464 4646 895 4712 recalcitrarunt,
930 4661 989 4700 ut
1030 4645 1531 4715 praavaricarentur.
1579 4645 1699 4698 Alio
1733 4649 1907 4699 modo.
1954 4645 2032 4699 De

466 4737 782 4790 absconditis
815 4737 939 4804 tuis,
985 4753 1050 4792 ac
1080 4739 1125 4792 si
1159 4738 1382 4804 diceret,
1417 4753 1554 4807 quas
1597 4744 1656 4790 tu
1704 4753 1894 4807 poenas
1934 4753 2030 4792 oc-

465 4829 606 4884 culte
641 4833 804 4896 nosti,
839 4845 940 4900 ego
973 4829 1186 4901 ignoro,
1236 4830 1303 4885 iis
1351 4830 1512 4900 imple
1554 4838 1771 4885 ventres
1815 4845 2028 4892 eorum.

462 4923 605 4992 quod
647 4922 947 4992 periphrasi
993 4923 1218 4987 dictum,
1269 4939 1389 4992 pro,
1439 4939 1531 4976 eos
1578 4922 1744 4993 ipsos.
1790 4907 2032 4976 Saturati

457 5023 578 5067 sunt
601 5013 752 5082 ﬁliis,
781 5022 828 5068 et
849 5014 1159 5069 dimiserunt
1186 5014 1431 5084 reliquias
1462 5030 1588 5067 suas
1634 5012 1866 5082 parvulis
1899 5014 2033 5067 suis.

455 5107 616 5161 Omni
648 5106 836 5176 repleti
875 5115 1003 5162 sunt
1043 5106 1347 5178 iniquitate,
1381 5115 1434 5162 et
1466 5122 1585 5161 eam
1619 5105 1745 5162 ﬁliis
1775 5107 2032 5161 transmio

457 5208 666 5256 serunt.

432 5320 438 5337 .
526 5287 723 5360 [Atque
747 5289 918 5359 ipsam
947 5289 1214 5360 reliquere
1239 5290 1478 5359 parvulis
1512 5290 1744 5346 ﬁliorum
1773 5304 2019 5357 suorum,

455 5381 660 5434 scilicet
690 5395 862 5450 usque
882 5380 948 5434 ad
975 5379 1316 5453 abnepotes]

427 5457 432 5464 ’
525 5471 612 5526 15.
658 5474 768 5540 Ego
795 5481 970 5526 autem
994 5473 1048 5526 in
1069 5474 1275 5528 iustitia
1306 5473 1561 5543 apparebo
1585 5477 1881 5545 conspectui
1911 5485 2020 5528 tuo.

520 5651 546 5683 ⁸
585 5647 750 5702 Matth
810 5664 900 5716 xx,
935 5648 1020 5702 ιι).
1106 5653 1124 5682 ⁸
1163 5649 1303 5706 Psal.
1340 5666 1488 5716 cvm,
1521 5651 1606 5708 l8.

2135 4559 2348 4612 αὐτῶν.
2388 4562 2630 4627 Πάντων,
2663 4566 2812 4635 φησὶ,
2857 4566 2964 4619 τῶν
2997 4569 3192 4637 τιμίων
3226 4571 3542 4628 ἀπέλαυσαν
3570 4595 3584 4606 ·
3621 4579 3704 4632 διὸ

2136 4650 2610 4708 καὶάπελάκτισαν
2644 4654 2834 4722 οὕτως,
2858 4655 2932 4718 ὡς
2961 4660 3052 4710 καὶ
3086 4664 3438 4731 παρανομεῖν.
3478 4667 3604 4721 Τῶν
3645 4671 3702 4722 δὲ

2137 4740 2558 4807 κεκρυμμένων
2591 4756 2704 4796 σου
2735 4745 2857 4797 ἀντὶ
2881 4746 2995 4811 τοῦ,
3024 4741 3097 4801 ὧν
3119 4753 3176 4804 ἐν
3204 4753 3508 4826 ἀποκρύφῳ
3539 4777 3706 4831 τιμω-

2140 4833 2268 4902 ριῶν
2292 4833 2432 4902 ἔχεις
2457 4836 2551 4906 τὴν
2578 4837 2795 4904 γνῶσιν,
2834 4837 2943 4906 ἐγὼ
2969 4841 3166 4908 ἀγνοῶ,
3194 4843 3396 4898 τούτων
3421 4847 3706 4922 ἔμπλησον

2137 4925 2233 4987 τὰς
2263 4927 2533 4998 γαστέρας
2568 4928 2764 4994 αὐτῶν,
2809 4935 3250 5000 περιφραστικῶς
3283 4937 3436 5002 ἀντὶ,
3481 4941 3700 5008 αὐτούς.

2151 5015 2637 5084 Ἐχορτάσθησαν
2662 5018 2824 5083 υἱῶν,
2858 5021 2954 5072 καὶ
2992 5021 3234 5090 ἀφῆκαν
3265 5024 3334 5076 τὰ
3365 5029 3705 5086 κατάλοιπα

2132 5106 2253 5174 τοῖς
2306 5111 2543 5175 νηπίοις
2595 5109 2808 5164 αὐτῶν.
2864 5114 3089 5184 Πάσης,
3150 5119 3303 5187 φησὶ,
3353 5126 3705 5196 παρανομίας

2128 5202 2496 5274 ἐπλήσθησαν,
2521 5206 2612 5259 καὶ⁴
2637 5208 2717 5270 εἰς
2748 5208 2938 5271 παῖδας
2972 5209 3028 5262 δὲ
3052 5211 3254 5283 ταύτην
3279 5217 3673 5287 παρέπεμψαν.

2197 5294 2340 5366 [Καὶ
2367 5297 2568 5368 ταύτην
2601 5300 2922 5369 κατέλεινᾷαν
2952 5305 3061 5366 τοῖς
3084 5305 3297 5375 νηπίοις
3318 5306 3425 5360 τῶν
3449 5311 3586 5363 υἱῶν
3612 5315 3703 5365 αὑ-

2125 5387 2252 5450 τῶν,
2283 5388 2447 5458 ἤγουν
2483 5391 2643 5460 μέχρι
2677 5393 2933 5460 ἐκγόνων.
2962 5393 2981 5465 ]

2209 5477 2354 5552 Ἐγὼ
2389 5478 2455 5532 δὲ
2484 5481 2553 5534 ἐν
2576 5480 2928 5552 δικαιοσύνῃ
2975 5485 3309 5556 ὀφθήσομαι
3351 5489 3428 5554 τῷ
3466 5492 3698 5560 προσώ-
