3874 6218
177 301 280 358 109

1255 297 1616 356 EXPOSITIO
1660 302 1726 356 IN
1778 304 2110 363 PSALMUM
2147 308 2310 363 XVII.

3314 327 3416 382 ΗΟ

173 431 266 480 mp
295 427 432 468 σου.
465 411 576 482 Οὐχ
611 409 1016 480 ὀμοιωθὴσομαι
1047 411 1297 475 ἐκείνοις,
1323 413 1443 466 οὐδὲ
1491 413 1598 466 τῶν
1643 415 1722 468 αὐ-

1844 417 1958 471 Νοη
1989 433 2082 472 ero
2106 421 2300 476 similis
2330 421 2463 488 illis,
2493 438 2667 493 neque
2703 426 2894 482 iisdem
2934 432 3087 500 queis
3127 434 3204 488 illi
3240 440 3412 495 satia-

170 505 302 571 τῶν,
331 502 488 573 φησὶ,
515 499 983 573 χορτασθήσομαι·
1018 499 1155 553 ἀλλὰ
1185 501 1282 571 τῆς
1316 501 1413 571 σῆς
1445 501 1602 573 δόξης
1644 505 1742 572 ἐμ-

172 593 563 669 πλησθήσομαι
593 592 680 646 διὰ
707 591 930 645 δικαίων
962 591 1160 662 ἔργων.

170 731 282 799 Εὶς
315 730 382 784 τὸ
418 728 594 793 τέλος
632 727 711 792 τῷ
751 727 912 782 παιδὶ
948 729 1168 795 Κυρίου
1205 727 1286 792 τῷ
1317 729 1516 793 Δαυτὸ,
1547 729 1585 785 ἃ
1607 730 1745 784 ἐλά-

245 826 404 890 λησε
441 817 521 883 τῷ
545 818 740 885 Κυρίῳ
772 818 914 883 τοὺς
938 820 1160 886 λόγους
1183 819 1306 888 ,τῆς
1337 819 1496 888 ᾠδῆς
1524 822 1743 890 ταύτης

249 915 320 967 ἐν
352 913 541 980 ἡμέρᾳ
570 905 609 980 ᾗ
637 911 932 978 ἐρρύσατο
958 910 1146 963 αὑτὸν
1177 913 1394 979 Κύριος
1436 913 1504 965 ἐκ
1547 915 1743 982 χειρὸς

245 1004 487 1058 πάντων
520 1002 639 1055 τῶν·
667 1002 894 1070 ἐχθρῶν
939 1003 1123 1057 αὑτοῦ
1167 1004 1266 1057 καὶ
1307 1006 1375 1058 ἐκ
1407 1007 1602 1074 χειρὸς
1632 1006 1744 1062 Σα-

239 1096 380 1161 οὺλ,
414 1093 513 1147 καὶ
544 1088 732 1147 εἶπεν.
759 1095 866 1147 IZ'.

779 1247 800 1270 ‘
811 1253 1100 1317 Υπόθεσις
1108 1290 1121 1304 .

168 1387 421 1458 Περιέχει
449 1389 478 1440 ὁ
504 1386 712 1456 ψαλμὺς
754 1386 1118 1439 ἐπανάστασιν
1157 1385 1365 1457 ἐχυρῶν
1392 1389 1485 1440 καὶ
1511 1389 1740 1460 ἐπίκλη-

243 1496 329 1530 σιν
373 1479 450 1540 εἰς
488 1477 800 1546 συμμαχίαν
846 1476 1000 1540 Θεοῦ,
1036 1477 1130 1529 καὶ
1160 1477 1382 1530 κάθοδον
1429 1477 1523 1530 τοῦ
1562 1481 1738 1533 Μονο-

237 1568 430 1638 γενοῦς
471 1571 564 1622 καὶ
601 1568 887 1638 ἀνάληψιν,
928 1569 1023 1621 καὶ
1067 1568 1205 1638 μετὰ
1245 1568 1339 1639 τὴν
1382 1570 1645 1641 ἀνάληψιν
1671 1572 1740 1625 τά

239 1661 381 1714 κατά
429 1660 537 1712 τῶν
572 1659 840 1730 δαιμόνων
878 1659 1205 1730 πραχθέντα,
1248 1661 1340 1714 καὶ
1389 1659 1481 1714 τοῦ
1528 1663 1739 1734 Ἰσραὴλ

1847 507 1984 563 hor:
2018 511 2110 565 sed
2143 520 2233 565 tua
2266 513 2434 582 gloria
2462 529 2556 583 per
2586 515 2725 601 bona
2753 532 2916 586 opera
2948 522 3216 590 replebor.

1843 732 1988 787 LIn
2033 736 2188 804 finem
2237 755 2396 806 puero
2445 740 2654 796 Domini
2699 744 2890 814 David,
2941 766 3059 820 qua:
3089 751 3294 809 locutus
3333 767 3409 809 est

1918 823 2144 879 Domino
2196 828 2348 882 verba
2392 834 2586 885 cantici
2635 835 2813 904 hujus,
2870 839 2925 893 in
2953 841 3038 894 die
3077 861 3178 912 qua
3215 847 3408 916 eripuit

1913 930 2030 968 eum
2061 915 2318 971 Dominus
2348 922 2410 973 de
2437 938 2594 975 manu
2631 929 2865 981 omnium
2904 931 3237 989 inimicorum
3268 938 3403 1007 ejus,

1915 1017 1966 1060 et
1993 1009 2056 1062 de
2076 1026 2231 1065 manu
2261 1011 2414 1080 Saul,
2454 1027 2502 1070 et
2527 1016 2684 1074 dixit.
2711 1021 3052 1083 PSALMUS
3081 1027 3277 1087 XVII.

2423 1261 2820 1331 Argumentum.

1838 1380 2092 1446 Continet
2118 1392 2361 1460 psalmus
2406 1397 2761 1468 irruptionem
2795 1399 3165 1470 inimicorum,
3208 1416 3266 1463 et
3302 1408 3404 1464 im-

1918 1479 2272 1547 plorationem
2319 1489 2506 1542 auxilii
2554 1491 2695 1560 Dei;
2735 1495 3054 1550 descensum
3103 1497 3400 1569 Un-igeniti,

1906 1581 1960 1625 et
1985 1579 2408 1646 assumptionem
2429 1582 2566 1651 ejus,
2591 1592 2644 1638 et
2665 1596 2783 1655 post
2799 1589 3253 1658 assumptionem,
3280 1609 3403 1662 quas

1907 1671 2094 1716 contra
2120 1664 2391 1724 daemones
2423 1680 2539 1726 acta
2565 1682 2715 1741 sunt,
2744 1676 3068 1744 ejectionem
3109 1678 3322 1737 lsraelis
3349 1693 3406 1739 et

233 1753 485 1823 ἐκϐολὴν,
519 1753 617 1806 καὶ
645 1750 754 1804 τῶν
789 1750 955 1805 ἐθνῶν
990 1753 1199 1823 κλῆσιν.
1232 1753 1304 1805 Τὸ
1335 1753 1412 1816 δὲ,
1447 1754 1514 1807 ἐκ
1538 1755 1722 1822 χειρὸς

1906 1753 2142 1820 genti-um
2169 1760 2524 1816 vocationem.
2545 1763 2680 1819 lllud
2699 1768 2980 1831 autem,-de
3000 1784 3158 1823 manu
3171 1773 3404 1828 inimico-

238 1844 361 1897 τῶν
388 1842 616 1912 ἐχθρῶν
643 1843 849 1907 αὐτοῦ,
885 1844 984 1899 καὶ
1025 1845 1093 1897 ἐκ
1118 1845 1317 1913 χειρὸς
1349 1846 1568 1910 Σαοὺλ,
1601 1849 1734 1900 ὰνα-

239 1935 444 2007 φέροιτ’
477 1933 540 1987 ἂν
571 1936 652 1998 εἰς
690 1936 817 1997 τοὺς
848 1934 1070 2005 νοητοὺς
1099 1936 1325 2005 ἐχθροὺς
1368 1937 1461 1990 καὶ
1488 1937 1577 1990 τὸν
1609 1936 1729 1990 τού-

235 2044 347 2094 των
376 2027 633 2096 ἄρχοντα.

149 2107 158 2130 ⁵
249 2116 561 2186 Ἀγαπήσω
593 2130 696 2180 σε,
737 2116 934 2183 Κύριε,
964 2117 1149 2184 ιὶσχύς
1175 2132 1324 2184 μου’
1360 2119 1576 2184 Κύριος
1601 2133 1735 2172 στε-

145 2205 360 2275 ρέωμά
405 2223 522 2274 μου
580 2205 676 2258 καὶ
723 2204 1032 2274 καταφυγή
1078 2221 1218 2274 μου.
1260 2205 1380 2258 Τῶν
1410 2206 1734 2278 εὐεργεσιῶν

161 2298 488 2368 αἰσθόμενος
542 2296 635 2348 τοῦ
685 2295 842 2360 Θεοῦ,
891 2298 1026 2366 ὅπερ
1078 2297 1194 2349 ἐστὶ
1231 2297 1487 2367 μέγιστον
1540 2299 1727 2370 δῶρον,

157 2390 484 2461 ἀνατίθησιν
508 2389 674 2460 αὐτῷ,
705 2389 801 2460 τὴν
831 2389 1050 2459 ἀγάπην
1079 2390 1220 2460 φημί
1241 2407 1252 2418 ·
1287 2392 1352 2460 ἣν
1385 2391 1477 2444 καὶ
1507 2392 1731 2464 πρώτην

153 2484 192 2535 ὁ
213 2481 406 2552 Σωτὴρ
440 2484 496 2534 ἐν
527 2480 762 2543 ἐντολαῖς
792 2480 997 2546 ἔταξεν.

235 2571 436 2627 Αἰγῶν
461 2570 922 2640 ἐπεκαλεσάμην
973 2571 1084 2623 τὸν
1130 2571 1346 2639 Κύριον
1375 2571 1471 2626 καὶ
1502 2573 1569 2627 ἐκ
1613 2572 1731 2628 τῶν

154 2664 392 2733 ἐχθρῶν
443 2681 560 2732 μου
620 2662 985 2730 σωθήσομαι.
1065 2663 1324 2716 Ἐνταῦθα
1374 2664 1730 2752 διδασκόμεθα

159 2756 323 2826 χάριν
366 2755 464 2825 μὲν
485 2754 764 2824 ὁμολογεῖν
799 2755 936 2824 ὑπὲρ
963 2754 1465 2827 τῶνὺπηργμένων
1488 2757 1726 2823 ἀγαθῶν·

155 2848 335 2898 αἰτεῖν
363 2845 421 2897 δὲ
453 2845 616 2897 πάλιν
646 2843 714 2896 τά
739 2844 1003 2898 ἐνδέοντα.
1030 2841 1162 2896 Εἶτα
1189 2844 1454 2915 διηγεῖται
1483 2846 1580 2911 τὰς
1604 2865 1729 2900 παν-

154 2936 402 2999 τοδαπὰς
431 2936 538 2988 τῶν
574 2935 844 3004 πολεμίων
868 2936 1278 2997 ἐπαναστάσεις.

227 3027 558 3098 Περιέσχον
583 3044 660 3095 με
703 3025 909 3090 ὠδῖνες
947 3025 1224 3080 θανάτου.
1261 3027 1510 3091 Οὐδενὸς,
1543 3029 1723 3098 φησιν,

1900 1856 2016 1894 rum
2053 1846 2165 1912 ejus
2201 1859 2248 1899 et
2271 1849 2332 1902 de
2364 1866 2524 1905 manu
2556 1852 2757 1922 Saulis,
2785 1857 2850 1912 ad
2877 1858 3186 1927 spirituales
3207 1863 3397 1922 hostes

1903 1942 1958 1986 et
1987 1934 2181 1990 borum
2215 1941 2514 2012 principem
2546 1945 2739 2002 referri
2771 1958 2970 2018 potest.

1901 2109 1954 2167 2.
2006 2114 2235 2186 Diligam
2283 2129 2348 2186 te,
2389 2121 2636 2189 Domine,
2671 2127 2930 2195 fortitudo
2971 2148 3104 2198 mea,
3143 2131 3400 2192 Dominus

1832 2205 2222 2271 ﬁrmamentum
2271 2230 2441 2268 meum
2501 2228 2551 2270 et
2597 2221 2857 2291 refugium
2897 2242 3087 2282 meum.
3126 2227 3260 2285 Cum
3303 2233 3398 2288 Dei

1833 2300 2063 2353 senserit
2091 2301 2369 2371 beneﬁcia,
2397 2308 2540 2375 quod
2556 2311 2798 2366 omnium
2824 2314 3088 2370 donorum
3111 2328 3195 2374 est
3225 2325 3399 2377 maxi-

1833 2401 1981 2439 mum
2021 2389 2177 2443 oll‘ert
2214 2393 2341 2472 ipsi,
2369 2410 2561 2464 nempe
2599 2399 2942 2470 cliaritatem,
2974 2407 3063 2460 cui
3099 2410 3304 2477 primas
3336 2413 3393 2467 in

1830 2479 2111 2546 praeceptis
2143 2479 2392 2537 Salvator
2418 2485 2629 2540 detulit.

1898 2564 1952 2619 3.
1999 2565 2247 2626 Laudans
2298 2573 2529 2626 invocavi
2583 2575 2882 2647 Dominum,
2931 2592 2981 2635 et
3040 2586 3104 2637 ab
3159 2588 3388 2646 inimicis

1829 2658 1956 2711 meis
2001 2659 2176 2714 salvus
2224 2680 2331 2717 ero.
2376 2662 2474 2721 Hic
2519 2665 2780 2724 docemur
2812 2674 3038 2742 gratiam
3073 2677 3276 2735 referre
3319 2681 3388 2736 de

1829 2748 1987 2804 bonis
2028 2754 2225 2818 quibus
2269 2757 2414 2810 aucti
2462 2773 2649 2816 sumus
2687 2779 2700 2815 :
2741 2772 2795 2817 et
2839 2779 3059 2820 rursum
3113 2770 3390 2838 postulare

1829 2855 1949 2909 quae
1981 2843 2194 2898 desunt.
2241 2845 2501 2927 Deinceps
2537 2860 2715 2906 autem
2754 2853 2996 2913 diversas
3039 2870 3255 2915 enarrat
3283 2862 3391 2917 ini-

1828 2933 2091 2988 micorum
2130 2937 2478 3007 irruptiones.

1897 3025 1949 3078 5.
1997 3025 2459 3083 Circumdederunt
2499 3049 2578 3087 me
2608 3035 2817 3090 dolores
2862 3043 3064 3096 mortis.
3095 3040 3210 3098 Non
3244 3062 3391 3103 mar-

153 3120 396 3173 ἐνταῦθα
438 3117 675 3189 πολέμου
727 3117 920 3186 θνητοῦ
957 3118 1250 3189 μέμνηται,
1285 3117 1419 3171 ἀλλά
1445 3118 1722 3189 δυνάμεων

1842 3115 1934 3169 tale
1962 3117 2047 3172 hic
2066 3119 2263 3174 beilum
2283 3135 2566 3188 memorat,
2595 3127 2687 3182 sed
2730 3128 3026 3188 invisibiles
3069 3145 3386 3206 potestates,

150 3210 404 3280 ἀφανῶν,
436 3210 582 3264 ἔνδον
608 3211 705 3283 τὴν
729 3211 904 3282 ψυχὴν
926 3211 1088 3264 αὐτοῦ
1114 3210 1443 3264 κυκλουσῶν.
1477 3211 1587 3263 Καὶ
1606 3212 1726 3279 χεί-

145 3305 369 3372 μαρῤοι
407 3303 657 3372 ἀνομίας
687 3301 1049 3370 ἐξετάραξάν
1071 3319 1165 3370 με.
1213 3300 1433 3366 Ὤδῐνες
1451 3300 1597 3367 ᾅδου
1624 3317 1725 3354 πε-

143 3395 575 3463 ριεκύκλωσάν
599 3413 677 3464 με
704 3412 719 3426 ο
749 3392 1137 3463 προέφθασάν
1154 3409 1233 3460 με
1271 3392 1516 3460 παγίδες
1545 3391 1724 3447 θανά-

149 3502 283 3541 του.
326 3487 630 3558 Χείμαρροι
673 3488 899 3556 ἀνομίας
949 3487 1085 3539 εἰσὶν
1127 3488 1174 3538 οἱ
1224 3486 1524 3556 παράνομοι
1580 3486 1724 3554 λογι-

148 3578 284 3648 σμοί
307 3595 320 3606 ·
349 3569 496 3631 οὗτοι
529 3576 585 3630 δὲ
619 3576 770 3629 αὐτοὶ
797 3577 888 3630 καὶ
915 3577 1103 3639 ὠδῖνες
1141 3576 1427 3629 καλοῦνται
1460 3577 1726 3647 χρονίζον-

145 3685 244 3731 τες
271 3669 329 3719 ὲν
358 3669 512 3738 ἡμῖν,
556 3668 651 3720 καὶ
695 3666 854 3719 πάλιν
899 3667 1142 3734 παγίδες,
1191 3667 1542 3731 θανατοῦντες
1576 3670 1721 3739 ἡμᾶς

142 3758 240 3811 διὰ
271 3759 370 3828 τῆς
405 3761 521 3811 κατ’
555 3757 832 3831 ἐνέργειαν
868 3758 1160 3828 ἁμαρτίας.

222 3850 336 3904 Kal
355 3850 656 3917 ἐσαλεύθη
699 3849 794 3903 καὶ
824 3849 1108 3918 ἔντρομος
1139 3849 1391 3919 ἐγενήθη
1430 3851 1468 3919 ἡ
1505 3849 1602 3920 γῆ.
1639 3851 1718 3904 Τὰ

147 3941 501 4014 παραχθέντα
543 3941 665 3994 τότε
709 3941 801 3993 ἐπὶ
843 3943 906 4010 τῇ
940 3940 1150 4010 καθόδῳ
1191 3940 1282 3994 τοῦ
1325 3941 1527 4011 Κυρίου
1568 3943 1717 4012 εἰση-

146 4035 363 4102 γεῖται·
399 4031 600 4094 πάντες
627 4032 735 4104 γὰρ
781 4032 829 4083 οἱ
868 4032 964 4102 τὴν
1005 4031 1110 4100 γῆν
1157 4032 1429 4095 οἰκοῦντες
1461 4033 1715 4104 ἐκινήθη-

146 4141 251 4178 σαν
270 4142 284 4154 ο
324 4123 474 4178 πᾶσά
506 4140 563 4176 τε
604 4121 756 4193 χώρα
785 4121 1088 4193 ἐπληροῦτο
1119 4120 1220 4192 τῆς
1253 4123 1381 4193 περὶ
1408 4123 1572 4175 αὐτοῦ
1611 4125 1714 4195 φή-

147 4231 280 4286 μης.
317 4213 425 4268 Καὶ
468 4211 542 4266 τὰ
593 4211 838 4281 θεμέλια
875 4210 994 4265 τῶν
1045 4211 1230 4280 ὀρέων
1276 4212 1714 4282 ἐταράχθησαν.

147 4308 294 4378 Ὄρη
323 4306 579 4378 δυνάμεις
602 4304 708 4357 εἰσὶ
731 4304 966 4374 πονηραὶ
991 4304 1046 4356 αἱ
1073 4304 1427 4374 ἐπαιρόμεναι
1455 4305 1592 4358 κατὰ
1614 4306 1716 4376 τῆς

1825 3207 1971 3262 intus
1999 3210 2234 3264 animam
2261 3213 2430 3281 ipsius
2459 3216 2876 3277 circumdantes.
2906 3222 2974 3276 Et
3011 3234 3264 3283 torrentes
3290 3231 3390 3285 ini-

1823 3298 2037 3365 quitatis
2067 3301 2507 3357 conturbauerunt
2547 3323 2644 3361 me.
2674 3308 2895 3365 Dolores
2932 3314 3130 3383 inferni
3164 3320 3388 3373 circum-

1823 3388 2073 3443 dederunt
2126 3409 2226 3456 me,
2274 3410 2765 3466 praeoccupaverunt
2818 3419 2897 3456 me
2953 3405 3126 3476 laquei
3179 3412 3384 3467 mortis.

1820 3472 2112 3536 Torrentes
2154 3483 2454 3554 iniquitatis
2494 3498 2621 3543 sunt
2661 3506 2840 3559 pravae
2883 3495 3276 3565 cogitationes:
3309 3517 3387 3556 eae

1822 3571 1964 3624 enim
1991 3573 2119 3642 ipsae
2145 3574 2361 3633 dolores
2391 3589 2652 3634 vocantur
2679 3597 2801 3636 cum
2841 3583 2931 3637 diu
2982 3585 3036 3638 in
3080 3589 3236 3643 nobis
3262 3605 3386 3658 per-

1822 3675 2090 3730 severant,
2136 3677 2188 3720 et
2241 3667 2435 3724 iterum
2483 3671 2682 3741 laquei,
2737 3675 2862 3744 quia
2889 3690 2988 3733 nos
3030 3693 3126 3748 per
3169 3683 3386 3737 actui-le

1819 3770 1980 3824 pecca
1989 3767 2099 3812 tum
2125 3772 2369 3816 enecant.

1890 3847 1942 3900 8-.
1990 3847 2262 3904 Commota
2288 3861 2364 3905 est
2401 3862 2453 3906 et
2480 3864 2791 3912 contremuit
2825 3868 2983 3916 terra.
3015 3861 3146 3931 Quae
3191 3866 3248 3920 in
3287 3867 3382 3922 de-

1817 3950 2014 3992 scensu
2055 3937 2269 3994 Domini
2293 3957 2520 3998 evenere
2550 3955 2756 4002 narrat.
2788 3948 2988 4006 Omnes
3013 3955 3155 4007 enim
3189 3954 3381 4010 incola

1819 4033 1976 4080 terra:
2014 4030 2269 4084 commoti
2300 4039 2447 4095 sunt,
2473 4034 2622 4104 regio
2651 4039 2832 4092 omnis
2863 4040 2982 4108 ejus
3002 4039 3147 4098 fama
3175 4046 3382 4113 repleta

1817 4128 1918 4173 est.
1961 4117 2327 4176 Fundamenta
2353 4125 2608 4178 montium
2645 4128 2960 4185 conturbata
2993 4144 3135 4188 sunt.
3167 4133 3380 4193 Montes-

1816 4217 1945 4262 sunt
1967 4211 2213 4281 malignae
2242 4220 2553 4282 potestates,
2589 4233 2712 4286 quae
2745 4220 3158 4279 insurrexerunt
3184 4225 3374 4280 adven-

1818 4314 1912 4354 sus
1958 4300 2050 4356 Dei
2100 4302 2346 4374 gloriam.
2403 4306 2774 4365 Fundamenta
2822 4322 3000 4368 autem
3057 4331 3242 4370 eorum
3301 4319 3376 4373 ait

142 4397 308 4469 δόξης
336 4395 431 4449 τοῦ
457 4397 612 4449 Θεοῦ.
645 4395 883 4466 Θεμέλια
912 4395 968 4448 δὲ
999 4395 1177 4448 αὐτῶν
1202 4397 1326 4458 τοὺς
1359 4396 1418 4447 ἐν
1451 4395 1602 4465 βάθει
1631 4397 1716 4450 λο-

1842 4392 2116 4449 profundas
2151 4397 2525 4467 cogitationes.
2560 4399 2628 4454 Et
2672 4413 2930 4458 commota
2963 4417 3085 4458 sunt
3127 4410 3374 4477 quoniam

142 4489 382 4559 γισμούς
415 4494 596 4568 φησινε
642 4488 754 4543 Καὶ
805 4487 1262 4551 ἐσαλεύθησιεν,
1320 4485 1408 4539 ὅτι
1451 4487 1710 4557 ὠργίσθη

140 4580 349 4645 αὐτοῖς
378 4583 413 4634 ὀ
444 4581 602 4645 Θεός.
635 4579 776 4632 Διότι
813 4581 870 4632 ἐν
906 4575 1100 4649 μακρῷ
1123 4577 1279 4631 αίῶνι
1321 4579 1447 4641 τοὺς
1485 4580 1575 4632 ἐπὶ
1613 4581 1710 4651 τῆς

139 4674 248 4744 γῆς
275 4672 563 4741 ἠπάτησαν
593 4670 682 4724 διά
710 4671 808 4741 τῆς
836 4668 1095 4723 πολυθέου
1129 4669 1568 4739 δεισιδαιμονίας.

221 4763 432 4831 Ἀνέϐη
456 4762 684 4828 καπνὸς
708 4763 778 4814 ἐν
799 4760 946 4832 ὀργῇ
969 4759 1176 4814 αὑτοῦ.
1210 4761 1534 4830 Ὀργισθεὶς,
1553 4761 1704 4831 φησι,

135 4853 471 4910 κατέσϐεσεν
505 4853 684 4906 αὐτῶν
720 4853 780 4906 τὸ
814 4852 925 4922 πῦρ
955 4853 1022 4904 δι’
1056 4848 1117 4906 οὗ
1149 4852 1316 4906 πάλαι
1344 4853 1468 4914 τοὺς
1501 4851 1708 4922 ἀνθρώ-

134 4964 274 5012 πους
303 4945 653 5014 κατέφλεγον.
694 4945 804 4997 Καὶ
851 4944 1038 4997 τούτου
1072 4943 1338 5014 σύμϐολον
1377 4944 1468 4996 τὸν
1502 4944 1707 4998 καπνὸν

131 5038 340 5108 τίθησι.
371 5036 480 5092 Καὶ
521 5037 641 5104 πῦρ
673 5036 792 5090 ἀπὸ
823 5037 1146 5103 προσώπου
1184 5035 1370 5090 αὐτοῦ
1415 5039 1706 5104 καταφλε-

131 5129 407 5199 τήσεται.
441 5128 626 5182 Ταῦτα
639 5127 745 5199 γὰρ
767 5126 904 5181 ὁτοῦ
927 5127 1060 5180 Θεοῦ
1089 5127 1216 5190 Υἱὸς
1246 5128 1460 5197 ἐνεργεῖ
1485 5126 1706 5195 ἀφανῶς

133 5219 280 5274 κατά
297 5220 409 5272 τῶν
429 5219 816 5289 ἀντικειμένων
831 5217 1113 5287 δυνάμεων
1136 5218 1197 5271 τὸ
1219 5217 1328 5288 πῦρ
1348 5217 1525 5270 αὐτῶν
1547 5217 1703 5271 σϐεν-

131 5311 227 5374 νὺς
245 5310 424 5380 ἑτέρῳ
447 5309 582 5378 πυρὶ
597 5309 864 5379 κρείττονι
896 5311 988 5362 καὶ
1007 5307 1374 5378 δυνατωτέρῳ.
1404 5305 1702 5379 [Ὁρῶντες

131 5401 240 5472 γὰρ
263 5403 313 5456 οἱ
345 5401 599 5471 δαίμονες
638 5402 727 5455 τὸν
765 5401 970 5472 Κύριον
991 5442 1006 5464 ,
1043 5403 1102 5453 ἐν
1135 5403 1199 5471 τῇ
1240 5400 1510 5472 παρουσίᾳ
1536 5399 1699 5453 αὑτοῦ

132 5491 379 5544 ἐκαίοντο
427 5491 536 5543 ἀπὸ
587 5489 876 5561 προσώπου
924 5488 1150 5562 αὐτοῦ]
1185 5490 1511 5556 Ἀνθρακες
1556 5487 1701 5553 ἀνή-

133 5585 378 5649 φθησαν
427 5583 528 5636 ἀπ’
567 5584 772 5637 αὐτοῦ.
818 5583 878 5636 Ol
933 5581 1072 5636 κατά
1105 5581 1391 5653 μετουσίαν
1415 5579 1508 5634 τοῦ
1553 5581 1698 5636 θείου

135 5675 301 5748 πυρὸς
327 5674 709 5743 φωτισθέντες.

1816 4489 1986 4540 iratus
2017 4498 2094 4542 est
2128 4490 2202 4542 eis
2237 4489 2398 4544 Deus.
2431 4489 2570 4557 Quia
2613 4494 2869 4550 diuturno
2899 4501 3156 4568 temporis
3197 4505 3373 4571 spatio

1812 4584 1968 4632 terra:
1994 4579 2198 4634 incolas
2221 4581 2549 4651 deceperunt
2583 4599 2679 4653 per
2709 4590 3145 4656 superstitiosum
3174 4596 3374 4649 multo-

1809 4685 1930 4725 rum
1958 4675 2239 4728 numinum
2271 4677 2495 4731 cultum.

1884 4762 1935 4817 9.
1989 4765 2237 4818 Ascendit
2285 4768 2463 4831 fumus
2507 4769 2562 4822 in
2596 4770 2681 4823 ira
2723 4771 2858 4840 ejus.
2917 4782 3114 4842 tratus,
3171 4776 3369 4848 inquit,

1807 4868 1996 4910 eorum
2048 4857 2225 4927 ignem
2275 4874 2385 4928 quo
2437 4860 2568 4914 olim
2633 4862 2882 4920 homines
2930 4871 3369 4938 concremabant,

1806 4945 2076 4998 restinxit.
2109 4945 2361 5018 Ignisque
2398 4950 2611 5020 signum
2641 4951 2851 5008 fumum
2879 4957 3050 5024 ponit.
3090 4942 3158 5010 Et
3183 4961 3315 5029 ignis
3336 4980 3370 5014 a

1805 5036 1940 5100 facie
1973 5037 2084 5106 ejus
2125 5040 2445 5095 exardescet.
2487 5041 2611 5098 Haec
2660 5047 2803 5100 enim
2852 5047 2944 5103 Dei
2975 5049 3139 5106 Filius
3182 5063 3366 5108 contra

1804 5127 2144 5185 adversaries
2215 5141 2509 5200 potestates
2574 5136 2785 5191 occulte
2861 5149 3118 5208 Operatur
3188 5143 3366 5211 ignem

1803 5232 1989 5273 eorum
2024 5222 2374 5291 exstinguens
2403 5226 2524 5293 igne
2565 5225 2670 5280 alio
2700 5229 2907 5296 potiore
2944 5238 2998 5283 et
3033 5233 3362 5287 ardentiore.

1805 5310 2079 5383 [Videntes
2104 5315 2244 5368 enim
2272 5315 2548 5371 daemones
2569 5317 2880 5388 Dominum,
2902 5321 2955 5374 in
2983 5321 3213 5377 adventu
3247 5323 3367 5391 ejus

1802 5403 2260 5457 comburebantur
2313 5419 2342 5457 a
2388 5403 2524 5460 facie
2569 5407 2786 5478 ipsius.]
2821 5408 3081 5463 Carbones
3129 5413 3366 5467 succensi

1800 5499 1922 5542 sunt
1961 5490 2024 5543 ab
2047 5506 2126 5544 eo.
2160 5491 2197 5545 li
2225 5491 2429 5548 scilicet
2456 5495 2549 5565 qui
2567 5510 2660 5564 per
2688 5497 3155 5566 participationem
3182 5499 3366 5554 divino

1800 5581 1921 5652 igne
1951 5593 2078 5637 sunt
2101 5582 2408 5638 illuminati.
