  <div class='ocr_page' id='page_1' title='image "/cluster/home/n/w/nwhite01/storage/ocr_20150623/27/nnc1.0046978631/063.png"; bbox 0 0 3874 6218; ppageno 0'>
   <div class='ocr_carea' id='block_1_1' title="bbox 521 299 619 356">
    <p class='ocr_par' dir='ltr' id='par_1_1' title="bbox 521 299 619 356">
     <span class='ocr_line' id='line_1_1' title="bbox 521 299 619 356; baseline -0.01 0"><span class='ocrx_word' id='word_1_1' title='bbox 521 299 619 356; x_wconf 74' lang='lat' dir='ltr'><strong>Hi</strong></span> 
     </span>
    </p>
   </div>
   <div class='ocr_carea' id='block_1_2' title="bbox 1323 292 2873 354">
    <p class='ocr_par' dir='ltr' id='par_1_2' title="bbox 1323 292 2873 354">
     <span class='ocr_line' id='line_1_2' title="bbox 1323 292 2873 354; baseline -0.003 -2"><span class='ocrx_word' id='word_1_2' title='bbox 1323 295 1380 352; x_wconf 89' lang='lat' dir='ltr'><strong>S.</strong></span> <span class='ocrx_word' id='word_1_3' title='bbox 1421 294 1791 354; x_wconf 78' lang='lat' dir='ltr'><strong>ATHANASII</strong></span> <span class='ocrx_word' id='word_1_4' title='bbox 1827 295 1977 354; x_wconf 85' lang='lat' dir='ltr'><strong>OPP.</strong></span> <span class='ocrx_word' id='word_1_5' title='bbox 2007 294 2188 352; x_wconf 76' lang='lat' dir='ltr'><strong>PARS</strong></span> <span class='ocrx_word' id='word_1_6' title='bbox 2221 295 2317 352; x_wconf 80' lang='lat' dir='ltr'><strong>Ill.</strong></span> <span class='ocrx_word' id='word_1_7' title='bbox 2353 325 2424 338; x_wconf 94' lang='lat'><strong><em>—</em></strong></span> <span class='ocrx_word' id='word_1_8' title='bbox 2461 292 2873 351; x_wconf 69' lang='lat' dir='ltr'><strong>EXEGETICA.</strong></span> 
     </span>
    </p>
   </div>
   <div class='ocr_carea' id='block_1_3' title="bbox 3652 284 3753 340">
    <p class='ocr_par' dir='ltr' id='par_1_3' title="bbox 3652 284 3753 340">
     <span class='ocr_line' id='line_1_3' title="bbox 3652 284 3753 340; baseline -0.02 -1"><span class='ocrx_word' id='word_1_9' title='bbox 3652 284 3753 340; x_wconf 74' lang='grc' dir='ltr'>ιιει</span> 
     </span>
    </p>
   </div>
   <div class='ocr_carea' id='block_1_4' title="bbox 589 404 2106 485">
    <p class='ocr_par' dir='ltr' id='par_1_4' title="bbox 589 409 2082 485">
     <span class='ocr_line' id='line_1_4' title="bbox 589 409 2082 485; baseline 0.001 -18"><span class='ocrx_word' id='word_1_10' title='bbox 589 412 678 468; x_wconf 77' lang='grc'><strong>10.</strong></span> <span class='ocrx_word' id='word_1_11' title='bbox 727 409 1014 467; x_wconf 80' lang='lat' dir='ltr'><strong>Inclinavit</strong></span> <span class='ocrx_word' id='word_1_12' title='bbox 1075 410 1250 479; x_wconf 64' lang='lat' dir='ltr'><strong>caelos,</strong></span> <span class='ocrx_word' id='word_1_13' title='bbox 1294 421 1343 467; x_wconf 89' lang='lat' dir='ltr'><strong>et</strong></span> <span class='ocrx_word' id='word_1_14' title='bbox 1385 413 1672 468; x_wconf 70' lang='lat' dir='ltr'><strong>descendit.</strong></span> <span class='ocrx_word' id='word_1_15' title='bbox 1727 413 2082 485; x_wconf 85' lang='lat' dir='ltr'><strong>Apertissime</strong></span> 
     </span>
    </p>
   </div>
   <div class='ocr_carea' id='block_1_5' title="bbox 2193 404 3754 485">
    <p class='ocr_par' dir='ltr' id='par_1_5' title="bbox 2257 404 3754 478">
     <span class='ocr_line' id='line_1_5' title="bbox 2257 404 3754 478; baseline -0.008 -12"><span class='ocrx_word' id='word_1_16' title='bbox 2257 411 2367 466; x_wconf 87' lang='lat' dir='ltr'><strong>Kal</strong></span> <span class='ocrx_word' id='word_1_17' title='bbox 2409 413 2649 466; x_wconf 75' lang='grc' dir='ltr'>ἔκλινεν</span> <span class='ocrx_word' id='word_1_18' title='bbox 2679 408 2994 478; x_wconf 82' lang='grc' dir='ltr'>οὐρανοὺς,</span> <span class='ocrx_word' id='word_1_19' title='bbox 3043 409 3138 461; x_wconf 74' lang='grc' dir='ltr'>καὶ</span> <span class='ocrx_word' id='word_1_20' title='bbox 3174 406 3410 473; x_wconf 76' lang='grc' dir='ltr'>κατέϐη.</span> <span class='ocrx_word' id='word_1_21' title='bbox 3439 404 3754 458; x_wconf 53' lang='lat' dir='ltr'><strong>Acontius:</strong></span> 
     </span>
    </p>
   </div>
   <div class='ocr_carea' id='block_1_6' title="bbox 519 502 2089 576">
    <p class='ocr_par' dir='ltr' id='par_1_6' title="bbox 519 502 2089 576">
     <span class='ocr_line' id='line_1_6' title="bbox 519 502 2089 576; baseline 0.002 -18"><span class='ocrx_word' id='word_1_22' title='bbox 519 505 804 576; x_wconf 83' lang='lat' dir='ltr'><strong>prophetat</strong></span> <span class='ocrx_word' id='word_1_23' title='bbox 861 504 1184 559; x_wconf 86' lang='lat' dir='ltr'><strong>descensum</strong></span> <span class='ocrx_word' id='word_1_24' title='bbox 1235 502 1472 570; x_wconf 84' lang='lat' dir='ltr'><strong>Domini,</strong></span> <span class='ocrx_word' id='word_1_25' title='bbox 1521 515 1576 560; x_wconf 90' lang='lat' dir='ltr'><strong>et</strong></span> <span class='ocrx_word' id='word_1_26' title='bbox 1624 505 1731 561; x_wconf 88' lang='lat' dir='ltr'><strong>hoc</strong></span> <span class='ocrx_word' id='word_1_27' title='bbox 1781 506 2089 575; x_wconf 81' lang='lat' dir='ltr'><strong>signiﬁcare</strong></span> 
     </span>
    </p>
   </div>
   <div class='ocr_carea' id='block_1_7' title="bbox 520 592 2084 665">
    <p class='ocr_par' dir='ltr' id='par_1_7' title="bbox 520 592 2084 665">
     <span class='ocr_line' id='line_1_7' title="bbox 520 592 2084 665; baseline -0.001 -14"><span class='ocrx_word' id='word_1_28' title='bbox 520 596 733 651; x_wconf 76' lang='lat' dir='ltr'><strong>videtur</strong></span> <span class='ocrx_word' id='word_1_29' title='bbox 763 613 777 648; x_wconf 86' lang='lat'><strong>:</strong></span> <span class='ocrx_word' id='word_1_30' title='bbox 811 592 1127 648; x_wconf 84' lang='lat' dir='ltr'><strong>Humiliavit</strong></span> <span class='ocrx_word' id='word_1_31' title='bbox 1156 595 1487 664; x_wconf 86' lang='lat' dir='ltr'><strong>semetipsum</strong></span> <span class='ocrx_word' id='word_1_32' title='bbox 1507 611 1668 665; x_wconf 87' lang='lat' dir='ltr'><strong>usque</strong></span> <span class='ocrx_word' id='word_1_33' title='bbox 1697 595 1766 648; x_wconf 82' lang='lat' dir='ltr'><strong>ad</strong></span> <span class='ocrx_word' id='word_1_34' title='bbox 1800 603 2018 649; x_wconf 89' lang='lat' dir='ltr'><strong>mortem</strong></span> <span class='ocrx_word' id='word_1_35' title='bbox 2043 595 2084 649; x_wconf 71' lang='grc'>⁸.</span> 
     </span>
    </p>
   </div>
   <div class='ocr_carea' id='block_1_8' title="bbox 520 687 2088 758">
    <p class='ocr_par' dir='ltr' id='par_1_8' title="bbox 520 687 2088 758">
     <span class='ocr_line' id='line_1_8' title="bbox 520 687 2088 758; baseline -0.001 -14"><span class='ocrx_word' id='word_1_36' title='bbox 520 687 591 744; x_wconf 87' lang='grc' dir='ltr'>Ει</span> <span class='ocrx_word' id='word_1_37' title='bbox 621 688 791 758; x_wconf 86' lang='lat' dir='ltr'><strong>caligo</strong></span> <span class='ocrx_word' id='word_1_38' title='bbox 825 688 920 742; x_wconf 86' lang='lat' dir='ltr'><strong>sub</strong></span> <span class='ocrx_word' id='word_1_39' title='bbox 950 687 1167 756; x_wconf 85' lang='lat' dir='ltr'><strong>pedibus</strong></span> <span class='ocrx_word' id='word_1_40' title='bbox 1197 688 1334 756; x_wconf 89' lang='lat' dir='ltr'><strong>ejus.</strong></span> <span class='ocrx_word' id='word_1_41' title='bbox 1357 687 1641 744; x_wconf 90' lang='lat' dir='ltr'><strong>Occultum</strong></span> <span class='ocrx_word' id='word_1_42' title='bbox 1685 689 1740 742; x_wconf 88' lang='lat' dir='ltr'><strong>in</strong></span> <span class='ocrx_word' id='word_1_43' title='bbox 1785 688 2088 743; x_wconf 59' lang='lat' dir='ltr'><strong>ceconomia</strong></span> 
     </span>
    </p>
   </div>
   <div class='ocr_carea' id='block_1_9' title="bbox 521 776 2089 846">
    <p class='ocr_par' dir='ltr' id='par_1_9' title="bbox 521 776 2089 846">
     <span class='ocr_line' id='line_1_9' title="bbox 521 776 2089 846; baseline -0.003 -12"><span class='ocrx_word' id='word_1_44' title='bbox 521 791 619 833; x_wconf 89' lang='lat' dir='ltr'><strong>seu</strong></span> <span class='ocrx_word' id='word_1_45' title='bbox 677 778 1049 831; x_wconf 74' lang='lat' dir='ltr'><strong>incarnatione</strong></span> <span class='ocrx_word' id='word_1_46' title='bbox 1112 777 1400 832; x_wconf 77' lang='lat' dir='ltr'><strong>adventum</strong></span> <span class='ocrx_word' id='word_1_47' title='bbox 1448 777 1738 846; x_wconf 82' lang='lat' dir='ltr'><strong>signiﬁcat,</strong></span> <span class='ocrx_word' id='word_1_48' title='bbox 1784 786 1946 846; x_wconf 90' lang='lat' dir='ltr'><strong>atque</strong></span> <span class='ocrx_word' id='word_1_49' title='bbox 1994 776 2089 830; x_wconf 87' lang='lat' dir='ltr'><strong>Dei</strong></span> 
     </span>
    </p>
   </div>
   <div class='ocr_carea' id='block_1_10' title="bbox 522 870 2087 941">
    <p class='ocr_par' dir='ltr' id='par_1_10' title="bbox 522 870 2087 941">
     <span class='ocr_line' id='line_1_10' title="bbox 522 870 2087 941; baseline 0 -16"><span class='ocrx_word' id='word_1_50' title='bbox 522 871 945 926; x_wconf 84' lang='lat' dir='ltr'><strong>invisibilitalem</strong></span> <span class='ocrx_word' id='word_1_51' title='bbox 982 888 997 935; x_wconf 89' lang='lat'><strong>;</strong></span> <span class='ocrx_word' id='word_1_52' title='bbox 1025 885 1091 924; x_wconf 89' lang='lat' dir='ltr'><strong>ne</strong></span> <span class='ocrx_word' id='word_1_53' title='bbox 1122 870 1265 925; x_wconf 91' lang='lat' dir='ltr'><strong>illius</strong></span> <span class='ocrx_word' id='word_1_54' title='bbox 1300 871 1480 926; x_wconf 91' lang='lat' dir='ltr'><strong>verbis</strong></span> <span class='ocrx_word' id='word_1_55' title='bbox 1515 872 1582 926; x_wconf 87' lang='lat' dir='ltr'><strong>ad</strong></span> <span class='ocrx_word' id='word_1_56' title='bbox 1615 887 1795 926; x_wconf 87' lang='lat' dir='ltr'><strong>rerum</strong></span> <span class='ocrx_word' id='word_1_57' title='bbox 1827 886 2087 941; x_wconf 85' lang='lat' dir='ltr'><strong>corpora-</strong></span> 
     </span>
    </p>
   </div>
   <div class='ocr_carea' id='block_1_11' title="bbox 521 961 1492 1031">
    <p class='ocr_par' dir='ltr' id='par_1_11' title="bbox 521 961 1492 1031">
     <span class='ocr_line' id='line_1_11' title="bbox 521 961 1492 1031; baseline 0 -16"><span class='ocrx_word' id='word_1_58' title='bbox 521 961 650 1016; x_wconf 88' lang='lat' dir='ltr'><strong>lium</strong></span> <span class='ocrx_word' id='word_1_59' title='bbox 685 962 1065 1031; x_wconf 80' lang='lat' dir='ltr'><strong>cogitationem</strong></span> <span class='ocrx_word' id='word_1_60' title='bbox 1093 963 1492 1030; x_wconf 89' lang='lat' dir='ltr'><strong>pertrahamur.</strong></span> 
     </span>
    </p>
   </div>
   <div class='ocr_carea' id='block_1_12' title="bbox 591 1052 2088 1122">
    <p class='ocr_par' dir='ltr' id='par_1_12' title="bbox 591 1052 2088 1122">
     <span class='ocr_line' id='line_1_12' title="bbox 591 1052 2088 1122; baseline 0 -16"><span class='ocrx_word' id='word_1_61' title='bbox 591 1053 679 1108; x_wconf 73' lang='lat' dir='ltr'><strong>ll.</strong></span> <span class='ocrx_word' id='word_1_62' title='bbox 725 1054 974 1107; x_wconf 75' lang='lat' dir='ltr'><strong>Ascendit</strong></span> <span class='ocrx_word' id='word_1_63' title='bbox 1022 1070 1176 1122; x_wconf 81' lang='lat' dir='ltr'><strong>super</strong></span> <span class='ocrx_word' id='word_1_64' title='bbox 1221 1053 1485 1107; x_wconf 81' lang='lat' dir='ltr'><strong>cherubim</strong></span> <span class='ocrx_word' id='word_1_65' title='bbox 1531 1060 1580 1107; x_wconf 88' lang='lat' dir='ltr'><strong>et</strong></span> <span class='ocrx_word' id='word_1_66' title='bbox 1635 1053 1849 1118; x_wconf 77' lang='lat' dir='ltr'><strong>volavit,</strong></span> <span class='ocrx_word' id='word_1_67' title='bbox 1898 1052 2088 1107; x_wconf 82' lang='lat' dir='ltr'><strong>volarit</strong></span> 
     </span>
    </p>
   </div>
   <div class='ocr_carea' id='block_1_13' title="bbox 519 1142 2088 1214">
    <p class='ocr_par' dir='ltr' id='par_1_13' title="bbox 519 1142 2088 1214">
     <span class='ocr_line' id='line_1_13' title="bbox 519 1142 2088 1214; baseline -0.001 -15"><span class='ocrx_word' id='word_1_68' title='bbox 519 1160 675 1214; x_wconf 82' lang='lat' dir='ltr'><strong>super</strong></span> <span class='ocrx_word' id='word_1_69' title='bbox 707 1159 902 1213; x_wconf 80' lang='lat' dir='ltr'><strong>pennas</strong></span> <span class='ocrx_word' id='word_1_70' title='bbox 941 1154 1227 1197; x_wconf 82' lang='lat' dir='ltr'><strong>ventorum.</strong></span> <span class='ocrx_word' id='word_1_71' title='bbox 1258 1142 1704 1213; x_wconf 87' lang='lat' dir='ltr'><strong>Assumptionem</strong></span> <span class='ocrx_word' id='word_1_72' title='bbox 1755 1143 1902 1197; x_wconf 90' lang='lat' dir='ltr'><strong>illius</strong></span> <span class='ocrx_word' id='word_1_73' title='bbox 1937 1142 2088 1197; x_wconf 90' lang='lat' dir='ltr'><strong>hisce</strong></span> 
     </span>
    </p>
   </div>
   <div class='ocr_carea' id='block_1_14' title="bbox 521 1234 2089 1306">
    <p class='ocr_par' dir='ltr' id='par_1_14' title="bbox 521 1234 2089 1306">
     <span class='ocr_line' id='line_1_14' title="bbox 521 1234 2089 1306; baseline -0.002 -16"><span class='ocrx_word' id='word_1_74' title='bbox 521 1236 747 1302; x_wconf 87' lang='lat' dir='ltr'><strong>indicat,</strong></span> <span class='ocrx_word' id='word_1_75' title='bbox 765 1237 1046 1303; x_wconf 80' lang='lat' dir='ltr'><strong>cherubim</strong></span> <span class='ocrx_word' id='word_1_76' title='bbox 1075 1245 1129 1290; x_wconf 89' lang='lat' dir='ltr'><strong>et</strong></span> <span class='ocrx_word' id='word_1_77' title='bbox 1156 1250 1361 1306; x_wconf 83' lang='lat' dir='ltr'><strong>pennas</strong></span> <span class='ocrx_word' id='word_1_78' title='bbox 1387 1243 1670 1290; x_wconf 86' lang='lat' dir='ltr'><strong>ventorum</strong></span> <span class='ocrx_word' id='word_1_79' title='bbox 1699 1234 1896 1288; x_wconf 84' lang='lat' dir='ltr'><strong>nubem</strong></span> <span class='ocrx_word' id='word_1_80' title='bbox 1933 1242 2089 1287; x_wconf 84' lang='lat' dir='ltr'><strong>vocat</strong></span> 
     </span>
    </p>
   </div>
   <div class='ocr_carea' id='block_1_15' title="bbox 523 1326 2090 1402">
    <p class='ocr_par' dir='ltr' id='par_1_15' title="bbox 523 1326 2090 1402">
     <span class='ocr_line' id='line_1_15' title="bbox 523 1326 2090 1402; baseline -0.002 -20"><span class='ocrx_word' id='word_1_81' title='bbox 523 1327 669 1402; x_wconf 67' lang='lat' dir='ltr'><strong>[quae</strong></span> <span class='ocrx_word' id='word_1_82' title='bbox 709 1330 883 1398; x_wconf 89' lang='lat' dir='ltr'><strong>ipsum</strong></span> <span class='ocrx_word' id='word_1_83' title='bbox 917 1330 1155 1398; x_wconf 87' lang='lat' dir='ltr'><strong>suscepit</strong></span> <span class='ocrx_word' id='word_1_84' title='bbox 1188 1348 1200 1381; x_wconf 87' lang='lat'><strong>:</strong></span> <span class='ocrx_word' id='word_1_85' title='bbox 1239 1338 1330 1382; x_wconf 91' lang='lat' dir='ltr'><strong>aut</strong></span> <span class='ocrx_word' id='word_1_86' title='bbox 1360 1329 1622 1383; x_wconf 87' lang='lat' dir='ltr'><strong>adventus</strong></span> <span class='ocrx_word' id='word_1_87' title='bbox 1651 1326 1852 1382; x_wconf 82' lang='lat' dir='ltr'><strong>Christi</strong></span> <span class='ocrx_word' id='word_1_88' title='bbox 1893 1327 2090 1381; x_wconf 89' lang='lat' dir='ltr'><strong>veloci-</strong></span> 
     </span>
    </p>
   </div>
   <div class='ocr_carea' id='block_1_16' title="bbox 520 1417 2090 1488">
    <p class='ocr_par' dir='ltr' id='par_1_16' title="bbox 520 1417 2090 1488">
     <span class='ocr_line' id='line_1_16' title="bbox 520 1417 2090 1488; baseline -0.002 -15"><span class='ocrx_word' id='word_1_89' title='bbox 520 1427 627 1484; x_wconf 90' lang='lat' dir='ltr'><strong>tas,</strong></span> <span class='ocrx_word' id='word_1_90' title='bbox 655 1429 750 1472; x_wconf 89' lang='lat' dir='ltr'><strong>aut</strong></span> <span class='ocrx_word' id='word_1_91' title='bbox 788 1419 1090 1488; x_wconf 69' lang='lat' dir='ltr'><strong>praesentia:</strong></span> <span class='ocrx_word' id='word_1_92' title='bbox 1114 1428 1168 1472; x_wconf 85' lang='lat' dir='ltr'><strong>et</strong></span> <span class='ocrx_word' id='word_1_93' title='bbox 1199 1419 1385 1472; x_wconf 79' lang='lat' dir='ltr'><strong>auxilii</strong></span> <span class='ocrx_word' id='word_1_94' title='bbox 1416 1419 1560 1474; x_wconf 89' lang='lat' dir='ltr'><strong>illius</strong></span> <span class='ocrx_word' id='word_1_95' title='bbox 1592 1419 1842 1474; x_wconf 85' lang='lat' dir='ltr'><strong>celeritas</strong></span> <span class='ocrx_word' id='word_1_96' title='bbox 1884 1417 2090 1488; x_wconf 79' lang='lat' dir='ltr'><strong>signifi-</strong></span> 
     </span>
    </p>
   </div>
   <div class='ocr_carea' id='block_1_17' title="bbox 521 1509 2090 1581">
    <p class='ocr_par' dir='ltr' id='par_1_17' title="bbox 521 1509 2090 1581">
     <span class='ocr_line' id='line_1_17' title="bbox 521 1509 2090 1581; baseline -0.002 -16"><span class='ocrx_word' id='word_1_97' title='bbox 521 1509 724 1581; x_wconf 78' lang='lat' dir='ltr'><strong>catur].</strong></span> <span class='ocrx_word' id='word_1_98' title='bbox 770 1510 846 1564; x_wconf 87' lang='lat' dir='ltr'><strong>De</strong></span> <span class='ocrx_word' id='word_1_99' title='bbox 888 1526 994 1580; x_wconf 85' lang='lat' dir='ltr'><strong>qua</strong></span> <span class='ocrx_word' id='word_1_100' title='bbox 1038 1511 1090 1564; x_wconf 91' lang='lat' dir='ltr'><strong>in</strong></span> <span class='ocrx_word' id='word_1_101' title='bbox 1128 1511 1350 1565; x_wconf 81' lang='lat' dir='ltr'><strong>Actibus</strong></span> <span class='ocrx_word' id='word_1_102' title='bbox 1395 1512 1652 1580; x_wconf 88' lang='lat' dir='ltr'><strong>scriptum</strong></span> <span class='ocrx_word' id='word_1_103' title='bbox 1688 1509 1794 1566; x_wconf 86' lang='lat' dir='ltr'><strong>:Et</strong></span> <span class='ocrx_word' id='word_1_104' title='bbox 1828 1527 1944 1563; x_wconf 86' lang='lat' dir='ltr'><strong>cum</strong></span> <span class='ocrx_word' id='word_1_105' title='bbox 1981 1510 2090 1565; x_wconf 73' lang='lat' dir='ltr'><strong>haec</strong></span> 
     </span>
    </p>
   </div>
   <div class='ocr_carea' id='block_1_18' title="bbox 523 1602 2091 1671">
    <p class='ocr_par' dir='ltr' id='par_1_18' title="bbox 523 1602 2091 1671">
     <span class='ocr_line' id='line_1_18' title="bbox 523 1602 2091 1671; baseline 0.001 -17"><span class='ocrx_word' id='word_1_106' title='bbox 523 1602 764 1668; x_wconf 72' lang='lat' dir='ltr'><strong>dixisset,</strong></span> <span class='ocrx_word' id='word_1_107' title='bbox 792 1602 1083 1656; x_wconf 87' lang='lat' dir='ltr'><strong>videntibus</strong></span> <span class='ocrx_word' id='word_1_108' title='bbox 1113 1604 1220 1657; x_wconf 81' lang='lat' dir='ltr'><strong>illis</strong></span> <span class='ocrx_word' id='word_1_109' title='bbox 1249 1602 1474 1658; x_wconf 79' lang='lat' dir='ltr'><strong>elevatus</strong></span> <span class='ocrx_word' id='word_1_110' title='bbox 1500 1612 1597 1670; x_wconf 89' lang='lat' dir='ltr'><strong>est,</strong></span> <span class='ocrx_word' id='word_1_111' title='bbox 1620 1610 1667 1656; x_wconf 89' lang='lat' dir='ltr'><strong>et</strong></span> <span class='ocrx_word' id='word_1_112' title='bbox 1689 1605 1845 1656; x_wconf 87' lang='lat' dir='ltr'><strong>nubes</strong></span> <span class='ocrx_word' id='word_1_113' title='bbox 1866 1603 2091 1671; x_wconf 84' lang='lat' dir='ltr'><strong>suscepit</strong></span> 
     </span>
    </p>
   </div>
   <div class='ocr_carea' id='block_1_19' title="bbox 525 1695 1197 1750">
    <p class='ocr_par' dir='ltr' id='par_1_19' title="bbox 525 1695 1197 1750">
     <span class='ocr_line' id='line_1_19' title="bbox 525 1695 1197 1750; baseline 0.001 -2"><span class='ocrx_word' id='word_1_114' title='bbox 525 1711 642 1748; x_wconf 86' lang='lat' dir='ltr'><strong>eum</strong></span> <span class='ocrx_word' id='word_1_115' title='bbox 665 1695 728 1748; x_wconf 88' lang='lat' dir='ltr'><strong>ab</strong></span> <span class='ocrx_word' id='word_1_116' title='bbox 762 1696 928 1748; x_wconf 88' lang='lat' dir='ltr'><strong>oculis</strong></span> <span class='ocrx_word' id='word_1_117' title='bbox 951 1711 1128 1748; x_wconf 87' lang='lat' dir='ltr'><strong>eorum</strong></span> <span class='ocrx_word' id='word_1_118' title='bbox 1155 1697 1197 1750; x_wconf 79' lang='grc'>⁸.</span> 
     </span>
    </p>
   </div>
   <div class='ocr_carea' id='block_1_20' title="bbox 595 1783 2093 1856">
    <p class='ocr_par' dir='ltr' id='par_1_20' title="bbox 595 1783 2093 1856">
     <span class='ocr_line' id='line_1_20' title="bbox 595 1783 2093 1856; baseline -0.003 -16"><span class='ocrx_word' id='word_1_119' title='bbox 595 1787 682 1840; x_wconf 68' lang='grc'><strong>12.</strong></span> <span class='ocrx_word' id='word_1_120' title='bbox 730 1783 797 1838; x_wconf 79' lang='lat' dir='ltr'><strong>Et</strong></span> <span class='ocrx_word' id='word_1_121' title='bbox 828 1788 1003 1856; x_wconf 87' lang='lat' dir='ltr'><strong>posuit</strong></span> <span class='ocrx_word' id='word_1_122' title='bbox 1028 1787 1262 1840; x_wconf 89' lang='lat' dir='ltr'><strong>tenebras</strong></span> <span class='ocrx_word' id='word_1_123' title='bbox 1309 1785 1591 1840; x_wconf 89' lang='lat' dir='ltr'><strong>latibulum</strong></span> <span class='ocrx_word' id='word_1_124' title='bbox 1615 1801 1787 1838; x_wconf 89' lang='lat' dir='ltr'><strong>suum.</strong></span> <span class='ocrx_word' id='word_1_125' title='bbox 1817 1783 2093 1839; x_wconf 86' lang='lat' dir='ltr'><strong>Occultam</strong></span> 
     </span>
    </p>
   </div>
   <div class='ocr_carea' id='block_1_21' title="bbox 525 1875 2094 1931">
    <p class='ocr_par' dir='ltr' id='par_1_21' title="bbox 525 1875 2094 1931">
     <span class='ocr_line' id='line_1_21' title="bbox 525 1875 2094 1931; baseline -0.001 0"><span class='ocrx_word' id='word_1_126' title='bbox 525 1876 734 1931; x_wconf 85' lang='lat' dir='ltr'><strong>scilicet</strong></span> <span class='ocrx_word' id='word_1_127' title='bbox 791 1884 845 1930; x_wconf 91' lang='lat' dir='ltr'><strong>et</strong></span> <span class='ocrx_word' id='word_1_128' title='bbox 918 1877 1176 1931; x_wconf 85' lang='lat' dir='ltr'><strong>latentem</strong></span> <span class='ocrx_word' id='word_1_129' title='bbox 1250 1875 1546 1931; x_wconf 86' lang='lat' dir='ltr'><strong>Salvatoris</strong></span> <span class='ocrx_word' id='word_1_130' title='bbox 1606 1892 1728 1930; x_wconf 89' lang='lat' dir='ltr'><strong>cum</strong></span> <span class='ocrx_word' id='word_1_131' title='bbox 1786 1876 2094 1930; x_wconf 85' lang='lat' dir='ltr'><strong>hominibus</strong></span> 
     </span>
    </p>
   </div>
   <div class='ocr_carea' id='block_1_22' title="bbox 525 1962 2094 2032">
    <p class='ocr_par' dir='ltr' id='par_1_22' title="bbox 525 1962 2094 2032">
     <span class='ocr_line' id='line_1_22' title="bbox 525 1962 2094 2032; baseline -0.001 -16"><span class='ocrx_word' id='word_1_132' title='bbox 525 1964 1031 2019; x_wconf 83' lang='lat' dir='ltr'><strong>commorationem.</strong></span> <span class='ocrx_word' id='word_1_133' title='bbox 1106 1962 1172 2018; x_wconf 88' lang='lat' dir='ltr'><strong>In</strong></span> <span class='ocrx_word' id='word_1_134' title='bbox 1243 1966 1465 2017; x_wconf 84' lang='lat' dir='ltr'><strong>circuitu</strong></span> <span class='ocrx_word' id='word_1_135' title='bbox 1525 1964 1636 2032; x_wconf 78' lang='lat' dir='ltr'><strong>ejus</strong></span> <span class='ocrx_word' id='word_1_136' title='bbox 1697 1963 2094 2017; x_wconf 85' lang='lat' dir='ltr'><strong>tabernaculum</strong></span> 
     </span>
    </p>
   </div>
   <div class='ocr_carea' id='block_1_23' title="bbox 522 2053 2090 2124">
    <p class='ocr_par' dir='ltr' id='par_1_23' title="bbox 522 2053 2090 2124">
     <span class='ocr_line' id='line_1_23' title="bbox 522 2053 2090 2124; baseline -0.002 -14"><span class='ocrx_word' id='word_1_137' title='bbox 522 2055 660 2124; x_wconf 86' lang='lat' dir='ltr'><strong>ejus.</strong></span> <span class='ocrx_word' id='word_1_138' title='bbox 704 2053 1136 2110; x_wconf 90' lang='lat' dir='ltr'><strong>Tabernaeulum</strong></span> <span class='ocrx_word' id='word_1_139' title='bbox 1177 2064 1421 2111; x_wconf 90' lang='lat' dir='ltr'><strong>sanctam</strong></span> <span class='ocrx_word' id='word_1_140' title='bbox 1462 2053 1758 2110; x_wconf 84' lang='lat' dir='ltr'><strong>Ecclesiam</strong></span> <span class='ocrx_word' id='word_1_141' title='bbox 1803 2054 2090 2124; x_wconf 83' lang='lat' dir='ltr'><strong>signiﬁcat,</strong></span> 
     </span>
    </p>
   </div>
   <div class='ocr_carea' id='block_1_24' title="bbox 524 2145 2091 2217">
    <p class='ocr_par' dir='ltr' id='par_1_24' title="bbox 524 2145 2091 2217">
     <span class='ocr_line' id='line_1_24' title="bbox 524 2145 2091 2217; baseline -0.003 -16"><span class='ocrx_word' id='word_1_142' title='bbox 524 2147 582 2201; x_wconf 90' lang='lat' dir='ltr'><strong>in</strong></span> <span class='ocrx_word' id='word_1_143' title='bbox 624 2162 730 2216; x_wconf 86' lang='lat' dir='ltr'><strong>qua</strong></span> <span class='ocrx_word' id='word_1_144' title='bbox 777 2148 1052 2217; x_wconf 86' lang='lat' dir='ltr'><strong>pollicitus</strong></span> <span class='ocrx_word' id='word_1_145' title='bbox 1093 2155 1177 2202; x_wconf 86' lang='lat' dir='ltr'><strong>est</strong></span> <span class='ocrx_word' id='word_1_146' title='bbox 1222 2162 1280 2202; x_wconf 90' lang='lat' dir='ltr'><strong>se</strong></span> <span class='ocrx_word' id='word_1_147' title='bbox 1323 2148 1708 2201; x_wconf 90' lang='lat' dir='ltr'><strong>habitaturum.</strong></span> <span class='ocrx_word' id='word_1_148' title='bbox 1753 2145 1819 2199; x_wconf 88' lang='lat' dir='ltr'><strong>In</strong></span> <span class='ocrx_word' id='word_1_149' title='bbox 1866 2147 2091 2199; x_wconf 80' lang='lat' dir='ltr'><strong>circuitu</strong></span> 
     </span>
    </p>
   </div>
   <div class='ocr_carea' id='block_1_25' title="bbox 522 2233 2092 2312">
    <p class='ocr_par' dir='ltr' id='par_1_25' title="bbox 522 2233 2092 2312">
     <span class='ocr_line' id='line_1_25' title="bbox 522 2233 2092 2312; baseline -0.001 -23"><span class='ocrx_word' id='word_1_150' title='bbox 522 2236 660 2304; x_wconf 84' lang='lat' dir='ltr'><strong>ejus,</strong></span> <span class='ocrx_word' id='word_1_151' title='bbox 694 2237 804 2302; x_wconf 85' lang='lat' dir='ltr'><strong>ait,</strong></span> <span class='ocrx_word' id='word_1_152' title='bbox 829 2237 993 2312; x_wconf 79' lang='lat' dir='ltr'><strong>juxta</strong></span> <span class='ocrx_word' id='word_1_153' title='bbox 1031 2236 1161 2290; x_wconf 92' lang='lat' dir='ltr'><strong>illud</strong></span> <span class='ocrx_word' id='word_1_154' title='bbox 1194 2253 1208 2289; x_wconf 73' lang='grc' dir='ltr'><strong>ε</strong></span> <span class='ocrx_word' id='word_1_155' title='bbox 1247 2235 1346 2289; x_wconf 89' lang='lat' dir='ltr'><strong>Ubi</strong></span> <span class='ocrx_word' id='word_1_156' title='bbox 1391 2235 1495 2289; x_wconf 82' lang='lat' dir='ltr'><strong>duo</strong></span> <span class='ocrx_word' id='word_1_157' title='bbox 1524 2235 1600 2288; x_wconf 86' lang='lat' dir='ltr'><strong>vel</strong></span> <span class='ocrx_word' id='word_1_158' title='bbox 1643 2233 2092 2304; x_wconf 82' lang='lat' dir='ltr'><strong>tres-congregati</strong></span> 
     </span>
    </p>
   </div>
   <div class='ocr_carea' id='block_1_26' title="bbox 525 2323 2088 2392">
    <p class='ocr_par' dir='ltr' id='par_1_26' title="bbox 525 2323 2088 2392">
     <span class='ocr_line' id='line_1_26' title="bbox 525 2323 2088 2392; baseline 0.002 -17"><span class='ocrx_word' id='word_1_159' title='bbox 525 2323 724 2392; x_wconf 74' lang='lat' dir='ltr'><strong>fuerint</strong></span> <span class='ocrx_word' id='word_1_160' title='bbox 771 2325 825 2378; x_wconf 89' lang='lat' dir='ltr'><strong>in</strong></span> <span class='ocrx_word' id='word_1_161' title='bbox 874 2326 1081 2378; x_wconf 87' lang='lat' dir='ltr'><strong>nomine</strong></span> <span class='ocrx_word' id='word_1_162' title='bbox 1120 2340 1251 2386; x_wconf 86' lang='lat' dir='ltr'><strong>meo,</strong></span> <span class='ocrx_word' id='word_1_163' title='bbox 1281 2325 1355 2378; x_wconf 88' lang='lat' dir='ltr'><strong>ibi</strong></span> <span class='ocrx_word' id='word_1_164' title='bbox 1392 2341 1509 2379; x_wconf 86' lang='lat' dir='ltr'><strong>sunt</strong></span> <span class='ocrx_word' id='word_1_165' title='bbox 1541 2328 1594 2378; x_wconf 89' lang='lat' dir='ltr'><strong>in</strong></span> <span class='ocrx_word' id='word_1_166' title='bbox 1627 2327 1797 2379; x_wconf 86' lang='lat' dir='ltr'><strong>medio</strong></span> <span class='ocrx_word' id='word_1_167' title='bbox 1841 2341 2017 2378; x_wconf 87' lang='lat' dir='ltr'><strong>eorum</strong></span> <span class='ocrx_word' id='word_1_168' title='bbox 2048 2325 2088 2378; x_wconf 82' lang='lat'><strong>°.</strong></span> 
     </span>
    </p>
   </div>
   <div class='ocr_carea' id='block_1_27' title="bbox 526 2413 2093 2486">
    <p class='ocr_par' dir='ltr' id='par_1_27' title="bbox 526 2413 2093 2486">
     <span class='ocr_line' id='line_1_27' title="bbox 526 2413 2093 2486; baseline -0.001 -17"><span class='ocrx_word' id='word_1_169' title='bbox 526 2413 819 2469; x_wconf 87' lang='lat' dir='ltr'><strong>Tenebrosa</strong></span> <span class='ocrx_word' id='word_1_170' title='bbox 847 2431 984 2486; x_wconf 86' lang='lat' dir='ltr'><strong>aqua</strong></span> <span class='ocrx_word' id='word_1_171' title='bbox 1029 2419 1084 2469; x_wconf 87' lang='lat' dir='ltr'><strong>in</strong></span> <span class='ocrx_word' id='word_1_172' title='bbox 1113 2416 1334 2470; x_wconf 85' lang='lat' dir='ltr'><strong>nubibus</strong></span> <span class='ocrx_word' id='word_1_173' title='bbox 1369 2419 1528 2470; x_wconf 84' lang='lat' dir='ltr'><strong>aeris.</strong></span> <span class='ocrx_word' id='word_1_174' title='bbox 1563 2414 1676 2470; x_wconf 88' lang='lat' dir='ltr'><strong>lloc</strong></span> <span class='ocrx_word' id='word_1_175' title='bbox 1710 2416 1785 2470; x_wconf 82' lang='lat' dir='ltr'><strong>ait</strong></span> <span class='ocrx_word' id='word_1_176' title='bbox 1814 2417 1940 2486; x_wconf 88' lang='lat' dir='ltr'><strong>quia</strong></span> <span class='ocrx_word' id='word_1_177' title='bbox 1974 2430 2093 2484; x_wconf 68' lang='lat' dir='ltr'><strong>quae</strong></span> 
     </span>
    </p>
   </div>
   <div class='ocr_carea' id='block_1_28' title="bbox 524 2504 2090 2577">
    <p class='ocr_par' dir='ltr' id='par_1_28' title="bbox 524 2504 2090 2577">
     <span class='ocr_line' id='line_1_28' title="bbox 524 2504 2090 2577; baseline -0.003 -15"><span class='ocrx_word' id='word_1_178' title='bbox 524 2507 592 2562; x_wconf 91' lang='lat' dir='ltr'><strong>de</strong></span> <span class='ocrx_word' id='word_1_179' title='bbox 619 2508 710 2562; x_wconf 91' lang='lat' dir='ltr'><strong>illo</strong></span> <span class='ocrx_word' id='word_1_180' title='bbox 739 2507 1171 2577; x_wconf 70' lang='lat' dir='ltr'><strong>praenuntiarunt</strong></span> <span class='ocrx_word' id='word_1_181' title='bbox 1197 2510 1472 2577; x_wconf 71' lang='lat' dir='ltr'><strong>prephcta:</strong></span> <span class='ocrx_word' id='word_1_182' title='bbox 1508 2508 1741 2563; x_wconf 90' lang='lat' dir='ltr'><strong>obscure</strong></span> <span class='ocrx_word' id='word_1_183' title='bbox 1763 2508 1963 2577; x_wconf 88' lang='lat' dir='ltr'><strong>jacent.</strong></span> <span class='ocrx_word' id='word_1_184' title='bbox 1988 2504 2090 2571; x_wconf 85' lang='lat' dir='ltr'><strong>Qui</strong></span> 
     </span>
    </p>
   </div>
   <div class='ocr_carea' id='block_1_29' title="bbox 523 2597 1467 2666">
    <p class='ocr_par' dir='ltr' id='par_1_29' title="bbox 523 2597 1467 2666">
     <span class='ocr_line' id='line_1_29' title="bbox 523 2597 1467 2666; baseline -0.001 -17"><span class='ocrx_word' id='word_1_185' title='bbox 523 2598 800 2666; x_wconf 70' lang='lat' dir='ltr'><strong>prophetae</strong></span> <span class='ocrx_word' id='word_1_186' title='bbox 831 2597 1002 2651; x_wconf 87' lang='lat' dir='ltr'><strong>nubes</strong></span> <span class='ocrx_word' id='word_1_187' title='bbox 1033 2606 1160 2651; x_wconf 88' lang='lat' dir='ltr'><strong>sunt</strong></span> <span class='ocrx_word' id='word_1_188' title='bbox 1192 2597 1467 2665; x_wconf 84' lang='lat' dir='ltr'><strong>appellati.</strong></span> 
     </span>
    </p>
   </div>
   <div class='ocr_carea' id='block_1_30' title="bbox 595 2684 2090 2754">
    <p class='ocr_par' dir='ltr' id='par_1_30' title="bbox 595 2684 2090 2754">
     <span class='ocr_line' id='line_1_30' title="bbox 595 2684 2090 2754; baseline 0.004 -15"><span class='ocrx_word' id='word_1_189' title='bbox 595 2686 683 2739; x_wconf 78' lang='lat' dir='ltr'><strong>l5.</strong></span> <span class='ocrx_word' id='word_1_190' title='bbox 733 2684 856 2739; x_wconf 63' lang='lat' dir='ltr'><strong>Prae</strong></span> <span class='ocrx_word' id='word_1_191' title='bbox 890 2685 1091 2754; x_wconf 72' lang='lat' dir='ltr'><strong>fulgore</strong></span> <span class='ocrx_word' id='word_1_192' title='bbox 1125 2687 1180 2738; x_wconf 89' lang='lat' dir='ltr'><strong>in</strong></span> <span class='ocrx_word' id='word_1_193' title='bbox 1222 2694 1498 2753; x_wconf 84' lang='lat' dir='ltr'><strong>conspectu</strong></span> <span class='ocrx_word' id='word_1_194' title='bbox 1530 2685 1642 2754; x_wconf 84' lang='lat' dir='ltr'><strong>ejus</strong></span> <span class='ocrx_word' id='word_1_195' title='bbox 1673 2685 1832 2741; x_wconf 89' lang='lat' dir='ltr'><strong>nubes</strong></span> <span class='ocrx_word' id='word_1_196' title='bbox 1865 2691 2090 2745; x_wconf 87' lang='lat' dir='ltr'><strong>transie-</strong></span> 
     </span>
    </p>
   </div>
   <div class='ocr_carea' id='block_1_31' title="bbox 525 2775 2092 2846">
    <p class='ocr_par' dir='ltr' id='par_1_31' title="bbox 525 2775 2092 2846">
     <span class='ocr_line' id='line_1_31' title="bbox 525 2775 2092 2846; baseline 0.006 -18"><span class='ocrx_word' id='word_1_197' title='bbox 525 2789 671 2829; x_wconf 79' lang='lat' dir='ltr'><strong>runt.</strong></span> <span class='ocrx_word' id='word_1_198' title='bbox 722 2775 952 2838; x_wconf 89' lang='lat' dir='ltr'><strong>Lumen,</strong></span> <span class='ocrx_word' id='word_1_199' title='bbox 997 2778 1194 2846; x_wconf 87' lang='lat' dir='ltr'><strong>inquit,</strong></span> <span class='ocrx_word' id='word_1_200' title='bbox 1237 2777 1502 2832; x_wconf 79' lang='lat' dir='ltr'><strong>adventus</strong></span> <span class='ocrx_word' id='word_1_201' title='bbox 1562 2779 1729 2839; x_wconf 80' lang='lat' dir='ltr'><strong>illius.</strong></span> <span class='ocrx_word' id='word_1_202' title='bbox 1777 2780 2092 2838; x_wconf 82' lang='lat' dir='ltr'><strong>manifestas</strong></span> 
     </span>
    </p>
   </div>
   <div class='ocr_carea' id='block_1_32' title="bbox 524 2866 2091 2939">
    <p class='ocr_par' dir='ltr' id='par_1_32' title="bbox 524 2866 2091 2939">
     <span class='ocr_line' id='line_1_32' title="bbox 524 2866 2091 2939; baseline 0.004 -17"><span class='ocrx_word' id='word_1_203' title='bbox 524 2866 760 2922; x_wconf 83' lang='lat' dir='ltr'><strong>reddidit</strong></span> <span class='ocrx_word' id='word_1_204' title='bbox 784 2869 1114 2938; x_wconf 87' lang='lat' dir='ltr'><strong>prephctias.</strong></span> <span class='ocrx_word' id='word_1_205' title='bbox 1146 2867 1316 2939; x_wconf 85' lang='lat' dir='ltr'><strong>[Quia</strong></span> <span class='ocrx_word' id='word_1_206' title='bbox 1343 2878 1522 2924; x_wconf 89' lang='lat' dir='ltr'><strong>autem</strong></span> <span class='ocrx_word' id='word_1_207' title='bbox 1548 2872 1998 2928; x_wconf 70' lang='lat' dir='ltr'><strong>comminationes</strong></span> <span class='ocrx_word' id='word_1_208' title='bbox 2037 2874 2091 2929; x_wconf 90' lang='lat' dir='ltr'><strong>in</strong></span> 
     </span>
    </p>
   </div>
   <div class='ocr_carea' id='block_1_33' title="bbox 524 2959 2089 3030">
    <p class='ocr_par' dir='ltr' id='par_1_33' title="bbox 524 2959 2089 3030">
     <span class='ocr_line' id='line_1_33' title="bbox 524 2959 2089 3030; baseline 0.003 -21"><span class='ocrx_word' id='word_1_209' title='bbox 524 2959 855 3028; x_wconf 76' lang='lat' dir='ltr'><strong>propheticis</strong></span> <span class='ocrx_word' id='word_1_210' title='bbox 885 2959 1063 3012; x_wconf 84' lang='lat' dir='ltr'><strong>verbis</strong></span> <span class='ocrx_word' id='word_1_211' title='bbox 1090 2959 1374 3024; x_wconf 86' lang='lat' dir='ltr'><strong>habentur,</strong></span> <span class='ocrx_word' id='word_1_212' title='bbox 1405 2975 1496 3015; x_wconf 89' lang='lat' dir='ltr'><strong>cas</strong></span> <span class='ocrx_word' id='word_1_213' title='bbox 1534 2961 1794 3030; x_wconf 81' lang='lat' dir='ltr'><strong>grandine</strong></span> <span class='ocrx_word' id='word_1_214' title='bbox 1818 2975 1872 3016; x_wconf 86' lang='lat' dir='ltr'><strong>et</strong></span> <span class='ocrx_word' id='word_1_215' title='bbox 1899 2964 2089 3018; x_wconf 80' lang='lat' dir='ltr'><strong>carbo-</strong></span> 
     </span>
    </p>
   </div>
   <div class='ocr_carea' id='block_1_34' title="bbox 2189 493 3737 574">
    <p class='ocr_par' dir='ltr' id='par_1_34' title="bbox 2189 493 3737 574">
     <span class='ocr_line' id='line_1_34' title="bbox 2189 493 3737 574; baseline -0.006 -18"><span class='ocrx_word' id='word_1_216' title='bbox 2189 502 2519 574; x_wconf 82' lang='grc' dir='ltr'>προφητεύει</span> <span class='ocrx_word' id='word_1_217' title='bbox 2551 501 2648 572; x_wconf 80' lang='grc' dir='ltr'><strong>τὴν</strong></span> <span class='ocrx_word' id='word_1_218' title='bbox 2672 500 2971 554; x_wconf 85' lang='grc' dir='ltr'>κατάϐασιν</span> <span class='ocrx_word' id='word_1_219' title='bbox 2992 498 3087 551; x_wconf 83' lang='grc' dir='ltr'><strong>τοῦ</strong></span> <span class='ocrx_word' id='word_1_220' title='bbox 3118 498 3343 568; x_wconf 83' lang='grc' dir='ltr'>Κυρίου.</span> <span class='ocrx_word' id='word_1_221' title='bbox 3374 495 3475 566; x_wconf 84' lang='grc' dir='ltr'><strong>Εἶη</strong></span> <span class='ocrx_word' id='word_1_222' title='bbox 3499 494 3542 548; x_wconf 86' lang='grc' dir='ltr'>δ’</span> <span class='ocrx_word' id='word_1_223' title='bbox 3574 493 3642 547; x_wconf 80' lang='grc' dir='ltr'>ἂν</span> <span class='ocrx_word' id='word_1_224' title='bbox 3672 508 3737 561; x_wconf 83' lang='grc' dir='ltr'><strong>ση</strong></span> 
     </span>
    </p>
   </div>
   <div class='ocr_carea' id='block_1_35' title="bbox 2191 583 3755 664">
    <p class='ocr_par' dir='ltr' id='par_1_35' title="bbox 2191 583 3755 664">
     <span class='ocr_line' id='line_1_35' title="bbox 2191 583 3755 664; baseline -0.005 -18"><span class='ocrx_word' id='word_1_225' title='bbox 2191 593 2446 664; x_wconf 83' lang='grc' dir='ltr'>μαντικὸν</span> <span class='ocrx_word' id='word_1_226' title='bbox 2477 593 2571 646; x_wconf 87' lang='grc' dir='ltr'><strong>τοῦ</strong></span> <span class='ocrx_word' id='word_1_227' title='bbox 2603 610 2616 623; x_wconf 88' lang='grc'>·</span> <span class='ocrx_word' id='word_1_228' title='bbox 2662 594 3089 646; x_wconf 81' lang='grc' dir='ltr'>Ἐταπείνωσεν</span> <span class='ocrx_word' id='word_1_229' title='bbox 3125 589 3343 644; x_wconf 80' lang='grc' dir='ltr'>ἑαυτὸν</span> <span class='ocrx_word' id='word_1_230' title='bbox 3361 587 3539 656; x_wconf 80' lang='grc' dir='ltr'>μέχρι</span> <span class='ocrx_word' id='word_1_231' title='bbox 3580 583 3755 639; x_wconf 80' lang='grc' dir='ltr'>θανά-</span> 
     </span>
    </p>
   </div>
   <div class='ocr_carea' id='block_1_36' title="bbox 2187 674 3756 749">
    <p class='ocr_par' dir='ltr' id='par_1_36' title="bbox 2187 674 3756 749">
     <span class='ocr_line' id='line_1_36' title="bbox 2187 674 3756 749; baseline -0.005 -16"><span class='ocrx_word' id='word_1_232' title='bbox 2187 697 2312 733; x_wconf 83' lang='grc' dir='ltr'>του.</span> <span class='ocrx_word' id='word_1_233' title='bbox 2354 680 2462 733; x_wconf 81' lang='lat' dir='ltr'><strong>Kal</strong></span> <span class='ocrx_word' id='word_1_234' title='bbox 2493 680 2717 749; x_wconf 61' lang='grc' dir='ltr'>γνόφος</span> <span class='ocrx_word' id='word_1_235' title='bbox 2745 679 2862 732; x_wconf 82' lang='grc' dir='ltr'><strong>ὑπὸ</strong></span> <span class='ocrx_word' id='word_1_236' title='bbox 2894 679 3034 745; x_wconf 82' lang='grc' dir='ltr'>τοὺς</span> <span class='ocrx_word' id='word_1_237' title='bbox 3061 677 3250 743; x_wconf 80' lang='grc' dir='ltr'><strong>πόδας</strong></span> <span class='ocrx_word' id='word_1_238' title='bbox 3275 676 3482 730; x_wconf 73' lang='grc' dir='ltr'>αὑτοῦ.</span> <span class='ocrx_word' id='word_1_239' title='bbox 3517 674 3596 726; x_wconf 87' lang='grc' dir='ltr'><strong>Τὸ</strong></span> <span class='ocrx_word' id='word_1_240' title='bbox 3631 674 3756 742; x_wconf 83' lang='grc' dir='ltr'>κρύ-</span> 
     </span>
    </p>
   </div>
   <div class='ocr_carea' id='block_1_37' title="bbox 2187 765 3756 842">
    <p class='ocr_par' dir='ltr' id='par_1_37' title="bbox 2187 765 3756 842">
     <span class='ocr_line' id='line_1_37' title="bbox 2187 765 3756 842; baseline -0.003 -20"><span class='ocrx_word' id='word_1_241' title='bbox 2187 787 2307 838; x_wconf 81' lang='grc' dir='ltr'>φιον</span> <span class='ocrx_word' id='word_1_242' title='bbox 2335 773 2432 840; x_wconf 83' lang='grc' dir='ltr'>τῆς</span> <span class='ocrx_word' id='word_1_243' title='bbox 2460 771 2517 823; x_wconf 81' lang='grc' dir='ltr'><strong>ἐν</strong></span> <span class='ocrx_word' id='word_1_244' title='bbox 2545 774 2610 842; x_wconf 84' lang='grc' dir='ltr'>τῇ</span> <span class='ocrx_word' id='word_1_245' title='bbox 2651 771 2929 842; x_wconf 70' lang='grc' dir='ltr'><strong>οἰκονομίᾳ</strong></span> <span class='ocrx_word' id='word_1_246' title='bbox 2955 771 3178 842; x_wconf 79' lang='grc' dir='ltr'>πορείας</span> <span class='ocrx_word' id='word_1_247' title='bbox 3202 769 3352 840; x_wconf 86' lang='grc' dir='ltr'>δηλοῖ</span> <span class='ocrx_word' id='word_1_248' title='bbox 3384 768 3476 822; x_wconf 80' lang='grc' dir='ltr'>καὶ</span> <span class='ocrx_word' id='word_1_249' title='bbox 3500 765 3564 818; x_wconf 77' lang='grc' dir='ltr'><strong>τὸ</strong></span> <span class='ocrx_word' id='word_1_250' title='bbox 3595 765 3756 834; x_wconf 84' lang='grc' dir='ltr'>ἀόρα-</span> 
     </span>
    </p>
   </div>
   <div class='ocr_carea' id='block_1_38' title="bbox 2186 857 3757 934">
    <p class='ocr_par' dir='ltr' id='par_1_38' title="bbox 2186 857 3757 934">
     <span class='ocr_line' id='line_1_38' title="bbox 2186 857 3757 934; baseline -0.003 -21"><span class='ocrx_word' id='word_1_251' title='bbox 2186 878 2277 913; x_wconf 90' lang='grc' dir='ltr'><strong>τον</strong></span> <span class='ocrx_word' id='word_1_252' title='bbox 2306 861 2398 913; x_wconf 87' lang='grc' dir='ltr'><strong>τοῦ</strong></span> <span class='ocrx_word' id='word_1_253' title='bbox 2447 862 2579 914; x_wconf 88' lang='grc' dir='ltr'>Θεοῦ</span> <span class='ocrx_word' id='word_1_254' title='bbox 2614 878 2627 892; x_wconf 87' lang='grc'><strong>·</strong></span> <span class='ocrx_word' id='word_1_255' title='bbox 2660 863 2746 914; x_wconf 82' lang='grc' dir='ltr'><strong>ἵνα</strong></span> <span class='ocrx_word' id='word_1_256' title='bbox 2789 863 2862 934; x_wconf 82' lang='grc' dir='ltr'>μὴ</span> <span class='ocrx_word' id='word_1_257' title='bbox 2903 861 2968 915; x_wconf 83' lang='grc' dir='ltr'>δι’</span> <span class='ocrx_word' id='word_1_258' title='bbox 3009 857 3083 916; x_wconf 87' lang='grc' dir='ltr'><strong>ὧν</strong></span> <span class='ocrx_word' id='word_1_259' title='bbox 3120 857 3273 915; x_wconf 82' lang='grc' dir='ltr'>εἶπεν</span> <span class='ocrx_word' id='word_1_260' title='bbox 3315 862 3394 923; x_wconf 83' lang='grc' dir='ltr'><strong>είς</strong></span> <span class='ocrx_word' id='word_1_261' title='bbox 3434 857 3757 930; x_wconf 70' lang='grc' dir='ltr'>σωματικὰς</span> 
     </span>
    </p>
   </div>
   <div class='ocr_carea' id='block_1_39' title="bbox 2187 952 2788 1023">
    <p class='ocr_par' dir='ltr' id='par_1_39' title="bbox 2187 952 2788 1023">
     <span class='ocr_line' id='line_1_39' title="bbox 2187 952 2788 1023; baseline 0.003 -18"><span class='ocrx_word' id='word_1_262' title='bbox 2187 952 2432 1005; x_wconf 81' lang='grc' dir='ltr'>ἐλκυσθῶ</span> <span class='ocrx_word' id='word_1_263' title='bbox 2439 970 2535 1023; x_wconf 88' lang='grc' dir='ltr'><strong>μεν</strong></span> <span class='ocrx_word' id='word_1_264' title='bbox 2561 954 2788 1017; x_wconf 79' lang='grc' dir='ltr'>ἐννοίας.</span> 
     </span>
    </p>
   </div>
   <div class='ocr_carea' id='block_1_40' title="bbox 2272 1039 3756 1114">
    <p class='ocr_par' dir='ltr' id='par_1_40' title="bbox 2272 1039 3756 1114">
     <span class='ocr_line' id='line_1_40' title="bbox 2272 1039 3756 1114; baseline -0.003 -16"><span class='ocrx_word' id='word_1_265' title='bbox 2272 1045 2484 1112; x_wconf 81' lang='grc' dir='ltr'>Ἐπέϐη</span> <span class='ocrx_word' id='word_1_266' title='bbox 2512 1045 2608 1097; x_wconf 83' lang='grc' dir='ltr'>ἐπὶ</span> <span class='ocrx_word' id='word_1_267' title='bbox 2639 1046 2919 1114; x_wconf 76' lang='grc' dir='ltr'>χερουϐὶμ</span> <span class='ocrx_word' id='word_1_268' title='bbox 2953 1044 3052 1099; x_wconf 77' lang='grc' dir='ltr'>καὶ</span> <span class='ocrx_word' id='word_1_269' title='bbox 3092 1042 3413 1109; x_wconf 81' lang='grc' dir='ltr'>ἐπετάσθη,</span> <span class='ocrx_word' id='word_1_270' title='bbox 3449 1039 3756 1107; x_wconf 80' lang='grc' dir='ltr'>ἐπετὰσθη</span> 
     </span>
    </p>
   </div>
   <div class='ocr_carea' id='block_1_41' title="bbox 2186 1131 3756 1206">
    <p class='ocr_par' dir='ltr' id='par_1_41' title="bbox 2186 1131 3756 1206">
     <span class='ocr_line' id='line_1_41' title="bbox 2186 1131 3756 1206; baseline -0.004 -17"><span class='ocrx_word' id='word_1_271' title='bbox 2186 1136 2285 1190; x_wconf 79' lang='grc' dir='ltr'>ἐπὶ</span> <span class='ocrx_word' id='word_1_272' title='bbox 2325 1138 2635 1206; x_wconf 78' lang='grc' dir='ltr'><strong>πτερύγων</strong></span> <span class='ocrx_word' id='word_1_273' title='bbox 2678 1137 2931 1205; x_wconf 82' lang='grc' dir='ltr'>ἀνέμων.</span> <span class='ocrx_word' id='word_1_274' title='bbox 2982 1137 3092 1206; x_wconf 84' lang='grc' dir='ltr'><strong>Τὴν</strong></span> <span class='ocrx_word' id='word_1_275' title='bbox 3135 1134 3400 1204; x_wconf 71' lang='grc' dir='ltr'>ἀνάληψιν</span> <span class='ocrx_word' id='word_1_276' title='bbox 3453 1131 3622 1185; x_wconf 79' lang='grc' dir='ltr'>αὑτοῦ</span> <span class='ocrx_word' id='word_1_277' title='bbox 3673 1132 3756 1184; x_wconf 69' lang='grc' dir='ltr'><strong>διὰ</strong></span> 
     </span>
    </p>
   </div>
   <div class='ocr_carea' id='block_1_42' title="bbox 2187 1224 3756 1300">
    <p class='ocr_par' dir='ltr' id='par_1_42' title="bbox 2187 1224 3756 1300">
     <span class='ocr_line' id='line_1_42' title="bbox 2187 1224 3756 1300; baseline -0.003 -20"><span class='ocrx_word' id='word_1_278' title='bbox 2187 1228 2390 1281; x_wconf 87' lang='grc' dir='ltr'>τούτων</span> <span class='ocrx_word' id='word_1_279' title='bbox 2421 1229 2570 1300; x_wconf 88' lang='grc' dir='ltr'>δηλοῖ</span> <span class='ocrx_word' id='word_1_280' title='bbox 2595 1245 2609 1259; x_wconf 76' lang='grc' dir='ltr'><strong>ο</strong></span> <span class='ocrx_word' id='word_1_281' title='bbox 2650 1230 2914 1300; x_wconf 79' lang='grc' dir='ltr'>χερουϐὶμ</span> <span class='ocrx_word' id='word_1_282' title='bbox 2959 1229 3053 1282; x_wconf 79' lang='grc' dir='ltr'>καὶ</span> <span class='ocrx_word' id='word_1_283' title='bbox 3088 1229 3360 1299; x_wconf 80' lang='grc' dir='ltr'>πτέρυγας</span> <span class='ocrx_word' id='word_1_284' title='bbox 3395 1227 3614 1295; x_wconf 80' lang='grc' dir='ltr'>ἀνέμων</span> <span class='ocrx_word' id='word_1_285' title='bbox 3662 1224 3756 1295; x_wconf 76' lang='grc' dir='ltr'>τὴν</span> 
     </span>
    </p>
   </div>
   <div class='ocr_carea' id='block_1_43' title="bbox 2188 1318 3758 1391">
    <p class='ocr_par' dir='ltr' id='par_1_43' title="bbox 2188 1318 3758 1391">
     <span class='ocr_line' id='line_1_43' title="bbox 2188 1318 3758 1391; baseline -0.004 -18"><span class='ocrx_word' id='word_1_286' title='bbox 2188 1321 2414 1390; x_wconf 78' lang='grc' dir='ltr'>νεφέλην</span> <span class='ocrx_word' id='word_1_287' title='bbox 2444 1322 2575 1391; x_wconf 73' lang='grc' dir='ltr'>φησὶ</span> <span class='ocrx_word' id='word_1_288' title='bbox 2607 1320 2759 1391; x_wconf 80' lang='grc' dir='ltr'>[ἥτις</span> <span class='ocrx_word' id='word_1_289' title='bbox 2799 1323 2960 1374; x_wconf 71' lang='grc' dir='ltr'>αὐτὸν</span> <span class='ocrx_word' id='word_1_290' title='bbox 2996 1320 3260 1373; x_wconf 78' lang='grc' dir='ltr'>ὑπέλαϐεν</span> <span class='ocrx_word' id='word_1_291' title='bbox 3284 1335 3297 1349; x_wconf 88' lang='grc'><strong>·</strong></span> <span class='ocrx_word' id='word_1_292' title='bbox 3333 1320 3366 1390; x_wconf 84' lang='grc' dir='ltr'>ἢ</span> <span class='ocrx_word' id='word_1_293' title='bbox 3407 1318 3468 1370; x_wconf 76' lang='grc' dir='ltr'><strong>τὸ</strong></span> <span class='ocrx_word' id='word_1_294' title='bbox 3498 1318 3600 1386; x_wconf 82' lang='grc' dir='ltr'>τῆς</span> <span class='ocrx_word' id='word_1_295' title='bbox 3639 1319 3758 1368; x_wconf 83' lang='grc' dir='ltr'>ἐπι·</span> 
     </span>
    </p>
   </div>
   <div class='ocr_carea' id='block_1_44' title="bbox 2189 1405 3754 1484">
    <p class='ocr_par' dir='ltr' id='par_1_44' title="bbox 2189 1405 3754 1484">
     <span class='ocr_line' id='line_1_44' title="bbox 2189 1405 3754 1484; baseline -0.004 -20"><span class='ocrx_word' id='word_1_296' title='bbox 2189 1411 2410 1481; x_wconf 79' lang='grc' dir='ltr'>φανείας</span> <span class='ocrx_word' id='word_1_297' title='bbox 2443 1412 2557 1478; x_wconf 77' lang='grc' dir='ltr'><strong>ὀξὺ,</strong></span> <span class='ocrx_word' id='word_1_298' title='bbox 2592 1413 2653 1464; x_wconf 88' lang='grc' dir='ltr'><strong>τὸ</strong></span> <span class='ocrx_word' id='word_1_299' title='bbox 2677 1413 2775 1482; x_wconf 79' lang='grc' dir='ltr'>τῆς</span> <span class='ocrx_word' id='word_1_300' title='bbox 2805 1412 3106 1484; x_wconf 80' lang='grc' dir='ltr'>παρουσίας</span> <span class='ocrx_word' id='word_1_301' title='bbox 3129 1413 3223 1466; x_wconf 69' lang='grc' dir='ltr'><strong>καὶ</strong></span> <span class='ocrx_word' id='word_1_302' title='bbox 3263 1409 3513 1480; x_wconf 77' lang='grc' dir='ltr'>βοηθείας</span> <span class='ocrx_word' id='word_1_303' title='bbox 3555 1405 3754 1478; x_wconf 73' lang='grc' dir='ltr'>τάχος]</span> 
     </span>
    </p>
   </div>
   <div class='ocr_carea' id='block_1_45' title="bbox 2189 1499 3759 1576">
    <p class='ocr_par' dir='ltr' id='par_1_45' title="bbox 2189 1499 3759 1576">
     <span class='ocr_line' id='line_1_45' title="bbox 2189 1499 3759 1576; baseline -0.003 -21"><span class='ocrx_word' id='word_1_304' title='bbox 2189 1505 2317 1574; x_wconf 76' lang='grc' dir='ltr'>περὶ</span> <span class='ocrx_word' id='word_1_305' title='bbox 2361 1499 2427 1575; x_wconf 81' lang='grc' dir='ltr'>ἧς</span> <span class='ocrx_word' id='word_1_306' title='bbox 2463 1506 2520 1556; x_wconf 88' lang='grc' dir='ltr'><strong>ἐν</strong></span> <span class='ocrx_word' id='word_1_307' title='bbox 2551 1507 2670 1567; x_wconf 86' lang='grc' dir='ltr'>ταῖς</span> <span class='ocrx_word' id='word_1_308' title='bbox 2715 1505 2953 1576; x_wconf 79' lang='grc' dir='ltr'>Πράξεσι</span> <span class='ocrx_word' id='word_1_309' title='bbox 3009 1505 3358 1575; x_wconf 78' lang='grc' dir='ltr'>γέγραπται·</span> <span class='ocrx_word' id='word_1_310' title='bbox 3405 1501 3515 1555; x_wconf 85' lang='lat' dir='ltr'><strong>Kal</strong></span> <span class='ocrx_word' id='word_1_311' title='bbox 3569 1499 3759 1552; x_wconf 82' lang='grc' dir='ltr'>ταῦτα</span> 
     </span>
    </p>
   </div>
   <div class='ocr_carea' id='block_1_46' title="bbox 2188 1590 3758 1664">
    <p class='ocr_par' dir='ltr' id='par_1_46' title="bbox 2188 1590 3758 1664">
     <span class='ocr_line' id='line_1_46' title="bbox 2188 1590 3758 1664; baseline -0.004 -16"><span class='ocrx_word' id='word_1_312' title='bbox 2188 1596 2370 1648; x_wconf 76' lang='grc' dir='ltr'>εἰπὼν</span> <span class='ocrx_word' id='word_1_313' title='bbox 2409 1596 2764 1660; x_wconf 69' lang='grc' dir='ltr'>βλεπόντων</span> <span class='ocrx_word' id='word_1_314' title='bbox 2808 1596 3004 1649; x_wconf 82' lang='grc' dir='ltr'>αὐτῶν</span> <span class='ocrx_word' id='word_1_315' title='bbox 3049 1597 3276 1664; x_wconf 71' lang='grc' dir='ltr'>ἐπήρθη</span> <span class='ocrx_word' id='word_1_316' title='bbox 3305 1632 3320 1656; x_wconf 89' lang='grc'><em>,</em></span> <span class='ocrx_word' id='word_1_317' title='bbox 3379 1593 3475 1646; x_wconf 76' lang='grc' dir='ltr'>καὶ</span> <span class='ocrx_word' id='word_1_318' title='bbox 3530 1590 3758 1659; x_wconf 59' lang='grc' dir='ltr'>νεφέλη</span> 
     </span>
    </p>
   </div>
   <div class='ocr_carea' id='block_1_47' title="bbox 2088 1683 3596 1757">
    <p class='ocr_par' dir='ltr' id='par_1_47' title="bbox 2088 1683 3596 1757">
     <span class='ocr_line' id='line_1_47' title="bbox 2088 1683 3596 1757; baseline -0.004 -16"><span class='ocrx_word' id='word_1_319' title='bbox 2088 1728 2091 1730; x_wconf 92' lang='grc'><strong>-</strong></span> <span class='ocrx_word' id='word_1_320' title='bbox 2122 1746 2162 1757; x_wconf 55' lang='grc'><strong><em>“</em></strong></span> <span class='ocrx_word' id='word_1_321' title='bbox 2189 1685 2488 1741; x_wconf 70' lang='grc' dir='ltr'>ὑπέλαϐεν</span> <span class='ocrx_word' id='word_1_322' title='bbox 2510 1688 2695 1742; x_wconf 82' lang='grc' dir='ltr'>αὐτόν</span> <span class='ocrx_word' id='word_1_323' title='bbox 2732 1688 2849 1741; x_wconf 82' lang='grc' dir='ltr'><strong>ἀπὸ</strong></span> <span class='ocrx_word' id='word_1_324' title='bbox 2883 1687 2999 1741; x_wconf 81' lang='grc' dir='ltr'><strong>τῶν</strong></span> <span class='ocrx_word' id='word_1_325' title='bbox 3027 1685 3346 1757; x_wconf 63' lang='grc' dir='ltr'>ὀφθαλμῶν</span> <span class='ocrx_word' id='word_1_326' title='bbox 3375 1683 3596 1738; x_wconf 85' lang='grc' dir='ltr'>αὐτῶν.</span> 
     </span>
    </p>
   </div>
   <div class='ocr_carea' id='block_1_48' title="bbox 2122 1746 3761 1848">
    <p class='ocr_par' dir='ltr' id='par_1_48' title="bbox 2122 1746 3761 1848">
     <span class='ocr_line' id='line_1_48' title="bbox 2122 1746 3761 1848; baseline -0.005 -15"><span class='ocrx_word' id='word_1_327' title='bbox 2122 1746 2165 1801; x_wconf 74' lang='grc' dir='ltr'><strong>Β</strong></span> <span class='ocrx_word' id='word_1_328' title='bbox 2257 1780 2365 1832; x_wconf 84' lang='grc' dir='ltr'><strong>Καὶ</strong></span> <span class='ocrx_word' id='word_1_329' title='bbox 2398 1779 2563 1832; x_wconf 75' lang='grc' dir='ltr'>ἔθετο</span> <span class='ocrx_word' id='word_1_330' title='bbox 2593 1781 2811 1845; x_wconf 80' lang='grc' dir='ltr'><strong>σκότος</strong></span> <span class='ocrx_word' id='word_1_331' title='bbox 2843 1746 3439 1848; x_wconf 37' lang='grc' dir='ltr'>ἀποκρύφὴνναὺτοῦ.</span> <span class='ocrx_word' id='word_1_332' title='bbox 3477 1776 3590 1844; x_wconf 78' lang='grc' dir='ltr'><strong>Τὴν</strong></span> <span class='ocrx_word' id='word_1_333' title='bbox 3628 1773 3761 1842; x_wconf 75' lang='grc' dir='ltr'>ἀφαο</span> 
     </span>
    </p>
   </div>
   <div class='ocr_carea' id='block_1_49' title="bbox 2193 1865 3762 1942">
    <p class='ocr_par' dir='ltr' id='par_1_49' title="bbox 2193 1865 3762 1942">
     <span class='ocr_line' id='line_1_49' title="bbox 2193 1865 3762 1942; baseline -0.004 -20"><span class='ocrx_word' id='word_1_334' title='bbox 2193 1871 2258 1941; x_wconf 79' lang='grc' dir='ltr'><strong>νῆ</strong></span> <span class='ocrx_word' id='word_1_335' title='bbox 2293 1871 2386 1922; x_wconf 74' lang='grc' dir='ltr'><strong>καὶ</strong></span> <span class='ocrx_word' id='word_1_336' title='bbox 2412 1870 2771 1924; x_wconf 79' lang='grc' dir='ltr'>λανθάνουσαν</span> <span class='ocrx_word' id='word_1_337' title='bbox 2796 1870 2886 1924; x_wconf 85' lang='grc' dir='ltr'><strong>τοῦ</strong></span> <span class='ocrx_word' id='word_1_338' title='bbox 2911 1872 3158 1942; x_wconf 77' lang='grc' dir='ltr'><strong>Σωτῆρος</strong></span> <span class='ocrx_word' id='word_1_339' title='bbox 3199 1871 3294 1922; x_wconf 76' lang='grc' dir='ltr'>σὺν</span> <span class='ocrx_word' id='word_1_340' title='bbox 3322 1867 3632 1938; x_wconf 83' lang='grc' dir='ltr'>ἀνθρώποις</span> <span class='ocrx_word' id='word_1_341' title='bbox 3655 1865 3762 1917; x_wconf 75' lang='grc' dir='ltr'>δια·</span> 
     </span>
    </p>
   </div>
   <div class='ocr_carea' id='block_1_50' title="bbox 2191 1955 3762 2028">
    <p class='ocr_par' dir='ltr' id='par_1_50' title="bbox 2191 1955 3762 2028">
     <span class='ocr_line' id='line_1_50' title="bbox 2191 1955 3762 2028; baseline -0.001 -20"><span class='ocrx_word' id='word_1_342' title='bbox 2191 1956 2405 2028; x_wconf 89' lang='grc' dir='ltr'>τριϐήν.</span> <span class='ocrx_word' id='word_1_343' title='bbox 2433 1959 2646 2022; x_wconf 82' lang='grc' dir='ltr'>Κύκλῳ</span> <span class='ocrx_word' id='word_1_344' title='bbox 2669 1959 2853 2012; x_wconf 82' lang='grc' dir='ltr'>αὑτοῦ</span> <span class='ocrx_word' id='word_1_345' title='bbox 2889 1960 2927 2026; x_wconf 76' lang='grc' dir='ltr'><em>ἡ</em></span> <span class='ocrx_word' id='word_1_346' title='bbox 2960 1958 3162 2026; x_wconf 79' lang='grc' dir='ltr'>σκηνὴ</span> <span class='ocrx_word' id='word_1_347' title='bbox 3192 1958 3394 2012; x_wconf 79' lang='grc' dir='ltr'>αὐτοῦ.</span> <span class='ocrx_word' id='word_1_348' title='bbox 3426 1957 3644 2026; x_wconf 77' lang='grc' dir='ltr'>Σκηνήν</span> <span class='ocrx_word' id='word_1_349' title='bbox 3672 1955 3762 2007; x_wconf 83' lang='grc' dir='ltr'>αὑ-</span> 
     </span>
    </p>
   </div>
   <div class='ocr_carea' id='block_1_51' title="bbox 2192 2044 3759 2123">
    <p class='ocr_par' dir='ltr' id='par_1_51' title="bbox 2192 2044 3759 2123">
     <span class='ocr_line' id='line_1_51' title="bbox 2192 2044 3759 2123; baseline -0.002 -21"><span class='ocrx_word' id='word_1_350' title='bbox 2192 2049 2284 2102; x_wconf 85' lang='grc' dir='ltr'><strong>τοῦ</strong></span> <span class='ocrx_word' id='word_1_351' title='bbox 2318 2049 2414 2120; x_wconf 82' lang='grc' dir='ltr'>τὴν</span> <span class='ocrx_word' id='word_1_352' title='bbox 2439 2051 2598 2118; x_wconf 83' lang='grc' dir='ltr'>ἁγίαν</span> <span class='ocrx_word' id='word_1_353' title='bbox 2641 2051 2961 2120; x_wconf 85' lang='grc' dir='ltr'>Ἐκκλησίαν</span> <span class='ocrx_word' id='word_1_354' title='bbox 3005 2051 3276 2121; x_wconf 79' lang='grc' dir='ltr'>σημαίνει,</span> <span class='ocrx_word' id='word_1_355' title='bbox 3313 2051 3370 2102; x_wconf 82' lang='grc' dir='ltr'>ἐν</span> <span class='ocrx_word' id='word_1_356' title='bbox 3475 2064 3759 2118; x_wconf 83' lang='grc' dir='ltr'>κατασκη-</span> 
     </span>
    </p>
   </div>
   <div class='ocr_carea' id='block_1_52' title="bbox 2194 2137 3761 2212">
    <p class='ocr_par' dir='ltr' id='par_1_52' title="bbox 2194 2137 3761 2212">
     <span class='ocr_line' id='line_1_52' title="bbox 2194 2137 3761 2212; baseline -0.001 -21"><span class='ocrx_word' id='word_1_357' title='bbox 2194 2139 2361 2193; x_wconf 83' lang='grc' dir='ltr'>νῶσαι</span> <span class='ocrx_word' id='word_1_358' title='bbox 2388 2141 2738 2212; x_wconf 83' lang='grc' dir='ltr'>ἐπήγγελται.</span> <span class='ocrx_word' id='word_1_359' title='bbox 2761 2143 2974 2204; x_wconf 81' lang='grc' dir='ltr'>Κύκλῳ</span> <span class='ocrx_word' id='word_1_360' title='bbox 3001 2141 3055 2195; x_wconf 83' lang='grc' dir='ltr'>δὲ</span> <span class='ocrx_word' id='word_1_361' title='bbox 3083 2141 3288 2206; x_wconf 85' lang='grc' dir='ltr'>αὐτοῦ,</span> <span class='ocrx_word' id='word_1_362' title='bbox 3328 2141 3480 2210; x_wconf 78' lang='grc' dir='ltr'>φησὶ,</span> <span class='ocrx_word' id='word_1_363' title='bbox 3529 2139 3677 2192; x_wconf 84' lang='grc' dir='ltr'><strong>κατὰ</strong></span> <span class='ocrx_word' id='word_1_364' title='bbox 3703 2137 3761 2190; x_wconf 81' lang='grc' dir='ltr'>τὺ</span> 
     </span>
    </p>
   </div>
   <div class='ocr_carea' id='block_1_53' title="bbox 2191 2230 3762 2303">
    <p class='ocr_par' dir='ltr' id='par_1_53' title="bbox 2191 2230 3762 2303">
     <span class='ocr_line' id='line_1_53' title="bbox 2191 2230 3762 2303; baseline -0.001 -21"><span class='ocrx_word' id='word_1_365' title='bbox 2191 2232 2478 2303; x_wconf 80' lang='grc' dir='ltr'>εἰρημένον</span> <span class='ocrx_word' id='word_1_366' title='bbox 2499 2249 2512 2262; x_wconf 84' lang='lat'><strong><em>°</em></strong></span> <span class='ocrx_word' id='word_1_367' title='bbox 2533 2233 2724 2286; x_wconf 77' lang='grc' dir='ltr'>’Ὅπου</span> <span class='ocrx_word' id='word_1_368' title='bbox 2749 2233 2856 2287; x_wconf 81' lang='grc' dir='ltr'><strong>δύο</strong></span> <span class='ocrx_word' id='word_1_369' title='bbox 2884 2235 2922 2302; x_wconf 81' lang='grc' dir='ltr'><em>ἢ</em></span> <span class='ocrx_word' id='word_1_370' title='bbox 2952 2234 3108 2302; x_wconf 80' lang='grc' dir='ltr'><strong>τρεῖς</strong></span> <span class='ocrx_word' id='word_1_371' title='bbox 3144 2236 3261 2286; x_wconf 84' lang='grc' dir='ltr'>εἱσι</span> <span class='ocrx_word' id='word_1_372' title='bbox 3298 2231 3669 2300; x_wconf 70' lang='grc' dir='ltr'><strong>συνηγμένοι</strong></span> <span class='ocrx_word' id='word_1_373' title='bbox 3694 2230 3762 2281; x_wconf 77' lang='grc' dir='ltr'>ἐν</span> 
     </span>
    </p>
   </div>
   <div class='ocr_carea' id='block_1_54' title="bbox 2193 2320 3761 2395">
    <p class='ocr_par' dir='ltr' id='par_1_54' title="bbox 2193 2320 3761 2395">
     <span class='ocr_line' id='line_1_54' title="bbox 2193 2320 3761 2395; baseline -0.003 -19"><span class='ocrx_word' id='word_1_374' title='bbox 2193 2320 2272 2392; x_wconf 81' lang='grc' dir='ltr'>τῷ</span> <span class='ocrx_word' id='word_1_375' title='bbox 2295 2323 2413 2392; x_wconf 79' lang='grc' dir='ltr'>ἐμῷ</span> <span class='ocrx_word' id='word_1_376' title='bbox 2440 2325 2700 2393; x_wconf 78' lang='grc' dir='ltr'>ὀνόματι,</span> <span class='ocrx_word' id='word_1_377' title='bbox 2735 2325 2864 2378; x_wconf 77' lang='grc' dir='ltr'>ἐκεῖ</span> <span class='ocrx_word' id='word_1_378' title='bbox 2905 2329 3021 2395; x_wconf 77' lang='grc' dir='ltr'>ειμι</span> <span class='ocrx_word' id='word_1_379' title='bbox 3067 2328 3136 2380; x_wconf 89' lang='grc' dir='ltr'><strong>ὲν</strong></span> <span class='ocrx_word' id='word_1_380' title='bbox 3161 2325 3327 2393; x_wconf 82' lang='grc' dir='ltr'><strong>μέσῳ</strong></span> <span class='ocrx_word' id='word_1_381' title='bbox 3357 2322 3575 2376; x_wconf 74' lang='grc' dir='ltr'>αὐτῶν.</span> <span class='ocrx_word' id='word_1_382' title='bbox 3611 2325 3761 2374; x_wconf 63' lang='lat' dir='ltr'><strong>Exo-</strong></span> 
     </span>
    </p>
   </div>
   <div class='ocr_carea' id='block_1_55' title="bbox 2193 2412 3763 2486">
    <p class='ocr_par' dir='ltr' id='par_1_55' title="bbox 2193 2412 3763 2486">
     <span class='ocr_line' id='line_1_55' title="bbox 2193 2412 3763 2486; baseline -0.003 -17"><span class='ocrx_word' id='word_1_383' title='bbox 2193 2416 2390 2469; x_wconf 77' lang='grc' dir='ltr'>τεινόν</span> <span class='ocrx_word' id='word_1_384' title='bbox 2417 2417 2571 2484; x_wconf 77' lang='grc' dir='ltr'>ὕδωρ</span> <span class='ocrx_word' id='word_1_385' title='bbox 2591 2418 2660 2470; x_wconf 85' lang='grc' dir='ltr'><strong>ἐν</strong></span> <span class='ocrx_word' id='word_1_386' title='bbox 2680 2418 2959 2486; x_wconf 61' lang='grc' dir='ltr'>νεφέλαις</span> <span class='ocrx_word' id='word_1_387' title='bbox 2986 2419 3194 2486; x_wconf 78' lang='grc' dir='ltr'>ἀέρων.</span> <span class='ocrx_word' id='word_1_388' title='bbox 3225 2416 3390 2470; x_wconf 85' lang='grc' dir='ltr'>Τοῦτό</span> <span class='ocrx_word' id='word_1_389' title='bbox 3417 2432 3549 2486; x_wconf 82' lang='grc' dir='ltr'>φησι</span> <span class='ocrx_word' id='word_1_390' title='bbox 3578 2413 3672 2466; x_wconf 84' lang='grc' dir='ltr'>διὰ</span> <span class='ocrx_word' id='word_1_391' title='bbox 3701 2412 3763 2464; x_wconf 85' lang='grc' dir='ltr'>τὺ</span> 
     </span>
    </p>
   </div>
   <div class='ocr_carea' id='block_1_56' title="bbox 2191 2507 3761 2580">
    <p class='ocr_par' dir='ltr' id='par_1_56' title="bbox 2191 2507 3761 2580">
     <span class='ocr_line' id='line_1_56' title="bbox 2191 2507 3761 2580; baseline -0.003 -20"><span class='ocrx_word' id='word_1_392' title='bbox 2191 2507 2454 2577; x_wconf 83' lang='grc' dir='ltr'>ἀμαυρῶς</span> <span class='ocrx_word' id='word_1_393' title='bbox 2482 2510 2606 2571; x_wconf 79' lang='grc' dir='ltr'>τοὺς</span> <span class='ocrx_word' id='word_1_394' title='bbox 2637 2510 2762 2580; x_wconf 80' lang='grc' dir='ltr'>περὶ</span> <span class='ocrx_word' id='word_1_395' title='bbox 2790 2509 2951 2562; x_wconf 80' lang='grc' dir='ltr'>αὑτοῦ</span> <span class='ocrx_word' id='word_1_396' title='bbox 2990 2508 3181 2574; x_wconf 83' lang='grc' dir='ltr'>λόγους</span> <span class='ocrx_word' id='word_1_397' title='bbox 3219 2509 3276 2560; x_wconf 88' lang='grc' dir='ltr'>ὲν</span> <span class='ocrx_word' id='word_1_398' title='bbox 3308 2511 3418 2570; x_wconf 87' lang='grc' dir='ltr'>τοῖς</span> <span class='ocrx_word' id='word_1_399' title='bbox 3454 2508 3761 2578; x_wconf 72' lang='grc' dir='ltr'>προφήταις</span> 
     </span>
    </p>
   </div>
   <div class='ocr_carea' id='block_1_57' title="bbox 2193 2599 3569 2672">
    <p class='ocr_par' dir='ltr' id='par_1_57' title="bbox 2193 2599 3569 2672">
     <span class='ocr_line' id='line_1_57' title="bbox 2193 2599 3569 2672; baseline 0 -20"><span class='ocrx_word' id='word_1_400' title='bbox 2193 2599 2421 2664; x_wconf 85' lang='grc' dir='ltr'>κεῖσθαι,</span> <span class='ocrx_word' id='word_1_401' title='bbox 2455 2601 2646 2663; x_wconf 82' lang='grc' dir='ltr'>οἵτινες</span> <span class='ocrx_word' id='word_1_402' title='bbox 2671 2602 2762 2654; x_wconf 70' lang='grc' dir='ltr'><strong>καὶ</strong></span> <span class='ocrx_word' id='word_1_403' title='bbox 2783 2601 2999 2668; x_wconf 86' lang='grc' dir='ltr'>νεφέλαι</span> <span class='ocrx_word' id='word_1_404' title='bbox 3033 2600 3569 2672; x_wconf 70' lang='grc' dir='ltr'>προσηγορεύθησαν.</span> 
     </span>
    </p>
   </div>
   <div class='ocr_carea' id='block_1_58' title="bbox 2276 2691 3761 2761">
    <p class='ocr_par' dir='ltr' id='par_1_58' title="bbox 2276 2691 3761 2761">
     <span class='ocr_line' id='line_1_58' title="bbox 2276 2691 3761 2761; baseline 0 -16"><span class='ocrx_word' id='word_1_405' title='bbox 2276 2691 2417 2745; x_wconf 81' lang='grc' dir='ltr'><strong>Ἀπὸ</strong></span> <span class='ocrx_word' id='word_1_406' title='bbox 2458 2691 2566 2758; x_wconf 82' lang='grc' dir='ltr'><strong>τῆς</strong></span> <span class='ocrx_word' id='word_1_407' title='bbox 2600 2691 3024 2761; x_wconf 71' lang='grc' dir='ltr'>τηλαυγήσεως</span> <span class='ocrx_word' id='word_1_408' title='bbox 3061 2691 3316 2744; x_wconf 82' lang='grc' dir='ltr'>ἐνώπιον</span> <span class='ocrx_word' id='word_1_409' title='bbox 3344 2691 3530 2744; x_wconf 81' lang='grc' dir='ltr'>αὐτοῦ</span> <span class='ocrx_word' id='word_1_410' title='bbox 3563 2693 3628 2744; x_wconf 84' lang='lat' dir='ltr'><strong>al</strong></span> <span class='ocrx_word' id='word_1_411' title='bbox 3667 2708 3761 2745; x_wconf 77' lang='grc' dir='ltr'><strong>νε·</strong></span> 
     </span>
    </p>
   </div>
   <div class='ocr_carea' id='block_1_59' title="bbox 2193 2778 3764 2851">
    <p class='ocr_par' dir='ltr' id='par_1_59' title="bbox 2193 2778 3764 2851">
     <span class='ocr_line' id='line_1_59' title="bbox 2193 2778 3764 2851; baseline -0.001 -18"><span class='ocrx_word' id='word_1_412' title='bbox 2193 2780 2366 2849; x_wconf 72' lang='grc' dir='ltr'>φέλαι</span> <span class='ocrx_word' id='word_1_413' title='bbox 2394 2780 2663 2848; x_wconf 75' lang='grc' dir='ltr'>διῆλθον.</span> <span class='ocrx_word' id='word_1_414' title='bbox 2701 2781 2771 2833; x_wconf 76' lang='grc' dir='ltr'>Τὸ</span> <span class='ocrx_word' id='word_1_415' title='bbox 2807 2781 2938 2850; x_wconf 80' lang='grc' dir='ltr'>φῶς,</span> <span class='ocrx_word' id='word_1_416' title='bbox 2993 2782 3145 2851; x_wconf 69' lang='grc' dir='ltr'>φησι,</span> <span class='ocrx_word' id='word_1_417' title='bbox 3189 2783 3287 2851; x_wconf 79' lang='grc' dir='ltr'>τῆς</span> <span class='ocrx_word' id='word_1_418' title='bbox 3322 2778 3649 2848; x_wconf 79' lang='grc' dir='ltr'>ἐπιφανείας</span> <span class='ocrx_word' id='word_1_419' title='bbox 3677 2781 3764 2834; x_wconf 79' lang='grc' dir='ltr'><strong>αὖ·</strong></span> 
     </span>
    </p>
   </div>
   <div class='ocr_carea' id='block_1_60' title="bbox 2193 2871 3762 2946">
    <p class='ocr_par' dir='ltr' id='par_1_60' title="bbox 2193 2871 3762 2946">
     <span class='ocr_line' id='line_1_60' title="bbox 2193 2871 3762 2946; baseline 0.002 -21"><span class='ocrx_word' id='word_1_420' title='bbox 2193 2871 2285 2925; x_wconf 89' lang='grc' dir='ltr'><strong>τοῦ</strong></span> <span class='ocrx_word' id='word_1_421' title='bbox 2321 2873 2556 2942; x_wconf 71' lang='grc' dir='ltr'>φανερὰς</span> <span class='ocrx_word' id='word_1_422' title='bbox 2592 2873 2689 2936; x_wconf 75' lang='grc' dir='ltr'><strong>τὰς</strong></span> <span class='ocrx_word' id='word_1_423' title='bbox 2723 2873 3053 2944; x_wconf 69' lang='grc' dir='ltr'>προφητείας</span> <span class='ocrx_word' id='word_1_424' title='bbox 3085 2875 3359 2944; x_wconf 81' lang='grc' dir='ltr'>ἐποίησεν.</span> <span class='ocrx_word' id='word_1_425' title='bbox 3397 2873 3416 2945; x_wconf 95' lang='grc'>[</span> <span class='ocrx_word' id='word_1_426' title='bbox 3451 2875 3677 2946; x_wconf 81' lang='grc' dir='ltr'>Ἐπειδὴ</span> <span class='ocrx_word' id='word_1_427' title='bbox 3707 2876 3762 2928; x_wconf 79' lang='grc' dir='ltr'>δὲ</span> 
     </span>
    </p>
   </div>
   <div class='ocr_carea' id='block_1_61' title="bbox 2194 2963 3763 3036">
    <p class='ocr_par' dir='ltr' id='par_1_61' title="bbox 2194 2963 3763 3036">
     <span class='ocr_line' id='line_1_61' title="bbox 2194 2963 3763 3036; baseline 0 -20"><span class='ocrx_word' id='word_1_428' title='bbox 2194 2964 2287 3016; x_wconf 69' lang='grc' dir='ltr'><strong>καὶ</strong></span> <span class='ocrx_word' id='word_1_429' title='bbox 2323 2963 2542 3016; x_wconf 74' lang='grc' dir='ltr'>ἀπειλαὶ</span> <span class='ocrx_word' id='word_1_430' title='bbox 2587 2967 2698 3027; x_wconf 80' lang='grc' dir='ltr'>τοῖς</span> <span class='ocrx_word' id='word_1_431' title='bbox 2731 2967 3086 3036; x_wconf 82' lang='grc' dir='ltr'>προφητικοίς</span> <span class='ocrx_word' id='word_1_432' title='bbox 3121 2964 3389 3032; x_wconf 82' lang='grc' dir='ltr'>ἔγκεινται</span> <span class='ocrx_word' id='word_1_433' title='bbox 3421 2964 3600 3032; x_wconf 81' lang='grc' dir='ltr'>λόγοις</span> <span class='ocrx_word' id='word_1_434' title='bbox 3621 3003 3637 3027; x_wconf 91' lang='grc'><em>,</em></span> <span class='ocrx_word' id='word_1_435' title='bbox 3673 2966 3763 3017; x_wconf 75' lang='grc' dir='ltr'>καὶ</span> 
     </span>
    </p>
   </div>
   <div class='ocr_carea' id='block_1_62' title="bbox 525 3047 2106 3129">
    <p class='ocr_par' dir='ltr' id='par_1_62' title="bbox 525 3047 2092 3121">
     <span class='ocr_line' id='line_1_62' title="bbox 525 3047 2092 3121; baseline 0.003 -18"><span class='ocrx_word' id='word_1_436' title='bbox 525 3049 686 3103; x_wconf 85' lang='lat' dir='ltr'><strong>nibus</strong></span> <span class='ocrx_word' id='word_1_437' title='bbox 714 3049 1072 3103; x_wconf 86' lang='lat' dir='ltr'><strong>adnmbravit.</strong></span> <span class='ocrx_word' id='word_1_438' title='bbox 1112 3047 1228 3114; x_wconf 86' lang='lat' dir='ltr'><strong>Vel,</strong></span> <span class='ocrx_word' id='word_1_439' title='bbox 1263 3049 1366 3104; x_wconf 94' lang='lat' dir='ltr'><strong>hoc</strong></span> <span class='ocrx_word' id='word_1_440' title='bbox 1399 3050 1556 3104; x_wconf 88' lang='lat' dir='ltr'><strong>modo</strong></span> <span class='ocrx_word' id='word_1_441' title='bbox 1585 3069 1596 3104; x_wconf 95' lang='lat'>:</span> <span class='ocrx_word' id='word_1_442' title='bbox 1637 3065 1666 3104; x_wconf 90' lang='lat' dir='ltr'><strong>a</strong></span> <span class='ocrx_word' id='word_1_443' title='bbox 1699 3053 2092 3121; x_wconf 66' lang='lat' dir='ltr'><strong>praedicationis</strong></span> 
     </span>
    </p>
   </div>
   <div class='ocr_carea' id='block_1_63' title="bbox 2193 3047 3762 3129">
    <p class='ocr_par' dir='ltr' id='par_1_63' title="bbox 2193 3053 3762 3128">
     <span class='ocr_line' id='line_1_63' title="bbox 2193 3053 3762 3128; baseline 0.004 -23"><span class='ocrx_word' id='word_1_444' title='bbox 2193 3054 2392 3116; x_wconf 87' lang='grc' dir='ltr'>ταύτας</span> <span class='ocrx_word' id='word_1_445' title='bbox 2423 3053 2508 3106; x_wconf 84' lang='grc' dir='ltr'><strong>διὰ</strong></span> <span class='ocrx_word' id='word_1_446' title='bbox 2542 3055 2639 3125; x_wconf 85' lang='grc' dir='ltr'>τῆς</span> <span class='ocrx_word' id='word_1_447' title='bbox 2680 3056 2918 3128; x_wconf 79' lang='grc' dir='ltr'>χαλάζης</span> <span class='ocrx_word' id='word_1_448' title='bbox 2956 3059 3046 3111; x_wconf 74' lang='grc' dir='ltr'><strong>καὶ</strong></span> <span class='ocrx_word' id='word_1_449' title='bbox 3084 3057 3367 3126; x_wconf 83' lang='grc' dir='ltr'>ἀνθράκων</span> <span class='ocrx_word' id='word_1_450' title='bbox 3409 3057 3656 3127; x_wconf 77' lang='grc' dir='ltr'>ᾐνίξατο.</span> <span class='ocrx_word' id='word_1_451' title='bbox 3693 3057 3762 3110; x_wconf 82' lang='grc' dir='ltr'><em>Ἠ</em></span> 
     </span>
    </p>
   </div>
   <div class='ocr_carea' id='block_1_64' title="bbox 525 3140 2088 3216">
    <p class='ocr_par' dir='ltr' id='par_1_64' title="bbox 525 3140 2088 3216">
     <span class='ocr_line' id='line_1_64' title="bbox 525 3140 2088 3216; baseline 0.004 -20"><span class='ocrx_word' id='word_1_452' title='bbox 525 3140 813 3210; x_wconf 74' lang='lat' dir='ltr'><strong>Splendorc</strong></span> <span class='ocrx_word' id='word_1_453' title='bbox 853 3141 908 3194; x_wconf 90' lang='lat' dir='ltr'><strong>in</strong></span> <span class='ocrx_word' id='word_1_454' title='bbox 951 3152 1243 3210; x_wconf 89' lang='lat' dir='ltr'><strong>conspectu</strong></span> <span class='ocrx_word' id='word_1_455' title='bbox 1281 3142 1401 3211; x_wconf 84' lang='lat' dir='ltr'><strong>ejus</strong></span> <span class='ocrx_word' id='word_1_456' title='bbox 1450 3150 1791 3199; x_wconf 86' lang='lat' dir='ltr'><strong>transeuntes</strong></span> <span class='ocrx_word' id='word_1_457' title='bbox 1836 3149 2088 3216; x_wconf 80' lang='lat' dir='ltr'><strong>apostoli,</strong></span> 
     </span>
    </p>
   </div>
   <div class='ocr_carea' id='block_1_65' title="bbox 524 3233 2091 3304">
    <p class='ocr_par' dir='ltr' id='par_1_65' title="bbox 524 3233 2091 3304">
     <span class='ocr_line' id='line_1_65' title="bbox 524 3233 2091 3304; baseline 0.004 -17"><span class='ocrx_word' id='word_1_458' title='bbox 524 3233 752 3287; x_wconf 85' lang='lat' dir='ltr'><strong>nubium</strong></span> <span class='ocrx_word' id='word_1_459' title='bbox 805 3233 978 3287; x_wconf 89' lang='lat' dir='ltr'><strong>instar</strong></span> <span class='ocrx_word' id='word_1_460' title='bbox 1015 3234 1276 3287; x_wconf 88' lang='lat' dir='ltr'><strong>mundum</strong></span> <span class='ocrx_word' id='word_1_461' title='bbox 1311 3233 1622 3304; x_wconf 89' lang='lat' dir='ltr'><strong>irrigarunt.</strong></span> <span class='ocrx_word' id='word_1_462' title='bbox 1652 3233 1954 3291; x_wconf 87' lang='lat' dir='ltr'><strong>Grandines</strong></span> <span class='ocrx_word' id='word_1_463' title='bbox 1989 3254 2091 3293; x_wconf 89' lang='lat' dir='ltr'><strong>au-</strong></span> 
     </span>
    </p>
   </div>
   <div class='ocr_carea' id='block_1_66' title="bbox 525 3324 2089 3403">
    <p class='ocr_par' dir='ltr' id='par_1_66' title="bbox 525 3324 2089 3403">
     <span class='ocr_line' id='line_1_66' title="bbox 525 3324 2089 3403; baseline 0.004 -25"><span class='ocrx_word' id='word_1_464' title='bbox 525 3333 633 3378; x_wconf 90' lang='lat' dir='ltr'><strong>tem</strong></span> <span class='ocrx_word' id='word_1_465' title='bbox 660 3324 908 3394; x_wconf 89' lang='lat' dir='ltr'><strong>supplicii</strong></span> <span class='ocrx_word' id='word_1_466' title='bbox 932 3339 1099 3393; x_wconf 87' lang='lat' dir='ltr'><strong>genus</strong></span> <span class='ocrx_word' id='word_1_467' title='bbox 1128 3333 1274 3390; x_wconf 91' lang='lat' dir='ltr'><strong>sunt,</strong></span> <span class='ocrx_word' id='word_1_468' title='bbox 1305 3324 1371 3378; x_wconf 86' lang='lat' dir='ltr'><strong>ad</strong></span> <span class='ocrx_word' id='word_1_469' title='bbox 1406 3326 1771 3381; x_wconf 81' lang='lat' dir='ltr'><strong>ulciscendum</strong></span> <span class='ocrx_word' id='word_1_470' title='bbox 1802 3329 2089 3403; x_wconf 87' lang='lat' dir='ltr'><strong>inlideles.]</strong></span> 
     </span>
    </p>
   </div>
   <div class='ocr_carea' id='block_1_67' title="bbox 527 3414 2094 3492">
    <p class='ocr_par' dir='ltr' id='par_1_67' title="bbox 527 3414 2094 3492">
     <span class='ocr_line' id='line_1_67' title="bbox 527 3414 2094 3492; baseline 0.005 -22"><span class='ocrx_word' id='word_1_471' title='bbox 527 3414 741 3470; x_wconf 82' lang='lat' dir='ltr'><strong>Grande</strong></span> <span class='ocrx_word' id='word_1_472' title='bbox 771 3425 820 3470; x_wconf 92' lang='lat' dir='ltr'><strong>et</strong></span> <span class='ocrx_word' id='word_1_473' title='bbox 847 3419 1095 3470; x_wconf 72' lang='lat' dir='ltr'><strong>carbones</strong></span> <span class='ocrx_word' id='word_1_474' title='bbox 1118 3417 1271 3486; x_wconf 76' lang='lat' dir='ltr'><strong>ignis.</strong></span> <span class='ocrx_word' id='word_1_475' title='bbox 1315 3415 1410 3472; x_wconf 90' lang='lat' dir='ltr'><strong>llis</strong></span> <span class='ocrx_word' id='word_1_476' title='bbox 1441 3433 1502 3472; x_wconf 88' lang='lat' dir='ltr'><strong>ea</strong></span> <span class='ocrx_word' id='word_1_477' title='bbox 1535 3419 1799 3489; x_wconf 80' lang='lat' dir='ltr'><strong>signiﬁcat</strong></span> <span class='ocrx_word' id='word_1_478' title='bbox 1824 3437 1944 3491; x_wconf 75' lang='lat' dir='ltr'><strong>qua:</strong></span> <span class='ocrx_word' id='word_1_479' title='bbox 1970 3433 2094 3492; x_wconf 87' lang='lat' dir='ltr'><strong>post</strong></span> 
     </span>
    </p>
   </div>
   <div class='ocr_carea' id='block_1_68' title="bbox 527 3508 2091 3582">
    <p class='ocr_par' dir='ltr' id='par_1_68' title="bbox 527 3508 2091 3582">
     <span class='ocr_line' id='line_1_68' title="bbox 527 3508 2091 3582; baseline 0.004 -20"><span class='ocrx_word' id='word_1_480' title='bbox 527 3510 955 3578; x_wconf 87' lang='lat' dir='ltr'><strong>assumptionem</strong></span> <span class='ocrx_word' id='word_1_481' title='bbox 987 3508 1105 3578; x_wconf 88' lang='lat' dir='ltr'><strong>ejus</strong></span> <span class='ocrx_word' id='word_1_482' title='bbox 1143 3508 1378 3564; x_wconf 91' lang='lat' dir='ltr'><strong>inimicis</strong></span> <span class='ocrx_word' id='word_1_483' title='bbox 1415 3511 1748 3574; x_wconf 87' lang='lat' dir='ltr'><strong>acciderunt,</strong></span> <span class='ocrx_word' id='word_1_484' title='bbox 1797 3515 2091 3582; x_wconf 80' lang='lat' dir='ltr'><strong>Spirituali-</strong></span> 
     </span>
    </p>
   </div>
   <div class='ocr_carea' id='block_1_69' title="bbox 525 3598 2090 3664">
    <p class='ocr_par' dir='ltr' id='par_1_69' title="bbox 525 3598 2090 3664">
     <span class='ocr_line' id='line_1_69' title="bbox 525 3598 2090 3664; baseline 0.004 -10"><span class='ocrx_word' id='word_1_485' title='bbox 525 3598 630 3654; x_wconf 83' lang='lat' dir='ltr'><strong>bus</strong></span> <span class='ocrx_word' id='word_1_486' title='bbox 662 3599 803 3653; x_wconf 87' lang='lat' dir='ltr'><strong>dico.</strong></span> <span class='ocrx_word' id='word_1_487' title='bbox 847 3598 1313 3664; x_wconf 83' lang='lat' dir='ltr'><strong>Quemadmodum</strong></span> <span class='ocrx_word' id='word_1_488' title='bbox 1357 3610 1536 3656; x_wconf 89' lang='lat' dir='ltr'><strong>autem</strong></span> <span class='ocrx_word' id='word_1_489' title='bbox 1578 3617 1700 3657; x_wconf 88' lang='lat' dir='ltr'><strong>eum</strong></span> <span class='ocrx_word' id='word_1_490' title='bbox 1737 3603 1983 3660; x_wconf 85' lang='lat' dir='ltr'><strong>lsraelem</strong></span> <span class='ocrx_word' id='word_1_491' title='bbox 2025 3622 2090 3661; x_wconf 79' lang='lat' dir='ltr'><strong>ex</strong></span> 
     </span>
    </p>
   </div>
   <div class='ocr_carea' id='block_1_70' title="bbox 528 3686 2090 3766">
    <p class='ocr_par' dir='ltr' id='par_1_70' title="bbox 528 3686 2090 3766">
     <span class='ocr_line' id='line_1_70' title="bbox 528 3686 2090 3766; baseline 0.004 -22"><span class='ocrx_word' id='word_1_492' title='bbox 528 3686 798 3758; x_wconf 65' lang='lat' dir='ltr'><strong>Egyptiis</strong></span> <span class='ocrx_word' id='word_1_493' title='bbox 818 3688 1090 3754; x_wconf 87' lang='lat' dir='ltr'><strong>liberaret,</strong></span> <span class='ocrx_word' id='word_1_494' title='bbox 1120 3691 1433 3759; x_wconf 87' lang='lat' dir='ltr'><strong>grandinem</strong></span> <span class='ocrx_word' id='word_1_495' title='bbox 1451 3701 1502 3747; x_wconf 93' lang='lat' dir='ltr'><strong>et</strong></span> <span class='ocrx_word' id='word_1_496' title='bbox 1523 3694 1697 3763; x_wconf 88' lang='lat' dir='ltr'><strong>ignem</strong></span> <span class='ocrx_word' id='word_1_497' title='bbox 1729 3709 1826 3749; x_wconf 91' lang='lat' dir='ltr'><strong>ceu</strong></span> <span class='ocrx_word' id='word_1_498' title='bbox 1855 3696 2090 3766; x_wconf 87' lang='lat' dir='ltr'><strong>pluviam</strong></span> 
     </span>
    </p>
   </div>
   <div class='ocr_carea' id='block_1_71' title="bbox 529 3780 2091 3854">
    <p class='ocr_par' dir='ltr' id='par_1_71' title="bbox 529 3780 2091 3854">
     <span class='ocr_line' id='line_1_71' title="bbox 529 3780 2091 3854; baseline 0.003 -18"><span class='ocrx_word' id='word_1_499' title='bbox 529 3781 752 3837; x_wconf 89' lang='lat' dir='ltr'><strong>demisit</strong></span> <span class='ocrx_word' id='word_1_500' title='bbox 786 3798 800 3848; x_wconf 93' lang='lat'><strong>;</strong></span> <span class='ocrx_word' id='word_1_501' title='bbox 831 3780 903 3836; x_wconf 84' lang='lat' dir='ltr'><strong>ita</strong></span> <span class='ocrx_word' id='word_1_502' title='bbox 949 3791 1003 3835; x_wconf 86' lang='lat' dir='ltr'><strong>et</strong></span> <span class='ocrx_word' id='word_1_503' title='bbox 1044 3796 1167 3836; x_wconf 91' lang='lat' dir='ltr'><strong>cum</strong></span> <span class='ocrx_word' id='word_1_504' title='bbox 1216 3797 1405 3838; x_wconf 89' lang='lat' dir='ltr'><strong>omnes</strong></span> <span class='ocrx_word' id='word_1_505' title='bbox 1445 3793 1632 3854; x_wconf 87' lang='lat' dir='ltr'><strong>gentes</strong></span> <span class='ocrx_word' id='word_1_506' title='bbox 1674 3801 1739 3839; x_wconf 79' lang='lat' dir='ltr'><strong>ex</strong></span> <span class='ocrx_word' id='word_1_507' title='bbox 1785 3787 2091 3841; x_wconf 69' lang='lat' dir='ltr'><strong>dmmonum</strong></span> 
     </span>
    </p>
   </div>
   <div class='ocr_carea' id='block_1_72' title="bbox 527 3872 2094 3945">
    <p class='ocr_par' dir='ltr' id='par_1_72' title="bbox 527 3872 2094 3945">
     <span class='ocr_line' id='line_1_72' title="bbox 527 3872 2094 3945; baseline 0.004 -17"><span class='ocrx_word' id='word_1_508' title='bbox 527 3873 788 3928; x_wconf 85' lang='lat' dir='ltr'><strong>servitute</strong></span> <span class='ocrx_word' id='word_1_509' title='bbox 820 3872 1096 3940; x_wconf 88' lang='lat' dir='ltr'><strong>liberaret,</strong></span> <span class='ocrx_word' id='word_1_510' title='bbox 1127 3873 1440 3943; x_wconf 78' lang='lat' dir='ltr'><strong>grandinem</strong></span> <span class='ocrx_word' id='word_1_511' title='bbox 1471 3875 1653 3945; x_wconf 90' lang='lat' dir='ltr'><strong>pluere</strong></span> <span class='ocrx_word' id='word_1_512' title='bbox 1682 3875 1878 3932; x_wconf 84' lang='lat' dir='ltr'><strong>fecitet</strong></span> <span class='ocrx_word' id='word_1_513' title='bbox 1905 3879 2094 3934; x_wconf 88' lang='lat' dir='ltr'><strong>carbo-</strong></span> 
     </span>
    </p>
   </div>
   <div class='ocr_carea' id='block_1_73' title="bbox 526 3962 2090 4033">
    <p class='ocr_par' dir='ltr' id='par_1_73' title="bbox 526 3962 2090 4033">
     <span class='ocr_line' id='line_1_73' title="bbox 526 3962 2090 4033; baseline 0.004 -15"><span class='ocrx_word' id='word_1_514' title='bbox 526 3977 628 4019; x_wconf 87' lang='lat' dir='ltr'><strong>nes</strong></span> <span class='ocrx_word' id='word_1_515' title='bbox 671 3962 829 4033; x_wconf 86' lang='lat' dir='ltr'><strong>ignis.</strong></span> <span class='ocrx_word' id='word_1_516' title='bbox 872 3962 1062 4019; x_wconf 74' lang='lat' dir='ltr'><strong>lsthaec</strong></span> <span class='ocrx_word' id='word_1_517' title='bbox 1090 3971 1271 4018; x_wconf 89' lang='lat' dir='ltr'><strong>autem</strong></span> <span class='ocrx_word' id='word_1_518' title='bbox 1313 3963 1514 4021; x_wconf 84' lang='lat' dir='ltr'><strong>fuerint</strong></span> <span class='ocrx_word' id='word_1_519' title='bbox 1554 3967 1776 4022; x_wconf 90' lang='lat' dir='ltr'><strong>ultrices</strong></span> <span class='ocrx_word' id='word_1_520' title='bbox 1810 3968 2040 4024; x_wconf 83' lang='lat' dir='ltr'><strong>virtutes</strong></span> <span class='ocrx_word' id='word_1_521' title='bbox 2074 3987 2090 4024; x_wconf 89' lang='lat'><strong>:</strong></span> 
     </span>
    </p>
   </div>
   <div class='ocr_carea' id='block_1_74' title="bbox 521 4055 2093 4128">
    <p class='ocr_par' dir='ltr' id='par_1_74' title="bbox 521 4055 2093 4128">
     <span class='ocr_line' id='line_1_74' title="bbox 521 4055 2093 4128; baseline 0.005 -20"><span class='ocrx_word' id='word_1_522' title='bbox 521 4055 731 4125; x_wconf 77' lang='lat' dir='ltr'><strong>quibus</strong></span> <span class='ocrx_word' id='word_1_523' title='bbox 763 4055 1125 4128; x_wconf 87' lang='lat' dir='ltr'><strong>intelligibiles</strong></span> <span class='ocrx_word' id='word_1_524' title='bbox 1168 4055 1290 4113; x_wconf 92' lang='lat' dir='ltr'><strong>illas</strong></span> <span class='ocrx_word' id='word_1_525' title='bbox 1319 4055 1600 4128; x_wconf 65' lang='lat' dir='ltr'><strong>Egyptias</strong></span> <span class='ocrx_word' id='word_1_526' title='bbox 1640 4067 1933 4128; x_wconf 87' lang='lat' dir='ltr'><strong>potestates</strong></span> <span class='ocrx_word' id='word_1_527' title='bbox 1971 4075 2093 4116; x_wconf 86' lang='lat' dir='ltr'><strong>sus-</strong></span> 
     </span>
    </p>
   </div>
   <div class='ocr_carea' id='block_1_75' title="bbox 523 4147 675 4203">
    <p class='ocr_par' dir='ltr' id='par_1_75' title="bbox 523 4147 675 4203">
     <span class='ocr_line' id='line_1_75' title="bbox 523 4147 675 4203; baseline 0 -2"><span class='ocrx_word' id='word_1_528' title='bbox 523 4147 675 4203; x_wconf 83' lang='lat' dir='ltr'><strong>tulit.</strong></span> 
     </span>
    </p>
   </div>
   <div class='ocr_carea' id='block_1_76' title="bbox 599 4233 2094 4308">
    <p class='ocr_par' dir='ltr' id='par_1_76' title="bbox 599 4233 2094 4308">
     <span class='ocr_line' id='line_1_76' title="bbox 599 4233 2094 4308; baseline 0.003 -17"><span class='ocrx_word' id='word_1_529' title='bbox 599 4236 688 4291; x_wconf 77' lang='lat' dir='ltr'><strong>l6.</strong></span> <span class='ocrx_word' id='word_1_530' title='bbox 736 4233 806 4291; x_wconf 84' lang='lat' dir='ltr'><strong>Et</strong></span> <span class='ocrx_word' id='word_1_531' title='bbox 849 4245 1204 4306; x_wconf 84' lang='lat' dir='ltr'><strong>apparuerunt</strong></span> <span class='ocrx_word' id='word_1_532' title='bbox 1243 4237 1411 4307; x_wconf 77' lang='lat' dir='ltr'><strong>fontes</strong></span> <span class='ocrx_word' id='word_1_533' title='bbox 1449 4253 1731 4308; x_wconf 86' lang='lat' dir='ltr'><strong>aquarum,</strong></span> <span class='ocrx_word' id='word_1_534' title='bbox 1775 4247 1879 4294; x_wconf 90' lang='lat' dir='ltr'><strong>etc.</strong></span> <span class='ocrx_word' id='word_1_535' title='bbox 1936 4238 2094 4295; x_wconf 90' lang='lat' dir='ltr'><strong>Post-</strong></span> 
     </span>
    </p>
   </div>
   <div class='ocr_carea' id='block_1_77' title="bbox 520 4326 2092 4399">
    <p class='ocr_par' dir='ltr' id='par_1_77' title="bbox 520 4326 2092 4399">
     <span class='ocr_line' id='line_1_77' title="bbox 520 4326 2092 4399; baseline 0.004 -17"><span class='ocrx_word' id='word_1_536' title='bbox 520 4343 692 4399; x_wconf 83' lang='lat' dir='ltr'><strong>quam</strong></span> <span class='ocrx_word' id='word_1_537' title='bbox 748 4326 945 4383; x_wconf 86' lang='lat' dir='ltr'><strong>sublati</strong></span> <span class='ocrx_word' id='word_1_538' title='bbox 981 4327 1186 4382; x_wconf 90' lang='lat' dir='ltr'><strong>inimici</strong></span> <span class='ocrx_word' id='word_1_539' title='bbox 1232 4326 1472 4394; x_wconf 78' lang='lat' dir='ltr'><strong>fuerunt,</strong></span> <span class='ocrx_word' id='word_1_540' title='bbox 1511 4341 1880 4399; x_wconf 82' lang='lat' dir='ltr'><strong>apparuerunt</strong></span> <span class='ocrx_word' id='word_1_541' title='bbox 1914 4332 2092 4388; x_wconf 84' lang='lat' dir='ltr'><strong>fontes</strong></span> 
     </span>
    </p>
   </div>
   <div class='ocr_carea' id='block_1_78' title="bbox 2193 3144 3762 3220">
    <p class='ocr_par' dir='ltr' id='par_1_78' title="bbox 2193 3144 3762 3220">
     <span class='ocr_line' id='line_1_78' title="bbox 2193 3144 3762 3220; baseline 0.003 -23"><span class='ocrx_word' id='word_1_542' title='bbox 2193 3144 2384 3208; x_wconf 75' lang='grc' dir='ltr'>οὕτως,</span> <span class='ocrx_word' id='word_1_543' title='bbox 2417 3146 2524 3198; x_wconf 79' lang='grc' dir='ltr'>ἀπὸ</span> <span class='ocrx_word' id='word_1_544' title='bbox 2550 3147 2646 3216; x_wconf 80' lang='grc' dir='ltr'><strong>τῆς</strong></span> <span class='ocrx_word' id='word_1_545' title='bbox 2679 3147 2770 3200; x_wconf 86' lang='grc' dir='ltr'><strong>τοῦ</strong></span> <span class='ocrx_word' id='word_1_546' title='bbox 2804 3148 3155 3219; x_wconf 72' lang='grc' dir='ltr'>κηρύγματος</span> <span class='ocrx_word' id='word_1_547' title='bbox 3189 3148 3512 3218; x_wconf 66' lang='grc' dir='ltr'>ἐκλάμψεως</span> <span class='ocrx_word' id='word_1_548' title='bbox 3547 3149 3762 3220; x_wconf 74' lang='grc' dir='ltr'>ἔμπρο-</span> 
     </span>
    </p>
   </div>
   <div class='ocr_carea' id='block_1_79' title="bbox 2197 3235 3763 3311">
    <p class='ocr_par' dir='ltr' id='par_1_79' title="bbox 2197 3235 3763 3311">
     <span class='ocr_line' id='line_1_79' title="bbox 2197 3235 3763 3311; baseline 0.001 -21"><span class='ocrx_word' id='word_1_549' title='bbox 2197 3235 2320 3290; x_wconf 88' lang='grc' dir='ltr'>σθεν</span> <span class='ocrx_word' id='word_1_550' title='bbox 2371 3237 2534 3290; x_wconf 83' lang='grc' dir='ltr'>αὑτοῦ</span> <span class='ocrx_word' id='word_1_551' title='bbox 2587 3238 2880 3302; x_wconf 82' lang='grc' dir='ltr'>διελθόντες</span> <span class='ocrx_word' id='word_1_552' title='bbox 2912 3241 2960 3292; x_wconf 86' lang='grc' dir='ltr'>οἱ</span> <span class='ocrx_word' id='word_1_553' title='bbox 2993 3241 3280 3292; x_wconf 75' lang='grc' dir='ltr'>ἀπόστολοι</span> <span class='ocrx_word' id='word_1_554' title='bbox 3314 3240 3553 3309; x_wconf 81' lang='grc' dir='ltr'>νεφελῶν</span> <span class='ocrx_word' id='word_1_555' title='bbox 3600 3241 3763 3311; x_wconf 83' lang='grc' dir='ltr'>δίκην</span> 
     </span>
    </p>
   </div>
   <div class='ocr_carea' id='block_1_80' title="bbox 2191 3328 3758 3403">
    <p class='ocr_par' dir='ltr' id='par_1_80' title="bbox 2191 3328 3758 3403">
     <span class='ocr_line' id='line_1_80' title="bbox 2191 3328 3758 3403; baseline 0.004 -23"><span class='ocrx_word' id='word_1_556' title='bbox 2191 3329 2284 3381; x_wconf 82' lang='grc' dir='ltr'>τὸν</span> <span class='ocrx_word' id='word_1_557' title='bbox 2305 3328 2506 3398; x_wconf 80' lang='grc' dir='ltr'>κόσμον</span> <span class='ocrx_word' id='word_1_558' title='bbox 2530 3331 2665 3399; x_wconf 82' lang='grc' dir='ltr'>κατή</span> <span class='ocrx_word' id='word_1_559' title='bbox 2677 3331 2919 3401; x_wconf 85' lang='grc' dir='ltr'>ρδευσαν.</span> <span class='ocrx_word' id='word_1_560' title='bbox 2940 3333 3004 3384; x_wconf 87' lang='lat' dir='ltr'><strong>Al</strong></span> <span class='ocrx_word' id='word_1_561' title='bbox 3026 3331 3080 3383; x_wconf 81' lang='grc' dir='ltr'>δὲ</span> <span class='ocrx_word' id='word_1_562' title='bbox 3099 3331 3326 3402; x_wconf 73' lang='grc' dir='ltr'>χάλαζαι</span> <span class='ocrx_word' id='word_1_563' title='bbox 3349 3333 3622 3385; x_wconf 73' lang='grc' dir='ltr'>κολάσεων</span> <span class='ocrx_word' id='word_1_564' title='bbox 3643 3335 3758 3403; x_wconf 78' lang='grc' dir='ltr'>εἴδη</span> 
     </span>
    </p>
   </div>
   <div class='ocr_carea' id='block_1_81' title="bbox 2193 3420 3763 3493">
    <p class='ocr_par' dir='ltr' id='par_1_81' title="bbox 2193 3420 3763 3493">
     <span class='ocr_line' id='line_1_81' title="bbox 2193 3420 3763 3493; baseline 0.003 -21"><span class='ocrx_word' id='word_1_565' title='bbox 2193 3420 2318 3482; x_wconf 78' lang='grc' dir='ltr'>τοὺς</span> <span class='ocrx_word' id='word_1_566' title='bbox 2347 3420 2706 3483; x_wconf 76' lang='grc' dir='ltr'>ἀπιστοῦντας</span> <span class='ocrx_word' id='word_1_567' title='bbox 2735 3422 3114 3493; x_wconf 85' lang='grc' dir='ltr'>ἀμυνόμεναι.]</span> <span class='ocrx_word' id='word_1_568' title='bbox 3147 3421 3378 3483; x_wconf 79' lang='grc' dir='ltr'><strong>Χάλαζα</strong></span> <span class='ocrx_word' id='word_1_569' title='bbox 3411 3423 3506 3476; x_wconf 80' lang='grc' dir='ltr'>καὶ</span> <span class='ocrx_word' id='word_1_570' title='bbox 3541 3423 3763 3492; x_wconf 77' lang='grc' dir='ltr'>ἀνθρα-</span> 
     </span>
    </p>
   </div>
   <div class='ocr_carea' id='block_1_82' title="bbox 2191 3511 3763 3585">
    <p class='ocr_par' dir='ltr' id='par_1_82' title="bbox 2191 3511 3763 3585">
     <span class='ocr_line' id='line_1_82' title="bbox 2191 3511 3763 3585; baseline 0.003 -20"><span class='ocrx_word' id='word_1_571' title='bbox 2191 3528 2293 3578; x_wconf 81' lang='grc' dir='ltr'><strong>κες</strong></span> <span class='ocrx_word' id='word_1_572' title='bbox 2326 3514 2534 3582; x_wconf 74' lang='grc' dir='ltr'>πυρός.</span> <span class='ocrx_word' id='word_1_573' title='bbox 2572 3511 2669 3564; x_wconf 74' lang='grc' dir='ltr'><strong>Διὰ</strong></span> <span class='ocrx_word' id='word_1_574' title='bbox 2694 3513 2896 3565; x_wconf 87' lang='grc' dir='ltr'>τούτων</span> <span class='ocrx_word' id='word_1_575' title='bbox 2926 3515 3178 3585; x_wconf 81' lang='grc' dir='ltr'>σημαίνει</span> <span class='ocrx_word' id='word_1_576' title='bbox 3208 3515 3275 3566; x_wconf 76' lang='grc' dir='ltr'>τὰ</span> <span class='ocrx_word' id='word_1_577' title='bbox 3320 3515 3455 3585; x_wconf 77' lang='grc' dir='ltr'>μετὰ</span> <span class='ocrx_word' id='word_1_578' title='bbox 3481 3515 3581 3585; x_wconf 77' lang='grc' dir='ltr'><strong>τὴν</strong></span> <span class='ocrx_word' id='word_1_579' title='bbox 3626 3517 3763 3570; x_wconf 76' lang='grc' dir='ltr'><strong>ἀνά-</strong></span> 
     </span>
    </p>
   </div>
   <div class='ocr_carea' id='block_1_83' title="bbox 2190 3602 3758 3679">
    <p class='ocr_par' dir='ltr' id='par_1_83' title="bbox 2190 3602 3758 3679">
     <span class='ocr_line' id='line_1_83' title="bbox 2190 3602 3758 3679; baseline 0.003 -24"><span class='ocrx_word' id='word_1_580' title='bbox 2190 3602 2349 3674; x_wconf 62' lang='grc' dir='ltr'>ληψιν</span> <span class='ocrx_word' id='word_1_581' title='bbox 2379 3603 2541 3656; x_wconf 77' lang='grc' dir='ltr'>αὐτοῦ</span> <span class='ocrx_word' id='word_1_582' title='bbox 2580 3604 2957 3676; x_wconf 79' lang='grc' dir='ltr'>συμϐεϐηκότα</span> <span class='ocrx_word' id='word_1_583' title='bbox 2981 3609 3092 3669; x_wconf 82' lang='grc' dir='ltr'>τοῖς</span> <span class='ocrx_word' id='word_1_584' title='bbox 3121 3606 3352 3677; x_wconf 81' lang='grc' dir='ltr'>ἐχθροῖς,</span> <span class='ocrx_word' id='word_1_585' title='bbox 3405 3610 3516 3671; x_wconf 80' lang='grc' dir='ltr'>τοῖς</span> <span class='ocrx_word' id='word_1_586' title='bbox 3542 3612 3758 3679; x_wconf 79' lang='grc' dir='ltr'>νοητοῖς</span> 
     </span>
    </p>
   </div>
   <div class='ocr_carea' id='block_1_84' title="bbox 2193 3695 3763 3766">
    <p class='ocr_par' dir='ltr' id='par_1_84' title="bbox 2193 3695 3763 3766">
     <span class='ocr_line' id='line_1_84' title="bbox 2193 3695 3763 3766; baseline 0.005 -19"><span class='ocrx_word' id='word_1_587' title='bbox 2193 3712 2352 3765; x_wconf 83' lang='grc' dir='ltr'>φημι.</span> <span class='ocrx_word' id='word_1_588' title='bbox 2390 3695 2597 3765; x_wconf 83' lang='grc' dir='ltr'>Ὥσπερ</span> <span class='ocrx_word' id='word_1_589' title='bbox 2625 3695 2679 3748; x_wconf 82' lang='grc' dir='ltr'><strong>δὲ</strong></span> <span class='ocrx_word' id='word_1_590' title='bbox 2707 3696 2796 3748; x_wconf 77' lang='grc' dir='ltr'>τὸν</span> <span class='ocrx_word' id='word_1_591' title='bbox 2837 3697 3050 3766; x_wconf 75' lang='grc' dir='ltr'>Ἰσραὴλ</span> <span class='ocrx_word' id='word_1_592' title='bbox 3090 3697 3147 3764; x_wconf 80' lang='grc' dir='ltr'>ἐξ</span> <span class='ocrx_word' id='word_1_593' title='bbox 3199 3699 3507 3766; x_wconf 80' lang='grc' dir='ltr'>Αἰγυπτίων</span> <span class='ocrx_word' id='word_1_594' title='bbox 3545 3700 3763 3755; x_wconf 83' lang='grc' dir='ltr'>ἐλευθε-</span> 
     </span>
    </p>
   </div>
   <div class='ocr_carea' id='block_1_85' title="bbox 2194 3777 3766 3856">
    <p class='ocr_par' dir='ltr' id='par_1_85' title="bbox 2194 3777 3766 3856">
     <span class='ocr_line' id='line_1_85' title="bbox 2194 3777 3766 3856; baseline 0.005 -21"><span class='ocrx_word' id='word_1_595' title='bbox 2194 3784 2304 3856; x_wconf 90' lang='grc' dir='ltr'><strong>ρῶν</strong></span> <span class='ocrx_word' id='word_1_596' title='bbox 2356 3783 2593 3853; x_wconf 81' lang='grc' dir='ltr'>χάλαζαν</span> <span class='ocrx_word' id='word_1_597' title='bbox 2626 3784 2719 3837; x_wconf 72' lang='grc' dir='ltr'>καὶ</span> <span class='ocrx_word' id='word_1_598' title='bbox 2749 3785 2857 3856; x_wconf 85' lang='grc' dir='ltr'><strong>πῦρ</strong></span> <span class='ocrx_word' id='word_1_599' title='bbox 2889 3785 3124 3854; x_wconf 77' lang='grc' dir='ltr'>ἔϐρεξεν,</span> <span class='ocrx_word' id='word_1_600' title='bbox 3158 3786 3297 3839; x_wconf 74' lang='grc' dir='ltr'>οὓτω</span> <span class='ocrx_word' id='word_1_601' title='bbox 3335 3788 3426 3840; x_wconf 76' lang='grc' dir='ltr'><strong>καὶ</strong></span> <span class='ocrx_word' id='word_1_602' title='bbox 3477 3789 3660 3842; x_wconf 89' lang='grc' dir='ltr'>πάντα</span> <span class='ocrx_word' id='word_1_603' title='bbox 3697 3777 3766 3843; x_wconf 72' lang='grc' dir='ltr'>τὰ</span> 
     </span>
    </p>
   </div>
   <div class='ocr_carea' id='block_1_86' title="bbox 2192 3874 3762 3950">
    <p class='ocr_par' dir='ltr' id='par_1_86' title="bbox 2192 3874 3762 3950">
     <span class='ocr_line' id='line_1_86' title="bbox 2192 3874 3762 3950; baseline 0.006 -24"><span class='ocrx_word' id='word_1_604' title='bbox 2192 3874 2316 3946; x_wconf 76' lang='grc' dir='ltr'>ἔθνη</span> <span class='ocrx_word' id='word_1_605' title='bbox 2348 3876 2447 3946; x_wconf 82' lang='grc' dir='ltr'>τῆς</span> <span class='ocrx_word' id='word_1_606' title='bbox 2479 3875 2584 3928; x_wconf 82' lang='grc' dir='ltr'><strong>τῶν</strong></span> <span class='ocrx_word' id='word_1_607' title='bbox 2610 3875 2876 3946; x_wconf 79' lang='grc' dir='ltr'>δαιμόνων</span> <span class='ocrx_word' id='word_1_608' title='bbox 2909 3876 3151 3939; x_wconf 80' lang='grc' dir='ltr'>δουλείας</span> <span class='ocrx_word' id='word_1_609' title='bbox 3177 3877 3480 3949; x_wconf 86' lang='grc' dir='ltr'>ἐλευθερῶν</span> <span class='ocrx_word' id='word_1_610' title='bbox 3510 3880 3762 3950; x_wconf 79' lang='grc' dir='ltr'>χάλαζαν</span> 
     </span>
    </p>
   </div>
   <div class='ocr_carea' id='block_1_87' title="bbox 2190 3965 3762 4044">
    <p class='ocr_par' dir='ltr' id='par_1_87' title="bbox 2190 3965 3762 4044">
     <span class='ocr_line' id='line_1_87' title="bbox 2190 3965 3762 4044; baseline 0.003 -24"><span class='ocrx_word' id='word_1_611' title='bbox 2190 3965 2376 4038; x_wconf 75' lang='grc' dir='ltr'>ἔϐρεξε</span> <span class='ocrx_word' id='word_1_612' title='bbox 2408 3967 2499 4020; x_wconf 74' lang='grc' dir='ltr'><strong>καὶ</strong></span> <span class='ocrx_word' id='word_1_613' title='bbox 2532 3966 2805 4037; x_wconf 82' lang='grc' dir='ltr'>ἄνθρακας</span> <span class='ocrx_word' id='word_1_614' title='bbox 2837 3984 2907 4019; x_wconf 85' lang='grc' dir='ltr'><strong>πυ</strong></span> <span class='ocrx_word' id='word_1_615' title='bbox 2918 3967 3026 4038; x_wconf 82' lang='grc' dir='ltr'>ρός.</span> <span class='ocrx_word' id='word_1_616' title='bbox 3068 3967 3250 4020; x_wconf 86' lang='grc' dir='ltr'>Ταῦτα</span> <span class='ocrx_word' id='word_1_617' title='bbox 3278 3969 3333 4022; x_wconf 82' lang='grc' dir='ltr'>δὲ</span> <span class='ocrx_word' id='word_1_618' title='bbox 3355 3966 3463 4022; x_wconf 72' lang='grc' dir='ltr'>εἷεν</span> <span class='ocrx_word' id='word_1_619' title='bbox 3488 3969 3555 4023; x_wconf 87' lang='grc' dir='ltr'>ἂν</span> <span class='ocrx_word' id='word_1_620' title='bbox 3583 3988 3762 4044; x_wconf 84' lang='grc' dir='ltr'>τιμω-</span> 
     </span>
    </p>
   </div>
   <div class='ocr_carea' id='block_1_88' title="bbox 2194 4051 3764 4131">
    <p class='ocr_par' dir='ltr' id='par_1_88' title="bbox 2194 4051 3764 4131">
     <span class='ocr_line' id='line_1_88' title="bbox 2194 4051 3764 4131; baseline 0.004 -21"><span class='ocrx_word' id='word_1_621' title='bbox 2194 4059 2413 4129; x_wconf 82' lang='grc' dir='ltr'>ρητικα¹ι</span> <span class='ocrx_word' id='word_1_622' title='bbox 2439 4057 2714 4130; x_wconf 81' lang='grc' dir='ltr'>δυνάμεις,</span> <span class='ocrx_word' id='word_1_623' title='bbox 2761 4057 2826 4112; x_wconf 90' lang='grc' dir='ltr'>δι’</span> <span class='ocrx_word' id='word_1_624' title='bbox 2865 4051 2938 4112; x_wconf 81' lang='grc' dir='ltr'><strong>ὧν</strong></span> <span class='ocrx_word' id='word_1_625' title='bbox 2971 4058 3069 4122; x_wconf 83' lang='grc' dir='ltr'>τὰς</span> <span class='ocrx_word' id='word_1_626' title='bbox 3097 4059 3292 4131; x_wconf 82' lang='grc' dir='ltr'>νοητὰς</span> <span class='ocrx_word' id='word_1_627' title='bbox 3324 4062 3621 4130; x_wconf 79' lang='grc' dir='ltr'>αἰγυπτίας</span> <span class='ocrx_word' id='word_1_628' title='bbox 3664 4080 3764 4116; x_wconf 83' lang='grc' dir='ltr'>κα-</span> 
     </span>
    </p>
   </div>
   <div class='ocr_carea' id='block_1_89' title="bbox 2193 4148 2388 4205">
    <p class='ocr_par' dir='ltr' id='par_1_89' title="bbox 2193 4148 2388 4205">
     <span class='ocr_line' id='line_1_89' title="bbox 2193 4148 2388 4205; baseline 0.015 -3"><span class='ocrx_word' id='word_1_629' title='bbox 2193 4148 2388 4205; x_wconf 86' lang='grc' dir='ltr'>θεῖλεν.</span> 
     </span>
    </p>
   </div>
   <div class='ocr_carea' id='block_1_90' title="bbox 2260 4241 3764 4317">
    <p class='ocr_par' dir='ltr' id='par_1_90' title="bbox 2260 4241 3764 4317">
     <span class='ocr_line' id='line_1_90' title="bbox 2260 4241 3764 4317; baseline 0.002 -22"><span class='ocrx_word' id='word_1_630' title='bbox 2260 4242 2368 4295; x_wconf 80' lang='grc' dir='ltr'><strong>Καὶ</strong></span> <span class='ocrx_word' id='word_1_631' title='bbox 2397 4241 2684 4310; x_wconf 66' lang='grc' dir='ltr'>ὤφθησαν</span> <span class='ocrx_word' id='word_1_632' title='bbox 2713 4243 2771 4295; x_wconf 89' lang='lat' dir='ltr'><strong>al</strong></span> <span class='ocrx_word' id='word_1_633' title='bbox 2801 4242 2982 4311; x_wconf 75' lang='grc' dir='ltr'>πηγαὶ</span> <span class='ocrx_word' id='word_1_634' title='bbox 3019 4241 3140 4297; x_wconf 81' lang='grc' dir='ltr'><strong>τῶν</strong></span> <span class='ocrx_word' id='word_1_635' title='bbox 3169 4241 3429 4297; x_wconf 78' lang='grc' dir='ltr'>ὑδάτων.</span> <span class='ocrx_word' id='word_1_636' title='bbox 3474 4243 3632 4297; x_wconf 80' lang='grc' dir='ltr'>Μετὰ</span> <span class='ocrx_word' id='word_1_637' title='bbox 3664 4247 3764 4317; x_wconf 72' lang='grc' dir='ltr'>τὴν</span> 
     </span>
    </p>
   </div>
   <div class='ocr_carea' id='block_1_91' title="bbox 2193 4331 3765 4404">
    <p class='ocr_par' dir='ltr' id='par_1_91' title="bbox 2193 4331 3765 4404">
     <span class='ocr_line' id='line_1_91' title="bbox 2193 4331 3765 4404; baseline 0.003 -19"><span class='ocrx_word' id='word_1_638' title='bbox 2193 4332 2507 4404; x_wconf 85' lang='grc' dir='ltr'>καθαίρεσιν</span> <span class='ocrx_word' id='word_1_639' title='bbox 2532 4333 2638 4385; x_wconf 88' lang='grc' dir='ltr'><strong>τῶν</strong></span> <span class='ocrx_word' id='word_1_640' title='bbox 2677 4332 2886 4404; x_wconf 85' lang='grc' dir='ltr'>ἐχθρῶν</span> <span class='ocrx_word' id='word_1_641' title='bbox 2917 4331 3176 4404; x_wconf 77' lang='grc' dir='ltr'>ὤφθησαν</span> <span class='ocrx_word' id='word_1_642' title='bbox 3191 4335 3256 4387; x_wconf 86' lang='grc' dir='ltr'>ἀἱ</span> <span class='ocrx_word' id='word_1_643' title='bbox 3290 4335 3462 4404; x_wconf 76' lang='grc' dir='ltr'>πηγαὶ</span> <span class='ocrx_word' id='word_1_644' title='bbox 3490 4335 3600 4388; x_wconf 87' lang='grc' dir='ltr'><strong>τῶν</strong></span> <span class='ocrx_word' id='word_1_645' title='bbox 3632 4336 3765 4390; x_wconf 75' lang='grc' dir='ltr'>ὑδά-</span> 
     </span>
    </p>
   </div>
   <div class='ocr_carea' id='block_1_92' title="bbox 523 4401 2106 4496">
    <p class='ocr_par' dir='ltr' id='par_1_92' title="bbox 523 4416 2090 4493">
     <span class='ocr_line' id='line_1_92' title="bbox 523 4416 2090 4493; baseline 0.003 -19"><span class='ocrx_word' id='word_1_646' title='bbox 523 4434 818 4489; x_wconf 75' lang='lat' dir='ltr'><strong>aquarum,</strong></span> <span class='ocrx_word' id='word_1_647' title='bbox 839 4418 1078 4474; x_wconf 86' lang='lat' dir='ltr'><strong>salutare</strong></span> <span class='ocrx_word' id='word_1_648' title='bbox 1105 4416 1354 4473; x_wconf 89' lang='lat' dir='ltr'><strong>videlicet</strong></span> <span class='ocrx_word' id='word_1_649' title='bbox 1380 4416 1657 4490; x_wconf 86' lang='lat' dir='ltr'><strong>Evangelii</strong></span> <span class='ocrx_word' id='word_1_650' title='bbox 1682 4421 1928 4487; x_wconf 88' lang='lat' dir='ltr'><strong>verbum,</strong></span> <span class='ocrx_word' id='word_1_651' title='bbox 1948 4425 2090 4493; x_wconf 89' lang='lat' dir='ltr'><strong>quod</strong></span> 
     </span>
    </p>
   </div>
   <div class='ocr_carea' id='block_1_93' title="bbox 2193 4401 3762 4496">
    <p class='ocr_par' dir='ltr' id='par_1_93' title="bbox 2193 4401 3762 4496">
     <span class='ocr_line' id='line_1_93' title="bbox 2193 4401 3762 4496; baseline 0.002 -20"><span class='ocrx_word' id='word_1_652' title='bbox 2193 4441 2331 4477; x_wconf 89' lang='grc' dir='ltr'>των·</span> <span class='ocrx_word' id='word_1_653' title='bbox 2363 4401 2560 4496; x_wconf 81' lang='grc' dir='ltr'>δηλαδὴ</span> <span class='ocrx_word' id='word_1_654' title='bbox 2619 4424 2648 4474; x_wconf 85' lang='grc' dir='ltr'>ὁ</span> <span class='ocrx_word' id='word_1_655' title='bbox 2703 4401 2985 4494; x_wconf 75' lang='grc' dir='ltr'>σωτήριος</span> <span class='ocrx_word' id='word_1_656' title='bbox 3022 4401 3117 4476; x_wconf 82' lang='grc' dir='ltr'><strong>τοῦ</strong></span> <span class='ocrx_word' id='word_1_657' title='bbox 3177 4401 3505 4493; x_wconf 79' lang='grc' dir='ltr'>Εὐαγγελίου</span> <span class='ocrx_word' id='word_1_658' title='bbox 3569 4424 3762 4494; x_wconf 79' lang='grc' dir='ltr'>λόγος,</span> 
     </span>
    </p>
   </div>
   <div class='ocr_carea' id='block_1_94' title="bbox 527 4508 2094 4585">
    <p class='ocr_par' dir='ltr' id='par_1_94' title="bbox 527 4508 2094 4585">
     <span class='ocr_line' id='line_1_94' title="bbox 527 4508 2094 4585; baseline 0.005 -22"><span class='ocrx_word' id='word_1_659' title='bbox 527 4525 654 4565; x_wconf 82' lang='lat' dir='ltr'><strong>vere</strong></span> <span class='ocrx_word' id='word_1_660' title='bbox 697 4509 797 4564; x_wconf 81' lang='lat' dir='ltr'><strong>luit</strong></span> <span class='ocrx_word' id='word_1_661' title='bbox 838 4510 986 4566; x_wconf 86' lang='lat' dir='ltr'><strong>orbis</strong></span> <span class='ocrx_word' id='word_1_662' title='bbox 1038 4508 1449 4566; x_wconf 82' lang='lat' dir='ltr'><strong>fundamentum</strong></span> <span class='ocrx_word' id='word_1_663' title='bbox 1494 4525 1702 4581; x_wconf 87' lang='lat' dir='ltr'><strong>:super</strong></span> <span class='ocrx_word' id='word_1_664' title='bbox 1744 4528 1812 4569; x_wconf 90' lang='lat' dir='ltr'><strong>eo</strong></span> <span class='ocrx_word' id='word_1_665' title='bbox 1856 4530 2094 4585; x_wconf 83' lang='lat' dir='ltr'><strong>namque</strong></span> 
     </span>
    </p>
   </div>
   <div class='ocr_carea' id='block_1_95' title="bbox 524 4600 2093 4663">
    <p class='ocr_par' dir='ltr' id='par_1_95' title="bbox 524 4600 2093 4663">
     <span class='ocr_line' id='line_1_95' title="bbox 524 4600 2093 4663; baseline 0.004 -7"><span class='ocrx_word' id='word_1_666' title='bbox 524 4600 736 4656; x_wconf 74' lang='lat' dir='ltr'><strong>fundati</strong></span> <span class='ocrx_word' id='word_1_667' title='bbox 763 4611 817 4656; x_wconf 86' lang='lat' dir='ltr'><strong>et</strong></span> <span class='ocrx_word' id='word_1_668' title='bbox 843 4602 1140 4658; x_wconf 87' lang='lat' dir='ltr'><strong>constructi</strong></span> <span class='ocrx_word' id='word_1_669' title='bbox 1169 4617 1380 4658; x_wconf 91' lang='lat' dir='ltr'><strong>sumus.</strong></span> <span class='ocrx_word' id='word_1_670' title='bbox 1412 4601 1508 4658; x_wconf 79' lang='lat' dir='ltr'><strong>Vel</strong></span> <span class='ocrx_word' id='word_1_671' title='bbox 1544 4602 1649 4658; x_wconf 90' lang='lat' dir='ltr'><strong>hoc</strong></span> <span class='ocrx_word' id='word_1_672' title='bbox 1677 4604 1837 4660; x_wconf 90' lang='lat' dir='ltr'><strong>modo</strong></span> <span class='ocrx_word' id='word_1_673' title='bbox 1868 4623 1881 4659; x_wconf 93' lang='lat'><strong>:</strong></span> <span class='ocrx_word' id='word_1_674' title='bbox 1915 4605 2093 4663; x_wconf 84' lang='lat' dir='ltr'><strong>fontes</strong></span> 
     </span>
    </p>
   </div>
   <div class='ocr_carea' id='block_1_96' title="bbox 528 4693 2088 4766">
    <p class='ocr_par' dir='ltr' id='par_1_96' title="bbox 528 4693 2088 4766">
     <span class='ocr_line' id='line_1_96' title="bbox 528 4693 2088 4766; baseline 0.002 -17"><span class='ocrx_word' id='word_1_675' title='bbox 528 4694 765 4763; x_wconf 80' lang='lat' dir='ltr'><strong>intellige</strong></span> <span class='ocrx_word' id='word_1_676' title='bbox 803 4703 1020 4750; x_wconf 88' lang='lat' dir='ltr'><strong>sanctos</strong></span> <span class='ocrx_word' id='word_1_677' title='bbox 1061 4693 1370 4765; x_wconf 86' lang='lat' dir='ltr'><strong>prophetas,</strong></span> <span class='ocrx_word' id='word_1_678' title='bbox 1423 4702 1609 4764; x_wconf 90' lang='lat' dir='ltr'><strong>utpote</strong></span> <span class='ocrx_word' id='word_1_679' title='bbox 1649 4697 1743 4766; x_wconf 82' lang='lat' dir='ltr'><strong>qui</strong></span> <span class='ocrx_word' id='word_1_680' title='bbox 1796 4697 2088 4753; x_wconf 86' lang='lat' dir='ltr'><strong>salutarem</strong></span> 
     </span>
    </p>
   </div>
   <div class='ocr_carea' id='block_1_97' title="bbox 529 4785 2090 4857">
    <p class='ocr_par' dir='ltr' id='par_1_97' title="bbox 529 4785 2090 4857">
     <span class='ocr_line' id='line_1_97' title="bbox 529 4785 2090 4857; baseline 0.002 -17"><span class='ocrx_word' id='word_1_681' title='bbox 529 4799 834 4840; x_wconf 86' lang='lat' dir='ltr'><strong>sermonem</strong></span> <span class='ocrx_word' id='word_1_682' title='bbox 863 4786 1181 4841; x_wconf 89' lang='lat' dir='ltr'><strong>scaturiant.</strong></span> <span class='ocrx_word' id='word_1_683' title='bbox 1213 4785 1288 4840; x_wconf 91' lang='lat' dir='ltr'><strong>lta</strong></span> <span class='ocrx_word' id='word_1_684' title='bbox 1324 4799 1559 4853; x_wconf 88' lang='lat' dir='ltr'><strong>namque</strong></span> <span class='ocrx_word' id='word_1_685' title='bbox 1597 4785 1664 4841; x_wconf 91' lang='lat' dir='ltr'><strong>de</strong></span> <span class='ocrx_word' id='word_1_686' title='bbox 1691 4787 1796 4842; x_wconf 90' lang='lat' dir='ltr'><strong>illis</strong></span> <span class='ocrx_word' id='word_1_687' title='bbox 1829 4789 2090 4857; x_wconf 86' lang='lat' dir='ltr'><strong>scriptum</strong></span> 
     </span>
    </p>
   </div>
   <div class='ocr_carea' id='block_1_98' title="bbox 527 4873 2094 4949">
    <p class='ocr_par' dir='ltr' id='par_1_98' title="bbox 527 4873 2094 4949">
     <span class='ocr_line' id='line_1_98' title="bbox 527 4873 2094 4949; baseline 0.003 -19"><span class='ocrx_word' id='word_1_688' title='bbox 527 4885 650 4932; x_wconf 83' lang='lat' dir='ltr'><strong>est:</strong></span> <span class='ocrx_word' id='word_1_689' title='bbox 683 4873 752 4930; x_wconf 89' lang='lat' dir='ltr'><strong>Et</strong></span> <span class='ocrx_word' id='word_1_690' title='bbox 783 4877 1034 4932; x_wconf 81' lang='lat' dir='ltr'><strong>haurietis</strong></span> <span class='ocrx_word' id='word_1_691' title='bbox 1060 4894 1222 4949; x_wconf 88' lang='lat' dir='ltr'><strong>aquas</strong></span> <span class='ocrx_word' id='word_1_692' title='bbox 1248 4893 1366 4932; x_wconf 87' lang='lat' dir='ltr'><strong>cum</strong></span> <span class='ocrx_word' id='word_1_693' title='bbox 1392 4879 1584 4948; x_wconf 84' lang='lat' dir='ltr'><strong>gaudio</strong></span> <span class='ocrx_word' id='word_1_694' title='bbox 1618 4880 1680 4933; x_wconf 89' lang='lat' dir='ltr'><strong>de</strong></span> <span class='ocrx_word' id='word_1_695' title='bbox 1711 4880 1941 4949; x_wconf 80' lang='lat' dir='ltr'><strong>fontibus</strong></span> <span class='ocrx_word' id='word_1_696' title='bbox 1973 4879 2094 4936; x_wconf 86' lang='lat' dir='ltr'><strong>Sul-</strong></span> 
     </span>
    </p>
   </div>
   <div class='ocr_carea' id='block_1_99' title="bbox 528 4967 2093 5045">
    <p class='ocr_par' dir='ltr' id='par_1_99' title="bbox 528 4967 2093 5045">
     <span class='ocr_line' id='line_1_99' title="bbox 528 4967 2093 5045; baseline 0.004 -23"><span class='ocrx_word' id='word_1_697' title='bbox 528 4969 724 5023; x_wconf 84' lang='lat' dir='ltr'><strong>vatoris</strong></span> <span class='ocrx_word' id='word_1_698' title='bbox 774 4969 814 5022; x_wconf 75' lang='grc' dir='ltr'>τ.</span> <span class='ocrx_word' id='word_1_699' title='bbox 875 4967 1246 5024; x_wconf 87' lang='lat' dir='ltr'><strong>Fundamenta</strong></span> <span class='ocrx_word' id='word_1_700' title='bbox 1295 4970 1421 5024; x_wconf 89' lang='lat' dir='ltr'><strong>item</strong></span> <span class='ocrx_word' id='word_1_701' title='bbox 1464 4971 1611 5026; x_wconf 86' lang='lat' dir='ltr'><strong>orbis</strong></span> <span class='ocrx_word' id='word_1_702' title='bbox 1665 4980 1841 5039; x_wconf 75' lang='lat' dir='ltr'><strong>terrm,</strong></span> <span class='ocrx_word' id='word_1_703' title='bbox 1895 4971 2093 5045; x_wconf 75' lang='lat' dir='ltr'><strong>Moysis</strong></span> 
     </span>
    </p>
   </div>
   <div class='ocr_carea' id='block_1_100' title="bbox 529 5057 2094 5133">
    <p class='ocr_par' dir='ltr' id='par_1_100' title="bbox 529 5057 2094 5133">
     <span class='ocr_line' id='line_1_100' title="bbox 529 5057 2094 5133; baseline 0.002 -19"><span class='ocrx_word' id='word_1_704' title='bbox 529 5058 918 5128; x_wconf 74' lang='lat' dir='ltr'><strong>Sapientissimi</strong></span> <span class='ocrx_word' id='word_1_705' title='bbox 961 5057 1294 5128; x_wconf 85' lang='lat' dir='ltr'><strong>Scripturam</strong></span> <span class='ocrx_word' id='word_1_706' title='bbox 1342 5059 1576 5130; x_wconf 87' lang='lat' dir='ltr'><strong>accipias</strong></span> <span class='ocrx_word' id='word_1_707' title='bbox 1624 5079 1638 5115; x_wconf 90' lang='lat'><strong>:</strong></span> <span class='ocrx_word' id='word_1_708' title='bbox 1683 5061 1738 5115; x_wconf 93' lang='lat' dir='ltr'><strong>in</strong></span> <span class='ocrx_word' id='word_1_709' title='bbox 1791 5077 1856 5117; x_wconf 90' lang='lat' dir='ltr'><strong>ea</strong></span> <span class='ocrx_word' id='word_1_710' title='bbox 1897 5064 2094 5133; x_wconf 89' lang='lat' dir='ltr'><strong>quippe</strong></span> 
     </span>
    </p>
   </div>
   <div class='ocr_carea' id='block_1_101' title="bbox 529 5150 2092 5223">
    <p class='ocr_par' dir='ltr' id='par_1_101' title="bbox 529 5150 2092 5223">
     <span class='ocr_line' id='line_1_101' title="bbox 529 5150 2092 5223; baseline 0.003 -18"><span class='ocrx_word' id='word_1_711' title='bbox 529 5151 705 5223; x_wconf 88' lang='lat' dir='ltr'><strong>prima</strong></span> <span class='ocrx_word' id='word_1_712' title='bbox 734 5150 906 5206; x_wconf 85' lang='lat' dir='ltr'><strong>basim</strong></span> <span class='ocrx_word' id='word_1_713' title='bbox 931 5150 1056 5206; x_wconf 83' lang='lat' dir='ltr'><strong>ﬁdei</strong></span> <span class='ocrx_word' id='word_1_714' title='bbox 1099 5162 1151 5207; x_wconf 88' lang='lat' dir='ltr'><strong>ct</strong></span> <span class='ocrx_word' id='word_1_715' title='bbox 1182 5153 1376 5208; x_wconf 77' lang='lat' dir='ltr'><strong>divime</strong></span> <span class='ocrx_word' id='word_1_716' title='bbox 1416 5155 1739 5221; x_wconf 85' lang='lat' dir='ltr'><strong>cognitionis</strong></span> <span class='ocrx_word' id='word_1_717' title='bbox 1785 5154 2092 5210; x_wconf 88' lang='lat' dir='ltr'><strong>invenimus</strong></span> 
     </span>
    </p>
   </div>
   <div class='ocr_carea' id='block_1_102' title="bbox 529 5243 2090 5317">
    <p class='ocr_par' dir='ltr' id='par_1_102' title="bbox 529 5243 2090 5317">
     <span class='ocr_line' id='line_1_102' title="bbox 529 5243 2090 5317; baseline 0.002 -18"><span class='ocrx_word' id='word_1_718' title='bbox 529 5243 846 5314; x_wconf 82' lang='lat' dir='ltr'><strong>repositam,</strong></span> <span class='ocrx_word' id='word_1_719' title='bbox 886 5245 1200 5314; x_wconf 87' lang='lat' dir='ltr'><strong>mysterium</strong></span> <span class='ocrx_word' id='word_1_720' title='bbox 1241 5244 1440 5300; x_wconf 89' lang='lat' dir='ltr'><strong>Christi</strong></span> <span class='ocrx_word' id='word_1_721' title='bbox 1472 5250 1524 5300; x_wconf 89' lang='lat' dir='ltr'><strong>in</strong></span> <span class='ocrx_word' id='word_1_722' title='bbox 1564 5247 1734 5317; x_wconf 77' lang='lat' dir='ltr'><strong>ﬁgura</strong></span> <span class='ocrx_word' id='word_1_723' title='bbox 1769 5255 2090 5317; x_wconf 85' lang='lat' dir='ltr'><strong>gestantem,</strong></span> 
     </span>
    </p>
   </div>
   <div class='ocr_carea' id='block_1_103' title="bbox 529 5334 2093 5408">
    <p class='ocr_par' dir='ltr' id='par_1_103' title="bbox 529 5334 2093 5408">
     <span class='ocr_line' id='line_1_103' title="bbox 529 5334 2093 5408; baseline 0.002 -19"><span class='ocrx_word' id='word_1_724' title='bbox 529 5345 583 5389; x_wconf 88' lang='lat' dir='ltr'><strong>et</strong></span> <span class='ocrx_word' id='word_1_725' title='bbox 621 5336 824 5404; x_wconf 88' lang='lat' dir='ltr'><strong>pariter</strong></span> <span class='ocrx_word' id='word_1_726' title='bbox 857 5334 913 5392; x_wconf 88' lang='lat' dir='ltr'><strong>in</strong></span> <span class='ocrx_word' id='word_1_727' title='bbox 955 5335 1246 5405; x_wconf 85' lang='lat' dir='ltr'><strong>prOphetis.</strong></span> <span class='ocrx_word' id='word_1_728' title='bbox 1288 5337 1656 5406; x_wconf 79' lang='lat' dir='ltr'><strong>Apparuerunt</strong></span> <span class='ocrx_word' id='word_1_729' title='bbox 1702 5337 1885 5408; x_wconf 85' lang='lat' dir='ltr'><strong>igitur,</strong></span> <span class='ocrx_word' id='word_1_730' title='bbox 1935 5339 2093 5408; x_wconf 81' lang='lat' dir='ltr'><strong>quasi</strong></span> 
     </span>
    </p>
   </div>
   <div class='ocr_carea' id='block_1_104' title="bbox 531 5424 2093 5499">
    <p class='ocr_par' dir='ltr' id='par_1_104' title="bbox 531 5424 2093 5499">
     <span class='ocr_line' id='line_1_104' title="bbox 531 5424 2093 5499; baseline 0.001 -19"><span class='ocrx_word' id='word_1_731' title='bbox 531 5424 701 5488; x_wconf 87' lang='lat' dir='ltr'><strong>dicas,</strong></span> <span class='ocrx_word' id='word_1_732' title='bbox 726 5426 932 5482; x_wconf 88' lang='lat' dir='ltr'><strong>ostensi</strong></span> <span class='ocrx_word' id='word_1_733' title='bbox 965 5434 1111 5482; x_wconf 88' lang='lat' dir='ltr'><strong>sunt.</strong></span> <span class='ocrx_word' id='word_1_734' title='bbox 1149 5425 1257 5481; x_wconf 87' lang='lat' dir='ltr'><strong>Aut</strong></span> <span class='ocrx_word' id='word_1_735' title='bbox 1297 5425 1472 5483; x_wconf 73' lang='lat' dir='ltr'><strong>foxntes</strong></span> <span class='ocrx_word' id='word_1_736' title='bbox 1512 5427 1779 5499; x_wconf 89' lang='lat' dir='ltr'><strong>intelligas</strong></span> <span class='ocrx_word' id='word_1_737' title='bbox 1808 5435 1864 5482; x_wconf 90' lang='lat' dir='ltr'><strong>et</strong></span> <span class='ocrx_word' id='word_1_738' title='bbox 1893 5425 2093 5483; x_wconf 75' lang='lat' dir='ltr'><strong>tunda-</strong></span> 
     </span>
    </p>
   </div>
   <div class='ocr_carea' id='block_1_105' title="bbox 610 5650 2087 5727">
    <p class='ocr_par' dir='ltr' id='par_1_105' title="bbox 610 5650 2087 5727">
     <span class='ocr_line' id='line_1_105' title="bbox 610 5650 2087 5727; baseline -0.001 -19"><span class='ocrx_word' id='word_1_739' title='bbox 610 5653 637 5688; x_wconf 75' lang='grc'>⁸</span> <span class='ocrx_word' id='word_1_740' title='bbox 664 5651 898 5727; x_wconf 87' lang='lat' dir='ltr'><strong>Philipp.</strong></span> <span class='ocrx_word' id='word_1_741' title='bbox 924 5669 984 5722; x_wconf 86' lang='grc' dir='ltr'>ιι,</span> <span class='ocrx_word' id='word_1_742' title='bbox 1003 5654 1058 5709; x_wconf 88' lang='grc'>8.</span> <span class='ocrx_word' id='word_1_743' title='bbox 1134 5656 1155 5688; x_wconf 85' lang='lat'><strong>&#39;</strong></span> <span class='ocrx_word' id='word_1_744' title='bbox 1195 5654 1311 5711; x_wconf 83' lang='lat' dir='ltr'><strong>Act.</strong></span> <span class='ocrx_word' id='word_1_745' title='bbox 1348 5670 1384 5723; x_wconf 90' lang='grc' dir='ltr'>ι,</span> <span class='ocrx_word' id='word_1_746' title='bbox 1417 5654 1470 5709; x_wconf 83' lang='lat'><strong>9.</strong></span> <span class='ocrx_word' id='word_1_747' title='bbox 1547 5654 1568 5685; x_wconf 85' lang='grc'><strong>⁸</strong></span> <span class='ocrx_word' id='word_1_748' title='bbox 1605 5651 1794 5710; x_wconf 72' lang='lat' dir='ltr'><strong>Matth.</strong></span> <span class='ocrx_word' id='word_1_749' title='bbox 1824 5650 2087 5721; x_wconf 74' lang='lat' dir='ltr'><strong>xvut,28.</strong></span> 
     </span>
    </p>
   </div>
   <div class='ocr_carea' id='block_1_106' title="bbox 2199 4514 3765 4588">
    <p class='ocr_par' dir='ltr' id='par_1_106' title="bbox 2199 4514 3765 4588">
     <span class='ocr_line' id='line_1_106' title="bbox 2199 4514 3765 4588; baseline 0.002 -20"><span class='ocrx_word' id='word_1_750' title='bbox 2199 4515 2348 4578; x_wconf 84' lang='grc' dir='ltr'>ὅστις</span> <span class='ocrx_word' id='word_1_751' title='bbox 2383 4515 2478 4568; x_wconf 77' lang='grc' dir='ltr'><strong>καὶ</strong></span> <span class='ocrx_word' id='word_1_752' title='bbox 2508 4514 2755 4585; x_wconf 83' lang='grc' dir='ltr'>θεμέλιος</span> <span class='ocrx_word' id='word_1_753' title='bbox 2780 4515 2879 4585; x_wconf 81' lang='grc' dir='ltr'>τῆς</span> <span class='ocrx_word' id='word_1_754' title='bbox 2907 4515 3229 4588; x_wconf 78' lang='grc' dir='ltr'>οἰκουμένης</span> <span class='ocrx_word' id='word_1_755' title='bbox 3258 4516 3479 4584; x_wconf 86' lang='grc' dir='ltr'>γέγονεν</span> <span class='ocrx_word' id='word_1_756' title='bbox 3504 4534 3517 4546; x_wconf 89' lang='grc'>·</span> <span class='ocrx_word' id='word_1_757' title='bbox 3554 4517 3645 4568; x_wconf 78' lang='grc' dir='ltr'>ἐπ’</span> <span class='ocrx_word' id='word_1_758' title='bbox 3675 4519 3765 4571; x_wconf 83' lang='grc' dir='ltr'><strong>αὑ-</strong></span> 
     </span>
    </p>
   </div>
   <div class='ocr_carea' id='block_1_107' title="bbox 2190 4604 3766 4680">
    <p class='ocr_par' dir='ltr' id='par_1_107' title="bbox 2190 4604 3766 4680">
     <span class='ocr_line' id='line_1_107' title="bbox 2190 4604 3766 4680; baseline 0.003 -21"><span class='ocrx_word' id='word_1_759' title='bbox 2190 4605 2281 4659; x_wconf 80' lang='grc' dir='ltr'><strong>τὸν</strong></span> <span class='ocrx_word' id='word_1_760' title='bbox 2331 4604 2439 4675; x_wconf 80' lang='grc' dir='ltr'><strong>γὰρ</strong></span> <span class='ocrx_word' id='word_1_761' title='bbox 2482 4605 2997 4678; x_wconf 81' lang='grc' dir='ltr'>ἐπῳκοδομήθημεν.</span> <span class='ocrx_word' id='word_1_762' title='bbox 3049 4607 3117 4659; x_wconf 88' lang='grc' dir='ltr'><strong>Ἢ</strong></span> <span class='ocrx_word' id='word_1_763' title='bbox 3169 4607 3260 4660; x_wconf 80' lang='grc' dir='ltr'><strong>καὶ</strong></span> <span class='ocrx_word' id='word_1_764' title='bbox 3313 4605 3520 4670; x_wconf 70' lang='grc' dir='ltr'>οὕτως’</span> <span class='ocrx_word' id='word_1_765' title='bbox 3577 4612 3766 4680; x_wconf 74' lang='grc' dir='ltr'>πηγὰς</span> 
     </span>
    </p>
   </div>
   <div class='ocr_carea' id='block_1_108' title="bbox 2191 4697 3765 4772">
    <p class='ocr_par' dir='ltr' id='par_1_108' title="bbox 2191 4697 3765 4772">
     <span class='ocr_line' id='line_1_108' title="bbox 2191 4697 3765 4772; baseline 0.016 -24"><span class='ocrx_word' id='word_1_766' title='bbox 2191 4697 2400 4768; x_wconf 87' lang='grc' dir='ltr'>νοήσεις</span> <span class='ocrx_word' id='word_1_767' title='bbox 2418 4699 2543 4760; x_wconf 71' lang='grc' dir='ltr'>τοὺς</span> <span class='ocrx_word' id='word_1_768' title='bbox 2573 4697 2757 4764; x_wconf 79' lang='grc' dir='ltr'>ἁγίους</span> <span class='ocrx_word' id='word_1_769' title='bbox 2791 4699 3093 4769; x_wconf 68' lang='grc' dir='ltr'>προφήτας,</span> <span class='ocrx_word' id='word_1_770' title='bbox 3135 4698 3228 4751; x_wconf 74' lang='grc' dir='ltr'><strong>ἅτε</strong></span> <span class='ocrx_word' id='word_1_771' title='bbox 3261 4697 3324 4769; x_wconf 66' lang='grc' dir='ltr'>δὴ</span> <span class='ocrx_word' id='word_1_772' title='bbox 3360 4697 3448 4752; x_wconf 69' lang='grc' dir='ltr'><strong>τὸν</strong></span> <span class='ocrx_word' id='word_1_773' title='bbox 3489 4703 3765 4772; x_wconf 62' lang='grc' dir='ltr'><strong>σωτήριον</strong></span> 
     </span>
    </p>
   </div>
   <div class='ocr_carea' id='block_1_109' title="bbox 2190 4787 3765 4862">
    <p class='ocr_par' dir='ltr' id='par_1_109' title="bbox 2190 4787 3765 4862">
     <span class='ocr_line' id='line_1_109' title="bbox 2190 4787 3765 4862; baseline 0.003 -20"><span class='ocrx_word' id='word_1_774' title='bbox 2190 4787 2588 4852; x_wconf 76' lang='grc' dir='ltr'>ἁναϐλύζοντας</span> <span class='ocrx_word' id='word_1_775' title='bbox 2617 4787 2793 4857; x_wconf 86' lang='grc' dir='ltr'>λόγον.</span> <span class='ocrx_word' id='word_1_776' title='bbox 2823 4789 2975 4843; x_wconf 85' lang='grc' dir='ltr'>Οῦτω</span> <span class='ocrx_word' id='word_1_777' title='bbox 3007 4789 3114 4862; x_wconf 78' lang='grc' dir='ltr'><strong>γὰρ</strong></span> <span class='ocrx_word' id='word_1_778' title='bbox 3163 4790 3468 4862; x_wconf 80' lang='grc' dir='ltr'>γέγραπται</span> <span class='ocrx_word' id='word_1_779' title='bbox 3499 4793 3630 4862; x_wconf 70' lang='grc' dir='ltr'>περὶ</span> <span class='ocrx_word' id='word_1_780' title='bbox 3663 4795 3765 4846; x_wconf 61' lang='grc' dir='ltr'><strong>αὖ-</strong></span> 
     </span>
    </p>
   </div>
   <div class='ocr_carea' id='block_1_110' title="bbox 2189 4877 3762 4949">
    <p class='ocr_par' dir='ltr' id='par_1_110' title="bbox 2189 4877 3762 4949">
     <span class='ocr_line' id='line_1_110' title="bbox 2189 4877 3762 4949; baseline 0.003 -17"><span class='ocrx_word' id='word_1_781' title='bbox 2189 4877 2328 4932; x_wconf 82' lang='grc' dir='ltr'>τῶν·</span> <span class='ocrx_word' id='word_1_782' title='bbox 2371 4877 2482 4932; x_wconf 83' lang='lat' dir='ltr'><strong>Kal</strong></span> <span class='ocrx_word' id='word_1_783' title='bbox 2524 4878 2855 4944; x_wconf 72' lang='grc' dir='ltr'>ἁντλήοέτε</span> <span class='ocrx_word' id='word_1_784' title='bbox 2896 4879 3052 4949; x_wconf 80' lang='grc' dir='ltr'>ὕδωρ</span> <span class='ocrx_word' id='word_1_785' title='bbox 3091 4881 3215 4949; x_wconf 82' lang='grc' dir='ltr'>μετ’</span> <span class='ocrx_word' id='word_1_786' title='bbox 3264 4883 3657 4948; x_wconf 56' lang='grc' dir='ltr'>εὐφροσύνης</span> <span class='ocrx_word' id='word_1_787' title='bbox 3694 4884 3762 4937; x_wconf 81' lang='grc' dir='ltr'>ἐκ</span> 
     </span>
    </p>
   </div>
   <div class='ocr_carea' id='block_1_111' title="bbox 2192 4969 3762 5044">
    <p class='ocr_par' dir='ltr' id='par_1_111' title="bbox 2192 4969 3762 5044">
     <span class='ocr_line' id='line_1_111' title="bbox 2192 4969 3762 5044; baseline 0.001 -21"><span class='ocrx_word' id='word_1_788' title='bbox 2192 4969 2397 5039; x_wconf 76' lang='grc' dir='ltr'>πηγῶν</span> <span class='ocrx_word' id='word_1_789' title='bbox 2436 4970 2540 5024; x_wconf 79' lang='grc' dir='ltr'><strong>τοῦ</strong></span> <span class='ocrx_word' id='word_1_790' title='bbox 2584 4971 2899 5037; x_wconf 79' lang='grc' dir='ltr'>σωτηρίου.</span> <span class='ocrx_word' id='word_1_791' title='bbox 2947 4971 3178 5042; x_wconf 80' lang='grc' dir='ltr'>Θεμέλια</span> <span class='ocrx_word' id='word_1_792' title='bbox 3203 4970 3260 5025; x_wconf 85' lang='grc' dir='ltr'><strong>δέ</strong></span> <span class='ocrx_word' id='word_1_793' title='bbox 3300 4971 3401 5041; x_wconf 83' lang='grc' dir='ltr'>τῆς</span> <span class='ocrx_word' id='word_1_794' title='bbox 3431 4974 3762 5044; x_wconf 76' lang='grc' dir='ltr'>οἰκουμένης</span> 
     </span>
    </p>
   </div>
   <div class='ocr_carea' id='block_1_112' title="bbox 2190 5060 3764 5137">
    <p class='ocr_par' dir='ltr' id='par_1_112' title="bbox 2190 5060 3764 5137">
     <span class='ocr_line' id='line_1_112' title="bbox 2190 5060 3764 5137; baseline 0.002 -23"><span class='ocrx_word' id='word_1_795' title='bbox 2190 5063 2288 5132; x_wconf 80' lang='grc' dir='ltr'>τὴν</span> <span class='ocrx_word' id='word_1_796' title='bbox 2316 5061 2589 5124; x_wconf 78' lang='grc' dir='ltr'>Μωῦσέως</span> <span class='ocrx_word' id='word_1_797' title='bbox 2621 5060 2714 5113; x_wconf 90' lang='grc' dir='ltr'><strong>τοῦ</strong></span> <span class='ocrx_word' id='word_1_798' title='bbox 2761 5061 3033 5130; x_wconf 85' lang='grc' dir='ltr'>πανσόφου</span> <span class='ocrx_word' id='word_1_799' title='bbox 3079 5063 3321 5133; x_wconf 81' lang='grc' dir='ltr'>Γραφήν.</span> <span class='ocrx_word' id='word_1_800' title='bbox 3350 5064 3610 5134; x_wconf 84' lang='grc' dir='ltr'>Κρηπίδα</span> <span class='ocrx_word' id='word_1_801' title='bbox 3655 5066 3764 5137; x_wconf 76' lang='grc' dir='ltr'><strong>γὰρ</strong></span> 
     </span>
    </p>
   </div>
   <div class='ocr_carea' id='block_1_113' title="bbox 2193 5153 3763 5226">
    <p class='ocr_par' dir='ltr' id='par_1_113' title="bbox 2193 5153 3763 5226">
     <span class='ocr_line' id='line_1_113' title="bbox 2193 5153 3763 5226; baseline 0.002 -20"><span class='ocrx_word' id='word_1_802' title='bbox 2193 5154 2425 5216; x_wconf 78' lang='grc' dir='ltr'>πίστεως</span> <span class='ocrx_word' id='word_1_803' title='bbox 2453 5154 2545 5206; x_wconf 74' lang='grc' dir='ltr'><strong>καὶ</strong></span> <span class='ocrx_word' id='word_1_804' title='bbox 2568 5153 2897 5221; x_wconf 86' lang='grc' dir='ltr'>θεογνωσίας</span> <span class='ocrx_word' id='word_1_805' title='bbox 2927 5155 2982 5205; x_wconf 81' lang='grc' dir='ltr'>ἐν</span> <span class='ocrx_word' id='word_1_806' title='bbox 3020 5154 3155 5224; x_wconf 76' lang='grc' dir='ltr'>αὐτῇ</span> <span class='ocrx_word' id='word_1_807' title='bbox 3203 5156 3294 5207; x_wconf 74' lang='grc' dir='ltr'><strong>καὶ</strong></span> <span class='ocrx_word' id='word_1_808' title='bbox 3348 5154 3541 5226; x_wconf 76' lang='grc' dir='ltr'>πρώτῃ</span> <span class='ocrx_word' id='word_1_809' title='bbox 3588 5157 3763 5209; x_wconf 85' lang='grc' dir='ltr'>τεθει-</span> 
     </span>
    </p>
   </div>
   <div class='ocr_carea' id='block_1_114' title="bbox 2196 5241 3766 5315">
    <p class='ocr_par' dir='ltr' id='par_1_114' title="bbox 2196 5241 3766 5315">
     <span class='ocr_line' id='line_1_114' title="bbox 2196 5241 3766 5315; baseline 0.004 -21"><span class='ocrx_word' id='word_1_810' title='bbox 2196 5242 2362 5314; x_wconf 79' lang='grc' dir='ltr'>μένην</span> <span class='ocrx_word' id='word_1_811' title='bbox 2404 5243 2716 5312; x_wconf 79' lang='grc' dir='ltr'>εὑρήκαμεν</span> <span class='ocrx_word' id='word_1_812' title='bbox 2747 5241 2807 5294; x_wconf 86' lang='grc' dir='ltr'><strong>τὸ</strong></span> <span class='ocrx_word' id='word_1_813' title='bbox 2842 5241 3076 5313; x_wconf 80' lang='grc' dir='ltr'>Χριστοῦ</span> <span class='ocrx_word' id='word_1_814' title='bbox 3125 5245 3418 5315; x_wconf 87' lang='grc' dir='ltr'>μυστήριον</span> <span class='ocrx_word' id='word_1_815' title='bbox 3465 5245 3524 5297; x_wconf 82' lang='grc' dir='ltr'>ἐν</span> <span class='ocrx_word' id='word_1_816' title='bbox 3571 5246 3766 5310; x_wconf 87' lang='grc' dir='ltr'>τύποις</span> 
     </span>
    </p>
   </div>
   <div class='ocr_carea' id='block_1_115' title="bbox 2191 5332 3765 5408">
    <p class='ocr_par' dir='ltr' id='par_1_115' title="bbox 2191 5332 3765 5408">
     <span class='ocr_line' id='line_1_115' title="bbox 2191 5332 3765 5408; baseline 0.004 -22"><span class='ocrx_word' id='word_1_817' title='bbox 2191 5332 2484 5388; x_wconf 83' lang='grc' dir='ltr'>ὠδίνουσαν</span> <span class='ocrx_word' id='word_1_818' title='bbox 2537 5332 2652 5402; x_wconf 58' lang='grc' dir='ltr'><strong>ἅμα</strong></span> <span class='ocrx_word' id='word_1_819' title='bbox 2694 5336 2806 5398; x_wconf 88' lang='grc' dir='ltr'>τοῖς</span> <span class='ocrx_word' id='word_1_820' title='bbox 2842 5338 3166 5408; x_wconf 80' lang='grc' dir='ltr'>προφήταις.</span> <span class='ocrx_word' id='word_1_821' title='bbox 3219 5338 3532 5404; x_wconf 67' lang='grc' dir='ltr'>Ὠερθησαν</span> <span class='ocrx_word' id='word_1_822' title='bbox 3585 5341 3765 5393; x_wconf 73' lang='grc' dir='ltr'>τοίνυν</span> 
     </span>
    </p>
   </div>
   <div class='ocr_carea' id='block_1_116' title="bbox 2191 5422 3767 5504">
    <p class='ocr_par' dir='ltr' id='par_1_116' title="bbox 2191 5422 3767 5504">
     <span class='ocr_line' id='line_1_116' title="bbox 2191 5422 3767 5504; baseline 0.003 -22"><span class='ocrx_word' id='word_1_823' title='bbox 2191 5423 2314 5482; x_wconf 76' lang='grc' dir='ltr'>ἀντὶ</span> <span class='ocrx_word' id='word_1_824' title='bbox 2348 5422 2463 5490; x_wconf 86' lang='grc' dir='ltr'>τοῦ,</span> <span class='ocrx_word' id='word_1_825' title='bbox 2499 5424 2938 5499; x_wconf 71' lang='grc' dir='ltr'>ἐφανερώθησαν.</span> <span class='ocrx_word' id='word_1_826' title='bbox 2979 5429 3185 5499; x_wconf 83' lang='grc' dir='ltr'>Ἠγουν</span> <span class='ocrx_word' id='word_1_827' title='bbox 3213 5429 3396 5501; x_wconf 72' lang='grc' dir='ltr'>πηγὰς</span> <span class='ocrx_word' id='word_1_828' title='bbox 3425 5431 3646 5504; x_wconf 79' lang='grc' dir='ltr'>νοήσεις</span> <span class='ocrx_word' id='word_1_829' title='bbox 3673 5433 3767 5487; x_wconf 76' lang='grc' dir='ltr'><strong>καὶ</strong></span> 
     </span>
    </p>
   </div>
   <div class='ocr_carea' id='block_1_117' title="bbox 2192 5645 2568 5708">
    <p class='ocr_par' dir='ltr' id='par_1_117' title="bbox 2192 5645 2568 5708">
     <span class='ocr_line' id='line_1_117' title="bbox 2192 5645 2568 5708; baseline -0.013 -2"><span class='ocrx_word' id='word_1_830' title='bbox 2192 5648 2216 5685; x_wconf 73' lang='grc' dir='ltr'><strong><em>τ</em></strong></span> <span class='ocrx_word' id='word_1_831' title='bbox 2252 5645 2358 5708; x_wconf 82' lang='lat' dir='ltr'><strong>lsa.</strong></span> <span class='ocrx_word' id='word_1_832' title='bbox 2392 5662 2467 5704; x_wconf 80' lang='lat' dir='ltr'><strong>xu</strong></span> <span class='ocrx_word' id='word_1_833' title='bbox 2514 5648 2568 5704; x_wconf 79' lang='lat'><strong>5.</strong></span> 
     </span>
    </p>
   </div>
  </div>
