3874 6218
134 379 227 432 “3

1190 369 1554 432 EXPOSlTlO
1593 369 1659 426 ΙΝ
1698 369 2035 428 PSALMUM
2074 358 2240 425 XVII:

3261 370 3364 424 ΗΑ

132 494 351 564 θεμέλια
388 491 489 560 τῆς
520 491 611 544 ὑπ’
649 489 897 561 οὐρανὸν,
930 490 1055 553 τοὺς
1084 489 1272 556 ἁγίους
1312 488 1644 551 ἀποστόλους
1680 504 1693 518 ο

1818 500 1978 542 nenta
2012 487 2181 554 orbis,
2212 495 2430 543 sanctos
2463 485 2743 556 apostolos
2774 502 2789 541 :
2820 498 2946 540 nam
2981 492 3037 540 et
3079 484 3182 555 ipsi
3215 486 3364 542 salu-

133 581 542 650 ἁναπηγάςουσι
577 580 687 650 γὰρ
720 582 814 634 καὶ
836 580 987 633 αὐτοὶ
1008 580 1099 633 τὸν
1124 581 1386 650 σωτήριον
1416 578 1573 645 λόγον
1606 578 1701 631 καὶ

133 677 369 749 κρηπίδα
424 680 493 748 τῇ
544 677 636 730 ὑπ’
681 676 908 747 οὐρανὸν
953 675 1310 729 κατεεὰλοντο
1364 672 1463 743 τὴν
1496 673 1699 727 πίστιν.

135 768 321 838 Πηγὰς
348 767 405 820 δὲ
447 767 655 820 ὑδάτων
698 768 791 821 καὶ
822 767 1045 837 θεμέλια
1081 767 1181 837 τῆς
1211 767 1532 839 οἰκουμένης
1582 766 1705 836 νοή-

136 874 246 922 σεις
276 858 437 911 πάλιν
461 856 522 909 τὸ
557 858 821 927 σωτήριον
846 856 1143 926 βάπτισμα.

221 948 350 1003 And
405 948 797 1017 ἐπιτιμήσεὼς
847 964 1004 1011 σου,
1058 948 1256 1014 Κύριε.
1314 949 1706 1018 Προσυπακου-

136 1039 287 1093 στέον
318 1040 397 1103 τὸ,
423 1041 763 1112 ἀνῃρέθησαν
802 1042 849 1091 οί
888 1039 1276 1110 προλεχθέντες
1309 1038 1511 1109 ἐχθροί.
1565 1036 1701 1090 Ἁπό

132 1131 515 1199 ἐμεῖν-δύσεως
540 1132 879 1199 πνεύματος
916 1130 1099 1199 ὀργῆς
1150 1146 1285 1184 σου.
1324 1131 1398 1182 οὐ
1453 1128 1706 1199 παραυτὰ

130 1221 261 1283 Θεὸς
290 1222 505 1285 κολάζει
534 1223 656 1285 τοὺς
688 1221 1099 1291 ἁμαρτάνοντας
1125 1238 1138 1251 ·
1200 1221 1231 1291 ἢ
1285 1220 1394 1292 γὰρ
1447 1220 1512 1273 ἂν
1536 1219 1703 1291 ἄρδην

130 1312 412 1365 ἀπώλοντο
436 1330 449 1343 ·
486 1316 866 1382 προαναφωνεῖ
890 1314 945 1366 δὲ
971 1314 1068 1382 τῆς
1092 1313 1261 1384 ὀργῆς
1285 1313 1382 1375 τὰς
1413 1311 1659 1375 κολάσεις
1686 1326 1702 1341 ο

133 1403 446 1457 Παιὸεύσω
489 1404 601 1474 γὰρ
630 1405 854 1471 αὐτοὺς
896 1407 966 1459 ἐν
1008 1405 1083 1473 τῇ
1123 1404 1271 1473 ὀργῇ
1302 1405 1411 1473 τῆς
1444 1406 1703 1473 θλίψεως

130 1490 351 1545 αὐτῶν.
391 1495 499 1546 Καὶ
547 1492 703 1546 τοῦτό
745 1497 859 1546 ἐστι
891 1494 952 1546 τὸ
980 1495 1238 1547 ἐμπνέειν
1288 1492 1449 1546 αὑτὸν
1490 1491 1704 1561 πνεῦμα

129 1585 227 1654 τῆς
263 1585 430 1654 ὀργῆς
465 1586 652 1639 αὑτοῦ.

1805 586 1921 633 tare
1973 578 2195 633 verbum
2248 577 2581 643 scaturiunt,
2637 586 2691 633 et
2755 576 3166 632 fundamentum
3218 578 3365 636 orbis

1806 681 2124 742 posuerunt,
2168 671 2326 726 ﬁdem
2376 670 2643 726 videlicet.
2677 668 2880 725 Fontes
2923 671 3048 725 item
3086 680 3140 726 et
3171 671 3368 729 funda-

1802 773 1981 818 menta
2020 761 2170 817 orbis
2210 762 2503 817 salutarem
2545 761 2872 831 baptismum
2900 761 3361 833 interpretaberis.

1874 944 1961 1000 17.
2005 943 2081 998 Ab
2132 944 2482 1013 increpatione
2530 954 2640 1011 tua,
2678 942 2917 997 bomtne.
2970 941 3320 1012 Subintellige
3348 982 3363 1008 ,

1802 1037 2001 1091 sublati
2036 1045 2165 1091 sunt
2196 1036 2437 1105 praedicti
2470 1035 2673 1091 hostes.
2711 1037 2787 1090 Ab
2825 1036 3167 1106 inspiratione
3201 1035 3364 1105 spiri-

1803 1142 1884 1184 tus
1904 1131 1996 1183 ira:
2022 1139 2143 1183 tua2.
2173 1128 2289 1183 Non
2322 1137 2497 1183 autem
2522 1130 2700 1185 statim
2726 1145 2849 1185 cum
2878 1129 3365 1198 peccantbomines

1799 1235 1895 1275 eos
1927 1220 2067 1274 Deus
2101 1221 2285 1289 punit;
2314 1234 2438 1273 nam
2473 1219 2517 1274 si
2544 1220 2644 1274 hoc
2673 1220 2840 1286 ﬁeret,
2868 1220 2967 1288 ipsi
3005 1220 3162 1289 plane
3202 1219 3367 1273 inter-

1800 1313 1943 1365 irent
1996 1330 2008 1365 :
2049 1326 2176 1364 nam
2224 1311 2318 1364 irae
2346 1310 2614 1380 supplicia
2660 1311 2816 1380 longe
2865 1320 2992 1365 ante
3039 1309 3368 1380 prmnuntiat

1799 1417 1961 1472 quam
2002 1401 2226 1471 inﬁigat.
2257 1402 2343 1456 Ait
2371 1404 2516 1457 enim
2566 1420 2580 1457 :
2624 1401 2924 1470 Corripiam
2958 1418 3043 1455 eos
3072 1402 3126 1454 in
3155 1402 3239 1454 ira
3271 1402 3368 1454 tri.

1801 1493 2087 1548 bulationis
2122 1510 2301 1547 eorum
2335 1494 2376 1547 ⁸.
2408 1492 2475 1548 Et
2502 1494 2557 1548 in
2596 1494 2699 1550 hoc
2729 1493 2930 1549 dicitur
2960 1492 3229 1562 inspirare
3265 1490 3371 1561 spi-

1800 1583 1965 1637 ritum
1994 1584 2087 1637 irte
2118 1598 2248 1637 suae.

204 1716 396 1771 Daniel
431 1716 743 1772 Barbarus:
774 1718 919 1773 Misit
951 1718 1012 1773 de
1059 1723 1184 1774 cazlo
1229 1731 1278 1775 et
1321 1721 1520 1790 accepit
1555 1736 1657 1777 me.
1688 1718 1826 1774 Vere
1863 1717 2161 1772 humanum
2207 1733 2375 1789 genus
2416 1718 2668 1785 servavit,
2705 1717 2772 1775 de
2816 1718 2953 1774 caelo
3000 1718 3161 1774 nobis
3198 1716 3372 1774 sancti

134 1805 371 1876 Spiritus
395 1808 600 1863 donum
629 1810 941 1865 demittens.
966 1811 1267 1867 Theodotio
1302 1832 1313 1866 :
1347 1812 1423 1866 De
1445 1812 1570 1866 caelo
1601 1811 1827 1865 salutem
1858 1808 1987 1863 mihi
2014 1809 2220 1863 tribuit.

204 1920 621 1987 Προσελεὶϐετό
650 1940 728 1991 με
781 1923 851 1988 ἐξ
909 1924 1145 1983 ὑδάτων
1189 1926 1455 1980 πολλῶν.
1494 1926 1704 1979 ’Ύδατα

1879 1924 2177 1995 Assumpsit
2204 1942 2283 1980 me
2316 1943 2379 1980 ae
2408 1926 2559 1997 aquis
2588 1925 2794 1981 multis.
2821 1924 3009 1997 Aquas
3029 1924 3165 1983 dicit
3195 1934 3373 1985 tenta-

129 2011 257 2073 τοὺς
292 2013 631 2083 πειρασμούς
667 2032 820 2085 φησι.

204 2100 333 2173 [Ἐξ
380 2103 615 2157 ὑδάτων
650 2106 917 2161 πολλῶν.
964 2108 1171 2162 ’Ύδατα
1220 2110 1342 2172 τοὺς
1371 2109 1711 2181 πειρασμούς,

132 2209 292 2263 φησι.
321 2195 482 2262 Λέγει
527 2200 555 2250 ὁ
596 2198 787 2251 Διιυΐδ·
821 2199 1032 2253 Ἕ.,2ίι6³ἐ
1052 2218 1147 2269 με,
1190 2202 1308 2272 ἦτοι
1357 2202 1455 2272 τὴν
1499 2202 1706 2272 ἀνθρω-

134 2284 299 2337 πείαν
330 2285 521 2354 φύσινο
559 2287 962 2359 ἐϐαπτίσθησαν
1013 2290 1121 2360 γὰρ
1172 2291 1230 2343 ἐν
1275 2293 1340 2362 τῇ
1376 2292 1556 2363 ἡμέρᾳ
1606 2292 1706 2363 τῆς

131 2374 515 2448 Πεντηκοστῆς
548 2378 679 2433 ὡσεὶ
708 2381 877 2450 ψυχαὶ
908 2382 1199 2453 τρισχίλιαι
1248 2384 1353 2436 ὑπὸ
1404 2384 1513 2441 τῶν
1568 2385 1704 2440 ἁπο-

129 2466 357 2521 ςτόλων.
383 2466 399 2539 j

215 2559 492 2612 Ῥὐσεταέ
512 2577 588 2628 με
613 2561 681 2615 ἐκ
731 2561 849 2615 τῶν
874 2564 1100 2633 ἐχθρῶν
1138 2582 1250 2633 μου
1283 2563 1574 2631 δυνατῶν,
1606 2567 1705 2621 καὶ

128 2647 201 2699 ἐκ
231 2646 352 2700 τῶν
380 2654 727 2718 μισούντων
768 2671 864 2721 με.
914 2656 1005 2718 Εἰς
1049 2656 1118 2709 τὰ
1146 2657 1507 2727 πεπραγμένα
1560 2657 1706 2728 αὑτῷ

128 2739 226 2797 ἐπὶ
253 2743 319 2810 τῇ
350 2743 592 2814 ἁμαρτίᾳ
624 2746 716 2798 καὶ
754 2750 818 2816 τῇ
858 2748 1113 2819 μετανοίᾳ
1145 2748 1364 2818 μετέϐη.
1400 2751 1463 2801 Ὃ
1479 2749 1534 2802 δὲ
1559 2749 1706 2817 λέγει

130 2830 375 2889 τοιοῦτόν
423 2835 589 2889 ἐστιν.
631 2837 769 2907 Ἤδη
822 2839 938 2906 μὲν,
977 2838 1076 2908 τῆς
1115 2837 1553 2909 ἐξομολογήσεώς
1607 2857 1705 2909 μου

129 2920 445 2983 ἐπακούσας
469 2922 496 2972 ὁ
530 2921 751 2991 Κύριος,
785 2925 973 2993 γέγονέ
1007 2943 1096 2996 μοι
1117 2929 1538 2997 ἀντιστήριγμα,
1582 2926 1708 2996 μὲλ-

129 3009 319 3075 λοντός
374 3029 475 3082 μου
507 3017 925 3086 περιτρέπεσθαι
956 3018 1049 3071 καὶ
1077 3019 1219 3088 μέγα
1253 3019 1452 3088 πτῶμα
1503 3020 1707 3089 ὑπομέ-

130 3118 268 3165 νειν,
320 3104 369 3155 εί
412 3104 546 3172 μετὰ
583 3106 679 3176 τὴν
708 3107 981 3177 ἁμαρτίαν
1008 3110 1088 3172 εἰς
1131 3109 1369 3179 παντελῆ
1419 3109 1705 3175 ἐξέπιπτον

126 3193 493 3248 ἀποστασίαν.
550 3196 695 3265 Πλὴν
745 3198 879 3250 ἀλλὰ
923 3200 1017 3251 καὶ
1062 3200 1337 3264 παντελῶς
1369 3201 1590 3270 ῥύσεταί
1634 3218 1702 3272 με

1810 2015 2009 2071 tiones.

1877 2107 1897 2181 [
1929 2108 2005 2162 De
2047 2110 2199 2179 aquis
2248 2111 2452 2166 multis.
2481 2111 2666 2182 Aquas
2697 2120 2856 2167 vocat
2896 2112 3241 2168 tentationes.
3281 2110 3377 2170 Ait

1809 2197 1974 2252 David
2010 2217 2022 2252 :
2059 2201 2270 2269 Accepit
2316 2217 2416 2265 me,
2469 2201 2574 2256 hoc
2615 2212 2698 2257 est
2738 2202 3033 2257 humanam
3082 2211 3371 2259 naturam:

1806 2289 2075 2358 baptizata
2106 2304 2340 2358 namque
2364 2299 2491 2344 sunt
2517 2290 2570 2343 in
2597 2290 2683 2345 die
2708 2289 3055 2347 PentecOStes
3083 2292 3241 2363 quasi
3268 2292 3373 2348 tria

1807 2380 1974 2434 millia
1996 2380 2301 2433 animarum
2332 2379 2400 2435 ab
2419 2378 2727 2452 apostolis]

1877 2557 1971 2615 18.
2009 2556 2209 2626 Eripiet
2237 2572 2317 2609 me
2347 2556 2410 2609 (le
2446 2556 2675 2609 inimicis
2701 2555 2831 2610 meis
2866 2556 3194 2625 fortissimis,
3220 2563 3269 2611 et
3306 2556 3372 2610 ab

1806 2648 1873 2701 iis
1898 2649 1987 2718 qui
2010 2648 2230 2701 oderunt
2266 2663 2364 2712 me,
2387 2655 2487 2701 etc.
2510 2647 2726 2702 Transit
2749 2648 2815 2701 ad
2845 2663 2908 2702 ea
2936 2648 3237 2702 enarranda
3254 2663 3378 2718 qua:

1806 2738 2011 2807 peccati
2058 2745 2111 2791 et
2160 2737 2492 2805 poenitentia:
2525 2751 2688 2791 causa
2729 2737 2857 2807 egit.
2899 2736 3055 2803 Quod
3088 2746 3268 2792 autem
3299 2738 3379 2792 ait

1806 2828 1886 2882 sic
1929 2826 2231 2893 intelligito.
2280 2823 2397 2878 lam
2441 2840 2560 2879 mea
2594 2826 2846 2880 exaudita
2881 2825 3222 2883 confessione
3266 2826 3376 2882 Do-

1808 2917 1989 2971 minus
2028 2916 2205 2970 facms
2245 2924 2326 2970 est
2362 2916 2492 2969 mibi
2536 2916 2591 2970 in
2649 2916 2910 2984 fulcrum,
2957 2932 3080 2972 cum
3130 2918 3377 2988 proxime

1807 3018 1953 3064 esset
1980 3019 2035 3063 ut
2060 3024 2156 3077 ego
2192 3009 2559 3073 subverterer,
2586 3018 2640 3063 et
2660 3011 2712 3062 in
2747 3024 3005 3081 magnum
3033 3025 3219 3066 casum
3250 3027 3377 3066 rue-

1810 3116 1919 3154 rem
1954 3141 1968 3166 ,
2001 3101 2045 3155 si
2074 3108 2197 3169 post
2239 3108 2519 3169 peccatum
2558 3100 2612 3153 in
2652 3100 2897 3155 ultimam
2925 3101 3245 3156 decidissem
3283 3102 3378 3157 de-

1810 3190 2117 3246 fectionem.
2154 3191 2418 3245 Cmterum
2442 3206 2670 3261 prorsus
2700 3191 2790 3246 ille
2811 3192 3004 3262 eripiet
3028 3208 3134 3257 me,
3157 3202 3212 3249 et
3228 3193 3379 3248 dabit

126 3283 310 3347 διδοὺς
355 3286 545 3355 ἄφεσιν
578 3289 676 3358 τῆς
715 3290 987 3360 ἁμαρτίας
1010 3291 1148 3345 κατὰ
1178 3293 1267 3344 τὸν
1294 3293 1705 3363 προφητευόμε-

1818 3280 2011 3350 peccati
2037 3280 2273 3346 veniam,
2304 3290 2545 3350 tempore
2577 3281 2843 3336 adventus
2872 3281 2993 3350 ejus
3038 3296 3065 3335 a
3098 3282 3377 3353 prophetis

127 3390 221 3425 vov
256 3375 446 3445 καιρὸν
476 3376 576 3445 τῆς
603 3379 765 3431 αὐτοῦ
796 3381 1114 3451 παρουσίας,
1160 3383 1253 3435 καὶ
1304 3382 1458 3436 τοῦτο
1487 3385 1704 3446 ποιήσει

126 3463 439 3533 εὐεργετῶν
471 3482 538 3535 με
566 3468 594 3518 ὁ
638 3468 861 3537 Κύριος,
895 3469 1022 3521 Ὅτι
1066 3468 1333 3537 ἠθέλησέ
1374 3482 1470 3537 με.
1526 3471 1588 3523 El
1630 3469 1705 3540 μὴ

127 3554 241 3624 γὰρ
270 3555 502 3626 ἠθέλησέ
533 3573 622 3626 με,
667 3558 766 3611 οὐκ
809 3558 875 3612 ἂν
908 3560 998 3613 τὸν
1038 3558 1331 3631 ’προφήτην
1361 3559 1520 3613 αὺτοῦ
1568 3560 1706 3633 πρὸς

132 3646 203 3715 μὲ
228 3645 543 3699 ἀπέστειλε.

202 3733 318 3784 Καὶ
340 3734 749 3789 ἀνταποδώσω
776 3754 877 3805 μοι
904 3740 1137 3805 Κύριος.
1172 3739 1496 3809 Πέπεισμαι,
1520 3740 1721 3808 φησὶνμ

128 3823 213 3875 ὅτι
234 3823 375 3876 κατὰ
398 3825 489 3877 τὸν
515 3827 702 3897 καιρὸν
727 3827 825 3896 τῆς
852 3828 1246 3900 δικαιοκρισίας
1270 3829 1457 3894 αὑτοῦ,
1486 3830 1545 3883 οὐ
1573 3846 1708 3899 μνη-

130 3914 405 3982 μοδεύσας
436 3934 535 3986 μου
566 3924 664 3981 τὰς
698 3919 972 3989 ἁμαρτίας
999 3960 1014 3983 ,
1046 3919 1188 3973 κατὰ
1233 3920 1330 3990 τὴν
1364 3919 1707 3990 δικαιοσύνην

130 4021 234 4073 μου
267 4006 655 4062 ἁνταποδὼσει.
709 4009 818 4071 Τὰς
848 4010 954 4080 γὰρ
1003 4011 1167 4073 ἄλλας
1198 4028 1297 4081 μοι)
1343 4011 1570 4083 πράξεις
1608 4013 1709 4077 τὰς

126 4094 189 4145 ὲν
220 4093 539 4167 δικαιοσύνῃ
563 4094 750 4167 ὥσπερ
784 4096 933 4167 ζυγῷ
970 4096 1454 4169 ἀντιπαραϐάλλων
1487 4099 1582 4151 καὶ
1613 4100 1709 4152 ἁν-

127 4186 397 4253 τιστήσας
444 4184 523 4254 τῷ
559 4186 909 4257 ἁμαρτήματί
958 4205 1083 4257 μου,
1118 4188 1260 4241 κατὰ
1311 4189 1443 4241 πολὺ
1484 4189 1711 4242 πλεονα-

128 4272 336 4337 ζούσας
384 4276 609 4346 εὑρήσει
652 4277 746 4329 τοῦ
804 4279 1091 4348 γενομένου
1149 4297 1239 4349 μοι
1291 4280 1707 4350 ἁμαρτήματος.

126 4366 387 4418 Διδάσκει
422 4365 479 4418 δὲ
504 4368 532 4418 ὁ
564 4366 718 4434 λόγος
749 4368 810 4420 τὸ
836 4368 1092 4421 δύνασθαι
1123 4369 1211 4422 τὸν
1246 4370 1388 4423 κατὰ
1413 4386 1531 4424 τινα
1557 4371 1711 4425 ἁσθέ-

126 4473 281 4511 νειαν
316 4456 657 4527 ὠλισθηκότα
682 4460 1082 4533 ἀναλαμϐάνειν
1108 4462 1297 4515 ἑαυτὸν
1318 4461 1406 4515 διὰ
1442 4462 1707 4535 δευτέρων
1721 4504 1731 4509 μ

129 4548 598 4619 κατορθωμάτων.

1813 3372 2192 3440 puenuntiato.
2230 3371 2395 3441 quue
2437 3380 2559 3439 aget
2590 3372 2854 3428 Dominus
2884 3373 3205 3430 beneﬁcium
3242 3371 3379 3428 mibi

1812 3464 2074 3529 tribuens,
2101 3464 2365 3528 Quoniam
2398 3466 2559 3519 voluit
2599 3482 2700 3519 me.
2728 3464 2864 3520 Nam
2900 3466 2946 3521 si
2975 3481 3062 3522 me
3095 3465 3375 3533 noluisset,

1813 3570 2153 3626 nequaquam
2178 3557 2493 3626 prophetam
2526 3572 2685 3612 suum
2712 3557 2780 3611 ad
2816 3573 2903 3612 me
2927 3557 3191 3614 misisset.

1882 3731 1971 3787 21.
2015 3730 2084 3785 Et
2118 3732 2365 3786 retribuet
2406 3733 2533 3786 mihi
2575 3732 2855 3801 Dominus,
2897 3740 3003 3789 etc.
3046 3732 3379 3791 Persuasum

1813 3822 1968 3887 mihi,
1994 3822 2191 3892 inquit,
2229 3832 2331 3886 est,
2360 3839 2485 3878 eum
2512 3833 2756 3893 tempore
2790 3825 2925 3895 justi
2956 3825 3150 3895 judicii
3188 3840 3381 3896 pecca-

1813 3922 1994 3969 torum
2038 3930 2284 3969 meorum
2330 3916 2728 3981 immemorem,
2775 3919 3072 3972 secundum
3112 3917 3378 3987 justitiam

1814 4024 1988 4062 meam
2040 4008 2175 4062 mibi
2230 4008 2646 4063 rctributurum.
2702 4008 2838 4079 Cum
2888 4008 3034 4063 enim
3098 4009 3203 4063 alia
3258 4024 3380 4067 mea

1812 4113 1976 4167 Opera
2001 4098 2054 4152 in
2075 4098 2288 4166 justitia
2318 4099 2462 4154 edita
2485 4099 2540 4154 in
2577 4100 2733 4156 lance
2764 4100 3103 4169 comparabit
3121 4110 3176 4156 et
3207 4114 3380 4171 oppo-

1812 4198 1903 4243 net
1932 4199 2154 4259 peccato
2192 4205 2333 4255 meo,
2379 4192 2609 4246 multum
2649 4207 2719 4247 ea
2754 4202 2974 4261 peccato
3001 4207 3035 4246 a
3063 4207 3150 4247 me
3184 4205 3378 4262 perpe-

1813 4290 1951 4336 trato
2003 4282 2417 4350 prreponderare
2462 4284 2716 4338 inveniet.
2759 4282 2994 4339 Docetur
3032 4293 3212 4339 autem
3253 4298 3378 4338 cum

1811 4372 1906 4440 qui
1967 4370 2281 4425 inﬁrmitate
2342 4373 2579 4441 quadam
2650 4373 2837 4442 lapsus
2896 4373 3002 4437 sit,
3063 4386 3227 4442 posse
3284 4386 3381 4442 per

1812 4462 2049 4517 secunda
2072 4464 2217 4519 bona
2246 4478 2412 4535 opera
2438 4466 2495 4519 in
2528 4464 2823 4535 pristinum
2863 4480 2923 4520 se
2959 4465 3186 4536 gradum
3221 4464 3382 4520 resti-

1811 4561 1987 4613 tuere.

203 4635 607 4711 [Δικαιοσύνην
635 4639 732 4710 τὴν
753 4639 987 4696 καθόλου
1014 4641 1212 4713 ἀρετὴν
1239 4642 1387 4710 λέγει
1410 4659 1425 4675 ο
1451 4643 1716 4715 τὴνηπρα-
1746 4638 1791 4694 D

126 4727 330 4798 κτικὴν
361 4729 705 4800 καθαρότητα
730 4730 924 4802 χειρῶν
953 4735 1050 4795 τὰς
1078 4733 1387 4803 πρακτικὰς
1436 4735 1716 4806 ἐνεργείας

126 4818 470 4887 ἀμολύντους
498 4820 795 4887 γενομένας
824 4821 887 4873 τὸ
925 4822 1033 4875 ἀπὸ
1062 4821 1345 4894 βελτίστης
1380 4822 1546 4889 ἕξεως
1570 4824 1710 4878 ἀπο-

124 4908 427 4962 τελεῖσθαι.
450 4908 471 4982 ]
1184 4914 1188 4921 ’

1891 4644 2187 4717 [Justitiam
2259 4661 2481 4702 omnem
2535 4647 2798 4703 virtutem
2848 4647 3028 4715 dicit;
3090 4648 3381 4719 puritatem

1820 4752 2081 4793 manuum
2127 4738 2183 4794 in
2234 4740 2465 4809 agendo,
2512 4740 2815 4809 inculpatas
2867 4741 3233 4811 operationes,
3262 4756 3385 4812 quae

1822 4830 1892 4885 ab
1919 4829 2129 4901 optimo
2154 4831 2343 4887 habitu
2368 4839 2424 4886 et
2449 4829 2655 4887 affectu
2679 4830 3021 4905 procedam]

203 5072 400 5128 Daniel
434 5072 706 5131 Barbarus
735 5091 754 5128 :
780 5074 1048 5143 Caeterum
1074 5076 1167 5145 qui
1190 5076 1307 5132 haec
1335 5076 1577 5148 loquitur
1599 5075 1736 5131 nihil
1768 5075 1872 5132 sibi
1900 5074 2091 5131 tribuit
2122 5093 2138 5143 ;
2168 5091 2336 5146 quare
2365 5076 2431 5131 ad
2465 5074 2801 5134 Salvatorem
2837 5080 2992 5135 aiunt
3028 5080 3145 5137 haec
3168 5079 3380 5147 referri,

130 5169 225 5237 qui
256 5184 326 5222 ex
349 5168 469 5238 ejus
501 5185 734 5239 persona
764 5170 910 5225 hunc
937 5170 1205 5239 psalmum
1245 5171 1438 5225 dictari
1461 5172 1651 5226 dicunt
1680 5190 1694 5226 :
1729 5169 2009 5224 Teutatum
2039 5187 2132 5240 per
2165 5172 2344 5225 omnia
2371 5172 2658 5226 secundum
2695 5174 3097 5229 similitudinem
3119 5174 3166 5227 si
3185 5187 3232 5229 ιε
3260 5189 3383 5242 pec-

133 5270 253 5315 cato
280 5264 322 5314 '.
354 5259 629 5318 Justitiam
653 5279 781 5316 vero
805 5274 960 5317 vocat
983 5263 1038 5317 in
1078 5264 1395 5320 universum
1434 5266 1691 5320 actricem
1712 5265 1970 5320 virtutem
2002 5283 2018 5333 ;
2053 5265 2343 5336 puritatem
2373 5275 2553 5321 autem
2587 5281 2868 5329 manuum,
2900 5265 3128 5321 actrices
3150 5263 3385 5319 faculta-

128 5346 215 5408 ‘cs
252 5363 309 5408 et
330 5356 577 5411 actiones
611 5357 858 5413 sordium
892 5357 1184 5423 immunes,
1211 5368 1265 5412 et
1288 5359 1357 5413 ab
1388 5360 1596 5429 Optimo
1630 5359 1817 5414 habitu
1847 5359 2276 5429 proﬁciscentes.
2312 5359 2581 5416 Cmterum
2607 5360 2676 5416 ab
2701 5359 2849 5416 omni
2884 5358 3145 5429 jactantia
3176 5358 3383 5415 alienas

135 5448 547 5506 benefactorum
574 5468 797 5509 suorum
828 5466 1025 5530 causas
1063 5451 1173 5507 Deo
1202 5454 1411 5509 tribuit.
1445 5453 1571 5510 Vias
1607 5463 1789 5510 autem
1819 5455 2075 5510 mandata
2098 5454 2369 5518 intelligit.
2392 5454 2508 5513 Non
2539 5456 2703 5527 impie
2732 5464 2913 5511 autem
2950 5469 3013 5511 se
3039 5454 3178 5524 gerit
3201 5452 3271 5510 ab
3293 5465 3380 5521 eo,

136 5537 451 5608 quicunque
486 5543 734 5600 veritatis
765 5544 1019 5616 dogmata
1054 5559 1111 5606 et
1140 5552 1474 5609 assertiones
1504 5553 1670 5614 probe
1698 5567 1761 5608 ac
1786 5561 1932 5608 recte
1969 5551 2221 5621 explicat.

200 5709 227 5743 ⁸
262 5710 402 5772 Ose.
426 5731 522 5780 vlt,
555 5718 647 5777 12.
722 5722 741 5752 ’
781 5720 941 5778 Hebr.
964 5740 1054 5791 ιν,
1088 5726 1173 5781 15.
