3874 6218
488 404 595 459 115

1311 399 1367 452 Β.
1407 395 1779 451 ATHANASII
1817 393 1967 455 OPP.
2009 393 2193 449 PARS
2229 394 2318 450 ΠΙ.
2360 426 2429 435 -
2467 390 2877 447 EXEGETICA.

3616 384 3721 440 “6

552 571 643 624 22.
664 569 855 623 Daniel
871 568 1141 623 Barbarus
1161 582 1178 619 :
1198 564 1307 619 Nec
1333 565 1489 633 impie
1505 568 1637 634 gessi
1670 583 1702 623 a
1735 565 1839 618 Deo
1862 581 1995 623 mea.
2020 563 2044 617 J
2054 563 2187 617 ustis
2207 563 2354 618 enim
2377 561 2469 628 qui
2496 570 2742 633 prompte
2770 560 2845 615 illi
2869 566 3062 629 parent
3091 557 3391 614 mercedem
3420 555 3673 627 rependit
3700 575 3713 609 :

484 665 575 718 ille
604 675 785 718 autem
816 679 923 717 non
955 678 1013 717 se
1038 662 1203 730 impie
1226 662 1362 732 gerit
1391 662 1483 730 qui
1509 676 1634 714 vera
1667 662 1917 731 dogmata
1948 659 2191 728 suscipit.

558 758 844 831 [Quoniam
868 760 1043 812 omnia
1057 759 1288 828 judicia,
1313 768 1417 813 etc.
1440 756 1542 823 Qui
1573 758 1709 825 lapsi
1734 766 1863 811 sunt
1885 772 2047 824 opor-
2078 806 2083 815 ,

2221 754 2390 826 [Ὅτι
2416 769 2611 806 narra
2639 755 2713 805 τὰ
2742 751 3011 819 κρίματα,
3041 746 3133 799 καὶ
3166 744 3235 797 τὰ
3266 743 3412 813 ἑξῆς.
3462 742 3718 810 Ὠλισθη-

487 858 563 904 tet
593 859 651 904 ut
682 851 920 919 repetitis
953 850 1111 903 bonis
1142 851 1399 919 operibus
1436 851 1502 903 ad
1528 850 1807 903 meliorem
1843 863 1900 901 se
1931 849 2043 901 fru—

484 956 602 1010 gem
648 942 928 1010 recipiant.
963 940 1079 995 Etsi
1126 949 1304 995 autem
1341 940 1655 1009 investigari
1698 955 1807 992 non
1846 947 2046 1008 queant

479 1029 683 1098 judicia
730 1032 869 1100 ejus,
924 1044 1087 1099 atque
1137 1032 1332 1100 abysso
1389 1031 1693 1085 consimilia
1737 1030 1877 1095 sint,
1920 1029 2047 1098 quia

2148 846 2309 908 κότας
2335 844 2732 915 ἀναλαμϐάνειν
2763 844 2842 894 δεῖ
2871 842 3093 901 ἑαυτοὺς
3113 837 3201 891 διά
3228 836 3493 906 δευτέρων
3525 849 3721 903 κατορ-

2151 939 2435 1009 θωμάτων,
2478 939 2540 989 Εἰ
2574 936 2667 989 καὶ
2717 932 3107 1004 ἀνεξερεύνητα
3149 930 3205 982 δὲ
3234 930 3326 980 καὶ
3365 926 3434 979 τὰ
3470 925 3719 996 κρίματα

2150 1032 2243 1085 καὶ
2272 1030 2494 1099 ἀϐύσσῳ
2540 1027 2754 1081 ἐοικότα
2784 1025 2871 1077 διά
2904 1023 2963 1076 τὸ
3009 1021 3386 1092 ἀκατάληπτον
3416 1058 3431 1085 ,
3480 1018 3593 1072 ἀλλ’
3625 1010 3719 1071 οὖν

483 1121 692 1175 scilicet
765 1122 1336 1189 incomprehensibilia
1405 1132 1579 1185 sunt;
1669 1129 2044 1180 verumtamen

480 1214 667 1267 omnia
695 1215 954 1284 religioso
984 1215 1098 1268 viro
1126 1215 1411 1284 praesentia
1444 1214 1617 1286 sunt.]

2153 1124 2332 1181 πάντα
2358 1120 2585 1175 ἐνώπιόν
2619 1121 2733 1173 ἐστι
2762 1117 2854 1171 τοῦ
2888 1114 3184 1193 θεοφιλοῦς.
3209 1112 3233 1184 ]

549 1324 639 1380 25.
686 1326 875 1381 Daniel
916 1327 1189 1380 Barbarus
1222 1343 1240 1378 :
1278 1328 1537 1390 Quoniam
1582 1328 1759 1380 omnia
1781 1327 1990 1395 Judicia
2025 1326 2139 1395 ejus
2167 1325 2224 1378 in
2270 1330 2551 1391 conspectu
2587 1335 2720 1373 meo.
2749 1317 2851 1384 Qui
2886 1315 3181 1371 secundum
3212 1315 3379 1369 Deum
3410 1314 3579 1367 homo
3612 1322 3719 1379 eet,

481 1417 726 1472 divinum
760 1418 1011 1472 timorem
1049 1429 1172 1473 autc
1202 1421 1391 1475 oculos
1420 1422 1759 1475 continenter
1790 1421 2018 1487 habens,
2060 1435 2183 1474 cum
2223 1419 2423 1473 ﬁducia
2465 1425 2519 1471 et
2564 1415 2813 1469 libertate
2852 1427 3035 1466 coram
3072 1411 3182 1466 Deo
3225 1412 3353 1481 agit.
3376 1408 3587 1463 Judicia
3623 1408 3721 1463 Dei

483 1512 531 1567 si
560 1512 927 1582 inquirautur,
956 1515 1330 1569 inscrutahilia
1363 1525 1486 1570 sunt
1507 1524 1560 1569 et
1596 1518 1828 1584 abyssus
1853 1517 2046 1580 multa,
2068 1516 2326 1585 quoniam
2359 1521 2576 1583 propter
2604 1508 2987 1564 obscuritatem
3015 1506 3393 1577 comprehendi
3420 1512 3716 1573 nequeunt.

480 1607 624 1663 Fieri
648 1619 825 1664 tamen
860 1612 1003 1666 haud
1035 1620 1229 1681 potest,
1264 1621 1320 1667 ut
1352 1614 1665 1683 quijudicia
1701 1614 1794 1669 Dei
1822 1629 1933 1684 prae
1965 1613 2139 1669 oculis
2166 1612 2349 1676 habet,
2391 1624 2531 1679 aegre
2564 1607 2702 1661 ferat
2730 1606 2823 1659 Dei
2857 1600 3271 1675 providentiam,
3308 1595 3580 1665 etjudicio
3621 1593 3721 1647 Dei

483 1709 679 1754 cuncta
717 1702 930 1777 disponi
964 1723 976 1757 :
1012 1721 1136 1759 nam
1178 1709 1262 1761 vel
1300 1724 1364 1762 ex
1396 1711 1512 1778 ipso
1537 1710 1728 1779 judicii
1771 1710 1991 1764 nomine
2036 1709 2240 1779 iustum
2274 1722 2396 1762 esse
2433 1705 2700 1775 judicium
2744 1700 3089 1771 cognoscitur
3119 1718 3133 1752 :
3164 1698 3254 1767 jus
3285 1694 3431 1749 enim
3473 1692 3587 1746 dat.
3622 1690 3722 1744 Vel

480 1793 751 1863 justitiam
792 1797 942 1863 dicit,
970 1814 1093 1852 cum
1127 1804 1308 1857 omnia
1335 1804 1536 1873 judicia
1569 1821 1687 1875 quae
1717 1806 1852 1860 citra
1874 1805 2142 1875 justitiam
2183 1804 2333 1869 ﬁant,
2360 1817 2425 1856 eo
2455 1802 2820 1855 additamento
2852 1784 3220 1853 nominentui,
3254 1796 3313 1841 ut
3349 1800 3454 1839 non
3487 1781 3719 1852 judicia,

484 1891 579 1945 sed
603 1891 807 1960 judicia
836 1909 1089 1964 perversa
1113 1897 1380 1952 dicantur.
1414 1898 1704 1968 Propterea
1731 1901 1934 1955 dictum
1964 1910 2068 1963 est,
2099 1900 2422 1969 Egrediatur
2448 1897 2713 1966 judicium
2734 1908 3029 1963 perversum
3050 1889 3114 1941 ¹⁰.
3138 1886 3204 1939 Et
3221 1883 3461 1953 justitias
3477 1880 3591 1948 ejus
3616 1894 3721 1930 non

481 1987 710 2057 repuli'a
738 2006 835 2043 me.
878 1991 1160 2060 Adbaarco,
1194 1993 1389 2063 inquit,
1419 1996 1647 2064 justitiis
1691 1996 1804 2051 Dei.
1854 1997 1935 2053 Ab
1981 1998 2089 2051 illis
2127 1998 2269 2051 enim
2308 1995 2587 2057 recedunt,
2625 1992 2716 2062 qui
2762 2006 2853 2046 eas
2890 2005 2998 2043 non
3034 1983 3451 2052 amplectuntur.
3485 1973 3722 2028 iustitiae

482 2091 610 2131 vero
633 2078 739 2132 hoc
766 2080 889 2135 loco
926 2082 1200 2149 dicuntur,
1236 2101 1356 2154 quae
1382 2086 1603 2154 justitiaz
1629 2102 1792 2143 causa
1821 2099 1876 2143 et
1919 2088 2189 2155 aequitatis
2225 2088 2341 2157 lege
2382 2085 2590 2140 sancita
2630 2092 2774 2145 sunt,
2808 2090 2867 2135 ut
2900 2078 3029 2133 illud
3066 2094 3080 2130 :
3115 2074 3173 2129 Si
3195 2090 3335 2127 emas
3373 2086 3576 2124 servant
3612 2068 3721 2121 He-

482 2167 762 2234 breum”,
793 2180 847 2226 et
883 2174 1087 2243 reliqua
1125 2194 1139 2233 :
1176 2191 1299 2229 nam
1341 2178 1491 2246 prius
1512 2178 1720 2232 dixerat
1753 2198 1766 2234 :
1808 2179 1937 2234 Haec
1969 2190 2085 2233 sunt
2106 2179 2316 2248 judicia
2344 2195 2459 2248 qua:
2487 2192 2739 2246 propones
2766 2175 2838 2226 eis
2867 2174 2928 2224 ”.
2960 2169 3161 2223 Verum
3188 2181 3310 2220 cum
3338 2163 3579 2232 justitias
3612 2177 3721 2215 una

482 2275 608 2314 cum
630 2261 848 2331 judiciis
878 2266 1140 2329 nominet,
1173 2278 1433 2335 purgatos
1456 2284 1518 2321 ac
1550 2270 1802 2338 probatos
1843 2270 1936 2324 Dei
1982 2286 2263 2325 sermones
2293 2269 2375 2322 hae
2400 2268 2626 2337 justitiaa
2663 2265 2969 2334 signiﬁcare
3008 2266 3259 2330 possunt.
3296 2254 3398 2320 Qui
3436 2268 3721 2308 sermones

481 2368 607 2407 cum
653 2354 1002 2423 indicantur,
1059 2376 1158 2413 nec
1208 2360 1360 2430 argui
1424 2375 1521 2413 nec
1584 2362 1817 2429 perverti
1879 2362 2127 2430 possint,
2173 2360 2378 2429 judicia
2448 2365 2853 2425 nuncupantur.
2912 2351 3189 2405 Justorum
3252 2360 3467 2415 quoque
3514 2342 3723 2413 cogita-

483 2448 657 2505 tiones
684 2452 995 2519 pouderatae
1025 2464 1077 2508 et
1097 2455 1334 2523 probata:
1360 2455 1661 2524 diligenter,
1700 2471 1825 2509 cum
1862 2457 2067 2510 similes
2094 2453 2401 2525 acquilibrio
2426 2453 2556 2518 sint,
2584 2450 2789 2521 judicia
2820 2447 3011 2502 merito
3037 2444 3143 2498 dici
3176 2448 3425 2511 possunt.

552 2539 745 2601 Daniel
776 2542 1047 2596 Barbarus
1073 2559 1091 2596 :
1123 2543 1191 2596 Et
1212 2545 1621 2613 justiﬁcationes
1655 2546 1767 2613 ejus
1800 2564 1900 2601 non
1933 2555 2255 2601 recesserunt
2299 2562 2332 2599 a
2373 2560 2474 2598 me.
2506 2542 2757 2597 Mandata
2790 2539 3037 2609 intelligit
3069 2550 3166 2605 per
3196 2531 3637 2603 justiﬁcationes,
3669 2536 3724 2583 et

482 2631 752 2688 decedunt
773 2634 841 2687 ab
879 2635 986 2689 illis
1016 2636 1108 2704 qui
1140 2652 1202 2689 ea
1231 2651 1337 2689 non
1365 2636 1676 2691 admittunt.

551 2751 648 2810 26.,
686 2751 820 2807 Cum
845 2764 1027 2807 sancto
1051 2765 1263 2808 sanctus
1287 2757 1408 2809 eris.
1436 2755 1627 2810 Merito
1659 2758 1765 2811 tuis
1786 2772 1871 2810 me
1892 2758 2053 2811 benc-
2081 2764 2083 2819 ξ

2224 2753 2385 2808 Μετὰ
2422 2752 2597 2806 ὁσίου
2627 2749 2793 2815 ὅσιος
2831 2748 2967 2815 ἔσῃ.
2998 2747 3237 2809 Εἰκότως
3280 2742 3628 2814 κατηξίωσὰς
3657 2761 3723 2813 με

482 2844 623 2900 liciis
670 2845 927 2912 dignatus
976 2861 1035 2900 es
1074 2866 1089 2899 :
1137 2862 1260 2900 nam
1306 2858 1529 2903 sanctus
1576 2864 1699 2903 cum
1749 2849 1845 2913 sis,
1903 2848 2047 2902 nosti

2174 2846 2251 2916 τῆς
2285 2846 2383 2916 σῆς
2418 2843 2731 2917 εὐεργεσίας
2763 2860 2774 2871 ’
2812 2841 3104 2912 ἐπειδήπερ
3130 2881 3143 2904 ,
3175 2839 3377 2901 δίκαιος
3431 2839 3504 2891 ὣν
3532 2881 3545 2903 ,
3575 2834 3728 2900 οἶδας

484 2951 611 2991 cum
644 2943 837 2990 sancto
869 2936 1217 2992 sanctiﬁcari.
1259 2936 1317 2992 Si
1351 2939 1494 2992 enim
1525 2939 1579 2991 in
1616 2948 1836 3007 peccato
1867 2953 2053 3007 perse-e

482 3043 785 3093 verassem,
814 3038 867 3083 et
891 3030 943 3082 in
975 3028 1189 3083 ruinam
1213 3028 1457 3084 funditus
1485 3031 1670 3099 lapsus
1694 3046 1893 3095 essem,
1926 3031 2050 3084 novi

485 3128 540 3174 te
562 3134 780 3189 quoque
809 3135 1066 3189 magnum
1088 3120 1345 3189 iudicem,
1373 3121 1439 3175 de
1454 3129 1672 3189 peccato
1698 3136 1817 3174 meo
1838 3136 2052 3190 aequum

483 3212 749 3282 judicium
777 3212 1255 3281 pronuntiaturum
1292 3212 1481 3266 fuisse.
1516 3213 1585 3264 At
1619 3213 1840 3281 quando
1870 3221 2055 3266 custo-

487 3305 598 3360 divi
636 3305 751 3359 vias
781 3315 923 3370 tuas,
970 3305 1090 3359 ideo
1118 3313 1177 3359 tu
1214 3305 1306 3373 qui
1348 3320 1471 3359 cum
1505 3312 1696 3359 sancto
1745 3314 1963 3359 sanctus
1998 3319 2056 3359 es

487 3407 543 3454 et
570 3414 694 3454 cum
731 3400 1018 3453 innocente
1060 3399 1344 3465 innocens,
1393 3413 1737 3468 nequaquam
1790 3414 1903 3451 rem
1940 3398 2057 3452 dis-

488 3491 719 3560 posuisti
764 3492 1065 3545 secundum
1120 3491 1270 3544 illum
1328 3491 1690 3559 perniciosum
1752 3499 1951 3544 statum
2002 3491 2057 3543 in

488 3598 600 3653 quo
643 3592 793 3638 certo
849 3592 1090 3651 tempore
1128 3591 1377 3637 versatus
1429 3596 1570 3644 sum,
1625 3580 1719 3635 sed
1758 3582 2057 3636 secundum

486 3675 656 3729 vitam
689 3690 809 3745 quae
824 3675 1020 3729 exinde
1049 3674 1333 3730 subsecuta
1363 3682 1464 3737 est,
1488 3682 1541 3728 et
1572 3674 1739 3727 vitam
1764 3674 1817 3727 in
1846 3673 2057 3741 iustitia
2084 3695 2099 3716 ο

489 3775 690 3834 actam,
723 3768 1074 3836 promeritam
1105 3766 1238 3820 mihi
1273 3767 1683 3822 retributionem
1713 3767 1768 3820 in
1804 3766 2058 3821 tribunali

490 3858 584 3913 illo
614 3866 707 3913 tuo
728 3858 994 3929 largieris.

558 3947 656 4002 28.
694 3948 957 4011 Quoniam
988 3957 1043 4002 tu
1074 3949 1324 4019 populum
1364 3949 1611 4004 humilem
1640 3949 1842 4004 salvum
1872 3950 2057 4017 facies.
2085 3962 2129 4020 ο

489 4040 570 4095 Διά
594 4039 822 4094 chorum
860 4041 1030 4095 mittit
1072 4043 1461 4111 apostolorum.
1496 4041 1568 4093 Et
1606 4041 1782 4093 oculos
1815 4042 2064 4108 superbo-

491 4149 609 4187 rum
630 4131 954 4188 humiliabis.
983 4130 1097 4186 Hoc
1119 4133 1290 4188 tendit
1322 4133 1375 4187 in
1403 4130 1621 4186 Scribas
1654 4142 1708 4186 et
1733 4130 2058 4185 Pharisaecs.

561 4311 651 4365 29.
689 4308 952 4375 Quoniam
983 4318 1038 4364 tu
1066 4310 1389 4364 illuminabis
1433 4309 1700 4362 lucernam
1734 4322 1922 4370 meam,
1953 4305 2060 4358 Do-

493 4403 651 4456 mine.
678 4401 912 4456 Mentem
942 4402 1038 4456 ait.
1080 4401 1225 4455 Deus
1259 4418 1424 4463 meus,
1457 4398 1782 4453 illuminabis
1822 4397 2055 4450 tenebras

494 4512 680 4559 meas;
713 4496 1095 4565 ignorantiam,
1121 4494 1315 4564 inquit,
1348 4507 1521 4547 meam
1551 4490 1859 4559 dissipabis.

568 4586 656 4640 50.
697 4587 957 4651 Quoniam
991 4588 1046 4639 in
1082 4596 1128 4639 te
1164 4588 1362 4655 eripiar
1395 4602 1426 4638 a
1451 4584 1752 4645 tentatione,
1780 4593 1826 4635 et
1856 4583 1913 4634 in
1956 4579 2062 4633 Deo

495 4693 608 4730 meo
662 4679 1019 4747 transgrediar
1064 4693 1293 4729 murum.
1348 4675 1484 4741 Quia
1542 4672 2067 4739 comprehenderunt

496 4782 609 4831 me,
640 4767 837 4835 inquit,
867 4767 1071 4821 inimici
1103 4767 1227 4831 mei,
1251 4774 1311 4819 ut
1342 4780 1429 4819 me
1465 4763 1951 4820 circumsisterent.

568 4855 967 4928 [Tentatiouem
1016 4858 1178 4911 etiam
1219 4864 1379 4910 vocat
1421 4855 1770 4924 voluptatem,
1831 4861 1887 4907 et
1938 4868 2073 4906 mu-t

494 4965 639 5012 rum,
663 4947 989 5020 diabolum]

566 5044 655 5098 51.
696 5042 839 5096 Deus
899 5059 1065 5107 naeus,
1120 5041 1399 5111 impolluta
1456 5042 1541 5095 via
1591 5040 1723 5107 ejus,
1776 5046 1879 5092 etc.
1939 5034 2063 5090 Haec

496 5136 703 5202 dicens,
761 5134 1223 5204 ingratitudinem,
1286 5132 1602 5203 perfidiam,
1659 5130 2063 5199 immorigerum

498 5225 763 5291 animum,
792 5233 847 5279 et
872 5224 1122 5278 duritiem
1166 5223 1345 5278 cordis
1380 5222 1715 5291 ingratorum
1747 5228 1799 5272 et
1834 5218 2066 5274 scelera-

500 5326 676 5372 torum
709 5314 1021 5370 Judaaorum
1064 5314 1255 5383 carpit.
1281 5312 1547 5379 Quoniam
1587 5310 1918 5364 Salvatorem
1962 5321 2064 5359 no-

497 5416 671 5462 strum
700 5406 977 5461 Christum
1020 5403 1502 5472 reprehenderunt,
1532 5400 1685 5469 quasi
1710 5407 1896 5453 contra
1930 5395 2067 5450 divi-

500 5515 625 5553 nam
652 5500 823 5568 legem
856 5505 1058 5568 ageret.
1084 5495 1236 5550 Dicta
1265 5509 1496 5563 namque
1521 5494 1666 5546 illius
1690 5533 1703 5554 ,
1738 5490 1895 5560 quasi
1939 5488 2057 5541 bla-

500 5590 722 5658 sphema
756 5588 1015 5645 conviciis
1053 5596 1107 5643 et
1144 5586 1431 5643 calumniis
1480 5568 1853 5654 impetebantj
1878 5570 2068 5634 mutuo

574 5771 619 5803 ³ο
656 5768 856 5825 ﬂabac.
889 5787 925 5829 ι.
960 5770 1010 5824 4.
1117 5768 1157 5802 ¹¹
1195 5768 1366 5823 Exod.
1397 5783 1506 5833 χχι,
1534 5765 1585 5819 2.
1667 5766 1707 5798 ¹²
1745 5761 1872 5818 ibid.
1909 5764 1960 5843 1ς

2161 2939 2297 3011 μετὰ
2324 2939 2469 2992 ὁσίου
2500 2938 2795 2991 ὁσιοῦσθαι.
2824 2937 2886 2989 Ei
2924 2935 3032 3006 γὰρ
3077 2936 3224 3006 ήμην
3264 2932 3625 3003 ἐναπομείνας
3659 2935 3724 3002 τῇ

2161 3031 2403 3101 ἁμαρτίᾳ
2435 3030 2530 3083 καὶ
2559 3029 2792 3098 παντελῆ
2827 3027 3152 3097 διαστροφὴν
3202 3025 3500 3095 ὑπομείνας
3525 3065 3541 3088 ,
3582 3021 3724 3087 οἶδα,

2159 3123 2239 3174 ὅτι
2264 3122 2357 3173 καὶ
2389 3122 2453 3174 σὺ
2478 3122 2635 3183 αὐτὸς
2660 3122 2689 3171 ὁ
2722 3121 2893 3191 μέγας
2916 3119 3109 3189 κριτὴς
3138 3121 3202 3189 τῇ
3228 3120 3330 3189 ἐμῇ
3363 3119 3605 3189 ἁμαρτίᾳ.
3630 3136 3727 3169 κα-

2154 3213 2411 3282 τάλληλον
2460 3213 2743 3282 ἐπήγαγες
2789 3211 2850 3262 τὸ
2901 3209 3094 3262 σαυτοῦ
3154 3213 3349 3280 κρῖμα.
3417 3209 3634 3279 Ἐπειδὴ
3670 3209 3726 3260 δὲ

2157 3302 2396 3371 ἐφύλαξα
2443 3302 2540 3365 τὰς
2572 3301 2722 3364 ὁδούς
2763 3319 2874 3365 σου,
2910 3301 3095 3353 τούτου
3139 3302 3351 3369 χάρινὸ
3388 3301 3523 3370 μετά
3575 3301 3727 3353 ὁσίου

2157 3395 2469 3464 ὁσιούμενος
2524 3394 2617 3447 καὶ
2678 3394 2812 3464 μετὰ
2843 3392 3016 3445 ἀθώου
3064 3391 3425 3461 ἀθωούμενος,
3475 3392 3534 3443 οὐ
3582 3392 3727 3445 κατὰ

2158 3487 2256 3557 τὴν
2284 3489 2340 3539 ἐν
2374 3486 2548 3557 καιρῷ
2572 3503 2675 3538 τινι
2718 3484 3085 3553 γεγενημένην
3124 3501 3211 3553 μοι
3254 3485 3581 3554 διαστροφὴν
3626 3487 3728 3554 ἡρ-

2165 3578 2333 3648 μόσω,
2367 3577 2508 3629 κατά
2556 3577 2612 3629 δὲ
2645 3575 2740 3646 τὴν
2796 3574 2937 3644 μετά
2980 3574 3153 3627 ταῦτα
3188 3574 3362 3644 ζωὴν,
3407 3574 3499 3627 καὶ
3533 3574 3631 3627 τὸν
3672 3577 3727 3626 ἐν

2160 3666 2471 3738 δικαιοσύνῃ
2502 3684 2601 3736 μου
2635 3666 2746 3736 βίον
2777 3664 2873 3736 τὴν
2900 3665 3131 3736 ἀμοιϐήν
3158 3684 3246 3737 μοι
3279 3665 3531 3736 παρέξεις
3564 3668 3622 3717 ὲν
3652 3664 3728 3735 τῷ

2162 3758 2238 3827 σῷ
2270 3758 2601 3829 δικαστηρίῳ

2233 3958 2358 4011 Ὅτι
2399 3956 2478 4010 σὺ
2507 3957 2660 4009 λαὸν
2690 3957 2969 4009 ταπεινέν
3001 3956 3239 4020 σώσεις.
3287 3956 3407 4007 Ἐπὶ
3446 3954 3537 4007 τὸν
3567 3955 3725 4025 χορὸν

2160 4047 2470 4114 ἀναπέμπει
2504 4046 2609 4099 τῶν
2644 4047 2974 4099 ἀποστόλων.
3006 4046 3115 4100 Καὶ
3146 4044 3487 4114 ὀφθαλμοὺς
3516 4046 3730 4112 ὑπερη-

2160 4138 2365 4206 φάνων
2400 4136 2799 4202 ταπεινώσεις.
2835 4136 3004 4190 Τοῦτο
3028 4139 3105 4199 είς
3132 4137 3257 4198 τοὺς
3284 4133 3609 4205 Φαρισαίους
3636 4134 3731 4187 καὶ

2165 4224 2506 4292 γραμματεῖς
2534 4221 2718 4275 τείνει.

2235 4311 2354 4362 Ὅτι
2401 4310 2482 4361 σὺ
2514 4308 2745 4377 gamus-37¢
2787 4310 3020 4376 λύχνον
3044 4326 3187 4378 μου,
3222 4309 3412 4375 Κύριε.
3461 4308 3565 4360 Τὸν
3606 4308 3731 4361 νοῦν

2166 4417 2349 4471 φησιν.
2402 4402 2464 4453 '0
2493 4403 2635 4466 Θεός
2658 4419 2795 4469 μου,
2831 4405 3061 4469 φωτιεῖς
3090 4401 3153 4453 τὸ
3182 4403 3402 4466 σκότος
3441 4417 3582 4469 μου.
3617 4401 3731 4472 Τὴν

2164 4490 2403 4557 ἄγνοιαν,
2438 4492 2569 4561 φησι
2589 4533 2602 4555 ,
2630 4491 2727 4558 τὴν
2754 4492 2811 4541 ἐν
2837 4492 2958 4560 ἐμοὶ
2988 4491 3374 4552 διασκεδάσεις.

2237 4583 2363 4633 Ὅτι
2389 4583 2459 4634 ἐν
2485 4583 2581 4635 σοὶ
2606 4581 2989 4650 ρυσθήσομαι
3023 4582 3137 4635 ἀπὸ
3182 4582 3587 4650 πειρατηρίου,
3630 4584 3731 4636 καὶ

2163 4674 2232 4727 ἐν
2263 4675 2343 4739 τῷ
2377 4676 2497 4741 Θεῷ
2533 4694 2649 4744 μου
2692 4675 3098 4743 ὑπερϐήσομαι
3134 4675 3344 4743 τεῖχος.
3384 4676 3501 4727 Ὅτι
3548 4676 3733 4746 περιέ-

2163 4763 2324 4818 λαϐόν
2358 4783 2423 4835 με
2452 4766 2501 4817 οί
2532 4766 2711 4836 ἐχθροί
2749 4782 2869 4835 μου,
2908 4767 3088 4834 φησὶν,
3122 4767 3200 4828 είς
3228 4766 3285 4818 τὸ
3313 4765 3660 4819 ἀποκλεῖσαι.

2235 4854 2253 4923 [
2278 4857 2633 4926 Πειρατὴριον
2661 4856 2717 4908 δὲ
2752 4856 2843 4909 καὶ
2873 4856 3016 4922 λέγει
3058 4856 3156 4917 τὰς
3186 4855 3394 4924 ἡδονὰς,
3430 4855 3524 4907 καὶ
3553 4859 3731 4925 τεῖχος

2165 4944 2254 4997 τὸν
2286 4944 2547 4997 διάϐολον.
2566 4943 2587 5015 ]

2248 5036 2309 5087 '0
2340 5038 2481 5101 Θεός
2520 5054 2638 5104 μου
2676 5035 2962 5104 ἄμωμοςή
3004 5035 3142 5099 ὁδὸς
3184 5034 3391 5088 αἰιῖοῦ.
3442 5034 3728 5096 Ἐνταῦθα,

2163 5129 2318 5196 φησι,
2340 5127 2437 5199 τὴν
2467 5126 2852 5197 ἀγνωμοσύνην
2874 5126 2966 5178 καὶ
2992 5125 3085 5195 τὴν
3110 5125 3305 5178 κακίαν
3329 5125 3423 5177 καὶ
3451 5125 3549 5194 τὴν
3584 5127 3711 5177 ἀπει

2164 5219 2228 5288 Θῆ
2263 5219 2488 5288 γνώμην
2524 5219 2615 5271 καὶ
2640 5218 2736 5288 τὴν
2770 5217 3108 5287 σκληρότητα
3142 5216 3247 5269 τῶν
3277 5217 3609 5285 ἀγνωμόνων
3640 5217 3731 5269 καὶ

2166 5309 2476 5379 ἀχαρίστων
2520 5308 2612 5360 καὶ
2646 5306 3083 5379 σκληροκαρδίων
3128 5307 3393 5359 Ἰουδαίων
3442 5309 3729 5377 καταμέμ-

2168 5418 2344 5470 φεται.
2386 5399 2602 5468 Ἐπειδὴ
2636 5398 3068 5469 ἐπελαμϐάνοντο
3128 5398 3217 5450 τοῦ
3272 5399 3521 5469 Σωτῆρος
3573 5399 3733 5469 ἡμῶν

2166 5492 2422 5564 Χριστοῦ,
2462 5491 2537 5554 ὡς
2562 5492 2712 5562 παρά
2740 5492 2832 5561 τὴν
2866 5492 3005 5545 θεῖον
3050 5492 3378 5561 πράττοντος
3403 5491 3589 5561 νόμον.
3623 5492 3730 5546 Καὶ.

2170 5583 2273 5659 μὴν
2313 5581 2540 5635 καὶτῶν
2569 5582 2742 5650 λόγων
2769 5581 2931 5635 αὐτοῦ
2977 5582 3275 5653 ἐλοιδόρουν
3320 5580 3413 5634 καὶ
3450 5579 3727 5645 διέϐαλλον
