3874 6218
212 340 317 395 117

1348 364 1711 427 EXPOSITIO
1748 370 1816 426 ΙΝ
1855 370 2188 431 PSALMUM
2226 375 2384 432 XVII.

3342 386 3445 440 H8

210 456 291 520 ὡς
313 454 668 568 βλασῗημων,
699 460 946 534 λέγοντες
977 471 1111 544 πρὸς
1148 475 1428 548 ἀλλήλους,
1473 481 1554 536 ὅτι
1585 485 1769 540 Βλασ-

1890 489 2123 547 dicentes
2158 510 2170 546 :
2202 491 2306 546 Hic
2344 493 2669 561 blasphemat
2691 511 2710 551 :
2736 495 2852 566 quis
2892 497 3030 552 enim
3067 508 3233 568 potest
3265 501 3447 557 dimit-

210 548 414 616 φημεῑ.
458 553 554 617 Τίς
597 554 704 623 γὰρ
735 558 981 616 δύναται
1023 567 1262 635 ἀφιέναι
1299 572 1624 641 agape/ac;
1687 578 1781 632 Ἐκ

213 641 458 736 ⁸πονηρᾶς
483 643 836 715 συνειδήσεως
861 653 952 705 καὶ
978 655 1148 709 κακοῦ
1171 657 1428 730 λογισμοῦ
1450 661 1623 717 ταῦτα
1647 666 1782 736 πρὸς

211 726 310 821 τὸν
326 729 443 821 -τῶν
472 731 608 787 ὅλων
637 737 839 808 Κύριον
872 743 968 796 καὶ
996 745 1128 800 Θεὸν
1159 726 1547 821 διανοούμενοι,
1575 755 1668 810 καὶ
1689 726 1782 809 Ilo;

214 815 492 886 γιζόμενοι
521 821 556 874 ἃ
585 823 954 894 διελογίζοντο.

287 905 308 978 [
339 907 413 1001 Τὰ
442 912 616 980 λόγια
642 917 825 971 αὐτοῦ
851 923 1262 992 πεπιιφωμένα.
1291 927 1400 980 Καὶ
1424 929 1490 981 τὰ
1512 931 1638 1001 περὶ
1659 948 1781 985 του-

211 1013 309 1049 του
341 999 497 1069 λόγια
534 1005 699 1058 αὑτοῦ
735 1009 810 1074 ὡς
850 1012 909 1064 τὸ
943 1018 1335 1088 πεπυρωμένον
1367 1020 1648 1092 ἀργύριον,
1690 1041 1781 1077 κα-

213 1087 360 1161 θαρὰ
392 1094 572 1167 πάσης
626 1099 884 1170 μέμψεως
907 1147 922 1172 ,
975 1087 1460 1180 βεϐασανισμένα-,ν
1499 1087 1779 1169 δεδοκιμα-

212 1183 407 1251 σμένα.

283 1273 415 1366 "Ott
460 1278 552 1345 τίς
609 1280 751 1348 Θεὸς
803 1286 970 1355 πλὴν
999 1290 1106 1344 τοῦ
1143 1295 1392 1362 Κυρίου;
1425 1297 1462 1366 ἢ
1497 1299 1589 1364 τίς
1635 1297 1779 1363 Θεὸς

209 1361 383 1458 .1th-
405 1368 511 1458 τοῦ
544 1372 690 1426 Θεοῦ
722 1374 928 1443 iustine;
972 1381 1030 1434 Ὀ
1062 1382 1170 1454 γὰρ
1198 1361 1291 1438 τοῦ
1317 1361 1459 1440 Θεοῦ,
1483 1361 1653 1456 Λόγος
1679 1361 1776 1458 μόζ

211 1469 304 1549 νος
331 1455 460 1549 Θεὸς
504 1460 730 1534 ἀληθὴς,
761 1466 842 1519 διὸ
887 1470 981 1522 καὶ
1014 1474 1341 1547 Μονογενὴς,
1376 1479 1461 1532 διὰ
1501 1455 1579 1531 τὸ
1621 1455 1779 1549 μόνος

211 1536 354 1641 εἶναι
387 1548 516 1641 est;
545 1551 619 1616 ὡς
644 1556 672 1606 ὁ
704 1557 914 1628 Πατήρ.
949 1561 1134 1618 Εἰπὼν
1173 1536 1234 1618 δὲ
1267 1536 1394 1639 ἐτ’έρι
1418 1536 1675 1641 Χριστοῦ,
1703 1536 1778 1635 is;

211 1635 373 1704 φύσει
407 1639 560 1704 Θεὸς,
591 1642 685 1698 νῦν
713 1645 880 1715 λέγει,
911 1651 988 1704 Ἢ
1008 1653 1095 1719 τίς
1123 1657 1302 1723 Θεός;
1340 1635 1496 1728 μόνον
1532 1635 1669 1714 εἶναι
1701 1660 1779 1713 λέ-

208 1743 353 1823 γων,
364 1734 666 1800 κατάὐτὸν,
680 1738 772 1790 τὸν
786 1741 1023 1812 Πατέρα.
1039 1745 1198 1816 Ἡμῖν
1213 1749 1269 1800 δὲ
1287 1745 1365 1813 εἷς
1382 1751 1511 1815 Θεὸς
1523 1753 1551 1804 ὁ
1566 1755 1714 1823 Πατή
1725 1769 1774 1823 ρ·

1888 591 1994 635 tere
2033 592 2247 652 peccata
2282 585 2371 639 "1’
2413 583 2491 640 Er
2516 601 2682 656 prava
2732 587 2941 642 scilicet
2989 591 3343 658 conscientia,
3391 603 3447 648 et

1884 673 2026 727 mala
2061 674 2386 744 cogitatione
2431 678 2547 732 haec
2596 685 2786 733 contra
2823 678 3110 736 Dominum
3171 698 3235 738 ac
3275 683 3444 738 Deum

1885 765 2266 820 universorum
2301 766 2355 820 in
2382 776 2560 823 mente
2579 770 2870 824 versabant
2902 778 2956 825 et
2987 771 3314 842 cogitabant.

1956 937 2208 1010 [Eloquia
2241 939 2352 1008 ejus
2387 939 2504 1009 igne
2532 942 2854 996 examinata.
2883 941 2950 996 Et
2983 943 3199 1013 eloquia
3228 944 3346 1015 ejus
3377 961 3443 1000 ao

1882 1045 1997 1085 rem
2026 1030 2206 1095 istam,
2239 1031 2305 1086 de
2343 1046 2451 1100 qua
2493 1032 2725 1100 agimus,
2755 1034 3098 1104 pertinentia,
3148 1037 3304 1105 quasi
3352 1052 3443 1090 ar-

1883 1130 2102 1192 gentum
2122 1121 2244 1191 igne
2271 1131 2578 1191 purgatum.
2606 1125 2736 1180 nulli
2758 1126 3164 1195 reprehensioni
3186 1126 3441 1193 obnoxia,

1882 1211 2107 1280 probata
2135 1219 2187 1264 et
2215 1212 2540 1266 examinata.

1952 1301 2041 1357 52.
2090 1301 2351 1366 Quoniam
2399 1303 2515 1372 quis
2558 1302 2695 1358 Deus
2731 1313 2920 1373 praeter
2961 1305 3302 1364 Dominum?
3351 1317 3442 1362 aut

1882 1393 1997 1461 quis
2021 1390 2160 1444 Deus
2186 1400 2376 1461 prceter
2411 1392 2575 1445 Deum
2605 1401 2842 1446 nostrum
2871 1395 2897 1448 ?
2923 1391 3056 1448 Nam
3088 1393 3180 1448 Dei
3209 1393 3441 1450 Verbum

1883 1481 2035 1535 solus
2088 1479 2230 1536 Deus
2277 1496 2438 1536 verus
2483 1489 2597 1546 est,
2646 1492 3042 1558 proptereaque
3086 1481 3440 1554 Unigenitus,

1882 1574 2010 1644 quia
2046 1574 2195 1629 solus
2232 1574 2374 1628 Deus
2404 1583 2489 1629 est
2516 1574 2676 1630 sicuti
2707 1583 2761 1630 et
2802 1574 2981 1630 Pater.
3019 1574 3312 1646 Postquam
3347 1594 3445 1632 au-

1883 1677 1988 1722 tem
2029 1667 2096 1722 de
2122 1666 2360 1734 Christo,
2393 1675 2452 1721 ut
2492 1678 2684 1721 natura
2718 1667 2848 1732 Deo,
2886 1668 3099 1723 locutus
3136 1679 3257 1735 est;
3301 1685 3443 1723 nunc

1883 1758 1978 1823 ait,
2009 1757 2112 1811 Aut
2136 1759 2250 1827 quis
2286 1757 2424 1811 Deus
2458 1755 2693 1810 ?Solum
2731 1758 2882 1812 aiens
2920 1757 3086 1812 Deum
3122 1756 3337 1812 Patrem
3361 1776 3445 1814 se-

209 1821 272 1872 οὑ
289 1820 398 1891 γάρ
425 1824 539 1877 ἐστι
563 1825 692 1890 Θεὸς
720 1829 925 1901 ἕτερος,
946 1835 1075 1888 ἴναό
1109 1839 1206 1908 μὲν
1235 1841 1429 1912 τούτῳ,
1449 1845 1476 1896 ὁ
1508 1843 1561 1896 δέ
1583 1845 1769 1916 ἐκείνῳ

1890 1848 2116 1902 :undum
2167 1847 2427 1916 seipsum.
2479 1844 2646 1901 Nobis
2704 1856 2890 1902 autem
2948 1863 3092 1903 unus
3157 1847 3303 1905 Deus
3361 1861 3447 1908 est

209 1910 470 2006 παράσχῃ
500 1913 599 1983 τὴν
631 1915 864 1990 αἴτησιν.
904 1925 1062 1988 Ἴσως
1092 1927 1147 1980 δὲ
1181 1931 1277 1982 καὶ
1323 1910 1390 1985 ἐκ
1434 1910 1775 2006 παραλλήλοῦ

209 1999 335 2096 ’ξτξὺς
350 2001 454 2096 δύο
476 2007 850 2076 προηνέγκατο
879 2014 1092 2085 στίχους
1115 2031 1130 2046 ο
1162 2018 1324 2080 οὕτω,
1360 1999 1543 2091 φησὶν,
1584 2027 1610 2077 ό
1647 1999 1777 2096 άλη-

209 2087 310 2159 Θὴς
343 2089 496 2156 Θεὸς,
539 2094 615 2158 ὡς
663 2097 992 2168 ἐπεποίθειν,
1029 2107 1085 2158 ἐν
1121 2107 1216 2177 μὲν
1262 2109 1338 2179 τῷ
1369 2087 1524 2182 νικᾷν
1549 2087 1776 2185 δύναμιν

209 2178 593 2251 περιεζώννυε,
627 2190 720 2241 καὶ
752 2191 964 2264 ἀϐλαϐῆ
1009 2213 1096 2266 μοι
1130 2197 1227 2269 τὴν
1263 2178 1388 2264 περί
1421 2178 1488 2256 τά
1527 2178 1774 2260 ποακτέα

207 2271 375 2324 ἐτίθει
400 2274 535 2328 ὀδόν.
560 2276 580 2348 ]

293 2362 356 2414 '0
390 2364 530 2458 θεὸς
564 2371 597 2421 ὁ
623 2371 1029 2438 περιζωννύων
1039 2396 1116 2447 με
1142 2379 1414 2451 δύναμιν.
1450 2386 1673 2458 Ὅμοιον
1714 2391 1776 2444 τὸ

206 2454 497 2524 εἰρημένον
524 2476 536 2488 ·
577 2460 723 2528 Ἕως
764 2461 836 2520 οὗ
881 2467 1222 2537 ἐνδύσησθε
1254 2475 1322 2540 ἐξ
1365 2454 1563 2546 ὕψου-ς
1593 2480 1774 2535 δύνα-

205 2560 330 2607 μιν.
369 2546 479 2598 Καὶ
519 2547 684 2603 ἔθετο
726 2552 968 2623 ἄμωμον
1015 2558 1128 2626 τὴν
1158 2561 1302 2616 ὀδόν
1341 2583 1479 2633 μου.
1518 2569 1775 2625 Τουτέστι

207 2635 297 2687 διὰ
327 2635 436 2688 τῶν
464 2640 832 2708 εὐαγγελικῶν
873 2646 1254 2721 Θεσπισμάτων
1301 2655 1529 2728 ἄμωμόν
1563 2677 1631 2730 με
1673 2680 1776 2724 παετ

211 2725 508 2780 οεσκεύασε
532 2731 742 2802 τρέχειν
771 2735 908 2790 ὁδόν.

279 2817 388 2870 Καὶ
434 2820 532 2872 ἐπὶ
563 2823 872 2894 ατὰ-ὑψηλὰ
898 2829 1082 2884 ἱστῶν
1106 2851 1204 2902 με.
1236 2835 1495 2894 Τουτέστι
1542 2841 1614 2901 τὰ
1662 2841 1776 2900 ἄνω

205 2905 460 2961 διδάσκει·
488 2916 722 2982 φρονεῖν.

281 2998 817 3075 [Καταρτιζόμενος
863 3011 1003 3079 τοὺς
1048 3015 1239 3082 πόδας
1283 3037 1424 3088 μου.
1487 3023 1775 3079 Ἀναλωτι-

326 3091 434 3162 γὰρ
465 3095 512 3145 oi
561 3094 707 3186 ᾄγιοι
744 3099 851 3152 τῶν
898 3102 1114 3157 ἰοϐόλων
1159 3106 1348 3160 παθῶν
1373 3126 1388 3142 ο
1428 3110 1618 3166 ἔλαϐον
1665 3116 1774 3186 γὰρ

204 3181 434 3252 δύναμιν
463 3185 602 3239 κατὰ
629 3188 734 3242 τῶν
767 3194 970 3263 νοητῶν
1003 3195 1200 3264 ὄφεων,
1220 3202 1441 3259 ,καιδιὰ
1473 3206 1631 3259 τοῦτο
1653 3181 1772 3261 ἐλάζ

205 3289 330 3341 φοις
360 3277 815 3346 παρεικάζονταιι
851 3285 946 3337 καὶ
972 3287 1133 3342 αὐταὶ
1162 3292 1272 3362 γὰρ
1305 3296 1636 3352 ἀναλωτικαὶ
1660 3300 1769 3355 τῶν

208 3363 484 3458 αἰσθητῶν
530 3369 864 3441 ὑπάρχουσιν
905 3375 1083 3445 ὄφεων
1111 3397 1124 3410 ·
1178 3382 1334 3438 Ὡσεὶ
1361 3387 1592 3458 ἐλάφου
1613 3409 1625 3422 ·
1655 3392 1774 3446 ἐλα-

206 3453 299 3556 ϐον
327 3455 464 3556 γὰρ.
492 3459 738 3523 ἐξουσίαν
768 3469 959 3520 πατεῖν
1005 3472 1190 3527 ἐπάνω
1235 3475 1410 3546 ὄφεων
1463 3453 1556 3535 καὶ
1608 3502 1772 3556 σκορη

208 3546 475 3648 πίων-καὶ
504 3552 596 3604 ἐπὶ
629 3557 808 3609 πᾶσαν
845 3558 941 3630 τὴν
974 3561 1202 3635 δύναμιν
1237 3569 1331 3622 τοῦ
1368 3573 1584 3644 ἐχθροῦ.
1611 3575 1631 3648 ]

272 3640 584 3744 Atrida-mou
612 3648 814 3716 χεῇοάζι
857 3670 975 3721 μου
1011 3659 1096 3723 εἱς
1141 3640 1429 3734 πόλεμονκ-
1472 3640 1571 3732 -Εξς
1609 3640 1772 3744 εὐχὴν

205 3727 314 3828 γάρ
342 3732 513 3828 αὐτάς
543 3737 797 3793 ἐκτείνων
831 3745 1178 3818 περιγίνομαι
1199 3727 1307 3807 τῶν
1337 3727 1636 3828 δυσμενδῦν.
1661 3727 1771 3816 fuit

203 3819 344 3919 ξθοι)
375 3824 556 3919 τόξοις
600 3831 876 3895 χαλκοῦν
923 3837 1064 3904 τοὺς
1103 3819 1600 3919 βραχίονάξμου.
1660 3854 1770 3919 Τὰς

203 3908 460 3981 δυνάμεις
490 3917 593 4012 τῆς
637 3919 816 4012 ψυχῆς
848 3925 1106 3998 ἀνδρικὰς
1157 3908 1310 4007 δίκην
1363 3908 1516 4006 τόξου
1569 3908 1768 4012 χαλκοῦ

203 4005 639 4070 κατασκευάσας.
672 4011 768 4064 Διὰ
815 4015 914 4083 μὲν
955 4017 1049 4071 τοῦ
1084 4005 1282 4090 χαλκοῦ
1327 4027 1387 4080 τὸ
1416 4005 1630 4085 εὔτονον
1664 4034 1772 4087 δεί-

202 4106 362 4144 κνυσι
392 4096 485 4147 καὶ
516 4097 576 4150 τὸ
601 4100 859 4172 ἄτρωτον,
900 4106 988 4161 διὰ
1019 4109 1076 4162 δέ
1108 4112 1200 4165 τοῦ
1233 4116 1387 4181 τόξου
1433 4121 1492 4173 τὸ
1529 4124 1633 4176 ὑπὸ
1659 4125 1768 4179 τῶν

201 4182 489 4286 ἡμετέρων
523 4192 865 4260 συμϐολικῶς
895 4197 1192 4270 βραχιόνων
1224 4207 1474 4275 ἀφίεσθαι
1509 4213 1658 4286 βέλη.

273 4271 624 4367 [διδάσκων
664 4283 865 4352 χεζοάς
898 4307 1017 4356 μου
1050 4295 1138 4358 εἰς
1184 4271 1468 4367 πόλεμον.
1509 4271 1770 4360 ’Ἐπιιτευ-

200 4364 389 4418 κτικὸν
413 4365 548 4422 εἶναι
598 4374 736 4426 κατὰ
768 4375 866 4447 τὴν
902 4381 1079 4452 μάχην
1129 4384 1408 4453 διδάσκων,
1467 4395 1560 4447 καὶ
1603 4397 1771 4463 τιθεὶς

199 4457 328 4518 τοὺς
357 4457 649 4530 βραχίονας
670 4464 745 4528 ὡς
766 4467 937 4534 τόξον,
961 4472 1158 4528 ὡσανεὶ
1185 4478 1420 4546 χαλκοῦς
1444 4486 1608 4541 ποιῶν
1631 4490 1772 4543 κατὰ

200 4546 299 4616 τὴν
323 4550 477 4619 ἰσχὺν
514 4553 754 4619 τούτους.
789 4559 856 4611 Ἢ
874 4560 1020 4630 λέγει
1046 4565 1144 4629 τὰς
1174 4567 1431 4641 δυνάμεις
1453 4575 1554 4646 τῆς
1587 4578 1767 4652 ψυχῆς

199 4637 459 4708 άνδρικὰς
479 4641 632 4714 δίκην
653 4647 806 4713 τόξου
831 4651 1031 4719 χαλκοῦ
1059 4660 1476 4717 κατεσκεύασεν.
1495 4666 1550 4719 Ὀ
1574 4637 1772 4745 χαλκὸς

200 4728 470 4832 σόμϐολόν
519 4737 634 4789 ἐστι
685 4745 1025 4814 πρακτικῆς·
1079 4750 1371 4819 Διέφθειρε
1423 4728 1764 4832 γὰρίὲφησὶ,

197 4820 310 4874 τὸν
338 4828 574 4922 χαρῖκόν
618 4844 756 4896 σου,
809 4837 972 4904 φησὶν
998 4839 1025 4890 ὁ
1071 4841 1328 4916 Ἰεζεκιὴλ
1362 4820 1635 4922 πρὸς.
1671 4820 1764 4906 :15;

200 4928 295 4981 ρου
303 4914 435 4986 σαλή
446 4935 502 4987 μ.
525 4917 545 4990 ]

1875 1938 2032 1994 Pater
2056 1957 2071 2005 ;
2093 1954 2212 2006 non
2233 1935 2376 1992 e‘nim
2398 1947 2482 1992 est
2509 1939 2652 1993 alius
2678 1938 2842 2003 Deus,
2875 1948 2936 1994 ut
2965 1941 3070 1996 iste
3095 1941 3311 2010 quidem
3341 1943 3441 2011 illi,

1875 2029 2014 2083 alius
2041 2028 2118 2082 illi
2145 2037 2271 2082 vota
2301 2027 2870 2085 eonccdat.Fortassis
2904 2031 3272 2099 comparative
3302 2033 3444 2089 duos

1873 2135 2062 2175 versus
2104 2119 2330 2189 protulit
2374 2137 2400 2178 ε,
2453 2119 2554 2182 sic,
2591 2120 2788 2188 inquit,
2829 2127 2913 2174 est
2955 2135 3118 2174 verus
3161 2119 3326 2187 Deus,
3361 2123 3443 2178 uti

1873 2211 2243 2277 conﬁdebam,_
2273 2211 2537 2266 vincendo
2589 2210 2962 2267 fortitudinem
3022 2213 3216 2280 induit,
3256 2223 3310 2269 et
3356 2231 3442 2271 se-

1873 2317 2057 2357 curam
2090 2300 2219 2356 mihi
2248 2301 2313 2355 ad
2347 2309 2488 2354 recte
2523 2300 2788 2368 agendum
2822 2301 2963 2355 viam
3005 2301 3281 2374 munivit.]

1940 2392 2030 2445 55.
2075 2391 2215 2445 Deus
2243 2393 2332 2461 qui
2360 2391 2636 2460 praecinxit
2664 2406 2743 2444 me
2769 2391 2979 2446 virtute.
3011 2391 3186 2447 Simili
3209 2393 3337 2448 huic
3357 2404 3442 2450 est

1872 2483 2074 2538 dictum
2125 2483 2255 2537 illud
2289 2503 2302 2538 :
2342 2483 2514 2536 Donec
2557 2483 2855 2536 induamini
2901 2484 3092 2538 virtute
3127 2500 3192 2539 ea:
3229 2485 3338 2538 alio
3372 2487 3437 2540 “.

1873 2573 1941 2626 Et
1989 2575 2162 2644 posuit
2217 2574 2617 2628 immaculatum
2659 2579 2798 2628 uiam
2849 2591 3038 2629 meam.
3083 2574 3141 2628 1d
3187 2586 3293 2637 est.
3345 2592 3441 2646 per

1872 2666 2182 2735 evangelica
2217 2672 2483 2736 pracepta
2512 2664 2916 2720 immaculatam
2938 2665 3081 2720 viam
3116 2667 3436 2723 currendam

1871 2755 2004 2816 mihi
2036 2755 2283 2811 munivit.

1939 2850 2026 2903 54.
2068 2848 2140 2902 Et
2160 2865 2314 2918 super
2337 2847 2539 2902 excelsa
2563 2855 2797 2904 statuens
2825 2865 2923 2903 me.
2947 2848 3003 2904 ω
3030 2857 3136 2918 est,
3162 2849 3320 2906 docet
3351 2867 3439 2908 me

1873 2952 2107 3007 superna
2133 2938 2358 2992 sentire.

1945 3027 2073 3100 [Qui
2105 3029 2322 3098 perfecit
2353 3028 2504 3098 pedes
2522 3043 2681 3083 meos.
2709 3027 2893 3085 Sancti
2915 3029 3115 3100 quippe
3138 3047 3438 3088 venenosas

1876 3120 2158 3189 passiones
2193 3120 2505 3185 absumunt,
2532 3129 2754 3189 accepta
2793 3119 2999 3179 scilicet
3033 3119 3230 3174 virtute
3250 3129 3436 3175 contra

1879 3210 2240 3280 intelligibiles
2273 3219 2568 3278 serpentes,
2603 3224 2772 3280 quare
2801 3210 2976 3265 cervis
3010 3219 3436 3279 comparantur;

1877 3318 2000 3356 nam
2033 3302 2107 3355 illi
2139 3316 2354 3372 quoque
2384 3311 2682 3370 serpentes,
2715 3301 2806 3371 qui
2836 3301 2938 3370 sub
2958 3316 3178 3356 sensum
3215 3302 3435 3367 cadunt,

1875 3395 2210 3458 absumunt,
2263 3403 2512 3463 tanquam
2559 3394 2694 3446 cervi
2732 3408 2750 3445 :
2803 3391 3069 3463 siquidem
3117 3400 3435 3462 potestatem

1877 3493 2196 3553 acceperant
2219 3483 2464 3538 calcandi
2488 3499 2651 3552 super
2668 3491 2944 3554 serpentes
2974 3491 3028 3538 et
3052 3483 3364 3554 scorpiones
3383 3492 3438 3538 et

1875 3591 2089 3630 omnem
2123 3576 2374 3630 virtutem
2403 3575 2607 3631 inimici
2639 3574 2737 3647 ¹⁵.]

1942 3667 2028 3722 55.
2072 3666 2176 3732 Qui
2195 3667 2342 3721 docet
2371 3683 2558 3721 manus
2591 3684 2733 3722 meas
2770 3669 2838 3722 ad
2865 3669 3127 3738 praelium.
3163 3668 3270 3724 Eas
3292 3670 3436 3732 enim

1876 3758 1941 3812 ad
1967 3759 2229 3812 orandum
2263 3759 2558 3813 extendens
2601 3758 2927 3816 adversariis
2969 3761 3216 3830 superior
3243 3762 3432 3816 evado.

1877 3849 1945 3904 Et
1969 3850 2189 3918 posuisti
2213 3865 2394 3902 arcum
2429 3866 2617 3906 (ereum
2645 3849 2861 3904 brachia
2893 3868 3026 3906 mea.
3063 3851 3298 3908 Virtutes
3318 3855 3438 3908 illas

1877 3941 2073 3994 anima:
2107 3940 2400 4003 robustas,
2421 3955 2520 3994 ceu
2560 3954 2746 3994 arcum
2780 3956 2980 3995 aereum
3011 3943 3306 3998 adornasti.
3333 3943 3435 3998 Per

1876 4049 1950 4088 tes
1982 4040 2160 4086 autem
2193 4030 2362 4084 robur
2409 4040 2462 4085 et
2505 4031 3070 4100 impenetrabilitatem
3116 4034 3384 4104 signiﬁcat
3418 4053 3432 4101 ;

1874 4139 1970 4194 per
1995 4137 2181 4176 arcum
2216 4136 2362 4189 vero,
2393 4121 2597 4176 indicat
2621 4137 2717 4192 per
2742 4122 2962 4178 brachia
2997 4133 3182 4180 nostra
3215 4125 3434 4196 symbo-

1870 4216 1974 4271 lice
2003 4214 2172 4270 emitti
2205 4215 2326 4269 tela.

1949 4305 2076 4378 [Qui
2123 4305 2269 4358 docet
2299 4321 2484 4359 manus
2521 4321 2663 4359 meas
2699 4306 2767 4360 ad
2801 4307 3064 4376 prazlium.
3107 4306 3166 4363 ld
3208 4317 3309 4375 est,
3340 4311 3433 4378 qui

1872 4395 2028 4451 docet
2061 4410 2170 4465 quo
2207 4403 2365 4465 pacto
2403 4395 2468 4448 ad
2502 4410 2738 4466 pugnam
2781 4398 3107 4453 instructum
3149 4413 3269 4453 esse
3295 4413 3433 4466 opus

1872 4489 1964 4553 sit,
2012 4495 2066 4546 et
2125 4486 2350 4541 brachia
2393 4487 2539 4541 velut
2587 4503 2772 4542 arcum
2821 4490 3122 4557 constituit,
3175 4500 3228 4544 et
3279 4489 3432 4558 quasi

1869 4595 2017 4634 aenea
2050 4578 2226 4648 quoad
2261 4578 2426 4632 robur
2453 4577 2630 4632 eiﬁcit.
2675 4577 2764 4633 Vel
2820 4579 3108 4650 significat,
3150 4581 3434 4636 facultates

1871 4673 2037 4727 animi
2075 4672 2260 4726 viriles
2292 4671 2449 4740 quasi
2495 4685 2682 4725 arcum
2726 4687 2936 4727 aeneum
2983 4673 3288 4728 adornavit.
3335 4671 3434 4728 [Es

1871 4763 2175 4834 symbolum
2212 4771 2296 4817 est
2331 4761 2545 4817 virtutis
2586 4764 2779 4833 agendi
2809 4779 2824 4818 :
2862 4763 2960 4820 £8
3002 4773 3149 4818 tuum
3175 4765 3429 4834 corrupit,

1870 4841 1947 4909 ait
1970 4853 2218 4909 Ezechiel
2253 4853 2320 4909 ad
2351 4851 2651 4909 Jerusalem
2677 4851 2768 4925 ¹⁶.]

271 5044 465 5101 Daniel
499 5048 771 5105 Barbarus
799 5069 818 5106 :
851 5054 1076 5112 Brachia
1100 5077 1234 5117 mea.
1278 5064 1471 5123 Manus
1502 5078 1555 5124 et
1583 5071 1803 5128 brachia
1833 5081 1961 5128 sunt
1989 5071 2236 5135 virtutes,
2268 5085 2390 5140 quae
2423 5069 2813 5125 intellectuales
2840 5070 3026 5126 hostes
3052 5071 3434 5140 jaculanturet

193 5148 534 5210 espugnant.
568 5140 804 5198 Maxima
828 5161 959 5201 vero
987 5165 1185 5208 manus
1215 5163 1299 5208 est
1329 5157 1696 5231 eleemosyna,
1728 5181 1848 5235 qua'
1873 5176 2175 5229 pauperum
2201 5168 2474 5216 amatores
2502 5161 2652 5215 omni
2678 5161 2908 5217 materia
2939 5161 3191 5217 fortiores
3216 5161 3390 5216 reddit
3414 5181 3427 5216 :

191 5247 476 5301 nunquam
516 5234 660 5288 enim
699 5236 1042 5298 inﬁrmantur
1076 5245 1296 5302 brachia
1326 5251 1676 5315 miserentis-

259 5349 374 5402 Kal
392 5349 622 5417 ἔδωκάς
635 5369 736 5420 μοι
754 5355 1217 5425 ὐπερασπισμὸν
1239 5364 1555 5430 σωτηρίας.
1576 5365 1771 5438 ’Υπερο

190 5439 432 5508 ήσπισάς
477 5459 603 5510 μου,
645 5446 798 5514 φησὶ,
844 5447 931 5499 διὰ
973 5447 1065 5500 τοῦ
1119 5451 1386 5521 σωτηρίου
1433 5471 1548 5508 σου.
1597 5458 1766 5513 Τοῦτο

191 5531 248 5582 δέ
281 5533 484 5603 ἐστινὴ
525 5535 624 5611 τῆς
663 5539 972 5609 οἰκονομίας
1006 5541 1266 5612 ἐπιδημία

260 5706 305 5739 ⁸⁸
341 5707 510 5766 Marc.
544 5727 605 5777 ll,
638 5711 690 5767 7.

1937 5365 2028 5421 '56.
2064 5363 2132 5418 Et
2161 5364 2357 5419 dedisti
2380 5365 2509 5419 mihi
2535 5366 2910 5435 protectionem
2946 5364 3155 5418 salutis.
3179 5353 3428 5422 Protexi-

1865 5459 1933 5514 sti
1968 5473 2073 5522 me,
2102 5457 2297 5526 inquit,
2320 5474 2416 5528 per
2439 5458 2675 5514 salutare
2698 5471 2870 5513 tuum.
2908 5456 3023 5511 Hoc
3055 5467 3234 5511 autem
3268 5459 3428 5531 signi-

1864 5549 1988 5604 ﬁcat
2023 5550 2339 5605 meonomiae
2364 5550 2674 5606 adventum.
2706 5553 2818 5605 sive
2851 5548 3304 5605 incarnationem.

782 5713 826 5746 “
867 5715 999 5772 Luc.
1035 5735 1182 5788 xnv,
1216 5719 1303 5776 49.
1375 5723 1414 5753 ¹⁸
1455 5721 1586 5778 Luc.
1629 5739 1682 5791 ι,
1721 5725 1804 5778 l9.
1886 5728 1926 5758 ¹⁶
1967 5725 2299 5789 Ezech.xv1,
2328 5725 2414 5780 36.
