3874 6218
384 308 486 366 HO

1205 301 1262 365 ς.
1298 306 1668 366 ATHANASH
1707 310 1856 368 OPP.
1897 311 2078 370 PARS
2115 314 2201 372 Ill.
2243 346 2312 358 —
2343 319 2756 378 EXEGETICA.

3501 330 3610 387 120

459 418 554 493 [Et
583 417 863 488 disciplina
886 429 980 474 tua
1003 421 1224 474 correxit
1249 437 1350 476 me.
1380 420 1730 491 Disciplinam
1755 438 1928 478 evan-

2109 427 2253 500 [Kal
2273 432 2310 499 ἠ
2335 430 2570 486 παιδεία
2597 447 2715 488 σου
2743 435 3058 502 ἀνώρθωσέ
3089 455 3185 507 με.
3227 440 3480 495 Παιδείαν
3506 446 3610 516 τὴν

373 511 606 583 εειίοαιιι
631 510 794 578 dicit;
816 522 909 566 aut
929 513 1291 582 disciplinam,
1311 513 1704 568 institutionem
1735 515 1942 570 scilicet

382 618 503 672 qua:
530 617 597 657 ex
627 601 746 672 lege
778 602 1044 671 accipitur:
1077 622 1092 658 :
1120 603 1211 668 qui
1244 603 1395 669 mihi,
1429 603 1628 674 inquit,
1661 604 1810 659 nulla
1827 618 1939 658 non

382 691 638 753 beneticia
663 693 957 758 contulisti,
985 693 1407 764 dedistiquoque
1430 695 1597 765 leges;
1628 695 1848 765 quibus,
1879 703 1940 748 ut

380 790 612 851 oportet,
642 783 995 838 instituimur.
1035 784 1172 839 Cum
1216 785 1384 852 enim,
1409 787 1506 852 ait,
1548 785 1666 856 lege
1702 784 1938 840 edidice-

380 875 507 938 rim,
529 890 636 930 non
664 866 910 947 oportere
947 876 1204 946 injuriam
1232 874 1430 943 facere,
1467 877 1536 932 ab
1571 893 1636 932 ea
1676 877 1939 934 abstinui.

381 964 580 1022 Verum
635 983 704 1022 ne
750 969 821 1024 ob
868 971 1175 1039 aequitatem
1233 970 1571 1041 ltujusmodi,
1622 969 1752 1040 quid
1807 969 1943 1022 mihi

379 1056 505 1110 mali
535 1057 767 1125 eveniat,
793 1058 1046 1114 idoneum
1079 1061 1214 1116 mihi
1250 1062 1377 1116 mali
1418 1061 1683 1118 auxilium
1726 1060 1941 1124 aﬂ‘eras,

375 1144 712 1202 latitudinem
759 1149 1022 1217 tribuens,
1073 1153 1160 1206 vel
1205 1153 1546 1222 disciplinam
1585 1152 1942 1208 institutionis

378 1255 542 1294 causa
577 1240 758 1294 datam
783 1241 932 1306 dicit,
965 1243 1263 1300 secundum
1297 1245 1452 1309 illud,
1484 1245 1674 1313 Accipe
1697 1241 1941 1311 discipli-

379 1345 498 1382 nam
531 1331 608 1397 '7;
641 1333 722 1386 vel
770 1333 1102 1388 laboriosum
1133 1335 1346 1390 vivendi
1375 1336 1707 1400 institutum,
1739 1349 1938 1389 secun-

379 1421 503 1474 dum
530 1421 682 1488 illud,
715 1421 797 1477 Ne
820 1424 1164 1480 uarviuendas
1188 1425 1526 1495 disciplinam
1551 1425 1766 1479 Domini
1802 1424 1890 1478 ηπ

2045 520 2402 593 εὐαγγελικὴν
2434 522 2580 592 λέγει
2613 541 2627 554 ·
2661 525 2695 596 ἢ
2736 525 2984 582 παιδείαν
3017 527 3113 600 τὴν
3162 531 3225 583 ὲκ
3272 532 3437 602 νόμου
3474 535 3612 605 φησι

2045 609 2326 664 παίδευσιν
2349 628 2364 640 ·
2389 606 2502 666 οἷον
2529 613 2618 668 διὰ
2657 616 2873 670 πάντων
2923 633 3014 687 με,
3065 619 3249 689 φησὶν,
3303 623 3613 692 εὐεργετῶν

2043 700 2280 764 δέδωκας
2325 703 2419 756 καὶ
2467 704 2684 775 νόμους,
2722 705 2790 758 δι’
2831 699 2907 760 ὧν
2949 708 3314 781 ἐπαιδευόμην
3360 710 3421 763 τὸ
3466 711 3609 765 δέον.

2041 791 2335 850 Μανθάνων
2383 795 2492 866 γὰρ
2533 797 2740 852 ἐκεῖθεν
2785 799 2862 863 ὡς
2910 801 2970 854 οὐ
3003 801 3086 854 δεῖ
3127 802 3348 867 ἀδικεῖν,
3385 805 3611 875 ἀπειχό-

2047 904 2152 957 μην
2177 887 2389 942 τούτου.
2433 889 2571 942 Ἀλλ’
2615 891 2702 944 ἵνα
2747 892 2819 964 μὴ
2861 893 3183 965 βλάπτωμαι
3214 896 3371 950 πάλιν
3413 899 3476 949 ὲκ
3510 896 3611 968 τῆς

2042 976 2296 1048 τοιαύτης
2317 979 2635 1044 ἐπιεικείας,
2673 982 2861 1054 ἱκανὴν
2894 986 3154 1058 περιέχῃς
3181 985 3449 1058 βοήθειαν,
3481 987 3608 1042 πλαο

2041 1067 2244 1137 τυσμὺν
2302 1070 2696 1141 παρεχόμενος,
2737 1073 2770 1144 ἢ
2822 1075 3070 1129 παιδείαν
3121 1077 3220 1147 τὴν
3255 1077 3612 1150 παιδευτικὴν

2042 1155 2195 1224 λέγει¹
2223 1157 2588 1226 διδασκαλίαν,
2627 1164 2768 1217 κατά
2799 1165 2890 1217 τό·
2943 1165 3262 1220 Ἐπιλὰϐου
3303 1167 3610 1236 παιδείας·

2044 1249 2078 1320 ἢ
2104 1250 2202 1322 τὴν
2219 1252 2470 1305 ἐπίπονον
2498 1255 2741 1327 ἀγωγὴν,
2765 1256 2907 1310 κατά
2934 1257 2998 1311 τό
3018 1274 3032 1287 ·
3061 1260 3120 1312 Μ
3124 1257 3158 1326 ὴ
3189 1257 3453 1329 ὀλιγώρει
3482 1273 3613 1313 παι-

2046 1338 2210 1406 δείας
2240 1341 2514 1416 Κυρίου.]

450 1582 639 1639 Daniel
667 1585 942 1642 Barbarus
977 1606 995 1644 :
1029 1589 1142 1644 Hoc
1171 1600 1350 1648 autem
1390 1600 1473 1645 est
1496 1591 1762 1644 adventus
1793 1587 2170 1660 providentiae,
2201 1604 2267 1644 ac
2293 1590 2740 1661 dispensationis,
2775 1607 2887 1664 quo
2919 1613 3006 1652 me
3033 1598 3330 1670 collapsum
3361 1598 3612 1666 erexisti,

379 1688 431 1730 et
474 1694 637 1747 quam
677 1697 934 1751 magnum
977 1685 1180 1740 malum
1235 1686 1306 1739 sit
1341 1695 1622 1755 peccatum
1669 1683 1977 1750 ostendisti,
2014 1691 2068 1737 et
2115 1685 2290 1742 salute
2339 1687 2563 1758 dignum
2607 1690 2803 1746 fecisti.
2849 1688 3094 1744 Salutare
3133 1699 3314 1744 autem
3361 1698 3417 1744 et
3457 1688 3616 1744 salua

378 1769 627 1828 Christus
649 1782 752 1841 est,
775 1791 936 1844 quem
957 1791 1056 1846 pro
1075 1777 1230 1832 nobis
1252 1789 1618 1849 pugnaturum
1641 1779 1802 1834 Pater
1829 1779 2157 1834 amandavit.

447 1911 517 1966 Et
539 1913 750 1967 dextera
773 1921 866 1967 tua
895 1916 1117 1985 suscepit
1149 1933 1251 1971 me.
1280 1917 1509 1972 Dextera
1533 1916 1713 1973 Patris
1733 1916 1932 1971 Filius.

2107 1921 2213 1974 Kal
2244 1921 2413 1986 δεξιά
2441 1939 2558 1978 σου
2585 1921 2945 1978 ἀντελάϐετό
2985 1937 3124 1990 μου.
3172 1917 3332 1982 Δεξιὰ
3361 1915 3454 1968 τοῦ
3493 1916 3612 1968 Πα-

379 2008 448 2062 Ει
491 2007 772 2077 disciplina
802 2018 896 2062 tua
945 2012 1174 2064 correxit
1213 2028 1291 2064 me
1327 2012 1384 2065 in
1422 2013 1599 2079 ﬁnem.
1624 2010 1944 2081 Evangelica

378 2098 582 2152 scilicet
606 2097 873 2152 doctrina.
901 2096 972 2152 Et
1001 2099 1287 2168 disciplina
1323 2109 1416 2153 tua
1450 2103 1564 2168 ipsa
1605 2117 1684 2154 me
1717 2099 1940 2153 docebit.

378 2190 514 2242 Illud
550 2207 562 2243 :
599 2188 670 2243 Et
702 2189 988 2256 disciplina
1026 2201 1118 2245 tua
1147 2193 1267 2261 ipsa
1306 2207 1386 2244 me
1430 2192 1653 2256 docebit,
1689 2189 1945 2244 Theodo-

379 2281 544 2335 tionis
573 2293 676 2337 est.
701 2281 870 2350 Cujus
899 2283 1024 2336 loco
1065 2280 1419 2353 Septuaginta
1451 2283 1654 2338 habent
1701 2301 1714 2336 :
1757 2281 1821 2336 Et
1863 2282 1946 2334 di-

377 2373 602 2444 sciplina
627 2383 720 2428 tua
740 2375 968 2429 correxit
993 2391 1074 2429 me
1098 2376 1152 2428 in
1173 2376 1352 2444 ﬁnem.

446 2557 536 2613 57.
569 2556 825 2612 Dilatasti
852 2573 1060 2627 gressus
1084 2566 1371 2624 meos,,etc.
1402 2555 1650 2611 Statuisti
1677 2555 1820 2611 enim
1850 2570 1944 2610 su-

377 2667 477 2724 pra
517 2661 723 2723 petram
767 2654 930 2723 pedes
960 2669 1136 2716 meos,
1176 2669 1298 2723 quae
1331 2661 1415 2708 est
1460 2652 1594 2707 tides
1630 2661 1838 2706 nostra.
1875 2651 1947 2704 Et

379 2759 481 2795 non
520 2751 643 2796 sunt
692 2743 966 2812 infirmata
997 2744 1214 2813 vestigia
1249 2759 1384 2795 mea.
1426 2740 1666 2796 Sublatis
1708 2757 1946 2812 namque

378 2832 718 2892 oﬂ‘.-mliculis
768 2844 822 2889 ct
861 2835 1094 2903 laqueis,
1149 2849 1272 2903 quae
1325 2841 1658 2904 paraverunt
1705 2834 1940 2900 inimici,

379 2927 522 2981 viam
545 2935 598 2982 et
623 2927 826 2981 aditum
858 2927 1018 2980 nobis
1052 2926 1312 2993 munivit._

452 3016 730 3090 [Dilatasti
746 3033 953 3085 gressus
972 3032 1131 3070 meos.
1151 3012 1413 3080 Remotis,
1436 3014 1630 3084 inquit,
1645 3013 1945 3068 offendicu-

381 3107 447 3161 lis
473 3115 528 3161 et
547 3107 776 3176 laqueis,
796 3122 918 3176 qua:
943 3106 1082 3160 mihi
1110 3114 1423 3160 struxerant
1456 3103 1686 3167 inimici,
1714 3104 1943 3158 liberam

2044 2013 2171 2082 τρὸς
2199 2014 2228 2065 6
2267 2015 2410 2077 Υἱός.
2449 2016 2554 2070 Καὶ
2593 2018 2630 2084 ἠ
2665 2013 2899 2068 παιδεία
2921 2029 3036 2068 σου
3060 2008 3374 2078 ἀνώρθωσέ
3409 2025 3487 2077 με
3521 2010 3613 2073 είς

2044 2102 2236 2170 τέλος.
2287 2107 2349 2158 Ἦ
2382 2105 2708 2177 εὖαγγελικὴ
2753 2105 2994 2175 δηλονότι
3036 2100 3371 2156 διδασκαλία.
3405 2100 3519 2154 Kal
3568 2099 3612 2167 ἠ

2046 2197 2282 2252 παιδεία
2310 2213 2426 2252 σου
2459 2201 2609 2264 αὐτή
2633 2216 2710 2267 με
2741 2196 2987 2261 διδάξει.
3024 2195 3120 2257 Τὸ,
3152 2192 3262 2247 Kal
3288 2193 3328 2259 ἢ
3372 2190 3615 2245 παιδεία

2045 2303 2163 2341 σου
2190 2289 2343 2357 αὐτή
2378 2306 2455 2358 με
2483 2289 2731 2353 διδάξει,
2771 2286 3121 2349 Θεοδοτίωνός
3150 2287 3317 2348 ἐστιν,
3345 2283 3466 2336 ἀντὶ
3491 2281 3612 2345 τοῦ,

2059 2380 2129 2433 Ἦ
2147 2379 2382 2434 παιδεία
2405 2398 2518 2434 σου
2547 2378 2861 2448 ἁνώρθωσέ
2881 2396 2956 2449 με
2977 2380 3064 2444 είς
3091 2376 3283 2441 τέλος,
3318 2373 3616 2445 εἰρημένου

2044 2474 2155 2535 τοῖς
2201 2473 2253 2524 Ἐ
2261 2472 2348 2525 6δο
2357 2475 2428 2543 μή
2438 2490 2598 2526 κοντα
2606 2513 2618 2526 .

2127 2563 2498 2628 Ἐπλάτυνας
2545 2563 2617 2616 τὰ
2659 2559 2990 2630 διαδήματά
3013 2576 3153 2628 μου.
3195 2559 3470 2626 Ἔστησας
3498 2553 3614 2626 γὰρ

2046 2654 2136 2707 ἐπὶ
2188 2654 2392 2727 πέτραν
2423 2655 2550 2718 τοὺς
2598 2654 2764 2717 πόδας
2819 2669 2942 2723 μου,
3012 2651 3132 2721 ἦτις
3183 2650 3331 2702 ἐστὶν
3362 2651 3395 2719 ἡ
3427 2647 3615 2711 πίστις

2045 2745 2221 2814 ἡμῶν.
2254 2746 2364 2798 Kal
2413 2747 2521 2799 οὐκ
2572 2743 2924 2812 ἢσθένησαν
2951 2742 3022 2796 τὰ
3051 2743 3189 2811 ἴχνη
3213 2758 3353 2810 μου.
3411 2739 3611 2806 Περιεο

2045 2834 2150 2888 λὼν
2180 2837 2286 2907 γάρ
2319 2835 2385 2888 τὰ
2430 2836 2699 2890 σκάνδαλα
2754 2836 2846 2889 καὶ
2882 2835 2980 2896 τάς
3025 2832 3258 2901 παγίδας
3286 2871 3302 2897 ,
3355 2829 3420 2893 ἃς
3479 2844 3615 2881 κατ-

2045 2925 2338 2990 εσκεύαζον
2370 2928 2417 2978 οἱ
2447 2926 2649 2997 ἐχθροὶ,
2677 2927 2814 2994 κατή
2827 2941 3001 2994 ρτισεν
3024 2925 3157 2993 ἡμῖν
3191 2920 3288 2992 τὴν
3329 2918 3581 2989 πορείαν.

2116 3016 2526 3090 [Ἐπλάτυνας
2550 3016 2620 3069 τὰ
2648 3013 2976 3084 διαϐήματά
2995 3032 3130 3083 μου.
3165 3009 3438 3083 Περιελών
3478 3025 3617 3078 φησι

2043 3107 2113 3161 τὰ
2146 3107 2412 3161 σκάνδαλα
2463 3109 2556 3161 καὶ
2604 3106 2703 3171 τὰς
2753 3106 2984 3174 παγίδας
3004 3104 3076 3174 ,ἀς
3127 3100 3527 3164 κατεσκεύαζον
3563 3098 3620 3153 οἱ

382 3198 513 3252 mihi
547 3200 688 3252 viam
721 3197 944 3268 parasti.
978 3195 1213 3252 Gressus
1247 3205 1426 3251 autem
1464 3204 1640 3259 vocat,
1677 3205 1944 3265 quatenus

2058 3199 2248 3272 ἐχθροὶ,
2282 3198 2569 3271 ἐλευθέραν
2600 3216 2690 3268 μοι
2721 3197 2817 3266 τὴν
2853 3195 3074 3267 πορείαν
3104 3192 3380 3263 ἐποίησας.
3411 3188 3622 3260 Διαϐή-

381 3308 414 3347 a
433 3291 634 3353 malitia
658 3266 735 3346 ad
757 3293 1012 3346 virtutem
1053 3291 1177 3361 quis
1207 3290 1524 3361 pertransit,
1555 3290 1699 3360 quod
1728 3291 1944 3362 quidem

2058 3266 2194 3361 ματα
2233 3289 2379 3358 λέγει
2411 3266 2545 3344 καθὸ
2575 3266 2636 3340 ὲκ
2680 3287 2876 3349 κακίας
2926 3266 3062 3355 πρὸς
3096 3283 3294 3354 ἀρετὴν
3347 3278 3621 3333 διαϐαίνει

382 3382 486 3438 sub
525 3382 740 3436 initium
775 3383 1108 3437 laboriosum
1143 3395 1196 3437 et
1233 3398 1486 3453 asperum
1521 3385 1587 3440 iis
1614 3393 1718 3450 est,
1747 3386 1842 3454 qui
1886 3385 1942 3439 in

381 3473 474 3527 via
514 3483 742 3542 augusta
785 3475 1150 3544 gradiuntur;
1193 3483 1249 3529 at
1288 3475 1347 3528 in
1378 3474 1622 3545 profectu
1669 3470 1950 3544 dilatatur.

383 3563 518 3620 Nam
567 3566 696 3637 quia
733 3576 854 3636 post
887 3567 1104 3622 virtutis
1142 3567 1379 3634 labores,
1409 3568 1647 3638 quietem
1689 3581 1949 3624 nacturus

384 3672 528 3720 sum,
561 3657 612 3711 id
659 3673 790 3713 sane
815 3659 1040 3730 vestigia
1070 3659 1356 3714 conﬁrmat
1389 3675 1530 3716 mea.
1560 3659 1760 3716 Statuit
1793 3676 1950 3717 nam-

383 3761 490 3817 que
520 3762 683 3816 super
710 3755 918 3817 petram
945 3749 1106 3817 pedes
1125 3748 1390 3824 nostros]

455 3837 544 3893 38.
593 3835 889 3910 Persequar
934 3841 1174 3895 inimicos
1222 3857 1382 3895 meos.
1433 3841 1716 3911 Tanquam
1765 3841 1948 3896 divina

385 3931 557 4002 gratia
605 3931 673 3992 ad
712 3947 934 3988 cursum
971 3932 1289 3999 adornatus,
1328 3933 1393 3987 de
1429 3932 1657 3991 victoria
1705 3932 1945 3986 conﬁdit.

455 4116 551 4185 3,9.
574 4115 918 4186 Confringam
945 4117 1098 4179 illos,
1148 4133 1240 4171 nec
1268 4125 1512 4186 poterunt
1531 4124 1695 4170 stare.
1726 4114 1952 4187 Frangit

386 4207 639 4265 inimicos
661 4209 881 4262 animus
914 4208 1265 4277 passionibus
1290 4223 1522 4274 vacuus.

453 4298 543 4354 40.
575 4298 644 4353 Et
669 4300 995 4368 prazcinmisti
1021 4315 1101 4351 me
1139 4299 1347 4362 uirtute.
1393 4297 1672 4352 Summam
1710 4296 1952 4356 victor-i8

384 4405 602 4448 rursum
638 4388 1009 4444 fortitudinem
1045 4390 1303 4444 tribuenti
1337 4388 1447 4443 Deo
1477 4389 1718 4442 ascribit.

455 4481 546 4535 41.
590 4479 662 4534 Et
688 4482 930 4536 inimicos
956 4497 1096 4535 meos
1123 4481 1315 4535 dedisti
1338 4481 1465 4534 mihi
1495 4479 1731 4534 dorsum.
1761 4478 1816 4535 Id
1847 4487 1956 4551 est,

386 4573 441 4634 in
487 4571 668 4642 fugam
711 4573 944 4628 vertisti.
991 4571 1278 4643 Proprium
1339 4587 1577 4643 namque
1627 4573 1946 4644 fugientium

385 4673 469 4718 est
500 4672 647 4733 terga
675 4664 850 4719 dare:
895 4673 951 4719 et
991 4680 1123 4720 sane
1165 4673 1311 4736 terga
1359 4664 1490 4718 dant
1531 4665 1736 4720 inimici
1775 4665 1947 4720 nostri

384 4757 680 4820 daemones,
709 4771 834 4810 cum
875 4771 986 4811 non
1015 4757 1243 4811 ulterius
1276 4757 1633 4827 cogitationes
1665 4757 1950 4812 turbulen-

385 4854 471 4900 tas
499 4842 695 4904 animus
722 4844 1015 4899 immittere
1042 4845 1252 4915 valent.
1268 4845 1333 4900 Et
1361 4847 1594 4910 odientes
1623 4864 1704 4901 me
1737 4849 1945 4917 disper-

385 4933 570 4998 didisti
611 4934 906 5000 Saulem,
968 4936 1401 5010 Achitopltelem,
1451 4941 1840 5003 Abessalouem
1893 4949 1947 4996 et

385 5034 670 5084 sexcentos
697 5025 856 5088 alios.

453 5115 545 5171 42.
578 5116 975 5186 Clamauerunt,
1009 5135 1102 5173 nec
1129 5129 1243 5174 erat
1265 5121 1356 5192 qui
1380 5121 1552 5176 salvos
1589 5121 1806 5192 faceret,
1841 5129 1946 5178 etc.

385 5205 512 5262 Haec
539 5208 606 5263 de
637 5208 876 5265 inimicis
921 5212 1270 5269 sensibilibus
1306 5215 1401 5278 ait,
1435 5215 1593 5284 quasi
1623 5231 1690 5269 ex
1718 5229 1950 5286 persona

385 5298 626 5368 Domini.
642 5297 831 5369 Neque
850 5301 996 5357 enim
1027 5302 1346 5375 alienigena:
1371 5303 1502 5360 deos
1523 5321 1653 5360 suos
1682 5306 1736 5359 in
1767 5305 1948 5361 subsi-

385 5390 536 5447 dium
582 5401 858 5458 vocantes,
905 5408 1096 5450 eorum
1139 5397 1479 5466 providentia
1512 5405 1567 5452 et
1607 5412 1736 5452 cura
1781 5398 1948 5467 adjuti

387 5489 558 5535 sunt:
603 5497 779 5554 neque
825 5483 977 5551 Saul,
1028 5487 1370 5552 Abessalom,
1425 5487 1601 5550 Semei
1646 5497 1700 5552 et
1751 5489 1950 5560 reliqui.

481 5679 500 5709 ¹
546 5677 702 5744 Prov.
732 5697 846 5748 nx,
879 5683 968 5736 20.
1069 5684 1109 5716 ³⁸
1152 5682 1311 5738 Prov.
1349 5700 1426 5750 ιιι,
1464 5686 1555 5747 Η.

2047 3403 2150 3449 τις,
2183 3385 2217 3439 ἃ
2247 3387 2367 3438 κατ’
2396 3385 2571 3456 ἀρχάς
2607 3384 2706 3454 μὲν
2731 3381 2962 3438 ἐπίπονά
2987 3383 3101 3433 ἐστι
3125 3379 3202 3449 τῷ
3247 3376 3344 3446 τὴν
3393 3374 3623 3445 τεθλιμ-

2050 3478 2215 3549 μένην
2239 3477 2502 3532 ὁδεύοντι·
2533 3479 2599 3547 τῇ
2633 3477 2689 3529 δὲ
2724 3478 2970 3547 προκοπῇ
3007 3473 3351 3528 πλατύνεται.
3384 3469 3476 3540 Τῷ
3502 3469 3626 3542 γὰρ

2051 3571 2187 3643 μετά
2231 3572 2355 3634 τοὺς
2399 3571 2497 3641 τῆς
2543 3569 2743 3640 ἀρετῆς
2777 3569 2969 3631 πόνους
3001 3566 3316 3622 ἀνάπαυλαν
3359 3554 3644 3633 δέχεσθαί

2051 3665 2473 3735 ἰσχυροποιεῖται
2501 3662 2569 3716 τὰ
2600 3663 2722 3734 ἴχνη
2740 3679 2752 3692 ·
2788 3661 2982 3732 ἔστησε
3011 3659 3118 3731 γὰρ
3140 3659 3233 3711 ἐπὶ
3259 3656 3463 3728 πέτραν
3483 3655 3618 3719 τοὺς

2048 3754 2214 3816 πόδας
2247 3752 2423 3824 ἡμῶν.
2444 3751 2466 3824 ]

2116 3843 2466 3908 Καταδιώξω
2495 3842 2635 3908 τοὺς
2681 3842 2932 3911 ἐχθρούς
2971 3857 3112 3907 μου.
3152 3839 3238 3902 Ὡς
3281 3851 3619 3891 κατεσκευα-

2051 3933 2244 4003 σμένος
2273 3931 2359 3985 διά
2397 3932 2493 4002 τῆς
2526 3931 2675 3995 Θείας
2713 3932 2933 4002 χάριτος
2975 3932 3055 3992 είς
3095 3928 3315 3998 δρόμον,
3351 3925 3479 3998 περὶ
3509 3923 3617 3994 τῆς

2048 4025 2202 4093 νίκης
2231 4022 2439 4096 θαρρεῖ.

2133 4117 2428 4184 Ἐκθλίψω
2459 4115 2698 4180 αὐτοὺς,
2750 4113 2848 4167 καὶ
2891 4111 2978 4184 μὴ
3027 4110 3320 4165 δύνωνται
3370 4106 3618 4175 στῆναι.

2052 4207 2333 4278 Ἔκθλιψιν
2355 4208 2462 4260 τῶν
2491 4206 2698 4277 ἐχθρῶν
2727 4209 2760 4274 ἡ
2797 4203 3034 4259 ἀπάθεια
3055 4199 3473 4271 κατεργάζεται.

2119 4299 2228 4351 Kal
2264 4297 2620 4366 περιέζωσάς
2643 4312 2720 4365 με
2766 4285 3044 4363 δύναμιν.
3091 4293 3257 4346 Πάλιν
3287 4291 3347 4344 τὸ
3375 4290 3484 4342 πᾶν
3509 4287 3616 4359 τῆς

2049 4388 2206 4458 νίκης
2241 4388 2319 4459 τῷ
2347 4387 2600 4440 δεδωκότι
2629 4386 2724 4456 τὴν
2749 4386 2900 4457 ἰσχὺν
2925 4383 3230 4454 ἀνατίθησι.

2120 4478 2229 4534 Kal
2255 4479 2396 4544 τοὺς
2425 4477 2676 4546 ἐχθρούς
2693 4494 2812 4545 μου
2841 4473 3067 4541 ἔδωκάς
3089 4491 3190 4543 μοι
3221 4471 3430 4526 νῶτον.
3467 4471 3623 4524 Ἀντὶ

2050 4570 2144 4624 τοῦ
2179 4571 2255 4632 είς
2290 4567 2464 4639 φυγὴν
2503 4567 2752 4640 ἔτρεψας.
2794 4565 2951 4619 Ἰδιον
3003 4563 3111 4635 γάρ
3159 4562 3268 4614 τῶν
3310 4559 3622 4631 φευγόντων

2051 4661 2195 4718 νῶτα
2223 4658 2438 4712 διδόναι.
2475 4657 2641 4711 Νῶτα
2669 4657 2725 4712 δὲ
2750 4657 2981 4710 διδόασιν
3013 4656 3062 4708 οἱ
3101 4653 3284 4725 ἐχθροὶ
3314 4651 3468 4723 ἡμῶν
3498 4648 3620 4703 δαί-

2053 4767 2210 4823 μονες
2242 4749 2433 4822 μηκέτι
2457 4748 2748 4819 λογισμοὺς
2772 4746 3033 4818 ἐμπαθεῖς
3055 4745 3308 4815 ἐμϐαλεῖν
3328 4743 3620 4812 δυνάμενοι

2047 4847 2114 4914 τῇ
2137 4842 2303 4912 ψυχῇ.
2355 4841 2465 4895 Καὶ
2495 4840 2636 4905 τοὺς
2665 4837 2996 4908 μισ-οὖντὰς
3019 4853 3095 4906 με
3141 4834 3615 4902 ἐξωλόθρευσας.

2048 4936 2152 4989 Τὸν
2197 4933 2388 4995 Σαοὺλ,
2417 4931 2506 4985 τὸν
2543 4929 2844 5002 Ἀχιτόφελ,
2867 4929 2957 4982 τὸν
2997 4925 3369 4998 Ἀϐεσσαλὼμ,
3392 4926 3486 4980 καὶ
3508 4943 3618 4997 μυο

2052 5032 2197 5107 ρίους
2227 5030 2463 5100 ἑτέρους.
2623 5010 2630 5016 ’

2071 5113 2073 5116 ⁴
2132 5119 2516 5188 Ἐκέκραξαν,
2554 5118 2652 5173 καὶ
2683 5119 2795 5172 οὐκ
2826 5113 2904 5186 ἦν
2951 5119 2983 5171 ό
3020 5113 3238 5178 σώζων.
3271 5114 3454 5169 Ταῦτα
3483 5116 3617 5186 περ),

2048 5215 2155 5268 τῶν
2185 5211 2456 5284 αἰσθητῶν
2496 5209 2704 5281 ἐχθρῶν
2752 5225 2914 5279 φησιν
2947 5208 3022 5272 ὡς
3067 5211 3130 5262 ὲκ
3181 5206 3470 5280 προσώπου
3519 5205 3616 5261 τοῦ

2048 5306 2274 5377 Κυρίου.
2312 5302 2445 5357 Οὔτε
2480 5303 2589 5373 γάρ
2615 5301 2898 5371 ἀλλόφυλοι
2935 5301 3064 5365 τοὺς
3113 5300 3344 5364 οἰκείους
3389 5297 3621 5352 καλοῦν-

2050 5415 2140 5461 τες
2169 5399 2248 5460 εἰς
2280 5395 2598 5466 ἐπικουρίαν
2641 5393 2794 5458 θεοὺς
2831 5393 2929 5463 τῆς
2962 5394 3090 5462 παρ’
3135 5392 3312 5446 αὐτῶν
3358 5391 3616 5465 προνοίας

2053 5489 2386 5556 ἀπέλαυσαν,
2414 5488 2537 5542 οὕτε
2562 5489 2591 5541 6
2623 5485 2795 5553 Σαοὺλ
2822 5486 2926 5552 καὶ¹
2947 5484 3302 5556 Ἀϐεσσαλὼμ
3330 5486 3424 5538 καὶ
3451 5487 3479 5536 6
3518 5485 3620 5548 Σεη
