3874 6218
179 380 275 434 121

1281 373 1646 432 ΕΧΡοειΤιο
1682 374 1753 430 IN
1791 373 2124 429 PSALMUM
2162 373 2327 430 XVII.

3322 383 3424 441 12%

176 493 298 562 μεεὶ
347 508 445 548 και
472 492 523 545 oi
573 492 750 545 λοιποὶ
801 492 912 545 τῶν
971 491 1320 563 Ἰσραηλιτῶν
1357 490 1606 561 πολέμιοι
1661 487 1752 541 τὸν

1865 486 2228 544 lsraelitarum
2287 487 2498 552 hostes,
2553 485 2723 544 Deum
2784 486 3166 559 opitulatorem
3218 491 3425 551 habue-

172 582 309 638 Θεὸν
337 583 608 654 ἐσχήκασι
637 581 948 654 σύμμαχον.

244 674 358 731 Καὶ
379 673 656 730 λεπτυνῶ
683 675 907 741 αὐτοὺς
941 661 1082 728 ὡσεί
1123 673 1295 743 χοῦν.
1336 673 1579 746 Φροῦδοι,
1601 671 1754 744 φησι,

175 767 500 837 γενήσονται
570 765 850 830 παντελῶς
890 766 991 830 τῆς
1027 765 1127 835 σῆς
1165 783 1254 837 μοι
1305 766 1524 837 χάριτος
1569 782 1757 836 συνερ-

177 855 407 926 γοῦσης-

264 947 478 1002 Ῥὗσαί
526 964 604 1017 με
633 947 703 1012 ἐξ
733 947 1091 1017 ἀντιλογιῶν
1134 947 1310 1003 λαοῦ.
1349 949 1468 1001 Ἔτι
1519 947 1614 1000 τοῦ
1651 948 1756 1000 Ku-

182 1038 301 1111 ρίου
329 1039 393 1092 τὸ
418 1039 708 1110 πρόσωπον
733 1038 1212 1110 ἀποστρεφομένου
1250 1039 1349 1109 μὲν
1379 1039 1444 1092 δι’
1471 1039 1756 1093 ἀπείθειαν

179 1131 292 1185 τῶν
325 1131 612 1196 Ἰουδαίων,
643 1132 920 1196 αἰτοῦντος
941 1133 998 1185 δὲ
1034 1131 1103 1184 τὰ
1137 1131 1262 1202 ἔθνη
1287 1133 1367 1194 εἰς
1390 1131 1754 1203 κληρονομίαν

181 1221 370 1278 αὐτοῦ.
404 1226 822 1293 Καταστήσεις
847 1242 917 1292 με
945 1228 1033 1290 εἰς
1062 1225 1336 1294 κεφαλὴν
1370 1223 1577 1279 ἐθνῶν.
1616 1225 1753 1277 Ἀλλ’

180 1315 285 1368 οὐκ
311 1313 469 1385 ἴσμεν
497 1317 588 1368 τὸν
620 1316 785 1369 Δαυῒδ
823 1316 932 1368 τῶν
974 1315 1142 1369 ἐθνῶν
1199 1316 1592 1387 βασιλεύσαντα
1612 1334 1624 1346 ·
1658 1318 1753 1371 οὺ-

180 1405 316 1458 κοῦν
332 1406 418 1459 διὰ
440 1407 532 1459 τοῦ
561 1405 620 1470 ἐξ
641 1407 802 1460 αὐτοῦ
830 1409 970 1461 κατά
993 1407 1170 1477 σάρκα
1195 1408 1472 1479 τεχθέντος
1494 1410 1526 1480 ἡ
1555 1426 1757 1481 προφη-

183 1496 305 1549 τεία
332 1495 654 1566 πληροῦται.
671 1497 730 1548 '0
756 1498 864 1568 γάρ
883 1499 947 1550 ἐκ
972 1497 1134 1549 sane
1150 1497 1288 1551 κατά
1315 1498 1493 1569 σάρκα
1520 1498 1752 1568 τεχθεὶς,

185 1587 350 1642 Δαυῖδ
379 1590 471 1640 καὶ
499 1587 659 1650 αὐτὸς
688 1589 1082 1659 ὀνομαζόμενος
1121 1590 1259 1643 κατά
1299 1590 1389 1642 τὸν
1416 1589 1556 1642 θεῖον
1599 1590 1755 1654 Ἰεζε-

184 1679 333 1751 χιὴλ,
386 1680 414 1732 ὁ
451 1681 750 1750 Δεσπότης,
782 1680 928 1748 λέγω
953 1721 967 1744 ,
1014 1680 1249 1753 Χριστὸς
1270 1723 1284 1746 ,
1318 1681 1533 1734 πάντων
1577 1683 1757 1736 ἐϐασί-

1860 590 2008 635 runt.

1926 673 2017 728 45.
2050 673 2121 730 Et
2154 675 2511 730 comminuam
2546 691 2634 730 eos
2681 682 2740 728 ut
2784 673 3071 743 pulverem.
3107 672 3300 744 Vacui,
3341 677 3425 735 in-

1855 767 1993 838 quit,
2033 775 2218 833 erunt,
2255 776 2347 822 tua
2377 769 2511 823 mihi
2543 766 2715 839 gratia
2743 765 2956 822 fortiter
2991 769 3308 827 auxiliante.

1925 949 2016 1002 M.
2052 949 2213 1011 Eripe
2233 965 2314 1002 me
2342 965 2405 1002 ae
2431 951 2935 1005 contradictionibus
2966 951 3164 1020 populi.
3194 949 3426 1007 Domino

1855 1040 2064 1096 scilicet
2093 1041 2270 1095 adhuc
2302 1040 2495 1096 faciem
2524 1051 2801 1096 avertente
2835 1043 2904 1097 ob
2927 1042 3236 1097 Judzeorum
3271 1043 3427 1096 inob-

1855 1135 2218 1204 sequentium,
2245 1135 2552 1204 postulante
2570 1143 2749 1188 autem
2770 1143 2955 1204 gentes
2976 1134 3026 1186 in
3061 1135 3426 1188 lurreditalem

1856 1242 2032 1281 suam.
2055 1226 2351 1281 Constitues
2384 1243 2462 1279 me
2486 1228 2535 1279 in
2563 1235 2718 1294 caput
2742 1227 2970 1295 gentium
3001 1227 3101 1296 (4).
3135 1224 3220 1294 (Et
3245 1235 3426 1280 tamen

1855 1320 2130 1374 nescimus
2174 1317 2430 1371 Davidem
2479 1319 2732 1386 gentibus
2768 1318 3112 1388 imperasse.)
3163 1316 3266 1372 Per
3299 1332 3424 1372 eum

1855 1410 2059 1478 itaque,
2103 1409 2194 1478 qui
2223 1425 2285 1463 ex
2322 1409 2523 1464 Davide
2558 1410 2857 1463 secundum
2887 1425 3104 1464 carnem
3131 1418 3283 1463 ortus
3318 1419 3422 1475 est,

1856 1503 2112 1572 impletur
2141 1504 2444 1572 prophetia.
2487 1502 2622 1556 Nam
2653 1505 2746 1572 qui
2773 1519 2837 1556 ex
2884 1503 3087 1557 Davide
3123 1501 3425 1556 secundum

1857 1610 2073 1649 carnem
2109 1604 2271 1648 natus
2301 1604 2404 1661 est,
2435 1603 2488 1650 et
2518 1596 2632 1663 ipse
2656 1593 2826 1649 David
2855 1604 3083 1648 vocatus
3109 1593 3262 1662 juxta
3295 1591 3428 1646 divi-

1857 1703 1987 1742 num
2013 1686 2375 1751 Ezechielem,
2411 1702 2605 1755 nempe
2645 1686 2909 1740 Dominus
2932 1685 3206 1750 Christus,
3243 1684 3425 1738 omni-

184 1769 343 1822 λευσε
398 1769 505 1822 τῶν
561 1769 764 1822 ἐθνῶν·
819 1768 905 1821 ἀεὶ
954 1770 1051 1840 μὲν
1089 1770 1163 1834 ὡς
1197 1771 1327 1834 Θεὸς
1353 1771 1462 1823 τῶν
1503 1772 1754 1825 ἁπάντων

1865 1782 1962 1838 bus
1985 1782 2235 1852 gentibus
2275 1779 2581 1850 imperavit.
2613 1776 2680 1832 Et
2717 1778 2935 1848 quidem
2979 1786 3038 1831 ut
3079 1775 3218 1829 Deus
3249 1774 3427 1828 omni-

183 1859 485 1925 δεσπόζων,
521 1861 660 1930 μετά
701 1862 758 1915 δὲ
789 1863 888 1933 τὴν
911 1861 1324 1933 ὲνανθρὼπησιν
1375 1865 1468 1917 καὶ¹
1497 1864 1595 1934 τὴν
1631 1864 1751 1917 ἐθε-

1865 1875 1957 1929 bus
1987 1889 2201 1943 semper
2229 1873 2458 1943 imperat
2485 1891 2498 1940 ;
2524 1881 2809 1942 postquam
2843 1877 3022 1923 autem
3057 1867 3222 1921 homo
3248 1865 3426 1921 factus

183 1952 399 2006 λούσιον
430 1954 536 2006 τῶν
565 1955 643 2018 εἰς
674 1953 833 2006 αὐτὸν
857 1956 1295 2008 πεπιστευκότων
1329 1955 1570 2009 δουλείαν
1598 1957 1752 2023 δεξά-

187 2061 368 2116 μενος.

255 2137 413 2201 Λαύς
435 2135 510 2188 ὃν
533 2137 642 2190 οὐκ
670 2136 860 2206 ἔγνων
895 2137 1225 2192 ὲδούλευσέ
1249 2155 1368 2207 μοι.
1421 2138 1551 2210 [Τοῦ
1589 2138 1752 2192 αὐτοῦ

185 2225 279 2279 τοῦ
322 2226 554 2298 Χριστοῦ
581 2246 593 2256 ·
642 2228 1114 2300 ἀποστρεφόμενος
1185 2229 1293 2300 γὰρ
1338 2230 1466 2292 τοὺς
1513 2229 1754 2293 ἀπειθεῖς

197 2317 505 2382 Ἰουδαίους,
523 2322 664 2373 αἰτεῖ
685 2320 751 2374 τὰ
767 2319 891 2390 ἔθνη
911 2323 989 2384 είς
1007 2319 1106 2390 κλη
1117 2319 1416 2390 ρονομίαν.]
1440 2321 1552 2373 Οὐκ
1573 2321 1754 2388 ἀγνοί-

186 2426 254 2473 ας
282 2410 400 2463 tati.
426 2413 778 2482 σημαντικὸν,
810 2411 985 2464 πάντα
1009 2412 1119 2481 γὰρ
1147 2406 1288 2464 οἶδεν
1326 2411 1401 2474 ὡς
1427 2411 1557 2474 Θεός
1583 2429 1596 2442 ι
1640 2410 1752 2464 ἀλλ’

185 2501 268 2554 ὅτι
298 2501 347 2553 οἱ
375 2501 516 2554 κατά
542 2503 768 2572 καιροὺς
796 2503 894 2573 τὴν
923 2503 1228 2573 οἰκειότητα
1253 2503 1352 2574 τὴν
1375 2502 1508 2574 πρὸς
1538 2502 1637 2572 ἐμὲ
1677 2503 1752 2574 μὴ

186 2591 440 2662 λαχόντες
478 2593 745 2666 ἀλλότριοι
777 2594 842 2648 ἂν
871 2589 981 2648 εἷεν
1009 2594 1103 2648 καὶ
1147 2592 1286 2659 ξένοι
1318 2593 1411 2647 καὶ
1436 2593 1622 2664 πόρρω
1655 2593 1754 2664 τῆς

187 2683 327 2755 ἐμῆς
346 2684 644 2755 ἀπέχοντες
667 2673 1018 2754 οἰκειότητος.

265 2859 386 2914 Υἱοὶ
433 2860 738 2930 ἀλλότριοι
779 2860 1126 2930 ὲψεύσαντό
1164 2877 1258 2930 με.
1295 2858 1355 2914 '0
1391 2859 1610 2931 κληθεὶς
1641 2859 1755 2924 υίὸς

188 2951 534 3022 πρωτότοκος
571 2951 789 3022 Ἰσραὴλ
815 2951 1093 3022 ἀλλότριος
1131 2949 1332 3021 ἐκλήθη
1361 2949 1448 3002 διὰ
1488 2949 1587 3022 τὴν
1625 2951 1754 3002 ἀπι-

186 3041 342 3097 στίαν
369 3042 505 3103 υἱός.
546 3042 665 3096 Υἱοὶ
697 3043 1001 3109 ἀλλότριοι
1024 3039 1507 3110 ἐπαλαιώθησαν.
1548 3041 1664 3094 Πᾶν
1693 3039 1756 3093 τὸ

187 3134 584 3205 παλαιούμενον
615 3134 779 3202 ἐγγὺς
801 3132 1131 3204 ἀφανισμοῦ.

255 3222 344 3293 Ζῇ
378 3225 615 3291 Κύριος,
657 3222 758 3277 καὶ
801 3223 1128 3292 εὐλογητὸς
1153 3225 1186 3276 ὀ
1218 3222 1361 3289 Θεός
1383 3240 1523 3292 μου.
1562 3221 1755 3276 Εὑκαί-

188 3331 296 3386 ρως
331 3315 417 3377 τὸ,
446 3314 534 3384 Ζῇ
578 3317 791 3384 Κύριος
835 3316 1206 3388 ἐπεφώνησεν.
1267 3315 1483 3386 Ἐπειδὴ
1518 3316 1757 3387 ἐμνημό-

186 3423 375 3460 νευσεν
400 3408 501 3478 τῆς
523 3408 828 3476 ἀντιλογίας
855 3408 947 3461 τοῦ
983 3407 1134 3474 λαοῦ,
1157 3409 1214 3460 ἐν
1306 3408 1473 3463 ἐϐόων
1508 3408 1756 3476 λέγοντες

185 3496 344 3566 Αἶρε,
396 3499 525 3567 αἶρε
547 3515 560 3528 ·
614 3500 968 3568 σταύρωσον
998 3501 1204 3554 αὐτόν.
1249 3501 1357 3554 Καὶ
1396 3500 1684 3569 ὑψωθήτω
1723 3503 1757 3555 ό

186 3589 334 3656 θεὸς
356 3589 468 3657 τῆς
495 3591 788 3658 σωτηρίας
810 3609 948 3660 μου.
985 3592 1048 3645 Et
1078 3593 1171 3645 καὶ
1195 3592 1595 3646 ἐταπείνωσεν
1622 3593 1758 3646 ἐαυ-

185 3679 313 3744 τὸν,
349 3681 506 3749 φησὶ,
535 3680 738 3734 λαϐὼν
765 3681 881 3749 τὴν
924 3681 1031 3735 τοῦ
1082 3672 1306 3736 δούλου
1342 3681 1604 3750 μορφὴν,
1642 3681 1754 3735 ἀλλ’

187 3773 390 3844 ὑψηλός
420 3773 588 3826 ἐστιν.
614 3774 837 3844 Ὅμοιον
880 3773 936 3826 δὲ
979 3773 1057 3843 τῷ
1088 3774 1362 3846 εἰρημένῳ
1405 3775 1485 3838 τὸ,
1527 3775 1579 3827 Ὁ
1614 3774 1757 3840 Θεὸς

184 3866 375 3921 αὑτὸν
404 3866 787 3934 ὑπερύψωσε,
820 3865 920 3919 καὶ
947 3865 1265 3934 ἐχαρίσατο
1292 3865 1451 3932 αὐτῷ
1479 3864 1755 3935 όνομα,τὸ

184 3958 338 4026 ὑπὲρ
369 3957 496 4010 πᾶν
529 3958 735 4026 ὄνομα.

265 4049 319 4103 '0
348 4047 496 4115 Θεὸς
525 4052 557 4102 ὀ
580 4048 784 4114 διδοὺς
809 4047 1147 4115 ἐκδικήσεις
1185 4049 1334 4118 ἐμοί.
1377 4049 1471 4102 Ἐκ
1501 4048 1593 4102 τοῦ
1632 4047 1757 4103 ἀπί-

184 4159 312 4195 στου
352 4138 482 4193 λαοῦ
531 4139 637 4192 τῶν
694 4139 960 4192 Ἰουδαίων
993 4139 1251 4210 δηλονότι.
1292 4139 1404 4194 Καὶ
1452 4139 1756 4207 ὑποτάξας

182 4231 375 4298 λαοὺς
404 4232 507 4286 ὑπ’
554 4230 679 4301 ἐμέ.
727 4231 809 4284 Τά
841 4229 990 4301 ἔθνη,
1047 4231 1234 4302 φησὶν,
1281 4231 1630 4300 ὑπετάγησαν
1680 4231 1756 4302 τῷ

182 4322 430 4395 Χριστῷ.
471 4324 525 4375 Ὀ
546 4325 783 4391 ρὐτης
807 4340 926 4392 μου
967 4322 1038 4387 ἐξ
1080 4321 1312 4392 ἐχθρῶν
1337 4341 1478 4392 μου.
1509 4324 1629 4376 Τῶν
1660 4326 1758 4396 ἀρ-

183 4415 392 4485 χόντων
412 4413 506 4467 τοῦ
531 4413 591 4478 ἐξ
627 4414 837 4485 Ἰσραὴλ
866 4412 995 4467 λαοῦ
1036 4431 1218 4486 φησιν.

1851 1974 1956 2031 est,
1999 1966 2362 2019 voluntariam
2407 1965 2744 2020 credentium
2795 1961 2852 2015 in
2892 1961 3066 2030 ipsum
3104 1959 3420 2014 servitutem

1853 2055 2038 2110 subiit.

1923 2145 2012 2198 45.
2063 2141 2300 2211 Populus
2367 2157 2519 2212 quem
2578 2156 2681 2194 non
2746 2140 2962 2212 cognovi
3004 2139 3214 2195 servivit
3269 2137 3420 2193 mihi.

1865 2235 2066 2308 [Ipsius
2123 2233 2348 2298 Christi,
2389 2233 2506 2302 qui,
2545 2232 2778 2302 repulsis
2828 2231 3032 2286 Judmis
3090 2240 3150 2286 ut
3203 2229 3424 2284 inobse-

1854 2326 2190 2396 quentibus,
2275 2324 2513 2393 postulat
2593 2332 2780 2393 gentes
2854 2323 2909 2376 in
3000 2316 3419 2392 hatreditatem.]

1855 2418 1930 2488 (5)
1958 2416 2075 2471 Non
2103 2426 2186 2471 est
2214 2416 2329 2470 haec
2355 2415 2674 2485 ignorantiae
2696 2423 2820 2469 nota
2845 2433 2857 2468 :
2879 2425 3071 2468 cuneta
3104 2413 3247 2467 enim
3274 2411 3422 2465 novit

1853 2518 2042 2579 utpote
2083 2508 2246 2562 Deus.
2298 2506 2404 2560 Sed
2451 2507 2733 2575 quoniam,
2781 2505 2876 2569 ait,
2922 2504 3015 2574 qui
3069 2519 3165 2573 per
3205 2503 3420 2558 diversa

1813 2610 2097 2671 tempora
2148 2601 2297 2655 nulla
2355 2599 2491 2654 mihi
2548 2597 2949 2653 necessitudine
3002 2596 3178 2667 juncti
3229 2602 3419 2662 erant,

1853 2693 2015 2748 alieni
2045 2701 2100 2747 et
2133 2692 2375 2746 extranei
2409 2691 2534 2761 jure
2559 2690 2832 2756 dicantur,
2869 2699 3032 2758 atque
3063 2703 3094 2742 a
3115 2701 3233 2741 mea
3262 2684 3420 2739 iami-

1856 2781 2093 2836 iiaritate
2119 2781 2278 2851 longe
2304 2781 2520 2835 remoti.

1924 2872 2014 2926 46.
2043 2870 2177 2924 Filii
2204 2870 2364 2923 alieni
2393 2870 2598 2924 mentiti
2635 2878 2758 2922 sunt
2791 2868 2940 2922 mihi.
2971 2867 3158 2932 Israel,
3183 2869 3274 2939 qui
3311 2871 3423 2940 pri-

1854 2961 2160 3031 mogenitus
2196 2961 2513 3026 vocabatur,
2548 2960 2760 3015 alienus
2791 2961 2935 3016 [ilius
2971 2961 3040 3015 ob
3071 2961 3422 3016 incredulita-

1853 3061 1962 3108 tem
2005 3053 2182 3108 dictus
2215 3059 2320 3107 est.
2365 3051 2500 3105 Filii
2541 3053 2701 3106 alieni
2733 3052 3007 3106 inveterati
3057 3060 3199 3107 sunt.
3247 3051 3423 3108 Omne

1855 3140 2238 3206 inveteratum,
2262 3144 2571 3214 proximum
2605 3143 2847 3198 interilui
2877 3152 2980 3200 est.

1923 3236 2014 3291 47.
2073 3235 2208 3288 Vivit
2245 3235 2520 3297 Dominus,
2543 3242 2592 3287 et
2623 3232 2920 3287 benedictus
2958 3233 3098 3287 Deus
3126 3250 3291 3289 meus.
3319 3231 3424 3303 Op-

1854 3335 2087 3398 portune
2117 3325 2273 3391 illud,
2312 3323 2448 3377 Vivit
2478 3323 2758 3387 Dominus,
2787 3321 3116 3376 vociferatus
3147 3332 3251 3376 est.
3282 3320 3420 3386 Quia

1855 3417 2303 3475 commemoravit
2331 3414 2814 3470 contradictionem
2848 3413 3056 3482 pepuli,
3084 3428 3191 3482 qua
3223 3412 3424 3466 clama-

1854 3512 1986 3565 bant
2021 3528 2034 3565 :
2075 3509 2237 3576 Tolle,
2287 3507 2432 3573 tolle,
2475 3506 2724 3575 cruciﬁge
2761 3521 2879 3559 eum
2923 3505 2987 3558 ³³.
3041 3503 3112 3558 Ει
3158 3504 3423 3558 exaltetur

1857 3603 1996 3656 Deus
2019 3601 2210 3656 salutis
2243 3617 2390 3656 mete.
2443 3599 2690 3665 Etiamsi,
2728 3598 3027 3652 humiliavit
3065 3598 3420 3666 semetipsum,

1855 3694 2052 3764 inquit,
2075 3694 2247 3762 forma
2269 3692 2404 3746 servi
2444 3700 2660 3762 accepta
2681 3690 2747 3757 '°,
2781 3690 3032 3746 excelsus
3065 3687 3422 3742 nihilominus

1853 3795 1958 3841 est.
1991 3784 2178 3839 Simile
2210 3793 2390 3839 autem
2421 3783 2552 3838 huic
2584 3782 2788 3837 dictum
2819 3788 2945 3836 est:
2983 3779 3124 3833 Deus
3163 3778 3424 3832 exultavit

1853 3877 2031 3942 illum,
2085 3886 2134 3930 et
2171 3876 2315 3930 dedit
2363 3874 2442 3928 illi
2489 3889 2676 3928 nomen
2729 3873 2867 3943 quod
2930 3880 3007 3925 est
3053 3887 3210 3941 super
3271 3885 3424 3924 omne

1943 3987 2041 4023 nen
2067 3970 2133 4023 “.

1854 3987 2195 4115 “Ennius
2249 4057 2339 4128 qui
2381 4053 2477 4109 das
2523 4054 2780 4108 vindictas
2829 4051 2978 4104 mihi.
3022 4050 3290 4106 Videlicet
3324 4054 3420 4106 ad-

1855 4169 2049 4210 versus
2107 4151 2378 4207 inﬁdelem
2425 4147 2684 4218 populum
2734 4144 3074 4200 Iudaeorum.
3127 4143 3194 4198 Et
3240 4143 3421 4198 subdis

1856 4243 2075 4315 populos
2125 4240 2217 4296 sub
2253 4256 2354 4294 me.
2396 4238 2618 4304 Gentes,
2670 4236 2868 4306 inquit,
2919 4235 3142 4290 Christo
3193 4233 3423 4289 subditas

1857 4337 2096 4391 fuerunt.
2127 4331 2404 4386 Liberator
2439 4346 2580 4384 mens
2610 4328 2673 4383 de
2703 4329 2933 4383 inimicis
2972 4327 3123 4380 meis.
3158 4324 3232 4380 De
3271 4325 3423 4395 prin~

1858 4428 2073 4498 eipibus
2103 4423 2388 4479 lsraelitici
2419 4420 2626 4492 populi.

239 4506 379 4560 Ἄπι)
395 4504 514 4559 τῶν
529 4504 1018 4574 ἐπανισταμένων
1032 4506 1124 4558 ἐπ’
1139 4505 1263 4575 ἐμέ.
1279 4505 1385 4559 Τοῦ
1402 4506 1567 4560 Ἰούδα
1581 4506 1748 4575 λέγει.

1929 4518 2006 4572 Ab
2032 4516 2418 4586 insurgentibus
2443 4514 2498 4566 in
2524 4529 2625 4566 me.
2647 4511 2842 4566 Judam
2869 4512 2964 4566 ait.

252 4595 276 4671 [
308 4598 366 4651 '0
389 4599 628 4665 ρὐτης
649 4614 769 4666 μου
814 4598 882 4652 ἐκ
912 4597 1028 4650 τῶν
1058 4597 1289 4667 ἐχθρῶν
1327 4616 1446 4667 μου
1479 4600 1751 4668 ὀργίλων.

195 4690 293 4743 Ἐκ
326 4689 422 4742 τοῦ
451 4688 582 4742 λαοῦ
616 4689 870 4742 ἀπίστου.
911 4689 1149 4760 Ὀργίλοι
1192 4689 1376 4760 ἐχθροὶ
1415 4692 1443 4742 ὁ
1470 4689 1756 4754 Ἰουδαῖκὸς

183 4776 311 4841 λαὸς
342 4775 691 4848 Σαμαρείτην
725 4775 887 4829 αὐτὸν
909 4775 1324 4848 κερτομοῦντες.
1374 4777 1537 4847 Ἀνὴρ
1557 4776 1613 4830 δὲ
1645 4777 1758 4831 ἄδι-

186 4886 279 4934 κος
322 4870 352 4922 ό
405 4868 623 4934 Ἰούδας,
669 4869 702 4939 ἢ
763 4868 1014 4932 Πιλᾶτος,
1068 4867 1324 4930 ἀναιτίως
1356 4867 1608 4932 κολάσας.
1660 4867 1758 4922 Διὰ

180 4960 398 5032 τοῦτοῆ
429 4960 518 5014 διὰ
543 4961 642 5024 τὰς
677 4962 756 5024 είς
795 4961 898 5030 ἐμὲ
927 4960 1240 5032 εὐεργεσίας
1267 4961 1645 5031 εὐχαριστήσω
1675 4978 1756 5013 σοι

185 5055 279 5108 ἐπὶ
313 5053 537 5107 πάντων
568 5054 678 5106 εἴτε
714 5052 981 5107 Ἰουδαίων
1002 5052 1113 5106 εἴτε
1144 5051 1334 5117 ἐθνῶν,
1371 5053 1466 5117 καὶ
1492 5055 1550 5106 ὲν
1572 5053 1758 5125 ὕμνοις

183 5144 292 5210 ἓξω
322 5145 388 5200 τὸ
413 5145 586 5218 ὄνομα
614 5143 767 5217 σου.]

256 5350 364 5404 Διὰ
386 5363 564 5403 τουτο
585 5343 1106 5415 ἑξομολογήσομαί
1148 5312 1250 5398 σοι
1287 5343 1358 5396 ἐν
1393 5343 1613 5404 ἔθνεσι,
1643 5343 1758 5396 Κύε

183 5457 292 5511 ριε.
340 5438 559 5508 Ἐπειδὴ
585 5437 654 5491 τά
689 5438 784 5492 καὶ
809 5435 877 5489 τά
908 5435 1169 5506 εἰργάσω,
1217 5432 1348 5502 ἐγὼ,
1385 5433 1548 5501 φησιν
1577 5435 1605 5486 ὁ
1634 5443 1759 5504 προ-

187 5530 386 5602 (ρήτης,
417 5524 636 5581 ἐπειδὰν
669 5527 734 5580 σὺ
762 5524 927 5588 αὐτὸς
951 5525 980 5577 ὁ
1009 5523 1215 5595 Κύριος
1241 5521 1308 5576 τά
1349 5521 1473 5592 ἔθνη
1502 5521 1753 5596 καλέσῃς,

262 5662 306 5695 ι’
343 5658 503 5716 Joan.
532 5675 650 5727 xxx,
683 5657 772 5714 i5.
854 5657 899 5690 ³ο
934 5655 1168 5727 Philipp.
1202 5672 1264 5721 ιι,
1303 5656 1356 5714 8.
1434 5656 1477 5687 ’⁸
1527 5655 1660 5710 ibid.
1699 5656 1761 5724 9.~

261 5772 336 5846 ﬂ)
372 5771 498 5840 Hac
528 5771 745 5849 Origeni
771 5772 1082 5830 tribuuntur
1105 5772 1154 5826 in
1191 5769 1320 5842 Reg.
1350 5769 1407 5828 i.

1928 4609 2228 4682 [Liberator
2278 4622 2422 4660 meus
2469 4605 2533 4658 de
2585 4605 2815 4659 inimicis
2860 4605 2987 4658 meis
3035 4603 3326 4657 iracundis.
3377 4603 3422 4657 Δ

1856 4704 2058 4775 populo
2110 4699 2336 4756 intideli.
2389 4696 2596 4751 Inimici
2668 4695 2915 4751 iracundi
2974 4705 3102 4751 sunt
3161 4693 3425 4750 Judaicus

1857 4795 2114 4864 populus,
2157 4793 2250 4864 qui
2292 4793 2451 4862 quasi
2495 4789 2840 4845 Samaritano
2880 4787 2957 4842 illi
3002 4787 3420 4844 maledicebant.

1858 4886 1954 4940 Vir
1984 4897 2167 4941 autem
2206 4886 2429 4954 iniquus
2458 4890 2542 4938 est
2579 4879 2768 4946 Judas,
2802 4889 2896 4934 aut
2930 4879 3139 4934 Pilatus
3175 4879 3266 4949 qui
3305 4879 3426 4933 sine

1858 4992 2022 5032 causa
2050 4976 2226 5045 ipsum
2261 4973 2530 5043 supplicio
2557 4969 2756 5024 affecit.
2788 4967 3107 5038 Propterea,
3157 4975 3252 5021 aut
3295 4981 3425 5036 pro-

1858 5077 1979 5139 pter
2007 5076 2100 5122 tua
2129 5081 2254 5135 erga
2281 5080 2367 5118 me
2397 5060 2896 5130 benelicia,gratias
2923 5074 3077 5130 agam
3099 5058 3190 5113 tibi
3223 5059 3275 5112 in
3305 5073 3424 5112 om-

1859 5160 2019 5220 nibus
2067 5157 2420 5221 nationibus,
2482 5155 2598 5209 sive
2646 5150 2848 5208 Judaeis
2907 5153 3021 5206 sive
3069 5151 3338 5221 gentibus,
3369 5156 3425 5204 et

1859 5251 2074 5322 hymnis
2104 5247 2389 5304 celebrabo
2416 5261 2614 5300 nomen
2651 5241 2851 5315 tuum.]

1928 5339 2218 5408 Propterea
2260 5336 2544 5405 conﬁtebor
2585 5331 2678 5387 tibi
2713 5333 2769 5385 in
2809 5331 3128 5398 nationibus,
3177 5329 3419 5384 Domine.

1857 5433 1992 5488 Cum
2035 5440 2114 5495 tu,
2165 5428 2416 5494 Domine,
2457 5427 2533 5482 ait
2574 5427 2864 5497 Propheta,
2902 5427 3018 5481 hinc
3060 5434 3114 5481 et
3152 5425 3239 5478 illa
3287 5422 3422 5476 mihi

1857 5523 2194 5597 praestiteris,
2219 5521 2437 5592 quando
2461 5529 2514 5575 tu
2551 5520 2666 5590 ipse
2698 5518 2962 5574 Dominus
2983 5526 3168 5589 gentes
3195 5528 3419 5573 vocave-

1928 5765 2006 5837 (5)
2032 5765 2088 5820 1η
2118 5762 2271 5819 Colb.
2305 5763 2358 5831 '5,
2389 5762 2505 5820 haec
2533 5763 2840 5821 tribuuntur
2866 5759 3086 5831 Cyrillo.
