3874 6218
439 336 545 393 125
1274 343 1332 398 S.
1363 345 1730 404 ATHANASII
1763 351 1912 410 OPP.
1954 353 2136 410 PARS
2171 355 2258 410 ill.
2297 387 2366 400 --
2405 357 2818 416 EXEGETICA.
3557 365 3660 420 i2]

437 452 534 512 ris,
579 463 676 518 per
714 463 808 504 eas
855 449 1156 508 conﬁtebor
1207 467 1307 524 ego
1353 455 1474 520 tibi,
1522 460 1842 517 canentibus
1891 465 1998 519 illis

2116 468 2165 519 it‘
2219 469 2398 522 αὐτῶν
2441 489 2522 524 σοι
2571 471 3060 544 ἐξομολογήσομαι,
3093 475 3326 546 ᾀδόντων
3357 475 3533 532 αὐτων
3565 480 3662 544 οὓς

434 539 666 610 hymnos
687 555 827 609 quos
857 542 1022 596 edidi.
1059 541 1178 597 Non
1207 545 1370 600 modo
1397 557 1576 604 autem
1621 551 1722 606 hoc
1749 553 1872 619 erit,
1905 555 1998 610 sed

433 632 598 684 etiam
656 633 1020 700 magnilicabo
1079 635 1281 691 salutes
1329 640 1478 708 regis
1529 656 1742 710 eorum,
1796 646 2002 700 scilicet

433 723 696 791 gentium.
756 723 930 790 Quam
987 727 1218 782 salutem
1265 739 1524 800 operatus
1579 742 1664 789 est
1713 737 1770 790 in
1822 737 2001 792 medio

433 821 613 868 terrae.
676 813 1064 886 Magniﬁcabo,
1131 819 1184 874 id
1247 829 1352 886 est,
1399 825 1687 894 perspicue
1747 828 2000 884 omnibus

433 903 766 958 acclamabo.
795 903 927 960 Nam
955 924 1096 972 eam,
1124 909 1324 980 inquit,
1352 913 1582 969 salutem
1617 928 1870 986 operatus
1894 928 1997 984 est,

433 1009 558 1049 cum
609 997 984 1052 misericordia
1037 1001 1092 1056 in
1149 1004 1251 1057 sibi
1313 1014 1540 1060 unctum
1597 1011 1860 1078 populum
1919 1021 2002 1066 est

435 1103 601 1141 usus:
623 1089 890 1158 siquidem
917 1091 970 1144 in
1003 1093 1182 1162 regale
1209 1097 1756 1156 sacerdotium-uncti
1785 1118 1996 1158 sumus.

435 1178 536 1235 Ubi
571 1191 750 1237 autem
797 1201 916 1238 eam
953 1189 1154 1256 pupula
1181 1205 1345 1258 quam
1383 1192 1516 1244 mihi
1557 1191 1747 1246 Davidi
1787 1194 2001 1248 miseri-

435 1273 676 1328 cordiam
715 1273 931 1342 feceris,
969 1278 1204 1346 idipsum
1237 1296 1454 1350 quoque
1491 1284 1556 1336 ad
1599 1299 1782 1338 semen
1819 1300 1996 1338 meum

432 1365 719 1431 pervenire
749 1366 1036 1421 concedes.
1072 1367 1266 1422 Semen
1293 1371 1491 1440 quippe
1523 1370 1688 1426 David
1724 1380 1806 1426 est
1837 1373 1998 1426 etiam

435 1455 674 1520 gentium
704 1457 960 1528 populus,
991 1459 1189 1528 quippe
1215 1461 1308 1528 qui
1345 1461 1488 1516 lilius
1512 1464 1630 1530 eius
1664 1463 1886 1518 eﬂ‘ectus
1907 1464 1997 1526 sit.

433 1546 527 1614 qui
555 1562 620 1601 ex
658 1549 864 1602 semine
901 1549 1066 1602 David
1105 1552 1404 1604 secundum
1451 1569 1668 1606 carnem
1705 1562 1864 1607 natus
1893 1564 1994 1608 est.

625 1637 667 1692 Ι.
702 1638 766 1694 In
790 1641 946 1709 finem
977 1641 1320 1698 PSALMUS
1343 1643 1556 1703 Davidi.
1587 1644 1816 1699 XVIII.

1019 1736 1420 1804 Argumentum.

2101 560 2372 629 πεποίηκα
2419 561 2638 632 ὕμνους.
2671 566 2746 616 Οὐ
2779 565 2938 634 μόνον
2982 565 3038 620 δὲ
3065 566 3240 634 τοῦτο,
3271 567 3408 620 ἀλλὰ
3435 570 3530 622 καὶ
3567 587 3656 640 μεο

2099 650 2332 719 γαλυνῶ,
2384 655 2537 724 φησὶ,
2587 655 2684 720 τὰς
2723 657 2990 728 σωτηρίας
3037 659 3130 711 τοῦ
3177 659 3438 729 βασιλέως
3484 661 3665 714 αὐτῶν

2099 743 2206 798 τῶν
2232 745 2397 800 ἐθνῶν
2417 763 2430 776 ο
2457 749 2520 818 ἢν
2553 748 2774 820 ἐποίησε
2805 751 3076 821 σωτηρίαν
3105 753 3160 804 ὲν
3205 754 3354 824 μέσῳ
3383 754 3484 822 τῆς
3531 755 3659 824 γῆς.

2099 837 2444 906 Μεγαλυνῶ,
2471 841 2712 892 τουτέστι
2745 845 2856 904 τοῖς
2903 845 3036 895 πᾶσι
3063 845 3331 914 διαϐοήσω
3369 843 3658 915 λαμπρῶς.

2113 927 2326 996 Ἐπειδὴ
2377 929 2470 981 καὶ
2501 931 2700 1000 ταύτην
2751 933 3058 1002 εἰργάσατο,
3085 936 3250 1004 φησὶ.
3297 937 3468 988 ποιῶν
3505 937 3658 989 ἔλεον

2103 1018 2190 1070 ἐπὶ
2213 1019 2302 1072 τὸν
2333 1019 2620 1088 χρισθέντα
2649 1022 2810 1074 αὐτοῦ
2835 1023 2958 1076 λαόν
2979 1041 2990 1053 ·
3025 1027 3102 1086 εἰς
3139 1024 3406 1092 βασίλειον
3447 1025 3558 1094 γὰρ
3587 1028 3662 1077 ἱε-

2101 1107 2346 1177 ράτευμα
2373 1109 2722 1179 ἐχρίσθημεν.
2757 1113 2930 1164 Ποιῶν
2959 1113 3012 1166 δὲ
3047 1114 3122 1184 τῷ
3155 1113 3268 1184 λαῷ
3291 1116 3351 1166 τὸ
3375 1115 3523 1177 ἔλεος
3565 1115 3662 1168 καί
3749 1171 3752 1174 4

2103 1213 2192 1266 μοι
2223 1196 2300 1266 τῷ
2329 1199 2506 1262 Δαυῒδ,
2537 1204 2972 1270 παρασκευάσεις
2994 1204 3243 1272 γενέσθαι
3269 1205 3416 1274 αὐτῷ
3447 1205 3536 1258 καὶ
3579 1205 3663 1275 τῷ

2101 1281 2372 1352 σπέρματί
2405 1302 2524 1354 μου.
2553 1289 2778 1359 Σπέρμα
2806 1291 2912 1359 γὰρ
2937 1291 3030 1343 τοῦ
3055 1292 3216 1344 Δαυῖδ
3243 1294 3336 1346 καὶ
3359 1295 3386 1346 ό
3411 1291 3469 1357 ἐξ
3489 1293 3660 1346 ἐθνῶν

2099 1371 2224 1436 λαός
2241 1389 2256 1406 ο
2289 1375 2383 1427 ἅτε
2412 1375 2474 1446 δὴ
2509 1375 2746 1446 γεγονὼς
2766 1381 2952 1434 τέκνον
2972 1381 3064 1436 τοῦ
3089 1385 3152 1436 ἐκ
3175 1385 3486 1456 σπέρματος
3515 1385 3662 1440 κατὰ

2101 1463 2276 1536 σάρκα
2311 1467 2657 1537 γεννηθέντος
2687 1471 2870 1526 Δαυῖδ.

2303 1641 2408 1704 Εἰς
2435 1639 2627 1706 τέλος,
2655 1643 2957 1698 ΨΑΛΜΟΣ
2986 1640 3062 1706 τῷ
3096 1641 3294 1695 Δαυΐδ.
3325 1641 3446 1698 IH'.

2708 1734 2720 1752 '
2734 1736 3038 1800 Υπόθεσις.

434 1816 706 1875 lnitialem
753 1797 1135 1891 complectitur
1184 1827 1486 1882 doctrinam
1533 1828 1620 1882 hic
1651 1828 1894 1896 psalmus
1932 1845 1996 1884 ex

2116 1822 2475 1893 εἰσαγωγικὴν
2505 1823 2848 1878 διδασκαλίαν
2882 1797 3120 1896 περίέχει
3153 1838 3181 1878 o
3214 1826 3400 1896 παρὼν
3441 1825 3660 1898 ψαλμὸς

505 1929 738 1982 persona
768 1917 1138 1982 apostolorum
1165 1919 1230 1972 ad
1261 1929 1468 1989 gentes.
1501 1919 1864 1984 Quamobrem
1889 1936 2000 1976 coe-

501 2005 614 2060 lum
649 2017 702 2062 et
735 2009 904 2062 solem
939 2021 992 2064 et
1030 2012 1236 2081 reliqua
1273 2014 1560 2080 elementa,
1606 2031 1742 2084 quos
1773 2031 1999 2084 magnos

505 2096 610 2150 illa:
658 2097 790 2153 deos
831 2115 952 2154 esse
1009 2102 1436 2169 arbitrabantur,
1485 2105 1732 2174 opilicem
1781 2106 2000 2161 laudare

505 2204 666 2242 suum
699 2191 976 2245 dicuntur.

501 2280 556 2334 2.
608 2281 737 2335 Caeli
757 2294 1008 2338 enarrant
1038 2301 1262 2354 gtortam
1293 2302 1406 2340 uer.
1429 2303 1616 2342 omne
1641 2297 1724 2343 est
1751 2289 1854 2344 hoc
1885 2290 1996 2344 illi:

435 2369 732 2426 Invisibilia
761 2377 896 2428 enim
925 2377 1090 2445 ipsius
1121 2394 1153 2430 a
1193 2387 1436 2431 creatura
1465 2381 1645 2433 mundi
1677 2398 1768 2448 per
1795 2398 1856 2434 ea
1885 2399 2000 2450 qua:

434 2461 578 2530 facta
607 2473 725 2516 sunt
759 2466 1022 2520 intellecta
1051 2469 1446 2534 conspiciuntur
1473 2486 1491 2522 :
1527 2471 1842 2526 sempiterna
1864 2490 1999 2542 quo-

433 2572 530 2609 aue
558 2555 671 2624 ejus
699 2557 863 2610 uirtus
890 2566 938 2610 et
977 2557 1224 2612 divinitas
1257 2560 1323 2612 “.

507 2648 562 2702 5.
605 2647 726 2700 Dies
765 2649 871 2701 diei
906 2659 1108 2703 eructat
1146 2651 1388 2718 verbum,
1425 2661 1474 2704 et
1521 2668 1658 2720 nam,
1701 2663 1804 2708 etc.
1846 2654 1997 2720 Dies,

433 2741 632 2809 inquit,
693 2749 745 2794 et
797 2757 930 2805 nox,
985 2750 1175 2795 mutuo
1216 2744 1318 2796 sibi
1366 2746 1600 2812 spatium
1645 2741 1915 2800 concinne
1947 2757 2000 2802 et

435 2832 760 2900 congruenti
815 2833 1006 2887 ordine
1051 2834 1118 2887 ad
1168 2849 1390 2888 cursum
1437 2835 1816 2904 concedentes,
1863 2839 1997 2908 ipsis

437 2923 598 2978 rebus
625 2933 924 2978 creatorem
957 2939 1115 2979 suum
1152 2926 1467 2994 prtedicant.

502 3017 555 3070 4.
611 3015 730 3070 Νοη
767 3026 887 3070 sunt
923 3016 1140 3086 loquela:
1181 3033 1340 3086 neque
1379 3033 1673 3082 sermones,
1717 3025 1820 3072 etc.
1861 3017 1994 3072 Cum

2169 1915 2232 1964 ἐκ
2265 1915 2552 1984 προσώπου
2585 1915 2692 1970 τῶν
2740 1917 3048 1970 ἀποστόλων
3083 1918 3216 1986 πρὸς
3269 1917 3335 1971 τὰ
3369 1917 3514 1989 ἔθνη.
3563 1920 3658 1972 Διὸ

2169 2007 2262 2058 καὶ
2300 2007 2546 2076 οὐρανὸν,
2581 2008 2672 2060 καὶ
2702 2008 2870 2078 ἥλιον,
2929 2009 3022 2060 καὶ
3077 2009 3144 2062 τὰ
3195 2009 3359 2081 ἕτερα
3391 2013 3654 2081 στοιχεῖα,

2167 2096 2260 2160 οὒς
2291 2098 2383 2150 καὶ
2414 2098 2680 2168 μεγάλους
2725 2097 2937 2168 ἐνόμιζε
2971 2099 3137 2166 ,θεοὺς
3173 2099 3342 2154 ταῦτα
3397 2101 3658 2172 ἀνυμνεῖν

2165 2189 2253 2240 τὸν
2285 2190 2510 2259 ποιητὴν
2538 2189 2714 2241 αὐτῶν
2751 2190 3016 2257 λέγουσιν.

2171 2281 2234 2330 Οἱ
2262 2281 2498 2346 οἱφανοὶ
2551 2279 2890 2350 διηγοῦνται
2933 2281 3119 2346 δόξαν
3145 2283 3310 2336 Θεοῦ.
3346 2283 3567 2356 Ὅμοιον
3591 2283 3656 2338 τὸ

2099 2371 2379 2440 εἰρημένον
2404 2387 2416 2400 ·
2461 2369 2536 2423 Τὰ
2595 2373 2702 2440 γὰρ
2760 2371 2980 2440 ἀόρατα
3021 2373 3204 2426 αὐτοῦ
3250 2373 3366 2427 ἀπὸ
3405 2375 3656 2442 κτίσεως

2099 2465 2326 2530 κόσμου
2353 2463 2473 2528 τοῖς
2501 2464 2785 2534 ποιήμασι
2807 2467 3098 2534 νοούμενα
3122 2467 3458 2536 καθορᾶται,
3500 2469 3540 2538 ἦ
3590 2485 3657 2524 τε

2098 2555 2286 2621 ἀΐδιος
2317 2557 2501 2612 αὑτοῦ
2523 2557 2771 2626 δύναμις
2795 2560 2890 2612 καὶ
2919 2561 3162 2626 θειότης.

2181 2646 2384 2714 Ἡμέρα
2417 2648 2488 2715 τῇ
2517 2649 2702 2717 ἡμέρῃ
2737 2651 3028 2718 ἐρεύγεται
3053 2651 3217 2720 ῥῆμα
3241 2653 3338 2706 καὶ
3363 2653 3544 2718 νύξ
3589 2654 3658 2708 Ἠ

2097 2738 2300 2808 ἡμέρα,
2321 2756 2391 2808 φη
2401 2739 2472 2802 oi,
2487 2739 2625 2809 καὶὴ
2647 2739 2740 2802 νὺξ
2757 2741 3027 2804 εὐτάκτως
3043 2742 3134 2793 καὶ
3153 2743 3498 2812 εὐαρμόστως
3515 2744 3658 2796 ἀντι-

2101 2827 2517 2899 παραχωροῦσαι
2548 2831 2672 2892 τοὺς
2697 2831 2926 2900 δρόμους
2953 2832 3225 2902 ἀλλήλαις,
3253 2833 3320 2886 δι’
3349 2833 3657 2888 αὐτῶντῶν

2101 2920 2436 2990 πραγμάτων
2480 2919 2570 2972 τὸν
2595 2920 2916 2992 δημιουργὸν
2943 2922 3120 2974 αὐτῶν
3150 2923 3626 2994 ἀνακηρύττουσιν.

2164 3011 2283 3062 Οὐκ
2311 3009 2424 3062 εἰσὶ
2451 3011 2654 3064 vitulini
2694 3009 2834 3062 οὐδὲ
2865 3013 3052 3080 λόγοι.
3089 3013 3222 3066 Καθ’
3251 3015 3590 3084 ὑποστιγμὴν
3619 3016 3654 3084 ἡ

437 3108 870 3176 interpunctione
919 3107 1226 3176 legendum.
1289 3107 1420 3161 Nam
1478 3123 1542 3162 ex
1615 3109 1842 3164 adverso
1916 3109 1998 3162 itt-

2116 3097 2420 3166 ῑινάγνωσις.
2469 3099 2826 3152 Ἀντιπίπτων
2857 3100 2933 3164 δὲ,
2971 3103 3358 3172 ὑποτέμνεται·
3399 3104 3458 3157 τὸ
3484 3105 3540 3157 δὲ
3569 3106 3660 3158 ἁν-

437 3209 719 3268 terrogaus
779 3198 1078 3252 clausulam
1141 3198 1442 3267 distinguit,
1487 3199 1630 3266 quod
1682 3208 1862 3254 autem
1904 3214 1998 3268 per

439 3288 911 3356 interrogationem
958 3287 1248 3356 opponitur
1291 3297 1374 3340 est
1431 3288 1562 3342 illud
1619 3305 1632 3342 :
1693 3297 1746 3342 et
1793 3288 1998 3342 nihilne

438 3377 781 3445 loquuntur?
827 3376 1164 3445 Quapropter
1212 3376 1388 3430 dicit:
1441 3378 1635 3430 Annon
1681 3377 1875 3445 aliquae
1912 3391 1999 3432 res

439 3478 585 3532 sunt,
619 3483 737 3538 quae
775 3469 900 3522 licet
939 3469 1144 3523 nullam
1190 3469 1442 3524 emittant
1476 3484 1662 3522 vocem
1685 3509 1700 3534 ,
1739 3469 1996 3522 artilicem

437 3561 804 3615 denuntiant?
851 3561 1139 3614 Enimvero
1189 3577 1252 3614 ex
1281 3561 1504 3630 pulchre
1539 3562 1801 3616 adornata
1851 3562 1996 3626 navi,

437 3651 577 3706 fabri
623 3653 809 3721 peritia
841 3651 1177 3721 dignoscitur
1211 3669 1226 3705 :
1262 3661 1316 3706 et
1356 3653 1605 3706 similiter
1642 3653 1708 3706 de
1753 3654 1996 3722 reliquis.

437 3739 702 3794 Praedicta
734 3740 914 3808 itaque
945 3739 1156 3808 Opiﬁcia
1191 3755 1220 3794 a
1258 3742 1652 3811 magnitudine,
1699 3743 2000 3811 pulchritu-

437 3833 582 3896 dine,
630 3831 998 3886 concinnitate
1061 3829 1308 3900 opiiicem
1375 3835 1672 3902 praedicant
1738 3852 1750 3886 :
1813 3834 1887 3890 ita
1942 3843 2001 3889 ut

436 3938 625 3978 eorum
657 3924 964 3993 praedicatio
989 3939 1202 3978 omnem
1225 3925 1484 3992 pervadat
1511 3925 1718 3978 orbem.

507 4015 559 4070 6.
582 4015 646 4070 In
663 4015 771 4070 sole
793 4017 964 4086 posuit
987 4015 1378 4070 tabernaculum
1397 4033 1568 4068 suum.
1590 4015 1646 4070 In
1665 4015 1776 4072 sole
1795 4025 2000 4086 posutt.

373 4173 380 4180 δ
437 4109 634 4179 inquit,
669 4111 1073 4164 tabernaculum
1121 4111 1235 4166 sive
1269 4110 1514 4165 domum.
1553 4109 1780 4164 Ubinam
1819 4121 2000 4164 autem

437 4201 622 4269 posuit
650 4200 754 4254 nisi
788 4201 842 4252 in
878 4201 1016 4254 caelo
1049 4208 1102 4253 et
1135 4199 1190 4252 in
1227 4201 1566 4254 lirmamento
1599 4216 1762 4268 supra
1792 4217 2001 4253 memo-

437 4291 572 4344 ratis
605 4291 628 4343 ?
660 4287 812 4343 lianc
849 4304 1012 4358 porro
1049 4287 1272 4342 domum
1295 4329 1308 4354 ,
1357 4288 1554 4341 lectum
1604 4305 1730 4342 Item
1766 4293 1998 4345 vocavit.

439 4379 706 4436 Utautem
735 4380 850 4435 dies
874 4389 924 4434 et
948 4395 1054 4433 nox
1079 4379 1305 4448 pulchro
1330 4379 1421 4432 illo
1450 4379 1638 4432 ordine
1663 4389 1712 4432 et
1731 4395 1997 4434 consensu

2099 3191 2350 3242 τιπίπτον
2377 3190 2491 3242 ὲστί
2513 3207 2526 3218 ·
2573 3193 2680 3244 Καὶ
2717 3193 2820 3261 μὴν
2874 3195 2932 3245 οὐ
2978 3195 3337 3262 φθέγγονται;
3371 3196 3460 3248 Διὸ
3485 3195 3654 3264 λέγει·

2099 3277 2245 3354 Ἀρα
2276 3284 2374 3335 οὐκ
2405 3284 2510 3336 εἰσὶ
2541 3284 2661 3337 τινὰ
2716 3284 3010 3354 πράγματα
3065 3285 3132 3350 ἃ,
3169 3288 3262 3340 καὶ
3311 3287 3382 3356 μὴ
3429 3287 3662 3354 ἀφιέντα

2101 3377 2302 3447 φωνὴν,
2321 3376 2410 3428 τὸν
2430 3375 2675 3446 τεχνίτην
2692 3376 3140 3446 άνακηρύττουσι;
3171 3377 3276 3430 Ναὶ
3303 3379 3409 3447 μὴν
3433 3378 3525 3432 xui.
3549 3379 3670 3450 γὰρ

2101 3469 2166 3520 ὲκ
2195 3466 2294 3536 τῆς
2323 3467 2500 3529 καλῶς
2533 3466 2882 3536 ἡρμοσμένης
2917 3465 3042 3536 νηὸς
3069 3472 3099 3536 ἡ
3133 3467 3292 3536 τέχνη
3319 3467 3412 3519 τοῦ
3447 3483 3662 3536 ναυπη-

2100 3557 2197 3626 γοῦ
2229 3557 2502 3625 φαίνεται’
2537 3556 2627 3608 καὶ
2655 3555 2876 3608 ἐπὶτῶν
2909 3555 3082 3608 ἄλλων
3113 3556 3168 3608 δὲ
3201 3555 3480 3620 ὡσαύτως.
3517 3557 3662 3610 Οὐκ·

2101 3647 2193 3698 οὖν
2235 3646 2329 3698 καὶ
2365 3645 2434 3697 τὰ
2477 3646 2754 3714 ποιήματα
2779 3644 2846 3697 τά
2879 3643 3250 3714 προειρημένα
3279 3645 3419 3698 οὕτω
3465 3646 3678 3716 κηρύτ--

2100 3755 2180 3789 τει
2209 3737 2314 3789 ἀπὸ
2349 3735 2607 3806 μεγέθους
2633 3736 2724 3788 καὶ
2753 3735 3017 3805 καλλονῆς
3058 3737 3152 3789 xui.
3179 3738 3543 3807 εὐαρμοστίας
3569 3739 3664 3792 τὸν

2101 3827 2468 3898 δημιουργὸνο
2515 3825 2589 3888 ὡς
2637 3827 2716 3888 εἰς
2747 3827 2924 3878 πᾶσαν
2965 3827 3142 3880 αὐτῶν
3189 3827 3285 3898 τὴν
3333 3829 3662 3900 οἰκουμένην

2101 3919 2413 3988 διαδραμεῖν
2441 3915 2500 3968 τὸ
2532 3919 2812 3986 κήρυγμα.

2186 4009 2286 4060 Ἐν
2317 4004 2395 4070 τῷ
2417 4005 2566 4072 ἡλίῳ
2593 4005 2757 4058 ἔθετο
2785 4003 2852 4056 τὸ
2899 4003 3186 4071 σκήνωμα
3232 4004 3436 4058 αὐτοῦ.
3486 4003 3578 4074 Τῷ
3606 4006 3667 4076 ή-

2101 4099 2218 4168 λίῳ,
2253 4098 2434 4166 φησιν,
2471 4095 2620 4147 ἔθετο
2651 4095 2710 4146 τὸ
2741 4096 3002 4164 σκήνωμα
3031 4133 3046 4156 ,
3093 4095 3210 4164 ἤτοι
3241 4089 3406 4148 οἷκον.
3457 4094 3570 4148 Ποῦ
3603 4095 3664 4148 δὲ

2104 4189 2252 4240 ἔθετο
2279 4189 2310 4258 ἢ
2337 4189 2392 4238 ὲν
2525 4187 2901 4256 προειρημένῳ
2927 4185 3138 4256 οὐρανῷ
3167 4187 3256 4238 καὶ
3287 4184 3622 4256 στερεὼματι
3646 4204 3662 4252 ;

2103 4279 2299 4330 Τοῦτον
2331 4277 2386 4329 δὲ
2419 4276 2508 4328 τὸν
2539 4272 2684 4328 οἷκον
2725 4275 2820 4326 καὶ
2863 4273 3064 4326 παστὺν
3109 4275 3405 4343 ῳνόμασεν.
3455 4275 3666 4344 ’Ὠσπερ

2103 4369 2158 4422 δὲ
2189 4368 2367 4438 ἡμέρα
2409 4367 2499 4418 καὶ
2542 4363 2637 4428 νὺξ
2661 4367 2725 4434 τῇ
2761 4363 3004 4432 εὑτάκτῳ
3031 4364 3314 4434 συμφωνίᾳ
3337 4363 3665 4435 κηρύττουσι

438 4476 736 4544 praedicant
777 4471 1046 4543 opificem,
1093 4473 1167 4526 ita
1203 4479 1257 4525 et
1281 4471 1362 4526 sol
1403 4470 1546 4538 quod
1592 4470 1822 4536 quadam
1867 4486 1998 4525 con-

2116 4459 2191 4513 :6v
2235 4457 2578 4528 δημιουργὸν,
2609 4454 2750 4507 οὕτω
2779 4453 2876 4528 καὶ
2926 4455 2954 4505 ὁ
3003 4453 3174 4522 ἣλιος,
3235 4455 3295 4507 τὸ
3344 4455 3433 4507 τὸν
3465 4456 3666 4526 δρόμον

440 4566 702 4620 cinnitate
777 4561 1324 4620 cursnm'conﬁciat
1411 4560 1648 4615 iubentis
1701 4562 1995 4630 potentiam

438 4657 700 4714 declarat.

508 4751 565 4804 8.
607 4749 716 4804 Lex
755 4747 969 4801 Domini
1017 4737 1364 4799 immacuiata
1421 4756 1719 4798 convertens
1771 4747 1996 4800 animas.

442 4841 764 4911 Evangelica
787 4839 1015 4894 scilicet.
1050 4835 1262 4889 Ethnici
1293 4843 1484 4903 utpote
1516 4835 1606 4905 qui
1633 4836 1741 4904 jam
1771 4851 1834 4890 ex
1865 4853 2000 4905 prae-

441 4935 600 4988 dictis
646 4931 930 4986 elementis
961 4927 1282 4982 edidicerint
1334 4942 1503 4980 unum
1560 4928 1802 4995 opilicem
1858 4943 1998 4994 esse,

443 5023 706 5077 docentur
751 5021 968 5073 demum
1017 5018 1382 5086 evangelicum
1425 5017 1594 5086 legem
1630 5034 1644 5082 ;
1681 5018 1748 5071 ita
1793 5027 1849 5071 ut
1886 5034 2004 5071 om—

445 5117 592 5169 nium
645 5113 882 5182 gentium
929 5111 1124 5164 animae
1173 5111 1238 5163 ad
1281 5109 1564 5162 veritatem
1603 5119 2002 5163 conuertantur.

447 5203 822 5258 Testimonium
896 5199 1112 5254 Domini
1185 5199 1336 5269 ﬁdele
1358 5199 1674 5268 sapientiam
1751 5209 2006 5267 prtestuns

2109 4551 2245 4622 μετά
2265 4567 2407 4610 τινος
2423 4545 2787 4614 εὐαρμοστίας
2813 4541 3098 4610 ποιεῖσθαι,
3125 4544 3272 4615 δηλοῖ
3284 4543 3376 4596 τοῦ
3403 4545 3668 4614 προστάτρ

2103 4661 2284 4706 τοντος
2315 4643 2412 4710 τὴν
2445 4640 2688 4708 δύναμιν.

2187 4737 2238 4788 Ὀ
2261 4739 2442 4804 νόμος
2471 4734 2686 4800 Κυρίου
2701 4733 2933 4801 ἄμωμος
2955 4731 3321 4798 ἐπιστρέφων
3349 4729 3570 4797 ψυχάς.
3608 4730 3672 4782 Ὀ.

2105 4826 2453 4896 εὐαγγελικὸς
2473 4823 2731 4894 δηλονότι.
2777 4823 2864 4884 Ὠς
2893 4822 2988 4892 ἤδη
3033 4821 3090 4874 δὲ
3134 4820 3240 4874 ἀπὸ
3271 4819 3377 4872 τῶν
3411 4836 3666 4890 προειρη-

2112 4921 2284 4992 μένων
2322 4917 2597 4986 στοιχείων
2623 4913 3133 4984 παιδαγωγηθέντες
3159 4913 3207 4964 οἱ
3237 4910 3296 4974 ἐξ
3333 4911 3521 4974 ὲθνῶν,
3569 4912 3666 4964 ἕνα

2109 5007 2243 5062 εἶναι
2272 5007 2361 5060 τὸν
2395 5005 2722 5077 δημιουργὸν
2753 5044 2768 5068 ,
2817 5003 3159 5058 διδάσκονται
3203 5001 3386 5055 λοιπὸν
3433 5002 3526 5054 καὶ
3575 5001 3666 5053 τὸν

2106 5100 2456 5170 εὐαγγελικὸν
2483 5099 2666 5168 νόμον,
2715 5097 2788 5159 ὼς
2843 5094 2937 5148 καὶ
2985 5093 3306 5163 ἐπιστρέψαι
3353 5091 3460 5144 τῶν
3497 5092 3666 5144 ἐθνῶν

2105 5197 2356 5249 ἁπάντων
2381 5191 2478 5252 τὰς
2511 5189 2684 5258 ψυχας
2715 5189 2792 5249 εἰς
2815 5185 3090 5254 ἀλήθειαν.
3133 5185 3194 5238 Ἠ
3209 5184 3502 5252 μαρτυρία
3547 5187 3664 5236 Κυ-

443 5295 695 5364 parvulis.
748 5291 1140 5347 Testimonium
1199 5293 1404 5347 scilicet
1453 5293 1596 5360 quod
1653 5291 1718 5345 de
1778 5308 1836 5346 se
1891 5292 1998 5361 ipse

2116 5288 2234 5338 οἵου
2304 5283 2486 5349 πιστὴ
2568 5277 2900 5347 σοφίζουσα
2971 5275 3185 5341 νήπια.
3260 5277 3360 5326 Ἢν
3421 5273 3666 5344 ἐμαρτύ-

447 5387 692 5440 Salvator
721 5383 990 5449 reddidit;
1023 5391 1076 5437 et
1107 5402 1118 5436 ε
1153 5381 1264 5452 Ego
1288 5382 1382 5435 lux
1423 5382 1477 5434 in
1517 5379 1768 5434 mundum
1798 5383 1910 5434 veni
1933 5383 2005 5448 '3;

447 5485 500 5527 et
537 5493 550 5528 :
582 5471 690 5541 Ego
717 5487 782 5525 ea;
821 5471 984 5526 Patre
1017 5473 1157 5526 exivi
1199 5481 1249 5524 et
1294 5471 1438 5524 venio
1472 5469 1556 5535 “;
1603 5477 1656 5522 et
1689 5487 1701 5522 :
1743 5467 1854 5538 Ego
1887 5486 2000 5522 sum

449 5564 555 5616 vita
601 5563 666 5614 ’°.

519 5695 561 5726 ”
613 5693 768 5749 Rom.
801 5709 838 5762 ι,
877 5693 966 5748 20.
1061 5695 1106 5726 ’³
1150 5691 1304 5747 Joan.
1342 5706 1439 5756 ut,
1469 5689 1556 5745 46.

1635 5689 1682 5722 ⁸⁸
1723 5687 1878 5745 Joan.
1907 5708 2014 5756 1m,
2049 5691 2138 5746 ΞΒ.

2111 5394 2273 5448 ρησεν
2308 5375 2434 5444 περὶ
2467 5369 2657 5424 ἑαυτοῦ
2691 5371 2719 5421 ὁ
2747 5367 3068 5438 Μονογενὴςῗ
3090 5365 3150 5418 τό
3173 5380 3188 5396 ⁸
3247 5363 3392 5432 Ἐγὼ
3438 5363 3563 5432 φῶς
3581 5367 3668 5424 εἰς

2107 5467 2213 5520 τὸν
2262 5467 2492 5532 κόσμον
2545 5462 2848 5528 ἐλήλυθα·
2912 5459 3026 5520 καὶ,
3074 5457 3222 5526 Ἐγὼ
3285 5457 3352 5509 ἐκ
3393 5455 3500 5508 τοῦ
3549 5461 3666 5509 IM-

2107 5558 2242 5626 τρὸς
2279 5555 2555 5624 ἐξῆλθον,
2587 5555 2680 5607 καὶ
2721 5553 2878 5620 ἥκω·
2933 5551 3048 5616 καὶ,
3111 5547 3248 5618 Ἐγώ
3289 5550 3401 5616 ειμι
3437 5549 3484 5614 ἡ·
3529 5547 3664 5618 tibi}.

2237 5689 2280 5721 "
2320 5687 2474 5744 Joan.
2505 5703 2613 5753 χιιι,
2643 5687 2696 5740 6.
