3874 6218
331 312 436 367 £25
1487 322 1849 381 EXl’OSlTlO
1885 326 1951 379 IN
1989 326 2316 384 PSALMUM
2352 329 2489 384 ΜΚ.
3466 330 3571 392 196

402 429 746 503 [Σοφίζουσα
778 437 969 507 νήπια,
1009 436 1313 506 βεϐαιοῦσα
1334 439 1460 502 τοὺς
1488 442 1813 508 ἀποστόλους
1831 488 1844 509 ,
1874 447 1905 515 ἣ

2084 447 2237 520 [Quae
2266 451 2565 505 infantibus
2583 449 2902 519 sapientiam
2929 449 3132 515 tribuo,
3149 450 3426 519 apostolos
3442 466 3572 506 con-

327 520 500 590 νήπια
528 523 653 585 τοὺς,
680 525 739 577 ὲν
770 524 991 595 Χριστῷ
1024 527 1349 597 γενομένους
1374 529 1598 598 νηπίους
1640 532 1773 599 φησὶ
1807 547 1857 582 κε

2036 546 2191 605 irmo,
2225 554 2318 598 aut
2356 561 2453 613 per
2484 543 2717 599 infantes
2752 541 3001 611 intelligit
3023 557 3119 598 eos
3146 541 3240 611 qui
3269 542 3319 594 in
3348 540 3566 596 Christo

326 611 591 683 ἄφρονας,
619 615 713 668 καὶ
738 618 866 679 τοὺς
894 617 1213 688 ἀνθρώπους
1245 618 1434 686 σοφίας
1468 620 1745 689 ἀπείρους.
1776 619 1795 691 ]

2046 634 2247 689 ιῆιυιθε
2274 635 2528 700 eradunt,
2555 642 2649 687 aut
2688 634 2933 698 insanos,
2966 632 3323 700 hominesque
3355 631 3576 700 sapien-

2013 722 2097 777 tia:
2122 740 2151 776 e
2191 735 2391 793 portes.
2414 720 2435 793 ]

402 830 591 885 Daniel
619 832 890 888 Barbarus
914 849 933 886 :
963 833 1352 889 Testimonium
1379 835 1481 889 hoc
1514 835 1855 905 imperfectos
1880 840 2142 907 parvulos
2175 848 2229 894 et
2252 836 2415 892 rudes
2440 836 2657 892 instruit
2681 843 2735 889 et
2760 835 3031 903 sapientes
3060 834 3256 889 reddit.

404 944 486 998 Τὰ
513 942 869 1013 δικαιώματα
890 947 1107 1014 Κυρίου
1131 946 1305 1000 εὐθέα
1324 948 1721 1015 εὐφραίνοντα
1757 966 1899 1016 καρ-

2072 953 2127 1008 9.
2172 950 2593 1019 Justiﬁcationes
2619 946 2832 999 Domini
2857 956 3007 1000 recta:
3032 946 3357 1015 laztiﬁcanles
3380 946 3562 1000 corda.

324 1034 486 1089 δίαν.
535 1037 679 1087 Ἀντὶ
705 1036 821 1101 τοῦ,
855 1039 886 1108 ἡ
913 1037 1191 1100 δικαίωσις
1225 1040 1258 1107 ἠ
1289 1040 1554 1109 γενομένη
1583 1041 1640 1092 ὲν
1672 1042 1736 1110 τῇ
1770 1042 1854 1110 ἡμι

2032 1046 2056 1100 :i
2082 1054 2183 1111 est,
2220 1042 2534 1114 justilicatio
2558 1041 2612 1093 in
2637 1040 2844 1108 judicio
2867 1048 3056 1091 nostro
3087 1038 3245 1091 facta.
3280 1036 3414 1091 Nam
3438 1054 3562 1093 cum

322 1124 462 1195 τέρᾳ
491 1123 688 1193 κρίσει.
728 1123 934 1192 Κρίνας
962 1123 1068 1194 γὰρ
1107 1125 1263 1194 ἡμῶν
1289 1124 1384 1193 τὴν
1429 1125 1629 1195 κρίσιν,
1677 1124 1852 1189 ὲξέϐαὶ

2036 1152 2066 1189 e
2102 1150 2269 1189 causa
2306 1133 2573 1201 judicaret
2602 1138 2807 1189 nostra,
2841 1127 2997 1194 ejecit
3031 1126 3327 1196 principem
3357 1126 3561 1201 saeculi,

324 1215 417 1268 τὸν
449 1215 680 1285 ἄρχοντα
714 1214 808 1266 τοῦ
853 1214 1063 1279 αἰῶνος,
1100 1215 1276 1278 διδοὺς
1321 1218 1450 1284 ἡμῖν
1480 1215 1854 1287 εὐφροσύνηνέ

2034 1225 2244 1276 ribuens
2274 1220 2432 1273 nobis
2476 1218 2716 1271 laetitiam
2760 1217 2813 1268 in
2859 1216 3040 1269 corde.
3087 1215 3414 1285 Prwceptum
3461 1214 3564 1267 Do-

325 1306 542 1376 καῴίᾳ.
598 1306 656 1360 Ἠ
689 1306 905 1373 ἐντολὴ
954 1307 1174 1373 Kvpt'ov
1217 1306 1517 1375 τηλαυγὴς
1564 1306 1855 1375 φωτίζουσ

2028 1314 2131 1365 nini
2178 1311 2409 1364 lucidum
2452 1308 2755 1361 illuminans
2793 1306 3017 1371 oculos;
3063 1307 3259 1361 mentis
3303 1307 3558 1361 nimirum

324 1398 690 1465 ὀφθαλμούς.
746 1399 883 1459 Τοὺς
928 1399 1025 1467 τῆς
1074 1398 1311 1460 διανοίας
1364 1400 1523 1469 φησὶν
1580 1398 1854 1468 ὀφθαλμοῦ

1461 1400 1523 1450 ςἰν
1580 1398 1889 1468 ὀφθαλμοὺς
1995 1406 2204 1471 oculos,
2229 1404 2441 1457 eminus
2471 1398 2991 1454 radiosimmittens.

323 1487 606 1558 πόρρωθεν
632 1488 727 1558 τὴν
763 1487 934 1558 αὐγὴν
970 1489 1387 1559 ἀναπέμπουσα.

389 1602 583 1656 Daniel
603 1603 873 1657 Barbarus
902 1604 1139 1660 :Mentis
1167 1607 1449 1671 nimirum,
1481 1607 1682 1661 docens
1711 1606 1987 1675 quomodo
2027 1603 2408 1657 universorum
2440 1600 2550 1653 Deo
2582 1598 2865 1652 serviatur.

408 1697 471 1751 '0
517 1701 698 1767 φόϐος
736 1700 954 1765 Kvplav
999 1700 1183 1768 ἁγνὸς
1228 1700 1521 1769 διαμένων
1565 1704 1651 1767 εὶς
1698 1702 1938 1766 αἱῶναι

2068 1699 2162 1751 10.
2206 1696 2385 1749 Timor
2422 1695 2636 1747 Domini
2668 1705 2846 1746 castus
2879 1708 3185 1761 permanens
3223 1692 3277 1744 in
3306 1692 3556 1746 saeculum

318 1786 555 1853 αἰῶνος.
599 1790 686 1851 Ὠς
717 1790 853 1860 πρὸς
883 1790 1283 1861 ἀντιδιαστολὴν
1318 1792 1410 1843 τοῦ
1458 1791 1679 1861 νομικοῧ
1721 1791 1848 1859 φόϐο

2026 1788 2200 1842 recoli.
2234 1786 2399 1851 Quasi
2433 1786 2499 1839 ad
2522 1784 2877 1837 ditl‘erentiam
2906 1783 3095 1853 legalis
3124 1782 3334 1838 timoris
3373 1792 3556 1839 castus

318 1878 381 1930 τὸ
414 1881 687 1931 τοιοῦτον·
739 1880 945 1943 ἐκεῖνος
992 1879 1100 1949 γὰρ
1142 1880 1429 1951 κολαστής.
1477 1881 1661 1951 Ἡμῶν
1696 1881 1847 1948 ἀγνεί

2030 1882 2224 1934 icitur:
2257 1880 2345 1933 ille
2364 1877 2507 1932 enim
2544 1891 2757 1946 poenam
2793 1876 3087 1944 spectabat.
3108 1874 3182 1945 (6)
3208 1874 3439 1931 Castitas
3454 1892 3555 1931 au-

319 1970 469 2021 ὲστὶν
501 1971 912 2040 ἁμαρτημάτων
948 1972 1149 2041 ἁποχή.
1187 1970 1278 2023 Διὸ
1310 1973 1401 2024 καὶ
1434 1973 1594 2039 ἁγνὸς
1620 1972 1831 2042 εἴρηται

2025 1989 2098 2026 em
2124 1980 2207 2025 est
2240 1969 2564 2024 abstinentia
2605 1984 2635 2021 a
2672 1968 2925 2036 peccatis.
2954 1965 3133 2032 Quare
3171 1977 3356 2023 castus
3393 1971 3555 2023 timor

320 2058 506 2126 φόϐος,
534 2059 609 2126 ὡς
637 2061 836 2127 ἁγνοὺς
867 2061 1033 2113 ποιῶν
1059 2078 1071 2091 ⁸
1108 2061 1186 2130 τῷ
1222 2061 1329 2132 γὰρ
1356 2062 1502 2130 φόϐῳ
1534 2063 1757 2133 Κυρίου,
1785 2080 1850 2132 φη

2032 2064 2210 2128 icitur,
2245 2062 2392 2131 quod
2415 2069 2595 2115 castos
2637 2059 2832 2113 clliciat
2864 2078 2877 2113 :
2912 2074 3035 2112 nam
3071 2075 3181 2126 prae
3215 2060 3411 2113 timore
3447 2060 3556 2115 Do-

321 2150 425 2213 ὀὶν,
449 2148 680 2202 ἐκκλίνει
707 2168 789 2213 τις
821 2152 927 2204 ἀπὸ
966 2151 1154 2204 κακοῦ.
1188 2152 1411 2215 Αἰώνιος
1441 2153 1496 2205 δὲ
1538 2152 1612 2204 ὢν
1643 2155 1670 2204 6
1703 2153 1851 2222 φόϐος

2022 2154 2131 2207 nini
2170 2152 2403 2206 declinat
2440 2152 2563 2219 quis
2610 2166 2642 2203 a
2685 2151 2849 2203 malo.
2896 2148 3155 2204 Eternus
3200 2159 3384 2206 autem
3426 2167 3552 2207 cum

317 2242 376 2293 ὲν
408 2234 489 2303 οἷς
521 2239 586 2293 ἂν
610 2241 832 2311 γένηται
866 2244 959 2295 καὶ
996 2246 1189 2307 αὐτοὺς
1219 2245 1467 2309 αἰωνίους
1503 2249 1664 2299 ποιεῖ.

1993 2246 2065 2301 sit
2091 2245 2271 2309 timor,
2305 2251 2533 2297 aeternos
2558 2243 2686 2296 item
2723 2242 2883 2296 ellicit
2914 2258 3053 2311 quos
3090 2243 3405 2314 ingreditur.

400 2332 502 2383 Ἐν
529 2330 607 2396 τῷ
639 2331 982 2401 φυλάσσειν
1016 2337 1166 2391 αὐτὰ
1212 2339 1614 2405 ἀνταπόδοσις
1658 2340 1881 2407 πολλή.

2065 2340 2152 2392 12.
2184 2338 2249 2392 In
2277 2338 2632 2392 custodiendis
2676 2336 2783 2389 illis
2811 2336 3085 2388 retributio
3129 2336 3316 2389 multa.
3346 2336 3551 2392 Merces

316 2419 523 2482 Μισθὸς
562 2420 667 2491 γὰρ
701 2421 944 2493 φυλακῆς
962 2425 1170 2491 γίνεται
1209 2426 1247 2479 (ἲ
1275 2428 1578 2496 ὀφθαλμὸς
1603 2431 1711 2482 οὐκ
1733 2426 1846 2483 οἶδε

2027 2434 2186 2502 uippe
2216 2432 2573 2485 observantia:
2596 2438 2723 2483 sunt
2746 2445 2866 2498 qua:
2898 2428 3088 2483 oculus
3128 2443 3233 2482 non
3260 2429 3411 2493 vidit,
3450 2444 3550 2483 nec

317 2509 415 2562 καὶ
441 2506 551 2575 οὖς
591 2512 703 2563 οὐκ
732 2510 982 2579 ἤκουσε,
1014 2517 1111 2569 καὶ
1144 2517 1240 2570 ἐπὶ
1272 2519 1526 2587 καρδίαν
1566 2521 1847 2589 ἀνθρώπω

1983 2526 2132 2581 auris
2164 2525 2504 2589 audivit,nec
2536 2522 2590 2576 in
2611 2538 2705 2577 cor
2735 2522 2970 2577 hominis
2993 2522 3353 2577 ascenderunt
3375 2523 3440 2575 “.

315 2603 429 2655 οὐκ
460 2602 663 2670 ἀνέϐη.

387 2719 588 2789 Adjicit
620 2722 807 2776 Daniel
833 2722 1142 2777 Barbarus:
1167 2723 1281 2779 Non
1313 2735 1394 2781 est
1415 2725 1575 2795 igitur
1604 2727 1722 2781 sine
1748 2727 1902 2780 lucro
1934 2725 2146 2778 illorum
2164 2720 2539 2781 observantia:
2569 2722 2766 2777 etenim
2796 2722 2995 2776 multas
3025 2730 3079 2776 et
3106 2722 3361 2791 pulchras
3384 2708 3519 2778 retri
3533 2754 3546 2764 -

313 2810 566 2865 butiones
593 2812 771 2867 habet.
811 2812 1079 2869 llactenus
1107 2824 1284 2869 autem
1319 2816 1384 2869 de
1418 2817 1619 2884 pietate
1663 2815 1943 2870 disseruit.
1974 2812 2109 2865 Hinc
2140 2811 2411 2879 percurrit
2432 2825 2557 2889 Quae
2586 2811 2651 2863 ad
2676 2810 2899 2878 justititr
2933 2810 3457 2866 administrationem
3487 2813 3542 2867 in

314 2904 583 2970 homines,
608 2916 657 2959 et
678 2906 817 2975 juris
853 2911 1117 2963 actionem
1160 2918 1425 2979 spectant,
1463 2911 1637 2980 deque
1682 2911 1936 2965 humanis
1967 2908 2177 2962 delictis
2211 2908 2319 2975 agit
2349 2925 2361 2959 :
2394 2916 2613 2973 peccata
2652 2907 2843 2959 dividit
2869 2908 2921 2960 in
2957 2922 3018 2962 ea
3050 2924 3171 2976 quae
3194 2910 3461 2977 consulto,
3490 2919 3544 2964 et

313 2998 365 3050 in
400 3013 461 3052 ea
488 3016 607 3069 quae
636 3017 743 3055 non
779 3013 969 3072 sponte
998 3006 1154 3069 liunt,
1189 3014 1243 3059 et
1275 3020 1341 3059 ex
1365 3005 1455 3060 his
1484 3005 1588 3058 alia
1610 3021 1672 3059 ex
1706 3004 2093 3067 imbecillitate,
2126 3001 2230 3054 alia
2262 3016 2325 3053 ex
2346 3000 2686 3065 necessitate,
2718 3000 2821 3053 alia
2850 3015 2915 3054 ex
2942 3016 3123 3054 errore
3155 3001 3310 3055 ﬁunt.

381 3113 527 3185 [Kal
558 3117 667 3184 γὰρ
695 3121 727 3171 ὀ
747 3117 963 3184 δοῦλός
992 3134 1106 3173 σου
1128 3120 1431 3189 φυλάσσει
1476 3120 1649 3175 αὐτά.
1694 3122 1751 3175 Ὀ
1782 3140 1874 3191 μυ·
1900 3131 1911 3179 l

2057 3118 2294 3188 [Etenim
2330 3132 2506 3169 serrus
2541 3126 2661 3168 tuus
2707 3116 2937 3169 custodit
2975 3132 3055 3169 ea.
3095 3114 3197 3182 Qui
3230 3116 3541 3183 evangelica

311 3205 681 3276 σταγωγηθρὶς
712 3207 789 3278 τῷ
822 3209 1157 3281 εὑαγγελικῷ
1186 3211 1333 3281 νόμῳ
1361 3212 1479 3275 νέος
1515 3212 1662 3275 λαὸς,
1692 3213 1785 3264 καὶ
1807 3228 1841 3263 τ

2010 3224 2087 3278 rge
2118 3209 2359 3261 imbutus
2383 3216 2469 3260 est
2499 3206 2731 3275 populus
2754 3222 2951 3269 novus,
2975 3207 3064 3275 qui
3091 3207 3293 3275 judicia
3330 3224 3458 3265 vera
3481 3227 3540 3267 se

309 3298 550 3369 κρίματα
576 3300 804 3372 ἀληθινὰ
837 3304 1118 3371 φυλάττειν
1166 3305 1354 3371 εἰπὼν,
1409 3306 1574 3375 εὐχὴν
1628 3306 1839 3375 ἀναπέμ

2005 3299 2246 3353 ustodire
2280 3298 2432 3359 dicit,
2476 3310 2667 3365 preces
2714 3296 2911 3361 fundit,
2943 3308 3001 3351 ut
3040 3307 3091 3351 ct
3123 3299 3290 3354 animi
3327 3302 3532 3372 cogita-

307 3407 420 3454 πει,
442 3392 536 3443 καὶ
568 3392 657 3444 τὸν
704 3393 848 3445 κατά
874 3394 1110 3448 διάνοιαν
1141 3396 1399 3466 λογισμὸν
1428 3396 1665 3466 καθαρὸς
1714 3397 1837 3467 εὑρε

2006 3390 2209 3441 ηοιιὶὺυε
2234 3402 2403 3456 purus
2436 3387 2896 3453 deprehendatur,
2920 3387 2986 3443 ab
3010 3391 3362 3461 externisque
3386 3392 3536 3447 simi-

306 3482 466 3536 θῆναι
493 3483 750 3547 ὡσαύτως
778 3487 870 3537 καὶ
894 3486 1000 3539 τῶν
1022 3486 1176 3550 ἐντὸς
1221 3488 1481 3557 ῥυσθῆναι
1515 3488 1799 3557 δαιμόνων.
1824 3487 1844 3560 ]
1972 3480 2093 3533 ῙίῑθΓ
2126 3478 2467 3532 (Ῐὶθιηοιιίιωδ
2506 3475 2815 3549 liberetur-1

470 3577 577 3641 Εἰς
601 3574 668 3627 τὸ
707 3574 903 3641 τέλος,
937 3580 1242 3631 ΨΑΛΜΟΣ
1272 3578 1350 3643 τῷ
1384 3579 1583 3631 Δαυΐδ.
1614 3579 1726 3632 18'.

2175 3568 2214 3622 Ι.
2247 3568 2307 3621 In
2337 3568 2522 3635 ﬁnem,
2557 3567 2896 3624 PSALMUS
2922 3569 3312 3627 Davidi.XIX.

938 3668 951 3686 '
965 3669 1273 3734 Υπιτθεσις.

2568 3660 2970 3729 Argumentum.

300 3755 529 3825 Λέγεται
566 3757 663 3827 μὲν
691 3760 718 3810 6
740 3758 951 3829 ψαλμὴς
976 3760 1049 3822 ὡς
1081 3764 1144 3812 ὲκ
1170 3760 1461 3831 προσώπου
1489 3761 1598 3815 τῶν
1628 3762 1756 3832 περὶ
1775 3762 1830 3814 τὸ

2001 3745 2177 3799 Dicitur
2202 3746 2291 3801 hic
2325 3750 2568 3816 psalmus
2620 3759 2876 3819 tanquam
2922 3768 2987 3806 ex
3027 3768 3260 3822 persona
3296 3752 3531 3807 familia-

369 3848 529 3901 Δαυῒδ
553 3850 801 3920 ἑταίρων,
838 3851 984 3921 αὐτῷ
1026 3851 1103 3921 τῷ
1152 3851 1309 3903 Δαυῖδ
1336 3852 1715 3922 ἐπευχομένων
1748 3870 1865 3905 ποι-

2036 3837 2175 3888 rium
2206 3837 2375 3905 ipsius
2405 3836 2621 3892 Davidis
2643 3880 2658 3905 ,
2695 3842 2787 3909 qui
2830 3842 2930 3909 ipsi
2981 3842 3166 3897 Davidi
3199 3844 3527 3898 sacriﬁcium

366 3936 513 3988 οῦντι
560 3936 770 3989 θυσίαν.
826 3938 1178 4008 Ἀναφέρεται
1221 3938 1278 3990 δὲ
1329 3939 1423 3991 καὶ
1452 3942 1530 4001 είς
1577 3940 1864 4010 πρόσωπον

2034 3924 2279 3978 offerenti
2331 3925 2467 3978 bene
2520 3938 2830 3993 precantur.
2882 3928 3139 3983 Refertur
3196 3947 3412 4001 quoque
3458 3933 3525 3985 ad

366 4024 474 4077 τῶν
518 4026 850 4092 ἀποστόλων,
898 4028 972 4090 ὡς
1024 4030 1079 4081 ὲν
1126 4029 1311 4100 ἡμέρᾳ
1349 4030 1442 4081 τος,
1495 4030 1724 4102 σταυροῦ
1768 4034 1864 4102 ρη,
2036 4031 2322 4084 personam
2385 4018 2774 4085 apostolorum,
2811 4020 2967 4088 quasi
3008 4036 3070 4073 ea
3118 4021 3233 4089 ipsa
3280 4022 3366 4075 die
3396 4037 3525 4091 pro-

367 4113 565 4177 θέντος,
2038 4110 2318 4163 nuntiatus
2344 4126 2451 4178 qua
2484 4112 2632 4165 cruci
2670 4110 2933 4166 Dominus
2970 4114 3158 4167 allixus
3188 4124 3290 4169 est.

379 4207 743 4261 Ἐπακούσαι
782 4224 895 4262 σου
943 4212 976 4262 ὁ
1006 4211 1222 4276 Κύριος
1250 4212 1319 4263 ἐν
1362 4210 1548 4279 ἡμέρᾳ
1579 4214 1854 4280 θλίψεως.

2025 4200 2079 4255 2.
2141 4200 2412 4254 Exaudiat
2466 4211 2514 4254 te
2574 4202 2831 4257 Dominus
2887 4206 2941 4257 in
2989 4206 3073 4259 die
3118 4207 3472 4261 tribulationis
3504 4224 3522 4261 :

293 4295 627 4367 Προστεθείη
670 4314 782 4349 σοι·
812 4298 1117 4350 Σκεπάσαι
1153 4315 1247 4363 σε,
1288 4300 1516 4367 φυλάξαι
1551 4317 1628 4353 σε.
1687 4301 1823 4364 Ἐξα

1741 4301 1855 4364 ῗξα-
1960 4292 2099 4345 adsit
2130 4292 2226 4345 tibi
2259 4311 2271 4346 :
2302 4303 2539 4363 protegat
2569 4305 2636 4359 te,
2680 4296 2729 4349 id
2760 4305 2861 4360 est,
2892 4298 3161 4351 custodiat
3199 4307 3271 4352 te.

292 4388 606 4440 ποστείλαι
648 4402 745 4440 σοι
778 4388 1068 4454 ,βοήθειαν
1120 4390 1188 4452 ἐξ
1236 4391 1428 4457 ἁγίου,
1476 4392 1573 4443 καὶ
1607 4392 1673 4444 ἐκ
1708 4392 1818 4445 Σιὼ

2042 4384 2096 4438 ’5.
2145 4384 2320 4438 Mittat
2352 4387 2444 4439 tibi
2471 4390 2732 4440 auxilium
2754 4388 2815 4441 de
2839 4400 3099 4453 sancto,ct
3129 4393 3190 4443 de
3224 4390 3349 4445 Sion
3374 4400 3522 4445 tuea-

290 4478 665 4532 ἀντιλάϐοιτό
689 4493 823 4532 σου.
856 4480 1016 4546 Λέγοι
1057 4480 1100 4532 δ’
1142 4480 1205 4533 ἂν
1242 4480 1411 4533 ταῦτα
1457 4482 1593 4551 πρὸς
1629 4482 1725 4552 τὴν
1764 4500 1820 4534 το

1989 4490 2050 4524 ur
2088 4482 2153 4527 te.
2191 4473 2315 4528 llaec
2387 4476 2452 4528 ad
2515 4478 2940 4531 consolationem
3002 4480 3180 4532 animo
3224 4481 3519 4536 deﬁcientis

291 4567 628 4639 αθυμοῦντος
671 4569 1019 4640 παραμυθίαν
1067 4570 1099 4640 ἢ
1150 4573 1178 4622 6
1222 4572 1541 4641 ἐνυπάρχων
1597 4574 1660 4641 τῇ
1710 4570 1817 4639 ψυχ

1988 4575 2185 4618 ortasse
2211 4566 2408 4619 dixerit
2431 4564 2663 4621 Verbum
2701 4571 2843 4638 quod
2866 4570 2917 4623 in
2950 4572 3126 4624 anima
3159 4574 3386 4639 exsistit,
3423 4583 3518 4629 aut

290 4660 483 4727 Λόγος,
518 4661 549 4731 ἢ
582 4660 643 4712 τὸ
677 4661 829 4728 ἅγιον
866 4660 1107 4731 Πνεῦμα.
1154 4662 1332 4731 Εὑχῆς
1359 4662 1415 4713 δὲ
1443 4662 1522 4713 δεῖ
1560 4662 1638 4729 τῷ
1680 4662 1820 4714 θλιὸε

1984 4656 2195 4724 ipiritus
2243 4667 2487 4711 sanctus.
2543 4659 2865 4717 Precatione
2915 4672 3096 4717 autem
3139 4681 3277 4734 opus
3313 4668 3373 4720 ei
3420 4669 3514 4737 qui

293 4751 459 4820 μένῳ.
494 4753 585 4804 καὶ
610 4752 703 4805 τοῦ
733 4752 805 4823 μὴ
836 4752 1156 4806 καταϐαλεῖν
1182 4753 1277 4815 τάς
1304 4752 1519 4815 ἐλπίδας
1544 4770 1556 4781 ·
1582 4752 1720 4804 οὕτω
1746 4753 1823 4821 γάη

1990 4749 2191 4816 ngitur,
2249 4764 2351 4803 nec
2404 4752 2703 4807 amittenda
2752 4770 2897 4824 spes,
2947 4756 3029 4811 sic
3092 4773 3325 4828 namque
3374 4759 3513 4816 Deus

287 4839 421 4903 Θεὸς
453 4844 683 4912 ἐπήκοος
717 4841 946 4908 γίνεται.

1951 4838 2183 4892 ellicitur
2208 4841 2497 4909 propitius.

372 4934 869 5002 Ἀγαλλιασόμεθα
906 4934 1001 4986 ἐπὶ
1042 4933 1119 4998 τῷ
1163 4934 1430 5000 σωτηρίῳ
1472 4947 1605 4986 σου.
1667 4933 1844 5003 Σωτή-

2020 4929 2071 4981 6.
2102 4928 2419 4983 ιωιαὺίηιω
2454 4934 2509 4984 in
2555 4932 2785 4985 salutari
2820 4943 2927 4987 tuo.
2964 4934 3211 4992 Salutare
3246 4937 3423 4993 Patris
3454 4940 3508 4993 in

290 5044 401 5096 ριος
424 5027 515 5079 τοῦ
540 5029 751 5099 Πατρδς
773 5031 829 5080 ἐν
858 5028 1046 5100 κόσμῳ
1072 5031 1099 5081 6
1132 5028 1273 5091 Υἱός·
1301 5029 1561 5098 σωτήριον
1590 5026 1681 5079 τοῦ
1710 5027 1820 5079 Υίοῐ

1782 5027 1838 5079 οἵ,
1950 5021 2153 5074 mundo
2180 5020 2348 5076 Filius
2384 5041 2395 5075 :
2430 5024 2669 5079 salutare
2702 5025 2823 5080 Filii
2853 5027 2903 5080 in
2932 5030 3134 5084 mundo
3161 5047 3312 5085 crux.

284 5118 342 5167 ἐν
372 5117 558 5185 κόσμῳ
590 5119 617 5169 6
653 5118 901 5184 σταυρός.

356 5203 904 5275 [Ἀγαλλιασόμεθα
954 5207 1025 5260 ἐν
1057 5206 1135 5272 τῷ
1163 5210 1431 5274 σωτηρίῳ
1464 5221 1598 5261 σου.
1632 5208 1704 5260 Τὸ
1732 5225 1837 5261 σω-

2024 5202 2449 5273 [Exsultabimus
2490 5207 2545 5260 in
2586 5207 2811 5262 salutari
2845 5220 2951 5263 tuo.
2996 5210 3273 5275 Salutare,
3307 5212 3501 5281 inquit,

282 5293 490 5361 τήριον,
530 5296 710 5364 φησὶν,
746 5295 773 5347 ὃ
806 5296 1036 5359 δέδωκας
1072 5295 1147 5365 τῷ
1192 5296 1512 5367 ἀνθρωπίνῳ
1544 5297 1707 5366 γένει,
1750 5299 1812 5351 διε

1970 5294 2087 5362 μιοά
2105 5296 2295 5350 dedisti
2310 5297 2544 5351 humano
2560 5302 2761 5367 generi,
2781 5317 2873 5369 per
2892 5310 3037 5355 tuam
3054 5306 3500 5359 resurrectionem

282 5388 383 5454 τῆς
409 5386 504 5455 σῆς
533 5387 879 5449 ἀναστάσεως
909 5389 1040 5439 πᾶσι
1070 5387 1299 5459 φανερὸν
1338 5388 1733 5461 κατέστησας.]

1966 5385 2199 5441 minibus
2238 5389 2581 5445 manifestum
2610 5391 2804 5447 fecisti.
2830 5391 2918 5447 Sic
2948 5392 3139 5448 Daniel
3173 5394 3496 5464 Barbarum]

355 5521 400 5553 ³⁸
442 5519 612 5576 lCor.
642 5538 677 5577 ιι
735 5523 787 5576 9.

360 5655 434 5728 (6)
470 5655 593 5714 Haec
632 5660 811 5715 Daniel
845 5662 1109 5717 Barbarus
1136 5666 1221 5719 tril
1245 5666 1321 5721 uit
1350 5664 1589 5737 Origeni.
