3874 6218
369 328 468 386 127

437 446 487 501 7.
516 446 740 521 Impleat
771 451 1025 513 Dominus
1058 476 1233 517 omnes
1273 467 1545 534 petitiones

361 550 517 594 erant
546 543 832 610 petitiones
858 587 874 612 ,
905 550 1031 617 nisi,
1088 551 1256 608 Pater
1299 569 1500 622 sancte,
1549 578 1699 618 serva
1729 581 1815 620 eos
1863 569 1926 623 de

362 636 558 684 mundo
584 634 628 664 ³⁷
652 634 675 687 ?
698 634 883 692 Palam
914 651 1092 696 autem
1118 655 1200 699 est
1233 646 1300 702 de
1326 651 1672 710 credentibus
1712 656 1768 710 in
1799 673 1923 714 eum

359 720 488 776 dici.
521 721 652 793 [Aut
688 725 942 783 Davidcm
1000 742 1096 787 aut
1140 735 1428 794 Ezechiam
1483 743 1635 810 dicit,
1683 757 1922 820 tempore

356 811 568 865 scilicet
601 817 945 872 sacerdotum
986 831 1040 876 et
1067 841 1276 895 regum,
1314 838 1409 884 aut
1441 844 1659 903 propter
1703 853 1922 894 oecono-

357 901 520 953 miam
560 901 772 957 Domini
808 911 1105 966 secundum
1131 931 1371 982 carnem,
1407 933 1459 974 ct
1487 934 1707 992 propter
1741 944 1920 982 resur-

353 991 645 1047 rectiOnem
677 1013 690 1060 ;
726 1005 819 1050 aut
851 1001 976 1070 quia
1010 1005 1168 1060 nobis
1195 1009 1420 1064 salutem
1449 1021 1776 1083 consecutis,
1804 1021 1917 1089 ipse

353 1081 580 1136 salutem
620 1087 866 1144 obtinere
889 1093 1107 1159 dicitur,
1143 1100 1236 1166 qui
1275 1111 1330 1154 et
1352 1118 1538 1159 curam
1570 1108 1797 1177 hujusce
1826 1113 1918 1168 ha-

350 1169 518 1236 bebit,
555 1191 675 1229 cum
715 1195 881 1234 unum
922 1199 1120 1254 corpus
1151 1189 1342 1246 simus.
1379 1193 1741 1259 Quamobrem
1772 1218 1914 1258 nunc

349 1266 513 1321 dicit:
568 1266 626 1322 In
679 1275 932 1340 prmscnti
977 1279 1175 1348 quippe
1219 1287 1599 1353 cognoscimus
1633 1290 1908 1347 Christum

349 1357 575 1411 salutem
610 1372 849 1429 nactum,
883 1367 1009 1434 quia
1045 1369 1169 1438 inde
1201 1388 1299 1429 nos
1347 1387 1547 1432 nostra:
1597 1381 1791 1450 pignus
1823 1399 1911 1438 sa-

346 1447 476 1504 lutis
507 1455 828 1523 accipimus.
865 1456 1055 1514 Salvos
1085 1473 1264 1518 autem
1303 1465 1481 1522 fecisti
1529 1486 1629 1526 nos
1673 1489 1766 1541 per
1801 1476 1910 1528 vir-

345 1550 510 1595 tutem
527 1545 760 1600 dextera:
777 1551 1190 1608 tum.Dexteram
1212 1558 1346 1612 dixit
1363 1565 1782 1629 opera,virtutes
1803 1585 1910 1624 ma-

345 1646 504 1699 gnas,
530 1637 794 1690 auxilium
826 1653 960 1694 :aut
983 1643 1164 1697 divina
1197 1647 1348 1717 signa
1375 1653 1618 1718 praedicit
1643 1671 1671 1708 ει
1690 1656 1906 1713 Christo

341 1723 758 1798 edenda.]1\iunc
780 1735 992 1802 cognovi
1012 1739 1261 1804 quoniam
1283 1742 1483 1796 salvum
1507 1746 1629 1814 fecit
1652 1748 1904 1807 Dominus

341 1813 610 1871 Christum
640 1838 814 1888 suum,
843 1833 1029 1894 utpote
1045 1830 1156 1896 jam
1182 1831 1519 1890 illuminatus
1535 1854 1628 1906 per
1645 1839 1906 1909 Spiritum
1942 1834 1982 1888 Β

341 1916 586 1963 sanctum
601 1912 744 1968 circa
760 1929 820 1968 ea
839 1931 961 1986 qute
984 1923 1439 1980 resurrectionem
1471 1938 1736 1997 spectant.

406 2080 477 2138 In
507 2092 863 2154 potentatibus
894 2095 1084 2152 salutis
1107 2098 1335 2156 dextera:
1361 2119 1494 2174 ejus.
1525 2105 1788 2174 Salutem,
1824 2111 1905 2166 in-

339 2178 476 2245 quit,
511 2179 671 2235 nobis
702 2185 892 2238 tribuit
918 2201 1143 2258 magnas
1168 2192 1397 2248 virtutes
1423 2209 1697 2265 operatus.
1727 2202 1901 2272 Opera

337 2281 574 2338 namque
626 2271 716 2328 hic
770 2275 1042 2344 signiﬁcat
1087 2297 1152 2336 eo
1187 2285 1333 2352 quod
1391 2288 1619 2345 virtutes
1667 2293 1902 2350 dexterae

338 2363 730 2421 accedentibus
764 2371 1022 2439 porrigat.
1053 2371 1176 2444 [Illi,
1210 2376 1406 2446 inquit,
1437 2380 1523 2435 his
1545 2383 1731 2438 conﬁsi
1759 2387 1900 2440 ceci-

333 2452 573 2509 derunt:
613 2472 714 2511 nos
764 2469 942 2514 autem
983 2463 1036 2516 in
1072 2467 1292 2521 nomine
1332 2469 1543 2526 Domini
1594 2477 1762 2530 armis
1811 2477 1896 2531 in-

332 2546 545 2609 structi,
565 2548 792 2603 salutcm
820 2553 963 2606 nacti
993 2558 1233 2630 sumus.]
1259 2559 1541 2617 Dexteram
1571 2566 1659 2620 hic
1680 2584 1896 2638 quoque

332 2635 573 2691 humano
618 2655 771 2696 more
809 2643 1082 2714 loquendo
1125 2660 1284 2706 vocat
1325 2654 1565 2710 divinam
1616 2663 1893 2728 operatio-

329 2739 477 2780 nem.

398 2817 451 2872 8.
481 2817 556 2872 Hi
583 2820 637 2875 in
665 2824 929 2890 curribus,
960 2835 1010 2881 et
1034 2829 1089 2882 lii
1127 2831 1181 2884 in
1208 2834 1371 2903 equis.
1398 2834 1886 2910 Quemadmodum,

327 2926 450 2966 cum
483 2913 735 2970 lsraelem
768 2919 998 2988 eriperet
1029 2938 1057 2976 a
1082 2928 1426 2982 sensibilibus
1458 2930 1726 3003 Egyptiis
1763 2952 1888 2992 cur-

325 3020 421 3061 rus
454 3006 757 3066 Pharaonis
805 3023 859 3067 et
887 3015 1140 3071 virtutem
1182 3019 1300 3088 ejus
1325 3023 1553 3092 projecit
1596 3026 1646 3080 in
1693 3044 1880 3086 mare:

325 3097 401 3152 ita
427 3115 548 3155 cum
579 3111 748 3157 totum
779 3107 1058 3162 hominum
1095 3126 1266 3179 genus
1293 3113 1543 3171 liberaret
1575 3132 1603 3171 a
1632 3121 1885 3189 spiritua-

323 3188 468 3247 libus
505 3193 794 3266 IEgyptiis,
825 3215 1019 3256 currus
1046 3205 1318 3259 contrivit.

391 3285 476 3338 10.
513 3285 758 3356 Domine,
795 3291 996 3346 salvum
1037 3294 1125 3362 fac
1151 3313 1339 3365 regem.
1395 3296 1630 3354 Proinde
1673 3310 1880 3358 tantum

320 3379 464 3432 nacti
523 3384 930 3450 patrocinium,
985 3389 1360 3456 supplicamus
1418 3391 1559 3456 tibi,
1616 3392 1879 3461 Domine,

319 3478 534 3526 utcum
586 3487 718 3538 nos,
776 3483 890 3530 tum
945 3493 1040 3532 rex
1075 3489 1262 3537 noster
1319 3497 1386 3538 eo
1442 3483 1691 3541 fruamur
1740 3489 1882 3544 assi-

317 3559 443 3615 due.

502 3650 526 3705 1
571 3650 652 3714 In.
684 3655 860 3725 ﬁnem,
898 3656 1242 3716 PSALMUS
1273 3661 1485 3718 Davidi.
1518 3664 1624 3719 XX

896 3753 1292 3822 Argumentum.

313 3831 471 3889 Hunc
492 3849 710 3909 quoque
735 3841 1003 3909 psalmum
1041 3845 1192 3914 prius
1225 3849 1513 3902 memorati
1543 3849 1704 3904 amici
1734 3851 1877 3922 regis

383 3925 660 3983 offerunt:
703 3938 960 4002 tanquam
994 3934 1209 3992 laetante
1247 3938 1340 3992 illo
1371 3941 1515 4009 quod
1561 3956 1627 3996 ex
1669 3942 1878 3998 semine

380 4018 555 4088 ipsius
607 4032 857 4077 exortum
915 4028 1122 4082 mundo
1180 4031 1251 4084 sit
1297 4031 1551 4085 salutare.
1601 4031 1715 4087 Hoc
1760 4043 1877 4088 erat

379 4113 523 4166 enim
561 4115 707 4182 quod
741 4132 806 4170 ex
857 4120 1041 4173 animo
1090 4123 1452 4190 peroptabat,
1495 4124 1726 4194 darique
1771 4125 1874 4180 sibi

376 4207 611 4263 maxime
633 4210 989 4278 supplicabat.
1019 4210 1174 4276 Quod
1203 4214 1292 4268 ubi
1320 4229 1640 4270 concessum
1661 4216 1871 4282 fuisset,

377 4295 582 4352 factum
625 4300 728 4369 ipsi
771 4309 856 4356 est
895 4317 993 4357 ceu
1036 4317 1236 4358 corona
1262 4306 1507 4374 quaadam
1537 4323 1604 4361 ex
1636 4309 1874 4378 pretioso

379 4387 558 4457 lapide
576 4391 844 4458 coniecta,
863 4408 970 4463 qua
993 4403 1157 4463 caput
1178 4407 1470 4452 exornaret
1496 4414 1678 4455 suum.
1702 4399 1869 4454 David

1170 349 1228 404 S.
1269 350 1644 412 ATHANASII
1690 358 1842 415 OPP.
1890 363 2071 422 PARS
2113 368 2204 426 Ill.
2236 404 2303 414 —
2338 327 2751 437 EXEGDTICA.

3487 395 3596 455 {28

1602 480 1744 528 tuas.
1794 474 1924 542 Quae
1952 483 2001 543 Α
2096 487 2408 555 Πληρώσαι
2435 495 2649 562 Κύριος
2668 495 2864 552 πάντα
2893 498 2962 552 τὰ
2984 500 3275 569 αἰτήματα
3295 519 3434 560 σου.
3460 507 3602 565 Τίνα

2032 567 2099 644 ἦν
2120 576 2186 629 τὰ
2207 579 2556 655 ¹αίτίγμοιταμῆ
2585 585 2664 649 τὸ,
2694 586 2884 655 Πάτερ
2914 589 3062 658 ἅγιε,
3087 567 3355 660 τῆρησον
3371 599 3598 666 αὐτοὺς

2028 664 2098 718 ἐκ
2129 668 2234 723 τοῦ
2265 673 2496 739 κόσμου
2513 690 2536 737 ;
2561 677 2728 746 Δῆλον
2752 678 2838 742 δὲ,
2866 681 2948 733 ὅτι
2975 683 3100 746 τοὺς
3126 686 3476 762 πιστεύοντας
3514 693 3596 755 εἰς

2027 757 2207 811 αὐτόν.
2249 758 2354 830 [Ἢ
2383 765 2471 817 τὸν
2491 767 2704 839 Δαυῒδῆ
2733 770 2822 822 τὸν
2855 772 3131 843 Ἐζεκίαν·
3158 778 3241 846 ἐφ’
3265 760 3460 850 ’ἱερέων
3483 785 3598 854 γὰρ

2025 851 2118 902 καὶ
2147 850 2434 919 βασιλέων,
2469 857 2499 926 ἦ
2534 858 2620 912 διὰ
2647 861 2743 930 τὴν
2773 854 2913 916 κατά
2948 865 3122 936 σάρκα
3153 869 3244 923 τοῦ
3279 873 3482 943 Κυρίου
3511 878 3596 928 οἰ-

2025 941 2274 1010 κονομίαν
2303 946 2391 997 καὶ
2419 948 2736 1004 ἀνάστασιν·
2769 952 2801 1023 ἢ
2837 954 2931 1006 καὶ
2955 957 3034 1009 ὅτι
3063 958 3382 1029 σωζομένων
3408 964 3588 1033 ἡμῶν,

2024 1029 2184 1096 αὐτὸς
2215 1033 2359 1102 λέγει
2385 1037 2684 1103 σώζεσθαι,
2723 1037 2783 1096 οὗ
2823 1046 2915 1097 καὶ
2947 1048 3168 1119 μελήσει
3210 1053 3306 1121 μὲν
3341 1053 3592 1125 σώματος

2020 1121 2166 1187 ὄντες
2204 1127 2338 1190 ἑνός.
2394 1129 2483 1183 Διό
2510 1134 2602 1186 καὶ
2629 1133 2723 1187 νῦν
2755 1133 2932 1190 εἶπεν·
3002 1142 3089 1194 Ἐν
3120 1144 3224 1216 γὰρ
3257 1146 3333 1216 τῷ
3363 1150 3590 1220 παρόντι

2019 1214 2352 1287 γινώσκομεν
2402 1222 2703 1291 σωζόμενον
2734 1226 2822 1279 τὸν
2852 1229 3085 1300 Χριστὸν
3105 1274 3118 1297 ,
3154 1235 3229 1302 τῷ
3262 1237 3588 1294 ἀπεντεῦθεν

2017 1306 2308 1376 ἀρραϐῶνα
2336 1313 2480 1382 ἡμᾶς
2508 1315 2753 1384 δέχεσθαι
2789 1323 3079 1393 σωτηρίας.
3136 1327 3385 1393 Ἔσωσας
3416 1331 3470 1384 δὲ
3498 1332 3589 1386 διὰ

2015 1397 2113 1466 τῆς
2138 1398 2450 1467 δυναστείας
2483 1406 2579 1474 τῆς
2604 1407 2782 1473 δεξιᾶς
2816 1429 2928 1467 σου.
2994 1415 3183 1480 Δεξιάν
3210 1419 3306 1483 τὰς
3336 1423 3584 1492 πράξεις,

2013 1486 2111 1549 τὰς
2161 1489 2398 1558 μεγάλας
2439 1493 2729 1564 δυνάμεις,
2774 1499 2870 1570 τὴν
2904 1503 3152 1574 βοήθειαν
3184 1508 3383 1561 εἰπών·
3427 1512 3585 1582 ῆτὰς

2017 1575 2338 1650 θεοσημείας
2392 1593 2773 1655 προαναφωνεῖ
2821 1593 2914 1645 τοῦ
2963 1596 3265 1672 Χριστοῦ.]
3328 1602 3456 1657 Νῦν
3487 1605 3581 1674 ἐγ-

2010 1685 2162 1734 νων,
2217 1672 2304 1726 ὅτι
2355 1676 2549 1730 ἔσωσε
2577 1681 2790 1748 Κύριος
2819 1684 2926 1738 τὸν
2957 1689 3212 1755 Χριστὸν
3250 1695 3468 1760 αὑτοῦ,
3506 1698 3582 1762 ὡς

2011 1759 2110 1830 ήδη
2163 1769 2587 1839 φωταγωγηθεὶς
2616 1771 2703 1826 διὰ
2743 1774 2837 1827 τοῦ
2872 1775 3183 1850 Πνεύματος
3213 1785 3284 1838 τὰ
3319 1759 3582 1861 περὶτῆς

2008 1847 2375 1914 ἀναστάσεως.

2071 2123 2165 2177 Ἐν
2182 2124 2563 2197 δυναστείαις
2583 2131 2689 2202 τῆς
2706 2139 3001 2206 σωτηρίας
3022 2139 3132 2208 τῆς
3144 2142 3347 2211 δεξιᾶς
3363 2148 3572 2203 αὐτοῦ.

2002 2209 2245 2268 ’Ἑσωσεν
2276 2219 2424 2287 ἡμᾶς
2443 2259 2458 2282 ,
2490 2223 2621 2293 φησι
2645 2263 2661 2286 ,
2697 2224 2954 2298 δυνάμεις
2983 2232 3225 2301 μεγάλας
3257 2209 3574 2308 ἐργασάμεσ

1996 2319 2103 2365 νος.
2176 2305 2286 2369 Τὰς
2315 2309 2542 2380 πράξεις
2571 2313 2678 2386 γὰρ
2706 2316 2940 2372 ἐνταῦθα
2973 2323 3225 2392 σημαίνει
3250 2305 3337 2380 διὰ
3361 2328 3460 2392 τὰς
3473 2305 3573 2384 *δε-

1998 2388 2116 2456 ξιὰς
2158 2393 2413 2467 δυνάμεις
2450 2405 2562 2466 τοῖς
2599 2407 2923 2476 προσιοῦσιν
2966 2388 3199 2482 ὀρέγειν.
3289 2413 3310 2488 [
3346 2388 3571 2475 Ἐκεῖνοι

1997 2483 2114 2552 μὲν,
2147 2489 2299 2556 φησὶ,
2333 2493 2647 2559 πεποιθότες
2674 2498 2766 2550 ἐπὶ
2791 2498 3020 2567 τούτοις,
3055 2503 3278 2560 ἔπεσον·
3305 2510 3466 2579 ἡμεῖς
3487 2511 3566 2576 δὲ,

1992 2575 2051 2626 ὲν
2086 2577 2306 2648 ὀνόματι
2333 2583 2534 2653 Κυρίου
2565 2585 3037 2660 καθωπλισμένοι,
3068 2575 3415 2672 ἐσώθημεν.]
3471 2575 3569 2655 Ae;

1992 2663 2110 2730 ξιὰν
2145 2668 2202 2721 δὲ
2233 2671 2396 2725 πάλιν
2427 2675 2661 2730 ἐνταῦθα
2693 2679 3046 2752 ἀνθρωπίνως
3085 2680 3205 2739 εἷπε
3290 2663 3567 2761 τὴνῦθείαν

1989 2755 2160 2820 οὕτως
2184 2762 2464 2832 ὀνομάζων
2491 2768 2794 2839 ἐνέργειαν..

2068 2848 2242 2907 Οὗτοι
2273 2854 2344 2906 ἐν
2371 2853 2613 2924 ἅρμασι,
2653 2859 2750 2912 καὶ
2782 2857 2947 2917 οὗτοι
2983 2864 3054 2917 ἐν
3096 2866 3320 2936 ἵπποις.
3353 2873 3564 2949 ’Ὠσπερ

1985 2942 2092 2996 τῶν
2117 2945 2386 3015 αἰσθητῶν
2413 2949 2724 3018 Αίγυπτίων
2759 2953 2946 3018 σώζων
2973 2955 3064 3009 τὸν
3105 2959 3318 3034 Ἰσραὴλ
3338 3007 3352 3029 ,
3387 2967 3563 3038 ἅρμα,

1983 3049 2052 3085 τα
2077 3034 2272 3106 Φαραὼ
2306 3040 2399 3091 καὶ
2431 3040 2529 3110 τὴν
2559 3041 2785 3113 δύναμιν
2815 3047 2980 3100 αὐτοῦ
3007 3050 3228 3122 ἔρριψεν
3260 3058 3338 3120 εἰς
3365 3034 3562 3114 θάλασ-

1909 3169 1950 3226 C
1987 3142 2118 3190 σαν,
2169 3126 2310 3180 οὕτω
2339 3129 2434 3181 καὶ
2477 3131 2693 3185 πάντων
2725 3135 3023 3209 ἀνθρώπων
3075 3143 3262 3208 σώζων
3298 3147 3360 3200 τὸ
3403 3150 3560 3217 γένος

1983 3216 2091 3268 τῶν
2123 3217 2328 3288 νοητῶν
2356 3220 2688 3290 Αἰγυπτίων,
2725 3230 3008 3302 συνέτριψε
3041 3233 3110 3288 τὰ
3142 3235 3383 3308 ἅρματα.

2052 3309 2249 3377 Κύριε,
2284 3311 2490 3367 σῶσον
2518 3315 2623 3368 τὸν
2657 3319 2940 3383 βασιλέα.
2976 3326 3261 3398 Τοιγάρτοι
3288 3328 3555 3400 τοσαύτης

1981 3400 2385 3467 ἀπολαύσαντες
2416 3406 2750 3478 ἀντιλήψεως
2777 3413 3107 3486 ἱκετεύομεν,
3143 3419 3387 3475 Δέσποτα
3408 3463 3424 3488 ,
3457 3422 3555 3476 καὶ

1981 3492 2126 3561 ἡμᾶς
2153 3495 2346 3557 αὐτοὺς
2373 3496 2466 3548 καὶ
2491 3498 2582 3551 τὸν
2605 3502 2869 3574 ἡμέτερον
2895 3505 3116 3576 βασιλέα
3141 3510 3342 3584 ταύτης
3381 3530 3552 3584 μετα-

1979 3580 2266 3651 λαγχάνειν
2294 3584 2575 3654 διηνεκῶς.

2189 3675 2291 3738 Εἱς
2318 3672 2523 3741 τέλος,
2564 3680 2869 3734 ΨΑΛΜΟΣ
2895 3681 2975 3747 τῷ
3002 3685 3200 3740 Δαυΐδ.
3241 3687 3337 3743 K'.

2601 3769 2614 3788 '
2625 3771 2930 3838 Υπόθεσις.

1976 3851 2084 3903 ικαὶ
2119 3851 2305 3907 τοῦτον
2331 3856 2422 3910 τὸν
2459 3859 2672 3930 ψαλμὸν
2697 3865 2745 3915 οἱ
2779 3865 3210 3936 προδηλωθέντες
3233 3870 3432 3944 ἑταῖροι
3454 3873 3548 3928 τοῦ

2047 3940 2309 4012 βασιλέως
2340 3951 2782 4022 ἀναπέμπουσιν,
2817 3956 2892 4020 ὡς
2930 3957 3028 4028 ἤδη
3062 3960 3224 4014 αὐτοῦ
3260 3963 3547 4035 εὐφραινο-

2050 4035 2210 4103 μένου
2239 4038 2326 4092 διὰ
2356 4041 2414 4094 τὸ
2441 4044 2504 4095 ἐκ
2525 4044 2836 4115 σπέρματος
2861 4048 3024 4101 αὐτοῦ
3050 4053 3442 4122 γεγεννημένον
3467 4057 3548 4128 τῷ

2044 4129 2232 4201 κόσμῳ
2266 4135 2550 4206 σωτήριον.
2605 4137 2773 4191 Τοῦτο
2817 4139 2926 4211 γὰρ
2961 4136 3028 4212 ἦν
3049 4142 3078 4195 ὂ
3116 4144 3374 4216 ἐπεθύμει
3403 4151 3547 4204 κατά

2041 4217 2237 4290 ψυχὴν,
2264 4225 2357 4276 καὶ
2386 4226 2563 4280 ἐδέετο
2595 4226 2797 4308 λαϐεῖν.
2831 4232 3006 4304 Ὅπερ
3031 4235 3122 4287 καὶ
3149 4236 3299 4290 δοθὲν
3322 4239 3547 4308 γέγονεν

2040 4311 2186 4381 αὐτῷ
2209 4308 2298 4366 οἷὰ
2320 4333 2402 4378 τις
2437 4317 2698 4387 στέφανος
2725 4323 2786 4374 ἐκ
2810 4321 2957 4376 λίθου
2982 4326 3159 4396 τιμίου
3183 4329 3282 4399 τὴν
3302 4332 3543 4403 κεφαλὴν

2037 4400 2308 4466 δοξάζων·
2368 4405 2649 4472 δοξάζεται
2700 4410 2808 4482 γὰρ
2842 4413 2898 4465 ἐν
2934 4415 3066 4468 πᾶσι
3098 4419 3208 4481 τοῖς
3261 4419 3467 4474 ἔθνεσιν
3513 4427 3544 4476 ὁ

302 4481 306 4484 ’
371 4483 518 4534 enim
559 4484 700 4552 apud
734 4499 925 4540 omnes
948 4495 1133 4556 gentes
1159 4501 1283 4541 cum
1309 4487 1540 4542 Domino
1576 4505 1677 4544 suo
1703 4501 1865 4560 atque
1896 4503 1908 4558 1

2033 4491 2196 4547 Δαυῒδ
2241 4495 2379 4564 μετὰ
2418 4499 2511 4550 τοῦ
2556 4481 2784 4571 Κυρίου
2808 4505 3000 4557 ἑαυτοῦ
3044 4508 3136 4561 καὶ
3168 4511 3284 4562 υίοῦ
3309 4513 3368 4565 τὸ
3400 4515 3539 4568 κατὰ

371 4573 484 4626 ﬁlio
517 4577 813 4630 secundum
841 4593 1083 4644 carnem,
1119 4578 1374 4633 laudibus
1406 4580 1731 4635 celebratur.
1759 4581 1865 4638 Ne-

367 4677 475 4732 que
524 4678 727 4720 corona
778 4675 989 4722 tantum
1029 4668 1132 4723 fuit
1172 4669 1246 4722 illi
1279 4670 1384 4724 hoc
1417 4671 1701 4738 salutare;
1753 4673 1864 4728 imo

364 4755 528 4810 etiam
572 4757 703 4816 vita.
741 4767 795 4813 et
826 4762 1157 4818 diuturnitas
1202 4762 1629 4832 incolumitatis,
1666 4766 1858 4836 gloria,

365 4847 790 4916 magniﬁcentia,
819 4853 1022 4917 laetitia,
1059 4854 1340 4924 gaudium,
1387 4872 1511 4927 spes
1540 4866 1596 4912 et
1644 4859 1862 4914 miseri-

363 4937 553 4991 cordia
581 4954 858 5008 nunquam
889 4952 1111 4998 Imtans.

361 5028 418 5082 9..
444 5027 684 5094 Domine,
714 5031 766 5084 in
790 5033 981 5088 virtute
1018 5044 1110 5089 tua
1147 5035 1418 5092 laetabitur
1451 5054 1561 5096 rex.

363 5177 414 5231 7.
446 5177 710 5244 Quoniam
746 5181 895 5237 dabis
929 5200 1046 5237 eum
1076 5187 1130 5239 in
1175 5185 1582 5243 benedictionem
1611 5191 1668 5245 in
1697 5209 1859 5248 διεσα-

290 5270 399 5324 lum
438 5273 641 5327 steculi.
673 5272 730 5327 1n
760 5277 1034 5343 onmibus,
1062 5278 1259 5348 inquit,
1294 5283 1733 5350 generationibus
1774 5302 1856 5342 ce-

289 5363 456 5419 lebris
490 5376 542 5420 et
568 5369 862 5437 praeclarus
891 5371 1012 5435 erit,
1047 5374 1191 5441 quod
1230 5383 1432 5428 tantam
1465 5392 1494 5430 a
1520 5385 1571 5431 te
1600 5377 1852 5434 ﬁduciam

289 5457 580 5526 acceperit.
631 5457 766 5514 Nam
817 5461 970 5528 illud,
1004 5480 1122 5517 cum
1157 5464 1302 5518 uultu
1348 5477 1436 5520 tuo
1459 5509 1472 5534 ,
1508 5470 1669 5524 vertit
1703 5469 1856 5541 Sym-

288 5549 540 5612 machus,
575 5551 716 5619 apud
748 5553 946 5608 vultum
977 5564 1145 5610 tuum.
1186 5555 1394 5614 Laetitia
1439 5559 1640 5631 itaque,
1670 5561 1766 5626 ait,
1799 5571 1852 5619 et

360 5725 403 5768 ετ
425 5723 578 5787 Joan.
611 5744 743 5795 ινιτ,
779 5730 861 5783 Η.

2039 4583 2238 4648 σάρκα.
2299 4589 2373 4640 Οὐ
2409 4589 2566 4659 μόνον
2597 4591 2652 4643 δὲ
2679 4593 2934 4662 στέφανος
2961 4598 3108 4668 αὐτῷ
3135 4601 3319 4668 γέγονε
3345 4602 3408 4656 τὸ
3434 4622 3538 4658 σω-

2035 4677 2248 4746 τήριον,
2285 4678 2419 4733 ἀλλά
2453 4682 2548 4734 καὶ
2581 4681 2690 4754 ζωὴ
2712 4724 2726 4748 ,
2755 4686 2849 4739 καὶ
2884 4692 3394 4764 μακροημέρευσις,
3442 4698 3538 4750 καὶ

2037 4764 2184 4829 δόξα,
2207 4767 2302 4820 καὶ
2338 4770 2798 4843 μεγαλοπρέπεια,
2828 4775 2921 4828 καὶ
2954 4780 3279 4853 εὐφροσύνη,
3316 4786 3409 4839 καὶ
3436 4804 3536 4858 χα-

2038 4857 2126 4926 ρὰ,
2161 4860 2254 4911 καὶ
2288 4859 2465 4926 ἐλπὶς,
2492 4863 2587 4916 καὶ
2619 4863 2764 4929 ἕλεος
2795 4867 2858 4918 ού
2887 4867 3262 4942 σαλευόμενον.

2027 5027 2202 5095 Κύριε
2227 5069 2242 5094 ,
2297 5029 2368 5083 ἐν
2398 5031 2475 5101 τῇ
2527 5033 2772 5105 δυνάμει
2825 5054 2940 5093 σου
2981 5041 3452 5112 εὐφρανθήσεται
3496 5052 3534 5104 ὁ

1953 5116 2102 5180 ,ϐασι
2121 5118 2269 5183 ιεύς.

2029 5209 2145 5261 Ὅτι
2175 5208 2330 5276 δῴης
2357 5211 2514 5278 αὐτῷ
2540 5215 2823 5284 εὐλογίαν
2846 5219 2931 5284 εἰς
2949 5219 3131 5276 αἰῶνα
3164 5224 3396 5292 αἰῶνος.
3441 5227 3531 5282 Ἐν

1955 5299 2213 5364 ἁπάσαις,
2235 5302 2386 5372 φησὶ,
2404 5307 2522 5366 ταῖς
2553 5309 2764 5372 γενεαῖς
2795 5308 3036 5380 ἀοίδιμος
3068 5311 3216 5366 ἔσται
3244 5314 3524 5369 καὶ-πολυ-

1955 5387 2278 5461 θρύλλητος,
2307 5394 2572 5465 τοσαύτην
2608 5398 2854 5468 ἐσχηκὼς
2887 5403 3036 5474 παρά
3069 5403 3162 5456 σοῦ
3193 5407 3521 5478 παρρησίαν.

1953 5480 2025 5532 Τὸ
2057 5481 2165 5553 γὰρ
2192 5485 2343 5552 μετὰ
2365 5486 2470 5539 τοῦ
2511 5490 2832 5557 προσώπου
2862 5512 3000 5559 σου,
3035 5494 3193 5562 παρὰ
3224 5495 3302 5561 τῷ
3334 5511 3522 5565 προσ-

1949 5569 2085 5638 ώπῳ
2127 5587 2244 5629 σου
2272 5614 2286 5641 ,
2346 5575 2588 5632 τέθεικεν
2619 5582 2646 5632 ὁ
2676 5581 2983 5654 Σύμμαχος.
3033 5584 3381 5658 Εὐφροσύνην
3410 5589 3522 5642 τοί-

3871 1757 3874 1880 l

3871 2353 3874 2479 ι
