3874 6218
274 294 379 349 {'29

1376 290 1737 347 EXPOSITIO
1775 288 1841 347 IN
1880 288 2213 351 PSALMUM
2239 292 2357 349 XX.

3414 299 3518 354 13.0

270 426 367 463 vuv
390 407 523 474 ἕξει,
555 407 708 477 φησι,
742 406 836 460 καὶ
866 406 1086 478 διηνεκῆ
1121 406 1385 477 θυμηδίαν
1409 408 1504 462 τοῦ
1533 408 1823 481 προσώπου

1949 411 2224 481 voluptate
2255 410 2515 466 afﬁcietur
2546 412 2728 467 vultus
2755 411 2855 478 tui,
2889 411 2943 467 id
2977 422 3084 477 est,
3121 422 3271 468 tuam
3320 425 3517 469 nactus

263 499 518 554 τουτέστι
537 498 636 568 τῆς
673 497 774 567 σῆς
797 498 1083 566 εὐμενείας
1101 499 1402 570 τυγχάνων.
1435 500 1616 559 Δῐτιον
1643 500 1701 554 δὲ
1722 500 1843 554 τού-

263 608 374 645 των
397 588 557 659 αὐτῷΔ
579 590 768 657 γέγονε
796 590 858 643 τὸ
887 591 978 643 ἐπὶ
1004 591 1087 643 σοὶ
1117 590 1450 645 πεποιθέναι.
1510 590 1841 660 Εὐφρανεῖς

260 682 454 736 αὑτὸν
484 683 554 735 ἐν
581 680 735 751 χαρᾷ
757 683 908 751 μετὰ
933 682 1038 736 τοῦ
1071 683 1392 751 προσώπου
1417 700 1553 737 σου.
1618 685 1839 755 Προσω-

263 790 367 827 πον
392 772 486 826 τοῦ
512 773 722 843 Πατρὸς
752 773 781 824 6
805 773 948 836 Υἱός.
977 774 1038 825 '0
1056 772 1561 843 ἑωρακὼςμφησὶν,
1590 773 1714 843 ἐμὲ,
1740 772 1842 827 ἑώ-

260 881 407 931 ρακε
434 866 542 917 τὸν
570 864 821 933 Πατέρα.
882 863 1036 918 Μετά
1070 865 1261 918 τούτου
1292 865 1678 937 εὐφραίνεσθαι
1719 867 1839 919 κατ’

260 956 490 1026 οὐρανὸν
518 956 592 1019 ὡς
618 958 977 1026 νυμφαγωγοὶ
1003 956 1139 1029 μετά
1170 956 1262 1009 τοῦ
1289 957 1835 1028 νυμφίουίμέλλομεν.

336 1047 466 1101 Ὀτι
496 1050 530 1101 ὀ
566 1048 866 1111 βασιλεὺς
893 1045 1111 1108 ἐλπίζει
1137 1046 1236 1100 ἐπὶ
1263 1048 1481 1115 Κύριον
1498 1086 1513 1111 ,
1536 1048 1633 1100 καὶ
1661 1049 1729 1101 ἐν
1760 1048 1841 1112 τῷ

263 1138 435 1193 ἐλέει.
486 1139 764 1209 Κρείττων
795 1138 912 1190 ἐστὶ
939 1140 1044 1191 τῶν
1073 1137 1451 1207 πολεμούντων
1483 1139 1582 1208 τῆς
1614 1139 1715 1208 σῆς
1745 1139 1841 1208 χά-

264 1243 409 1298 ριτος
442 1226 746 1279 ἀπολαύων.
796 1225 1077 1280 Ἀπολαύει
1103 1226 1158 1279 δὲ
1181 1226 1385 1297 ταύτης
1409 1226 1710 1297 ἀνθρώπων
1742 1227 1838 1297 μὲν

264 1318 436 1371 δύδενὶ
461 1317 677 1388 θαρρῶν
696 1358 709 1381 ,
743 1320 809 1388 τῇ
840 1318 895 1371 δὲ
933 1320 996 1388 σῇ
1038 1317 1211 1370 ἐλπίδι
1240 1317 1520 1388 χρώμενος
1556 1317 1711 1390 μόνῃ.

331 1408 615 1475 Εὐρεθείη
665 1410 704 1475 ἡ
752 1407 880 1475 χείρ
919 1422 1034 1460 σου
1068 1405 1217 1461 πᾶσι
1263 1407 1386 1472 τοῖς
1434 1406 1667 1475 ἐχθροῖς
1699 1420 1833 1459 σου.

272 1501 360 1563 '0;
394 1499 531 1569 πρὸς
571 1497 731 1551 αὐτὸν
763 1497 853 1551 τὸν
883 1498 1084 1568 Κύριον
1115 1499 1142 1550 ὁ
1182 1497 1341 1565 λόγος
1366 1496 1454 1550 διά
1484 1496 1554 1550 τὰ
1581 1498 1836 1566 γεγονότα

260 1594 377 1647 κατ’
411 1589 572 1644 αὐτοῦ
608 1589 759 1659 παρά
788 1589 879 1642 τοῦ
927 1588 1192 1643 Ἰουδαίων
1226 1588 1378 1642 λαοῦ.

330 1680 520 1753 [Λέγει
545 1680 620 1745 δὲ,
645 1680 726 1732 ὃτι
748 1678 1002 1751 θηρεύσει
1029 1680 1156 1741 τοὺς
1177 1679 1620 1750 ἁμαρτήσαντας.
1643 1678 1705 1732 Εἰ
1724 1679 1835 1750 γὰρ

257 1772 318 1824 ὲν
331 1747 427 1842 ’τῷ
448 1747 704 1843 -τηροῦντι
732 1747 831 1834 τάξ
859 1747 1077 1833 ἐντολὰς
1106 1771 1139 1841 ἡ
1167 1747 1353 1841 ἀγάπη
1384 1747 1478 1821 τοῦ
1506 1770 1641 1822 Θεοῦ
1666 1747 1837 1822 τελει-
1871 1747 1909 1801 Β

258 1863 433 1920 οὖται.
457 1863 634 1933 δῆλον,
661 1863 737 1926 ὠς
762 1864 791 1916 6
825 1861 900 1933 μὴ
925 1861 1107 1933 τηρῶν
1142 1864 1291 1932 μισεῖ
1309 1879 1322 1893 υ
1355 1860 1416 1924 ὃς
1447 1861 1542 1914 καὶ
1571 1860 1838 1914 ἀπολωλε-

256 1954 412 2009 κέναι
440 1954 675 2022 λέγεται.
702 1951 724 2025 ]

330 2136 453 2189 Ὅτι
481 2132 689 2201 θήσεις
711 2131 934 2196 αὐτοὺς
957 2130 1038 2200 ὡς
1061 2131 1354 2184 κλίϐανον
1380 2128 1569 2196 πυρὸς
1595 2130 1683 2193 είς
1710 2145 1838 2182 και-

254 2225 365 2293 ρὸν
395 2225 501 2279 τοῦ
529 2222 851 2291 προσώπου
872 2239 1008 2277 σου.
1085 2222 1229 2275 Ἀντὶ
1253 2219 1347 2274 τοῦ
1370 2262 1384 2286 ,
1418 2220 1597 2290 Πυρὸς
1622 2219 1837 2273 ἀποδεί-

254 2316 367 2380 ξεις
401 2315 677 2385 μετόχους.
714 2312 883 2366 Τοῦτο
906 2314 1013 2383 γὰρ
1045 2313 1256 2375 ἑαυτοῖς
1289 2309 1655 2381 ὲθησαύρισαν
1685 2312 1744 2361 ὲν
1767 2312 1833 2380 τῇ

252 2405 483 2477 δευτέρα
530 2421 623 2456 σου
668 2402 957 2472 ἐπιφανείᾳ
982 2441 996 2465 ,
1026 2402 1154 2454 ὅταν
1201 2401 1295 2453 καὶ
1322 2398 1587 2469 ἀποδιδῷς
1620 2399 1835 2468 ἑκάστῳ

252 2495 399 2549 κατά
430 2496 496 2549 τὰ
523 2495 659 2566 ἔργα
686 2492 870 2547 αὑτοῦ.
900 2494 1110 2561 Κύριος
1139 2490 1374 2561 «έν-,ὀργῇ
1401 2491 1584 2545 αὐτοῦ
1617 2506 1836 2544 συντα-

252 2586 421 2653 ράξει
443 2584 662 2650 αὐτοὺς
684 2623 700 2649 ,
726 2585 823 2638 καὶ
847 2583 1243 2652 καταφάγεται
1278 2581 1498 2646 αὐτοὺς
1529 2580 1666 2648 πῦρ.
1716 2581 1835 2651 Ὀρ-

253 2677 363 2745 γήν
396 2693 527 2746 φησι
554 2676 652 2746 τὴν
688 2675 958 2745 τιμωρίαν
996 2674 1095 2745 τὴν
1123 2673 1496 2745 γενησομένην
1538 2672 1719 2735 αὐτοῖς
1748 2671 1835 2724 διὰ

252 2764 353 2835 τὴν
390 2768 470 2829 είς
500 2766 657 2818 αὑτὸν
688 2765 865 2835 ὓϐριν.

331 2854 445 2910 Τὸν
466 2855 698 2923 καρπὸν
722 2854 921 2910 αὐτῶν
950 2854 1067 2910 ἀπὸ
1109 2854 1222 2925 τῆς
1258 2852 1527 2918 ἀπολεῖς.
1584 2854 1722 2915 Τοὺς
1748 2854 1833 2906 λό-

253 2963 387 3013 γους
415 2948 539 3010 τοὺς
584 2949 852 3018 πονηροὺς
893 2947 987 3000 καὶ
1016 2946 1085 2999 τὰ
1117 2945 1495 3016 ἐνθυμήματα.
1558 2945 1741 2997 Ταῦτα
1775 2944 1831 2997 δέ

253 3040 393 3091 εἰσιν
428 3038 707 3091 ἐπιϐουλαὶ
738 3039 793 3091 ai
827 3037 957 3108 παρ’
988 3036 1195 3098 αὐτῶν,
1226 3036 1280 3088 αἳ
1306 3036 1397 3088 καὶ
1423 3033 1718 3106 ἀνῄρηνται
1745 3034 1832 3088 διὰ

250 3128 355 3199 τῆς
384 3128 748 3192 ἀναστάσεως.
786 3127 936 3199 [Τὰς
959 3126 1307 3189 διδασκαλίας
1339 3126 1429 3177 καὶ
1453 3124 1519 3177 τὰ
1548 3125 1682 3179 ἄθεα
1710 3125 1831 3193 δόγ-

258 3239 426 3293 ματα,
449 3220 485 3274 ἃ.
512 3222 648 3291 μετά
671 3222 768 3291 τὴν
795 3220 1047 3291 τελευτὴν
1074 3218 1274 3281 αὐτῶν,
1312 3218 1386 3281 ὡς
1415 3216 1616 3285 ἀγαθὸς
1647 3218 1675 3269 6
1702 3217 1832 3281 Θεὸς

253 3309 503 3380 ἀπωλείᾳ
532 3308 922 3380 παραδίδωσι.]
950 3308 1062 3364 Καὶ
1104 3306 1170 3360 τὸ
1208 3305 1445 3374 σπέρμα
1485 3302 1683 3358 αὐτῶν
1714 3305 1831 3358 ἀπὸ

252 3400 403 3455 υἱῶν
439 3400 780 3469 ἀνθρώπων.
842 3398 1140 3470 Εὑεργεσία
1175 3398 1320 3451 ἐστὶν
1356 3396 1636 3467 ἁμαρτιῶν
1669 3397 1832 3448 ἐκπε-

256 3496 371 3545 σεῖν
423 3495 517 3545 καὶ
560 3492 778 3546 ἐννοιῶν
811 3491 1083 3563 πονηρῶν.
1154 3489 1383 3560 Σπέρμα
1415 3487 1523 3558 γὰρ
1555 3487 1830 3559 ἁμαρτίας

253 3583 515 3653 λογισμὸς
547 3584 802 3653 πονηρός.

337 3673 465 3725 Ὀτι
500 3671 707 3738 θήσεις
736 3671 954 3736 αὐτοὺς
982 3668 1190 3722 νῶτον.
1257 3668 1314 3722 '0
1337 3669 1390 3721 δὲ
1419 3668 1710 3739 Σύμμαχος
1740 3668 1830 3721 οὖ-

250 3779 359 3826 τως
377 3764 715 3833 ὴρμήνευσεν
732 3780 743 3791 ⁸
766 3763 891 3815 Ὅτι
917 3760 1124 3827 θήσεις
1142 3760 1364 3825 αὐτοὺς
1386 3759 1824 3828 ἁποστρόφους,

252 3840 526 3905 τουτέστιν
558 3838 730 3906 ὀπίσω
754 3853 847 3907 καὶ
876 3849 1335 3923 παρακολούθημα
1363 3849 1468 3902 τῶν
1497 3847 1684 3902 ἐθνῶν.
1731 3850 1827 3901 Ἐν

253 3944 379 4010 τοῖς
432 3946 797 4013 περιλοίποις
851 3959 966 3997 σου
1014 3941 1345 4011 ἐτοιμάσεις
1382 3941 1447 3993 τὸ
1504 3941 1827 4007 πρόσωπον

252 4034 470 4089 αὐτῶν.
531 4035 940 4098 Καταλέλοιπας
988 4035 1205 4097 αὐτοῖς,
1239 4033 1401 4103 φησὶν
1426 4071 1441 4097 ,
1490 4031 1822 4101 ἐπιστροφῆς

252 4129 443 4200 καιρὸν
486 4128 621 4199 πρὸς
662 4128 723 4180 τὸ
756 4127 1100 4197 μετανοῆσαι.
1176 4124 1323 4196 Αὕτη
1360 4124 1416 4177 δέ
1445 4126 1561 4177 ἐστι
1594 4124 1731 4194 μετὰ
1762 4124 1822 4175 τὸ

252 4216 524 4289 πλήρωμα
551 4216 657 4269 τῶν
685 4217 852 4271 ἐθνῶν
881 4217 1071 4286 κλῆσις
1099 4217 1190 4268 καὶ
1215 4215 1539 4287 ἐπιστροφή.

325 4307 615 4380 [Ποιήσεις
656 4309 778 4372 τοὺς
816 4309 1219 4377 ἀπιστήσαντας
1264 4307 1565 4369 Ἰουδαίους.
1626 4305 1732 4370 Οὓς
1762 4307 1818 4360 δὲ

1946 503 2400 558 benevolentiam.
2428 502 2635 558 Horum
2669 519 2799 559 vero
2832 505 2885 559 in
2915 520 3082 561 causa
3113 504 3214 559 fuit
3240 506 3343 574 ipsi
3368 508 3512 575 quod

1944 594 2040 647 tibi
2074 594 2377 649 conﬁderit.
2409 592 2735 664 Lwtiﬁcabis
2765 610 2883 648 eum
2917 596 2971 648 in
2995 596 3189 665 gaudio
3220 611 3333 648 cum
3367 597 3515 648 vultu

1945 696 2054 740 tuo.
2090 684 2280 741 Vultus
2300 684 2477 740 I‘alris
2500 697 2583 741 est
2612 686 2784 741 Filius
2812 706 2824 740 :
2853 686 2956 751 Qui
2983 687 3111 739 vidit
3136 702 3238 750 me,
3260 687 3355 751 ait,
3384 685 3514 740 vidit

1941 786 1989 831 et
2020 777 2236 831 Patrem
2283 794 2453 830 meum
2478 779 2541 831 ’⁸.
2571 779 2707 833 Cum
2743 779 2834 834 illo
2863 778 3106 833 futurum
3156 789 3213 834 ut
3257 780 3313 832 in
3374 778 3513 833 coelo

1894 936 1899 939 η
1941 870 2205 937 laetemur,
2239 870 2388 924 velut
2416 872 2606 941 sponsi
2636 872 2954 925 deductores
2991 887 3112 926 cum
3140 871 3258 939 ipso
3288 886 3509 941 sponso.

2011 961 2064 1016 8.
2092 962 2355 1027 Quoniam
2380 978 2470 1015 rex.
2506 973 2680 1031 sperat
2703 964 2757 1015 in
2788 961 3033 1027 Domino,
3064 971 3111 1015 et
3139 963 3193 1014 in
3222 962 3513 1014 misericor-

1940 1054 2052 1119 dia,
2087 1064 2192 1107 etc.
2225 1053 2486 1123 Superior
2503 1056 2709 1108 scilicet
2731 1064 2815 1109 est
2843 1055 3111 1119 hostihus,
3138 1063 3287 1108 tuam
3318 1063 3510 1109 nactus

1940 1148 2192 1214 gratiam.
2211 1143 2287 1198 Ea
2311 1155 2492 1198 autem
2513 1145 2711 1198 fruitur
2734 1144 2867 1197 nulli
2894 1144 3178 1199 hominum
3204 1143 3506 1207 conﬁdens,

1940 1234 2036 1290 sed
2066 1235 2121 1290 in
2161 1243 2215 1290 te
2256 1237 2435 1291 solum
2467 1250 2617 1304 spem
2650 1234 2947 1289 collocans.

1988 1404 2060 1470 ,9.
2102 1403 2415 1458 Inveniatur
2456 1418 2645 1456 manus
2688 1412 2782 1455 tua
2823 1401 3064 1454 omnibus
3108 1401 3337 1455 inimicis
3377 1401 3503 1455 tuis.

1938 1494 2065 1551 llaec
2115 1496 2183 1549 ad
2235 1496 2412 1565 ipsum
2453 1494 2746 1548 Dominum
2798 1495 3069 1562 pertinere
3117 1494 3391 1561 videntur,
3436 1493 3507 1549 0h

1938 1589 2078 1643 mala
2114 1603 2145 1643 a
2167 1586 2398 1642 Judaieo
2422 1586 2622 1655 populo
2655 1586 2800 1639 illata
2831 1586 2954 1654 ipsi.

2007 1680 2119 1751 [Ait
2155 1690 2336 1735 autem
2371 1696 2430 1733 se
2476 1678 2633 1748 quasi
2667 1688 2867 1732 venatu
2924 1688 3211 1747 capturum
3264 1686 3505 1747 peccato-

1938 1788 2046 1827 res.
2079 1773 2135 1826 Si
2159 1788 2394 1841 namque
2416 1774 2469 1827 in
2501 1789 2586 1837 eo,
2615 1773 2707 1842 qui
2739 1771 2993 1825 mandata
3025 1780 3225 1835 servat,
3264 1769 3507 1825 charitas

1939 1861 2033 1915 Dei
2078 1862 2396 1930 perﬁcitur,
2449 1862 2628 1931 palam
2678 1870 2764 1915 est
2816 1876 2940 1915 cum
2995 1860 3089 1929 qui
3139 1876 3244 1914 non
3286 1868 3504 1923 servat,

1937 1951 2108 2007 Deum
2166 1953 2291 2008 odio
2362 1952 2607 2009 haberc-
2672 1954 2766 2023 qui
2832 1953 3031 2006 dicitur
3092 1951 3146 2004 in
3208 1952 3503 2020 perniciem

1935 2047 2063 2118 ire.]
2200 2038 2211 2047 ’

2001 2140 2089 2192 10.
2123 2138 2292 2194 Panes
2315 2157 2402 2194 eos
2434 2150 2490 2194 ut
2516 2140 2780 2194 clibanum
2806 2141 2944 2210 ignis
2977 2142 3032 2194 in
3055 2148 3280 2209 tempore
3329 2140 3503 2195 vultus

1938 2232 2035 2285 tui.
2070 2233 2149 2287 Ac
2173 2233 2219 2287 si
2253 2234 2495 2287 diceret:
2532 2234 2673 2303 ignis
2704 2243 2990 2289 consortes
3022 2233 3241 2289 eﬂicies.
3271 2232 3327 2286 ιιι
3354 2234 3501 2289 enim

1936 2324 2013 2378 illi
2042 2341 2138 2380 ceu
2171 2326 2489 2380 thesaurum
2518 2336 2880 2396 reposuerunt
2909 2327 2965 2381 in
2995 2328 3235 2381 secundo
3265 2329 3501 2382 adventu

1936 2423 2050 2479 tuo,
2105 2417 2323 2484 quando
2386 2416 2578 2472 reddes
2615 2417 2911 2487 unicuique
2958 2418 3116 2487 juxta
3169 2433 3333 2488 opera
3377 2433 3497 2474 sua.

1934 2508 2193 2563 Dominus
2227 2510 2281 2562 in
2319 2511 2403 2562 ira
2450 2526 2548 2562 sua
2596 2509 2927 2562 conturbabit
2975 2526 3083 2574 eos,
3132 2520 3181 2564 et
3229 2510 3499 2564 devorabi:

1933 2614 2017 2651 eos
2047 2600 2205 2668 ignis.
2242 2596 2381 2652 lr’am
2415 2607 2573 2653 vocat
2602 2598 2926 2667 supplicium
2964 2615 3073 2669 quo
3104 2611 3252 2668 sunt,
3299 2612 3498 2655 contu-

1934 2691 2107 2745 meliae
2138 2692 2238 2761 ipsi
2276 2691 2471 2745 oblatae
2493 2707 2680 2757 causa,
2718 2691 3012 2748 multandi.

2004 2861 2090 2914 Η.
2123 2860 2381 2915 Fructum
2408 2880 2587 2917 eorum
2616 2865 2679 2917 de
2705 2872 2846 2918 terra
2873 2865 3076 2932 perdes.
3107 2863 3245 2920 Mala
3290 2867 3497 2924 scilicet

1932 2955 2093 3007 verba
2120 2964 2173 3008 et
2214 2957 2383 3009 malas
2428 2957 2805 3026 cogitationes.
2853 2955 2947 3011 Ila:
2997 2968 3125 3011 sunt
3175 2959 3385 3013 insidia:
3429 2960 3496 3015 ab

1860 3078 1902 3137 Ο
1936 3042 2041 3095 illis
2072 3052 2276 3110 parata:
2311 3059 2431 3113 qua:
2454 3061 2548 3115 per
2574 3048 3030 3101 resurrectionem
3062 3048 3345 3102 tolluntur.
3377 3048 3479 3120 [Do

1934 3136 2137 3187 ctrinas
2166 3150 2219 3188 ct
2255 3137 2421 3203 impia
2453 3138 2728 3207 dogmata,
2761 3153 2882 3207 quae
2917 3148 3039 3207 post
3071 3140 3312 3208 ipsorum
3355 3155 3478 3194 mor

1933 3230 2040 3274 tem
2071 3221 2235 3288 Deus,
2271 3234 2455 3292 utpote
2484 3226 2680 3290 bonus,
2714 3226 2994 3300 destruit.]
3026 3226 3095 3279 Et
3119 3244 3289 3281 semen
3318 3244 3494 3281 eorum

1932 3331 1965 3366 a
1998 3315 2126 3383 [iliis
2149 3315 2439 3372 hominum.
2482 3318 2811 3372 Benelicium
2849 3320 3155 3374 habendum
3184 3328 3267 3374 cst
3294 3336 3325 3375 a
3373 3334 3493 3389 pec.

1931 3405 2068 3457 catis
2101 3406 2349 3459 excidere
2387 3416 2441 3460 et
2468 3422 2499 3459 a
2532 3408 2713 3476 pravis
2754 3409 3199 3479 cogitationibus.
3247 3407 3383 3462 Nam
3415 3423 3491 3465 se.

1930 3506 2055 3549 men
2084 3496 2289 3564 peccati
2319 3497 2460 3550 mala
2485 3499 2766 3569 cogitatio.

2001 3674 2087 3729 15.
2119 3675 2381 3739 Quoniam
2409 3694 2564 3747 pones
2595 3694 2679 3732 eos
2709 3679 2945 3734 dorsum.
2991 3679 3352 3751 Symmachus
3401 3696 3493 3737 au-

1929 3779 2035 3821 tem
2064 3770 2144 3822 sic
2169 3769 2552 3837 interpretatus
2584 3780 2705 3826 est:
2740 3770 3004 3836 Quoniam
3044 3789 3199 3840 pones
3222 3790 3306 3826 eos
3352 3790 3491 3828 aver-

1925 3875 2031 3922 sos,
2057 3860 2107 3912 id
2134 3869 2216 3913 est
2240 3870 2538 3914 retrorsum
2566 3871 2619 3915 et
2641 3864 2991 3929 appendicem
3022 3866 3278 3930 gentium.
3313 3865 3378 3918 In
3408 3882 3489 3919 re-

1924 3950 2101 4019 liquiis
2160 3952 2263 4004 tuis
2303 3952 2627 4020 prwparabis
2676 3954 2878 4007 vultum
2926 3971 3123 4007 eorum.
3180 3957 3487 4024 lieliquisti,

1924 4042 2021 4101 ait,
2054 4040 2162 4094 illis
2188 4043 2561 4096 conversionis
2595 4051 2806 4111 tempus
2836 4046 2901 4096 ad
2934 4046 3331 4112 pwnitentiam.
3363 4044 3488 4100 Haec

1923 4140 2104 4186 autem
2139 4143 2222 4186 est
2271 4133 2484 4187 vocatio
2514 4142 2568 4187 et
2614 4136 2899 4189 conversio
2934 4144 3058 4204 post
3096 4136 3483 4206 plenitudinem

1921 4224 2186 4293 gentium.

1992 4312 2350 4384 [Incredulos
2394 4312 2611 4370 Iudaeos
2652 4314 2873 4371 efﬁcies.
2926 4325 3071 4383 Quos
3116 4324 3296 4372 autem
3342 4319 3484 4372 Deus

250 4402 281 4453 6
310 4400 443 4464 Θεὸς
471 4400 902 4471 ἀποστρέφεται,
939 4401 1139 4467 τίθησι
1170 4397 1361 4452 νῶτον
1391 4396 1465 4469 μὴ
1492 4397 1819 4467 δυναμένους

1942 4414 2224 4469 iversatur,
2260 4421 2353 4461 eos
2379 4408 2525 4474 ponit
2553 4408 2791 4473 dorsum,
2824 4409 2950 4478 quia
2973 4424 3080 4461 non
3112 4418 3339 4478 possunt
3363 4424 3485 4464 esse

248 4486 392 4546 εἶναι
424 4492 709 4562 πρόσωπον
734 4533 748 4557 ,
798 4492 934 4563 πρὸς
965 4491 1025 4544 τὸ
1051 4490 1118 4543 τὰ
1164 4490 1383 4543 ὀπίσθια
1429 4488 1819 4554 κατανοοῦντας

248 4583 337 4638 διὰ
360 4582 468 4638 τῶν
501 4583 816 4655 ποιημάτων
862 4583 1041 4655 πάλιν,
1069 4582 1205 4654 πρὸς
1240 4582 1400 4637 αὐτὸν
1432 4582 1814 4653 ἀναφέρεσθαι.

250 4677 389 4739 Τοὺς
416 4675 523 4747 γὰρ
549 4679 621 4747 μὴ
653 4678 793 4740 οἴους
811 4694 870 4729 τε
897 4677 1028 4747 ὀρᾷν
1054 4675 1113 4729 τὸ
1134 4675 1442 4746 πρόσωπον,
1471 4673 1547 4745 τῷ
1575 4675 1648 4746 μὴ
1676 4675 1818 4744 ἔχειν

246 4768 471 4839 καρδίαν
494 4768 758 4839 καθαρὰν,
774 4767 980 4821 τίθεται
1004 4770 1282 4822 κατανοεῖν
1302 4766 1367 4819 τὰ
1387 4766 1605 4820 ὀπίσθια
1629 4766 1814 4830 αὐτοῦ,

244 4856 315 4909 τὰ
356 4858 474 4927 μετ’
506 4858 665 4910 αὑτὸν
716 4858 846 4911 ὄντα
885 4857 1365 4928 δημιουργήματαο
1409 4857 1493 4909 ἵνα
1520 4856 1616 4926 τὴν
1643 4857 1817 4910 κτίσιν

245 4945 572 5018 θεωροῦντες
606 4948 811 5002 ἔννοιαν
841 4948 1001 5002 αὑτοῦ
1029 4948 1230 5002 λάϐωσι
1250 4989 1265 5011 ,
1299 4950 1391 5002 καὶ
1424 4948 1815 5020 προσϐαλόντες

242 5038 321 5110 τῷ
343 5038 463 5109 Θεῴ
491 5038 686 5104 αὐτῶν,
717 5040 776 5093 τὸ
810 5040 901 5093 τοῦ
926 5040 1059 5094 Θεοῦ
1085 5040 1372 5111 πρόσωπον
1406 5042 1575 5095 ἴδωσι.
1653 5043 1815 5112 Περί-

242 5129 407 5185 λοιπα
433 5131 489 5185 δὲ
516 5132 611 5186 τοῦ
639 5132 773 5187 Θεοῦ
804 5131 874 5186 τά
917 5133 1171 5206 ἀνωτέρω
1210 5133 1319 5187 τῶν
1345 5135 1658 5205 κτισμάτων
1705 5133 1811 5187 τῶν

241 5219 539 5293 αἰσθητῶν.

320 5415 634 5483 ’Υψώθητι,
668 5418 865 5486 Κύριε,
903 5419 973 5472 ἐν
1001 5416 1074 5487 τῇ
1100 5416 1349 5487 δυνάμει
1377 5433 1516 5473 σου.
1580 5419 1807 5489 Ὅμοιον

1921 4498 2123 4565 vultus,
2155 4510 2213 4553 ut
2260 4501 2564 4569 posteriora
2599 4500 2766 4571 (Dei)
2801 4501 3208 4556 considerantes
3238 4516 3334 4570 per
3364 4501 3483 4568 ejus

1919 4592 2133 4661 opilicia
2171 4592 2239 4647 ad
2290 4595 2467 4663 ipsum
2516 4595 2866 4650 reducantur.
2906 4593 3185 4662 Siquidem
3227 4595 3479 4660 inlirmis,

1918 4685 2184 4755 quiquod
2232 4700 2325 4740 cor
2369 4701 2566 4754 purum
2622 4701 2730 4739 non
2781 4686 3047 4747 habeant,
3100 4702 3206 4740 non
3252 4695 3484 4756 possunt

1917 4778 2125 4832 vultum
2157 4778 2275 4846 ejus
2334 4778 2550 4842 videre,
2596 4779 2895 4845 posteriora
2945 4792 3043 4832 sua
3087 4779 3481 4833 consideranda

1915 4870 2089 4934 oﬂ‘ert,
2134 4871 2337 4926 scilicet
2375 4869 2588 4939 opilicia
2620 4887 2739 4940 quae
2776 4880 2895 4939 post
2949 4872 3127 4939 ipsum
3166 4882 3334 4937 sunt;
3396 4882 3474 4937 ut,

1914 4963 2218 5031 conspectis
2280 4963 2442 5017 rebus
2490 4964 2731 5024 creatis,
2781 4963 2836 5015 in
2892 4964 3257 5031 cognitionem
3332 4964 3477 5018 illius

1912 5058 2217 5118 deveniam,
2257 5064 2311 5110 ct
2341 5055 2450 5109 Deo
2490 5071 2592 5110 suo
2640 5071 2758 5110 sese
2803 5057 3155 5124 applicantes,
3201 5056 3319 5120 ejus
3368 5056 3478 5107 vul-

1912 5160 2026 5206 tum
2098 5152 2337 5205 videant.
2408 5149 2670 5218 licliquim
2731 5160 2913 5203 autem
2984 5150 3077 5203 Dei
3144 5157 3271 5202 sunt
3341 5147 3473 5212 illa,

1909 5259 2033 5313 qua:
2084 5244 2245 5297 rebus
2290 5242 2524 5297 conditis
2554 5257 2776 5296 sensum
2806 5241 3149 5295 moventibus
3191 5240 3474 5307 superiora

1908 5346 2056 5391 sunt.

1979 5427 2066 5479 14.
2103 5426 2378 5489 Exallare,
2418 5427 2656 5492 Domine,
2686 5426 2739 5479 in
2769 5425 2959 5479 virtute
2992 5433 3103 5476 tua.
3143 5420 3331 5476 Simile
3358 5420 3470 5474 illi:

233 5504 314 5575 τῷ
333 5520 349 5534 ο
388 5504 639 5561 Ἐλθέτω
666 5510 705 5571 ἡ
732 5508 1021 5572 ,βασιλεία
1043 5522 1182 5562 σου.
1214 5507 1325 5578 Τὴν
1347 5507 1600 5580 δευτέραν
1624 5508 1680 5561 δὲ
1710 5526 1806 5564 σα-

1942 5516 2159 5571 ιιίυεηὶαι
2212 5534 2427 5587 regnum
2486 5528 2652 5573 tuum.
2714 5516 2874 5574 Hisce
2933 5524 3114 5573 autem
3166 5514 3470 5572 secundum

305 5679 528 5737 “Joan.
581 5697 693 5751 xxv,
719 5680 772 5738 9.
850 5683 894 5714 ”
917 5680 1102 5738 Matth.
1130 5697 1204 5750 vr,
1246 5681 1333 5739 10.
