3874 6218
334 286 430 342 151

1139 283 1197 338 S.
1242 277 1614 334 ATHANASH
1655 278 1805 332 OPP.
1847 275 2027 329 PARS
2063 275 2152 330 Ill.
2193 303 2260 314 -—
2299 273 2711 330 EXEGETICA.

3469 273 3568 328 ἴω

337 406 455 476 ejus
501 402 788 458 adventum
837 410 992 472 rogat
1051 401 1382 470 accelerari:
1449 397 1792 453 Cantabimus
1845 405 1894 448 et

2033 395 2112 458 Ei;
2141 397 2438 465 παρουσίαν
2472 394 2684 465 εὔχεται
2731 394 2820 448 διὰ
2850 395 3008 448 τοῦτο
3055 393 3310 464 γενέσθαι
3330 398 3345 426 '-
3387 396 3568 465 ’ᾼονοι

335 496 622 567 psultemus
653 495 868 548 virtutes
897 503 1034 546 tuas.
1061 491 1214 546 Tunc
1241 491 1384 544 enim
1409 506 1599 544 omnes
1623 491 1896 562 iustorum

337 587 554 650 animae,
591 586 644 638 in
677 585 928 654 supernis
971 582 1350 637 mansionibus
1379 581 1688 634 constituta:
1733 579 1896 648 spiri-

339 678 537 734 tualem
563 676 768 730 cultum
801 672 1046 744 obeunt,]

531 766 580 821 1.
621 763 690 820 1η
719 767 897 835 finem,
929 780 1023 832 pro
1065 763 1390 830 susceptione
1419 761 1686 814 matutina
1706 799 1721 823 ,

757 852 1096 910 PSALMUS
1127 852 1316 904 David.
1350 851 1510 904 ΧΧΙ.

917 946 1317 1014 Argumentum.

340 1035 566 1092 Canitur
596 1037 686 1090 hic
723 1035 970 1104 psalmus
1001 1051 1102 1104 pro
1147 1033 1488 1102 susceptione
1533 1033 1816 1096 matutina,
1847 1033 1898 1086 id

403 1136 506 1192 est,
546 1127 672 1196 quia
697 1135 854 1180 nocte
882 1136 936 1180 et
965 1127 1194 1194 caligine
1219 1127 1485 1180 diabolica
1521 1141 1622 1178 nos
1651 1125 1900 1178 liberavit

404 1219 647 1273 emicans
675 1219 1016 1288 unigenitum
1053 1217 1145 1270 Dei
1177 1219 1434 1280 Verbum,
1469 1218 1650 1272 oriens
1673 1233 1738 1270 ex
1769 1217 1896 1282 alto,

410 1317 470 1363 ut
501 1310 761 1378 scriptum
793 1317 877 1364 est
901 1309 965 1362 ³ο.
999 1309 1105 1362 Aut
1141 1310 1544 1377 susceptionem
1581 1309 1899 1362 matutinam

407 1401 642 1470 appellat
687 1401 1114 1454 resurrectionis
1171 1398 1472 1452 Salvatoris
1519 1409 1750 1468 tempus.
1803 1399 1902 1452 Re-

404 1492 642 1547 surrexit
674 1492 816 1546 enim
859 1492 1036 1560 primo
1083 1491 1342 1554 diluculo,
1376 1499 1430 1544 et
1469 1491 1614 1544 viam
1649 1491 1900 1544 humanae

409 1593 620 1638 naturae
661 1583 888 1638 munivit
934 1583 1000 1637 ad
1037 1583 1522 1651 incorruptionem.
1573 1581 1732 1636 Canit
1771 1597 1899 1634 vero

414 1675 686 1744 psalmum
721 1673 975 1728 Christus
1025 1689 1090 1727 ex
1144 1689 1377 1744 persona
1431 1673 1805 1728 humanitatis.
1835 1676 1900 1727 A-

401 1775 552 1834 perte
581 1774 758 1818 autem
793 1779 854 1818 ea
885 1773 1074 1818 narrat
1099 1781 1220 1834 qua:
1256 1765 1436 1820 crucis
1477 1773 1716 1834 tempore
1753 1779 1782 1818 a
1814 1762 1902 1818 Ju-

414 1857 547 1912 daeis
574 1857 724 1911 illata
755 1856 858 1926 ipsi
889 1863 1036 1912 sunt.

409 2053 466 2108 2.
497 2053 658 2116 Deus,
685 2053 824 2106 Deus
853 2069 1017 2116 mens,
1055 2053 1252 2120 respice
1288 2052 1343 2104 in
1367 2069 1448 2106 me
1469 2069 1488 2105 :
1517 2069 1680 2121 quare
1706 2067 1784 2104 me
1813 2051 1904 2104 de-

341 2143 602 2214 reliquisti
634 2146 658 2198 ?
687 2144 932 2198 Postulat
963 2145 1354 2212 inspectionem
1395 2143 1594 2206 Patris,
1631 2153 1814 2196 nostra
1847 2141 1900 2195 in

343 2249 462 2290 sese
501 2235 856 2298 transferens,
904 2245 964 2288 ut
1012 2236 1301 2305 abrogaret
1349 2234 1472 2306 [nos
1512 2235 1614 2302 ipsi
1659 2231 1900 2286 derelicti

341 2327 517 2398 prius,
561 2343 706 2380 nunc
733 2335 912 2379 autem
958 2327 1226 2396 assumpti
1256 2343 1320 2380 ac
1367 2325 1540 2379 salute
1584 2325 1770 2378 donati
1818 2339 1905 2378 su-

341 2433 487 2473 mus.
523 2417 649 2473 Haec
677 2418 804 2472 dicit
831 2427 886 2471 ut
918 2419 1224 2486 abrogaret,
1265 2416 1416 2486 ἀξια]
1445 2417 1899 2478 maledictionem,

341 2517 398 2565 et
435 2511 501 2564 ad
535 2526 633 2565 nos
669 2511 876 2564 vultum
921 2509 1102 2562 Patris
1151 2509 1464 2562 adduceret.
1512 2507 1624 2561 Nos
1657 2507 1800 2561 enim
1831 2506 1904 2560 ob

339 2604 472 2656 Adae
493 2603 992 2673 praevaricationem
1043 2603 1096 2653 in
1131 2601 1470 2654 aversioncm
1522 2609 1576 2653 et
1605 2598 1905 2652 derelictio-

342 2711 466 2750 nem
495 2695 622 2750 l'acti
650 2711 858 2749 sumus.
891 2693 1066 2763 Longe
1096 2709 1128 2746 a
1162 2693 1333 2745 salute
1365 2709 1480 2745 mea
1504 2693 1656 2744 verba
1683 2689 1905 2742 delicto-

341 2801 461 2838 rum
495 2799 746 2837 meorum.
781 2781 932 2846 Mihi,
963 2797 1170 2850 quaeso,
1199 2781 1566 2834 animadverte
1591 2775 1902 2830 humanita-

341 2875 413 2929 tis
453 2875 508 2928 in
561 2875 780 2928 Christo
827 2888 1140 2942 personam,
1203 2871 1562 2942 postulantem
1611 2869 1826 2922 liberari
1871 2883 1902 2921 a

345 2964 587 3034 lapsibus
625 2979 718 3018 seu
745 2979 776 3016 a
803 2963 1034 3025 delictis,
1058 2971 1111 3016 et
1141 2979 1170 3016 a
1194 2962 1536 3016 sermonibus
1569 2977 1628 3014 ea
1664 2969 1905 3028 spectan-

1991 503 2108 554 μεν
2139 487 2236 540 καί
2265 487 2578 556 ψαλοῦμεν
2599 487 2708 552 τὰς
2733 485 3092 552 δυναστείας
3121 503 3261 542 σου.
3295 485 3427 540 Τότε
3460 488 3570 560 γὰρ

1996 581 2146 632 πᾶσα
2173 579 2395 632 δικαίων
2421 579 2600 649 ψυχὴ,
2635 581 2692 632 ἐν
2737 581 2858 642 ταῖς
2901 578 3013 632 ἄνω
3047 579 3316 649 γενομένη
3358 581 3572 654 μοναῖς,

1996 667 2094 730 τὰς
2123 667 2490 738 πνευματικὰς
2529 669 2840 740 ἀναπέμπει
2868 669 3136 740 λατρείας.
3165 667 3186 740 ]

1991 759 2094 824 Εἰς
2123 759 2190 813 τὸ
2223 761 2417 824 τέλος,
2451 760 2602 829 ὑπὲρ
2627 761 2744 830 τῆς
2759 760 3136 828 ἀντιλήψεως
3163 759 3272 830 τῆς
3293 757 3568 830 ἑωθινῆς,

2376 853 2673 906 ΨΔΛΜΟΣ
2703 852 2784 917 τῷ
2814 852 3013 908 Δαυτδ.
3059 857 3190 908 KA'.

2631 943 2955 1011 ’Υπόθεσις.

2001 1033 2218 1103 ’ᾼδεται
2255 1035 2284 1086 ὁ
2323 1037 2676 1106 προκείμενος
2701 1035 2914 1107 ψαλμδς
2945 1037 3084 1109 ὑπὲρ
3109 1037 3206 1108 τῆς
3233 1039 3574 1111 ἀντιλήψεως

2067 1127 2166 1195 τῆς
2193 1126 2437 1197 ἑωθινῆς.
2473 1129 2758 1180 Τουτέστιν
2779 1129 2860 1182 ὅτι
2891 1130 3082 1193 νυκτὸς
3107 1133 3200 1183 καὶ
3225 1132 3422 1201 ἀχλύος
3457 1134 3574 1188 δια-

2069 1214 2287 1286 ϐολικῆς
2315 1217 2682 1288 ἠλευθέρωσεν
2725 1221 2870 1290 ἡμᾶς
2891 1259 2906 1282 ,
2940 1221 3251 1291 ὲπιλάμψας
3277 1225 3306 1275 ὁ
3339 1241 3568 1294 μονογε-

2066 1308 2163 1378 νὴς
2195 1307 2288 1361 τοῦ
2317 1307 2450 1361 Θεοῦ
2483 1311 2654 1380 Λόγος
2679 1311 2908 1382 ἀνατολὴ
2949 1311 3009 1377 ἐξ
3041 1312 3208 1382 ὕψους
3228 1317 3370 1370 κατὰ
3391 1318 3452 1370 τὸ
3477 1335 3576 1387 γε-

2070 1399 2404 1470 γραμμένον.
2437 1401 2508 1452 Ἢ
2529 1402 2622 1454 καὶ
2649 1401 2928 1473 ἀντίληψιν
2949 1403 3178 1474 ἑωθινὴν
3203 1407 3292 1460 τὸν
3315 1407 3414 1477 τῆς
3431 1409 3572 1464 άνα-

2068 1491 2308 1552 στάσεως
2336 1488 2431 1542 τοῦ
2455 1491 2700 1562 Σωτῆρος
2725 1493 2976 1563 ὀνομάζει
2997 1497 3204 1568 καιρόν.
3243 1497 3572 1571 Ἐγήγερται

2071 1579 2179 1652 γὰρ
2217 1579 2413 1652 ὄρθρου
2447 1581 2668 1650 βαθέος,
2691 1583 3010 1657 όδοποιήσας
3035 1589 3101 1658 τῇ
3139 1587 3436 1660 ἀνθρώπων
3467 1591 3574 1660 φύ-

2071 1691 2153 1728 σει
2181 1675 2278 1747 τὴν
2304 1678 2384 1740 είς
2411 1677 2718 1747 ἀφθαρσίαν
2751 1680 2886 1735 ὁδόν.
2945 1681 3094 1752 ’ᾼδει
3135 1684 3192 1736 δὲ
3233 1685 3323 1740 τὸν
3353 1687 3572 1758 ψαλμὸν

2071 1770 2100 1820 ὁ
2127 1769 2358 1838 Χριστὸς
2380 1770 2444 1822 ὲκ
2462 1770 2752 1838 προσώπου
2779 1773 2879 1842 τῆς
2903 1775 3337 1849 άνθρωπότητος.
3369 1782 3574 1851 Σαφῶς

2071 1857 2128 1911 δὲ
2159 1861 2252 1910 καὶ
2280 1859 2350 1912 τὰ
2393 1861 2754 1930 συμϐαίνοντα
2779 1863 2928 1934 αὐτῷ
2963 1868 3114 1937 παρά
3149 1870 3258 1924 τῶν
3297 1873 3573 1927 Ἰουδαίων

2071 1951 2130 2002 ἐν
2161 1949 2238 2020 τῷ
2269 1951 2444 2022 καιρῷ
2481 1951 2572 2004 τοῦ
2603 1953 2833 2022 σταυροῦ
2859 1953 3130 2027 ἐξηγεῖται
3157 1963 3287 2032 ἡμῖν

2085 2043 2146 2094 ὐ
2165 2045 2307 2108 Θεὸς
2339 2047 2370 2096 o'
2389 2047 2532 2110 Θεός
2554 2063 2694 2114 μου,
2715 2049 2977 2116 πρόσχες
2989 2066 3092 2118 μοι
3109 2065 3124 2082 ·
3141 2051 3241 2104 ἵνα
3263 2053 3322 2106 τί
3332 2053 3574 2123 ἐγκατέ-

2002 2135 2174 2200 λιπές
2197 2153 2313 2204 ys;
2350 2136 2500 2189 Αίτεῖ
2531 2138 2626 2208 τὴν
2675 2140 2969 2194 ἐποπτείαν
3000 2141 3099 2212 τήν
3131 2145 3281 2214 παρὰ
3323 2147 3418 2199 τοῦ
3451 2149 3572 2200 Πα-

2002 2227 2161 2297 τρὸς,
2203 2227 2270 2280 τὰ
2319 2229 2476 2297 ἡμῶν
2507 2231 2586 2293 είς
2617 2232 2805 2284 ἑαυτὸν
2841 2233 3148 2302 μετατιθεὶς
3181 2235 3268 2288 ἵνα
3321 2237 3568 2308 [Anter

2002 2322 2162 2390 ἡμεῖς
2191 2321 2297 2391 γὰρ
2323 2317 2464 2390 ἦμεν
2495 2323 2542 2374 οἱ
2571 2323 3122 2394 ὲγκαταλελειμμένοι
3153 2328 3442 2400 πρότερον,
3473 2333 3572 2385 νῦν

2031 2413 2056 2463 ὲ
2077 2411 2533 2482 προσειλημμένοι
2563 2413 2658 2466 καὶ
2709 2415 3058 2485 σεσωσμένοι.
3083 2417 3266 2470 Ταῦτα
3289 2419 3436 2488 λέγει
3457 2422 3570 2486 ἵνα,

2004 2503 2096 2555 καὶ
2121 2503 2189 2554 τὰ
2224 2503 2377 2574 ἑξῆς]
2395 2505 2575 2576 παύσῃ
2595 2505 2692 2575 τὴν
2705 2505 2862 2576 ἀρὰν,
2887 2508 2979 2560 καὶ
3010 2507 3094 2576 ἐφ’
3117 2509 3264 2579 ἡμᾶς
3288 2513 3571 2586 μεταγάγῃ

2002 2595 2061 2646 τὸ
2087 2597 2371 2666 πρόσωπον
2401 2595 2494 2648 τοῦ
2523 2597 2752 2668 Πατρός.
2783 2597 2970 2668 Ἡμεῖς
2997 2599 3104 2669 γάρ
3146 2603 3313 2671 ἐσμεν
3342 2605 3390 2658 oi
3417 2621 3578 2674 γεγο-

2002 2687 2150 2748 νότες
2197 2689 2513 2759 ἀποστροφὴ
2545 2691 2638 2741 καὶ
2671 2689 2920 2756 ἐγκατάλι
2939 2691 3048 2758 ιψις
3066 2691 3153 2744 διὰ
3184 2693 3280 2763 τὴν
3303 2697 3360 2746 ἐν
3403 2697 3574 2768 Ἀδὰμ

2002 2777 2330 2848 παράϐασιν.
2405 2782 2653 2849 Μακρὰν
2686 2782 2804 2835 ἀπὸ
2837 2780 2941 2846 τῆς
2989 2787 3284 2852 σωτηρίας
3317 2789 3370 2839 οὶ
3403 2789 3574 2858 λόγοι

2000 2866 2120 2918 τῶν
2143 2871 2624 2936 παραπτωμάτων
2649 2888 2788 2938 μου.
2845 2871 3042 2922 Σκόπει
3073 2888 3160 2941 μοι
3201 2875 3364 2928 πάλιν
3395 2877 3574 2948 τὸτῆς

2001 2956 2414 3028 ἀνθρωπότητος
2433 2961 2720 3030 πρόσωπον
2737 2963 2790 3014 ἐν
2805 2961 3022 3033 Χριστῷ
3040 2966 3388 3035 παρακαλοῦν
3409 2969 3578 3022 ἀπαλ-

346 3057 511 3111 tibus.
543 3055 729 3110 Palam
758 3063 842 3111 εει
885 3064 1066 3110 autem
1105 3055 1214 3126 peti
1257 3055 1522 3124 justitiam
1563 3055 1760 3124 cuique
1812 3054 1902 3106 ho-

2037 3047 2289 3102 άττεσθαι
2315 3050 2422 3102 τῶν
2449 3055 2802 3124 πταισμάτων
2831 3055 2948 3124 ἦτοι
2975 3057 3083 3110 τῶν
3117 3063 3576 3131 παραπτωμάτων

344 3149 482 3206 mini
507 3155 919 3217 congruentem.

421 3328 608 3402 [Deus,
639 3328 779 3382 Deus
805 3343 970 3381 meus.
1001 3325 1126 3380 Haec
1155 3323 1403 3378 Salvator
1429 3319 1672 3392 loquitur
1699 3337 1764 3374 ex
1793 3335 1908 3390 per-

347 3436 482 3474 sona
511 3419 884 3484 humanitatis,
917 3416 1075 3488 quasi
1113 3415 1280 3481 dicat,
1307 3415 1383 3468 mi
1433 3413 1598 3480 Deus,
1631 3414 1704 3466 mi
1745 3411 1905 3478 Deus,

347 3511 400 3564 in
429 3511 674 3566 vocativo
704 3511 932 3568 scilicet.
957 3509 978 3582 ]

417 3603 471 3656 5.
495 3601 636 3656 Deus
675 3617 841 3664 meas,
871 3600 1113 3654 clamabo
1135 3616 1226 3668 per
1249 3599 1410 3660 diem,
1434 3609 1484 3650 et
1509 3613 1611 3649 non
1638 3595 1908 3656 exandies,

347 3703 396 3747 ct
429 3703 596 3756 nocte,
632 3705 682 3746 et
719 3709 822 3746 non
855 3691 924 3744 ad
969 3691 1329 3760 insipientiam
1367 3690 1515 3740 mihi.
1568 3687 1724 3742 Cum.
1751 3689 1912 3740 inter-

346 3787 644 3856 punctione
680 3784 1008 3854 legendum:
1057 3781 1330 3851 signiﬁcat
1370 3790 1550 3833 autem
1599 3779 1756 3833 nobis
1801 3793 1906 3832 non

349 3877 598 3930 inutilem
633 3891 754 3930 esse
779 3874 1041 3928 orationis
1069 3873 1328 3927 fructum.
1365 3873 1454 3926 Ait
1483 3873 1622 3926 enim
1651 3889 1664 3924 :
1695 3871 1812 3923 Non
1841 3871 1908 3922 ad

348 3968 707 4038 insipientiam
739 3967 886 4020 mihi.
925 3967 982 4019 Id
1013 3973 1114 4030 est,
1157 3965 1443 4034 perspicue
1482 3965 1630 4028 novi,
1671 3963 1908 4016 futurum

347 4073 469 4114 esse
499 4067 558 4112 ut
591 4059 818 4111 clamem
857 4071 978 4122 ego,
1011 4056 1126 4124 ipse
1170 4055 1445 4108 exaudiat.
1497 4053 1633 4118 Quia
1684 4068 1806 4105 cum
1856 4053 1910 4104 in

349 4151 555 4204 sanctis
585 4149 795 4201 habites
829 4148 921 4215 qui
967 4155 1204 4200 mentem
1235 4147 1287 4199 in
1325 4153 1376 4198 te
1416 4146 1648 4214 positam
1679 4145 1907 4210 habent,

347 4241 470 4296 laus
497 4249 550 4293 et
582 4239 754 4309 gloria
783 4239 914 4306 ipsis
939 4251 1018 4290 es.
1817 4219 1820 4228 ’

419 4333 476 4387 4.
509 4331 585 4384 Ίιι
618 4341 792 4383 autent
837 4331 894 4382 in
935 4337 1117 4381 sancto
1168 4327 1400 4389 habitas,
1434 4325 1551 4378 laus
1585 4323 1778 4379 Israel.
1835 4324 1910 4398 t7)

349 4423 454 4490 Qui
485 4423 725 4478 laudaris
751 4422 819 4476 ab
847 4420 1044 4476 lsraele
1071 4427 1163 4473 aut
1193 4419 1310 4488 ipse
1334 4419 1454 4472 laus
1477 4433 1557 4472 es.

420 4595 475 4650 ε’).
509 4596 576 4649 1η
609 4604 656 4650 te
685 4601 1024 4664 speraverant
1051 4603 1230 4662 patres
1275 4591 1466 4654 nostri,
1498 4599 1836 4659 speraverant
1866 4599 1916 4642 et

353 4689 590 4742 liberasti
621 4704 726 4741 eos.
763 4687 955 4740 Patres
989 4701 1122 4740 suos
1159 4685 1462 4740 secundum
1499 4699 1718 4738 carnem
1759 4683 1912 4748 dicit,

351 4777 691 4850 patriarchas
739 4777 948 4831 scilicet
991 4785 1046 4829 et
1083 4775 1398 4845 prophetas.
1451 4772 1682 4826 Exhibet
1731 4781 1912 4824 autem

353 4867 470 4938 spei
499 4866 732 4920 lucrum.

421 4951 515 5026 [In
550 4963 598 5006 te
623 4961 960 5022 speraverant
989 4962 1164 5022 patres
1195 4953 1388 5006 nostri.
1429 4950 1570 5016 Quin
1601 4952 1786 5018 etiam,
1821 4953 1915 5020 qui

353 5053 480 5098 ante
516 5059 602 5104 me
635 5042 934 5097 secundum
979 5055 1198 5095 carnem
1241 5041 1482 5102 fuerunt,
1532 5038 1742 5092 scilicet
1797 5053 1919 5107 pro~

353 5133 548 5204 phetai,
573 5132 626 5184 in
651 5141 702 5183 te
719 5128 1062 5183 conﬁdebant
1087 5143 1258 5180 meam
1289 5133 1666 5194 exspectantes
1685 5125 1920 5177 illustra-

353 5225 579 5288 tionem,
615 5235 792 5291 neque
815 5235 909 5290 spe
932 5218 1066 5286 lapsi
1111 5227 1260 5284 sunt,
1305 5217 1666 5285 similiterque
1697 5217 1920 5276 patriar-

353 5313 490 5367 chre.

427 5329 490 5367 re.

425 5311 632 5474 7.]Ego
671 5413 847 5459 autem
879 5421 994 5458 sum
1043 5404 1230 5458 vermis
1269 5412 1316 5456 et
1365 5418 1470 5456 non
1519 5401 1692 5457 homo.
1752 5403 1913 5457 Docet

423 5559 468 5592 ³⁰
491 5557 624 5618 Luc.
645 5547 704 5631 ἰ,
735 5563 822 5619 78.

421 5653 500 5726 (7)
555 5652 678 5710 Haec
726 5671 757 5710 a
813 5655 1030 5709 Daniele
1075 5654 1314 5710 Barbare
1369 5653 1680 5710 tribuuntur
1723 5655 1962 5728 Origeni.

2007 3141 2100 3193 καὶ
2128 3141 2236 3192 τῶν
2268 3143 2355 3193 ἐπ’
2383 3144 2564 3206 αὐτοῖς
2591 3143 2781 3213 λόγων.
2817 3147 2984 3216 Δῆλον
3015 3147 3092 3213 δὲ,
3123 3151 3202 3202 ὅτι
3229 3153 3329 3220 τῆς
3362 3153 3580 3224 ἑκάστῳ

2007 3231 2321 3302 πρεπούσης
2349 3233 2712 3305 δικαιοσύνης.

2079 3321 2176 3394 {'0
2204 3324 2380 3389 Θεὸς,
2411 3327 2444 3378 ὁ
2477 3327 2619 3390 Θεός
2645 3345 2782 3396 μου.
2817 3327 2998 3381 Ταῦτα
3029 3328 3174 3398 λέγει
3215 3333 3243 3384 ὁ
3285 3333 3474 3405 Σωτὴρ
3513 3335 3582 3388 ἐκ

2007 3413 2297 3483 προσώπου
2355 3416 2452 3486 τῆς
2503 3417 2917 3490 ἀνθρωπότητος
2971 3421 3093 3473 ἀντὶ
3133 3421 3264 3474 τοῦ⁶
3299 3423 3399 3476 Θεέ
3453 3441 3578 3496 μου,

2007 3505 2108 3557 Θεέ
2151 3523 2271 3576 μου.
2291 3505 2311 3578 ]

2092 3597 2152 3649 '0
2185 3600 2328 3664 Θεός
2343 3609 2482 3668 μου,
2507 3601 2864 3670 κεκράξομαι
2887 3603 3128 3672 ἡμέρας,
3155 3605 3252 3659 καὶ
3281 3608 3392 3660 οὐκ
3421 3610 3586 3662 εἱσαρ

2009 3689 2226 3757 κούσῃ,
2251 3692 2346 3742 καὶ
2369 3693 2607 3756 νυκτὸς,
2641 3695 2739 3746 καί
2765 3696 2874 3747 οὐκ
2900 3697 2986 3761 είς
3014 3695 3225 3750 ἄνοιαν
3251 3699 3384 3768 ἐμοί
3389 3739 3401 3751 .
3441 3701 3580 3754 Καθ’

2011 3781 2350 3850 ὑποστιγμὴν
2385 3783 2772 3850 ἀναγνωστέον.
2809 3787 2879 3856 Ση
2892 3787 3069 3856 μαίνει
3097 3789 3152 3840 δὲ
3187 3792 3337 3860 ἡμῖν,
3372 3793 3452 3844 ὅτι
3479 3795 3584 3847 οὐκ

2011 3871 2264 3936 ἀνόνητος
2282 3871 2376 3940 τῆς
2403 3873 2710 3942 προσευχῆς
2729 3877 2755 3927 ό
2775 3875 3004 3947 καρπός.
3035 3879 3171 3948 Φησὶ
3191 3881 3299 3950 γάρ
3317 3897 3329 3910 ·
3351 3884 3473 3935 Οὐκ
3495 3886 3588 3950 είς

2012 3961 2222 4016 ἄνοιαν
2251 3963 2396 4031 ἐμοί.
2427 3965 2732 4032 Τουτὲστιν,
2763 3963 2876 4019 οἶδα
2909 3969 3116 4036 σαφῶς,
3150 3971 3224 4033 ὡς
3247 3973 3584 4044 κεκράξομαι

2016 4051 2112 4120 μὲν
2145 4051 2274 4119 ἐγὼ,
2303 4053 2605 4104 εἰσακούσει
2633 4053 2689 4104 δὲ
2718 4053 2898 4116 αὐτός.
2933 4055 3054 4107 Ὅτι
3085 4071 3146 4122 γε
3177 4057 3291 4119 καὶ,
3315 4059 3586 4112 κατοικῶν

2013 4143 2070 4193 ὲν
2107 4143 2280 4209 ἁγίοις
2311 4147 2421 4206 τοῖς
2453 4145 2532 4206 εἰς
2569 4143 2625 4195 σὲ
2657 4144 2746 4197 τὸν
2775 4145 2900 4198 νοῦν
2935 4145 3147 4216 ἔχουσιν
3171 4186 3185 4212 ,
3230 4147 3454 4212 ἔπαινος
3489 4151 3588 4204 καὶ

2011 4231 2137 4295 δόξα
2167 4233 2342 4284 αὐτῶν
2373 4234 2553 4305 γίγνῃ.

2085 4322 2166 4374 Σὺ
2187 4323 2254 4374 δὲ
2272 4323 2340 4375 ἐν
2361 4323 2505 4391 ἁγίῳ
2524 4323 2836 4389 κατοικεῖς,
2866 4327 2898 4377 ὁ
2919 4325 3164 4391 ἔπαινος
3187 4325 3292 4380 τοῦ
3323 4325 3582 4393 Ἰσραήλ.

1942 4411 1986 4465 D
2027 4410 2082 4464 '0
2121 4411 2504 4482 ἐπαινούμενος
2533 4413 2635 4464 ὑπὸ
2665 4413 2756 4466 τοῦ
2801 4415 3015 4486 Ἰσραήλ
3037 4432 3049 4444 ·
3094 4416 3126 4486 ἢ
3171 4417 3199 4470 ό
3232 4417 3393 4478 αὐτὸς
3423 4415 3584 4468 ἐπαι-

2018 4519 2106 4565 νος
2135 4501 2226 4554 ὢν.

2101 4593 2224 4646 Ἐπὶ
2257 4593 2354 4646 σοὶ
2405 4594 2674 4662 ἤλπισαν
2724 4599 2774 4648 ot
2810 4596 3058 4662 πατέρες
3089 4595 3280 4664 ἡμῶν,
3315 4596 3590 4663 ἤλπισαν

2018 4685 2114 4736 καὶ
2143 4685 2372 4752 ἑῤῥύσω
2405 4689 2643 4752 αὐτούς.
2703 4688 2952 4758 Πατέρας
2996 4687 3187 4740 ἑαυτοῦ
3237 4688 3376 4740 κατὰ
3409 4688 3586 4758 σάρκα

2016 4777 2142 4838 τοὺς
2169 4777 2512 4848 πατριάρχας
2535 4779 2628 4831 καὶ
2666 4779 2792 4841 τοὺς
2827 4781 3108 4852 προφήτας
3135 4779 3285 4850 φησί.
3337 4779 3586 4834 Δείκνυσι

2014 4867 2070 4920 δὲ
2095 4869 2188 4920 καὶ
2215 4869 2312 4938 τῆς
2342 4869 2552 4932 ἐλπίδος
2589 4871 2648 4922 τὸ
2683 4872 2888 4942 κέρδος.

2083 4957 2102 5028 [
2135 4959 2258 5012 Ἐπὶ
2287 4960 2386 5012 σοὶ
2413 4960 2686 5027 ἤλπισαν
2721 4965 2774 5014 οἱ
2801 4962 3052 5029 πατέρες
3081 4961 3266 5031 ἡμῶν.
3312 4962 3473 5016 Ἀλλά
3493 4965 3588 5018 καὶ

2011 5053 2058 5102 οἱ
2081 5049 2220 5102 κατὰ
2251 5049 2428 5120 σάρκα
2459 5053 2564 5122 πρὸ
2591 5051 2724 5122 ἐμοῦ
2745 5095 2758 5116 ,
2785 5054 3064 5105 τουτέστιν
3091 5055 3137 5106 οἱ
3167 5053 3461 5123 προφῆται,
3493 5056 3587 5106 ἐπὶ

2015 5144 2097 5194 σοι
2129 5143 2502 5212 προσεδόκων,
2547 5145 2646 5215 τὴν
2695 5146 2830 5216 ἐμὴν
2875 5147 3173 5216 ὲπίλαμψιν
3207 5147 3584 5217 ἀναμένοντες,

2013 5233 2107 5285 καὶ
2149 5233 2247 5302 τῆς
2277 5233 2488 5297 ἐλπίδος
2524 5235 2585 5287 ού
2619 5235 3043 5306 διεψεύσθησαν·
3107 5236 3370 5299 ὡσαύτως
3403 5235 3498 5288 καὶ
3537 5237 3586 5288 οἱ

2021 5323 2370 5394 πατριάρχαι.
2395 5323 2416 5396 ]

2104 5413 2248 5484 Ἐγὼ
2281 5415 2348 5469 δέ
2371 5419 2485 5485 εἰμι
2515 5415 2782 5486 σκώληξ,
2823 5417 2920 5472 καὶ
2949 5419 3058 5473 οὐκ
3093 5417 3420 5486 ἄνθρωπος.
3477 5415 3589 5470 Ται-
