3874 6218
185 311 296 374 ιῖιδ

1304 309 1668 364 EXPOSITIO
1708 304 1773 362 IN
1813 309 2141 366 PSALMUM
2178 308 2313 364 XXI.

3324 317 3426 374 134

186 426 542 496 πεινόφρονας
574 420 711 478 εἶναι
743 424 1015 487 διδάσκει,
1046 424 1136 476 καὶ
1171 422 1402 493 μάλιστα
1436 425 1758 494 προσιόντας

1876 439 1978 478 esse
2015 426 2245 479 humiles
2303 433 2572 492 oportere,
2621 427 2965 496 maximeque
3014 430 3331 487 accedentes
3361 439 3426 488 ad

183 517 324 588 Θεῷ.
380 517 647 581 Ὀνειὸος
693 515 1017 584 ἀνθρώπων
1044 516 1140 568 καὶ
1176 515 1552 586 ἐξουδένωμα
1589 516 1761 569 λαοῦ.

185 609 371 661 Ταῦτα
407 607 592 675 σαφῶς
627 610 654 660 ό
700 606 1086 678 εὐαγγελιστὴς
1135 609 1448 678 πεπρᾶχθαι
1491 610 1569 670 είς
1603 608 1764 660 αὑτὸν

185 699 328 752 κατὰ
355 699 444 750 τὸν
474 698 661 768 καιρὸν
682 698 776 750 τοῦ
802 697 1034 768 σταυροῦ
1061 715 1223 767 φησιν
1247 717 1260 729 ’
1287 700 1408 751 καθ’
1430 699 1488 752 ὃν
1518 699 1763 751 ἐπέσειον

187 789 335 858 αὐτῷ
357 791 407 841 οἱ
432 789 938 859 παραπορευόμενοι
966 787 1061 851 τὰς
1088 788 1348 857 κεφαλὰς,
1375 790 1470 841 καὶ
1496 789 1765 859 ἐϐλασφὴ-

190 898 323 950 μουν
353 882 435 944 εἰς
466 880 625 932 αὑτὸν
648 879 894 948 λέγοντες
914 898 926 911 ·
961 883 1028 934 Et
1061 881 1192 947 Υἱὸς
1219 879 1276 934 εἷ
1299 883 1401 936 τοῦ
1431 881 1579 935 Θεοῦ
1600 922 1613 945 ,
1646 881 1763 935 σῶ-

186 986 303 1022 σον
325 971 607 1022 σεαυτόν.

260 1061 388 1112 Ὀτι
416 1060 497 1113 σὺ
522 1056 581 1112 εἴ
600 1063 633 1112 ό
660 1059 979 1125 ἐκσπάσας
1024 1077 1102 1128 με
1133 1061 1201 1112 ἐκ
1252 1062 1532 1128 γαστρός.
1594 1058 1764 1111 Τοῦτό

187 1165 390 1216 φησιν,
428 1150 611 1220 ἐπειδὴ
652 1151 771 1202 κατ’
816 1149 1059 1202 εὐδοκίαν
1090 1150 1182 1202 τοῦ
1224 1152 1436 1220 Πατρὸς
1490 1149 1762 1220 ὲνηνθρώ-

185 1257 380 1310 πησεν.
417 1241 554 1292 Ὅτε
575 1240 704 1311 γὰρ,
725 1241 906 1310 φησὶν,
928 1237 1074 1307 ἦλθε
1099 1242 1162 1292 τὸ
1195 1239 1484 1308 πλήρωμα
1506 1240 1608 1292 τοῦ
1636 1240 1764 1307 743(5-

181 1346 317 1391 νου,
348 1329 777 1393 ἐξαπέστειλεν
807 1335 838 1384 ό
873 1331 1015 1396 Θεὸς
1038 1331 1142 1384 τὸν
1173 1331 1307 1383 Υἱὸν
1333 1329 1520 1383 αὐτοῦ
1551 1329 1765 1398 γεννώ-

181 1437 372 1488 μενον
401 1422 469 1473 ἐκ
501 1422 802 1489 γυναικός.
856 1423 1247 1491 Ἐπιγράφεται
1284 1422 1391 1492 γὰρ
1435 1423 1529 1474 καὶ
1575 1421 1763 1474 ἐλπίδα

185 1515 275 1565 τὸν
309 1514 504 1566 ἑαυτοῦ
537 1515 754 1586 Πατέρα
773 1555 786 1579 ,
817 1516 908 1568 καὶ
932 1515 1085 1568 τοῦτο
1108 1515 1280 1584 λέγων
1329 1516 1403 1578 ὡς
1435 1515 1724 1586 ἄνθρωπος
1746 1533 1760 1546 ο

188 1604 376 1673 ἐπειδὴ
411 1603 519 1675 γὰρ
549 1605 641 1658 τὸν
693 1609 922 1675 Χριστὸν
969 1609 1125 1678 μόνον
1159 1612 1221 1662 ἐκ
1271 1609 1370 1680 τῆς
1405 1611 1620 1681 Μαρίας
1650 1611 1764 1675 ἐξέ-

190 1709 398 1746 σπασεν
426 1697 454 1746 ό
481 1696 642 1761 Θεὸς,
668 1697 779 1750 τῶν
812 1699 981 1752 ἄλλων
1008 1699 1308 1771 ἀνθρώπων
1343 1702 1442 1753 οὐκ
1470 1702 1759 1772 ὲκσπωμέ-

1867 515 2054 570 Deum.
2095 516 2446 585 Opprobrium
2473 517 2740 570 hominum
2765 528 2812 571 et
2842 518 3065 586 abjectio
3089 521 3270 590 plebis.
3305 524 3429 578 Πίος

1862 607 2191 674 evangelista
2227 609 2278 662 in
2312 617 2553 676 tempore
2578 611 2757 664 crucis
2794 611 2999 666 factum
3037 613 3138 681 ipsi
3189 625 3427 680 enarrat,

1865 714 1988 751 cum
2012 701 2104 767 qui
2128 702 2492 768 prwteribant,
2529 704 2705 770 capita
2731 714 3008 759 moverent
3033 713 3087 758 et
3113 706 3427 774 blaspliema

1864 789 2173 858 liujusmodi
2204 792 2364 845 verba
2401 791 2705 860 proferrent
2736 795 2788 847 in
2825 810 2984 850 eum:
3020 794 3080 849 Si
3109 795 3286 850 Filius
3335 797 3432 850 Dei

1862 897 1936 945 es,
1972 882 2168 935 salvum
2193 883 2278 953 {ac
2309 886 2638 952 temetipsum
2657 885 2722 939 ³⁸.

1932 1057 2016 1111 10.
2043 1057 2300 1121 Quoniam
2320 1069 2373 1112 tu
2402 1077 2453 1113 es
2483 1061 2573 1130 qui
2602 1063 2882 1115 extruxisti
2903 1079 2979 1117 me
3011 1063 3074 1117 de
3104 1073 3295 1118 ventre.
3319 1063 3432 1120 Hoc

1863 1151 1959 1215 ait,
1991 1152 2118 1219 quia
2152 1154 2449 1206 secundum
2492 1152 2670 1207 Patris
2714 1154 3108 1224 beneplacilum
3141 1155 3318 1210 factus
3350 1167 3432 1210 cst

1865 1240 2045 1294 homo.
2085 1240 2184 1293 Ubi
2221 1257 2476 1312 namque,
2525 1245 2621 1306 ait,
2676 1245 2813 1296 venit
2860 1245 3129 1313 plenitudo
3162 1248 3410 1314 temporis

1866 1331 2006 1382 misit
2028 1329 2162 1383 Deus
2190 1329 2389 1384 Filium
2410 1349 2562 1386 suum
2607 1348 2788 1386 natum
2821 1349 2883 1386 ex
2925 1335 3142 1388 muliere
3166 1335 3230 1391 ³³.
3287 1334 3404 1389 Scri

1864 1428 2014 1489 ptum
2029 1423 2226 1491 quippe
2242 1433 2324 1476 est
2339 1425 2515 1492 ipsum
2541 1424 2593 1477 in
2617 1423 2776 1477 Patre
2798 1440 2946 1492 spem
2969 1425 3252 1491 habuisse;
3271 1435 3434 1496 atque

1866 1512 1917 1564 id
1975 1514 2050 1565 ait
2085 1523 2352 1582 quatenus
2404 1515 2609 1580 homo;
2645 1518 2771 1585 quia
2821 1519 2996 1571 solum
3047 1518 3324 1571 Christum
3365 1534 3431 1572 ex

1865 1601 2031 1657 Maria
2058 1603 2200 1657 Deus
2239 1606 2498 1669 extraxit,
2520 1610 2733 1662 caeteris
2758 1609 3075 1662 hominibus
3111 1626 3216 1662 non
3257 1620 3432 1664 extra-

1865 1693 1968 1745 ctis
1999 1693 2089 1746 sed
2113 1697 2350 1764 egressis
2377 1715 2390 1750 :
2427 1696 2574 1750 Exiit
2603 1701 2810 1768 quippe,
2847 1701 2942 1768 ait,
2973 1699 3138 1767 Esau,
3167 1703 3253 1754 cui
3280 1701 3433 1770 pellis

187 1801 313 1844 νων,
337 1785 453 1838 ἀλλ’
475 1759 864 1857 ἐξερχομένων.
907 1759 1158 1857 Ἐξῆλθε
1179 1789 1308 1860 γὰρ,
1332 1792 1513 1862 φησὶν,
1550 1759 1758 1857 Ἠσαῦ,
1792 1759 1836 1818 Β
1864 1783 2031 1852 Pilosa
2053 1785 2118 1838 ³³.

181 1868 234 1940 ᾧ
267 1879 304 1942 ἡ
342 1876 486 1945 δορὰ
513 1877 724 1944 δασύς.

253 1966 386 2018 Ἐπὶ
402 1966 479 2019 σὲ
491 1968 889 2036 ἐπεῤῥίςςηνέκ
898 1969 1126 2038 μήτρας
1141 1971 1546 2040 ἀπύταστρὸς,
1565 1989 1618 2026 κ.
1643 1989 1692 2026 τ.
1711 1972 1759 2024 λ.

187 2055 423 2126 Εῦχεται
472 2059 633 2111 πάλιν
663 2060 739 2122 ὡς
782 2062 846 2114 ἐκ
881 2063 1167 2132 προσώπου
1201 2063 1299 2132 τῆς
1326 2063 1760 2135 ἀνθρωπότητος.

186 2148 297 2198 Καὶ
324 2148 434 2219 γὰρ
467 2153 495 2202 ό
535 2151 641 2204 τῶν
675 2153 928 2222 μαθητῶν
977 2155 1136 2206 αὐτὸν
1189 2155 1537 2208 καταλέλοιπε
1585 2155 1760 2226 χορός,

185 2232 322 2290 Εἶτα
350 2238 604 2309 προλέγει
637 2241 704 2294 τὰ
738 2242 834 2312 τῆς
860 2241 1088 2311 θλίψεως
1114 2244 1248 2315 εἴδη.

254 2328 756 2395 Περιεκύκλωσάν
769 2347 844 2399 με
857 2333 1076 2403 μόσχοι
1093 2335 1328 2389 πολλοί.
1352 2334 1472 2392 Τῶν
1500 2335 1764 2392 Ἰουδαίων

183 2419 311 2480 τοὺς
341 2420 610 2490 ἄρχοντάς
637 2439 822 2491 φησιν.

263 2509 425 2563 Ὠσεὶ
455 2512 609 2580 ὕδωρ
635 2515 946 2582 ἐξεχύθην,
981 2517 1080 2569 καὶ
1107 2517 1538 2588 διεσκορπίσυη
1570 2534 1767 2574 παντα

184 2601 262 2655 τὰ
287 2600 439 2655 ὀστᾶ
461 2619 600 2669 μου.
647 2605 808 2655 Ὀστᾶ
838 2605 1001 2656 αὐτοῦ
1027 2623 1158 2676 φησι
1188 2610 1310 2671 τοὺς
1339 2611 1522 2676 ἁγίους
1564 2629 1768 2680 μυστα-

184 2691 400 2760 γωγοὺς
425 2709 437 2720 ·
492 2695 539 2744 εί
577 2693 685 2765 γὰρ
713 2697 870 2766 σῶμα
889 2698 1053 2751 αὑτοῦ
1087 2702 1113 2769 ἡ
1166 2701 1456 2770 Ἐκκλησία
1478 2743 1492 2765 ,
1544 2704 1768 2767 εἰκότως

185 2787 281 2838 καὶ
303 2788 351 2838 οἱ
383 2787 695 2857 συνέχοντες
726 2791 894 2860 αὐτὴν
929 2793 1168 2863 νοηθεῖεν
1201 2794 1266 2846 ἂν
1293 2797 1443 2849 ὀστᾶ.
1500 2797 1766 2850 Ἦκούσα⁴

187 2895 288 2948 μεν
313 2879 368 2932 δὲ
392 2880 486 2932 τοῦ
513 2882 915 2949 εὐαγγελιστοῦ,
941 2885 1035 2947 ὡς,
1066 2885 1458 2956 συλληφθέντος
1479 2889 1640 2941 αὑτοῦ
1665 2906 1767 2940 πα-

184 2970 256 3041 ρὰ
282 2969 383 3040 τῆς
409 2972 633 3042 σπείρας
662 2973 769 3025 τῶν
803 2976 1170 3046 στρατιωτῶν,
1195 2978 1682 3050 διεσκορπίσθησαν
1715 2983 1764 3032 οἱ

1935 1961 2021 2016 Η.
2056 1960 2121 2014 In
2165 1973 2211 2016 te
2240 1963 2499 2031 projectus
2537 1981 2651 2016 sum
2681 1979 2745 2017 ex
2785 1975 2928 2017 utero
2973 1965 3036 2018 de
3077 1975 3268 2030 ventre,
3321 1973 3425 2018 etc.

1865 2050 2126 2106 Precatur
2148 2069 2367 2108 rursum
2399 2070 2494 2108 ceu
2529 2071 2594 2109 ex
2621 2071 2852 2123 persona
2886 2055 3257 2110 humanitatis.
3291 2053 3428 2110 Nam

1865 2145 2068 2198 chorus
2094 2146 2486 2214 discipulorum
2515 2147 2690 2214 ipsum
2713 2147 3047 2203 deseruerat.
3065 2147 3272 2201 Exinde
3295 2163 3434 2217 pra:-

1865 2237 1998 2290 dicit
2028 2235 2226 2290 futurae
2255 2237 2584 2292 calamitatis
2610 2239 2843 2308 species.

1937 2329 2022 2384 15.
2077 2328 2540 2384 Circumdederunt
2590 2347 2670 2383 nte
2706 2332 2858 2383 vituli
2894 2331 3064 2386 multi.
3117 2328 3430 2386 Judreorum

1865 2421 2141 2490 principes
2171 2423 2268 2475 ait.

1940 2511 2024 2564 15.
2058 2510 2205 2564 Sicut
2231 2527 2367 2574 aqua
2393 2510 2590 2578 effusus
2617 2525 2755 2571 sum,
2776 2519 2823 2562 et
2847 2507 3082 2576 dispersa
3112 2518 3234 2562 sunt
3256 2510 3433 2560 omnia

1867 2621 1984 2657 ossa
2011 2620 2144 2656 mea.
2163 2603 2299 2656 Ossa
2331 2604 2450 2672 ejus
2480 2612 2638 2656 vocat
2663 2611 2881 2655 sanctos
2911 2602 3290 2672 mysteriorum
3314 2602 3433 2669 ejus

1868 2697 2190 2750 initiatores.
2251 2695 2306 2749 Si
2358 2711 2594 2763 namque
2624 2710 2823 2762 corpus
2879 2693 2997 2762 ejus
3047 2691 3288 2746 Ecclesia
3324 2703 3430 2758 est,

1861 2787 1986 2854 jure
2027 2788 2118 2856 qui
2155 2787 2532 2840 administrant
2569 2787 2714 2838 illam
2757 2799 2883 2839 ossa
2931 2785 3292 2854 appellentur.
3327 2785 3434 2838 Au-

1871 2879 2108 2932 diximus
2150 2887 2330 2932 autem
2369 2878 2755 2947 evangelistam
2790 2887 3122 2941 narrantem,
3163 2877 3306 2945 qttod
3340 2877 3430 2931 ubi

1870 2986 1897 3022 a
1925 2971 2148 3023 cohorte
2173 2970 2404 3022 militum
2436 2979 2626 3037 captus
2678 2967 2890 3033 fuisset,
2939 2968 3170 3036 dispersi
3230 2966 3434 3021 fuerint

187 3060 446 3131 μαθηταί.
507 3065 616 3116 Καὶ
649 3064 848 3127 ἄλλως·
889 3067 968 3118 Τὰ
996 3068 1130 3119 ὀστᾶ
1155 3069 1252 3138 τῆς
1283 3070 1493 3138 σοφίας,
1530 3071 1596 3123 τὰ
1633 3072 1762 3140 ἆγια

1876 3062 2140 3130 discipuli.
2193 3061 2314 3114 Alio
2368 3061 2562 3114 modo:
2601 3059 2891 3128 Sapientiae
2943 3075 3066 3113 ossa
3103 3067 3233 3113 sunt
3277 3074 3434 3113 sacra

182 3153 432 3222 δόγματα
479 3155 575 3225 τῆς
619 3156 940 3227 Ἐκκλησίας
974 3159 1120 3210 ἐστὶν
1145 3198 1159 3222 ,
1195 3158 1338 3230 ἅπερ
1372 3162 1427 3213 ὲν
1454 3160 1531 3230 τῷ
1576 3161 1766 3232 Πάσχα

187 3243 263 3314 μὴ
285 3245 585 3315 συντρίϐειν
606 3251 717 3310 τοῖς
745 3249 1020 3312 Ἰουδαίοις
1039 3250 1477 3321 νενομοθέτηται·
1514 3252 1767 3306 Ὀστοῦν

183 3336 294 3407 γὰρ
319 3337 525 3402 αὑτοῦ,
557 3340 740 3409 φησιν,
793 3343 865 3392 οὐ
891 3342 1336 3409 συντριϐήσετε.
1407 3343 1686 3411 Ἐιιενήθη
1725 3347 1764 3413 ἡ

183 3429 401 3496 καρδία
436 3447 556 3497 μου
600 3430 744 3484 ὡσεὶ
783 3431 968 3499 κηρὸς
1000 3435 1344 3502 τηκόμενος.
1406 3434 1562 3486 Ἰδιον
1591 3434 1765 3505 λύπης

184 3521 245 3573 τὸ
272 3521 561 3591 εἰρημένον
579 3539 592 3551 ·
625 3523 933 3592 γέγραπται
969 3525 1077 3595 γάρ
1101 3541 1113 3554 °
1162 3526 1416 3592 Ἠρξατο
1445 3525 1765 3579 λυπεῖσθαι

185 3610 282 3662 καὶ
311 3609 655 3677 ἀδημονεῖν.
699 3610 976 3664 Ἐλυπεῖτο
1006 3611 1062 3664 δὲ
1097 3611 1238 3681 ὑπέρ
1278 3629 1335 3663 τε
1365 3611 1457 3663 τοῦ
1505 3610 1763 3664 Ἰουδαίων

185 3700 371 3764 ἔθνους
406 3703 501 3754 καὶ
541 3701 634 3754 τοῦ
676 3703 934 3772 προδότου
956 3744 968 3768 ,
997 3704 1080 3756 ὅτι
1114 3703 1177 3772 δὴ
1209 3702 1451 3773 ἀπωλείᾳ
1481 3703 1762 3772 παρελαμ-

185 3786 412 3840 δάνοντο
435 3789 524 3841 διὰ
549 3790 649 3859 τὴν
675 3793 753 3853 εἰς
783 3792 942 3844 αὐτὸν
974 3790 1249 3844 ἀσέϐειαν.

160 3942 164 3945 _
258 3878 406 3951 [Καὶ
434 3878 861 3948 διεσκορπίσθη
892 3881 1087 3934 πάντα
1102 3882 1170 3934 τὰ
1186 3879 1338 3934 ὀστᾶ
1350 3899 1489 3950 μου.
1525 3882 1763 3936 Εσκέδα-

187 3985 331 4033 σται,
351 3969 618 4039 φησὶ,κα“ι
638 3971 1017 4042 διεσκορπίσθη
1048 3970 1114 4025 τὰ
1152 3971 1288 4033 τέως
1328 3973 1383 4022 ἐν
1414 3971 1584 4023 ὀστῶν
1614 3972 1762 4038 τάξει

183 4059 280 4130 τὴν
333 4060 556 4127 περὶτὸν
617 4060 932 4114 διδάσκαλον
985 4061 1407 4132 συμπληροῦντα
1480 4062 1759 4126 σύνταξιν·

183 4152 412 4220 ἀφέντες
455 4152 565 4224 γὰρ
606 4153 768 4205 αὐτὸν
825 4156 873 4206 οἱ
935 4153 1172 4224 μαθηταὶ
1225 4154 1464 4222 ἔφυγον,
1510 4154 1572 4207 τὸ
1623 4156 1764 4209 κατὰ

182 4242 361 4294 πεδίον
392 4242 681 4311 ἀφιέμενον
711 4242 852 4313 ὕδωρ
885 4241 1308 4313 μιμησάμενοι.]

267 4330 596 4399 Ἑξηράνθη
636 4332 715 4396 ὡς
766 4331 1060 4398 ὄστρακον
1092 4333 1127 4399 ἡ
1173 4331 1352 4398 ἰσχύς
1378 4349 1533 4399 μου,
1585 4331 1683 4384 καὶ
1721 4332 1760 4400 ἡ

1871 3153 2125 3206 Ecclesia:
2152 3153 2425 3220 dogmata,
2475 3166 2597 3219 qua:
2641 3151 2693 3202 in
2743 3149 3008 3204 Paschatc
3059 3165 3167 3203 non
3203 3153 3434 3204 commi-

1869 3259 2036 3297 nuere
2076 3243 2276 3297 Judteis
2316 3243 2430 3310 lege
2465 3254 2684 3294 cautum
2736 3251 2836 3295 est.
2868 3241 2958 3294 Ait
2999 3241 3183 3294 enim:
3219 3240 3290 3295 0s
3331 3257 3435 3294 non

1866 3335 2233 3387 comminuetis
2261 3348 2323 3385 ex
2353 3349 2410 3385 eo
2429 3332 2493 3384 ".
2519 3331 2744 3384 Factum
2770 3340 2846 3384 est
2873 3347 2962 3382 cor
2987 3347 3155 3384 meum
3184 3341 3434 3400 tanquam

1869 3439 1989 3475 cera
2013 3423 2322 3492 liquescens.
2354 3420 2642 3488 Proprium
2671 3420 2876 3474 doloris
2901 3429 2984 3474 est
3018 3421 3161 3488 quod
3191 3419 3390 3475 dicitur
3416 3439 3432 3486 ;

1867 3515 2126 3583 scriptum
2161 3515 2302 3568 enim
2332 3522 2416 3567 est
2443 3513 2485 3544 ³⁵
2508 3529 2520 3563 :
2544 3512 2706 3581 Capit
2734 3529 2917 3582 pavere
2947 3522 2996 3566 et
3039 3513 3245 3566 (crdere.
3277 3513 3434 3568 ludo-

1865 3607 1966 3660 luit
2026 3616 2204 3660 autem
2267 3605 2520 3660 Christus
2570 3605 2637 3659 de
2688 3604 2996 3658 Judaeorum
3039 3614 3092 3658 et
3143 3605 3435 3675 proditoris

1864 3700 2144 3768 pernicie,
2215 3699 2283 3753 ob
2339 3699 2579 3766 ipsorum
2642 3699 2696 3751 in
2759 3698 3036 3751 Christum
3104 3697 3430 3767 impietatem

1863 3791 2031 3844 illata.

1937 3880 2033 3952 [Et
2075 3881 2310 3949 dispersa
2342 3891 2463 3934 sunt
2494 3881 2668 3933 omnia
2694 3897 2811 3932 ossa
2859 3896 2992 3932 mea.
3032 3878 3322 3948 Dissipata,
3355 3879 3436 3931 in.

1864 3975 2002 4044 quit,
2033 3982 2084 4027 et
2111 3975 2354 4043 dispersa
2377 3982 2524 4037 sunt,
2553 3989 2673 4040 qua:
2701 3972 2840 4040 apud
2875 3971 3192 4040 magistrum
3222 3971 3426 4024 ossium

1864 4080 2065 4119 munus
2094 4073 2146 4120 et
2187 4065 2433 4118 ordinem
2484 4064 2813 4132 implebant:
2849 4063 3032 4115 relicto
3075 4077 3314 4130 namque
3357 4077 3424 4114 eo

1863 4157 2114 4225 discipuli
2156 4156 2410 4225 fugerunt
2435 4155 2502 4219 ³⁸,
2541 4154 2710 4208 instar
2743 4169 2918 4222 aquae,
2954 4168 3075 4221 qua:
3121 4152 3175 4206 in
3210 4151 3433 4220 planitie

1863 4245 2201 4316 eﬂ'uuditur.]

1936 4337 2022 4390 16.
2053 4338 2092 4388 Α
2106 4338 2210 4389 ruit
2238 4348 2484 4406 tanquam
2517 4344 2648 4388 testa
2674 4336 2836 4388 virtus
2867 4351 3001 4396 mea,
3031 4343 3080 4386 et
3105 4333 3284 4402 lingua
3313 4348 3427 4386 mea

181 4421 437 4490 γλῶσσα
456 4422 814 4487 κεκόλληται
841 4420 921 4485 τῷ
947 4420 1198 4490 λάρυγγί
1221 4439 1361 4489 μου.
1394 4421 1654 4489 Σημαίνει
1675 4420 1762 4473 διὰ

1876 4429 2088 4483 adhaesit
2131 4429 2373 4494 faucibus
2422 4427 2569 4480 meis.
2608 4425 2702 4480 llis
2746 4426 2890 4480 sitim
2924 4424 3193 4491 significat
3221 4438 3327 4491 qua
3374 4422 3426 4475 in

180 4513 387 4565 τούτων
427 4511 523 4580 τὴν
557 4510 650 4563 ἐπὶ
691 4511 768 4582 τῷ
817 4512 984 4582 τιμίῳ
1019 4512 1233 4583 σταυρῷ
1284 4512 1566 4581 συμϐᾶσαν
1613 4512 1759 4582 αὐτῷ

181 4605 379 4675 δίψαν,
435 4605 524 4657 ὅτε
571 4606 665 4657 καὶ
704 4606 983 4676 αἰτήσαντι
1017 4609 1158 4658 πιεῖν
1180 4647 1193 4670 ,
1229 4605 1346 4669 ὄξος
1383 4607 1758 4677 προσήνεγκαν

183 4697 333 4766 αὑτῷ
365 4697 502 4767 μετὰ
547 4697 730 4767 χολῆς.
790 4695 919 4767 [Διὸ
951 4696 1122 4765 λέγει·
1158 4699 1266 4751 Καὶ
1299 4700 1336 4764 ἡ
1368 4697 1616 4766 γλῶσσά
1638 4717 1758 4767 μου

183 4789 546 4856 κεκόλληται
576 4787 655 4853 τῷ
675 4787 930 4856 λάρυγγί
953 4788 1120 4859 μου.]
1157 4789 1265 4842 Καὶ
1295 4792 1380 4854 εὶς
1401 4788 1554 4856 χοῦν
1582 4790 1759 4844 θανά-

183 4897 292 4933 του
327 4878 656 4947 κατήγαγές
681 4896 776 4948 με.
849 4880 1043 4950 Χάριτι
1077 4879 1182 4950 γὰρ
1220 4879 1354 4931 Θεοῦ
1388 4880 1524 4950 ὑπὲρ
1558 4881 1758 4944 παντὸς

182 4968 449 5037 ἐγεύσατο
474 4969 724 5021 θανάτου.
759 4969 833 5020 Οὐ
859 4967 966 5040 γὰρ
992 4970 1069 5030 είς
1101 4968 1355 5030 θάνατον,
1393 4966 1504 5018 ἀλλ’
1527 4969 1605 5028 εἰς
1630 4967 1757 5036 χοῦν

183 5058 420 5113 θανάτου
459 5059 706 5129 κατήχθη
734 5061 761 5111 ό
792 5059 1052 5129 Χριστόςο
1097 5061 1194 5111 οὐκ
1225 5057 1614 5127 ἐγκατελείφθη
1650 5058 1755 5128 γὰρ

181 5153 216 5222 ἡ
249 5151 400 5221 ψυχὴ
421 5151 583 5204 αὑτοῦ
608 5153 686 5213 εἰς
709 5152 798 5204 τὸν
828 5151 980 5223 ᾅδην,
1011 5150 1130 5203 οὐδὲ
1163 5149 1297 5220 σὰρξ
1318 5149 1480 5201 αὐτοῦ
1512 5144 1616 5202 εἶδε
1644 5149 1757 5202 δια-

180 5244 414 5316 φθοράν.

256 5335 389 5388 Ὀτι
419 5335 772 5389 ὲκύκλωσάν
809 5353 886 5405 με
925 5337 1104 5401 κύνες
1131 5334 1366 5388 πολλοί.
1427 5332 1594 5386 Πάλιν
1635 5337 1760 5396 τοὺς

180 5425 449 5495 ἄρχοντας
483 5425 759 5496 σημαίνει.
796 5427 1056 5494 Ὤρυξαν
1078 5424 1278 5494 χεῖράς
1298 5441 1416 5492 μου
1448 5423 1544 5476 καὶ
1571 5423 1759 5489 πόδας

175 5534 316 5586 μου.
349 5514 448 5568 Διὰ
470 5515 596 5578 τοὺς
633 5516 692 5566 ἐν
717 5515 933 5586 σταυρῴ
956 5516 1116 5586 ἥλους
1150 5515 1333 5584 φησίν.

1865 4535 2028 4573 cruce
2067 4519 2353 4584 laboravit,
2406 4533 2528 4571 cum
2577 4517 2787 4585 roganti
2821 4525 2999 4584 potum
3054 4524 3263 4566 acettun
3301 4528 3426 4567 cum

1863 4612 1986 4665 felle
2015 4610 2344 4664 obtulerunt.
2389 4607 2776 4680 [Quamobrem
2808 4607 2968 4660 dicit:
3003 4606 3066 4660 Et
3101 4607 3283 4676 lingua
3312 4623 3428 4660 mea

1864 4702 2083 4756 adluesit
2119 4701 2358 4770 faucibus
2388 4697 2562 4769 meis.]
2590 4697 2659 4750 Et
2693 4699 2747 4750 in
2769 4699 3027 4764 pulverem
3057 4699 3241 4750 mortis
3264 4697 3429 4750 dedu-

1862 4795 1990 4847 xisti
2021 4809 2119 4847 me.
2158 4790 2290 4845 Nam
2322 4791 2415 4844 Dei
2448 4790 2618 4860 gratia
2652 4804 2749 4856 pro
2799 4789 3054 4843 universo
3084 4789 3287 4842 mundo
3329 4805 3429 4857 gu-

1862 4887 2028 4941 stavit
2061 4894 2308 4938 mortem.
2345 4882 2463 4935 Non
2490 4881 2634 4934 enim
2667 4879 2722 4931 in
2751 4890 3000 4945 mortem,
3040 4880 3133 4934 sed
3165 4881 3219 4933 in
3249 4880 3432 4949 pulve-

1862 4993 1973 5030 rem
2038 4977 2230 5030 rnortis
2281 4975 2546 5030 deductus
2597 4981 2682 5026 est
2737 4972 3024 5026 Christus:
3083 4986 3423 5041 nequaquam

1859 5070 2001 5122 enim
2025 5068 2277 5122 derelicta
2307 5076 2388 5120 est
2408 5065 2585 5118 anima
2612 5064 2729 5133 ejus
2760 5063 2815 5116 in
2847 5063 3079 5127 inferno,
3108 5077 3281 5132 neque
3297 5077 3424 5116 caro

1863 5163 1981 5231 ejus
2013 5161 2145 5214 vidit
2177 5158 2574 5227 corruptionem
2594 5155 2657 5206 ³⁷.

1933 5323 2018 5376 l7.
2086 5320 2348 5386 Quoniam
2406 5319 2858 5372 circumdederunt
2911 5334 2989 5370 me
3040 5331 3192 5368 canes
3248 5314 3418 5366 multi.

1862 5414 2097 5468 Rursum
2134 5414 2406 5482 principes
2435 5411 2724 5481 signiticet.
2763 5409 3034 5462 Fodcrunt
3064 5423 3250 5458 manus
3280 5423 3420 5459 ineas

1864 5515 1914 5560 et
1937 5505 2090 5573 pedes
2128 5519 2288 5556 meos.
2332 5502 2406 5555 De
2441 5501 2688 5554 crucifixi
2716 5499 2884 5553 clavis
2912 5498 2981 5550 ita
3017 5495 3277 5563 loquitur.

253 5648 293 5678 ³¹
321 5647 485 5720 Mare.
521 5662 608 5720 xv,
637 5647 725 5701 30.
776 5647 845 5720 ξ’
872 5648 1208 5715 (ἰηῐαι.ιν,4.
1286 5650 1327 5680 ³³
1352 5649 1485 5703 Gen.
1521 5665 1644 5717 xxv,
1679 5649 1762 5702 25.

1876 5647 1892 5678 ³
1925 5643 2092 5698 Exod.
2130 5657 2226 5706 xu,
2258 5639 2345 5694 46.
2400 5639 2466 5720 "5
2495 5637 2660 5692 M‘arc.
2692 5650 2804 5704 xm,
2835 5635 2925 5688 35.
2988 5633 3031 5663 ³⁸
3055 5627 3242 5684 Matth.
3269 5644 3419 5698 nm,

183 5717 270 5771 56.
376 5717 414 5746 ³⁷
448 5715 592 5769 Ρςιιι.
627 5733 713 5778 Μ’,
769 5717 853 5777 10,
