3874 6218
418 300 522 358 135

492 415 576 469 18.
616 414 1089 469 Dtnumeraverunt
1112 416 1287 467 omnia
1310 430 1429 467 ossa
1454 428 1591 467 mea.
1618 414 1981 467 Attrectantes
2012 418 2058 471 Α

418 510 631 565 scilicet
677 519 849 562 totum
902 523 1101 577 corpus
1150 507 1341 575 ipsius,
1386 502 1443 559 'et
1492 505 1808 559 emetientes
1858 520 1983 559 ossa

422 599 637 667 singula
658 607 715 652 ut
746 597 1091 666 explorarent
1121 595 1211 648 ubi
1243 595 1467 664 ligerent
1496 594 1697 648 clavos.
1733 593 1844 661 Ipsi
1868 610 1984 648 vero

420 690 879 743 consideraveruut
916 697 964 741 et
1010 690 1348 756 inspexerunt
1398 703 1497 741 me.
1549 688 1605 742 Id
1648 696 1752 751 est,
1804 687 1987 741 irrise-

419 790 570 835 runt.
612 782 669 835 Id
702 790 880 834 autem
917 781 992 833 ait
1039 782 1109 833 ob
1140 779 1480 850 chlamydem
1510 780 1843 842 coecineam,
1871 780 1985 849 spi-

422 886 580 925 neam
609 886 887 937 coronam,
916 880 970 925 et
1001 871 1271 925 calamum
1299 885 1399 940 pro
1431 879 1646 939 sceptro
1668 871 1878 925 datum.

492 1041 578 1095 l9.
636 1040 935 1094 Diviserunt
981 1041 1081 1095 sibi
1136 1042 1443 1094 vestimenta
1498 1057 1633 1095 mea.
1693 1040 1883 1096 lstbaec
1932 1041 1985 1095 in

419 1131 724 1202 Evangeliis
754 1133 1036 1202 perspicue
1070 1134 1334 1202 explicata
1370 1142 1517 1187 sunt.

487 1224 575 1278 20.
629 1224 703 1277 Τιι
736 1237 931 1289 autem,
974 1224 1214 1288 Domine,
1264 1241 1326 1278 ne
1358 1224 1676 1294 elongavcris
1726 1225 1988 1279 auxilium

422 1331 571 1374 tuum
604 1338 636 1374 a
677 1338 776 1377 me.
813 1319 931 1374 Jam
984 1321 1036 1374 in
1081 1338 1268 1391 preces
1316 1338 1619 1377 sermonem
1667 1331 1985 1378 commutat.

423 1410 542 1482 [Te,
578 1412 774 1482 inquit,
822 1412 1120 1480 opitulante
1171 1421 1224 1467 et
1268 1414 1663 1482 patrocinante,
1699 1429 1823 1468 cum
1867 1426 1988 1484 post

422 1505 665 1558 triduum
700 1520 1072 1570 resurrexero,
1103 1520 1272 1558 vanas
1304 1505 1521 1558 illorum
1552 1505 1774 1559 insidias
1802 1516 1987 1559 osten-

420 1594 593 1667 dam.]
625 1595 1053 1664 Exemplumque
1088 1596 1244 1649 nobis
1266 1604 1370 1657 est,
1402 1612 1511 1665 quo
1552 1605 1708 1663 pacto
1734 1605 1989 1666 oporteat

420 1686 477 1739 iu
514 1686 900 1741 tentationibus
931 1686 1099 1740 Deum
1134 1687 1406 1752 invocare,
1442 1702 1540 1741 nec
1565 1687 1618 1739 in
1650 1702 1906 1757 angorem
1934 1697 1987 1741 et

1262 296 1317 352 S.
1350 294 1719 349 ATHANASII
1752 293 1898 349 OPP.
1939 290 2121 346 PARS
2156 289 2243 343 ιιι.
2288 320 2354 331 -
2391 288 2802 345 EXEGETICA.

3549 286 3652 340 156

2170 408 2607 475 Ἔξηρίθμησαν
2634 405 2827 458 πάντα
2849 404 2920 457 τὰ
2941 401 3092 457 ὀστᾶ
3113 419 3252 471 μου.
3280 400 3652 471 Ψηλαφῶντες

2085 500 2223 554 κατὰ
2245 500 2304 551 τὸ
2329 498 2473 561 είκὸς
2500 497 2643 551 ἆπαν
2670 494 2834 550 αὐτοῦ
2863 496 2924 548 τὸ
2958 494 3136 563 σῶμα,
3164 494 3258 546 καὶ
3288 491 3648 562 ἀναμετροῦν-

2082 608 2173 653 τες
2204 591 2431 644 ’ἑκαστον
2454 588 2560 641 τῶν
2592 588 2811 650 ὀστέων,
2847 588 2932 639 ἵνα
2959 586 3114 639 ἴδοιεν
3137 578 3198 638 οὗ
3221 585 3345 646 τοὺς
3371 583 3534 652 ἥλους
3558 583 3645 651 πῆ-

2086 681 2171 745 ξαι
2212 684 2333 752 χρή.
2396 680 2574 735 Αὐτοὶ
2618 679 2684 732 δὲ
2721 680 3097 743 κατενόησαν
3142 676 3237 729 καὶ
3275 674 3517 727 ἐπεῖδόν
3556 688 3654 741 με.

2098 774 2241 825 Ἀντὶ
2268 772 2383 835 τοῦ,
2416 771 2765 839 ὲπεγέλασαν.
2825 769 3008 822 Ταῦτα
3040 768 3097 821 δέ
3126 783 3257 841 φησι
3288 765 3376 818 διὰ
3401 764 3497 835 τὴν
3531 781 3657 815 κοκο

2086 866 2241 934 κίνην
2263 864 2508 935 χλαμύδα
2530 863 2622 915 καὶ
2652 864 2740 916 τὸν
2768 860 2828 927 ἐξ
2855 860 3102 915 ἀκανθῶν
3130 859 3388 928 στέφανον
3410 897 3425 920 ,
3448 856 3545 909 καὶ
3569 855 3659 908 τὸν

2086 958 2206 1009 ἀντὶ
2241 958 2518 1027 σκήπτρου
2550 956 2813 1025 κάλαμον.

2158 1050 2569 1117 Διεμερίσαντο
2594 1048 2665 1099 τὰ
2687 1044 2883 1114 ίμάτιά
2904 1062 3022 1113 μου
3041 1042 3292 1107 ἑαυτοῖς.
3322 1038 3517 1107 Σαφῶς
3536 1035 3648 1091 ταῦ

2087 1157 2155 1193 τα
2182 1141 2239 1191 ἐν
2265 1144 2374 1201 τοῖς
2406 1139 2749 1207 Εύαγγελίοις
2778 1138 3010 1207 ἐγράφη.

2156 1230 2239 1283 Σὺ
2278 1229 2364 1293 δὲ,
2399 1230 2572 1295 Κύριε
2592 1269 2605 1291 ,
2630 1228 2715 1296 μὴ
2741 1228 3051 1296 μακρύνῃς
3072 1224 3186 1291 τὴν
3206 1220 3497 1289 ,ϐοήθειάν
3541 1236 3661 1274 σου

2086 1319 2187 1373 ἀπ’
2217 1318 2381 1388 ἐμοῦ.
2448 1317 2748 1385 Μεθίστησι
2802 1318 2927 1378 τοὺς
2971 1315 3159 1381 λόγους
3206 1315 3285 1376 εἰς
3328 1310 3659 1383 προσευχήν.

2090 1409 2235 1481 [Σοῦ,
2274 1410 2435 1479 φησὶ,
2467 1408 2785 1478 βοηθοῦντος
2820 1407 2912 1460 καὶ
2942 1404 3467 1475 ἀντιλαμϐανομένου
3490 1443 3504 1466 ,
3540 1419 3663 1473 τρι-

2087 1504 2235 1564 ταῖος
2265 1501 2530 1563 ἀναστὰς,
2583 1500 2813 1569 ματαίαν
2858 1499 3033 1551 αὐτῶν
3067 1498 3165 1569 τὴν
3198 1497 3486 1567 ἐπιϐουλὴν
3529 1497 3662 1548 ἀπο-

2087 1592 2299 1663 δείξω.]
2346 1591 2721 1653 ’Υποτύπωσις
2752 1592 2880 1660 ἡμῖν
2919 1589 3228 1657 γενόμενος,
3256 1587 3330 1649 ὡς
3358 1586 3438 1639 δεῖ
3462 1588 3519 1637 ἐν
3547 1587 3664 1649 τοῖς

2092 1685 2412 1753 πειρασμοῖς
2446 1680 2819 1735 ἐπικαλεῖσθαι
2844 1679 3005 1741 Θεὸν,
3042 1680 3134 1731 καὶ
3186 1680 3260 1749 μὴ
3292 1677 3664 1730 καταπίπτειν

421 1778 638 1831 consilii
674 1778 911 1848 inopiam
940 1780 1209 1847 decidere,
1246 1798 1423 1852 neque
1477 1782 1653 1849 frangi
1706 1782 1984 1836 calamita—

2106 1776 2168 1837 είς
2197 1775 2441 1846 ἀκηδίαν,
2469 1775 2600 1846 μηδέ
2627 1772 2909 1827 ἐκλύεσθαι
2935 1772 3038 1824 ὑπὸ
3069 1770 3177 1823 τῶν
3211 1769 3460 1839 θλίψεων.

424 1867 592 1922 tibus.

489 1959 578 2012 21.
614 1958 755 2015 Erue
774 1978 805 2013 a
828 1961 1055 2029 framea,
1087 1961 1249 2029 Deus,
1278 1965 1512 2017 animam
1543 1980 1729 2018 meam.
1755 1962 1851 2018 His
1881 1980 1991 2018 ma-

419 2050 592 2107 litiam
632 2062 685 2107 et
739 2054 1010 2109 insaniam
1054 2054 1364 2110 Judzeorum
1406 2056 1696 2127 signiﬁcat,
1736 2072 1830 2126 per
1881 2056 1989 2110 fra-

420 2160 596 2199 meam
650 2146 879 2211 scilicet,
934 2164 1155 2201 manum
1202 2150 1375 2213 canis,
1430 2164 1492 2203 os
1542 2150 1736 2214 leonis,
1783 2164 1989 2204 cornua

419 2237 786 2290 unieornium.
826 2236 892 2291 Et
918 2239 981 2291 de
1020 2257 1177 2293 manu
1224 2243 1373 2293 canis
1422 2242 1631 2293 unicam
1658 2258 1845 2294 meam.
1877 2240 1991 2294 Ma-

420 2340 552 2379 num
577 2341 637 2379 ea
663 2336 949 2395 vocatqua:
969 2345 1064 2397 per
1091 2331 1237 2384 hunc
1254 2346 1444 2385 canem
1469 2339 1618 2401 gesta
1636 2340 1791 2383 sunt:
1812 2331 1989 2399 ipsum

420 2424 603 2489 autem
653 2433 841 2470 canem
894 2420 1146 2487 appellat.
1203 2419 1327 2473 Non
1373 2423 1539 2486 enim,
1596 2421 1856 2490 inquit”,
1899 2422 1990 2474 bo-

420 2524 546 2563 num
577 2518 653 2564 est
685 2511 914 2579 accipere
959 2528 1147 2578 panem
1206 2512 1462 2580 ﬁliorum,
1500 2521 1550 2565 et
1593 2513 1847 2582 projicere
1900 2530 1991 2567 ca-

420 2600 583 2654 tellis.

494 2690 755 2764 [Framea
816 2707 947 2746 vero
1003 2692 1168 2747 fuerit
1233 2693 1526 2759 diabolus,
1591 2695 1687 2765 qui
1752 2710 1992 2765 pungere

420 2792 475 2837 et
545 2781 835 2837 confodere
898 2798 1114 2853 semper
1188 2795 1438 2839 conatur.
1506 2785 1730 2839 Uuicam
1808 2795 1988 2840 autem

422 2882 580 2927 vocat
613 2874 849 2927 animam
904 2890 1083 2938 suam,
1136 2877 1265 2945 quia
1322 2878 1436 2931 sola
1496 2877 1684 2931 relicta
1742 2876 1885 2941 fuit,
1939 2886 1993 2933 et

423 2966 493 3020 ab
557 2966 678 3019 aliis
732 2967 1019 3021 animabus
1079 2978 1400 3038 segregata:
1460 2970 1728 3025 universae
1792 2971 1993 3040 quippe

2172 1960 2379 2015 Ῥῦσαι
2406 1959 2524 2013 ἀπὸ
2544 1960 2842 2029 ῥομφαίας
2868 1959 2982 2027 τὴν
3008 1958 3220 2027 ψυχήν
3236 1977 3376 2030 μου.
3426 1960 3538 2030 Τὴν
3560 1976 3666 2012 κα-

2091 2054 2214 2108 κίαν
2238 2053 2345 2105 τῶν
2386 2052 2653 2104 Ἰουδαίων
2676 2054 2771 2104 καὶ
2792 2051 2887 2121 τὴν
2911 2051 3092 2105 ἄνοιαν
3121 2052 3208 2105 διὰ
3235 2052 3440 2105 τούτων
3461 2050 3669 2121 σημαί-

2090 2162 2171 2198 νει
2209 2145 2296 2197 διὰ
2344 2143 2610 2215 ῥομφαίας
2652 2143 2744 2196 καὶ
2791 2144 2971 2213 χειρὸς
3004 2144 3160 2205 κυνὸς
3190 2144 3284 2196 καὶ
3312 2144 3522 2207 λέοντος
3571 2145 3667 2196 καὶ

2090 2238 2331 2308 κεράτων
2362 2234 2760 2307 μονοκερὼτων.
2820 2236 2929 2288 Καὶ
2961 2235 3028 2288 ἐκ
3075 2236 3273 2304 χειρὸς
3318 2236 3504 2302 κυνὸς
3548 2236 3670 2301 τὴν

2085 2326 2383 2397 μονογενῆ
2436 2346 2575 2397 μου.
2623 2327 2703 2379 Τὰ
2746 2329 2810 2379 ἐκ
2856 2326 3046 2379 τούτου
3094 2327 3189 2381 τοῦ
3234 2328 3395 2391 κυνὸς
3436 2330 3668 2396 γενόμε⁶

2090 2437 2156 2473 να
2188 2423 2363 2491 χεῖρα,
2396 2420 2489 2472 καὶ
2518 2420 2677 2473 αὐτὸν
2702 2420 2838 2473 κύνα
2864 2419 3148 2490 ὀνομάζει·
3193 2423 3274 2474 Οὐ
3314 2423 3507 2474 καλὸν
3530 2422 3663 2491 γὰρ,

2092 2511 2275 2580 φησὶν,
2323 2511 2455 2564 ἐστὶ
2504 2511 2710 2565 λαϐεῖν
2745 2511 2850 2564 τὸν
2886 2510 3069 2578 ἄρτον
3113 2512 3233 2566 τῶν
3286 2512 3514 2565 τέκνων
3566 2512 3668 2565 καὶ

2086 2604 2304 2666 ,ϐαλεῖν
2348 2602 2474 2669 τοῖς
2512 2606 2832 2674 κυναρίοις.

2164 2693 2183 2765 [
2213 2696 2479 2765 Ῥομφαία
2508 2697 2563 2749 δὲ
2596 2700 2679 2767 εἴη
2713 2696 2778 2749 ἂν
2833 2698 2927 2749 κα)⁸
2970 2697 2999 2749 ὁ
3035 2697 3307 2761 διάϐολος,
3344 2698 3429 2750 ἀεὶ
3467 2698 3667 2768 τιτρώ-

2095 2799 2243 2836 σκειν
2307 2786 2614 2856 ἐπιχειρῶν.
2709 2786 3020 2856 Μονογενῆ
3060 2788 3117 2841 δὲ
3164 2789 3310 2855 λέγει
3350 2787 3512 2841 αὑτοῦ
3564 2789 3670 2860 τὴν

2091 2872 2286 2944 ψυχὴν,
2308 2874 2395 2927 διὰ
2416 2876 2475 2928 τὸ
2507 2877 2847 2946 μεμονῶσθαι
2874 2880 2967 2932 καὶ
2992 2880 3319 2950 κεχωρίσθαι
3353 2880 3460 2932 τῶν
3491 2879 3670 2934 ἄλλων

2092 2964 2307 3034 ψυχῶν·
2342 2968 2509 3018 πᾶσαι
2574 2968 2671 3037 μὲν
2704 2968 2808 3039 γὰρ
2839 2972 3042 3022 ἐκεῖναι
3094 2970 3333 3037 ἔγνωσαν
3369 2971 3667 3041 ἁμαρτίαν,

422 3066 706 3125 peccatum
767 3066 1057 3121 noverunt,
1114 3059 1205 3113 illa
1254 3076 1379 3114 vero
1442 3061 1710 3116 minime:
1761 3071 1815 3117 et
1865 3065 1988 3131 quia

2106 3056 2281 3125 ἐκείνη
2311 3056 2366 3108 δὲ
2391 3057 2482 3109 ού·
2525 3060 2618 3111 καὶ
2655 3059 2743 3114 διὰ
2773 3061 2832 3112 τὸ
2867 3061 3033 3131 μόνην
3077 3062 3162 3115 ἀεὶ
3198 3062 3291 3115 τοῦ
3324 3062 3457 3115 Θεοῦ
3492 3062 3670 3129 Λόγου

424 3162 637 3215 semper
666 3149 780 3202 sola
812 3165 938 3202 cum
975 3165 1140 3204 carne
1192 3152 1482 3220 conjuncta
1514 3169 1638 3208 cum
1673 3154 1782 3209 Deo
1820 3157 1993 3211 Verbo

424 3246 510 3290 est
558 3238 859 3291 secundum
898 3239 1237 3309 hypostasin.
1280 3240 1429 3296 Unus
1465 3258 1702 3311 namque
1743 3245 1995 3300 Christus

423 3336 508 3383 est
536 3342 603 3382 ex
637 3329 851 3384 duobus
899 3332 1145 3385 adversis
1176 3342 1455 3396 constans,
1508 3336 1782 3404 perfectus
1832 3336 1993 3401 Deus,

425 3420 701 3489 perfecms
730 3422 913 3477 homo.
948 3424 1069 3477 Illas
1096 3435 1275 3480 autem
1308 3428 1519 3482 animas
1550 3444 1671 3497 quae
1700 3431 1868 3483 multo
1920 3432 1997 3483 iu-

424 3514 653 3569 tervallo
678 3514 951 3593 distabant
978 3516 1130 3569 adiit.
1160 3514 1323 3569 Forte
1360 3519 1525 3571 etiam
1560 3520 1859 3575 Ecclesiam
1892 3523 1995 3576 sibi

428 3614 696 3661 astantem
740 3614 900 3659 vocat
950 3607 1186 3671 unicam,
1240 3608 1384 3676 quod
1432 3609 1699 3663 maculam
1750 3612 1950 3665 nullam
1979 3654 1995 3679 ,

426 3697 605 3750 nullas
634 3698 822 3751 sordes
855 3697 1068 3760 habeat,
1106 3707 1271 3766 atque
1304 3714 1370 3752 ex
1405 3699 1650 3768 profectu
1697 3701 1748 3753 iu
1802 3703 1997 3757 melius

426 3788 629 3857 repleta
683 3790 754 3841 sit
811 3788 1099 3854 iuculpatis
1152 3790 1257 3844 illis
1312 3792 1595 3862 sexaginta
1647 3792 1885 3863 reginis,
1946 3804 1999 3848 et

429 3880 703 3946 octoginta
755 3880 1125 3952 concubiuis.]

498 3970 589 4023 2'2.
622 3967 781 4023 Salva
810 3985 887 4021 me
912 3985 975 4023 ea:
1008 3987 1094 4023 ore
1126 3970 1311 4033 leonis,
1344 3980 1393 4023 et
1432 3988 1464 4024 a
1492 3972 1737 4025 cornibus
1788 3975 2000 4027 unicor—

430 4064 578 4117 nium
617 4062 966 4115 humilitatem
1004 4079 1192 4115 meam.
1224 4062 1472 4115 Narrabo
1507 4074 1859 4118 uomentaum
1885 4066 1996 4134 fra-

432 4156 600 4209 tribus
636 4155 783 4219 meis,
815 4156 868 4207 in
902 4156 1071 4207 medio
1123 4154 1375 4208 Ecclesia:
1425 4156 1653 4209 laudabo
1688 4167 1755 4209 te.
1807 4158 2003 4211 Docuit

430 4248 575 4300 enim
610 4262 708 4300 nos
737 4261 863 4299 eum
898 4248 991 4315 qui
1025 4259 1220 4301 natura
1246 4256 1301 4301 et
1332 4262 1455 4301 vere
1484 4246 1626 4301 Deus
1656 4257 1759 4313 est,
1785 4257 1839 4302 et
1866 4264 2001 4303 con-

435 4338 850 4393 subslautialem
881 4338 983 4407 ipsi
1036 4338 1270 4393 Patrem.
1316 4338 1529 4394 Rursus
1570 4350 1630 4395 ut
1675 4341 1840 4395 homo
1872 4356 2003 4397 con-

434 4432 656 4501 junctus
689 4440 770 4484 est
804 4446 896 4498 per
928 4430 1247 4485 Ecclesiam.

506 4523 595 4576 24.
621 4522 722 4588 Qui
753 4524 943 4576 timetis
969 4523 1268 4588 Dominum,
1294 4524 1509 4577 laudate
1529 4538 1680 4585 eum;
1706 4524 2003 4579 universum

436 4628 608 4667 semen
629 4611 815 4675 Iacob,
840 4612 1131 4682 gloriﬁcale
1154 4629 1289 4665 eum.
1333 4612 1778 4682 Quandoquidem
1817 4613 2002 4669 Eccle-

440 4706 521 4762 sia
560 4722 624 4760 ex
656 4708 1080 4777 gentibusjuxta
1116 4717 1277 4777 atque
1302 4723 1367 4762 ex
1396 4705 1600 4761 Judzeis
1630 4714 1865 4769 constat,
1905 4707 2003 4762 hos

442 4807 605 4869 atque
638 4800 757 4853 illos
796 4801 861 4853 ad
912 4800 1168 4868 hymnum
1205 4800 1603 4853 eoneiuendum
1636 4798 1857 4851 excitat.
1896 4796 2003 4853 llos

439 4892 658 4961 quidem
683 4906 710 4942 a
742 4906 940 4959 proavo
967 4907 1066 4946 suo
1113 4890 1280 4946 Jacob
1328 4902 1492 4962 atque
1540 4893 1704 4947 Israel
1753 4907 1957 4946 vocans
1984 4930 1998 4953 ,

440 4982 564 5035 illos
609 4981 822 5033 virtutis
856 4983 1073 5034 nomine
1102 4984 1413 5050 compellat,
1458 4999 1577 5051 qua:
1609 4983 1826 5050 quidem
1859 4983 2002 5035 valet

440 5074 652 5143 generis
684 5073 802 5126 loco
836 5074 1081 5126 homines
1109 5090 1393 5127 exornare.
1428 5075 1499 5127 Ita
1529 5073 1747 5128 Judmos
1786 5089 1879 5127 eos
1910 5074 2004 5141 qui

439 5180 503 5217 ex
532 5164 782 5232 gentibus
812 5164 876 5216 ad
926 5164 1095 5231 legem
1127 5167 1447 5219 accederent
1495 5183 1613 5219 mos
1660 5177 1777 5221 erat
1817 5166 2005 5234 appel-

438 5252 572 5305 lare.
602 5253 762 5320 quue
804 5267 899 5305 nos
929 5254 1117 5305 edocet
1149 5252 1382 5306 Actuum
1426 5255 1670 5307 historia.
1701 5253 1838 5307 Cum
1881 5270 2007 5308 ora-

443 5352 520 5396 ret
542 5344 686 5397 enim
718 5344 906 5397 beatus
938 5342 1159 5403 Paulus,
1182 5344 1259 5397 sic
1286 5346 1358 5398 ait
1382 5346 1425 5375 ³³
1453 5364 1465 5398 :
1508 5345 1615 5397 Viri
1640 5343 1923 5409 Israelitte,
1958 5356 2007 5400 et

440 5435 530 5503 qui
559 5436 693 5489 inter
722 5452 809 5490 vos
840 5437 1031 5489 timetis
1064 5435 1373 5489 Dominum.

514 5658 559 5688 "‘
584 5657 772 5714 Matth.
798 5678 887 5728 xv,
918 5662 1005 5717 26.
1083 5663 1127 5693 "
1150 5662 1267 5717 Act.
1306 5677 1424 5728 xm,
1463 5662 1548 5716 16.

2100 3148 2289 3200 ἕνωσιν
2321 3148 2462 3218 ἔχειν
2492 3150 2612 3202 καθ’
2652 3152 2944 3205 ὑπόστασιν
2992 3153 3127 3223 μετὰ
3160 3155 3257 3224 τῆς
3294 3154 3509 3225 σαρκός.
3570 3147 3673 3217 Εἷς

2096 3240 2203 3309 γάρ
2236 3240 2380 3291 ἐστιν
2412 3243 2440 3293 ὀ
2491 3242 2721 3312 Χριστὸς
2752 3245 2815 3296 ἐκ
2864 3244 2958 3297 δύο
2997 3244 3105 3297 τῶν
3140 3246 3425 3309 ἐναντίων,
3463 3245 3673 3309 τέλειος

2095 3330 2226 3393 Θεὸς
2264 3333 2357 3383 καὶ
2380 3333 2583 3396 τέλειος
2610 3334 2910 3407 ἄνθρωπος.
2956 3338 3220 3400 Ἐκείναις
3247 3338 3301 3390 δὲ
3332 3340 3396 3391 ἐκ
3426 3339 3671 3408 διαλειμ-

2100 3422 2280 3491 μάτων
2298 3423 2567 3496 ἐπιφοιτᾷ.
2590 3428 2741 3495 Τάχα
2755 3428 2811 3481 δὲ
2831 3429 2924 3481 καὶ
2945 3430 3041 3498 τὴν
3060 3432 3415 3500 παραστᾶσαν
3443 3431 3675 3503 Ἐκκλη-

2098 3512 2215 3564 σίαν
2256 3514 2401 3583 αύτῴ
2428 3515 2575 3583 λέγει
2611 3520 2902 3589 μονογενῆ,
2938 3518 3023 3571 διὰ
3052 3520 3109 3571 τὸ
3142 3521 3215 3590 μὴ
3248 3521 3387 3590 ἔχειν
3421 3523 3606 3575 σπῖλον
3637 3523 3671 3593 ἢ

2100 3605 2285 3675 ῥυτίδα
2312 3608 2374 3658 ἐκ
2412 3608 2517 3659 τῶν
2544 3608 2788 3680 ἀμώμων
2822 3612 3314 3684 συμπληρουμένην
3359 3616 3499 3668 κατὰ
3533 3633 3672 3686 προ-

2098 3697 2272 3767 κοπὴν
2309 3700 2372 3751 ἐκ
2420 3700 2526 3753 τῶν
2574 3702 2834 3772 ἐξήκοντα
2881 3704 3166 3773 βασιλίδων
3212 3709 3305 3760 καὶ
3344 3708 3672 3779 ὀγδοήκοντα

2098 3790 2403 3845 παλλακῶν.
2429 3792 2449 3864 ]

2172 3970 2379 4025 Σῶσόν
2404 3989 2479 4041 με
2512 3974 2580 4027 ἐκ
2617 3978 2913 4045 στόματος
2934 3976 3202 4044 λέοντος,
3224 3979 3320 4031 καὶ
3350 3979 3468 4033 ἀπὸ
3502 3978 3676 4046 κερά-

2100 4079 2217 4114 των
2242 4065 2659 4132 μονοκερὼτων
2690 4068 2802 4134 τὴν
2832 4070 3192 4123 ταπείνωσίν
3216 4089 3353 4138 μου.
3381 4069 3677 4139 Διηγήσοο
3714 4116 3719 4121 ,

2095 4171 2201 4221 μαι
2250 4154 2314 4206 τό
2346 4154 2529 4223 ὄνομά
2569 4171 2685 4210 σου
2732 4156 2853 4223 τοῖς
2908 4157 3191 4224 ἀδελφοῖς
3208 4171 3363 4227 μου·
3392 4158 3463 4211 ἐν
3502 4154 3677 4223 μέσῳ

2114 4246 2468 4311 Ἐκκλησίας
2502 4246 2751 4314 ὑμνήσω
2798 4263 2890 4301 σε.
2941 4246 3215 4301 Ἐδίδασκε
3262 4246 3368 4321 γὰρ
3405 4248 3551 4315 ἡμᾶς
3578 4247 3676 4302 τὸν

2104 4334 2260 4402 φύσει
2294 4335 2385 4387 καὶ
2409 4334 2633 4406 ἀληθείᾳ
2652 4334 2781 4389 Θεὸν
2814 4337 2905 4390 καὶ
2928 4336 3208 4405 ὀμοούσιον
3234 4335 3397 4389 αὑτοῦ
3428 4335 3672 4407 Πατέρα.

2036 4444 2081 4499 ι)
2108 4426 2274 4479 Πάλιν
2309 4425 2381 4488 ὡς
2418 4426 2699 4496 ἄνθρωπος
2735 4429 2934 4497 ἥνωται
2963 4428 3049 4480 διὰ
3084 4428 3187 4498 τῆς
3226 4428 3571 4501 Ἐκκλησίας.

2180 4518 2243 4568 Ol
2281 4517 2631 4584 φοϐούμενοι
2677 4518 2782 4569 τὸν
2827 4519 3082 4585 Κύριον,
3129 4518 3407 4572 αἱνέσιιτε
3450 4521 3674 4574 αὐτόν·

2106 4606 2268 4661 ἅπαν
2299 4608 2363 4660 τὸ
2392 4609 2627 4677 σπέρμα
2666 4608 2890 4674 Ἰακὼϐ,
2925 4609 3222 4674 δοξάσατε
3248 4612 3451 4664 αὐτόν.
3503 4613 3681 4665 Ἐπει-

2106 4700 2170 4768 δὴ
2216 4700 2380 4772 γὰρὴ
2438 4699 2729 4771 Ἐκκλησία
2765 4702 2855 4754 καὶ
2896 4701 2954 4764 ἐξ
2985 4701 3150 4754 ἐθνῶν
3181 4703 3273 4755 καὶ
3301 4702 3357 4767 ἐξ
3408 4703 3679 4756 Ἰουδαίων

2110 4792 2433 4861 συνέστηκε,
2487 4793 2579 4844 καὶ
2624 4792 2842 4855 τούτους
2887 4794 2978 4845 καὶ
3010 4793 3246 4856 ἐκείνους
3278 4796 3356 4857 εἰς
3387 4794 3478 4847 τὸν
3509 4794 3679 4865 ὕμνον

2109 4884 2307 4953 ἐγείρει
2329 4901 2342 4915 ’
2372 4886 2495 4947 τοὺς
2522 4886 2619 4954 μὲν
2642 4885 2749 4938 ἀπὸ
2774 4885 2866 4937 τοῦ
2893 4886 3233 4955 προπάτορος
3254 4886 3532 4955 ὀνομάζων
3574 4888 3681 4941 Ἶα-

2108 4976 2224 5027 κώϐ
2254 4993 2310 5027 τε
2342 4977 2435 5027 καὶ
2473 4975 2706 5046 Ἰσραὴλ.
2735 4977 2861 5040 τοὺς
2888 4976 2944 5029 δὲ
2974 4977 3081 5029 ἀπὸ
3108 4978 3205 5046 τῆς
3232 4978 3453 5048 ἀρετῆς,
3480 4977 3557 5040 ὡς
3580 4979 3680 5048 ἀρ-

2110 5068 2310 5137 κούσης
2346 5068 2462 5119 ἀντὶ
2494 5068 2683 5135 γένους
2715 5070 3009 5138 κοσμῆσαι.
3073 5068 3230 5122 Οὕτω
3263 5069 3356 5122 καὶ
3395 5070 3681 5134 Ἰουδαίους

2109 5162 2232 5223 τοὺς
2258 5160 2315 5223 ἐξ
2345 5159 2510 5212 ἐθνῶν
2532 5160 2607 5229 τῷ
2630 5160 2776 5231 νόμῳ
2798 5162 3118 5230 προσιόντας
3138 5162 3255 5226 ἔθος
3277 5158 3344 5233 ἦν
3372 5164 3676 5231 ὀνομάζειν.

2110 5252 2220 5303 Καὶ
2258 5251 2417 5303 τοῦτο
2452 5253 2599 5322 ἡμᾶς
2630 5254 2661 5321 ὴ
2698 5252 2804 5304 τῶν
2835 5254 3091 5325 Πράξεων
3144 5254 3349 5324 ἱστορία
3398 5254 3640 5307 διδάσκει

2112 5342 2433 5415 δημηγορῶν
2455 5344 2561 5414 γὰρ
2592 5347 2619 5396 ὁ
2652 5344 2793 5409 θεῖος
2831 5346 3151 5409 Ἀπόστολος
3178 5346 3349 5409 οὕτως
3373 5346 3475 5414 ἔφη
3503 5362 3517 5376 ·
3550 5348 3670 5399 Ἀν-

2113 5433 2250 5500 δρες
2290 5436 2668 5504 Ἰσραηλῖται,
2705 5440 2801 5493 καί
2834 5444 2886 5494 οὶ
2925 5442 2995 5494 ἐν
3022 5441 3162 5510 ὑμῖν
3188 5442 3543 5510 φοϐούμενοι
3576 5440 3681 5493 τὸν

2118 5522 2350 5589 Κύριον.
