3874 6218
150 361 252 415 157

1257 356 1619 413 EXPOSITIO
1654 357 1723 412 IN
1760 358 2089 414 PSALMUM
2130 358 2270 412 XXl.

3296 364 3399 418 f38

223 474 351 525 Ὀτι
380 473 490 525 οὐκ
514 470 945 535 ἐξουδένωσεν.
1015 470 1083 521 ’Δ
1110 468 1468 540 κατώρθωσεν
1500 472 1631 540 ἡμῖν
1664 470 1729 523 δι’

1899 473 1990 526 25.
2027 474 2288 537 Quoniam
2319 488 2420 525 non
2453 472 2665 540 sprevit,
2702 482 2807 527 etc.
2841 472 2975 539 Quae
3010 478 3180 530 nostri
3226 482 3400 548 gratia

151 563 345 617 ἑαυτοῦ
375 564 403 615 ὁ
431 563 740 634 Μονογενὴς
772 562 1071 615 ἐκδιδάσκει
1104 561 1309 630 σαφῶς.

223 656 387 723 Παρὰ
411 656 526 709 σοῦ
553 659 584 709 ό
604 656 848 719 ἔπαινός
868 672 1010 725 μου.
1030 655 1095 706 Ἐ
1105 670 1290 706 παινον
1313 653 1409 724 τὴν
1425 654 1733 723 δοξολογίαν

152 749 350 818 φησίν⁸
380 747 496 800 ἔστι
538 748 595 799 δὲ
625 746 830 815 ταύτην
872 746 1023 817 παρὰ
1050 746 1144 799 τοῦ
1181 745 1391 817 Πατρὸς
1436 747 1735 817 γενομένην

155 841 304 901 ἰδεῖν,
335 840 423 891 ὅτε
450 835 583 908 ἦλθε
609 838 762 909 φωνὴ
790 836 993 891 ἄνωθεν
1012 837 1245 904 λέγουσα
1269 852 1281 864 ·
1306 838 1415 891 Καὶ
1443 836 1730 901 ἐδόξασα,

151 931 254 985 καὶ
281 932 467 985 πάλιν
493 930 750 994 δοξάσω.
789 928 896 1000 [Ἣ
913 930 994 981 ὅτι
1021 928 1208 1001 ὥσπερ
1228 929 1337 996 ἐγώ
1359 946 1417 981 σε
1441 929 1597 998 δῆλον
1624 931 1735 992 τοῖς

152 1020 460 1091 ἀνθρώποις
491 1020 724 1090 ἐποίησα
744 1058 759 1082 ,
784 1019 925 1071 οὓτω
957 1018 1051 1071 καὶ
1086 1019 1149 1071 σὺ
1183 1020 1401 1081 πάντως
1436 1020 1535 1089 τὴν
1564 1020 1735 1089 αὐτήν

152 1129 244 1181 μοι
290 1112 588 1182 προσάγεις
620 1110 784 1181 τιμὴν
804 1152 817 1177 ,
851 1110 945 1163 νῦν
980 1110 1078 1180 μὲν
1104 1110 1276 1178 λέγων
1298 1128 1311 1141 ·
1343 1106 1529 1175 Οὗτός
1566 1110 1736 1163 ἐστιν

150 1206 183 1255 ὁ
225 1203 361 1267 Υἱός
387 1218 539 1271 μου·
578 1200 673 1254 νῦν
718 1201 775 1253 δὲ
820 1201 1219 1254 ἀποκαλύπτων
1265 1202 1455 1272 Πέτρῳ
1500 1203 1735 1263 καὶτοῖς

154 1291 428 1362 λοιποῖς.]
486 1292 595 1357 Tag
618 1290 805 1359 εὐχάς
825 1308 943 1359 μου
977 1290 1284 1345 ἀποδώσω.
1317 1290 1465 1360 Εύχὴ
1490 1292 1523 1359 ἡ
1561 1291 1734 1358 ἐπαγ-

144 1384 309 1451 γελία
336 1382 487 1454 παρὰ
517 1384 585 1452 τῇ
620 1381 739 1451 θείᾳ
764 1382 1089 1452 ὀνομάζεται
1122 1383 1333 1454 Γραφῇ·
1400 1381 1609 1434 οὐκοῦν
1633 1382 1733 1451 τῆς

146 1473 402 1542 ὑπακοῆς
426 1470 775 1540 ἐκπλήρωσις
808 1473 841 1541 ἡ
885 1471 1151 1541 γενομένη
1192 1470 1339 1541 παρά
1368 1470 1463 1523 τοῦ
1492 1469 1622 1523 Υἱοῦ
1655 1470 1734 1540 τῷ

144 1565 329 1635 Πατρὶ
374 1563 535 1633 μέχρι
560 1561 790 1616 θανάτου
814 1563 1077 1626 ὡσαύτως
1108 1563 1175 1616 ἂν
1211 1562 1427 1634 νοηθείη
1450 1604 1464 1625 ,
1538 1563 1733 1616 ἀποδο-

148 1658 340 1728 θείσης
372 1656 471 1725 τῆς
502 1655 668 1726 εὐχῆς
698 1656 825 1726 παρ’
850 1655 1013 1709 αὐτοῦ
1046 1655 1121 1725 τῷ
1153 1655 1348 1725 Πατρί.
1410 1654 1597 1726 [Εὐχὴ
1639 1655 1736 1725 μὲν

146 1751 185 1819 ἡ
206 1748 509 1817 ἐπαγγελία
532 1748 683 1819 παρά
704 1750 770 1817 τῇ
797 1748 917 1817 θεία
936 1747 1262 1817 ὀνομάζεται
1283 1748 1472 1816 Γραφῇ
1492 1762 1504 1774 ·
1530 1745 1737 1799 Οὐκοῦν

144 1840 185 1908 ἡ
209 1838 310 1908 τῆς
332 1838 579 1908 1ιῖιπακοῆς
600 1838 945 1908 ὲκπλήρωσις
967 1839 1000 1907 ἠ
1022 1837 1288 1909 γενομένη
1316 1837 1467 1908 παρὰ
1488 1836 1580 1889 τοῦ
1606 1836 1735 1890 Υίοῦ

1834 560 2153 632 Unigenitus
2186 578 2349 633 opera
2376 563 2539 617 edidit
2572 564 2861 633 perspicue
2883 564 3059 619 docet.

1905 656 1995 710 26.
2028 656 2182 725 Apud
2212 666 2258 710 te
2285 656 2401 710 laus
2432 672 2569 719 mea,
2631 664 2736 710 etc.
2768 654 3006 712 Laudem
3040 666 3196 711 vocat
3236 658 3401 728 glori-

1836 745 2183 809 ﬁcationem;
2225 746 2472 801 videmus
2523 753 2704 800 autem
2750 746 2897 799 illam
2931 762 2962 800 a
3009 745 3169 801 Patre
3200 747 3399 802 editam

1835 849 1959 888 cum
1989 850 2091 888 vox
2126 834 2356 904 desuper
2386 833 2570 889 audita
2599 844 2719 890 est;
2752 834 2821 888 Et
2870 836 3163 905 gloriﬁcavi
3210 847 3260 891 et
3304 839 3406 893 ite-

1836 944 1953 980 rum
1985 928 2290 997 gloriﬁcabo
2313 927 2379 980 ‘°.
2414 925 2546 998 [Aut
2573 928 2699 996 quia
2732 928 2875 982 sicut
2901 942 3001 997 ego
3058 937 3110 983 te
3159 928 3401 983 homini-

1838 1019 1938 1073 bus
1969 1019 2319 1075 manil‘estum
2348 1018 2472 1083 feci,
2505 1019 2693 1073 eodem
2723 1034 2950 1087 prorsus
2980 1020 3140 1073 modo
3185 1030 3238 1073 tu
3268 1021 3402 1075 mihi

1836 1126 2022 1180 parem
2054 1112 2315 1166 honorem
2348 1111 2705 1178 conciliabis;
2743 1112 2905 1166 modo
2934 1112 3158 1167 dicens:
3194 1110 3297 1165 Hic
3325 1122 3403 1167 est

1836 1204 1979 1271 ﬁlius
2009 1204 2241 1266 meus“,
2275 1202 2439 1257 modo
2470 1203 2705 1272 idipsum
2744 1202 2905 1258 Petro
2951 1203 3197 1258 revelans
3243 1212 3405 1273 atque

1838 1294 2096 1366 caeteris.]
2125 1294 2257 1348 Vola
2289 1312 2403 1349 mea
2434 1295 2672 1361 reddam,
2702 1303 2805 1349 etc.
2836 1292 3084 1348 Precatio
3131 1294 3184 1348 in
3223 1293 3401 1349 divina

1839 1385 2121 1457 Scriptura
2148 1396 2333 1441 votum
2370 1403 2466 1441 seu
2498 1387 2789 1457 promissio
2815 1396 3059 1441 vocatur.
3092 1384 3279 1456 Itaque
3311 1388 3406 1441 ob-

1838 1478 2133 1547 sequentia:
2151 1476 2275 1531 Filii
2306 1492 2433 1549 erga
2464 1477 2682 1532 Patrem
2705 1493 2879 1547 usque
2909 1478 2975 1532 ad
3007 1486 3235 1530 mortem
3266 1492 3405 1547 prae-

1838 1570 1977 1624 stitae
2029 1571 2431 1625 consummatio
2468 1579 2571 1635 est,
2625 1586 2747 1641 quae
2788 1580 2921 1625 tunc
2968 1568 3110 1625 facta
3158 1570 3407 1641 intelligi-

1836 1670 1944 1725 tur,
1970 1677 2095 1716 cum
2134 1659 2282 1715 Patri
2326 1662 2686 1732 precationem
2731 1660 2946 1716 obtulit.
2991 1660 3262 1733 [Precatio
3309 1678 3403 1718 seu

1837 1760 2021 1806 votum
2054 1752 2346 1821 promissio
2372 1762 2598 1808 vocatur
2622 1754 2677 1807 in
2707 1753 2888 1809 divina
2921 1754 3198 1825 Scriptura
3228 1777 3238 1809 :
3280 1770 3404 1808 cum

1840 1843 2022 1913 itaque
2049 1844 2105 1897 in
2141 1844 2397 1898 omnibus
2420 1843 2570 1899 Patri
2599 1844 2892 1899 obsecutus
2916 1844 3088 1900 Filius
3118 1846 3208 1909 sit,
3240 1845 3405 1900 etiam

148 1930 351 2000 Πατρὶ,
379 1930 475 1984 καὶ
500 1929 658 1982 τοῦτο
688 1930 847 2001 μέχρι
877 1928 973 1982 τοῦ
1001 1930 1232 1984 θανάτου
1261 1930 1484 1999 σαρκός.
1548 1927 1736 1981 Ὠσαύ-

1851 1950 2012 2004 usque
2050 1935 2117 1989 ad
2144 1943 2373 1989 mortem
2403 1935 2703 1999 carnalem,
2734 1949 2833 2004 pro
2861 1943 2988 1989 voto
3014 1933 3165 1989 Patri
3197 1934 3407 1990 reddito

148 2040 259 2086 τως
282 2022 349 2076 ἂν
372 2021 590 2093 νοηθείη
616 2022 971 2092 ἀποδοθείσης
992 2023 1093 2093 τῆς
1119 2022 1284 2093 εὐχῆς
1308 2023 1437 2091 παρ’
1466 2019 1629 2073 αὐτοῦ
1656 2019 1735 2089 τῷ

1851 2028 2009 2096 probe
2036 2026 2381 2098 accipiatur.]

148 2116 382 2188 Πατρί.]

216 2212 421 2283 ¹Ιὶιιηίει
461 2211 729 2265 Barbarus
755 2229 772 2265 :
810 2210 943 2265 Vota
966 2225 1103 2263 mea.
1129 2208 1377 2264 Precatio
1412 2208 1497 2263 vel
1526 2220 1733 2273 votum,
1769 2209 2061 2278 promissio
2096 2219 2179 2263 est
2211 2209 2439 2276 alicujus
2465 2224 2652 2264 eorum
2682 2225 2802 2279 qua:
2829 2210 3071 2281 religioni
3099 2217 3404 2265 sacrantur.

153 2308 478 2378 Depreeatio
506 2323 637 2363 vero
669 2319 753 2363 est
780 2306 1006 2377 supplex
1036 2305 1307 2361 bonorum
1338 2305 1529 2375 petitio
1557 2320 1587 2359 a
1627 2304 1757 2359 Deo.
1795 2304 1963 2360 Docet
1990 2313 2171 2359 autem
2202 2319 2382 2359 sermo
2409 2319 2477 2358 ne
2507 2304 2660 2373 prius
2692 2320 2719 2356 a
2751 2304 2860 2357 Deo
2905 2305 3204 2373 quidquam
3249 2310 3403 2372 peta-

148 2418 300 2469 mus,
332 2416 500 2472 quam
531 2402 735 2457 donum
765 2416 865 2471 pro
902 2399 1213 2471 accipienda
1245 2400 1417 2469 gratia
1447 2398 1762 2454 offeramus.
1793 2398 2034 2465 Precari,
2068 2401 2171 2453 hoc
2199 2408 2302 2464 est,
2333 2412 2529 2452 vovere
2558 2398 2711 2467 prius
2737 2406 2970 2466 Oportet,
3007 2412 3170 2466 quam
3216 2395 3405 2463 depre-

155 2494 297 2548 cari.
336 2492 811 2559 Quemadmodum
848 2491 987 2547 satio
1014 2489 1290 2544 fructuum
1322 2487 1692 2543 collectionem
1745 2488 2018 2559 praecedit.
2056 2485 2280 2558 Oportet
2310 2487 2453 2559 enim
2510 2487 2661 2556 prius
2693 2487 2874 2555 jacere
2906 2484 3287 2555 promissionis
3316 2499 3403 2539 se-

156 2583 330 2645 mina,
358 2590 414 2635 et
440 2581 520 2636 sic
556 2580 682 2635 inde
720 2579 931 2634 lructus
957 2578 1121 2633 ferre.

223 2698 521 2767 Φάγονται
558 2694 937 2764 πένητες-,καὶ
968 2692 1526 2764 ἐμπλησθήσονται.
1562 2690 1735 2757 Προσ-

154 2795 448 2865 αγὸρευσις
494 2792 593 2863 τῆς
634 2791 739 2845 τῶν
768 2790 935 2846 ὲθνῶν
966 2790 1209 2861 κλήσεως
1270 2785 1359 2839 διὰ
1397 2784 1599 2837 τούτων
1642 2800 1737 2854 ση-

158 2888 431 2958 μαίνεται.
1208 2942 1215 2949 ,

226 2980 338 3033 Kal
366 2975 915 3048 προσκυνήσουσιν
958 2973 1215 3028 ἐνώπιον
1243 2972 1429 3028 αὐτοῦ
1456 2972 1641 3026 πᾶσαι
1681 2975 1739 3025 αἱ

1909 2685 1998 2740 27.
2042 2684 2213 2739 Edent
2260 2700 2509 2753 pauperes
2537 2693 2586 2737 et
2633 2684 3033 2740 saturabuntur.
3073 2685 3230 2742 Hisce
3272 2704 3403 2759 gen.

1843 2778 1975 2831 tium
2006 2777 2216 2832 vocatio
2230 2775 2698 2847 prmsigniﬁcatur.

1910 2955 2000 3009 28.
2036 2954 2101 3007 Et
2137 2957 2432 3009 adorabunt
2477 2955 2531 3007 in
2571 2964 2847 3024 conspectu
2876 2956 2990 3025 ejus
3021 2958 3278 3012 universae
3318 2958 3404 3027 fa-

155 3045 535 3138 :mtplalvténr
553 3066 761 3123 ἐθνῶν.
788 3064 1110 3120 Βασιλεῦσαι
1133 3065 1348 3135 λέγεται
1371 3065 1479 3119 τῶν
1500 3066 1592 3118 ἐπὶ
1614 3066 1734 3133 γῆς,

1851 3046 2010 3101 milia:
2054 3050 2305 3117 gentium.
2363 3045 2610 3117 Regnare
2642 3047 2839 3102 dicitur
2869 3047 2923 3101 in
2976 3058 3119 3103 terra
3148 3050 3249 3104 etsi
3282 3065 3408 3119 qua-

155 3164 332 3217 καίτοι
355 3162 608 3233 βασιλεὺς
633 3160 849 3214 πάντων
873 3159 947 3212 ὣν
971 3158 1107 3211 καθὸ
1125 3159 1279 3222 Θεὸς,
1308 3158 1394 3211 διὰ
1416 3157 1475 3210 τὸ
1498 3156 1739 3226 ἐπιστρέ-

154 3255 251 3323 ψαι
283 3256 479 3317 αὐτοὺς
509 3254 575 3306 ἐκ
603 3256 701 3324 τῆς
730 3252 838 3305 τῶν
871 3251 1140 3320 δαιμόνων
1174 3250 1382 3321 πλάνης
1415 3251 1493 3312 εἰς
1524 3249 1619 3319 τὴν
1646 3248 1741 3302 αὐ-

153 3342 248 3401 τοῦ
287 3346 491 3405 πίστιν,
522 3346 615 3398 καὶ
643 3343 1058 3414 εὐγνωμοσύνην
1088 3343 1184 3395 καὶ
1207 3341 1568 3411 δικαιοσύνην.

227 3437 353 3489 Ὅτι
375 3435 485 3489 τοῦ
516 3435 738 3503 Κυρίου
767 3435 805 3501 ἡ
826 3433 1116 3498 ,ϐασιλεία
1137 3474 1152 3496 ,
1188 3432 1288 3486 καὶ
1316 3432 1498 3498 αὐτὸς
1525 3431 1742 3486 δεσπό-

155 3528 231 3588 ζει
255 3527 379 3581 τῶν
403 3526 613 3581 ἐθνῶν.
646 3526 719 3579 Οὐ
745 3524 854 3596 γὰρ
884 3524 1043 3595 μόνον
1077 3524 1347 3577 Ἰουδαίων
1378 3523 1508 3586 Θεὸς
1530 3524 1557 3575 ὁ
1587 3522 1737 3586 Θεὸς,

154 3621 232 3683 ὡς
262 3622 464 3673 ἐκεῖνοι
497 3618 834 3688 νομίζουσιν,
882 3616 1017 3669 ἀλλά
1059 3616 1237 3686 πάσης
1269 3615 1368 3684 τῆς
1397 3614 1742 3686 ἀνθρωπίνης

156 3712 374 3781 φύσεως
400 3713 649 3781 ποιητής.
684 3709 853 3762 Τοῦτο
888 3710 982 3761 καὶ
1020 3709 1048 3759 ὁ
1089 3706 1407 3770 Ἀπόστολός
1443 3724 1605 3777 φησιν
1628 3724 1641 3736 ο
1670 3702 1743 3759 ’Ἦ

169 3802 477 3857 Ἰουδαίων
497 3803 529 3854 ό
556 3801 698 3866 Θεὸς
711 3802 942 3869 μόνον;
976 3798 1121 3868 Οὐχὶ
1142 3799 1238 3852 καὶ
1259 3798 1449 3853 ἐθνῶν
1461 3814 1480 3861 ;
1510 3798 1621 3854 Ναὶ
1643 3798 1740 3852 καὶ

153 3894 372 3948 ἐθνῶν.
425 3894 698 3960 Ἐπείπερ
724 3888 810 3957 εἷς
831 3895 863 3945 ὀ
890 3891 1032 3957 Θεὸς
1051 3932 1065 3949 ,
1093 3890 1161 3957 ὃς
1189 3888 1487 3943 δικαιώσει
1511 3906 1738 3957 περιτο-

151 3986 281 4056 μὴν
293 3986 361 4039 ἐκ
378 3985 657 4049 πίστεως,
680 3984 777 4037 καὶ
800 3982 1201 4050 ἀκροϐυστίαν
1219 3982 1317 4035 διὰ
1334 3981 1444 4050 τῆς
1463 3981 1738 4047 πίστεως.

232 4077 526 4143 Ἔφαγον,
567 4074 665 4126 καὶ
702 4073 1169 4140 προσεκύνησαν
1201 4070 1421 4137 πάντες
1448 4073 1501 4124 οι
1535 4071 1741 4135 πίονες

156 4164 270 4231 τῆς
299 4162 435 4232 γῆς.
472 4162 583 4231 Τὴν
612 4160 984 4232 πνευματικὴν
1011 4160 1252 4231 δηλονότι
1278 4161 1500 4231 τροφήν.
1542 4159 1741 4224 Πίονας

156 4254 214 4306 δὲ
242 4253 444 4314 αὐτοὺς
481 4251 635 4304 καλεῖ
660 4249 746 4303 διὰ
775 4250 834 4302 τὸ
873 4250 1138 4321 εὐτραφὲς
1179 4248 1286 4302 τῶν
1317 4247 1476 4301 θείων
1522 4247 1737 4316 λογίων.

171 4341 467 4396 Ἐνιὶιπιον
502 4340 687 4393 αὐτοῦ
739 4339 1066 4393 πεσοῦνται
1105 4337 1327 4404 πάντες
1362 4340 1416 4391 οἱ
1460 4338 1739 4391 καταϐαί-

1844 3149 2004 3195 tenus
2031 3150 2113 3195 est
2144 3140 2285 3195 Deus
2318 3156 2412 3195 rex
2458 3149 2542 3196 est
2575 3140 2981 3206 universorum,
3034 3140 3161 3209 quia
3200 3141 3407 3195 scilicet

1843 3233 2109 3287 convertit
2159 3242 2346 3301 gentes
2392 3248 2457 3286 ex
2518 3247 2705 3286 errore
2764 3232 3074 3286 daemonum
3125 3232 3193 3286 ad
3244 3214 3403 3286 iidem

1843 3339 2021 3393 suam,
2059 3334 2113 3379 et
2141 3326 2207 3378 ad
2235 3324 2618 3394 gratitudinem
2648 3332 2701 3377 et
2729 3322 2995 3393 justitiam

1912 3416 2003 3470 29.
2031 3415 2293 3479 Quoniam
2328 3413 2540 3468 Domini
2570 3424 2643 3468 est
2681 3429 2895 3484 regnum
2929 3422 2978 3467 et
3021 3412 3127 3483 ipse
3165 3414 3407 3469 domina-

1844 3511 1983 3563 bitur
2006 3510 2260 3579 gentium.
2291 3507 2434 3563 Deus
2454 3524 2561 3563 non
2588 3507 2900 3563 Judseorum
2933 3508 3103 3564 solum
3128 3518 3210 3563 est
3240 3508 3407 3574 Deus,

1842 3613 1903 3657 ut
1935 3602 2271 3656 arbitrantur
2321 3600 2447 3670 ipsi,
2482 3600 2573 3655 sed
2610 3600 2775 3656 totius
2812 3600 3066 3669 humana:
3096 3599 3277 3669 opifex
3310 3617 3409 3655 na-

1845 3704 1998 3749 turae.
2042 3694 2099 3746 Id
2146 3693 2438 3763 Apostolus
2482 3708 2699 3763 quoque
2740 3693 2813 3746 ait
2836 3695 2922 3747 “z
2974 3694 3056 3747 An
3096 3691 3409 3747 Iudaeorum

1843 3785 1982 3839 Deus
2009 3784 2179 3837 solum
2204 3785 2229 3836 ?
2258 3782 2444 3837 Nonne
2488 3793 2537 3837 et
2585 3786 2866 3853 gentium?
2897 3783 3014 3837 Imo
3059 3794 3108 3839 et
3154 3788 3407 3855 gentium.

1844 3877 2107 3943 Quoniam
2137 3893 2271 3930 unus
2300 3884 2375 3929 est
2403 3876 2543 3929 Deus
2576 3878 2664 3945 qui
2687 3876 3011 3945 justiﬁcabit
3052 3878 3409 3933 circumcisio-

1841 3985 1955 4021 nem
1986 3983 2049 4020 ex.
2076 3967 2197 4034 ﬁde,
2222 3976 2270 4020 et
2306 3966 2621 4035 praeputium
2642 3982 2734 4035 per
2753 3967 2934 4035 ﬁdem.

1910 4058 1999 4112 50.
2038 4057 2489 4111 Manducaverunt
2529 4066 2577 4109 et
2620 4057 2970 4110 adaraverunt
2991 4072 3165 4111 omnes
3195 4058 3408 4127 pingues

1844 4158 2017 4203 teme.
2058 4147 2407 4219 Spiritualem
2440 4148 2689 4202 videlicet
2718 4148 2922 4202 cibum.
2952 4146 3188 4219 Pingues
3232 4157 3408 4203 autem

1843 4251 2025 4308 vocat,
2061 4243 2131 4297 ob
2158 4242 2462 4297 divinorum
2492 4241 2836 4311 eloquiorum
2884 4256 3130 4297 succum.
3178 4240 3245 4294 In
3288 4257 3412 4294 con-

1842 4344 2019 4401 spectu
2049 4336 2162 4404 ejus
2200 4336 2385 4387 cadent
2426 4350 2603 4387 omnes
2650 4336 2739 4404 qui
2767 4335 3081 4389 descendunt
3110 4335 3162 4387 in
3193 4343 3407 4389 terram.

159 4450 374 4499 νον-τες
394 4435 480 4498 εἰς
504 4431 637 4500 γῆν.
671 4432 838 4485 Τοῦτό
866 4449 1019 4502 φησι,
1049 4431 1137 4483 διὰ
1160 4431 1218 4484 τὸ
1244 4430 1445 4484 κλίνειν
1474 4429 1621 4499 αὐτῷ
1647 4430 1736 4498 γό-

1851 4426 1955 4481 Hoc
1991 4427 2068 4480 ait
2095 4427 2224 4496 quia
2251 4426 2433 4480 ﬁdeles
2462 4441 2639 4495 genua
2682 4426 2788 4495 ipsi
2818 4424 3034 4482 ﬂectere
3062 4426 3237 4480 solent
3266 4440 3279 4477 :
3306 4424 3410 4477 hu-

159 4542 220 4575 νυ
252 4523 382 4585 τοὺς
408 4520 779 4583 πιστεύοντας.
812 4517 967 4574 Οὗτοι
994 4520 1051 4573 δὲ
1080 4521 1129 4572 οἱ
1154 4519 1537 4580 πιστεύσαντες
1570 4519 1735 4573 πάλαι

156 4610 321 4684 ἦσαν.
372 4614 437 4665 υἱ
468 4611 920 4677 καταϐαίνοντες
944 4614 1031 4676 εὶς
1057 4610 1172 4678 τὴν
1198 4610 1314 4679 γῆν
1344 4628 1359 4643 ·
1391 4611 1665 4665 τουτέστιν
1688 4616 1735 4665 οἱ

157 4703 423 4766 πεσόντες
449 4703 527 4764 εἰς
552 4700 768 4772 ὄλεθρον
796 4701 888 4754 καὶ
927 4700 1159 4773 φθορὰν,
1199 4700 1286 4755 διὰ
1321 4699 1382 4753 τὸ
1423 4699 1497 4771 μὴ
1541 4700 1735 4753 εἰδέναι

155 4797 359 4857 αὐτοὺς
382 4795 473 4847 τὸν
502 4793 723 4863 Κύριον.

226 4887 342 4942 Καὶ
373 4888 413 4954 ἠ
445 4884 614 4954 ψυχή
639 4901 758 4953 μου
785 4880 945 4947 αὐτῷ
988 4879 1083 4948 ζῇ,
1113 4880 1211 4933 καὶ
1238 4882 1304 4933 τὸ
1342 4881 1579 4950 σπέρμα
1615 4899 1734 4950 μου

154 4981 479 5035 δουλεύσει
501 4975 676 5041 αὐτῷ.
743 4975 896 5042 Ἀγία
922 4973 1031 5044 γὰρ
1059 4973 1152 5025 καὶ
1184 4974 1410 5043 ἄμωμος
1437 4976 1469 5044 ἡ
1500 4973 1735 5045 Χριστοῦ

156 5075 352 5144 γέγονε
388 5070 523 5141 ζωὴ,
549 5070 615 5140 ἦν
641 5067 931 5136 πεποίηται
957 5065 1092 5136 μετὰ
1128 5066 1327 5137 σαρκὸς
1356 5065 1448 5118 ἐπὶ
1473 5069 1593 5136 γῆς,
1619 5066 1732 5119 Μό-

159 5184 248 5230 νος
282 5164 395 5234 γὰρ
423 5161 583 5224 αὐτὸς
633 5160 733 5213 οὐκ
761 5158 1015 5229 ἐποίησεν
1048 5157 1355 5228 ἁμαρτίαν,
1402 5158 1578 5209 καίτοι
1612 5157 1733 5209 καθ’

157 5257 306 5328 ἡμᾶς
327 5251 589 5322 γεγονὼς,
613 5251 707 5305 καὶ
732 5250 907 5321 σάρκα
928 5246 1106 5301 λαϐὼν
1132 5248 1229 5315 τὴν
1256 5246 1568 5317 φιλαμαρτή
1578 5264 1733 5316 μονα.

156 5348 390 5417 Σπέρμα
422 5344 480 5396 δὲ
512 5341 645 5395 Θεοῦ
686 5342 924 5412 νοηθείεν
954 5341 1020 5395 ἂν
1049 5340 1099 5391 οἱ
1127 5340 1194 5392 δι’
1219 5337 1381 5391 αὐτοῦ
1410 5338 1734 5408 κεκλημένοι

155 5438 242 5490 δία
272 5438 372 5506 τῆς
406 5435 658 5495 πίστεως.
705 5431 1199 5501 Ἀναγγελήσεται
1230 5426 1310 5492 τῷ
1341 5428 1532 5495 Κυρίῳ
1564 5429 1739 5497 γενεὰ

156 5531 195 5593 ἡ
259 5526 581 5597 ἐρχομένη.
643 5524 752 5579 Καὶ
813 5522 983 5578 ταῦτα
1035 5521 1165 5592 περῖ¹
1234 5518 1341 5573 τῶν
1398 5518 1564 5573 ἐθνῶν
1636 5536 1735 5589 ση-

165 5621 369 5689 μαίνει.

231 5756 274 5785 ⁸⁸
296 5752 457 5810 Joan.
506 5766 607 5817 xu,
646 5750 735 5805 28.
812 5751 853 5782 “
880 5748 1066 5805 Matth.
1107 5763 1189 5812 Ill,
1223 5748 1326 5815 l7;
1363 5762 1499 5805 xx".
1532 5746 1581 5805 5.

448 5850 727 5911 PAI‘ROL.
770 5847 885 5907 Gn.
922 5846 1186 5906 XXVII.

1838 4520 2077 4589 jusmodi
2110 4528 2289 4573 autem
2317 4519 2449 4571 olim
2491 4518 2676 4571 ﬁdeles
2720 4526 2895 4571 erant.
2943 4518 3049 4581 Qui
3095 4518 3411 4571 descendunt

1841 4612 1897 4664 in
1933 4621 2162 4676 terram;
2197 4610 2451 4664 nimirum
2476 4610 2569 4680 qui
2598 4610 2651 4663 in
2690 4609 2988 4679 perniciem
3040 4619 3209 4665 ruunt
3254 4619 3309 4666 et
3355 4611 3410 4666 in

1842 4704 2270 4773 corruptionem,
2303 4701 2450 4771 quod
2479 4701 2770 4756 Dominum
2808 4716 2914 4755 non
2945 4702 3213 4757 noverint.

1912 4873 2003 4926 '51.
2038 4870 2107 4924 Et
2130 4869 2311 4922 anima
2340 4884 2455 4921 mea
2480 4867 2564 4920 illi
2595 4867 2749 4931 vivet,
2769 4876 2818 4920 et
2836 4883 3005 4920 semen
3030 4882 3202 4920 meum
3227 4868 3411 4921 seruiet

1841 4965 1963 5032 ipsi.
2001 4961 2197 5017 Sancta
2241 4962 2437 5029 quippe
2476 4968 2531 5013 et
2562 4959 2836 5028 inculpata
2879 4958 3085 5014 Christi
3127 4959 3237 5012 vita
3285 4958 3407 5022 fuit,

1841 5072 2006 5125 quam
2042 5070 2168 5110 cum
2196 5055 2383 5108 labore
2421 5061 2475 5107 et
2504 5067 2747 5107 aerumna
2776 5067 2939 5107 carne
2979 5052 3199 5105 indutus
3228 5059 3411 5103 trans-

1839 5150 1949 5219 egit
1980 5148 2033 5201 in
2074 5157 2239 5202 terra.
2270 5145 2387 5215 Ipse
2416 5161 2652 5214 namque
2683 5146 2835 5200 solus
2865 5153 3146 5213 peccatum
3190 5156 3298 5195 non
3337 5140 3411 5195 fe-

1843 5242 1939 5304 cit,
1978 5241 2080 5296 etsi
2126 5239 2193 5293 ad
2225 5238 2636 5293 similitudinem
2677 5246 2921 5291 nostram
2978 5235 3154 5289 factus
3207 5234 3297 5297 sit,
3355 5240 3411 5285 et

1841 5348 2058 5387 carnem
2093 5331 2471 5399 assumpscrit,
2505 5345 2627 5399 quae
2662 5344 2757 5396 per
2803 5345 2860 5383 se
2895 5327 3129 5395 peccatis
3170 5324 3407 5380 obnoxia

1839 5435 1959 5481 est:
1995 5441 2181 5488 semen
2217 5432 2398 5477 autem
2431 5421 2524 5476 Dei
2560 5420 2906 5476 existimandi
2941 5419 3033 5488 qui
3090 5418 3159 5471 ab
3203 5432 3270 5471 eo
3313 5432 3408 5484 per

1840 5520 1999 5573 ﬁdem
2029 5525 2159 5572 sunt
2184 5515 2362 5571 vocati
2388 5532 2402 5567 :
2440 5513 2858 5568 Annuntiabitur
2884 5512 3108 5564 Domino
3143 5510 3408 5580 generatio

1843 5615 2081 5661 ventura.
2115 5603 2178 5658 Et
2210 5604 2325 5658 haec
2349 5618 2567 5674 quoque
2595 5603 2662 5659 de
2694 5602 2943 5673 gentibus
2977 5600 3242 5669 intelligit.

1660 5743 1878 5798 "Rom.
1917 5756 1997 5806 ιιι,
2036 5739 2127 5808 29,
2164 5738 2251 5794 30.

3097 5830 3133 5887 ὓ
