3874 6218
457 335 559 390 159

1316 331 1373 385 S.
1415 328 1785 384 ATIlANASll
1827 329 1977 384 OPP.
2020 327 2201 382 PARS
2240 327 2327 383 lll.
2367 356 2436 366 —
2476 326 2886 383 EXEGETNZA.

3603 327 3707 382 NO

527 449 616 504 52.
655 447 857 502 Pouulo
893 449 982 518 qui
1035 457 1298 510 nascetur,
1345 463 1496 517 quem
1563 446 1685 514 fecit
1742 445 2023 500 Dominus.

2201 445 2335 511 Λαῷ
2363 444 2441 510 τῷ
2467 443 2908 514 τεχθησομένῳ,
2959 442 3029 495 ὃν
3054 442 3341 509 ἐποίησεν
3392 444 3424 495 ὁ
3469 444 3706 510 Κύριος.

456 542 595 598 Huic
622 542 799 598 simile
822 549 906 596 est
931 541 1060 595 illud
1083 559 1096 596 :
1131 539 1253 593 Non
1284 556 1348 594 ea:
1373 539 1738 609 sanguinibus,
1773 555 1933 609 neque
1961 555 2025 592 ex

455 635 720 689 voluntate
747 634 946 697 carnis,
980 632 1068 686 sed
1095 647 1160 685 ea:
1193 631 1298 684 Deo
1321 632 1435 684 nati
1455 641 1576 683 sunt
1594 631 1660 684 ⁸³.

807 725 857 777 1.
891 721 1235 778 PSALMUS
1268 721 1460 776 David.
1492 719 1689 777 XXII.

1017 817 1418 884 Argumentum.

456 907 948 978 Caniturpraesens
976 908 1226 976 psalmus
1271 922 1336 961 ex
1366 921 1599 976 persona
1649 905 1886 975 gentium
1929 919 2026 958 ex-

529 1001 849 1056 sultantium
879 999 1024 1068 quod
1077 998 1343 1052 Dominus
1387 1000 1504 1068 ipse
1538 999 1606 1054 ad
1662 1013 1864 1069 pascua
1908 997 2029 1051 illas

527 1088 866 1160 perduceret.
887 1087 951 1142 Et
966 1102 1098 1142 sane
1115 1087 1402 1159 mysticum
1422 1097 1680 1141 enarrant
1695 1087 2027 1150 convivium,

527 1180 673 1250 quod
704 1180 808 1234 illis
837 1188 1026 1250 pastor
1057 1178 1320 1234 Dominus
1351 1179 1623 1248 apposuit.

2131 539 2353 608 Ὅμοιον
2388 538 2478 602 τὸ,
2507 541 2628 592 Οὐκ
2664 537 2732 601 ἐξ
2763 535 3021 605 αἱμάτων
3045 575 3060 599 ,
3094 535 3238 588 οὐδὲ
3278 535 3345 588 ἐκ
3377 534 3711 602 θελήματος

2126 628 2373 697 σαρκὸς,
2399 629 2560 682 ἀλλὰ
2589 629 2657 680 ἐκ
2697 627 2843 680 Θεοῦ
2870 626 3306 695 ἐγγενήθησαν.

2500 723 2807 775 ΨΑΛΜΟΣ
2851 717 2930 784 τῷ
2963 717 3161 773 Δαυτδ.
3203 721 3333 771 KB'.

2750 810 2761 827 '
2777 811 2820 862 Υ
2820 811 3086 874 πόθεσιςζ

2128 902 2344 974 ’ᾼδεται
2366 903 2394 954 ὁ
2415 899 2772 971 προκείμενος
2787 899 2996 970 ψαλμὸς
3021 901 3085 953 ἐκ
3100 898 3390 971 προσώπου
3409 899 3517 953 τῶν
3539 899 3711 953 ἐθνῶν

2197 993 2574 1064 ἀγαλλομὲνων
2608 993 2700 1045 ἐπὶ
2735 992 2796 1044 τὸ
2836 993 3100 1063 ποιμᾶναι
3139 993 3335 1056 αὐτοὺς
3362 991 3453 1044 τὸν
3482 991 3710 1063 Κύριον.

2196 1088 2308 1140 Καὶ
2338 1085 2443 1158 μὴν
2468 1085 2560 1138 καὶ
2587 1083 2852 1156 μυστικὴν
2875 1083 3194 1155 ἐξηγοῦνται
3215 1083 3468 1153 εὐωχίαν,
3485 1086 3552 1155 ἦν
3572 1099 3715 1156 παρ-

2201 1179 2394 1250 έθηκεν
2425 1180 2606 1242 αύτοῖς
2638 1180 2798 1243 αὐτὸς
2828 1179 2856 1230 ὁ
2886 1178 3187 1248 ποιμαίνων
3220 1176 3436 1239 αὐτούς.

523 1274 720 1328 Daniel
752 1273 1048 1328 Barbarus.
1075 1271 1329 1328 Psalmus
1356 1282 1438 1327 est
1461 1273 1804 1327 redeuntium
1836 1287 1865 1326 a
1900 1271 2194 1343 Babylonia
2231 1273 2510 1336 servitute,
2539 1273 2802 1342 quoniam
2842 1279 3132 1341 postquam
3168 1267 3343 1340 Cyrus
3371 1284 3461 1323 rex
3494 1282 3591 1322 eos
3626 1267 3716 1321 di-

451 1370 621 1436 misit,
649 1385 774 1425 cum
813 1384 1006 1439 magna
1039 1369 1223 1423 laetitia
1257 1377 1311 1423 et
1342 1369 1496 1438 copia
1535 1383 1714 1423 rerum
1745 1367 1814 1422 ad
1844 1383 1974 1424 suos
2019 1369 2225 1423 reversi
2265 1378 2413 1424 sunt.
2460 1368 2568 1423 Sed
2609 1377 2664 1422 ct
2698 1368 2800 1422 hoc
2836 1366 3030 1420 beatus
3073 1363 3243 1418 David
3273 1372 3396 1417 ante
3443 1361 3597 1418 dicit.
3636 1359 3716 1414 Ex

450 1478 681 1534 persona
711 1463 874 1534 igitur
906 1463 1150 1532 ipsorum
1173 1463 1228 1517 in
1261 1463 1490 1533 patriam
1527 1462 1915 1518 revertentium
1947 1464 2043 1518 ait.

519 1553 780 1609 Dominus
802 1553 982 1625 pascit
1013 1571 1118 1620 me,
1155 1563 1206 1609 et
1250 1555 1382 1608 nihil
1436 1556 1562 1610 mihi
1597 1557 1786 1611 deerit.
1816 1555 2020 1629 Magni-

450 1647 551 1701 ﬁce
579 1646 635 1701 in
658 1646 890 1701 Domino
917 1647 1161 1701 sentiunt
1195 1648 1290 1717 qui
1321 1648 1390 1702 ab
1421 1648 1516 1702 illo
1554 1659 1876 1718 pascuntur.

519 1738 574 1792 2.
613 1737 680 1792 1η
703 1739 815 1792 loco
843 1756 1053 1810 pascua:
1081 1740 1154 1793 ibi
1193 1756 1273 1793 me
1304 1739 1599 1793 collocavit.
1637 1742 1694 1794 In
1729 1741 1911 1796 herbae
1944 1740 2022 1796 lu-
2051 1778 2094 1833 Β

2196 1557 2409 1623 Κιτιριος
2442 1553 2738 1622 ποιμαίνει
2772 1568 2867 1621 με.
2933 1551 3094 1619 Μέγα
3127 1549 3219 1603 ἐπὶ
3245 1549 3324 1620 τῷ
3357 1547 3546 1619 Κυρίῳ
3581 1566 3718 1620 φρο-

2123 1648 2304 1702 νοῦσιν
2335 1649 2383 1700 οἰ
2414 1648 2541 1718 παρ’
2577 1645 2740 1698 αὑτοῦ
2773 1644 3206 1715 ποιμαινόμενοι.

2194 1745 2298 1806 Εἰς
2324 1741 2510 1793 τόπον
2539 1740 2729 1808 χλόης
2760 1736 2890 1790 ἐκεῖ
2931 1753 3008 1805 με
3059 1732 3544 1800 κατεσκήνωσεν.
3623 1733 3718 1786 Ἐν

448 1832 721 1888 xuriantis
767 1833 888 1888 loco
933 1848 1020 1888 me
1055 1833 1364 1899 collocavit,
1405 1833 1746 1904 spiritualem
1795 1828 2052 1888 herbam‘

2149 1831 2417 1904 ῦραιὸτητι
2459 1830 2596 1892 πόας
2643 1826 3027 1898 κατεσκήνωσε
3056 1844 3155 1896 με,
3207 1826 3307 1896 τὴν
3351 1824 3549 1896 νοητὴν
3571 1823 3717 1878 πὸαν

448 1925 600 1979 dicit.
648 1923 816 1994 Super
854 1942 1046 1996 aquam
1091 1926 1391 1996 refectionis
1442 1926 1686 1980 educavit
1734 1943 1835 1980 me.
1866 1926 2020 1996 Aqua

449 2016 764 2072 refectionis
824 2033 1042 2074 sacrum
1113 2018 1248 2074 forte
1303 2019 1575 2090 baptisma
1652 2018 2019 2089 intelligatur,

451 2112 650 2180 quippe
676 2109 824 2181 quod
848 2119 1194 2180 peccatorum
1221 2111 1418 2165 molem
1447 2110 1742 2177 abstergat.

525 2201 693 2273 [l»l:ec,
729 2201 924 2271 inquit,
963 2201 1141 2269 praabe
1183 2201 1336 2266 mihi,
1388 2201 1540 2270 prius
1589 2201 1788 2254 anima:
1835 2213 2022 2254 curam

452 2310 686 2365 gerens:
739 2303 902 2362 atque
940 2308 1008 2347 ex
1057 2291 1217 2346 devio
1264 2307 1351 2346 me
1390 2302 1714 2359 convertas,
1767 2299 1828 2346 ut
1872 2300 2023 2346 recta

452 2387 666 2458 gradiar
694 2383 827 2456 via.]
1191 2382 1196 2386 ’

521 2480 572 2534 5.
598 2479 846 2532 Animam
885 2493 1052 2531 meam
1080 2476 1351 2530 convertit.
1379 2474 1456 2529 Ex
1488 2477 1798 2547 captivitate
1824 2475 2025 2531 diaboli

451 2568 690 2624 animam
733 2581 910 2621 meam
949 2565 1017 2621 ad
1051 2581 1108 2620 se
1137 2573 1485 2631 convertens,
1516 2567 1583 2618 ad
1624 2581 1724 2620 sua
1755 2575 2025 2636 praecepta

451 2661 676 2717 deduxit
711 2659 857 2713 illam
889 2674 957 2714 ex
991 2667 1168 2712 morte
1199 2658 1266 2712 ad
1306 2657 1495 2710 vitam.
1525 2655 1619 2728 [Ut
1643 2658 1736 2728 qui
1767 2657 1897 2712 olim
1933 2672 2030 2712 ne-

451 2752 625 2821 glecta
656 2750 838 2804 anima
865 2763 964 2804 sua
1000 2746 1283 2812 defecerit,
1315 2762 1379 2801 ac
1408 2762 1504 2816 per
1535 2757 1896 2802 memoratum
1933 2748 2029 2802 de—

452 2841 580 2895 inde
628 2840 810 2896 cibum
862 2847 1141 2894 recreatus
1190 2838 1284 2906 sit,
1312 2852 1543 2894 aversus
1591 2846 1646 2892 et
1688 2839 1956 2895 abductus
1996 2855 2027 2894 a

451 2939 659 2998 morte,
690 2933 767 2984 ait
787 2947 803 2984 :
827 2927 1076 2982 Animam
1118 2943 1287 2981 meam
1319 2927 1569 2981 conuertit
1601 2929 1655 2980 in
1688 2929 1826 2981 viam
1862 2929 2028 2998 justi-

455 3025 564 3090 tiaz,
591 3022 645 3076 in
691 3021 1000 3093 evangelica
1040 3020 1249 3076 scilicet
1291 3020 1563 3092 dogmata.
1593 3019 1653 3076 Si
1695 3022 2028 3076 ambulavero

2123 1923 2306 1994 φησίν.
2388 1921 2520 1975 Ἐπί
2564 1919 2778 1986 ὕδατος
2829 1921 3227 1984 ἀναπαύσεως
3273 1917 3564 1986 ἐξέθρεψέ
3610 1933 3713 1986 με.

2125 2016 2308 2086 ’Υδωρ
2346 2013 2708 2076 ἀναπαύσεως
2736 2011 2948 2083 νοηθείη
2980 2010 3044 2064 ἂν
3090 2013 3151 2064 τὸ
3175 2010 3271 2064 τοῦ
3303 2011 3461 2079 ἁγίου
3512 2012 3716 2080 βαπτί-

2125 2125 2330 2179 σματος
2349 2149 2362 2174 ,
2396 2108 2491 2161 ἆτε
2517 2105 2580 2176 δὴ
2613 2104 2673 2157 τὸ
2701 2104 2917 2175 φορτίον
2956 2102 3232 2172 ὲξαλεῖιρον
3262 2103 3371 2157 τῶν
3402 2104 3712 2174 ἁμαρτιῶν.

2198 2197 2405 2270 [Ταῦτα
2431 2196 2671 2268 παρέσχε
2693 2212 2802 2266 μοι,
2822 2194 2977 2264 φησὶ,
2998 2193 3257 2264 πρότερον
3279 2194 3377 2266 τῆς
3395 2194 3574 2265 ψυχῆς
3599 2195 3720 2247 ὲπι-

2128 2288 2404 2360 μεληθεὶς,
2441 2289 2534 2342 καὶ
2554 2289 2618 2340 ὲκ
2643 2288 2742 2357 τῆς
2773 2285 2984 2350 ἀνοδίας
3007 2285 3338 2358 ἐπιστρέψας
3367 2285 3504 2356 πρὸς
3532 2286 3592 2338 τὸ
3613 2288 3717 2357 τὴν

2125 2382 2340 2436 εὐθεῖαν
2370 2383 2485 2437 ὁδὸν
2516 2379 2778 2453 ὁδεύειν.]

2203 2475 2322 2546 Τὴν
2351 2475 2563 2545 ψυχήν
2583 2494 2699 2544 μου
2741 2475 3132 2545 ἐπέστρεψεν.
3182 2476 3276 2528 Ἐκ
3305 2477 3403 2546 τῆς
3433 2474 3718 2546 αἰχμαλω-

2129 2569 2248 2632 σίας
2273 2568 2368 2622 τοῦ
2394 2568 2640 2622 διαϐόλου
2668 2567 3002 2641 ἐπιστρέψας
3033 2568 3170 2640 πρὸς
3196 2567 3386 2620 ἑαυτὸν
3406 2569 3505 2636 τὴν
3531 2567 3717 2638 ψυχήν

2132 2679 2253 2733 μου,
2277 2662 2555 2734 ὡδήγησεν
2583 2663 2676 2714 ἐπὶ
2707 2661 2803 2724 τὰς
2831 2661 3053 2725 ἐντολὰς
3083 2660 3248 2716 αὐτοῦ
3280 2663 3344 2714 ὲκ
3368 2661 3601 2715 θανάτου
3631 2662 3716 2722 είς

2129 2756 2292 2828 ζωήν.
2328 2755 2450 2826 [Ὡς
2484 2754 2868 2826 παρεκλείπων
2895 2754 3062 2808 πάλαι
3087 2754 3184 2825 τὴν
3225 2754 3362 2808 ἰδίαν
3395 2754 3595 2824 ψυχὴν,
3621 2753 3715 2806 διὰ

2127 2848 2228 2916 τῆς
2280 2846 2574 2917 εἰρημένης
2608 2845 2815 2916 τροφῆς
2852 2845 3134 2897 ἀναλαϐὼν
3172 2845 3394 2911 ἑαυτὸν,
3440 2845 3536 2897 καὶ
3580 2844 3713 2896 ὲπι-

2131 2940 2377 3011 στρέφων
2429 2940 2492 2992 ὲκ
2535 2938 2796 3003 θανάτου,
2834 2938 3000 3008 φησί’
3043 2936 3160 3005 Τὴν
3212 2937 3425 3006 ψυχήν
3455 2953 3575 3005 μου
3608 2937 3718 2988 ἐπ-

2129 3032 2386 3101 έστρεψε
2413 3030 2512 3084 ἐπὶ
2552 3031 2788 3098 τρίϐους
2823 3029 3215 3096 δικαιοσύνης
3235 3045 3247 3060 ’
3279 3029 3348 3082 τὰ
3380 3027 3718 3096 εὐαγγελικά

452 3116 512 3168 in
551 3111 720 3167 media
758 3112 958 3169 umbrae
1006 3115 1212 3180 mortis,
1257 3114 1414 3185 quasi
1463 3113 1681 3170 Patrem
1724 3116 2024 3186 alloquens.

2149 3137 2263 3190 ρησι
2291 3121 2552 3190 δόγματα.
2583 3119 2717 3173 Ἐὰν
2741 3119 3009 3188 πορευθῶ
3033 3119 3102 3172 ἐν
3119 3119 3290 3189 μέσῳ
3315 3119 3494 3186 σκιᾶς
3525 3119 3716 3174 θανά-

453 3203 641 3277 Ipsum
691 3214 871 3260 autem
901 3204 1188 3260 Christum
1221 3215 1382 3261 vocat
1411 3206 1622 3277 virgam
1653 3205 1892 3271 virtutis,
1919 3209 2030 3262 vir-

455 3314 578 3368 gam
610 3298 920 3368 gloriosam,
954 3309 1009 3352 et
1038 3299 1242 3369 virgam
1270 3300 1677 3370 magnitudinis.
1699 3299 1852 3356 Sicut
1880 3303 2030 3372 virga

453 3390 701 3460 corripit,
738 3390 812 3443 ita
853 3398 907 3443 et
945 3391 1026 3445 vis
1060 3389 1403 3460 facultasque
1467 3390 1660 3460 agendi
1717 3391 1875 3446 docet
1919 3406 2030 3463 quo

453 3489 614 3551 pacto
643 3480 921 3535 moderate
944 3481 1085 3535 mala
1114 3479 1406 3554 feramus]
1430 3481 1753 3553 Evangelica
1784 3499 1912 3538 vero
1938 3485 2032 3538 do-

455 3580 636 3642 gmata
672 3572 899 3626 indicat.

532 3659 587 3713 4.
624 3659 787 3730 Virga
830 3671 923 3714 tua
964 3671 1014 3715 et
1059 3661 1278 3716 baculus
1328 3672 1447 3717 tuus
1499 3665 1613 3734 ipsa
1644 3681 1724 3718 me
1759 3664 2032 3719 consolata

457 3761 602 3805 sunt.
638 3751 818 3820 Ipsum
867 3750 943 3805 ait
969 3751 1271 3808 Christum.
1305 3751 1372 3807 Et
1402 3755 1573 3810 illud:
1617 3753 1830 3826 Virgam
1861 3757 2028 3809 virtu-

459 3843 526 3895 tis
555 3844 755 3895 emittet
779 3842 873 3896 tibi
899 3843 1154 3896 Dominus
1176 3859 1240 3896 ea:
1263 3842 1394 3898 Sion
1411 3845 1474 3898 “.
1499 3846 1744 3916 Et,virga
1774 3845 2027 3916 gloriosa,

455 3934 602 4003 uirga
637 3934 876 3987 maxima
901 3933 967 3987 ⁸³⁵.
1002 3932 1161 4005 Virga
1205 3944 1289 3990 est
1313 3937 1594 3990 erudiendi
1636 3946 1910 4006 potestas;
1935 3939 2031 3993 ba-

455 4024 634 4089 culus,
661 4025 1029 4094 patrocinium
1054 4026 1107 4079 in
1148 4027 1482 4082 consolando
1509 4028 1695 4082 situm.

537 4117 591 4172 5.
629 4115 988 4187 Impinguasti
1030 4119 1084 4170 in
1131 4117 1244 4170 oleo
1309 4127 1465 4186 caput
1510 4135 1699 4172 meum.
1731 4118 1798 4174 Et
1827 4122 1932 4175 hoc
1957 4121 2032 4176 si-

456 4207 676 4278 gniﬁcat
709 4207 1000 4276 mysticum
1029 4207 1293 4262 chrisma.
1329 4206 1401 4261 Et
1431 4208 1574 4262 calix
1611 4219 1729 4263 tuus
1761 4211 2029 4266 inebrians

454 4314 556 4352 me.
581 4295 824 4351 Rursum
851 4297 919 4352 de
947 4297 1173 4367 mystica
1198 4299 1308 4368 agit
1333 4298 1537 4351 laetitia.
1565 4298 1633 4352 Et
1666 4301 2030 4356 misericordia

457 4397 550 4438 tua
589 4384 932 4456 subsequatur
965 4402 1044 4439 me
1068 4386 1310 4441 omnibus
1353 4388 1558 4441 diebus.
1586 4386 1721 4443 Nam
1763 4393 1855 4461 qui
1887 4408 2023 4462 prte-

453 4478 600 4532 dicta
651 4477 838 4532 omnia
875 4478 1018 4532 nacti
1045 4487 1195 4542 sunt,
1229 4478 1284 4532 in
1329 4480 1709 4536 misericordia
1742 4482 1832 4536 Dei
1863 4485 2027 4553 positi
2062 4468 2104 4522 Ῐ)

454 4581 671 4635 semper
690 4576 869 4633 erunt,
906 4566 1237 4637 insuperque
1269 4569 1591 4625 habitabunt
1615 4572 1670 4625 in
1702 4571 1866 4628 domo
1887 4575 2024 4646 ejus.

525 4652 769 4725 [Parasti
810 4655 864 4707 in
892 4665 1169 4724 conspectu
1202 4673 1314 4711 meo
1348 4655 1600 4712 mensam'.
1644 4659 1884 4717 Mensam
1913 4680 2030 4734 my-

457 4746 648 4800 sticam
692 4744 912 4813 indicat,
949 4748 1129 4801 oleum
1180 4764 1312 4804 vero
1356 4749 1594 4806 chrisma
1628 4753 1937 4822 mysticum,
1975 4765 2030 4810 et

456 4840 681 4894 calicem
711 4839 912 4895 ibidem
935 4841 1250 4914 memorat.]

529 5122 576 5176 Ι.
607 5120 674 5175 In
697 5122 855 5192 ﬁnem
885 5120 1130 5177 PSALM
1140 5121 1226 5177 US
1248 5122 1421 5178 Dauid
1455 5141 1562 5179 una
1586 5123 1954 5180 Sabbatorum.

1131 5213 1362 5269 XXIII.

1047 5305 1450 5376 Argumentum.

450 5393 650 5450 Daniel
676 5393 971 5448 Barbarus.
1010 5394 1312 5450 Ascensum
1338 5393 1554 5450 Domini
1592 5412 1830 5466 prasens
1876 5400 2024 5468 psal-

523 5500 643 5539 mus
661 5485 819 5540 nohis
841 5488 1185 5554 praznuntiat,
1207 5502 1418 5540 necnon
1442 5489 1679 5556 gentium
1700 5489 2023 5556 doctrinam,

519 5588 572 5634 et
595 5580 1052 5646 qucmsdmodum
1081 5579 1288 5635 caelesti
1315 5579 1592 5636 domicilio
1617 5583 1849 5652 dignatas
1873 5594 2020 5637 sunt.

520 5755 746 5812 “Joan.
777 5773 813 5823 l,
853 5759 934 5815 1⁵5.
1017 5760 1059 5790 ⁸³
1099 5759 1243 5817 Psal.
1279 5778 1388 5830 cu,
1427 5764 1472 5819 5.

1559 5766 1602 5798 ⁸⁵
1632 5765 1740 5822 Jer.
1780 5784 1971 5829 xn'm,
2013 5773 2093 5826 Π.

2133 3229 2262 3278 του,
2306 3213 2382 3276 ὼς
2431 3213 2569 3284 πρὸς
2613 3213 2701 3266 τὸν
2735 3211 2973 3284 Πατέρα.
3017 3211 3189 3265 Αὐτὸν
3229 3211 3286 3264 δὲ
3329 3211 3421 3264 τὸν
3470 3212 3716 3282 Χριστόν

2134 3321 2265 3373 φησι
2317 3304 2510 3375 ῥάϐδον
2554 3304 2872 3375 δυνάμεως,
2924 3303 3020 3357 καὶ
3069 3302 3263 3374 ῥάϐδον
3313 3303 3512 3372 εὐκλεῆ
3539 3344 3553 3366 ,
3619 3305 3718 3356 καὶ

2135 3393 2328 3464 ῥάϐδον
2365 3393 2748 3464 μεγαλότητος.
2775 3393 2984 3464 Ὥσπερ
3020 3391 3216 3462 ῥάϐδος
3270 3391 3535 3456 παιδεύει,
3563 3391 3713 3444 οὕτω

2134 3484 2227 3536 καὶ
2253 3483 2532 3555 πρακτικὴ
2563 3483 2948 3556 μετριοπαθεῖν
2975 3483 3332 3553 ὲκδιδάσκει.]
3366 3483 3446 3536 Τὰ
3473 3485 3716 3552 εὐαγγε-

2131 3573 2259 3626 λικά
2291 3590 2423 3643 φησι
2451 3574 2714 3644 δόγματα.

2213 3665 2273 3720 Ἡ
2303 3663 2528 3731 ῥάϐδος
2558 3681 2674 3719 σου
2708 3666 2806 3720 καὶ
2850 3667 2889 3734 ἡ
2920 3667 3223 3734 ,ϐακτήρια
3264 3682 3402 3732 σου,
3445 3665 3596 3720 αὐτά
3638 3683 3720 3736 με

2131 3755 2578 3826 παρεκάλεσαν.
2623 3759 2793 3813 Αὐτὸν
2829 3759 2921 3812 τὸν
2963 3760 3197 3831 Χριστόν
3233 3776 3418 3829 φησιν.
3470 3759 3579 3810 Καὶ
3623 3761 3716 3811 τό·

2142 3847 2386 3902 Ῥάϐδον
2431 3846 2740 3917 δυνάμεως
2783 3847 3184 3914 ὲξαποστελεῖ
3235 3865 3336 3904 σοι
3385 3850 3600 3917 Κύριος
3646 3849 3719 3902 ἐκ

2131 3939 2301 3994 Σιών.
2324 3942 2434 3993 Καὶ
2453 3938 2676 4008 ῥάϐδος
2703 3941 2984 4010 εὐκλεὴς,
3002 3942 3096 3995 καὶ
3119 3940 3341 4009 ῥάϐδος
3370 3941 3718 4011 μεγυαλώταο

2131 4049 2254 4098 τος.
2298 4031 2577 4103 Ῥάϐδοςή
2623 4031 2945 4102 παιδευτικὴ
2986 4031 3215 4101 δύναμις
3237 4048 3249 4061 ·
3284 4031 3558 4103 βακτηρία
3588 4032 3646 4086 δὲ
3679 4037 3714 4104 ἡ

2130 4121 2219 4174 διὰ
2245 4122 2342 4193 τῆς
2374 4123 2767 4194 παρακλήσεως
2797 4123 3100 4194 ἀντίληψις.
3148 4138 3156 4145 ·

2215 4215 2534 4282 Ἐλίπανας
2583 4217 2652 4270 ὲν
2697 4218 2879 4281 ἐλαίῳ
2924 4217 3040 4287 τὴν
3091 4217 3367 4287 κεφαλήν
3405 4236 3546 4286 μου.
3599 4219 3718 4270 Καὶ

2131 4305 2289 4359 τοῦτο
2319 4307 2380 4360 τὸ
2407 4308 2612 4379 χρίσμα
2641 4308 2700 4361 τὸ
2730 4309 3009 4379 μυστικόν.
3042 4309 3153 4363 Καὶ
3181 4308 3248 4362 τὸ
3279 4307 3568 4375 ποτήριόν
3592 4325 3715 4361 σου

2117 4399 2435 4468 ,μεθύσκον
2461 4417 2558 4467 με.
2597 4401 2765 4453 Πάλιν
2790 4400 2889 4470 τὴν
2926 4401 3194 4473 μυστικὴν
3225 4399 3564 4471 εὐφροσύνην
3608 4417 3715 4470 φη-

2120 4475 2237 4544 σίν.
2279 4491 2389 4545 Καὶ
2423 4491 2489 4544 τὸ
2532 4492 2702 4555 ἔλεός
2738 4507 2855 4546 σου
2897 4492 3242 4558 καταδιώξει
3265 4511 3340 4562 με
3369 4493 3572 4558 πάσας
3602 4493 3716 4559 τὰς

2135 4581 2378 4651 ἡμέρας.
2422 4585 2483 4635 Οί
2525 4583 2632 4654 γὰρ
2663 4583 2773 4637 τῶν
2807 4585 3210 4657 προλεχθέντων
3251 4585 3507 4638 ἁπάντων
3540 4603 3712 4655 μετα-

2135 4673 2389 4737 λαϐόντες
2423 4675 2634 4729 ἔσονται
2674 4676 2963 4742 διαπαντὸς
2997 4680 3054 4731 ὲν
3092 4677 3169 4748 τῷ
3207 4678 3345 4731 ἐλέει
3387 4678 3482 4730 τοῦ
3535 4679 3674 4732 Θεοῦ
3697 4697 3711 4710 ο

2137 4765 2231 4818 καὶ
2270 4768 2374 4838 μὴν
2405 4770 2496 4821 καὶ
2529 4773 2943 4842 κατοικήσουσιν
2971 4775 3028 4826 ἐν
3057 4771 3134 4843 τῷ
3167 4773 3298 4840 οἴκῳ
3328 4771 3511 4826 αὐτοῦ.

2205 4861 2588 4934 [Ἠτοίμασας
2620 4865 2879 4922 ἐνώπιόν
2905 4887 3025 4938 μου
3067 4868 3375 4939 τράπεζαν.
3416 4869 3715 4941 Τρὰπεζαν

2134 4953 2232 5024 τὴν
2268 4957 2534 5028 μυστικὴν
2560 4957 2740 5026 λέγει,
2770 4960 2863 5013 καὶ
2891 4962 2951 5015 τὸ
2977 4960 3154 5015 ἔλαιον
3183 4962 3244 5015 τὸ
3279 4963 3487 5033 χρίσμα
3518 4979 3714 5033 μυστι-

2136 5045 2250 5112 κὸν,
2279 5048 2456 5101 καὶτὸ
2489 5051 2750 5120 ποτήριον
2782 5052 2975 5125 λέγει.]

2136 5139 2240 5202 Εὶς
2271 5137 2444 5203 τέλος
2478 5141 2786 5196 ΨΑΛΜΟΣ
2810 5142 2891 5209 τῷ
2911 5144 3092 5198 Δαυῒδ
3118 5144 3193 5214 τῇ
3215 5145 3324 5214 μιᾷ
3353 5144 3469 5200 τῶν
3491 5148 3714 5202 Σαϐϐά-

2761 5251 2897 5291 των.
2931 5239 3063 5292 K1".

2742 5325 2800 5378 Ὺ
2797 5329 3060 5397 πόθεσις.

2273 5411 2536 5484 ἀνάληψιν
2582 5417 2674 5470 τοῦ
2710 5421 2915 5490 Κυρίου
2954 5425 2983 5476 ὁ
3032 5425 3223 5496 παρὼν
3257 5429 3388 5498 ἡμῖν
3448 5429 3710 5501 κηρύττει

2206 5500 2418 5573 ψαλμὸς
2457 5507 2551 5560 καὶ
2586 5507 2694 5563 τῶν
2733 5510 2903 5564 ἐθνῶν
2949 5514 3293 5572 διδασκαλίαν
3315 5536 3326 5548 ·
3369 5519 3482 5585 πῶς
3508 5500 3584 5574 γᾶν
3615 5525 3710 5576 καὶ

2203 5597 2354 5650 αὐτοὶ
2381 5598 2520 5664 ἄξιοι
2551 5600 2809 5669 γένωνται
2838 5604 2945 5661 τῶν
2979 5607 3317 5679 ἐπουρανίων
3347 5610 3582 5682 σκηνῶν.
