3874 6218
158 436 251 490 ul
1249 385 1621 486 EXPOSlTiO
1657 428 1724 483 IN
1762 427 2091 484 PSALMUM
2131 428 2315 482 XXIII.
3284 430 3397 484 ιη

230 553 475 608 Psalmus
503 560 686 605 autem
716 550 805 605 hic
832 548 1219 604 consecutione
1252 548 1486 617 quadam
1519 547 1780 601 vicesimo
1810 546 2049 599 secundo
2081 546 2316 614 praeponi
2351 543 2580 597 debebat
2608 561 2619 595 :
2658 550 2741 597 εει
2768 543 2910 595 enim
2942 544 3011 598 ad
3043 559 3231 600 eorum
3259 562 3396 602 cou-
3452 568 3457 573 ·

158 647 477 701 solationem
514 643 711 707 factus,
749 645 841 713 qui
878 642 932 696 in
967 642 1283 697 servitutem
1320 641 1672 712 Babyloniam
1717 641 2161 705 adducebantur;
2195 640 2282 692 ille
2325 648 2503 692 autem
2539 638 2605 691 ad
2634 650 2730 690 eos
2758 637 2936 693 dictus
2970 648 3053 694 est
3090 643 3182 709 qui
3223 642 3292 697 ab
3330 659 3395 698 ea

157 742 571 797 reducebantur.
614 738 816 793 Verum
846 736 1341 807 (quemadmodum
1380 736 1536 790 initio
1561 736 1835 801 diximus)
1868 749 1978 788 non
2029 734 2321 789 ordinatim
2370 733 2531 801 positi
2563 732 2757 802 psalmi
2790 742 2937 804 sunt,
2974 736 3066 792 sed
3098 748 3157 792 ut
3192 739 3394 795 inventi

160 845 303 889 sunt.
331 833 469 887 Cum
502 834 706 887 videret
739 846 867 901 ergo
900 833 1090 886 beatus
1116 830 1284 885 David
1311 832 1545 899 graviter
1578 830 1804 885 alilictos
1834 845 1928 885 eos
1951 830 2046 899 qui
2076 830 2272 899 captivi
2301 829 2657 892 ducebantur,
2679 838 2961 899 propterea
2985 833 3130 902 quod
3159 836 3393 904 patrium

160 927 333 980 solum
362 935 413 978 et
444 923 721 994 praprium
754 923 1011 993 templum
1042 922 1444 991 relinquebant,
1477 923 1688 991 longius
1717 931 1966 991 repetens
2002 922 2148 990 ipsos
2179 921 2493 976 consolatur
2533 920 2719 977 dicens
2746 940 2758 976 :
2793 920 2870 977 Ne
2902 938 3050 993 aegre
3086 922 3270 980 feratis
3294 926 3397 981 Ba-

159 1022 353 1091 bylona
384 1040 396 1074 :
425 1037 551 1074 riam
577 1022 621 1075 si
652 1022 878 1075 honeste
909 1028 959 1073 et
982 1034 1105 1073 cum
1132 1019 1331 1072 virtute
1360 1018 1705 1083 vixeritis,et
1729 1018 1972 1073 studiose
1998 1018 2170 1072 bonos
2192 1032 2371 1071 mores
2392 1016 2514 1071 vitae
2537 1016 2914 1087 quaesiveritis,
2936 1018 3009 1073 ibi
3034 1020 3195 1076 etiam
3224 1020 3393 1077 Deum

160 1106 467 1179 invenietis,
508 1113 948 1182 quandoquidem
984 1111 1167 1165 omnia
1193 1127 1290 1166 sua
1323 1120 1469 1176 sunt,
1501 1121 1555 1166 et
1584 1112 1635 1165 in
1671 1128 1834 1167 manu
1861 1111 1980 1181 ejus
2012 1119 2140 1165 sunt
2164 1125 2355 1166 omnes
2390 1109 2525 1164 lines
2552 1120 2727 1163 terrae.

232 1206 343 1260 Τοῦ
384 1208 603 1275 Κυρίου
642 1209 681 1274 ἡ
726 1206 799 1275 γῆ
838 1207 933 1259 καὶ
965 1204 1029 1257 τὸ
1060 1204 1347 1273 πλήρωμα
1386 1205 1593 1275 αὐτῆς.
1623 1206 1726 1277 Τὴν

1904 1204 2116 1258 Domini
2145 1214 2221 1257 est
2255 1212 2395 1257 terra
2414 1212 2462 1257 et
2490 1204 2757 1272 plenitudo
2790 1206 2923 1273 ejus.
2954 1205 3109 1262 Hisce
3138 1206 3395 1278 praedicat

158 1295 437 1365 βασιλείαν
470 1297 536 1367 ἢν
586 1297 899 1349 ἐϐασίλευσε
943 1295 1052 1349 τῶν
1102 1294 1270 1348 ὲθνῶν
1318 1296 1660 1366 ἐπιδημήσας
1698 1300 1731 1349 ὁ

163 1388 457 1459 μονογενὴς
499 1389 590 1441 τοῦ
620 1388 756 1441 Θεοῦ
787 1388 959 1456 Λόγος
982 1428 996 1452 ,
1041 1387 1128 1439 διὰ
1170 1385 1277 1438 τῶν
1306 1388 1586 1457 παρόντων
1629 1405 1728 1457 κη-

162 1480 359 1546 ρύττει.

227 1573 422 1638 Αὐτὸς
454 1572 552 1625 ἐπὶ
592 1572 917 1627 θαλασσῶν
949 1575 1343 1644 ὲθεμελίωσεν
1380 1573 1589 1640 αὐτήν.
1611 1574 1730 1626 Ἵνα

162 1665 233 1734 μή
265 1681 349 1726 τις
382 1664 489 1716 τῶν
520 1664 731 1735 ἐχθρῶν
756 1664 880 1736 δόξῃ
918 1662 1056 1718 εἶναι
1092 1666 1190 1736 μὲν
1221 1666 1316 1737 τὴν
1351 1668 1453 1737 γῆν
1494 1665 1587 1719 τοῦ
1623 1666 1728 1718 Σα-

158 1754 314 1819 τανᾶ,
340 1754 456 1806 νυνὶ
493 1754 549 1806 δὲ
580 1756 747 1825 αὐτῆς
789 1756 1105 1825 βασιλεῦσαι
1134 1758 1225 1810 τὸν
1255 1758 1508 1829 Χριστὸν,
1540 1756 1728 1810 τούτου

158 1844 317 1914 χάριν
351 1845 441 1896 τὸν
468 1846 700 1916 Χριστὸν
728 1846 898 1915 αὐτῆς
927 1847 1155 1918 ποιητὴν
1191 1847 1587 1909 ἀποδείκνυσιν,
1615 1846 1729 1915 ἅμα

157 1935 211 1988 δὲ
236 1938 329 1990 καὶ
354 1938 454 2007 τὴν
496 1937 722 2008 δύναμιν
752 1938 913 1990 αὑτοῦ
943 1938 1133 2009 δηλοῖ,
1167 1938 1307 1992 ὥστε
1345 1940 1597 1992 τοσοῦτον
1636 1939 1730 2009 μέ-

156 2030 315 2095 γεθος
367 2030 469 2098 τῆς
518 2030 621 2100 γῆς
663 2031 754 2084 ἐπὶ
803 2030 1009 2083 ὑδάτων
1054 2032 1428 2105 στηριχθῆναι.
1479 2032 1585 2085 Καὶ
1631 2030 1730 2083 ἐπὶ

156 2119 436 2187 ποταμῶν
482 2120 811 2189 ἡτοίμασεν
874 2119 1085 2188 αὐτήν.
1147 2122 1289 2175 Ἀντὶ
1351 2122 1455 2175 ’τοῦ
1481 2161 1495 2186 ,
1557 2121 1730 2174 διεκό-

158 2224 266 2279 σμη
275 2226 384 2265 σεν.

227 2299 386 2370 [Τότε
410 2302 517 2370 γὰρ
544 2302 703 2372 ἕδραν
734 2304 766 2374 ἠ
809 2303 1102 2375 Ἐκκλησία
1142 2304 1430 2375 λαμϐάνει,
1452 2306 1578 2358 ὅταν
1612 2323 1729 2376 τρι-

155 2394 367 2461 κνμιῶν
402 2394 818 2465 προσϐαλουσῶν
839 2436 852 2459 ,
886 2397 1133 2459 ἄσειστος
1164 2396 1414 2468 διαμείνῃ
1462 2396 1601 2449 κατά
1632 2398 1727 2468 τὴν

155 2486 337 2536 πίστιν
357 2525 374 2551 ,
401 2487 509 2539 Kal
539 2487 635 2539 ἐπὶ
675 2486 953 2556 ποταμῶν
976 2503 989 2515 ⁶
1020 2488 1158 2540 ὥστε
1189 2489 1281 2540 καὶ
1320 2488 1596 2556 ποταμοὺς
1629 2487 1727 2550 τὰς

1831 1312 2058 1366 regnum
2085 1294 2347 1365 unigeniti
2380 1294 2473 1350 Dei
2501 1293 2663 1351 Verbi
2699 1295 2752 1349 in
2777 1312 2967 1351 omnes
2989 1307 3193 1367 gentes.

1896 1562 1950 1615 2.
1984 1560 2110 1631 ‘Ipse
2136 1578 2287 1630 super
2316 1565 2484 1616 maria
2516 1565 2753 1633 [undavit
2781 1581 2919 1622 eum.
2959 1564 3036 1621 Ne
3062 1568 3186 1637 quis
3211 1582 3277 1624 ex
3301 1570 3394 1625 ad-

1828 1656 2081 1709 versariis
2107 1665 2320 1724 putaret
2348 1665 2545 1709 terram
2585 1655 2798 1713 Satanae
2827 1673 2966 1725 esse,
2988 1658 3099 1728 jam
3134 1675 3262 1714 vero
3288 1660 3389 1730 ipsi

1830 1748 2099 1802 dominari
2119 1748 2420 1814 Christum,
2449 1749 2610 1818 hujus
2640 1750 2810 1814 gratia
2840 1749 3117 1805 Christum
3141 1750 3258 1820 ejus
3275 1753 3393 1821 opi-

1829 1840 1983 1895 ﬁcem
2009 1841 2269 1903 declarat,
2301 1848 2355 1893 et
2378 1856 2486 1894 una
2509 1850 2834 1910 potestatem
2860 1841 2978 1910 ejus
3002 1842 3259 1908 ostendit,
3284 1828 3391 1913 quia

1830 1942 2034 1987 tantam
2070 1944 2225 1987 terrae
2244 1933 2441 1987 molem
2474 1948 2637 2001 super
2660 1948 2833 2002 aquas
2865 1931 3127 1987 fundavit.
3145 1932 3215 1987 Et
3239 1923 3393 2002 διιρεῖ
3435 1926 3439 1930 ’

1828 2024 2052 2092 ﬂumina
2076 2025 2391 2092 praeparauit
2414 2041 2550 2077 eum.
2575 2025 2629 2079 Id
2645 2031 2750 2090 est,
2772 2024 3142 2079 concinnavit.

1899 2300 2243 2388 [Tuncenim
2296 2318 2505 2359 .cc.csla
2531 2304 2853 2359 soliditatem
2882 2304 3101 2374 accipit,
3130 2319 3254 2359 cum
3284 2303 3388 2358 llu-

1828 2391 2005 2446 ctibus
2044 2408 2108 2447 ac
2137 2395 2548 2463 tempestatibus
2586 2395 2840 2464 ‘impetita
2878 2395 3176 2450 immobilis
3201 2396 3256 2449 in
3284 2396 3390 2449 ﬁde

1828 2496 2168 2554 perseverat:
2206 2478 2271 2538 Et
2289 2502 2452 2554 super
2472 2487 2732 2555 ﬂumina;
2765 2487 2835 2541 ita
2867 2495 2927 2541 ut
2954 2487 3070 2541 sine
3099 2487 3254 2541 obice
3284 2487 3389 2541 llu-

154 2576 419 2641 διεξὸδους
444 2578 735 2641 ἀκωλύτως
766 2580 1051 2645 ποιεῖσθαι,
1076 2580 1175 2650 ὅρη
1203 2597 1262 2631 τε
1296 2580 1390 2632 καὶ
1417 2579 1551 2650 ἄλση
1583 2580 1726 2649 ζωῆς

1852 2577 1975 2630 nina
1997 2577 2173 2632 exitus
2203 2579 2497 2647 reperiant,
2524 2589 2738 2633 montes
2771 2588 2826 2633 et
2850 2580 2998 2633 silvae
3041 2579 3393 2635 abeaniman-

156 2668 567 2738 ἀπο-νέμεσθαι,
605 2669 787 2740 χώρας
830 2672 926 2723 καὶ
974 2670 1227 2733 πεδιάδας
1279 2672 1357 2733 εἰς
1406 2670 1580 2734 οἰκίας
1630 2673 1723 2724 καὶ

155 2758 429 2826 γεωργίας
458 2758 763 2829 ἀνθρώποις
795 2760 1147 2831 ἀφωρίσθαι.]

227 2848 328 2911 Τίς
372 2846 738 2912 ἀναϐήσεται
792 2850 879 2913 είς
920 2848 986 2901 τὸ
1031 2848 1168 2916 ὅρος
1206 2849 1314 2902 τοῦ
1361 2850 1579 2917 Κυρίου
1615 2849 1725 2921 (8);

156 2937 310 2991 Μετά
339 2937 403 2989 τὸ
428 2937 679 2991 ἐκθέσθαι
708 2939 807 3009 τὴν
833 2941 1034 3002 πίστιν,
1066 2941 1158 2993 καὶ
1182 2940 1356 3010 ἔργων
1384 2940 1729 3005 διδασκαλίας

156 3027 452 3097 ὶξηγεῖται,
479 3029 566 3082 ἴνα
597 3029 660 3082 δι’
693 3032 1017 3103 ἀμφοτέρων
1043 3032 1144 3101 τῆς
1173 3031 1340 3095 ὅντως
1368 3032 1728 3103 κληρονομίας

154 3117 502 3188 ἑπιτύχωμεν
534 3119 582 3171 οἱ
613 3118 918 3183 ἀκούοντες.

238 3207 445 3273 Ἁθῶος
471 3208 644 3277 χερσὶ
666 3208 764 3263 καὶ
788 3209 1043 3277 καθαρὸς
1064 3208 1144 3278 τῇ
1174 3210 1407 3278 καρδίᾳ.
1437 3212 1571 3283 Περὶ
1605 3212 1728 3265 τού-

154 3313 246 3349 του
280 3298 494 3367 εἴρηται
532 3299 590 3351 ὲν
628 3298 706 3368 τῷ
745 3300 1314 3371 τεσσαρεσκαιδεκάτῳ
1359 3301 1574 3373 ψαλμῷ.
1624 3306 1728 3369 Ὃς

156 3392 266 3443 οὐκ
298 3390 515 3443 ἐλαϐεν
548 3390 647 3442 ἐπὶ
684 3392 912 3459 ματαίῳ
953 3390 1066 3459 τὴν
1113 3391 1326 3461 ψυχὴν
1354 3393 1561 3447 αὐτοῦ.
1606 3394 1727 3447 Μα-

155 3481 377 3534 ταίωσιν
402 3482 499 3552 τὴν
530 3482 975 3554 ὑψηλοφροσύνην
1018 3485 1170 3555 φησί.
1204 3485 1317 3538 Καὶ
1350 3487 1460 3539 οὐκ
1488 3486 1728 3555 ὤμοσεν

155 3572 249 3626 ἐπὶ
281 3572 441 3638 δόλῳ
463 3572 541 3637 τῷ
566 3574 832 3641 πλησίον
869 3575 1075 3628 αὑτοῦ.

227 3658 417 3727 Οὗτος
452 3662 712 3730 λήψεται
755 3665 1054 3733 εὐλογίαν.
1086 3666 1190 3718 Τὸν
1228 3664 1468 3719 τοιοῦτον
1504 3668 1727 3738 γενόμε-

154 3771 242 3806 νον
283 3753 459 3807 ἀθῶον
513 3755 669 3824 χερσὶ
713 3756 805 3808 καὶ
839 3755 1076 3827 καθαρὸν
1120 3760 1187 3826 τῇ
1232 3758 1463 3829 καρδίᾳ,
1507 3759 1602 3810 καὶ
1634 3760 1727 3813 ἐπὶ

1830 2669 1974 2725 tibus
2004 2670 2334 2735 incolantur,
2368 2674 2479 2741 agri
2507 2682 2560 2726 et
2586 2671 2835 2741 planities
2870 2672 2926 2725 in
2959 2672 3151 2727 domos
3173 2681 3226 2726 et
3245 2672 3391 2742 agri-

1829 2761 2099 2815 culturam
2134 2763 2448 2818 hominibus
2481 2762 2857 2835 seponantur.]

1897 2854 1951 2909 3.
1997 2854 2126 2919 Quis
2176 2857 2418 2909 ascendet
2450 2858 2501 2909 in
2556 2866 2781 2909 montem
2810 2856 3067 2910 Domini?
3097 2855 3392 2928 Postquam

1827 2938 1984 2992 ﬁdem
2013 2941 2281 3009 exposuit,
2314 2940 2424 3010 jam
2452 2956 2677 3010 operum
2711 2942 3015 2997 doctrinam
3054 2953 3292 3009 enarrat,
3334 2954 3394 2999 ut

1826 3039 2093 3101 quotquot
2151 3033 2482 3087 audierimus
2538 3042 2592 3086 et
2645 3033 3236 3103 obtemperaverimus,
3293 3050 3391 3104 per

1827 3131 2136 3191 utramque,
2168 3138 2351 3176 veram
2377 3123 2745 3177 haereditatem
2775 3124 3180 3181 nanciscamur.

1895 3214 1948 3268 4.
1982 3212 2239 3267 Innocens
2273 3215 2513 3269 manibus
2559 3224 2607 3268 et
2639 3216 2835 3269 mundo
2864 3216 3046 3269 corde.
3090 3214 3202 3271 Hac
3240 3217 3307 3271 de
3333 3232 3393 3273 re

1827 3304 2029 3359 dictum
2056 3304 2156 3359 fuit
2183 3306 2235 3359 in
2259 3306 2470 3361 decimo
2502 3316 2698 3378 quarto
2727 3308 2957 3377 psalmo.
2997 3307 3100 3373 Qui
3127 3325 3226 3362 non
3254 3327 3395 3364 accc.

1827 3390 1903 3458 pit
1930 3391 1993 3443 *in
2021 3408 2153 3444 vano
2185 3394 2417 3446 animam
2455 3411 2627 3450 suam.
2656 3395 2985 3463 Vanitatem,
3008 3397 3070 3451 id
3096 3407 3390 3470 cstsuper-

1828 3482 1994 3539 biam.
2031 3482 2143 3539 Nec
2159 3486 2364 3555 juravit
2400 3489 2456 3540 in
2484 3488 2604 3542 dolo
2629 3491 2869 3558 proximo
2900 3507 3018 3548 suo.

1897 3658 1950 3712 5.
1977 3657 2074 3712 Hic
2100 3660 2317 3727 accipiet
2348 3659 2755 3715 benedictionem
2782 3680 2814 3716 a
2834 3663 3077 3731 Domino,
3106 3674 3208 3720 etc.
3233 3666 3395 3736 Ejus-

1829 3750 1974 3804 modi
2002 3750 2274 3805 hominem
2312 3753 2405 3821 qui
2431 3751 2596 3807 fuerit
2636 3753 2898 3810 innocens
2931 3758 3205 3825 manibus,
3231 3760 3395 3813 corde

152 3846 289 3915 δόλῳ
317 3847 393 3915 μὴ
421 3846 695 3916 ὼμοκότα,
724 3847 1063 3918 ὑπισχνεῖται
1092 3844 1191 3911 τὰς
1217 3849 1366 3920 παρὰ
1399 3849 1531 3901 Θεοῦ
1563 3849 1726 3920 ληψό-

1852 3841 2086 3908 nundus,
2116 3856 2217 3896 nec
2258 3857 2382 3896 cum
2432 3842 2860 3911 dolojuraverit,
2902 3847 3186 3914 pollicetur
3220 3864 3249 3901 a
3283 3846 3395 3902 Deo

160 3955 320 4007 μενον
340 3938 569 4009 δωρεὰς,
598 3938 718 4008 ἦτοι
742 3938 989 4006 εὐλογίαν
1016 3939 1111 3993 καὶ
1138 3939 1303 4003 ἕλεος.

223 4113 387 4179 Αὕτη
430 4115 469 4180 ἡ
524 4114 699 4181 γενεὰ
739 4113 1070 4182 ζητούντων
1124 4117 1233 4170 τὸν
1269 4120 1504 4186 Κύριον.
1552 4121 1615 4171 Ἠ
1661 4120 1729 4173 τὰ

155 4204 529 4275 προειρημένα
556 4204 839 4275 φυλάξασα
854 4207 1025 4275 *γενεά
1050 4224 1231 4279 φησιν.

228 4296 433 4363 Ἄρατε
457 4296 657 4361 πύλας
672 4337 686 4362 ,
709 4298 763 4349 oi
784 4295 1092 4365 ἄρχοντες,
1121 4298 1305 4368 ὑμῶν.
1329 4300 1389 4352 Οἱ
1420 4299 1729 4354 διακονοῦν-

152 4403 241 4448 τες
269 4386 349 4456 τῷ
390 4386 601 4459 Σωτῆρι
629 4386 719 4439 ἐπὶ
753 4388 853 4458 γῆς
897 4388 1114 4456 ἄγγελοι
1146 4429 1160 4452 ,
1205 4391 1724 4461 ἀναλαμϐανομένου

152 4474 354 4538 αὑτοῦ,
400 4476 521 4538 ταῖς
562 4476 837 4546 οὐρανίαις
886 4478 1146 4549 δυνάμεσι
1192 4479 1442 4550 δηλοῦσιν
1489 4482 1727 4550 ἀνοίγειν

150 4564 249 4628 τὰς
280 4565 473 4629 πύλας.

222 4654 463 4727 [Κύριος
496 4661 774 4729 κραταιὸς
810 4661 907 4716 καὶ
938 4662 1215 4727 δυνατός.
1244 4661 1551 4727 Ξενίζονται
1584 4664 1639 4717 δὲ
1672 4668 1726 4718 αἱ

147 4746 443 4817 δυνάμεις,
493 4752 694 4823 ὁρῶσαι
739 4754 875 4824 μετά
906 4754 1104 4825 σαρκὸς
1135 4754 1297 4808 αὐτὸν
1327 4755 1727 4827 ὲμψυχωμένης

145 4836 331 4907 ψυχῆς
352 4844 563 4909 νοερᾶς,
589 4843 671 4896 διὸ
698 4844 791 4897 καὶ
824 4844 1231 4916 πυνθάνονται.]

222 5032 322 5096 Τίς
359 5030 529 5085 ἐστιν
558 5027 733 5096 οὗτος
757 5035 789 5085 ό
826 5032 1124 5097 βασιλεὺς
1164 5031 1276 5101 τῆς
1301 5031 1521 5098 δόξης;
1560 5030 1728 5102 Ἐρω-

144 5123 315 5175 τῶσιν
342 5123 398 5174 αἱ
426 5122 537 5174 ἄνω
572 5120 847 5189 δυνάμεις,
876 5120 937 5173 τὸ
964 5118 1263 5191 παράδοξον
1288 5122 1386 5190 τῆς
1415 5117 1726 5186 οἰκονομίας

1756 3916 1798 3973 C
1831 3929 1990 3983 donis
2032 3930 2512 3994 remunerandum,
2542 3931 2748 3986 scilicet
2796 3933 3171 3989 benedictione
3201 3946 3254 3989 et
3294 3939 3396 3989 mi—

1832 4018 2147 4072 sericordia.

1906 4107 1957 4161 6.
1988 4108 2115 4163 Haec
2144 4119 2220 4163 est
2251 4112 2514 4179 generatio
2540 4112 2888 4183 quazrentium
2924 4114 3230 4171 Dominum.
3263 4117 3394 4185 Qum

1830 4199 2035 4254 scilicet
2063 4201 2225 4269 prius-
2241 4212 2539 4258 memorata
2561 4205 2813 4259 observat

1901 4290 1951 4344 7.
1983 4291 2220 4345 A‘ttollite
2252 4284 2452 4362 portas,
2490 4297 2770 4366 principes,
2804 4308 3019 4353 uestras.
3046 4301 3235 4371 Angeli
3271 4301 3391 4356 Sal-

1828 4385 2033 4438 vatoris
2073 4384 2128 4438 in
2169 4393 2309 4439 terra
2336 4386 2664 4453 administri,
2696 4389 2815 4460 ipso
2842 4391 3194 4455 ascendente,
3231 4393 3393 4448 caele-

1829 4472 2003 4528 stibus
2025 4473 2316 4530 virtutibus
2348 4477 2749 4533 denuntiantut
2767 4489 2954 4549 portas
2982 4483 3253 4551 aperiant.

1902 4648 2180 4720 [Dominus
2240 4651 2395 4719 fortis
2454 4662 2504 4705 et
2548 4662 2749 4722 potens.
2804 4652 3039 4724 Stupore
3088 4656 3396 4713 alliciuntur

1827 4754 2144 4815 potestates,
2169 4761 2290 4801 cum
2321 4748 2505 4803 vident
2548 4749 2702 4803 illum
2747 4751 2801 4804 in
2838 4766 3003 4806 carne
3046 4767 3168 4807 cum
3213 4755 3394 4808 anima

1829 4835 2162 4908 intelligendi
2205 4839 2254 4893 vi
2299 4840 2557 4909 praedita;
2606 4858 2726 4910 quae
2766 4858 2932 4898 causa
2984 4853 3066 4899 est
3099 4854 3159 4898 ut
3209 4847 3397 4901 scisci-

1828 4931 2054 5001 tentur.]
2598 4940 2602 4947 '
2657 4920 2677 4938 ⁸

1903 5022 1952 5076 8.
1987 5022 2116 5086 Quis
2151 5032 2227 5077 est
2269 5026 2363 5077 iste
2393 5040 2483 5079 rea:
2506 5025 2734 5096 gloriae?
2766 5025 3107 5097 lntcrrogant
3150 5042 3396 5097 supernm

1830 5114 2075 5179 virtutes,
2108 5117 2528 5171 admirabilitate
2560 5118 2882 5173 mconomiaa
2920 5120 3252 5187 stupefactae.
3286 5118 3395 5171 Do-

146 5213 598 5283 ὲκπληττόμεναι.
630 5212 841 5279 Κύριος
867 5210 985 5265 τῶν
1016 5210 1325 5279 δυνάμεων
1353 5209 1532 5272 αὑτός
1553 5207 1725 5259 ἐστιν

1852 5208 2002 5260 uinus
2031 5210 2280 5261 virtutum
2316 5211 2425 5279 ipse
2445 5218 2521 5262 est
2552 5226 2643 5264 rex
2662 5211 2861 5278 glorite.
2886 5208 2989 5275 Qui
3020 5225 3144 5263 cum
3177 5209 3393 5266 Christo

144 5309 176 5358 ὀ
212 5303 520 5369 ,ϐασιλεὺς
556 5300 662 5369 τῆς
706 5302 911 5368 δόξης.
952 5298 1385 5369 Μυσταγωγοῦσι
1438 5297 1564 5359 τοὺς
1606 5296 1718 5349 ἄνω

142 5398 191 5448 οἱ
224 5396 323 5449 σὺν
358 5395 507 5465 αὐτῷ
543 5393 853 5455 ἀνελθόντες
883 5392 1103 5462 ἄγγελοι
1144 5393 1205 5444 τὸ
1236 5391 1548 5462 μυστήριον,
1580 5388 1663 5440 ὅτι
1690 5388 1717 5437 ὁ

142 5488 536 5557 καταπατήσας
566 5487 690 5548 τοὺς
726 5484 953 5555 ἐχθροὺς
999 5486 1124 5546 τοὺς
1170 5482 1393 5552 νοητοὺς
1435 5479 1715 5549 δηλονότι,

141 5574 307 5640 circo;
331 5578 477 5629 ἐστιν
507 5578 536 5629 ὁ
566 5576 672 5629 τῶν
698 5576 979 5629 δυνάμεων
1004 5574 1223 5645 Κύριος.

1826 5301 2203 5364 ascenderunt,
2240 5316 2332 5355 eos
2380 5302 2473 5370 qui
2522 5300 2574 5354 in
2620 5301 2758 5355 coelo
2805 5312 2961 5355 erant
3001 5301 3221 5369 angelos
3262 5301 3391 5353 edor-

1824 5401 1949 5446 cent
1985 5393 2322 5463 mysterium,
2341 5392 2485 5462 quod
2514 5394 2717 5447 scilicet
2747 5393 2839 5462 qui
2864 5390 3177 5461 epirituales
3207 5390 3389 5446 hostes

1824 5484 2163 5538 conculcavit
2190 5485 2303 5554 ipse
2330 5485 2399 5540 sit
2433 5501 2521 5541 rex
2558 5486 2759 5556 gloriae.

214 5824 293 5895 (8)
334 5824 587 5879 Ambros.
644 5826 832 5882 addit:
890 5826 1117 5898 Εἴρηται
1171 5826 1297 5898 περὶ
1347 5823 1548 5879 τούτων
1591 5825 1647 5878 ἂν
1705 5840 1726 5875 τ

1852 5824 1873 5873 i'
1907 5819 2013 5889 ψαλ
2022 5819 2124 5891 μῷ.
