3874 6218
506 420 607 481 “5

818 545 870 596 ‘l.
912 542 1246 599 PSALMUS
1272 542 1461 597 David.
1498 544 1711 598 XXIV.

1085 637 1479 705 Argumentum.

499 731 555 785 In
590 729 841 801 praesenti
892 729 1099 799 psalmo
1153 728 1443 797 cujuslibet
1491 743 1679 783 eorum
1736 730 1828 799 qui
1881 732 2056 785 vocati

568 830 695 878 sunt
738 836 970 891 persona
1007 819 1317 874 inducitur:
1353 834 1541 873 eorum
1584 820 1789 875 scilicet
1826 822 1920 890 qui
1949 838 2055 876 una

568 912 726 967 electi
777 920 905 966 sunt
943 920 1003 965 ut
1046 911 1112 967 ad
1145 911 1480 980 spiritualem
1520 910 1685 964 vitam
1732 911 2050 982 dirigantur.

572 1005 697 1060 Haec
738 1019 902 1073 porro
943 1005 1106 1063 verba
1146 1015 1383 1073 tempore
1414 1001 1660 1071 martyrii
1698 1002 1924 1057 recitatu
1953 1018 2052 1073 0p-

565 1106 799 1169 portuna
820 1104 965 1151 sunt.

562 1192 645 1245 Ad
675 1202 742 1255 te,
773 1190 1014 1254 Domine,
1045 1188 1208 1243 levavi
1242 1189 1473 1241 animam
1496 1204 1684 1243 meam.
1717 1187 1828 1243 Ceu
1848 1187 1960 1258 jam
1985 1188 2052 1243 ab

496 1281 801 1339 idololatria
828 1280 1006 1335 aversi
1047 1278 1366 1347 loquuntur.

565 1375 619 1428 5.
652 1372 832 1442 Neque
855 1371 1113 1425 irrideant
1141 1386 1219 1423 me
1248 1370 1448 1423 inimici
1480 1371 1598 1422 mei.
1631 1367 1952 1439 Spiritualcs
1974 1370 2051 1423 vi-

492 1466 707 1521 delicet.

564 1555 762 1624 Adjicit
786 1551 973 1606 Daniel
987 1550 1287 1604 Barbarus:
1306 1548 1635 1607 Exsecrandi
1651 1558 1705 1623 et
1727 1549 1923 1618 impuri
1950 1549 2051 1603 daa-

493 1661 704 1710 mones,
731 1642 980 1699 diabolus
1007 1656 1130 1696 cum
1153 1640 1333 1709 impiis
1353 1640 1682 1694 hominibus.
1716 1638 1841 1695 Haec
1869 1650 2047 1695 autem

491 1738 624 1792 dicit
652 1750 775 1791 cum
799 1733 943 1788 forte
977 1732 1269 1802 pravideat
1296 1731 1499 1786 Christi
1524 1731 1912 1786 humanitatem
1943 1731 2048 1801 (in-

491 1829 906 1899 carnationem),
931 1835 1218 1898 postquam
1239 1826 1583 1881 inimicorum
1620 1826 1762 1881 risus
1790 1826 2038 1881 cessavit.

564 1924 792 1998 {lniquis
820 1921 976 1991 quasi
1004 1921 1223 1988 iniquus
1252 1918 1428 1974 factus
1450 1933 1591 1975 sum.
1612 1916 1736 1973 Haec
1761 1919 1905 1972 enim
1938 1916 2042 1971 ini-

490 2020 671 2089 quitas
698 2030 806 2070 non
831 2012 1032 2067 frustra
1058 2009 1207 2081 fuit.]

562 2109 768 2163 Etenim
804 2104 1030 2159 universi
1062 2104 1152 2172 qui
1186 2102 1441 2155 sustinent
1480 2111 1550 2169 te,
1590 2118 1693 2154 non
1727 2100 2047 2170 confunden-

491 2213 596 2257 tur.
635 2198 895 2266 Exemplo
927 2209 1115 2249 eorum
1165 2193 1257 2261 qui
1285 2193 1393 2262 iam
1431 2202 1556 2247 ante
1599 2193 1654 2247 in
1701 2192 1809 2246 Deo
1855 2191 2047 2247 conﬁsi

489 2294 731 2346 illustres
770 2288 899 2343 facti
946 2292 1101 2349 sunt,
1132 2282 1258 2352 quia
1303 2282 1557 2337 ﬁduciam
1606 2283 1786 2348 habet,
1819 2282 2049 2336 aﬂirmat

487 2384 732 2439 futurum
779 2394 931 2443 esse,
968 2384 1028 2430 ut
1066 2373 1211 2443 quod
1252 2373 1305 2428 in
1352 2373 1494 2428 votis
1537 2382 1622 2428 est
1658 2382 2042 2442 consequatur.

488 2475 594 2530 Con
604 2471 891 2543 fundantur
919 2469 1100 2535 iniqua
1129 2475 1335 2534 agentes
1374 2480 1710 2534 supervacue.
1739 2462 1865 2517 Πίος
1884 2464 1951 2519 de
1978 2463 2047 2519 iis

484 2564 747 2635 loquitur,
776 2559 868 2630 qui
892 2559 1069 2613 adhuc
1097 2554 1365 2610 idolorum
1395 2554 1543 2609 cultu
1572 2554 1903 2609 detinentur.

558 2652 992 2728 [Confundantur
1031 2649 1213 2716 iniqua
1263 2654 1495 2715 agentes,
1546 2646 1613 2699 ab
1655 2646 1723 2700 iis
1763 2646 1859 2714 qui
1892 2659 2042 2715 spem

485 2762 641 2803 suam
673 2745 727 2799 in
752 2743 859 2797 Deo
880 2745 1368 2811 posuerunt,atque
1389 2736 1519 2790 clari
1545 2734 1719 2791 eilecti
1750 2744 1897 2800 sunt,
1916 2735 2043 2804 quia

486 2837 830 2895 conﬁdebant
879 2847 938 2888 se
981 2843 1144 2900 posse
1184 2836 1371 2883 votum
1418 2827 1699 2895 consequi.
1729 2825 1831 2893 Qui
1876 2835 2044 2896 agunt

484 2932 691 3000 inique,
726 2937 1039 2995 supervacue
1070 2919 1212 2975 ﬁrmi
1242 2918 1541 2974 consistere
1586 2917 1792 2971 volunt.
1820 2916 1945 2972 Haec
1976 2918 2043 2975 de

482 3024 552 3079 iis
600 3022 874 3083 dicuntur,
901 3014 996 3071 oui
1043 3012 1221 3068 adhuc
1268 3009 1325 3064 in
1379 3008 1645 3064 idolorum
1677 3009 1822 3063 cultu
1871 3010 2042 3065 uersi—

482 3109 679 3181 stunt.]

1341 428 1395 481 S.
1438 426 1806 481 ATHANASII
1845 427 1993 484 OPP.
2038 431 2218 485 PARS
2257 431 2343 489 Ill.
2386 464 2451 473 —
2490 432 2895 489 EXEGETICA.

3615 440 3725 496 1M

2541 553 2842 605 ΨΑΛΜΟΣ
2876 552 2953 616 τῷ
2989 553 3181 605 Δαυΐδ.
3227 558 3347 607 KJ'.

2778 644 3041 695 Ὑπόθεσι
3049 664 3100 707 ς.

2170 733 2255 785 Ἐν
2296 732 2373 802 τῷ
2420 733 2761 805 προκειμένῳ
2788 732 2987 802 ψαλμῷ
3026 734 3086 785 τὸ
3116 735 3341 788 ἑκάστου
3369 736 3478 789 τῶν
3524 738 3725 809 κεκλη-

2228 822 2400 892 μένων
2427 824 2734 894 εἰσφέρεται
2762 823 3047 893 πρόσωπον
3070 840 3081 852 ·
3109 826 3274 894 ἤγουν
3297 826 3471 879 αὐτῶν
3504 828 3617 883 τῶν
3645 829 3723 899 (9)

2224 916 2645 986 συνειλεγμένων
2672 918 2752 979 είς
2780 916 2877 985 τὴν
2908 918 3278 987 πνευματικὴν
3317 918 3723 972 ἀπευθύνεσθαι

2224 1005 2386 1077 ζωήν.
2436 1008 2523 1060 Ἐν
2578 1008 2753 1079 καιρῷ
2794 1008 2849 1060 δὲ
2897 1007 3191 1076 μαρτυρίου
3218 1009 3452 1062 ολεκτέον
3496 1010 3722 1073 τούτους

2222 1100 2343 1162 τοὺς
2373 1099 2580 1166 λόγους.

2222 1187 2375 1255 Πρὸς
2401 1189 2495 1252 σὲ,
2525 1190 2719 1255 Κύριε,
2752 1186 2867 1259 ἦρα
2905 1191 3019 1259 τὴν
3044 1190 3254 1260 ψυχήν
3289 1208 3427 1259 μου.
3467 1192 3554 1254 Ὠς
3582 1193 3721 1245 ἀπο-

2154 1280 2479 1351 στραφέντες
2505 1281 2606 1350 ἤδη
2636 1281 2736 1349 τῆς
2758 1281 3195 1354 είδωλολατρείας
3225 1283 3407 1351 φασίν.

2217 1369 2382 1437 Μηδὲ
2409 1369 2989 1440 καταγελασάτωσάν
3014 1391 3134 1442 μου
3158 1376 3211 1426 ol
3240 1373 3461 1441 ἐχθροί.
3498 1375 3561 1426 υἱ
3592 1393 3720 1445 νοη-

2150 1460 2230 1513 τοὶ
2260 1461 2519 1531 δηλονότι.

2232 1548 2452 1623 Ἐχθρὸς
2494 1554 2550 1606 δὲ
2592 1556 2620 1607 ό
2667 1554 2909 1618 διάϐολος
2954 1553 3089 1624 μετὰ
3122 1554 3411 1624 δαιμονίων
3460 1556 3554 1607 καὶ
3605 1556 3718 1608 τῶν

2149 1641 2484 1697 ἀσεϐούντων
2528 1643 2847 1716 ἀνθρώπων.
2898 1644 3056 1707 Ἴσως
3105 1644 3160 1696 δὲ
3213 1645 3308 1695 καὶ
3356 1646 3565 1713 προορᾷ
3618 1641 3713 1697 τοῦ

2150 1732 2397 1804 Σωτῆρος
2416 1732 2513 1804 τὴν
2536 1734 2962 1805 ὲνανθρώπησιν,
3000 1733 3119 1805 μεθ’
3150 1734 3216 1804 ἣν
3246 1734 3339 1787 καὶ
3363 1734 3472 1787 τῶν
3502 1735 3716 1806 ἐχθρῶν

2148 1817 2418 1873 πέπαυται
2456 1820 2608 1889 λόγος
2638 1821 2873 1894 [γέλως].

2215 1908 2539 1982 [Ἑγενήθην
2576 1914 2689 1975 τοῖς
2720 1912 2939 1983 ἀνόμοις
2986 1914 3060 1976 ὡς
3089 1915 3305 1983 ἄνομος·
3351 1914 3495 1985 Αὕτη
3536 1917 3644 1989 γὰρ
3674 1920 3709 1989 ἡ

2146 2000 2339 2071 ἀνομία
2362 2003 2699 2075 οὐδιακενῆς
2730 2004 2991 2076 ὲγένετο.]

2213 2094 2322 2147 Καὶ
2353 2096 2460 2164 γὰρ
2488 2096 2706 2163 πάντες
2747 2101 2799 2151 ol
2827 2098 3230 2167 ὑπομένοντές
3262 2112 3336 2152 σε
3361 2101 3431 2153 οὐ
3457 2100 3543 2169 μὴ
3566 2119 3710 2155 κατ-

2143 2185 2571 2254 αισχυνθῶσιν.
2631 2189 2762 2240 Ἀπὸ
2802 2189 2908 2241 τῶν
2944 2188 3042 2259 ἤδη
3088 2190 3423 2243 πεποιθότων
3469 2192 3562 2243 ἐπί
3591 2193 3710 2262 θεῷ

2145 2277 2237 2329 καὶ
2291 2279 2594 2349 γενομένων
2642 2280 2938 2350 λαμπρῶν,
2987 2280 3076 2333 διὰ
3134 2282 3194 2333 τὸ
3240 2281 3336 2353 τὴν
3386 2284 3713 2354 πεποίθησιν

2144 2365 2286 2435 ἔχειν
2304 2368 2400 2438 τῆς
2421 2368 2581 2439 εὐχῆς
2606 2368 3004 2434 ὲπιτεύξασθαι,
3022 2370 3427 2439 διισχυρίζεται.
3443 2375 3709 2441 Αἰσχυν-

2144 2456 2419 2521 θήτωσαν
2466 2460 2521 2512 οἱ
2568 2459 2929 2527 ἀιόμοῦντες
2967 2460 3266 2528 διακενῆς.
3332 2461 3516 2515 Ταῦτα
3579 2465 3713 2534 περὶ

2142 2549 2247 2601 τῶν
2275 2548 2372 2620 ἤδη
2400 2551 2776 2621 κατεχομένων
2801 2553 2859 2605 ἐν
2892 2551 3300 2622 εἰδωλολατρείᾳ
3334 2552 3516 2621 φησίν.

2213 2639 2743 2710 [Αίσχυνθήτωσαν
2784 2645 2838 2695 ol
2876 2642 3270 2711 ἀνομοῦντες,
3308 2643 3416 2696 ἀπὸ
3456 2642 3565 2696 τῶν
3604 2644 3707 2715 ἤδη

2142 2728 2473 2783 πεποιθότων
2504 2730 2595 2783 ἐπὶ
2615 2729 2733 2801 Θεῷ
2760 2732 2850 2784 καὶ
2877 2733 3182 2802 γενομένων
3212 2730 3500 2802 λαμπρῶν,
3532 2730 3619 2783 διὰ
3648 2735 3715 2793 τὸ,

2140 2820 2237 2890 τὴν
2262 2820 2579 2893 πεποίθησιν
2607 2821 2747 2892 ἔχειν
2772 2822 2871 2891 τῆς
2896 2822 3060 2892 εὐχῆς
3083 2821 3483 2887 ἐπιτεύξασθαι.
3534 2823 3707 2892 Ἰσχυ-

2145 2912 2377 2981 ρίςονται
2419 2914 2469 2965 οἱ
2516 2912 2840 2984 ἀνομοῦντες
2872 2912 3168 2981 διακενῆς.
3206 2913 3389 2967 Ταῦτα
3427 2914 3559 2984 περὶ
3596 2912 3707 2965 τῶν

2141 3003 2219 3055 ἔτι
2252 3005 2627 3076 κατεχομένων
2656 3007 2713 3059 ὲν
2742 3003 3199 3077 είδωλολατρείφ]

553 3206 607 3261 4.
644 3201 769 3257 Via;
798 3208 935 3265 tuas,
969 3194 1204 3258 Domine,
1231 3192 1531 3246 demonstra
1555 3190 1702 3244 mihi.
1721 3188 2041 3258 Evangelica

2219 3207 2328 3271 Τὰς
2359 3208 2536 3272 ὁδούς
2563 3222 2700 3275 σου,
2734 3209 2928 3276 Κύριε,
2957 3207 3249 3278 γνώρισον
3273 3225 3395 3276 μοι,
3430 3207 3510 3261 Τὰ
3537 3209 3705 3277 εὐαγ-

483 3298 736 3369 dogmata
776 3294 872 3347 ait.

555 3392 607 3447 5.
629 3389 809 3459 Dirige
833 3402 911 3440 me
940 3386 993 3439 in
1022 3382 1245 3452 veritate
1268 3389 1379 3433 tua.
1412 3377 1537 3433 Haec
1570 3378 1666 3446 ait,
1696 3387 1756 3433 ut
1777 3380 1869 3448 qui
1901 3394 2039 3434 non-

481 3486 608 3541 dum
636 3483 702 3538 ad
729 3481 1009 3537 veritatem
1037 3473 1344 3530 accesserit.
1377 3471 1446 3525 Et
1479 3472 1606 3533 doce
1633 3486 1731 3536 me,
1763 3472 1886 3540 quia
1913 3481 1967 3523 tu
1986 3488 2039 3525 es

481 3577 622 3632 Deus
676 3573 908 3629 salvator
955 3584 1119 3623 meus.
1166 3566 1300 3621 Cum
1343 3564 1601 3634 propheta
1644 3562 1720 3617 ita
1750 3572 1867 3617 oret
1900 3578 1963 3617 ac
1994 3562 2040 3617 si

481 3668 724 3725 nondum
764 3661 1077 3734 cognoverit
1116 3660 1231 3713 vias
1269 3656 1507 3722 Domini,
1540 3669 1715 3723 neque
1762 3654 2042 3710 edidicerit

482 3757 729 3814 incedere
768 3753 820 3807 in
867 3750 1072 3807 semitis
1104 3748 1255 3818 ejus;
1297 3747 1529 3800 necdum
1578 3744 1816 3798 directus
1858 3744 1929 3799 sit
1972 3744 2039 3798 ad

478 3847 759 3903 veritatem
813 3842 943 3907 Dei,
992 3855 1091 3895 nec
1131 3840 1356 3893 edoctus
1403 3838 1469 3891 de
1509 3836 1621 3891 Deo
1655 3846 1714 3892 ut
1744 3837 2035 3903 salvatore,

478 3941 603 4011 quis
636 3953 741 3993 non
774 3933 1147 3991 reformidabit
1166 3931 1296 3985 illud
1320 3949 1332 3984 :
1358 3928 1445 3984 Va:
1462 3929 1571 3983 illis
1593 3930 1683 3998 qui
1706 3928 1805 3984 sibi
1827 3930 2037 3997 sapien-

480 4042 553 4086 tes
583 4042 630 4085 et
653 4028 859 4097 judicio
884 4043 977 4081 suo
1005 4025 1144 4078 docti
1173 4032 1293 4078 sunt
1321 4023 1399 4076 “l

552 4209 601 4260 7.
632 4206 838 4260 Delicta
862 4204 1153 4273 juventutis
1192 4217 1319 4254 mea:
1356 4207 1406 4253 et
1439 4198 1769 4267 ignorantia:
1801 4212 1941 4250 meas
1974 4212 2035 4249 ne

2142 3298 2330 3367 γελικὰ
2358 3299 2600 3368 δόγματά
2634 3316 2816 3370 φησιν.

2220 3390 2542 3460 Ὁδήγνησόν
2559 3409 2635 3461 με
2658 3392 2755 3445 ἐπὶ
2790 3392 2905 3460 τὴν
2931 3389 3237 3457 ἀλήθειαν.
3276 3393 3364 3455 Ὠς
3398 3392 3533 3463 μηδὲ
3562 3393 3705 3462 φθά-

2140 3498 2235 3543 σας
2255 3482 2345 3533 ὲπὶ
2367 3480 2461 3551 τὴν
2482 3482 2734 3552 ἀλήθειαν
2763 3482 2931 3536 ταῦτά
2964 3499 3145 3553 φησιν.
3187 3482 3299 3536 Καὶ
3335 3482 3582 3546 δίδαξόν
3604 3500 3704 3553 με,

2139 3573 2224 3625 ὅτι
2247 3573 2326 3626 σὺ
2348 3569 2406 3626 εἴ
2429 3576 2461 3626 ό
2499 3573 2641 3637 Θεὸς
2673 3577 2705 3626 ό
2739 3573 2940 3640 Σωτήρ
2962 3591 3101 3642 μου.
3128 3574 3233 3626 Τοῦ
3263 3575 3564 3643 προφήτου,
3599 3593 3705 3645 μη-

2137 3664 2280 3717 δέπω
2308 3664 2601 3731 ἐγνωκότος
2626 3664 2723 3726 τὰς
2755 3664 2907 3727 ὁδοὺς
2935 3664 3162 3735 Κυρίου,
3196 3665 3327 3735 μηδὲ
3356 3665 3704 3735 διδαχθέντος

2140 3751 2460 3821 πορεύεσθαι
2491 3752 2709 3822 τρίϐους
2743 3753 2907 3805 αὐτοῦ
2930 3795 2943 3817 ,
2978 3754 3071 3806 καὶ
3115 3754 3189 3817 ὡς
3240 3754 3464 3824 μηδέπω
3504 3754 3703 3824 ὁδηγη-

2139 3842 2318 3905 θέντος
2350 3843 2439 3895 ἐπὶ
2473 3842 2567 3913 τὴν
2596 3842 2847 3913 ἀλήθειαν
2878 3843 2967 3895 τοῦ
3000 3843 3154 3908 Θεοῦ,
3194 3845 3326 3915 μηδὲ
3356 3844 3701 3915 διδαχθέντος

2139 3934 2265 4003 περὶ
2293 3932 2424 3985 Θεοῦ
2456 3933 2528 3995 ὡς
2570 3934 2818 4003 Σωτῆρος
2839 3975 2852 3997 ,
2898 3934 3068 3997 οὓτως
3109 3935 3400 4005 εὐχομένου
3424 3977 3437 3999 ,
3486 3935 3569 3998 τίς
3601 3936 3701 3988 οὐκ

2138 4023 2559 4093 εὐλαϐηθήσεται
2600 4025 2660 4076 τὸ
2681 4062 2697 4086 ,
2734 4026 2878 4077 Οὐαὶ
2917 4028 2970 4077 ol
3002 4026 3180 4094 σοφοὶ
3208 4026 3278 4079 ἐν
3303 4026 3565 4093 ἑαυτοῖς,
3601 4026 3702 4080 καὶ

2136 4113 2385 4166 ἐνώπιον
2416 4113 2612 4167 αὐτῶν
2634 4114 3025 4184 ἐπιστήμονες
3038 4134 3057 4180 ;

2218 4206 2508 4274 Ἁμαρτίας
2556 4207 2831 4273 νεότητός
2863 4225 2981 4275 μου
3026 4208 3124 4261 καὶ
3172 4209 3416 4277 ἀγνοίας
3451 4226 3569 4279 μου
3610 4209 3700 4278 μὴ

475 4300 792 4354 memineris.
824 4296 1165 4351 Juventutem
1198 4291 1479 4349 stultitiam
1508 4291 1601 4345 ait.
1631 4289 1825 4359 Aperta
1853 4297 2033 4341 autem

2164 4297 2428 4365 ινησθῇς.
2457 4298 2701 4367 Νεότητα
2734 4299 2831 4368 τὴν
2855 4301 3163 4370 ἀφροσύνην
3192 4301 3372 4370 φησίν.
3393 4299 3699 4371 Ἀφροσύνη

475 4393 703 4448 stultitia
739 4399 854 4445 erat
895 4386 1209 4444 idololatriae
1245 4399 1430 4439 eorum
1455 4392 1684 4453 tempus.
1713 4381 1832 4435 Alio
1874 4380 2035 4434 modo

473 4500 569 4554 per
601 4484 794 4539 delicta
822 4478 1122 4552 iuventutis
1163 4491 1225 4530 ea
1257 4491 1377 4544 qua:
1403 4474 1458 4527 in
1490 4472 1723 4543 IEgypto
1746 4479 2030 4541 perpetra-

2133 4383 2189 4435 δὲ
2230 4383 2401 4454 σαφὴς
2445 4386 2472 4437 ὁ
2516 4385 2611 4455 τῆς
2642 4385 3079 4457 είδωλολατρείας
3123 4388 3301 4441 αὐτῶν
3338 4389 3547 4459 καιρός.
3588 4388 3701 4442 Καὶ

2134 4474 2307 4537 ἄλλως
2333 4476 2600 4545 ἁμαρτίας
2632 4476 2725 4529 τοῦ
2754 4477 2882 4530 λαοῦ
2913 4479 3009 4541 τὰς
3046 4482 3103 4533 ὲν
3131 4480 3417 4550 Αἰγύπτῳ·
3453 4481 3548 4532 καὶ
3586 4481 3699 4551 γὰρ

473 4585 603 4629 runt
629 4575 919 4645 intelligit:
963 4587 1088 4625 nam
1115 4577 1168 4624 et
1198 4568 1308 4623 illic
1351 4566 1618 4621 idolorum
1654 4565 1821 4619 cultui
1861 4579 2027 4618 vaca-

2167 4564 2614 4635 ἰδωλολὰτρευσαν
2655 4568 2787 4621 ἐκεῖ.
2820 4569 2911 4638 Μὴ
2939 4566 3029 4622 οὖν
3060 4569 3280 4622 ἐκείνων
3314 4571 3419 4623 τῶν
3446 4571 3701 4642 ἁμαρτη-

473 4673 621 4718 runt.
651 4664 726 4720 Ne
755 4666 934 4734 itaque
963 4664 1279 4719 delictorum
1312 4660 1525 4713 illorum
1555 4658 1666 4727 jam
1694 4656 2029 4719 memineris,

473 4759 572 4816 sed
602 4757 953 4812 humanitatis
981 4768 1033 4809 et
1059 4751 1441 4809 misericordia:
1475 4766 1581 4820 qua
1612 4759 1739 4804 tunc
1765 4748 1851 4802 vel
1878 4750 2031 4818 igno-

470 4860 654 4909 rantes
686 4857 1008 4919 prosecntus
1043 4862 1119 4901 es.
1166 4844 1387 4911 Propter
1411 4841 1692 4895 bonitatem
1726 4849 1894 4903 tuam,
1924 4837 2031 4891 Do-

470 4944 628 4997 mine.
661 4938 778 4992 Non
804 4938 947 4992 enim
976 4951 1107 4990 mea:
1133 4932 1431 5004 dignitatis,
1467 4929 1562 4986 sed
1593 4938 1696 4983 tua:
1729 4927 2029 4998 benignita-

470 5034 544 5088 tis
570 5031 742 5102 gralia
767 5028 820 5083 id
851 5027 1108 5096 consequi
1139 5040 1287 5095 rogo.

540 5122 593 5176 8.
623 5120 851 5188 Propter
876 5118 973 5170 hoc
1012 5115 1173 5186 legem
1204 5115 1350 5168 dabit
1389 5112 1807 5184 delinquentibus
1834 5129 1892 5165 in
1917 5113 2019 5165 via.

467 5211 799 5267 llluminabit
822 5216 1155 5279 peccatores,
1189 5206 1446 5260 indicabit
1476 5204 1820 5274 peccantibus
1854 5204 2017 5259 viam.

539 5302 624 5356 10.
660 5298 924 5353 Universae
952 5297 1051 5351 vite
1079 5295 1294 5348 Domini
1338 5294 1699 5349 misericordia
1726 5304 1774 5347 et
1802 5295 2017 5356 veritas,

465 5401 571 5447 etc.
602 5391 737 5445 Nam
778 5390 871 5459 qui
917 5386 1118 5453 divinis
1150 5387 1493 5443 sermonibus
1521 5386 1736 5441 assidue
1769 5386 2021 5440 nutriun-

466 5491 574 5545 tur,
606 5491 857 5536 accurate
884 5480 1134 5535 ediscunt
1156 5494 1344 5534 omnes
1358 5478 1655 5533 Salvatoris
1678 5478 1880 5533 Christi
1908 5477 2021 5532 dis-

463 5573 811 5641 pensationes
879 5571 1251 5627 misericordia
1294 5579 1347 5626 et
1388 5570 1615 5625 veritate
1658 5584 1779 5623 esse
1820 5568 2021 5638 permi-

2134 4657 2317 4726 μάτων
2346 4658 2439 4710 νῦν
2470 4659 2730 4731 μνησθῇς,
2760 4660 2893 4712 ἀλλά
2921 4661 3017 4729 τῆς
3051 4662 3491 4732 φιλανθρωπίας,
3526 4662 3595 4714 δι’
3629 4660 3699 4734 ἧς

2133 4751 2225 4803 καὶ
2265 4750 2386 4803 τότε
2413 4750 2737 4818 ἀγνοοῦντας
2767 4751 3251 4823 ἐφιλανθρωπεύσο.
3314 4752 3403 4807 καὶ
3434 4753 3691 4824 ἡλέησας.

2135 4843 2378 4895 Ἕνεκεν
2409 4841 2517 4909 τῆς
2541 4844 2946 4910 χρηστότητός
2978 4859 3114 4905 σου,
3145 4844 3339 4911 Κύριε.
3372 4844 3445 4896 Οὐ
3475 4844 3582 4915 γὰρ
3608 4845 3698 4897 διὰ

2131 4933 2229 5001 τὴν
2282 4932 2417 5003 ἐμὴν
2466 4932 2655 4997 ἀξίαν,
2708 4933 2843 4986 ἀλλά
2889 4934 2976 4987 διὰ
3003 4933 3100 5005 τὴν
3138 4935 3235 5003 σὴν
3283 4933 3694 5004 φιλανθρωπίαν

2132 5021 2318 5075 τούτου
2346 5026 2523 5093 τυχεῖν
2561 5024 2805 5077 ἱκετεύω.

2198 5112 2299 5166 Διὰ
2326 5114 2501 5168 τοῦτο
2542 5115 2926 5183 νομοθετήσει
2958 5116 3405 5184 ἀμαρτανοντας
3448 5115 3519 5167 ἐν
3551 5114 3691 5179 ὁδῷ.

2126 5205 2351 5257 Φωτίσει
2384 5205 2738 5275 ἁμαρτωλούς
2758 5223 2769 5235 ·
2808 5207 3074 5271 ὐποδείξει
3102 5208 3504 5279 ἁμαρτάνουσιν
3551 5204 3690 5258 ὀδόν.

2195 5296 2391 5351 Πᾶσαι
2425 5301 2483 5352 αἱ
2527 5298 2652 5352 ὁδοὶ
2693 5299 2911 5368 Κυρίου
2963 5301 3133 5365 ἕλεος
3180 5300 3280 5353 καὶ
3323 5299 3593 5367 ἀλήθεια.
3629 5298 3694 5349 Οἱ

2124 5386 2232 5457 γὰρ
2263 5388 2520 5457 διηνεκῶς
2564 5392 2677 5453 τοῖς
2725 5389 2887 5454 θείοις
2929 5391 3307 5462 ὲντρεφόμενοι
3336 5390 3513 5457 λόγοις
3556 5401 3696 5458 μαν-

2130 5478 2376 5533 θάνουσιν
2406 5480 2653 5551 ἀκριϐῶς
2689 5482 2754 5534 δι’
2784 5482 3032 5549 ἐκείνων,
3062 5483 3136 5544 ὼς
3171 5485 3340 5536 πᾶσαι
3372 5480 3465 5533 τοῦ
3508 5479 3698 5547 Σωτῆ-

2128 5587 2219 5639 ρος
2247 5572 2481 5641 Χριστοῦ
2515 5572 2647 5629 Θεοῦ
2678 5574 2831 5645 ἡμῶν
2857 5575 3154 5645 οἰκονομίαι
3181 5574 3314 5645 ἐλέῳ
3342 5573 3433 5626 καὶ
3464 5568 3697 5641 ἀληθείᾳ

534 5682 901 5756 (9)AAmbros.
949 5685 1014 5756 ad
1038 5683 1400 5756 ιίιίάπᾴντων.
1453 5682 1573 5737 Mox
1607 5691 1729 5752 post
1758 5682 1901 5752 ζωήν
1949 5679 2057 5749 adji

2164 5727 2169 5747 ,
2215 5686 2277 5738 ἐκ
2323 5684 2610 5756 προσώπου
2645 5684 2701 5739 δὲ
2748 5677 2902 5750 οὗτος
2940 5685 3033 5741 τοῦ
3082 5686 3208 5741 λαοῦ
3261 5686 3457 5748 παντὸς
3498 5683 3697 5753 δεομέ-

460 5772 549 5810 νου
580 5753 676 5822 τῆς
701 5755 1070 5823 αἰχμαλωσίας
1101 5753 1490 5822 ἀπαλλαγῆναι.

544 5848 587 5879 ⁸⁸
618 5845 720 5901 lsa.
758 5863 809 5914 v,
839 5846 929 5903 21.
