3874 6218
162 286 269 340 “5

1270 282 1631 338 EXPOSITIO
1665 282 1731 338 IN
1770 283 2097 340 PSALMUM
2140 283 2302 337 XXV.

3300 282 3399 335 146

165 397 603 465 συγκέκρανταιο
666 396 775 456 τοῖς
835 394 943 463 γάρ
1005 394 1463 464 μεταμελομένοις
1521 400 1604 465 ἐφ’
1666 395 1747 464 οἷς

1887 410 1977 452 tas.
2007 397 2141 451 Nam
2176 398 2244 451 iis
2287 409 2427 464 quos
2454 394 2775 449 delictorum
2818 392 3057 463 pmnitet,
3089 392 3402 448 misericor-

162 483 595 556 ἐπλημμέλησαν
623 482 714 534 τὸν
746 481 891 534 ἔλεον
919 483 1011 533 καὶ
1037 482 1134 552 τὴν
1158 482 1486 555 συγγνώμην
1517 487 1697 558 ὀρέγει
1719 508 1733 521 -

162 579 291 640 τοὺς
320 578 378 629 δὲ
410 576 712 645 ἀηττήτους
741 574 841 642 τῆς
874 574 1072 643 ἀρετῆς
1112 573 1348 644 ἀθλητὰς
1375 577 1734 649 ἁνακηρύττει

164 674 264 724 καὶ
304 671 559 737 στεφανοῖ
602 669 697 721 σὺν
741 665 968 738 ἀληθείᾳ
996 668 1093 736 τὴν
1121 665 1301 736 ψῆφον
1329 668 1577 738 ἐκφέρων
1599 686 1613 699 ·
1646 674 1737 725 κοιλ⁴

167 761 354 833 μέντοι
388 760 483 813 καὶ
512 761 627 822 τοῖς
655 757 968 829 παρανομίᾳ
994 756 1342 827 συνεζηκόσι,
1375 759 1469 810 καὶ
1498 777 1735 831 μεταμε-

164 854 289 923 λείᾳ
322 853 397 923 μὴ
425 850 791 922 χρησαμένοις
824 848 963 902 κατά
992 850 1117 911 τοὺς
1156 849 1256 918 τῆς
1286 848 1543 919 ἀληθείας
1580 852 1737 922 ὅρους

165 944 421 1013 ἐπιφέρει
452 942 552 1006 τὰς
579 941 868 1011 τιμωρίας.

243 1053 377 1124 [Καὶ
416 1051 482 1105 τὸ
521 1051 757 1120 σπέρμα
788 1052 973 1106 αὑτοῦ
1018 1055 1460 1123 κληρονομήσει
1499 1052 1634 1124 γῆν.
1675 1054 1739 1106 Αἱ

171 1142 434 1211 πράξεις,
481 1140 679 1211 φησὶν,
724 1143 779 1193 αἱ
822 1142 1109 1210 γενόμεναι
1163 1141 1411 1213 πρόξενοι
1459 1141 1607 1213 αὐτῷ
1648 1143 1739 1195 τοῦ

169 1234 577 1304 κληρονομῆσαι
605 1233 700 1302 τὴν
720 1232 914 1303 νοητὴν
934 1233 1035 1303 γῆν
1054 1248 1069 1265 ο
1086 1235 1405 1304 γενήσονταί
1434 1252 1495 1303 γε
1525 1235 1742 1305 σπέρμα

170 1322 277 1374 τῶν
311 1321 534 1390 ἀγαθῶν
564 1322 795 1393 ἀνδρῶν,
844 1322 910 1374 δι’
945 1316 1018 1375 ὧν
1060 1324 1185 1386 τοὺς
1217 1323 1358 1376 κατά
1390 1324 1519 1377 Θεὸν
1549 1342 1744 1393 γεννω-

170 1412 371 1483 μένους
404 1412 587 1481 φησίν.

256 1526 616 1593 Ἐπίϐλεψον
652 1524 745 1578 ἐπ’
786 1525 907 1594 ἐμέ.
950 1528 1041 1578 Δεῖ
1072 1527 1181 1598 γὰρ
1218 1529 1291 1599 μὴ
1339 1528 1563 1592 ὑπτίους
1610 1524 1747 1582 εἶναι

173 1616 271 1668 καὶ
336 1616 840 1681 ἀναπεπτωκότας,
910 1616 1242 1688 θαρροῦντας
1314 1619 1393 1689 τῷ
1453 1620 1593 1673 ἐλέει
1653 1620 1746 1672 τοῦ

172 1708 309 1761 Θεοῦ
332 1748 347 1773 ,
389 1708 522 1762 ἀλλά
566 1710 661 1762 καὶ
702 1711 847 1780 ἡμᾶς
876 1710 1150 1782 εἰσφέρειν
1184 1711 1274 1764 τὸν
1318 1712 1406 1765 διὰ
1434 1714 1542 1767 τῶν
1575 1713 1749 1784 ἔργων

174 1799 358 1853 πόνον.
379 1799 399 1871 ]

1843 493 1985 546 diam
2006 488 2161 542 offert
2180 495 2234 541 et
2258 485 2466 539 veniam
2498 502 2510 539 :
2542 484 2775 538 invictos
2796 493 2976 537 autem
3000 482 3216 536 virtutis
3238 482 3404 537 athle-

1841 590 1945 644 tas,
1978 579 2211 633 victores
2244 576 2547 639 denuntiat,
2580 585 2633 629 et
2678 582 2905 629 coronat
2945 590 3070 628 cum
3097 574 3325 627 veritate
3351 583 3406 627 et

1841 670 2092 741 aequitate
2135 668 2402 723 calculum
2431 666 2650 721 ferens:
2678 681 2771 720 eos
2800 680 2929 721 vero
2967 666 3061 735 qui
3094 666 3148 719 in
3184 678 3406 735 peccato

1843 763 2008 817 vitam
2054 769 2301 831 egerunt,
2334 774 2508 828 neque
2547 758 2857 828 pcenitentia
2906 757 3121 827 purgati
3155 765 3301 821 sunt,
3340 771 3406 810 ex

1843 855 1956 909 veri
1983 862 2038 908 et
2069 853 2210 922 aequi
2240 852 2558 922 praescripto
2591 850 2873 920 suppliciis
2908 849 3088 903 allicit.

1917 1070 2028 1143 [l3.
2052 1071 2118 1124 Et
2140 1089 2310 1125 semen
2340 1072 2451 1141 ejus
2477 1072 2803 1126 hwreditabit
2828 1080 3043 1125 terram.
3067 1070 3196 1141 Ejus
3225 1084 3411 1139 opera,

1850 1165 2046 1234 inquit,
2093 1165 2144 1217 in
2177 1179 2342 1218 causa
2377 1172 2524 1229 sunt,
2558 1172 2616 1217 ut
2640 1164 2754 1233 ipse
2785 1164 3173 1235 intelligibilem
3210 1173 3411 1218 terram

1851 1256 2162 1311 haereditate
2209 1255 2443 1324 accipiat
2475 1274 2487 1308 ε
2535 1264 2696 1311 erunt
2742 1265 2923 1311 autem
2948 1297 2963 1323 ,
2998 1255 3196 1325 inquit,
3227 1270 3413 1310 semen

1851 1347 1992 1419 frugi
2020 1348 2283 1410 virorum,
2325 1347 2525 1417 quibus
2568 1346 2815 1418 intelligit
2859 1362 2953 1402 eos
2993 1346 3086 1417 qui
3116 1348 3414 1402 secundum

1853 1441 2021 1495 Deum
2053 1438 2165 1493 nati
2194 1449 2342 1495 sunt.

1923 1552 2137 1622 Respice
2176 1552 2231 1605 in
2264 1568 2362 1605 me.
2393 1550 2617 1622 Oportet
2650 1553 2792 1606 enim
2838 1568 2957 1616 nos,
2993 1551 3329 1607 conﬁdentes
3364 1552 3418 1605 in

1853 1644 2229 1699 misericordia
2258 1642 2373 1702 Dei.
2408 1659 2514 1697 non
2540 1644 2768 1713 supinos
2806 1659 2926 1698 esse
2951 1653 3005 1699 et
3029 1644 3293 1713 abjectos,
3326 1644 3420 1698 sed

1853 1741 2018 1795 etiam
2060 1738 2323 1806 laborem,
2352 1740 2446 1810 qui
2474 1740 2528 1793 in
2560 1740 2783 1809 agendis
2818 1740 3078 1808 occurrit,
3114 1739 3422 1815 exhibere.)

246 1938 333 1992 13.
370 1939 559 1992 Daniel
593 1939 862 1993 Barbarus
892 1956 911 1992 :
938 1940 1129 1993 Anima
1156 1940 1271 2009 ejus
1305 1943 1358 1994 in
1387 1942 1533 1995 bonis
1566 1940 1949 1997 demorabitur.
1986 1939 2239 1994 Actiones
2267 1940 2371 1993 illae
2402 1956 2523 2009 qua:
2542 1940 2609 1995 ad
2642 1942 3056 1998 intellectualem
3085 1950 3283 1995 terram
3310 1943 3421 1994 bte-

177 2026 521 2081 reditandam
546 2027 949 2084 conciliatrices
983 2028 1137 2084 factm
1167 2029 1390 2097 fuerint,
1428 2033 1636 2087 semina
1668 2044 1823 2090 terra:
1853 2036 1983 2089 fient
2013 2035 2283 2089 bonorum
2312 2035 2442 2089 viris
2476 2037 2582 2091 illis
2620 2039 2713 2105 qui
2744 2037 3040 2091 secundum
3065 2034 3234 2089 Deum
3264 2047 3423 2087 reno-

174 2116 469 2173 vabuntur.
527 2118 721 2190 Hujus,
753 2120 948 2191 inquit,
992 2137 1179 2177 semen
1215 2124 1556 2181 baereditabit
1590 2136 1823 2195 terram;
1861 2145 1985 2183 nam
2030 2130 2326 2199 perveniet,
2376 2132 2470 2195 ait,
2506 2131 2808 2185 benedictio
2857 2147 3029 2200 uSqne
3068 2130 3133 2184 ad
3175 2136 3424 2200 posteros

175 2226 331 2266 SUOS.

248 2326 601 2395 Κραταίωμα
659 2327 872 2395 Κύριος
928 2326 1046 2381 τῶν
1102 2331 1487 2399 φοϐουμένων
1536 2335 1753 2386 αὐτόν·

1933 2336 2020 2390 14.
2046 2336 2469 2392 Firmamentum
2494 2346 2570 2392 est
2600 2336 2853 2390 Dominus
2886 2337 3185 2390 timentibus
3227 2352 3345 2389 eum
3375 2345 3424 2388 ct

176 2418 275 2468 καὶ
323 2414 576 2481 διαθήκη
620 2416 806 2469 αὐτοῦ
845 2416 1103 2484 δηλώσει
1143 2421 1383 2485 αὐτούς.
1423 2421 1487 2473 Ἡ
1530 2423 1757 2491 εὐαγγε-

178 2508 325 2577 λική.
373 2506 438 2558 Τί
487 2506 543 2559 δὲ
589 2505 851 2578 δηλώσει;
894 2508 926 2579 ἢ
966 2508 1065 2580 τὴν
1112 2511 1384 2581 σωτηρίας
1429 2512 1567 2565 ὁδόν.
1604 2515 1759 2566 Πᾶσα

176 2599 289 2669 γὰρ
308 2639 323 2664 ,
352 2597 516 2668 φησὶ,
556 2598 844 2668 νομοθεσία
886 2598 980 2651 τοῦ
1010 2598 1145 2651 Θεοῦ
1176 2601 1311 2670 πρὸς
1339 2600 1496 2653 τοῦτο
1536 2600 1759 2670 βλέπει,

184 2686 323 2757 πρὸς
346 2686 407 2739 τὸ
435 2688 494 2738 ἐν
524 2687 822 2740 ἀπολαύσει
854 2689 980 2752 τοὺς
1008 2689 1247 2757 ἀγαθοὺς
1270 2695 1443 2745 ποιεῖν
1473 2684 1546 2745 ὧν
1576 2693 1761 2763 προεί-

183 2781 366 2832 λαντο.
395 2779 563 2831 Τοῦτο
590 2780 696 2852 γὰρ
724 2780 907 2848 λέγει·
934 2780 1198 2848 Δηλώσει
1238 2783 1460 2847 αὐτοῖς,
1494 2784 1612 2836 ἀντὶ
1646 2781 1761 2850 τοῦ,

182 2873 241 2925 ἐν
266 2872 563 2925 ἀπολαύσει
590 2873 782 2937 αὐτοὺς
807 2874 1137 2945 καταστήσει
1161 2867 1235 2927 ὧν
1266 2876 1602 2945 προείλαντο.

256 2966 326 3015 Αἱ
383 2965 621 3031 θλίψεις
668 2965 774 3033 τῆς
814 2965 1063 3033 καρδίας
1099 2983 1218 3035 μου
1270 2967 1759 3035 ἐπληθύνθησαν.

186 3055 435 3121 Πολλοῖς,
469 3055 635 3126 φησὶν
654 3096 667 3120 ,
696 3056 965 3124 ἀλγεινοῖς
995 3056 1329 3125 πανταχόθεν
1373 3059 1765 3129 περιστοιχίξο-

188 3167 311 3218 μαι.
343 3149 559 3221 Ταύτην
596 3168 697 3221 μου
726 3150 902 3203 τοίνυν
933 3150 1033 3221 τὴν
1061 3151 1388 3204 ταπείνωσιν
1419 3152 1510 3204 καὶ
1539 3151 1637 3222 τὴν
1672 3168 1765 3205 τα-

187 3240 497 3311 λαιπωρίαν
523 3243 641 3303 ταῖς
671 3243 828 3312 ἐμαῖς
859 3240 1350 3305 ἀντιταλαντεύσας
1379 3242 1764 3313 παρανομίαις,

188 3332 280 3396 δὺς
307 3333 407 3404 τὴν
439 3334 662 3403 ἄφεσιν,
714 3335 809 3388 καὶ
854 3335 952 3405 τὴν
997 3335 1323 3407 συγγνώμην
1364 3337 1628 3406 παρασχε.
1673 3338 1766 3391 Ἐκ

191 3422 313 3475 τῶν
358 3422 637 3492 ἀναγκῶν
680 3440 799 3491 μου
854 3422 1107 3493 ἐξάγαγέ
1142 3440 1255 3493 με’
1300 3424 1362 3475 ἐκ
1392 3422 1499 3478 τῶν
1534 3424 1769 3494 συνεχῶν

194 3532 319 3584 μου.

270 3605 383 3659 Ἰδε
416 3606 529 3674 τὴν
564 3606 925 3660 ταπείνωσιν
968 3624 1088 3675 μου
1118 3606 1217 3659 καὶ
1262 3606 1369 3659 τὸν
1403 3608 1592 3660 κόπον
1627 3623 1765 3675 μου.

1864 2436 2233 2483 testamentum
2280 2431 2445 2499 ipsius
2496 2430 2855 2498 manifestabit
2906 2430 3034 2483 illis.
3075 2427 3423 2498 Evangeliuni

1863 2520 2087 2587 scilicet,
2131 2530 2225 2576 aut
2262 2522 2452 2578 salutis
2480 2522 2651 2575 viam.
2683 2520 2817 2575 Tota
2856 2520 3053 2590 quippe
3096 2519 3180 2574 lex
3221 2519 3427 2573 Christi

1865 2613 1967 2667 hoc
2000 2622 2207 2682 spectat
2242 2623 2299 2667 ut
2330 2614 2528 2683 probos
2563 2614 2763 2683 optatis
2794 2621 2846 2668 et
2868 2612 3089 2666 delectis
3120 2610 3223 2665 frui
3254 2619 3424 2666 curet.

1865 2701 1922 2756 Id
1962 2718 2195 2773 namque
2244 2706 2340 2771 ait,
2368 2704 2727 2773 manifestabit
2778 2704 2911 2767 illis,
2949 2703 3002 2757 id
3029 2712 3132 2767 est,
3159 2701 3427 2771 exoptatis

1866 2793 1974 2849 frui
2003 2797 2235 2850 curabit.

1941 2886 2024 2939 17.
2072 2884 2458 2939 Tribulationes
2506 2886 2677 2939 cordis
2726 2883 2828 2936 mei
2875 2880 3241 2950 multiplicata:
3284 2890 3424 2932 sunt.

1867 2973 2087 3041 Multis,
2134 2977 2344 3047 inquit,
2396 2975 2693 3046 angoribus
2746 2973 2987 3043 undique
3028 2971 3431 3025 circumventus

1871 3083 2014 3122 sum.
2046 3066 2195 3124 Hanc
2221 3068 2404 3139 itaque
2426 3083 2602 3122 meam
2630 3066 3013 3128 humilitatem,
3045 3064 3140 3116 has
3162 3075 3434 3115 aerumnas

1871 3160 2184 3229 appendens
2214 3175 2337 3215 cum
2370 3159 2608 3230 peccatis
2638 3158 2794 3222 meis,
2819 3158 2885 3211 da
2926 3154 3303 3210 remissionem
3341 3166 3432 3207 ve-

1872 3253 2127 3322 niamque
2182 3253 2381 3321 praebe.
2426 3252 2503 3305 De
2542 3250 2936 3304 necessitatibus
2984 3249 3111 3303 meis
3162 3264 3284 3303 erue
3322 3263 3437 3313 me,

1871 3345 2090 3400 assidue
2118 3346 2322 3401 scilicet
2348 3344 2734 3415 prementibus.

1946 3613 2033 3669 l8.
2086 3610 2212 3665 Vide
2254 3609 2607 3665 humilitatem
2653 3624 2820 3662 meam
2866 3617 2914 3661 et
2968 3606 3205 3660 laborem
3243 3621 3433 3658 meum.

194 3700 287 3750 Δεῖ
314 3696 425 3769 γάρ
456 3697 531 3769 μὴ
567 3698 791 3760 ὑπτίους
824 3695 957 3750 εἶναι
994 3698 1087 3750 καὶ
1126 3698 1604 3764 ἀναπεπτωκότας,
1637 3698 1763 3768 θαρε

1887 3703 2101 3773 Dportet
2146 3702 2292 3757 enim
2332 3716 2440 3754 non
2479 3700 2705 3769 supinos
2745 3708 2797 3751 et
2828 3698 3013 3751 animo
3056 3698 3256 3751 fractos
3294 3712 3435 3759 esse,

199 3788 428 3859 ῥοῦντας
460 3789 536 3859 τῷ
564 3790 702 3842 ἐλέει
735 3788 827 3842 τοῦ
858 3788 990 3841 Θεοῦ
1013 3806 1025 3819 ’
1064 3788 1197 3842 ἀλλά
1227 3789 1334 3863 γὰρ
1378 3790 1647 3861 εἰσφέρειν
1684 3789 1771 3840 τὸν

196 3881 286 3934 διὰ
311 3882 419 3933 τῶν
445 3881 619 3951 ἔργων
648 3882 829 3936 πόνον.

277 3970 391 4025 Ἴδε
420 3973 559 4038 τοὺς
586 3973 839 4041 ἐχθρούς
859 3992 995 4044 μου,
1033 3974 1120 4027 ὅτι
1143 3972 1628 4039 ἐπληθύνθηοάν.
1667 3970 1775 4023 Καὶ

202 4063 313 4117 ἀπὸ
343 4066 443 4135 τῆς
488 4065 699 4127 ἀδικίας
740 4065 847 4117 τῶν
885 4066 1096 4136 ἐχθρῶν
1148 4067 1226 4127 εἰς
1274 4064 1419 4116 ἔλεον
1468 4062 1775 4116 ἐκκαλεῖται

203 4155 294 4207 τὸν
323 4155 475 4208 Θεόν.

278 4249 515 4300 Ἀκακοι
560 4248 657 4300 καὶ
698 4246 891 4311 εὐθεῖς
920 4245 1261 4301 ἐκολλῶντό
1296 4262 1419 4313 μοι.
1473 4246 1582 4297 Καὶ
1621 4242 1776 4296 τοῦτο

202 4339 335 4391 ἴδιον
384 4338 620 4409 ἀρετῆς,
664 4339 723 4390 τὸ
761 4341 937 4407 μισεῖν
985 4338 1083 4408 μὲν
1113 4336 1223 4389 τῶν
1268 4335 1486 4405 φαύλων
1520 4335 1617 4398 τὰς
1650 4352 1776 4387 συν-

200 4430 394 4492 θυσίας
420 4469 434 4493 ,
464 4429 591 4491 τοῦς
630 4429 687 4481 δὲ
715 4428 812 4500 τὴν
845 4429 1067 4499 ἰσότητα
1094 4428 1367 4498 τιμῶντας
1408 4428 1503 4479 καὶ
1528 4426 1780 4496 εὐθύτητι

205 4522 523 4594 χρωμένους
559 4521 808 4591 συνήθεις
836 4520 979 4589 ἔχειν
1007 4520 1099 4573 καὶ
1124 4518 1310 4588 φίλους
1330 4535 1344 4549 ο
1376 4518 1534 4570 τοῦτο
1556 4518 1665 4588 γὰρ
1690 4518 1783 4570 καὶ

205 4630 235 4664 ο
284 4614 571 4685 προφήτης
622 4611 725 4683 ἔφη
774 4611 1166 4682 πεποιηκέναι,
1209 4610 1302 4664 ἆτε
1348 4610 1411 4681 δὴ
1463 4610 1784 4681 θεραπεύειν

206 4706 369 4760 τοῦτο
395 4705 487 4758 τὸν
512 4704 788 4773 Δεσπότην
819 4703 1136 4773 ἡγούμενος.

380 4818 483 4879 Εἰς
510 4816 574 4867 τὸ
606 4814 776 4879 τέλος
812 4816 1117 4869 ΨΑΛΜΟΣ
1144 4811 1225 4877 τῷ
1252 4812 1448 4866 Δαυῖδ.
1476 4811 1607 4865 KE'.

849 4905 1167 4970 ’Υπόθεσις.

209 5021 335 5075 Τῶν
360 5021 797 5075 πεπιστευκότων
826 5022 905 5083 εἰς
936 5018 1167 5090 Χριστὸν
1191 5017 1501 5088 εἰσφέρεται
1528 5017 1588 5069 τὸ
1620 5017 1788 5087 πρόσ-

282 5130 433 5167 ωπον
466 5112 812 5183 ἀρνουμένων
841 5111 935 5164 καὶ
958 5108 1435 5181 διισχυριζομένων
1462 5109 1554 5160 ἐπὶ
1589 5110 1654 5179 τῇ
1688 5125 1787 5162 κα·-

283 5206 547 5261 ταστάσει
586 5206 683 5277 τῆς
726 5204 1007 5265 κοινωνίας
1050 5202 1162 5256 τῶν
1212 5201 1477 5255 Ἰουδαίων
1511 5199 1620 5254 τῶν
1665 5217 1789 5252 συν-

285 5296 625 5367 εληλυθότων
644 5292 786 5346 κατά
806 5293 900 5345 τοῦ
924 5292 1129 5362 Κυρίου
1157 5291 1251 5344 καὶ
1276 5289 1413 5342 κατά
1442 5288 1533 5341 τοῦ
1551 5287 1785 5359 Χριστοῦ

284 5389 475 5447 αὐτοῦ.

289 5507 511 5578 Κρῖνόν
531 5522 607 5573 με
624 5542 637 5567 ,
663 5504 835 5571 Κύριε
860 5542 872 5565 ,
916 5502 1003 5553 ὅτι
1030 5499 1145 5570 ἐγὼ
1181 5499 1249 5551 ἐν
1280 5498 1495 5563 ditauit;
1517 5514 1635 5564 μου
1656 5495 1795 5547 ἑπο-

213 5604 461 5672 ρεύθην.
506 5597 764 5651 ’Δκακίαν
789 5595 943 5647 καλεῖ
970 5594 1028 5646 τὸ
1056 5593 1130 5663 μὴ
1164 5592 1449 5661 μετασχεῖν
1478 5590 1574 5656 τῆς
1607 5585 1802 5655 φαυλό-

1875 3794 2104 3848 lidentes
2155 3790 2546 3846 misericordia:
2593 3787 2711 3851 Dei,
2741 3787 2833 3841 sed
2878 3785 3071 3840 afferre
3104 3802 3326 3856 operum
3362 3786 3441 3838 la-

1876 3887 2084 3940 berem.

1948 3974 2036 4028 l9.
2066 3973 2283 4041 Respice
2325 3970 2564 4023 inimicos
2612 3983 2772 4033 meos,
2803 3967 3054 4036 quoniam
3105 3966 3443 4034 multiplicati

1877 4075 2020 4122 sunt.
2062 4065 2138 4118 Ex
2176 4063 2526 4118 inimicorum
2571 4059 2861 4129 iniquitate
2891 4066 3105 4125 sumpta
3135 4057 3442 4121 occasione,

1879 4160 2051 4214 Deum
2082 4166 2244 4213 vocat
2270 4156 2338 4211 ad
2368 4153 2819 4210 misericordiam.

1948 4254 2039 4307 21.
2095 4251 2404 4306 Innocentes
2445 4257 2494 4303 et
2523 4248 2647 4302 recti
2688 4247 3020 4300 adhaeserunt
3054 4244 3202 4296 mihi.
3246 4242 3311 4296 Et
3344 4258 3448 4297 nec

1881 4349 2163 4416 preprium
2196 4343 2414 4398 virtutis
2455 4351 2557 4409 est,
2606 4340 2980 4411 improborum
3008 4352 3336 4407 congressus
3366 4336 3449 4389 fu-

1885 4454 2028 4509 gere,
2064 4437 2205 4506 aequi
2236 4446 2415 4490 autem
2454 4442 2507 4489 et
2537 4434 2667 4488 recti
2703 4434 2942 4488 cultores
2970 4433 3024 4485 in
3071 4431 3261 4485 amicis
3286 4438 3341 4484 et
3369 4429 3449 4483 fa-

1887 4530 2191 4585 miliaribus
2250 4528 2467 4582 habere.
2498 4525 2613 4581 Hoc
2649 4526 2814 4581 etiam
2854 4524 3123 4593 Propheta
3164 4538 3223 4578 se
3258 4522 3453 4578 fecisse

1892 4625 1967 4679 ait
1994 4641 2009 4681 :
2042 4631 2195 4678 ratus
2221 4620 2481 4676 nimirum
2512 4619 2564 4673 id
2598 4633 2720 4672 esse
2746 4616 3036 4670 Dominum
3069 4614 3268 4669 colere.

2102 4737 2155 4790 1.
2190 4732 2257 4787 1η
2289 4734 2444 4802 ﬁnem
2475 4728 2809 4784 PSALMUS
2842 4728 3031 4782 David.
3062 4725 3241 4781 XXV.

2479 4827 2879 4897 Argumentum.

1894 4945 2174 5001 inducitur
2205 4958 2433 5015 persona
2459 4956 2651 4998 eorum
2694 4941 2787 5011 qui
2820 4940 3170 4996 crediderunt
3212 4940 3268 4994 in
3299 4939 3459 4995 Chri-

1964 5047 2130 5103 stum,
2152 5036 2473 5106 negantibus
2490 5036 2693 5089 interea
2719 5033 3287 5089 etcontradicentibus
3309 5047 3460 5086 com-

1966 5130 2242 5185 munionis
2283 5126 2657 5182 constitutioni
2698 5124 2923 5191 Judmis,
2958 5124 3051 5193 qui
3096 5132 3463 5177 convenerant

1967 5224 2228 5278 adversus
2259 5218 2544 5274 Dominum
2574 5226 2629 5274 et
2660 5218 2921 5272 adversus
2944 5215 3222 5270 Christum
3252 5213 3389 5283 ejus.

1966 5486 2163 5539 Judica
2209 5500 2308 5545 me,
2355 5480 2607 5543 Domine,
2654 5479 2904 5549 quoniam
2936 5490 3029 5544 ego
3072 5473 3125 5526 in
3168 5469 3467 5524 innocentia

1901 5596 2016 5633 mea
2050 5580 2315 5645 ingressus
2355 5589 2492 5626 sum.
2527 5570 2896 5623 Innocentiam
2930 5566 3062 5621 dicit
3084 5580 3193 5618 non
3224 5572 3472 5617 ctmnnu-

222 5648 461 5672 νην.--
707 5648 717 5650 ἡ
1056 5648 1068 5663 .
1119 5648 1130 5662 .
1164 5648 1175 5661 .
1338 5648 1368 5659 ι.
1532 5648 1567 5656 -κ
1620 5648 1630 5655 -

222 5711 382 5762 τητος
425 5691 520 5745 καὶ
549 5688 646 5758 τῆς
678 5686 930 5749 ἀπονοίας
979 5684 1084 5737 τῶν
1136 5682 1416 5735 Ἰουδαίων.
1458 5681 1567 5733 Καὶ
1597 5678 1691 5732 ἐπὶ
1727 5694 1763 5730 τι

1904 5671 2086 5728 nicarc
2115 5684 2237 5725 cum
2264 5665 2485 5736 perfidia
2513 5672 2567 5719 et
2590 5662 2804 5718 vesania
2827 5658 3158 5714 Judaeorum.
3187 5648 3254 5705 Ei
3279 5652 3335 5706 in
3364 5649 3471 5702 Do-
