3874 6218
485 264 585 318 157
716 240 737 263 ⁸
1334 268 1390 322 S.
1431 267 1802 323 ATHANASII
1839 269 1990 326 OPP.
2033 269 2215 325 PARS
2254 267 2340 323 ΙΙΙ.
2381 295 2451 307 -
2490 266 2901 322 EXEGETICA.
3610 248 3713 317 H3

481 382 623 434 mino
650 397 862 451 sperans
886 399 988 436 non
1017 383 1341 453 inﬁrmabor.
1370 384 1505 438 Cum
1540 386 1591 438 in
1629 395 1678 439 te
1705 401 1855 455 spem
1880 386 1994 441 salu

2154 386 2335 452 Κυρίῳ
2367 384 2617 444 ἐλπίζὶυν
2657 385 2727 436 οὐ
2756 382 2841 452 μὴ
2870 380 3206 449 ἁσθενήσω.
3242 378 3493 443 Βεδαίαν,
3523 378 3710 447 φησιν,

479 470 548 525 tis
575 485 853 541 reponam,
884 471 1115 527 ﬁrmiter
1145 482 1199 526 et
1232 472 1487 528 immotus
1528 477 1842 529 consistam.

2154 476 2249 540 ἔξω
2295 474 2393 545 τὴν
2427 474 2612 527 στάσιν
2680 475 2759 534 είς
2796 472 2854 524 σὲ
2886 472 2985 534 τὰς
3029 470 3248 533 ἐλπίδας
3296 469 3395 537 τῆς
3435 468 3713 538 σωτηρίας

2145 566 2615 637 ἀπογραψάμενος.

2212 660 2549 726 Δοκίμασόν
2567 675 2663 726 με,
2692 658 2895 724 Κύριε,
2924 656 3021 708 καὶ
3059 655 3350 721 πείρασόν
3372 668 3469 721 με.
3515 651 3579 704 Et
3624 649 3714 715 ἐξ·

2144 751 2341 822 ετάσῃς
2380 750 2475 818 τῆς
2501 748 2675 818 ψυχῆς
2710 766 2811 818 μου
2850 746 2917 799 τὰ
2944 746 3081 815 βάθη
3107 784 3121 807 ,
3169 744 3332 814 φησὶν
3352 783 3365 806 ,
3398 742 3491 794 ἐπὶ
3526 741 3604 810 τῷ
3632 742 3712 810 σῲ

2146 842 2290 911 μόνῳ
2318 841 2568 910 εὑρήσεις
2597 839 2734 892 ἐλέει
2768 838 2945 891 πάντα
2974 852 3072 906 μου
3108 836 3204 902 τῆς
3234 833 3469 895 διανοίας
3498 833 3587 884 τὸν
3612 833 3713 884 πό-

2140 948 2227 984 νον
2276 933 2622 1000 ἐπανὲχοντα.
2655 928 2821 981 Τοῦτο
2865 927 2921 978 δὲ
2967 924 3133 979 ποιῶν
3179 925 3468 993 εὐάρεστος
3513 922 3712 992 ἔσομαι

2142 1021 2293 1091 παρὰ
2320 1022 2401 1072 σοὶ
2434 1020 2528 1091 τὴν
2560 1022 2657 1090 σὴν
2685 1020 2976 1089 ἀγαπήσας
3009 1015 3283 1087 ἀλήθειαν.

544 648 599 704 9.
635 648 808 703 Proba
834 666 933 713 me,
964 650 1201 714 Domine,
1231 660 1278 704 et
1302 660 1441 703 tenta
1470 667 1566 705 me.
1594 651 1651 705 Si
1683 655 2034 724 pervestiges,

473 740 669 809 inquit,
702 739 967 809 profunda
1020 742 1216 795 animae
1261 757 1413 807 mere,
1460 743 1516 795 in
1564 752 1613 796 te
1657 744 1773 797 solo
1816 760 2032 798 omnem

474 833 673 887 mentis
717 833 1137 887 sollicitudinem
1177 849 1265 888 me
1331 849 1594 904 reponere
1643 836 2028 904 deprehendes.

480 922 634 989 Quod
659 938 781 977 cum
806 939 982 993 agam,
1002 934 1258 996 acceptus
1278 942 1372 982 ero
1396 927 1510 991 tibi,
1539 936 1643 982 tua:
1661 929 1865 984 scilicet
1890 931 2034 983 veri-

469 1016 597 1070 tatis
622 1030 832 1072 amans.

536 1149 728 1204 Daniel
761 1151 1074 1207 Barbarus:
1108 1152 1211 1208 Ure
1240 1171 1384 1208 renes
1416 1171 1575 1209 meos.
1606 1155 1772 1221 Quasi
1799 1156 1963 1222 dicat,
2000 1157 2268 1212 succende
2301 1166 2355 1211 et
2377 1159 2628 1211 examina
2666 1155 2885 1209 intimas
2914 1154 3083 1207 animi
3117 1153 3222 1206 mei
3252 1151 3631 1221 cogitationes,
3654 1160 3713 1205 et

466 1255 807 1316 perscrutare
837 1264 905 1301 an
941 1250 1014 1303 ita
1046 1265 1129 1304 me
1159 1250 1333 1305 habeo
1368 1260 1433 1304 ut
1457 1251 1598 1305 dico.
1634 1250 1802 1306 Porro
1829 1253 1932 1307 alia
1968 1261 2054 1307 est
2105 1252 2191 1307 hic
2230 1251 2516 1307 succensio
2546 1249 2785 1313 Domini,
2818 1263 2981 1317 quam
3023 1246 3292 1315 Propheta
3340 1254 3508 1314 optat,
3536 1245 3607 1299 ab
3639 1260 3706 1299 ea

464 1355 587 1409 quae
618 1340 677 1395 ﬁt
702 1341 1016 1396 ardentibus
1050 1344 1271 1413 maligni
1303 1345 1533 1414 sagittis.
1568 1342 1704 1398 Nam
1732 1344 1997 1401 Dominus
2028 1346 2299 1401 deteriora
2337 1342 2632 1408 consumit,
2666 1351 2720 1395 et
2748 1355 2906 1395 renes
2947 1348 3002 1393 et
3029 1338 3192 1393 corda
3224 1344 3521 1407 expurgat;
3548 1336 3712 1389 mali—

463 1448 603 1502 gnus
632 1441 813 1487 autem
842 1434 1094 1489 libidines
1140 1443 1194 1489 et
1228 1435 1450 1491 allectus
1485 1438 1716 1498 excitat:
1754 1448 2038 1510 propterea
2070 1440 2211 1509 ignis
2244 1442 2335 1508 qui
2366 1438 2421 1493 in
2457 1437 2591 1491 rubo
2631 1445 2746 1489 erat
2776 1449 2883 1488 non
2917 1432 3140 1498 exarsit,
3174 1430 3267 1501 qui
3321 1444 3449 1483 vero
3476 1429 3531 1481 in
3557 1428 3710 1497 judi-

462 1524 617 1579 cibus
644 1523 787 1592 est,"
818 1539 882 1578 ex
913 1525 1143 1578 rbamno
1166 1526 1484 1580 comburere
1511 1526 1732 1581 dicitur.

532 1639 587 1694 4.
612 1637 734 1691 Non
756 1638 866 1691 sedi
888 1654 1003 1690 cum
1031 1638 1247 1691 consilio
1266 1641 1533 1694 vanitatis.
1555 1640 2016 1711 lniquissimorum

2200 1639 2319 1690 Οὐκ
2349 1636 2596 1690 ἐκάθισα
2621 1633 2769 1704 μετὰ
2799 1633 3118 1701 συνεδρίου
3160 1632 3570 1701 ματαιότητος.
3596 1633 3708 1685 Σα-

456 1731 660 1801 judaici
694 1731 873 1800 populi
914 1731 1221 1800 principum
1256 1733 1550 1787 consilium
1592 1734 1734 1803 apud
1778 1748 1902 1787 eum
1933 1732 2016 1801 qui

2154 1728 2245 1790 ;ῶς
2272 1727 2373 1780 ἐπὶν
2396 1726 2716 1789 τοῦ-εἰδότος
2744 1725 2841 1788 τὰς
2868 1725 3093 1795 καρδίας
3132 1723 3343 1787 ὲτάζειν
3366 1724 3428 1776 τὸ
3455 1724 3563 1777 τῶν
3600 1742 3707 1776 πα-

460 1822 623 1877 corda
664 1821 815 1875 novit
844 1828 897 1876 et
934 1830 1207 1875 scrutatur
1238 1831 1422 1892 aperte
1456 1830 1614 1893 negat
1646 1830 1699 1877 et
1728 1819 1952 1890 respuit.

2154 1820 2522 1889 ιανομωτάτων
2562 1818 2837 1889 ἀρχόντων
2870 1814 2963 1868 τοῦ
3002 1815 3267 1868 Ἰουδαίων
3308 1815 3492 1878 ἔθνους
3523 1817 3707 1886 ἀρνεῖ-

2126 1927 2213 1963 ται
2252 1910 2542 1980 συνέδριον.

530 1996 577 2050 6.
612 1996 824 2051 Lavabo
871 1997 1007 2051 inter
1044 1999 1339 2052 innocentes
1380 2015 1565 2052 manus
1612 2015 1769 2052 meas.
1822 1997 2019 2060 Purus,

457 2088 657 2157 inquit,
690 2104 786 2142 ero
821 2104 851 2142 a
883 2088 1203 2144 foedissimis
1244 2106 1432 2143 eorum
1466 2091 1651 2159 gestis.
1691 2092 1756 2143 Et
1792 2092 2020 2143 circum-

456 2176 590 2231 ρίτύο
614 2177 783 2231 altare
808 2188 977 2244 tuum,
1011 2178 1253 2233 Domine.
1288 2180 1485 2249 Aperte
1520 2181 1573 2232 in
1608 2180 1755 2234 hisce
1782 2179 2022 2233 rationa-

454 2270 616 2323 bilem
647 2269 901 2338 praedicat
926 2269 1154 2323 cultum.

525 2360 578 2415 8.
606 2360 850 2427 Domine,
878 2361 1041 2414 dilexi
1069 2361 1303 2415 decorem
1324 2362 1509 2443 domus
1540 2370 1662 2417 tum.
1700 2362 1912 2433 [Cupio,
1937 2363 2019 2416 in-

451 2453 592 2523 quit,
625 2453 863 2506 divinam
891 2454 1114 2507 domum
1147 2454 1332 2507 videre
1368 2462 1543 2519 tuam,
1575 2469 1697 2523 qua:
1722 2454 1893 2523 gratia
1925 2461 2017 2506 tua

450 2543 730 2616 refulget.]
763 2544 936 2599 Decor
970 2545 1166 2599 domus
1189 2554 1316 2599 sunt
1340 2547 1434 2613 qui
1462 2554 1652 2599 ornate
1684 2553 1736 2598 et
1761 2544 2018 2615 religiose

450 2636 504 2690 iu
531 2634 774 2691 Ecclesia
800 2636 1022 2707 degunt.

525 2727 577 2783 9.
614 2726 697 2781 Ne
721 2727 910 2796 perdas
953 2743 1069 2780 cum
1096 2728 1270 2797 impiis
1296 2730 1528 2781 animam
1568 2743 1754 2781 meam.
1782 2727 1961 2797 Rogat
1984 2741 2014 2781 a

451 2818 717 2889 supplicio
744 2818 907 2874 eximi
924 2817 1130 2874 Iudaeis
1154 2829 1365 2889 parato.

520 2997 607 3053 10.
642 2997 709 3052 1η
735 3015 956 3069 quorum
995 3000 1235 3055 manibus
1277 3003 1575 3071 iniquitates
1611 3012 1755 3065 sunt,
1796 3004 2011 3057 dextera
2038 3017 2081 3073 ο

446 3104 628 3142 eorum
662 3088 861 3158 repleta
886 3099 961 3143 est
985 3091 1304 3145 muneribus.
1332 3091 1441 3145 Aut
1460 3094 1586 3161 quia
1616 3092 1775 3148 donis
1798 3093 1889 3163 jus
1911 3094 2012 3162 ipsi

447 3188 835 3247 pervertereut,
864 3193 957 3236 aut
1002 3184 1129 3252 quia
1170 3184 1330 3239 donis
1364 3186 1694 3253 proditorem
1736 3187 2012 3255 corrupis-

446 3279 571 3325 sent
596 3288 609 3337 ;
638 3282 733 3326 aut
760 3274 885 3341 quia
915 3274 1115 3343 injuste
1155 3285 1428 3345 raperent,
1470 3277 1592 3332 ideo
1621 3278 1895 3332 dexteram
1920 3292 2012 3332 eo-

445 3376 582 3425 rum,
602 3362 881 3429 replebant
910 3366 1250 3421 muneribus.

480 3452 532 3505 1.
562 3452 797 3508 PSALM
810 3453 896 3511 US
928 3456 1097 3511 David
1118 3460 1425 3528 priusquam
1452 3461 1714 3514 (iniretur.
1748 3459 1851 3513 XX
1868 3459 1959 3513 γι.

1039 3556 1078 3603 Α
1092 3562 1439 3621 rgumentum.

442 3632 866 3692 instructionem
932 3639 1194 3697 adversus
1251 3643 1442 3698 hostes
1496 3643 1874 3711 complectitur
1921 3641 2010 3702 hic

512 3723 785 3791 Psalmus,
814 3743 935 3797 qua:
986 3744 1055 3783 ex
1104 3730 1262 3787 bonis
1308 3732 1410 3787 sibi
1438 3748 1469 3786 a
1499 3731 1609 3787 Deo
1633 3731 1843 3787 collatis
1880 3740 2006 3785 nota

517 3826 658 3884 erat,
687 3828 851 3889 atque
899 3836 1025 3875 cum
1077 3822 1419 3879 confessione
1464 3832 1620 3895 rogat
1656 3823 1910 3879 secundis
1950 3838 2008 3878 se

514 3909 674 3965 donis
720 3913 926 3982 augeri.
961 3912 1093 3968 illud
1122 3924 1300 3970 autem
1330 3934 1343 3970 :
1374 3917 1670 3987 Antequam
1702 3925 2002 3986 angeretur,

511 4000 802 4071 signiﬁcat,
844 4004 1023 4073 ipsum
1063 4006 1250 4062 divino
1298 4007 1503 4078 Spiritu
1549 4010 1879 4079 prospicere,
1905 4024 2006 4062 un—

509 4092 743 4161 gendum
768 4108 828 4148 se
853 4093 967 4149 fore
991 4096 1044 4149 in
1072 4112 1274 4167 regem,
1304 4099 1800 4169 tentationibusque
1829 4099 2003 4168 impe-

507 4183 755 4240 tendum.
782 4184 1124 4243 Fortitudine
1151 4190 1365 4245 lumbos
1393 4190 1717 4260 praecinctus
1764 4190 1830 4244 ad
1861 4190 2004 4259 peri-

507 4275 631 4329 cuia
655 4277 1024 4347 propulsanda
1047 4279 1341 4335 admodum
1372 4282 1752 4351 praemunitur.

2193 2002 2455 2069 Νί-ψτομαι
2500 2000 2568 2051 ἑν
2613 1997 2823 2062 ἀθώοις
2860 1998 2966 2062 τὰς
3012 1997 3211 2066 χεῖράς
3250 2014 3389 2071 μοι).
3444 1995 3707 2067 Καθαρὸς

2124 2092 2349 2162 ἔσομαι,
2385 2091 2544 2161 φησὶ,
2586 2089 2692 2142 τῶν
2723 2090 3017 2158 μιαιφόνων
3062 2088 3239 2142 αὐτῶν
3274 2086 3546 2158 πράξεων.
3588 2088 3707 2143 Καὶ

2124 2182 2413 2237 κυκλώσω
2443 2181 2511 2234 τὸ
2544 2180 2973 2249 θυσιαστήριον
3000 2193 3137 2244 σου,
3174 2181 3368 2246 Κύριε.
3402 2178 3600 2247 Σαφῶς
3642 2182 3704 2233 ἐν

2122 2274 2328 2338 τούτοις
2355 2274 2453 2343 τὴν
2487 2272 2708 2341 λογικὴν
2742 2272 3104 2342 ἀνακηρύττει
3129 2271 3405 2342 λατρείαν.

2190 2366 2385 2434 Κύριε,
2410 2364 2696 2432 ἠγάπησα
2722 2362 3080 2429 εὐπρέπειαν
3107 2363 3277 2415 οἴκου
3304 2378 3439 2416 σου.
3488 2363 3697 2435 [Ποθῶ.

2121 2456 2286 2525 φησὶ,
2329 2456 2417 2507 τὸν
2463 2454 2603 2507 θεῖον
2647 2451 2791 2507 οἷκον
2827 2454 2986 2516 ἰδεῖν,
3019 2453 3110 2505 τὸν
3154 2454 3253 2522 τὴν
3299 2454 3396 2523 σὴν
3435 2454 3699 2507 ἀποστίλ-

2120 2548 2281 2599 ϐοντα
2309 2544 2513 2617 χάριν.]
2544 2546 2861 2615 Εύπρέπεια
2907 2544 2999 2597 τοῦ
3038 2543 3265 2596 οἷκουιοῐ
3301 2545 3698 2614 διαπρέποντες

2118 2641 2173 2690 ὲν
2200 2642 2263 2709 τῇ
2308 2638 2601 2707 Ἐκκλησία
2631 2637 2718 2690 διὰ
2747 2634 3073 2698 θεοσεϐείας.

2190 2733 2248 2782 Μ
2253 2729 2284 2797 ἡ
2315 2726 2745 2794 συναπολέσῃς
2761 2727 2910 2794 μετὰ
2934 2722 3166 2778 ἀσεϐῶν
3189 2723 3303 2792 τὴν
3322 2725 3533 2793 ψυχήν
3543 2744 3691 2794 μου.

2121 2820 2267 2884 Ἐξω
2300 2820 2399 2890 τῆς
2421 2820 2696 2881 κολάσεως
2727 2816 2977 2886 γενέσθαι
3004 2816 3227 2886 εὖχεται
3264 2817 3361 2886 τῆς
3392 2818 3696 2887 ἀποκειμέ-

2117 2929 2213 2981 νης
2238 2915 2349 2974 τοῖς
2383 2911 2671 2972 Ἰουδαίοις.

2186 2999 2293 3055 Ὧν
2316 3002 2384 3054 ἐν
2412 3002 2624 3070 χερσὶν
2654 3003 2712 3052 αἱ
2735 3000 2991 3067 ἀνομίαι,
3026 3001 3063 3067 ή
3091 3000 3255 3064 δεξιὰ
3278 2997 3473 3053 αὐτῶν
3492 3000 3693 3067 sariri,-

2117 3098 2231 3162 σθη
2259 3094 2475 3161 δώρων.
2512 3094 2585 3145 Ἦ
2606 3092 2681 3155 ὡς
2706 3091 2799 3144 καὶ
2821 3091 2997 3144 αὐτῶν
3022 3091 3212 3162 δώροις
3241 3091 3692 3162 παρακρινόντων

2114 3188 2173 3239 τὸ
2194 3187 2416 3248 δίκαιον,
2436 3184 2467 3253 ἢ
2493 3183 2581 3236 διὰ
2605 3184 2665 3235 τὸ
2691 3182 2881 3253 δώροις
2899 3184 2988 3235 τὸν
3007 3183 3270 3254 προδότην
3284 3183 3689 3252 ἐξωνήσασθαι·

2113 3280 2145 3349 ἢ
2188 3276 2371 3347 ἐπειδὴ
2414 3276 2720 3348 ἡρπάζοντο
2759 3274 2989 3347 ἀνομίαν
3013 3292 3025 3303 ·
3074 3276 3161 3329 διὰ
3192 3275 3348 3327 τοῦτο
3374 3274 3467 3345 τὴν
3503 3274 3691 3340 δεξιὰν

2113 3370 2289 3423 αὐτῶν
2320 3369 2586 3439 ἐπλήρουν
2613 3367 2685 3419 δώ
2691 3384 2819 3439 ρων.

2154 3462 2460 3515 ΨΑΛΜΟΣ
2509 3458 2609 3512 τοῦ
2641 3459 2821 3512 Amic?
2848 3459 2959 3525 πρὸ
2994 3458 3099 3511 τοῦ
3127 3457 3463 3527 χρισθῆναι.
3501 3462 3646 3525 κεῖν.

2730 3549 3052 3613 ’Υπόθεσις.

2112 3642 2359 3712 Περιέχει
2394 3642 2422 3692 ὁ
2462 3640 2674 3711 ψαλμὸς
2714 3642 3013 3710 κατήχησιν
3054 3643 3171 3694 κατ’
3202 3640 3429 3710 ἐχθρῶν,
3474 3639 3565 3707 ἀφ’
3608 3631 3690 3691 ὧν

2181 3733 2279 3803 ἤδη
2308 3730 2525 3795 ἐδέξατο
2555 3731 2703 3801 παρὰ
2735 3730 2868 3782 Θεοῦ
2894 3732 3321 3803 γινωσκομένην,
3348 3732 3441 3784 καὶ
3467 3732 3697 3800 αἴτησιν

2180 3821 2447 3893 δευτέρων
2494 3822 2711 3890 ἀγαθῶν
2767 3823 2883 3891 μετ’
2949 3821 3403 3893 ἐξομολογήσεως.
3451 3822 3525 3874 Τὸ
3583 3822 3682 3886 δὲ,

2178 3915 2290 3984 πρὸ
2347 3916 2452 3969 τοῦ
2506 3913 2861 3983 χρισθῆναι,
2918 3917 3093 3967 ἐκεῖνο
3129 3916 3401 3986 σημαίνει,
3446 3916 3550 3977 ὅτι,
3606 3913 3685 3982 τῷ

2178 4006 2453 4077 Πνεύματι
2490 4005 2567 4075 τῷ
2593 4004 2722 4076 θείῳ
2765 4005 3165 4077 προεωρακὼς,
3208 4005 3283 4068 ὡς
3323 4005 3681 4075 χρισθήσεται

2181 4099 2279 4167 μὲν
2324 4099 2403 4160 είς
2449 4096 2705 4166 βασιλέα,
2739 4097 3027 4168 περιπὲσει
3057 4097 3115 4150 δὲ
3158 4100 3269 4160 τοῖς
3316 4100 3693 4168 πειρασμοῖς..

2177 4186 2395 4257 ἀνδρείᾳ.
2431 4185 2872 4256 περιζωσάμενος
2909 4186 3004 4256 τὴν
3048 4187 3218 4255 ὀσφὺν
3259 4184 3317 4239 εὖ
3356 4186 3501 4255 μάλα
3545 4188 3680 4255 περὶ

2176 4277 2301 4339 τοὺς
2329 4274 2601 4338 κινδύνους
2634 4274 2847 4327 ἁντισοῦ
2858 4274 2980 4328 σθαι
3003 4274 3427 4329 διαϐεϐαιοῦται.

504 4424 703 4494 Adjicit
732 4424 927 4481 Daniel
952 4426 1224 4482 Barbarus
1256 4445 1273 4481 :
1308 4427 1612 4484 Vicesimus
1644 4437 1851 4493 sextus,
1876 4428 2160 4498 septimus,
2197 4435 2423 4481 octavus
2458 4433 2511 4480 et
2539 4440 2717 4479 nonus
2757 4425 2947 4494 psalmi
2984 4424 3124 4479 idem
3158 4426 3355 4480 habent
3385 4442 3683 4496 argumen-

428 4525 567 4570 tum.
597 4516 875 4588 Siquidem
919 4520 1165 4589 subjecto
1190 4522 1246 4575 in
1280 4520 1533 4594 Assyrios
1568 4524 1758 4578 eodem
1798 4540 1865 4578 ex
1907 4536 2142 4591 persona
2177 4520 2318 4574 beati
2348 4518 2593 4573 Ezechiae
2623 4518 2899 4581 dicuntur,
2933 4516 3257 4586 praedicente
3306 4516 3496 4582 David,
3524 4530 3575 4573 et
3611 4523 3677 4574 ad

428 4618 535 4665 hoc
568 4624 951 4683 argumentum
976 4624 1267 4672 revocante
1298 4616 1571 4688 Propheta
1617 4619 1765 4673 illius
1797 4632 2107 4687 personam,
2141 4615 2214 4669 ita
2246 4621 2307 4668 ut
2338 4613 2524 4668 eadem
2566 4613 2728 4667 verba
2773 4611 3029 4681 praedicet
3064 4620 3118 4664 et
3145 4610 3369 4664 aliectus
3398 4613 3675 4668 ostendat.

426 4706 695 4759 Caeterum
727 4706 1087 4763 imitationem
1116 4718 1170 4763 et
1202 4708 1559 4765 diﬂ'erentiam
1587 4710 1876 4779 quamdam
1904 4709 2105 4761 habent
2129 4707 2182 4760 hi
2214 4706 2408 4775 psalmi
2436 4728 2449 4758 :
2479 4719 2603 4758 nam
2641 4703 2929 4757 vicesimus
2960 4712 3165 4768 sextus,
3197 4711 3251 4755 et
3277 4701 3566 4757 vicesimus
3591 4720 3677 4757 ερ-

427 4782 649 4865 ptimus,
678 4797 918 4853 victoria:
964 4802 1209 4856 carmina
1253 4812 1380 4857 sunt
1423 4812 1633 4858 tantum
1676 4818 1775 4873 pro
1803 4801 1993 4856 deletis
2018 4798 2294 4869 Assyriis:
2332 4806 2387 4851 at
2415 4796 2703 4851 vicesimus
2728 4803 2953 4850 octavus
2991 4802 3045 4848 et
3083 4792 3372 4848 vicesimus
3401 4806 3579 4847 nonus
3609 4796 3676 4848 de

426 4891 803 4948 incolumitate
833 4900 889 4948 et
916 4896 1150 4952 sanitate
1176 4896 1422 4955 Ezechiae
1446 4901 1695 4955 restituta
1726 4898 2055 4954 mentionem
2087 4894 2312 4949 faciunt.

496 4981 757 5038 Dominus
800 4984 1122 5041 illuminatio
1171 5006 1287 5043 mea
1322 5000 1369 5044 et
1399 4992 1543 5047 salus
1587 5009 1721 5057 mea,
1746 5009 1896 5063 quem
1927 4994 1995 5043 ti-

2172 4987 2383 5052 Κύριος
2412 4982 2713 5053 φῳτισμός
2735 4999 2852 5050 μου
2882 4980 2979 5033 καὶ
3004 4980 3203 5047 Σωτήρ
3221 4997 3361 5049 μου,
3391 4981 3525 5033 τίνα
3562 4998 3671 5048 9co-

424 5072 609 5125 mebo?
632 5073 988 5129 Adversarias
1018 5085 1314 5145 potestates
1344 5080 1595 5151 despicit,
1627 5084 1753 5152 quia
1798 5084 1851 5137 in
1886 5082 1994 5137 Do-

2154 5076 2465 5143 ῃθήσομαι;
2494 5071 2902 5142 Κατευμεγεθεῖ
2930 5070 3037 5123 τῶν
3082 5070 3470 5139 ἀντικειμένων
3510 5071 3673 5122 δυνά-

423 5164 556 5217 ιιιίηἰ
582 5163 979 5220 illuminatione
998 5169 1242 5223 conlidit.
1264 5172 1308 5222 A
1324 5180 1394 5236 te,
1418 5174 1612 5243 inquit.
1634 5176 1991 5234 illuminalus.

2154 5186 2247 5220 εων
2291 5166 2366 5237 τῷ
2406 5166 2545 5235 φωτὶ
2594 5164 2688 5217 τοῦ
2732 5163 2936 5235 Κυρίου
2996 5163 3298 5234 θαρρήσας.
3354 5164 3489 5215 Ὑπὸ
3535 5164 3667 5224 σοῦ,

421 5269 613 5309 omnes
647 5271 752 5310 una
778 5257 963 5311 hostes
990 5268 1279 5315 contemno

2154 5262 2263 5331 13‘s,
2302 5259 2667 5329 φωτιζόμενος
2712 5256 2928 5309 πάντων
2965 5255 3099 5325 ὁμοῦ
3143 5254 3249 5307 τῶν
3288 5254 3671 5325 πολεμούντων

622 5412 634 5423 .
672 5412 683 5423 .
734 5414 766 5423 ..
843 5416 852 5423 .
1078 5417 1108 5423 _
1214 5421 1222 5423 _
2097 5351 2438 5423 καταφρονῶ.
2665 5330 2689 5361 ⁸

492 5412 683 5465 Daniel
725 5414 993 5471 Barbarus
1017 5432 1036 5471 :
1067 5417 1322 5475 Dominus
1371 5436 1629 5491 protector
1668 5429 1783 5484 vita:
1835 5450 1976 5489 mete.
2012 5447 2016 5478 ε

2192 5412 2327 5497 adeo
2377 5440 2697 5497 insidiarum
2745 5452 2937 5509 potens
2996 5439 3117 5503 crit,
3182 5447 3239 5493 ut
3293 5448 3485 5508 potens
3523 5438 3671 5493 Dcus

420 5517 503 5560 est
534 5508 598 5561 ad
638 5509 897 5565 auxilium
928 5511 1249 5571 ferendum?
2692 5514 2695 5517 Α

509 5642 551 5672 ⁵⁷
587 5641 760 5699 Judic.
800 5665 869 5711 ιχ,
905 5650 985 5704 lii.
