3874 6218
203 298 312 355 κο
1262 302 1620 359 EXPOSITIO
1661 303 1727 359 ΙΝ

1894 303 2093 359 LMUM
2129 302 2340 359 XXVII.
3341 309 3444 365 150

290 418 384 467 Ἐν
415 414 491 479 τῷ
520 414 767 483 ἐγγίζειν
798 414 889 467 ἐπ’
929 414 1033 485 ἐμὲ
1071 418 1425 483 κακοῦντας.
1468 419 1754 490 Προσῆλθο·

1944 419 1998 472 2.
2032 418 2169 473 Dum
2214 420 2527 489 appropiant
2571 436 2725 488 super
2773 436 2850 473 me
2890 429 3144 475 nocentes.
3182 420 3440 478 Accesse-

200 509 325 577 μὲν,
356 508 508 577 φησὶ,
554 506 862 577 διαφθεῖραι
891 506 1133 572 θέλοντες
1173 510 1468 564 πεπόνθασι
1504 512 1560 565 δὲ
1592 512 1619 565 ὃ
1645 513 1754 585 δρᾶ

1894 521 2026 577 runt,
2052 511 2245 580 inquit,
2275 510 2457 565 animo
2489 512 2594 565 mei
2637 512 2929 581 perdendi,
2965 513 3111 582 quod
3152 514 3442 585 sperabant

194 612 293 650 σαι
320 596 578 666 ἢλπισαν.

1898 602 2128 657 llaturos
2157 617 2215 656 se
2243 601 2393 665 mali,
2424 601 2623 655 accidit
2651 602 2802 670 ipsis.

275 686 393 742 Τοῦ
414 687 709 747 κατοικεῖν
730 704 807 757 με
841 689 911 741 ἐν
935 688 1077 756 οἴκῳ
1096 691 1338 758 Κυρίου.
1358 692 1466 745 Καὶ
1494 691 1600 762 γὰρ
1628 693 1754 759 όιγιο⁴

1948 692 2002 746 4.
2045 691 2112 747 Ut
2144 692 2425 746 inhabitem
2461 692 2516 744 in
2550 693 2704 745 domo
2738 691 2968 746 Domini.
3006 692 3217 747 Etenim
3251 702 3439 748 sancta

190 776 415 847 πρεπὴς
445 779 479 847 ἡ
518 777 734 847 αἴτησις
764 777 986 846 γέγονε,
1014 780 1108 832 καὶ
1139 780 1257 850 Θεῷ
1300 780 1480 834 δοῦναι
1507 782 1651 847 ἀξία.
1693 781 1754 847 Td

1894 792 1927 839 ξι
1958 799 2111 854 aequa
2146 784 2455 853 postulatio,
2496 799 2657 851 quam
2713 786 3011 838 concedere
3059 783 3169 839 Deo
3216 784 3436 853 dignum

188 864 434 931 θεωρεῖν
472 881 549 933 με
603 864 719 932 τὴν
762 867 1130 934 τερπνότητα
1161 869 1403 936 Κυρίου.
1449 871 1537 923 Ἐν
1567 870 1737 942 ταύτῃ

1894 884 1973 931 :sl.
2008 874 2073 928 Ut
2109 874 2315 928 videam
2358 873 2673 942 voluptatem
2715 873 2948 928 Domini.
2982 876 3043 927 In
3095 875 3216 939 hac,
3240 874 3435 942 inquit,

186 957 379 1025 φησιν,
400 955 631 1027 εὔχομαι
657 958 945 1022 διαπαντὸς
969 959 1161 1025 οἰκεῖν,
1189 960 1245 1011 ὲν
1344 962 1439 1015 καὶ
1468 960 1569 1031 τῆς
1598 978 1771 1032 σωτη-

190 1048 316 1117 ρίας
351 1047 636 1117 ἐπέτυχον.

275 1139 374 1190 Ἐν
395 1138 581 1207 πέτρᾳ
600 1138 849 1208 ὕψωσέν
858 1157 954 1209 με.
972 1141 1165 1210 Σαφῶς
1179 1142 1207 1194 ὁ
1225 1140 1431 1205 Παῦλος
1448 1142 1546 1213 τὴν
1564 1143 1768 1214 πέτραν

181 1224 331 1281 ιῖναι
363 1229 457 1281 τὸν
482 1230 715 1300 Χριστὸν
739 1229 1149 1301 διισχυρίζεται.
1180 1233 1342 1301 ’ᾼσω
1364 1233 1460 1285 καὶ
1490 1232 1769 1301 ψαλῶ·τῷ

178 1317 405 1386 Κυρίῳ.
438 1317 635 1387 Σαφῶς
658 1318 759 1390 τὴν
785 1318 903 1385 τοῦ,
925 1319 1132 1390 Ἂγιος,
1158 1320 1329 1390 ἅγιος,
1362 1322 1535 1390 ἅγιος,
1563 1325 1767 1395 ἀνακη-

181 1407 373 1479 ρύττει
398 1407 676 1479 λατρείαν.

1872 980 2062 1034 precor
2086 965 2219 1018 mihi
2251 979 2465 1033 semper
2491 964 2738 1019 habitare
2770 965 2950 1033 liceat,
2982 965 3037 1019 in
3065 981 3170 1036 qua
3197 981 3317 1022 sum
3343 983 3435 1022 sa-

1872 1055 2036 1109 lutem
2069 1063 2416 1110 consecutus.

1958 1145 2012 1199 6.
2058 1144 2125 1198 In
2168 1155 2316 1214 petra
2347 1147 2601 1201 exultavit
2629 1164 2726 1202 me.
2758 1147 2954 1216 Aperte
2980 1145 3183 1203 Paulus
3225 1157 3433 1218 petram

1868 1252 1989 1291 esse
2003 1236 2281 1290 Christum
2301 1236 2531 1292 afﬁrmat
2554 1239 2616 1290 ⁸⁸.
2638 1238 2873 1292 Cantabo
2904 1248 2952 1292 et
2973 1238 3233 1307 psalmum
3257 1240 3434 1293 dicam

1868 1330 2113 1383 Domino.
2141 1329 2423 1385 Manifeste
2449 1331 2652 1384 cultum
2684 1345 2780 1399 per
2815 1330 2929 1384 haec
2958 1330 3143 1397 verba,
3177 1330 3432 1395 Sanctus,

1866 1427 2106 1480 sanctus.
2137 1428 2358 1474 sanctus
2382 1419 2449 1486 ",
2483 1418 2753 1475 redditum
2782 1420 3059 1490 praedicat.

1942 1509 1993 1565 7.
2042 1510 2277 1577 Exaudi,
2310 1510 2552 1575 Domine,
2583 1528 2756 1566 vocem
2808 1528 2997 1565 meam.
3036 1512 3205 1578 Quasi
3248 1514 3430 1569 dicat:

1864 1608 2070 1673 gratias
2114 1604 2213 1658 tibi
2237 1604 2304 1658 de
2343 1604 2633 1673 praeteritis
2662 1619 2784 1675 ago,
2818 1605 3065 1675 supplico
3085 1620 3185 1675 pro
3209 1603 3431 1660 futuris.

255 1499 669 1565 Εὶσὰκουσον,
701 1502 899 1570 Κύριε,
933 1501 1040 1569 τῆς
1062 1502 1267 1571 φωνῆς
1292 1521 1432 1572 μου.
1467 1505 1610 1557 Ἀντὶ
1647 1505 1761 1571 τοῦ,

176 1589 510 1659 Εὑχαριστῶ
534 1608 616 1644 σοι
635 1591 775 1663 ὑπὲρ
797 1591 903 1645 τῶν
938 1592 1404 1665 παρεληλυθότων,
1434 1595 1761 1667 δεηθήσομαι

173 1681 235 1734 δὲ
264 1682 410 1753 ὑπὲρ
436 1682 545 1735 τῶν
573 1681 718 1753 ἑξῆς.

247 1774 681 1842 Νομοθέτησόν
714 1791 825 1844 με,
865 1776 1073 1844 Κύριε,
1111 1776 1180 1829 ἐν
1215 1776 1289 1846 τῇ
1322 1776 1440 1843 ὁδῷ
1471 1791 1607 1831 σου.
1657 1778 1759 1829 Τὸν
1791 1765 1833 1818 Β

1948 1782 2032 1837 ll.
2063 1781 2249 1853 Legem
2277 1798 2408 1852 pone
2445 1783 2595 1845 mihi,
2628 1781 2870 1844 Domine,
2908 1782 2963 1834 in
3004 1798 3087 1835 ina
3118 1789 3228 1834 tua.
3251 1780 3433 1834 Evan-

173 1864 541 1933 ιύαγγελικὸν
570 1866 733 1937 νόμον
758 1865 974 1936 εὔχεται
1005 1869 1356 1939 γυμνωθῆναι
1392 1869 1539 1939 αὐτῷ
1558 1888 1570 1900 ·
1598 1870 1754 1932 αὐτὸς

1894 1872 2090 1933 :elicam
2124 1874 2294 1943 legem
2329 1873 2432 1929 sibi
2460 1882 2647 1928 notam
2686 1872 2799 1927 ﬁeri
2828 1873 3101 1942 postulat;
3133 1872 3252 1941 ipsa
3285 1873 3429 1926 enim

170 1954 234 2007 δὲ
268 1954 377 2025 γὰρ
406 1950 476 2026 ἦν
504 1955 599 2008 καὶ
623 1958 655 2028 ἡ
687 1956 870 2009 εὐθεῖα
898 1957 1033 2021 ὁδός.

245 2048 362 2102 Καὶ
395 2049 698 2116 ἐψεύσατο
731 2050 770 2117 ἠ
812 2049 1015 2103 ἀδικία
1041 2048 1247 2119 ἑαυτῇ.
1279 2050 1566 2105 Τουτὲστιν
1596 2052 1758 2123 ἠσθέ-

168 2156 341 2209 νησεν
370 2141 405 2211 ἠ
438 2141 561 2193 καθ’
595 2140 753 2212 ἡμῶν
783 2141 986 2196 ἀδικία.

240 2231 516 2283 Πιστεύω
544 2231 649 2294 τοῦ
682 2230 830 2283 ἰδεῖν
866 2232 938 2284 τὰ
960 2231 1150 2300 ἀγαθὰ
1181 2232 1401 2300 Κυρίου
1429 2233 1498 2287 ἐν
1520 2231 1596 2303 γῇ
1622 2233 1756 2295 ζών-

162 2338 312 2375 των.
339 2322 453 2392 Τὴν
475 2322 586 2376 ἄνω
622 2322 971 2395 Ἰερουσαλήμ
1007 2341 1186 2395 φησιν.

568 2414 874 2468 ΨΑΛΜΟΣ
904 2414 982 2480 τῷ
1012 2414 1211 2471 Δαυΐδ.
1234 2419 1365 2470 KZ'.

809 2506 1132 2571 Ὑπόθεσις.

168 2599 327 2669 ’ᾼδει
356 2597 449 2651 τὸν
484 2598 725 2671 παρόντα
750 2597 962 2668 ψαλμὸν
988 2598 1052 2650 ὲκ
1075 2598 1368 2670 προσώπου
1401 2598 1509 2652 τῶν
1536 2616 1754 2653 πιστευ-

241 2691 458 2743 σάντων
485 2692 565 2754 είς
598 2690 864 2761 Χριστὸν,
903 2690 989 2745 διὰ
1033 2690 1268 2761 δεήσεως
1312 2690 1392 2752 είς
1434 2691 1753 2761 ἐπικουρίαν

235 2782 427 2836 καλῶν
459 2784 553 2835 τὸν
590 2783 723 2841 Θεόν
745 2802 758 2815 ·
792 2783 911 2853 ἅμα
941 2783 997 2836 δὲ
1032 2784 1125 2835 καί¹
1165 2782 1262 2852 τῆς
1311 2783 1577 2835 Ἰουδαίων
1618 2784 1755 2835 ἀποο

237 2876 393 2939 νοίας
435 2876 739 2947 κατάρασιν
779 2875 892 2947 ἔχει
940 2876 1033 2928 καὶ
1076 2873 1240 2944 εὐχὴν
1281 2873 1376 2926 τοῦ
1420 2874 1750 2945 χωρισθῆναι

231 2970 339 3039 τῆς
364 2969 608 3040 χείρονος
632 2969 857 3023 ἐκείνων
889 2969 1123 3039 μερίδος.

235 3060 402 3129 Πρὸς
434 3060 544 3126 σὲ,
576 3062 771 3128 Κύριε,
815 3058 1241 3129 κεκράξομαι...
1272 3059 1369 3113 καὶ
1393 3059 1754 3127 ὁμοιωθήσο-

1863 1974 2010 2020 recta
2037 1965 2122 2019 via
2153 1974 2257 2021 est.

1943 2054 2029 2109 12.
2065 2055 2135 2108 Et
2159 2057 2378 2109 mentita
2402 2065 2478 2110 est
2500 2057 2753 2126 iniquitas
2780 2057 2899 2109 sibi.
2933 2054 2989 2111 ld
3019 2062 3122 2121 est,
3155 2053 3323 2110 fracta
3346 2064 3430 2110 est

1861 2147 2119 2216 iniquitas
2151 2164 2257 2216 qua
2296 2148 2707 2216 impetebamur.

1940 2237 2026 2290 15.
2054 2236 2221 2291 Credo
2265 2237 2434 2291 videre
2463 2238 2597 2291 bona
2636 2237 2846 2292 Domini
2875 2239 2929 2291 in
2963 2248 3102 2293 terra
3124 2238 3423 2293 viventium.

1862 2328 2161 2398 Supernani
2186 2327 2487 2382 Jerusalem
2514 2328 2792 2397 intelligit.

2209 2418 2549 2475 PSALMUS
2576 2419 2765 2474 David.
2795 2417 3045 2476 XXVII.

2448 2510 2848 2579 Argumentum.

1859 2595 2185 2651 Praesentem
2221 2597 2660 2666 canitpsalmum
2709 2613 2774 2652 ex
2819 2614 3046 2667 persona
3089 2597 3421 2653 credentium

1924 2688 1979 2741 in
2025 2688 2325 2749 Christum,
2354 2697 2407 2741 et
2440 2689 2665 2757 supplex
2706 2688 2798 2743 Dei
2843 2690 3099 2759 implorat
3124 2690 3421 2755 auxilium;

1928 2791 2089 2847 atque
2118 2794 2227 2833 una
2257 2778 2566 2834 Judaeorum
2590 2781 2822 2836 vesaniae
2838 2782 3261 2859 exsecrationem
3289 2798 3423 2836 eon-

1931 2874 2087 2937 tinet,
2115 2881 2278 2943 atque
2301 2887 2331 2926 a
2355 2872 2595 2942 pessima
2628 2873 2845 2928 illorum
2877 2882 3022 2927 sorte
3058 2872 3298 2942 separari
3320 2888 3421 2942 po~

1926 2965 2111 3020 stulat.

1926 3057 1977 3109 1.
2014 3056 2095 3110 Ad
2138 3065 2205 3122 te,
2240 3055 2479 3121 Domine,
2503 3056 2831 3127 clamabam.
2857 3068 2903 3111 et
2951 3056 3287 3110 assimilabor
3332 3072 3423 3108 ae-

153 3170 269 3223 μαι
302 3152 430 3217 τοῖς
461 3153 930 3209 καταϐαίνουσιν
950 3154 1038 3218 είς
1062 3151 1315 3207 λάκκον.
1353 3152 1513 3214 Ἔθος
1541 3154 1605 3223 τῇ
1631 3153 1749 3223 θείᾳ

1894 3148 2214 3201 :endentibus
2245 3149 2299 3201 in
2325 3148 2519 3202 lacum.
2550 3147 2665 3204 Mos
2689 3149 2884 3203 divinae
2920 3148 3214 3218 Scriptura:
3239 3147 3418 3201 lacum

159 3246 363 3318 Γραφῇ
396 3244 598 3297 λάκκον
629 3242 915 3314 ὀνομάζειν
947 3245 1036 3297 τὸν
1066 3243 1219 3314 ᾅδην.

230 3335 335 3404 Μὴ
365 3336 757 3404 συνελκύσῃς
774 3353 850 3405 με
868 3335 1017 3404 μετὰ
1044 3335 1425 3405 ἁμαρτωλῶν.
1469 3338 1749 3407 ’Λμαρτω-

157 3430 291 3491 λοὺς
317 3428 381 3480 τὸ
407 3427 518 3480 τῶν
552 3428 820 3481 Ἰουδαίων
851 3428 1000 3491 ἔθνος
1045 3429 1199 3498 φησι,
1245 3428 1384 3480 κατὰ
1415 3429 1473 3481 τὸ
1513 3428 1743 3499 εἰρημέ-

157 3538 251 3575 νον
283 3522 472 3583 αὐτοῖς
496 3521 600 3573 ὑπὸ
632 3519 727 3573 τοῦ
754 3520 1004 3592 Σωτῆρος
1024 3537 1038 3549 ο
1080 3519 1223 3572 Ἐὰν
1243 3519 1328 3588 μὴ
1360 3520 1743 3587 πιστεύσητε,

157 3612 252 3665 ὅτι
271 3611 389 3680 ἐγώ
409 3613 546 3679 ειμι,
565 3611 634 3664 ἐν
661 3610 791 3676 ταῖς
816 3611 1126 3679 ἁμαρτίαις
1146 3608 1311 3678 ὑμῶν
1328 3609 1741 3681 ἀποθανεῖσθε.

155 3704 329 3757 Αὐτοὶ
360 3704 421 3756 δὲ
449 3704 544 3755 καὶ
568 3703 924 3773 ἐργαζόμενοι
950 3700 1047 3772 τὴν
1077 3701 1329 3772 ἀνομίαν,
1356 3704 1437 3755 ὅτι
1459 3701 1549 3754 τὸν
1570 3700 1744 3754 ἀθῶον

156 3797 255 3851 καὶ
284 3795 493 3848 δίκαιον
522 3795 854 3850 ἀπέκτειναν
874 3834 888 3859 ,
927 3794 985 3847 ὃν
1019 3794 1118 3847 οὐκ
1150 3795 1469 3847 ἀποκτεῖναι
1511 3794 1540 3845 ὁ
1581 3793 1745 3862 νόμος

158 3886 472 3940 ἐκέλευσεν.
492 3885 610 3939 Τῶν
650 3887 992 3939 λαλούντων
1015 3883 1260 3952 εἰρήνην
1278 3882 1427 3952 μετὰ
1450 3882 1572 3936 τῶν
1591 3887 1746 3950 πλη-

155 3978 304 4032 σίον
343 3977 564 4031 αὐτῶν.
597 3977 766 4030 Τοῦτό
795 3995 980 4049 φησιν,
1016 3980 1119 4045 ὅτι,
1150 3976 1466 4030 διδάσκαλον
1491 3976 1584 4028 καὶ
1607 3977 1743 4044 ἀγα-

156 4072 253 4124 θὸν
292 4069 697 4134 ἀποκαλοῦντες
743 4071 837 4123 τὸν
877 4070 1140 4143 Σωτῆρα,
1185 4069 1332 4124 κακά
1387 4068 1743 4136 διελογίζοντο

154 4163 280 4218 κατ’
307 4163 500 4219 αὐτοῦ.

229 4255 354 4309 Ὅτι
387 4257 461 4309 σὺ
481 4254 761 4324 συνῆκαν
780 4257 867 4321 είς
898 4254 972 4308 τὰ
1003 4254 1146 4324 ἔργα
1175 4255 1414 4322 Κυρίου.
1459 4254 1603 4306 Ἀντὶ
1624 4252 1737 4318 τοῦ,

155 4347 273 4400 Οὐκ
299 4345 595 4417 ἠθέλησαν,
632 4346 786 4417 φησι,
820 4346 917 4418 τὴν
948 4346 1157 4400 οἰκείαν
1188 4344 1594 4418 παραδέξασθαι
1633 4362 1739 4398 σω-

153 4457 219 4510 τη
229 4438 377 4509 ρίαν.

224 4531 337 4585 Καὶ
361 4531 659 4585 ἀνέθαλεν
688 4531 726 4599 ἡ
750 4530 906 4598 σάρξ
925 4549 1066 4601 μου.
1096 4529 1289 4599 Σαφῶς
1318 4531 1417 4600 τὴν
1444 4530 1735 4584 ἀνάστασιν

152 4626 213 4675 ὲν
237 4623 453 4685 τούτοις
485 4622 765 4693 κηρύττει.
1570 4652 1573 4653 ν

1850 3239 2121 3307 appellare
2151 3238 2451 3292 infernum.

1933 3333 1986 3385 5.
2014 3330 2097 3385 Ne
2130 3331 2289 3385 simul
2323 3332 2503 3385 trahas
2549 3348 2628 3385 me
2656 3348 2774 3384 cum
2803 3332 3184 3402 peccatoribus.
3218 3332 3418 3386 Pecca-

1849 3429 1996 3476 tores
2030 3419 2339 3476 Judzeorum
2375 3430 2587 3492 gentem
2626 3422 2775 3483 dicit,
2826 3422 2981 3491 juxta
3018 3422 3205 3476 illuda
3232 3423 3419 3477 Salva-

1849 3522 1963 3567 tore
1986 3513 2188 3567 dictum
2221 3533 2233 3567 :
2268 3513 2390 3567 Nisi
2419 3516 2749 3568 credideritis
2780 3517 2905 3585 quia
2933 3532 3025 3583 ego
3051 3531 3187 3579 sum,
3225 3514 3279 3567 in
3301 3531 3411 3582 pec-

1847 3607 1979 3659 catis
2004 3608 2188 3660 vestris
2219 3607 2516 3659 moriemini
2540 3607 2608 3672 ”,
2634 3608 2737 3675 ipsi
2772 3607 2973 3660 interea
2999 3613 3286 3676 operantes
3316 3606 3421 3657 ini;

1845 3696 2132 3765 quitatem,
2170 3714 2293 3752 cum
2315 3698 2674 3771 innocentem
2712 3706 2765 3753 et
2791 3699 2998 3767 justum
3025 3707 3214 3752 contra
3251 3712 3413 3765 quam

1845 3786 1930 3839 lex
1957 3794 2162 3840 vetaret
2185 3787 2513 3841 occiderent.
2541 3787 2645 3851 Qui
2660 3787 2945 3854 loquuntur
2959 3803 3139 3855 pacem
3163 3803 3281 3839 cum
3302 3802 3418 3856 pro-

1843 3879 1988 3931 ximo
2035 3893 2148 3931 suo.
2188 3876 2300 3931 Hoc
2344 3878 2421 3931 ait
2456 3878 2585 3947 quia
2629 3877 2966 3931 Salvatorem
3004 3879 3333 3948 magistrum
3361 3887 3417 3937 et.

1846 3970 2047 4024 bonum
2071 3969 2425 4038 appellantes,
2449 3969 2589 4023 mala
2622 3968 2983 4023 moliebantur
3009 3969 3132 4038 ipsi.

1913 4249 1967 4303 5.
1997 4248 2257 4321 Quoniam
2284 4266 2387 4305 non
2414 4251 2779 4306 intellexerunt
2814 4267 2968 4320 opera
2993 4252 3228 4305 Domini.
3245 4253 3417 4317 Quasi

1840 4338 2045 4394 diceret
2069 4358 2081 4394 :
2108 4339 2412 4396 Noluerunt
2441 4344 2717 4413 propriam
2740 4344 3023 4398 admittere
3048 4343 3300 4396 salutem.

1922 4524 1973 4577 7.
1999 4523 2069 4577 Et
2102 4525 2343 4593 reﬂoruit
2373 4539 2495 4577 caro
2526 4541 2659 4578 mea.
2706 4524 2903 4593 Aperte
2939 4524 3024 4578 his
3055 4523 3410 4578 resurrectur-

1846 4632 1967 4670 nem
1998 4617 2261 4686 prmdicit.

223 4734 428 4803 Adjicit
463 4733 655 4787 Daniel
676 4733 989 4787 Barbarus:
1023 4732 1257 4788 Reﬂoret
1286 4749 1414 4788 caro
1445 4741 1630 4788 nostra
1669 4747 1794 4787 cum
1825 4746 1976 4801 spem
2020 4730 2441 4787 resurrectionis
2473 4730 2793 4800 accipimus;
2823 4740 3094 4785 caeterum-
3123 4747 3228 4785 non
3259 4747 3407 4796 caro,

150 4832 248 4885 sed
282 4844 381 4882 cor
414 4828 504 4881 alii
536 4837 835 4884 verterunt.

221 4923 419 4977 Daniel
458 4922 727 4976 Barbarus
754 4940 771 4977 :
806 4923 891 4977 Ea:
920 4924 1188 4978 voluntate
1224 4941 1340 4979 mea
1370 4923 1654 4993 conﬁtebor
1679 4923 1748 4977 ei.
1784 4921 1932 4975 Dixit
1960 4937 2024 4975 ea:
2063 4920 2350 4984 voluntate,
2380 4920 2447 4975 ad
2477 4919 2833 4975 ditl‘erentiam
2870 4921 3057 4992 legalis
3090 4920 3287 4983 cultus,
3316 4920 3409 4988 qui

149 5016 549 5086 suppliciorum
584 5027 733 5071 metu
766 5017 1123 5083 adiciebatur,
1157 5020 1207 5073 id
1236 5028 1338 5085 est,
1374 5036 1481 5074 non
1506 5020 1730 5073 invitam
1770 5028 1825 5072 et
1850 5026 2119 5083 coactam,
2148 5018 2239 5071 sed
2272 5016 2629 5071 voluntariam
2661 5025 2713 5070 ct
2743 5026 3043 5086 promptam
3080 5015 3407 5070 tibilaudem

149 5106 425 5176 proferam
459 5124 472 5159 :
505 5107 586 5162 sic
614 5117 668 5162 et
695 5108 831 5163 alias
863 5109 1000 5163 dixit
1027 5128 1039 5164 :
1081 5109 1386 5164 Volnntarie
1409 5110 1721 5178 sacriﬁcabo
1750 5110 1846 5163 tibi
1868 5110 1911 5140 ⁸³
1938 5129 1949 5162 :
1986 5108 2051 5162 Et
2078 5110 2380 5163 voluntaria
2412 5110 2517 5161 oris
2544 5108 2642 5161 mei
2679 5108 3001 5177 bencplacita
3032 5108 3138 5175 fac,
3164 5104 3407 5165 Domine,

149 5207 199 5251 et
225 5198 425 5251 exaudi
456 5214 535 5251 me
559 5199 626 5249 ".
654 5196 759 5253 Sed
784 5200 1044 5269 quoniam
1071 5201 1295 5255 verbum
1322 5200 1567 5256 conﬁteri
1601 5209 1653 5254 et
1678 5198 2081 5254 damnationem
2123 5206 2496 5268 peccatorum,
2524 5206 2579 5252 et
2612 5198 2920 5265 gratiarum.
2943 5197 3210 5250 actionem
3243 5193 3410 5261 signi-

150 5290 312 5357 ticat;
345 5291 468 5347 ideo
498 5292 542 5347 si
576 5293 681 5348 hoc
706 5292 825 5348 loco
855 5309 955 5363 pro
983 5296 1336 5351 damnatione
1365 5296 1571 5366 peccati
1600 5295 1883 5351 commissi
1909 5289 2177 5355 sumatur,
2211 5294 2390 5348 innuit
2412 5295 2559 5364 quod
2590 5311 2695 5348 non
2730 5294 2935 5363 pudore
2958 5300 3011 5345 et
3032 5299 3279 5358 respectu
3307 5291 3410 5341 ho.-

151 5384 360 5437 minum
405 5399 635 5454 peccare
680 5386 929 5443 destitit:
964 5389 1057 5444 sed
1090 5390 1351 5459 quoniam
1391 5391 1694 5460 respexerit
1734 5392 1798 5444 ad
1840 5390 2024 5445 odium
2053 5398 2107 5443 et
2144 5405 2342 5443 noxam
2376 5390 2578 5458 peccati
2607 5408 2619 5442 :
2652 5388 2697 5443 si
2732 5403 2859 5442 vero
2892 5386 3127 5441 sumitur
3160 5398 3258 5454 pro
3289 5398 3410 5451 gra-

151 5474 352 5529 tiarum
391 5479 635 5547 actione,
667 5480 904 5535 ostendit
940 5496 997 5535 se
1027 5482 1093 5536 de
1125 5483 1380 5539 omnibus
1404 5484 1609 5553 gratias
1651 5497 1827 5553 agere,
1860 5483 2022 5551 idque
2049 5497 2263 5537 summa
2293 5497 2421 5537 cum
2458 5481 2735 5536 voluntate
2762 5487 3019 5549 praestare
3046 5494 3059 5530 :
3091 5490 3217 5529 nam
3249 5473 3301 5526 id
3326 5466 3407 5523 vel

152 5566 337 5623 dolore
370 5568 458 5623 vel
487 5570 815 5626 necessitate
844 5588 1024 5643 agere,
1056 5589 1164 5629 non
1195 5583 1278 5630 est
1303 5592 1368 5630 ex
1396 5576 1677 5629 voluntate
1710 5573 1978 5628 conﬁteri.

216 5717 258 5749 “
286 5716 303 5771 l
332 5718 462 5776 Cor.
497 5738 559 5787 χ,
592 5723 642 5778 4.

729 5724 769 5758 δε
806 5724 908 5781 lsa.
940 5743 1015 5791 τι,
1050 5728 1098 5785 5.
1182 5730 1223 5761 ⁵ο
1254 5729 1411 5786 Joan.
1451 5746 1573 5795 vni,
1612 5730 1692 5783 2i.

1894 5730 2126 5795 sal.tm,
2163 5729 2211 5783 8.
2295 5730 2338 5761 ⁵²
2370 5727 2511 5782 Psal.
2535 5742 2720 5792 cxvm,
2754 5726 2876 5780 108.
