3874 6218
475 269 576 323 m
705 245 728 268 ⁸
1324 273 1381 328 s.
1422 273 1792 329 ATHANASII
1829 275 1980 332 opp.
2023 274 2206 330 rans
2244 272 2330 329 ιιι.
2371 301 2442 312 —-
2480 271 2892 328 EXEGETICA.
3599 253 3703 324 us

471 387 614 440 mino
640 402 853 457 sperans
876 403 979 442 non
1007 389 1332 458 inﬁrmabor.
1360 389 1496 444 Cum
1530 392 1582 444 in
1619 400 1669 446 te
1695 406 1845 460 spem
1869 391 1984 446 salu

2169 392 2325 458 ἷινρίῳ
2357 389 2608 450 ἐλπίζὶυν
2647 391 2718 441 οὺ
2745 388 2831 458 μὴ
2860 385 3196 455 ἀσθενήσω.
3232 384 3484 449 Βεὸαίαν,
3513 384 3699 453 φησιν,

471 475 539 530 tis
565 490 844 546 reponam,
875 476 1105 532 ﬁrmiter
1135 486 1189 532 et
1222 477 1478 534 immotus
1519 482 1832 535 consistam.

2171 481 2239 546 ξω
2285 479 2383 550 τὴν
2416 479 2602 532 στάσιν
2670 481 2749 540 είς
2787 478 2844 530 σὲ
2877 477 2975 540 τὰς
3019 475 3239 538 ἐλπίδας
3285 475 3385 544 τῆς
3425 473 3701 544 σωτηρίας

2135 571 2606 643 ἀπογραψάμενος.

534 653 590 710 9.
625 653 799 708 Proba
825 671 924 718 me,
955 655 1192 720 Domine,
1221 665 1269 710 et
1293 665 1432 710 tenta
1461 673 1557 710 me.
1584 656 1643 711 Si
1673 660 2024 729 pervestiges,

2203 665 2539 732 Δοκίμασόν
2557 681 2654 732 με,
2682 663 2886 730 Κύριε,
2914 661 3013 713 καὶ
3049 661 3340 727 ets/pavor
3363 673 3459 727 με.
3504 657 3568 710 Et
3611 655 3703 721 ἑξ-

464 745 660 814 inquit,
693 744 958 814 profunda
1011 747 1206 800 anima:
1252 763 1404 812 meae,
1451 748 1507 801 in
1554 756 1604 802 te
1647 749 1763 803 solo
1807 765 1994 804 omnem

2171 756 2331 828 τᾶσῃς
2369 755 2466 824 τῆς
2491 753 2665 823 ψυχῆς
2700 771 2801 824 μου
2840 751 2908 805 τὰ
2933 751 3072 821 βάθη
3097 790 3112 813 ,
3159 749 3356 820 φησὶν,
3388 748 3480 814 ἐπὶ
3515 747 3592 816 τῷ
3619 747 3701 816 cfp

464 837 664 892 mentis
708 838 1127 893 sollicitudinem
1168 854 1256 894 me
1322 855 1584 909 reponere
1633 841 1994 909 deprehendes

2171 847 2280 915 ,όνῳ
2308 845 2558 916 εὑρήσεις
2587 845 2724 897 ὲλέει
2757 843 2936 897 πάντα
2964 858 3063 912 μου
3098 841 3196 908 τῆς
3224 838 3459 900 διανοίας
3487 839 3576 890 τὸν
3600 839 3701 890 πό-

469 928 625 994 Quod
649 943 772 983 cum
797 944 973 998 agam,
993 939 1249 1002 acceptus
1269 947 1364 987 ero
1386 932 1501 997 tibi,
1531 941 1634 988 tua:
1651 934 1856 989 scilicet
1880 936 1993 989 veri

2171 954 2217 990 σν
2265 938 2612 1005 ἐπανέχοντα.
2645 933 2812 986 Τοῦτο
2855 933 2911 984 δὲ
2956 929 3123 984 ποιῶν
3169 930 3458 999 εὐάρεστος
3502 927 3701 998 ἔσομαι

459 1021 588 1076 tatis
613 1036 823 1077 amans.

2132 1026 2282 1098 παρά
2310 1027 2392 1078 σοὶ
2423 1025 2518 1096 τὴν
2550 1027 2647 1096 σὴν
2675 1025 2967 1095 ἀγαπήσας
2998 1021 3273 1093 ἀλήθειαν.

527 1155 718 1210 Daniel
752 1157 1023 1212 Barbarus
1048 1175 1065 1212 :
1099 1157 1202 1214 Ure
1231 1177 1375 1214 renes
1406 1177 1566 1215 meos.
1595 1160 1762 1227 Quasi
1789 1162 1954 1227 dicat,
1991 1162 2259 1218 succende
2290 1172 2344 1217 et
2367 1165 2619 1217 examina
2657 1161 2875 1214 intimas
2904 1159 3072 1212 animi
3107 1158 3212 1212 mei
3242 1157 3619 1226 cogitationes,
3643 1165 3703 1212 et

457 1261 797 1322 perscrutare
828 1269 895 1308 an
931 1255 1005 1308 ita
1036 1270 1120 1310 me
1150 1255 1324 1310 habeo
1359 1265 1424 1310 ut
1447 1256 1588 1311 dico.
1624 1255 1793 1312 Porro
1820 1259 1924 1312 alia
1958 1266 2044 1313 est
2095 1257 2182 1312 hic
2219 1257 2506 1313 succensio
2536 1255 2775 1320 Domini,
2808 1269 2972 1323 quam
3013 1251 3282 1321 Propheta
3329 1260 3498 1320 optat,
3525 1250 3596 1304 ab
3626 1266 3696 1304 ea

454 1361 578 1415 qua:
609 1346 668 1400 lit
692 1347 1007 1402 ardentibus
1040 1349 1262 1419 maligni
1293 1350 1523 1420 sagittis.
1558 1347 1694 1404 Nam
1723 1349 1991 1407 Dominus
2018 1351 2290 1406 deteriora
2327 1348 2622 1414 consumit,
2656 1356 2711 1400 et
2737 1361 2896 1401 renes
2937 1353 2992 1399 et
3019 1344 3183 1398 corda
3214 1349 3510 1412 expurgat;
3537 1341 3701 1395 mali—

453 1453 594 1508 gnus
623 1447 804 1493 autem
832 1439 1086 1496 libidines
1131 1449 1184 1496 et
1218 1441 1441 1496 allectus
1475 1443 1708 1504 excitat;
1744 1453 2028 1516 propterea
2060 1445 2201 1515 ignis
2234 1447 2326 1514 qui
2356 1443 2412 1498 in
2447 1442 2582 1496 rubo
2621 1450 2736 1495 erat
2767 1455 2874 1494 non
2907 1437 3131 1503 exarsit,
3164 1435 3257 1506 qui
3312 1449 3439 1489 vero
3466 1434 3520 1487 in
3546 1433 3700 1503 judi-

453 1529 608 1585 cibus
634 1529 778 1598 est,"
809 1545 872 1584 ex
904 1531 1133 1584 rhamno
1157 1532 1475 1586 comburere
1501 1531 1723 1587 dicitur.

523 1645 578 1700 4.
603 1642 725 1696 Non
746 1644 856 1697 sedi
877 1660 994 1696 cum
1021 1643 1238 1697 consilio
1255 1645 1524 1698 vanitatis.
1545 1645 2016 1716 lniquissimorum
2050 1699 2053 1708 λ

2190 1644 2310 1696 Οὐκ
2339 1641 2587 1696 ἐκάθισα
2611 1639 2760 1710 μετὰ
2789 1639 3108 1707 συνεδρίου
3149 1637 3559 1706 ματαιότητος.
3585 1638 3696 1691 Σα-

447 1736 651 1808 judaici
685 1736 862 1806 populi
905 1736 1212 1806 principum
1245 1738 1541 1792 consilium
1583 1739 1724 1808 apud
1768 1754 1893 1793 eum
1923 1753 1977 1806 qt

2166 1733 2236 1796 ῶς
2263 1733 2364 1785 ἐπὶ·
2385 1731 2706 1795 τοῦείδότος
2734 1731 2832 1794 τὰς
2858 1730 3084 1801 καρδίας
3123 1729 3334 1792 ὲτάζειν
3356 1729 3418 1782 τὸ
3444 1729 3553 1782 τῶν
3589 1747 3696 1782 πα-

451 1827 614 1882 corda
655 1827 805 1881 novit
834 1833 888 1881 et
923 1835 1198 1881 scrutatur
1228 1836 1412 1898 aperte
1445 1835 1605 1898 negat
1636 1835 1690 1882 et
1718 1824 1942 1896 respuit.

2166 1826 2513 1895 ινομωτάτων
2553 1823 2828 1894 ἀρχόντων
2861 1819 2953 1874 τοῦ
2993 1820 3258 1874 Ἰουδαίων
3298 1821 3482 1884 ἔθνους
3512 1822 3696 1892 ἀρνεῖ-

2116 1933 2204 1969 ται
2242 1915 2532 1986 συνέδριον.

521 2001 568 2056 6.
603 2001 815 2057 Lavabo
861 2003 997 2056 inter
1035 2004 1329 2058 innocentes
1370 2020 1555 2057 manus
1601 2021 1759 2057 meas.
1811 2001 2009 2066 Purus,

2184 2007 2445 2074 Νίιψομαι
2490 2005 2558 2057 ἐν
2603 2003 2813 2068 ἀθώοις
2850 2003 2956 2068 τὰς
3001 2002 3202 2072 χεῷάς
3240 2019 3378 2076 μου.
3434 2001 3695 2073 Καθαρὸς

448 2093 648 2163 inquit,
680 2109 777 2148 ero
811 2109 841 2148 a
873 2094 1194 2150 fcedissimis
1235 2111 1422 2150 eorum
1456 2096 1641 2165 gestis.
1681 2097 1746 2148 Et
1782 2097 1978 2149 circum

2166 2115 2340 2168 ιομαι,
2375 2096 2535 2167 φησὶ,
2576 2094 2683 2148 τῶν
2713 2095 3008 2164 μιαιφόνων
3051 2093 3230 2148 αὐτῶν
3264 2092 3537 2164 πράξεων.
3578 2094 3696 2149 Καὶ

447 2182 581 2236 ciebo
604 2183 774 2237 altare
799 2194 967 2250 tuum,
1002 2183 1244 2238 Domine.
1278 2185 1475 2254 Aperte
1510 2185 1564 2238 in
1599 2186 1746 2239 hisce
1772 2184 1977 2238 rationa

2164 2188 2404 2242 υκλώσω
2434 2186 2502 2240 τὸ
2535 2185 2964 2254 θυσιαστήριον
2991 2199 3128 2250 σου,
3163 2186 3358 2252 Κύριε.
3391 2183 3590 2253 Σαφῶς
3631 2187 3694 2240 ἐν

445 2275 606 2328 bilem
638 2275 892 2344 praedicat
916 2274 1144 2329 cultum.

2111 2280 2319 2344 τούτοις
2345 2279 2444 2350 τὴν
2477 2278 2699 2348 λογικὴν
2732 2277 3095 2348 ἀνακηρύττει
3119 2276 3394 2348 λατρείαν.

515 2365 568 2420 8.
597 2365 841 2433 Domine,
867 2367 1031 2420 dilexi
1060 2366 1293 2421 decorem
1315 2367 1499 2448 domus
1530 2376 1652 2423 tuae.
1689 2367 1903 2440 [Cupio,
1928 2368 2010 2422 in-

2180 2372 2374 2440 Κύριε,
2401 2369 2687 2438 ἠγάπησα
2712 2367 3071 2436 εὐπρέπειαν
3097 2369 3267 2421 οἴκου
3295 2384 3430 2422 σου.
3478 2369 3688 2441 [Ποθῶ,

441 2458 583 2528 quit,
615 2458 853 2512 divinam
881 2458 1104 2513 domum
1138 2459 1322 2513 videre
1358 2468 1532 2526 tuam,
1565 2475 1686 2529 qua:
1712 2460 1883 2529 gratia
1915 2467 1969 2512 tl

2159 2461 2276 2531 ησὶ,
2319 2461 2407 2513 τὸν
2453 2460 2594 2512 θεῖον
2637 2456 2782 2512 οἶκον
2817 2459 2976 2522 ἰδεῖν,
3009 2459 3100 2510 τὸν
3145 2459 3244 2528 τὴν
3289 2459 3387 2529 σὴν
3425 2460 3689 2514 ἀποστίλ-

439 2549 721 2622 refulget.]
752 2549 926 2604 Decor
960 2550 1157 2605 domus
1179 2559 1307 2605 sunt
1331 2552 1424 2619 qui
1451 2559 1642 2604 ornate
1674 2559 1727 2604 et
1751 2550 1969 2621 religios

2158 2570 2271 2604 >ντα
2299 2551 2504 2622 χὰριν.]
2535 2551 2851 2622 Εύπρέπεια
2897 2549 2989 2602 τοῦ
3029 2549 3255 2602 οἴκουιοί
3291 2550 3688 2620 διαπρέποντες

441 2642 494 2696 in
520 2640 764 2696 Ecclesia
790 2641 1012 2712 degunt.

2108 2647 2165 2696 ὲν
2190 2647 2254 2714 τῇ
2299 2643 2591 2712 Ἐκκλησία
2621 2642 2709 2696 διὰ
2737 2639 3063 2704 θεοσεϐείας.

514 2733 568 2788 9.
604 2731 687 2786 Ne
712 2733 900 2802 perdas
943 2749 1060 2786 cum
1087 2734 1260 2803 impiis
1285 2736 1518 2786 animam
1558 2748 1745 2786 meam.
1771 2733 1952 2803 Rogat
1975 2747 2005 2786 a

2180 2733 2275 2802 Μὴ
2305 2732 2736 2800 συναπολέσῃς
2751 2733 2901 2800 μετὰ
2924 2727 3157 2784 ἀσεϐῶν
3179 2729 3293 2797 τὴν
3311 2731 3524 2798 ψυχήν
3535 2750 3681 2800 μου.

441 2823 708 2896 supplicio
734 2823 898 2880 eximi
915 2823 1120 2880 Judaeis
1144 2834 1355 2895 parato.

2157 2825 2257 2889 ἔξω
2290 2825 2390 2896 τῆς
2411 2824 2686 2887 κολάσεως
2717 2823 2968 2892 γενέσθαι
2995 2822 3217 2892 εὖχεται
3254 2823 3351 2892 τῆς
3382 2823 3687 2894 ἀποκειμέ-

2107 2933 2203 2987 νης
2229 2920 2340 2979 τοῖς
2373 2916 2662 2979 Ἰουδαίοις.
3430 2904 3432 2906 ⁷

510 3003 598 3059 10.
632 3002 699 3058 1η
725 3021 946 3075 quorum
985 3005 1225 3062 manibus
1267 3007 1565 3077 iniquitates
1601 3017 1745 3071 sunt,
1787 3009 2040 3076 dexteraq

2175 3003 2284 3060 Ὧν
2306 3007 2374 3059 ἐν
2402 3007 2614 3075 χερσὶν
2645 3008 2704 3058 al
2725 3005 2981 3073 ἀνομίαι,
3016 3006 3054 3073 ἡ
3081 3006 3245 3070 δεξιὰ
3268 3003 3464 3058 αὐτῶν
3483 3005 3683 3073 dat/lii.-

436 3110 618 3148 eorum
652 3094 850 3164 repleta
877 3105 952 3149 est
975 3097 1294 3151 muneribus.
1321 3097 1430 3151 Aut
1449 3099 1576 3167 quia
1606 3098 1766 3154 donis
1788 3098 1879 3168 jus
1901 3100 1966 3168 ip:

2152 3103 2222 3167 θη
2249 3099 2466 3167 δώρων.
2503 3100 2576 3150 ’Ἡ
2597 3097 2671 3161 ὡς
2696 3097 2790 3150 καὶ
2811 3097 2987 3150 αὐτῶν
3012 3097 3201 3168 δώροις
3231 3097 3681 3168 παρακρινόντων

437 3193 826 3253 perverterent,
854 3199 948 3242 aut
992 3189 1120 3258 quia
1159 3190 1320 3245 donis
1354 3191 1685 3259 proditorem
1725 3192 1967 3261 corrupis

2149 3200 2163 3244 5
2185 3191 2458 3260 δίκαιον,ἢ
2483 3188 2572 3242 διὰ
2595 3189 2656 3241 τὸ
2681 3188 2872 3260 δώροις
2889 3189 2979 3242 τὸν
2997 3189 3260 3260 προδότην
3273 3189 3679 3258 ἐξωνήσασθαι·

437 3285 561 3330 sent
586 3294 600 3343 ;
629 3288 723 3332 aut
751 3279 875 3348 quia
905 3279 1106 3349 injuste
1144 3291 1418 3350 raperent,
1460 3283 1582 3338 ideo
1610 3283 1885 3338 dexteram
1910 3298 1967 3338 eo

2177 3281 2362 3353 ἐπειδὴ
2405 3282 2710 3353 ἡρπάζοντο
2749 3280 2980 3352 ἀνομίαν
3003 3297 3015 3309 ⁸
3063 3281 3151 3335 διὰ
3182 3281 3338 3334 τοῦτο
3364 3279 3457 3350 τὴν
3493 3279 3689 3346 δεξιὰν.

435 3381 572 3432 rum,
593 3367 871 3435 replebant
899 3371 1240 3427 muneribus.

2103 3376 2280 3428 αὐτῶν
2310 3373 2576 3445 ἐπλήρουν
2603 3372 2809 3444 δώρων.

471 3458 523 3512 1.
552 3457 786 3514 PSALM
799 3459 886 3516 US
917 3461 1087 3517 David
1107 3465 1415 3534 priusquam
1442 3467 1704 3520 (iniretur.
1738 3465 1950 3520 XXVI.

2144 3467 2451 3521 ΨΑΛΜΟΣ
2499 3464 2599 3518 τοῦ
2631 3464 2811 3517 Δωυῒδ
2837 3464 2950 3531 πρὸ
2984 3464 3089 3517 τοῦ
3117 3463 3454 3532 χρισθῆναι.
3489 3467 3635 3531 Κξῖ.

1028 3561 1068 3609 Α
1081 3567 1430 3627 rgumentum.

2720 3554 3041 3618 Ὑπόθεσις.

433 3637 856 3698 lnstructionem
921 3644 1184 3702 adversus
1241 3648 1432 3704 hostes
1486 3648 1864 3718 complectitur
1911 3647 1963 3709 bi

2152 3647 2350 3718 εριέχει
2384 3648 2412 3698 ὁ
2452 3645 2665 3717 ψαλμδς
2704 3647 3003 3716 κατήχησιν
3044 3648 3161 3700 κατ’
3191 3645 3420 3716 ἐχθρῶν,
3463 3645 3553 3713 ἀφ’
3597 3637 3680 3698 ὧν

502 3727 775 3796 Psalmus,
804 3749 925 3802 qua:
976 3750 1045 3789 ex
1094 3735 1253 3792 bonis
1297 3737 1400 3792 sibi
1429 3752 1459 3792 a
1488 3737 1599 3792 Deo
1622 3736 1833 3792 collatis
1869 3745 1995 3792 nota

2171 3739 2270 3809 ήδη
2298 3736 2515 3801 ἐδέξατο
2544 3737 2693 3807 παρὰ
2725 3735 2858 3788 Θεοῦ
2884 3737 3312 3808 γινωσκομένην,
3339 3737 3432 3790 καὶ
3456 3737 3687 3806 αἴτησιν-

506 3830 648 3890 erat,
677 3832 841 3894 atque
890 3841 1016 3880 cum
1067 3827 1410 3885 confessione
1455 3838 1610 3900 rogat
1645 3829 1900 3886 secundis
1939 3844 1998 3884 se

2170 3827 2437 3899 δευτέρων
2485 3827 2701 3896 ἀγαθῶν
2757 3829 2873 3897 μετ’
2938 3827 3393 3898 ὲξομολογήσεως.
3440 3827 3514 3880 Τὸ
3571 3827 3630 3879 δὲ
3656 3869 3671 3892 ,

503 3915 664 3970 donis
710 3918 916 3988 augeri.
951 3917 1083 3974 Illud
1113 3929 1291 3976 autem
1321 3939 1334 3975 :
1364 3923 1660 3993 Antequam
1693 3932 1992 3992 angeretur,

2167 3921 2280 3990 πρὸ
2338 3921 2442 3975 τοῦ
2496 3918 2852 3989 χρισθιῆναι,
2908 3923 3082 3974 ἐκεῖνο
3118 3921 3390 3992 σημαίνει,
3435 3921 3538 3982 ὃτι,
3594 3919 3675 3988 τῷ

501 4005 792 4076 signiﬁcat,
833 4009 1013 4079 ipsum
1053 4011 1240 4067 divino
1288 4012 1493 4084 Spiritu
1539 4016 1869 4084 prospicere,
1895 4031 1996 4069 un-

2168 4012 2444 4083 Πνεύματι
2480 4011 2558 4081 τῷ
2583 4009 2712 4082 θείῳ
2755 4011 3155 4084 προεωρακὼς,
3197 4011 3273 4074 ὼς
3314 4010 3671 4081 χρισθήσεται

499 4097 734 4166 gendum
758 4113 818 4154 se
841 4099 958 4155 fore
980 4101 1034 4155 in
1061 4118 1264 4174 regem,
1295 4105 1790 4175 tentationibusque
1819 4105 1994 4174 impe-

2171 4104 2268 4173 μὲν
2314 4105 2394 4166 εἰς
2439 4101 2696 4172 βασιλέα,
2729 4103 3017 4174 περιπέσει
3046 4103 3104 4156 δὲ
3147 4106 3260 4166 τοῖς
3306 4105 3682 4174 πειρασμοῖςμ

497 4188 745 4246 tendum.
772 4190 1114 4249 Fortitudine
1141 4196 1355 4251 lumbos
1383 4196 1708 4266 praecinctus
1754 4196 1820 4249 ad
1851 4195 1994 4265 peri-

2167 4192 2384 4262 thapsia.
2421 4191 2863 4262 περιζωσάμενος
2899 4191 2994 4262 τὴν
3037 4193 3208 4260 ὀσφὺν
3248 4189 3306 4245 εὖ
3346 4190 3490 4262 μάλα
3533 4193 3669 4261 περὶ

497 4280 621 4335 cuia
645 4282 1014 4351 propulsanda
1037 4284 1330 4340 admodum
1361 4287 1742 4356 praemunitur.

2165 4282 2292 4344 τοὺς
2319 4279 2592 4344 κινδύνους
2625 4279 2970 4334 ἀντισοῦσθαι
2993 4280 3414 4335 διαϐεϐαιοῦται.

494 4429 694 4499 Adjicit
723 4429 917 4486 Daniel
943 4431 1214 4486 Barbarus
1246 4450 1264 4486 :
1298 4432 1602 4490 Vicesimus
1633 4442 1841 4498 sextus,
1866 4433 2151 4502 septimus,
2187 4440 2414 4486 octavus
2448 4439 2501 4485 et
2530 4445 2707 4484 nonus
2747 4430 2938 4499 psalmi
2975 4430 3114 4485 idem
3147 4431 3344 4486 nabent
3375 4448 3676 4503 argumen-

418 4531 558 4576 tum.
587 4521 865 4593 Siquidem
909 4524 1154 4594 subjecto
1180 4526 1236 4580 in
1269 4526 1523 4599 Assyrios
1558 4528 1748 4582 eodem
1788 4544 1854 4583 ex
1897 4540 2132 4596 persona
2167 4524 2309 4580 beati
2339 4523 2584 4578 Ezechiae
2613 4523 2890 4587 dicuntur,
2924 4521 3246 4591 pratdicente
3294 4522 3484 4588 David,
3512 4535 3564 4579 et
3599 4529 3667 4587 ad

418 4623 525 4672 hoc
557 4629 942 4689 argumentum
966 4629 1256 4678 revocante
1288 4621 1561 4694 Propheta
1606 4623 1756 4678 illius
1787 4637 2098 4693 personam,
2131 4619 2204 4674 ita
2236 4627 2296 4674 ut
2328 4619 2515 4674 eadem
2556 4618 2718 4673 verba
2763 4617 3019 4687 praedicet
3054 4624 3108 4670 et
3135 4615 3358 4670 allectus
3387 4618 3666 4674 ostendat.

416 4711 686 4791 Caeterum
716 4711 1078 4768 imitationem
1106 4722 1160 4768 et
1191 4712 1549 4770 differentiam
1577 4715 1866 4786 quamdam
1895 4714 2095 4767 habent
2119 4712 2172 4765 hi
2204 4711 2398 4780 psalmi
2425 4733 2440 4764 :
2469 4724 2593 4764 nam
2631 4709 2920 4764 vicesimus
2949 4717 3155 4774 sextus,
3186 4716 3240 4760 et
3266 4706 3554 4762 vicesimus
3579 4725 3667 4763 sc-

416 4801 639 4870 ptimus,
667 4802 909 4859 victoriae
954 4807 1200 4861 carmina
1243 4817 1371 4862 sunt
1414 4817 1623 4863 tantum
1666 4823 1766 4879 pro
1793 4807 1983 4862 deletis
2008 4804 2294 4874 Assyriis:
2322 4811 2378 4857 at
2405 4801 2943 4856 vicesimusoctavus
2981 4808 3036 4854 et
3072 4797 3362 4854 vicesimus
3390 4812 3566 4852 nonus
3596 4801 3666 4854 de

414 4896 793 4954 incolumitate
822 4906 879 4954 et
905 4901 1141 4957 sanitate
1165 4901 1412 4959 Ezechiae
1437 4905 1685 4960 restituta
1716 4903 2045 4959 mentionem
2077 4899 2302 4954 faciunt.

485 4987 746 5044 Dominus
790 4989 1112 5047 illuminatio
1161 5011 1276 5048 mea
1312 5004 1360 5049 et
1389 4997 1533 5052 salus
1578 5015 1711 5062 mea,
1736 5015 1886 5069 quem
1915 4999 1985 5049 ti-

2161 4993 2373 5058 Κύριος
2402 4988 2704 5059 φωτισμός
2725 5005 2843 5056 μου
2872 4986 2970 5039 καὶ
2993 4985 3193 5052 Σωτήρ
3210 5002 3350 5054 μου,
3379 4985 3513 5038 τίνα
3549 5003 3660 5053 φο-

413 5077 598 5132 mebo?
622 5078 978 5135 Adversarias
1007 5091 1304 5152 potestates
1335 5085 1585 5156 despicit,
1616 5089 1743 5158 quia
1787 5089 1841 5143 in
1876 5087 1943 5144 Dc

2131 5081 2456 5149 ηθήσομαι;
2484 5076 2892 5148 Κατευμεγεθεῖ
2919 5076 3026 5128 τῶν
3071 5075 3458 5144 ἀντικειμένων
3498 5076 3661 5128 δυνά-

411 5170 546 5223 mini
571 5169 969 5227 illuminatione
987 5175 1232 5230 conlidit.
1253 5179 1384 5244 Alc,
1407 5179 1601 5250 inquit.
1624 5182 1941 5239 illuminalu:

2125 5191 2237 5226 ,εων
2280 5172 2356 5243 τῷ
2396 5171 2535 5241 φωτὶ
2583 5170 2678 5223 τοῦ
2721 5168 2926 5240 Κυρίου
2985 5167 3288 5240 θαρρήσας.
3343 5169 3477 5222 Ὑπὸ
3524 5169 3655 5230 σοῦ,

411 5275 603 5316 omnes
636 5277 741 5316 una
766 5264 952 5319 hostes
979 5275 1268 5323 contemno

2129 5267 2253 5336 ησὶ,
2291 5264 2679 5367 φωτιζόμενοςο
2702 5262 2918 5315 πάντων
2955 5261 3088 5331 ὁμοῦ
3133 5260 3238 5314 τῶν
3277 5260 3659 5330 πολεμούντων

612 5418 624 5430 .
661 5419 674 5430 .
724 5420 756 5430 ,ι
831 5423 842 5430 .
1067 5425 1097 5430 _
1203 5429 1210 5430 ί
2087 5374 2428 5428 καταφρονω.

612 5418 624 5430 .
2087 5375 2265 5425 καταφ
2305 5375 2428 5410 ονω.

481 5418 674 5472 Dante!
715 5420 1026 5478 Barbarus:
1056 5425 1311 5483 Dominus
1359 5443 1618 5499 protector
1657 5435 1772 5492 vine
1825 5456 1966 5496 mere.
2001 5440 2135 5508 Quis
2182 5375 2317 5502 adcpo
2367 5445 2687 5502 insidiarum
2735 5457 2926 5515 potens
2985 5445 3106 5508 erit,
3171 5453 3229 5499 ut
3282 5453 3473 5514 potens
3511 5443 3660 5498 Deus

410 5522 492 5565 est
523 5515 588 5568 ad
627 5516 886 5572 auxilium
917 5517 1238 5578 ferendum?

499 5649 540 5678 ⁵⁷
575 5647 750 5706 Judic.
789 5671 859 5718 Ix,
894 5657 975 5711 15.
