3874 6218
201 299 309 356 HO

1265 306 1623 363 EXPOSITIO
1664 307 1729 363 IN
1770 307 2097 364 PSALMUM
2132 307 2342 363 XXVII.

3344 315 3447 372 150

289 420 385 469 Ἐν
417 416 495 481 τῷ
522 416 770 486 ἐγγίζειν
801 417 892 469 ἐπ’
931 418 1036 487 ἐμὲ
1074 421 1428 487 κακοῦντας.
1472 424 1757 494 Προσῆλθοε

1947 423 2001 477 2.
2035 422 2172 477 Dum
2217 425 2530 493 appropiant
2574 441 2727 493 super
2776 442 2852 478 me
2892 435 3147 481 nocentes.
3185 427 3442 484 Accesse-

201 511 326 579 μὲν,
358 510 511 579 φησι,
556 509 864 579 διαφθεῖραι
894 510 1136 576 θέλοντες
1176 514 1470 567 πεπόνθασι
1507 516 1563 568 δὲ
1594 516 1622 568 ὃ
1647 517 1780 588 δρᾶ-

197 615 295 651 σαι
322 598 580 668 ἢλπισαν.

276 688 395 744 Τοῦ
416 690 711 749 κατοικεῖν
732 707 809 759 με
843 692 913 743 ἐν
937 691 1078 759 οἴκῳ
1099 694 1339 761 Κυρίου.
1360 695 1469 748 Kal.
1497 695 1603 765 γὰρ
1630 697 1778 763 ἅγιο-

194 779 416 849 πρεπὴς
448 782 481 849 ἡ
520 780 736 850 αἴτησις
766 780 988 849 γέγονε,
1017 784 1111 836 καὶ
1141 783 1259 854 Θεῷ
1302 784 1482 838 δοῦναι
1510 786 1652 850 ἀξία.
1694 784 1777 851 Τῷ

193 866 436 934 θεωρεῖν
475 883 551 935 με
606 867 720 935 τὴν
764 870 1132 937 τερπνότητα
1164 873 1405 940 Κυρίου.
1452 875 1539 927 Ἐν
1569 874 1771 946 ταύτῃ,

192 959 381 1027 φησὶν,
401 957 633 1030 εὔχομαι
659 960 947 1025 διαπαντὸς
971 962 1163 1027 οίκείν,
1191 965 1247 1015 ὲν
1345 965 1441 1019 καὶ
1470 964 1570 1034 τῆς
1598 982 1773 1037 σωτη-

195 1050 318 1119 ρίας
354 1050 637 1119 ἐπέτυχον.

277 1141 376 1192 Ἐν
396 1141 582 1210 πέτρᾳ
602 1141 955 1212 ὕψωσένμε.
973 1145 1166 1213 Σαφῶς
1181 1145 1208 1198 ὁ
1227 1144 1432 1208 Παῦλος
1452 1146 1547 1217 τὴν
1565 1147 1770 1218 πέτραν

187 1225 333 1283 εἶναι
366 1231 458 1283 τὸν
484 1232 716 1302 Χριστὸν
741 1232 1151 1304 διισχυρίζεται.
1181 1237 1343 1305 Ι’ᾼονω
1365 1236 1461 1289 καὶ
1492 1236 1770 1305 ψαλῶτῷ

184 1319 405 1388 Κυρίῳ.
439 1320 636 1389 Σαφῶς
660 1321 761 1393 τὴν
787 1320 904 1387 τοῦ,
926 1322 1133 1393 Ἂγιος,
1160 1324 1330 1393 ἅγιος,
1363 1325 1536 1394 ἅγιος,
1564 1329 1768 1399 ἀνακη-

187 1409 374 1480 ρύττει
400 1409 677 1481 λατρείαν.

258 1502 671 1568 Εὶσάκουσον,
702 1505 899 1573 Κύριε,
933 1504 1041 1572 τῆς
1064 1506 1268 1574 φωνῆς
1293 1525 1433 1575 μου.
1468 1509 1611 1561 Ἀντὶ
1648 1509 1762 1575 τοῦ,

182 1591 511 1661 Εὑχαριστῶ
536 1611 618 1647 σοι
636 1594 775 1666 ὑπὲρ
798 1594 903 1648 τῶν
939 1596 1405 1668 παρεληλυθότων,
1435 1599 1762 1672 δεηθήσομαι

181 1683 239 1737 δὲ
267 1684 411 1755 ὑπὲρ
437 1684 546 1737 τῶν
574 1683 719 1756 ἑξῆς.

250 1776 681 1844 Νομοθέτησόν
716 1794 825 1847 με,
866 1779 1073 1847 Κύριε,
1111 1779 1181 1833 ἐν
1215 1780 1289 1849 τῇ
1323 1780 1441 1847 ὀδῷ
1472 1796 1608 1835 σου.
1658 1782 1760 1834 Τὸν
1792 1769 1834 1823 Β

180 1866 542 1934 ιύαγγελικδν
571 1868 734 1938 νόμον
758 1868 974 1939 εὔχεται
1005 1872 1357 1943 γυμνωθῆναι
1393 1873 1540 1943 αὐτῷ
1559 1892 1571 1904 ·
1599 1874 1759 1936 αὐτὸς

178 1956 237 2010 δὲ
269 1956 379 2027 γὰρ
407 1952 477 2029 ἦν
505 1958 600 2011 καὶ
623 1961 657 2030 ἡ
688 1959 870 2012 εὐθεῖα
899 1960 1033 2024 ὁδός.

248 2050 362 2104 Καὶ
395 2051 699 2119 ἐψεύσατο
732 2052 771 2120 ὴ
813 2052 1016 2107 ἀδικία
1041 2052 1247 2122 ἑαυτῇ.
1280 2054 1566 2109 Τουτέστιν
1596 2056 1759 2127 ἡσθέ-

176 2158 342 2211 νησεν
371 2144 406 2213 ἡ
439 2143 562 2196 καθ’
595 2142 753 2214 ἡμῶν
783 2144 985 2199 ἀδικία.

243 2233 516 2286 Πιστεύω
544 2233 649 2297 τοῦ
682 2233 831 2287 ἰδεῖν
866 2236 939 2288 τὰ
960 2235 1150 2303 ἀγαθὰ
1182 2236 1401 2304 Κυρίου
1429 2237 1499 2291 ἐν
1520 2235 1596 2307 γῇ
1622 2237 1755 2298 ζών-

170 2340 313 2377 των.
340 2324 453 2395 Τὴν
476 2325 587 2379 ἅνω
623 2324 970 2397 Ἰερουσαλήμ
1007 2344 1186 2398 φησιν.

568 2418 874 2471 ΨΑΛΜΟΣ
903 2418 982 2483 τῷ
1011 2418 1210 2474 Δαυΐδ.
1235 2423 1365 2474 KZ'.

810 2509 1132 2575 Ὑπόθεο-ις.

177 2600 329 2672 ’ᾼδιι
357 2599 448 2654 τὸν
484 2601 725 2673 παρόντα
751 2600 962 2671 ψαλμὸν
987 2602 1051 2653 ἐκ
1076 2602 1368 2674 προσώπου
1401 2602 1508 2656 τῶν
1536 2620 1754 2656 πιστευ-

246 2693 457 2745 σάντων
484 2695 565 2756 είς
598 2693 864 2764 Χριστὸν,
902 2694 989 2747 διὰ
1033 2694 1268 2764 δεήσεως
1312 2694 1391 2755 είς
1434 2695 1753 2765 ἐπικουρίαν

240 2784 426 2837 καλῶν
459 2786 553 2837 τὸν
590 2785 723 2844 Θεόν
745 2805 759 2818 ⁸
792 2786 911 2856 ἅμα
940 2786 996 2839 δὲ
1031 2787 1125 2838 καί¹
1165 2786 1261 2856 τῆς
1310 2786 1577 2839 Ἰουδαίων
1618 2789 1755 2840 ἁπο-

241 2879 394 2941 νοίας
434 2878 738 2949 κατάρασιν
779 2878 891 2949 ἔχει
939 2879 1033 2931 καὶ
1076 2877 1239 2948 εὐχὴν
1280 2876 1375 2930 τοῦ
1420 2878 1750 2949 χωρισθῆναι

238 2971 339 3041 τῆς
364 2971 608 3043 χείρονος
632 2971 857 3025 ἐκείνων
888 2972 1122 3043 μερίδος.

240 3062 401 3130 Πρὸς
434 3062 543 3129 σὲ,
575 3064 770 3130 Κύριε,
814 3062 1240 3132 κεκράξομαι...
1270 3062 1368 3116 καὶ
1393 3063 1753 3131 όμοιωθήσο-

1882 524 2028 580 runt,
2055 516 2248 585 inquit,
2277 515 2460 569 animo
2492 516 2597 570 mei
2640 517 2931 585 perdendi,
2967 519 3113 588 quod
3155 521 3444 591 sperabant

1879 606 2131 661 illaturos
2160 621 2217 660 se
2244 605 2395 669 mali,
2426 606 2625 660 accidit
2654 607 2805 675 ipsis.

1950 697 2004 749 4.
2047 695 2114 751 Ut
2146 696 2428 750 inhabitem
2463 697 2519 749 in
2552 697 2707 751 domo
2740 696 2971 751 Domini.
3008 697 3219 753 Etenim
3253 708 3441 754 sancta

1876 796 1928 843 et
1960 803 2113 858 aequa
2148 788 2458 857 postulatio,
2498 804 2659 857 quam
2715 792 3014 843 concedere
3062 789 3170 844 Deo
3217 790 3439 859 dignum

1874 888 1975 935 est.
2010 878 2075 933 Ut
2112 878 2316 933 videam
2361 878 2675 947 voluptatem
2718 878 2950 933 Domini.
2984 881 3045 933 In
3097 881 3218 944 hac,
3242 881 3438 949 inquit,

1874 984 2064 1039 precor
2089 969 2221 1023 mibi
2253 984 2466 1039 semper
2493 969 2740 1024 habitare
2772 970 2952 1039 liceat,
2984 971 3039 1025 in
3066 986 3173 1043 qua
3198 988 3319 1028 sum
3344 988 3436 1028 sa-

1873 1059 2037 1114 lutem
2071 1068 2418 1115 consecutus.

1960 1150 2014 1204 6.
2060 1149 2126 1203 In
2170 1160 2318 1219 petra
2349 1152 2602 1206 exultavit
2630 1169 2728 1207 me.
2759 1152 2955 1221 Aperte
2982 1151 3185 1209 Paulus
3227 1163 3435 1225 petram

1869 1257 1991 1295 esse
2004 1240 2283 1295 Christum
2303 1240 2533 1297 allirmat
2555 1244 2618 1295 ⁸⁸.
2639 1243 2875 1297 Cuntabo
2906 1254 2953 1298 et
2974 1244 3235 1313 psalmum
3259 1246 3436 1298 dicam

1869 1334 2115 1388 Domino.
2143 1334 2424 1390 Manifeste
2450 1336 2654 1389 cultum
2686 1351 2781 1404 per
2817 1336 2931 1390 haec
2959 1336 3145 1403 verba,
3178 1335 3434 1401 Sanctus,

1868 1431 2108 1484 sanctus.
2138 1433 2359 1479 sanctus
2384 1424 2450 1491 δ’,
2484 1424 2754 1480 redditum
2783 1426 3061 1495 praedicat.

1943 1514 1995 1569 7.
2044 1514 2279 1583 Exaudi,
2312 1515 2553 1581 Domine,
2584 1533 2758 1571 vocem
2808 1534 2998 1571 meam.
3036 1518 3206 1584 Quasi
3249 1519 3432 1575 dicat:

1865 1613 2071 1677 gratias
2115 1608 2214 1663 tibi
2238 1608 2305 1663 de
2344 1609 2634 1678 praeteritis
2663 1624 2785 1681 ago,
2819 1610 3066 1680 supplico
3087 1626 3186 1681 pro
3210 1609 3432 1666 futuris.
3542 1636 3550 1641 -

1948 1787 2033 1842 Η.
2065 1786 2250 1858 Legem
2278 1803 2409 1857 pone
2446 1788 2595 1849 mihi,
2630 1786 2870 1850 Domine,
2908 1788 2964 1840 in
3005 1804 3087 1841 tua
3119 1795 3229 1840 tua.
3253 1786 3433 1841 Evan-

1867 1877 2091 1947 gelicam
2126 1879 2295 1949 legem
2330 1878 2433 1934 sibi
2461 1887 2647 1933 notam
2686 1878 2799 1932 lieri
2828 1879 3103 1947 postulat;
3134 1878 3253 1947 ipsa
3286 1879 3430 1932 enim

1864 1978 2011 2025 recta
2038 1970 2122 2024 via
2154 1979 2257 2026 est.

1944 2059 2030 2114 12.
2065 2060 2135 2113 Et
2160 2062 2378 2114 mentita
2403 2070 2479 2115 est
2501 2063 2753 2132 iniquitas
2780 2062 2900 2115 sibi.
2933 2060 2990 2116 Id
3019 2068 3122 2127 est,
3156 2060 3324 2116 fracta
3347 2070 3430 2116 est

1861 2151 2120 2220 iniquitas
2152 2168 2257 2221 qua
2296 2153 2706 2221 impetebamur.

1940 2242 2026 2295 15.
2055 2241 2222 2296 Credo
2266 2242 2435 2296 uidere
2463 2243 2597 2296 bona
2636 2242 2846 2297 Domini
2875 2245 2929 2297 in
2962 2253 3101 2299 terra
3123 2244 3423 2298 uiuentium.

1862 2332 2161 2402 Supernam
2186 2332 2487 2387 Jerusalem
2515 2334 2791 2403 intelligit.

2209 2423 2549 2480 PSALMUS
2577 2424 2765 2479 David.
2795 2423 3044 2481 XXVII.

2448 2515 2848 2585 Argumentum.

1858 2600 2185 2655 Praesentem
2220 2602 2660 2671 canitpsalmum
2708 2619 2773 2657 ex
2819 2619 3046 2672 persona
3088 2604 3421 2659 credentium

1924 2692 1979 2746 in
2026 2692 2325 2753 Christum,
2353 2702 2407 2747 et
2439 2693 2663 2762 supplex
2705 2693 2797 2748 Dei
2843 2695 3098 2764 implorat
3124 2696 3421 2762 auxilium;

1927 2796 2089 2852 atque
2117 2798 2225 2838 una
2256 2783 2566 2839 Judmorum
2590 2785 2821 2841 vesaniae
2838 2787 3261 2865 exsecrationem
3289 2804 3422 2843 con-

1931 2878 2086 2942 tinet,
2114 2886 2277 2948 atque
2301 2892 2330 2930 a
2354 2877 2595 2947 pessima
2626 2878 2844 2933 illorum
2876 2886 3022 2933 sorte
3058 2879 3298 2948 separari
3320 2894 3421 2948 po-

1926 2969 2111 3024 stulat.

1924 3061 1976 3114 1.
2012 3061 2094 3115 Ad
2137 3070 2205 3127 te,
2239 3060 2478 3126 Domine,
2502 3060 2830 3131 clamabam.
2855 3073 2903 3116 et
2950 3062 3286 3116 assimilabor
3331 3078 3423 3114 ae-

163 3171 271 3224 μαι
302 3155 429 3219 τοῖς
461 3156 929 3212 καταϐαίνουσιν
949 3157 1038 3221 εὶς
1061 3155 1314 3209 λάκκον.
1353 3156 1512 3218 Ἔθος
1540 3158 1605 3226 τῇ
1630 3157 1749 3227 θείᾳ

1893 3153 2213 3206 :endentibus
2244 3154 2299 3206 in
2324 3153 2519 3208 lacum.
2550 3153 2664 3209 Mos
2688 3154 2883 3209 divina:
2920 3153 3213 3224 Scriptura:
3238 3153 3418 3207 lacum

169 3247 363 3319 Γραφῇ
395 3246 597 3299 λάκκον
627 3245 914 3317 ὀνομάζειν
946 3248 1036 3300 τὸν
1066 3246 1218 3318 ᾅδην.

235 3337 334 3406 Μὴ
364 3340 757 3406 συνελκύσῃς
773 3356 849 3407 με
866 3338 1016 3406 μετὰ
1043 3339 1424 3408 ἁμαρτωλῶν.
1468 3342 1747 3411 Ἀμαρτω-

166 3431 291 3493 λοὺς
316 3430 380 3483 τὸ
406 3429 516 3483 τῶν
549 3430 818 3483 Ἰουδαίων
850 3431 999 3494 ἔθνος
1044 3433 1197 3501 φησὶ,
1244 3431 1383 3484 κατὰ
1414 3432 1472 3485 τὸ
1512 3431 1741 3503 εἰρημέ-

166 3540 253 3576 νον
282 3524 470 3586 αὑτοῖς
494 3523 598 3575 ὑπὸ
631 3522 726 3576 τοῦ
753 3523 1002 3595 Σωτῆρος
1023 3540 1037 3553 ·
1079 3523 1221 3576 Ἐὰν
1242 3523 1327 3591 μὴ
1358 3524 1741 3591 πιστεύσητε,

164 3612 253 3666 ὅτι
270 3612 387 3682 ἐγώ
408 3615 544 3681 ειμι,
563 3613 633 3666 ἐν
659 3613 790 3679 ταῖς
815 3614 1124 3682 ἁμαρτίαις
1143 3612 1309 3681 ὑμῶν
1327 3614 1740 3685 ἀποθανεῖσθε.

163 3706 328 3759 Αὐτοὶ
359 3705 419 3758 δὲ
448 3706 543 3758 καὶ
566 3706 922 3776 ἐργαζόμενοι
947 3704 1045 3775 τὴν
1076 3705 1328 3775 ἀνομίαν,
1354 3707 1435 3758 ὅτι
1458 3705 1547 3758 τὸν
1568 3705 1742 3758 ἀθῶον

162 3800 255 3852 καὶ
283 3798 491 3851 δίκαιον
520 3798 851 3852 ἀπέκτειναν
872 3837 887 3861 ,
925 3798 984 3850 ὃν
1017 3797 1116 3850 οὐκ
1148 3798 1468 3850 ἀποκτεῖναι
1509 3798 1538 3849 ὁ
1580 3797 1743 3866 νόμος

164 3888 470 3942 ἰκέλευσεν.
491 3887 608 3941 Τῶν
648 3889 990 3942 λαλούντων
1012 3886 1259 3955 εἰρήνην
1276 3886 1425 3956 μετὰ
1450 3886 1571 3939 τῶν
1589 3891 1744 3954 πλη-

161 3979 302 4033 σίον
341 3979 561 4034 αὐτῶν.
594 3980 764 4034 Τοῦτό
794 3998 978 4052 φησιν,
1014 3983 1117 4049 ὅτι,
1149 3980 1464 4034 διδάσκαλον
1489 3980 1582 4032 καὶ
1606 3981 1741 4048 ἁγα-

161 4073 253 4126 θὺν
290 4072 694 4137 ἀποκαλοῦντες
740 4074 835 4126 τὸν
875 4074 1138 4147 Σωτῆρα,
1184 4073 1330 4127 κακὰ
1385 4072 1741 4139 διελογίζοντο

161 4165 279 4219 κατ’
306 4166 498 4221 αὑτοῦ.

230 4256 353 4311 Ὅτι
385 4260 458 4311 σὺ
479 4257 758 4327 συνῆκαν
777 4260 864 4325 είς
895 4257 969 4312 τὰ
1000 4257 1145 4327 ἔργα
1172 4258 1412 4326 Κυρίου.
1457 4258 1601 4310 Ἀντὶ
1621 4256 1735 4321 τοῦ,

160 4349 271 4401 Οὐκ
297 4347 592 4419 ἠθέλησαν,
628 4349 783 4419 φησὶ,
818 4349 914 4421 τὴν
945 4349 1155 4403 οἰκείαν
1186 4348 1591 4420 παραδέξασθαι
1631 4366 1737 4402 σω-

158 4458 220 4511 τη
229 4441 374 4511 ρίαν.

224 4533 335 4586 Καὶ
360 4533 657 4587 ἀνέϐαλον
684 4534 722 4601 ἡ
747 4533 903 4602 σάρξ
922 4552 1063 4604 μου.
1094 4533 1287 4603 Σαφῶς
1316 4535 1414 4603 τὴν
1442 4533 1733 4588 ἀνάστασιν

156 4627 214 4677 ὲν
236 4625 450 4688 τούτοις
482 4625 762 4696 κηρύττει.

1849 3243 2120 3312 appellare
2150 3242 2449 3298 infernum.

1932 3337 1985 3390 5.
2013 3335 2095 3389 Ne
2129 3337 2288 3390 simul
2322 3337 2502 3390 trahas
2547 3353 2627 3390 me
2655 3353 2773 3390 cum
2802 3338 3183 3407 peccatoribus.
3218 3338 3417 3393 Pecca-

1847 3433 1995 3480 tores
2029 3424 2338 3481 Judaeorum
2373 3436 2586 3497 gentem
2625 3428 2774 3489 dicit,
2824 3428 2980 3497 juxta
3016 3429 3150 3483 illud
3173 3445 3204 3483 a
3231 3430 3418 3483 Salva-

1848 3525 1963 3571 tore
1985 3518 2186 3572 dictum
2219 3538 2231 3572 :
2267 3518 2389 3571 Nisi
2418 3521 2748 3574 credideritis
2779 3522 2903 3591 quia
2932 3538 3024 3589 ego
3050 3537 3186 3584 sum,
3225 3521 3277 3573 in
3301 3537 3411 3588 pec-

1845 3611 1978 3663 catis
2003 3612 2187 3664 vestris
2218 3612 2514 3665 moriemini
2538 3612 2606 3678 ⁸ο,
2633 3614 2735 3681 ipsi
2771 3613 2972 3667 interea
2998 3620 3285 3683 operantes
3316 3613 3421 3665 inia

1844 3700 2131 3770 quitatem,
2169 3718 2291 3756 cum
2314 3703 2673 3777 innocentem
2710 3712 2764 3759 et
2790 3705 2997 3773 justum
3024 3713 3213 3759 contra
3250 3720 3412 3772 quam

1844 3789 1928 3844 lex
1956 3799 2160 3844 vetaret
2183 3792 2512 3846 occiderent.
2540 3792 2643 3856 Qui
2658 3793 2943 3859 loquuntur
2958 3810 3137 3862 pacem
3162 3810 3279 3846 cum
3301 3809 3417 3863 pro-

1842 3883 1987 3935 ximo
2033 3898 2147 3936 suo.
2186 3881 2299 3936 Hoc
2343 3883 2419 3936 ait
2455 3884 2584 3952 quia
2627 3882 2965 3937 Salvatorem
3003 3885 3331 3955 magistrum
3360 3893 3416 3943 et.

1844 3974 2045 4028 bonum
2069 3974 2423 4043 appellantes,
2448 3974 2587 4028 mala
2621 3974 2981 4028 moliebantur
3008 3976 3131 4045 ipsi.

1911 4253 1965 4307 5.
1995 4252 2255 4320 Quoniam
2282 4271 2385 4309 non
2412 4256 2777 4311 intellexerunt
2812 4272 2966 4325 opera
2992 4258 3226 4311 Domini.
3243 4260 3415 4324 Quasi

1838 4342 2043 4399 diceret
2066 4363 2079 4399 :
2106 4344 2411 4402 Noluerunt
2440 4349 2715 4418 propriam
2739 4349 3021 4403 admittere
3047 4349 3299 4403 salutem.

1920 4528 1971 4582 '7.
1997 4527 2067 4582 Et
2099 4530 2341 4597 reﬂoruit
2371 4545 2493 4583 caro
2524 4547 2658 4584 mea.
2705 4530 2900 4599 Aperte
2937 4530 3022 4585 his
3053 4530 3408 4584 resurrectio~

1844 4636 1965 4675 nem
1997 4622 2259 4691 praedicit.

224 4736 425 4805 Adjicit
460 4735 651 4789 Daniel
675 4736 985 4790 Barbarus:
1020 4735 1254 4792 Relloret
1284 4753 1412 4792 caro
1443 4745 1627 4792 nostra
1666 4751 1793 4791 cum
1822 4751 1973 4805 spem
2019 4736 2439 4793 resurrectionis
2471 4737 2792 4807 accipimus;
2821 4746 3093 4791 ueterum
3121 4754 3226 4791 non
3258 4753 3405 4803 caro,

154 4833 246 4887 sed
280 4846 378 4885 cor
412 4830 502 4884 alii
532 4840 831 4886 verterunt.

220 4926 417 4979 Daniel
454 4924 723 4980 Barbarus
749 4943 767 4979 :
804 4926 888 4980 Ea:
917 4927 1185 4981 voluntate
1221 4945 1337 4982 mea
1367 4928 1652 4997 conﬁtebor
1677 4926 1745 4981 ei.
1782 4925 1930 4979 Dixit
1957 4942 2022 4979 ea:
2061 4925 2348 4989 voluntate,
2378 4926 2443 4981 ad
2475 4926 2830 4981 dill‘erentiam
2868 4927 3055 4998 legalis
3087 4926 3285 4990 cultus,
3314 4926 3406 4994 qui

150 5019 545 5088 suppliciorum
582 5030 727 5075 metu
762 5020 1120 5087 adiciebatur,
1154 5023 1205 5076 id
1233 5032 1335 5088 est,
1370 5039 1477 5077 non
1504 5024 1727 5076 invitam
1766 5032 1821 5076 et
1847 5030 2116 5088 coactam,
2145 5022 2237 5076 sed
2269 5022 2627 5076 voluntariam
2659 5031 2712 5076 et
2741 5032 3040 5091 promptam
3078 5021 3405 5075 tibilaudem

150 5108 422 5178 proferam
456 5127 469 5162 :
502 5110 583 5164 sic
611 5120 665 5165 et
690 5111 827 5166 alias
860 5111 998 5166 dixit
1024 5131 1037 5167 :
1078 5112 1383 5167 Voluntarie
1407 5114 1718 5182 sacriﬁcabo
1747 5114 1842 5166 tibi
1865 5114 1908 5145 ⁵¹
1935 5133 1947 5166 :
1983 5113 2049 5167 Et
2076 5114 2378 5167 voluntaria
2409 5115 2515 5167 oris
2542 5114 2641 5167 mei
2676 5114 2999 5182 beneplacita
3029 5114 3135 5180 fac,
3162 5110 3405 5171 Domine,

148 5209 198 5252 et
223 5200 421 5253 exaudi
453 5216 531 5253 me
556 5202 622 5252 ".
650 5199 754 5256 Sed
779 5203 1040 5272 quoniam
1068 5204 1293 5258 verbum
1319 5204 1564 5259 conﬁteri
1597 5213 1650 5258 et
1675 5203 2079 5258 damnationem
2120 5211 2493 5272 peccatorum,
2522 5212 2577 5258 et
2609 5204 2907 5270 gratiarum
2940 5203 3207 5256 actionem
3240 5199 3408 5268 signia

148 5292 309 5359 ﬂeat;
343 5294 464 5348 ideo
494 5294 538 5349 si
571 5296 676 5351 hoc
702 5296 820 5351 loco
850 5312 951 5366 pro
980 5299 1332 5354 damnatione
1362 5300 1568 5369 peccati
1596 5298 1881 5355 commissi
1906 5294 2174 5361 sumatur,
2208 5300 2388 5353 innuit
2410 5300 2556 5369 quod
2587 5316 2693 5353 non
2728 5299 2932 5369 pudore
2956 5306 3009 5351 et
3030 5306 3276 5365 respectu
3304 5297 3407 5347 lio--

148 5385 356 5439 minum
401 5402 630 5456 peccare
675 5389 924 5445 destitit:
960 5392 1054 5447 sed
1086 5394 1348 5463 quoniam
1388 5395 1690 5463 respexerit
1730 5395 1795 5448 ad
1836 5394 2021 5448 odium
2050 5403 2104 5448 et
2140 5410 2339 5448 noxam
2373 5395 2575 5463 peccati
2604 5413 2616 5447 :
2649 5394 2694 5449 si
2729 5408 2856 5448 vero
2890 5392 3124 5447 sumitur
3157 5404 3255 5460 pro
3286 5405 3407 5457 gra~

146 5477 348 5531 tiarum
386 5480 630 5549 actione,
663 5484 899 5538 ostendit
935 5499 993 5538 se
1023 5485 1089 5539 de
1121 5486 1377 5542 omnibus
1401 5487 1605 5556 gratias
1647 5501 1824 5557 agere,
1858 5486 2018 5555 idque
2045 5502 2259 5542 summa
2291 5502 2418 5542 cum
2455 5486 2732 5541 voluntate
2759 5493 3016 5555 praestare
3043 5500 3056 5536 :
3089 5497 3213 5536 nam
3246 5479 3297 5533 id
3323 5473 3405 5529 vel

147 5568 333 5624 dolore
366 5571 454 5625 vel
483 5572 809 5630 necessitate
838 5590 1019 5646 agere,
1052 5592 1161 5632 non
1192 5585 1274 5632 est
1300 5594 1365 5633 ex
1393 5579 1673 5633 voluntate
1706 5576 1975 5632 conﬁteri.

210 5718 253 5751 “
281 5718 298 5773 l
327 5720 458 5777 Cor.
493 5740 556 5788 χ,
588 5725 638 5780 4.
724 5727 763 5761 θ’
800 5727 903 5784 lsa.
935 5746 1010 5794 vi.
1045 5731 1093 5788 5.
1178 5733 1220 5763 ⁸ο
1251 5731 1408 5788 Joan.
1449 5749 1569 5799 vin,
1608 5734 1688 5787 2i.

1893 5732 2123 5799 sal.Lln,
2159 5734 2208 5787 8.
2292 5735 2335 5766 ⁵²
2367 5732 2508 5787 Psal.
2532 5748 2717 5797 cxvilt,
2751 5732 2873 5786 108.
