3874 6218
480 264 581 318 ΗἸ

1329 268 1385 323 S.
1427 268 1797 325 ATHANASH
1834 270 1985 327 OPP.
2029 270 2211 325 PARS
2250 268 2335 325 ΙΙΙ.
2376 296 2447 308 -—-
2486 267 2897 323 EXEGETICA.

3604 250 3709 319 us

477 383 619 435 mino
646 398 858 451 sperans
882 399 984 437 non
1013 384 1337 453 inﬁrmabor.
1366 385 1501 439 Cum
1535 387 1586 439 in
1624 396 1673 441 te
1700 402 1849 455 spem
1875 388 1989 442 salu
2020 415 2036 427 -

2148 388 2330 454 Κυρίῳ
2362 386 2613 445 ἐλπίζων
2652 387 2723 437 οὺ
2751 384 2837 453 μὴ
2866 382 3201 450 ἀσθενήσω.
3237 380 3488 444 Βεῦαίαν,
3518 381 3705 449 φησὶν,

476 471 544 525 tis
570 485 848 541 reponam,
880 472 1110 527 ﬁrmiter
1140 481 1194 527 et
1229 473 1484 529 immotus
1524 478 1837 530 consistam.

539 649 594 705 9.
631 649 804 703 Proba
830 667 929 714 me,
960 651 1197 715 Domine,
1226 661 1273 705 et
1298 661 1437 704 tenta
1466 668 1562 705 me.
1589 652 1647 706 Si
1678 655 2029 725 pervestiges,

469 740 665 810 inquit,
699 739 962 809 profunda
1016 742 1211 796 animae.
1257 758 1409 807 meae,
1456 744 1511 796 in
1559 752 1608 797 te
1652 745 1768 798 solo
1812 760 2027 799 omnem

470 833 669 887 mentis
713 834 1132 888 sollicitudinem
1172 850 1260 889 me
1326 850 1589 905 reponere
1638 836 2023 905 deprehendes.

476 923 629 989 Quod
654 938 777 978 cum
803 940 978 994 agam,
998 934 1253 997 acceptus
1274 943 1368 982 ero
1391 928 1505 992 tibi,
1534 937 1638 983 tua
1656 930 1861 984 scilicet
1886 932 2029 984 veri-

465 1017 593 1071 tatis
619 1031 827 1073 amans.

2140 477 2244 541 ἓξω
2290 476 2388 546 τὴν
2422 476 2608 528 στάσιν
2676 476 2754 535 είς
2792 474 2849 525 σὲ
2882 474 2981 535 τὰς
3024 471 3244 534 ἐλπίδας
3291 470 3391 539 τῆς
3430 470 3707 539 σωτηρίας

2140 567 2611 638 ἀπογραψάμενος.

2208 661 2544 727 Δοκὶμασόν
2562 677 2659 727 με,
2688 659 2891 725 Κύριε,
2920 657 3017 709 καὶ
3054 656 3346 723 πείρασόν
3368 669 3463 722 με.
3509 652 3573 706 ΕΞ
3618 651 3708 716 ἐξ·

2138 752 2336 823 ετάσῃς
2375 752 2470 819 τῆς
2496 749 2670 819 ψυχῆς
2705 767 2806 820 μου
2846 747 2913 799 τὰ
2940 747 3077 817 βάθη
3102 786 3117 809 ,
3164 746 3361 815 φησὶν,
3394 744 3485 795 ἐπὶ
3520 743 3597 812 τῷ
3626 743 3706 811 σῲ

2141 842 2285 912 μόνῳ
2314 842 2563 912 εὑρήσεις
2593 840 2729 893 ἐλέει
2763 839 2940 893 πάντα
2969 854 3067 907 μου
3103 837 3200 903 τῆς
3229 834 3465 896 διανοίας
3493 834 3581 886 τὸν
3604 834 3706 885 πό-

2135 950 2223 985 νον
2270 934 2617 1001 ὲπανέχοντα.
2650 930 2817 982 Τοῦτο
2860 928 2916 980 δὲ
2962 926 3128 980 ποιῶν
3174 926 3463 995 εὐάρεστος
3508 924 3706 993 ἔσομαι

2136 1022 2287 1093 παρά
2315 1023 2397 1074 σοὶ
2429 1021 2523 1092 τὴν
2555 1023 2652 1091 σὴν
2680 1021 2972 1090 ἀγαπήσας
3004 1017 3278 1089 ἀλήθειαν.

532 1150 723 1205 Daniel
757 1152 1027 1207 Barbarus
1052 1171 1070 1207 :
1104 1153 1206 1209 Ure
1236 1172 1379 1209 renes
1411 1172 1571 1210 meos.
1601 1156 1767 1222 Quasi
1794 1157 1959 1223 dicat,
1996 1158 2263 1213 succende
2296 1168 2349 1213 et
2372 1161 2623 1212 examina
2661 1157 2880 1211 intimas
2910 1155 3078 1208 animi
3112 1154 3217 1208 mei
3247 1153 3625 1222 cogitationes,
3648 1162 3707 1207 et

461 1256 802 1317 perscrutare
833 1264 900 1303 an
936 1250 1009 1303 ita
1041 1266 1124 1304 me
1154 1251 1329 1305 habeo
1364 1261 1429 1305 ut
1452 1252 1593 1306 dico.
1628 1251 1798 1307 Porro
1825 1254 1928 1307 alia
1963 1262 2049 1308 est
2100 1254 2187 1308 hic
2225 1252 2511 1308 succensio
2541 1251 2779 1315 Domini,
2814 1264 2977 1319 quam
3018 1248 3287 1317 Propheta
3334 1256 3503 1316 optat,
3531 1246 3601 1300 ab
3633 1262 3701 1301 ea

459 1356 582 1410 qua:
614 1342 673 1395 lit
698 1342 1012 1398 ardentibus
1045 1344 1267 1414 maligni
1299 1346 1528 1415 sagittis.
1563 1343 1699 1399 Nam
1728 1345 1993 1402 Dominus
2023 1346 2294 1402 deteriora
2332 1344 2627 1409 consumit,
2661 1352 2715 1396 et
2742 1357 2901 1396 renes
2942 1349 2996 1395 et
3023 1340 3187 1394 corda
3220 1345 3515 1408 expurgat;
3543 1338 3705 1391 mali—

459 1448 598 1503 gnus
628 1442 808 1488 autem
836 1434 1090 1491 libidines
1135 1444 1189 1491 et
1223 1436 1445 1492 allectus
1480 1439 1712 1499 excitat;
1749 1450 2033 1511 propterea
2064 1440 2206 1511 ignis
2239 1443 2331 1509 qui
2361 1439 2416 1494 in
2452 1438 2586 1492 rubo
2626 1446 2741 1491 erat
2771 1450 2878 1489 non
2912 1433 3135 1499 exarsit,
3169 1432 3262 1502 qui
3316 1446 3444 1484 vero
3472 1430 3525 1483 in
3552 1430 3703 1499 judi-

458 1524 613 1579 cibus
640 1524 782 1592 est,"
814 1540 876 1579 ex
909 1526 1138 1579 rhamno
1162 1528 1479 1581 comburere
1506 1527 1728 1583 dicitur.

528 1640 582 1694 4.
608 1638 661 1691 Ν
665 1655 730 1691 οη
751 1639 861 1692 sedi
883 1655 999 1691 cum
1026 1638 1242 1692 consilio
1260 1641 1529 1695 vanitatis.
1549 1642 2020 1712 lniquissimorum

2196 1640 2314 1692 Οὐκ
2344 1637 2592 1691 ἐκάθισα
2616 1634 2764 1705 μετὰ
2795 1634 3113 1702 συνεδρίου
3154 1634 3564 1703 ματαιότητος.
3589 1635 3701 1687 Σα-

452 1732 656 1802 judaiei
690 1731 867 1800 populi
910 1732 1216 1800 principum
1250 1734 1546 1788 consilium
1587 1735 1729 1804 apud
1773 1750 1897 1788 eum
1928 1733 2021 1802 qui

2148 1728 2241 1795 ρῶς
2268 1728 2369 1781 ἐπὶν
2391 1727 2711 1791 τοῦ-εἰδότος
2739 1727 2837 1789 τὰς
2863 1726 3089 1796 καρδίας
3127 1725 3338 1788 ὲτάζειν
3361 1725 3422 1778 τὸ
3450 1725 3557 1778 τῶν
3594 1743 3701 1777 πα-

456 1822 619 1877 corda
660 1822 810 1875 novit
840 1828 893 1876 et
929 1830 1202 1876 scrutatur
1233 1832 1417 1893 aperte
1450 1831 1610 1894 negat
1641 1832 1694 1878 et
1723 1821 1947 1891 respuit.

2148 1822 2517 1891 ravopwra’ttwv
2557 1820 2832 1890 ἀρχόντων
2866 1816 2957 1870 τοῦ
2997 1816 3262 1870 Ἰουδαίων
3303 1817 3487 1879 ἔθνους
3517 1818 3700 1887 ἀρνεῖ-

2120 1928 2207 1964 ται
2246 1912 2537 1981 συνέδριον.

2189 2003 2449 2070 Νίψομαι
2495 2001 2563 2053 ἐν
2608 1998 2817 2063 ἀθώοις
2854 1999 2961 2063 τὰς
3006 1998 3206 2067 χεῖράς
3245 2016 3382 2073 μου.
3438 1997 3699 2068 Καθαρὸς

2119 2094 2344 2163 ἔσομαι,
2380 2093 2539 2162 φησὶ,
2580 2090 2687 2143 τῶν
2718 2091 3012 2159 μιαιφόνων
3056 2089 3234 2143 αὐτῶν
3269 2088 3541 2159 πράξεων.
3582 2090 3699 2145 Kal

2118 2184 2408 2238 κυκλώσω
2438 2182 2506 2236 τὸ
2539 2182 2967 2250 θυσιαστήριόν
2995 2195 3132 2245 σου,
3168 2182 3362 2247 Κύριε.
3396 2180 3593 2249 Σαφῶς
3634 2183 3697 2235 ἐν

2116 2276 2323 2340 τούτοις
2350 2276 2448 2345 τὴν
2482 2274 2703 2343 λογικὴν
2737 2273 3099 2343 άνακηρύττει
3124 2272 3399 2343 λατρείαν.

2185 2368 2379 2435 Κύριε,
2405 2366 2692 2434 ἠγάπησα
2717 2364 3075 2431 εὐπρέπειαν
3102 2365 3271 2417 οἴκου
3299 2379 3434 2418 σου.
3482 2365 3691 2437 [Ποθῶ.

2116 2457 2280 2527 φησὶ,
2324 2456 2412 2508 τὸν
2458 2456 2597 2508 θεῖον
2643 2452 2787 2507 οἷκον
2822 2455 2980 2518 ἰδεῖν,
3014 2454 3105 2507 τὸν
3149 2455 3248 2523 τὴν
3293 2455 3391 2525 σὴν
3430 2456 3691 2509 ἀποστίλ-

2114 2549 2275 2600 ϐοντα
2303 2546 2508 2618 χάριν.]
2540 2548 2856 2617 Εὑπρέπεια
2901 2546 2993 2598 τοῦ
3033 2544 3259 2598 οἴκουιοὶ
3295 2546 3691 2616 διαπρέποντες

2113 2642 2168 2691 ἐν
2195 2643 2258 2710 τῇ
2303 2639 2595 2708 Ἐκκλησία
2626 2638 2713 2691 διὰ
2742 2636 3068 2700 θεοσεϐείας.

2184 2734 2241 2783 Μ
2248 2730 2279 2798 ἡ
2310 2728 2740 2795 συναπολέσῃς
2756 2728 2905 2795 μετὰ
2928 2724 3161 2780 ἀσεϐῶν
3184 2724 3297 2793 τὴν
3315 2726 3527 2794 ψυχήν
3538 2746 3684 2796 μου.

2116 2821 2261 2884 Ἕξω
2295 2821 2394 2891 τῆς
2416 2820 2691 2883 κολάσεως
2721 2818 2971 2887 γενέσθαι
2999 2818 3221 2887 εὓχεται
3258 2819 3355 2887 τῆς
3386 2819 3689 2889 ἀποκειμέ-

2112 2930 2207 2982 νης
2233 2916 2345 2975 τοῖς
2378 2912 2666 2974 Ἰουδαίοις.

2180 2999 2288 3055 Ὧν
2311 3002 2379 3055 ἐν
2406 3004 2619 3071 χερσὶν
2649 3004 2708 3054 αἱ
2730 3001 2986 3068 ἀνομίαι,
3021 3002 3059 3068 ἠ
3086 3002 3249 3065 δεξιὰ
3272 2998 3469 3055 αὐτῶν
3488 3002 3687 3069 smn,

2112 3098 2226 3162 σθη
2254 3094 2471 3162 δώρων.
2507 3095 2579 3146 Ἢ
2601 3093 2676 3156 ὡς
2701 3093 2794 3145 καὶ
2815 3093 2991 3146 αὐτῶν
3017 3093 3205 3163 δώροις
3235 3094 3686 3163 παρακρινόντων

2108 3188 2167 3239 τὸ
2189 3187 2411 3250 δίκαιον,
2431 3186 2462 3255 ἢ
2488 3184 2576 3237 διά
2600 3184 2659 3236 τὸ
2686 3184 2876 3255 δώροις
2893 3186 2983 3238 τὸν
3002 3184 3265 3256 προδότην
3278 3185 3684 3254 ἐξωνήσασθαι·

2108 3281 2139 3350 ἢ
2182 3277 2366 3349 ἐπειδὴ
2410 3278 2715 3349 ἡρπάζοντο
2754 3276 2983 3347 ἀνομίαν
3007 3292 3019 3305 ’
3068 3277 3155 3330 διὰ
3186 3277 3343 3329 τοῦτο
3368 3276 3461 3347 τὴν
3498 3276 3685 3342 δεξιάν

2108 3371 2284 3423 αὐτῶν
2314 3369 2581 3440 ἐπλήρουν
2607 3368 2814 3440 δώρων.

2148 3463 2455 3515 ΨΑΛΜΟΣ
2503 3459 2603 3513 τοῦ
2636 3460 2815 3513 decvit?
2842 3460 2954 3527 πρὸ
2988 3460 3093 3513 τοῦ
3121 3458 3458 3528 χρισθῆναι.
3495 3463 3641 3527 Κπε

2724 3550 3046 3614 Ὑπόθεσις.

2106 3643 2355 3712 Περιέχει
2389 3643 2417 3693 ὁ
2457 3641 2669 3712 ψαλμδς
2710 3643 3007 3712 κατήχησιν
3048 3644 3165 3696 κατ’
3196 3642 3424 3712 ἐχθρῶν,
3467 3642 3559 3709 ἀφ’
3601 3633 3684 3693 ὧν

525 1996 573 2050 6.
608 1997 819 2051 Lavabo
866 1998 1002 2051 inter
1040 2000 1334 2053 innocentes
1374 2016 1559 2053 manus
1606 2017 1763 2053 meas.
1817 1998 2014 2062 Purus,

453 2088 652 2158 inquit,
686 2104 782 2143 ero
816 2104 846 2143 a
878 2088 1198 2145 fmdissimis
1239 2107 1427 2145 eorum
1461 2092 1646 2160 gestis.
1686 2093 1750 2144 Et
1787 2093 2015 2145 circum-

452 2177 586 2231 σίώο
609 2178 778 2231 altare
804 2189 973 2244 tuum,
1007 2178 1248 2233 Domine.
1283 2181 1479 2249 Aperte
1515 2181 1568 2233 in
1604 2182 1750 2235 hisce
1776 2181 2017 2234 rationa-

450 2270 611 2323 bilem
643 2270 897 2339 przedicat
922 2270 1149 2323 cultum.

520 2360 573 2415 8.
602 2360 845 2428 Domine,
873 2362 1036 2414 dilexi
1065 2362 1298 2415 decorem
1319 2362 1504 2443 domus
1535 2371 1657 2418 tum.
1694 2363 1907 2434 [Cupio,
1932 2364 2013 2417 in—

447 2453 587 2523 quit,
620 2453 857 2506 divinam
886 2453 1109 2507 domum
1142 2454 1327 2507 videre
1363 2463 1537 2521 tuam,
1570 2470 1691 2524 quae
1717 2455 1887 2524 gratia
1920 2462 2011 2508 tua

445 2543 725 2616 refulget.]
758 2544 931 2599 Decor
966 2545 1161 2600 domus
1184 2554 1311 2599 sunt
1336 2548 1429 2613 qui
1458 2554 1647 2599 ornate
1679 2555 1732 2599 et
1756 2546 2012 2616 religiose

445 2637 499 2690 in
526 2635 769 2691 Ecclesia
795 2636 1017 2707 degunt.

519 2728 572 2782 9.
609 2727 692 2781 Ne
717 2728 905 2796 perdas
949 2743 1064 2781 cum
1092 2729 1265 2798 impiis
1291 2731 1523 2781 animam
1563 2743 1749 2781 meam.
1776 2728 1957 2798 ROgat‘
1979 2742 2009 2782 a

446 2818 713 2890 supplicio
738 2818 903 2874 eximi
920 2817 1125 2874 Iudaeis
1150 2829 1360 2890 parato.

515 2998 602 3053 10.
638 2997 703 3053 In
730 3016 951 3069 quorum
990 3000 1231 3055 manibus
1272 3002 1571 3071 iniquitates
1606 3012 1750 3065 sunt,
1791 3004 2006 3057 dextera
2032 3017 2075 3073 ο

441 3105 623 3142 eorum
658 3089 855 3158 repleta
881 3100 957 3143 est
980 3091 1299 3146 muneribus.
1327 3092 1436 3146 Aut
1455 3094 1582 3162 quia
1611 3092 1771 3148 donis
1793 3094 1883 3163 jus
1904 3094 2007 3163 ipsi

442 3188 830 3247 perverterent,
859 3193 953 3236 aut
997 3184 1125 3253 quia
1164 3185 1325 3239 donis
1360 3186 1689 3254 proditorem
1730 3188 2006 3256 corrupis—

441 3279 565 3325 sent
590 3289 604 3337 ;
634 3282 727 3325 aut
755 3274 879 3342 quia
910 3274 1111 3343 injuste
1149 3285 1423 3345 raperent,
1466 3277 1587 3333 ideo
1615 3278 1889 3333 dexteram
1914 3293 2007 3333 eo-

440 3375 577 3425 rum,
597 3362 876 3430 replebant
905 3366 1245 3422 muneribus.

476 3452 527 3505 l.
556 3452 891 3512 PSALMUS
922 3456 1092 3511 David
1112 3460 1420 3529 priusquam
1447 3462 1709 3515 (iniretur.
1743 3460 1845 3514 XX
1863 3460 1954 3514 VI.

1034 3556 1434 3622 Argumentum.

438 3632 860 3692 lnstructionem
926 3639 1189 3697 adversus
1246 3643 1436 3699 hostes
1491 3644 1869 3712 complectitur
1916 3642 2005 3703 hic

507 3723 780 3791 Psalmus,
809 3744 929 3797 quae
980 3745 1050 3784 ex
1100 3730 1257 3788 bonis
1302 3733 1405 3787 sibi
1433 3748 1463 3787 a
1492 3732 1603 3787 Deo
1627 3732 1838 3787 collatis
1874 3740 2000 3786 nota

511 3826 653 3885 erat,
682 3828 845 3890 atque
894 3836 1020 3876 cum
1072 3823 1413 3880 confessione
1459 3834 1615 3895 rogat
1651 3824 1905 3880 secundis
1944 3839 2002 3879 se

509 3910 668 3966 donis
715 3914 921 3982 augeri.
956 3913 1088 3969 Illud
1117 3925 1295 3971 autem
1324 3935 1337 3970 :
1368 3918 1664 3989 Antequam
1697 3927 1997 3988 angeretur,

506 4002 797 4071 signiﬁcat,
838 4004 1017 4074 ipsum
1058 4007 1244 4063 divino
1292 4008 1497 4079 Spiritu
1544 4011 1873 4080 prospicere,
1899 4026 2000 4064 un-

503 4093 737 4161 gendum
763 4109 823 4149 se
847 4094 962 4151 fore
985 4097 1038 4151 in
1066 4114 1268 4168 regem,
1299 4101 1794 4171 tentationibusque
1824 4101 1998 4169 impe-

502 4184 749 4241 tendum.
777 4186 1118 4245 Fortitudine
1145 4192 1359 4247 lumbos
1388 4192 1711 4262 praecinctus
1758 4192 1824 4245 ad
1855 4191 1998 4260 peri-

502 4276 626 4330 cula
650 4278 1018 4347 propulsanda
1041 4280 1334 4336 admodum
1366 4283 1746 4352 praemunitur.

2835 3690 2917 3712 ΑΙιΊ

2175 3734 2274 3803 ἥδη
2303 3731 2519 3796 ἐδέξατο
2549 3732 2697 3802 παρὰ
2730 3731 2862 3783 Θεοῦ
2889 3733 3316 3804 γινωσκομένην,
3343 3733 3436 3786 καὶ
3461 3734 3691 3803 αἴτησιν»

2175 3822 2441 3895 δευτέρων
2490 3823 2706 3891 ἀγαθῶν
2761 3824 2878 3893 μετ’
2943 3823 3398 3894 ἐξομολογήσεως.
3445 3823 3517 3876 Τὸ
3576 3824 3633 3875 δὲ
3659 3866 3677 3888 ,

2172 3916 2285 3985 πρὸ
2342 3917 2447 3970 τοῦ
2501 3914 2856 3985 χρισθῆναι,
2912 3919 3087 3969 ἐκεῖνο
3123 3918 3395 3988 σημαίνει,
3440 3918 3542 3978 ὅτι,
3598 3916 3679 3984 τῷ

2173 4007 2448 4078 Πνεύματι
2485 4006 2561 4077 τῷ
2588 4006 2716 4078 θείῳ
2760 4007 3160 4079 προεωρακὼς,
3202 4007 3277 4070 ῶς
3318 4007 3677 4077 χρισθήσεται

2176 4100 2273 4168 μὲν
2318 4100 2397 4161 εἰς
2443 4097 2700 4167 βασιλέα,
2734 4100 3021 4170 περιπέσει
3051 4099 3108 4151 δὲ
3152 4102 3264 4162 τοῖς
3310 4102 3686 4169 πειρασμοῖς..

2171 4188 2389 4258 ἀνδρείᾳ
2426 4188 2867 4258 περιζωσάμενος
2904 4188 2998 4258 τὴν
3042 4189 3212 4256 ὀσφὺν
3253 4185 3311 4240 εὖ
3350 4187 3494 4257 μάλα
3538 4190 3674 4257 περὶ

2171 4278 2295 4340 τοὺς
2324 4275 2596 4339 κινδύνους
2629 4276 2974 4330 άντισοῦσθαι
2998 4276 3419 4331 διαϐεϐαιοῦται.

499 4425 698 4494 Adjicit
727 4424 921 4481 Daniel
947 4426 1218 4482 Barbarus
1250 4446 1267 4481 :
1302 4428 1605 4485 Vicesimus
1638 4438 1845 4494 sextus,
1871 4428 2155 4498 septimus,
2192 4436 2418 4481 octavus
2452 4434 2505 4481 et
2534 4441 2711 4480 nonus
2751 4426 2942 4495 psalmi
2978 4426 3118 4481 idem
3152 4428 3349 4482 nabent
3379 4443 3677 4498 argumen-

423 4526 562 4571 tum.
592 4517 870 4588 Siquidem
914 4520 1159 4590 subjecto
1185 4522 1241 4575 in
1273 4521 1527 4594 Assyrios
1562 4524 1752 4579 eodem
1793 4540 1858 4579 ex
1902 4536 2137 4592 persona
2171 4520 2313 4575 beati
2343 4519 2588 4574 Ezechiae
2618 4519 2893 4582 dicuntur,
2927 4518 3251 4588 praedicente
3300 4518 3488 4583 David,
3516 4531 3568 4574 ct
3603 4525 3671 4576 ad

423 4618 529 4666 hoc
562 4624 946 4683 argumentum
970 4625 1260 4673 revocante
1292 4616 1565 4689 Propheta
1610 4619 1759 4673 illius
1791 4632 2102 4688 personam,
2135 4615 2207 4669 ita
2240 4622 2301 4669 ut
2332 4614 2519 4669 eadem
2561 4614 2723 4667 verba
2766 4613 3023 4683 praedicet
3058 4621 3111 4665 et
3139 4611 3363 4666 allectus
3392 4614 3669 4670 ostendat.

421 4706 690 4760 (laterum
722 4706 1082 4763 imitationem
1111 4718 1163 4763 et
1196 4708 1553 4765 differentiam
1581 4710 1871 4780 quamdam
1899 4710 2099 4762 habent
2123 4707 2176 4760 hi
2208 4706 2402 4776 psalmi
2430 4729 2443 4759 :
2473 4720 2597 4759 nam
2636 4704 2924 4759 vicesimus
2954 4714 3159 4770 sextus,
3191 4712 3244 4757 et
3271 4702 3559 4758 vicesimus
3584 4721 3672 4759 se~

421 4784 643 4865 ptimus,
672 4798 913 4853 victorias
959 4802 1203 4856 carmina
1247 4813 1374 4857 sunt
1418 4812 1627 4858 tantum
1670 4819 1769 4873 pro
1798 4802 1987 4857 deletis
2012 4800 2288 4869 Assyriis:
2326 4806 2381 4852 at
2409 4797 2698 4852 vicesimus
2722 4804 2947 4851 octavus
2985 4804 3039 4850 et
3077 4794 3365 4850 vicesimus
3394 4808 3571 4849 nonus
3602 4798 3671 4850 de

420 4891 797 4949 incolumitate
826 4900 883 4949 et
910 4896 1145 4952 sanitate
1170 4896 1416 4954 Ezechiae
1441 4901 1689 4955 restituta
1720 4899 2049 4954 mentionem
2082 4894 2306 4950 faciunt.

489 4982 749 5038 Dominus
794 4984 1116 5041 illuminatio
1165 5006 1281 5043 mea
1316 5000 1363 5044 et
1394 4992 1537 5047 salus
1582 5010 1715 5057 mea,
1741 5010 1890 5064 quem
1920 4994 1989 5044 ti-
2020 4995 2047 5053 I

2165 4988 2377 5053 Κύριος
2407 4984 2707 5053 φωτισμός
2729 5000 2847 5051 μου
2876 4982 2975 5035 καὶ
2998 4981 3197 5048 Σωτήρ
3215 4999 3354 5050 μου,
3384 4982 3517 5035 τίνα
3555 5000 3666 5050 φο-

418 5072 603 5126 mebo?
626 5074 981 5130 Adversarias
1012 5086 1307 5147 potestates
1338 5081 1589 5151 despicit,
1621 5085 1747 5153 quia
1791 5085 1845 5138 in
1880 5083 1988 5139 Do-

2148 5077 2460 5144 ῖθήσομαω
2488 5073 2896 5143 Κατευμεγεθεῖ
2924 5072 3031 5125 τῶν
3076 5072 3463 5140 ἀντικειμένων
3503 5073 3668 5124 δυνά-

417 5165 550 5217 mini
575 5164 973 5222 illuminatione
991 5170 1235 5225 conlidit.
1258 5174 1301 5225 Α
1318 5182 1388 5239 te,
1412 5174 1606 5245 inquit.
1628 5177 1985 5235 illuminatus.

2148 5187 2241 5221 εων
2284 5168 2361 5238 τῷ
2400 5167 2539 5237 φωτὶ
2586 5166 2682 5219 τοῦ
2725 5165 2930 5236 Κυρίου
2990 5165 3292 5236 θαρρήσας.
3347 5165 3481 5217 Ὑπὸ
3528 5166 3661 5227 σοῦ,

416 5270 607 5311 omnes
640 5272 746 5311 una
771 5259 957 5314 hostes
984 5271 1272 5319 contemno

2148 5263 2257 5332 γσὶ,
2296 5261 2661 5329 φωτιζόμενος
2706 5258 2921 5311 πάντων
2959 5258 3093 5327 ὁμοῦ
3137 5256 3243 5309 τῶν
3281 5256 3665 5327 πολεμούντων

617 5413 628 5425 .
666 5414 677 5425 .
729 5415 761 5425 ..
836 5418 845 5425 .
1072 5419 1101 5425 λ
1208 5424 1213 5425 ί
2091 5352 2432 5424 καταφρονῶ.
2659 5332 2683 5363 ⁸

486 5413 677 5467 Daniel
719 5415 1029 5473 Barbarus:
1060 5419 1314 5479 Dominus
1363 5438 1622 5494 protector
1661 5431 1776 5487 vine
1828 5452 1969 5491 mete.
2005 5436 2047 5503 Q

2186 5444 2321 5498 adeo
2370 5442 2691 5498 insidiarum
2739 5453 2931 5511 potens
2990 5441 3111 5504 erit,
3175 5450 3233 5495 ut
3286 5449 3477 5510 potens
3515 5439 3664 5495 Deus

414 5518 495 5561 est
528 5510 592 5563 ad
632 5511 890 5567 auxilium
922 5513 1241 5573 ferendum?
2686 5518 2689 5521 ἢ

502 5644 545 5674 ⁵⁷
580 5643 754 5701 Ιιιιιίς.
794 5667 863 5713 Ix,
899 5652 979 5706 l3.
