3874 6218
197 319 300 376 HO
1256 325 1613 382 EXPOSITIO
1655 326 1720 382 IN
1760 327 2088 383 PSALMUM
2124 325 2333 381 XXVII.
3335 333 3438 389 150

279 440 377 489 Ἐν
408 436 486 501 τῷ
514 436 761 505 ἐγγίζειν
792 436 883 489 ἐπ’
923 437 1027 506 ἐμὲ
1065 440 1419 506 κακοῦντας.
1463 442 1748 513 Προσῆλθο

1938 443 1993 496 2.
2026 442 2164 496 Dum
2208 443 2521 512 appropiant
2565 460 2719 512 super
2767 459 2844 497 me
2884 453 3138 499 nocentes.
3176 444 3433 502 Accesse-

195 531 316 599 μὲν,
349 531 503 599 φησὶ,
548 528 856 599 διαφθεῖραι
885 528 1127 595 θέλοντες
1167 533 1461 587 πεπόνθασι
1498 535 1554 587 δὲ
1586 535 1613 587 ὃ
1639 536 1748 607 δρᾰὶ⁴

1885 544 2019 599 runt,
2046 534 2239 604 inquit,
2269 534 2451 588 animo
2483 535 2588 588 mei
2630 536 2923 603 perdendi,
2958 537 3105 606 quod
3146 539 3435 609 sperabant

192 634 284 672 σαι
312 618 571 689 ἢλπισαν.

1885 625 2122 680 .llaturos
2151 640 2208 679 se
2236 624 2386 688 mali,
2417 624 2617 678 accidit
2645 625 2797 693 ipsis.

266 707 387 764 Τοῦ
407 709 702 769 κατοικεῖν
724 727 800 779 με
834 712 905 763 ἐν
929 711 1070 778 οτκῳ
1089 714 1331 781 Κυρίου.
1351 715 1461 767 Καὶ
1488 714 1595 785 γὰρ
1622 716 1748 783 ἅγιοι

1941 717 1996 769 4.
2038 714 2106 770 Ut
2138 714 2419 769 inhabilem
2454 715 2510 767 in
2543 716 2698 769 domo
2732 715 2962 769 Domini.
3000 715 3211 771 Etenim
3244 725 3432 772 sancta

1867 814 1920 862 et
1952 822 2104 877 :equa
2139 807 2449 876 postulatio,
2490 822 2651 876 quam
2707 810 3005 861 concedere
3053 807 3162 862 Deo
3208 809 3430 878 dignum

1866 907 1966 954 est.
2002 897 2067 951 Ut
2103 897 2307 952 videam
2352 896 2666 966 voluptatem
2709 897 2941 952 Domini.
2976 900 3037 952 In
3088 900 3209 962 hac,
3233 899 3429 967 inquit,

1864 1003 2055 1057 precor
2080 988 2213 1042 mihi
2244 1002 2458 1057 semper
2484 988 2731 1043 habitare
2763 988 2944 1056 liceat,
2976 989 3031 1043 in
3058 1005 3165 1060 qua
3190 1006 3310 1046 sum
3336 1006 3428 1046 sa-

1864 1078 2029 1132 lutem
2062 1087 2410 1133 consecutus.

1952 1168 2005 1223 6.
2052 1167 2118 1221 In
2161 1178 2309 1237 petra
2341 1170 2594 1224 exultavit
2622 1188 2720 1225 me.
2751 1170 2947 1240 Aperte
2973 1169 3176 1227 Paulus
3219 1181 3427 1243 petram

1861 1275 1981 1314 esse
1996 1258 2275 1313 Christum
2295 1259 2524 1316 allirmat
2547 1263 2610 1314 ⁸⁸.
2631 1262 2867 1315 Cantabo
2898 1272 2945 1315 et
2967 1262 3227 1330 psalmum
3251 1264 3427 1316 dicam

1860 1352 2106 1406 Domino.
2134 1352 2417 1408 Manifeste
2443 1354 2645 1407 cultum
2677 1369 2773 1422 per
2808 1354 2923 1408 haec
2952 1354 3136 1421 verba,
3170 1353 3426 1419 Sanctus,

188 798 408 869 πρεπὴς
440 801 474 869 ή
512 800 728 869 αἴτησις
758 799 979 868 γέγονε,
1008 803 1102 854 καὶ
1133 802 1250 873 Θεῷ
1293 803 1474 857 δοῦναι
1501 806 1644 870 ἀξία.
1686 804 1768 869 Τῷ

186 886 428 953 θεωρεῖν
466 903 543 955 με
596 886 713 954 τὴν
755 889 1124 956 τερπνότητα
1155 892 1396 959 Κυρίου.
1443 894 1531 946 Ἐν
1560 893 1763 965 ταύτῃ,

185 980 373 1047 φησὶν,
392 976 624 1049 εὔχομαι
651 979 938 1044 διαπαντὸς
962 981 1154 1047 οἰκεῖν,
1182 983 1239 1034 ὲν
1338 984 1433 1037 καὶ
1462 983 1563 1053 τῆς
1591 1001 1764 1055 σωτη-

189 1069 309 1138 ρίας
345 1068 629 1139 ἐπέτυχον.

268 1161 367 1212 ‘Er
388 1161 575 1229 πέτρᾳ
594 1161 842 1230 ὕψωσέν
852 1179 946 1231 με.
965 1164 1158 1233 Σαφῶς
1173 1164 1201 1216 ὁ
1218 1163 1425 1228 Παῦλος
1442 1165 1540 1236 τὴν
1557 1166 1761 1237 πέτραν

181 1245 325 1303 εἶναι
357 1250 450 1303 τὸν
476 1252 708 1322 Χριστὸν
732 1252 1143 1323 διισχυρίζεται.
1172 1256 1336 1324 ’ᾼσω
1357 1255 1454 1307 καὶ
1484 1255 1761 1323 ψαλῶ·τῷ

179 1339 396 1408 Κυρίῳ.
432 1339 628 1409 Σαφῶς
651 1340 753 1412 τὴν
778 1340 896 1407 τοῦ,
918 1341 1125 1412 Ἄγιος,
1151 1343 1323 1412 ἅγιος,
1356 1344 1529 1412 ἅγιος,
1557 1347 1760 1418 ἀνακη-

182 1428 367 1501 ρύττει
391 1429 669 1501 λατρείαν.

248 1521 662 1587 Εισάκουσον,
693 1525 891 1591 Κύριε,
925 1523 1033 1591 τῆς
1055 1524 1261 1594 φωνῆς
1286 1544 1425 1594 μου.
1460 1527 1603 1579 Ἀντὶ
1641 1528 1754 1593 τοῦ,

176 1610 503 1681 εὐχαριστῶ
527 1630 609 1666 σοι
628 1614 768 1685 ὑπὲρ
790 1613 896 1667 τῶν
931 1615 1397 1687 παρεληλυθότων,
1427 1618 1754 1689 δεηθήσομαι

174 1703 230 1757 δὲ
258 1704 402 1775 ὑπὲρ
429 1704 538 1757 τῶν
567 1702 710 1775 ἑξῆς.

241 1796 674 1864 Νομοθέτησόν
708 1814 818 1866 με,
858 1798 1065 1866 Κύριε,
1103 1798 1173 1852 ἐν
1207 1799 1282 1869 τῇ
1315 1798 1433 1865 ὀδῷ
1463 1814 1600 1853 σου.
1650 1801 1752 1853 Τὸν
1784 1787 1826 1841 Β

174 1885 534 1955 εὐαγγελικδν
563 1887 726 1958 νόμον
752 1887 967 1958 εὔχεται
998 1891 1349 1961 γυμνωθῆναι
1384 1892 1533 1961 αὐτῴ
1551 1911 1563 1923 ·
1591 1893 1751 1955 αὐτὸς

172 1975 230 2029 δὲ
260 1976 371 2046 γὰρ
398 1972 469 2048 ἦν
496 1978 592 2031 καὶ
616 1980 648 2050 ἡ
680 1978 863 2031 εὐθεῖα
891 1979 1026 2043 ὁδός.

241 2069 355 2124 Καὶ
387 2070 691 2138 ἐψεύσατο
725 2072 764 2139 ἡ
806 2071 1008 2126 ἀδικία
1034 2070 1239 2141 ἑαυτῇ.
1272 2073 1558 2128 Τουτέστιν
1588 2075 1752 2145 ἠσθέ-

170 2178 334 2231 νησεν
364 2163 397 2233 ἡ
430 2162 555 2216 καθ’
588 2162 747 2234 ἡμῶν
776 2164 978 2219 ἀδικία.

236 2254 509 2306 Πιστεύω
537 2253 641 2316 τοῦ
674 2252 823 2305 ίδεῖν
859 2255 931 2307 τὰ
952 2254 1143 2322 ἀγαθά
1174 2255 1393 2323 Κυρίου
1421 2256 1491 2309 ἐν
1513 2254 1589 2325 τῇ
1615 2256 1748 2317 ζών-

163 2359 304 2397 των.
332 2344 446 2414 Τὴν
469 2344 579 2398 ἀνω
615 2344 963 2417 Ἰερουσαλήμ
1000 2363 1179 2417 φησιν.

560 2437 867 2491 ΨΑΛΜΟΣ
896 2436 975 2502 τῷ
1004 2437 1203 2493 Δαυΐδ.
1227 2441 1357 2492 KZ'.

803 2528 1125 2594 Ὑπόθεσις.

169 2620 320 2691 ’ᾼδει
350 2619 441 2674 τὸν
477 2621 718 2693 παρόντα
744 2619 955 2691 ψαλμὸν
981 2621 1045 2672 ὲκ
1069 2620 1361 2692 προσώπου
1394 2621 1501 2675 τῶν
1528 2639 1746 2675 πιστευ-

238 2713 451 2765 σάντων
478 2715 557 2776 είς
590 2712 857 2783 Χριστὸν,
895 2712 982 2766 διὰ
1026 2713 1260 2783 δεήσεως
1304 2713 1383 2774 είς
1426 2714 1745 2783 ἐπικουρίαν

233 2804 419 2857 καλῶν
452 2806 545 2857 τὸν
582 2805 716 2863 Θεόν
738 2824 751 2837 ·
785 2805 904 2875 ἅμα
934 2806 989 2858 δὲ
1024 2805 1118 2857 καὶ
1158 2805 1254 2875 τῆς
1304 2805 1569 2858 Ἰουδαίων
1611 2807 1748 2858 ἁπο-

234 2898 386 2961 νοίας
427 2898 731 2969 κατάρασιν
772 2897 885 2969 ἔχει
932 2898 1025 2951 καὶ
1069 2896 1231 2967 εὐχὴν
1274 2895 1367 2949 τοῦ
1412 2897 1743 2968 χωρισθῆναι

230 2991 331 3061 τῆς
358 2990 600 3063 χείρονος
625 2990 849 3045 ἐκείνων
881 2991 1115 3062 μερίδος.

233 3082 394 3150 Πρὸς
426 3081 536 3148 σὲ,
568 3083 762 3150 Κύριε,
807 3081 1232 3151 κεκράξομαι...
1264 3081 1362 3135 καί
1386 3081 1746 3149 ὁμοιωθήσο-

1859 1449 2099 1503 sanctus.
2130 1451 2351 1497 sanctus
2376 1442 2442 1508 δ’,
2476 1442 2746 1498 redditum
2776 1444 3053 1513 praedicat.

1935 1532 1987 1588 7.
2037 1532 2271 1601 Exaudi,
2304 1533 2545 1599 Domine,
2576 1551 2750 1589 vocem
2800 1552 2990 1589 meam.
3028 1535 3198 1602 Quasi
3241 1537 3423 1592 dicat:

1858 1632 2062 1696 gratias
2107 1626 2205 1681 tibi
2230 1626 2297 1681 de
2336 1627 2627 1696 praeteritis
2655 1642 2777 1698 ago,
2811 1628 3058 1698 supplico
3079 1643 3179 1699 pro
3202 1626 3424 1684 futuris.
3534 1654 3541 1659 ·

1941 1805 2025 1860 ll.
2056 1804 2242 1876 Legem
2270 1821 2400 1875 pone
2438 1806 2588 1867 mihi,
2622 1804 2862 1868 Domine,
2901 1805 2956 1857 in
2998 1822 3079 1858 tua
3111 1812 3221 1858 tua.
3245 1804 3425 1858 Evan-

1859 1896 2083 1966 gelicam
2117 1897 2287 1966 legem
2322 1896 2425 1952 sibi
2454 1905 2640 1951 notam
2679 1896 2792 1950 tieri
2821 1896 3095 1965 postulat;
3127 1896 3245 1965 ipsa
3278 1897 3422 1949 enim

1857 1997 2002 2043 recta
2030 1988 2114 2042 via
2146 1997 2249 2044 est.

1936 2077 2022 2132 12.
2058 2078 2128 2131 Et
2152 2081 2371 2133 mentita
2395 2088 2470 2133 est
2493 2081 2745 2150 iniquitas
2773 2081 2892 2133 sibi.
2926 2078 2982 2134 ld
3012 2086 3115 2144 est,
3148 2078 3317 2133 fracta
3339 2088 3423 2134 est

1854 2170 2111 2239 iniquitas
2144 2186 2249 2240 qua
2288 2171 2699 2239 impetebamur.

1933 2260 2019 2313 15.
2047 2259 2213 2314 Credo
2258 2260 2427 2314 videre
2456 2261 2590 2314 bona
2630 2260 2839 2315 Domini
2868 2263 2922 2315 in
2955 2271 3094 2317 terra
3116 2262 3416 2316 viventium.

1855 2351 2154 2421 Supernam
2178 2350 2479 2405 Jerusalem
2507 2352 2785 2421 intelligit.

2202 2441 2542 2498 PSALMUS
2571 2442 2758 2497 David.
2788 2441 3037 2499 XXVII.

2442 2534 2841 2603 Argumentum.

1851 2618 2177 2674 Praesentem
2212 2621 2364 2673 canit
2384 2620 2653 2689 psalmum
2701 2637 2767 2675 ex
2812 2637 3038 2690 persona
3081 2621 3414 2677 credentium

1918 2711 1972 2764 in
2018 2711 2318 2773 Christum,
2346 2720 2399 2765 et
2432 2712 2656 2781 supplex
2698 2711 2791 2766 Dei
2836 2713 3091 2782 implorat
3117 2714 3413 2779 auxilium;

1920 2814 2082 2871 atque
2110 2817 2219 2856 una
2249 2801 2559 2857 Judaeorum
2583 2803 2815 2859 vesaniae
2831 2805 3253 2882 exsecrationem
3281 2822 3415 2860 con-

1924 2897 2080 2960 tinet,
2107 2904 2270 2966 atque
2293 2910 2323 2949 a
2348 2895 2589 2965 pessima
2620 2896 2837 2952 illorum
2869 2904 3015 2951 sorte
3050 2896 3291 2966 separari
3314 2912 3413 2965 po-

1919 2988 2103 3043 stulat.

1918 3080 1969 3133 1.
2006 3079 2087 3133 Ad
2130 3088 2197 3145 te,
2232 3078 2471 3144 Domine,
2496 3079 2824 3151 clamabam.
2848 3091 2896 3135 et
2944 3080 3278 3133 assimilabor
3324 3096 3415 3131 ae—

155 3191 264 3244 μαι
296 3174 423 3239 τοῖς
454 3175 923 3231 καταϐαίνωσιν
943 3176 1031 3240 εὶς
1055 3174 1307 3229 λάκκον.
1346 3175 1505 3237 Ἔθος
1533 3178 1597 3245 τῇ
1623 3176 1742 3246 θείᾳ

1885 3171 2207 3224 :endentibus
2237 3172 2291 3224 in
2317 3171 2512 3226 lacum.
2542 3171 2657 3228 Mos
2681 3173 2877 3227 divina:
2913 3171 3205 3242 Scripturae
3232 3171 3411 3225 lacum

161 3267 356 3339 Γραφῇ
388 3266 589 3319 λάκκον
620 3265 907 3336 ὀνομάζειν
940 3266 1028 3319 τὸν
1058 3265 1211 3337 ᾅδην.

228 3357 327 3425 Μὴ
358 3359 749 3426 συνελκύσῃς
766 3375 841 3427 με
859 3358 1009 3426 μετὰ
1036 3358 1417 3428 ἁμαρτωλῶν.
1461 3360 1741 3430 Ἀμαρτω-

158 3451 284 3513 λοὺς
309 3449 373 3502 τὸ
399 3449 509 3502 τῶν
542 3449 811 3503 Ἰουδαίων
843 3450 992 3513 ἔθνος
1038 3452 1191 3521 φησὶ,
1237 3450 1377 3503 κατά
1407 3451 1465 3503 τὸ
1506 3450 1734 3521 εἰρημέ-

158 3560 247 3596 νον
275 3544 465 3605 αὐτοῖς
487 3543 592 3595 ὑπὸ
624 3541 719 3595 τοῦ
746 3543 995 3613 Σωτῆρος
1016 3560 1030 3572 ⁸
1072 3541 1214 3595 Ἐὰν
1235 3542 1321 3610 μὴ
1351 3544 1735 3609 πιστεύσητε,

157 3632 246 3685 ὅτι
264 3632 381 3702 ἐγώ
402 3635 538 3701 ειμι,
558 3633 627 3685 ἐν
652 3633 783 3699 ταῖς
808 3633 1117 3701 ἁμαρτίαις
1136 3631 1303 3700 ὑμῶν
1320 3632 1733 3703 ἀποθανεῖσθε.

155 3726 323 3778 Αὐτοὶ
353 3725 413 3779 δὲ
443 3726 536 3777 καὶ
560 3725 916 3795 ἐργαζόμενοι
941 3723 1038 3795 τὴν
1070 3724 1321 3794 ἀνομίαν,
1348 3726 1429 3777 ὅτι
1451 3724 1541 3777 τὸν
1563 3724 1736 3777 ἀθῶον

155 3819 249 3872 καὶ
277 3818 485 3870 δίκαιον
514 3818 845 3872 ἀπέκτειναν
866 3857 880 3881 ,
919 3817 977 3869 ὃν
1010 3816 1111 3869 οὐκ
1142 3818 1461 3869 ἀποκτεῖναι
1503 3817 1531 3868 ὁ
1574 3816 1737 3885 νόμος

158 3908 464 3961 ἐκέλευσεν.
484 3906 602 3961 Τῶν
642 3908 984 3961 λαλούντων
1006 3905 1252 3974 εἰρήνην
1270 3905 1419 3975 μετὰ
1443 3905 1565 3958 τῶν
1583 3910 1738 3973 πλη-

153 3999 296 4053 σίον
336 3998 555 4053 αὐτῶν.
588 3999 758 4053 Τοῦτό
787 4017 972 4071 φησιν,
1007 4002 1110 4068 ὅτι,
1142 3998 1458 4053 διδάσκαλον
1483 3999 1576 4051 καὶ
1599 4000 1735 4067 ἀγαι-

154 4093 246 4146 θὸν
284 4091 688 4156 ἀποκαλοῦντες
734 4093 828 4146 τὸν
868 4092 1132 4166 Σωτῆρα,
1177 4092 1323 4147 κακά
1379 4090 1734 4159 διελογίζοντο

154 4185 273 4239 κατ’
300 4185 491 4241 αὑτοῦ.

224 4275 347 4330 Ὅτι
379 4280 452 4330 οὺ
472 4276 752 4345 συνῆκαν
771 4279 859 4344 είς
889 4276 963 4331 τὰ
995 4276 1138 4346 ἔργα
1167 4277 1406 4345 Κυρίου.
1451 4276 1594 4329 Ἀντὶ
1615 4275 1729 4340 τοῦ,

153 4368 265 4421 Οὐκ
291 4367 587 4439 ἠθέλησαν,
623 4368 777 4439 φησὶ,
812 4368 909 4440 τὴν
939 4368 1149 4422 οἰκείαν
1180 4368 1585 4440 παραδέξασθαι
1624 4385 1730 4421 σω-

150 4461 368 4531 τηρίαν.

216 4552 328 4607 Καὶ
354 4553 650 4606 ἀνέθαλεν
679 4553 716 4621 ἡ
740 4552 897 4621 σάρξ
916 4571 1057 4623 μου.
1087 4552 1281 4622 Σαφῶς
1310 4553 1408 4623 τὴν
1436 4552 1727 4606 ἀνάστασιν

149 4647 206 4697 ἐν
229 4645 444 4707 τούτοις
477 4644 756 4715 κηρύττει.

1842 3262 2114 3330 appellare
2144 3261 2442 3316 infernum.

1925 3356 1978 3409 5.
2006 3353 2089 3408 Ne
2122 3355 2282 3409 simul
2316 3356 2495 3409 trahas
2540 3372 2620 3408 me
2648 3372 2767 3408 cum
2795 3356 3176 3425 peccatoribus.
3211 3356 3410 3410 Pecca-

1840 3452 1988 3499 tores
2022 3442 2332 3499 Judieorum
2367 3454 2579 3516 gentem
2618 3445 2767 3507 dicit,
2817 3446 2973 3515 juxta
3010 3446 3196 3500 illuda
3224 3447 3411 3501 Salva-

1841 3544 1956 3590 tore
1978 3536 2180 3591 dictum
2213 3556 2225 3590 :
2260 3536 2383 3590 Nisi
2411 3539 2741 3592 credideritis
2772 3541 2897 3609 quia
2925 3556 3017 3607 ego
3043 3555 3179 3602 sum,
3218 3538 3270 3591 in
3294 3554 3404 3605 pec-

1839 3630 1971 3682 catis
1996 3631 2180 3683 restris
2212 3631 2507 3683 moriemini
2531 3630 2600 3695 ⁸⁸,
2626 3632 2729 3699 ipsi
2764 3631 2966 3684 interea
2992 3638 3278 3700 operantes
3308 3630 3413 3681 inia

1837 3719 2125 3788 quitatem,
2162 3721 2666 3795 cuminnocentem
2704 3730 2757 3776 et
2783 3723 2991 3791 justum
3017 3731 3205 3777 contra
3243 3737 3405 3789 quam

1837 3808 1922 3862 lex
1950 3817 2154 3863 vetaret
2177 3810 2505 3864 occiderent.
2533 3811 2637 3874 Qui
2652 3811 2937 3877 loquuntur
2951 3827 3131 3880 pacem
3155 3828 3273 3863 cum
3294 3827 3409 3880 pro-

1835 3902 1981 3953 ximo
2027 3916 2140 3954 suo.
2179 3899 2292 3955 Hoc
2336 3901 2412 3954 ait
2447 3902 2577 3970 quia
2621 3901 2959 3955 Salvatorem
2996 3902 3325 3973 magistrum
3353 3911 3409 3961 et.

1838 3993 2039 4047 bonum
2064 3992 2416 4062 appellantes,
2442 3992 2581 4046 mala
2614 3992 2975 4047 moliebantur
3001 3993 3124 4062 ipsi.

1905 4271 1958 4325 5.
1988 4270 2249 4338 Quoniam
2276 4288 2379 4327 non
2406 4274 2771 4329 intellexerunt
2805 4290 2959 4343 opera
2985 4275 3219 4329 Domini.
3237 4276 3408 4341 Quasi:

1832 4361 2037 4417 diceret
2061 4382 2074 4417 :
2100 4362 2404 4419 Noluerunt
2433 4367 2709 4436 propriam
2733 4367 3015 4421 admittere
3041 4366 3292 4420 salutem.

1914 4546 1965 4600 7.
1991 4546 2061 4600 Et
2094 4547 2335 4615 refloruit
2365 4563 2487 4601 caro
2517 4564 2652 4602 mea.
2698 4548 2894 4617 Aperte
2930 4547 3015 4602 his
3046 4547 3402 4602 resurrectio-

1838 4654 1958 4693 nem
1990 4640 2253 4709 prazdicit.

216 4755 420 4826 Adjicit
454 4755 645 4809 Daniel
668 4755 980 4809 Barbarus:
1014 4754 1249 4810 Reﬂoret
1278 4772 1406 4811 caro
1436 4764 1621 4811 nostra
1660 4769 1786 4810 cum
1816 4769 1967 4824 spem
2012 4754 2433 4811 resurrectionis
2464 4754 2785 4825 accipimus;
2815 4765 3085 4809 caeterum
3115 4771 3220 4809 non
3251 4771 3399 4820 caro,

145 4853 239 4906 sed
274 4865 373 4903 cor
406 4850 496 4903 alii
527 4859 826 4905 verterunt.

214 4945 411 4998 Daniel
448 4943 717 4999 Barbarus
744 4961 761 4999 :
797 4945 882 4999 Ea:
911 4946 1179 5000 voluntate
1216 4963 1331 5001 mea
1362 4946 1646 5015 conﬁtebor
1670 4945 1739 4999 ei.
1776 4944 1923 4998 Dixit
1951 4960 2016 4998 ea:
2055 4943 2342 5007 voluntate,
2372 4944 2438 4999 ad
2469 4943 2825 4999 diﬂ'ercntiam
2862 4945 3049 5015 legalis
3082 4943 3279 5008 cultus,
3308 4944 3400 5012 qui

142 5038 540 5107 suppliciorum
575 5050 723 5094 metu
756 5040 1114 5106 adiciebatur,
1148 5042 1199 5095 id
1227 5051 1329 5107 est,
1364 5058 1472 5096 non
1498 5043 1721 5095 invitam
1761 5050 1816 5095 et
1841 5049 2111 5107 coactam,
2139 5040 2231 5094 sed
2263 5040 2621 5094 voluntariam
2653 5048 2705 5094 et
2734 5051 3034 5109 promptam
3072 5039 3399 5093 tibilaudem

142 5128 417 5197 proferam
451 5146 463 5181 :
497 5129 576 5184 sic
605 5139 658 5184 et
684 5130 821 5185 alias
854 5132 991 5186 dixit
1018 5151 1031 5186 :
1072 5131 1377 5186 Voluntarie
1401 5133 1713 5201 sacriﬁcabo
1741 5132 1837 5185 tibi
1859 5133 1901 5163 "
1929 5151 1941 5185 :
1977 5131 2043 5185 Et
2070 5133 2372 5186 voluntaria
2403 5133 2508 5184 oris
2536 5132 2634 5185 mei
2670 5132 2993 5201 beueplacita
3023 5131 3129 5198 fac,
3156 5128 3399 5189 Domine,

139 5229 191 5272 et
216 5220 416 5272 exaudi
448 5236 526 5272 me
551 5222 616 5271 ".
644 5218 750 5275 Sed
774 5222 1035 5291 quoniam
1062 5224 1287 5277 verbum
1314 5223 1558 5278 confiteri
1592 5232 1644 5277 et
1669 5222 2073 5276 damnationem
2114 5230 2487 5291 peccatorum,
2516 5229 2571 5275 et
2603 5222 2911 5288 gratiarum.
2934 5220 3201 5273 actionem
3234 5216 3402 5285 signi-

139 5312 303 5379 ﬁcat;
338 5313 459 5368 ideo
488 5313 533 5369 si
566 5315 671 5370 hoc
696 5315 815 5370 loco
845 5331 945 5385 pro
974 5318 1327 5373 damnatione
1358 5318 1563 5388 peccati
1591 5318 1875 5373 commissi
1900 5314 2168 5379 sumatur,
2203 5317 2382 5371 innuit
2404 5318 2550 5386 quod
2582 5334 2687 5371 non
2721 5317 2926 5386 pudore
2949 5323 3003 5368 et
3024 5323 3271 5382 respectu
3299 5315 3401 5365 110--

140 5405 351 5458 miuum
396 5421 625 5475 peccare
670 5408 919 5465 destitit:
954 5412 1048 5466 sed
1081 5412 1343 5482 quoniam
1382 5414 1684 5482 respexerit
1725 5414 1789 5467 ad
1831 5413 2015 5467 odium
2044 5421 2098 5466 et
2135 5428 2333 5466 noxam
2368 5413 2569 5481 peccati
2598 5431 2609 5465 :
2643 5412 2688 5467 si
2724 5426 2851 5466 vero
2884 5408 3117 5464 sumitur
3150 5422 3249 5476 pro
3280 5422 3401 5474 gru-

141 5496 343 5551 tiarum
382 5500 624 5568 actione,
658 5502 895 5557 ostendit
929 5518 987 5557 se
1017 5504 1084 5558 de
1116 5505 1372 5560 omnibus
1396 5506 1599 5575 gratias
1641 5520 1819 5575 agere,
1851 5505 2013 5573 idque
2040 5520 2254 5560 summa
2285 5520 2412 5560 cum
2450 5504 2726 5559 voluntate
2753 5510 3010 5573 praestare
3037 5516 3050 5552 :
3082 5512 3208 5551 nam
3240 5496 3291 5549 id
3318 5490 3399 5546 vel

139 5588 328 5644 dolore
361 5590 449 5645 vel
478 5592 805 5649 necessitate
834 5609 1014 5665 agere,
1046 5611 1155 5651 non
1186 5605 1359 5652 estex
1388 5598 1667 5651 voluntate
1701 5595 1969 5651 confiteri.

204 5738 247 5770 “
276 5737 293 5793 Ι
322 5740 453 5797 Cor.
488 5760 550 5808 χ,
583 5745 633 5799 4.
720 5746 759 5780 δ’
796 5746 898 5803 lsa.
929 5766 1005 5813 γι,
1040 5750 1089 5806 5.
1173 5751 1215 5781 ⁵ο
1246 5750 1403 5807 Joan.
1444 5767 1564 5817 vin,
1602 5752 1683 5806 2i.

1885 5751 2117 5817 sal.t.tn,
2154 5752 2202 5805 8.
2286 5752 2329 5783 5’
2362 5750 2502 5805 Psal.
2526 5765 2711 5813 cxvm,
2744 5748 2867 5802 108.
