3874 6218
484 267 585 321 N7

1332 271 1389 326 S.
1430 270 1801 328 ATHANASII
1837 273 1988 330 OPP.
2032 272 2215 328 PARS
2253 271 2339 328 Ill.
2380 299 2452 311 -
2490 270 2900 326 EXEGETICA.

3608 252 3714 322 iis

480 385 622 438 mino
649 400 862 454 sperans
885 401 988 440 non
1016 386 1341 456 inﬁrmabor.
1369 387 1504 442 Cum
1539 390 1590 442 in
1627 399 1677 444 te
1704 405 1854 458 spem
1878 390 1993 444 salu
2024 417 2040 430 -

2144 391 2334 457 Κυρίῳ
2365 388 2616 448 ἐλπίζων
2656 389 2726 440 οὺ
2754 387 2840 456 μὴ
2869 384 3204 453 ἀσθενήσω.
3241 382 3492 447 Βεὸαίαν,
3521 383 3711 451 φησιν,

479 473 548 528 tis
572 488 852 544 reponam,
883 474 1114 530 ﬁrmiter
1144 484 1198 530 et
1231 475 1487 532 immotus
1527 480 1840 533 consistam.

542 651 598 707 9.
634 651 808 706 Proba
833 669 932 716 me,
963 653 1201 718 Domine,
1229 663 1277 708 et
1301 663 1441 708 tenta
1470 671 1566 708 me.
1593 654 1652 709 Si
1681 658 2032 727 pervestiges,

471 743 668 812 inquit,
702 741 966 812 profunda
1019 745 1215 798 animm
1260 761 1412 810 meae,
1459 746 1515 800 in
1563 754 1612 800 te
1656 747 1772 801 solo
1815 763 2031 802 omnem

473 835 672 890 mentis
716 836 1136 891 sollicitudinem
1176 853 1264 892 me
1330 853 1593 908 reponere
1641 839 2026 908 deprehendes.

478 926 634 992 Quod
657 941 781 981 cum
805 941 982 997 agam,
1002 937 1257 999 acceptus
1277 945 1371 985 ero
1395 931 1509 995 tibi,
1538 940 1642 986 tua:
1659 932 1865 987 scilicet
1889 934 2032 987 veri-

468 1019 596 1074 tatis
621 1034 831 1076 amans.

2144 479 2248 544 ἔξω
2294 479 2392 549 τὴν
2425 479 2612 531 στάσιν
2679 479 2758 538 είς
2795 476 2853 528 σὲ
2886 476 2984 538 τὰς
3027 474 3247 537 ἐλπίδας
3294 473 3394 542 τῆς
3433 472 3712 542 σωτηρίας

2144 570 2615 642 ἀπογραψάμενος.

2211 664 2548 730 Δοκίμασόν
2565 679 2662 730 με,
2691 662 2894 728 Κύριε,
2923 659 3020 712 καὶ
3057 659 3349 726 πείρασόν
3371 672 3468 725 με.
3513 655 3576 709 Εί
3622 653 3712 719 ἐξ·

2142 755 2340 825 ετάσῃς
2378 754 2474 822 τῆς
2499 751 2674 822 ψυχῆς
2709 769 2809 822 μου
2849 749 2916 803 τὰ
2943 749 3080 819 βάθη
3105 788 3120 812 ,
3168 748 3364 818 φησὶν,
3396 746 3488 798 ὲπὶ
3524 745 3600 815 τῷ
3629 745 3711 814 σῲ

2145 845 2288 915 μόνῳ
2317 844 2567 914 εὑρήσεις
2596 843 2733 895 ἐλέει
2766 841 2944 895 πάντα
2972 856 3071 910 μου
3106 839 3204 906 τῆς
3232 837 3468 898 διανοίας
3496 836 3584 888 τὸν
3607 837 3711 888 πό-

2138 952 2226 988 νον
2273 936 2621 1004 ἐπανέχοντα.
2653 932 2820 984 Τοῦτο
2863 931 2919 982 δὲ
2965 928 3131 982 ποιῶν
3177 929 3467 998 εὐάρεστος
3511 926 3710 996 ἔσομαι

2140 1025 2292 1096 παρὰ
2318 1025 2400 1077 σοὶ
2432 1024 2527 1095 τὴν
2558 1025 2656 1094 σὴν
2683 1023 2975 1093 ἀγαπήσας
3007 1019 3282 1091 ἀλήθειαν.

535 1153 726 1208 Daniel
759 1155 1032 1210 Barbarus
1056 1173 1074 1210 :
1107 1156 1210 1212 Ure
1240 1174 1384 1212 renes
1415 1175 1575 1213 meos.
1605 1158 1770 1225 Quasi
1798 1160 1962 1226 dicat,
1999 1161 2268 1216 succende
2299 1170 2354 1216 et
2375 1163 2627 1215 examina
2665 1159 2883 1213 intimas
2913 1157 3082 1211 animi
3115 1157 3220 1210 mei
3250 1155 3629 1225 cogitationes,
3651 1164 3710 1210 et

464 1258 806 1320 perscrutare
835 1267 904 1305 an
940 1253 1014 1306 ita
1045 1268 1128 1307 me
1158 1253 1333 1308 habeo
1367 1263 1433 1308 ut
1456 1255 1597 1309 dico.
1631 1253 1802 1310 Porro
1828 1256 1932 1310 alia
1967 1265 2053 1311 est
2103 1256 2190 1311 hic
2229 1255 2514 1311 succensio
2544 1253 2783 1318 Domini,
2817 1267 2980 1322 quam
3021 1250 3291 1320 Propheta
3337 1257 3506 1318 optat,
3534 1249 3603 1303 ab
3636 1264 3704 1303 ea

462 1359 586 1412 qua:
617 1344 676 1398 ﬁt
701 1345 1016 1400 ardentibus
1048 1347 1271 1416 maligni
1302 1347 1532 1417 sagittis.
1566 1346 1703 1402 Nam
1731 1347 1998 1405 Dominus
2027 1349 2298 1405 deteriora
2336 1347 2630 1412 consumit,
2664 1355 2719 1399 et
2746 1359 2904 1399 renes
2945 1351 3000 1397 et
3026 1342 3191 1397 corda
3223 1348 3518 1410 expurgat;
3545 1340 3708 1393 mali-

461 1451 602 1506 gnus
631 1445 811 1491 autem
839 1437 1094 1494 libidines
1139 1447 1193 1493 et
1227 1438 1449 1494 allectus
1484 1441 1716 1502 excitat;
1753 1452 2036 1513 propterea
2068 1443 2210 1514 ignis
2242 1445 2334 1512 qui
2364 1442 2420 1496 in
2455 1440 2590 1494 rubo
2629 1449 2745 1494 erat
2774 1452 2882 1492 non
2915 1435 3139 1501 exarsit,
3172 1433 3265 1504 qui
3319 1448 3448 1487 vero
3475 1432 3528 1485 iu
3555 1432 3706 1501 judi-

461 1527 616 1582 cibus
643 1527 786 1595 est,“
817 1543 880 1582 ex
912 1528 1142 1582 rbamno
1165 1530 1483 1584 comburere
1509 1529 1732 1585 dicitur.

531 1643 585 1697 4.
611 1640 733 1694 Νοη
754 1642 864 1694 sedi
885 1657 1002 1694 cum
1029 1641 1246 1695 consilio
1264 1643 1532 1697 vanitatis.
1553 1644 2024 1714 [niquissimorum

2199 1643 2318 1694 Οὐκ
2347 1639 2595 1694 ἐκάθισα
2619 1636 2768 1708 μετὰ
2797 1637 3116 1705 συνεδρίου
3157 1635 3568 1705 ματαιότητος.
3592 1637 3704 1689 Σα-

454 1734 660 1805 jndaici
693 1733 870 1804 populi
913 1733 1220 1803 principum
1254 1736 1550 1790 consilium
1591 1737 1733 1806 apud
1776 1752 1901 1791 eum
1932 1735 2025 1804 qui

459 1825 622 1880 corda
663 1824 814 1879 novit
843 1831 896 1879 et
932 1833 1206 1879 scrutatur
1237 1834 1420 1896 aperte
1454 1833 1613 1897 negat
1645 1834 1698 1880 et
1727 1823 1951 1894 respuit.

529 1999 576 2053 6.
611 1999 823 2054 Lavabo
869 2000 1005 2054 inter
1043 2002 1338 2056 innocentes
1378 2019 1563 2056 manus
1610 2019 1767 2056 meas.
1820 2000 2017 2064 Purus,

455 2091 656 2160 inquit,
689 2106 785 2146 ero
819 2107 850 2146 a
881 2091 1202 2148 fmdissimis
1243 2109 1431 2148 eorum
1464 2095 1650 2163 gestis.
1689 2095 1754 2146 Et
1790 2095 2018 2147 cireum-

454 2180 589 2234 Διτύο
612 2180 782 2234 altare
807 2192 976 2248 tuum,
1010 2181 1252 2236 Domine.
1286 2184 1484 2252 Aperte
1519 2183 1572 2236 in
1607 2184 1754 2238 hisce
1780 2183 2020 2236 rationa-

453 2272 614 2326 bilem
646 2273 900 2342 praedicat
925 2272 1152 2326 cultum.

523 2363 576 2418 8.
605 2363 848 2431 Domine,
876 2365 1040 2418 dilexi
1068 2364 1302 2419 decorem
1323 2365 1507 2446 domus
1538 2373 1660 2421 tum.
1698 2365 1910 2437 [Cupio,
1935 2366 2018 2420 in-

449 2456 590 2526 quit,
623 2455 861 2510 divinam
889 2456 1113 2511 domum
1146 2456 1332 2510 videre
1366 2465 1541 2524 tuam,
1573 2472 1695 2527 qua:
1720 2457 1891 2527 gratia
1923 2465 2015 2510 tua

447 2546 728 2619 refulget.]
760 2547 934 2602 Decor
968 2548 1165 2603 domus
1187 2557 1315 2602 sunt
1339 2550 1432 2617 qui
1461 2557 1650 2602 ornate
1683 2557 1735 2602 et
1759 2548 2016 2618 religiose

448 2640 502 2694 in
529 2637 772 2694 Ecclesia
798 2639 1020 2710 degunt.

522 2730 575 2786 9.
612 2729 695 2784 Ne
719 2731 908 2800 perdas
951 2746 1068 2784 eum
1095 2731 1268 2801 impiis
1294 2733 1526 2784 animam
1566 2746 1753 2784 meam.
1779 2731 2013 2801 Rogata

449 2821 716 2893 supplicio
741 2821 907 2877 eximi
923 2820 1128 2878 Iudaeis
1152 2831 1363 2893 parato.

518 3001 606 3056 10.
641 3000 707 3056 1η
733 3019 954 3072 quorum
993 3003 1233 3059 manibus
1275 3005 1574 3074 iniquitates
1609 3015 1754 3068 sunt,
1795 3007 2010 3060 dextera
2035 3020 2079 3076 ο

444 3107 626 3145 eorum
661 3092 859 3162 repleta
884 3103 960 3146 est
983 3094 1302 3149 muneribus.
1330 3095 1439 3149 Aut
1458 3097 1585 3165 quia
1615 3095 1774 3151 donis
1797 3096 1887 3166 jus
1908 3097 2010 3166 ipsi

445 3191 834 3250 perverterent,
862 3196 956 3239 aut
1001 3186 1128 3256 quia
1167 3187 1328 3242 donis
1363 3189 1693 3256 proditorem
1733 3190 2010 3259 corrupis-

444 3282 569 3328 sent
593 3292 608 3340 ;
636 3285 731 3329 aut
759 3277 883 3345 quia
913 3277 1114 3346 injuste
1152 3288 1426 3348 raperent,
1469 3280 1590 3336 ideo
1619 3281 1894 3336 dexteram
1918 3296 2010 3336 eo-

444 3379 580 3429 rum,
600 3365 879 3433 replebant
908 3369 1248 3424 muneribus.

479 3455 530 3508 1.
560 3455 794 3511 PSALM
807 3457 894 3514 US
924 3459 1095 3514 David
1115 3463 1423 3532 priusquam
1450 3464 1712 3518 (iniretur.
1747 3462 1850 3517 XX
1866 3462 1958 3517 VI.

1037 3559 1438 3624 Argumentum.

441 3635 864 3695 lnstruclionem
929 3641 1192 3700 adversus
1249 3646 1440 3701 hostes
1494 3646 1872 3715 complectitur
1919 3645 2008 3706 bic

509 3725 783 3794 Psalmus,
812 3747 933 3800 qua:
983 3748 1053 3787 ex
1102 3732 1261 3790 bonis
1305 3735 1408 3790 sibi
1436 3750 1466 3789 a
1496 3734 1607 3790 Deo
1630 3734 1841 3790 collatis
1877 3743 2004 3789 nota

515 3828 656 3887 erat,
685 3830 849 3892 atque
897 3839 1024 3879 cum
1075 3825 1417 3882 confessione
1462 3836 1618 3898 rogat
1653 3827 1908 3882 secundis
1947 3841 2006 3881 se

512 3911 672 3968 donis
718 3916 924 3985 augeri.
959 3915 1090 3972 Illud
1120 3927 1298 3973 autem
1328 3937 1341 3973 :
1371 3920 1668 3991 Antequam
1700 3929 2000 3990 angeretur,

509 4003 800 4073 signiﬁcat,
841 4006 1020 4076 ipsum
1060 4009 1248 4066 divino
1295 4009 1500 4082 Spiritu
1546 4013 1877 4082 prospicere,
1903 4028 2004 4066 un-

507 4095 741 4164 gendum
766 4111 826 4152 se
850 4097 966 4153 fore
988 4099 1042 4153 in
1069 4116 1272 4171 regem,
1303 4103 1798 4173 tentationibusque
1827 4103 2002 4172 impe-

505 4186 753 4242 tendum.
780 4188 1122 4248 Fortitudine
1148 4195 1362 4249 lumbos
1391 4194 1715 4264 praecinctus
1761 4194 1828 4248 ad
1859 4193 2002 4263 peri—

505 4278 629 4333 cuia
653 4280 1022 4350 propulsanda
1044 4282 1337 4338 admodum
1369 4286 1750 4355 praemunitur.

2129 1731 2244 1801 φῶς
2271 1731 2372 1784 ἐπὶι
2394 1729 2714 1793 τοῦτείδότος
2742 1729 2840 1792 τὰς
2866 1729 3092 1799 καρδίας
3131 1727 3341 1790 ὲτάζειν
3364 1727 3426 1780 τὸ
3453 1727 3562 1780 τῶν
3597 1745 3704 1780 πα-

2129 1824 2521 1894 ρανομωτάτων
2560 1822 2836 1892 ἀρχόντων
2869 1817 2961 1872 τοῦ
3000 1818 3266 1872 Ἰουδαίων
3306 1819 3490 1882 ἔθνους
3519 1820 3703 1890 ἀρνεῖ-

2124 1931 2211 1966 ται
2250 1914 2540 1984 συνέδριον.

2192 2005 2453 2073 Νίψομαι
2498 2003 2566 2055 ἐν
2611 2001 2821 2066 ἀθώοις
2857 2001 2964 2066 τὰς
3009 2001 3210 2070 χεῖράς
3248 2017 3386 2074 μου.
3442 1999 3702 2071 Καθαρὸς

2122 2095 2348 2166 ἔσομαι,
2383 2095 2542 2164 φησι,
2583 2092 2691 2146 τῶν
2721 2093 3016 2162 μιαιφόνων
3059 2091 3238 2146 αὐτῶν
3272 2090 3545 2162 πράξεων.
3585 2092 3702 2147 Καὶ

2121 2186 2412 2241 κυκλώσω
2441 2185 2509 2238 τὸ
2542 2183 2971 2252 θυσιαστήριόν
2998 2197 3135 2248 σου,
3171 2185 3365 2250 Κύριε.
3399 2181 3596 2251 Σαφῶς
3637 2185 3700 2238 ἐν

2119 2278 2326 2342 τούτοις
2353 2277 2452 2347 τὴν
2485 2276 2706 2345 λογικὴν
2739 2275 3103 2346 ἀνακηρύττει
3127 2275 3403 2345 λατρείαν.

2188 2369 2382 2438 Κύριε,
2408 2367 2694 2436 ἠγάπησα
2720 2365 3079 2434 εὐπρέπειαν
3105 2366 3275 2419 οἴκου
3302 2382 3437 2420 σου.
3486 2367 3693 2439 [Ποθῶ,

2119 2459 2284 2529 φησι,
2327 2459 2415 2510 τὸν
2461 2458 2601 2510 θεῖον
2645 2455 2790 2510 οἷκον
2825 2457 2984 2520 ίδεῖν,
3017 2456 3108 2509 τὸν
3153 2457 3252 2526 τὴν
3296 2457 3394 2527 σὴν
3433 2458 3694 2511 ἀποστίλ-

2117 2551 2279 2603 ϐοντα
2307 2549 2512 2620 χάριν.]
2542 2549 2860 2620 Εὑπρέπεια
2904 2548 2997 2600 τοῦ
3037 2547 3263 2601 οἴκοι»ιοὶ
3299 2548 3694 2618 διαπρέποντες

2116 2645 2172 2694 έν
2198 2645 2262 2713 τῇ
2306 2641 2599 2710 Ἐκκλησία
2629 2641 2717 2693 διὰ
2745 2638 3072 2703 θεοσεϐείας.

2187 2737 2245 2786 Μ
2251 2732 2282 2801 ὴ
2313 2730 2744 2798 συναπολέσῃς
2759 2730 2909 2798 μετὰ
2932 2725 3164 2782 ἀσεϐῶν
3187 2727 3301 2796 τὴν
3319 2729 3531 2797 ψυχήν
3541 2748 3687 2798 μου.

2119 2823 2265 2887 Ἕξω
2298 2823 2397 2894 τῆς
2419 2823 2694 2885 κολάσεως
2724 2820 2975 2890 γενέσθαι
3002 2821 3225 2890 εὒχεται
3261 2821 3359 2890 τῆς
3390 2822 3692 2892 ἀποκειμέ-

2115 2932 2211 2985 νης
2236 2918 2348 2977 τοῖς
2381 2914 2670 2976 Ἰουδαίοις.
3436 2903 3438 2905 ’

2183 3002 2292 3058 Ὧν
2314 3005 2382 3058 ἐν
2409 3006 2622 3073 χερσὶν
2652 3006 2711 3057 αἱ
2733 3003 2990 3072 ἀνομίαι,
3024 3005 3062 3072 ἡ
3089 3004 3254 3068 δεξιὰ
3275 3001 3473 3057 αὐτῶν
3491 3003 3690 3072 sariri,-

2115 3101 2230 3165 σθη
2257 3097 2474 3165 δώρων.
2510 3097 2584 3149 Ἦ
2604 3095 2679 3159 ὡς
2704 3095 2798 3148 καὶ
2818 3095 2995 3149 αὐτῶν
3020 3095 3210 3166 δώροις
3239 3096 3688 3166 παρακρινόντων

2111 3191 2170 3242 τὸ
2192 3189 2414 3253 δίκαιον,
2434 3189 2466 3258 ἢ
2491 3187 2579 3240 διὰ
2603 3187 2663 3239 τὸ
2689 3186 2880 3258 δώροις
2896 3188 2987 3240 τὸν
3005 3187 3268 3258 προδότην
3281 3187 3686 3256 ἐξωνήσασθαι·

2111 3283 2143 3353 ἢ
2185 3280 2370 3351 ἐπειδὴ
2412 3280 2719 3352 ἡρπάζοντο
2757 3279 2988 3350 ἀνομίαν
3010 3295 3023 3308 ·
3071 3279 3159 3333 διὰ
3189 3279 3346 3332 τοῦτο
3372 3278 3466 3349 τὴν
3501 3278 3694 3344 δεξιάν.

2111 3373 2288 3426 αὐτῶν
2317 3372 2584 3443 ἐπλήρουν
2610 3371 2817 3444 δώρων,

2151 3466 2458 3519 ΨΑΛΜΟΣ
2506 3462 2606 3516 τοῦ
2639 3463 2818 3516 Δαυῒδ
2845 3463 2958 3529 πρὸ
2991 3462 3097 3516 τοῦ
3124 3461 3462 3531 χρισθῆναι.
3499 3465 3642 3530 ΚΤ.

2728 3553 3050 3617 Ὑπόθεσις.

2110 3645 2358 3716 Περιέχει
2391 3645 2420 3696 ὁ
2460 3644 2672 3715 ψαλμὸς
2712 3645 3011 3714 κατήχησιν
3051 3646 3169 3698 κατ’
3199 3643 3428 3714 ἐχθρῶν,
3471 3643 3564 3712 ἀφ’
3604 3635 3688 3696 ὧν

2178 3737 2277 3806 ἤδη
2306 3734 2523 3799 ἐδέξατο
2552 3735 2701 3805 παρὰ
2733 3733 2866 3786 Θεοῦ
2892 3735 3320 3806 γινωσκομένην,
3347 3735 3440 3788 καὶ
3465 3735 3696 3805 αἴτησιν-

2178 3825 2444 3898 δευτέρων
2493 3825 2709 3894 ἀγαθῶν
2765 3826 2881 3896 μετ’
2946 3825 3402 3897 ἐξομολογήσεως.
3448 3825 3522 3878 Τὸ
3581 3825 3636 3878 δὲ
3664 3867 3681 3891 ,

2175 3919 2288 3988 πρὸ
2346 3919 2450 3973 τοῦ
2504 3917 2859 3987 χρισθῆναι,
2915 3921 3091 3972 ἐκεῖνο
3126 3919 3399 3990 σημαίνει,
3443 3919 3548 3981 ὅτι,
3602 3918 3683 3987 τῷ

2177 4010 2451 4081 Πνεύματι
2487 4008 2565 4079 τῷ
2591 4007 2720 4080 θείῳ
2762 4009 3164 4082 προεωρακὼς,
3205 4009 3281 4072 ὡς
3321 4009 3681 4080 χρισθήσεται

2179 4102 2276 4171 μὲν
2321 4102 2400 4164 είς
2446 4099 2703 4170 βασιλέα,
2737 4102 3025 4172 περιπέσει
3054 4101 3112 4154 δὲ
3155 4104 3267 4164 τοῖς
3314 4105 3690 4172 πειρασμοίςμ

2175 4189 2392 4260 ἀνδρείᾳ
2429 4189 2870 4260 περιζωσάμενος
2907 4189 3002 4260 τὴν
3045 4191 3216 4258 ὀσφὺν
3256 4187 3315 4243 εὖ
3354 4189 3499 4260 μάλα
3543 4193 3678 4260 περὶ

2173 4281 2299 4342 τοὺς
2327 4277 2599 4341 κινδύνους
2632 4278 2978 4333 ἀντισοῦσθαι
3001 4278 3424 4334 διαϐεϐαιοῦται.

502 4427 702 4497 Adjicit
730 4427 924 4483 Daniel
950 4428 1221 4485 Barbarus
1253 4447 1271 4484 :
1305 4430 1609 4488 Vicesimus
1641 4441 1848 4496 sextus,
1874 4430 2159 4500 septimus,
2194 4438 2421 4484 octavus
2455 4437 2509 4484 et
2537 4444 2714 4483 nonus
2754 4429 2946 4498 psalmi
2982 4429 3122 4484 idem
3155 4429 3353 4484 nabent
3383 4445 3687 4500 argumen-

426 4528 566 4574 tum.
595 4519 873 4591 Siquidem
917 4522 1162 4592 subjecto
1188 4524 1244 4578 in
1276 4524 1530 4597 Assyrios
1565 4527 1756 4582 eodem
1796 4543 1862 4582 ex
1905 4538 2140 4594 persona
2174 4523 2316 4578 beati
2346 4521 2591 4577 Ezechiae
2621 4522 2896 4585 dicuntur,
2930 4521 3254 4590 praedicente
3303 4520 3492 4587 David,
3521 4534 3575 4578 et
3608 4527 3675 4578 ad

426 4621 533 4668 hoc
565 4626 949 4686 argumentum
973 4627 1264 4676 revocante
1295 4619 1568 4692 Propheta
1614 4621 1763 4676 illius
1794 4635 2106 4691 personam,
2138 4617 2211 4672 ita
2243 4624 2306 4672 ut
2336 4617 2522 4672 eadem
2563 4616 2726 4670 verba
2770 4616 3026 4686 pradicet
3061 4624 3115 4669 et
3143 4614 3366 4668 affectus
3395 4618 3674 4672 ostendat.

423 4709 694 4763 (laterum
725 4708 1086 4766 imitationem
1114 4721 1167 4766 et
1199 4711 1556 4768 differentiam
1584 4713 1874 4783 quamdam
1902 4712 2102 4765 habent
2127 4709 2180 4763 hi
2212 4708 2405 4778 psalmi
2433 4731 2447 4761 :
2476 4722 2601 4762 nam
2639 4707 2928 4761 vicesimus
2957 4715 3162 4773 sextus,
3194 4714 3248 4760 et
3274 4705 3564 4761 vicesimus
3589 4723 3676 4762 se-

424 4799 647 4868 ptimus,
676 4800 917 4857 victoria:
962 4804 1206 4858 carmina
1250 4815 1378 4860 sunt
1421 4815 1631 4861 tantum
1673 4821 1773 4876 pro
1801 4804 1991 4860 deletis
2016 4801 2292 4872 Assyriis:
2329 4808 2385 4854 at
2413 4799 2951 4854 vicesimusroctavus
2989 4806 3043 4852 et
3080 4796 3368 4852 vicesimus
3397 4810 3577 4852 nonius
3606 4801 3675 4853 de

423 4894 801 4952 incolumitate
830 4903 887 4951 et
913 4899 1148 4955 sanitate
1173 4899 1420 4957 Ezechiae
1444 4903 1693 4958 restituta
1723 4901 2052 4957 mentionem
2085 4897 2309 4952 faciunt.
2718 4949 2720 4951 .

492 4985 754 5040 Dominus
797 4986 1119 5044 illuminatia
1167 5009 1284 5046 mea
1319 5002 1367 5046 et
1397 4995 1540 5050 salus
1585 5012 1718 5060 mea,
1744 5013 1894 5067 quem
1923 4997 1993 5046 ti-
2024 4998 2042 5056 I

2168 4991 2380 5056 Κύριος
2410 4985 2711 5057 φωτισμός
2732 5003 2850 5054 μου
2879 4985 2978 5038 καὶ
3001 4983 3200 5051 Σωτήρ
3218 5001 3358 5052 μου,
3386 4985 3521 5037 τίνα
3558 5002 3669 5053 5:0-

421 5074 606 5129 mebo?
629 5076 985 5132 Adversarias
1015 5088 1311 5149 potestates
1341 5083 1593 5154 despicit,
1624 5087 1750 5156 quia
1794 5087 1849 5141 in
1883 5085 1991 5142 Do-

420 5167 554 5220 mini
579 5167 976 5224 illuminatione
994 5172 1238 5227 conlidit.
1261 5175 1392 5241 Ate,
1415 5176 1610 5248 inquit.
1631 5179 1988 5238 illuminatus.

419 5272 611 5314 omnes
643 5274 750 5314 una
775 5261 960 5316 hostes
987 5273 1275 5321 contemno

2098 5079 2464 5147 ϐηθὴσομαι;
2492 5075 2900 5146 Κατευμεγεθεῖ
2927 5074 3034 5128 τῶν
3078 5074 3466 5143 ἀντικειμένων
3507 5075 3671 5127 δυνά-

2100 5189 2245 5242 μεων
2287 5170 2364 5242 τῷ
2404 5169 2543 5240 φωτὶ
2590 5169 2685 5221 τοῦ
2729 5167 2934 5239 Κυρίου
2993 5167 3296 5238 θαρρήσας.
3351 5168 3485 5220 Ὑπὸ
3532 5169 3666 5231 σοῦ,

2096 5265 2261 5334 φησι,
2299 5263 2664 5332 φωτιζόμενος
2709 5260 2925 5314 πάντων
2962 5260 3096 5330 ὁμοῦ
3140 5259 3247 5312 τῶν
3285 5259 3668 5330 πολεμούντων

2095 5355 2436 5426 καταφρονῶ.
2663 5334 2686 5365 ⁸

489 5415 681 5513 Davi",
722 5417 1032 5476 Βανθαναεῖ
1063 5421 1318 5481 pommus
1366 5440 1626 5496 protector
1665 5433 1780 5489 vita:
1832 5454 1973 5493 ntere.
2009 5438 2142 5506 Quis
2190 5415 2324 5500 adeo
2374 5445 2694 5501 insidiarum
2742 5455 2934 5513 potens
2993 5443 3114 5507 erit,
3178 5451 3236 5498 ut
3290 5451 3480 5512 potens
3518 5441 3667 5497 Deus

417 5520 500 5564 est
531 5511 595 5565 ad
635 5513 894 5569 auxilium
925 5515 1246 5576 ferendum?

506 5646 548 5676 ⁵⁷
583 5645 757 5704 Judic.
797 5669 866 5716 Ix,
902 5654 982 5709 15.
