3874 6218
198 306 302 363 Ιὸθ

1259 312 1616 370 EXPOSITIO
1658 314 1723 370 IN
1764 315 2091 371 PSALMUM
2126 314 2336 370 XXVII.

3312 324 3313 327 “
3338 322 3441 378 ίεο

281 426 379 476 Ἐν
410 423 489 488 τῷ
516 423 763 493 ἐγγίζειν
794 424 885 476 ἐπ’
925 425 1029 494 ἐμὲ
1067 428 1421 494 κακοῦντας.
1466 430 1748 501 Προσῆλθοε

1941 431 1995 484 2.
2029 430 2167 484 Dum
2211 432 2524 501 appropiant
2568 448 2722 501 super
2770 448 2846 486 me
2887 442 3141 488 nocentes.
3178 434 3436 491 Accesse-

196 518 318 585 μὲν,
351 518 505 586 φησι,
550 515 858 586 διαφθεῖραι
888 516 1129 583 θέλοντες
1170 521 1464 575 πεπόνθασι
1500 522 1557 575 δὲ
1588 523 1616 575 ὃ
1642 524 1773 595 δρᾶ-

193 621 286 659 σαι
314 605 573 676 ἢλπισαν.

268 695 389 751 Τοῦ
409 696 704 757 κατοικεῖν
726 714 802 767 με
836 699 906 751 ἐν
930 699 1072 766 olm,»
1092 702 1334 769 Κυρίου.
1354 703 1463 755 Καὶ
1490 702 1596 773 γὰρ
1623 704 1772 770 ἅγιο-

189 785 410 857 πρεπὴς
441 788 475 857 ἡ
513 787 730 856 αἴτησις
760 787 981 856 γέγονε,
1010 791 1104 843 καὶ
1135 790 1253 860 Θεῷ
1296 791 1476 845 δοῦναι
1504 794 1647 858 ἀξία.
1689 792 1771 857 Τῷ

188 873 429 940 θεωρεῖν
468 890 544 942 με
598 874 713 942 τὴν
758 877 1126 944 τερπνότητα
1158 880 1399 947 Κυρίου.
1445 882 1533 935 Ἐν
1562 881 1765 953 ταύτῃ,

186 966 375 1034 φησὶν,
394 964 626 1036 εὔχομαι
652 967 940 1032 διαπαντὸς
964 969 1156 1035 οίκείν,
1184 971 1241 1022 ὲν
1340 973 1435 1025 καὶ
1464 971 1565 1042 τῆς
1593 989 1767 1043 σωτη-

190 1056 311 1125 ρίας
347 1056 630 1127 ἐπέτυχον.

270 1148 369 1199 'Er
390 1148 577 1217 πέτρα
594 1148 844 1217 ὕψωσεν
854 1167 948 1219 με.
966 1152 1159 1220 Σαφῶς
1174 1152 1202 1204 ὁ
1220 1151 1426 1216 Παῦλος
1444 1153 1542 1224 τὴν
1554 1154 1763 1225 πέτραν

182 1233 326 1290 εἶναι
358 1238 452 1290 τὸν
478 1239 710 1309 Χριστὸν
734 1239 1145 1311 διισχυρίζεται.
1174 1244 1337 1311 ’ᾼσω
1358 1244 1455 1296 καί
1485 1243 1763 1313 ψαλῶ·τῷ

180 1326 398 1395 Κυρίῳ.
434 1327 629 1396 Σαφῶς
653 1328 755 1399 τὴν
780 1327 898 1394 τοῦ,
920 1328 1127 1399 Ἂγιος,
1153 1330 1325 1400 ἅγιος,
1358 1333 1530 1401 ἅγιος,
1558 1336 1762 1406 ἀνακη-

183 1416 367 1488 ρύττει
392 1416 671 1488 λατρείαν.

250 1508 663 1575 Είσάκουσον,
695 1513 893 1579 Κύριε,
928 1511 1035 1579 τῆς
1057 1512 1262 1582 φωνῆς
1288 1532 1427 1583 μου.
1462 1516 1605 1568 Ἀντὶ
1642 1517 1756 1583 τοῦ,

178 1598 503 1669 Εὐχαριστῶ
529 1618 610 1655 σοι
629 1601 769 1673 ὑπὲρ
792 1601 898 1655 τῶν
933 1603 1399 1675 παρεληλυθότων,
1429 1606 1756 1679 δεηθήσομαι

176 1691 232 1745 δὲ
260 1692 403 1763 ὑπὲρ
430 1692 539 1745 τῶν
567 1690 711 1764 ἑξῆς.

243 1783 674 1852 Νομοθέτησόν
709 1802 819 1855 με,
860 1787 1067 1855 Κύριε,
1105 1787 1175 1840 ἐν
1209 1787 1284 1857 τῇ
1317 1787 1435 1854 ὀδῷ
1465 1802 1601 1843 σου.
1652 1790 1754 1841 Τὸν
1786 1775 1828 1829 Β

175 1873 535 1942 εὐαγγελικδν
564 1876 728 1946 νόμον
752 1876 968 1946 εὔχεται
998 1880 1351 1950 γυμνωθῆναι
1386 1880 1534 1951 αὐτῷ
1553 1900 1565 1912 ·
1592 1881 1753 1944 αὐτὸς

172 1963 230 2017 δὲ
262 1964 372 2034 γὰρ
399 1960 470 2035 ἦν
497 1966 593 2019 καὶ⁸
616 1968 650 2037 ἡ
681 1967 864 2019 εὐθεῖα
893 1968 1027 2031 ὁδός.

242 2057 356 2111 Καὶ
388 2058 693 2126 ἐψεύσατο
726 2060 765 2127 ἠ
807 2059 1010 2114 ἀδικία
1035 2059 1241 2130 ἑαυτῇ.
1274 2061 1560 2117 Τουτέστιν
1590 2063 1752 2134 ἠσθέ-

171 2165 335 2219 νησεν
364 2151 398 2221 ἡ
432 2150 556 2203 καθ’
588 2150 748 2221 ἡμῶν
778 2152 979 2207 ἀδικία.

237 2241 509 2294 Πιστεύω
538 2240 643 2304 τοῦ
675 2240 825 2294 ίδεῖν
860 2243 933 2295 τὰ
954 2242 1145 2310 ἀγαθὰ
1176 2244 1395 2311 Κυρίου
1422 2244 1492 2298 ἐν
1514 2242 1590 2315 γῇ
1616 2244 1749 2305 ζών-

164 2347 305 2385 των.
333 2332 447 2402 Τὴν
470 2332 580 2386 ἄνω
616 2332 964 2405 Ἰερουσαλήμ
1001 2352 1180 2405 φησιν.

562 2425 868 2479 ΨΔΛΜΟΣ
898 2425 976 2491 τῷ
1006 2425 1204 2481 Δαυΐδ.
1228 2430 1358 2481 KZ’.

804 2516 1126 2582 Ὑπόθεσις.

169 2608 321 2678 ’ᾼδει
350 2607 441 2662 τὸν
478 2609 719 2681 παρόντα
744 2607 956 2679 ψαλμὸν
982 2609 1046 2661 ὲκ
1070 2608 1362 2681 προσώπου
1394 2609 1502 2663 τῶν
1528 2627 1747 2663 πιστευ-

239 2700 451 2752 σάντων
478 2702 559 2763 είς
592 2701 857 2771 Χριστὸν,
896 2701 983 2755 διὰ
1026 2701 1261 2771 δεήσεως
1305 2701 1385 2762 είς
1427 2701 1746 2772 ἐπικουρίαν

234 2792 420 2844 καλῶν
454 2793 547 2845 τὸν
584 2793 717 2849 Θεόν
739 2813 752 2825 ·
786 2793 904 2863 ἅμα
934 2794 990 2846 δὲ
1026 2793 1119 2845 καὶ
1158 2793 1255 2863 τῆς
1305 2793 1570 2846 Ἰουδαίων
1612 2796 1748 2847 ἁπο-

236 2886 387 2949 νοίας
428 2885 732 2957 κατάρασιν
773 2885 885 2956 ἔχει
932 2886 1026 2938 καὶ
1069 2884 1232 2955 εὐχὴν
1274 2883 1369 2937 τοῦ
1413 2886 1744 2957 χωρισθῆναι

232 2978 333 3048 τῆς
359 2978 602 3050 χείρονος
626 2978 850 3033 ἐκείνων
882 2979 1115 3049 μερίδος.

234 3069 395 3137 Πρὸς
428 3069 537 3136 σὲ,
569 3071 763 3137 Κύριε,
808 3069 1233 3139 κεκράξομαι...
1264 3070 1363 3123 καὶ
1386 3070 1746 3137 ὁμοιωθήσο-

1876 532 2022 587 runt,
2049 523 2242 591 inquit,
2272 522 2454 577 animo
2486 523 2591 577 mei
2633 525 2925 592 perdendi,
2960 526 3107 595 quod
3149 528 3438 598 sperabam

1873 613 2125 668 illaturos
2154 628 2211 667 se
2239 613 2389 677 mali,
2420 613 2619 667 accidit
2647 614 2799 682 ipsis.

1944 704 1998 757 4.
2041 702 2109 758 Ut
2140 703 2422 757 inhabitem
2457 704 2513 756 in
2546 704 2700 758 domo
2732 704 2964 758 Domini.
3002 704 3213 760 Etenim
3247 714 3435 761 sancta

1869 803 1922 850 et
1954 811 2106 865 aequa
2142 795 2451 865 postulatio,
2492 810 2653 864 quam
2709 799 3007 850 concedere
3055 796 3164 851 Deo
3211 798 3433 867 dignum

1868 895 1969 942 est.
2004 886 2069 939 Ut
2105 886 2310 941 videam
2355 885 2669 954 voluptatem
2711 886 2943 941 Domini.
2978 888 3039 941 In
3091 888 3212 951 hac,
3236 888 3431 956 inquit,

1867 991 2057 1046 precor
2083 976 2215 1030 mihi
2247 990 2461 1045 semper
2487 976 2734 1031 habitare
2765 977 2946 1045 liceat,
2979 978 3033 1032 in
3060 994 3167 1049 qua
3192 995 3313 1035 sum
3338 996 3431 1035 sa-

1866 1066 2031 1121 lutem
2064 1075 2412 1121 consecutus.

1954 1156 2007 1211 6.
2054 1156 2120 1210 In
2163 1166 2311 1226 petra
2343 1159 2596 1213 exaltavit
2625 1177 2722 1214 me.
2754 1159 2949 1229 Aperte
2975 1158 3179 1216 Paulus
3221 1170 3429 1232 petram

1863 1264 1984 1303 esse
1998 1247 2277 1301 Christum
2297 1248 2527 1305 aliirmat
2548 1252 2612 1303 ⁸⁸.
2633 1251 2869 1304 Cantabo
2900 1261 2947 1304 et
2968 1251 3229 1320 psalmum
3253 1253 3429 1306 dicam

1862 1341 2108 1395 Domino.
2136 1340 2418 1396 Manifeste
2444 1343 2647 1396 cultum
2679 1358 2775 1411 per
2810 1344 2925 1398 haec
2954 1343 3139 1410 verba,
3172 1343 3428 1408 Sanetus,

1861 1439 2101 1491 sanctus.
2132 1440 2353 1487 sanctus
2378 1431 2444 1498 ",
2478 1431 2748 1487 redditum
2778 1433 3055 1503 praedicat.

1936 1522 1988 1578 7.
2038 1522 2273 1590 Exaudi,
2306 1522 2547 1588 Domine,
2578 1540 2752 1579 vocem
2802 1541 2992 1579 meam.
3031 1524 3200 1592 Quasi
3243 1527 3426 1582 dicat:

1859 1621 2064 1685 gratias
2109 1616 2207 1671 tibi
2231 1616 2299 1671 de
2338 1617 2629 1686 praeteritis
2656 1632 2779 1688 ago,
2813 1618 3060 1688 supplico
3080 1633 3180 1688 pro
3204 1616 3426 1673 futuris.
3536 1644 3543 1649 η

1942 1794 2027 1848 Η.
2058 1793 2244 1864 Legem
2272 1810 2402 1863 pone
2440 1796 2589 1857 mihi,
2624 1794 2864 1858 Domine,
2902 1795 2957 1847 in
2999 1812 3081 1848 ma
3113 1802 3223 1847 tua.
3247 1793 3427 1848 Evan-

1860 1884 2085 1955 gelicam
2118 1886 2288 1955 legem
2323 1885 2427 1941 sibi
2455 1894 2641 1940 notam
2680 1886 2793 1939 ﬁeri
2822 1886 3096 1955 postulat;
3128 1886 3247 1955 ipsa
3280 1886 3424 1939 enim

1858 1986 2004 2032 recta
2032 1977 2116 2031 via
2148 1986 2251 2032 est.

1938 2066 2024 2121 12.
2059 2068 2130 2120 Et
2153 2070 2372 2122 mentita
2396 2077 2471 2122 est
2494 2070 2747 2139 iniquitas
2774 2070 2893 2122 sibi.
2927 2067 2984 2123 Id
3014 2076 3116 2134 est,
3149 2067 3318 2124 fracta
3341 2078 3424 2124 est

1855 2159 2113 2228 iniquitas
2145 2176 2251 2229 qua
2290 2160 2701 2228 impetebamur.

1934 2249 2020 2302 15.
2048 2249 2215 2303 Credo
2259 2249 2428 2303 videre
2457 2250 2591 2303 bona
2631 2250 2840 2304 Domini
2870 2252 2924 2304 in
2956 2260 3096 2306 terra
3117 2251 3417 2305 uiuentium.

1856 2340 2155 2410 Supernatn
2180 2339 2480 2395 Jerusalem
2508 2341 2786 2410 intelligit.

2203 2430 2543 2487 PSALMUS
2571 2432 2759 2486 David.
2789 2430 3038 2488 XXVII.

2442 2522 2842 2592 Argumentum.

1852 2606 2178 2662 Praasentem
2214 2610 2365 2663 canit
2385 2610 2653 2679 psalmum
2702 2626 2767 2665 ex
2814 2627 3040 2679 persona
3082 2610 3415 2666 credentium

1918 2700 1973 2753 in
2019 2700 2319 2762 Christum,
2347 2710 2401 2754 et
2433 2701 2657 2769 supplex
2698 2700 2791 2755 Dei
2837 2702 3093 2771 implorat
3118 2703 3414 2769 auxilium;

1921 2803 2083 2859 atque
2110 2806 2219 2844 una
2250 2790 2559 2846 Judaeorum
2584 2793 2815 2848 vesaniae
2831 2795 3255 2871 exsecrationem
3283 2811 3416 2849 con-

1925 2885 2081 2949 tinet,
2108 2892 2271 2955 atque
2294 2899 2324 2937 a
2348 2884 2589 2954 pessima
2621 2885 2838 2940 illorum
2870 2894 3015 2940 sorte
3051 2886 3292 2955 separari
3314 2901 3414 2955 po-

1919 2976 2104 3031 stulat.

1918 3068 1970 3121 1.
2006 3068 2088 3122 Ad
2131 3077 2198 3133 te,
2232 3066 2472 3133 Domine,
2496 3068 2825 3139 clamabo....
2849 3080 2897 3123 et
2944 3069 3279 3123 assimilabor
3324 3085 3416 3121 ae-

156 3177 265 3231 μαι
297 3161 423 3226 τοῖς
455 3163 924 3219 καταϐαίνουσιν
943 3164 1031 3228 είς
1055 3162 1307 3217 λάκκον.
1346 3163 1506 3225 Ἐθος
1534 3166 1598 3233 τῇ
1624 3164 1742 3234 θείᾳ

1887 3159 2207 3213 :endentibus
2238 3161 2293 3213 in
2318 3160 2512 3215 lacum.
2543 3160 2657 3217 Mos
2681 3162 2877 3216 divinae
2913 3160 3206 3231 Scriptura
3232 3160 3411 3214 lacum

163 3254 357 3325 Γραφῇ
389 3254 591 3306 λάκκον
621 3252 908 3323 ὀνομάζειν
940 3254 1029 3307 τὸν
1059 3254 1211 3325 ᾇδην.

230 3343 329 3412 Μὴ
360 3346 750 3413 συνελκύσῃς
766 3362 842 3413 με
860 3345 1010 3413 μετὰ
1037 3345 1417 3415 ἁμαρτωλῶν.
1461 3348 1741 3418 ’Λμαρτω-

160 3438 285 3500 λοὺς
310 3436 375 3489 τὸ
401 3436 510 3489 τῶν
544 3436 812 3490 Ἰουδαίων
844 3438 993 3501 ἔθνος
1038 3439 1191 3508 φησὶ,
1237 3438 1377 3490 κατὰ
1407 3439 1465 3491 τὸ
1506 3438 1735 3509 είρημέ-

159 3546 248 3582 νον
276 3530 466 3593 αὐτοῖς
488 3530 593 3583 ὑπὸ
625 3529 720 3582 τοῦ
747 3531 996 3601 Σωτῆρος
1017 3547 1030 3559 ’
1072 3528 1214 3583 Ἐὰν
1235 3530 1320 3598 μὴ
1351 3531 1735 3597 πιστεύσητε,

158 3618 247 3672 ὅτι
265 3619 383 3689 ἐγώ
403 3622 539 3688 ειμι,
558 3620 628 3673 ἐν
653 3620 783 3686 ταῖς
809 3620 1117 3688 ἁμαρτίαις
1138 3618 1303 3688 ὑμῶν
1320 3620 1733 3691 ἀποθανεῖσθε.

156 3713 324 3765 Αὐτοὶ
354 3712 414 3766 δὲ
444 3713 536 3764 καὶ
560 3712 916 3783 ἐργαζόμενοι
941 3710 1038 3781 τὴν
1070 3711 1321 3782 ἀνομίαν,
1348 3714 1429 3765 ὅτι
1451 3711 1541 3765 τὸν
1562 3712 1736 3765 ἀθῶον

156 3806 250 3859 καὶ
278 3805 486 3858 δίκαιον
515 3805 845 3859 ἀπέκτειναν
866 3843 880 3868 ,
920 3804 978 3856 ὃν
1010 3803 1110 3856 οὐκ
1142 3804 1461 3857 ἀποκτεῖναι
1503 3805 1531 3856 ὁ
1574 3804 1737 3873 νόμος

158 3895 465 3948 ἐκέλευσεν.
484 3894 603 3948 Τῶν
642 3895 985 3948 λαλούντων
1006 3893 1252 3961 εἰρήνην
1270 3893 1419 3963 μετὰ
1443 3893 1565 3946 τῶν
1583 3898 1738 3961 πλη-

154 3986 298 4040 σίον
338 3986 556 4040 αὐτῶν.
588 3986 757 4040 Τοῦτό
786 4004 972 4059 φησιν,
1008 3989 1110 4055 ὅτι,
1142 3986 1457 4040 διδάσκαλον
1483 3987 1576 4039 καὶ
1599 3988 1735 4055 ἁγα-

155 4080 246 4133 θὸν
284 4078 688 4144 ἀποκαλοῦντες
734 4081 828 4133 τὸν
869 4080 1132 4153 Σωτῆρα,
1177 4079 1323 4133 κακὰ
1379 4078 1734 4147 διελογίζοντο

154 4172 274 4226 κατ’
301 4172 492 4228 αὐτοῦ.

224 4263 347 4317 Ὅτι
379 4266 452 4317 οὐ
472 4264 752 4333 συνῆκαν
771 4266 858 4331 είς
889 4264 963 4319 τὰ
994 4264 1137 4334 ἔργα
1166 4265 1406 4333 Κυρίου.
1451 4264 1594 4317 Ἀντὶ
1615 4263 1729 4328 τοῦ,

153 4356 265 4408 Οὐκ
291 4353 586 4425 ἠθέλησαν,
623 4356 776 4425 φησὶ,
811 4355 908 4427 τὴν
938 4356 1148 4410 οἰκείαν
1180 4355 1585 4428 παραδέξασθαι
1624 4372 1730 4408 σω-

150 4447 368 4517 τηρίαν.

216 4539 328 4593 Καὶ
354 4539 650 4592 ἁνέθαλεν
679 4540 716 4607 ἡ
740 4538 897 4607 σάρξ
916 4558 1056 4609 μου.
1087 4539 1280 4609 Σαφῶς
1310 4541 1408 4610 τὴν
1436 4540 1727 4594 ἀνάστασιν

149 4634 207 4683 ἐν
229 4631 444 4693 τούτοις
477 4630 756 4703 κηρύττει.

1843 3250 2114 3318 appellare
2145 3249 2443 3305 infernum.

1925 3344 1979 3397 '5.
2006 3342 2090 3396 Ne
2123 3344 2282 3397 simul
2316 3344 2496 3397 trahas
2541 3360 2620 3397 me
2649 3360 2767 3397 cum
2795 3344 3176 3414 peccatoribus.
3211 3345 3411 3400 Pecca-

1841 3440 1988 3487 tores
2022 3430 2332 3487 Judaeorum
2367 3442 2579 3504 gentem
2618 3434 2767 3495 dicit,
2818 3434 2973 3503 juxta
3010 3435 3143 3489 illud
3166 3451 3197 3489 a
3224 3436 3411 3490 Salva-

1841 3532 1956 3577 tore
1979 3524 2180 3579 dictum
2213 3544 2225 3578 :
2260 3524 2383 3578 Nisi
2412 3528 2742 3581 credideritis
2772 3530 2896 3597 quia
2925 3544 3017 3597 ego
3043 3544 3179 3591 sum,
3218 3528 3271 3580 in
3293 3544 3404 3595 pec-

1839 3618 1972 3670 catis
1997 3618 2180 3671 restris
2212 3619 2508 3671 moriemini
2532 3619 2601 3684 ⁸ο,
2628 3621 2730 3687 ipsi
2764 3620 2965 3673 interea
2992 3627 3278 3689 operantes
3308 3619 3413 3671 ini-

1838 3708 2124 3776 quitatem,
2162 3725 2285 3763 cum
2307 3710 2667 3783 innocentem
2704 3718 2758 3765 et
2784 3711 2990 3780 justum
3017 3720 3206 3765 contra
3243 3726 3405 3778 quam

1837 3796 1922 3851 lex
1949 3805 2154 3851 vetaret
2177 3798 2506 3853 occiderent.
2533 3800 2637 3863 Qui
2652 3799 2937 3866 loquuntur
2951 3816 3131 3868 pacem
3154 3816 3273 3852 cum
3294 3816 3409 3869 pro-

1835 3890 1981 3942 ximo
2026 3905 2140 3943 suo.
2180 3887 2293 3943 Hoc
2337 3890 2412 3943 ait
2448 3890 2577 3959 quia
2621 3890 2958 3943 Salvatorem
2997 3891 3325 3961 magistrum
3353 3900 3409 3950 et.

1838 3981 2039 4036 bonum
2063 3981 2417 4050 appellantes,
2442 3981 2580 4036 mala
2614 3981 2974 4035 moliebantur
3001 3982 3125 4051 ipsi.

1904 4259 1958 4313 5.
1988 4259 2249 4326 Quoniam
2276 4277 2379 4316 non
2407 4263 2771 4317 intellexerunt
2805 4279 2960 4331 opera
2984 4264 3408 4330 Domini.Quasi

1832 4349 2037 4405 diceret
2060 4370 2073 4405 :
2098 4350 2405 4408 Noluerunt
2433 4355 2709 4424 propriam
2732 4355 3015 4409 admittere
3040 4355 3292 4409 salutem.

1914 4534 1964 4587 7.
1990 4534 2060 4588 Et
2093 4536 2335 4603 reﬂoruit
2365 4551 2486 4589 caro
2517 4552 2652 4591 mea.
2698 4536 2895 4605 Aperte
2930 4536 3016 4590 his
3046 4536 3401 4591 resurrectio-

1838 4642 1957 4680 nem
1989 4627 2252 4696 praedicit.

215 4743 419 4813 Adjicit
454 4742 645 4796 Daniel
668 4742 979 4796 Barbarus:
1013 4742 1248 4797 Reﬂoret
1277 4759 1405 4798 caro
1436 4751 1621 4798 nostra
1660 4757 1785 4797 cum
1815 4756 1966 4812 spem
2011 4742 2432 4799 resurrectionis
2464 4744 2785 4813 accipimus;
2815 4754 3086 4799 caeterum-
3114 4760 3220 4797 non
3250 4759 3398 4809 caro,

145 4840 238 4892 sed
273 4852 372 4891 cor
405 4837 496 4890 alii
526 4847 825 4893 verterunt.

212 4932 410 4985 Daniel
448 4930 717 4986 Barbarus
744 4949 761 4985 :
796 4932 882 4986 Ea:
911 4934 1179 4988 voluntate
1215 4951 1330 4989 mea
1361 4934 1645 5003 conﬁtebor
1670 4933 1739 4987 ei.
1776 4932 1923 4986 Dixit
1950 4948 2016 4986 ea:
2054 4931 2341 4996 voluntate,
2371 4932 2437 4987 ad
2468 4932 2823 4987 diﬂ‘erentiam
2862 4934 3048 5004 legalis
3081 4932 3278 4997 cultus,
3307 4933 3400 5000 qui

142 5025 539 5094 suppliciorum
574 5036 722 5081 metu
756 5026 1114 5093 adiciebatur,
1148 5029 1198 5082 id
1227 5038 1328 5094 est,
1364 5046 1471 5084 non
1498 5030 1720 5083 invitam
1760 5038 1815 5083 et
1840 5037 2111 5095 coactam,
2139 5029 2230 5083 sed
2262 5028 2621 5083 voluntariam
2652 5037 2705 5082 et
2734 5039 3033 5098 promptam
3072 5028 3399 5081 tibilaudem

141 5114 416 5184 proferam
450 5134 463 5168 :
496 5116 576 5171 sic
604 5126 658 5171 et
684 5117 821 5172 alias
854 5119 991 5173 dixit
1017 5138 1030 5173 :
1071 5119 1377 5174 Voluntarie
1400 5121 1712 5189 sacrificabo
1741 5121 1836 5173 tibi
1858 5121 1901 5151 "
1928 5139 1940 5173 :
1976 5119 2042 5173 Et
2070 5121 2371 5174 voluntaria
2402 5122 2508 5173 oris
2536 5121 2633 5173 mei
2670 5121 2993 5189 beneplacita
3022 5120 3128 5187 fac,
3156 5117 3399 5177 Domine,

139 5215 190 5259 et
216 5206 415 5259 exaudi
448 5222 525 5260 me
550 5208 616 5258 ".
643 5205 749 5262 Sed
773 5209 1034 5278 quoniam
1061 5211 1286 5264 verbum
1313 5211 1558 5266 conﬁteri
1590 5220 1643 5265 et
1669 5209 2073 5264 damnationem
2113 5218 2487 5279 peccatorum,
2515 5218 2570 5264 et
2603 5210 2911 5276 gratiarum»
2933 5209 3201 5262 actionem
3234 5206 3401 5274 signi-

139 5298 302 5365 ticat;
336 5300 459 5355 ideo
488 5301 533 5355 si
566 5303 670 5357 hoc
696 5302 815 5357 loco
845 5319 945 5373 pro
973 5306 1326 5361 damnatione
1356 5307 1562 5376 peccati
1590 5306 1874 5361 commissi
1899 5302 2168 5367 sumatur,
2202 5306 2381 5360 innuit
2403 5306 2549 5375 quod
2581 5323 2686 5360 non
2720 5306 2925 5375 pudore
2949 5312 3002 5357 et
3023 5312 3270 5370 respectu
3298 5304 3400 5354 ho~

140 5392 349 5445 minum
395 5408 624 5463 peccare
670 5395 919 5452 destitit:
953 5399 1047 5454 sed
1081 5400 1342 5469 quoniam
1382 5402 1683 5470 respexerit
1724 5402 1789 5455 ad
1830 5401 2015 5455 odium
2044 5409 2098 5454 et
2135 5416 2332 5455 noxam
2367 5401 2569 5469 peccati
2597 5420 2609 5454 :
2642 5401 2687 5455 si
2723 5416 2849 5455 vero
2883 5398 3117 5453 sumitur
3150 5411 3248 5465 pro
3280 5411 3400 5463 gra-

139 5484 341 5538 tiarum
380 5487 623 5555 actione,
658 5490 894 5544 ostendit
929 5506 986 5545 se
1017 5491 1083 5546 de
1116 5493 1371 5548 omnibus
1395 5494 1598 5563 gratias
1640 5508 1818 5563 agere,
1851 5493 2012 5561 idque
2040 5508 2253 5548 summa
2284 5509 2411 5549 cum
2448 5492 2725 5547 voluntate
2753 5500 3009 5562 praestare
3036 5506 3049 5541 ε
3081 5502 3207 5541 nam
3240 5486 3291 5538 id
3317 5479 3398 5535 vel

138 5574 325 5631 dolore
359 5576 448 5632 vel
478 5579 804 5636 necessitate
833 5597 1013 5653 agere,
1047 5599 1154 5637 non
1186 5592 1268 5639 est
1294 5601 1359 5639 ex
1387 5586 1667 5639 voluntate
1699 5583 1969 5639 confiteri.

1764 5740 1803 5769 δ’
1840 5738 2116 5805 Psal.Lttt,
2152 5740 2201 5793 8.
2285 5740 2328 5771 δ’
2360 5738 2501 5793 Psal.
2525 5753 2710 5802 cxvttt,
2744 5737 2865 5791 108.

203 5726 245 5757 ⁸⁸
274 5725 291 5780 l
320 5727 453 5784 Cor.
488 5746 550 5795 χ,
582 5732 633 5786 4.
719 5733 757 5767 ³³
796 5733 897 5791 lsa.
929 5753 1005 5801 vt,
1039 5738 1088 5793 5.
1172 5739 1215 5769 ⁵ο
1245 5738 1401 5795 Joan.
1442 5756 1563 5806 vm,
1600 5740 1681 5794 21.
