3874 6218
463 290 562 356 tsi
1323 298 1379 353 s.
1421 292 1791 349 annuas"
1831 289 1983 349 opp.
2022 287 2204 348 PARS
2242 291 2330 347 ιιι.
2372 324 2441 334 -
2472 292 2883 350 EXEGETICA.
3600 300 3717 354 152

536 418 589 472 8.
628 412 699 470 Et
727 423 989 485 protector
1020 414 1371 468 salvationum
1399 412 1598 467 Christi
1631 410 1713 465 sui
1744 420 1843 465 est.
1873 410 2017 465 Chri-

2206 408 2313 461 Καί
2340 409 2797 477 ὑπερασπιστὴς
2822 408 2936 463 τῶν
2959 411 3266 479 σωτηρίων
3294 412 3399 466 τοῦ
3422 413 3699 482 Χριστοῦ.

457 524 605 568 stum
637 512 754 567 sive
786 521 1012 565 unctum
1056 509 1145 563 hic
1167 515 1326 562 vocat
1366 506 1627 575 populum
1656 504 1711 557 in
1744 502 1928 573 regale
1950 518 2014 559 sa

2142 500 2374 571 Χριστὸν
2419 500 2650 555 ἐνταῦθα
2677 502 2767 555 τὸν
2810 502 3097 572 χρισθέντα
3143 502 3267 555 λαὸν
3310 506 3387 567 εἲς
3436 503 3703 573 βασίλειον

457 604 760 659 cerdotium
798 603 1102 657 inunetum.
1132 598 1251 669 Ipse
1285 598 1474 669 igitur,
1505 597 1601 662 ait,
1643 596 1910 651 Dominus
1937 610 2017 666 po

2144 592 2439 661 ίεράτευμά
2473 608 2656 661 φησιν.
2682 592 2852 655 Αὐτὸς
2882 588 2994 657 οὖν,
3023 592 3186 664 φησὶν
3205 632 3220 658 ,
3246 595 3275 646 ὁ
3303 595 3504 665 Κύριος
3534 596 3703 667 ὑπερ-

467 698 655 768 pulum
695 697 948 768 protegit,
974 705 1031 750 ut
1068 695 1297 750 salutem
1333 691 1534 762 populo
1566 697 1719 760 paret
1750 704 1909 759 quem
1941 703 2017 758 pel

2140 679 2357 744 ασπίζει
2385 682 2463 745 είς
2494 680 2553 734 τὺ
2582 681 2750 734 σῶσαι
2783 682 2872 734 τὸν
2898 682 3185 753 χρισθέντα
3210 684 3276 737 δι’
3309 682 3472 737 αὑτοῦ
3503 686 3597 739 καὶ
3623 687 3705 750 είς

469 806 528 847 se
551 800 605 845 et
633 790 701 845 a'd
732 804 791 843 se
822 789 1057 843 inunxit.

2140 772 2299 826 αὑτὸν
2322 772 2467 826 λαόν.

511 880 564 934 9.
593 878 661 932 Et
685 894 839 947 pasce
885 877 1030 940 illos,
1072 891 1121 931 et
1171 875 1362 929 eaztotle
1416 870 1537 927 illos
1588 887 1748 941 usque
1788 878 2017 940 m.aater1

2208 862 2314 915 Καὶ
2348 862 2639 932 ποίμανον
2669 864 2918 931 αὐτοὺς,
2962 865 3063 919 καί
3091 865 3316 935 ἐπαρον
3341 868 3563 935 αὐτοὺς
3592 868 3703 934 ἕως

458 987 603 1024 num.
638 970 757 1039 Ipse
810 984 1047 1039 namque
1089 982 1190 1023 nos
1230 976 1422 1036 pascet
1450 965 1620 1019 misso
1652 964 1707 1017 in
1738 962 1911 1016 vicem
1948 975 2012 1014 su

2138 954 2243 1008 τοῦ
2284 953 2517 1021 αἰῶνος.
2569 957 2740 1021 Αὐτὸς
2784 958 2893 1029 γὰρ
2941 962 3088 1031 ἡμᾶς
3148 963 3433 1031 ποιμανεῖ,
3480 962 3705 1033 πέμψας

459 1059 756 1114 Paracleto.
790 1060 856 1115 Et
893 1060 1111 1130 quidem
1153 1074 1253 1113 nos
1285 1056 1520 1120 extollit,
1552 1056 1604 1110 id
1632 1063 1735 1119 est,
1769 1052 2017 1108 sublime:

2138 1049 2265 1117 ἡμῖν
2295 1050 2409 1102 ἀντ’
2435 1050 2597 1103 αὑτοῦ
2626 1053 2717 1104 καὶ
2740 1052 2815 1115 ὡς
2841 1054 3029 1106 ἐαυτὸν
3055 1055 3145 1107 τὸν
3175 1056 3551 1129 Παράκλητον.
3590 1060 3705 1111 Καὶ

458 1152 565 1221 agit
590 1152 644 1205 in
668 1149 853 1205 futura
876 1158 925 1204 et
958 1150 1171 1204 inﬁnita
1200 1149 1421 1204 saecula.

2138 1138 2244 1209 μὴν
2276 1139 2369 1191 καὶ
2406 1140 2651 1212 ἐπαίρει,
2695 1143 2972 1196 τουτέστιν
3030 1144 3265 1215 ὑψηλοὺς
3294 1148 3581 1216 ἀποφαίνει
3622 1150 3705 1211 εἰς

2133 1230 2257 1294 τοὺς
2290 1230 2581 1300 μέλλοντας
2607 1234 2701 1287 καὶ
2731 1233 3117 1305 ἀτελευτήτους
3152 1237 3373 1302 αἰῶνας.

458 1329 799 1387 PSALMUS
836 1332 1028 1398 David,
1056 1334 1118 1385 de
1152 1334 1295 1385 exitu
1332 1331 1697 1385 Tabernaculi.
1746 1329 2026 1383 XXVIII.

1053 1426 1453 1494 Argumentum.

456 1513 684 1569 Canitur
718 1528 959 1583 praesens
1004 1516 1250 1583 psalmus
1292 1514 1475 1582 ejecto
1524 1511 1740 1569 lsraelis
1789 1512 2026 1582 populo,

528 1606 887 1676 gentibusque
909 1620 1099 1660 eorum
1125 1605 1242 1659 vice
1274 1604 1486 1668 accitis,
1513 1604 1657 1674 quod
1684 1605 1800 1673 ipsa
1826 1604 2029 1659 indicat

526 1696 830 1765 inscriptio,
865 1694 1055 1751 Exitus
1090 1694 1473 1758 Tabernaeuli,
1503 1711 1625 1765 quae
1657 1696 1834 1765 palam
1870 1694 2025 1750 nobis

523 1788 730 1842 exitum
754 1787 971 1841 illorum
991 1788 1282 1855 signiﬁcat.

529 1880 584 1942 1,
615 1880 670 1932 2.
704 1880 901 1947 Aﬁ'erte
943 1878 1188 1946 Domino,
1222 1880 1321 1949 ﬁlii
1346 1880 1459 1934 Dei.
1482 1880 1648 1935 Filios
1679 1879 1771 1933 Dei
1806 1888 2023 1935 sanctos

455 1972 730 2040 apostolos
754 1979 929 2038 vocat,
957 1972 1157 2041 quippe
1183 1988 1319 2043 quos
1354 1973 1534 2027 dicere
1556 1973 1802 2027 docuerit
1823 1992 1835 2027 :
1860 1972 2023 2026 Pater

455 2070 631 2116 noster
669 2063 758 2131 qui
794 2078 846 2115 es
880 2064 936 2115 in
980 2063 1123 2116 caelis
1147 2064 1211 2116 ⁵³.
1242 2064 1439 2131 A/Terte
1468 2064 1694 2117 Domino
1725 2064 1861 2131 ﬁlios
1886 2066 2020 2117 arie-

456 2167 588 2209 tum.
627 2152 795 2209 Filios
822 2154 1053 2210 arietum
1088 2166 1247 2211 vocat
1278 2172 1372 2212 eos
1400 2158 1493 2226 qui
1528 2173 1622 2226 per
1651 2157 1925 2227 apostolos
1955 2173 2019 2212 ex

455 2246 656 2302 ludatis
685 2248 750 2300 ad
778 2247 938 2302 ﬁdem
984 2246 1201 2302 Domini
1235 2258 1364 2304 sunt
1387 2250 1585 2312 vocati,
1616 2251 1699 2303 vel
1734 2250 1898 2304 etiam
1926 2251 2018 2319 qui

454 2352 519 2390 ex
550 2337 799 2407 gentibus
840 2346 1208 2402 accesserunt,
1237 2339 1437 2407 quippe
1462 2340 1555 2407 qui
1596 2355 1660 2392 ex
1690 2339 2019 2393 irrationali-

454 2428 556 2481 bus
592 2428 839 2497 patribus
884 2429 997 2483 nati
1048 2439 1196 2485 sunt.
1230 2430 1427 2498 A/Terte
1462 2430 1688 2484 Domino
1718 2432 1941 2501 gloriam
1970 2441 2019 2485 et

454 2518 719 2572 honorem.
750 2519 990 2575 Gloriam
1025 2520 1179 2575 all‘ert
1204 2520 1434 2575 Domino
1456 2522 1550 2591 qui
1578 2522 1734 2577 bonis
1762 2522 2017 2591 Operibus

452 2620 628 2679 vacat,
661 2612 960 2667 secundum
990 2612 1123 2667 illud
1152 2614 1297 2683 quod
1331 2614 1535 2669 dictum
1563 2623 1679 2669 est:
1718 2613 1783 2668 Ut
1809 2615 2017 2668 videant

453 2721 611 2773 opera
639 2714 810 2759 vestra
848 2706 1005 2768 bona,
1043 2714 1091 2758 et
1122 2704 1415 2775 gloriﬁcent
1449 2706 1662 2760 Patrem
1701 2716 1926 2760 vestrum
1946 2706 2013 2760 “.

452 2796 666 2853 Rursus
715 2798 977 2852 honorem
1014 2797 1167 2851 alfert
1198 2798 1293 2867 qui
1334 2798 1475 2853 bona
1506 2799 1616 2853 edit
1652 2814 1836 2868 Opera,
1860 2799 2017 2868 juxta

452 2890 506 2943 id
553 2889 697 2959 quod
740 2890 944 2945 dictum
976 2899 1061 2945 est
1081 2891 1161 2943 "z
1192 2889 1412 2943 Honora
1460 2890 1740 2944 Dominum
1770 2892 1833 2945 de
1852 2892 2015 2961 justis

454 2981 557 3034 tuis
583 2980 842 3049 operibus.

524 3073 753 3127 Adorate
782 3072 1065 3127 Dominum
1084 3074 1139 3127 in
1167 3074 1306 3127 atrio
1332 3082 1515 3128 sancto
1538 3075 1671 3144 ejus.
1695 3074 1880 3131 Palam
1903 3077 2013 3133 edi-

2055 1761 2102 1823 Β

2266 1326 2572 1378 ΨΑΛΜΟΣ
2593 1325 2673 1390 τῷ
2702 1326 2879 1380 Δαυῒδ
2902 1327 3115 1392 ἐξόδου
3143 1330 3401 1399 Σκηνῆς.
3436 1335 3569 1387 KH'.

2762 1419 3077 1485 Ὺπόθεσις.

2144 1509 2201 1563 Ὀ
2232 1509 2417 1581 παρὼν
2445 1510 2626 1581 ᾅδεται
2655 1509 2886 1580 ψαλμὸς,
2938 1510 3343 1582 ἐκϐαλλομένων
3383 1514 3480 1584 μὲν
3502 1514 3612 1567 τῶν
3643 1515 3708 1580 ἐξ

2213 1602 2424 1674 Ἰσραὴλ
2444 1642 2459 1666 ,
2487 1603 2954 1674 ἅντεισαγομένων
2982 1603 3037 1657 δὲ
3064 1605 3172 1657 τῶν
3204 1604 3396 1660 ἐθνῶν.
3427 1607 3595 1660 Τοῦτο
3641 1607 3708 1660 δὲ

2198 1696 2345 1766 δηλοῖ
2373 1696 2516 1766 καὶὴ
2546 1696 2824 1767 ἐπιγραφὴ
2854 1698 2886 1765 ἠ
2912 1696 3163 1765 λέγουσα,
3182 1697 3421 1761 Ἐξόδου
3434 1698 3702 1768 Σκηνῆς,

2204 1788 2387 1857 σαφῶς
2416 1788 2513 1861 τὴν
2542 1788 2717 1853 ἔξοδον
2748 1789 2923 1843 αὐτῶν
2950 1790 3083 1859 ἡμῖν
3109 1789 3608 1859 κατασημαίνουσα.

2211 1880 2516 1949 Ἐνέγκατε
2542 1879 2621 1945 τῷ
2648 1881 2862 1947 Κυρίῳ,
2890 1881 3005 1934 υἱοί
3029 1879 3195 1935 Θεοῦ.
3223 1881 3384 1944 Υίοὺς
3408 1881 3543 1934 Θεοῦ
3572 1881 3705 1946 τοὺς

2131 1973 2314 2041 ἁγίους
2340 1972 2667 2036 ἀποστόλους
2684 1973 2855 2025 καλεῖ·
2877 1973 3080 2037 ἐδίδαξε
3133 1973 3243 2045 γὰρ
3269 1974 3468 2037 αὐτοὺς
3492 1973 3701 2041 λέγειν’

2126 2064 2319 2133 Πάτερ
2366 2064 2535 2133 ἡμῶν
2572 2067 2605 2118 ὁ
2642 2064 2711 2117 ἐν
2755 2067 2878 2130 τοῖς
2919 2065 3219 2133 οὐρανοῖς.
3271 2065 3578 2135 Ἐνέγκατε
3620 2063 3705 2131 τῷ

2128 2159 2320 2224 Κυρίῳ
2343 2157 2513 2223 υἱοὺς
2540 2158 2739 2225 κριῶν.
2768 2158 2932 2220 Υἱοὺς
2960 2157 3127 2228 κριῶν
3152 2158 3278 2220 τοὺς
3314 2157 3609 2229 κληθέντας
3631 2156 3702 2209 δι’

2126 2249 2302 2302 αὐτῶν
2341 2251 2403 2301 ἐκ
2441 2248 2534 2302 τοῦ
2572 2248 2837 2303 Ἰουδαίων
2866 2248 3048 2313 ἔθνους
3080 2250 3158 2311 είς
3184 2250 3281 2321 τὴν
3309 2250 3490 2303 πίστιν
3514 2250 3615 2319 τὴν
3643 2252 3704 2302 ἐν

2128 2343 2315 2413 Κυρίῳ
2364 2342 2653 2413 σημαίνει·
2697 2342 2729 2412 ἢ
2761 2341 3004 2405 καὶτοὺς
3043 2342 3103 2406 ἐξ
3135 2342 3304 2395 ἐθνῶν
3339 2343 3704 2395 πεπιστευκό-

2125 2452 2222 2498 τας
2242 2474 2258 2501 ,
2289 2435 2383 2487 ἆτε
2417 2434 2481 2505 δὴ
2515 2434 2717 2503 φύντας
2748 2433 2807 2500 ἐξ
2844 2433 3053 2502 ἀλόγων
3083 2434 3352 2505 πατέρων.
3393 2433 3704 2502 Ἐνέγκατε

2125 2528 2203 2593 τῷ
2228 2529 2423 2596 Κυρίῳ
2448 2528 2634 2593 δόξαν
2666 2528 2765 2581 καί
2786 2528 2981 2597 τιμήν.
3014 2527 3181 2593 Δόξαν
3212 2528 3309 2599 μὲν
3334 2527 3489 2599 φέρει
3517 2546 3601 2592 τις
3619 2528 3707 2599 τῷ

2125 2619 2314 2690 Κυρίῳ
2344 2618 2724 2690 ἀγαθοεργῶν,
2754 2620 2895 2672 κατὰ
2935 2619 2995 2672 τὸ
3039 2618 3327 2689 εἰρημένον
3352 2636 3365 2649 ·
3399 2618 3602 2684 Ὅπως
3652 2620 3703 2672 ι-

2123 2710 2272 2763 δωσι
2308 2710 2380 2765 τὰ
2412 2712 2566 2771 καλὰ
2589 2711 2731 2780 ἔργα
2766 2710 2951 2780 ὑμῶν,
2985 2711 3084 2765 καί
3107 2710 3412 2775 δοξάσωσι
3438 2710 3546 2765 τὸν
3576 2714 3700 2763 Πα-

2123 2802 2262 2871 τέρα
2306 2802 2492 2873 ὐμῶν.
2535 2803 2710 2874 Τιμὴν
2759 2803 2816 2856 δὲ
2863 2802 3059 2868 πάλιν,
3110 2801 3321 2871 ἀγαθὰς
3365 2802 3705 2872 ἐπιτηδεύων

2125 2893 2350 2966 πράξεις
2376 2933 2389 2957 ,
2420 2892 2561 2948 κατὰ
2584 2898 2644 2947 τὸ
2672 2894 2956 2965 εἰρημένον
2975 2912 2987 2924 ·
3026 2895 3168 2964 Τίμα
3192 2894 3297 2948 τὸν
3323 2894 3545 2961 Κύριον
3579 2893 3704 2947 ἀπὸ

2123 2984 2251 3038 σῶν
2283 2985 2527 3039 δικαίων
2555 2986 2775 3039 πόνων.

2193 3080 2665 3150 Προσκυνήσατε
2689 3081 2769 3145 τῷ
2800 3081 2996 3149 Κυρίῳ
3027 3081 3096 3135 ἐν
3135 3078 3292 3148 αυλῇ
3319 3080 3455 3150 ἁγίᾳ
3484 3078 3701 3133 αὑτοῦ.

451 3165 542 3229 cit,
567 3178 674 3218 non
702 3174 948 3233 oportere
978 3179 1079 3220 nos
1104 3174 1256 3220 extra
1275 3165 1559 3221 ecclesiam
1589 3167 1850 3222 adorare:
1871 3169 2016 3237 quod

2138 3168 2316 3236 Σαφῶς
2344 3168 2431 3222 διὰ
2468 3169 2669 3224 τούτων
2696 3172 2825 3241 ἡμῖν
2857 3170 3288 3242 παρακελεύεται
3308 3208 3323 3233 ,
3355 3170 3429 3232 ὡς
3465 3168 3573 3234 ἔξω
3598 3168 3706 3239 τῆς

451 3255 908 3310 heterodoxorum
958 3263 1329 3312 conventuum
1383 3274 1550 3314 causa
1600 3258 1820 3313 dicitur.
1873 3256 2015 3329 [Non

450 3352 666 3413 oportet
700 3356 851 3400 extra
900 3347 1183 3403 ecclesiam
1223 3348 1473 3415 adorare,
1518 3349 1613 3405 sed
1652 3350 1709 3404 in
1748 3335 2017 3419 ipsa-"aula

450 3435 565 3491 Dei.
607 3434 684 3491 Ne
727 3437 881 3503 mihi,
924 3438 1118 3509 inquit,
1147 3441 1399 3510 proprias
1434 3442 1589 3496 aulas
1634 3449 1689 3496 et
1713 3422 2016 3513 sfdagogas

448 3528 783 3601 exeogiteti's,
802 3546 911 3585 una
932 3540 1016 3586 est
1040 3531 1163 3585 aula
1190 3541 1378 3587 sancta
1403 3530 1849 3603 Dei.]Possumus
1864 3534 2013 3597 item,

449 3631 631 3679 mente
672 3637 891 3679 sursum
928 3632 1127 3692 erecta,
1158 3638 1253 3695 per
1296 3625 1497 3679 atrium
1545 3624 1824 3681 caelestem
1860 3639 2015 3679 man-

450 3715 661 3770 sionem
693 3714 1013 3786 intelligere.

520 3891 574 3946 5.
625 3890 734 3945 V0.1:
772 3891 987 3946 Domini
1026 3908 1180 3963 super
1212 3909 1399 3963 aquas.
1439 3895 1623 3963 Aquas
1656 3892 1787 3949 dicit
1825 3907 2013 3948 eorum

448 3984 849 4039 multitudinem
893 3984 987 4054 qui
1040 4001 1136 4054 per
1175 4001 1269 4040 eas
1317 3986 2011 4056 salutemconsequuntur.

448 4076 617 4145 Aquae
645 4086 773 4130 sunt
796 4078 991 4142 sancti,
1009 4077 1269 4146 quoniam
1286 4076 1509 4131 ﬂumina
1531 4077 1599 4132 de
1613 4086 1798 4131 ventre
1823 4092 2013 4132 eorum

449 4166 637 4233 ﬂuent,
662 4166 707 4198 “
723 4167 1024 4237 spiritualis
1056 4168 1304 4223 videlicet
1345 4167 1624 4232 doetrina‘,
1653 4182 1760 4238 qua
1789 4168 2016 4238 irrigant

449 4257 749 4313 auditores.
788 4258 962 4327 Super
1014 4257 1331 4328 hujusmodi
1386 4273 1557 4328 aquas
1607 4257 1872 4315 Dominus
1908 4267 2011 4313 est.

450 4348 555 4404 Sed
586 4348 734 4419 quod
764 4349 1048 4404 historiam
1066 4358 1291 4419 spectat,
1315 4349 1460 4406 Elias
1488 4366 1611 4406 cum
1653 4351 1848 4421 pluviae
1871 4351 2016 4406 defe-

2125 3259 2415 3329 ἐκκλησίας
2460 3260 2521 3313 οὐ
2575 3259 2653 3311 δεῖ
2700 3262 3043 3330 προσκυνεῖν.
3095 3258 3265 3311 Τοῦτο
3316 3257 3372 3310 δέ
3428 3273 3563 3327 φησι
3610 3256 3708 3310 διὰ

2122 3353 2220 3416 τὰς
2257 3352 2362 3406 τῶν
2392 3352 2712 3424 ἑτεροδόξων
2741 3353 3079 3421 συναγωγάς.
3117 3351 3515 3424 [Προσκύνησις
3549 3349 3609 3403 δὲ
3635 3351 3703 3403 οὐ

2123 3447 2226 3518 Χρὴ
2270 3446 2373 3513 ἔξω
2397 3446 2495 3516 τῆς
2538 3446 2833 3510 ἐκκλησίας
2856 3490 2870 3512 ,
2901 3446 3014 3498 ἀλλ’
3056 3445 3113 3498 έν
3163 3445 3299 3516 αὐτῇ
3332 3447 3398 3515 τῇ
3434 3444 3569 3515 αὐλῇ
3604 3444 3706 3497 τοῦ

2122 3537 2255 3590 Θεοῦ
2300 3537 2615 3608 τελουμένη.
2651 3538 2742 3607 Μή
2788 3553 2909 3606 μοι,
2953 3536 3151 3606 φησὶν,
3208 3536 3342 3599 ίδίας
3386 3534 3555 3598 αὐλάς
3604 3535 3706 3587 καὶ

2126 3630 2443 3699 συναγωγὰς
2474 3632 2737 3683 ἐπινοεῖτε
2758 3646 2770 3658 ·
2810 3628 2905 3700 μία
2933 3630 3080 3683 ἐστὶν
3108 3627 3245 3699 αὐλὴ
3274 3630 3306 3699 ή
3335 3628 3466 3697 ἁγία
3511 3627 3705 3700 Θεοῦ.]

2122 3720 2351 3774 Δυνατὸν
2392 3720 2449 3772 δέ
2491 3720 2657 3789 αὐλὴν
2712 3716 3189 3789 ἐπαναϐεϐηκότας
3234 3718 3422 3788 νοῆσαι
3451 3717 3550 3789 τὴν
3595 3718 3704 3771 ἐπ-

2121 3813 2368 3884 ουράνιον
2395 3812 2691 3883 διαγωγήν.

2192 3904 2363 3972 Φωνὴ
2394 3904 2614 3972 Κυρίου
2642 3902 2875 3958 ἐπὶτῶν
2889 3902 3146 3959 ὑδάτων.
3176 3903 3384 3957 Ὕδατά
3431 3920 3565 3974 φησι
3588 3903 3705 3957 τῶν

2121 3999 2208 4053 διὰ
2244 3998 2447 4052 τούτων
2488 3998 2807 4068 σωζομένων
2850 3997 2918 4051 τὰ
2962 3997 3162 4069 πλήθη.
3196 3997 3404 4051 ’Ύδατα
3446 3996 3497 4049 οἱ
3526 3997 3703 4065 ἅγιοι.

2121 4090 2306 4162 διόπερ
2352 4091 2588 4161 ποταμοὶ
2640 4089 2923 4161 ῥεύσουσιν
2970 4091 3034 4143 ἐκ
3077 4088 3179 4157 τῆς
3228 4088 3433 4152 κοιλίας
3477 4088 3699 4143 αὐτῶν·

2120 4184 2368 4237 τουτέστι
2399 4184 2742 4255 πνευματικὴ
2770 4182 3104 4245 διδασκαλία,
3130 4183 3195 4235 δι’
3225 4177 3292 4255 ἧς
3325 4181 3545 4253 ἄρδουσι.
3570 4184 3701 4246 τοὺς

2122 4276 2436 4337 ἀκούοντας.
2471 4275 2594 4328 Ἐπὶ
2628 4274 2734 4328 τῶν
2768 4274 3020 4328 τοιούτων
3055 4269 3146 4328 οὖν
3176 4274 3384 4328 ὑδάτων
3413 4276 3443 4327 ὁ
3467 4274 3696 4344 Κύριος.

2135 4366 2292 4421 Ἀλλὰ
2316 4367 2435 4419 καθ’
2472 4366 2712 4439 ἱστορίαν
2748 4367 2933 4431 Ἠλίας
2956 4367 3093 4437 μετὰ
3119 4368 3216 4439 τὴν
3245 4365 3505 4438 ἀϐροχίαν
3528 4366 3705 4436 ἤκουε

447 4451 569 4495 ctus
594 4449 759 4501 esset,
786 4441 993 4495 audivit
1018 4456 1207 4496 vocem
1231 4456 1496 4511 aquarum
1524 4443 1817 4497 multarum
1853 4444 2013 4515 (alius

2138 4459 2304 4527 ρωνὴν
2332 4459 2537 4512 ὑδάτων
2575 4457 2805 4513 πολλῶν.
2852 4460 2963 4529 Τὴν
2995 4459 3290 4530 γενομένην
3322 4457 3487 4527 φησὶν
3529 4459 3588 4509 ἐν
3621 4458 3703 4527 τῷ

448 4535 654 4603 codex).
683 4533 880 4589 Vocem
910 4533 1123 4589 Domini
1152 4534 1230 4589 ait
1255 4534 1312 4587 in
1336 4533 1573 4589 Jordane
1597 4552 1628 4589 a
1654 4535 1763 4589 Deo
1786 4544 1839 4591 et
1861 4535 2019 4591 Patre

444 4626 703 4682 emissam
731 4642 796 4682 ac
826 4627 1094 4683 dicentem
1126 4625 1205 4682 ‘7:
1242 4626 1346 4681 Hic
1388 4637 1464 4682 est
1509 4628 1652 4697 ﬁlius
1700 4646 1841 4683 meus
1886 4630 2018 4683 dile-

447 4729 582 4781 etus,
614 4734 779 4787 quam
810 4719 973 4773 etiam
1002 4720 1246 4775 tonitruo
1278 4730 1579 4790 comparat.

515 4808 568 4863 5.
615 4807 729 4861 V01:
756 4808 971 4863 Domini
1014 4811 1391 4881 confringentis
1446 4811 1649 4864 cedros.
1693 4809 1900 4865 Cedros
1931 4811 2019 4864 hic

445 4901 579 4956 dicit
605 4900 945 4956 adversarias
967 4911 1281 4972 potestates.
1311 4901 1381 4955 Et
1422 4903 1713 4971 confringet
1759 4901 2017 4956 Dominus

445 4994 627 5047 θεώ-οε
670 4992 883 5047 Libani.
916 4993 1123 5049 Cedros
1166 4992 1360 5051 Libani
1402 4996 1477 5049 ait
1511 4996 1774 5049 sublimes
1805 4995 2017 5051 Judaici

445 5083 630 5152 populi
658 5083 910 5140 homines
939 5104 951 5138 :
976 5086 1103 5155 quia
1121 5086 1440 5156 plerumque
1466 5087 1717 5142 indivina
1740 5086 2017 5158 Scriptura

444 5172 688 5230 Libanus
715 5172 1053 5245 Jerosolyma
1085 5177 1304 5232 dicitur.

504 5357 635 5411 6.Et
658 5358 972 5411 comminuet
996 5375 1084 5411 eas
1103 5367 1354 5427 tanquam
1379 5360 1599 5413 vitulum
1626 5359 1903 5415 Libanum.
1920 5362 2012 5416 Vi-

442 5452 610 5516 tulus,
642 5450 697 5504 id
742 5462 827 5505 est
872 5452 1059 5506 altare.
1096 5450 1167 5503 Et
1207 5451 1427 5505 dilectus
1470 5450 1908 5521 que’madmodum
1947 5458 2013 5525 ﬁ-

443 5541 545 5595 lius
561 5543 935 5624 ‘unicornium.
980 5542 1215 5600 Dilectus
1242 5545 1612 5614 apostolorum
1638 5548 1839 5605 chorus
1867 5550 2011 5607 ﬁlius

2131 4551 2366 4624 Ἰορδάνῃ
2394 4550 2488 4603 τοῦ
2515 4550 2648 4604 Θεοῦ
2680 4552 2774 4605 καὶ
2802 4551 3035 4623 Πατρὺς,
3062 4553 3155 4605 καὶ
3178 4551 3439 4620 λέγουσαν
3460 4566 3472 4578 ·
3507 4547 3701 4617 Οὗτός

2116 4645 2287 4697 ἐστιν
2308 4647 2339 4697 ὀ
2372 4645 2505 4709 Υἱός
2522 4660 2642 4712 μου
2666 4646 2698 4696 ὀ
2723 4643 3045 4712 ἀγαπητὸς,
3064 4643 3131 4714 ἢν
3154 4645 3245 4697 καὶ
3272 4643 3465 4715 βροντῇ
3497 4660 3699 4713 παρει-

2118 4736 2273 4799 κὰζει

2189 4829 2359 4896 Φωνὴ
2416 4830 2636 4897 Κυρίου
2676 4827 3099 4895 συντρίϐοντος
3138 4827 3405 4895 κέδρους.
3452 4826 3697 4895 Κέδρους

2123 4923 2180 4974 ἐν
2228 4919 2437 4981 τούτοις
2481 4919 2579 4982 τὰς
2630 4918 3007 4988 ἀντικειμένας
3056 4918 3312 4986 δυνάμεις
3338 4916 3519 4985 φησίν.
3581 4918 3699 4970 Καὶ

2122 5012 2439 5078 συντρίψει
2475 5011 2685 5077 Κύριος
2713 5012 2819 5074 τὰς
2844 5008 3092 5076 κέδρους
3124 5009 3229 5061 τοῦ
3263 5007 3539 5061 Λιϐάνου.
3581 5008 3697 5060 Κέ-

2120 5100 2279 5171 δρους
2320 5098 2549 5152 Λιϐάνου
2577 5099 2703 5161 τοὺς
2738 5098 2971 5167 ὑψηλοὺς
3004 5099 3099 5150 τοῦ
3140 5098 3406 5151 Ἰουδαίων
3434 5097 3563 5150 λαοῦ
3592 5116 3700 5167 <91;-

2124 5210 2228 5255 σιν,
2249 5192 2335 5245 διὰ
2362 5191 2424 5245 τὸ
2450 5191 2764 5262 ὠνομάσθαι
2783 5190 3041 5254 πολλάκις
3058 5193 3114 5243 ἐν
3140 5194 3204 5260 τῇ
3232 5190 3351 5263 θείᾳ
3381 5192 3568 5263 Γραφῇ
3602 5192 3695 5243 Λί-

2122 5284 2282 5337 ϐανον
2306 5283 2403 5353 τὴν
2436 5280 2805 5353 Ἰερουσαλήμ.

2188 5374 2297 5428 Καὶ
2323 5372 2611 5427 λεπτυνεῖ
2650 5373 2835 5439 αὐτὰς
2865 5374 2945 5439 ὡς
2969 5375 3074 5426 τὸν
3099 5376 3339 5442 μόσχον
3383 5374 3488 5427 τὸν
3518 5376 3694 5429 Λίϐα-

2118 5485 2245 5520 νον.
2296 5468 2354 5518 '0
2398 5466 2595 5535 μόσχος
2632 5466 2692 5518 τὸ
2730 5466 3109 5536 θυσιαστήριον
3148 5466 3314 5537 δηλοῖ.
3346 5468 3451 5521 Καὶ
3488 5470 3522 5521 ό
3550 5468 3695 5537 ἡγια-

2122 5556 2383 5625 πημένος
2425 5556 2503 5619 ὡς
2546 5555 2674 5622 υἱὸς
2715 5554 3157 5625 μονοκερώτων.
3211 5558 3267 5610 Ὀ
3298 5558 3703 5633 ἡγαπημένος,.

509 5714 559 5753 η
583 5719 769 5778 Matth.
806 5740 887 5791 γι,
925 5724 973 5780 9.
1054 5724 1099 5759 5‘
1131 5725 1297 5783 Matth
1352 5744 1397 5793 ι’,
1435 5728 1515 5784 {6.
1592 5730 1635 5763 ⁸⁸
1677 5730 1835 5788 Prov.
1877 5747 1958 5801 ιιι,
1991 5731 2017 5789 9

2138 5734 2165 5761 "‘
2192 5732 2347 5791 Joan.
2388 5747 2485 5801 vn,
2522 5734 2607 5789 338.
2690 5736 2728 5769 δ’
2754 5734 2943 5793 Matth.
2975 5752 3054 5805 ιιι,
3094 5737 3177 5793 l7.
