3874 6218
242 279 351 334 153

1344 285 1712 344 EXPOSITIO
1744 289 1810 344 IN
1847 291 2182 353 PSALMUM
2213 291 2408 351 XXIX.

3423 303 3528 357 ἰδίη

239 396 379 468 φησι
403 435 418 459 ,
445 395 554 448 τῶν
584 395 901 449 ἀποστόλων
933 397 1094 468 χορὸς
1149 399 1262 463 υἱὸς
1308 400 1497 468 γέγονε
1536 403 1814 474 μονοκερώ

1948 410 2052 466 fuit
2088 411 2463 468 unicorninm.
2498 409 2804 468 Unicornes
2835 421 3016 468 autem
3045 422 3175 469 sunt
3201 421 3372 472 sancti
3398 433 3523 488 pro-

237 505 373 541 των.
415 487 805 557 Μονοκέρωτες
855 488 911 541 δὲ
949 492 997 542 οἱ
1040 490 1186 559 ἅγιοι
1219 494 1496 563 προφῆται
1528 495 1621 547 καὶ
1648 511 1840 566 πατρι-

1941 502 2117 570 pheta;
2159 512 2212 557 et
2250 502 2594 571 patriarchae,
2625 519 2864 572 quorum
2894 505 2988 559 lilii
3019 515 3150 561 sunt
3183 510 3360 563 sancti
3385 526 3521 580 apo-

242 580 444 650 ἁρχαι,
471 572 547 632 ὧν
579 580 685 632 υἱοὶ
714 581 764 632 οἱ
802 581 948 646 ἆγιοι
986 582 1274 637 ἀπόστολοι
1303 598 1314 611 ·
1346 584 1432 638 διὰ
1463 585 1523 638 τὸ
1551 587 1644 639 ἐπὶ
1694 587 1814 657 μόνς

1944 592 2089 657 stoli,
2116 607 2182 647 eo
2209 593 2354 663 quod
2380 608 2551 648 cornu
2577 601 2631 648 et
2653 593 3028 651 fortitudinem
3059 598 3114 651 in
3146 599 3263 654 solo
3286 598 3396 654 Deo
3423 572 3521 657 ha-

238 670 365 742 Θεῷ
385 671 446 725 τὸ
471 672 638 743 κέρας
669 673 763 726 καὶ
791 673 890 744 τὴν
918 675 1070 743 ἰσχὺν
1105 674 1270 745 ἔχειν.

313 764 489 832 Φωνὴ
522 765 746 833 Κιιοίου
786 764 1218 833 διακόπτοντος
1249 769 1447 838 φλόγα
1484 770 1694 837 πυρός.
1726 770 1837 822 Αύ-

239 851 342 922 τὴν
373 853 472 922 τὴν
500 854 834 924 ἐπαγγελίαν
869 857 1161 927 σημαίνει,
1200 859 1266 928 ἣν
1295 862 1406 922 τοῖς
1440 861 1614 928 ἁγίοις
1662 861 1837 931 ἐπηγ-

239 945 462 1012 γείλατο
487 946 661 1016 λέγων
680 962 694 976 ⁶
728 947 841 1002 Καὶ
869 948 979 1002 ἐὰν
1021 948 1092 1002 ἐν
1131 949 1304 1019 μέσῳ
1337 951 1528 1020 πυρὸς
1556 951 1796 1021 διέλθῃς
1819 991 1834 1016 ,

237 1039 362 1105 πῦρ
394 1039 468 1090 οὐ
498 1040 867 1093 κατακαύσει
895 1054 989 1094 σε.

308 1128 486 1196 Φωνὴ
535 1130 755 1197 Κυρίου
799 1133 1204 1200 συσσείοντος
1251 1135 1494 1203 ἔρημον.
1535 1134 1630 1198 Τὸ,
1680 1146 1836 1188 συσ-

233 1219 423 1272 σείων
453 1219 687 1272 ἐνταῦθα
734 1222 944 1293 εἴρηται
989 1225 1082 1277 ἐπὶ
1122 1226 1217 1278 τοῦ
1269 1225 1596 1293 ἐξακούστου
1650 1226 1831 1291 πάλιν,

231 1309 311 1374 ὡς
341 1311 427 1378 τὸ,
477 1315 878 1382 Εἰσελθόντος
903 1317 1010 1370 τοῦ
1049 1319 1242 1384 Ἰησοῦ
1261 1361 1276 1385 ,
1312 1320 1562 1387 ἐσείσθη
1591 1318 1761 1374 πᾶσα
1792 1322 1830 1389 ή

232 1402 438 1467 πόλις.
477 1403 721 1473 Ἔρημον
758 1405 815 1457 δὲ
855 1405 953 1477 τὴν
989 1405 1047 1472 ἐξ
1095 1408 1262 1462 ἐθνῶν
1299 1410 1625 1480 Ἐκκλησίαν
1649 1409 1828 1479 λέγει,

230 1489 334 1561 τὴν
362 1490 531 1544 πάλαι
563 1491 766 1564 ἔρημον
795 1490 960 1548 οὖσαν
991 1497 1086 1567 τῆς
1117 1497 1210 1550 τοῦ
1241 1497 1377 1552 Θεοῦ
1413 1498 1686 1568 γνώσεως.
1720 1501 1832 1555 Καὶ

229 1585 559 1638 συσσείσει
624 1587 840 1653 Κύριος
895 1587 1010 1654 τὴν
1057 1587 1281 1656 ἔρημον
1347 1589 1568 1658 Κάδης.
1644 1591 1831 1663 Κὰδης

228 1673 375 1743 ἁγία
423 1676 806 1747 ἑρμηνεύεται.
862 1678 1017 1747 Ἀγία
1063 1679 1120 1732 δὲ
1159 1683 1192 1752 ὴ
1245 1681 1482 1752 Χριστοῦ
1531 1682 1826 1753 Ἐκκλησία

227 1769 434 1820 νοεῖται

298 1857 477 1925 Φωνὴ
502 1859 724 1926 Κυρίου
753 1860 1205 1931 καταρτιζομένη
1229 1863 1518 1933 ἐλάφους,
1551 1867 1649 1920 καὶ
1669 1869 1819 1922 ἀπο-

221 1951 494 2021 καλύψει
527 1951 810 2020 δρυμούς.
843 1954 1068 2024 Ἕλαφοι
1102 1957 1201 2026 μὲν
1248 1959 1295 2009 oi
1346 1958 1490 2025 ἅγιοι
1511 1976 1524 1988 ·
1552 1976 1823 2028 καταρτι-

223 2040 439 2110 ζομένη
474 2042 531 2094 δὲ
561 2044 681 2096 ἀντὶ
708 2043 830 2109 τοῦ,
859 2045 1290 2116 εύτρεπίζοντος.
1325 2049 1497 2113 Αὐτὸς
1542 2051 1650 2122 γὰρ
1695 2054 1822 2117 τοὺς

225 2134 418 2201 ἁγίους
459 2136 789 2201 ἀποστόλους
830 2137 1158 2210 εὐτρεπίσας
1203 2140 1500 2212 ἐξέπεμψε,
1544 2143 1685 2196 κατά
1736 2144 1818 2209 τὸ,

223 2226 627 2294 Πορευθέντες
645 2270 659 2294 ,
694 2229 1114 2298 μαθητεύσατε
1140 2229 1336 2284 πάντα
1373 2233 1444 2286 τὰ
1477 2231 1645 2301 ἔθνη.
1677 2237 1820 2302 Δρυ-

218 2317 379 2386 μοὺς
409 2317 509 2390 τὴν
543 2319 867 2390 Ἐκκλησίαν
895 2323 1192 2388 ἀποκαλεῖ,
1233 2323 1322 2378 διὰ
1345 2325 1405 2377 τὸ
1435 2325 1602 2380 πάλαι
1646 2326 1818 2392 ξύλων

226 2409 500 2481 ἀκάρπων
523 2405 662 2463 εῖναι
694 2412 930 2484 μητέρα.

297 2500 447 2573 [Καὶ
489 2503 559 2556 ἐν
591 2504 673 2570 τῷ
714 2505 839 2572 ναῷ
879 2509 1066 2566 αὑτοῦ
1105 2509 1222 2575 πᾶς
1271 2527 1362 2574 τις
1399 2511 1563 2579 λέγει
1607 2511 1817 2575 δόξαν,

233 2594 293 2646 '0
323 2594 532 2666 Κύριος
551 2635 569 2662 ,
608 2597 734 2661 τοὺς
765 2599 952 2667 ἁγίους
983 2601 1318 2664 ἀποστόλους
1365 2603 1692 2674 εὐτρεπίσας
1734 2606 1820 2671 ἐξ·

218 2687 503 2759 ἐπεμψεν,
538 2690 679 2744 ὥστε
711 2692 838 2753 τοὺς
876 2693 1140 2765 δαίμονας
1189 2695 1554 2766 ἀποσοϐῆσαι,
1603 2699 1699 2751 καὶ
1749 2699 1819 2754 τὰ

216 2779 346 2851 ἔθνη
383 2783 462 2844 είς
496 2784 792 2852 ἐπίγνωσιν
819 2784 953 2838 Θεοῦ
987 2786 1264 2859 ἀγαγεῖν.]

288 2877 510 2944 Κύριος
553 2876 661 2930 τὸν
693 2877 1126 2948 κατακλυσμὸν
1173 2882 1479 2939 κατοικιεῖ.
1529 2882 1818 2936 Κατακλυ-

216 2967 358 3038 σμὸν
383 2968 445 3020 τὸ
481 2968 681 3038 πλῆθος
707 2969 814 3021 τῶν
860 2970 1269 3026 πιστευσάντων
1294 2973 1445 3042 λέγει
1478 2975 1619 3028 κατά
1651 2975 1713 3028 τό
1740 2977 1818 3028 εί-

216 3077 286 3131 ρη
296 3059 460 3130 μένον
478 3101 494 3128 ,
524 3061 604 3114 ὅτι
639 3061 700 3117 Ἡ
723 3062 1019 3131 σύμπασα
1045 3063 1122 3133 γῆ
1149 3064 1498 3135 ἐνεπλήσθη
1534 3067 1639 3122 τοῦ
1661 3069 1812 3138 γνῶ-

217 3167 314 3204 ναι
343 3151 452 3205 τὸν
482 3153 720 3220 Κύριον,
747 3154 824 3216 ὡς
874 3153 1017 3227 ὕδωρ
1044 3155 1179 3210 πολὺ
1215 3158 1594 3230 κατακαλύψαι
1618 3160 1814 3216 θάλασ-

217 3258 339 3297 σαν.
404 3244 514 3297 Καὶ
577 3244 866 3299 καθιεῖται
930 3247 1149 3315 Κύριος
1193 3249 1498 3314 ,βασιλεὺς
1557 3253 1645 3317 εις
1705 3252 1813 3306 τὸν

218 3334 406 3392 αἰῶνα
426 3353 439 3366 ⁸
466 3336 649 3406 ὅμοιον
675 3337 775 3409 τῷ,
800 3338 922 3392 Ὅτι
946 3339 1108 3406 αὐτῷ
1130 3340 1354 3410 κάμψει
1387 3341 1510 3399 πᾶν
1533 3345 1702 3414 γόνυ.

285 3428 506 3496 Κύριος
540 3428 725 3498 ἰσχὺν
747 3428 828 3496 τῷ
849 3430 977 3495 λαῷ
1000 3431 1188 3487 αὐτοῦ
1211 3432 1414 3488 δώσει.
1445 3435 1674 3507 Ὅμοιον
1699 3437 1778 3508 τῷ
1795 3455 1807 3468 ·

218 3519 422 3575 Πάντα
474 3522 664 3589 ἰσχύω
705 3522 776 3575 ἐν
818 3521 899 3587 τῷ
939 3521 1380 3594 ἐνδυναμοῦντί
1427 3542 1505 3594 με
1553 3527 1804 3595 Χριστῷ.

218 3613 434 3679 Κύριος
473 3613 796 3680 color-ridet
846 3613 954 3668 τὸν
1009 3614 1164 3669 λαὸν
1207 3616 1396 3672 αὐτοῦ
1455 3617 1526 3671 ἐν
1573 3619 1802 3689 εἰρήνῃ.

217 3703 446 3774 Ὅμοιον
475 3703 570 3774 τῷ,
601 3704 869 3772 Εἰρήνην
891 3704 1007 3773 τὴν
1037 3705 1192 3775 ἐμὴν
1214 3705 1424 3777 δίδωμι
1450 3709 1614 3778 ὑμῖν,
1642 3711 1804 3780 εἰρή-

217 3811 333 3862 νην
363 3793 480 3864 τὴν
502 3795 658 3865 ἐμὴν
678 3796 894 3865 ἀφίημι
918 3796 1082 3866 ὑμῖν.

1938 684 2174 739 buerint.

2012 774 2063 828 7.
2109 775 2221 829 Vox
2260 776 2474 830 Domini
2499 778 2859 833 intercidentis
2889 781 3162 849 ﬂammam
3193 783 3349 852 ignis.
3385 782 3520 838 Pro-

1938 868 2261 923 missionem
2297 869 2445 923 illam
2487 870 2760 938 signiﬁcat
2789 887 2897 940 qua
2937 875 3142 928 sanctis
3165 890 3224 928 se
3263 875 3519 946 obligavit

1936 961 2124 1016 dicens
2148 962 2214 1014 ⁵⁸.
2240 961 2308 1014 Ει
2337 962 2384 1015 si
2406 978 2498 1032 per
2521 963 2749 1017 medium
2771 965 2908 1033 ignis
2933 965 3233 1032 transieris,
3255 968 3391 1037 ignis
3414 984 3520 1021 non

1938 1062 1986 1106 te
2011 1055 2300 1108 comburet.

2006 1146 2060 1200 8.
2107 1145 2216 1199 Vox
2246 1146 2463 1199 Domini
2488 1148 2833 1201 concutientis
2866 1147 3149 1202 desertum.
3199 1147 3515 1205 concutiens
3621 1157 3631 1164 ‘

1937 1237 2026 1292 hic
2057 1239 2264 1292 dictum
2301 1246 2403 1301 est,
2427 1253 2493 1292 eo
2523 1238 2673 1308 quod
2703 1253 2770 1294 ex
2800 1241 2984 1294 sonitu
3011 1241 3314 1303 audiretur,
3354 1249 3413 1296 ut
3433 1255 3516 1296 est

1935 1329 2067 1383 illud
2087 1346 2100 1384 :
2121 1328 2144 1380 Ι
2154 1346 2217 1396 ng
2226 1327 2498 1382 redienteJ
2505 1346 2594 1382 esu
2611 1339 2872 1383 commota
2887 1339 2962 1383 est
2984 1331 3225 1384 universa
3245 1332 3428 1386 civitas
3445 1334 3510 1386 ⁵³.

1933 1418 2218 1474 Desertum
2243 1429 2423 1474 autem
2454 1421 2587 1474 dicit
2611 1420 2908 1476 Ecclesiam
2941 1423 3202 1492 gentium,
3236 1439 3358 1493 qua:
3382 1425 3511 1478 olim

1931 1511 2143 1566 deserta
2175 1519 2228 1566 et
2252 1511 2513 1566 destituta
2539 1522 2683 1567 esset
2710 1511 2803 1565 Dei
2828 1514 3160 1582 cognitione.
3196 1512 3267 1566 Et
3289 1531 3515 1568 commo-

1931 1605 2064 1658 vebit
2087 1604 2347 1658 Dominus
2384 1605 2648 1658 desertum
2694 1605 2886 1659 Cades.
2917 1605 3096 1661 Gades
3129 1617 3314 1660 sancta
3347 1606 3517 1660 inter-

1929 1707 2195 1767 pretatur.
2240 1697 2309 1753 Et
2336 1713 2468 1752 vero
2496 1696 2740 1753 Ecclesia
2775 1697 2982 1753 Christi
3015 1706 3206 1753 sancta
3237 1706 3510 1753 censetur.

1993 1873 2045 1929 9.
2064 1873 2175 1927 Vox
2200 1873 2409 1927 Domini
2441 1874 2792 1942 prieparantis
2820 1889 3016 1937 cervos,
3041 1883 3090 1926 et
3121 1872 3368 1927 revelavit
3393 1888 3513 1925 con-

1921 1964 2105 2019 densa.
2144 1965 2302 2020 Cervi
2328 1974 2458 2020 sunt
2484 1965 2682 2020 sancti.
2705 1963 3073 2035 Prwparantis
3097 1973 3279 2019 autem
3307 1971 3390 2020 est
3410 1979 3510 2019 ceu

1921 2056 2274 2111 adornantis:
2303 2057 2418 2125 ipse
2448 2071 2682 2125 namque
2710 2064 2928 2110 sanctos
2959 2056 3236 2124 apostolos
3274 2055 3512 2110 adorna-

1923 2159 2006 2206 tos
2051 2159 2105 2205 et
2130 2151 2430 2206 instructos
2479 2151 2652 2214 misit,
2676 2151 2834 2218 juxta
2877 2149 3009 2203 illud
3046 2168 3059 2204 :
3093 2148 3298 2203 Euntes
3329 2149 3512 2202 docete

1921 2256 2099 2295 omnes
2151 2251 2324 2312 gentes
2360 2241 2428 2296 °°.
2477 2240 2756 2294 Condensa
2798 2248 2978 2294 autem
3014 2240 3315 2295 Ecclesiam
3353 2239 3506 2302 dicit,

1919 2333 2066 2403 quod
2090 2339 2234 2388 esset
2264 2333 2398 2387 olim
2431 2331 2899 2386 infructuosarum
2937 2330 3197 2385 arborum
3228 2338 3424 2385 mater.

1987 2476 2080 2559 [Et
2105 2489 2161 2541 in
2205 2487 2396 2558 templo
2429 2487 2541 2557 ejus
2576 2487 2744 2556 quivis
2782 2486 3009 2556 gloriam
3051 2485 3204 2539 dicit.
3242 2485 3510 2540 Dominus

1919 2594 2045 2635 cum
2077 2587 2296 2634 sanctos
2331 2579 2612 2649 apostolos
2654 2590 3042 2649 praeparasset,
3074 2579 3258 2633 emisit
3291 2592 3411 2640 eos,
3447 2587 3508 2632 ut

1920 2673 2195 2726 daemones
2245 2678 2586 2724 exterrerent
2637 2681 2800 2738 atque
2833 2666 3108 2738 fugarant,
3133 2676 3187 2721 et
3225 2676 3414 2737 gentes
3450 2667 3505 2720 in

1919 2761 2015 2817 Dei
2045 2761 2414 2833 cognitionem
2453 2758 2725 2831 agerent.]

1994 2873 2083 2929 10.
2115 2873 2376 2928 Dominus
2423 2873 2681 2927 diluvium
2709 2873 3010 2927 inhabitare
3047 2873 3198 2941 facit.
3231 2870 3504 2925 Diluvium

1920 2969 1996 3024 ait
2046 2983 2170 3024 esse
2207 2968 2450 3039 gentium
2497 2967 2936 3030 multitudinem,
2969 2965 3126 3035 juxta
3173 2964 3305 3018 illud
3358 2963 3506 3032 quod

1919 3060 2128 3114 dictum
2161 3069 2245 3114 est
2274 3077 2288 3114 :
2320 3057 2504 3113 Omnis
2545 3066 2686 3110 terra
2710 3056 2930 3124 impleta
2959 3065 3038 3109 est
3073 3055 3369 3124 cognitione
3398 3052 3507 3106 Do-

1916 3153 2048 3206 mini
2073 3152 2142 3216 “,
2169 3165 2267 3205 ceu
2295 3164 2434 3220 aqua
2460 3147 2633 3202 multa
2661 3161 2785 3216 qua:
2812 3160 2962 3200 mare
2997 3145 3227 3212 operiat.
3261 3141 3331 3194 Et
3360 3141 3506 3195 sede-

1912 3245 1988 3300 bit
2021 3247 2280 3300 Dominus
2324 3260 2418 3298 rex
2459 3245 2516 3298 in
2553 3255 2833 3307 aeternum,
2864 3241 2992 3295 huic
3026 3238 3225 3304 simile,
3254 3237 3506 3308 quoniam

1910 3340 2011 3411 ipsi
2036 3338 2343 3392 curvabitur
2372 3353 2522 3390 omne
2551 3351 2686 3406 genu
2711 3335 2775 3386 ⁸³.

1981 3430 2070 3484 il.
2113 3429 2376 3482 Dominus
2432 3427 2680 3480 virtutem
2715 3423 2908 3494 populo
2950 3439 3046 3476 suo
3087 3421 3279 3474 dabit:
3314 3417 3504 3474 Simile

1912 3522 2043 3577 huic
2078 3541 2092 3576 :
2128 3520 2322 3576 Omnia
2364 3535 2578 3590 possum
2615 3520 2670 3571 in
2702 3533 2761 3570 eo
2804 3517 2897 3587 qui
2935 3531 3014 3569 me
3055 3515 3319 3585 confortat
3347 3512 3504 3568 Chri-

1912 3624 1994 3668 sto
2018 3613 2085 3668 ⁶³.
2127 3611 2391 3666 Dominus
2419 3610 2682 3664 benedicet
2718 3609 2910 3676 populo
2944 3624 3038 3661 suo
3066 3609 3122 3660 in
3145 3622 3294 3676 pace,
3324 3604 3504 3659 simile

1913 3706 2042 3761 huic
2071 3723 2083 3760 :
2111 3704 2307 3758 Pacem
2334 3718 2504 3756 meam
2542 3700 2610 3754 do
2658 3700 2825 3764 vobis,
2851 3715 3032 3769 pacem
3053 3714 3220 3753 meam
3266 3696 3506 3766 relinquo

1913 3799 2057 3853 vobis
2082 3797 2150 3852 “.

289 3912 494 3981 Adjicit
518 3914 574 3966 in
598 3913 702 3981 ﬁne
729 3913 924 3968 Daniel
945 3915 1260 3972 Barbarus:
1295 3917 1609 3974 Desolatam
1643 3920 1712 3975 ab
1739 3921 1981 3994 Assyriis
2014 3929 2217 3974 terram
2251 3915 2446 3969 iterum
2473 3911 2795 3968 reformabit
2822 3921 2876 3966 et
2897 3909 3148 3964 habitare
3175 3907 3356 3962 faciet.

222 4009 535 4062 ΨΑΛΜΟΣ
571 4008 732 4077 ᾠδῆς
771 4008 879 4063 τοῦ
924 4011 1316 4082 ἐγκαινισμοῦ
1359 4014 1468 4068 τοῦ
1509 4015 1679 4070 οἴκου
1721 4019 1808 4084 είς

627 4101 695 4153 τὸ
729 4101 901 4167 τέλος
930 4100 1010 4166 τῷ
1035 4104 1238 4157 Δαυΐδ.
1263 4107 1397 4158 ΚΘ’.

229 4193 611 4264 Ἐγκαινισμὸς
641 4193 732 4246 τοῦ
766 4193 913 4247 οἴκου
954 4195 1122 4258 ἐστὶν,
1154 4197 1272 4267 ἦτοι
1305 4197 1406 4266 τῆς
1445 4196 1804 4270 Ἐκκλησίας,

283 4286 319 4360 ἢ
353 4288 442 4339 ὅτε
470 4286 562 4339 τοῦ
590 4285 695 4352 ἔξω
731 4285 1020 4357 ἀνθρώπου
1051 4289 1082 4357 ἡ
1094 4287 1208 4358 μῶν
1247 4287 1611 4360 φθειρομένου
1637 4291 1667 4343 ὁ
1697 4290 1805 4344 ἔσω

285 4392 672 4429 ανακαινουται
682 4414 694 4426 .

850 4465 1174 4535 Ὑπόθεσις.

2056 4014 2110 4068 1.
2133 4009 2476 4068 PSALMUS
2507 4010 2705 4063 cantici
2731 4010 2784 4061 in
2813 4005 3148 4060 dedicatione
3171 4004 3358 4057 domus

2461 4102 2680 4158 Davidi.
2705 4098 2928 4155 XXIX.
3011 4116 3017 4122 '

1912 4195 2191 4252 Dedicatio
2224 4195 2422 4251 domus
2453 4200 2557 4258 est,
2597 4201 2694 4245 aut
2722 4189 3003 4254 Ecclesiae,
3049 4195 3143 4242 aut
3188 4201 3312 4241 cum
3343 4195 3496 4241 exte-

1981 4288 2128 4342 riore
2178 4294 2370 4342 nostro
2431 4283 2652 4339 homine
2725 4289 2988 4351 corrupto
3048 4277 3278 4334 interior
3335 4293 3498 4334 reno-

1975 4385 2156 4432 vatur.

2507 4470 2911 4541 Argumentum.

215 4557 418 4612 Τοῦτον
453 4558 569 4630 ᾅδει
590 4559 680 4612 τὸν
705 4559 919 4630 ψαλμὸν
954 4561 1094 4630 μετὰ
1126 4562 1187 4614 τὸ
1222 4561 1484 4634 ῥωσθῆναι
1509 4565 1607 4635 τῆς
1625 4565 1806 4638 ἁμαρ-

1944 4563 2072 4621 [unc
2105 4565 2255 4620 canit
2285 4564 2558 4634 psalmum
2593 4571 2888 4632 postquam
2919 4575 2951 4614 a
2976 4566 3202 4629 peccato
3232 4557 3505 4614 liberatus

282 4651 440 4714 τίας,
482 4649 670 4722 ὥσπερ
721 4652 1201 4724 ἁνακαινισθείσης
1253 4651 1419 4707 αὑτοῦ
1475 4655 1575 4724 τῆς
1624 4655 1804 4728 ψυχῆς

283 4742 378 4796 διὰ
396 4743 495 4813 τῆς
518 4744 824 4814 μετανοίας,
852 4746 886 4815 ἢ
917 4747 1010 4800 καὶ
1041 4741 1188 4808 οἶκος
1221 4746 1390 4798 πάλαι
1419 4741 1488 4816 ἦν
1515 4747 1613 4801 τοῦ
1647 4748 1804 4817 ἁγίου

285 4834 623 4905 Πνεύματος.
649 4835 854 4889 Ψάλλει
886 4837 942 4910 δὲ
978 4837 1071 4890 καὶ
1099 4837 1237 4910 ὑπὲρ
1264 4837 1363 4909 τῆς
1393 4839 1676 4909 ἀφέσεως,
1713 4844 1807 4896 εὐ-

283 4928 569 4998 χαριστίας
619 4928 924 4992 ἀνατιθεὶς,
983 4929 1079 4983 καὶ
1131 4932 1262 5000 περὶ
1323 4929 1430 4984 τῶν
1503 4933 1807 5004 μελλόντων

280 5017 496 5089 ἀσφαλῆ
531 5019 712 5088 μένειν
743 5020 932 5073 ἑαυτὸν
960 5020 1254 5091 εὐχόμενος
1275 5060 1289 5085 ,
1330 5024 1423 5076 καὶ
1465 5026 1578 5088 τοῖς
1623 5025 1804 5090 ἄλλοις

281 5109 542 5180 παρέχων
586 5109 972 5176 διδασκαλίαν,
1035 5111 1253 5166 εἴποτε
1301 5114 1409 5184 ἄρα
1460 5132 1512 5168 τι
1561 5115 1804 5172 τοιοῦτον

284 5201 499 5273 συμϐῇ,
529 5201 694 5272 εὐχὰς
723 5204 815 5255 ἐπὶ
845 5203 935 5257 τὸν
967 5203 1100 5257 Θεὸν
1127 5205 1450 5260 ἁνατείνειν.

291 5295 539 5364 Ὑψὼσω
568 5313 662 5362 σε,
692 5298 890 5366 Κύριε,
923 5297 1012 5351 ὅτι
1040 5298 1330 5365 ἐπέλαϐές
1345 5317 1538 5369 με.....

287 5388 574 5455 Ἑσωσάς
600 5407 678 5460 με
715 5389 836 5445 ἀπὸ
878 5389 997 5444 τῶν
1026 5392 1509 5446 καταϐαινόντων
1540 5395 1626 5459 εὶς
1654 5394 1797 5450 λείχ-

217 5499 343 5537 xor.
381 5483 600 5537 Λάκκον
626 5483 717 5537 τὸν
745 5482 876 5554 ᾅδην
905 5483 1090 5554 φησίν.

286 5638 332 5667 ⁵⁸
369 5636 470 5692 lsa.
504 5655 658 5704 xuii,
688 5639 741 5692 2.
821 5641 864 5671 ’⁵³
894 5639 1080 5693 Matth.
1113 5656 1229 5703 ut,
1269 5637 1350 5695 l0.
1431 5639 1475 5674 θ’
1507 5639 1694 5700 Matth.
1737 5662 1925 5706 XXVIII.
1971 5648 2057 5702 19,

220 5710 348 5780 lipp.
389 5726 462 5778 ιγ,
508 5711 593 5765 15.
679 5711 720 5741 ⁵³
751 5710 907 5766 Joan.
937 5727 1050 5777 xw,
1075 5711 1162 5766 27.

1976 4665 2030 4712 et
2069 4656 2227 4726 quasi
2266 4665 2528 4710 renovata
2573 4654 2757 4708 anima
2808 4651 2930 4721 ejus
2962 4665 3056 4720 per
3093 4649 3504 4719 paenitentiam,

1979 4765 2102 4822 quae
2140 4749 2272 4804 olim
2305 4749 2504 4803 domus
2530 4755 2651 4802 erat
2688 4743 2928 4816 Spiritus
2958 4743 3152 4798 sancti.
3180 4741 3372 4797 Psallit
3396 4758 3496 4797 au-

1976 4854 2086 4901 tem
2122 4857 2224 4914 pro
2272 4855 2540 4896 concessa
2573 4839 2735 4896 venia
2766 4839 2974 4911 gratias
3007 4853 3195 4907 agens,
3217 4847 3271 4893 et
3296 4851 3502 4907 rogans

1972 4944 2152 4992 tutum
2196 4949 2256 4990 se
2281 4935 2356 4989 .in
2383 4932 2567 4988 futuro
2602 4932 2833 4997 servari,
2861 4931 3113 5002 aliosque
3145 4931 3305 4986 docet
3330 4939 3412 4994 ut,
3447 4929 3498 4983 si

1972 5027 2102 5099 quid
2145 5026 2286 5083 forte
2313 5024 2632 5096 hujusmodi
2660 5023 2964 5096 contingat,
2997 5038 3190 5094 preces
3213 5021 3283 5077 ad
3316 5019 3490 5075 Deum

1973 5120 2227 5177 emittant

1967 5305 2023 5358 2.
2056 5302 2326 5358 Exaltabo
2349 5313 2420 5368 te,
2450 5302 2695 5366 Domine,
2726 5301 2976 5370 quoniam
3003 5296 3281 5368 suscepisti
3310 5311 3482 5350 mem.

1973 5398 2026 5452 5.
2060 5396 2293 5452 Salvasti
2319 5412 2401 5450 me
2430 5412 2462 5449 a
2495 5394 2926 5449 descendentibus
2957 5393 3013 5446 in
3045 5393 3238 5445 lacum.
3277 5387 3493 5444 Lacum

1903 5498 2061 5546 vocat
2085 5488 2382 5546 infernum.

2153 5647 2192 5678 “
2229 5645 2371 5704 Psal.
2404 5659 2521 5713 cm,
2559 5642 2644 5700 ΞΗ.
2750 5643 2791 5674 θ’
2825 5641 2925 5697 lsa.
2953 5656 3075 5708 xcv,
3107 5637 3224 5694 2-5..
3275 5639 3320 5675 ⁶³
3354 5636 3483 5692 ΡΜ*-
