3874 6218
348 317 448 371 155

1184 309 1241 365 S.
1287 308 1659 363 ATHANASII
1700 307 1851 362 OPP.
1890 306 2068 362 PARS
2110 305 2191 358 Ill.
2238 337 2308 346 —
2346 302 2751 358 EXEGETICA.

3482 294 3587 351 156

418 433 469 484 ι.
510 429 577 482 Ει
612 412 935 497 conﬁtemini
966 426 1226 477 memoria:
1257 425 1557 477 sanctitatis
1582 424 1713 492 ejus.
1743 421 1914 491 Opor-
1944 447 1956 479 Α

2084 420 2195 474 Καὶ
2232 418 2687 487 ἐξομολογεῖσθε
2740 414 2813 483 τῇ
2843 415 3053 484 μνήμῃ
3097 413 3207 481 τῆς
3251 414 3589 482 ἁγιωσύνης

350 532 446 587 tet,
472 520 671 589 inquit,
696 520 928 588 hymnos
956 514 1337 584 multiplicare,
1370 528 1639 568 memores
1669 512 1920 583 benigni-

349 613 483 666 tatis
517 612 663 679 ejus.

420 700 473 754 6.
503 699 768 765 Quoniam
819 697 904 748 ira
954 696 1010 748 in
1062 694 1423 763 indignatione
1459 692 1594 761 ejus.
1640 690 1756 745 Non
1806 691 1924 761 ejus

352 793 583 847 consilio
608 799 660 844 et
684 790 987 853 voluntate;
1020 787 1114 841 sed
1150 786 1295 855 quod
1326 785 1524 854 singuli
1565 799 1662 853 per
1704 792 1926 853 peccata

354 900 449 939 sua
469 898 589 937 eam
612 880 716 935 sibi
742 879 1074 949 pertrahant.
1101 876 1234 930 Nam
1262 876 1381 944 ejus
1405 875 1655 928 voluntas
1682 876 1791 928 vita
1821 884 1921 928 est.

353 970 435 1021 Ad
466 984 732 1038 vesperum
773 966 1135 1020 demorabitur
1175 966 1352 1033 ﬂetus.
1383 962 1478 1018 His
1508 964 1688 1017 verbis
1716 963 1926 1033 signiti-

355 1067 511 1113 catur
559 1058 889 1127 paenitentia:
924 1056 1257 1125 prazstantia.
1302 1054 1496 1109 Nullus
1522 1056 1667 1108 enim
1699 1063 1806 1108 tam
1846 1056 1928 1108 in-

356 1165 487 1220 gens
515 1158 861 1218 peccatorum
890 1163 1171 1214 numerus,
1206 1162 1367 1216 quem
1402 1162 1509 1200 non
1534 1147 1783 1201 celeriter
1809 1162 1927 1217 pa:-

359 1234 585 1289 nitentia
620 1235 673 1287 in
702 1235 1123 1288 exsultationem
1160 1244 1352 1289 vertat.

428 1327 482 1379 7.
520 1326 631 1397 Ego
663 1336 837 1379 autem
883 1327 1001 1379 dixi
1032 1328 1088 1378 in
1124 1326 1452 1380 abundantia
1486 1344 1601 1380 mea
1625 1343 1643 1380 :
1670 1325 1791 1379 Non
1819 1342 1932 1379 mo-

356 1419 511 1473 uebor
531 1420 585 1472 in
609 1429 881 1473 wternum.
910 1419 1141 1472 Causam
1168 1418 1351 1487 lapsus
1373 1428 1607 1473 enarrat.
1639 1418 1929 1485 Quoniam,

358 1511 553 1580 inquit,
573 1510 850 1580 prosperis
872 1510 1057 1573 rebus,
1089 1512 1227 1563 altos
1250 1510 1473 1578 spiritus
1496 1512 1787 1579 assumpsi,
1806 1525 1933 1579 pro-

359 1612 545 1670 pterea
579 1601 937 1655 conturbatus
970 1616 1112 1655 sum.
1146 1599 1260 1654 lloc
1306 1616 1436 1655 vero
1467 1616 1574 1654 non
1609 1609 1660 1655 te
1692 1601 1932 1669 compel-

359 1694 524 1756 lcute,
562 1692 657 1748 sed
682 1702 893 1746 tantum
925 1689 1117 1745 faciem
1157 1699 1306 1744 tuam
1339 1700 1631 1758 avertente,
1668 1691 1801 1745 mihi
1845 1706 1934 1744 ac-

2019 510 2203 563 αὑτοῦ
2256 512 2545 580 Προσήκει,
2574 508 2758 578 φησὶν,
2788 506 3073 557 ἐπιτείνειν
3102 505 3223 567 τοὺς
3247 503 3466 574 ὕμνους,
3496 519 3594 573 μευ

2024 619 2127 671 μνη
2138 602 2327 671 μένους
2354 602 2451 670 τῆς
2482 600 2574 653 τοῦ
2596 597 2731 651 Θεοῦ
2758 595 3179 667 φιλανθρωπίας.

2093 695 2213 745 Ὅτι
2246 692 2390 760 ὀργὴ
2430 688 2617 755 damni)
2655 689 2819 758 θυμῷ
2845 687 3050 741 αὐτοῦ.
3088 688 3201 740 Οὐκ
3242 687 3402 740 αὐτοῦ
3434 685 3594 740 τοῦτο

2026 784 2346 855 βουλομένου
2396 785 2597 834 ποιεῖν’
2642 780 2756 834 ἀλλ’
2802 780 3014 849 ἑκάστῳ
3057 778 3144 832 διά
3181 778 3278 848 τῆς
3322 778 3593 848 ἁμαρτίας

2024 874 2199 944 ἐαυτῷ
2229 874 2435 944 ταύτην
2471 873 2873 941 ἐπεισάγοντος.
2920 872 2993 923 Τὸ
3036 870 3144 941 γὰρ
3188 870 3350 923 αὐτοῦ
3385 869 3593 939 θέλημα

2024 968 2136 1039 ζωή
2183 970 2347 1019 ἐστιν.
2387 966 2455 1020 Τὸ
2482 965 2741 1033 ἑσπέρας
2786 962 3217 1029 αὺλισθήσεται
3265 964 3587 1031 κλαυθμός.

2025 1059 2098 1111 Τὸ
2132 1057 2535 1127 εὐκατόρθωτον
2566 1059 2665 1127 τῆς
2713 1056 2999 1126 μετανοίας
3039 1054 3126 1108 διὰ
3164 1054 3363 1107 τούτων
3396 1054 3596 1123 σημαί-

2024 1167 2193 1204 νεται.
2246 1149 2408 1203 Οὐδὲν
2442 1148 2550 1219 γὰρ
2592 1147 2841 1201 τοσοῦτον
2876 1147 3076 1217 πλῆθος
3120 1146 3427 1217 ἁμαρτιῶν,
3458 1144 3486 1196 ὃ
3518 1145 3594 1215 μὴ

2026 1240 2233 1310 ταχέως
2266 1242 2298 1310 ἡ
2338 1241 2591 1309 μετάνοια
2617 1240 2695 1303 είς
2727 1237 3043 1306 ἀγαλλίασιν
3072 1236 3310 1306 ἐκφέρει.

2113 1332 2253 1401 Ἐγὼ
2288 1331 2354 1384 δὲ
2378 1328 2515 1385 εἶπα
2542 1332 2612 1383 ἐν
2638 1329 2714 1398 τῇ
2744 1330 2991 1397 εὐθηνίςι
3012 1346 3127 1397 μου
3151 1344 3165 1358 ο
3191 1327 3288 1394 Μὴ
3323 1324 3597 1379 σαλευθῶ

1979 1453 1987 1462 ·
2028 1427 2115 1489 είς
2142 1425 2246 1477 τὸν
2269 1423 2470 1477 αίώνα.
2497 1422 2567 1474 Τὸ
2589 1422 2757 1476 αίτιον
2784 1422 2930 1489 λέγει
2949 1422 3046 1491 τῆς
3076 1420 3349 1481 πτώσεως.
3380 1419 3593 1489 Ἐπειδὴ

2035 1518 2196 1588 μέγα,
2223 1517 2407 1586 φησὶν,
2440 1519 2496 1567 ἐν
2522 1518 2585 1585 τῇ
2621 1515 2887 1585 εὐημερίᾳ.
2916 1513 3252 1581 πεφρόνηκα,
3283 1512 3469 1563 τούτου
3508 1512 3598 1581 χά-

2035 1624 2117 1677 ριν
2154 1607 2511 1677 τετάραγμαι.
2560 1605 2752 1673 Γέγονε
2798 1604 2856 1656 δέ
2911 1621 2999 1674 μοι
3050 1602 3227 1665 τοῦτο,
3270 1604 3330 1655 οὐ
3381 1602 3474 1654 σοῦ
3530 1619 3595 1671 με

2036 1697 2508 1767 προσωθήσαντος,
2536 1695 2671 1748 ἀλλά
2701 1695 3138 1765 ἀποστρέψαντος
3171 1694 3328 1765 μόνον
3354 1694 3413 1746 τὸ
3435 1692 3600 1764 πρόσ-

361 1785 516 1839 cidit.
547 1783 776 1849 Quando
802 1784 984 1851 igitur,
1024 1782 1128 1836 nisi
1165 1789 1252 1835 tua
1288 1780 1606 1835 fortitudine
1636 1782 1933 1835 innitamur

2064 1802 2202 1839 ›πον.
2242 1786 2455 1855 Ἐπειδὴ
2490 1784 2666 1837 τοίνυν
2699 1784 2827 1837 ἀνευ
2864 1785 2963 1854 τῆς
3013 1784 3195 1854 ἰσχύος
3221 1785 3318 1854 τῆς
3352 1783 3449 1853 σῆς
3482 1782 3602 1835 οὐδὲ

359 1891 431 1930 ne
479 1876 779 1929 consistere
828 1874 1046 1943 quidem
1094 1889 1409 1942 possumus,
1454 1872 1560 1939 fac,
1594 1872 1841 1938 obsecro,
1879 1883 1937 1927 ut

360 1965 490 2019 dum
518 1974 665 2018 tuam
690 1964 887 2033 impleo
912 1964 1469 2030 voluntatem,decore
1494 1963 1730 2017 animam
1760 1978 1935 2016 meam

362 2059 602 2112 illustres
626 2055 759 2128 (l0).
781 2056 837 2110 ld
866 2055 968 2109 sibi
992 2055 1164 2109 Adam
1192 2056 1245 2109 in
1264 2054 1520 2123 paradiso
1547 2054 1745 2123 degens
1771 2068 1941 2107 even-

364 2156 544 2202 turum
574 2148 831 2216 speravit,
859 2154 1148 2215 antequam
1179 2146 1233 2198 in
1258 2144 1506 2198 fraudem
1538 2144 1897 2197 deduceretur
1922 2161 1935 2197 :

363 2239 416 2291 id
452 2238 715 2292 Ezechias
761 2246 1046 2305 postquam
1081 2235 1363 2304 Assyrium
1406 2233 1694 2287 devicerat.
1736 2232 1939 2287 ΕΗ]ωο

364 2339 550 2398 aperte
581 2330 738 2383 docet
774 2328 909 2381 liber
947 2326 1423 2395 Paralipomenon,
1458 2338 1583 2377 cum
1629 2324 1703 2377 ait
1729 2324 1939 2377 exalta-

367 2430 485 2475 tum
518 2418 689 2474 fuisse
720 2433 813 2473 cor
847 2417 1091 2471 Ezechia:
1123 2416 1267 2485 regis
1296 2415 1361 2467 ⁸⁸.

432 2510 578 2566 9.Ad
612 2520 678 2575 te,
716 2508 958 2575 Domine,
991 2506 1322 2561 rlamabo....
1360 2505 1445 2559 10.
1475 2504 1846 2569 Quteutilitas
1884 2505 1941 2556 in

367 2602 623 2670 sanguine
644 2616 757 2652 meo
780 2600 905 2652 dum
930 2599 1184 2651 descendo
1210 2599 1262 2650 in
1289 2599 1691 2663 corruptionem.
1716 2595 1935 2658 Precor,

365 2692 563 2761 inquit,
595 2689 783 2743 reduci
815 2704 902 2741 me.
934 2688 1000 2740 de
1026 2688 1167 2750 lacu,
1195 2687 1322 2755 quia
1346 2702 1449 2738 non
1476 2685 1811 2753 conﬁtebitur
1842 2685 1938 2737 tibi

366 2781 556 2851 pulvis.
590 2779 745 2846 Quod
777 2780 827 2833 si
848 2779 1182 2833 descendero
1223 2779 1276 2830 in
1309 2778 1734 2844 corruptionem,
1768 2792 1942 2845 neque

368 2873 504 2927 mihi
542 2886 717 2940 neque
768 2870 890 2924 aliis
942 2869 1051 2923 ulla
1092 2868 1197 2922 erit
1245 2868 1467 2921 utilitas.
1509 2866 1621 2934 Ego
1663 2877 1844 2919 autem
1878 2881 1941 2919 ea

372 2966 479 3019 vita
512 2964 757 3033 privatus
794 2977 913 3016 sum
948 2976 1070 3029 qua:
1109 2960 1205 3013 abs
1258 2968 1307 3013 te
1355 2958 1667 3011 obtinetur:
1700 2956 1789 3009 alii
1815 2971 1941 3009 vero

372 3055 577 3109 nullam
607 3069 702 3123 per
732 3068 818 3106 me
848 3051 1076 3107 salutem
1114 3050 1257 3103 nacti
1290 3055 1437 3103 sunt.
1470 3048 1565 3101 Sin
1593 3063 1719 3101 vero
1754 3048 1942 3101 audie-

372 3147 452 3202 ris
481 3161 669 3199 vocem
696 3159 873 3198 meam
904 3152 958 3197 et
986 3141 1321 3196 converteris
1348 3140 1550 3193 luctum
1582 3140 1635 3192 in
1662 3140 1942 3207 gaudium,

372 3250 429 3297 et
450 3254 536 3292 me
564 3238 751 3291 latitia
787 3235 1043 3298 cinxeris,
1073 3248 1182 3287 non
1222 3248 1387 3300 parva
1434 3232 1567 3285 mihi
1596 3232 1806 3285 eveniet
1841 3235 1946 3284 uti-

376 3327 769 3383 litaszetenim
819 3334 1105 3394 postquam
1156 3322 1444 3391 pristinam
1492 3323 1717 3391 gloriam
1764 3337 1944 3375 meam

376 3432 792 3489 recuperavero,
835 3432 960 3471 cum
1005 3431 1067 3470 ea
1105 3424 1156 3470 te
1194 3415 1461 3483 alloquar,
1489 3428 1597 3467 non
1632 3429 1753 3467 cum
1781 3428 1946 3483 prava

376 3510 731 3568 conscientia.
773 3506 888 3563 Hoc
931 3507 1077 3562 enim
1130 3505 1402 3575 signiﬁcat
1445 3503 1600 3567 illud,
1637 3503 1757 3556 Non
1808 3519 1948 3556 com-

307 3650 314 3657 .
377 3620 602 3673 oungar.

450 3694 536 3748 12.
557 3690 874 3747 Conscidisti
908 3705 1118 3744 saccum
1143 3703 1336 3752 meum,
1363 3694 1414 3739 et
1445 3684 1839 3738 circumdedisti
1870 3699 1949 3737 me

377 3782 588 3838 latitia.
628 3779 857 3834 Saccum
889 3779 1019 3834 dicit
1048 3779 1253 3833 luctum
1278 3815 1293 3839 ,
1339 3775 1557 3845 quando
1587 3788 1706 3829 mos
1739 3783 1819 3827 est
1859 3774 1947 3826 lu-

379 3873 631 3944 gentibus
674 3871 753 3925 uti
789 3884 969 3925 saceo.
1007 3868 1143 3923 Nam
1188 3882 1382 3923 saccus
1413 3866 1677 3920 malitiam
1709 3872 1763 3919 et
1793 3865 1950 3934 igno-

377 3964 611 4019 rantiam
641 3961 905 4033 signiﬁcat
926 3979 937 4013 :
960 3960 1219 4030 quoniam
1248 3974 1315 4013 ex
1341 3958 1621 4012 haedorum
1657 3956 1780 4025 pilis
1814 3970 1949 4009 con-

380 4055 505 4110 fecti
532 4061 661 4109 sunt
688 4032 853 4118 sacci,
886 4052 979 4121 qui
1019 4052 1155 4105 hzedi
1191 4054 1259 4105 ad
1295 4032 1947 4111 sinistramlconsistunt;

378 4161 446 4203 ex
483 4144 606 4215 pilis
641 4144 768 4197 item
802 4142 939 4196 hirci
970 4141 1116 4194 illius
1146 4138 1437 4194 emissarii.

448 4234 517 4289 In
541 4234 721 4304 ﬁnem,
752 4228 1093 4286 PSALMUS
1122 4228 1311 4283 Davidi
1338 4243 1434 4297 pro
1456 4226 1681 4280 castasi.
1713 4221 1895 4277 XXX.

960 4321 1362 4391 Argumentum.

2041 1878 2228 1946 στῆναι
2268 1876 2561 1946 δυνάμεθα,
2588 1876 2649 1928 τὸ
2679 1877 2770 1929 σὸν
2794 1876 2953 1929 πάλιν
2988 1876 3246 1929 ἐπιτελῶν
3276 1875 3505 1945 θέλημα,
3541 1877 3602 1928 τὸ

2039 1966 2232 2029 κάλλος
2284 1983 2382 2037 μου
2425 1967 2523 2036 τῆς
2566 1966 2741 2036 ψυχῆς
2791 1967 3113 2037 διαλάμπειν
3163 1965 3600 2037 παρασκεύασον.

2038 2058 2206 2110 Τοῦτο
2249 2058 2341 2110 καὶ
2370 2060 2397 2110 ὁ
2432 2056 2601 2127 Ἀδὰμ
2633 2057 2857 2125 ἤλπισεν
2891 2058 2981 2109 ἐπὶ
3019 2057 3111 2109 τοῦ
3143 2057 3466 2128 παραδείσου
3500 2072 3608 2125 προ

2037 2148 2133 2216 τῆς
2162 2147 2375 2217 ἀπάτης
2405 2145 2832 2215 πολιτευόμενος,
2863 2146 2955 2198 καὶ
2978 2147 3005 2196 ὁ
3038 2145 3284 2208 Ἐζεκίας
3308 2140 3606 2213 νενικηκὼς

2039 2237 2127 2289 τὸν
2162 2237 2459 2307 Ἀσσύριον,
2503 2236 2595 2288 καὶ
2624 2235 2859 2288 διδάσκει
2888 2234 3042 2289 τοῦτο
3072 2234 3256 2303 σαφῶς
3286 2233 3393 2287 τῶν
3423 2235 3609 2304 Παραο⁴

2039 2328 2368 2397 λειπομένων
2394 2330 2428 2397 ἡ
2466 2326 2662 2396 βίϐλος,
2691 2327 2967 2397 ὑψωθῆναι
2996 2327 3228 2395 λέγουσα
3257 2326 3356 2397 τὴν
3386 2325 3608 2397 καρδίαν

2052 2424 2287 2487 Ἐζεκίου
2316 2423 2407 2475 τοῦ
2442 2422 2717 2492 βασιλέως.

2110 2514 2265 2581 Πρὸς
2288 2513 2381 2577 σὲ,
2415 2515 2609 2579 Κύριε,
2640 2512 3108 2581 κεκράξομαι.....
3140 2512 3233 2577 Τίς
3264 2510 3517 2579 ὠφέλεια
3541 2510 3611 2562 ἐν

2040 2600 2119 2672 τῷ
2148 2604 2349 2673 α7ματί
2393 2621 2546 2672 μου,
2590 2604 2660 2655 ἐν
2708 2603 2788 2668 τῷ
2828 2604 3208 2656 καταϐαίνειν
3232 2619 3308 2672 με
3352 2605 3437 2667 είς
3487 2601 3612 2655 δια-

2040 2695 2308 2764 φθοράν;
2342 2696 2561 2764 Δέομαι,
2599 2695 2793 2765 φησὶν,
2823 2695 3117 2765 ἀναχθῆναι
3151 2696 3212 2746 ἐκ
3253 2694 3346 2747 τοῦ
3385 2694 3610 2757 λάκκου,

2042 2787 2224 2857 ἐπειδὴ
2251 2786 2349 2838 οὐκ
2370 2784 2814 2853 ἐξομολογεῖταί
2835 2800 2931 2838 σοι
2955 2784 3123 2853 χοῦς.
3155 2785 3240 2836 Ἐν
3269 2783 3326 2836 δὲ
3351 2782 3428 2852 τῷ
3450 2797 3613 2836 κατα-

2043 2878 2199 2948 ϐῆναί
2243 2894 2309 2947 με
2346 2876 2425 2937 είς
2469 2876 2759 2944 διαφθορὰν
2799 2874 2920 2927 οὐτε
2956 2876 3050 2944 μία
3098 2892 3179 2937 τις
3211 2874 3447 2942 ὠφέλεια
3488 2874 3611 2926 οὐτε

2044 2967 2187 3036 ἐμοὶ,
2219 2965 2341 3018 οὐτε
2380 2965 2605 3038 ἑτέροις.
2643 2963 2782 3032 Ἐγώ
2824 2982 2883 3017 τε
2924 2965 3031 3034 γὰρ
3068 2962 3480 3034 ἀπεστερούμην
3516 2964 3616 3031 τῆς

2044 3057 2195 3129 παρά
2239 3056 2332 3109 σοῦ
2374 3057 2548 3127 ζωῆςο
2588 3055 2735 3109 ἄλλοι
2785 3056 2841 3109 δὲ
2888 3056 3138 3126 οὐδαμῶς
3180 3055 3469 3124 ἐτύγχανον
3516 3055 3616 3125 τῆς

2048 3152 2176 3222 παρ’
2206 3149 2340 3219 ἐμοῦ
2392 3148 2682 3219 σωτηρίας.
2729 3149 2815 3201 Ἐν
2846 3147 2902 3199 δὲ
2939 3148 3015 3217 τῷ
3057 3146 3370 3199 είσακοῦσαί
3422 3162 3479 3196 σε
3516 3144 3617 3213 τῆς

2048 3244 2229 3312 φωνῆς
2248 3282 2263 3305 ,
2309 3241 2403 3294 καὶ
2452 3240 2773 3310 μεταϐαλεῖν
2812 3239 2901 3291 τὸν
2929 3239 3151 3291 κοπετὸν
3180 3240 3258 3301 είς
3286 3238 3488 3308 χαράν,
3521 3238 3618 3292 καὶ

2047 3331 2348 3403 περιζῶσαί
2383 3349 2449 3402 με
2497 3329 2852 3400 εὐφροσύνην,
2885 3330 2981 3399 οὐχ
3012 3332 3043 3399 ἡ
3077 3329 3313 3397 τυχοῠσά
3345 3345 3431 3397 μοι
3457 3327 3619 3397 γενή-

2050 3440 2201 3475 σεται
2244 3422 2500 3490 ὠφέλεια.
2550 3418 2855 3471 Ἀπολαὸὼν
2888 3418 2993 3487 γὰρ
3023 3417 3117 3487 τὴν
3151 3416 3417 3485 προτέραν
3440 3416 3619 3483 ἐμαυ-

2046 3512 2140 3567 τοῦ
2164 3512 2342 3577 δόξαν,
2370 3513 2435 3564 δι’
2466 3512 2635 3581 αὐτῆς
2667 3527 2747 3562 σοι
2776 3509 2939 3571 λαλῶ,
2971 3510 3031 3561 οὐ
3068 3508 3202 3578 μετά
3232 3523 3374 3568 τινος
3407 3505 3617 3574 φαύλης

2050 3606 2403 3676 συνειδήσεως
2424 3620 2436 3634 ·
2460 3604 2616 3656 τοῦτο
2641 3604 2749 3674 γὰρ
2774 3602 2921 3673 δηλοῖ
2951 3602 3010 3653 τό
3030 3618 3042 3630 ο
3076 3603 3156 3653 Oi)
3171 3599 3255 3668 μὴ
3280 3594 3615 3664 κατανυγῶ.

2119 3695 2436 3764 Διέρῤηξας
2476 3693 2582 3747 τὸν
2610 3692 2842 3747 σάκκον
2865 3710 2983 3761 μου
3003 3733 3016 3755 ,
3044 3690 3140 3743 καὶ
3168 3685 3520 3758 περιέζωσάς
3542 3702 3620 3754 με

2052 3786 2458 3854 εὐφροσύνην.
2495 3784 2703 3836 Σάκκον
2749 3779 2868 3834 εἶπε
2912 3782 2973 3834 τὸ
3016 3778 3235 3843 πένθος,
3279 3777 3463 3847 ἐπειδὴ
3496 3776 3622 3840 ἔθος

2050 3879 2159 3940 τοῖς
2188 3880 2244 3929 ἐν
2270 3874 2455 3930 πένθει
2488 3874 2580 3927 καὶ
2611 3874 2795 3943 σάκκῳ
2823 3872 3141 3944 κεχρῆσθαι.
3189 3872 3246 3923 Ὀ
3278 3868 3384 3940 γάρ
3417 3868 3621 3931 σάκκος

2051 3968 2247 4022 κακίαν
2281 3968 2374 4019 καὶ
2422 3966 2692 4033 ἀγνωσίαν
2740 3965 3024 4035 σημαίνει·
3074 3962 3261 4033 ἐπειδὴ
3298 3962 3391 4014 καὶ
3433 3960 3620 4031 τρίχες

2050 4059 2157 4112 τῶν
2206 4059 2408 4128 ἐρίφων
2455 4058 2561 4110 εἰσὶ
2596 4057 2703 4110 τῶν
2749 4057 3047 4127 ἱσταμένων
3085 4054 3144 4120 ἐξ
3174 4054 3487 4125 εὐωνύμων,
3524 4050 3621 4104 λα’.

2049 4143 2143 4195 τοῦ
2172 4144 2556 4213 ἀποπομπαίου
2590 4143 2845 4213 χιμάρου.

2052 4238 2157 4301 Εἰς
2184 4234 2249 4288 τὸ
2278 4235 2451 4300 τέλος
2491 4238 2794 4289 ΨΑΛΜΟΣ
2826 4232 2903 4299 τῷ
2938 4233 3117 4289 Δαυῒδ
3144 4233 3500 4299 ἐκστάσεως.
3533 4232 3616 4287 Λ’.

2677 4326 2999 4391 Ὺπόθεσις.

382 4411 707 4470 Praesentem
744 4412 894 4466 canit
925 4411 1197 4480 psalmum
1242 4407 1401 4477 quasi
1441 4405 1650 4477 peccati
1684 4418 1849 4459 causa
1897 4403 1950 4456 in

2064 4417 2209 4486 ’ᾼδει
2241 4417 2332 4470 τὸν
2361 4417 2712 4488 προκείμενον
2734 4417 2944 4489 ψαλμὸν
2973 4418 3047 4481 ὡς
3080 4417 3158 4470 ἔτι
3183 4420 3238 4471 ἐν
3261 4420 3325 4487 τῇ
3359 4416 3615 4490 μετανοίᾳ

451 4501 769 4575 paenitentia
799 4500 979 4555 adhuc
1020 4506 1329 4551 versaretur
1360 4504 1413 4549 et
1445 4500 1662 4563 rogaret
1693 4493 1760 4546 ab
1790 4505 1854 4545 eo
1880 4490 1947 4542 li-

452 4596 651 4651 berari.
685 4594 939 4658 Quiuimo
973 4599 1033 4645 ut
1058 4590 1168 4659 jam
1197 4587 1487 4643 exauditus
1521 4585 1724 4655 gratias
1752 4584 1861 4651 agit
1886 4598 1949 4637 ac

453 4702 575 4754 qua:
614 4686 716 4754 ipsi
747 4682 1075 4753 pcenitcntiaa
1104 4691 1346 4749 tempore
1394 4678 1668 4745 contigere
1713 4684 1897 4728 narrat
1930 4693 1943 4727 :

453 4779 586 4833 illud
615 4787 791 4830 autem
818 4816 832 4840 ,
866 4791 960 4844 pro
1000 4774 1197 4827 exstasi
1218 4812 1231 4835 ,
1266 4770 1402 4824 nihil
1432 4770 1535 4823 nisi
1565 4776 1842 4837 peccatum
1874 4766 1947 4819 si-

452 4868 691 4939 gniﬁcat,
722 4881 830 4935 quo
854 4866 1009 4934 quasi
1040 4880 1071 4918 a
1103 4879 1236 4918 sana
1265 4869 1443 4916 mente
1473 4861 1653 4913 anima
1680 4857 1944 4913 excessit:

454 4968 514 5013 ut
544 4974 649 5012 non
680 4959 819 5011 ultra
848 4972 906 5012 se
928 4964 1269 5025 assumptum
1304 4954 1369 5006 iri
1399 4962 1660 5021 speraret,
1683 4959 1735 5004 et
1766 4950 1947 5019 palam

455 5051 659 5107 diceret
683 5069 696 5105 :
724 5049 832 5120 Ego
863 5057 1037 5101 autem
1063 5048 1176 5101 dixi
1203 5048 1256 5099 in
1287 5061 1497 5099 excessu
1528 5058 1657 5107 meo,
1683 5043 1941 5111 projectus

455 5159 572 5198 sum
600 5159 632 5196 a
661 5142 796 5212 facie
826 5139 1097 5194 oculorum
1129 5147 1357 5191 tuorum.

454 5368 510 5435 2,
544 5367 598 5421 '5.
639 5365 705 5418 In
737 5374 803 5432 te,
839 5362 1082 5427 Domine,
1117 5361 1385 5431 speravi...
1420 5357 1627 5411 Inclina
1652 5354 1719 5407 ad
1748 5368 1827 5407 me
1851 5368 1949 5404 au-

386 5479 493 5516 rem
522 5469 685 5514 tuam.
715 5457 945 5523 Quando
974 5471 1081 5509 non
1111 5463 1285 5524 potest
1311 5454 1515 5507 clamor
1547 5459 1731 5504 noster
1760 5446 1814 5499 in
1857 5444 1936 5497 al-

453 5580 498 5610 “
527 5576 573 5630 ll
600 5576 831 5647 Paralip.
865 5591 1039 5638 χχιιι,
1062 5574 1134 5627 ‘25

2124 4509 2191 4577 τῇ
2218 4506 2307 4560 διά
2333 4507 2431 4577 τὴν
2460 4505 2727 4577 ἁμαρτίαν
2754 4506 2850 4572 ὢν,
2884 4508 2976 4559 καὶ
3008 4507 3169 4573 ἀξιῶν
3197 4507 3364 4576 αὐτῆς
3399 4504 3616 4557 ἐλευθε-

2128 4597 2385 4669 ρωθῆναι.
2420 4598 2493 4650 Οὐ
2527 4596 2631 4667 μὴν
2670 4598 2803 4651 ἀλλά
2828 4601 2921 4651 καὶ
2948 4598 3022 4663 ὡς
3050 4599 3150 4669 ἤδη
3198 4596 3616 4667 είσηκουσμένος

2126 4686 2475 4757 εὐχαριστίαν
2524 4687 2813 4757 ἀναφέρει·
2848 4687 2940 4740 καὶ
2974 4687 3077 4757 μὴν
3119 4689 3209 4738 καὶ
3242 4685 3309 4737 τά
3336 4684 3619 4755 συμϐάντα

2124 4775 2272 4843 αὐτῷ
2295 4777 2350 4827 ἐν
2374 4773 2451 4843 τῷ
2481 4774 2581 4844 τῆς
2607 4776 2890 4843 μετανοίας
2923 4774 3097 4845 καιρῷ
3123 4775 3405 4844 διηγεῖται.
3431 4773 3503 4827 Τὸ
3534 4774 3616 4838 δὲ,

2124 4867 2494 4932 ἐκστάσεως,
2542 4866 2693 4918 οὐδὲν
2724 4865 2908 4938 ἕτερον
2938 4866 2970 4937 ἢ
3014 4868 3181 4938 αὐτὴν
3214 4866 3310 4937 τὴν
3344 4866 3616 4937 ἁμαρτίαν

2126 4962 2255 5030 ἡμῖν
2291 4960 2705 5030 κατασημαίνει,
2741 4962 2807 5013 δι’
2842 4963 2906 5034 ἣν
2939 4962 3124 5031 ὥσπερ
3158 4962 3374 5031 ἀγαθῶν
3407 4962 3616 5032 φρενῶν

2122 5048 2367 5113 ἐξίστατο
2394 5052 2426 5119 ἡ
2458 5052 2619 5121 ψυχή·
2651 5051 2742 5103 καὶ
2778 5050 2852 5113 ὡς
2882 5051 2954 5121 μὴ
2982 5051 3217 5115 ἐλπίζειν
3252 5051 3329 5103 ἔτι
3357 5050 3452 5121 τὴν
3481 5050 3614 5101 ἀνά-

2118 5140 2310 5210 ληψιν,
2346 5141 2571 5208 φάσκειν
2616 5158 2675 5193 τε
2720 5142 2935 5210 σαφῶςο
2974 5141 3111 5211 Ἐγὼ
3154 5140 3221 5195 δὲ
3260 5138 3397 5195 εἶπα
3436 5142 3506 5193 ἐν
3536 5140 3612 5209 τῇ

2120 5234 2405 5286 ἐκστάσει
2430 5250 2569 5303 μου’
2614 5234 2977 5304 Ἄπέργἓιμμαι
3004 5236 3115 5303 ἄρα
3146 5234 3261 5289 ἀπὸ
3290 5233 3613 5303 προσώπου

2121 5327 2239 5381 τῶν
2265 5327 2586 5397 ὀφθαλμῶν
2612 5345 2745 5383 σου.

2132 5442 2255 5495 Ἐπὶ
2314 5443 2445 5508 σοί,
2490 5444 2693 5511 Κύριε,
2742 5442 2973 5511 ἤλπισα
3034 5483 3045 5496 .
3092 5482 3104 5495 .
3152 5481 3163 5493 .
3211 5480 3222 5491 .
3271 5480 3279 5491 .
3327 5480 3337 5490 .
3396 5438 3618 5491 Κλῐγον

455 5694 563 5766 (l0)
605 5692 726 5748 llrec
760 5693 898 5763 apud
949 5690 1221 5747 Danielem
1280 5687 1577 5743 Barbarum
1623 5677 1949 5735 Theodoreti
1983 5692 2100 5732 esse
2143 5674 2406 5730 feruntur.
