3874 6218
256 249 364 306 ίΞΊ

1353 259 1718 320 EXPOSITIO
1757 260 1821 315 IN
1861 260 2190 322 PSAIJIUM
2230 267 2396 328 XXX.

3404 279 3508 336 158

255 392 410 458 πρός
453 408 532 461 με
577 391 644 446 τὸ
692 387 801 458 οὖς
845 406 980 447 σου.
1023 395 1173 448 Ἐπεὶ
1202 395 1276 466 μὴ
1311 396 1558 468 φθάνειή
1598 396 1831 468 ἡμετέρα

1949 387 2056 433 tum
2087 383 2392 454 pertingere
2414 424 2444 448 ,_
2468 384 2669 440 inclina
2706 400 2890 442 aurem
2922 395 3077 444 tuam
3102 389 3167 444 ad
3196 404 3303 458 me,
3340 400 3390 447 te
3423 403 3509 448 at-

256 482 474 553 κραυγὴ
507 483 587 546 είς
627 481 688 534 τὸ
735 481 902 551 ὕψος,
947 482 1125 537 κλῖνον
1171 485 1232 536 τὸ
1277 481 1370 548 οὖς
1417 501 1523 538 σου.
1544 485 1679 555 πρδς
1713 482 1834 554 ἐμὲ,

255 572 348 625 διὰ
376 571 470 625 τοῦ
508 572 958 641 συγκαταϐαίνειν
987 590 1095 644 μοι.

343 662 607 728 Ἐξὰξεις
656 679 734 731 με
776 662 844 716 ἑκ
892 663 1142 733 παγίδος
1178 663 1399 732 ταύτης
1437 657 1512 732 ἧς
1561 660 1838 730 ἔκρυψαν

252 768 377 820 μοι.
428 751 881 821 Ἐφεδρεύσαντες
918 751 1026 823 γὰρ
1058 751 1221 820 αὐτοῦ
1249 753 1346 822 τὴν
1385 751 1582 823 ψυχὴν,
1619 751 1837 806 συνελά-

259 841 417 895 ϐοντο
452 842 633 895 αὐτόν.
686 843 772 895 Ἐν
804 843 942 906 τίνι;
976 845 1032 896 ὲν
1055 845 1120 914 τῇ
1150 843 1412 914 ἁμαρτίᾳ.

347 931 694 996 Ἐλυτρώσω
720 947 830 999 με,
861 931 1074 998 Κύριε,
1119 933 1151 983 ὁ
1197 930 1341 995 Θεὸς
1376 929 1487 998 τῆς
1526 931 1831 1000 ἀληθείας.

269 1021 359 1084 Ὠς
385 1020 484 1091 ήδη
515 1020 888 1083 εἰσακουσθεὶς
913 1019 1137 1074 τοιαῦτά
1163 1037 1345 1092 φησιν.

342 1111 670 1180 Ἐμίσησας
700 1101 842 1176 τοὺς
879 1110 1416 1180 διαφυλάσσοντας
1439 1115 1837 1182 ματαλιότητας

257 1199 565 1267 διακενῆς.
613 1199 995 1271 Ματαιότητάς
1061 1216 1193 1270 φησι
1259 1200 1353 1252 τοῦ
1404 1202 1668 1272 παρόντος
1721 1202 1833 1273 βίου

258 1293 386 1353 τοὺς
409 1290 848 1362 περισπασμούς·
877 1289 971 1354 οὒς
1000 1291 1092 1345 καὶ
1118 1289 1471 1362 ἐργαζόμενοι
1501 1295 1836 1364 ματαιότητα

257 1385 549 1456 πονοῦμεν.
576 1385 889 1456 Παρέπεται
930 1383 992 1436 τὸ
1011 1422 1025 1448 ,
1061 1381 1362 1452 διακενῆς,
1404 1384 1482 1455 τῷ
1512 1385 1834 1454 φυλάσσοντι

260 1476 650 1546 ματαιότητας.

345 1566 822 1636 Ἀταλλιάσομαι,
853 1568 950 1621 καὶ
978 1568 1489 1638 εὐφρανθήσομαι.
1517 1569 1706 1638 Λύπην
1739 1569 1834 1622 καὶ

256 1659 329 1713 τὰ
361 1658 526 1712 λοιπὰ
558 1658 704 1729 πάθη
736 1661 1146 1732 καταπατήσας.

331 1750 442 1804 Καὶ
462 1751 534 1802 οὺ
559 1748 966 1814 συνέκλεισάς
989 1767 1066 1818 με
1089 1753 1176 1816 εὶς
1201 1751 1402 1820 χεῖρας
1427 1747 1673 1819 ἐχθρῶν.
1693 1749 1835 1802 Ἀντὶ

256 1841 375 1906 τοῦ,
401 1843 462 1894 οὐ
493 1841 902 1911 παραδέδωκας.
933 1842 1237 1910 Ἕστησας
1264 1843 1333 1895 ἐν
1359 1839 1672 1910 εὐρυχώρῳ
1694 1839 1835 1905 τοὺς

257 1934 452 1998 πόδας
475 1950 616 2002 μου.
658 1931 1002 1996 Ἀπαλλάξας
1030 1950 1096 2003 με
1129 1932 1379 2003 θλίψεως,
1415 1932 1751 2002 κατέστησας
1779 1934 1834 1984 ὲν

258 2026 446 2080 ἀνέσει
481 2024 579 2078 καὶ
606 2022 937 2094 εὐρυχωρίᾳ.

340 2115 666 2184 Ἐταράχθη
715 2115 786 2167 ἐν
816 2114 981 2183 θυμῷ
1030 2117 1063 2168 ό
1091 2115 1396 2184 ὀφθαλμός
1429 2133 1570 2183 μου,
1597 2116 1635 2182 ἡ
1664 2114 1832 2184 ψυχή

252 2227 374 2279 μου
407 2209 507 2263 καὶ
550 2210 589 2276 ἡ
621 2208 854 2276 γαστήρ
875 2225 1016 2277 μου.
1044 2209 1254 2278 ’Ὠσπερ
1288 2207 1561 2278 ὀφθαλμὸν
1589 2209 1679 2260 τὸν
1711 2207 1834 2262 νοῦν

255 2301 360 2378 τῆς
403 2299 580 2370 ψυχῆς
612 2316 796 2371 φησιν,
828 2298 969 2352 οὕτω
1009 2301 1102 2353 καὶ
1155 2299 1397 2370 γαστέρα
1439 2300 1572 2370 φησὶ
1604 2301 1701 2368 τῆς
1733 2297 1834 2367 ψυ-

257 2391 361 2461 χῆς
390 2391 490 2461 τὴν
521 2389 762 2460 μνήμην·
797 2391 855 2442 ὲν
882 2384 916 2464 ᾖ
949 2389 1137 2461 ὥσπερ
1171 2390 1228 2444 ὲν
1259 2389 1456 2460 γαστρὶ
1487 2387 1584 2451 τὰς
1611 2387 1833 2456 λογικὰς

257 2483 628 2552 ἀποτιθέμεθα
659 2483 884 2553 τροφάς.
926 2483 988 2536 Ἠ
1022 2482 1194 2551 ψυχή
1229 2500 1348 2552 μου
1394 2483 1492 2535 καὶ
1533 2484 1571 2550 η
1605 2480 1833 2551 γαστήρ

250 2592 392 2642 μου.
433 2573 740 2642 Ἀπέστησα
772 2573 864 2627 τὸν
896 2571 1172 2643 ὀφθαλμόν
1202 2591 1300 2644 μου
1325 2573 1432 2627 ἀπὸ
1453 2572 1545 2626 τοῦ
1572 2571 1700 2626 λαοῦ
1727 2571 1832 2624 τῶν

270 2663 537 2717 Ἰουδαίων
569 2665 626 2716 ὲν
659 2663 815 2734 θυμῷ
839 2663 933 2716 καὶ⁵
965 2666 1099 2735 ὀργῇ
1127 2665 1357 2736 μεγάλῃ.

331 2757 452 2809 Ὅτι
475 2755 756 2820 ἐξέλιπεν
779 2757 847 2808 ἐν
874 2756 1062 2824 ὀδύνη
1091 2758 1130 2825 η
1164 2755 1273 2822 ζωή
1311 2773 1452 2824 μου.
1485 2755 1556 2809 Τὸ
1587 2756 1833 2808 ἐπιτετα-

262 2847 422 2918 μένον
453 2847 555 2917 τῆς
593 2845 830 2909 διανοίας
862 2846 1030 2917 δηλοῖ.
1058 2846 1168 2900 Καὶ
1196 2846 1268 2900 τὰ
1297 2848 1400 2915 ἔτη
1425 2866 1542 2916 μου
1583 2847 1653 2900 ὲν
1694 2863 1831 2900 στε-

257 2939 524 3011 ναγμοῖς.
547 2939 852 3004 Διετέλεσα,
899 2939 1054 3009 φησὶ,
1079 2938 1345 3002 στενάζων
1367 2939 1474 2992 άπὸ
1497 2939 1605 2992 τῶν
1623 2937 1829 2993 κακῶν.

1941 477 2296 543 ιεηῳοιόηόο.
2317 478 2470 532 mihi.

2007 657 2061 710 5.
2105 655 2310 708 Educes
2350 673 2430 709 me
2463 655 2526 710 de
2569 657 2754 728 laqueo
2798 659 2893 713 hoc
2927 677 3080 730 quem
3120 661 3504 716 absconderant

1938 749 2086 803 milii.
2115 747 2335 802 lnsidiis
2369 748 2514 801 enim
2542 748 2659 815 ejus
2695 750 2891 824 anima:
2918 753 3123 819 paratis
3150 755 3507 822 comprehen-

1937 842 2132 896 derunt
2159 857 2320 907 eum;
2352 842 2407 895 in
2439 843 2585 911 quo?
2615 841 2668 894 in
2702 851 2940 909 peccato.

2009 934 2061 987 6.
2102 931 2388 986 Redemisti
2432 949 2532 998 me,
2583 931 2825 997 Domine,
2868 932 3010 986 Deus
3043 936 3302 990 veritatis.
3337 934 3503 1001 Quasi

1933 1024 2044 1093 jam
2073 1025 2406 1092 postulatum
2431 1027 2753 1094 impetrarit,
2779 1029 2882 1082 hoc
2915 1027 3012 1080 ait.

2008 1115 2060 1167 7.
2106 1115 2282 1169 Odisti
2311 1117 2640 1171 obseruantes
2670 1119 2926 1171 vanitates
2959 1131 3339 1184 supervacue...
3393 1115 3502 1169 Va-

1937 1210 2134 1263 nitates
2164 1208 2400 1278 appellat
2421 1210 2584 1278 hujus
2607 1211 2732 1262 vita
2756 1210 3162 1274 distractiones,
3192 1209 3391 1277 quibus
3412 1225 3505 1261 va-

1939 1312 2123 1358 cantes
2167 1303 2221 1354 in
2265 1318 2463 1356 vanum
2514 1303 2848 1357 laboramus.
2901 1299 3280 1370 Subsequitur,
3322 1316 3504 1369 supu-

1936 1412 2117 1462 vacue,
2145 1396 2212 1451 de
2240 1410 2306 1450 eo
2335 1397 2546 1450 scilicet
2574 1396 2669 1464 qui
2701 1394 2956 1450 observat
2985 1393 3272 1448 vanitates.

2007 1571 2060 1627 8.
2117 1571 2408 1625 Exsultabo
2456 1582 2506 1626 et
2557 1571 2798 1627 laetabor.
2850 1569 3100 1626 Dolorem
3157 1581 3213 1624 et
3265 1569 3512 1640 reliquos

1937 1665 2103 1719 animi
2139 1675 2318 1720 motus
2349 1665 2696 1719 conculcans.

2007 1757 2060 1811 9.
2104 1755 2216 1810 Nec
2247 1757 2556 1811 conclusisti
2591 1773 2669 1810 me
2697 1758 2750 1809 in
2781 1754 3022 1808 manibus
3068 1752 3273 1806 inimici
3295 1791 3310 1817 ,
3345 1749 3502 1820 quasi

1934 1852 2098 1914 dicat,
2134 1865 2243 1904 non
2286 1848 2578 1903 tradidisti.
2613 1847 2866 1902 Statuisti
2899 1849 2954 1899 in
2989 1848 3103 1900 loco
3139 1844 3374 1913 spatioso
3411 1859 3502 1911 pe—

1934 1945 2024 1996 des
2060 1958 2241 1996 meos:
2272 1951 2556 2010 postquam
2587 1940 2828 1994 liberaSti
2860 1954 2946 1992 me
2981 1937 3048 1991 ab
3079 1950 3281 2004 angore
3311 1934 3504 2000 animi,

1935 2032 2177 2088 statuisti
2203 2032 2257 2084 in
2287 2031 2641 2100 tranquillum
2665 2038 2720 2083 et
2749 2027 3031 2098 paciﬁcum
3063 2035 3288 2080 statum.

2007 2123 2365 2178 Conturbatus
2392 2131 2468 2176 est
2500 2123 2557 2174 in
2582 2123 2666 2174 ira
2701 2119 2880 2174 oculus
2915 2135 3078 2184 meus,
3107 2118 3284 2171 anima
3309 2131 3423 2169 mea
3453 2122 3502 2168 et

1935 2225 2108 2272 venter
2144 2232 2308 2269 meus.
2345 2213 2498 2268 Sicut
2536 2221 2770 2266 mentem
2801 2226 2900 2265 ceu
2931 2211 3126 2263 animae
3151 2206 3398 2269 oculum,
3428 2205 3503 2258 ita

1933 2322 1988 2364 et
2015 2309 2334 2364 memoriam
2356 2315 2605 2361 ventrem
2640 2305 2836 2358 anima:
2867 2301 3029 2356 habet
3057 2320 3069 2354 ε
3106 2300 3160 2353 in
3189 2313 3298 2368 qua
3320 2311 3418 2351 ceu
3446 2296 3508 2349 in

1909 2387 2128 2458 'ventre
2161 2400 2515 2456 rationabiles
2548 2398 2700 2453 cibos
2733 2395 3075 2465 deponimus.
3117 2391 3270 2444 Alius
3316 2390 3498 2442 codex.

1935 2495 2128 2549 Anima
2158 2511 2274 2548 mea
2307 2502 2355 2546 et
2389 2501 2562 2546 venter
2591 2506 2752 2544 meus.
2793 2487 2972 2540 Averti
3007 2485 3224 2539 oculum
3261 2496 3439 2537 meum
3471 2496 3509 2534 a

1933 2589 2161 2644 Judaico
2190 2588 2391 2658 populo
2418 2587 2474 2640 in
2505 2584 2689 2639 furore
2711 2590 2764 2637 et
2794 2581 2846 2635 in
2875 2581 2956 2634 ira
2985 2592 3199 2647 magna.

2007 2767 2094 2821 10.
2124 2766 2386 2832 Quoniam
2413 2765 2602 2834 defecit
2634 2764 2687 2816 in
2720 2761 2899 2814 dolore
2929 2760 3037 2814 vita
3069 2773 3204 2811 mea.
3234 2759 3506 2809 talentum

1933 2859 2087 2913 valde
2140 2859 2386 2913 animum
2417 2857 2641 2912 indicat.
2675 2855 2743 2909 Et
2776 2869 2940 2907 annos
2974 2866 3111 2903 meos
3137 2849 3193 2901 in
3226 2843 3507 2916 gemitibus

1935 2949 2170 3018 transegi
2201 2963 2422 3018 gemens
2455 2948 2525 3000 ob
2565 2946 2834 3000 malorum
2877 2939 3293 2997 vehementiam.
3339 2933 3503 3004 Inﬁr-

269 3033 636 3100 Ἠσθένησεν
685 3033 755 3084 ἐν
805 3030 1064 3099 πτωχείᾳ
1097 3031 1136 3098 η
1184 3032 1362 3099 ἰσχύς
1393 3049 1530 3101 μου.
1579 3029 1831 3104 Πτωχεύέ

1949 3050 2081 3094 mata
2125 3052 2202 3094 est
2233 3043 2286 3094 in
2313 3047 2620 3110 paupertate
2642 3038 2811 3091 virtus
2844 3051 2977 3088 mea.
3002 3034 3134 3088 Cum
3167 3041 3319 3086 tuum
3348 3029 3504 3084 auxi—

259 3140 377 3186 σας,
408 3123 564 3193 φησὶ,
601 3121 700 3192 τῆς
725 3119 877 3190 παρὰ
905 3120 998 3172 σοῦ
1035 3119 1282 3190 βοηθείας
1303 3120 1388 3172 διὰ
1412 3120 1509 3191 τὴν
1539 3119 1831 3190 ἁμαρτίαν,

257 3214 551 3284 ἠσθένησα.
587 3213 694 3266 Kal
738 3213 810 3266 τὰ
854 3210 1006 3266 ὀστᾶ
1036 3229 1156 3280 μου
1195 3211 1630 3281 ἐταράχθησαν.
1675 3213 1835 3265 Ὀστᾶ

255 3309 353 3370 τὰς
373 3309 475 3377 τῆς
499 3306 680 3377 ψυχῆς
705 3306 964 3377 δυνάμεις
992 3305 1175 3376 φησίν.

327 3397 476 3470 [Ὅτι
514 3397 797 3462 ἐξέλιπεν
827 3397 896 3450 ὲν
924 3396 1108 3466 ὀδύνῃ
1155 3399 1194 3464 η
1229 3395 1338 3465 ζωή
1363 3414 1503 3465 μου.
1548 3397 1610 3449 Ἦ
1636 3395 1829 3459 ἔνδεια,

256 3490 410 3559 φησὶ,
463 3487 572 3542 τῶν
612 3488 922 3557 ἀναγκαίων
951 3488 1212 3561 κατέτηξέ
1247 3505 1348 3558 μου
1377 3488 1438 3540 τὸ
1482 3488 1659 3558 σῶμα,
1694 3489 1774 3541 ὅτι
1805 3489 1834 3540 ὁ

257 3581 411 3650 Σιφεὶ
439 3581 536 3634 καὶ
578 3581 606 3632 ὁ
649 3580 905 3651 Βερσελεὶ
937 3581 1172 3651 ἤνεγκαν
1198 3579 1275 3650 τῷ
1301 3578 1464 3632 Δαυῒδ
1503 3579 1707 3650 πυροὺς
1739 3579 1832 3631 καὶ

256 3669 470 3742 κριθὰς,
492 3670 587 3724 καὶ
611 3669 830 3741 ἄλευρα,
861 3670 953 3723 καὶ
976 3669 1205 3741 κύαμον,
1231 3672 1326 3724 καὶ
1353 3669 1544 3739 φάκον,
1573 3668 1664 3722 καὶ
1687 3667 1828 3740 μέλι,

257 3762 351 3815 καί
397 3762 562 3832 ἕτερά
605 3776 760 3814 τινα·
807 3762 904 3815 καὶ
948 3762 1214 3834 τάπητας,
1243 3763 1336 3815 καὶ
1369 3761 1698 3834 στρώματα’
1739 3761 1832 3813 καὶ

255 3855 638 3925 προσήνεγκαν
682 3854 761 3924 τῷ
807 3852 920 3925 λαῷ
965 3854 1160 3920 ταῦτα,
1191 3854 1284 3907 καὶ
1331 3852 1430 3916 τὰς
1465 3853 1705 3924 τροφάς’
1749 3850 1830 3904 ὅτι

254 3947 438 4016 ελεγον
470 3947 564 4000 τὸν
613 3945 740 3998 λαὸν
786 3946 999 4016 πεινᾷν,
1035 3945 1130 3998 καὶ
1175 3943 1490 3998 ἐκλελύσθαι
1530 3942 1830 4013 διψήσαντα

254 4039 314 4092 έν
340 4041 406 4108 τῇ
438 4035 679 4108 ἐρήμῳ]

323 4129 493 4197 Παρὰ
521 4127 752 4192 πάντας
779 4128 918 4194 τοὺς
944 4128 1194 4196 ἐχθρούς
1215 4144 1332 4196 μου
1358 4126 1650 4195 ἐγενήθην
1676 4126 1828 4179 ὄνει-

236 4220 378 4285 δος.
414 4219 650 4291 [Νεκρὺς
682 4219 780 4288 μὲν
813 4218 923 4271 ἀπὸ
954 4219 1181 4291 καρδίας
1221 4218 1370 4271 ἐστὶν
1405 4219 1433 4270 ὁ
1471 4219 1830 4289 ἐστερημένος

250 4309 510 4382 ἀρετῶν.]
559 4310 669 4363 Καὶ
707 4312 757 4362 οἱ
794 4309 977 4381 ἐχθροί
1021 4327 1141 4380 μου,
1186 4309 1370 4380 φησὶν,
1415 4308 1688 4373 ὠνείδιζόν
1736 4327 1824 4380 με,

252 4403 347 4456 καὶ
379 4403 428 4454 οἱ
459 4401 691 4470 γνωστοί
726 4419 825 4471 μου
852 4401 1142 4470 έφοὸοὖντό
1170 4419 1266 4473 με,
1305 4401 1396 4454 καὶ
1421 4403 1469 4454 οἱ
1503 4401 1829 4473 θεωροῦντες

251 4494 566 4563 ἀπέφευγον
613 4491 703 4546 διὰ
754 4493 849 4564 τὴν
903 4492 1205 4564 ὑπερϐολὴν
1249 4488 1318 4563 ἧς
1369 4493 1831 4564 ὑπερεδεικνύμην

255 4585 568 4656 μετανοίας·
601 4585 785 4656 σάκκῳ
807 4586 865 4638 δὲ
894 4586 987 4638 καὶ
1016 4584 1194 4655 σποδῷ
1228 4585 1713 4656 κατατρυχόμενος,
1737 4587 1832 4640 καὶ

250 4678 466 4748 ἡμέρας
505 4678 600 4729 καὶ
644 4678 836 4740 νυκτὸς
869 4677 1088 4731 κλαίων.
1130 4678 1221 4731 Διὸ
1257 4678 1351 4731 καὶ
1398 4680 1704 4748 φευγόντων
1728 4680 1828 4732 αύ-

248 4767 381 4832 τῶν,
413 4767 472 4819 ἐν
504 4765 644 4839 λήθῃ
677 4771 999 4838 γεγένημαι,
1048 4767 1237 4838 ὥσπερ
1282 4768 1470 4840 ἀμέλει
1507 4771 1600 4822 καὶ
1640 4771 1830 4841 νεκρὸς

250 4857 470 4910 ἐδόκουν
517 4856 698 4910 σκεύει
744 4857 977 4910 ἐοικέναι
1033 4857 1351 4913 ἀπολωλότι.
1402 4858 1475 4910 Τὸ
1527 4860 1614 4923 δὲ,
1673 4860 1832 4928 παρὰ

250 4947 506 5014 πάντας,
540 4948 639 5017 οὐχ
667 4947 806 5019 ὑπὲρ
839 4947 1046 5012 πάντας
1076 4951 1250 5004 εἰπεῖν
1277 4951 1544 5021 βούλεται,
1575 4951 1687 5004 ἀλλ’
1711 4952 1831 5005 ἀντὶ

248 5037 366 5101 τοῦ,
391 5037 546 5108 παρὰ
567 5037 794 5100 πάντας·
826 5037 1101 5091 τουτέστιν
1133 5039 1283 5110 παρὰ
1309 5040 1416 5093 τῶν
1449 5041 1655 5112 ἐχθρῶν
1677 5042 1831 5094 ὠνει-

247 5128 458 5199 δίσθην.
486 5127 643 5182 Οὕτω
670 5129 777 5198 γάρ
808 5128 954 5198 λέγει
986 5131 1080 5182 καὶ
1118 5131 1564 5201 Ἀκύλας-’Παρὰ
1589 5132 1830 5188 πάντων

245 5217 369 5274 τῶν
393 5219 625 5289 ἐχθρῶν
651 5207 770 5288 ⁶ιιου
800 5219 1098 5289 ἐγενήθην
1122 5222 1371 5288 ὄνειδος.

319 5310 443 5365 Ὅτι
469 5310 709 5379 ἤκουσα
746 5316 941 5383 ψόγον
971 5315 1219 5368 πολλῶν
1242 5317 1683 5384 παροικούντων
1715 5335 1822 5372 κυ-

245 5401 489 5455 κλόθεν.
527 5401 709 5471 Ψόγον
750 5403 849 5474 τὴν
900 5404 1191 5475 ἐπιϐουλήν
1225 5423 1406 5475 φησιν.
1435 5406 1594 5476 Λέγει
1627 5408 1683 5460 δὲ
1703 5450 1717 5475 ,
1746 5409 1820 5472 ὼς

246 5493 298 5545 οἱ
329 5491 515 5563 ἐχθροὶ
543 5493 804 5548 ἐκύκλουν
830 5495 1284 5561 ἐπιϐουλεύοντες.
1329 5499 1438 5552 Τοῦ
1471 5499 1678 5553 λαϐεῖν
1711 5499 1824 5567 τὴν

250 5583 462 5651 ψυχήν
488 5602 609 5652 μου
653 5586 1112 5646 ἐϐουλεύσαντο.
1155 5593 1293 5663 Ἐγὼ
1333 5592 1399 5646 δὲ
1430 5592 1525 5644 ἐπὶ
1555 5593 1677 5660 σοὶ,
1714 5594 1824 5647 Κύ-

321 5674 367 5705 ⁶⁸
407 5675 452 5729 ιι
483 5674 614 5747 Reg.
650 5693 759 5741 xvn,
795 5681 905 5735 1-4.

1936 3135 2070 3188 lium
2100 3132 2498 3188 emendicarem
2528 3137 2750 3200 propter
2783 3133 3003 3197 peccata
3033 3141 3174 3191 mea,
3195 3123 3508 3183 inﬁrmatus

1934 3244 2074 3285 sum.
2112 3227 2182 3281 Et
2210 3241 2331 3279 ossa
2361 3241 2475 3277 mea
2503 3223 2817 3276 conturbata
2843 3224 2984 3274 sunt;
3029 3216 3392 3272 Ossa-animm
3422 3217 3504 3271 fa-

1934 3323 2167 3377 cultates
2193 3318 2447 3388 appellat.

2005 3412 2293 3484 [Quoniam
2322 3409 2508 3478 defecit
2538 3407 2594 3461 in
2623 3405 2803 3459 dolore
2834 3405 2944 3458 vita
2981 3420 3118 3457 mea.
3147 3403 3348 3456 Rerum
3367 3441 3382 3468 ,
3419 3401 3504 3454 in-

1933 3507 2050 3575 quit
2067 3506 2130 3570 “,
2157 3502 2588 3558 necessariarum
2611 3500 2811 3568 inopia,
2826 3512 3024 3565 corpus
3039 3510 3216 3548 meum
3232 3493 3352 3548 tabe
3371 3507 3502 3546 con-

1935 3598 2094 3662 fecit,
2123 3599 2251 3666 quia
2278 3595 2406 3650 Siba
2439 3604 2491 3648 et
2515 3591 2776 3647 Bercellai
2821 3589 3008 3642 Davidi
3055 3586 3357 3642 attulerunt
3382 3585 3500 3638 fru-

1931 3697 2175 3743 mentum
2206 3693 2259 3740 et
2290 3684 2575 3748 hordeum,
2609 3680 2866 3748 farinam,
2919 3680 3096 3744 fabas,
3141 3679 3359 3742 lentem,
3393 3676 3501 3729 mel

1931 3792 1986 3838 et
2011 3781 2112 3835 alia.
2137 3780 2407 3849 quaedam,
2433 3791 2647 3831 necnon
2679 3783 2888 3843 tapetas
2928 3782 2982 3826 et
3008 3771 3274 3825 velamina
3303 3787 3315 3823 :
3340 3777 3503 3836 atque

1932 3875 2118 3930 istbaac
2163 3871 2365 3942 populo
2398 3885 2520 3924 cum
2553 3867 2674 3922 aliis
2708 3866 2844 3920 cibis
2873 3864 3218 3926 obtulerunt,
3251 3858 3499 3929 quia-di-

1931 3965 2128 4022 cebant
2167 3960 2424 4032 pupulum
2469 3958 2610 4012 fame
2645 3957 2894 4010 laborare
2917 3995 2930 4021 ,
2979 3967 3042 4008 ac
3071 3951 3159 4006 siti
3192 3950 3498 4005 confectum

1932 4057 2168 4113 solutum
2202 4052 2373 4106 fuisse
2410 4051 2462 4103 in
2490 4045 2750 4119 deserta]

2003 4147 2089 4201 12.
2132 4145 2304 4215 Super
2337 4159 2510 4197 omnes
2560 4141 2800 4193 inimicos
2846 4150 2986 4191 meos
3033 4135 3206 4205 factus
3251 4145 3368 4185 sum
3408 4146 3503 4198 op-

1930 4241 2221 4308 probrium,
2254 4246 2359 4292 etc.
2391 4235 2661 4307 [Mortuus
2687 4247 2715 4285 a
2752 4231 2915 4285 corde
2946 4237 3049 4291 est,
3090 4226 3182 4295 qui
3206 4223 3499 4278 virtutibus

1932 4341 2014 4388 est
2043 4328 2292 4400 vacuus.]
2319 4327 2528 4381 Inimici
2558 4324 2682 4389 mei,
2720 4323 2932 4391 inquit,
2963 4335 3049 4374 me
3081 4315 3344 4372 conviciis
3368 4329 3500 4369 one-

1933 4426 2125 4482 rabant
2154 4443 2167 4479 :
2198 4433 2252 4478 et
2281 4423 2393 4477 noti
2428 4421 2533 4474 mei
2581 4418 2831 4486 fugerunt
2866 4429 2970 4468 me.
3003 4411 3068 4465 Et
3099 4410 3192 4480 qui
3231 4423 3317 4461 me
3345 4406 3493 4460 vide-

1929 4519 2058 4572 bant
2084 4516 2411 4586 aufugerunt
2433 4513 2502 4568 ob
2525 4509 2948 4582 magnitudinem
2979 4503 3311 4574 pmnitentiaa
3339 4515 3493 4562 mea‘;

1930 4628 2091 4668 sacco
2121 4611 2266 4665 enim
2299 4620 2352 4662 et
2393 4609 2575 4661 cinere
2607 4612 2945 4665 maceratus,
2977 4598 3166 4652 ﬂebam
3201 4595 3289 4649 die
3319 4601 3499 4646 nocte-

1930 4721 2055 4775 que.
2085 4702 2263 4769 Quare
2291 4700 2625 4770 fugientibus
2657 4697 2796 4760 illis,
2827 4694 2882 4747 in
2913 4692 3237 4747 oblivionem
3267 4687 3411 4748 veni,
3443 4694 3498 4737 et

1930 4813 2029 4852 ceu
2067 4805 2316 4850 mortuus
2359 4809 2477 4848 esse
2502 4793 2744 4857 videbar,
2791 4798 2850 4843 ut
2895 4787 3010 4841 vasi
3046 4784 3257 4854 perdito
3301 4779 3496 4834 similis

1929 4902 2127 4942 essem.
2163 4885 2300 4939 lllud
2333 4891 2512 4937 autem
2548 4897 2704 4951 super
2735 4895 2934 4945 omnes,
2973 4891 3081 4930 non
3111 4874 3212 4929 sibi
3239 4872 3354 4926 vult
3386 4885 3500 4940 pra.

1931 4980 2208 5043 omnibus,
2241 4977 2335 5032 sed
2362 4975 2505 5044 apud
2532 4988 2746 5035 omnes,
2783 4972 2835 5026 id
2868 4979 2950 5024 est
2972 5010 2985 5033 ,
3023 4969 3090 5022 ab
3127 4965 3363 5019 inimicis
3399 4965 3496 5031 op;

1929 5071 2150 5142 probrin
2178 5077 2440 5124 oneratus
2467 5081 2610 5121 sum.
2656 5061 2747 5116 Sic
2781 5061 2925 5115 enim
2959 5059 3121 5112 habet
3149 5055 3340 5124 Aquila
3367 5067 3382 5104 :
3414 5053 3492 5104 Ab

1929 5163 2169 5219 omnibus
2200 5159 2433 5214 inimicis
2469 5157 2597 5211 meis
2634 5155 2806 5224 factus
2831 5166 2948 5206 sum
2971 5147 3326 5218 approbri’um.

2005 5321 2091 5374 14.
2164 5317 2428 5384 Quoniam
2483 5313 2671 5367 audivi
2718 5308 3150 5378 vituperationem
3206 5303 3491 5356 multorum

1929 5409 2366 5465 commorantium
2395 5406 2452 5458 in
2479 5403 2728 5456 circuitu.
2766 5396 3238 5466 Vituperationem-
3267 5391 3495 5446 insidias

1933 5513 2111 5558 vocat.
2147 5503 2236 5556 Ait
2266 5510 2442 5557 autem
2487 5499 2632 5571 quod
2677 5495 3076 5550 circumdantes
3110 5487 3316 5542 inimici
3360 5486 3494 5539 insi-

1932 5598 2228 5653 diarentur.
2263 5595 2506 5665 Accipere
2546 5593 2777 5648 animam
2822 5600 2993 5642 meam
3032 5580 3302 5636 consiliati
3348 5589 3491 5633 sunt.
