3874 6218
382 298 484 353 159

1221 289 1281 343 S.
1317 283 1690 340 ATllANASll
1722 280 1872 336 OPP.
1913 277 2093 332 PARS
2131 273 2216 329 lll.
2256 305 2325 314 —
2364 271 2769 327 EXEGETICA.

3509 258 3612 312 160

379 411 492 479 Ego
523 420 696 463 autem
730 411 786 463 in
818 418 865 462 te
894 407 1133 476 speravi,
1172 405 1415 458 Domine.
1443 401 1546 455 Per
1576 400 1813 454 animam
1843 409 1938 449 cor
1968 437 1975 452 ι

2078 406 2146 454 ιε,
2170 388 2422 456 ἤλπισα.
2460 387 2557 439 Διὰ
2589 386 2689 454 τῆς
2719 382 2895 454 ψυχῆς
2924 381 3020 452 τὴν
3052 379 3274 479 καρδίαν
3308 375 3614 479 λαμϐάνου-

378 501 624 571 capiunt,
653 515 749 570 per
775 501 911 554 iram
949 507 1003 554 et
1036 497 1358 567 cupiditates
1401 501 1635 548 mentem
1663 489 1938 544 occidunt.

451 679 539 734 l6.
581 678 648 734 In
679 680 918 734 manibus
951 679 1054 732 tuis
1083 684 1246 731 sortes
1274 691 1420 729 meae.
1472 671 1697 728 Etiamsi
1731 667 1944 723 insidiis

380 772 586 826 inimici
616 773 855 826 animam
888 786 1062 824 meam
1092 768 1550 838 comprehendere
1583 769 1831 833 satagant
1853 777 1867 825 ;
1890 767 1946 813 at

381 870 557 916 sortes
586 874 720 915 mea:
753 869 880 914 tuta:
908 869 1034 914 sunt
1079 860 1133 912 in
1168 858 1421 912 manibus
1447 857 1576 920 tuis,
1625 869 1762 924 quas
1789 849 1944 905 dabis

380 952 436 1005 in
467 961 705 1022 tempore
730 953 880 1018 mihi,
899 952 1158 1021 quoniam
1191 951 1244 1004 in
1270 958 1323 1004 te
1340 963 1490 1018 spem
1512 947 1720 1002 colloco
1744 956 1940 996 meam.

380 1041 745 1106 Quamobrem
788 1059 918 1110 rogo
962 1043 1016 1095 in
1053 1042 1306 1111 praesenti
1343 1038 1559 1094 liberari
1602 1038 1670 1090 ab
1707 1035 1944 1089 inimicis

381 1133 538 1186 meis.
571 1133 724 1186 Alius
750 1135 932 1188 codex.
971 1134 1049 1188 llli
1071 1173 1086 1199 ,
1119 1134 1314 1202 inquit,
1360 1132 1555 1193 coacti,
1590 1143 1775 1183 necem
1811 1126 1944 1180 mihi

380 1223 724 1279 moliuntur:
756 1243 855 1297 ego
897 1237 1077 1281 autem
1127 1236 1178 1281 te
1209 1225 1378 1280 Deum
1427 1225 1553 1279 novi
1601 1222 1733 1277 mihi
1783 1228 1946 1289 atque

383 1326 691 1380 patronum.
731 1317 891 1387 Eripe
932 1335 1012 1372 me
1034 1319 1097 1372 de
1122 1335 1281 1372 ntanu
1309 1318 1646 1370 inimicorum
1689 1328 1943 1373 meorum,

380 1414 430 1458 et
465 1422 498 1457 a
534 1410 960 1478 persequentibus
990 1426 1087 1463 me.
1123 1409 1270 1478 Fuge
1309 1408 1730 1477 malignitatem,
1771 1405 1948 1473 inquit

381 1498 764 1566 Apostolus“,
795 1499 1006 1553 etiamsi
1039 1500 1380 1568 persequitur
1414 1495 1742 1564 malignitas,
1766 1509 1948 1562 perse-

383 1592 568 1658 quitur
595 1597 775 1642 tamen
818 1589 1121 1655 fornicatio,
1163 1589 1411 1651 avaritia,
1457 1586 1631 1650 furor,
1669 1585 1786 1639 ira:
1820 1587 1948 1640 reli-

384 1695 491 1748 qua
529 1679 861 1733 defecerunt.

460 1858 548 1912 l7.
601 1859 825 1914 Illustra
873 1862 1064 1930 faciem
1118 1871 1264 1915 tuam
1308 1879 1464 1931 super
1502 1878 1707 1916 servum
1750 1871 1944 1915 tuum:

387 1949 592 2004 salvum
620 1968 698 2004 me
737 1953 822 2020 fac
858 1953 910 2004 in
941 1954 1304 2006 misericordia
1333 1965 1444 2007 tua.
1471 1953 1604 2008 Nam
1635 1967 1686 2008 te
1713 1954 1951 2008 animam

389 2057 565 2096 meam
599 2042 921 2102 illustrante,
940 2044 1117 2098 tristia
1136 2061 1364 2113 quicque
1395 2047 1578 2098 statim
1605 2059 1951 2104 evanescent.

391 2131 516 2186 llazc
542 2146 647 2185 una
692 2133 854 2195 milu,
888 2133 1097 2202 inquit,
1133 2134 1324 2188 salutis
1351 2134 1488 2188 ratio
1513 2145 1625 2198 est,
1665 2137 1711 2189 si
1759 2134 1950 2191 faciem

391 2235 540 2278 tuam
573 2225 949 2280 illustraveris.

464 2313 554 2373 18.
597 2315 836 2383 Domine,
880 2333 985 2370 non
1017 2318 1313 2386 confundor
1340 2320 1586 2386 quoniam
1613 2321 1850 2374 invocavi
1885 2333 1952 2376 te.

394 2408 532 2464 Ilinc
556 2409 853 2465 ediscimus
887 2410 1118 2464 multum
1147 2421 1428 2478 peccatum
1455 2412 1598 2466 inter
1625 2421 1678 2466 et
1707 2413 1957 2483 impieta-

391 2509 501 2553 tem
570 2500 905 2556 discriminis
948 2515 1092 2556 csse.
1139 2501 1482 2570 Quapropter
1530 2513 1684 2573 rogat
1725 2519 1956 2574 magnus

392 2593 480 2647 ine
507 2592 674 2648 David
705 2609 732 2647 a
763 2595 968 2662 peccati
997 2611 1054 2649 se
1086 2597 1418 2664 turpitudine
1448 2597 1698 2662 liberari,
1731 2613 1827 2652 eos
1859 2613 1956 2651 au-

393 2694 502 2738 tem
544 2685 637 2754 qui
683 2685 735 2738 in
782 2686 1057 2755 impietate
1089 2687 1257 2740 vitam
1305 2696 1510 2758 agunt,
1559 2703 1684 2742 cum
1731 2687 1955 2744 infantia

394 2783 568 2829 morte
597 2775 754 2829 allici.

466 2865 554 2920 19.
599 2867 764 2920 Muta
815 2868 950 2936 ﬁant
997 2867 1144 2922 labia
1173 2869 1376 2924 dolosa.
1411 2869 1591 2942 Rogo,
1627 2872 1832 2941 inquit,
1861 2873 1960 2927 ob-

394 2969 697 3014 mutescere
720 2961 971 3017 inimicos
1003 2981 1016 3016 :
1047 2963 1190 3033 quod
1232 2965 1444 3020 eveniet
1470 2965 1516 3020 si
1545 2967 1849 3023 ostenderis
1879 2967 1959 3023 la-

392 3051 532 3106 ciem
564 3059 732 3104 tuam.

465 3139 554 3194 20.
595 3145 769 3204 Quam
799 3159 990 3213 magna
1022 3143 1308 3198 multitudo
1345 3145 1640 3201 dulcedinis
1682 3158 1808 3214 tuas,
1853 3147 1964 3203 Do-

396 3233 572 3286 mine!
601 3233 801 3303 Utpote
829 3236 940 3304 jam
974 3251 1070 3305 per
1093 3236 1344 3306 spiritum
1379 3239 1702 3308 illustratus,
1733 3243 1800 3296 de
1827 3241 1968 3296 futu-

395 3325 476 3380 ris
524 3327 726 3395 gratias
759 3327 890 3396 agit.
935 3326 1051 3382 Mos
1092 3337 1274 3384 autem
1305 3328 1514 3394 Davidi,
1543 3346 1756 3397 vocem,
1783 3351 1964 3404 quam,

398 3429 498 3484 per
545 3415 959 3470 admirationem
997 3432 1287 3487 usurpare,
1332 3422 1509 3489 quasi,
1555 3421 1726 3476 valde.
1773 3423 1968 3496 Magna

399 3505 630 3561 dulcedo
667 3517 756 3561 tua
804 3517 926 3572 est,
979 3524 1143 3576 quam
1178 3511 1426 3566 recondis
1458 3521 1512 3566 et
1555 3529 1741 3569 servas
1789 3517 1963 3570 nobis.

401 3597 535 3652 lllud
586 3598 754 3664 enim,
791 3601 1137 3668 abscondisti,
1181 3613 1266 3657 est
1311 3604 1488 3673 quasi,
1541 3607 1837 3661 custodisti.
1903 3607 1970 3663 Ut

396 3689 566 3744 etiam
601 3691 754 3758 illud,
790 3692 1064 3746 abscondit
1091 3711 1172 3748 me
1194 3696 1250 3748 in
1273 3695 1608 3750 tabernaculo
1639 3715 1754 3754 suo.
1789 3698 1970 3754 Utitur

401 3791 584 3836 autem
621 3799 782 3850 voce,
817 3785 1138 3840 abscondisti
1170 3802 1269 3856 pro
1313 3789 1625 3856 custodisti,
1656 3792 1784 3861 quia
1823 3794 1970 3862 quod

399 3872 756 3927 absconditur
776 3875 1100 3931 custoditur.
1139 3875 1420 3947 Perfecisti
1447 3881 1522 3932 eis
1553 3882 1644 3950 qui
1677 3894 1889 3950 sperant
1916 3886 1970 3937 in

400 3973 474 4018 te.
507 3962 674 4030 Quasi
703 3965 868 4033 dicat,
899 3967 1173 4036 perfecisti
1202 3969 1258 4024 in
1285 3979 1530 4042 tempore
1558 3975 1897 4043 congruenti.

471 4116 564 4173 2i.
603 4119 899 4175 Abscondes
921 4138 1007 4176 eos
1034 4123 1090 4175 in
1113 4124 1420 4179 abscondito
1442 4126 1599 4194 faciei
1632 4135 1754 4180 tute.
1782 4127 1972 4182 Facies

401 4216 531 4275 tua,
566 4209 777 4280 inquit,
808 4221 1181 4283 tegumentum
1213 4215 1563 4282 sperantibus
1597 4215 1652 4268 in
1686 4224 1738 4270 te
1768 4214 1969 4271 factum

399 4307 507 4355 est.
541 4300 587 4354 A
616 4303 1014 4357 conturbatione
1037 4305 1305 4357 hominum
1329 4314 1562 4374 proteges
1583 4323 1690 4372 eos,
1719 4307 1772 4360 in
1797 4307 1972 4361 taber-

2051 494 2160 532 σιν·
2189 478 2276 531 διὰ
2310 477 2418 548 γὰρ
2463 475 2636 546 θυμοῦ
2683 474 2778 528 καὶ
2823 470 3114 542 ἐπιθυμίας
3159 469 3248 521 τὸν
3282 467 3405 520 νοῦν
3451 465 3616 519 θανα-

2048 569 2139 622 τοῦ
2148 586 2248 622 σιν.

2130 661 2226 713 Ἐν
2247 659 2375 724 ταῖς
2404 660 2615 728 χερσίν
2641 672 2757 712 σου
2784 659 2838 710 oi
2863 655 3078 723 κλῆροι
3104 671 3243 723 μου.
3279 653 3341 705 Ei
3368 651 3463 704 καὶ
3495 651 3615 702 ἐπι-

2051 751 2392 804 ϐουλεύουσιν
2417 754 2464 803 οί
2492 749 2694 820 ἐχθροὶ,
2721 745 3158 808 ἐπιϐουλεύοντες
3182 742 3280 814 τὴν
3299 741 3478 811 ψυχήν
3513 756 3614 810 μου

2050 841 2252 906 λαϐεῖν,
2289 840 2423 894 ἀλλὰ
2462 841 2512 893 oi
2556 839 2746 910 κλῆροι
2789 854 2890 908 μου
2932 834 3334 906 πεφυλαγμένοι
3377 832 3512 885 εἰσιν
3558 833 3618 883 ἐν

2049 937 2171 996 ταῖς
2207 933 2361 1004 χερσί
2393 949 2508 995 σου,
2537 931 2629 994 οὓς
2664 929 2963 991 ἀποδώσεις
2999 945 3088 999 μοι
3119 925 3261 979 κατὰ
3292 923 3503 991 καιρὸν,
3529 919 3620 974 διὰ

2049 1026 2110 1077 τὸ
2141 1025 2233 1077 ἐπὶ
2265 1025 2346 1077 σοί
2379 1042 2446 1094 με
2472 1024 2730 1087 ἐλπίζειν.
2759 1023 2850 1075 Διὸ
2882 1021 2976 1076 καὶ
3005 1020 3192 1090 δέομαι
3222 1017 3312 1070 ἐπὶ
3348 1015 3442 1069 τοῦ
3475 1031 3622 1083 παρ-

2051 1117 2201 1180 όντος
2246 1116 2507 1187 ῥωσθῆναι
2547 1118 2610 1169 ἐκ
2653 1116 2762 1168 τῶν
2813 1113 3023 1185 ἐχθρῶν
3076 1129 3196 1182 μου.
3247 1111 3472 1163 Ἐκεῖνοι
3521 1107 3621 1177 μὲν

2051 1203 2142 1261 οὖν
2171 1207 2543 1279 ἀθροισθέντες
2563 1207 2654 1260 τὸν
2680 1206 2811 1276 ἐμὸν
2838 1203 3127 1259 καττύουσι
3153 1203 3399 1256 θάνατον·
3428 1199 3538 1268 ἐγὼ
3559 1197 3623 1252 δὲ

2055 1300 2113 1351 σὲ
2147 1299 2277 1352 Θεὸν
2322 1297 2438 1351 οἶδα
2481 1299 2573 1351 καὶ
2620 1297 2900 1369 πρύτανιν.
2949 1295 3150 1350 Ῥῦσαι
3190 1310 3266 1364 με
3305 1293 3376 1346 ἐκ
3423 1291 3624 1361 χειρὸς

2052 1391 2279 1461 ἐχθρῶν
2301 1410 2419 1460 μου
2446 1391 2541 1446 καί
2566 1392 2635 1444 ἐκ
2665 1391 2783 1444 τῶν
2813 1387 3292 1443 καταδιωκόντων
3322 1402 3418 1454 με.
3449 1384 3624 1452 Φεῦγε

2054 1484 2151 1553 τὴν
2186 1483 2468 1553 πονηρίαν,
2517 1482 2678 1552 φησιν
2716 1482 2745 1531 ὁ
2783 1478 3130 1542 Ἀπόστολος·
3165 1479 3212 1530 εί
3255 1475 3348 1528 καὶ
3370 1473 3554 1527 διώκει
3585 1475 3622 1542 ὴ

2056 1573 2310 1644 πονηρία,
2345 1573 2526 1626 διώκει
2555 1572 2793 1645 δηλονότι
2817 1573 2912 1625 καὶ
2943 1573 2975 1640 ἡ
3011 1570 3242 1640 μοιχεία,
3274 1567 3426 1637 καὶὴ
3461 1564 3625 1620 πλεο-

2055 1669 2227 1736 νεξία,
2260 1671 2352 1724 καὶ
2383 1672 2410 1722 ὁ
2441 1671 2628 1740 θυμὸς,
2663 1672 2756 1724 καὶ
2785 1673 2818 1740 ἡ
2853 1670 3010 1740 ὀργή·
3044 1667 3112 1720 τά
3149 1667 3204 1720 δὲ
3234 1665 3398 1718 λοιπὰ
3424 1663 3629 1719 ἀπολέκ

1983 1748 2026 1803 Β
2054 1761 2259 1815 λειπτο.

2137 1855 2465 1922 Ἐπίφανον
2505 1852 2573 1906 τὸ
2605 1853 2926 1920 πρόσωπόν
2965 1865 3082 1905 σου
3119 1849 3218 1903 ἐπὶ
3260 1851 3369 1904 τὸν
3397 1849 3629 1904 δοῦλόν

2055 1958 2191 1998 σου·
2225 1944 2432 1998 σῶσόν
2458 1961 2534 2012 με
2560 1945 2630 1997 ἐν
2657 1942 2737 2008 τῷ
2765 1944 2922 1997 ἐλέει
2960 1959 3096 1996 σου.
3128 1943 3239 2012 Τῆς
3272 1943 3381 2014 γὰρ
3407 1943 3504 2012 σῆς
3532 1959 3628 2012 μοι

2054 2033 2349 2103 γενομένης
2383 2033 2720 2102 ἐπιφανείας,
2750 2031 2820 2085 τὰ
2850 2031 3145 2103 σκυθρωπὰ
3190 2033 3501 2102 παραυτίκα
3529 2031 3627 2083 λυ-

2057 2127 2301 2198 θήσεται.
2335 2121 2500 2188 Οὒτός
2533 2142 2642 2195 μοι,
2683 2126 2838 2194 φησὶ,
2901 2125 3060 2194 μόνος
3091 2125 3290 2196 τρόπος
3316 2125 3415 2195 τῆς
3449 2143 3628 2194 σωτη-

2060 2214 2200 2284 ρίας,
2230 2216 2278 2267 εί
2306 2214 2368 2266 τὸ
2395 2214 2484 2266 σὸν
2509 2213 2776 2283 ἐπιφάνῃς
2797 2214 3109 2286 πρόσωπον.

2128 2306 2324 2372 Κύριε,
2355 2304 2440 2372 μὴ
2470 2305 3004 2372 καταισχυνθείην,
3051 2305 3138 2358 ὅτι
3164 2305 3630 2375 ἐπεκαλεσάμην

2057 2410 2150 2449 σε.
2184 2396 2460 2449 Ἐντεῦθεν
2486 2396 2826 2467 μανθάνομεν
2847 2395 2922 2459 ὡς
2951 2395 3148 2468 πολλὴν
3172 2397 3430 2467 διαφορὰν
3457 2399 3633 2468 ἁμαρ-

2057 2487 2149 2541 τία
2178 2488 2314 2557 πρὸς
2346 2488 2599 2542 ἀσέϐειαν
2631 2489 2762 2559 ἔχει.
2806 2488 2897 2540 Διὸ
2930 2489 3023 2542 καὶ
3050 2490 3079 2540 ό
3113 2490 3287 2560 μέγας
3322 2491 3634 2562 παρακαλεῖ

2059 2578 2220 2632 Δαυῒδ
2247 2577 2407 2632 αὐτὸν
2439 2579 2536 2650 μὲν
2561 2581 2660 2650 τῆς
2695 2580 2783 2633 διὰ
2821 2579 2919 2650 τὴν
2943 2580 3213 2652 ἁμαρτίαν
3254 2583 3632 2653 γεγενημένης

2059 2667 2320 2739 αἰσχύνης
2345 2669 2743 2739 ἀπαλλαγῆναι,
2771 2670 2898 2732 τοὺς
2926 2669 2982 2722 δὲ
3013 2672 3070 2723 ἐν
3094 2671 3382 2744 δυσσεϐείᾳ
3419 2673 3630 2737 συζῶν-

2058 2774 2158 2821 τας
2189 2761 2305 2829 μετ’
2337 2760 2598 2830 αἰσχύνης
2633 2760 2710 2831 τῷ
2740 2760 2953 2830 θανάτῳ
2986 2763 3449 2834 παραπεμφθῆναι

2135 2849 2359 2902 Ἀλαλα
2388 2847 2688 2917 γενηθήτω
2717 2849 2788 2902 τὰ
2818 2849 2990 2916 χείλη
3031 2850 3103 2902 τὰ
3137 2850 3328 2904 δόλια.
3360 2849 3632 2922 Εὖχομαι,

2061 2937 2244 3010 φησὶν,
2274 2939 2710 3011 άποκωφωθῆναι
2737 2941 2862 3003 τοὺς
2885 2939 3130 3012 ἐχθρούςο
3161 2942 3319 2996 τοῦτο
3358 2943 3414 2996 δέ
3457 2944 3634 3011 ἔσται,

2062 3031 2110 3083 εί
2137 3029 2403 3102 ἐπιφάνῃς
2431 3031 2493 3084 τὸ
2523 3031 2810 3104 πρόσωπόν
2843 3049 2955 3086 σου.
3593 3077 3595 3080 .

2149 3121 2242 3187 Ὠς
2284 3121 2441 3175 πολὺ
2484 3122 2548 3175 τὸ
2599 3121 2830 3191 πλῆθος
2873 3123 2984 3191 τῆς
3032 3126 3438 3193 χρηστότητος
3479 3141 3635 3188 σου,

2065 3211 2274 3279 Κύριε]
2309 3212 2396 3275 Ὠς
2425 3212 2524 3282 ἤδη
2569 3211 2656 3265 διὰ
2699 3211 2792 3265 τοῦ
2825 3213 3137 3284 Πνεύματος
3172 3215 3636 3286 φωταγωγηθεὶς,

2067 3303 2196 3373 περὶ
2225 3301 2332 3356 τῶν
2366 3303 2638 3373 ἐσομένων
2678 3304 3024 3374 εὐχαριστίαν
3072 3306 3342 3377 ἀναφέρει.
3387 3306 3548 3370 Ἐθος
3579 3308 3640 3361 δὲ

2065 3392 2144 3463 τῷ
2181 3393 2343 3446 Δαυῒδ
2379 3395 2473 3446 ἐπὶ
2517 3392 2830 3464 ἐκπλήξεως
2875 3393 3135 3457 πολλάκις
3178 3395 3474 3464 λαμϐάνειν
3505 3397 3637 3465 τὴν,

2067 3485 2183 3550 ὡς,
2227 3484 2440 3555 φωνὴν,
2474 3485 2594 3537 ἀντὶ
2634 3484 2750 3549 τοῦ,
2785 3486 3038 3554 σφόδρα.
3074 3486 3247 3557 Πολλὴ
3296 3503 3388 3539 σου
3427 3488 3576 3538 ἐστὶν
3602 3489 3638 3556 ή

2068 3576 2389 3646 χρηστότης,
2417 3575 2485 3647 ἣν
2504 3575 2782 3646 ταμιεύεις
2807 3576 2902 3629 καὶ
2926 3577 3210 3645 φυλάττεις
3240 3579 3392 3648 ἡμῖν’
3423 3577 3485 3630 τὸ
3507 3578 3641 3650 γὰρ,

2067 3666 2355 3734 ἔκρυψας,
2381 3666 2502 3719 ἀντὶ
2533 3665 2650 3732 τοῦ,
2667 3665 2994 3735 ἐφύλαξας,
3012 3667 3086 3731 ὼς
3115 3668 3209 3721 καὶ
3236 3668 3296 3722 τό
3317 3685 3332 3700 ·
3375 3668 3646 3737 Ἔκρυψέ

2063 3773 2140 3826 με
2181 3758 2252 3811 ἐν
2293 3755 2494 3824 σκηνῇ
2541 3756 2748 3812 αὐτοῦ.
2793 3757 3070 3829 Κέχρηται
3115 3757 3173 3811 δὲ
3211 3757 3308 3829 τῷ,
3346 3759 3639 3827 ἔκρυψας,

2069 3849 2190 3901 ἀντὶ
2217 3848 2330 3912 τοῦ,
2357 3846 2685 3916 ἐφύλαξας,
2715 3848 2901 3920 ἐπειδὴ
2944 3848 3004 3902 τὸ
3033 3849 3411 3921 κεκρυμμένον
3438 3850 3645 3919 φυλάτ-

2073 3957 2240 3992 τεται.
2284 3938 2632 4009 Ἑξειργάσω
2678 3939 2802 4004 τοῖς
2834 3939 3181 4000 ἐλπίζουσιν
3219 3941 3318 3994 ἐπὶ
3356 3941 3448 3996 σέ.
3499 3941 3646 3994 Ἀντὶ

2070 4031 2183 4095 τοῦ,
2215 4030 2516 4102 ἐξειργάσω
2541 4034 2598 4087 ἐν
2624 4029 2799 4103 καιρῷ
2831 4029 2908 4101 τῷ
2937 4032 3287 4103 προσήκοντι.

2138 4124 2547 4191 Κατακρύψεις
2578 4122 2799 4188 αὐτοὺς
2829 4122 2898 4174 ἐν
2947 4123 3270 4191 ἀποκρύφῳ
3299 4122 3406 4176 τοῦ
3448 4138 3643 4190 προσ-

2069 4213 2232 4267 ώπου
2248 4229 2384 4268 σου.
2404 4214 2476 4266 Τὸ
2493 4213 2778 4284 πρόσωπόν
2805 4230 2920 4277 σου,
2946 4214 3098 4283 φησι,
3143 4214 3316 4284 σκέπη
3347 4215 3456 4276 τοῖς
3486 4212 3644 4266 ἐλπί-

2072 4302 2252 4367 ζουσιν
2298 4304 2390 4358 ἐπὶ
2429 4304 2487 4356 σὲ
2520 4304 2766 4376 γένηται.
2823 4302 2955 4356 Ἀπὸ
3009 4301 3274 4371 ταραχῆς
3317 4302 3648 4371 ἀνθρώπων

402 4394 598 4446 naculo
623 4402 711 4448 tuo
732 4413 765 4448 a
792 4397 1206 4451 contradictione
1235 4397 1558 4467 linguarum.
1589 4397 1658 4454 Ut
1693 4409 1970 4469 tegumen-

2073 4395 2401 4462 σκεπάσεις
2469 4396 2690 4461 αὐτοὺς
2741 4395 2811 4448 ἐν
2865 4393 3069 4463 σκηνῇ
3125 4395 3244 4449 ἀπὸ
3299 4395 3648 4465 ἀντιλογίας

403 4493 544 4548 tum,
584 4484 778 4554 inquit,
807 4498 1060 4558 conteges
1104 4501 1220 4554 cos,
1250 4488 1324 4542 ita
1367 4496 1426 4542 ut
1465 4504 1638 4558 neque
1675 4491 1744 4543 ab
1778 4489 1844 4544 iis
1876 4491 1970 4559 qui

2073 4485 2385 4554 γλωσσῶν.
2400 4486 2686 4557 Καθάπερ,
2707 4485 2890 4555 φησὶν,
2911 4485 3084 4555 σκέπη
3114 4485 3406 4548 σκεπάσεις
3423 4486 3644 4549 αὐτοὺς,

405 4575 574 4630 verbo
602 4577 736 4646 ipsis
769 4593 965 4634 nocere
991 4589 1234 4648 tentant,
1263 4595 1440 4651 neque
1473 4580 1541 4634 ab
1575 4580 1642 4636 iis
1670 4581 1762 4636 eui
1795 4584 1973 4652 operi-

405 4666 513 4721 bus
539 4662 875 4739 oppugnant,
905 4682 1250 4741 superentur.
1312 4745 1315 4748 ι

477 4849 568 4906 22.
608 4851 922 4908 Benedictus
954 4853 1232 4921 Dominus,
1255 4855 1505 4925 quoniam
1536 4853 1837 4922 miri/icavit
1873 4853 1973 4908 mi-

404 4943 752 4996 sericordiam
781 4960 932 4996 suam
959 4945 1086 4999 mihi
1117 4946 1175 4999 in
1216 4945 1428 5000 civitate
1461 4945 1688 4998 munita.
1734 4944 1834 4999 Per
1861 4958 1970 5008 me,

406 5033 620 5102 inquit,
678 5032 820 5090 Deus
869 5036 1204 5106 gloriﬁcatus
1257 5047 1373 5103 est,
1425 5037 1684 5107 quoniam
1735 5035 1972 5092 circum-

406 5125 637 5181 sistente
659 5142 745 5182 me
777 5128 1064 5183 innumera
1093 5130 1329 5186 hostium
1376 5129 1739 5195 multitudine,
1778 5138 1832 5185 et
1857 5131 1968 5184 ani-

411 5231 557 5271 mam
588 5233 763 5273 meam
794 5235 892 5275 ceu
924 5235 1175 5290 magnam
1218 5223 1408 5278 urbem
1440 5223 1688 5277 obsidere
1722 5231 1970 5288 conante,

407 5309 506 5377 qui
551 5310 655 5364 mei
685 5319 870 5366 custos
907 5320 991 5366 est
1020 5313 1162 5367 vallo
1207 5328 1294 5367 me
1340 5314 1613 5381 muniens,
1661 5314 1974 5369 misericor-

409 5399 558 5454 diam
592 5417 746 5457 suam
778 5404 1081 5459 mirabilem
1109 5405 1364 5460 ostendit.

484 5492 572 5545 25.
614 5493 726 5563 Ego
759 5504 934 5550 autem
961 5497 1077 5550 dixi
1109 5498 1163 5550 in
1190 5513 1402 5552 excessu
1437 5502 1623 5556 mentis
1656 5516 1816 5555 mea':
1842 5499 1974 5553 Pro-

407 5586 580 5655 iectus
611 5601 746 5640 sum.
780 5585 918 5640 Cum
953 5591 1327 5661 memetipsum
1372 5591 1734 5658 humiliarem,
1778 5591 1972 5661 inquit,

481 5676 528 5709 "
561 5675 768 5733 Coloss.
803 5694 883 5744 ιιι,
913 5680 964 5734 8.

2073 4577 2213 4631 ὥστε
2243 4579 2378 4648 μήτε
2402 4578 2507 4631 ὑπὸ
2537 4578 2646 4630 τῶν
2674 4577 2852 4647 λόγοις
2882 4578 3064 4640 αὐτοῖς
3102 4575 3517 4648 ἐπιχειρούντων
3546 4595 3651 4631 κα-

2073 4669 2418 4734 ταϐλάπτειν,
2454 4672 2588 4742 μήτε
2616 4669 2722 4724 ὑπὸ
2755 4671 2862 4724 τῶν
2893 4670 3074 4739 ἔργοις
3115 4669 3494 4740 πολεμούντων
3522 4670 3648 4724 ἀλί-

2076 4779 2309 4816 σκωνται
2318 4803 2330 4816 .

2142 4855 2485 4924 Εὐλογητὸς
2512 4856 2724 4922 Κύριος
2743 4895 2757 4919 ,
2787 4855 2873 4908 ὅτι
2904 4854 3330 4922 ἑθαυμαστωσε
3373 4854 3440 4905 τὸ
3471 4853 3650 4919 ἕλεος

2074 4946 2260 5000 αὑτοῦ
2293 4947 2364 4999 ἐν
2407 4947 2579 5000 πόλει
2622 4945 2926 5014 περιοχῆς.
2953 4945 3030 4997 Δι’
3058 4943 3213 5014 ἐμοῦ,
3241 4952 3423 5013 φησιν,
3453 4944 3482 4994 ὁ
3513 4943 3649 5008 Θεὸς

2075 5037 2333 5109 ἐδοξάσθη
2355 5055 2368 5068 ·
2417 5038 2529 5102 ὃτι,
2561 5039 2767 5108 μυρίων
2801 5037 3072 5107 πολεμίων
3109 5037 3238 5107 περὶ
3268 5035 3368 5106 ἐμὲ
3410 5035 3650 5088 συστάν-

2074 5148 2213 5196 των,
2261 5131 2355 5183 xui.
2393 5130 2548 5200 δίκην
2595 5129 2834 5201 μεγάλης
2877 5130 3084 5191 πόλεως
3134 5129 3234 5198 τὴν
3286 5127 3422 5199 ἐμὴν
3466 5127 3650 5198 ψυχὴν

2077 5219 2383 5291 πολιορκεῖν
2411 5220 2783 5290 πειρωμένων,
2807 5221 2835 5271 ὁ
2868 5219 2998 5290 ἐμὸς
3027 5218 3219 5288 φύλαξ,
3248 5219 3501 5290 φραγμὸν
3522 5220 3651 5290 ἐμοὶ

2077 5308 2404 5381 περιϐαλὼν,
2436 5311 2496 5364 τὸ
2521 5310 2668 5374 ἕλεος
2694 5309 2858 5364 αὐτοῦ
2892 5310 3200 5380 θαυμαστὸν
3231 5310 3446 5376 ἔδειξεν.

2162 5509 2302 5580 Ἐγὼ
2329 5509 2395 5561 δὲ
2423 5505 2594 5562 εἷπον
2635 5509 2704 5562 ἐν
2737 5509 2812 5576 τῇ
2842 5507 3125 5561 ἐκστάσει
3160 5522 3302 5578 μου·
3349 5503 3652 5576 Ἀπέρῤιμ-

2073 5624 2202 5676 μαι.
2249 5607 2542 5677 Ὀπηνίκα,
2591 5605 2783 5673 φησιν,
2828 5603 3141 5659 ἐταπείνουν
3185 5601 3416 5674 ἐμαυτὸν
3468 5604 3528 5657 ἐν
3582 5604 3654 5673 τῇ
