3874 6218
290 324 384 377 161

1379 323 1742 381 EXPOSITIO
1783 327 1848 381 IN
1888 328 2218 388 PSALMUM
2263 331 2450 387 XXXI.

3439 341 3540 396 16'2

287 437 553 509 γινομένῃ
584 454 673 508 μοι
702 437 976 499 ἐκστάσει,
1011 437 1099 490 ὅτε
1125 437 1220 490 καὶ
1260 437 1530 510 ἐταράχθη
1569 444 1626 493 ὲν
1657 443 1812 513 θυμῷ

1972 447 2022 497 in
2051 447 2466 514 superveniente
2498 447 2630 501 mihi
2662 449 2860 505 mentis
2883 465 3131 517 excessu,
3165 453 3384 524 quando
3408 469 3538 510 con-

289 530 560 600 ὀφθαλμός
596 547 719 600 μου,
759 530 1043 600 ἐπέτριϐον
1082 530 1318 600 ἐμαυτὸν
1347 533 1422 595 ὡς
1453 535 1862 606 ἀπερριμμένος

288 621 376 672 διὰ
410 620 503 690 τὴν
530 620 671 691 ἐμὴν
719 621 1010 692 ἁμαρτίαν.
1065 621 1202 674 Ἀλλ’
1235 623 1346 690 ἐγὼ
1393 623 1490 694 μὲν
1534 600 1722 688 “ce-tite,
1756 600 1860 697 ἱρη-

291 713 399 775 σὶν,
428 711 634 779 ἔλεγον,
663 712 729 764 σὺ
766 711 823 764 δὲ
849 712 878 763 ὁ
908 713 1285 785 φιλάνθρωπος
1309 715 1408 768 οὐκ
1438 715 1746 788 ἀπέρριψας
1770 718 1860 771 τὸν

289 800 382 850 σὺν
409 799 644 869 οἰκέτην.

372 890 738 960 Ἀγαπήσατε
769 890 876 944 τὸν
917 893 1164 961 Κύριον,
1200 894 1422 962 πάντες
1467 900 1522 950 οἱ
1560 897 1714 950 ὅσιοι
1757 900 1860 951 αὺ-

286 981 414 1034 τοῦ.
452 982 652 1051 Τρέπει
695 982 787 1036 τὸν
827 982 983 1051 λόγον
1025 986 1105 1048 εἰς
1145 985 1243 1057 τὴν
1293 988 1494 1058 ἐτέρων
1540 989 1857 1060 παραίνεσιν

282 1068 379 1135 ἀφ’
410 1062 485 1121 ὧν
521 1069 884 1140 εὐηργετήθη,
918 1073 1042 1134 τοὺς
1075 1072 1267 1137 ἄλλους
1295 1077 1387 1128 ἐπὶ
1418 1076 1480 1128 τὸ
1521 1077 1858 1148 ἐξομολογεί-

284 1159 410 1211 σθαι
432 1160 778 1230 παρακαλῶν.
805 1163 914 1216 Καὶ
939 1164 1529 1235 ἁνταποδίδωσι’τοῖς
1554 1172 1856 1239 περισσῶς

277 1247 566 1303 ποιοῦσιν
588 1253 1022 1321 ὑπερηφανίαν.
1068 1257 1429 1329 Μακροθυμεί
1453 1262 1552 1331 μὲν
1591 1265 1618 1314 6
1651 1263 1854 1334 Κύριος

276 1341 374 1392 ἐπὶ
418 1343 533 1404 τοῖς
581 1342 980 1416 ὑπερηφάνοις,
1031 1351 1142 1410 τοῖς
1188 1349 1246 1402 δὲ
1291 1351 1565 1422 περισσῶς
1612 1355 1852 1409 ποιοῦσιν

277 1432 662 1504 ὑπερηφανίαν
697 1437 792 1488 καὶ
824 1438 1264 1494 ἀνταποδίδωσιν.

484 1527 796 1581 ΨΑΛΜΟΣ
824 1527 903 1593 τῷ
933 1530 1133 1595 Δαυῒὸ,
1161 1531 1488 1601 συνέσεως.
1513 1541 1644 1592 AA'.

907 1621 1232 1688 Ὑπόθεσις.

272 1709 387 1779 Τὴν
418 1708 788 1763 κακοπάθειαν
833 1711 997 1764 αὐτοῦ
1045 1712 1144 1784 τὴν
1184 1714 1384 1786 πολλὴν
1415 1717 1847 1790 προϐαλλόμενος

347 1803 376 1853 6
410 1802 596 1867 Δαυῒδ,
629 1803 696 1874 ἢν
724 1805 778 1856 ὲν
803 1806 871 1875 τῇ
902 1805 1158 1876 μετανοίᾳ
1198 1806 1511 1878 ὑπέμεινεν,
1555 1789 1845 1883 μακαρίζει
1878 1789 1919 1843 Β

341 1893 470 1956 τοὺς
489 1893 589 1965 τῆς
613 1894 859 1963 ἀφέσεως
882 1897 1246 1966 τετυχηκότας
1269 1897 1357 1952 διὰ
1376 1899 1470 1952 τοῦ
1500 1901 1723 1973 λουτροῦ
1748 1906 1845 1974 τῆς

339 1983 779 2054 παλιγγενεσίας.
805 1987 1118 2055 Συνέσεως
1148 1989 1206 2042 δὲ
1228 1992 1624 2064 ἐπιγέγραπται
1649 1997 1677 2047 6
1705 1996 1843 2065 ψαλ-

343 2077 464 2146 μὸς,
493 2077 584 2131 διὰ
611 2077 672 2130 τὸ
709 2079 912 2151 ταύτης
960 2081 1194 2152 μάλιστα
1226 2083 1433 2137 δεῖσθαι
1475 2087 1602 2149 τοὺς
1627 2087 1841 2156 ἀνθρώ-

335 2183 474 2229 πους
495 2183 508 2197 ·
541 2167 623 2220 ὅτι
659 2167 723 2237 δὴ
762 2169 963 2240 σφόδρα
994 2173 1369 2237 ὲκνενευκότες
1419 2175 1514 2227 ἐπὶ
1555 2176 1622 2229 τὰ
1657 2177 1837 2249 πάθη,

338 2257 527 2321 ἵπποις
551 2258 648 2312 κα)⁸
671 2261 918 2330 ἡμιόνοις
948 2262 1382 2334 ἀπεικάσθησαν.

330 2349 624 2418 Μακάριοι
673 2346 760 2404 ὧν
811 2353 1126 2422 ἀφέθησαν
1173 2357 1233 2408 αὶ
1282 2356 1554 2425 ἀνομίαι,
1610 2359 1707 2411 καὶ
1751 2350 1839 2412 ὧν

254 2440 776 2511 ἐπεκαλύφθησαν
796 2448 856 2498 al
882 2445 1175 2514 ἁμαρτίαι.
1213 2445 1485 2517 Ἀφίενται
1515 2449 1613 2519 μὲν
1639 2453 1694 2503 αἱ
1723 2453 1838 2504 ἀνο-

257 2533 381 2606 μίαι
424 2533 512 2588 διὰ
559 2534 962 2606 βαπτίσματος,
997 2537 1454 2593 ἐπικαλύπτονται
1485 2541 1542 2594 δὲ
1571 2543 1834 2614 ἁμαρτίαι

249 2626 346 2678 διὰ
373 2627 472 2695 τῆς
494 2628 698 2698 πικρᾶς
728 2628 1030 2697 μετανοίας.

323 2717 628 2784 Μακάριος
653 2717 810 2785 ἀνὴρ
855 2715 928 2774 οὗ
961 2721 1035 2773 οὐ
1069 2719 1156 2789 μὴ
1196 2722 1511 2790 λογίσηται
1558 2725 1592 2777 ό
1618 2725 1832 2792 Κύριος

245 2807 572 2875 ἁμαρτίαν,
594 2805 735 2860 οὐδὲ
757 2808 928 2862 ἐστιν
946 2809 1017 2861 ἐν
1047 2809 1128 2875 τῷ
1151 2811 1400 2880 στόματι
1423 2813 1608 2867 αὑτοῦ
1627 2813 1828 2882 δόλος.

244 2894 423 2962 Οὗτος
453 2899 562 2969 γάρ
593 2898 808 2970 ἀληθῶς
848 2899 1137 2972 μακάριος,
1169 2903 1198 2955 6
1229 2902 1322 2974 ὅλῃ
1355 2904 1550 2976 καρδία
1597 2923 1830 2978 προσερ-

239 2991 478 3061 χόμενος
520 2990 598 3060 τῷ
646 2991 787 3061 ἁγίῳ
835 2991 1188 3063 βαπτίσματι.
1226 2993 1322 3065 [Ὁ
1361 2993 1469 3064 γὰρ
1506 2995 1644 3066 μετὰ
1674 2997 1827 3051 δόλου

242 3080 668 3153 βαπτιζόμενος,
699 3085 836 3154 πρὸς
860 3084 938 3155 τῷ
983 3086 1056 3156 μὴ
1090 3087 1274 3156 τυχεῖν
1298 3087 1396 3157 τῆς
1424 3087 1692 3157 ἀφέσεως,
1732 3090 1826 3142 καὶ
1852 3125 1896 3182 c

236 3177 423 3245 κρῖμα
454 3175 612 3248 ἓξει.]
656 3177 761 3230 Τοῦ
804 3177 988 3230 αὑτοῦ·
1037 3178 1118 3243 τὸ,
1162 3178 1271 3243 ὅτι,
1307 3178 1410 3250 τῷ,
1461 3180 1820 3249 ἐπαλαιώθη,

238 3268 572 3333 συναπτέον,
607 3269 676 3321 ἶν’
811 3270 938 3323 Ὅτι
983 3269 1318 3339 ἐπαλαιώοη
1361 3271 1433 3324 τὰ
1480 3269 1632 3325 ὀστᾶ
1667 3289 1818 3340 μου,

233 3361 363 3414 ἀπὸ
390 3361 501 3415 τοῦ
537 3360 772 3430 κράζειν
810 3380 888 3431 με
924 3362 1081 3430 ὅλην
1118 3362 1234 3431 τῆν
1263 3362 1510 3432 ἡμέραν.
1562 3363 1822 3435 Ἐσίγησα

237 3454 445 3523 μηκέτι
494 3455 675 3525 φωνὴν
711 3455 928 3524 ἀφεῖναι
974 3456 1288 3526 δυνάμενος.
1322 3455 1388 3507 Τί
1419 3455 1476 3509 δὲ
1503 3455 1750 3528 ἔκραξεν,
1783 3456 1817 3528 ἦ

231 3547 335 3617 τὴν
362 3545 691 3619 συγγνώμην
705 3548 805 3619 τῆς
824 3549 1098 3620 ἁμαρτίας
1125 3548 1290 3603 αἰτῶν
1309 3565 1323 3614 ;

310 3640 435 3690 Ὀτι
474 3638 698 3707 ἡμέρας
743 3639 844 3693 καὶ
889 3639 1111 3704 νυκτὸς
1152 3640 1446 3708 ἐϐαρύνθη
1491 3641 1584 3694 ἐπ’
1633 3641 1739 3711 ἐμὲ
1777 3642 1815 3709 ἡ

232 3732 368 3799 zet'p
413 3745 554 3784 σου.
598 3731 844 3798 Ἄγαϐος,
879 3732 1064 3800 φησὶν,
1106 3730 1181 3784 ὢν
1212 3731 1536 3795 ἐπαίδευσας
1575 3733 1818 3803 σφοδρῶς

229 3820 326 3874 διὰ
357 3819 460 3889 τῆς
486 3819 731 3882 παιδείας
763 3819 1104 3891 ἐπιστρέφων
1130 3822 1209 3883 είς
1243 3821 1533 3892 σωτηρίαν.
1581 3819 1819 3888 Ἐστρά-

229 3929 361 3980 φην
388 3914 477 3976 εὶς
499 3911 904 3979 ταλαιπωρίαν
931 3911 1000 3964 ἐν
1031 3910 1110 3976 τῷ
1139 3911 1480 3980 ἐμπαγῆναι
1501 3929 1603 3981 μοι
1629 3911 1813 3966 ἅκαν-

230 4006 369 4056 θαν.
404 4001 679 4054 Ἀκανθαν
701 4000 800 4070 τὴν
825 4001 1099 4072 ἁμαρτίαν
1125 4000 1307 4071 φησίν.
1326 4001 1384 4053 '0
1412 4001 1468 4053 δὲ
1493 4001 1616 4064 νοῦς
1636 3995 1809 4066 οὗτος·

241 4091 466 4162 Ἐπειδὴ
513 4091 788 4162 ὲνεπόιγη,
820 4092 985 4163 φησι,
1018 4094 1086 4163 τῇ
1137 4092 1281 4163 ψυχῇ
1324 4109 1423 4162 μου
1468 4094 1501 4164 ἡ
1545 4093 1810 4165 ἁμαρτία,

226 4182 582 4254 ὲταλαιπώρη
591 4201 679 4239 σα.

303 4275 430 4342 Τὴν
479 4275 737 4344 ἀνομίαν
775 4292 895 4344 μου
944 4273 1258 4345 ἐγνώρισα.
1304 4274 1409 4327 Τὸν
1464 4275 1663 4344 τρόπον
1711 4274 1809 4344 τῆς

225 4365 672 4436 ὲξομολογήσεως
718 4363 988 4434 σημαίνει.
1040 4359 1197 4416 Εἷπα
1254 4361 1626 4430 ἐξαγορεύσει
1680 4361 1806 4412 κατ’

1967 537 2216 591 turbatus
2250 545 2333 592 est
2377 540 2430 592 in
2465 539 2546 592 ira
2593 540 2787 595 oculus
2823 557 3011 610 meus,
3061 559 3148 599 me
3194 544 3538 598 macerabam

1963 628 2121 706 quasi
2148 629 2352 697 peccati
2384 630 2491 684 mei
2519 645 2684 685 causa
2717 631 3013 701 projectus.
3045 633 3152 688 Sed
3181 649 3283 700 ego
3315 635 3536 704 quidem

1962 721 2076 774 bare
2103 720 2349 774 dicebam
2388 740 2402 776 :
2439 731 2495 776 tu
2523 736 2651 776 vero
2698 723 2966 794 benignus
3005 741 3132 780 cum
3164 727 3264 791 sis,
3294 741 3405 782 non
3443 728 3536 782 ab-

1955 810 2134 880 jecisti
2162 808 2426 864 famulum
2453 821 2624 865 tuum.

2027 901 2117 955 24.
2159 899 2378 971 Diligite
2405 901 2712 968 Dominum,
2749 920 2924 958 omnes
2950 907 3120 959 sancti
3155 906 3289 974 ejus.
3317 905 3534 960 Sermo-

1958 1008 2080 1046 nem
2125 993 2393 1048 convertit
2419 993 2484 1046 ad
2515 994 2744 1048 aliorum
2775 997 3232 1061 exhortationem,
3271 1013 3302 1051 a
3332 999 3533 1068 quibus

1957 1083 2236 1138 beneﬁciis
2269 1092 2354 1138 est
2385 1083 2648 1149 affectus,
2703 1085 2840 1142 alios
2885 1087 2952 1140 ad
3001 1088 3368 1143 conﬁtendum
3403 1104 3532 1144 evo-

1955 1189 2106 1229 cans.
2136 1173 2206 1228 Et
2239 1175 2480 1227 retribuit
2502 1175 2833 1229 abundanter
2865 1177 3182 1245 facientibus
3206 1181 3528 1248 superbiam.

1956 1262 2057 1316 Diu
2081 1263 2300 1330 quidem
2334 1263 2528 1317 tolerat
2550 1262 2818 1318 Dominus
2845 1265 3136 1334 superbos,
3168 1273 3224 1318 at
3253 1265 3530 1320 abundau-

1955 1363 2036 1409 ter
2069 1353 2398 1410 Iacientibus
2428 1353 2744 1423 superbiam
2774 1355 3073 1424 promerita
3106 1356 3381 1411 retribuit.

2096 1528 2441 1585 PSALMUS
2471 1531 2574 1599 ipsi
2599 1529 2794 1595 David,
2823 1530 3138 1584 intellectus.
3167 1529 3381 1583 XXXI.

2523 1621 2928 1689 Argumentum.

1951 1709 2248 1766 Ailrumnas
2295 1721 2350 1768 et
2385 1712 2720 1768 calamitates
2763 1711 2962 1766 multas
3014 1711 3172 1781 queis
3213 1711 3268 1765 in
3313 1710 3521 1781 agenda

2018 1804 2336 1874 pcenitentia
2359 1803 2679 1874 perfunctus
2710 1812 2793 1858 est
2820 1817 3132 1873 proponens
3158 1801 3348 1866 David,
3393 1803 3523 1857 bea-

2018 1905 2105 1952 tos
2138 1896 2262 1951 illos
2289 1896 2551 1965 praedicat
2583 1895 2678 1965 qui
2712 1911 2806 1965 per
2839 1896 3119 1949 lavacrum
3156 1895 3521 1964 regeneratio-

2015 1989 2102 2043 nis
2145 1989 2358 2042 veniam
2416 1997 2546 2043 sunt
2612 1989 2915 2043 consecuti.
2967 1987 3276 2042 Intellectus
3335 1997 3518 2044 autem

2013 2080 2258 2149 psalmus
2300 2080 2638 2144 inscribitur,
2665 2081 2791 2149 quia
2823 2081 2916 2133 illo
2953 2089 3113 2148 egent
3141 2079 3379 2133 maxime
3411 2081 3518 2134 bo-

2013 2171 2188 2227 mines
2214 2187 2227 2223 :
2257 2186 2382 2225 nam
2409 2172 2539 2225 dum
2563 2170 2846 2225 all‘eetibus
2878 2171 3000 2241 plus
3023 2187 3180 2240 aequo
3208 2171 3514 2242 indulgent,

2011 2264 2166 2332 equis
2197 2272 2251 2318 et
2279 2261 2442 2317 mulis
2473 2262 2679 2317 similes
2708 2260 2839 2316 facti
2871 2271 3018 2316 sunt.

2012 2356 2064 2408 1.
2127 2354 2281 2409 Beati
2329 2370 2552 2424 quorum
2603 2354 2836 2408 remissa:
2879 2362 3002 2406 sunt
3062 2353 3410 2423 iniquitates,
3460 2364 3510 2408 et

1936 2462 2159 2516 quorum
2177 2455 2322 2500 tecta
2355 2455 2476 2500 sunt
2524 2455 2758 2515 peccata.
2805 2444 3163 2500 Dimittuntur
3195 2445 3512 2515 iniquitates

1936 2555 2031 2608 per
2061 2539 2352 2609 baptisma,
2387 2547 2639 2610 teguntur
2684 2553 2780 2607 per
2811 2552 3057 2592 amaram
3110 2537 3506 2607 pmniteutiam.

2001 2717 2056 2770 2.
2098 2716 2295 2772 Beatus
2339 2717 2416 2771 uir
2464 2718 2550 2770 cui
2591 2733 2695 2770 non
2732 2716 3012 2784 imputavit
3045 2715 3302 2770 Dominus
3326 2734 3508 2787 pecca-

1935 2819 2066 2875 tum,
2108 2825 2200 2863 nec
2234 2817 2311 2862 est
2351 2809 2409 2862 in
2451 2826 2539 2862 ore
2585 2809 2701 2878 ejus
2742 2810 2914 2861 dotus.
2968 2807 3061 2862 llle
3101 2823 3338 2878 namque
3381 2825 3508 2864 vere

1931 2900 2124 2955 beatus
2147 2901 2238 2968 qui
2268 2906 2382 2954 toto
2407 2900 2574 2954 corde
2605 2899 2814 2954 accedit
2842 2899 2908 2952 ad
2937 2909 3183 2953 sanctum
3213 2899 3502 2969 baptisma.

1932 2991 2088 3063 [Nam
2133 2992 2223 3061 qui
2270 3007 2392 3046 cum
2445 2993 2570 3046 dolo
2639 2992 2965 3062 baptizatur,
3014 2992 3226 3046 veniam
3279 2993 3505 3047 minime

1930 3093 2277 3147 consecutus,
2303 3083 2513 3153 judicio
2557 3098 2775 3153 quoque
2801 3082 3197 3154 damuabitur.]
3227 3082 3382 3150 Quod
3415 3099 3506 3138 se-

1932 3177 2139 3246 quitur,
2169 3175 2448 3246 quoniam,
2478 3190 2600 3229 cum
2643 3175 2744 3227 bac
2770 3189 2922 3239 voce,
2951 3175 3388 3238 inveteraverunt,
3418 3182 3505 3229 est

1931 3267 2388 3330 connectendum,
2421 3276 2481 3320 ut
2525 3266 2793 3320 sententia
2823 3266 2926 3330 sit,
2972 3267 3218 3336 quoniam
3250 3269 3503 3320 invetera-

1930 3367 2110 3412 verunt
2135 3374 2253 3411 ossa
2279 3374 2414 3411 mea.
2443 3356 2582 3410 Dum
2605 3357 2889 3410 clamarem
2915 3368 3028 3411 tota
3055 3359 3139 3411 die
3180 3357 3347 3412 Tacui
3372 3373 3497 3412 cum

1930 3467 2040 3505 non
2092 3465 2307 3520 possem
2343 3450 2578 3519 amplius
2607 3465 2794 3505 vocem
2825 3450 3093 3504 emittere.
3145 3448 3285 3516 Quid
3317 3462 3497 3505 autem

1927 3547 2200 3611 clamavit,
2232 3547 2338 3601 nisi
2367 3549 2581 3602 veniam
2615 3547 2822 3616 peccati
2853 3547 3092 3615 rogans?

1993 3641 2049 3693 4.
2090 3639 2352 3702 Quoniam
2393 3639 2478 3690 die
2525 3654 2587 3689 ac
2635 3647 2783 3691 nocte
2835 3648 3054 3707 gravata
3105 3645 3181 3690 est
3220 3649 3378 3703 super
3416 3653 3496 3690 me

1923 3750 2111 3788 manus
2139 3742 2250 3784 tua.
2280 3729 2482 3788 Bonus.
2513 3729 2710 3797 inquit,
2740 3745 2863 3782 cum
2894 3729 2994 3790 sis,
3023 3729 3142 3783 dire
3175 3738 3228 3782 et
3255 3730 3494 3796 graviter

1922 3843 2011 3881 me
2041 3821 2339 3891 castigasti,
2370 3829 2432 3874 ut
2472 3820 2538 3874 ad
2576 3820 2805 3874 salutem
2849 3819 3168 3873 adduceres.
3203 3819 3492 3874 Conversus

1920 3933 2037 3972 sum
2067 3917 2119 3968 in
2150 3928 2388 3968 azrumna
2419 3912 2544 3964 dum
2571 3911 2853 3980 conﬁgitur
2877 3911 3050 3978 spina.
3079 3910 3302 3978 Spinam
3335 3921 3493 3964 vocat

1918 4014 2223 4078 peccatum.
2276 4002 2400 4057 Haec
2447 4010 2529 4056 est
2584 4011 2765 4055 autem
2812 4000 3080 4054 sententia
3133 4018 3146 4053 :
3194 3999 3486 4069 Postquam

1918 4103 2192 4156 coulixum
2234 4105 2318 4152 est
2359 4094 2556 4149 anima:
2594 4108 2730 4148 meae
2774 4101 3080 4162 peccatum,
3125 4093 3181 4145 in
3227 4091 3491 4146 aerumnis

1915 4199 2163 4248 versatus
2190 4203 2332 4244 sum.

1985 4283 2038 4336 5.
2080 4280 2344 4334 Delictum
2395 4291 2566 4329 meum
2619 4273 2885 4343 cognitum
2935 4271 3031 4325 tibi
3084 4271 3206 4340 feci.
3264 4271 3482 4327 Modum

1913 4370 2276 4429 confessionis
2318 4367 2607 4438 signiﬁcat.
2653 4363 2774 4418 Dixi
2799 4379 2816 4417 :
2861 4362 3162 4432 Conﬁtebor
3206 4364 3484 4418 adversum

223 4457 374 4526 ἐμοῦ
410 4455 527 4523 τὴν
550 4455 824 4524 ἀνομίαν.
851 4455 1086 4519 Δίκαιος
1128 4453 1345 4506 ἑαυτοῦ
1377 4451 1707 4519 κατήγορος
1739 4451 1808 4502 ἐν

1946 4481 1993 4518 ιε
2026 4461 2364 4532 injustitiam.
2392 4457 2424 4511 Ι
2432 4467 2579 4511 ustus
2607 4458 2661 4510 in
2688 4456 2948 4525 principio
2977 4455 3231 4507 sermonis
3263 4471 3479 4508 accusa-

225 4547 619 4618 πρωτολογίᾳ.
651 4547 760 4601 Καὶ
805 4545 930 4615 λέγε
976 4546 1064 4614 σὺ,
1097 4545 1252 4615 φησὶ,
1280 4545 1380 4607 τὰς
1407 4543 1678 4614 ἁμαρτίας
1708 4560 1802 4595 σου

225 4642 468 4714 πρῶτος.

305 4731 480 4799 ’Υπὲρ
509 4731 735 4798 ταύτης
759 4726 1151 4797 προσεύξεται
1180 4725 1330 4793 πρὸς
1363 4724 1438 4777 σὲ
1465 4723 1582 4788 πᾶς
1614 4723 1801 4789 ὅσιος.

233 4823 410 4894 ’Υπὲρ
459 4821 559 4892 τῆς
607 4821 759 4891 ἐμοὶ,
825 4820 977 4890 φησὶ,
1033 4815 1477 4888 συγχωρηθείσης
1533 4814 1804 4884 ἁμαρτίας

222 4916 456 4977 ἕκαστος
497 4913 605 4967 τῶν
646 4912 806 4966 ὁσίων
850 4928 931 4964 σοι
977 4910 1206 4974 εὔξεται.
1247 4907 1350 4960 Δύο
1382 4907 1437 4959 δὲ
1483 4905 1570 4959 διὰ
1599 4905 1804 4959 τούτων

225 5005 501 5076 σημαίνει·
533 5005 567 5075 ἢ
595 5004 676 5057 ὅτι
706 5002 1011 5071 ὑπόδειγμα
1039 5002 1173 5053 πᾶσι
1203 4997 1487 5069 μετανοίας
1517 4997 1731 5068 ἔσομαι,
1767 4996 1800 5067 ἢ

225 5093 743 5166 προφητικώτερον,
789 5093 877 5147 διὰ
929 5092 990 5144 τὸ
1048 5091 1107 5158 ἐξ
1151 5089 1315 5143 αὐτοῦ
1371 5087 1464 5140 τοῦ
1509 5086 1800 5158 προσώπου

224 5186 385 5241 Δαυῖδ
434 5185 615 5239 πάντα
657 5183 726 5238 τὰ
765 5183 892 5254 ἔθνη
936 5181 1075 5235 κατά
1114 5181 1340 5250 καιροὺς
1366 5177 1800 5248 ἐξομολογεῖσθαι

225 5281 362 5352 ὑπὲρ
392 5280 494 5350 τῆς
536 5278 812 5350 ἁμαρτίας
854 5277 1038 5330 αυτοῦ.
1079 5274 1254 5341 Πλὴν
1296 5274 1365 5326 ἐν
1397 5272 1802 5341 κατακλυσμῷ

223 5371 454 5428 ὑδάτων
480 5370 730 5426 πολλῶν
773 5369 922 5438 πρὸς
967 5366 1156 5421 αὑτὸν
1189 5367 1299 5419 οὐκ
1337 5363 1663 5434 ὲγτιοῦσιν.
1697 5363 1800 5415 Τὸν

229 5463 612 5536 μετανοούντα,
665 5463 832 5533 φησὶ,
900 5459 1102 5530 πλῆθος
1153 5455 1473 5530 πειρασμῶν
1527 5454 1626 5508 οὐκ
1678 5455 1797 5507 ἐπι-

225 5571 427 5611 κλυσει.

288 5757 328 5791 ⁸³*
357 5753 517 5808 Prov.
553 5767 706 5817 mu,
732 5751 818 5804 17.

1909 4568 1992 4612 tor
2022 4564 2097 4609 est
2131 4554 2214 4608 sui
2236 4553 2301 4618 ⁸⁸,
2333 4559 2388 4605 ιιι
2413 4550 2582 4620 prior,
2607 4547 2821 4618 inquit,
2845 4553 3096 4600 enarrato
3126 4554 3343 4616 peccata
3368 4555 3479 4600 tua.

1976 4705 2028 4759 6.
2074 4703 2181 4757 Pro
2209 4703 2306 4755 hac
2333 4701 2503 4755 orabit
2537 4701 2606 4752 ad
2641 4710 2690 4753 te
2715 4699 2882 4752 omnis
2913 4709 3150 4754 sanctus.
3193 4699 3300 4755 Pro
3324 4701 3480 4755 venia

1905 4795 2133 4867 peccati,
2166 4794 2363 4863 inquit,
2387 4793 2522 4846 mihi
2549 4806 2831 4855 concessa,
2864 4791 3045 4845 omnis
3076 4802 3300 4847 sanctus
3334 4793 3398 4846 ad
3429 4803 3480 4847 te

1905 4887 2103 4944 orabit.
2175 4885 2293 4940 Duo
2343 4894 2523 4939 autem
2576 4884 2726 4938 hisce
2769 4884 2950 4938 verbis
3010 4884 3282 4954 signiﬁcat
3333 4903 3345 4938 :
3395 4886 3477 4938 vel

1903 4975 2160 5032 omnibus
2183 4975 2512 5044 pmnitentite
2527 4974 2801 5043 exemplar
2825 4989 2955 5040 ero;
2978 4975 3060 5028 vel
3087 4977 3232 5044 quod
3259 4975 3325 5029 ad
3352 4991 3478 5045 pro-

1904 5069 2102 5138 phetia:
2130 5068 2396 5121 rationem
2441 5067 2615 5135 magis
2641 5067 2870 5132 accedit,
2899 5067 3027 5136 quia
3057 5066 3301 5120 futurum
3333 5077 3476 5121 esset

1903 5172 1960 5218 ut
1990 5177 2057 5217 ex
2091 5177 2320 5231 persona
2348 5161 2520 5229 ipsius
2549 5159 2715 5214 David
2747 5175 2938 5215 omnes
2961 5174 3152 5230 gentes
3186 5160 3302 5215 suis
3345 5170 3476 5213 tem-

1900 5255 2125 5324 poribus
2167 5253 2553 5307 conﬁterentur
2601 5267 2700 5322 pro
2746 5261 2970 5322 peccato
3016 5251 3156 5318 ejus.
3222 5248 3472 5318 (Scilicet

1901 5349 2036 5401 [tunc
2081 5346 2350 5400 recitando
2400 5345 2719 5415 psalmum.)
2775 5331 3137 5397 Verumtamen
3186 5342 3241 5394 in
3274 5339 3472 5393 diluvio

1900 5455 2162 5510 aquarum
2227 5440 2518 5492 multarum
2570 5438 2638 5490 ad
2681 5453 2800 5490 eum
2851 5449 2953 5487 non
3007 5432 3467 5500 approximabunt.

1898 5529 2281 5586 Paenitentiam
2317 5537 2600 5598 agentem,
2648 5527 2860 5600 inquit,
2890 5523 3181 5582 multitudo
3213 5529 3467 5578 tentatus-

1900 5641 2028 5680 nutu
2064 5640 2170 5679 non
2207 5624 2418 5679 obruet.
