3874 6218
364 378 466 430 163

361 581 608 645 dixisset,
644 593 799 653 rogat
837 600 866 637 a
911 585 1068 639 malis
1110 600 1205 652 per
1246 601 1365 638 eam
1415 586 1640 640 invectis
1671 588 1825 655 eripi.
1870 586 1935 640 Et

360 687 492 726 vero
535 674 768 741 gratiosa
810 674 970 727 datur
1015 675 1295 743 responsio
1341 694 1353 728 :

361 766 560 833 nignus
594 763 853 819 Dominus
880 784 892 817 :
922 764 1253 819 Intellectum
1290 766 1387 820 tibi
1417 769 1573 832 dabo,
1598 780 1641 820 et
1674 771 1933 821 instruant

364 865 412 907 te
443 857 497 908 in
530 857 615 909 ria
649 857 767 909 hac.
815 856 1021 911 Petenti
1052 860 1423 914 liberationem
1470 862 1538 913 ab
1574 862 1808 915 inimicis
1849 878 1933 914 re-

362 948 590 1014 Spondet
618 945 778 1011 Deus,
815 950 1134 1016 promittens
1164 965 1221 1003 se
1249 950 1337 1002 illi
1366 951 1417 1002 in
1449 950 1531 1002 via
1568 960 1713 1004 recta
1741 951 1930 1004 ducem

362 1035 628 1091 futurum.

432 1125 485 1179 9.
525 1125 706 1180 Nolite
735 1128 852 1195 ﬁeri
876 1129 1015 1180 sicut
1040 1145 1199 1197 equus
1234 1137 1282 1181 et
1300 1129 1502 1191 mulus,
1530 1129 1711 1198 quibus
1736 1146 1835 1183 non
1855 1139 1931 1183 est

359 1216 673 1271 intellectus.
725 1217 983 1273 Hortatur
1027 1228 1340 1288 peccantes,
1390 1235 1454 1273 ne
1501 1237 1557 1274 se
1597 1221 1833 1275 ell‘eratis
1880 1229 1932 1274 et

360 1304 613 1357 belluinis
655 1307 900 1360 moribus
944 1308 1160 1361 dedant.
1198 1306 1265 1359 In
1299 1325 1447 1361 camo
1479 1319 1525 1362 et
1561 1311 1707 1378 freno
1738 1310 1932 1363 mamil-

360 1394 442 1448 las
502 1413 680 1450 eorum
736 1401 1080 1468 constringcs.
1139 1401 1248 1453 Ceu
1299 1402 1365 1453 ad
1415 1401 1701 1455 Dominum
1754 1417 1932 1457 sermo

360 1482 630 1554 dirigitur.
691 1486 1012 1555 llujusmodi
1073 1499 1250 1543 autem
1319 1493 1583 1545 sententia
1636 1501 1718 1547 est
1764 1511 1775 1545 :
1827 1492 1931 1548 Eos

360 1577 452 1643 qui
500 1579 761 1645 poenitere
808 1582 1119 1649 noluerint,
1171 1598 1269 1636 ceu
1316 1585 1550 1651 quodam
1585 1584 1736 1639 freno
1775 1585 1841 1639 ad
1881 1592 1932 1639 te

362 1678 635 1723 converte.

361 1757 702 1813 PSALJIUS
742 1760 940 1826 David,
974 1764 1065 1831 qui
1106 1774 1246 1816 caret
1290 1765 1443 1817 titulo
1477 1766 1616 1834 apud
1661 1765 1926 1820 Hebrwos.

1020 1851 1271 1905 XXXII.

944 1942 1346 2011 Argumentum.

360 2025 416 2079 ln
454 2032 703 2095 praesenti
754 2030 912 2084 docet
958 2046 1053 2086 eos
1085 2034 1178 2100 qui
1217 2034 1327 2102 jam
1364 2034 1418 2087 in
1446 2035 1722 2089 Christum
1754 2037 1928 2090 credi-

429 2118 624 2173 derunt
665 2121 885 2174 laudare
934 2121 1223 2175 Dominum
1268 2140 1457 2186 suum,
1491 2138 1927 2182 commonstrans

430 2218 690 2275 prznterea
742 2212 1025 2279 potestatis
1060 2228 1171 2266 sua:
1220 2215 1628 2281 excellentiam;
1671 2218 1928 2284 quoniam

430 2299 545 2366 ipse
584 2300 890 2369 redemptor
932 2311 1014 2355 est
1044 2303 1420 2356 universorum
1450 2345 1464 2368 ,
1500 2305 1613 2372 ipse
1646 2304 1926 2368 Dominus,

430 2390 546 2457 ipse
595 2391 875 2460 improbos
924 2394 1079 2446 nihili
1127 2392 1289 2457 facit,
1326 2410 1623 2464 eorumque
1662 2397 1930 2451 disturbat

419 2481 686 2546 consilia;
712 2492 990 2550 sperantes
1026 2493 1206 2537 autem
1243 2484 1297 2536 in
1329 2500 1388 2538 se
1420 2485 1598 2539 salvos
1638 2484 1783 2543 facit.

430 2570 481 2623 1.
524 2570 806 2627 Εωδιιίιαιε
829 2612 843 2636 ,
870 2573 1040 2642 justi,
1068 2576 1122 2627 in
1148 2575 1445 2629 Domino...
1478 2578 1534 2629 in
1560 2580 1811 2645 psalterio
1838 2580 1929 2634 de-

358 2677 469 2714 cem
492 2663 809 2717 chordarum
846 2666 1055 2733 psallite
1084 2667 1183 2719 illi.
1209 2666 1533 2721 Psalterium
1560 2670 1743 2723 decem
1769 2671 1930 2725 chor-

359 2755 556 2811 darum
608 2770 807 2824 corpus
853 2766 1010 2811 vocat
1052 2775 1070 2810 τ
1126 2759 1326 2826 quippe
1376 2760 1521 2828 quod
1570 2761 1809 2829 quinque
1860 2763 1931 2816 sit

360 2846 611 2899 sensibus
656 2847 976 2914 praeditum,
1012 2856 1065 2901 et
1109 2850 1255 2917 quod
1291 2851 1536 2919 quinque
1584 2854 1927 2921 operationes

359 2935 539 2988 anima
569 2936 782 2999 habeat,
816 2953 910 3006 per
935 2939 1177 3009 singulos
1207 2956 1444 3010 namque
1474 2958 1670 2999 sensus
1704 2946 1929 3016 singulae

359 3027 701 3093 operationes
733 3030 1063 3084 excitantur.

428 3117 481 3170 5.
520 3116 741 3171 Cantate
771 3120 819 3172 ei
846 3122 1109 3173 canticum
1137 3138 1344 3176 novum.
1370 3124 1567 3193 Aperte
1596 3125 1727 3180 dicit
1755 3126 1924 3196 legem

358 3205 523 3262 Mosis
556 3209 714 3261 ﬁnem
743 3211 1036 3279 accepisse.

428 3296 483 3351 4.
526 3299 664 3362 Quia
692 3311 889 3352 rectum
918 3311 992 3354 est
1018 3301 1230 3355 verbum
1260 3303 1495 3358 Domini.
1544 3305 1925 3379 Evangelicum

357 3388 624 3444 videlicet.
674 3393 741 3443 Et
771 3393 945 3445 omnia
976 3410 1133 3463 opera
1176 3395 1288 3464 ejus
1319 3397 1373 3449 in
1400 3398 1522 3465 ﬁde.
1559 3399 1924 3465 Credendum,

357 3478 554 3547 inquit,
595 3478 663 3533 iis
692 3495 813 3549 qua:
839 3481 949 3545 ille,
988 3483 1229 3538 utDeum
1258 3485 1507 3552 decebat,
1540 3497 1802 3557 operatus
1820 3501 1922 3546 est.

424 3656 477 3711 5.
520 3656 708 3728 Diligit
766 3662 1181 3717 misericordiam
1242 3674 1292 3718 et
1335 3666 1603 3736 judicium
1644 3669 1922 3725 Dominus.

354 3747 500 3813 llaec,
532 3751 747 3820 inquit,
784 3756 1019 3820 postulat
1058 3756 1126 3810 ab
1154 3757 1222 3811 iis
1250 3760 1344 3827 qui
1376 3761 1606 3816 credunt
1636 3762 1690 3816 in
1721 3764 1920 3832 ipsum.

356 3841 727 3897 Misericordia
754 3844 970 3900 Domini
1001 3848 1157 3916 plena
1188 3860 1264 3904 est
1303 3860 1465 3906 terra.
1503 3852 1801 3911 Ostendere
1835 3858 1925 3911 in~

350 3934 482 4003 cipit
505 3935 681 4004 ipsum
706 3952 885 3992 rerum
914 3942 1161 3995 omnium
1184 3952 1493 3998 creatarum
1516 3946 1760 4015 opiﬁcem
1779 3963 1920 4012 esse,

350 4034 405 4079 et
444 4028 659 4095 quidem
709 4029 945 4098 primum
992 4041 1151 4086 terrae
1192 4048 1354 4101 quam
1404 4036 1779 4092 misericordia
1833 4053 1922 4091 re-

348 4116 527 4185 plesse
557 4117 633 4169 ait
673 4132 687 4168 :
737 4133 911 4186 neque
956 4121 1101 4174 enim
1147 4123 1282 4177 alias
1334 4126 1687 4192 consisteret,
1718 4128 1824 4180 nisi
1858 4143 1921 4181 ea

350 4208 550 4275 repleta
582 4217 745 4263 esset.
782 4209 848 4263 Et
892 4226 1023 4265 sane
1064 4228 1241 4281 neque
1275 4215 1400 4268 caeli
1447 4232 1685 4284 unquam
1716 4220 1923 4271 consti-

348 4299 543 4354 tissent
564 4341 579 4367 ,
608 4300 712 4354 nisi
743 4301 907 4355 verbo
935 4302 1054 4370 ejus
1084 4303 1283 4357 ﬁrmati
1323 4305 1584 4372 fuissent,
1626 4308 1921 4377 itidemque

346 4389 573 4444 virtutes
598 4404 785 4444 eorum
807 4429 822 4455 ,
858 4405 1050 4459 nempe
1080 4391 1276 4447 divinae
1307 4402 1361 4448 et
1391 4395 1759 4450 rationabiles.

419 4559 626 4631 [Diligit
677 4563 861 4631 itaque
911 4562 1342 4618 misericordiam
1376 4579 1503 4634 erga
1552 4565 1908 4634 pcenitentes;

345 4650 519 4720 diligit
546 4653 811 4720 judicium
846 4669 1033 4708 eorum
1078 4655 1171 4724 qui
1213 4671 1439 4725 peccare
1472 4672 1577 4710 non
1620 4657 1908 4713 desistunt.

348 4739 477 4794 Tale
509 4743 782 4811 quidpiam
816 4744 982 4798 Isaias
1006 4744 1116 4799 Deo
1144 4747 1407 4815 loquitur,
1443 4746 1585 4811 Quia
1614 4750 1913 4803 misericor-

345 4832 437 4883 dia
464 4842 553 4883 tua
579 4834 632 4884 in
656 4850 957 4887 mensuram
984 4836 1026 4867 “9
1053 4854 1066 4888 :
1102 4838 1371 4906 siquidem
1408 4840 1525 4907 ipse
1550 4854 1673 4893 cum
1706 4840 1909 4908 judicio

342 4922 772 4977 misericordiam
818 4934 1075 4993 praestat,
1127 4928 1181 4981 in
1215 4931 1455 4998 pondere
1480 4939 1533 4985 et
1560 4947 1788 4986 numero
1824 4948 1909 4987 re-

343 5014 584 5067 tribuens
613 5030 712 5082 pro
740 5016 1007 5085 cujusque
1034 5020 1278 5091 merito.]

407 5107 459 5159 6.
516 5107 678 5161 Verba
706 5109 918 5163 Domini
942 5112 1055 5163 coeli
1087 5114 1290 5181 firmati
1319 5125 1458 5169 sunt.
1487 5116 1553 5170 Et
1581 5118 1669 5173 hic
1689 5136 1907 5189 quoque

338 5213 524 5256 sancta
553 5202 790 5259 Trinitas
816 5206 1144 5261 declaratur.
1167 5208 1235 5261 Et
1260 5211 1448 5279 spiritu
1476 5214 1581 5265 oris
1602 5214 1712 5283 ejus
1735 5217 1904 5269 omnis

1205 381 1264 437 S.
1306 381 1675 437 ATHANASII
1710 382 1872 439 'DPP.
1914 380 2093 436 PARS
2123 381 2217 437 lii.
2256 410 2323 421 -—-
2362 384 2771 441 EXEGETICA.

434 491 484 544 7.
512 489 589 543 Tu
622 507 672 545 es
696 493 953 562 refugium
984 510 1175 558 meum,
1199 504 1303 548 etc.
1332 496 1465 548 Cum
1501 498 1588 550 illa
1624 497 1689 550 de
1715 505 1935 565 peccato
1967 501 2009 556 Α

1405 676 1479 728 ait
1527 678 1670 729 enim
1720 678 1793 729 illi
1843 677 1936 729 be-

3505 392 3613 446 16i-

2110 498 2192 549 Σύ
2230 515 2350 565 μου
2394 498 2727 566 καταφυγή.
2777 499 2987 553 Ἐκεῖνα
3033 500 3160 572 περὶ
3200 503 3299 574 τῆς
3334 504 3613 578 ἁμαρτίας

2036 585 2307 655 εἰρηκὼς,
2356 588 2585 640 ἱκετεύει
2642 588 2749 640 τῶν
2806 590 2893 643 διὰ
2947 592 3151 663 ταύτην
3210 596 3611 667 ἐπενεχθέντων

2038 675 2415 744 ἀπαλλαγῆναι
2466 678 2670 729 κακῶν.
2705 679 2812 730 Καὶ
2851 679 3028 748 μέντοι
3068 682 3160 733 καὶ
3202 685 3460 753 τυγχάνει
3506 688 3612 756 τῆς

2036 765 2407 833 ἀποκρίσεως·
2445 765 2589 834 λέγει
2645 768 2751 837 γὰρ
2821 769 2957 839 πρὸς
3013 771 3172 823 αὐτὸν
3228 774 3610 847 φιλάνθρωπος

2035 853 2237 922 Κύριος
2258 872 2271 884 ’
2308 856 2563 908 Συνετιῶ
2588 873 2661 910 σε
2713 858 2806 910 καί
2842 861 3103 928 σι·μϐιϐῶ
3133 878 3206 916 σε
3232 866 3301 917 ἐν
3329 866 3445 933 ὀδῷ
3470 872 3613 923 ταύ-

2034 960 2126 1010 τῃ.
2156 944 2450 1014 Εὐξαμένῳ
2474 946 2743 1016 λύτρωσιν
2770 948 2976 1017 ἐχθρῶν
3003 950 3419 1020 ἀντιφθέγγεται
3448 955 3603 1021 Θεὸς,

2033 1034 2313 1104 ὀδηγήσειν
2342 1037 2800 1107 ἐπαγγελλόμενος
2826 1040 2881 1090 ἐν
2914 1040 3094 1110 εὐθείᾳ
3131 1041 3253 1111 ὁδῷ.
3502 1037 3512 1043 ’

2103 1125 2200 1193 Μὴ
2244 1127 2517 1195 γίνεσθαι
2558 1130 2637 1193 ὡς
2685 1131 2868 1194 ἵππος
2909 1131 3005 1183 καὶ
3047 1133 3328 1200 ἡμίονος,
3357 1130 3448 1200 οἷς
3495 1139 3609 1191 οὐκ

2034 1216 2165 1271 ἔστι
2211 1220 2485 1285 σύνεσις.
2529 1221 2841 1291 Εἱσηγεῖται
2891 1226 3003 1285 τοῖς
3053 1225 3453 1294 ἁμαρτάνουσι,
3493 1234 3609 1293 τοῖς

2036 1306 2250 1369 ἀλόγοις
2289 1309 2361 1379 μὴ
2403 1308 2662 1362 ἐκδιδόναι
2701 1311 2894 1375 αὐτοὺς
2921 1313 3135 1368 πάθεσι.
3182 1316 3277 1368 Ἐν
3309 1316 3473 1385 κημῷ
3506 1321 3606 1373 καὶ

2034 1395 2261 1463 χαλινῷ
2292 1397 2399 1461 τὰς
2424 1399 2712 1467 σιαγόνας
2738 1399 2935 1453 αὐτῶν
2964 1400 3184 1469 ἇγξεις.
3226 1404 3310 1467 Ὠς
3341 1406 3475 1476 πρὸς
3513 1407 3609 1459 τὸν

2034 1486 2237 1557 Κύριον
2261 1488 2288 1539 ὁ
2320 1486 2492 1555 λόγος.
2529 1491 2593 1541 Ὃ
2627 1490 2683 1541 δὲ
2716 1490 2882 1558 λέγει,
2920 1493 3154 1545 τοιοῦτόν
3190 1496 3327 1547 ἐστι’
3354 1496 3489 1559 Τοὺς
3530 1497 3607 1568 μὴ

2037 1576 2387 1647 βουλομένους
2435 1585 2712 1649 μετανοεῖν
2758 1577 2845 1636 οἷά
2893 1601 2998 1636 τινι
3040 1585 3239 1655 χαλινῷ
3282 1588 3607 1660 ἐπίστρεψον

2036 1668 2169 1740 πρὸς
2200 1670 2407 1724 ἑαυτόν.

2189 1761 2495 1815 ΨΑΛΜΟΣ
2538 1763 2617 1827 τῷ
2659 1765 2838 1818 Δαυῒδ
2878 1767 3278 1836 ἀνεπίγραφος
3327 1772 3461 1839 παρ’

2586 1856 2888 1922 Ἑϐραίοις.
2932 1862 3060 1912 AB'.

2655 1947 2980 2014 Ὑπόθεσις.

2044 2032 2129 2086 Ἐν
2158 2033 2330 2104 τούτῳ
2363 2035 2599 2089 διδάσκει
2636 2038 2761 2100 τοὺς
2804 2040 2901 2110 ήδη
2938 2042 3330 2109 πιστεύσαντας
3363 2048 3442 2109 είς
3467 2046 3604 2116 Χρι-

2103 2125 2243 2187 στὸν,
2272 2128 2438 2178 αἰνεῖν
2463 2126 2551 2178 τὸν
2578 2128 2781 2181 ἑαυτῶν
2810 2132 3385 2203 Δεσπότην,διδάσκων
3410 2137 3606 2200 αὐτοὺς

2107 2219 2222 2287 ἅμα
2253 2222 2351 2288 τῆς
2384 2218 2664 2288 δυνάμεως
2696 2221 2856 2273 αὑτοῦ
2882 2225 2979 2293 τὴν
3015 2226 3301 2298 ὑπεροχὴν,
3336 2229 3417 2281 ὅτι
3444 2229 3607 2293 αὐτὸς

2104 2307 2302 2378 ρύστης
2332 2308 2437 2361 τῶν
2483 2309 2637 2375 ὅλων,
2677 2312 2839 2375 αὐτὸς
2875 2314 3100 2384 Κύριος,
3136 2319 3296 2382 αὐτὸς
3334 2320 3456 2382 τοὺς
3504 2320 3605 2389 μὲν

2102 2400 2369 2469 πονηροὺς
2394 2400 2681 2465 ἐξουθενεί,
2714 2403 2806 2454 καὶ
2837 2404 3275 2463 διασκεδάννυσιν
3300 2411 3478 2464 αὐτῶν
3506 2412 3606 2474 τὰς

2105 2488 2320 2557 βουλὰς,
2352 2491 2480 2553 τοὺς
2512 2491 2565 2543 δὲ
2595 2493 2911 2559 ἐλπίζοντας
2944 2499 3029 2550 ἐπ’
3056 2501 3216 2553 αὐτὸν
3240 2501 3421 2566 σώζει.

2114 2580 2531 2649 Ἀγαλλιᾶσθε,
2564 2582 2811 2649 δίκαιοι,
2842 2587 2910 2640 ἐν
2938 2592 3134 2657 Kvpltp
3178 2631 3191 2645 .
3239 2634 3251 2646 .
3296 2632 3310 2645 .
3356 2635 3368 2647 .
3418 2633 3432 2648 .
3479 2634 3491 2646 .
3534 2595 3606 2649 ἐν

2028 2672 2338 2738 ψαλτηρίῳ
2380 2670 2719 2739 δεκαχόρδῳ
2762 2675 2996 2742 ψάλατε
3041 2680 3220 2746 αὐτῷ.
3271 2684 3603 2758 Δεκάχορδον

2027 2761 2324 2833 ψαλτήριον
2346 2762 2406 2813 τὸ
2430 2761 2588 2831 σῶμά
2621 2781 2805 2834 φησιν,
2834 2768 2928 2819 ἆτε
2960 2770 3119 2822 πέντε
3148 2772 3425 2844 αἰσθήσεις
3456 2775 3600 2846 ἔχον,

2030 2857 2123 2907 καὶ
2160 2856 2315 2908 πέντε
2365 2856 2641 2925 ἐνεργείας
2674 2858 2870 2927 ψυχῆς,
2910 2861 2978 2914 δι’
3025 2864 3261 2937 ἑκάστης
3294 2867 3602 2937 αἰσθήσεως

2028 2947 2314 3017 γινομένης
2341 2948 2618 3019 ἐνεργείας
2648 2952 2904 3023 ἑκάστης.

2101 3126 2321 3193 ’ᾼσατε
2350 3126 2508 3192 αὐτῷ
2534 3122 2699 3198 ᾆσμα
2735 3135 2964 3186 καινόν.
2994 3134 3185 3203 Σαφῶς
3216 3136 3305 3191 τὸν
3338 3137 3425 3191 διὰ
3468 3141 3599 3193 Μω-

2031 3216 2165 3278 σέως
2195 3219 2354 3287 νόμον
2385 3219 2535 3282 τέλος
2566 3223 2855 3292 ἐσχηκέναι
2884 3225 3071 3295 φησίν.

2102 3307 2221 3359 Ὅτι
2249 3307 2428 3373 εὐθὺς
2454 3312 2485 3362 ό
2508 3312 2692 3378 λόγος
2722 3313 2827 3365 τοῦ
2860 3315 3102 3380 Κυρίου.
3144 3315 3201 3369 ’0
3249 3318 3601 3388 εύαγγελικὺς

2025 3396 2282 3465 δηλονότι.
2308 3400 2416 3453 Καὶ
2451 3399 2646 3453 πάντα
2674 3402 2745 3454 τὰ
2778 3402 2919 3472 ἔργα
2954 3407 3138 3460 αὐτοῦ
3165 3408 3233 3461 ἐν
3258 3412 3481 3465 πίστει.
3510 3414 3599 3465 Πι-

2030 3489 2235 3541 στεύειν
2263 3488 2360 3554 δεῖ,
2392 3492 2544 3561 φησὶ,
2569 3495 2681 3555 τοῖς
2708 3492 2773 3545 δι’
2805 3495 2967 3547 αὐτοῦ
3001 3496 3317 3570 θεοπρεπῶς
3349 3504 3601 3573 ἐνεργου-

2030 3579 2228 3647 μένοις.

2110 3669 2324 3739 Ἀγαπᾷ
2375 3672 2796 3742 ἐλεημοσύνην
2860 3679 2959 3731 καὶ
3014 3683 3215 3749 κρίσιν
3270 3688 3304 3737 o’
3361 3688 3598 3755 Κύριος.

2026 3761 2230 3827 Ταῦτα,
2264 3764 2448 3833 φησὶν,
2483 3766 2705 3820 ἀπαιτεῖ
2746 3772 2872 3835 τοὺς
2905 3775 2985 3836 εἰς
3027 3775 3187 3827 αὑτὸν
3218 3780 3597 3846 πιστεύοντας.

2030 3851 2139 3904 Τοῦ
2186 3851 2396 3917 ἐλέους
2438 3856 2930 3929 Κυρίου-πλήρης
2974 3864 3013 3931 ἡ
3060 3865 3156 3934 γῆ.
3199 3869 3457 3939 ’Λρχεται
3501 3874 3599 3926 τοῦ

2024 3939 2119 3990 καὶ
2152 3942 2379 4011 ποιητὴν
2424 3942 2554 3997 ὄντα
2583 3946 2743 4001 αὑτὸν
2776 3950 2875 4019 τῆς
2922 3952 3102 4024 πάσης
3133 3957 3360 4021 κτίσεως
3386 3960 3599 4014 δεικνύ-

2022 4047 2131 4094 ναι,
2179 4032 2272 4085 καὶ
2321 4035 2427 4102 πρό
2469 4052 2531 4103 γε
2571 4039 2668 4107 τῆς
2702 4040 2805 4110 γῆς
2836 4041 2903 4111 ἢν
2950 4044 3044 4095 καὶ
3088 4046 3269 4110 ἐλέους
3308 4050 3600 4122 πληρῶσαὶ

2022 4139 2206 4191 φησιν’
2234 4124 2328 4176 καὶ
2353 4127 2452 4179 οὐκ
2484 4126 2549 4180 ἂν
2574 4130 2747 4193 ἄλλως
2774 4136 3156 4205 συνεστηκέναι
3189 4140 3261 4211 μὴ
3284 4142 3471 4196 τούτου
3502 4146 3596 4210 γέ-

2023 4230 2218 4283 μουσα.
2273 4215 2489 4285 Ἀμέλει
2529 4220 2623 4271 καὶ
2667 4222 2717 4273 οἱ
2760 4224 2977 4295 ούρανοί¹
3019 4227 3117 4280 οὐκ
3164 4230 3227 4283 ἄν
3275 4250 3402 4286 ποτε
3466 4253 3594 4290 συν-

2019 4303 2271 4373 έστησαν,
2302 4307 2350 4358 εί
2380 4308 2453 4378 μὴ
2484 4308 2558 4379 τῷ
2586 4310 2728 4382 λόγῳ
2757 4314 2919 4367 αὐτοῦ
2948 4315 3343 4388 διεκρατοῦντο,
3367 4327 3458 4378 καὶ
3484 4304 3623 4399 μὴν

2019 4395 2110 4446 καὶ
2141 4397 2196 4447 αἱ
2227 4397 2481 4468 δυνάμεις
2514 4400 2722 4467 αὐτῶν,
2765 4405 3041 4459 τουτέστιν
3073 4410 3129 4460 αἱ
3176 4410 3316 4465 θεῖαι
3365 4415 3458 4467 καὶ
3487 4395 3594 4468 λό-

1944 4512 1989 4566 D
2018 4487 2189 4551 γικαί.

2089 4576 2339 4652 [Ἀγαπᾷ
2370 4577 2462 4636 οὖν
2487 4583 2854 4657 ἐλεημοσύνην
2896 4588 2988 4640 ἐπὶ
3024 4589 3132 4643 τῶν
3163 4592 3587 4661 μετανοούντωνο

2012 4666 2200 4737 ἀγαπᾷ
2231 4669 2286 4720 δὲ
2317 4670 2494 4740 κρίσιν
2526 4674 2619 4725 ἐπὶ
2645 4674 2753 4727 τῶν
2782 4677 3092 4732 ἁνενδότων.
3124 4681 3374 4736 Τοιοῦτον
3404 4685 3462 4737 δὲ
3492 4687 3591 4739 καὶ

2009 4757 2037 4808 ὁ
2075 4756 2299 4822 Ἡσαΐας
2330 4759 2476 4828 λέγει
2516 4762 2594 4832 τῷ
2634 4763 2783 4835 Θεῷο
2814 4767 2934 4819 Ὅτι
2966 4770 3005 4836 ἡ
3039 4771 3419 4841 ἐλεημοσύνη
3466 4792 3590 4833 σου

2009 4848 2095 4910 είς
2145 4852 2445 4918 σταθμόν’
2483 4854 2575 4904 καὶ
2620 4854 2727 4927 γὰρ
2768 4858 3016 4923 κάκεῖνος
3052 4861 3149 4931 τὴν
3182 4864 3320 4933 μετὰ
3350 4866 3590 4937 κρίσεως

2009 4937 2374 5010 ἐλεημοσύνην
2403 4943 2718 5016 παρίστησι,
2752 4947 2902 5019 ζυγῷ
2931 4951 3024 5002 καὶ
3059 4953 3277 5025 ἀριθμῷ
3310 4958 3454 5011 κατὰ
3483 4961 3587 5031 τὴν

2008 5029 2236 5083 ἑκάστου
2269 5032 2426 5097 ἀξίαν
2455 5035 2572 5087 ἀντι
2580 5038 2775 5106 μετρού
2784 5040 2989 5111 μενος.]

2082 5122 2165 5187 Τῷ
2219 5126 2379 5194 λόγῳ
2434 5128 2656 5193 Κυρίου
2707 5132 2760 5182 οἱ
2810 5134 3049 5198 οἰιοανοὶ
3108 5134 3578 5204 ἐστερεώθησαν.

2005 5213 2242 5284 Δήλωσις
2272 5217 2547 5271 κάνταῦθα
2568 5220 2667 5290 τῆς
2699 5222 2859 5289 ἁγίας
2890 5226 3137 5295 Τριάδος.
3167 5229 3276 5281 Καὶ
3302 5229 3381 5295 τῷ
3408 5236 3584 5286 πνεύ-

335 5294 502 5347 virtus
548 5312 751 5349 eorum.
796 5297 868 5357 Os
910 5296 1003 5351 Dei
1043 5296 1302 5367 Spiritum
1338 5312 1586 5357 sanctum
1618 5308 1750 5360 dicit
1781 5326 1793 5361 :
1826 5308 1904 5359 si-

2047 5320 2137 5354 ατι
2179 5305 2284 5357 τοῦ
2332 5308 2628 5374 στόματος
2676 5311 2861 5364 αὑτοῦ
2911 5312 3077 5366 πᾶσα
3116 5314 3153 5380 ὴ
3189 5315 3438 5386 δύναμις
3467 5322 3582 5374 air

333 5386 553 5454 quidem
587 5390 859 5456 prophetae
904 5404 1026 5442 cum
1061 5406 1125 5444 eo
1172 5392 1385 5447 amante
1415 5396 1785 5464 loquerentur,
1821 5400 1903 5453 di-

333 5478 527 5529 cebant
549 5478 614 5542 7°,
642 5481 889 5547 quoniam
924 5496 980 5533 os
1019 5480 1230 5535 Domini
1263 5485 1372 5538 htec
1396 5486 1627 5541 locutum
1659 5500 1756 5542 est.

403 5650 452 5704 7.
497 5650 827 5725 Congregans
857 5661 991 5714 sicut
1025 5663 1077 5715 in
1107 5675 1219 5717 utre
1255 5683 1419 5735 aquas
1448 5672 1630 5727 maris.
1661 5670 1900 5743 Congre-

403 5764 446 5795 ⁸³
474 5762 575 5822 lsa.
611 5784 801 5836 xxvm,
840 5772 924 5826 17.
1004 5776 1048 5807 ⁷ο
1082 5775 1185 5832 lsa.
1223 5795 1258 5849 t,
1282 5780 1371 5837 διο.

2002 5390 2138 5444 τῶν.
2171 5394 2350 5463 Στόμα
2386 5396 2520 5448 Θεοῦ
2556 5397 2614 5449 τὸ
2643 5399 2866 5470 Πνεῦμα
2909 5401 2969 5455 τὸ
3003 5404 3153 5471 ἅγιον
3193 5405 3360 5475 λέγει*
3395 5412 3443 5463 οἳ
3468 5411 3579 5481 γὰρ

2002 5484 2277 5553 προφῆται
2302 5487 2367 5539 δι’
2398 5488 2559 5541 αὐτοῦ
2586 5490 2869 5557 λαλοῦντες
2894 5494 3075 5564 ἔλεγον
3100 5514 3111 5526 ·
3143 5498 3262 5550 ’Ότι
3288 5500 3356 5553 τὸ
3384 5507 3581 5573 στόμα

2000 5578 2219 5643 Κυρίου
2249 5580 2517 5648 ἑλάλησε
2550 5585 2753 5639 ταῦτα.

2070 5669 2352 5739 Συνάγων
2393 5674 2533 5727 ὡσεὶ
2583 5676 2776 5730 ἀσκὸν
2816 5677 3003 5733 ὕδατα
3034 5681 3367 5752 θαλάσσης.
3401 5687 3574 5758 Προσ-
