3874 6218
246 341 348 399 165

1326 343 1686 400 EXPOSITIO
1726 345 1792 400 IN
1831 346 2157 406 PSALMUM
2193 353 2425 411 XXXIII.

3386 360 3490 415 166

243 459 606 528 καλούμενος,
641 460 805 530 φησὶ,
835 459 895 512 τὸ
937 459 1080 532 ὕδωρ
1111 456 1209 532 τῆς
1239 460 1532 534 Θαλάσσης,
1568 465 1796 534 meum.

1920 486 2073 538 gans,
2113 475 2308 542 mquit,
2360 475 2518 544 quasi
2551 476 2602 530 in
2633 485 2752 532 utre
2788 478 3023 545 quodam
3061 492 3255 546 aquam
3297 481 3487 546 maris,

244 550 304 598 ὲν
333 544 485 615 ἀσκῷ
510 561 650 610 τινι,
679 548 799 608 ταῖς
829 546 1075 614 νεφέλαις
1105 548 1414 618 ὲπισυνέχει
1433 567 1445 580 ·
1481 550 1556 613 ὡς
1593 552 1686 603 καὶ
1718 551 1812 604 ἀλ-

243 638 408 707 λαχοῦ
453 655 636 708 φησιν·
677 639 730 690 Ὁ
761 641 1247 709 προκαλούμενος
1280 643 1346 695 τὸ
1376 644 1532 712 ὕδωρ
1571 642 1678 712 τῆς
1710 648 1814 707 θα-

241 730 503 796 λάσσης,
535 730 634 784 καὶ
677 729 902 800 ἐκχὲων
939 732 1083 785 αὐτὸ
1120 733 1216 786 ἐπὶ
1262 736 1584 802 πρόσωπον
1614 737 1815 807 πάσης

240 821 352 888 τῆς
388 821 515 891 γῆς·
545 822 638 874 mi.
663 822 843 875 πάλιν·
886 821 1140 892 Ἀνάγων
1170 825 1428 893 νεφέλας
1453 826 1522 891 ἐξ
1550 829 1812 897 ἐσχάτου

241 909 350 977 τῆς
380 909 507 980 γῆς.
550 912 734 977 Τιθείς
757 912 828 964 ἐν
855 913 1179 982 θησαυροῖς
1211 915 1541 983 ἀϐύσσους.
1570 920 1677 971 Καὶ
1713 919 1813 984 τὰς

237 1002 507 1065 ἀϐύσσους
531 1043 546 1068 ,
584 1003 749 1073 φησὶ,
783 1004 1030 1076 καθάπερ
1063 1007 1120 1058 ἐν
1165 1005 1459 1078 θησαυροῖς
1499 1009 1809 1080 σφραγίζει,

236 1094 327 1148 ἵνα
352 1095 428 1164 μὴ
453 1093 842 1158 ἀναϐλύζουσαι
867 1097 1199 1150 ὲπικλύσωσι
1227 1101 1324 1169 τὴν
1350 1099 1518 1172 ξηράν

307 1184 624 1253 Φοϐηθήτω
646 1184 752 1238 τὸν
774 1186 992 1254 Κύριον
1018 1184 1185 1240 πᾶσα
1208 1187 1245 1255 ἠ
1277 1187 1372 1258 γῆ.
1398 1190 1630 1260 Μηκέτι,
1657 1192 1808 1262 φησι,

231 1278 347 1339 τοῖς
377 1275 668 1347 δαιμονίοις
712 1277 1033 1347 προσαγέτω
1078 1281 1110 1349 ἡ
1142 1279 1214 1350 γῆ
1241 1280 1302 1333 τὸ
1334 1280 1514 1345 σέϐας.
1557 1283 1674 1336 Ἀπ’
1707 1287 1811 1337 αὺ-

229 1367 341 1421 τοῦ
391 1367 458 1420 δὲ
509 1367 982 1436 σαλευθήτωσαν
1021 1369 1243 1436 πάντες
1288 1375 1341 1425 οὶ
1390 1375 1810 1439 κατοικοῦντες

228 1459 350 1529 τὴν
376 1461 752 1531 οἰκουμένην.
797 1464 1137 1531 Ἀκούοντες,
1181 1466 1378 1536 φησὶν,
1421 1468 1586 1521 αὐτοῦ
1632 1470 1683 1521 οἱ
1712 1469 1808 1540 τὴν

229 1551 555 1621 οἰκουμένην
585 1553 859 1616 οἰκοῦντες
895 1553 1193 1625 ἄνθρωποι,
1225 1556 1326 1626 τῆς
1365 1558 1637 1630 προτέρας
1681 1561 1810 1614 στά-

232 1657 375 1704 σεως
417 1636 485 1712 ἦς
527 1637 668 1712 εἶχον
713 1642 1239 1714 εἰδωλολατροῦντες,
1272 1631 1513 1719 δηλονότι
1545 1649 1806 1723 σαλευθή-

225 1748 412 1784 τωσαν
443 1731 520 1802 τῷ
553 1733 666 1803 ἰδίῳ
693 1733 1006 1806 δημιουργῷ
1034 1737 1419 1804 ὑπακούοντες.

1916 565 1970 617 in
2004 565 2238 619 nubibus
2275 568 2514 621 continet
2541 568 2686 622 illam
2724 585 2735 620 :
2779 569 3239 639 quemadmodum
3289 581 3341 625 et
3380 573 3490 625 alio

1915 653 2036 708 loco
2079 655 2217 708 ait“
2255 671 2268 706 :
2301 655 2404 720 Qui
2437 669 2680 710 convocat
2714 675 2904 727 aquam
2947 660 3112 711 maris
3135 699 3150 724 ,
3186 670 3232 711 et
3265 660 3492 728 eﬂ'undit

1914 765 2029 802 eam
2059 764 2214 816 super
2245 749 2432 815 faciem
2461 750 2717 804 universa:
2747 761 2920 804 terrae.
2949 750 3016 805 Et
3047 768 3266 806 rursum
3296 771 3309 806 :
3346 751 3492 806 Edu-

1915 855 2031 892 cens
2077 837 2236 890 nubes
2273 839 2336 891 ab
2385 848 2612 892 extremo
2663 848 2836 894 terrar.
2879 839 3086 894 Ponens
3128 842 3180 894 in
3229 841 3489 894 thesauris

1914 930 2152 998 abyssos.
2168 929 2234 982 Et
2254 930 2500 998 abyssos,
2523 930 2818 999 inquit,ceu
2841 931 2894 984 in
2919 931 3193 986 thesauris
3213 932 3486 1001 obsignat,

1917 1035 1980 1073 ne
2012 1021 2370 1074 scaturientes
2399 1029 2598 1074 terram
2633 1019 2916 1074 inundent.

1981 1193 2034 1247 8.
2071 1191 2273 1246 Timeat
2299 1192 2584 1246 Dominum
2607 1196 2775 1248 omnis
2801 1203 2963 1250 terra.
2987 1193 3065 1250 Ne
3092 1195 3257 1254 ultra.
3285 1195 3486 1265 inquit,

1909 1285 2249 1340 daemonibus
2281 1293 2422 1338 terra
2449 1285 2656 1338 cultum
2691 1285 2902 1340 ochrat.
2945 1287 3022 1340 Ab
3059 1302 3118 1341 eo
3143 1297 3316 1340 autem
3343 1304 3488 1342 com-

1908 1387 2214 1430 moveantur
2239 1392 2414 1430 omnes
2441 1377 2796 1431 inhabitantes
2824 1377 3018 1432 orbem.
3055 1378 3158 1442 Qui
3191 1380 3376 1434 orbem
3407 1380 3490 1434 in-

1909 1467 2096 1522 colunt
2136 1466 2383 1521 homines
2417 1469 2509 1536 qui
2542 1467 2696 1536 prius
2748 1469 2909 1524 idolis
2951 1470 3117 1524 dediti
3167 1481 3354 1536 erant,
3388 1486 3488 1524 au-

1871 1557 2021 1613 dito
2070 1559 2190 1627 ejus
2239 1562 2460 1632 nomine
2507 1570 2959 1617 commoveantur
3005 1576 3216 1630 suoque
3261 1573 3486 1632 pareant

1909 1651 2198 1706 conditori.

304 1822 426 1876 Ὄτι
451 1825 632 1890 αὐτὸς
658 1821 788 1878 εἷπε
815 1827 912 1880 καὶ
943 1827 1343 1896 ἐγενήθησαν,
1373 1829 1556 1897 αὐτὸς
1589 1831 1796 1884 ἑνετεί·

1983 1841 2038 1896 9.
2083 1841 2347 1906 Quoniam
2370 1843 2480 1912 ipse
2502 1843 2640 1897 dixit
2663 1854 2712 1898 et
2748 1844 2892 1913 facta
2913 1854 3056 1912 sunt,
3082 1845 3192 1916 ipse
3214 1849 3485 1902 mandavit

223 1915 514 1978 λατο,καὶ
542 1916 928 1984 ἐκτίσθησαν.
973 1919 1038 1972 Ἢ
1071 1921 1169 1990 μὲν
1197 1922 1420 1992 γένησις
1453 1922 1551 1992 τὴν
1583 1923 1688 1977 τῶν
1723 1924 1808 1977 λο-

223 2003 401 2069 γικῶν
428 2004 652 2076 ούσιώδη
676 2005 841 2076 δηλοῖ·
868 2008 900 2076 ἡ
926 2005 980 2059 δὲ
1003 2009 1176 2072 κτίσις
1197 2010 1296 2079 τὴν
1321 2009 1427 2062 ἀπὸ
1449 2009 1542 2061 τοῦ
1568 2010 1806 2080 χείρονος

222 2093 322 2143 ἐπὶ
345 2093 405 2145 τὸ
429 2096 670 2165 κρεῖττον
713 2097 965 2167 σημαίνει
1003 2098 1326 2170 μεταϐολήν.
1370 2101 1446 2154 Εἴ
1482 2119 1573 2165 τις
1600 2102 1709 2171 γὰρ
1737 2104 1806 2157 ὲν

221 2184 461 2252 Χριστῷ
490 2187 668 2256 καινὴ
698 2191 912 2255 κτίσις.

296 2278 516 2344 Κύριος
547 2277 915 2340 διασκεδάζει
940 2281 1177 2352 βουλὰς
1205 2282 1414 2339 ἐθνῶν.
1447 2285 1568 2338 Τῶν
1598 2286 1804 2358 νοητῶν

218 2366 488 2436 δηλονότι.
528 2369 736 2422 Ἀθετεῖ
774 2369 842 2422 δὲ
883 2372 1211 2440 λογισμοὺς
1241 2373 1434 2442 λαῶν,
1469 2376 1569 2429 καὶ
1612 2377 1812 2430 ἀθετεῖ

212 2459 462 2525 βουλὰς
487 2461 814 2529 ἀρχόντων.
855 2463 1192 2531 Ἀπράκτους
1216 2466 1324 2537 γὰρ
1353 2467 1641 2532 ἐπιϐουλὰς
1667 2472 1795 2524 πάν-

218 2569 334 2603 των
383 2550 549 2621 ἔθηκε
600 2551 709 2604 τῶν
773 2553 1076 2620 Ἰουδαίων,
1126 2558 1420 2627 τριήμερος
1471 2559 1799 2630 ἀναστήσας.

217 2640 400 2694 Τοῦτο
457 2641 566 2712 γὰρ
614 2637 682 2712 ἦν
725 2643 753 2695 ὃ
794 2645 887 2696 καὶ
932 2644 1214 2715 βούλεται,
1248 2647 1391 2716 ὅπερ
1431 2649 1530 2702 καὶ
1573 2652 1661 2716 εὶς
1697 2652 1802 2704 τὸν

215 2733 411 2786 αιῶνα
433 2733 622 2801 μένει.

289 2825 582 2894 Δογισμοὶ
630 2824 738 2893 τῆς
784 2825 1030 2895 καρδίας
1072 2829 1259 2884 αὐτοῦ
1311 2832 1398 2896 εἰς
1446 2833 1659 2900 γενεὰν
1702 2835 1799 2888 καὶ

213 2915 458 2986 γενεάν.
500 2915 581 2968 Τὰ
610 2915 874 2986 δόγματα,
922 2918 1105 2988 φησὶν,
1133 2919 1168 2972 ἆ
1199 2919 1543 2990 βεϐούλευται
1588 2924 1683 2976 καὶ
1723 2925 1801 2987 εἰς

210 3010 309 3062 τὸν
342 3008 585 3080 παρόντα
623 3009 791 3062 αἰῶνα
827 3010 922 3062 καὶ
964 3012 1042 3074 εἰς
1075 3011 1168 3063 τὸν
1204 3012 1486 3082 μέλλοντα.
1534 3014 1800 3084 Λογισμυὶ

1907 1942 1955 1986 et
2001 1943 2178 1988 creata
2222 1944 2364 1990 sunt.
2423 1934 2617 1988 Factio
2665 1937 3070 1991 rationabilium
3123 1939 3482 1994 substantiam

1907 2025 2132 2079 denotat
2165 2041 2179 2077 :
2217 2027 2420 2081 creatio
2461 2037 2664 2090 autem,
2697 2044 2725 2082 a
2771 2029 2955 2098 pejore
2985 2029 3039 2082 in
3068 2030 3266 2085 melius
3301 2043 3480 2085 muta-

1907 2116 2106 2170 tionem
2137 2133 2149 2167 :
2189 2114 2247 2170 Si
2279 2133 2396 2188 qua:
2425 2119 2562 2170 enim
2597 2120 2651 2172 in
2678 2119 2890 2174 Christo
2915 2136 3048 2174 nova
3077 2132 3324 2178 creatura
3340 2124 3408 2174 ⁷².

1978 2293 2066 2348 10.
2112 2295 2365 2349 Dominus
2396 2296 2622 2365 dissipat
2656 2296 2881 2350 consilia
2917 2299 3170 2367 gentium.
3213 2297 3482 2368 Spiritua-

1905 2385 2039 2439 lium
2072 2386 2363 2451 videlicet,
2399 2386 2657 2456 Reprobat
2682 2399 2852 2441 autem
2888 2390 3228 2456 cogitationes
3256 2390 3479 2458 populo-

1905 2493 2049 2542 rum,
2117 2486 2166 2531 et
2243 2479 2484 2547 reprobat
2547 2479 2771 2532 consilia
2831 2481 3149 2548 principum.
3221 2479 3482 2534 Omnium

1903 2569 2100 2637 quippe
2143 2567 2454 2624 Judzeorum
2507 2569 2733 2624 insidias
2777 2570 2959 2624 irritas
3013 2569 3162 2634 fecit,
3211 2580 3336 2639 post
3384 2573 3480 2626 tri-

1902 2661 2069 2714 duum
2116 2676 2426 2731 resurgens.
2470 2660 2525 2716 ld
2556 2662 2699 2716 enim
2733 2663 2836 2717 sibi
2869 2663 2984 2717 vult
3011 2664 3173 2718 etiam
3207 2664 3339 2718 illud
3366 2707 3381 2731 ,
3424 2665 3478 2718 in

1902 2762 2156 2804 tuternum
2189 2760 2362 2805 manet
2393 2753 2673 2806 consilium
2707 2753 2943 2808 Domini.

1973 2843 2060 2895 11.
2104 2841 2460 2912 Cogitationes
2507 2845 2681 2897 cordis
2741 2861 2856 2912 ejus
2898 2846 2954 2898 in
2999 2846 3390 2916 generationem
3427 2858 3475 2901 et

1902 2931 2306 2999 generationem.
2344 2931 2603 3002 Dogmata
2628 2972 2642 2995 ,
2677 2931 2887 3002 inquit,
2919 2950 3040 3004 qua:
3078 2935 3294 2990 decreta
3327 2946 3473 2996 sunt.

1901 3021 2013 3073 sive
2045 3021 2098 3072 in
2134 3023 2386 3090 prmsenti
2415 3023 2528 3076 sive
2558 3023 2612 3076 in
2643 3022 2827 3078 futuro
2857 3026 3075 3080 sazculo.
3106 3025 3477 3096 Cogitationes

210 3097 355 3150 θεοῦ
386 3100 443 3151 αἱ
466 3097 789 3169 κατάλληλοι
826 3099 1228 3172 διακοσμήσεις·
1262 3102 1456 3174 καρδία
1493 3102 1550 3156 δὲ
1580 3104 1641 3156 τὸ
1662 3105 1796 3157 ἀπό-

1919 3107 2018 3173 Dei,
2050 3109 2100 3163 id
2135 3118 2218 3164 est
2245 3121 2608 3180 congruentes
2653 3113 3040 3183 dispositiones
3071 3132 3083 3168 :
3115 3130 3246 3180 cor,
3292 3117 3475 3171 occul-

211 3207 428 3262 κρύφον
459 3190 559 3260 τῆς
588 3191 794 3254 οὐσίας.

287 3281 600 3349 Μακάριον
630 3282 696 3334 τὸ
730 3283 902 3348 ἔθνος
928 3277 1000 3339 οὗ
1039 3283 1170 3337 ἐστὶ
1200 3285 1416 3351 Κύριος
1447 3289 1480 3338 ό
1514 3287 1658 3351 Θεὸς
1692 3291 1799 3342 αὺ-

209 3373 348 3427 τοῦ.
381 3374 522 3437 Τοὺς
552 3374 891 3443 είς.Χριστὸν
939 3375 1292 3438 πιστεύοντας
1344 3378 1400 3428 ὲν
1434 3377 1643 3442 τούτοις
1689 3396 1795 3448 μα-

210 3465 449 3535 καρίους
482 3465 765 3518 ἀποκαλεῖ.

287 3556 426 3628 [Ἐξ
450 3557 709 3624 οὐρανοῦ
738 3557 1073 3626 ἐπέϐλεψεν
1109 3561 1142 3612 ὁ
1176 3560 1406 3627 Κύριος.
1447 3561 1614 3613 Ειπεν
1634 3605 1647 3627 ,
1694 3562 1797 3614 ἐπ-

208 3645 498 3715 έϐλεψεν,
547 3647 633 3700 ἵνα
683 3648 755 3717 μή
792 3664 872 3710 τις
920 3647 1080 3700 αὑτὸν
1108 3648 1317 3717 ἀγνοεῖν
1357 3649 1513 3722 οἰηθῇ
1546 3649 1612 3702 τὰ
1646 3650 1798 3722 παρὰ

207 3739 322 3792 τῶν
355 3737 657 3810 ἀνθρώπων
681 3738 1023 3809 τολμώμενα.
1043 3741 1066 3812 ]

285 3831 427 3904 [Ἐξ
471 3831 709 3900 ἑτοίμου
737 3833 1189 3900 κατοικητηρίου
1233 3832 1439 3886 αὑτοῦ.
1471 3834 1626 3887 Ἤτοι
1652 3836 1796 3906 ἡτοι-

210 3924 518 3994 μασμένοι),
568 3925 1014 3994 εύτρεπισμὲνου.
1071 3921 1233 3988 Οἶκος
1275 3924 1411 3996 γὰρι
1428 3925 1616 3998 ῶσπερ
1657 3927 1792 3981 Θεοῦ

206 4020 670 4090 ἀποκεκλήρωται
698 4022 725 4072 ὁ
747 4017 1019 4090 ούρανός.]

292 4112 351 4163 Ὀ
377 4110 622 4177 πλάσας
648 4111 987 4178 καταμόνας
1011 4109 1118 4176 τὰς
1153 4109 1399 4178 καρδίας
1425 4111 1643 4165 αὐτῶν.
1677 4112 1792 4164 Μό-

205 4221 321 4266 νος,
359 4203 545 4274 φησίν,
569 4204 596 4255 ὁ
626 4201 755 4264 Θεὸς
787 4196 893 4254 οἶδε
925 4201 1033 4255 τῶν
1079 4200 1378 4271 ἀνθρώπων
1409 4203 1505 4264 τὰς
1547 4201 1788 4272 καρδίας.

203 4293 298 4346 Διὸ
333 4294 433 4346 καὶ
473 4295 501 4345 ὁ
525 4293 714 4362 Σωτὴρ
741 4294 852 4355 τοῖς
897 4292 1169 4356 Ἰουδαίοις
1207 4292 1360 4360 ἔλεγε
1384 4311 1397 4323 ·
1436 4295 1496 4347 Τί
1534 4292 1792 4362 διαλογί-

203 4383 382 4446 ζεσθε
409 4384 644 4451 πονηρὰ
667 4384 736 4437 ἐν
762 4383 889 4449 ταῖς
915 4383 1184 4451 καρδίαις
1204 4384 1406 4452 furtim;

1903 3204 2015 3250 tum
2048 3197 2387 3254 substantiae.

1971 3307 2055 3361 12.
2095 3308 2262 3362 Beata
2314 3328 2434 3380 gens
2483 3314 2634 3383 cujus
2681 3325 2758 3369 est
2805 3315 3060 3371 Dominus
3113 3317 3254 3373 Deus
3316 3319 3455 3388 ejus.

1897 3398 2094 3454 Beatos
2130 3401 2216 3457 his
2239 3404 2420 3459 verbis
2445 3416 2605 3462 vocat
2647 3423 2745 3464 eos
2769 3409 2862 3478 qui
2895 3410 2948 3463 in
2981 3410 3261 3466 Christum
3295 3413 3473 3466 credi-

1897 3494 2116 3547 (lerunt.

1967 3581 2087 3652 [15.
2130 3583 2207 3638 De
2242 3586 2370 3640 caelo
2401 3591 2625 3658 respexit
2659 3590 2935 3649 Dominus.
2962 3595 3088 3660 Ait,
3115 3598 3364 3666 respexit,
3406 3614 3474 3654 ne

1897 3675 2019 3743 quis
2055 3683 2297 3732 autumet
2323 3681 2499 3749 ipsum
2533 3683 2785 3753 ignorare
2806 3687 3090 3742 hominum
3115 3689 3374 3745 facinora.

1967 3845 2079 3918 [14.
2105 3848 2182 3903 De
2205 3862 2506 3920 prteparato
2536 3855 2843 3910 habitacula
2870 3876 2988 3914 suo.
3009 3859 3064 3915 Id
3090 3871 3194 3928 est,
3219 3875 3471 3920 accurate

1897 3935 2163 3994 instructo
2195 3950 2249 3995 et
2278 3952 2491 3997 ornato.
2525 3943 2659 3999 Nam
2693 3947 2889 4002 caelum
2930 3951 3088 4018 quasi
3131 3952 3200 4006 ad
3229 3951 3324 4007 Dei
3367 3953 3466 4010 do-

1894 4028 2157 4082 micilium
2187 4031 2524 4095 destinatum
2557 4035 2688 4106 est.]

1966 4118 2054 4172 15.
2087 4117 2191 4183 Qui
2217 4120 2372 4189 ﬁnxit
2407 4123 2687 4192 sigillatim
2737 4128 2898 4181 corda
2929 4145 3128 4185 eorum.
3159 4130 3342 4199 Solus,
3383 4134 3468 4188 in-

1893 4211 2032 4279 quit,
2066 4211 2206 4265 Deus
2235 4212 2383 4267 novit
2421 4215 2704 4271 hominum
2729 4220 2912 4273 corda.
2947 4220 3310 4286 Quamobrem
3345 4224 3466 4279 Sal-

1894 4311 2050 4357 vator
2077 4303 2277 4361 Judaeis
2303 4305 2518 4361 dicebat
2547 4325 2559 4358 :
2596 4308 2736 4375 Quid
2765 4313 3010 4381 cogitatis
3037 4316 3179 4369 mala
3211 4319 3266 4370 in
3288 4321 3466 4373 cordi-

1895 4391 1986 4445 bus
2011 4396 2293 4448 restris”?

289 4475 440 4530 Ἰδοὺ
485 4477 539 4528 οί
577 4475 869 4544 ὀφθαλμοὶ
917 4476 1136 4543 Κυρίου
1180 4477 1278 4529 ἐπὶ
1320 4476 1460 4541 τοὺς
1499 4476 1787 4544 φοϐουμέ-

1969 4484 2050 4539 18.
2081 4485 2216 4540 Ecce
2240 4489 2379 4542 oculi
2403 4489 2620 4544 Domini
2645 4510 2799 4562 super
2831 4505 3112 4552 metuentes
3145 4517 3285 4555 eum.
3312 4500 3464 4556 Oculi

201 4583 356 4631 γους
382 4566 588 4618 αὐτόν.
632 4565 926 4636 Ὀφθαλμοὶ
958 4565 1161 4638 Κυρίου
1191 4569 1223 4636 ἡ
1260 4567 1599 4638 παντοπτικὴ
1623 4569 1785 4621 αὑτοῦ

199 4656 458 4724 δύναμις·
499 4656 532 4727 ἢ
582 4654 835 4719 πολλάκις
882 4659 910 4708 ὁ
952 4656 1080 4718 Υἱὸς
1115 4657 1206 4709 καὶ
1242 4657 1303 4709 τὸ
1348 4655 1588 4727 Πνεῦμα,
1622 4657 1696 4720 ὡς
1729 4657 1786 4709 ὲν

202 4747 362 4818 μέσῳ
386 4746 481 4799 δύο
509 4745 701 4816 φώτων
732 4748 759 4798 ὁ
787 4744 974 4816 Πατὴρ
1004 4745 1113 4800 τῶν
1145 4745 1358 4816 φώτων.
1390 4737 1394 4740 ’

274 4837 389 4894 Καὶ
415 4837 724 4904 διαθρέψαι
752 4835 972 4901 αὐτοὺς
995 4836 1066 4888 ἑν
1093 4836 1264 4906 λιμῷ.
1299 4837 1386 4890 Ἐν
1408 4837 1604 4908 καιρῷ,
1630 4838 1781 4908 φησὶ,

196 4926 472 4998 διωγμοῦ,
503 4928 578 4998 μὴ
610 4926 1015 4998 συνισταμένων
1049 4927 1159 4979 τῶν
1188 4927 1392 4997 νοητῶν
1418 4927 1652 4999 τροφῶν,
1683 4929 1782 4980 αὐ-

197 5019 292 5082 τὸς
321 5019 351 5070 ὁ
383 5017 588 5089 Κύριος
620 5017 708 5070 διὰ
731 5017 1045 5088 Πνεύματος
1075 5017 1232 5085 ἁγίου
1268 5016 1454 5089 θρέψει
1483 5017 1698 5080 αὐτούς.

283 5111 348 5165 Ἠ
373 5109 443 5163 δὲ
473 5109 644 5178 ψυχὴ
674 5108 843 5179 ἡμῶν
880 5108 1166 5177 ὑπομένει
1199 5109 1280 5174 τῷ
1310 5109 1520 5177 Κυρίῳ.
1564 5110 1650 5173 Ὡς
1679 5109 1780 5180 ἤδη

197 5201 529 5272 δεδειγμένοι
561 5200 661 5270 τὴν
689 5202 767 5264 είς
797 5200 958 5253 αὐτὸν
983 5200 1305 5270 πεποίθησιν
1331 5199 1741 5270 προϐάλλονται.

203 5294 518 5347 ΨΑΛΜΟΣ
559 5289 639 5354 τῷ
685 5291 863 5344 Δαυῒδ
901 5293 1081 5344 ὁπότε
1135 5291 1436 5358 ἠλλοίωσε
1483 5290 1547 5343 τὸ
1591 5292 1778 5358 πρόσ-

267 5399 434 5436 ωπον
461 5380 648 5436 αὺτοῦ
678 5381 956 5435 ἐναντίον
993 5381 1310 5450 Ἁϐιμέλεχ,
1330 5380 1428 5433 καὶ
1463 5379 1778 5434 ἀπέλυσεν

268 5473 477 5537 αὑτὸν,
504 5470 605 5526 καὶ
634 5471 926 5541 ἀπῆλθεν.
963 5473 1098 5526 AI".

830 5562 1154 5626 Ὑπόθεσις.

202 5654 413 5724 Φεύγων
441 5658 472 5710 ὁ
504 5653 666 5708 Δαυῒδ
692 5654 778 5706 τὸν
803 5652 992 5715 Σαοὺλ,
1021 5649 1148 5724 ἦλθε
1180 5652 1314 5723 πρὸς
1348 5649 1653 5721 Ἀϐιμέλεχ,
1681 5650 1774 5701 καὶ

267 5791 306 5821 τ’
331 5793 497 5845 Amos
531 5806 582 5855 ν,
617 5790 669 5844 8.
745 5791 789 5820 ⁷²
823 5788 861 5841 ll
893 5788 1018 5842 Cor.
1051 5802 1103 5853 ν,
1144 5787 1224 5840 17.
1301 5787 1346 5819 ⁷³
1380 5785 1567 5839 Matth.
1607 5800 1678 5848 Ix,
1714 5783 1767 5837 «1.

1893 4575 2107 4632 Domini
2153 4588 2281 4634 sunt
2336 4585 2582 4637 omnium
2639 4587 2967 4654 speculatrix
3010 4591 3130 4660 ejus
3171 4603 3460 4662 potestas:

1892 4678 1986 4724 aut
2021 4671 2343 4741 plerumque
2391 4673 2560 4730 Filius
2585 4685 2638 4730 et
2662 4675 2898 4746 Spiritus
2927 4692 3173 4750 sanctus,
3208 4685 3280 4740 ita
3316 4694 3372 4740 ut
3408 4688 3464 4743 in

1891 4761 2070 4815 medio
2097 4762 2326 4818 duorum
2362 4765 2631 4820 luminum
2668 4769 2739 4822 sit
2771 4768 2945 4825 Pater
2978 4773 3264 4830 luminum.

1963 4849 2050 4905 19.
2100 4849 2168 4904 Et
2201 4852 2314 4906 alat
2347 4869 2433 4908 eos
2462 4855 2516 4908 in
2549 4856 2709 4924 ferite.
2753 4857 3054 4930 Tempore,
3085 4863 3295 4935 inquit,
3340 4883 3466 4936 per-

1889 4941 2186 4996 secutionis
2208 4982 2223 5007 ,
2259 4945 2303 4998 si
2335 4961 2444 5000 non
2477 4947 2660 5002 adsint
2685 4951 2994 5018 spirituales
3038 4955 3168 5021 cibi,
3220 4958 3336 5026 ipse
3363 4958 3464 5014 Do-

1893 5033 2076 5087 minus
2107 5049 2204 5103 per
2235 5033 2498 5105 Spiritum
2528 5051 2777 5094 sanctum
2802 5046 3039 5100 enutriet
3065 5047 3208 5102 illos.

1955 5123 2242 5179 20.Anima
2256 5138 2434 5182 nostra
2451 5133 2670 5185 sustinet
2684 5131 2984 5191 Dominum.
3005 5137 3300 5207 Quamjam
3314 5139 3461 5194 exhi-

1885 5216 2118 5270 buerunt
2143 5215 2393 5273 liduciam
2413 5237 2539 5291 erga
2563 5221 2866 5283 Dominum,
2890 5243 3035 5281 nunc
3051 5244 3161 5297 prae
3178 5244 3236 5283 se
3255 5229 3455 5285 ferunt.

1890 5307 1936 5362 I.
1996 5306 2337 5364 PSALMUS
2393 5313 2566 5368 David
2625 5319 2833 5385 quando
2893 5319 3192 5372 immutavit
3251 5319 3455 5373 uultum

1956 5413 2112 5450 suum
2166 5415 2344 5454 coram
2398 5405 2728 5469 Abimelech,
2768 5417 2813 5463 et
2849 5407 3180 5462 dimisiteum
3210 5417 3258 5462 et
3300 5411 3431 5461 abiit

1955 5486 2236 5544 XXXIII.

2373 5585 2396 5591 λ’
2469 5588 2867 5653 Argumentum.

1883 5673 2019 5729 Cum
2055 5674 2264 5745 fugeret
2319 5675 2491 5733 David
2523 5679 2762 5743 Saulem,
2792 5678 2937 5734 venit
2994 5680 3062 5736 ad
3115 5677 3464 5736 Abimelccb.
