3874 6218
363 380 461 434 167

1217 371 1273 426 S.
1319 369 1690 425 ATllANASIl
1731 369 1883 424 OPP.
1933 366 2116 422 PARS
2157 366 2246 420 Ill.
2291 397 2359 406 ——
2397 364 2815 423 EKEGETICA.

3534 374 3641 428 168

425 507 482 549 et
511 501 732 564 rogatus
753 493 907 547 abeo
931 506 1052 561 qua:
1095 506 1258 544 causa
1294 506 1567 551 recessus,
1601 489 1784 559 fugam
1819 487 1940 556 qui-

2117 484 2218 553 τῆς
2261 483 2497 552 ἀφίξεως
2530 484 2624 554 τὴν
2672 486 2850 538 αἰτίαν
2895 486 3247 556 ἐρωτώμενος
3290 485 3420 556 παρ’
3449 486 3637 550 αὑτοῦ,

431 583 555 638 dem
584 583 830 652 negavit;
861 583 955 636 sed
978 582 1210 635 missum
1242 597 1299 634 se
1330 581 1406 633 ait
1436 582 1505 633 ab
1536 579 1704 634 Saule
1741 588 1938 646 postu-

433 675 606 730 latum
634 675 870 729 Goliathi
901 689 1109 728 ensem.
1149 673 1426 739 Quoniam
1470 673 1638 742 igitur
1666 671 1815 726 aliud
1855 670 1958 723 di.

435 766 592 820 cebat
623 765 770 820 aliud
811 765 1101 829 sentiebat,
1133 766 1474 834 descriptum
1507 778 1592 819 εει
1617 765 1945 818 immutasse

434 857 645 912 vultum
676 873 857 911 suum.
914 856 1077 911 Canit
1110 866 1294 910 autem
1350 857 1622 926 psalmum
1680 869 1823 910 novo
1849 869 1948 924 po-

436 949 585 1018 pulo,
621 947 928 1004 doctrinam
976 949 1337 1005 introducens
1372 948 1676 1019 spiritualis
1703 956 1948 1003 etevan-

438 1039 595 1111 gelici
627 1040 835 1097 cultus.

435 1220 492 1275 2.
532 1221 848 1276 Benedicam
892 1220 1177 1276 Dominum
1238 1224 1293 1277 in
1343 1223 1487 1275 omni
1529 1230 1825 1289 tempore...
1882 1218 1950 1272 In

369 1310 593 1366 Domino
637 1313 949 1367 laudabitur
990 1316 1172 1368 anima
1221 1332 1356 1369 mea.
1392 1313 1620 1369 Etiamsi
1673 1314 1835 1367 laude
1861 1311 1948 1365 di-

367 1421 508 1474 gnus
535 1405 662 1472 sim,
718 1406 845 1476 quia
875 1407 1128 1459 nonnihil
1168 1407 1298 1460 boni
1329 1407 1383 1460 in
1411 1407 1668 1474 operibus
1695 1405 1830 1458 meis
1865 1418 1951 1457 re-

368 1499 598 1566 peritur,
627 1499 677 1552 id
713 1513 820 1551 non
869 1499 1003 1552 mihi
1044 1499 1138 1552 sed
1183 1497 1296 1552 Deo
1340 1497 1724 1551 ascribendum
1769 1515 1782 1550 :
1836 1495 1951 1564 ipse

370 1606 458 1644 me
481 1591 822 1645 ct-illustrem
852 1576 856 1582 ’
882 1589 1064 1644 eﬂ‘ecit
1113 1597 1168 1644 et
1211 1589 1535 1658 praeclarum
1585 1586 1805 1642 eﬁiciet.
1834 1585 1950 1638 Au-

369 1679 523 1735 diant
559 1683 818 1734 mansueti
847 1690 895 1735 et
923 1681 1188 1735 laetentur.
1219 1679 1463 1732 Salutem
1497 1677 1631 1731 mihi
1658 1693 1686 1730 a
1715 1676 1952 1731 Domino

371 1787 692 1827 concessam
718 1773 946 1841 quilibet
975 1773 1160 1841 justus
1187 1770 1233 1825 si
1267 1771 1454 1824 audiat
1512 1771 1732 1823 laetatus
1764 1767 1951 1822 fuerit.

2119 576 2216 646 τὴν
2247 577 2423 647 φυγὴν
2449 578 2549 647 μὲν
2575 579 2869 648 ἡρνήσατσ
2899 579 3231 634 ἀπεστάλθαι
3253 580 3308 634 δὲ
3334 578 3455 634 εἷπε
3485 585 3639 654 παρὰ

2114 665 2210 719 τοῦ
2243 667 2412 719 Σαοὺλ
2435 708 2450 731 ,
2498 668 2574 732 ὼς
2603 669 2699 722 καὶ
2728 673 2824 740 τὴν
2855 671 3129 741 ῥομφαίαν
3164 673 3386 743 αίτῆσαι
3422 672 3518 726 τοῦ
3552 675 3642 726 Γο-

2119 758 2262 812 λιάθ.
2302 759 2457 812 Ἐπεὶ
2485 760 2666 814 τοίνυν
2695 761 2831 815 ἄλλα
2883 762 2983 832 μὲν
3019 758 3193 828 εἶπεν,
3225 763 3442 818 ἄλλα·δέ
3479 765 3644 836 ἐφρό·

2121 866 2201 901 νει
2223 889 2237 911 ,
2279 849 2692 922 ἀναγέγραπται
2718 853 2776 905 τὸ
2799 853 3200 920 ἡλλοιωκέναι
3221 855 3288 908 τὸ
3311 858 3641 923 πρόσωπον

2119 942 2325 996 αὐτοῦ.
2369 943 2519 1014 ’ᾼδει
2543 943 2599 996 δὲ
2630 944 2720 998 τὸν
2745 944 2956 1016 ψαλμὸν
2982 945 3061 1016 τῷ
3090 946 3197 1018 νέῳ
3229 946 3364 1018 λαῷ,
3391 948 3644 1002 διδασκα-

2120 1033 2238 1088 λίαν
2266 1035 2703 1108 εἰσηγησάμενος
2735 1038 2837 1109 τῆς
2865 1041 3246 1111 πνευματικῆς
3283 1042 3376 1095 καὶ
3415 1043 3644 1113 εὐαγγε-

2122 1125 2279 1196 λικῆς
2307 1125 2582 1199 λατρείας.

2121 1217 2456 1287 Εὐλογήσω
2482 1219 2589 1273 τὸν
2625 1221 2842 1289 Κύριον
2878 1222 2947 1276 ἐν
2981 1224 3160 1278 παντὶ
3204 1224 3388 1292 καιρῷ
3547 1225 3646 1277 Ἐν

2048 1305 2130 1372 τῷ
2186 1311 2382 1378 Kvpltp
2435 1310 2892 1379 ἐπαινεθήσεται
2943 1317 2982 1383 ἡ
3023 1316 3194 1385 ψυχή
3243 1334 3380 1386 μου.
3436 1317 3500 1370 Εἰ
3548 1307 3645 1370 καὶ

2050 1396 2200 1463 ἄξιος
2248 1399 2472 1454 ἐπαίνου
2518 1403 2770 1473 τυγχάνω
2810 1404 3128 1476 εὑρεθέντος
3171 1407 3318 1470 τινὸς
3363 1407 3532 1461 καλοῦ
3585 1409 3644 1460 ἐν

2049 1493 2169 1553 ταῖς
2204 1492 2366 1561 ἐμαῖς
2409 1493 2692 1562 πράξεσιν,
2724 1495 2882 1549 τοῦτο
2922 1497 3022 1550 οὐκ
3065 1498 3210 1569 ἐμοὶ,
3239 1498 3377 1552 ἀλλά
3414 1499 3493 1570 τῷ
3523 1498 3644 1570 Θεῷ

2051 1579 2369 1634 ἀναθετέον
2417 1583 2577 1646 αὐτὸς
2631 1584 2732 1654 ἐμὲ
2765 1585 2858 1637 καὶ
2907 1585 3175 1657 πεποίηκε
3223 1587 3519 1657 περιφανῆ,
3549 1588 3646 1639 καὶ

2053 1672 2268 1742 ποιήσει
2318 1674 2702 1746 περίϐλεπτον.
2757 1676 3216 1732 Ἀκουσάτωσαν
3255 1679 3494 1748 πραεῖς,
3539 1681 3644 1734 καὶ

2053 1766 2586 1834 εὐφρανθήτωσαν.
2628 1769 2740 1840 Τὴν
2778 1769 2904 1840 ἐμολ¹
2951 1771 3322 1842 γεγενημένην
3354 1771 3505 1844 παρά
3547 1771 3644 1825 τοῦ

370 1863 529 1929 Quod
553 1871 733 1918 autem
774 1864 862 1917 ille
906 1864 1089 1919 salvos
1123 1862 1290 1916 faciat
1318 1870 1603 1931 sperantes
1635 1861 1691 1914 in
1721 1875 1801 1926 se,
1832 1874 1946 1914 non

2079 1861 2256 1931 ἱυρίου
2298 1865 2573 1934 σωτηρίαν
2615 1865 2724 1925 πᾶς
2765 1862 2972 1928 δίκαιος
3004 1865 3257 1937 ἀκηκοὼς
3285 1865 3641 1938 εὐφρανθείη.

371 1958 424 2012 id
455 1957 697 2010 admittit
744 1965 804 2010 ut
837 1957 989 2010 solus
1050 1957 1314 2024 hymnum
1352 1956 1521 2010 edat:
1579 1955 1672 2010 sed
1713 1969 1808 2009 eos
1851 1954 1947 2022 qui

369 2054 653 2098 consortes
683 2055 812 2099 sunt
841 2047 1144 2100 clementiae
1180 2045 1419 2110 Domini,
1475 2055 1761 2101 consortes
1786 2044 1950 2100 elIicit

371 2135 595 2191 cantici.

440 2227 493 2280 5.
527 2225 868 2296 Magniﬁcate
895 2227 1179 2280 Dominum
1211 2244 1384 2281 meum
1441 2238 1492 2282 et
1532 2228 1826 2282 exaltemus
1853 2245 1949 2282 no-

369 2333 486 2369 men
512 2318 625 2386 ejus
658 2320 712 2371 in
733 2319 988 2388 idipsum.
1019 2318 1187 2385 Quasi
1240 2335 1351 2374 non
1394 2320 1629 2375 suﬂiciat
1658 2320 1774 2390 ipse
1798 2321 1950 2376 solus

374 2411 836 2480 magniﬁcentiam
894 2411 987 2465 Dei
1037 2413 1346 2479 enuntiare,
1400 2413 1641 2483 postulat
1669 2429 1732 2467 ea
1780 2413 1836 2468 in
1888 2430 1950 2470 re

371 2503 601 2558 aliorum
631 2522 852 2574 operam
888 2515 940 2560 et
967 2507 1256 2561 auxilium.

442 2687 496 2742 5.
520 2688 762 2741 Accedite
785 2687 854 2740 ad
885 2703 1003 2742 eum
1034 2696 1081 2740 et
1114 2686 1520 2743 illuminamini.
1560 2687 1638 2742 Ex
1669 2689 1951 2745 concessis

371 2780 531 2834 donis
559 2789 780 2850 accepta
810 2779 1029 2844 ﬁducia,
1063 2780 1201 2836 alios
1227 2781 1395 2835 etiam
1429 2781 1494 2834 ad
1527 2781 1581 2836 id
1620 2781 1834 2836 invitat.

441 2953 497 3009 6.
535 2951 645 3008 Iste
695 2969 893 3022 pauper
941 2952 1210 3017 clamavit,
1264 2963 1313 3008 et
1365 2953 1624 3008 Dominus
1681 2955 1953 3009 exaudivit

371 3062 512 3102 eum.
534 3045 792 3112 Ediscite,
829 3046 1027 3115 inquit,
1059 3061 1126 3100 ex
1159 3046 1225 3101 iis
1259 3061 1383 3114 qum
1422 3047 1557 3100 mihi
1603 3047 1951 3111 acciderunt,

374 3137 630 3193 ﬁduciam
677 3137 878 3191 habere
924 3137 980 3190 in
1043 3136 1334 3191 Dominum
1402 3138 1812 3194 universorum.
1872 3139 1956 3194 Me

376 3240 614 3298 namque
637 3229 795 3283 vilem
827 3237 881 3283 et
909 3228 1181 3297 abiectum
1223 3237 1275 3281 ct
1298 3237 1571 3297 pastorem
1625 3230 1831 3293 ovium,
1857 3247 1954 3284 sua

376 3320 631 3390 dignatus
674 3328 756 3373 est
784 3320 1142 3388 providentia.
1172 3329 1337 3373 atoue
1375 3319 1629 3374 hostibus
1680 3330 1948 3390 praestan-

377 3417 574 3463 tiorem
603 3411 873 3464 exhibuit.

452 3502 504 3555 7.
545 3501 1264 3572 Castrametabiturangelus
1284 3501 1498 3556 Domini
1531 3504 1584 3556 in
1631 3505 1857 3557 circuitu
1892 3507 1960 3558 ti-

380 3595 635 3648 mentium
655 3611 794 3655 eum,
812 3604 860 3647 et
889 3595 1073 3663 eripiet
1097 3610 1205 3648 eos.
1233 3593 1349 3650 Hoc
1369 3606 1636 3651 consonat
1659 3613 1782 3650 cum
1817 3597 1960 3666 Apo-

381 3685 508 3742 stoli
559 3685 742 3740 verbis
767 3685 846 3738 7‘:
883 3683 1068 3738 Nonne
1104 3702 1280 3739 omnes
1327 3696 1449 3740 sunt
1510 3687 1959 3742 administratorii

381 3779 673 3849 spiritusin
708 3778 1062 3831 ministerium
1098 3779 1270 3840 missi,
1293 3790 1506 3848 propter
1538 3797 1624 3834 eos
1674 3781 1766 3849 qui
1787 3782 1950 3835 luere-

379 3872 601 3926 ditatem
625 3872 833 3942 capturi
862 3871 1214 3929 suntsalutis.
1235 3872 1312 3927 lla
1343 3885 1398 3930 et
1428 3876 1619 3931 beatus
1649 3876 1816 3931 Jacob
1846 3879 1960 3934 htec

379 3972 635 4034 precatur
663 3965 710 3996 ⁷⁵
733 3983 746 4020 :
773 3965 1002 4035 Angelus
1044 3968 1134 4036 qui
1160 3968 1353 4037 eripuit
1385 3985 1463 4022 me
1493 3985 1556 4023 ea:
1602 3971 1842 4024 omnibus
1870 3988 1962 4025 ca-

379 4054 708 4108 lamitatibus
747 4057 896 4111 meis.
957 4055 1163 4112 Eodem
1203 4059 1368 4112 modo
1408 4059 1724 4126 patriarcha
1777 4061 1960 4114 Abra-

380 4145 532 4209 ham,
574 4146 880 4200 admirabili
936 4148 1235 4202 domestico
1274 4164 1376 4203 suo
1433 4151 1509 4203 ait
1565 4151 1647 4204 7°:
1701 4151 1960 4207 Dominus

381 4236 523 4291 Deus
554 4239 727 4292 mittet
757 4239 1002 4308 angelum
1029 4257 1184 4292 suum
1209 4250 1330 4294 ante
1358 4243 1550 4310 [aciem
1575 4254 1743 4309 tuam,
1772 4256 1823 4298 et
1867 4262 1961 4298 ac-

379 4330 542 4398 cipies
574 4344 794 4384 uxorem
822 4330 935 4398 ﬁlio
959 4346 1072 4383 meo
1109 4329 1270 4384 Isaac
1317 4332 1525 4386 exinde.
1559 4332 1649 4388 Sic
1685 4347 1739 4388 et
1770 4335 1962 4392 beatus

381 4420 678 4478 Zacharias
704 4423 780 4476 ait
809 4423 890 4477 7":
928 4421 1160 4491 Angelus
1187 4423 1278 4493 qui
1310 4423 1623 4493 loquebatur
1671 4427 1818 4480 mihi.

455 4681 511 4738 8.
556 4683 778 4740 Gustata
813 4696 862 4741 et
889 4689 1052 4742 videte
1094 4689 1340 4759 quoniam
1375 4691 1552 4744 suavis
1575 4700 1652 4745 est
1681 4691 1956 4748 Dominus.

382 4774 462 4829 Ex
491 4791 642 4838 vero,
685 4777 883 4847 inquit,
933 4794 1072 4847 pane
1123 4789 1371 4848 gustate,
1435 4781 1529 4849 qui
1563 4781 1848 4836 descendit
1892 4800 1959 4838 ex

381 4867 544 4922 cwlo.
575 4867 772 4922 Beatus
795 4870 875 4922 vir
915 4871 1006 4938 qui
1046 4881 1225 4938 sperat
1274 4871 1332 4924 in
1389 4886 1488 4936 eo;
1517 4871 1759 4926 futuram
1809 4876 1957 4929 enim

383 4959 550 5013 vitam
575 4969 968 5028 consequetur.

455 5051 545 5106 10.
573 5049 769 5104 Divites
798 5062 1047 5121 eguerunt
1072 5060 1120 5105 et
1141 5053 1461 5107 esurierunt.
1488 5053 1753 5111 Videlicet
1783 5073 1960 5128 popu-

383 5141 470 5195 lus
498 5139 781 5196 .Iudaicus.
816 5139 1147 5210 Inquirentes
1173 5155 1351 5196 autem
1390 5145 1670 5198 Dominum
1727 5164 1830 5201 non
1861 5151 1962 5202 mi-

384 5242 613 5288 nuentur
633 5234 686 5287 in
713 5234 855 5286 omni
886 5234 1039 5288 bono.
1059 5235 1240 5288 Alium
1260 5235 1392 5290 dicit
1415 5237 1653 5306 gentium
1677 5240 1962 5308 populum.

456 5412 545 5466 Η.
585 5411 785 5476 Venite,
815 5413 940 5484 filii,
979 5413 1160 5468 audite
1190 5431 1292 5481 me,
1324 5415 1564 5470 timorem
1616 5415 1829 5471 Domini
1860 5419 1957 5472 do-

385 5501 508 5556 cebo
535 5519 689 5557 vos...
714 5515 763 5557 et
793 5504 936 5558 latia
969 5513 1060 5557 tua
1090 5522 1151 5558 ne
1177 5505 1464 5576 loquantur
1489 5507 1693 5562 dolum.
1749 5509 1963 5564 Doctri-

388 5605 518 5644 nam
557 5591 810 5660 gentibus
838 5593 1243 5662 prazdicandam
1276 5597 1553 5667 proponit,
1600 5597 1760 5667 cujus
1783 5600 1964 5669 primo

389 5683 603 5740 cssea'u
627 5682 862 5738 timoreu
891 5683 1021 5740 Dei:
1053 5687 1296 5742 secundo
1312 5703 1420 5743 non
1445 5689 1752 5746 obtrectare
1771 5690 1963 5761 fratri;

469 5817 514 5850 ⁷⁸
537 5816 698 5876 licbr.
727 5837 766 5880 l.
804 5823 863 5878 Μ
967 5825 1009 5860 τ’
1037 5821 1170 5884 Ceu.
1208 5844 1395 5899 \Lvm,
1426 5829 1509 5885 l5.

1605 5831 1649 5863 ’θ
1673 5829 1803 5886 Gen.
1839 5850 1984 5892 xxiv.
2030 5835 2114 5892 ’tO.

2054 1953 2175 2005 ’Ὀτι
2201 1952 2264 2025 δὴ
2284 1953 2444 2020 σώζει
2469 1956 2596 2020 τοὺς
2619 1957 2937 2021 ἐλπίζοντας
2957 1959 3042 2011 ἐπ’
3066 1957 3247 2022 αὐτὸν,
3269 1958 3370 2010 οὐκ
3393 1957 3647 2026 ἀνέχεται

2055 2043 2213 2114 μόνος
2259 2045 2463 2116 ὑφῆναι
2502 2047 2594 2101 τὸν
2644 2049 2830 2120 ὕμνον,
2870 2051 3006 2105 ἀλλά
3052 2052 3180 2116 τοὺς
3222 2054 3511 2116 κοινωνοὺς
3542 2051 3646 2123 τῆς

2052 2135 2378 2206 πραότητος,
2407 2141 2696 2202 κοινωνοὺς
2713 2143 2946 2195 ποιεῖται
2968 2142 3068 2212 τῆς
3098 2143 3390 2214 ὑμνῳδίας.

2121 2228 2514 2295 Μεγαλύνατε
2538 2229 2644 2283 τὸν
2686 2233 2908 2300 Κύριον
2937 2232 3060 2286 σὺν
3084 2233 3236 2303 ἐμοὶ,
3270 2234 3369 2288 καὶ
3399 2233 3648 2303 ὐψὼσο-

2047 2333 2164 2385 μεν
2211 2317 2279 2371 τὸ
2326 2318 2514 2388 ὄνομα
2560 2323 2748 2376 αὐτοῦ
2791 2323 3126 2379 ὲπιτοαυτό.
3170 2325 3257 2390 Ὠς
3285 2327 3358 2396 μὴ
3394 2326 3648 2397 ἐξαρκῶν

2055 2407 2126 2460 τά
2154 2409 2418 2479 μεγαλεῖα
2445 2410 2757 2481 ἐξαγγεῖλαι
2781 2415 2875 2467 τοῦ
2906 2415 3064 2482 Θεοῦ,
3096 2420 3175 2482 είς
3214 2419 3373 2471 τοῦτο
3398 2419 3529 2472 αὐτὸ
3566 2420 3650 2483 ὡς

2054 2500 2656 2572 περισυλλαμὸάνεσθαι
2689 2506 2784 2559 καὶ
2811 2509 2939 2572 τοὺς
2966 2509 3158 2574 ἄλλους
3199 2510 3342 2576 ἀξιοῖ
3377 2513 3472 2565 καὶ
3505 2529 3648 2582 συμ-

2055 2591 2339 2662 πράττειν.

2126 2683 2499 2751 Προσέλθετε
2542 2686 2692 2755 πρὸς
2733 2690 2940 2755 αὐτὸν,
2979 2693 3078 2746 καί
3119 2696 3474 2762 φωτίσθητε.
3527 2697 3646 2765 Ἀφ’

2055 2766 2130 2828 ὧν
2186 2773 2404 2838 ἐδέξατο
2449 2776 2747 2843 πεποιθὼς,
2801 2779 2897 2832 καὶ
2938 2782 3065 2844 τοὺς
3115 2781 3306 2848 ἄλλους
3352 2785 3434 2847 είς
3482 2783 3647 2838 τοῦτο

2057 2862 2268 2931 ἀνάγεα

2139 2952 2331 3023 Οὗτος
2361 2959 2393 3010 ό
2429 2958 2665 3028 πτωχὸς
2704 2959 3024 3030 ἐκέκραξε,
3068 2965 3167 3018 καὶ
3200 2969 3233 3019 ό
3269 2968 3482 3036 Κύριος
3521 2972 3648 3023 εἰσ-

2060 3043 2334 3110 ήκουσεν
2375 3049 2582 3101 αὐτόν.
2636 3049 2874 3113 Μάθετε,
2905 3053 3089 3122 φησὶν,
3132 3056 3195 3106 ἐκ
3239 3055 3348 3108 τῶν
3397 3058 3514 3109 κατ’
3544 3059 3647 3128 ἐμὲ

2063 3136 2286 3207 θαρρεῖν
2318 3137 2397 3208 τῷ
2435 3138 2542 3190 τῶν
2576 3139 2710 3192 ὅλων
2743 3140 2882 3211 Θεῷ.
2915 3143 3120 3214 Εὐτελῆ
3149 3145 3256 3216 γὰρ
3283 3145 3411 3199 ὄντα
3444 3165 3510 3219 με
3551 3153 3650 3203 καὶ

2063 3226 2359 3297 προϐατέα,
2381 3229 2478 3299 τῆς
2504 3231 2708 3294 οἰκείας
2740 3233 3081 3304 προμηθείας
3106 3235 3325 3306 ἠξίωσε,
3346 3240 3436 3292 καὶ
3467 3241 3651 3310 κρείτο

2060 3334 2191 3382 τονα
2212 3318 2319 3372 τῶν
2352 3320 2729 3392 πολεμούντων
2754 3325 3020 3398 ἀπέφηνε.

2130 3500 2507 3568 Παρεμϐαλεῖ
2527 3501 2780 3572 ἅγγελος
2805 3505 3026 3574 Κυρίου
3053 3506 3258 3568 κύκλῳ
3285 3505 3403 3560 τῶν
3423 3509 3648 3576 φοϐου-

2055 3589 2257 3658 μένων
2284 3593 2489 3659 αὑτὸν,
2509 3594 2607 3646 καὶ
2629 3596 2879 3663 ῥύσεται
2902 3599 3145 3664 αὐτούς.
3166 3598 3335 3652 Τοῦτο
3363 3605 3653 3671 συμφωνεῖ

2062 3682 2156 3733 καὶ
2192 3681 2286 3734 τοῦ
2332 3684 2654 3739 Ἀποστόλου
2692 3691 2805 3752 τοῖς
2843 3690 3068 3760 ρήμασισ
3103 3692 3230 3760 περὶ
3266 3691 3374 3762 γὰρ
3405 3692 3514 3745 τῶν
3543 3694 3649 3761 ἀγ-

2061 3773 2234 3842 γέλων
2268 3768 2424 3840 οὗτός
2457 3794 2641 3848 φησιν·
2681 3781 2826 3848 Οὐχί
2857 3781 3080 3848 πάντες
3113 3785 3233 3837 εὶσὶ
3264 3789 3651 3856 λειτουργικὰ

2063 3867 2374 3934 πνεύματα
2429 3871 2514 3934 είς
2575 3873 2954 3942 λειτουργίαν
3003 3875 3502 3947 ἀποστελλόμενα
3546 3879 3651 3934 (id

2062 3956 2206 4021 τοὺς
2267 3957 2609 4026 μέλλοντας
2655 3964 3054 4033 κληρονομεῖν
3099 3970 3424 4036 σωτηρίαν.
3488 3969 3652 4024 Οὕτω

2063 4049 2155 4101 καὶ¹
2193 4050 2221 4100 ὁ
2249 4050 2514 4121 μακάριος
2552 4052 2745 4105 Ἰακὼϐ
2772 4057 3204 4128 προσευχόμενος
3233 4077 3413 4130 φησιν’
3457 4061 3511 4114 '0
3540 4062 3650 4133 ἆγ-

2064 4144 2239 4210 γελος
2269 4143 2300 4192 ό
2317 4139 2664 4210 ρυσιίμενός
2681 4161 2759 4213 με
2783 4145 2851 4198 ἐκ
2874 4146 3114 4202 πάντων
3135 4147 3254 4203 τῶν
3276 4150 3477 4205 κακῶν
3493 4171 3638 4222 μου.

2065 4230 2220 4283 Οὕτω
2257 4233 2350 4284 καὶ
2394 4232 2422 4283 ὁ
2465 4236 2807 4307 πατριάρχης
2853 4237 3102 4309 Ἀϐραὰμ
3131 4241 3266 4313 πρὸς
3293 4243 3384 4295 τὸν
3429 4244 3645 4315 θαυμά-

2067 4339 2179 4376 σιον
2225 4325 2440 4396 οἰκέτην
2479 4325 2614 4397 ἔφη·
2663 4329 2873 4394 Κύριος
2903 4332 2936 4382 ό
2978 4332 3120 4398 Θεὸς
3167 4333 3501 4388 ἀποστελεῖ
3539 4337 3650 4391 τὸν

2066 4413 2325 4484 ἄγγελον
2369 4417 2554 4470 αὑτοῦ
2608 4418 2721 4486 πρὸ
2767 4421 3091 4487 προσώπου
3137 4439 3286 4491 σου,
3326 4427 3424 4480 καὶ
3469 4428 3650 4498 λήψῃ

1990 4530 2042 4589 D
2069 4506 2324 4574 γυναῖκα
2353 4506 2433 4571 τῷ
2458 4507 2565 4572 υίῷ
2595 4527 2715 4577 μου
2777 4511 2971 4566 Ἰσαὰκ
3015 4514 3260 4570 ἐκεῖθεν.
3291 4517 3448 4572 Οὕτω
3484 4521 3582 4573 καὶ
3619 4522 3651 4574 ὁ

2073 4597 2340 4668 μακάριος
2364 4595 2510 4667 λὲγει
2534 4600 2829 4671 Ζαχαρίας·
2859 4604 2910 4655 Ὁ
2937 4605 3238 4674 ἂγγελοςό
3265 4610 3473 4664 λαλῶν
3492 4614 3647 4682 ἐμοί.

2141 4689 2491 4753 Γεύσασθε,
2535 4693 2631 4744 καὶ
2680 4691 2854 4758 ἴδετε,
2887 4694 2976 4749 ὅτι
3023 4700 3286 4767 χρηστὸς
3333 4705 3366 4756 ό
3406 4704 3647 4771 Κύριος.

2067 4775 2173 4828 Τοῦ
2207 4777 2458 4848 ἀληθινοῦ
2488 4780 2672 4852 ἄρτου,
2698 4785 2850 4854 φησὶ,
2881 4787 3167 4854 γεύσασθε,
3193 4788 3284 4843 τοῦ
3310 4793 3652 4857 καταϐάντος

2066 4867 2125 4933 ἐξ
2159 4868 2408 4939 οὐρανοῦ.
2454 4871 2753 4940 Μακάριος
2786 4876 2939 4944 ἀνὴρ
2975 4877 3040 4945 ὃς
3065 4880 3285 4942 ἐλπίζει
3312 4883 3406 4935 ἐπ’
3437 4885 3644 4939 αὐτόν·
3705 4891 3716 4900 ’

2064 4957 2174 5025 ἕξει
2199 4960 2306 5030 γὰρ
2337 4961 2436 5032 τὴν
2471 4961 2770 5032 μέλλουσαν
2795 4965 2958 5040 ζωήν.

2137 5054 2426 5106 Πλούσιοι
2458 5054 2849 5123 ἐπτώχευσαν
2879 5060 2977 5113 καὶ
3016 5061 3369 5122 ἐπείνασαν.
3397 5067 3649 5139 Δηλονάτι

2065 5143 2094 5195 ὁ
2125 5143 2232 5195 τῶν
2275 5145 2542 5198 Ἰουδαίων
2587 5147 2732 5211 λαός.
2776 5153 2841 5204 Ol
2883 5151 2952 5205 δὲ
2984 5154 3368 5224 ἐπιζητοῦντες
3398 5159 3504 5212 τὸν
3533 5163 3650 5214 Κύ-

2059 5253 2198 5304 ριον
2243 5238 2357 5290 οὐκ
2415 5238 2932 5309 ἐλαττωθήσονται
2967 5247 3193 5314 παντὸς
3242 5250 3489 5319 ἀγαθοῦ.
3546 5253 3652 5304 Τὸν

2067 5327 2253 5396 ἕτερον
2285 5327 2429 5397 λέγει
2455 5329 2546 5381 τὸν
2577 5331 2685 5383 τῶν
2718 5333 2908 5389 ἐθνῶν.

2135 5419 2332 5484 Δεῦτε,
2361 5418 2560 5481 τέκνα,
2587 5421 2886 5479 ἀκούσατέ
2911 5445 3055 5495 μου·
3084 5431 3272 5497 φόϐον
3305 5432 3528 5499 Κυρίου
3561 5432 3650 5485 δι-

2067 5509 2229 5574 δάξω
2257 5509 2413 5579 ὑμᾶς
2443 5550 2457 5564 .
2496 5552 2509 5564 .
2543 5552 2556 5566 .
2595 5554 2612 5569 .
2643 5552 2657 5566 .
2691 5554 2703 5567 .
2737 5517 2844 5595 καί
2867 5519 3040 5586 χείλη
3071 5536 3187 5574 σου
3221 5522 3327 5576 τοῦ
3352 5523 3438 5591 μὴ
3466 5523 3653 5591 λαλῆ-

2069 5618 2175 5656 σαι
2235 5605 2442 5657 δόλον.
2492 5604 2849 5660 Διδασκαλίαν
2901 5610 3070 5666 ἐθνῶν
3131 5615 3524 5684 παρατίθεται,
3581 5611 3652 5687 ἦς

2073 5695 2289 5766 πρῶτον
2318 5696 2408 5749 τὸν
2436 5697 2598 5765 φόϐον
2641 5699 2734 5752 τοῦ
2773 5701 2907 5755 Θεοῦ
2942 5698 3081 5758 εἷναί
3115 5723 3246 5779 φησι
3267 5725 3279 5739 °
3309 5706 3558 5778 δεύτερον
3591 5709 3650 5761 τὸ

2196 5839 2237 5868 ⁷⁷
2275 5836 2504 5893 Zachar.
2544 5853 2602 5903 tt,
2641 5839 2691 5893 5.
