3874 6218
198 249 287 303 I69

1223 245 1588 302 EXPOSITIO
1646 245 1712 300 IN
1752 243 2081 301 PSALMUM
2121 244 2360 302 XXXIV.

3302 253 3405 309 1ῗο

194 365 260 434 μὴ
285 362 589 417 καταλαλεῖν
617 361 842 433 ἀδελφοῦ
864 380 876 391 ·
913 361 1117 433 τρίτον,
1145 362 1295 415 δόλου
1322 363 1518 428 παντὸς
1545 361 1734 415 παύειν

1869 361 2016 423 ertio,
2053 361 2120 415 ab
2148 361 2295 415 omni
2331 360 2523 416 doloso
2547 360 2693 416 dicto
2724 362 2865 416 labia
2922 377 3210 432 coercere;
3236 381 3404 436 quar-
3439 411 3449 430 ,

191 451 251 502 τὰ
276 451 440 521 χείλη·
469 450 739 520 τέταρτον,
769 451 975 522 ἀποχὴν
1003 453 1202 514 παντὸς
1231 452 1398 506 κακοῦ
1425 455 1519 506 καὶ
1549 455 1740 526 ἐπιτή-

191 541 354 593 δευσιν
393 542 595 610 ἀγαθοῦ
641 545 696 594 ἐν
730 543 950 599 ἅπασιν.
1010 545 1124 612 Ἐφ’
1171 544 1372 597 ἅπασιν
1418 544 1474 598 δὲ
1509 545 1737 609 τούτοις.

194 633 398 702 εἰρήνην
448 631 750 684 ἐπιδιώκειν
797 634 889 686 καὶ
937 633 1253 703 ἀντέχεσθαι
1305 635 1493 704 αὐτῆς.
1537 637 1741 707 Εἰρήνη

193 723 242 773 δὲ
268 725 294 775 6
327 724 571 793 Χριστός.
604 723 819 776 Τούτων
843 725 899 777 δὲ
938 725 1036 795 τὴν
1066 724 1408 794 ἐπιτήδευσιν
1439 724 1580 796 ζωὴν
1607 721 1741 779 εἶναι

195 811 326 879 λέγει
357 813 446 864 καὶ⁸
473 813 683 883 ἡμέρας
705 814 936 882 ἀγαθάς.

262 906 571 957 Ἐκκλινον
609 905 727 958 ἀπὸ
781 905 994 968 κακοῦ,
1040 905 1136 958 καὶ
1179 907 1442 973 ποίησον
1479 905 1737 974 ἀγαθόν’

192 994 430 1061 ζήτησον
453 995 718 1063 εἰρήνην,
743 997 840 1049 καὶ
867 995 1082 1060 δίωξον
1104 996 1314 1063 αὐτήν.
1341 996 1433 1060 Τὸ,
1458 997 1743 1052 ἕκκλινον

191 1086 296 1138 ἀπὸ
323 1086 528 1150 κακοῦ,
556 1087 583 1137 6
617 1086 777 1154 φόϐος
804 1087 1072 1140 διδάσκει·
1097 1087 1158 1139 τὸ
1189 1087 1275 1150 δὲ,
1307 1088 1564 1154 ποίησον
1602 1089 1743 1156 ἀγα-

190 1175 306 1236 θὸν,
333 1177 364 1245 ἡ
388 1177 594 1246 ἁγάπ-η.
621 1177 711 1229 Διὸ
737 1177 936 1246 μείζων
961 1180 989 1229 ὁ
1015 1176 1242 1245 ἀγαπῶν
1271 1177 1364 1229 τοῦ
1387 1177 1738 1248 φοϐουμένου.

261 1266 562 1334 Ὀρθαλμοὶ
594 1267 812 1334 Κυρίου
839 1268 938 1321 ἐπὶ
964 1268 1253 1334 δικαίους,
1286 1270 1383 1322 καὶ
1412 1265 1532 1323 ὦτα
1554 1271 1741 1323 αὑτοῦ

187 1359 265 1420 εις
291 1357 495 1424 δέησιν
537 1359 756 1414 αὐτῶν.
791 1359 980 1427 Μέγαν
1019 1362 1084 1430 τῇ
1129 1360 1467 1431 ἐπιτηδεύσει
1494 1361 1591 1431 τῆς
1617 1361 1742 1434 ἀρε-

185 1451 273 1518 τῆς
294 1450 589 1505 ἀποδέδωκε
614 1451 822 1522 μισθὸν,
854 1453 911 1504 τὸ
939 1452 1181 1523 ὲπόπτην
1205 1451 1347 1523 ἔχειν
1377 1453 1529 1506 Θεόν.

249 1630 549 1684 Φυλάσσει
581 1631 1012 1699 Κύριος-’πάντα
1037 1631 1109 1685 τὰ
1142 1629 1293 1686 ὀστᾶ
1317 1631 1537 1685 αὐτῶν.
1580 1631 1743 1684 Ὀστᾶ

185 1739 305 1792 φησι
331 1722 424 1784 τὰς
451 1723 549 1791 τῆς
581 1722 758 1792 ψυχῆς
782 1723 1056 1794 δυνάμεις.
1081 1721 1228 1774 Αύτὰ
1255 1721 1312 1774 δέ
1341 1723 1445 1774 εἱσι
1473 1720 1742 1774 δικαιοσύ-

186 1831 261 1884 νη,
286 1815 565 1884 καρτερία,
602 1814 851 1866 εύσέδεια
885 1813 980 1866 καὶ
1017 1814 1184 1872 πᾶσα,
1226 1811 1302 1874 ὡς
1330 1814 1520 1875 εἰπεῖν,
1549 1812 1736 1884 ἀρετή.

248 1903 499 1982 ᾅάνατος
545 1902 906 1972 ἁμαρτωλῶν
945 1903 1224 1970 πονηρός.
1268 1902 1372 1954 Τὸν
1417 1902 1515 1971 τῆς
1567 1900 1742 1970 ψυχῆς

183 1993 393 2047 θάνατόν
424 2012 609 2066 φησιν,
639 1995 698 2048 ὃν
733 1996 827 2048 καὶ
863 1994 1163 2061 διαδέξεται
1204 1992 1315 2065 πῦρ
1344 1992 1579 2057 αἰώνιον,
1619 1992 1742 2044 σκό-

183 2103 262 2149 τος
305 2086 599 2157 ἐξώτερον,
654 2087 952 2173 ἀκοίμητος
1007 2083 1259 2156 σκώληξ,
1315 2083 1588 2154 κλαυθμὸς
1647 2084 1740 2136 καὶ

185 2177 402 2247 ὀδυρμὸς
424 2177 534 2232 τῶν
562 2179 808 2232 ὀδόντων.
837 2179 1034 2233 Γέεννα
1052 2177 1175 2248 γὰρ
1204 2177 1397 2240 αὐτοὺς
1428 2178 1524 2230 καὶ
1554 2175 1741 2239 σκότος

181 2267 314 2322 διαδέ
320 2286 447 2339 χετα

561 2385 861 2437 ΨΑΛΜΟΣ
886 2382 964 2448 τῷ
992 2381 1190 2436 Δαυῒδ.
1221 2384 1344 2436 ΛΔ’.

799 2497 1125 2563 Ὑπόθεσις.

191 2607 278 2664 Ἕκ
306 2611 596 2683 προσώπου
633 2610 724 2665 τοῦ
749 2611 1066 2673 πεποιθότος
1089 2611 1180 2664 ἐπὶ
1197 2609 1330 2663 Θεὸν
1355 2609 1449 2662 καὶ
1478 2607 1740 2676 πολεμου-

249 2714 402 2770 μενου
436 2696 545 2756 ὑπὸ
590 2703 698 2757 τῶν
728 2704 948 2773 ἀφανῶν
975 2703 1254 2772 δυνάμεων
1300 2699 1368 2753 τὰ
1407 2697 1741 2770 προκείμενα

242 2791 469 2863 λέγεται,
497 2794 530 2866 ἢ
565 2795 660 2848 καὶ
684 2796 749 2848 ἐκ
809 2795 902 2847 τοῦ
937 2793 1096 2866 χοροῦ
1127 2792 1234 2845 τῶν
1266 2789 1592 2845 ἀποστόλων.
1621 2789 1741 2841 Εἰσ-

241 2885 424 2952 άγεται
471 2886 529 2939 δὲ
577 2885 670 2938 καὶ
697 2885 984 2956 πρόσωπον
1017 2883 1109 2937 τοῦ
1143 2881 1401 2954 Χριστοῦ,
1430 2879 1501 2934 τὰ
1547 2879 1638 2932 ἐπὶ
1664 2877 1741 2949 τῷ

243 2975 394 3028 πάθει
421 2974 576 3045 παρὰ
623 2975 733 3028 τῶν
777 2975 1045 3028 Ἰουδαίων
1088 2975 1168 3036 εἰς
1206 2972 1364 3025 αὑτὸν
1403 2971 1739 3042 γεγενημένα

242 3065 594 3137 διηγουμένου
617 3107 631 3130 ,
679 3066 814 3136 πρὸς
849 3064 1122 3137 ὑπομονὴν
1169 3063 1264 3117 καὶ
1312 3061 1604 3136 καρτερίαν
1632 3060 1740 3114 τῶν
1767 3047 1808 3104 C

247 3157 665 3228 πολεμουμένων
696 3156 783 3210 διὰ
814 3157 966 3211 Θεὸν.

239 3249 512 3310 Δίκασον,
544 3250 744 3316 Κύριε,
789 3248 930 3313 τοὺς
965 3243 1324 3310 ἀδικοῦντάς
1350 3260 1448 3312 με,
1480 3240 1728 3310 πολέμη-

177 3355 284 3392 σον
310 3340 446 3407 τοὺς
471 3338 889 3409 πολεμοῦντάς
912 3355 1006 3407 με.
1039 3335 1128 3406 Τῷ
1160 3334 1436 3406 προσώπῳ
1459 3331 1567 3386 τῶν
1604 3333 1741 3385 ἀπο-

180 3431 364 3485 στόλων
389 3434 626 3503 ἁρμόσει
657 3433 691 3502 ή
726 3431 1002 3503 πρόσοδος.

244 3524 372 3588 Τοὺς
409 3524 699 3587 Ἰουδαίους
741 3524 926 3595 φησὶν,
967 3524 1016 3577 οἳ
1063 3523 1138 3595 μὴ
1175 3523 1390 3592 ἔχοντες
1428 3523 1485 3576 ὲν
1527 3522 1738 3584 ἑαυτοῖς

182 3615 401 3684 εἰρήνην,
434 3616 707 3684 πολέμους
737 3615 936 3686 ἔχουσι,
966 3617 1058 3669 καὶ
1083 3615 1375 3686 πολεμοῦσι
1403 3614 1654 3686 Χριστὸν,
1679 3615 1736 3676 ὃς

183 3706 313 3760 ἐστιν
331 3709 519 3780 εἰρήνη
549 3707 730 3778 ἡμῶν.
759 3707 1053 3777 ("actenus
1079 3708 1312 3777 Graeca.)

1844 458 1920 512 to,
1957 450 2228 504 abstinere
2253 448 2321 502 ab
2349 450 2494 502 omni
2523 450 2688 513 malo,
2740 459 2794 504 et
2832 465 3018 504 curam
3043 453 3096 506 in
3137 453 3395 509 omnibus

1842 541 2034 610 agendi
2060 540 2187 594 boni
2215 539 2430 593 habere.
2455 539 2533 594 Ad
2562 541 2675 594 haec
2703 541 2910 606 omnia,
2933 557 3122 612 pacem
3147 545 3402 614 persequi

1841 631 2174 728 eSatIipisci.
2210 629 2320 685 Pax
2353 640 2532 685 autem
2570 631 2822 687 Christus
2869 643 2972 688 est.
3007 633 3278 690 Harumee
3309 651 3398 691 re-

1842 723 1962 776 ru'm
2010 723 2456 790 sollicitudinem,
2483 725 2560 778 ait
2591 723 2756 778 vitam
2787 739 2912 779 esse
2941 733 2996 780 et
3041 725 3158 781 dies
3204 726 3400 783 bonos.
3446 767 3469 784 .

1913 898 1998 952 14.
2042 898 2257 954 Declina
2285 919 2317 955 a
2343 904 2483 955 malo
2504 912 2553 956 et
2578 905 2663 973 [ac
2693 905 2882 958 bonum
2918 922 2936 958 :
2973 907 3177 976 inquire
3202 920 3404 976 pacem,

1839 997 1889 1040 et
1915 1004 2215 1058 persequere
2247 1007 2381 1044 eam.
2439 991 2594 1055 Illud,
2631 994 2832 1047 declina
2885 1012 2916 1048 a
2953 996 3113 1060 malo,
3154 997 3312 1051 docet
3342 999 3408 1050 ti-

1842 1094 1995 1133 mor:
2029 1081 2130 1135 hoc
2157 1097 2305 1146 vero,
2337 1092 2385 1135 et
2425 1083 2512 1152 [ac
2539 1083 2748 1152 bonum,
2785 1101 2958 1140 amor.
2993 1087 3173 1153 Quare
3205 1105 3400 1146 amans

1843 1169 2064 1224 timente
2086 1174 2451 1240 prmslantior.

1913 1259 2001 1314 15.
2040 1260 2193 1313 Oculi
2224 1260 2438 1314 Domini
2486 1279 2645 1332 super
2696 1264 2896 1332 justas,
2930 1275 2978 1319 et
3010 1282 3161 1321 aures
3202 1267 3315 1337 ejus
3349 1269 3406 1322 εει

1842 1365 2015 1418 preces
2045 1365 2245 1404 eorum.
2277 1347 2522 1420 Magnam
2547 1353 2729 1408 studio
2755 1354 3174 1410 virtutistribuit
3201 1372 3381 1411 merce

1842 1441 1986 1506 dem,
2017 1441 2162 1510 quod
2205 1443 2416 1498 scilicet
2446 1443 2806 1514 inspectorem
2837 1455 2891 1500 et
2911 1453 3145 1502 tutorem
3171 1449 3404 1504 habeant

1845 1528 2036 1584 Deum.

1912 1625 2001 1679 21.
2056 1623 2298 1682 Custodit
2341 1628 2599 1684 Dominus
2632 1635 2809 1686 omnia
2840 1650 2963 1689 ossa
3023 1651 3224 1689 eorum.
3264 1635 3403 1692 Ossa

1772 1709 1813 1763 Β
1842 1717 2068 1774 virtutes
2092 1721 2260 1774 animi
2288 1721 2439 1777 dicit.
2474 1722 2590 1792 Ipsa
2622 1738 2752 1778 vero
2793 1734 2921 1779 sunt
2959 1725 3194 1795 iustitia,
3221 1743 3408 1798 perse-

1840 1811 2101 1872 verantia,
2138 1811 2330 1880 pietas,
2364 1822 2436 1875 et,
2469 1823 2529 1867 ut
2557 1815 2758 1878 dicam,
2787 1817 2964 1873 virtus
2986 1820 3186 1876 omnis.

1879 1899 2000 1953 -22.
2047 1899 2194 1955 Mors
2224 1911 2558 1970 peccatorum
2613 1907 2859 1974 pessima.
2908 1907 3120 1966 Anima:
3169 1921 3400 1968 mortem

1841 1989 2112 2061 intelligit,
2181 2008 2348 2062 quam
2393 1994 2665 2063 excipient
2694 1997 2834 2068 ignis
2880 2007 3141 2066 aeternus,
3173 2005 3407 2060 tenebrae

1843 2083 2164 2148 exteriores,
2198 2085 2400 2140 vermis
2435 2103 2713 2156 nunquam
2770 2090 3086 2160 moriturus,
3137 2093 3295 2148 ﬂetus
3353 2107 3408 2152 et

1839 2175 2041 2230 stridor
2057 2177 2318 2231 dentium.
2338 2177 2595 2234 Gehenna
2613 2180 2811 2250 quippe
2835 2191 2890 2237 et
2904 2184 3134 2240 tenebrae
3150 2200 3244 2242 eos
3258 2186 3408 2242 exci-

1838 2267 2012 2336 piunt.

2189 2375 2526 2434 PSALMUS
2567 2378 2758 2435 David.
2784 2380 3052 2436 XXXIV.

2419 2493 2820 2564 Argumentum.

1839 2605 2126 2676 Proposita
2155 2606 2320 2660 verba
2352 2606 2612 2661 dicuntur
2651 2624 2716 2662 ex
2744 2623 2974 2676 persona
2996 2609 3116 2679 ejus
3165 2612 3260 2681 qui
3293 2611 3406 2667 Deo

1912 2696 2189 2751 conlidens
2229 2696 2298 2750 ab
2355 2698 2586 2752 occultis
2636 2699 2996 2767 potestatibus
3034 2711 3396 2772 oppugnatur,

1913 2796 2008 2843 aut
2030 2787 2262 2843 fortasse
2295 2803 2359 2842 ex
2383 2804 2618 2858 persona
2669 2788 2822 2845 chori
2863 2792 3258 2860 apostolorum.
3314 2793 3407 2850 In~

1911 2879 2132 2934 ducitur
2159 2880 2286 2934 item
2333 2895 2566 2949 persona
2608 2880 2813 2937 Christi
2853 2897 2917 2938 ea
2943 2885 3251 2940 enarrantis
3279 2902 3402 2956 quae

1917 2970 2017 3025 sibi
2049 2980 2290 3040 tempore
2323 2969 2599 3027 Passionis
2623 2987 2654 3026 a
2680 2971 2882 3029 Judaeis
2916 2974 3062 3029 illata
3092 2989 3218 3031 sunt
3242 2977 3402 3036 mala.

1913 3062 1981 3116 ad
2012 3061 2287 3132 patientiae
2331 3071 2386 3117 et
2427 3065 2841 3133 perseverantiae
2891 3065 3296 3123 hortamentum
3338 3069 3408 3125 iis

1913 3154 2005 3221 qui
2025 3162 2240 3221 propter
2265 3152 2437 3208 Deum
2469 3154 2877 3225 impugnantur.

1916 3247 1968 3300 I.
2001 3245 2216 3310 Judica,
2245 3246 2488 3314 Domine,
2536 3259 2776 3304 nocentes
2811 3267 2912 3317 me,
2969 3268 3209 3324 expugna
3236 3254 3406 3321 impu-

1839 3346 2057 3407 gnantes
2109 3353 2208 3392 me.
2261 3336 2518 3393 Personae
2569 3340 2943 3407 apostolorum
2995 3341 3248 3398 convenit
3279 3359 3405 3413 sup-

1841 3427 2078 3496 plicatio.

1915 3515 2106 3569 Daniel
2132 3515 2422 3574 Barbarus.
2453 3517 2839 3589 Oppugnantes
2866 3519 3086 3578 Iudaeos
3131 3522 3404 3594 intelligit,

1842 3610 1956 3679 qui,
1982 3625 2106 3664 cum
2139 3609 2194 3663 in
2231 3625 2288 3664 se
2311 3625 2496 3678 pacem
2526 3626 2631 3665 non
2667 3612 2922 3674 habeant,
2970 3614 3169 3669 bellum
3211 3617 3410 3670 habent

1841 3709 1894 3756 et
1932 3701 2572 3770 oppugnantChristum,
2605 3702 2698 3772 qui
2725 3712 2810 3759 est
2838 3720 2942 3773 pax
2976 3717 3185 3761 nostra.
3221 3706 3289 3762 Et
3308 3723 3405 3763 ex-

185 3814 410 3870 pugnans
455 3801 599 3855 Deus
641 3799 931 3864 benefacit,
967 3799 1066 3855 hos
1123 3799 1339 3870 quidem
1393 3798 1595 3868 justos,
1635 3796 1758 3850 illos
1794 3806 1923 3846 vero
1955 3791 2164 3846 amicos
2195 3790 2422 3856 faciens,
2456 3799 2510 3846 et
2560 3791 2866 3860 impediens
2901 3795 3142 3852 actiones
3173 3813 3297 3866 quae
3343 3800 3397 3854 in

184 3896 399 3950 deterius
436 3896 825 3965 prolabuntur.

255 3987 563 4042 Ἐπιλίιϐοῦ
597 3987 791 4041 ὅπλου
823 3985 919 4040 καὶ
947 3985 1179 4053 θυρεοῦ,
1206 3985 1302 4038 καί
1329 3983 1620 4051 ἀνάστηθι
1650 3985 1738 4046 εἰς

1912 3989 1966 4044 ‘2.
2010 3989 2344 4057 Appreltende
2367 4006 2518 4042 arma
2544 4000 2593 4043 et
2617 4001 2845 4058 scutum,
2874 4002 2923 4045 et
2973 4009 3190 4065 exsurge
3217 3997 3272 4050 in
3313 3998 3410 4051 ad-

183 4070 285 4136 τὴν
304 4073 596 4140 ,ϐοήθειάν
621 4091 760 4141 μου.
796 4073 993 4127 ’Ὁπλον
1018 4077 1110 4128 καὶ
1135 4074 1325 4144 θυρεὸν
1346 4075 1436 4126 καὶ
1464 4073 1737 4143 ῥομφαίαν

1869 4081 2095 4132 utorium
2125 4080 2274 4144 mihi,
2303 4091 2406 4134 etc.
2435 4081 2622 4142 Arma,
2648 4091 2884 4149 scutum,
2917 4082 3145 4148 framea,
3179 4087 3408 4142 ultrices

184 4167 543 4234 τιμωρητικὰς
564 4167 822 4236 δυνάμεις
853 4167 1162 4228 αἰνίττεται,
1193 4165 1291 4228 τὰς
1318 4163 1739 4234 ὲκπεμπομένας

187 4257 320 4326 παρὰ
345 4258 548 4329 Κυρίου
579 4258 716 4328 πρὸς
741 4259 1056 4329 ἐπικουρίαν
1084 4257 1191 4309 τῶν
1213 4257 1454 4310 δικαίων.

1844 4171 2172 4225 adumbrant
2225 4181 2546 4240 potestates,
2581 4187 2611 4226 a
2661 4171 2892 4228 Domino
2919 4175 2988 4228 ad
3039 4191 3198 4244 opem
3239 4178 3408 4247 justis

1845 4260 2119 4316 ferendam
2163 4262 2455 4316 immissas.

246 4344 427 4402 Εἶπον
466 4347 546 4416 τῇ
596 4347 769 4416 ψυχῇ
808 4365 942 4416 μου·
987 4348 1251 4414 Σωτηρία
1294 4347 1410 4400 σού
1452 4349 1566 4414 ειμι
1607 4345 1737 4415 ἐγώ.

1920 4353 1973 4407 5.
2005 4351 2104 4404 Dic
2135 4353 2324 4406 animm
2352 4370 2477 4408 mea:
2497 4369 2516 4407 :
2545 4353 2704 4408 Salus
2727 4363 2819 4407 tua
2847 4371 2940 4424 ego
2977 4372 3114 4409 sum.
3151 4356 3206 4410 Id
3242 4366 3294 4412 te
3320 4373 3409 4412 ro-

187 4437 338 4491 Τοῦτό
379 4457 458 4504 σε,
501 4439 692 4510 φησὶν,
718 4439 852 4492 αἰτῶ
888 4441 1059 4492 εἰπεῖν
1090 4441 1154 4508 τῇ
1199 4437 1342 4510 ψυχῇ
1390 4455 1523 4508 μου,
1553 4439 1628 4501 ὼς
1654 4455 1744 4506 γε-

187 4529 308 4599 νήσῃ
336 4531 472 4601 αὐτῇ
504 4529 718 4600 βοηθός.

260 4621 836 4691 Ἀποστραρήτωσαν
860 4624 946 4687 εὶς
970 4620 1042 4674 τὰ
1075 4622 1284 4674 ὀπίσω.
1318 4619 1742 4693 Εὐεργετοῦνται

184 4711 227 4762 oi
254 4712 355 4765 ἀπὸ
378 4714 475 4784 τῆς
502 4714 706 4784 ἀρετῆς
733 4713 823 4764 ἐπὶ
858 4711 954 4782 τὴν
987 4711 1184 4766 κακίαν
1219 4711 1512 4774 ὁδεύοντες,
1544 4711 1638 4762 ἐὰν
1663 4710 1742 4773 εἰς

185 4803 245 4852 τὰ
267 4803 435 4856 ὀπίσω
463 4804 893 4873 ἐπιστραφῶσιν.

264 4891 501 4946 Ἐλθὲτω
546 4890 708 4955 αὐτῷ
737 4892 774 4959 ἡ
812 4890 990 4959 παγίς
1017 4889 1097 4956 ἢν
1122 4891 1193 4943 οὑ
1234 4888 1532 4958 γινώσκει.
1563 4888 1660 4941 καὶ
1703 4888 1741 4955 ἡ

187 4981 324 5048 θήρα
363 4981 443 5047 ἣν
485 4983 753 5050 ἔκρυψεν
797 4980 1148 5035 συλλαϐἐτω
1188 4979 1394 5044 αὐτὸν,
1436 4979 1534 5032 καὶ
1561 4979 1630 5032 ἐν
1669 4977 1743 5046 τῆ

187 5074 373 5141 κοιτίδι
403 5073 675 5129 πεσεῖται
701 5073 771 5125 ἐν
806 5071 978 5141 αὐτῇ.
1026 5072 1393 5144 Ἀντεστράφη
1420 5071 1529 5142 γὰρ
1556 5072 1632 5134 είς
1661 5087 1746 5123 κε-

186 5165 342 5230 φαλὰς
364 5165 617 5236 πονηρῶν
639 5167 672 5235 ἡ
690 5165 874 5232 παγίς.
890 5165 1261 5236 Θηρεύσαντες
1279 5165 1407 5235 γὰρ,
1421 5167 1500 5226 είς
1521 5163 1743 5216 θάνατον

186 5255 638 5327 ἁντηγρεύθησαν,
674 5256 768 5308 καὶ
793 5255 1004 5326 θανάτῳ
1032 5255 1430 5327 παραδίδονται.

259 5348 316 5400 Ἠ
342 5348 410 5401 δὲ
447 5346 619 5415 ψυχή
654 5365 774 5416 μου
818 5347 1243 5416 ἀγαλλιάσεται
1275 5347 1375 5400 ἐπὶ
1419 5344 1500 5411 τῷ
1531 5347 1739 5413 Κυρίῳ.

189 5437 244 5489 οι
283 5439 376 5506 μὲν
417 5435 513 5492 οὖν
540 5439 636 5509 τὴν
681 5439 863 5507 πάγην
901 5438 1278 5510 ἐξηρτυκότες,
1297 5439 1388 5493 καὶ
1415 5437 1475 5490 τὸ
1505 5438 1604 5507 τῆς
1629 5437 1745 5490 δια-

191 5532 376 5600 φθορᾶς
421 5530 570 5584 κατὰ
613 5530 708 5584 τοῦ
755 5531 970 5583 πάντων
1021 5532 1177 5601 ἡμῶν
1217 5531 1469 5600 Σωτῆρος
1508 5527 1742 5599 Χριστοῦ

192 5620 454 5686 συνθέντες
501 5619 848 5691 σκευώρημα,
881 5620 980 5684 τὰς
1011 5622 1108 5690 τῆς
1149 5622 1228 5682 είς
1275 5619 1436 5674 αὑτὸν
1465 5619 1743 5689 παροινίας

499 5715 766 5775 Ρλτιιοι..
815 5713 932 5774 Gn.
993 5712 1256 5773 XXVII.

1842 4457 1931 4512 go,
1963 4443 2158 4511 inquit,
2199 4443 2473 4499 utanimae
2511 4459 2645 4498 meae
2689 4445 2842 4499 dicas
2873 4454 2927 4500 te
2980 4446 3057 4499 illi
3101 4447 3406 4516 adjutorem

1843 4532 2111 4588 futurum.

1913 4618 1966 4671 4.
1989 4617 2306 4671 Avertantur
2339 4629 2646 4672 retrorsum.
2677 4619 2822 4675 Bene
2843 4620 3020 4689 agitur
3053 4636 3176 4676 cum
3204 4621 3273 4678 iis
3306 4624 3407 4700 qui

1843 4724 1908 4763 ex
1943 4711 2141 4764 virtute
2161 4710 2227 4764 ad
2269 4711 2531 4764 malitiam
2563 4718 2919 4776 transmeant,
2946 4712 2991 4768 si
3020 4723 3409 4770 convertantur

1845 4808 2167 4854 retrorsum.

1915 4891 1970 4945 8.
2021 4889 2208 4944 Veniat
2240 4889 2323 4944 illi
2370 4890 2586 4955 laqueus
2652 4907 2806 4961 quem
2849 4892 3081 4961 ignorat,
3129 4907 3179 4950 et
3235 4901 3408 4966 captio

1843 4999 2001 5050 quam
2019 4981 2289 5035 abscondit
2316 4981 2667 5050 apprehendat
2697 4999 2836 5048 eum,
2883 4996 2930 5039 et
2966 4986 3018 5038 in
3044 4985 3288 5058 laqueum
3315 5007 3410 5043 ca-

1845 5073 1935 5124 dat
1976 5073 2032 5125 in
2070 5073 2262 5140 ipsum.
2310 5069 2366 5124 In
2403 5080 2567 5140 caput
2630 5072 2946 5142 iniquorum
2996 5077 3227 5146 laqueus
3272 5093 3407 5132 con-

1844 5178 2037 5216 versus
2061 5171 2164 5216 est.
2196 5160 2332 5215 Cum
2359 5162 2504 5214 enim
2534 5162 2601 5216 ad
2649 5173 2881 5219 mortem
2918 5177 3264 5233 venarentur,
3301 5169 3404 5237 ipsi

1845 5265 2032 5308 contra
2060 5252 2200 5321 capti
2233 5261 2357 5307 sunt
2383 5262 2436 5306 et
2460 5255 2620 5307 morti
2649 5257 2850 5310 traditi.

1918 5345 1970 5398 9.
2008 5345 2198 5398 Anima
2222 5354 2395 5397 autem
2446 5361 2560 5398 mea
2609 5347 2898 5401 exsultabit
2930 5348 2984 5401 in
3026 5348 3269 5404 Domino.
3304 5348 3409 5416 Qui

1845 5436 2100 5506 laqueum
2129 5444 2538 5502 paraverunt,et
2563 5439 2856 5506 perniciem
2882 5439 3126 5495 omnium
3160 5449 3408 5495 nostrum

1847 5525 2117 5581 Salvatori
2141 5524 2363 5580 Christo
2391 5526 2564 5580 moliti
2625 5534 2774 5589 sunt,
2805 5525 3069 5584 facinoris
3111 5531 3165 5584 in
3202 5530 3409 5596 ipsum,

1843 5616 2023 5670 modis
2050 5627 2224 5686 nuper
2257 5628 2287 5668 a
2317 5614 2473 5670 nobis
2514 5614 2824 5686 descriptis,
2877 5631 3068 5687 poenas
3116 5619 3286 5672 luent.
3343 5621 3414 5674 At

3095 5711 3134 5770 6
