3874 6218
436 236 533 297 171

1247 237 1304 292 S.
1342 235 1715 293 ATHANASll
1754 234 1906 293 OPP.
1964 234 2143 293 PARS
2179 236 2266 293 lll.
2301 267 2373 282 -
2413 237 2828 294 EXEGETICA.

3570 243 3674 298 173

433 354 612 411 anima
641 368 779 419 mea,
812 353 1008 423 inquit,
1037 353 1188 408 omni
1243 355 1387 410 malo
1414 370 1632 426 semper
1669 356 1840 410 libera
1874 355 1997 420 erit,

2103 356 2591 430 εἰσπραχθήσονται
2643 358 2824 421 δίκας,
2873 359 3012 412 κατά
3043 377 3105 428 γε
3147 363 3270 426 τοὺς
3313 363 3512 435 ἀρτίως
3541 364 3674 433 ἡμῖν

431 453 688 514 perpetuo
715 443 854 514 apud
886 443 1052 497 Deum
1073 442 1264 500 fruens
1292 445 1510 516 gaudio,
1537 455 1590 500 et
1614 447 1874 502 delectata
1905 462 1999 500 su-

430 549 527 602 per
548 536 775 590 salutari
806 535 946 604 ejus.

2107 446 2427 516 εἰρημένους
2459 446 2708 516 τρόπους·
2747 448 2779 516 ή
2814 445 2871 498 δέ
2916 464 2978 514 γε
3017 449 3121 519 ἐμὴ
3148 449 3312 522 ψυχὴ,
3345 452 3528 520 φησὶν,
3566 451 3672 514 ἔξω

2105 536 2302 599 παντὸς
2341 536 2492 589 ἔσται
2540 535 2710 589 δεινοῦ
2755 536 3028 608 διηνεκές·
3081 541 3247 610 ἤγουν
3299 542 3674 612 ἀκατάληπτον

427 625 623 697 ἔχουσα
670 627 731 679 rb
779 627 989 698 χαίρειν
1039 628 1130 680 ἐπὶ
1179 626 1325 696 Θεῷ,
1371 628 1464 680 καὶ
1509 628 1993 702 κατευφραίνεσθιι
2020 628 2138 681 λίαν
2163 631 2254 682 ἐπὶ
2287 627 2362 698 τῷ
2389 629 2642 700 ,σωτηρίῳ
2665 630 2850 682 αὑτοῦ,

499 718 695 772 Daniel
717 718 993 772 Barbarus
1021 735 1038 771 :
1067 718 1260 773 Omnia
1284 735 1424 783 ossa,
1454 719 1505 772 id
1537 730 1639 784 est,
1670 735 1860 775 omnes
1889 721 2160 775 homines.

499 812 702 878 10,“.
756 810 1037 881 Surgentes
1091 821 1242 866 testes
1277 811 1468 880 iniqui,
1515 827 1632 880 qua:
1680 811 1994 881 ignorabam

427 901 825 971 interrogabant
857 917 958 954 me.
995 900 1134 955 Hinc
1177 901 1454 955 inducitur
1477 901 1689 955 Christi
1758 915 1995 970 persona

427 989 492 1044 ad
520 989 758 1044 tribunal
785 989 1092 1060 principum
1121 991 1465 1045 sacerdotum
1499 989 1638 1046 falso
1671 991 1857 1046 delati.

503 1231 878 1286 Retribuebant
907 1233 1033 1285 mihi
1078 1231 1222 1285 mala
1258 1249 1352 1302 pro
1392 1233 1538 1285 bonis
1568 1240 1618 1285 et
1661 1234 1990 1287 sterilitatem

423 1323 614 1376 animae
637 1339 784 1376 mew.
820 1321 933 1376 Hoc
959 1323 1050 1387 ait,
1080 1322 1208 1390 quia
1252 1322 1459 1392 indigni
1494 1321 1595 1376 visi
1629 1330 1757 1376 sunt
1784 1323 1860 1375 illi
1895 1338 1992 1376 vo—

343 1475 348 1479 _
422 1416 535 1468 cari
565 1415 656 1468 filii
689 1413 804 1478 Dei,
828 1414 974 1482 quod
1001 1414 1238 1467 maxime
1273 1413 1517 1466 omnium
1556 1414 1987 1483 praztlicatjuxta

422 1506 586 1562 illud:
620 1506 834 1573 Quoties
863 1505 1002 1558 volui
1041 1521 1358 1574 congregare
1385 1504 1524 1572 ﬁlios
1562 1515 1678 1558 tuos
1713 1504 1799 1556 ⁷⁸2

2181 810 2569 877 Ἀναστάντες
2613 831 2716 880 μοι
2752 811 3052 882 μάρτυρες
3083 811 3294 875 ἄδικοι,
3335 812 3373 866 ἃ
3405 816 3516 868 οὐκ
3554 815 3674 884 ἐτί-

2088 914 2340 974 ,νωσκον
2388 898 2628 968 ἠρώτων
2668 918 2765 970 με.
2823 901 3100 954 Ἐντεῦθεν
3141 901 3413 968 εἰσάγεται
3467 901 3526 954 rb
3572 903 3668 954 τοῦ

2088 986 2334 1062 Χριστοῦ
2386 991 2672 1060 πρόσωπον
2715 990 2866 1062 παρὰ
2903 993 2968 1060 τῇ
3000 991 3175 1060 κρίσει
3216 989 3322 1043 τῶν
3366 991 3674 1062 ἀρχιερέων

2081 1097 2433 1149 ’συκοφάντου
2443 1081 2624 1150 μένου.

2182 1249 2678 1302 Ἀνταπεδίδοσάν
2715 1267 2816 1319 μοι
2848 1249 3079 1318 πονηρὰ
3117 1250 3251 1304 ἀντὶ
3295 1247 3532 1319 ἀγαθῶν
3568 1250 3671 1304 καὶ

2090 1338 2372 1394 ἀτεκνίαν
2413 1339 2488 1408 τῇ
2531 1339 2703 1409 ψυχῇ
2743 1359 2882 1410 μου.
2937 1341 3105 1393 Τοῦτό
3151 1359 3315 1412 φησι,
3355 1340 3443 1394 διὰ
3489 1341 3548 1394 τὸ
3577 1342 3674 1394 ἀν-

2094 1429 2280 1494 αξίους
2305 1431 2500 1492 αὐτοὺς
2525 1429 2750 1499 ὀφθῆναι
2767 1431 2858 1483 τοῦ
2885 1431 3145 1501 κληθῆναι
3173 1431 3338 1484 τέκνα
3352 1431 3508 1484 Θεοῦο
3534 1432 3673 1502 ὅπερ

2096 1521 2329 1589 μάλιστα
2367 1519 2657 1591 ἐγνώριζεν
2687 1521 2848 1584 αὐτὸς
2881 1522 3022 1574 κατὰ
3044 1522 3132 1588 rb,
3157 1521 3422 1588 Ποσάκις
3450 1522 3672 1591 ἠθέλη-

2093 1627 2174 1662 σα
2202 1610 2590 1681 ἐπισυνάγειν
2613 1611 2686 1665 τὰ
2713 1611 2895 1664 τέκνα
2921 1629 3037 1665 σου
3055 1613 3076 1664 .'

494 1685 581 1738 12.
606 1683 718 1752 Ego
741 1693 938 1747 autem,
968 1699 1086 1734 cum
1115 1682 1244 1734 mihi
1270 1681 1474 1734 molesti
1509 1689 1699 1743 essent,
1726 1679 1983 1732 induebar

2169 1703 2304 1772 Ἐγὼ
2335 1703 2422 1765 δὲ,
2563 1702 2644 1768 τῷ
2687 1703 2911 1769 αὐτοὺς
2957 1705 3355 1774 παρενοχλεῖν
3407 1724 3545 1775 μοι,
3573 1706 3672 1760 ἐν·

428 1777 624 1830 cilicio.
652 1775 894 1845 Lugebat
924 1776 1068 1828 enim
1095 1789 1283 1827 eorum
1313 1772 1630 1843 perniciem,
1689 1771 1762 1825 ita
1796 1780 1856 1825 ut
1885 1769 1987 1825 do-

424 1871 574 1932 leret,
599 1868 944 1923 vehementer
989 1875 1298 1936 angeretur,
1336 1865 1751 1936 lacrymaretur,
1805 1873 1988 1920 oraret

417 1976 519 2030 pro
550 1969 772 2030 peccato
806 1974 1017 2013 eorum.

489 2051 578 2105 15.
608 2050 677 2103 Ει
704 2049 1056 2104 ltumiliabam
1087 2048 1141 2099 in
1175 2046 1381 2115 jejunio
1421 2046 1655 2098 animam
1689 2061 1879 2099 meam.
1919 2043 1987 2098 Ut

415 2143 766 2198 confirmaret
783 2139 1234 2203 incarnationem,
1262 2138 1436 2191 noluit
1454 2136 1662 2207 jejunio
1689 2137 1982 2192 abstinere.

415 2232 486 2286 Et
519 2233 689 2286 oratio
719 2247 833 2285 mea
872 2232 928 2285 in
953 2231 1070 2284 sinu
1099 2245 1211 2282 meo
1238 2237 1582 2282 convertatur.
1617 2227 1727 2284 lloc
1753 2228 1987 2284 fortasse

414 2324 594 2378 innuit
625 2323 746 2377 illos
778 2321 833 2376 in
873 2329 1094 2390 peccato
1147 2321 1460 2389 persistere.
1498 2317 1643 2372 Nihil
1676 2319 1842 2384 enim,
1892 2323 1981 2373 in-

417 2416 558 2485 quit,
590 2413 798 2485 profuit
825 2413 958 2484 ipsis
992 2413 1232 2482 precatio
1265 2427 1409 2475 mea,
1460 2426 1624 2480 quam
1669 2427 1736 2465 ex
1781 2411 1986 2481 ingenti

411 2504 724 2576 ignorantia
753 2503 821 2558 ad
854 2517 940 2557 me
967 2503 1126 2572 quasi
1161 2499 1362 2556 reﬂecti
1396 2499 1714 2556 effecerunt.

468 2702 573 2756 14.
601 2700 772 2768 Quasi
801 2700 1100 2770 proximum
1127 2707 1176 2752 et
1206 2699 1357 2767 quasi
1391 2697 1612 2766 fratrem
1642 2705 1881 2749 nostrum
1909 2696 1986 2748 sic

410 2792 820 2862 complacebam.
865 2790 1034 2857 Quasi
1057 2788 1299 2850 fratrem.
1321 2788 1517 2857 inquit,
1547 2795 1598 2843 et
1630 2787 1886 2852 amicum,
1912 2787 1985 2840 ita

411 2887 673 2942 curabam
700 2899 800 2940 eos
831 2882 1096 2938 beneﬁcio
1122 2880 1412 2946 demereri,
1446 2879 1633 2933 volens
1672 2893 1768 2933 eos
1792 2878 1858 2932 ad
1891 2891 1984 2931 sa-

408 2981 634 3035 nitatem
672 2975 973 3032 reducere:
1010 2981 1344 3045 quapropter
1373 2973 1592 3026 illorum
1625 2985 1792 3026 causa
1827 2971 1980 3039 luge-

408 3071 534 3126 bam
546 3109 559 3124 .

475 3161 563 3216 l5.
596 3157 665 3211 Et
713 3157 990 3210 adversum
1032 3171 1112 3208 me
1149 3153 1316 3208 laetati
1361 3159 1480 3205 sunt
1513 3158 1562 3205 et
1610 3158 1973 3204 convenerunt.

409 3250 555 3317 Haec,
582 3251 781 3321 inquit,
821 3250 955 3304 mihi
978 3249 1226 3320 opsonia,
1251 3247 1393 3318 quod
1419 3261 1607 3302 eorum
1630 3261 1851 3300 causam
1879 3245 1977 3298 do-

407 3344 596 3407 lerem,
626 3341 1020 3396 retribuerunt.
1065 3338 1392 3410 Congregata
1417 3346 1540 3390 sunt
1574 3352 1728 3406 super
1761 3351 1840 3388 me
1869 3335 1974 3403 ﬂa-

405 3433 564 3504 gella,
594 3441 642 3486 et
661 3432 919 3502 ignoravi.
952 3429 1165 3484 Nullam
1196 3430 1342 3484 enim
1381 3443 1604 3484 causam
1636 3442 1734 3482 cur
1765 3441 1852 3480 me
1877 3425 1974 3479 lla-

407 3525 564 3595 gellis
599 3522 873 3578 caaderent
905 3520 1329 3591 comperiebam.

478 3613 566 3671 16.
612 3613 870 3683 Dissipati
913 3623 1056 3678 sunt,
1078 3629 1170 3667 nec
1209 3611 1527 3680 compuncti,
1562 3618 1666 3664 etc.
1694 3608 1752 3662 In
1788 3607 1970 3662 varias

405 3705 614 3762 scilicet
643 3702 938 3758 multitudo
967 3703 1101 3757 abiit
1127 3701 1446 3765 sententias,
1488 3709 1546 3754 ut
1585 3701 1661 3753 ait
1698 3698 1974 3768 evangeli-

403 3803 511 3863 sta,
543 3794 666 3850 aliis
697 3794 924 3859 bonum,
947 3793 1070 3847 aliis
1097 3793 1300 3846 malum
1327 3806 1450 3847 esse
1480 3791 1810 3846 dicentibus.
1847 3787 1973 3844 His—

403 3900 512 3956 que
545 3894 724 3940 tamen
754 3884 921 3956 gestis
952 3897 1298 3953 nequaquam
1343 3881 1661 3952 compuncti
1692 3890 1842 3947 sunt,
1875 3896 1972 3934 ne-

401 3993 510 4048 que
541 3975 921 4031 intellexerunt
974 3984 1164 4029 contra
1214 3989 1375 4044 quem
1425 3973 1552 4028 talia
1600 3973 1966 4027 admitterent.

402 4069 519 4124 Hoc
553 4077 734 4124 autem
784 4082 893 4122 non
935 4065 1246 4120 accusando
1295 4064 1521 4134 profert,
1580 4063 1675 4118 sed
1705 4072 1970 4132 exoptans

400 4161 668 4216 auxilium
718 4159 836 4215 dari
898 4159 1022 4215 sibi.
1071 4156 1320 4222 Quando,
1345 4155 1542 4224 inquit,
1567 4154 1852 4222 apparebis
1905 4160 1962 4207 et

401 4251 601 4320 injuria
633 4249 884 4304 aﬂ‘ectum
909 4245 1231 4302 ulcisceris?

2086 1795 2354 1864 εδυόμην
2369 1794 2620 1849 σάκκον.
2639 1795 2882 1848 Ἑπένθει
2906 1795 3013 1867 γὰρ
3044 1796 3220 1848 αὐτῶν
3248 1798 3346 1868 τὴν
3368 1797 3668 1861 ἀπώλειαν,

2084 1887 2159 1950 ὡς
2183 1889 2276 1939 καὶ
2298 1886 2599 1950 λυπεῖσθαι,
2626 1888 2718 1940 καλ⁸
2766 1888 3073 1959 ἀδημονεῖν,
3105 1887 3197 1940 καὶ
3240 1887 3515 1958 δακρύειν,
3573 1889 3670 1941 καὶ

2086 1980 2485 2052 προσεύχεσθαι
2513 1981 2651 2052 ὑπὲρ
2686 1983 2785 2052 τῆς
2811 1981 3084 2052 ἁμαρτίας
3113 1980 3310 2035 αύτῶν.

2159 2073 2268 2125 Kal
2299 2073 2654 2128 ἐταπείνουν
2677 2073 2746 2127 ἐν
2767 2073 3013 2140 νηστείᾳ
3033 2071 3147 2139 τὴν
3167 2071 3377 2140 ψυχήν
3392 2087 3533 2141 μου.
3563 2073 3671 2124 Βε-

2091 2163 2374 2236 6αιῶν’τὴν
2401 2164 2829 2236 ἐνανθρώπησιν,
2852 2166 2944 2218 καὶ
2967 2165 3219 2235 νηστείας
3241 2165 3340 2217 οὐκ
3370 2165 3665 2235 ἀπέσχετο.

2085 2256 2191 2309 Καὶ
2218 2257 2255 2325 ἠ
2279 2255 2588 2326 προσευχή
2626 2274 2744 2326 μου
2767 2259 2853 2321 είς
2875 2257 3106 2310 κόλπον
3127 2273 3248 2324 μου
3276 2256 3669 2326 ἀποστραφή-

2085 2362 2273 2402 σεται.
2302 2345 2469 2400 Τοῦτο
2504 2345 2832 2418 σημαντικὸν
2866 2346 2949 2415 εἴη
2990 2343 3084 2397 τοῦ
3131 2347 3480 2415 ἐναπομεῖναι
3520 2345 3672 2398 ὲκεί-

2085 2457 2207 2503 νους
2248 2442 2314 2510 τῇ
2363 2440 2625 2512 ἁμαρτίᾳ.
2665 2438 2830 2493 Ούδὲν
2860 2437 2968 2508 γὰρ
3001 2437 3377 2508 ὠφελήθησαν,
3409 2436 3563 2508 φησὶ,
3597 2440 3666 2507 τῇ

2086 2529 2357 2603 ὑπερϐολῇ
2382 2532 2480 2602 τῆς
2509 2531 2748 2600 ἀγνοίας,
2767 2531 2866 2602 τὴν
2899 2529 3207 2599 προσευχὴν
3238 2527 3428 2599 ὥσπερ
3461 2530 3669 2584 ἐπανα-

2084 2622 2303 2693 κάμψαι
2334 2625 2676 2694 ποιήσαντες.

2166 2716 2260 2778 Ὦς
2281 2715 2561 2782 πλησίον,
2591 2715 2672 2780 ὠς
2701 2711 2970 2780 ἀδελφὸν
2996 2710 3304 2780 ἡμέτερον,
3344 2710 3533 2776 οὕτως
3565 2711 3668 2764 εὐ-

2083 2807 2400 2877 ηρέστουν.
2427 2805 2636 2875 Ὥσπερ
2681 2803 2926 2873 ἀδελφὸν,
2966 2803 3117 2873 φησὶ,
3158 2802 3252 2856 καὶ
3283 2800 3452 2870 φίλαν,
3485 2801 3666 2867 οὕτως

2084 2897 2412 2962 ἐσπούδαζον
2474 2899 2778 2966 εὐεργετεῖν
2850 2895 3068 2958 αὐτοὺς,
3119 2894 3441 2964 βουλόμενος
3496 2891 3664 2963 θερα-

2085 2991 2272 3045 πεύειν
2291 3008 2313 3062 ο,
2335 2989 2413 3044 διὸ
2445 2991 2539 3042 καὶ
2565 2987 2825 3043 ἐπένθουν
2858 2987 2997 3057 ὑπὲρ
3022 2985 3218 3040 αὐτῶν.

2147 3167 2257 3224 Καὶ
2297 3167 2423 3221 κατ’
2449 3165 2594 3235 ἐμοῦ
2637 3162 3086 3232 εὐφράνθησαν,
3111 3159 3209 3214 καὶ
3231 3158 3658 3228 συνήχθησαν.

2074 3258 2260 3314 Ταῦτά
2288 3275 2397 3328 μοι,
2431 3256 2584 3325 φησὶ,
2621 3254 2720 3324 τῆς
2758 3253 2897 3324 ὑπὲρ
2937 3252 3115 3305 αὐτῶν
3149 3251 3340 3321 ὀδύνης
3365 3250 3656 3304 ἀπεδίδουν

2073 3349 2142 3402 τὰ
2169 3348 2375 3417 etwa.
2403 3345 2812 3414 Συνήχθησαν
2834 3344 2926 3396 ἐπ’
2947 3341 3052 3412 ἐμὲ
3066 3342 3376 3412 μάστιγες,
3403 3341 3500 3394 καί
3540 3345 3659 3394 οὐκ

2073 3440 2284 3508 ἔγνων.
2321 3435 2686 3501 Μαστίζοντές
2733 3452 2822 3504 με,
2851 3435 3004 3505 φησὶ,
3035 3435 3135 3487 ούκ
3180 3433 3474 3502 ἐγίνωσκον
3527 3432 3658 3487 οὐδὲ

2072 3529 2326 3601 εὕρισκον
2351 3529 2529 3583 αἰτίαν
2555 3528 2811 3596 οὐδεμίαν
2850 3527 2970 3579 κατ’
3005 3525 3161 3595 ἐμοῦ.

2143 3623 2608 3692 Διεσχίσθησαν,
2646 3620 2742 3673 καὶ
2771 3622 2843 3673 οὐ
2878 3618 3318 3687 κατενύγησαν.
3348 3616 3655 3689 Ἐμερίσθη

2071 3716 2180 3787 γὰρ
2207 3714 2266 3768 τὸ
2302 3713 2524 3784 πλῆθος,
2565 3712 2639 3776 ὼς
2683 3713 2712 3764 ὁ
2760 3711 3145 3782 εύαγγελιστής
3189 3726 3342 3780 φησι,
3389 3709 3500 3762 τῶν
3549 3709 3659 3780 μὲν

2071 3806 2272 3875 ἀγαθὸν
2301 3801 2440 3859 εἶναι
2471 3804 2758 3872 λεγόντων,
2785 3804 2892 3856 τῶν
2917 3804 2973 3856 δὲ
3013 3803 3265 3875 πονηρόν.
3300 3802 3410 3854 Καὶ
3443 3801 3657 3855 τούτων

2070 3899 2386 3969 γινομένων,
2409 3897 2592 3967 φησὶν,
2615 3897 2675 3948 οὺ
2693 3895 3088 3966 κατενύγησαν,
3111 3895 3228 3948 ούδὲ
3249 3895 3484 3966 συνῆκαν
3505 3895 3656 3949 κατὰ

2068 3992 2213 4054 τίνος
2242 3991 2297 4043 αἱ
2329 3987 2574 4060 πράξεις.
2615 3987 2784 4040 Τοῦτο
2814 3986 2869 4040 δὲ
2895 3987 2994 4040 ούκ
3022 3987 3269 4055 ἐγκαλῶν
3311 3982 3482 4048 εἶπεν,
3512 3985 3654 4041 ἀλλὰ

2070 4079 2252 4134 ποθῶν
2279 4080 2376 4151 τὴν
2407 4079 2678 4149 βοήθειαν.
2703 4079 2859 4144 Πότε,
2897 4079 3082 4149 φησὶν,
3119 4077 3383 4151 ὲπιφαίνῃ
3416 4078 3512 4133 καὶ
3549 4079 3654 4131 ἐπ-

2069 4171 2294 4240 αμυνεῖς
2332 4167 2672 4238 ἀδικουμένῳ
2692 4183 2705 4232 ;

473 4344 560 4398 l7.
586 4343 822 4397 Restitue
848 4340 1083 4394 animam
1123 4353 1294 4390 meam
1327 4353 1358 4388 a
1393 4335 1723 4406 malignitate
1762 4350 1964 4390 eorum.

2153 4339 2676 4408 Ἀποκατάστησον
2710 4338 2827 4406 τὴν
2850 4338 3060 4408 ψυχήν
3093 4357 3211 4408 μου
3251 4337 3370 4392 ἀπὸ
3408 4336 3520 4406 τῆς
3545 4354 3654 4390 κα-

397 4435 748 4504 Quzecuuque
791 4433 994 4503 patitur
1021 4437 1114 4484 aut
1157 4429 1416 4498 loquitur,
1447 4429 1498 4482 id
1532 4443 1631 4498 pro
1667 4438 1851 4482 nostra
1881 4443 1972 4483 sa-

398 4528 509 4582 lute
537 4525 791 4580 admittit.
833 4523 970 4590 Quia
998 4519 1272 4576 descendit
1304 4519 1418 4588 ipse
1464 4518 1675 4574 scilicet
1718 4519 1971 4573 Christus

397 4628 452 4672 et
508 4633 608 4686 pro
657 4615 816 4670 nobis
867 4622 954 4668 est
1001 4612 1336 4667 incarnatus.
1389 4610 1431 4662 Α
1483 4607 1719 4662 leonibus
1758 4610 1970 4662 unicam

396 4723 585 4762 meam.
625 4704 834 4760 Leoues
867 4711 1024 4758 vocat
1054 4711 1150 4757 aut
1179 4701 1352 4757 malas
1381 4710 1435 4757 et
1475 4700 1816 4755 adversarias
1866 4714 1966 4769 po-

399 4806 641 4858 testates,
677 4811 796 4863 quae
844 4803 1053 4848 tantum
1097 4808 1205 4848 non
1237 4791 1525 4864 rugiebant
1573 4790 1628 4844 in
1659 4789 1960 4856 Christum,

393 4898 491 4944 aut
523 4887 754 4941 fortasse
783 4882 1090 4940 Iudaeorum
1139 4884 1520 4953 magistratus;
1563 4882 1639 4938 ita
1670 4883 1816 4937 enim
1850 4896 1965 4936 me-

394 4989 574 5036 morat
600 4994 695 5034 eos
731 4993 824 5046 per
855 4993 1040 5031 vocem
1071 4975 1317 5031 let-emite
1341 4993 1353 5028 :
1379 4975 1549 5028 Facta
1577 4983 1652 5027 est
1682 4973 1961 5028 hwreditas

393 5088 510 5126 mea
534 5071 684 5141 quasi
699 5067 778 5122 leo
801 5068 857 5121 in
885 5067 1037 5133 silua,
1067 5069 1402 5136 quamobrem
1417 5066 1536 5118 odio
1555 5065 1714 5118 habui
1737 5064 1956 5117 illam".

392 5161 623 5218 Uuicam
686 5171 866 5215 autem
917 5160 1151 5230 appellat
1198 5159 1437 5212 animam
1487 5172 1666 5223 suam,
1707 5154 1960 5225 ponendo

389 5255 603 5308 unicam
633 5267 731 5322 pro
762 5251 1028 5304 dilectam.
1058 5247 1207 5303 Solet
1233 5248 1377 5302 enim
1412 5248 1604 5317 ingens
1643 5262 1799 5314 arnor
1838 5245 1960 5300 uni-

389 5343 700 5415 genitorum
729 5358 874 5398 esse.

457 5634 508 5664 "
541 5634 732 5691 Matth.
769 5651 922 5704 wn,
959 5636 1046 5691 '57.
1167 5635 1211 5667 "
1237 5632 1436 5690 Jcrem.
1463 5623 1600 5704 Im,
1652 5631 1706 5688 8.

2067 4433 2350 4504 κουργίας
2384 4431 2598 4486 αὐτῶν.
2634 4431 2817 4484 Πάντα
2857 4432 2956 4484 ὅσα
3001 4430 3198 4500 πάσχει
3241 4430 3274 4501 ἢ
3303 4430 3471 4496 λέγει,
3505 4429 3657 4498 ὑπὲρ

2064 4528 2162 4598 τῆς
2195 4525 2469 4596 ἡμετέρας
2500 4524 2771 4594 σωτηρίας
2798 4525 2960 4586 ποιεῖ,
2985 4521 3074 4574 διὰ
3117 4521 3177 4574 rb
3222 4520 3499 4574 κατελθεῖν
3544 4520 3651 4574 ab-

2064 4619 2177 4683 τὸν,
2213 4619 2378 4688 ἤγουν
2426 4617 2517 4670 τὸν
2561 4615 2815 4688 Χριστὸν,
2857 4615 2952 4668 καὶ
2994 4613 3342 4686 σαρκωθῆναι
3373 4614 3430 4680 ἐξ
3461 4613 3646 4683 ἡμῶν.

2082 4709 2212 4764 Ἀπὸ
2255 4709 2519 4763 λεόντων
2542 4707 2657 4775 τὴν
2674 4704 2971 4776 μονογενῆ
3013 4722 3149 4773 μου.
3184 4703 3415 4766 Λέοντάς
3444 4720 3578 4773 φησι
3612 4705 3648 4775 ἢ

2067 4800 2167 4864 τὰς
2193 4799 2430 4870 πονηρὰς
2458 4799 2552 4852 καὶ
2578 4798 2955 4869 ἀντικειμένας
2979 4797 3252 4867 δυνάμεις,
3279 4795 3334 4848 αἳ
3369 4795 3529 4866 μόνον
3555 4797 3652 4849 ού-

2068 4893 2124 4962 χ¹ι
2152 4891 2622 4962 κατεὸρυχήσαντο
2649 4889 2743 4942 τοῦ
2772 4887 3028 4959 Χριστοῦ,
3061 4889 3093 4959 ἢ
3119 4888 3256 4956 τάχα
3293 4903 3394 4940 που
3426 4887 3518 4938 καὶ
3545 4888 3651 4940 αύτ-

2066 4961 2191 5045 τοὺς
2212 4982 2337 5044 τοὺς
2362 4980 2470 5033 τῶν
2499 4980 2764 5033 Ἰουδαίων
2787 4979 3119 5049 καθηγητὰς.
3151 4977 3436 5048 Οὕτωγάρ
3461 4961 3647 5032 αὐτῶν

2065 5073 2482 5145 διαμνημονεύει
2515 5072 2686 5141 λέγων
2715 5072 2801 5125 διὰ
2831 5071 3013 5140 φωνῆς
3052 5071 3338 5140 Ἱερεμίας·
3358 5071 3643 5138 Ἐτ-ενήθη

2065 5168 2105 5235 ἡ
2135 5167 2501 5234 κληρονομία
2523 5182 2642 5234 μου
2677 5165 2755 5229 ὡς
2783 5163 2936 5217 λέων
2973 5162 3042 5215 ὲν
3081 5159 3307 5230 δρυμῷο
3341 5161 3438 5214 διὰ
3465 5162 3646 5214 τοῦτο

2064 5255 2330 5324 ἐμίσησα
2361 5254 2573 5322 αὐτήν.
2607 5253 2884 5322 Μονογενῆ
2939 5252 3034 5322 μὲν
3078 5251 3174 5321 τὴν
3225 5250 3418 5303 ἑαυτοῦ
3463 5251 3645 5320 ψυχὴν

2063 5342 2342 5415 ὀνομάζει,
2377 5344 2436 5396 τὸ
2473 5344 2798 5414 μονογενὲς
2846 5341 3014 5404 τιθεὶς
3043 5341 3162 5393 ἀντὶ
3201 5340 3295 5393 τοῦ
3331 5341 3644 5411 ἠγαπημέ-

2066 5454 2203 5504 νην.
2221 5437 2333 5489 Ἀεὶ
2361 5436 2469 5506 γάρ
2495 5435 2610 5498 πώς
2645 5438 2788 5490 ἐστιν
2834 5436 2891 5489 ἐν
2922 5434 3108 5505 ἀγάπῃ
3134 5433 3361 5508 πλείστῃ
3383 5433 3445 5488 rb
3482 5449 3647 5504 μονο·

2067 5529 2220 5596 γενὲς
2254 5529 2311 5580 ἐν
2335 5527 2563 5590 τέκνοις.
