3874 6218
239 288 336 342 173

1307 286 1670 343 ΕΧΡΟΞΙΤΙΟ
1710 288 1776 342 IN
1813 287 2144 344 PSALMLM
2185 289 2397 344 XXXV.

3374 306 3472 360 171

307 411 368 462 Ol
386 405 715 477 μισοῦντές
728 425 804 478 με
825 406 1048 474 δωρεὰν
1073 406 1172 460 καὶ
1190 407 1566 475 διανεύοντες
1592 411 1789 478 ὀφθαλ·

1985 409 2069 465 19.
2095 408 2198 474 Qui
2223 413 2444 464 oderunt
2471 427 2549 464 me
2570 413 2732 480 gratis
2756 422 2805 466 et
2830 430 3066 472 annuunt
3090 423 3277 478 oculis.
3305 424 3471 492 Quasi

228 501 378 570 μοῖς.
399 500 545 552 Ἀντὶ
585 499 700 564 τοῦ,
733 499 1067 562 συντιθέντες
1092 499 1294 564 δόλους.

300 594 420 644 Ὅτι
447 591 575 659 ἐμοί
602 590 720 659 μὲν
747 589 1018 658 εἰρηνικὰ
1045 589 1334 654 ἐλάλουν,
1367 591 1464 644 καὶ
1494 591 1586 643 ἐπ’
1620 591 1806 660 ὀργὴν

231 681 448 748 δόλους
482 681 894 751 διελογίζοντο.
931 683 1025 746 Τὸ,
1069 682 1402 736 Διδάσκαλε
1422 681 1604 752 ἀγαθέ
1625 700 1641 716 ο
1664 683 1801 753 ικαὶ,

235 773 620 842 Ὀτιοτδαμεν
647 773 734 825 ὅτι
763 772 877 840 τὴν
907 773 1197 839 ἀλήθειαν
1222 772 1550 840 διδάσκεις,
1579 772 1679 826 καί
1716 773 1805 827 ὅτι

231 866 303 918 οὺ
325 863 648 932 λαμϐάνεις
681 865 1004 932 πρόσωπον
1040 865 1372 933 ἀνθρώπου.

299 957 408 1009 Kal
458 955 808 1009 ἐπλάτυναν
838 957 929 1009 ἐπ’
956 956 1062 1024 ἐμὲ
1108 957 1174 1010 τὸ
1208 959 1402 1027 στόμα
1447 957 1662 1015 αὐτῶν.
1693 959 1804 1024 Τὰς

230 1048 578 1119 βλασφημίας
609 1048 708 1111 τὰς
756 1049 847 1100 ἐπὶ
896 1048 972 1118 τῷ
1017 1048 1233 1120 σταυρῷ
1281 1051 1568 1120 γινομένας
1618 1053 1798 1120 φησίν.

227 1135 448 1193 Εἶπον·
485 1135 662 1209 Εὖγε,
688 1136 846 1208 εὖγε,
875 1136 1038 1193 εἶδον
1076 1143 1129 1194 οί
1174 1142 1464 1210 ὀφθαλμοί
1513 1142 1697 1211 ἡμῶν.
1716 1144 1804 1206 Ὠς

227 1233 346 1284 κατ’
378 1231 542 1302 εὐχὴν
577 1232 760 1295 αὑτοῖς
793 1231 886 1284 τοῦ
913 1232 1146 1302 πέρατος
1171 1233 1550 1302 ἐκϐεϐηκότος,
1578 1233 1638 1286 τὸ
1676 1251 1802 1305 κρε-

228 1321 502 1391 μασθῆναι
528 1320 688 1373 αὑτὸν
725 1323 816 1373 ἐπί
847 1321 941 1373 τοῦ
974 1321 1154 1385 ξύλου.
1185 1320 1352 1374 Τοῦτο
1377 1321 1433 1374 δὲ
1464 1321 1678 1374 ποιοῦσι
1707 1323 1801 1375 καὶ

223 1415 274 1466 οί
299 1413 726 1483 ἐπαγαλλόμενοι
759 1415 824 1483 τῇ
858 1413 1032 1482 θλίψει
1057 1412 1151 1465 τοῦ
1182 1412 1413 1466 δικαίου.

296 1503 508 1573 Εἶδες,
547 1507 759 1573 Κύριε,
796 1505 881 1574 μὴ
927 1505 1423 1574 παρασιωπήσῃς,
1474 1506 1668 1574 Κύριε,
1712 1504 1798 1574 μὴ

221 1597 500 1665 ἀποστῇς
533 1599 634 1652 ἀπ’
657 1597 1153 1668 ἐμοῦ.”Ανθρωπος
1185 1599 1476 1668 γενόμενος
1517 1599 1546 1650 ὁ
1582 1615 1800 1668 μονογε-

221 1689 319 1761 νὴς
362 1689 456 1742 τοῦ
506 1689 639 1743 Θεοῦ
681 1689 872 1756 Λόγος,
903 1689 1004 1741 οὑκ
1045 1688 1331 1742 ἀποϐαλὼν
1365 1690 1426 1742 τὸ
1461 1685 1600 1741 εἶναι
1645 1689 1796 1752 Θεὸς,

1905 499 2108 554 diceret
2133 520 2144 553 :
2177 499 2279 566 Qui
2305 501 2458 555 dolos
2491 511 2728 556 struunt.

1974 589 2064 644 20.
2097 591 2358 656 Quoniam
2383 593 2511 646 mihi
2542 594 2752 662 quidem
2784 598 3001 667 paciﬁce
3032 601 3396 671 loquebantur,
3420 618 3476 661 et

1903 681 1960 735 ﬂ
2014 683 2098 736 ira
2151 681 2300 736 dolos
2347 683 2668 752 cogitabant.
2725 683 2860 741 Illud
2921 691 3163 759 scilicet,
3226 694 3478 765 Magister

1905 774 2032 827 bone
2058 773 2134 840 ⁸⁰;
2167 782 2260 828 et:
2296 774 2501 827 Scimus
2526 778 2772 844 quoniam
2801 781 3068 836 veritatem
3103 788 3253 838 doces
3297 797 3344 840 et
3375 805 3478 841 non

1904 865 2100 933 accipis
2139 880 2417 932 personam
2454 865 2679 919 hominis
2704 868 2769 920 ⁸³.

1973 954 2062 1008 21.
2092 953 2162 1007 Et
2183 955 2536 1009 dilataverunt
2564 974 2720 1027 super
2744 977 2823 1014 me
2854 978 2910 1015 os
2942 979 3114 1017 suum.
3147 965 3476 1036 Blaspltema

1902 1046 2049 1100 dicta
2090 1047 2216 1100 dum
2253 1047 2305 1100 in
2338 1062 2500 1102 cruce
2530 1050 2786 1117 penderet
2815 1053 2866 1106 in
2899 1069 2957 1107 se
2985 1055 3228 1125 conjecta
3263 1075 3470 1114 memo-

1903 1146 2010 1190 rat.
2045 1136 2358 1190 Dixerunt:
2412 1136 2579 1208 Euge,
2620 1156 2763 1210 euge,
2812 1142 3049 1197 viderunt
3097 1146 3237 1199 oculi
3289 1151 3473 1202 nostri.

1901 1226 1980 1279 Ac
2009 1225 2055 1279 si
2091 1235 2357 1294 voptatum
2413 1225 2676 1281 baberent
2721 1230 2947 1293 exitum,
2987 1234 3205 1301 quando
3237 1235 3283 1291 is
3323 1235 3470 1308 ligno

1901 1331 2204 1387 suspensus
2233 1315 2430 1370 fuerat.
2474 1315 2715 1387 ldipsum
2747 1329 2929 1375 autem
2958 1331 3126 1392 agunt
3153 1325 3246 1394 qui
3275 1328 3460 1383 exsul-

1903 1418 2014 1462 tant
2039 1409 2104 1462 de
2136 1407 2444 1462 calamitate
2465 1407 2626 1477 justi.

1983 1498 2072 1552 Ἠ.
2114 1497 2324 1561 Vidisti,
2353 1497 2592 1565 Domine,
2616 1517 2679 1553 ne
2711 1500 2867 1555 sileas
2893 1517 2912 1565 ;
2944 1500 3182 1569 Domine,
3215 1522 3278 1559 ne
3304 1507 3475 1561 disce-

1902 1589 2000 1642 das
2045 1606 2076 1642 a
2107 1605 2206 1643 me.
2247 1588 2422 1643 Homo
2450 1588 2653 1644 factum
2697 1592 3034 1662 unigenitum
3067 1595 3161 1650 Dei
3207 1595 3469 1664 Verbum,

1907 1696 2014 1734 non
2045 1681 2301 1736 amittens
2327 1695 2450 1735 esse
2479 1679 2644 1747 Deus,
2673 1692 2828 1753 rogat
2865 1683 3078 1754 injuriae
3109 1702 3276 1742 causa
3311 1690 3470 1744 nobis

221 1782 366 1834 αἰτεῖ
397 1781 535 1851 ὑπὲρ
583 1781 682 1850 τῆς
727 1783 804 1843 είς
831 1783 978 1850 ἡμᾶς
1003 1779 1217 1844 ἀδικίας
1241 1781 1538 1852 γενομένης
1563 1780 1667 1833 ὑπὸ
1695 1781 1789 1833 τῶν

1910 1789 2005 1843 per
2038 1772 2314 1828 daemones
2359 1772 2524 1828 illata
2565 1773 2802 1843 judicem
2833 1775 3068 1832 Patrem.
3106 1777 3278 1849 Rogat
3309 1781 3472 1837 dissi-

217 1875 493 1944 δαιμόνων
518 1872 772 1944 δικαστὴν
799 1872 1085 1942 γενόμενον
1112 1871 1204 1925 τὸν
1235 1873 1472 1945 Πατέρα,
1504 1875 1646 1926 αἰτεῖ
1671 1874 1803 1926 ἁπο-

221 1964 516 2036 σκορπίσαι
545 1964 652 2016 τῶν
681 1963 1044 2034 ὑπερηφάνων
1070 1962 1170 2034 τὴν
1201 1963 1376 2036 ὓϐριν.
1415 1962 1570 2016 Οὕτω
1611 1963 1719 2032 γὰρ
1752 1967 1800 2016 οἱ

222 2058 319 2126 μὲν
343 2060 423 2119 εἰς
440 2055 699 2127 αἰσχύνην
720 2057 892 2109 ἀποστ
900 2056 1254 2126 ραφήσονται,
1275 2055 1460 2125 φησὶν,
1485 2056 1534 2108 οί
1554 2054 1611 2107 δὲ
1633 2053 1801 2123 ἀγαλ-

216 2146 524 2210 λιάσαιντο,
563 2146 661 2209 τὰς
713 2147 805 2200 ἐπὶ
846 2148 912 2216 τῇ
942 2145 1184 2217 σωτηρίᾳ
1213 2146 1554 2208 ἀνατιθέντες
1583 2147 1801 2216 εὐχαρι-

219 2239 398 2301 στίονς.

405 2331 512 2396 Εὶς
538 2327 711 2395 τέλος
742 2329 822 2395 τῷ
849 2329 1046 2398 δούλῳ
1072 2330 1292 2398 Κυρίου
1316 2328 1394 2396 τῷ
1418 2330 1617 2385 Δαυΐδ.

780 2425 1088 2477 ΨΑΛΜΟΣ
1123 2424 1250 2477 ΛΕ⁹.

854 2515 1174 2580 Ὑπόθεσις.

214 2607 573 2678 Κατηγορίαν
610 2607 851 2680 περιέχει
879 2607 906 2658 ὁ
933 2606 1120 2677 παρὼν
1144 2606 1356 2678 ψαλμὺς
1380 2606 1480 2678 τῆς
1510 2607 1794 2679 ὑπερηφα-

283 2697 409 2761 νίας
461 2696 559 2750 τοῦ
613 2697 740 2751 λαοῦ
799 2698 907 2750 τῶν
945 2698 1252 2762 Ἰουδαίων,
1306 2699 1400 2752 καὶ
1448 2699 1547 2770 τῆς
1597 2701 1794 2764 κακίας

281 2788 540 2858 έλεγχοψ
569 2789 663 2842 καὶ
691 2789 796 2860 μὴν
818 2789 912 2842 καὶ
938 2789 1262 2860 ὑμνολογίαν
1297 2789 1407 2842 τῶν
1437 2789 1658 2844 δικαίων
1682 2808 1795 2861 κριο

283 2883 500 2952 μάτων,
529 2881 595 2934 δι’
623 2875 696 2934 ὧν
743 2881 963 2952 ἐποίησε
1010 2881 1108 2952 τὴν
1161 2882 1251 2934 ὑπ’
1280 2883 1536 2952 οὐρανόν·
1568 2883 1704 2952 πρὸς
1735 2882 1791 2935 δέ

277 2974 500 3036 τούτοις
530 2975 625 3027 καὶ
653 2974 1000 3044 εὐχαριστίας
1034 2973 1169 3052 πρὸς
1195 2975 1284 3028 τὸν
1306 2975 1524 3046 Πατέρα
1557 2976 1696 3046 ὑπὲρ
1717 2968 1791 3028 ὧν

280 3064 628 3136 εὐηργέτησε
647 3064 732 3117 διὰ
767 3065 970 3135 Ἰησοῦ·
998 3067 1082 3134 ἐφ’
1118 3063 1286 3117 ἆπασι
1315 3065 1371 3117 δὲ
1400 3065 1605 3129 τούτοις
1627 3066 1789 3137 εὑχὴν
1817 3099 1858 3157 C

277 3155 729 3228 ἁσεραλιζομένην
757 3156 851 3209 τοῦ
889 3156 962 3226 μὴ
997 3159 1182 3208 πεσεῖν
1217 3157 1296 3219 είς
1317 3156 1714 3226 ὑπερηφανίαν.

277 3251 482 3319 Φησίν
532 3253 564 3304 ό
607 3248 950 3318 παράνομος
998 3247 1109 3319 (l0)
1155 3248 1260 3302 τοῦ
1302 3249 1660 3317 ἁμαρτάνειν
1721 3249 1790 3304 ὲν

204 3341 428 3408 ἐαυτῷ.
457 3341 661 3406 Οἶεται,
697 3343 879 3411 φησὶν,
914 3344 942 3394 ὁ
969 3342 1136 3412 κακίᾳ
1178 3341 1649 3413 συντεθραμμένος
1682 3361 1788 3415 μη-

204 3437 332 3490 δένα
384 3435 614 3506 θεωρεῖν
655 3435 756 3504 τῆς
778 3433 955 3504 ψυχῆς
985 3433 1148 3487 αὑτοῦ
1176 3435 1536 3506 κεκρυμμένα
1571 3435 1788 3505 βουλεύ-

209 3548 376 3599 ματα.
409 3529 487 3580 Τὸ
517 3528 645 3598 γὰρ,
676 3527 886 3596 φησὶν,
916 3527 1036 3580 ἀντὶ
1067 3526 1182 3590 τοῦ,
1211 3525 1435 3595 ἡγεῖται
1473 3526 1789 3598 ἧὺπολαμ-

205 3623 395 3684 σάνει,
435 3621 695 3674 τέθεικεν.
725 3620 906 3672 Αἴτιον
943 3619 999 3672 δὲ
1034 3619 1135 3689 τῆς
1166 3619 1420 3691 τοιαύτης
1459 3619 1787 3692 ἀναλγησίας

203 3715 263 3768 τὸ
294 3716 370 3785 μὴ
409 3713 638 3766 δεδιέναι
668 3713 757 3765 τὸν
789 3712 966 3766 πάντα
1010 3711 1290 3784 ἐφορῶντα
1338 3712 1620 3785 δεσπότην.
1665 3717 1786 3768 Οὐκ

202 3806 332 3860 ἐστι
361 3807 553 3874 φόϐος
576 3805 721 3859 Θεοῦ
742 3803 1029 3858 ἀπέναντι
1070 3802 1188 3856 τῶν
1227 3802 1547 3872 ὀφθαλμῶν
1574 3804 1778 3858 αὑτοῦ.

205 3898 391 3962 Ἀπαξ
442 3897 792 3968 προθέμενος,
827 3897 978 3968 φησὶ,
1013 3895 1106 3948 τοῦ
1139 3899 1495 3967 παρανομεῖν,
1529 3895 1632 3960 ἔξω
1676 3895 1784 3948 τῶν

201 3988 502 4060 ὀφθαλμῶν
537 3990 700 4042 αὑτοῦ
727 3989 818 4040 τὸν
838 3987 931 4041 τοῦ
961 3986 1096 4040 Θεοῦ
1127 3986 1330 4041 τίθεται
1357 3986 1538 4055 φόϐον.
1559 3985 1649 4056 Τῷ
1674 3985 1782 4056 γὰρ

205 4082 355 4153 φόϐῳ
390 4082 600 4152 Κυρίου
634 4081 869 4134 ἐκκλίνει
897 4082 1003 4144 πᾶς
1033 4079 1140 4133 ἀπὸ
1163 4079 1359 4133 κακοῦ.

272 4176 396 4228 Ὅτι
427 4175 732 4228 ἐδόλωσεν
763 4173 1017 4227 ἐνώπιον
1047 4171 1253 4226 αὐτοῦ.
1271 4169 1440 4224 Ἐκὼν
1481 4170 1537 4224 δέ
1579 4169 1780 4240 ταύτην

201 4267 312 4337 ἔχει
357 4268 466 4336 τὴν
509 4267 750 4334 ἄγνοιαν,
781 4266 841 4317 οὑ
871 4265 1191 4336 βουλόμενος
1216 4263 1554 4332 λογιστεῦσαι
1579 4261 1646 4314 τὰ
1680 4279 1778 4314 πεο

200 4358 521 4430 πραγμὲια,
549 4358 639 4410 καὶ
686 4359 910 4428 μισῆσαι
941 4357 1011 4408 τὰ
1038 4356 1221 4419 κακῶς
1254 4355 1636 4426 πεπραγμένα.
1668 4354 1778 4408 Τοῦ

1902 1865 2021 1935 pari
2053 1865 2414 1934 superborum
2442 1867 2847 1921 contumeliam.
2877 1867 2954 1923 lta
2987 1871 3130 1924 enim
3165 1871 3256 1926 alii
3287 1872 3338 1926 in
3370 1889 3471 1943 pu-

1900 1958 2088 2011 dorem
2123 1965 2424 2021 vertentur,
2452 1957 2670 2026 inquit;
2723 1959 2815 2012 alii
2865 1960 3214 2018 exsultabunt
3259 1964 3466 2033 gratias

1899 2048 1978 2105 de.
2001 2049 2125 2103 data
2151 2049 2325 2105 salute
2353 2057 2595 2120 agentes.

2137 2358 2185 2410 1.
2217 2356 2282 2411 In
2311 2359 2467 2428 linem
2491 2376 2638 2413 servo
2663 2359 2874 2414 Domini
2911 2361 3012 2426 ipsi
3039 2359 3228 2414 David.

2369 2448 2611 2504 PSALM
2622 2450 2708 2506 ES
2755 2451 2908 2505 XXX
2927 2451 2986 2504 V.

2473 2544 2514 2596 Α
2524 2552 2873 2613 rgumentum.

1899 2627 2178 2700 Superbiae
2210 2629 2419 2688 Judaici
2456 2635 2641 2704 populi
2670 2636 3072 2690 accusationem
3103 2636 3346 2692 continet
3373 2637 3465 2693 hic

1964 2722 2227 2792 psalmus,
2257 2731 2311 2778 et
2337 2723 2556 2778 malitiae
2585 2739 2775 2778 eorum
2805 2723 3252 2791 confutationem,
3291 2738 3458 2798 atque

1965 2815 2111 2884 justa
2150 2815 2244 2872 Dei
2267 2816 2475 2886 judicia
2513 2817 2783 2884 decantat,
2809 2818 2958 2887 quod
2985 2818 3170 2872 orbem
3202 2819 3461 2873 condide-

1964 2904 2051 2959 rit.
2116 2905 2198 2960 Ad
2255 2906 2370 2961 haec
2419 2906 2584 2961 etiam
2645 2907 2940 2976 gratiarum
2999 2906 3266 2961 actionem
3315 2906 3459 2962 Patri

1965 2993 2122 3050 offert
2172 3010 2272 3066 pro
2331 2995 2609 3051 beneliciis
2635 3011 2730 3066 per
2781 2995 2966 3051 Jesum
3007 2997 3255 3052 collatis:
3297 3014 3460 3067 super

1963 3086 2050 3142 his
2099 3088 2351 3144 omnibus
2401 3089 2767 3158 precationem
2811 3089 2878 3143 ad
2932 3089 3228 3145 cavendam
3264 3106 3460 3162 super-

1964 3177 2131 3234 biam.

1961 3272 2110 3326 Dixit
2140 3271 2368 3342 injustus
2403 3280 2462 3325 ut
2495 3272 2763 3342 delinquat
2796 3273 2852 3326 in
2873 3274 3169 3344 semetipso.
3215 3273 3459 3330 Arbitra-

1890 3377 1998 3430 tur,
2050 3364 2248 3433 inquit,
2277 3363 2372 3433 qui
2401 3363 2456 3418 in
2509 3364 2716 3418 malitia
2769 3365 3036 3420 educatus
3081 3374 3190 3431 est,
3245 3368 3457 3421 occulta

1890 3457 2056 3510 animi
2106 3456 2280 3526 ipsius
2327 3455 2553 3510 consilia
2601 3457 2875 3511 neminem
2929 3457 3267 3526 conspicere.
3320 3456 3456 3512 Nam

1886 3545 2042 3611 illuﬂ,
2072 3547 2232 3612 dixit,
2268 3562 2365 3617 pro
2391 3547 2681 3611 existimat,
2731 3555 2825 3601 aut
2851 3548 3167 3614 arbitratur,
3193 3548 3452 3618 positum.

1886 3639 2074 3694 Tanta:
2125 3654 2291 3709 porro
2327 3639 2639 3693 indolentia;
2685 3653 2850 3694 causa
2882 3649 2986 3705 est,
3035 3641 3180 3710 quod
3210 3640 3455 3694 omnium

1885 3726 2251 3795 inspectorem
2307 3725 2600 3780 Dominum
2651 3741 2759 3780 non
2805 3727 3140 3784 reformidet.
3203 3727 3326 3782 Non
3376 3739 3455 3784 est

1887 3820 2043 3872 timor
2097 3818 2190 3873 Dei
2233 3828 2352 3872 ante
2408 3820 2584 3872 oculos
2614 3819 2748 3887 ejus.
2809 3819 2948 3874 Cum
3004 3822 3189 3887 semel,
3254 3822 3453 3892 inquit,

1883 3909 2145 3978 peccandi
2200 3909 2547 3979 propositum
2582 3909 2887 3975 admiserit,
2924 3925 2954 3963 a
2992 3921 3282 3980 conspectu
3315 3927 3451 3966 ocu-

1883 4001 2062 4054 lorum
2095 3999 2188 4054 Dei
2229 4001 2480 4054 timorem
2526 4010 2763 4054 amovet.
2811 3997 2949 4054 Nam
2996 4001 3191 4057 timore
3235 4001 3450 4057 Domini

1881 4093 2117 4147 declinat
2143 4091 2374 4161 quilibet
2404 4106 2434 4144 a
2471 4090 2635 4144 malo.

1951 4182 2006 4236 ἓ.
2036 4179 2300 4246 Quoniam
2333 4178 2512 4234 dolose
2555 4181 2661 4250 egit
2690 4185 2743 4234 in
2773 4190 3046 4251 conspectu
3082 4183 3218 4252 ejus.
3250 4181 3451 4236 Libens

1879 4285 1998 4325 eam
2031 4269 2268 4323 admittit
2317 4267 2705 4337 ignorantiam,
2737 4269 2926 4324 nolens
2953 4277 3101 4338 gesta
3132 4283 3230 4324 sua
3261 4284 3448 4322 secum

1881 4369 2156 4431 reputare,
2199 4374 2300 4415 nec
2339 4375 2502 4428 prave
2545 4361 2840 4416 commissa
2889 4359 3150 4414 aversari.
3211 4357 3278 4412 Ut
3306 4359 3449 4412 inve-

194 4450 398 4519 εὑρεῖν
421 4449 540 4516 τὴν
565 4450 820 4518 ἀνομίαν
846 4448 1030 4502 αὐτοῦ
1060 4448 1158 4501 καὶ
1177 4446 1456 4516 μισῆσαι.
1484 4447 1618 4499 osse
1648 4446 1773 4500 τοῦ-

1916 4454 2060 4504 intur
2087 4452 2341 4521 iniquitas
2367 4451 2480 4519 ejus
2511 4452 2580 4503 ad
2612 4452 2811 4505 odium.
2840 4449 3026 4521 Neque
3059 4449 3210 4514 illud,
3249 4450 3445 4519 inquit,

192 4559 272 4606 το,
309 4542 476 4613 φησὶ,
516 4541 810 4609 λογίζεται,
846 4543 928 4594 ὅτι
961 4543 988 4594 ὁ
1024 4540 1156 4604 Θεὸς
1183 4538 1426 4610 εὑρίσκει
1471 4538 1568 4608 τὴν
1597 4539 1777 4610 ἁμαρ-

190 4634 314 4686 τίαν
365 4631 558 4697 αὑτοῦ,
594 4633 688 4687 καὶ
722 4632 895 4704 εὑρὼν
925 4632 1114 4704 αὐτὴν,
1165 4633 1314 4702 μισεῖ
1363 4630 1455 4684 καὶ¹
1482 4629 1648 4700 αὐτὴν
1683 4631 1775 4683 καί

191 4728 378 4782 αὐτόν.

264 4819 344 4874 Τὰ
368 4817 613 4888 ,ῥήματα
634 4818 739 4873 τοῦ
763 4819 1060 4888 στόματος
1076 4815 1262 4872 αὐτοῦ
1291 4815 1510 4884 ἀνομία
1552 4815 1660 4899 καί
1675 4815 1772 4899 se:

187 4913 316 4978 λος.
335 4885 612 4980 Ἇνομίαν
642 4911 758 4981 μὲν,
802 4885 962 4972 δι’-ἂς
993 4911 1268 4980 ἐπήγαγον
1298 4907 1482 4980 ὕϐρεις
1514 4885 1766 4978 Χριστῷξ

187 5003 376 5058 δόλον
405 5005 488 5067 δὲ,
513 5005 595 5057 ὅτι
629 5005 722 5057 καὶ
747 5001 1056 5071 παγιδεύειν
1089 5001 1247 5055 αὑτὸν
1279 5001 1612 5072 βουλόμενοι,
1639 5017 1771 5070 χρη-

188 5097 333 5158 στοῖς
385 5094 684 5165 προσίεσαν
733 5093 930 5162 λόγοις.
976 5096 1097 5146 Οὐκ
1135 5091 1441 5159 ἠϐουλήθη
1496 5091 1768 5145 συνιέναι

183 5186 291 5240 τοῦ
321 5185 846 5256 άγαθῦναι.⁹Εκὼν,
884 5185 1070 5256 φησὶν,
1103 5184 1292 5237 ἐαυτὸν
1324 5183 1490 5248 ἐξωσε
1536 5185 1628 5237 τοῦ
1676 5186 1764 5236 εὑ-

186 5278 377 5349 πραγῆ
385 5294 497 5330 σαι.

262 5369 542 5435 ’Ἀνομίαν
577 5367 952 5435 διελογίσατο
998 5365 1096 5418 ἐπὶ
1137 5364 1248 5433 τῆς
1295 5365 1496 5430 κοίτης
1538 5365 1758 5418 αὐτοῦ’

183 5455 457 5524 παρέστη
497 5455 664 5525 πάσῃ
695 5455 813 5520 ὀδῷ
857 5458 966 5508 οὐκ
992 5453 1204 5524 ἀγαθῇ.
1248 5454 1320 5506 Τὸ
1352 5453 1554 5506 ἄϋπνον
1587 5454 1764 5507 αὐτῶν

249 5549 294 5579 ⁸⁸
319 5548 461 5602 Luc.
512 5564 667 5612 xvm,
718 5547 804 5601 18.
881 5547 922 5578 ⁸¹
943 5545 1134 5600 Matth.
1170 5561 1304 5612 xxn,
1338 5545 1422 5598 l6.

1881 4543 2216 4606 considerat,
2257 4542 2401 4610 quod
2439 4541 2648 4597 scilicet
2696 4540 2839 4596 Deus
2883 4549 3164 4611 peccatum
3197 4540 3315 4610 ejus
3346 4541 3442 4595 de-

1873 4634 2189 4703 prehendat,
2220 4642 2380 4702 atque
2405 4647 2471 4688 eo
2500 4632 2835 4703 deprehenso
2862 4640 2915 4687 et
2938 4639 3216 4702 peccatum
3241 4639 3294 4685 et
3315 4646 3444 4701 pee-

1872 4734 2110 4778 catorem
2147 4723 2273 4777 odio
2303 4723 2518 4778 habeat.

1939 4819 1992 4872 5.
2049 4815 2217 4870 Verba
2251 4817 2358 4869 oris
2399 4817 2511 4884 ejus
2552 4817 2807 4888 iniquitas
2841 4826 2890 4872 et
2925 4817 3098 4871 dolus.
3150 4815 3438 4888 Iniquitas,

1870 4916 2088 4978 propter
2137 4907 2348 4961 oblatas
2397 4906 2617 4962 Christo
2669 4910 3066 4976 contumelias;
3131 4909 3284 4963 dolus
3341 4926 3440 4964 au-

1869 5009 1997 5066 tem,
2055 5014 2178 5053 cum
2229 4999 2470 5054 volentes
2516 4999 2668 5053 illum
2717 5000 2950 5065 irretire,
3009 5000 3224 5056 blandis
3283 5001 3434 5055 illum

1867 5091 2216 5147 sermonibus
2245 5091 2663 5160 compellabant.
2700 5090 2889 5147 Noluit
2913 5093 3204 5163 intelligere
3227 5102 3283 5148 ut
3309 5092 3436 5146 bene

1871 5193 2064 5253 ageret.
2124 5181 2345 5248 Libens,
2397 5184 2593 5253 inquit,
2641 5200 2761 5240 sese
2809 5201 2841 5239 a
2884 5186 3028 5240 bono
3072 5199 3235 5254 opere
3274 5184 3432 5238 cohi-

1868 5275 2003 5329 buit.

1936 5366 1988 5419 4.
2024 5363 2367 5434 Iniquitatem
2396 5365 2680 5418 meditatus
2711 5377 2784 5419 est
2816 5367 2872 5418 in
2899 5363 3060 5418 cubili
3097 5379 3192 5417 suo
3226 5378 3247 5416 :
3297 5364 3434 5418 asti-

1867 5456 1930 5507 tit
1960 5457 2102 5508 omni
2136 5457 2234 5510 vice
2265 5471 2367 5508 non
2398 5454 2565 5510 bomz.
2597 5455 2800 5528 Vigiles
2829 5465 2883 5510 et
2932 5455 3210 5509 insomnes
3242 5465 3431 5509 noctes

252 5636 364 5700 {10)
407 5637 529 5708 Ilzcc
564 5641 614 5691 in
642 5640 894 5693 Ambros.
925 5639 1273 5694 adnotantur.
1303 5655 1426 5708 quae
1455 5639 1519 5692 ad
1553 5655 1691 5693 vers.
1725 5641 1758 5692 4

1910 5649 2034 5693 ’ῑεηι
2063 5659 2074 5692 :
2108 5639 2180 5691 Τὸ
2205 5640 2406 5693 ἄΰπνον
2441 5639 2618 5708 αὑτῶν
2643 5637 2743 5705 τῆς
2778 5637 2856 5697 είς
2885 5633 3115 5705 Χριστὸν
3134 5632 3428 5703 ἐπιϐουλῆς

183 5708 466 5777 σημαίνει.
495 5707 772 5778 Significat
809 5725 988 5764 eorum
1040 5707 1371 5780 vigilantiam
1404 5711 1454 5762 in
1491 5709 1742 5777 parandis
1773 5712 2020 5764 adversus
2056 5709 2323 5764 Christum
2352 5707 2580 5764 insidiis.
