3874 6218
373 234 477 289 H5

1215 232 1274 288 S.
1318 229 1694 286 ATHANASll
1721 229 1884 285 OPP.
1922 227 2103 284 PARS
2144 227 2228 281 lll.
2267 261 2336 270 —
2373 229 2782 287 EXEGETlCA.

3497 237 3602 291 ΠΒ

374 361 564 404 eorum
594 347 687 416 qui
708 345 927 401 Christo
955 346 1180 401 insidias
1207 347 1471 416 parabant
1493 347 1782 416 signiﬁcat.
1816 347 1934 400 Μη-

2045 345 2132 415 τῆς
2177 346 2255 408 είς
2298 345 2530 415 Χριστὸν
2565 344 2854 415 ἐπιϐουλῆς
2882 345 3156 416 σημαίνει.
3191 347 3380 415 Κακίᾳ
3425 347 3493 400 δὲ
3539 350 3614 403 οὐ

374 441 549 494 litiam
600 449 774 492 autem
820 455 920 490 non
967 439 1147 492 adivit.
1199 438 1277 492 Ac
1335 439 1381 494 si
1415 439 1638 503 diceret,
1676 438 1937 492 malitiam

374 544 481 584 llOll
518 535 800 582 aversatus
838 536 940 580 est.

445 622 500 676 5:
541 621 782 686 Domine,
813 621 868 674 in
892 621 1018 674 caelo
1042 621 1405 676 misericordia
1447 635 1558 676 tua.
1591 623 1841 679 Declarat
1873 640 1939 679 ex

373 713 747 769 misericordia
782 713 900 783 ejus
927 714 1191 777 coelestia,
1222 714 1276 768 id
1320 723 1404 768 est
1444 715 1798 770 rationabiles
1844 731 1940 786 po-

374 813 596 859 testates
627 804 946 860 consistere.
980 803 1048 856 Et
1079 806 1269 858 veritas
1309 815 1400 858 tua
1432 797 1592 876 usque
1624 807 1692 859 ad
1723 807 1902 862 nubes.

443 977 494 1031 6.
520 977 741 1031 Iustitia
770 986 860 1031 tua
887 979 1025 1032 sicut
1056 988 1255 1032 montes
1281 978 1396 1031 Dei.
1427 976 1617 1043 Veras,
1655 977 1853 1047 inquit,
1887 987 1940 1032 et

373 1069 557 1123 ﬁrmas
595 1084 713 1124 esse
748 1070 1132 1138 prophetarum
1175 1070 1568 1140 promissiones
1627 1071 1936 1125 ostendisti.

372 1157 554 1213 Nubes
584 1159 727 1212 enim
758 1169 884 1213 sunt
912 1160 1187 1228 prophetae
1213 1178 1224 1212 :
1249 1175 1406 1214 veras
1429 1169 1609 1214 autem
1637 1176 1730 1215 eas
1759 1171 1935 1216 osten-

373 1251 521 1314 disti,
581 1260 787 1305 tantam
822 1252 1087 1306 exhibens
1121 1253 1226 1305 vim
1273 1253 1515 1321 justitite,
1552 1263 1612 1308 ut
1661 1255 1938 1309 montibus

375 1343 469 1397 Dei
499 1344 803 1412 comparari
849 1344 1036 1413 possit.
1089 1343 1302 1396 Iudicia
1339 1354 1430 1397 tua
1479 1346 1694 1414 abyssus
1747 1346 1934 1399 multa.

373 1435 510 1490 Cum
546 1445 694 1491 tanta
743 1439 945 1492 veritas
990 1449 1151 1509 atque
1194 1441 1400 1509 justitia
1434 1441 1560 1495 insit
1592 1441 1710 1505 tibi,
1747 1441 1938 1508 ignoro

373 1541 494 1595 qua
536 1542 703 1582 causa
750 1527 817 1582 sit
863 1529 1007 1598 quod
1060 1531 1245 1583 tandiu
1304 1531 1518 1584 toleres.
1552 1528 1685 1583 Nam
1733 1530 1937 1600 judicia

371 1626 466 1670 tua
497 1616 938 1689 inaspeclabilem
967 1620 1146 1691 abyssi
1178 1619 1601 1689 profunditatem
1630 1621 1934 1675 imitantur.

2041 437 2493 506 προσώχθησεν.
2514 437 2657 488 Ἀντὶ
2685 434 2801 500 τοῦ,
2831 435 2926 507 τὴν
2953 438 3152 489 κακίαν
3184 438 3283 492 οὐκ
3322 439 3573 511 ἐμίσησε.

2111 615 2306 682 Κύριε,
2336 617 2414 669 -ἐν
2449 615 2529 681 τῷ
2569 615 2801 684 οὐρανῷ
2835 615 2899 668 τό
2924 617 3096 680 ἔλεός
3135 629 3272 668 σου.
3313 613 3610 679 Δείκνυσιν,

2039 706 2115 769 ὡς
2141 705 2218 776 τῷ
2251 706 2414 760 αὐτοῦ
2445 707 2584 759 ἐλέει
2621 707 2716 760 καὶ
2747 707 2815 758 τὰ
2861 707 3091 776 οὐράνια
3118 707 3434 774 συνέστηκε,
3457 696 3585 759 τουέ

2040 797 2185 850 ἐστιν
2219 799 2273 850 αἱ
2319 798 2534 866 λογικαὶ
2573 799 2848 870 δυνάμεις.
2875 799 2985 851 Καὶ
3015 800 3051 866 ἡ
3087 799 3337 868 ἀλήθειά
3363 814 3478 854 σου
3505 801 3620 867 ἕως

2041 885 2158 939 τῶν
2189 887 2480 955 νεφελῶν.

2121 978 2180 1032 Ἡ
2209 979 2560 1045 δικαιοσύνη
2585 994 2702 1032 σου
2727 979 2806 1044 ὡς
2832 978 2936 1047 ὄρη
2973 980 3140 1032 Θεοῦ.
3161 981 3425 1052 Ἀληθεῖς⁷
3458 982 3618 1053 φησὶ,

2039 1070 2133 1122 καὶ
2169 1069 2513 1142 βεϐαίας-τὰς
2540 1070 2626 1124 διὰ
2653 1069 2760 1122 τῶν
2795 1070 3086 1140 προφητῶν
3120 1073 3450 1142 ἐπαγγελίας
3473 1075 3620 1128 ἔδει·

2039 1157 2164 1223 ξας·
2219 1138 2436 1227 νεφέλαι
2480 1159 2587 1230 γὰρ
2637 1161 2686 1210 οἱ
2736 1138 3286 1230 προφῆται.¹Έδειξας
3325 1164 3380 1216 δὲ
3411 1164 3621 1227 ταύτας

2039 1250 2297 1321 ἀληθεῖς,
2349 1249 2551 1321 πλῆθος
2581 1251 2926 1321 δικαιοσύνης
2975 1255 3287 1324 χορηγήσας
3338 1257 3618 1319 τοσοῦτον,

2039 1341 2114 1404 ὼς
2171 1341 2320 1411 ὄρεσι
2391 1341 2832 1412 παραϐάλλεσθαι
2875 1342 3035 1396 Θεοῦ.
3086 1345 3161 1398 Τὰ
3205 1344 3458 1413 κρίματά
3500 1363 3620 1400 σου

2038 1433 2310 1499 ἄϐυσσος
2361 1432 2580 1500 πολλή.
2612 1433 2893 1504 Τοσαύτην
2931 1434 2986 1487 δέ
3035 1434 3175 1504 ἔχων
3220 1437 3474 1508 ἀλήθειαν
3523 1438 3619 1490 καὶ

2037 1523 2400 1594 δικαιοσύνην,
2427 1526 2570 1588 τίνος
2590 1525 2774 1579 ἕνεκεν
2806 1525 3176 1597 μακροθυμείς
3201 1527 3380 1595 ἀγνοῶ
3398 1546 3411 1557 ·
3437 1528 3497 1582 τὸ
3518 1531 3618 1600 τῆς

2039 1616 2276 1668 ἀϐύσσου
2324 1615 2431 1687 γὰρ
2478 1616 2788 1688 ἀθεώρητον
2825 1619 3069 1687 μιμεῖταί
3107 1636 3199 1672 σου
3229 1619 3296 1672 τά
3333 1620 3614 1691 κρίματα·

369 1709 505 1766 Nam
539 1711 682 1765 sicut
733 1712 851 1781 cjus
893 1712 1232 1781 profunditas
1277 1714 1345 1767 ab
1388 1714 1701 1768 hominibus
1731 1715 1933 1784 percipi

2045 1707 2286 1778 καθάπερ
2315 1709 2424 1778 γὰρ
2447 1709 2662 1778 ἐκείνης
2693 1709 2999 1780 ἀνθρώποις
3027 1710 3338 1783 ἀθεώρητος
3375 1715 3402 1766 ὁ
3433 1713 3616 1783 βυθὸς,

369 1800 576 1869 nequit,
613 1800 684 1853 ita
715 1800 1050 1869 judiciorum
1096 1810 1313 1855 tuorum
1356 1803 1614 1873 cogitatio
1656 1811 1810 1858 extra
1842 1818 1935 1858 ca-

366 1903 518 1960 ptum
546 1892 782 1946 hominis
809 1901 919 1946 est.

437 1982 487 2035 7.
532 1981 782 2036 Homines
824 1993 872 2036 et
893 1984 1137 2052 jumenta
1194 1984 1448 2050 salvabis,
1491 1985 1730 2040 Domine.
1773 1985 1936 2040 Post-

368 2087 531 2141 quam
564 2071 628 2126 de
661 2071 875 2126 duobus
899 2072 1115 2142 populis
1141 2074 1256 2127 haec
1284 2075 1578 2142 Apostolus
1599 2075 1828 2130 dixisset
1849 2076 1928 2130 ⁸¹ι

369 2158 638 2212 Conclusit
669 2159 922 2214 Dominus
958 2177 1132 2215 omnes
1161 2162 1214 2215 in
1244 2163 1636 2232 incredulitate,
1664 2174 1721 2217 ut
1756 2181 1931 2218 omnes

367 2250 534 2303 salvos
564 2251 778 2317 faceret,
810 2251 1132 2319 subiunxit:
1175 2253 1349 2318 Quam
1386 2256 1934 2324 incomprehensibilia

367 2350 489 2394 sunt
506 2340 712 2408 judicia
744 2355 834 2396 tua
859 2343 877 2394 .’
904 2341 1093 2397 Simile
1122 2344 1210 2398 hie
1243 2345 1470 2399 habetur
1496 2365 1509 2400 ε
1538 2362 1663 2399 nam
1699 2348 1932 2401 duorum

366 2433 714 2502 populorum,
746 2435 841 2502 qui
869 2435 1032 2488 etiam
1069 2450 1166 2504 per
1197 2435 1450 2491 homines
1487 2447 1540 2490 et
1579 2439 1827 2506 jumenta
1860 2441 1931 2493 si-

365 2525 712 2594 gniﬁcantur,
747 2527 977 2580 salutem
1003 2536 1359 2581 enarraturus
1398 2547 1412 2582 :
1455 2528 1737 2583 hominum
1785 2531 1932 2586 scili-

367 2624 451 2671 cet
480 2614 847 2671 lsraelitarum
882 2619 976 2688 qui
1008 2618 1241 2674 instituti
1295 2620 1351 2673 in
1382 2621 1498 2690 lege
1529 2630 1677 2688 sunt,
1711 2630 1766 2676 et
1795 2638 1932 2692 prae-

367 2711 630 2764 stantiora
678 2711 954 2777 cogitant:
1004 2711 1381 2780 jumentorum
1425 2722 1604 2767 autem
1633 2753 1648 2778 ,
1689 2716 1928 2784 gentium

365 2814 576 2866 nempe,
609 2807 796 2868 utpote
830 2800 1354 2856 irrationabiliorum
1385 2822 1400 2869 ;
1434 2802 1602 2859 Judaei
1636 2806 1779 2860 enim
1817 2825 1930 2878 my-

364 2889 587 2945 sterium
616 2905 712 2960 per
762 2891 908 2962 leges
941 2901 995 2948 et
1028 2896 1320 2964 prophetas
1359 2895 1535 2950 edocti
1579 2897 1924 2963 exciderunt,
1975 2947 1983 2974 ν.

365 2988 548 3048 gentes
578 2996 706 3036 vero
736 2997 858 3052 quae
893 2999 1169 3054 nunquam
1206 2987 1341 3041 illud
1385 2987 1677 3041 audierant
1710 3002 1928 3042 assum-
1972 3005 1978 3054 ς

2036 1795 2207 1859 οὕτως
2230 1796 2514 1865 ἀνέφικτος
2541 1797 2648 1850 τῶν
2675 1797 2782 1850 σῶν
2811 1799 3092 1870 κριμάτων
3121 1802 3469 1872 κατανόησις.

2118 1974 2479 2042 Ἆγθρώπους
2510 1975 2609 2030 καὶ
2647 1977 2835 2046 κτήνη
2860 1981 3099 2045 σώσεις,
3122 1981 3314 2049 Κύριε.
3346 1981 3480 2052 Περὶ
3506 1982 3621 2036 τῶν

2033 2066 2125 2119 δύο
2169 2067 2313 2119 λαῶν
2363 2067 2599 2138 εἰρηκὼς
2647 2071 2675 2120 ὁ
2722 2070 3074 2135 Ἀπόστολος,
3127 2071 3532 2126 Συνέκλεισεν
3583 2076 3616 2127 ό

2036 2156 2179 2220 Θεὸς
2208 2156 2348 2222 τοὺς
2381 2159 2610 2223 πάντας
2633 2160 2719 2222 εὶς
2745 2159 3071 2224 ἀπείθειαν,
3104 2161 3204 2214 ἵνα
3225 2162 3365 2227 τοὺς
3385 2162 3614 2227 πάντας

2033 2249 2224 2316 σώσῃ,
2277 2250 2588 2319 ἐπήγαγεν’
2633 2251 2725 2316 Ὡς
2769 2251 3207 2320 ἀνεξερεύνητα
3250 2253 3322 2306 τὰ
3363 2255 3614 2322 χρήματα

2032 2335 2256 2392 αὐτοῦ]
2282 2341 2390 2393 Καὶ
2428 2341 2663 2394 ἐνταῦθα
2691 2342 2874 2411 ὅμοιόν
2897 2344 3046 2395 ἐστιν
3067 2360 3080 2372 ”
3113 2343 3298 2413 ἐπειδὴ
3326 2344 3434 2414 γὰρ
3460 2344 3614 2415 ἔμελ-

2031 2429 2090 2481 λε
2128 2431 2360 2483 τῶν⁹δύο
2389 2431 2534 2485 λαῶν
2565 2431 2662 2502 τὴν
2699 2434 2973 2504 σωτηρίαν
3000 2434 3383 2506 διηγήσασθαι,
3427 2435 3476 2488 οἳ
3520 2436 3616 2489 καὶ

2034 2523 2386 2591 σημαίνονται
2417 2523 2503 2576 διὰ
2530 2525 2638 2576 τῶν
2663 2524 2964 2596 ἀνθρώπων
2995 2527 3090 2580 καί
3117 2527 3223 2580 τῶν
3252 2527 3463 2598 κτηνῶν
3485 2544 3498 2558 ⁸
3527 2529 3614 2581 ἀν-

2033 2613 2264 2684 θρώπων
2319 2616 2417 2687 μὲν
2467 2617 2575 2669 τῶν
2628 2616 2688 2680 ἐξ
2725 2618 2940 2690 Ἰσραὴλ
2976 2619 3051 2684 ὡς
3083 2621 3504 2692 κατηχουμένων
3547 2624 3613 2674 ἐκ

2029 2704 2121 2757 τοῦ
2158 2706 2342 2776 νόμου,
2372 2707 2464 2760 καὶ
2496 2706 2757 2762 νοούντων
2805 2710 2872 2761 τὰ
2917 2711 3242 2780 διαφέροντα
3265 2729 3278 2742 ο
3312 2712 3527 2781 κτηνῶν
3554 2713 3613 2766 δὲ

2029 2797 2104 2859 ὡς
2136 2797 2492 2866 ἁλογωτέρων
2520 2798 2628 2851 τῶν
2668 2799 2726 2866 ἐξ
2775 2799 2944 2855 ἐθνῶν
2969 2818 2982 2830 ο
3014 2801 3392 2866 παιδευθέντες
3429 2803 3538 2874 γὰρ
3561 2806 3612 2857 οξ

2028 2887 2088 2951 ἐξ
2125 2888 2391 2940 Ἰουδαίων
2419 2889 2480 2941 τὸ
2516 2891 2813 2961 μυστήριον
2845 2891 2932 2945 διὰ
2970 2892 3134 2962 νόμου
3162 2895 3255 2946 καὶ
3286 2894 3602 2964 προφητῶν,

2030 2977 2318 3043 ἐξέπεσονο
2371 2979 2420 3031 οἱ
2473 2978 2530 3031 δέ
2562 2978 2829 3032 ὀὐδέποτε
2880 2981 3178 3050 ἀκηκοότες
3225 2983 3275 3034 οἱ
3328 2981 3386 3045 ἐξ
3437 2981 3611 3035 ἐθνῶν

363 3077 468 3138 ptae
497 3079 662 3136 sunt;
698 3073 801 3126 hac
845 3073 913 3128 de
945 3052 1110 3130 causa
1153 3085 1312 3132 antea
1362 3077 1539 3132 dixit:
1573 3077 1789 3132 Judicia
1836 3091 1928 3132 tua

2045 3068 2513 3140 προσελήφθησαν·
2559 3069 2749 3122 τούτου
2797 3071 2956 3143 χάριν
3003 3072 3334 3144 προείρηκεο
3371 3076 3447 3127 Τὰ
3484 3077 3612 3142 κρί-

360 3158 584 3230 abyssus
616 3159 804 3214 multa.
834 3160 1072 3216 Rursum
1102 3164 1352 3220 homines
1371 3166 1505 3220 dicit
1531 3181 1625 3221 eos
1647 3169 1739 3236 qui
1768 3169 1929 3220 ratio-

365 3250 596 3304 nabilem
615 3252 929 3321 dignitatem
948 3266 1264 3323 servarunt;
1285 3257 1532 3326 jumenta
1552 3274 1700 3323 vero,
1723 3274 1817 3313 eos
1835 3259 1926 3328 qui

361 3357 550 3397 versus
598 3352 797 3396 terram
843 3345 1098 3400 deorsum
1161 3348 1528 3411 inclinantur,
1581 3359 1637 3402 et
1699 3350 1927 3403 terrenis

363 3445 661 3503 pascuntur
695 3437 965 3505 cogitatis.
993 3437 1110 3491 Non
1161 3440 1336 3494 solum
1367 3441 1550 3509 itaque
1583 3441 1783 3512 justos,
1823 3441 1927 3508 sed

361 3526 524 3580 etiam
555 3538 867 3596 peccatores
901 3529 968 3583 ad
997 3531 1228 3585 salutem
1261 3533 1492 3585 vocavit.

431 3617 485 3672 8.
521 3615 655 3671 Filii
689 3627 862 3673 autem
911 3620 1176 3674 hominum
1220 3623 1276 3674 in
1307 3624 1527 3691 tegmine
1556 3624 1767 3675 alarum
1803 3631 1923 3677 tua-

360 3725 477 3763 rum
503 3711 804 3779 sperabunt.
836 3711 890 3767 ld
923 3722 1026 3779 est,
1053 3723 1104 3768 te
1134 3723 1489 3784 protectorem
1515 3716 1925 3786 adjutoremque

357 3802 652 3872 evangelici
687 3804 835 3858 verbi
868 3797 1212 3860 obtinebunt.

428 3892 482 3957 9,
515 3894 600 3947 10.
636 3892 1048 3950 Inebriabuntur
1090 3897 1153 3950 ab
1203 3897 1437 3951 ubertate
1466 3898 1650 3953 domus
1703 3911 1824 3966 tum,
1873 3909 1922 3953 et

359 3993 583 4037 torrente
623 3985 903 4054 voluptatis
931 3995 1035 4041 tua:
1056 3989 1262 4057 potabis
1285 4005 1392 4052 eos,
1423 4000 1528 4042 etc.
1559 3989 1794 4045 Torrens
1825 4007 1921 4045 vo-

357 4074 579 4144 luptatis
634 4073 886 4134 Christus
937 4089 1041 4144 est,
1081 4080 1232 4149 juxta
1288 4081 1431 4150 quod
1477 4081 1682 4136 dictum
1733 4085 1916 4138 est”:

354 4165 639 4220 Declinabo
672 4184 826 4236 super
858 4186 942 4224 eos
971 4174 1123 4240 quasi
1165 4181 1366 4226 torrens
1401 4174 1666 4228 inundans
1692 4175 1918 4244 gloriam

353 4257 601 4329 gentium.
622 4254 717 4312 Est
737 4270 916 4313 autem
945 4271 998 4314 et
1019 4260 1140 4317 fons
1158 4264 1278 4317 vitae
1308 4273 1361 4318 et
1389 4265 1569 4319 lumen
1589 4265 1656 4320 de
1689 4267 1914 4322 lumine.

425 4345 682 4405 12..Non
719 4351 888 4404 veniat
939 4352 1068 4404 mihi
1095 4368 1182 4421 pes
1215 4354 1493 4423 superbiae.
1541 4354 1716 4427 Rogat
1765 4359 1911 4411 nulla
1948 4383 1994 4438 Β

353 4440 555 4493 moveri
586 4456 646 4496 se
674 4444 948 4511 passione.
1003 4442 1070 4498 Et
1109 4462 1294 4498 manus
1334 4450 1625 4516 peccatoris
1656 4467 1758 4503 non
1808 4467 1917 4504 mo-

353 4540 465 4584 veat
492 4548 589 4586 me.
637 4532 820 4604 Neque
855 4551 964 4601 me,
999 4535 1195 4608 inquit,
1233 4539 1709 4606 pravum'facinus
1750 4558 1916 4614 prope

353 4630 405 4673 te
433 4629 660 4676 stantem
690 4625 985 4681 dimoveat.

599 4802 648 4855 ι.
685 4802 1024 4862 essurus
1069 4810 1170 4878 ipsi
1195 4811 1385 4865 David.
1431 4811 1588 4866 XXX
1607 4812 1701 4867 Vl.

948 4901 1340 4970 Argumentum.

348 4983 660 5041 Doctrinam
689 4989 776 5044 hic
809 4991 1052 5060 psalmus
1081 4994 1460 5062 complectitur
1483 5038 1497 5064 ,
1524 4997 1910 5055 abstinentiam

417 5092 449 5132 a
478 5077 636 5134 ma'lis
657 5121 674 5146 ,
701 5081 1078 5152 bonorumque
1105 5085 1343 5140 studium
1377 5103 1521 5144 novo
1550 5092 1752 5160 populo
1782 5108 1911 5162 prae-

415 5175 604 5230 dicans
634 5193 648 5229 :
685 5185 913 5245 utroque
951 5175 1019 5230 ad
1051 5178 1388 5234 suadendum
1425 5197 1592 5250 usus,
1621 5199 1717 5253 spe
1757 5187 1909 5240 scili-

411 5275 495 5319 cet
523 5268 870 5336 praemiorum
911 5269 1084 5326 bonos
1113 5272 1509 5341 spectantium,
1549 5283 1603 5329 et
1644 5277 1909 5345 supplicio

413 5355 572 5410 malis
597 5368 891 5414 reservato.

410 5447 465 5502 2.
500 5445 628 5500 Noli
663 5450 909 5505 temulari
937 5453 988 5506 in
1019 5453 1433 5524 malignantibus
1455 5495 1470 5521 ,
1507 5474 1667 5528 neque
1703 5461 1903 5518 zelave-

410 5629 455 5658 ⁸²
481 5625 635 5686 Rom.
668 5645 745 5706 χι,
776 5633 963 5689 Eii-35.
1035 5636 1081 5669 ⁸³
1102 5637 1205 5692 lsa.
1238 5652 1386 5701 LXVI,
1427 5639 1512 5694 l2.

2024 3161 2182 3230 ματιὶ
2203 3178 2318 3216 σου
2344 3161 2615 3230 ἄϐυσσος
2639 3165 2862 3230 πολλή.
2881 3165 3000 3218 Ἀνθ
3011 3165 3224 3237 ρώπους
3249 3168 3394 3236 λέγει
3418 3169 3604 3232 πάλιν,

2027 3255 2153 3317 τοὺς
2179 3254 2278 3325 τὴν
2303 3254 2530 3326 λογικὴν
2560 3256 2714 3320 ἀξίαν
2749 3257 3114 3324 φυλάττοντας
3135 3276 3146 3287 ·
3182 3261 3353 3330 κτήνη
3377 3261 3457 3326 δὲ,
3484 3261 3612 3326 τοὺς

2028 3346 2107 3409 είς
2119 3346 2223 3416 γῆν
2241 3345 2390 3399 κάτω
2408 3346 2682 3413 νεύοντας,
2707 3347 2799 3400 καὶ
2823 3348 2891 3401 τὰ
2914 3351 3076 3420 γήϊνα
3100 3349 3460 3421 βοσκομένους
3478 3369 3602 3421 φροι

2026 3439 2261 3508 νήματα.
2289 3437 2363 3490 Οὐ
2391 3439 2549 3508 μόνον
2571 3435 2662 3492 οὖν
2685 3439 2946 3506 δικαίους,
2975 3441 3111 3494 ἀλλά
3132 3443 3225 3494 καὶ
3249 3443 3607 3513 ἁμαρτωλοὺς

2026 3531 2108 3592 εἰς
2137 3530 2410 3599 σωτηρίαν
2441 3530 2718 3583 ἐκάλεσεν.

2098 3624 2162 3674 Ol
2193 3621 2261 3673 δὲ
2289 3622 2404 3675 υἱοὶ
2430 3621 2547 3674 τῶν
2570 3621 2894 3690 ἀνθρώπων
2918 3622 2988 3675 ἐνν-
3019 3624 3218 3694 σκέπῃ
3253 3625 3368 3680 τῶν
3397 3629 3607 3697 πτερύ-

2024 3729 2144 3780 γων
2169 3726 2287 3766 σου
2321 3712 2622 3765 ἐλπιοῦσι.
2643 3712 2922 3775 Τουτέστι,
2953 3716 3266 3784 σκεπαστὴν
3289 3716 3383 3768 καὶ
3413 3715 3610 3788 βοηθόν

2026 3818 2085 3853 σε
2116 3802 2294 3868 ἕξουσι
2328 3803 2422 3855 τοῦ
2453 3802 2811 3871 εὐαγγελικοιῖ
2847 3803 3030 3872 λόγου,
3062 3806 3247 3876 φησίν.

2093 3895 2587 3961 Μεθυσθήσονται
2619 3895 2735 3950 ἀπὸ
2784 3898 3065 3963 πιότητος
3113 3897 3282 3951 οἴκου
3325 3913 3463 3962 σου,
3503 3900 3604 3953 καί

2021 3985 2129 4038 τὸν
2157 3987 2517 4054 χειμάῤῥουν
2550 3985 2661 4056 τῆς
2700 3987 3074 4056 τρυφῆςκσου
3106 3988 3328 4052 ace/sic
3360 3991 3602 4056 αὐτούς.

2021 4077 2368 4148 ΧειμάρρΟυς
2393 4081 2604 4148 τρυφῆς
2630 4079 2776 4131 ἐστιν
2807 4080 2834 4130 ό
2863 4078 3097 4148 Χριστὸς
3131 4079 3269 4132 κατά
3291 4079 3351 4132 τὸ
3377 4080 3606 4151 εἰρημέ-

2021 4184 2109 4219 νον
2131 4185 2142 4196 ·
2185 4169 2472 4222 Ἐκκλίνω
2507 4169 2600 4220 ἐπ’
2625 4170 2844 4236 αὐτοὺς
2869 4172 2949 4238 ὡς
2985 4171 3341 4241 χειμάρῤους
3361 4173 3607 4228 eamne-

2021 4256 2130 4316 ζων
2161 4257 2347 4322 δόξαν
2366 4259 2739 4314 ἐθνῶν-,Ἔστι
2764 4261 2819 4313 δέ
2849 4263 2944 4314 καὶ
2974 4261 3124 4335 πηγὴ
3159 4262 3304 4334 ζωῆς
3350 4264 3444 4317 καὶ
3489 4266 3605 4335 φῶς

2023 4346 2086 4398 ἐκ
2114 4347 2314 4412 φωτός.

2091 4437 2187 4505 Μὴ
2218 4437 2434 4492 ἐλθέτω
2455 4456 2556 4508 μοι
2581 4439 2734 4506 ποῦς
2759 4443 3348 4512 ὑπερηφανίας.”Εξω
3374 4444 3467 4498 τοῦ
3499 4448 3601 4498 τά·-

2019 4527 2144 4592 θους
2181 4528 2321 4593 ἀξιοῖ
2347 4529 2618 4598 γενέσθαι.
2661 4531 2769 4585 Καὶ
2800 4535 2930 4601 χείρ
2972 4535 3320 4603 ἀμαρτωλοῦ
3356 4535 3444 4605 μὴ
3485 4553 3599 4590 σαι

2015 4621 2230 4672 λεύσαι
2256 4637 2354 4689 με.
2382 4622 2534 4690 Μηδὲ
2574 4626 2990 4694 μετακινησάτω
3019 4643 3108 4696 με,
3141 4628 3295 4698 φησί,
3319 4628 3422 4698 τῆς
3449 4629 3599 4699 παρὰ

2019 4711 2101 4764 σοὶ
2127 4712 2368 4776 στάσεως
2403 4713 2603 4784 πρᾶξις
2627 4715 2849 4777 ἄτοπος.

2411 4808 2717 4860 ΨΑΛΜΟΣ
2749 4807 2829 4871 τῷ
2857 4808 3054 4863 Δαυτδ.
3087 4811 3241 4876 Λςν.

2138 4961 2144 4974 Ι
2637 4897 2651 4917 '
2664 4899 2971 4965 Υπόθεσις.

2014 4987 2372 5042 Διδασκαλίαν
2401 4988 2645 5058 περιέχει
2667 4991 2695 5041 ὁ
2717 4989 2953 5059 ψαλμὸς,
2985 4991 3373 5062 εἰσηγούμενος
3386 4993 3466 5064 τῷ
3490 4993 3597 5064 νέῳ

2083 5076 2196 5148 λαῷ
2239 5079 2446 5150 ἀποχὴν
2475 5079 2571 5149 μὲν
2593 5080 2701 5132 τῶν
2734 5080 3005 5153 πονηρῶν,
3037 5084 3378 5154 ἐπιτήδευσιν
3399 5085 3458 5138 δὲ
3485 5085 3596 5140 τῶν

2083 5169 2331 5238 ἀγαθῶν·
2361 5171 2418 5237 ἐξ
2450 5171 2724 5242 ἑκατέρων
2747 5173 2949 5225 πείθων
2969 5217 2983 5234 ,
3011 5173 3073 5226 ἔκ
3104 5191 3162 5226 τε
3189 5174 3288 5244 τῆς
3315 5178 3428 5238 τοῖς
3457 5177 3596 5244 ἀγαρ

2082 5261 2193 5325 θοῖς
2225 5263 2667 5334 ηὐτρεπισμένης
2702 5263 2945 5328 ἐλπίδος,
2978 5265 3041 5318 ἐκ
3067 5283 3124 5318 τε
3156 5267 3254 5336 τῆς
3285 5269 3398 5329 τοῖς
3427 5284 3593 5336 πονη-

2083 5357 2197 5424 ροῖς
2217 5355 2583 5426 ἀποκειμένης
2609 5355 2901 5419 κολάσεως.

2078 5447 2175 5516 Μὴ
2202 5445 2544 5517 παραζήλου
2575 5448 2644 5501 ἐν
2667 5447 3188 5518 πονηρευομένοις,
3222 5447 3378 5517 μηδὲ
3403 5447 3590 5515 ζήλου
