3874 6218
234 370 336 425 177

1282 369 1646 424 EXPUSITIO
1686 369 1751 423 IN
1784 369 2112 426 PSALMUM
2148 370 2386 425 XXXVI.

3368 367 3467 425 178

231 484 372 549 τοὺς
392 482 712 548 ποιοῦντας
736 482 848 551 τὴν
874 484 1147 552 ἀνομίαν.
1180 485 1441 554 Παραινεῖ
1468 484 1686 553 φεύγειν
1711 485 1808 555 τὴν

1940 487 1983 539 is
2012 487 2257 551 facientes
2289 484 2640 554 iniquitatem.
2672 482 2931 538 Malitiam
2957 480 3142 554 fugere
3172 483 3422 539 hortatur
3455 503 3468 538 ε

234 576 533 647 πονηρίανι,
563 575 637 637 ὡς
668 574 939 628 ἔκπτωσιν
966 570 1104 629 εἶναι
1146 576 1343 639 παντὸς
1371 575 1579 643 ἀγαθοῦ
1607 576 1810 646 ταύτης

236 667 578 738 ὑπογράφων.
605 667 664 719 τὸ
688 668 859 730 τέλος.

304 760 412 813 Καὶ
448 750 835 826 κὶιτασκήνου
864 758 979 825 τὴν
1004 757 1137 828 γῆν,
1165 758 1264 811 καὶ
1303 757 1685 826 ποιμανθήσῃ
1713 758 1813 811 ἐπὶ

234 849 315 915 τῷ
347 850 589 912 πλούτῳ
622 848 830 917 αὐτῆς.
864 850 974 919 Γῆν
1003 850 1148 916 λέγει
1171 850 1268 919 τὴν
1292 848 1649 902 θεόπνευστον
1674 849 1814 918 Γρα-

238 941 341 1009 φὴν
360 979 375 1003 ,
412 941 470 991 ὲν
572 939 600 990 ὀ
630 938 857 999 πλοῦτος
886 939 994 990 τῶν
1018 938 1217 1006 ἁγίων,
1254 938 1525 991 τουτέστιν
1553 939 1605 992 αἱ
1642 942 1813 1007 ὲπαγ-

235 1031 431 1101 γελίαι.
504 1030 770 1101 ΙΙαραινεῖ
816 1031 1106 1093 διαπαντὸς
1139 1030 1244 1083 τῶν
1278 1030 1436 1085 θείων
1483 1030 1814 1101 προσχέσθαι

234 1121 455 1190 λογίων,
489 1120 649 1190 ἔρωτι
684 1121 792 1175 τῶν
824 1124 881 1174 ὲν
899 1123 1081 1185 αὐτοῖς
1096 1123 1472 1193 ἀποκειμένων
1498 1125 1611 1185 τοῖς
1641 1121 1813 1191 ἁγίοις

235 1215 480 1284 ἀγαθῶν.

322 1307 744 1374 Ἀποκάλυψον
788 1305 937 1372 πρὸς
985 1308 1205 1373 Κύριον
1238 1307 1351 1376 τὴν
1378 1307 1522 1361 ὀδόν
1544 1321 1681 1369 σου,
1716 1308 1814 1361 καὶ

236 1398 499 1452 ἔλαια-ον
521 1397 611 1449 ἐπ’
635 1398 839 1460 αὐτὸν,
864 1397 962 1449 καὶ
989 1397 1169 1462 αὐτὸς
1192 1397 1451 1465 ποιήσει.
1478 1398 1636 1468 Ἔσῃ,
1660 1396 1813 1466 φησι,

240 1488 491 1558 φανερῶς
518 1487 615 1558 τὴν
648 1488 985 1557 ἁρέσκουσαν
1019 1488 1167 1558 αὐτῷ
1201 1488 1430 1558 βαδίζων
1462 1489 1597 1541 ὁδόν.

310 1577 418 1630 Καὶ
445 1576 668 1639 ἐξοίσει
698 1576 777 1640 ὡς
802 1576 926 1643 φῶς
952 1577 1066 1643 τὴν
1093 1577 1490 1646 δικαιοσύνην
1519 1596 1653 1631 σου.
1711 1578 1815 1649 Δῆ-

239 1668 331 1720 λον
358 1667 467 1737 γάρ
507 1667 676 1729 ἐστιν,
706 1667 785 1719 ὃτι
813 1669 868 1719 ὲν
892 1666 970 1737 τῷ
1004 1668 1246 1737 μέλλοντι
1276 1668 1466 1733 αἰῶνι,
1500 1669 1575 1732 ὡς
1604 1669 1765 1732 αὐτὸς
1790 1670 1818 1720 ὁ

1912 580 2113 634 docens
2138 579 2254 647 ejus
2286 578 2445 631 tinem
2468 592 2589 632 esse
2620 577 2832 646 lapsum
2857 576 2925 631 ab
2949 577 3099 630 omni
3129 575 3293 629 bono.
3368 602 3381 613 -

1983 763 2035 814 5.
2080 759 2146 812 Et
2173 759 2411 812 inhabita
2432 768 2645 822 terram,
2671 768 2719 811 et
2754 759 2985 827 pasceris
3021 759 3074 810 in
3104 756 3303 809 diritiis
3338 756 3472 826 ejus.

1915 855 2138 907 Terram
2181 853 2311 906 dicit
2353 852 2614 906 divinitus
2642 852 2958 921 inspiratam
3006 848 3339 918 Scripturam
3368 890 3381 915 ,
3419 850 3473 903 in

1914 957 2022 1011 qua
2052 943 2168 996 sitae
2214 949 2528 996 sanctorum
2560 942 2780 1009 divitiae,
2830 942 2882 995 id
2930 950 3013 996 est
3060 941 3471 1010 promissiones.

1914 1030 2173 1086 Hortatur
2202 1042 2383 1086 autem
2428 1040 2488 1086 ut
2517 1034 2715 1087 divinis
2758 1033 2988 1103 eloquiis
3022 1047 3233 1102 semper
3272 1032 3477 1085 haerea-

1916 1139 2060 1189 mus,
2091 1139 2276 1178 amore
2307 1125 2457 1179 ducti
2490 1124 2755 1180 bonorum
2791 1140 2911 1194 quae
2942 1125 2997 1177 in
3029 1124 3109 1179 eis
3141 1138 3239 1192 pro
3275 1124 3477 1178 sanctis

1916 1223 2042 1269 sunt
2066 1214 2317 1283 reposita.

1987 1306 2038 1359 5.
2065 1304 2253 1359 Revela
2288 1305 2512 1358 Domino
2555 1306 2693 1359 viam
2739 1316 2882 1358 tuam
2920 1314 2968 1358 et
3008 1322 3159 1374 spera
3204 1307 3256 1358 in
3297 1322 3385 1364 eo,
3427 1315 3476 1357 et

1917 1394 2027 1463 ipse
2062 1395 2242 1462 faciet.
2276 1394 2458 1449 Palam
2486 1436 2499 1459 ,
2532 1396 2737 1465 inquit,
2774 1397 2877 1449 erit
2910 1404 2961 1449 te
2996 1410 3091 1464 per
3120 1406 3394 1465 acceptam
3425 1404 3479 1448 et

1919 1495 2127 1558 gratam
2158 1488 2260 1557 ipsi
2295 1487 2437 1541 viam
2475 1488 2742 1541 incedere.

1989 1579 2039 1629 6.
2083 1575 2151 1629 Et
2178 1576 2359 1630 educet
2388 1576 2536 1645 quasi
2572 1577 2745 1629 lumen
2790 1578 3054 1639 iustitiam
3095 1586 3258 1630 tuam.
3308 1575 3480 1629 Mani-

1922 1669 2117 1723 feStum
2167 1668 2311 1723 enim
2356 1678 2439 1722 est
2482 1670 2625 1737 quod
2670 1669 2722 1721 in
2766 1668 2950 1723 futuro
2990 1669 3225 1732 saeculo,
3261 1679 3320 1722 ut
3366 1667 3482 1737 ipse

238 1758 445 1828 Κύριος
473 1757 692 1827 εἴρηκεν
715 1797 728 1819 ,
760 1756 841 1808 ὅτι
887 1760 940 1810 οἱ
972 1756 1185 1810 δίκαιοι
1219 1757 1642 1827 ἐκλάμψουσιν
1669 1758 1749 1822 ὡς
1787 1760 1819 1810 o'

1940 1762 2185 1815 )ominus
2216 1761 2342 1814 dicit
2370 1761 2437 1823 ⁸³,
2474 1746 2910 1831 ⁸ἱιιδιὶγυιςιείηιηι
2948 1763 3081 1813 sicut
3124 1760 3222 1813 sol.
3273 1758 3479 1813 Lumen

239 1850 436 1918 ἥλιος.
468 1847 587 1911 Φῶς
614 1849 670 1901 δὲ
698 1848 1046 1920 δικαιοσύνης
1078 1849 1306 1918 γνῶσις·
1350 1850 1534 1922 ἐπειδὴ
1562 1850 1657 1903 καὶ
1681 1852 1713 1918 ὴ
1740 1850 1818 1902 δι-

239 1939 504 2009 καιοσύνη
532 1938 708 1992 κανών
731 1942 876 1993 ἐστιν
900 1940 1126 2012 ἀρετῶν.
1160 1942 1269 1996 Καὶ
1296 1942 1362 1995 τὸ
1391 1941 1566 2011 κρῖμά
1596 1958 1710 1996 σου
1741 1943 1820 2008 ὡς

232 2036 631 2104 μισημϐρίαν.
672 2035 813 2087 Ἀντὶ
837 2034 929 2087 τοῦ
950 2050 963 2064 ·
990 2035 1179 2104 Κρινεῖ
1201 2050 1260 2085 σε
1292 2032 1438 2096 ἄξιον
1463 2033 1590 2085 ὄντα
1623 2033 1816 2101 φωτός.

314 2127 424 2179 Καὶ
463 2124 647 2193 αὐτὸς
686 2124 944 2192 ποιήσει.
982 2126 1151 2179 Ὅταν
1180 2127 1264 2178 ἐπ’
1292 2125 1441 2195 αὐτῷ
1464 2165 1479 2189 ,
1512 2125 1705 2196 φησὶν,
1737 2123 1822 2177 ὲλ-

240 2218 444 2287 πίσῃς,
484 2217 604 2269 τότε
636 2217 728 2269 καὶ
760 2216 922 2279 αὐτὸς
959 2217 1196 2287 ποιήσει.
1252 2216 1318 2268 Τί
1364 2214 1420 2269 δὲ
1459 2217 1672 2286 ποιήσει
1706 2216 1821 2268 δια-

238 2306 881 2375 δείκνυσινέπενεγκὼνο
931 2307 994 2360 Ἐ
1002 2307 1194 2371 ξοίσει
1222 2307 1301 2371 ὡς
1326 2303 1452 2373 φῶς
1470 2304 1585 2373 τὴν
1606 2304 1823 2357 δικαιο-

239 2384 445 2466 ἆύνην
492 2414 609 2453 σου
635 2439 651 2462 ,
699 2400 799 2453 καί
839 2398 902 2452 τὸ
952 2398 1130 2467 κρῖμα
1171 2412 1286 2451 σου
1320 2399 1400 2463 ὡς
1424 2398 1818 2465 μεσημϐρίαν.

242 2491 287 2543 Τ
289 2490 380 2542 ότε
403 2490 459 2542 δὲ
485 2487 705 2556 ἐξοίσει,
735 2490 919 2561 φησιν,
951 2491 1071 2543 ἀντὶ
1104 2489 1195 2543 τοῦ
1220 2489 1436 2559 ἐμφανῆ
1469 2490 1820 2560 καταστήσει,

242 2583 339 2634 καὶ
385 2577 497 2635 οἷον
550 2580 839 2653 περίοπτον
872 2582 1171 2650 ἀποφανεῖ,
1224 2580 1406 2633 λαθεῖν
1448 2580 1547 2632 οὐκ
1587 2580 1690 2633 ἐῶν
1728 2580 1825 2650 τῆς

243 2671 478 2737 εὐζωίας
509 2672 571 2725 τὸ
611 2671 825 2736 κάλλος.
900 2673 1091 2726 Ἔσται
1118 2672 1224 2743 γὰρ
1258 2671 1459 2725 ἆπασιν
1508 2670 1741 2743 ἐναργὴς
1788 2673 1822 2742 ή

242 2763 559 2833 δικαιοσύνη
613 2780 706 2816 σου
748 2763 904 2834 δίκην
952 2764 1129 2832 φωτὸς
1160 2763 1592 2832 ἀναλάμπουσα,
1651 2762 1826 2831 φωτὸς

246 2871 387 2925 μεση
399 2853 646 2925 μϐρινοῦ.
669 2854 1004 2926 Μεσημϐρία
1027 2871 1089 2922 γε
1114 2856 1219 2925 μὴν
1241 2853 1558 2925 ὀνομάζεται
1581 2854 1679 2924 τῆς
1702 2852 1829 2924 ἡμέ-

246 2964 349 3017 ρας
382 2947 513 3000 αὐτὸ
541 2946 603 3000 τὸ
635 2947 975 3018 μεσαίτατον.
1004 2947 1077 3000 Οὐ
1110 2948 1290 3017 μόνον,
1317 2947 1449 3017 φησὶ
1467 2985 1481 3010 ,
1516 2946 1713 2999 δικαιοῖ
1736 2945 1828 2998 τὸν

244 3038 758 3108 ὲξομολογούμενον,
784 3038 880 3091 καὶ
902 3040 1077 3109 κρῖμα
1105 3037 1253 3108 αὐτῷ
1276 3037 1577 3110 προσφέρει
1604 3037 1829 3109 χρηστό-

1921 1863 2099 1908 autem
2127 1853 2373 1922 justitize,
2402 1854 2667 1922 cognitio;
2694 1853 3131 1922 quandoquidem
3159 1850 3367 1921 justitia
3399 1866 3484 1904 re-

1920 1947 2041 2016 gula
2075 1946 2334 1999 virtutum
2359 1955 2458 1999 est.
2501 1945 2565 1998 Et
2591 1946 2859 2015 judicium
2903 1955 3049 1998 tuum
3087 1953 3338 2014 tanquam
3374 1960 3481 1997 me-

1920 2037 2124 2090 ridiem.
2156 2034 2212 2089 ld
2235 2043 2338 2102 est,
2372 2034 2450 2087 Te
2480 2034 2703 2103 dignum
2738 2036 2874 2089 lucis
2900 2034 3167 2103 judicabit
3198 2047 3337 2086 esse.

1989 2128 2138 2183 Dan.
2168 2127 2331 2182 Barb.
2352 2126 2457 2180 :Et
2480 2127 2586 2197 ipse
2604 2129 2782 2196 faciet.
2806 2127 2928 2190 Ubi,
2960 2126 3154 2196 inquit,
3178 2126 3231 2178 in
3258 2138 3323 2178 eo
3355 2137 3483 2193 spe-

1921 2222 2145 2288 raveris,
2174 2228 2306 2274 tunc
2349 2220 2465 2289 ipse
2514 2218 2693 2273 faciet.
2729 2219 2833 2274 Sed
2882 2219 3012 2288 quid
3054 2217 3215 2272 faciet
3248 2214 3484 2270 ostendit

1920 2311 2157 2366 inferens
2193 2328 2207 2364 :
2247 2313 2315 2363 Et
2346 2309 2526 2363 educet
2555 2310 2708 2378 quasi
2748 2309 2919 2362 lumen
2955 2308 3223 2377 justitiam
3254 2316 3401 2359 tuam
3433 2315 3482 2358 et

1914 2404 2178 2473 judicium
2222 2410 2370 2455 tuum
2410 2410 2662 2470 tanquam
2698 2401 2987 2453 meridiem.
3019 2398 3156 2453 Tum
3187 2413 3318 2452 vero
3351 2396 3484 2450 edu-

1922 2503 2028 2559 cet,
2057 2495 2254 2563 inquit,
2283 2507 2401 2561 pro,
2434 2493 2782 2547 manifestum
2827 2492 3047 2559 reddet,
3077 2500 3130 2546 et
3159 2490 3316 2560 quasi
3347 2503 3483 2544 con-

1924 2587 2172 2655 spicuum
2205 2584 2536 2648 declarabit,
2569 2599 2677 2637 non
2726 2583 3043 2651 permittens
3087 2582 3328 2636 honestae
3364 2581 3486 2634 vita:

1924 2678 2172 2732 decorem
2197 2683 2251 2731 et
2282 2675 2735 2746 pulchritudinem
2755 2675 2941 2728 latere.
2963 2671 3250 2727 Eritenim
3274 2671 3486 2742 justiti:

1926 2777 2019 2824 tua
2046 2778 2303 2839 tanquam
2334 2769 2517 2824 lumen
2544 2765 2797 2822 omnibus
2827 2765 3114 2820 manifesta
3134 2806 3149 2831 ,
3189 2764 3485 2819 meridiana

1927 2862 2047 2916 luce
2091 2860 2441 2931 splendidior.
2485 2857 2737 2913 Meridies
2796 2858 2903 2912 diei
2940 2858 3222 2911 dimidium
3269 2856 3486 2913 dicitur.

1926 2950 2045 3006 Non
2078 2952 2262 3017 modo,
2288 2950 2486 3020 inquit,
2517 2948 2864 3004 conﬁtentem
2903 2948 3183 3017 justiticat,
3219 2954 3272 3001 et
3298 2946 3348 3000 ei
3378 2946 3488 3000 cle—

1929 3052 2138 3100 menter
2181 3044 2484 3114 adjudicat,
2527 3056 2716 3096 verum
2758 3040 2920 3094 etiam
2957 3038 3226 3108 justitiam
3265 3037 3385 3107 ejus
3432 3037 3487 3090 in

244 3145 431 3200 τητος,
456 3128 593 3182 ἀλλὰ
621 3129 715 3182 καὶ
740 3132 818 3192 είς
840 3129 954 3197 φῶς
987 3129 1151 3181 αὐτοῦ
1184 3130 1483 3201 προσφέρει
1508 3129 1605 3199 τὴν
1633 3129 1826 3182 δικαιο-

1940 3142 2116 3204 aperto
2131 3135 2300 3205 ponit,
2326 3133 2430 3188 hoc
2451 3142 2554 3199 est,
2589 3140 2778 3186 notum
2809 3130 3065 3183 omnibus
3093 3128 3224 3183 facit
3250 3144 3309 3182 se
3337 3127 3489 3181 illum

246 3222 448 3291 σύνην·
497 3221 744 3274 τουτέστι
774 3220 1027 3293 γνωρίζει
1073 3223 1237 3275 πᾶσιν
1259 3261 1272 3282 ,
1308 3222 1501 3292 ὅτιπερ
1526 3220 1687 3274 αὑτὸν
1720 3219 1826 3274 ἐδι-

1940 3227 2277 3295 iustiﬁcasse.
2303 3226 2621 3295 Cujusmodi
2652 3223 2753 3279 fuit
2780 3224 2936 3289 latro,
2969 3223 3125 3292 cujus
3146 3220 3409 3291 judicium
3435 3219 3488 3272 in

247 3313 509 3365 λαίωσεν.
566 3307 690 3374 Οἷος
714 3307 783 3381 ἦν
808 3314 836 3364 ὁ
866 3312 1068 3384 λῃστὴς
1093 3353 1106 3378 ,
1138 3305 1199 3365 οὗ
1236 3310 1296 3364 τὸ
1325 3314 1498 3381 κρῖμα
1527 3313 1583 3363 ὲν
1620 3328 1831 3382 μεσημ-

248 3401 383 3473 ϐρίᾳ
418 3400 559 3455 κατὰ
586 3402 647 3454 τὸ
677 3402 841 3472 μέσον
868 3405 967 3473 τῆς
1000 3402 1209 3472 ἡμέρας
1237 3401 1633 3473 σταυρούμενος
1662 3403 1690 3455 ὁ
1732 3402 1833 3471 Ἰη-

253 3491 381 3555 σοῦς
408 3492 662 3562 ἐξήγαγε,
693 3494 786 3546 καὶ
815 3494 914 3564 τὴν
938 3494 1023 3546 ἐπ’
1051 3492 1197 3564 αὐτῷ
1221 3492 1563 3571 δικαιοσύνην
1592 3494 1670 3555 εἰς
1695 3492 1830 3562 φῶς,

248 3581 529 3637 τουτέστιν
581 3586 660 3647 εἰς
694 3585 910 3638 πάντων
947 3584 1147 3653 γνῶσιν
1179 3584 1430 3655 ἤνεγκεν.
1499 3583 1562 3635 ἸΙ
1603 3582 1713 3654 γὰρ
1744 3583 1831 3635 ἐπ’

249 3674 402 3745 αὐτῷ
441 3675 591 3745 φωνὴ
610 3714 623 3737 ,
672 3676 867 3744 Ἀμὴν,
897 3677 1062 3745 ἀμὴν
1086 3674 1239 3745 λέγω
1259 3691 1379 3742 σοι,
1410 3675 1678 3743 σήμερον
1706 3676 1832 3744 μετ’

252 3765 401 3834 ἐμοῦ
432 3766 547 3835 ἐσῃ
569 3768 639 3820 ἐν
666 3768 746 3833 τῷ
782 3768 1143 3836 παραδείσῳ,
1176 3771 1256 3831 είς
1299 3768 1529 3839 φανερὸν
1556 3770 1621 3838 τῇ
1655 3769 1833 3821 οίκου-

257 3855 395 3925 μένῃ
413 3896 428 3917 ,
460 3856 656 3925 μᾶλλον
686 3857 743 3910 δὲ
772 3857 886 3926 φῶς
909 3860 973 3927 τῇ
1000 3858 1294 3930 οἰκουμένῃ
1346 3857 1666 3928 γεγένηται,
1697 3873 1834 3929 προ-

253 3946 435 4017 τροπὴ
464 3949 597 3999 πᾶσι
617 3951 730 4011 τοῖς
760 3949 817 4002 ἐν
843 3950 1098 4019 μετανοίᾳ
1120 3950 1497 4019 τυγχάνουσιν.
1525 3949 1639 4002 Οὐκ
1660 3948 1833 4014 ἔσται,

255 4036 431 4105 φησὶ,
485 4037 897 4108 κεκαλυμμένον
935 4039 996 4092 τὸ
1026 4041 1125 4109 τῆς
1170 4039 1518 4109 δικαιοσύνης
1564 4039 1833 4112 λαμπρὸν,

257 4129 451 4200 ὥσπερ
473 4130 587 4193 νῦν,
614 4131 730 4184 ἀλλ’
755 4133 1015 4200 ἐπιφανὲς
1035 4132 1222 4202 ὥσπερ
1239 4133 1387 4202 ἥλιος
1416 4134 1473 4187 ὲν
1495 4132 1834 4205 μεσημϐρίᾳ,

255 4223 447 4294 ὥσπερ
477 4224 506 4276 ὁ
536 4223 737 4294 Κύριός
767 4240 935 4294 φησι·
996 4226 1129 4277 Τότε
1159 4228 1212 4278 οἱ
1248 4224 1467 4277 δίκαιοι
1487 4223 1839 4292 λάμψουσιν

256 4317 335 4381 ὠς
364 4318 395 4367 ό
430 4314 603 4382 ἣλιος
631 4316 701 4368 ἐν
730 4310 805 4383 τῇ
824 4316 1109 4382 βασιλείᾳ
1137 4315 1243 4368 τοῦ
1270 4315 1501 4389 Πατρός
1524 4314 1744 4369 αὐτῶν.
1784 4352 1796 4366 .

341 4404 699 4474 ’Υποτάγηθι
723 4405 801 4470 τῷ
827 4406 1019 4474 Κυρίῳ
1045 4406 1141 4458 καὶ
1163 4407 1477 4460 ἱκέτευσον
1502 4407 1708 4460 αὐτόν.
1732 4408 1840 4459 Αὐ-

1931 3314 2175 3381 meridie,
2211 3314 2314 3368 hoc
2340 3322 2418 3368 est
2448 3312 2625 3367 medio
2648 3312 2735 3366 die
2760 3354 2773 3377 ,
2799 3310 2957 3365 Jesus
2986 3312 3039 3365 in
3070 3325 3229 3366 cruce
3256 3310 3492 3379 pendens

1930 3404 2134 3469 eduxit,
2163 3419 2381 3473 unaque
2408 3404 2526 3473 ejus
2550 3403 2816 3472 justitiam
2848 3402 2903 3455 in
2937 3402 3112 3455 lucem
3134 3439 3148 3464 ,
3182 3402 3286 3455 hoc
3317 3408 3399 3454 est
3436 3415 3492 3451 ut

1933 3497 2176 3550 omnium
2203 3497 2589 3565 cognitionem,
2629 3495 2905 3565 produxit.
2942 3492 3077 3546 Nam
3109 3507 3364 3561 expressa
3388 3506 3492 3545 vox

1934 3588 2045 3651 illa,
2074 3589 2259 3650 Amen,
2297 3603 2449 3640 amen
2478 3588 2597 3640 dico
2627 3586 2744 3650 tibi,
2777 3586 2926 3640 hodie
2954 3600 3153 3638 mecum
3181 3585 3284 3637 eris
3316 3585 3371 3636 in
3400 3598 3494 3650 pa-

1935 3675 2115 3728 radiso
2137 3674 2205 3741 3‘,
2226 3675 2371 3728 clara
2399 3674 2623 3741 mundo,
2648 3683 2809 3743 atque
2836 3674 2969 3727 adeo
2984 3673 3075 3727 lux
3088 3674 3206 3728 orbi
3229 3682 3492 3726 terrarum

1935 3763 2076 3818 facta
2109 3773 2211 3830 est,
2244 3773 2295 3818 et
2329 3765 2582 3819 omnibus
2622 3764 3067 3834 resipiscentibus
3096 3773 3150 3816 et
3186 3762 3496 3831 paenitenti-

1935 3857 2038 3911 bus
2066 3856 2371 3909 adhortatio
2399 3854 2644 3923 quaedam
2673 3854 2794 3909 fuit.
2825 3852 2940 3908 Non
2965 3854 3131 3920 enim,
3157 3854 3250 3917 ait,
3279 3853 3496 3907 claritas

1931 3942 2155 4011 justitite
2181 3942 2297 4009 ejus
2327 3942 2539 3995 occulta
2561 3942 2683 4009 erit,
2712 3951 2773 3996 ut
2798 3942 2956 3996 modo
2985 3951 3085 4002 est.
3121 3942 3212 3995 sed
3239 3956 3495 4009 tanquam

1938 4034 2019 4089 sol
2049 4034 2102 4086 in
2130 4033 2355 4087 meridie
2382 4033 2695 4102 conspicua.
2733 4032 3200 4099 Quemadmodum
3234 4032 3498 4087 Dominus

1938 4125 2013 4178 ait
2033 4124 2078 4155 ⁸⁸
2112 4142 2126 4179 :
2158 4123 2290 4178 Tum
2320 4124 2456 4194 justi
2485 4124 2755 4195 fulgebunt
2790 4125 2925 4178 sicut
2949 4125 3027 4179 sol
3053 4126 3105 4177 in
3135 4140 3290 4194 regno
3316 4122 3497 4178 Patris

1937 4232 2137 4271 eorum.

2012 4401 2063 4455 7.
2094 4398 2347 4454 Subditus
2371 4410 2483 4453 esto
2521 4398 2740 4452 Domino
2776 4406 2823 4452 et
2851 4414 2945 4450 ora
2974 4414 3110 4451 eum.
3138 4399 3258 4466 Ipse
3280 4398 3502 4466 quidem

255 4496 351 4559 τὸς
381 4496 480 4566 μὲν
497 4495 701 4566 {gms-1,
736 4496 882 4561 ἄξιον
906 4496 1035 4550 ὅντα
1065 4494 1140 4567 (α)
1165 4497 1341 4567 φωτὸς
1370 4497 1641 4562 ἀποδείξει
1680 4500 1739 4551 ὲν
1760 4498 1826 4569 τᾷ

1943 4501 1994 4547 te
2028 4494 2147 4547 luce
2174 4493 2395 4562 dignum
2445 4492 2693 4545 ostendet
2729 4489 2783 4542 in
2814 4488 3000 4542 futuro
3039 4489 3270 4554 saeculo,
3301 4497 3355 4543 tu
3399 4504 3497 4543 au-

261 4586 513 4655 μέλλοντι
550 4586 707 4639 αἰῶνι
731 4602 745 4616 ο
782 4586 846 4638 σὺ
877 4586 935 4639 δὲ
976 4586 1211 4640 ἐνταῦθα
1242 4586 1569 4655 ύποτάγηθι.
1601 4588 1699 4655 Μὴ
1725 4603 1838 4641 παμ-

251 4676 516 4745 ραζήλου
556 4679 625 4731 ἐν
657 4678 738 4744 τῷ
768 4678 1253 4748 κατευοδουμένῳ
1280 4679 1349 4733 ἐν
1379 4678 1454 4748 τῇ
1484 4678 1601 4744 ὀδῷ
1624 4679 1834 4735 αὐτοῦ.

260 4770 354 4841 Μὴ
418 4771 668 4841 μιμήσῃ,
733 4771 925 4841 φησιν,
974 4770 1321 4840 εὐδαιμονίαν
1378 4772 1443 4824 ὲκ
1495 4771 1837 4842 παρανομίας

262 4877 567 4932 συγκροτου
576 4860 763 4931 μένην.

336 4948 453 5022 [Μὴ
488 4950 734 5021 θαύμαζε
765 4952 1050 5024 ἄνθρωπον
1082 4954 1395 5025 παράνομον
1437 4956 1839 5026 κατευθυνόμε-

258 5060 371 5106 νον,
396 5042 528 5114 μηδὲ
555 5045 770 5117 μιμήσῃ
793 5044 1137 5115 εὐδαιμονίαν
1162 5048 1224 5099 ὲκ
1246 5048 1590 5117 παρανομίας
1616 5064 1844 5119 συγκρο-

258 5133 555 5203 τουμένην,
592 5135 726 5205 μηδὲ
758 5136 1019 5205 πράττειν
1052 5136 1291 5206 ὲρεθίζου
1319 5138 1387 5190 τὰ
1413 5140 1604 5207 ὅμοια·
1635 5140 1754 5192 ἀλλ’
1786 5142 1837 5194 εί

261 5229 359 5280 καὶ
398 5226 539 5279 κατὰ
573 5226 697 5297 ῥοῦν
731 5227 879 5297 αὐτῴ
915 5229 1138 5298 φέρεται
1171 5230 1377 5293 πάντα,
1418 5231 1490 5301 μὴ
1517 5229 1710 5283 δάκνου
1743 5249 1845 5303 μη-

262 5316 318 5366 δὲ
347 5313 635 5384 δυσφόρει,
661 5316 741 5368 ὅτι
779 5315 853 5387 μὴ
877 5316 1078 5369 διδόασι
1101 5316 1257 5387 δίκην
1289 5318 1337 5369 οί
1366 5319 1611 5389 πονηροὶ,
1643 5319 1755 5373 ἀλλ’
1789 5322 1847 5375 ἐν

261 5404 522 5473 εύθηνείᾳ
552 5404 866 5471 διάγουσιν,
919 5404 994 5468 ὡς
1041 5407 1115 5477 μή
1162 5424 1304 5471 τινος
1347 5407 1445 5479 τὴν
1500 5408 1638 5462 τίσιν
1686 5409 1844 5463 εὐθύ-

261 5511 469 5557 νοντος.

334 5585 638 5653 Κρεὶσσον
676 5586 881 5656 ὀλίγον
921 5586 1001 5652 τῷ
1051 5588 1258 5653 δικαίῳ
1283 5608 1294 5619 ο
1334 5591 1453 5645 ἀντὶ
1498 5591 1625 5655 τοῦ,
1664 5592 1845 5659 μεῖζόν

1942 4597 2049 4640 tem
2084 4585 2174 4639 hic
2199 4584 2450 4639 subditus
2478 4591 2617 4655 esto.
2650 4580 2779 4636 Noli
2817 4580 3057 4635 wmutari
3092 4581 3143 4632 iu
3170 4596 3227 4632 eo
3250 4581 3340 4650 qui
3385 4595 3508 4649 pro-

1940 4687 2181 4747 speratur
2210 4677 2265 4729 in
2287 4677 2371 4729 via
2395 4692 2512 4730 sua.
2545 4672 2621 4728 Ne
2643 4673 2933 4735 aemuleris,
2952 4672 3047 4737 ait,
3065 4670 3375 4726 felicitatem
3404 4672 3509 4725 ini-

1942 4769 2148 4840 quitate
2172 4779 2566 4838 comparatam.

2018 4952 2118 5024 [Ne
2146 4950 2508 5007 admiratione
2535 4948 2770 5020 capiaris
2784 4948 2902 5003 viso
2926 4948 3147 5002 homine
3173 4946 3358 5016 iniquo
3385 4961 3509 5014 pro-

1948 5057 2103 5111 spere
2131 5050 2344 5111 agente,
2368 5054 2542 5109 neque
2566 5039 2836 5094 annuleris
2864 5037 3174 5093 felicitatem
3202 5054 3266 5091 ex
3296 5038 3505 5105 injusti-

1951 5134 2023 5185 Iia
2052 5132 2395 5200 acquisitam,
2422 5145 2596 5199 neque
2623 5129 2918 5183 stimuleris
2942 5128 3011 5183 ad
3043 5129 3241 5184 similia
3272 5128 3506 5197 agenda:

1949 5224 2043 5278 sed
2068 5222 2281 5276 etiamsi
2321 5221 2503 5276 omnia
2541 5221 2641 5290 ipsi
2681 5235 2747 5276 ex
2782 5221 2907 5274 voto
2948 5228 3142 5289 sponte
3174 5217 3505 5280 succedant,

1952 5329 2019 5367 ne
2052 5312 2237 5366 doleas
2268 5326 2371 5364 neu
2413 5309 2629 5379 indigne
2660 5309 2833 5375 feras,
2866 5310 3020 5378 quasi
3053 5306 3285 5375 improbi
3323 5319 3512 5373 ptenas

1950 5421 2059 5458 non
2086 5405 2273 5468 luant,
2306 5402 2399 5456 sed
2432 5416 2691 5471 prospere
2724 5410 2907 5471 agant,
2945 5414 3043 5455 ceu
3075 5397 3224 5451 nullo
3252 5396 3511 5450 ultionem

1948 5510 2000 5552 et
2028 5496 2437 5566 castigationem
2463 5494 2745 5547 intercute.

2019 5589 2209 5645 Mc"us
2238 5598 2313 5642 est
2337 5588 2595 5641 modicum
2622 5585 2814 5653 justo;
2847 5598 2909 5636 ac
2938 5583 2981 5636 si
3012 5582 3183 5646 dicat,
3218 5578 3409 5634 melior
3432 5586 3516 5631 est

339 5696 385 5727 “
419 5695 609 5749 Matth.
638 5712 763 5759 xm,
798 5698 888 5752 45.
951 5701 995 5733 ⁸⁵
1024 5701 1157 5760 Luc.
1207 5720 1363 5771 mu,
1399 5706 1487 5761 45.
1570 5705 1614 5735 ⁸⁸
1643 5703 1826 5761 Matth.

1940 5722 1993 5773 ιι,
2024 5705 2112 5759 45.

342 5788 419 5857 (τι)
460 5786 617 5845 Deest
649 5806 728 5844 σε.
762 5789 919 5846 Εοιτ.
