3872 6216
270 427 286 446 ι,
376 363 480 419 179

1210 368 1269 425 S.
1309 370 1681 429 ATHANASll
1719 375 1871 432 OPP.
1915 378 2094 435 PARS
2133 381 2221 436 lll.
2265 409 2334 420 -
2377 381 2788 441 EXEGETICA.

3506 397 3612 450 {8'0

280 463 283 470 ’
371 477 584 534 modica
624 476 842 534 Domini
870 476 1243 538 misericordia
1267 525 1283 550 ,
1323 501 1486 554 quam
1518 501 1707 543 omnes
1741 491 1928 544 mundi

2048 501 2148 547 ιστι
2185 498 2376 568 μικρὸν
2417 497 2564 562 ἔλεος
2594 499 2685 552 τοῦ
2717 500 2920 571 Κυρίου
2955 501 3093 574 ὑπὲρ
3121 503 3297 560 πάντα
3330 507 3419 561 τὸν
3447 509 3615 566 πλοῦ-

370 568 617 641 divitiae]

439 659 493 714 8.
523 659 714 715 Desine
733 663 796 714 ab
826 663 927 731 ira,
962 671 1011 717 et
1038 663 1334 735 derelinque
1365 666 1613 724 furorem.
1646 669 1724 724 Ne
1753 672 1924 740 respi-

367 750 482 804 cias
510 753 915 820 prosperitatem
937 768 1150 820 eorum,
1179 757 1273 811 sed
1301 769 1613 827 exspectato
1643 762 1802 816 linem
1829 803 1842 824 ,
1874 775 1928 816 et

365 841 572 896 videbis
614 844 930 911 perniciem.
969 844 1050 899 lra
1098 857 1276 902 autem
1321 859 1404 904 est
1441 853 1710 920 appetitus
1750 855 1928 908 vindi—

365 940 466 985 cta:
497 950 510 985 :
546 932 780 987 vindicta
808 943 987 989 autem
1017 938 1144 990 mali
1172 939 1477 996 retributio.
1514 942 1644 997 Noli
1686 947 1929 999 aemulari

365 1032 426 1074 ut
452 1023 772 1092 maligneris.
808 1023 983 1080 Probe
1027 1030 1169 1082 nosti
1207 1032 1348 1098 quod
1383 1033 1417 1085 ii
1457 1034 1550 1102 qui
1593 1036 1658 1087 ad
1689 1036 1927 1090 divinam

365 1127 425 1166 se
467 1128 614 1182 spem
644 1115 1068 1182 commiserunt,
1098 1128 1152 1172 et
1189 1119 1329 1189 frugi
1377 1122 1544 1176 vitam
1577 1123 1926 1195 delegerunt,

365 1216 488 1254 cum
525 1204 912 1272 tranquillitate
935 1215 986 1260 et
1018 1222 1168 1275 pace,
1203 1217 1258 1262 et
1284 1211 1557 1280 voluptate
1587 1213 1808 1283 degunt.
1838 1216 1930 1269 tir-

362 1305 507 1345 mam
540 1293 849 1350 obtinentes
882 1297 1231 1352 conscientiae
1258 1300 1588 1368 puritatem;
1621 1304 1715 1372 qui
1747 1314 1926 1360 autem

361 1389 724 1453 temporaneae
768 1388 1110 1455 prosperitati
1161 1389 1374 1458 ﬁdunt,
1422 1405 1727 1462 promptam
1777 1396 1928 1452 inve-

363 1472 514 1528 nient
541 1475 922 1540 mutationem,
955 1487 1009 1533 et
1040 1479 1299 1536 oblivioni
1327 1484 1541 1550 penitus
1571 1485 1871 1542 tradentur.

432 1652 520 1706 10.
555 1652 624 1706 Et
645 1671 842 1724 quteres
879 1657 1048 1710 locum
1089 1660 1202 1728 ejus
1237 1671 1287 1714 et
1316 1678 1417 1714 non
1448 1663 1694 1719 invenies.
1735 1666 1922 1722 Simile

360 1742 507 1798 dicto
532 1745 658 1800 huic
685 1763 696 1797 :
736 1745 898 1814 [mpii
927 1758 1100 1802 autem
1128 1751 1384 1806 radicitus
1403 1755 1642 1821 peribunt
1666 1758 1731 1809 ⁸⁷.

2032 602 2124 638 τον
2150 588 2244 640 τοῦ
2283 591 2509 660 κόσμου.
2529 590 2550 661 }

2101 679 2332 733 Παῦσαι
2361 683 2478 736 ἀπὸ
2506 683 2705 752 ὀργῆς,
2730 685 2829 738 καὶ
2854 685 3240 754 ἐγκατάλειπε
3264 691 3470 758 θυμόν.
3521 693 3612 764 Μὴ

2032 769 2147 840 ἴδῃς
2175 771 2352 824 αὐτῶν
2385 774 2482 844 τὴν
2515 775 2814 846 εὐημερίαν
2838 817 2852 841 ,
2887 777 3022 831 ἀλλά
3052 779 3378 850 πρόσμεινον
3419 783 3480 834 τὸ
3523 785 3614 836 τέ-

2031 861 2121 925 λος
2145 900 2158 923 ,
2193 863 2283 914 καὶ
2315 863 2432 931 ὄψει
2465 865 2554 917 τὸν
2582 865 2819 937 ὀλεθρον.
2867 869 3032 940 Ὀργὴ
3063 869 3119 921 δέ
3149 871 3296 923 ἐστιν
3327 872 3504 940 ὄρεξις
3531 891 3614 926 τι-

2036 954 2276 1026 μωρίας·
2311 957 2548 1027 τιμωρία
2588 957 2644 1010 δέ
2695 959 2810 1011 ἐστι
2859 960 3029 1013 κακοῦ
3062 962 3429 1028 ἀνταπόδοσις.
3509 967 3610 1034 Μὴ

2033 1045 2372 1112 παραζήλου
2403 1047 2557 1101 ὥστε
2587 1052 3040 1118 πονηρεύεσθαι.
3066 1050 3139 1105 Εὖ
3166 1053 3293 1118 ίσθι,
3322 1056 3402 1108 ὅτι
3433 1058 3480 1109 οἱ
3510 1058 3612 1127 μὲν

2032 1134 2132 1203 τῆς
2161 1133 2311 1198 θείας
2337 1136 2552 1202 ἐλπίδος
2574 1141 2712 1208 σφᾶς
2734 1141 2930 1204 αὐτοὺς
2949 1143 3371 1214 ἀναρτήσαντες,
3403 1149 3497 1199 καὶ
3519 1148 3611 1201 τὸν

2034 1223 2252 1294 ἐπιεικῆ
2300 1229 2721 1299 προαιρούμενοι
2772 1231 2916 1300 βίον,
2978 1235 3034 1286 ἐν
3069 1236 3465 1309 ἀπραγμοσύνῃ
3517 1239 3612 1291 καὶ

2034 1318 2228 1388 εἰρήνῃ
2256 1318 2578 1385 διατελοῦσι,
2603 1323 2813 1394 τρυφὴν
2836 1324 3049 1394 ἔχοντες
3081 1327 3304 1398 μόνιμον
3329 1329 3421 1381 τοῦ
3445 1347 3612 1384 συνει-

2034 1409 2184 1472 δότος
2210 1411 2308 1481 τὴν
2337 1411 2715 1484 καθαρότητα·
2741 1416 2788 1467 οἱ
2819 1415 2876 1468 δὲ
2905 1419 2968 1486 τῇ
2997 1419 3314 1488 προσκαίρῳ
3342 1421 3612 1491 εὐημερίᾳ

2033 1496 2361 1569 θαρροῦντες
2392 1505 2613 1570 ταχεῖαν
2647 1503 2886 1569 δέξονται
2921 1507 3017 1576 τὴν
3050 1507 3371 1578 μεταϐολὴν,
3406 1511 3498 1562 καὶ
3517 1510 3613 1580 λή-

2033 1587 2102 1658 θῃ
2129 1589 2592 1661 παραδοθήσονται
2618 1594 2887 1649 παντελεῖ.

2099 1681 2210 1734 Καὶ
2242 1681 2512 1750 ζητήσεις
2543 1685 2650 1738 τὸν
2678 1689 2866 1740 τόπον
2903 1688 3107 1754 αὐτοῦ,
3155 1691 3252 1744 καὶ
3289 1693 3360 1746 οὐ
3399 1692 3485 1761 μὴ
3514 1694 3616 1747 εὖ·

2026 1787 2165 1838 ρης.
2209 1774 2430 1843 Ὅμοιον
2478 1775 2556 1846 τῷ
2607 1778 2912 1849 εἰρημένῳ⁸
2944 1783 3008 1834 Οἱ
3057 1781 3126 1834 δὲ
3156 1783 3394 1850 ἀσεϐεῖς
3441 1787 3619 1854 ὀλόρέ

1963 1851 2004 1905 Β
2029 1854 2174 1922 ριζοι
2205 1858 2590 1917 ἀπολοῦνται.

429 1926 621 1982 Daniel
665 1930 950 1986 Barbarus.
989 1933 1074 1985 11.
1106 1931 1372 1989 Μαηδαειί
1420 1948 1594 1991 autem
1641 1941 2027 1999 hwreditabunt
2075 1957 2290 2006 terram.
2351 1952 2574 2010 Terram
2625 1958 3024 2017 haereditabunt
3090 1965 3184 2034 qui
3241 1967 3608 2035 perniciosum

360 2018 653 2076 iracundia:
706 2021 958 2076 affectum
1012 2024 1362 2092 spiraverint.
1412 2025 1495 2082 Ira
1526 2029 1668 2083 enim
1712 2041 1765 2087 et
1823 2037 2120 2104 prudentes
2168 2044 2362 2111 perdit,
2415 2047 2682 2115 siquidem
2715 2051 3008 2119 quominus
3055 2018 3278 2110 hdneste
3321 2073 3380 2112 se
3423 2049 3626 2127 geran“

358 2115 750 2184 impediuntur.
781 2115 878 2169 Ira
927 2118 1064 2170 enim
1108 2118 1206 2171 viri
1260 2118 1358 2173 Dei
1395 2121 1668 2189 justitiam
1726 2143 1831 2180 non
1871 2135 2195 2198 operatur“.
2232 2135 2500 2192 Caeterum
2547 2141 2614 2195 ab
2642 2115 2830 2197 ira—et
2862 2142 3046 2200 furore
3085 2146 3180 2201 Dei
3229 2115 3458 2206 securus
3487 2161 3611 2206 est.

355 2207 451 2278 qui
480 2208 717 2262 abstinet
748 2209 817 2262 ab
846 2209 914 2263 iis
935 2223 1056 2278 quae
1091 2208 1228 2263 iram
1257 2220 1310 2264 et
1349 2211 1590 2294 furorem
1627 2218 1920 2274 concitant.

437 2300 508 2355 Et
551 2301 949 2355 delectabuntur
974 2305 1030 2357 in
1063 2303 1400 2359 multitudine
1431 2311 1600 2375 pacis.
1635 2308 1935 2367 Delectatio

357 2393 496 2463 justi
531 2410 743 2451 summa
779 2411 884 2465 pax
912 2404 1015 2463 est,
1043 2406 1096 2451 et
1124 2405 1206 2452 est
1233 2399 1479 2469 quaedam
1511 2417 1609 2456 ceu
1637 2403 1934 2461 indolentia

364 2486 535 2541 animi
573 2501 697 2541 cum
721 2502 847 2542 vera
873 2503 1054 2542 rerum
1089 2490 1338 2546 scientia.

441 2576 529 2631 12.
583 2576 890 2632 Observabit
937 2589 1180 2648 peccator
1216 2582 1446 2650 justum.
1497 2582 1554 2638 lil
1605 2585 1672 2640 de
1713 2586 1932 2642 diabolo

367 2677 549 2736 potest
576 2679 877 2739 opportune
906 2671 1101 2739 accipi,
1128 2680 1291 2740 atque
1325 2674 1473 2728 hisce
1501 2676 1930 2733 consolationem

2109 2317 2219 2370 Καὶ
2243 2319 2811 2388 κατατρυφήσουσιν
2833 2323 2929 2377 ἐπὶ
2953 2324 3165 2392 πλήθει
3185 2327 3457 2397 simium;
3473 2330 3612 2400 Tpu—

2042 2408 2115 2478 φὴ
2145 2409 2375 2474 δικαίου,
2401 2412 2604 2482 πλῆθος
2621 2415 2842 2486 εἰρήνης
2869 2417 3014 2469 ἐστίν
3031 2435 3042 2446 ·
3068 2418 3303 2472 ἀπάθεια
3323 2420 3379 2473 δὲ
3409 2421 3610 2491 ψυχῆς,

2041 2497 2179 2569 μετά
2207 2499 2459 2567 γνώσεως
2491 2503 2596 2554 τῶν
2619 2504 2786 2558 ὄντων
2813 2506 3063 2577 ἀληθοῦς.

2106 2590 2592 2658 Παρατηρήσεται
2608 2597 2641 2646 ό
2663 2594 3010 2663 ἁμαρτωλὸς
3036 2598 3137 2651 τὸν
3153 2598 3404 2654 δίκαιον.
3440 2601 3620 2654 Τοῦτο.

2037 2681 2130 2733 καὶ
2144 2682 2233 2735 ἐπὶ
2248 2681 2340 2734 τοῦ
2358 2683 2600 2737 διαϐόλου
2631 2685 2901 2755 ληφθῆναι
2925 2690 3253 2762 πρόσφορον,
3278 2693 3369 2744 καὶ
3384 2691 3469 2744 διὰ
3487 2692 3612 2770 τούτ-

363 2760 520 2817 affert
548 2762 614 2818 iis
640 2762 733 2831 qui
769 2762 967 2832 injuria
996 2761 1324 2818 adiciuntur.
1353 2763 1588 2820 Exhibet
1622 2768 1767 2822 enim
1803 2783 1932 2838 pec-

2048 2790 2142 2824 των
2172 2774 2495 2846 παραψυχὴν
2521 2779 2629 2838 τοῖς³
2657 2777 3028 2848 ἀδικουμένοις
3048 2760 3362 2855 προσφέρει.
3391 2760 3615 2838 Δείκνυξ

364 2862 604 2908 calorem
651 2855 920 2909 dolentem
970 2871 1033 2910 ac
1083 2855 1360 2911 furentem
1400 2858 1664 2914 adversus
1700 2875 1796 2915 eos
1835 2860 1929 2929 qui

367 2944 713 3011 tranquillam
748 2943 981 3013 amplexi
1020 2955 1148 2998 sunt
1184 2945 1390 3011 vitam;
1419 2947 1629 3015 justum
1663 2964 1792 3004 vero
1834 2950 1926 3017 ju-

365 3034 541 3088 dicem
565 3034 901 3090 deridentem
933 3036 1052 3105 ejus
1092 3045 1240 3105 gesta
1273 3056 1286 3091 :
1317 3039 1515 3108 quippe
1556 3040 1649 3109 qui
1680 3055 1809 3096 mox
1840 3040 1926 3095 t'u-

363 3133 541 3179 turam
569 3126 688 3194 ejus
718 3137 944 3181 mortem
975 3127 1293 3196 prospiciat.

427 3214 515 3267 15.
552 3213 806 3268 Dominus
856 3226 1030 3270 autem
1077 3217 1321 3270 irridebit
1363 3235 1501 3272 eum.
1553 3221 1786 3286 Irridet,
1837 3223 1923 3276 in-

357 3307 502 3374 quit,
534 3315 880 3375 peccatorum
909 3308 1134 3364 insidias
1173 3310 1434 3366 adversus
1472 3311 1720 3381 justum;
1747 3313 1923 3369 sciens

361 3399 579 3469 quidem
619 3400 764 3468 quod
811 3399 953 3454 diem
999 3401 1224 3464 statuit,
1263 3403 1318 3456 in
1361 3418 1471 3471 quo
1523 3403 1651 3457 huic
1700 3404 1922 3472 quidem

358 3499 616 3545 aeternam
645 3491 810 3545 vitam
835 3531 851 3556 ,
885 3491 960 3545 illi
1011 3507 1140 3546 vero
1173 3493 1561 3563 sempiternum
1598 3496 1920 3565 supplicium

357 3581 640 3636 retribuet.
1072 3641 1074 3644 ,

433 3673 521 3726 M.
575 3671 822 3727 Gladium
861 3675 1259 3744 evaginavcrunt
1304 3686 1666 3744 peccatores...
1714 3678 1921 3748 gladius

357 3780 538 3820 eorum
568 3765 726 3818 intret
769 3767 825 3819 in
855 3769 1015 3820 corda
1042 3768 1294 3834 ipsorum.
1340 3767 1440 3832 Ea,
1469 3770 1680 3838 inquit,
1717 3771 1920 3825 daemo-

357 3871 458 3911 nes
484 3843 624 3911 mala
655 3865 786 3912 sunt
813 3855 1078 3926 perpessi,
1115 3873 1236 3926 quae
1263 3859 1468 3914 sanctis
1492 3859 1695 3916 inferre
1729 3863 1922 3917 molie-

355 3949 577 4004 bantur.
638 3959 646 3967 '

424 4039 513 4094 18.
551 4037 710 4093 Novit
745 4037 996 4094 Dominus
1043 4041 1155 4094 vias
1201 4041 1684 4097 immaculatorum.
1731 4043 1786 4097 ld
1817 4052 1919 4109 cst,

354 4128 617 4198 approbat
655 4136 709 4182 et
745 4130 996 4183 honorat.
1034 4127 1104 4181 Et
1147 4129 1427 4185 Itwreditas
1465 4148 1644 4185 eorum
1683 4133 1738 4185 in
1772 4144 1923 4187 teter-

354 4233 481 4271 num
519 4219 639 4271 erit.
671 4216 1001 4286 lncorrupta
1045 4235 1280 4288 namque
1320 4229 1374 4274 et
1414 4223 1755 4290 sempiterna
1795 4233 1921 4278 sunt

355 4319 671 4365 sanctorum
707 4311 1008 4364 mercedes.

431 4400 517 4454 l9.
553 4399 676 4453 Non
704 4400 1090 4469 confundantur
1132 4400 1184 4452 in
1227 4409 1454 4470 tempore
1494 4403 1654 4456 malo.
1704 4405 1760 4458 ln
1801 4421 1924 4475 per-

356 4490 723 4553 secutionum,
762 4491 958 4558 inquit,
1001 4491 1359 4561 temporibus,
1394 4491 1772 4550 deﬁcientibus
1802 4512 1920 4550 ma-

2037 2880 2088 2916 σι
2141 2863 2246 2934 γὰρ
2297 2865 2386 2918 τὸν
2421 2867 2519 2936 μὲν
2549 2869 2863 2940 παράνομον
2897 2870 3164 2926 λυποῦντα
3199 2875 3291 2931 καὶ
3328 2877 3620 2945 μεμηνότα·

2034 2954 2174 3008 κατά
2200 2954 2306 3008 τῶν
2336 2957 2664 3029 ἀπράγμονα
2697 2960 2810 3030 βίον
2837 2961 3228 3034 ἀσπαζομένων
3247 3005 3262 3028 ,
3293 2967 3384 3019 τὸν
3427 2967 3484 3019 δὲ
3529 2968 3615 3020 δί-

2031 3061 2182 3096 καιον
2216 3045 2407 3116 κριτὴν
2447 3048 2828 3115 καταγελῶντα
2857 3053 2954 3122 τῆς
2976 3055 3372 3125 ἐγχειρήσεως,
3412 3056 3506 3109 ἅτε
3540 3059 3610 3128 δὴ

2027 3135 2125 3206 τὴν
2157 3139 2376 3206 ταχεῖαν
2406 3137 2570 3190 αὐτοῦ
2605 3139 2859 3211 τελευτὴν
2887 3144 3219 3215 προορῶντα.

2110 3225 2163 3276 Ὀ
2186 3224 2254 3278 δὲ
2269 3227 2484 3294 Κύριος
2505 3229 2892 3298 ἐκγελάσεται
2920 3235 3123 3287 αὐτόν.
3164 3237 3417 3309 Διαγελᾷ,
3446 3241 3608 3308 φησὶ,

2021 3315 2121 3380 τὰς
2173 3318 2312 3371 κατά
2370 3319 2465 3372 τοῦ
2519 3320 2725 3374 δικαίου
2766 3322 3054 3388 ἐπιϐουλὰς
3090 3326 3183 3378 τοῦ
3239 3328 3564 3399 ἁμαρτωλοῦ
3591 3347 3617 3362 ο·

2022 3407 2198 3472 εἰδὼς,
2234 3409 2309 3472 ὡς
2342 3409 2567 3479 ἔστησεν
2597 3412 2808 3483 ἡμέραν
2843 3415 2964 3467 καθ’
2991 3417 3057 3487 ἣν
3083 3417 3158 3488 τῷ
3193 3419 3292 3487 μὲν
3331 3419 3608 3476 ἀποδώσει

2023 3499 2121 3570 τὴν
2152 3500 2367 3553 αἰώνιον
2391 3501 2556 3574 ζωὴν,
2581 3504 2659 3575 τῷ
2687 3505 2741 3557 δὲ
2761 3505 2858 3576 τήν
2885 3507 3099 3561 αἰώνιον
3129 3509 3368 3564 κόλασιν.

2105 3676 2431 3745 Ῥομφαίαν
2450 3679 2800 3736 ἐσπάσαντο
2823 3685 2878 3736 οἱ
2902 3684 3232 3753 ἁμαρτωλοὶ
3252 3725 3267 3748 ,
3302 3685 3617 3739 ἐνέτειναν·-

2021 3767 2200 3828 τόξον
2237 3769 2437 3822 αὐτῶν
2470 3811 2483 3824 .
2518 3811 2532 3825 .
2573 3812 2586 3824 .
2622 3775 2660 3840 ἡ
2704 3775 2972 3843 ῥομφαία
2999 3777 3197 3829 αὐτῶν
3226 3777 3486 3831 εἰσέλθοι
3518 3781 3609 3843 εἰς

2022 3857 2272 3925 καρδίαν
2297 3859 2513 3913 αὐτῶν.
2539 3860 2741 3926 Ταῦτα,
2766 3863 2920 3932 φησὶ,
2948 3865 3276 3920 πεπόνθασιν
3303 3867 3351 3918 οἱ
3375 3871 3608 3937 πονηροὶ

2021 3948 2292 4019 δαίμονες,
2324 3949 2359 4003 ἃ
2395 3950 2639 4022 ποιήσειν
2671 3955 2783 4016 τοῖς
2811 3956 2988 4022 ἁγίοις
3018 3955 3432 4009 ἐπεϐούλευσαν.

2091 4041 2387 4096 Γινώσκει
2409 4045 2623 4112 Κύριος
2657 4045 2763 4111 τὰς
2791 4047 2970 4112 ὀδοὺς
2999 4046 3116 4100 τῶν
3150 4047 3420 4116 ἀμώμων.
3451 4049 3602 4101 Ἀντὶ

2020 4131 2134 4195 τοῦ,
2166 4133 2486 4204 ἀποδέχεται
2509 4138 2602 4188 καὶ
2620 4139 2775 4208 τιμᾷ.
2815 4138 2923 4190 Καὶ
2945 4139 2983 4206 ἡ
3007 4140 3371 4206 κληρονομία
3403 4139 3608 4192 αὐτῶν

2019 4227 2106 4288 είς
2137 4224 2324 4280 αἰῶνα
2353 4227 2541 4280 ἔσται.
2608 4229 2910 4302 Ἀφθαρτοι
2959 4229 3068 4299 γὰρ
3101 4229 3195 4282 καὶ
3238 4228 3445 4282 αἰώνιοι
3494 4231 3606 4282 τῶν

2023 4315 2192 4383 ἁγίων
2225 4317 2280 4368 al
2315 4317 2715 4381 ἀνταποδόσεις.

2089 4412 2171 4462 Οὐ
2214 4412 2838 4480 καταισχυνθήσονται
2875 4413 2945 4466 ἐν
2981 4414 3160 4482 καιρῷ
3188 4415 3447 4482 πονηρῷ.
3514 4416 3605 4470 Ἑν

2022 4503 2135 4563 τοῖς
2163 4501 2272 4554 τῶν
2303 4503 2578 4573 διωγμῶν,
2625 4504 2790 4573 φησὶ,
2827 4508 3056 4575 καιροῖς,
3104 4505 3460 4559 ἐκλειπόντων
3493 4508 3605 4560 τῶν

355 4580 563 4651 gistris,
588 4581 700 4648 ipse
724 4579 988 4635 Dominus
1010 4591 1202 4652 suopte
1230 4583 1423 4652 spiritu
1452 4584 1688 4638 enutriet
1710 4600 1805 4641 eos
1827 4587 1918 4657 qui

2048 4592 2380 4656 ιιδασκάλων,
2404 4593 2565 4656 αὐτὸς
2593 4595 2620 4646 ὁ
2640 4595 2842 4666 Κύριος
2863 4595 2939 4665 τῷ
2965 4597 3156 4649 ἑαυτοῦ
3184 4597 3449 4668 πνεύματι
3479 4597 3606 4670 θρέ-

355 4676 412 4727 iu
443 4671 619 4740 ipsum
649 4671 994 4726 crediderint.

425 4760 573 4834 [Non
605 4761 990 4830 confundentur
1020 4764 1073 4817 in
1099 4773 1320 4830 tempore
1352 4765 1513 4819 malo.
1550 4765 1750 4822 Malum
1781 4777 1920 4822 tem-

353 4871 460 4926 pus
489 4865 573 4910 est.
621 4855 716 4909 ira:
746 4870 809 4910 ac
839 4854 1041 4910 furoris
1087 4868 1277 4911 contra
1322 4858 1554 4926 impios,
1588 4860 1807 4929 quando
1843 4861 1920 4916 illi

353 4947 574 5018 quidem
595 4945 803 5016 justum
831 4944 923 4999 Dei
949 4946 1212 5014 judicium
1238 4949 1587 5016 experientur
1612 4967 1625 5016 ;
1661 4950 1795 5018 justi
1825 4966 1922 5004 au-

356 5051 466 5094 tem
513 5039 739 5109 gloriam
765 5081 784 5107 ,
822 5041 1116 5105 honorem,
1157 5040 1621 5109 incorruptionem
1660 5051 1715 5096 et
1752 5042 1921 5096 vitam

355 5139 614 5185 aeternam
641 5129 1086 5201 consequentur.]

422 5225 512 5280 2|.
556 5225 1176 5297 Mutuabitur,pe,ccator,
1209 5239 1258 5282 et
1289 5244 1390 5282 non
1412 5231 1590 5286 solvet.
1633 5229 1750 5286 Non
1803 5247 1926 5300 gra-

361 5317 463 5373 tias
489 5318 628 5387 agit,
667 5319 882 5388 inquit,
915 5328 1198 5388 peccator,
1232 5320 1299 5376 de
1345 5322 1558 5376 collatis
1600 5322 1701 5376 sibi
1747 5337 1789 5393 a
1815 5321 1923 5374 Deo

361 5408 662 5464 beneﬂciis.
692 5408 877 5464 Justus
920 5419 1094 5464 autem
1125 5412 1421 5478 miseretur,
1441 5425 1489 5466 et
1521 5413 1722 5466 tribuit.
1755 5411 1920 5466 Mise-

361 5500 651 5555 ricordiam
684 5503 1057 5558 retributionis
1086 5505 1207 5559 loco
1236 5504 1420 5569 solvit,
1449 5503 1734 5561 Dominum
1759 5521 1916 5561 suum

362 5593 624 5647 imitatus.

416 5749 461 5783 ⁸⁷
489 5746 590 5804 Job
623 5764 698 5815 tv,
725 5750 780 5806 7.
847 5752 892 5785 ⁸⁸
929 5751 1044 5808 Jac.
1078 5770 1115 5821 ι,
1156 5755 1248 5808 20.

2025 4683 2114 4752 ψει
2146 4684 2271 4745 τοὺς
2304 4685 2384 4745 εἰς
2417 4683 2576 4736 αὐτὸν
2608 4686 2975 4748 πιστεύοντας.

2098 4773 2219 4844 [Οὐ
2281 4776 2902 4844 καταισχυνθήσονται
2959 4778 3028 4829 ἐν
3097 4777 3276 4846 καιρῷ
3339 4780 3600 4848 πονηρῷ.

2027 4865 2234 4936 Καιρὸς
2258 4866 2490 4936 πονηρὸς
2518 4866 2546 4917 ὀ
2578 4869 2676 4936 τῆς
2702 4868 2841 4920 κατὰ
2869 4867 2974 4919 τῶν
3001 4869 3212 4922 ἀσεϐῶν
3239 4871 3406 4941 ὀργῆς
3425 4910 3440 4933 ,
3478 4873 3535 4924 ἐν
3557 4867 3605 4940 ᾧ

2025 4957 2076 5009 οἱ
2108 4957 2204 5024 μὲν
2235 4957 2331 5026 τῆς
2357 4957 2751 5028 δικαιοκρισίας
2784 4959 2877 5012 τοῦ
2903 4959 3036 5012 Θεοῦ
3067 4963 3518 5033 πειραθήσονται·
3550 4968 3604 5018 oi

2026 5047 2082 5099 δὲ
2103 5047 2258 5112 δόξαν
2278 5047 2372 5100 καὶ
2393 5046 2578 5118 τιμὴν,
2612 5049 2704 5101 καὶ
2728 5049 3053 5120 ἀφθαρσίαν,
3097 5054 3190 5104 καὶ
3216 5053 3356 5124 ζωὴν
3386 5055 3602 5108 αἰώνιον

2025 5139 2406 5210 ἀπολήψονται.
2430 5139 2448 5211 ]

2106 5231 2434 5292 Δανείζεται
2461 5235 2494 5286 ὁ
2516 5232 2880 5302 ἁμαρτωλὸς,
2908 5234 3004 5288 καὶ
3025 5238 3136 5288 οὐκ
3157 5237 3450 5292 ἀποτίσει.
3486 5242 3606 5294 053c-

2028 5324 2349 5387 ἀντιδίδωσι,
2382 5324 2564 5395 φησὶν,
2594 5327 2621 5377 ὁ
2649 5325 2967 5396 ἁμαρτωλὸς
2991 5327 3338 5397 εὐχαριστίαν
3365 5330 3506 5401 ὑπὲρ
3526 5326 3600 5385 ὧν

2027 5417 2394 5485 εὐεργετεῖται
2426 5415 2574 5486 παρά
2613 5415 2770 5468 Θεοῦ.
2818 5416 2880 5468 '0
2927 5415 2994 5468 δὲ
3036 5417 3265 5483 δίκαιος
3303 5422 3598 5489 οἱκτείρει,

2027 5504 2124 5556 καὶ
2157 5505 2421 5559 δίδωσιν.
2493 5505 2820 5557 Ἀντιδίδωσι
2841 5546 2855 5571 ,
2909 5506 3072 5577 φησιν
3093 5547 3108 5572 ,
3133 5507 3474 5579 οἰκτιρμοὺς,
3510 5511 3602 5563 τὸν

2028 5597 2220 5650 ἑαυτοῦ
2250 5599 2525 5668 Δεσπότην
2555 5599 2905 5670 μιμούμενος.
