3872 6216
210 412 296 466 i8!

1243 384 1614 453 EXPOSITIO
1655 389 1718 444 IN
1753 387 2028 444 PSALM'U
2044 385 2091 440 Μ
2133 381 2375 440 XXXVI.

272 533 388 584 ὀτι
444 530 496 581 cl
536 524 930 594 εὐλογοῦντες
987 519 1172 574 αὐτὸν
1231 514 1760 584 κληρονομήσουσι

1930 509 2019 562 22.
2056 507 2195 574 Quia
2226 501 2579 559 benedicentes
2601 500 2649 552 ei
2679 492 3063 552 hareditabunt
3092 498 3286 543 terram
3338 486 3400 542 Si

206 623 324 696 γῆν.
388 622 607 690 Ὅμοιον
637 618 698 671 τὸ
735 614 1021 686 εἰρημένον
1078 611 1214 683 πρὸς
1257 609 1533 680 Ἀϐραάμ’
1614 604 1759 669 Τοὺς

204 693 585 781 sudorode
631 723 706 761 σε
751 703 1064 772 εὐλογήσω
1084 741 1099 766 ,
1132 699 1230 754 καὶ
1262 698 1402 764 τοὺς
1433 693 1762 765 καταρωμέ-

205 823 338 870 νους
360 817 431 856 σε
452 797 880 867 καταράσομαι.

266 893 423 962 Παρὰ
445 891 666 958 Κυρίου
691 889 767 941 τὰ
791 885 1120 955 διαδήματα
1136 879 1448 950 ἀνθρώπου
1479 876 1762 932 κατευθύ-

204 999 372 1038 νεται.
405 978 772 1048 ’Δποδέχεται,
794 975 979 1046 φησὶν,
1005 976 1070 1044 ἢν
1100 974 1333 1026 ποιεῖται
1360 968 1504 1023 κατὰ
1530 967 1619 1021 τὸν
1648 966 1760 1037 βίον

206 1072 496 1146 πρακτικὴν
524 1067 771 1141 πορείαν.

268 1166 442 1217 Ὅταν
477 1158 634 1228 πέσῃ
667 1161 742 1213 οὐ
775 1156 1347 1226 καταῤῥαχθήσεται.
1401 1153 1466 1206 Εἰ
1496 1152 1623 1216 καὶ,
1655 1167 1759 1220 φη-

204 1259 298 1321 σὶν,
335 1253 511 1325 συμϐῇ
544 1251 721 1320 ὀλίγον
749 1269 800 1304 τι
828 1248 1248 1321 παρασφαλῆναι
1279 1246 1370 1300 τὸν
1397 1245 1631 1308 δίκαιον,
1663 1243 1762 1296 οὐκ

202 1348 569 1418 ἀδικηθήσεται
603 1342 742 1412 ἔχων
779 1338 1224 1412 ἀντιστηρίζοντα
1247 1338 1339 1391 τὸν
1365 1336 1517 1391 Θεόν.

267 1440 412 1495 Οὐδὲ
442 1438 509 1494 τὸ
557 1439 797 1507 σπέρμα
843 1434 1030 1489 αὐτοῦ
1079 1429 1296 1500 ζητοῦν
1331 1429 1566 1498 ἄρτους.
1625 1425 1762 1488 Τοὺς

203 1533 409 1603 νοητούς
441 1550 627 1603 φησιν,
655 1530 851 1593 οἵτινές
876 1530 1012 1582 εἰσιν
1043 1529 1091 1580 οἱ
1125 1525 1256 1579 θεῖοι
1286 1521 1454 1590 λόγοι.

265 1625 366 1678 Kal
390 1623 776 1690 κατασκήνου
799 1623 886 1687 εἱζτ
902 1618 1087 1672 αἰῶνα
1109 1616 1342 1681 αἰῶνος.
1369 1613 1479 1666 Καὶ
1509 1610 1764 1682 κληρονο-

207 1719 399 1790 μήσεις,
431 1718 585 1790 φησὶ,
614 1715 710 1778 τὰς
738 1713 986 1774 αἰωνίους
1021 1708 1244 1780 σκηνάς.

263 1809 472 1861 Δίκαιοι
496 1806 566 1860 δὲ
593 1803 1123 1874 κληρονομήσουσι
1163 1797 1300 1868 γῆν.
1360 1791 1634 1863 Πολλαχοῦ
1665 1792 1763 1862 τῆς

202 1898 462 1970 διδομένης
493 1901 598 1969 γῆς
627 1899 740 1960 τοῖς
771 1895 1000 1967 πραέσιν
1032 1889 1426 1963 ἐμνημόνευσε,
1464 1881 1764 1956 προτρεπό-

206 2007 350 2061 μενος
375 1992 454 2054 είς
479 1987 784 2059 ἐπιθυμίαν.
804 1987 994 2056 αὐτῆς.

265 2084 451 2150 Στόμα
473 2080 710 2134 δικαίου
736 2075 1057 2148 μελετήσει
1077 2074 1319 2143 σοφίαν.
1341 2073 1635 2142 Προσήκει,
1667 2084 1768 2137 φη-

205 2173 308 2239 σίν,
338 2173 439 2226 κᾶν
468 2175 536 2244 τῇ
566 2171 805 2244 γλώττῃ,
840 2169 943 2224 κᾶν
974 2171 1030 2223 ἐν
1061 2171 1128 2239 τῇ
1153 2165 1360 2235 διανοίᾳ
1391 2162 1462 2217 τὰ
1484 2161 1600 2215 θεῖα
1614 2159 1768 2227 λόγια

204 2262 523 2332 περιφέρειν,
563 2261 662 2313 καὶ
688 2259 784 2330 τὴν
810 2257 1016 2312 τούτων
1046 2254 1273 2327 μελέτην
1303 2249 1568 2306 ποιεῖσθαι
1595 2249 1770 2318 διηνε-

204 2351 329 2414 κῶς·
361 2351 529 2415 οὕτως
556 2351 669 2421 γὰρ
691 2350 752 2402 τὸ
773 2347 1043 2419 πρακτέον
1075 2344 1362 2416 μανθάνων
1390 2344 1418 2394 ὁ
1442 2341 1540 2412 τῆς
1569 2339 1768 2410 ἀρετῆς

202 2447 419 2518 ἐραστὴς
437 2486 451 2511 ,
477 2445 727 2516 ἀτρεμὴς
758 2444 910 2514 μενεῖ
937 2441 1028 2495 καί¹
1048 2438 1363 2502 ἀσάλευτος,
1385 2436 1492 2489 τῶν
1509 2433 1771 2489 καταϐάλ-

201 2539 302 2591 λειν
331 2536 752 2608 ἐπιχειρούντων
791 2533 1228 2606 περιγενόμενος.
1264 2529 1451 2583 Ταῦτα
1491 2527 1586 2581 καὶ
1613 2527 1667 2578 ἐν
1693 2524 1770 2595 τῷ

203 2629 387 2703 πρώτῳ
418 2629 622 2701 ψαλμῷ
670 2627 774 2697 ἔφη
796 2643 809 2657 ·
870 2625 1031 2679 Ἀλλ’
1057 2625 1126 2677 ἐν
1157 2620 1236 2688 τῷ
1265 2622 1425 2690 νόμῳ
1451 2619 1670 2686 Κυρίου
1703 2617 1768 2669 τὸ

202 2720 414 2790 θέλημα
444 2717 637 2773 αὑτοῦ
658 2756 672 2780 ,
708 2715 806 2770 καί
830 2715 900 2768 ἐν
927 2714 1007 2780 τῷ
1037 2714 1198 2782 νόμῳ
1229 2711 1414 2766 αὐτοῦ
1449 2707 1772 2779 μελετήσει

199 2811 406 2881 ἡμέρας
428 2810 529 2864 καὶ
564 2809 790 2874 νυκτός
811 2847 826 2870 ,
859 2807 952 2861 καὶ
983 2805 1054 2858 τὰ
1090 2805 1237 2876 ἑξῆς.
1289 2803 1399 2858 Καὶ
1443 2802 1482 2869 ή
1520 2799 1772 2870 γλῶσσα

201 2902 372 2957 αὐτοῦ
397 2901 664 2972 λαλήσει
699 2900 921 2968 κρίσιν.
969 2895 1377 2967 Δικαιοκρισίαν
1409 2894 1469 2947 οὑ
1493 2892 1591 2965 τὴν
1620 2893 1771 2946 δικα-

201 2994 396 3064 στικὴν,
431 2991 569 3047 ἀλλὰ
593 2992 694 3063 τὴν
727 2990 785 3057 ἐξ
819 2987 1092 3051 ἀπλανοῦς
1116 2987 1212 3040 καλ⁸
1244 2985 1429 3056 ὑγιοῦς
1462 2984 1768 3057 κριτηρίου.

269 3085 327 3138 Ὅ
357 3087 547 3153 νόμος
579 3082 685 3137 τοῦ
717 3079 865 3136 Θεοῦ
901 3081 971 3133 ἐν
1003 3078 1221 3147 καρδίᾳ
1255 3076 1472 3153 αὑτοῦ,
1519 3075 1618 3130 καὶ
1658 3076 1772 3142 οὐχ

197 3151 782 3241 ὑποσκελισθήσεται
809 3170 883 3225 τὰ
907 3167 1237 3238 διαδήματα
1258 3151 1464 3222 αὑτοῦ.
1485 3163 1777 3220 Κατανοεῐ

199 3271 229 3322 ὀ
251 3265 599 3336 ἁμαρτωλὸς
621 3265 728 3318 τὸν
756 3264 1011 3344 δίκαιον.
1056 3261 1109 3313 '0
1139 3260 1206 3314 δὲ
1229 3261 1462 3328 Κύριος.
1494 3257 1775 3334 Διαφόρως

197 3358 260 3413 τὰ
286 3358 419 3411 αὐτὰ
450 3357 626 3425 λέγει,
653 3358 720 3427 τῇ
754 3355 960 3409 πλείονι
987 3353 1185 3425 μελέτῃ
1217 3351 1591 3423 μονιμωτέραν
1614 3367 1778 3404 κατα-

201 3449 464 3514 σκευάζων
492 3448 598 3520 τὴν
630 3447 872 3518 μνήμην.
893 3446 1068 3515 -Λέγει
1098 3445 1195 3498 δέ·
1231 3445 1303 3498 Οὐ
1337 3442 1654 3513 περιόψεται
1687 3441 1778 3495 τὸν

200 3539 391 3594 δίκαιον
421 3541 449 3593 ὁ
482 3538 766 3608 Δεσπότης
802 3535 1286 3606 ἐπιϐουλευόμενον
1321 3534 1425 3586 ὑπὸ
1458 3533 1567 3586 τῶν
1607 3549 1780 3603 πονηε

203 3629 320 3699 ρῶν,
349 3630 468 3684 οὐδὲ
496 3627 897 3699 συμψηφιεῖται
921 3627 1104 3689 αὐτοῖς
1135 3625 1204 3679 τὰ
1226 3623 1452 3679 τοιαῦτα
1473 3623 1771 3694 τολμῶσιν’

201 3719 303 3773 ἀλλ’
335 3719 723 3792 ὑπερηδῆσαι
759 3717 1171 3790 παρασκευάσει
1200 3715 1270 3768 τὰ
1291 3715 1504 3769 δίκτυα.
1558 3712 1777 3783 Ταύτης

203 3811 500 3882 ἀπήλαυσεν
546 3810 796 3881 Ἀϐραὰμ
835 3811 934 3879 τῆς
979 3809 1268 3879 προνοίας,
1321 3808 1401 3870 δὶς
1437 3805 1777 3878 ἁρπαγείσης

203 3901 290 3972 τῆς
315 3903 531 3975 Σάρρας
558 3919 580 3934 δ
622 3901 825 3970 ταύτης
853 3902 881 3954 ὁ
922 3899 1103 3952 Ἰσαὰκ
1126 3940 1140 3964 ,
1188 3899 1319 3952 αὐτὸ
1364 3896 1521 3950 τοῦτο
1553 3895 1740 3949 παθών
1760 3914 1771 3924 ·

203 3995 388 4066 ταύτης
416 3999 445 4049 ό
482 3992 703 4056 Ἰακὼϐ,
722 3993 813 4046 ὑπ’
833 3989 1060 4060 ἀδελφοῦ
1084 3991 1177 4044 καὶ
1199 3987 1459 4061 κηδεστοῦ
1481 3987 1774 4057 φθονούμε-

205 4102 312 4149 νοςο
349 4086 558 4159 ταύτης
586 4088 615 4139 ὁ
664 4085 885 4154 Ἰωσὴφ,
909 4083 1012 4137 ὑπὸ
1047 4082 1240 4152 φθόνου
1272 4081 1366 4135 καὶ
1416 4080 1776 4149 συκοφαντίας

204 4177 544 4248 πολεμηθείς.
599 4176 711 4230 Καὶ¹
738 4175 788 4229 τί
821 4176 901 4228 δεῖ
933 4174 1256 4243 καταλέγειν
1288 4175 1534 4237 ἅπαντας
1595 4172 1774 4243 ῥᾴδιον

204 4266 302 4338 γὰρ
319 4271 428 4333 τοῖς
459 4265 790 4338 φιλομαθέσι
819 4266 914 4319 καὶ
936 4266 1004 4320 τὰ
1027 4265 1197 4320 πάλαι
1228 4262 1496 4330 συλλέξαι,
1524 4264 1616 4316 καὶ
1636 4255 1773 4316 θεω-

205 4357 354 4426 ρῆσαι
379 4357 449 4410 τὰ
480 4357 603 4412 νέα.

262 4447 410 4501 οὐδὲ
430 4447 522 4517 μὴ
579 4445 1036 4499 καταδικάσεται
1084 4445 1271 4499 αὐτὸν
1311 4444 1458 4499 ὅταν
1505 4443 1774 4513 κρίνηται

203 4541 394 4596 αὐτόν.
432 4540 580 4595 Ἀντὶ
605 4539 722 4603 τοῦ,
758 4541 815 4593 ἐν
843 4538 922 4610 τῷ
949 4537 1226 4610 κρίνεσθαι
1259 4538 1440 4590 αὐτόν.

279 4632 376 4686 Ἐν
405 4631 487 4698 τῷ
511 4631 1004 4698 ὲξολοθρεύεσθαι
1041 4629 1424 4698 ἁμαρτωλοὺς
1450 4628 1602 4696 ὄψει.
1653 4628 1775 4680 Ἑκ-

205 4724 583 4794 κοπτομένους,
617 4723 770 4794 φησὶ,
816 4723 942 4786 τοὺς
966 4719 1324 4792 ἁμαρτωλοὺς
1351 4721 1538 4792 θεάσῃ.

263 4810 436 4870 Εἶδον
461 4817 572 4869 τὸν
593 4814 783 4884 ἀσεϐῆ
807 4814 1453 4884 ὑπερυψούμενον,’καὶ
1477 4812 1776 4880 ἐπαιρόμε-

202 4919 307 4958 νον
332 4906 411 4972 ὡς
441 4907 554 4973 τὰς
587 4906 838 4975 κέδρους
869 4906 976 4960 τοῦ
1009 4905 1287 4961 Λιϐάνου.
1354 4904 1512 4959 Κατὰ
1538 4905 1597 4957 τὸ
1623 4906 1774 4975 είρη-

208 4994 379 5065 μένονο
411 4996 562 5050 Σκιὰ
590 5000 622 5051 ὁ
646 4997 788 5062 ,ϐίος
816 4994 1002 5064 ἡμῶν.

270 5088 378 5142 Καὶ
409 5089 724 5157 παρῆλθον
747 5131 761 5153 ,
813 5090 911 5144 καὶ
947 5088 1074 5142 ἰδοὺ
1105 5091 1216 5142 οὐκ
1254 5085 1352 5158 ἦν.
1411 5087 1773 5158 Θεασάμενος,

209 5180 380 5248 φησὶν,
400 5181 600 5252 ἄνδρας
624 5182 892 5252 πονηροὺς
944 5182 1114 5250 εὐημε
1125 5180 1369 5250 ροῦντας,
1393 5179 1632 5233 ἐνενόουν
1660 5179 1777 5242 πῶς

207 5266 384 5322 τούτου
406 5269 698 5341 ἐπέτυχον·
749 5265 865 5322 εἶτα
903 5269 1124 5322 τοιαῦτα
1172 5269 1367 5321 ἐννοῶν
1416 5269 1507 5321 καὶ
1549 5267 1776 5339 δεύτερα

210 5357 581 5430 βουλευόμενος
607 5400 621 5423 ,
675 5359 946 5431 θεωρῆσαι
978 5361 1174 5422 αὐτοὺς
1227 5360 1326 5412 οὐκ
1381 5359 1607 5430 ἴσχυσαο
1660 5361 1780 5414 ἀλλ’

207 5449 320 5589 225%.
355 5452 445 5504 τὸν
477 5451 658 5516 τόπον,
692 5454 749 5504 ἐν
777 5446 821 5520 ᾧ
854 5437 1073 5506 ἑστάναι
1105 5452 1340 5517 ἐδόκουν,
1360 5451 1460 5506 οὐκ
1491 5452 1774 5524 ἠδυνάμην

270 5541 396 5589 οεῖν.

270 5541 396 5606 ρεῖν.

274 5630 557 5683 φύλασσε
582 5630 858 5695 ἀκακίαν,
893 5647 990 5684 και
1023 5631 1112 5685 ἴδε
1139 5633 1451 5700 εὐθύτητα,
1493 5633 1579 5686 ὅτι
1605 5633 1775 5686 ἔστιν

285 5782 326 5814 ⁸⁹
355 5784 490 5843 Gyan.
528 5787 694 5851 xu,3.
767 5790 812 5821 "
843 5788 988 5844 Psal.
1024 5807 1060 5856 ι,
1102 5791 1154 5846 2.
1236 5793 1275 5823 ⁹¹
1312 5789 1412 5848 Job
1447 5807 1564 5854 sui,
1595 5792 1648 5847 9.

1863 601 1987 655 mile
2011 600 2140 654 huic
2168 598 2298 652 illud
2332 596 2398 651 ad
2447 591 2722 648 Abraham
2763 589 2971 644 dictum
3001 601 3013 636 :
3051 581 3417 639 Benedicente.

1863 704 1911 748 te
1939 693 2258 758 benedicam,
2283 697 2330 744 et
2360 685 2728 742 maledicentes
2757 692 2804 736 te
2826 678 3142 734 maledicam
3165 676 3232 730 ⁸⁸.

1929 874 2018 928 23.
2051 870 2202 942 Apud
2251 869 2536 924 Dominum
2580 879 2787 937 gressus
2835 860 3064 916 hominis
3109 858 3414 927 dirigentur

1861 963 2092 1035 Recipit,
2124 963 2220 1030 ait,
2247 959 2551 1016 mercedem
2588 971 2816 1026 operum
2841 996 2856 1022 ,
2885 967 3009 1024 quae
3037 953 3179 1006 hanc
3210 945 3422 1018 agendo

1860 1059 2027 1112 vitam
2055 1054 2242 1111 edidit.

1929 1147 2022 1202 24.
2059 1145 2192 1201 Cum
2224 1141 2468 1197 ceciderit
2486 1154 2590 1193 non
2623 1136 2923 1191 collidatur.
2956 1130 3208 1196 Etiamsi,
3235 1127 3447 1198 iuquit,.

1862 1237 2147 1308 contigerit
2189 1235 2531 1304 aliquantum
2573 1229 2681 1283 labi
2717 1228 2924 1291 justum
2950 1265 2965 1289 ,
3010 1223 3147 1278 nihil
3188 1222 3318 1276 hinc
3353 1219 3431 1274 illi

1863 1329 1991 1384 mali
2018 1327 2250 1391 eveniet,
2275 1339 2399 1380 cum
2430 1323 2598 1377 Deum
2627 1320 2824 1374 habeat
2847 1332 2906 1373 se
2941 1315 3373 1371 confirmantem.

1932 1421 2024 1475 25.
2078 1417 2190 1473 Nec
2235 1432 2410 1472 semen
2446 1413 2560 1483 ejus
2603 1427 2841 1482 quaerens
2887 1425 3067 1479 panes.
3111 1405 3434 1478 Spirituales

1864 1510 2089 1571 scilicet,
2125 1506 2219 1578 qui
2251 1513 2381 1561 sunt
2403 1503 2573 1559 divini
2607 1515 2909 1558 sermones.

1931 1600 2021 1653 27.
2049 1596 2119 1650 Et
2143 1595 2381 1650 inhabita
2404 1594 2456 1647 in
2477 1591 2731 1648 saeculum
2751 1589 2956 1646 saeculi.
2988 1589 3056 1646 Et
3087 1587 3427 1654 haereditate,

1865 1691 2064 1762 inquit,
2096 1687 2334 1758 accipies
2363 1694 2565 1742 aeterna
2593 1683 2968 1740 tabernacula.

1929 1781 2021 1837 29.
2056 1778 2088 1833 J
2095 1780 2202 1834 usti
2226 1786 2401 1831 autent
2441 1773 2721 1829 hwreditab
2731 1781 2822 1826 unt
2846 1783 3070 1826 terram.
3095 1768 3445 1838 Plerumque-

1795 1851 1838 1907 Β
1866 1873 2048 1929 datam
2079 1868 2377 1926 mansuetis
2418 1875 2616 1921 terram
2652 1865 3006 1929 memoravit,
3044 1867 3112 1918 ad
3151 1862 3270 1932 ejus
3299 1875 3435 1916 con-

1868 1963 2267 2035 cupiscentiam
2295 1961 2633 2017 cohortatus.

1938 2056 2024 2110 50.
2069 2053 2141 2110 0s
2176 2053 2314 2123 justi
2353 2051 2696 2105 meditabitur
2737 2048 3076 2118 sapientiam.
3123 2044 3456 2111 Convenit,.

1868 2145 2066 2215 inquit,
2102 2143 2216 2198 sive
2250 2142 2436 2211 lingua
2457 2181 2472 2207 ,
2505 2139 2622 2195 sive
2653 2147 2835 2193 mente
2866 2136 3052 2192 divina
3078 2134 3293 2205 eloquia
3325 2134 3432 2189 cir-

1869 2235 2160 2299 cumferre,
2179 2233 2235 2286 in
2257 2244 2558 2301 eorumque
2579 2227 2934 2283 meditatione
2960 2224 3182 2280 assidue
3202 2225 3440 2280 versari.

1869 2334 1948 2386 Ita
1972 2330 2119 2385 enim
2141 2343 2266 2383 cum
2300 2324 2432 2396 quid
2463 2322 2742 2395 agendum
2768 2321 2842 2376 sit
2883 2319 3168 2375 edidicerit
3197 2319 3292 2389 qui
3320 2316 3439 2371 vir-

1869 2422 2002 2478 tutis
2045 2433 2237 2474 amans
2284 2425 2390 2480 est,
2436 2413 2738 2484 intrepidus
2786 2412 3157 2480 immotusque
3197 2409 3442 2464 manebit

1871 2514 2136 2569 adversus
2177 2524 2274 2567 eos
2316 2508 2411 2579 qui
2457 2505 2690 2576 dejicere
2742 2505 2921 2574 ipsum
2969 2501 3262 2556 voluerint.
3316 2499 3444 2556 Haec

1871 2606 2037 2662 etiam
2072 2603 2210 2657 dixit
2233 2601 2447 2672 psalmo
2477 2599 2654 2668 primo
2687 2612 2710 2648 :_
2735 2593 2838 2650 Sed
2875 2596 2932 2647 in
2962 2592 3071 2664 lege
3110 2591 3325 2646 Domini
3351 2607 3441 2644 υο-

1871 2699 2048 2751 luntas
2079 2694 2214 2765 ejus,
2237 2701 2288 2747 et
2315 2693 2371 2746 in
2422 2689 2531 2760 lege
2563 2687 2676 2758 ejus
2708 2685 3052 2764 meditabitur
3099 2684 3184 2738 die
3223 2699 3286 2736 ac
3341 2698 3436 2736 no-

1869 2789 2032 2854 cte",
2066 2795 2173 2842 etc.
2199 2784 2268 2838 Et
2293 2783 2473 2854 lingua
2488 2781 2600 2850 ejus
2620 2780 2858 2849 loquetur
2863 2776 3148 2846 judicium.
3171 2772 3444 2830 Iudicium

1867 2880 2102 2950 justum,
2131 2892 2244 2932 non
2269 2873 2506 2937 forense,
2543 2870 2637 2926 sed
2667 2867 2809 2937 quod
2835 2867 2891 2921 in
2927 2865 3022 2921 illo
3051 2879 3186 2920 sano
3215 2871 3270 2918 et
3302 2879 3444 2918 nun-

1871 2985 2036 3042 quam
2061 2975 2280 3024 errante
2308 2963 2569 3020 tribunali
2601 2961 2800 3018 fertur.

1942 3061 2033 3126 3.1,
2067 3059 2156 3114 52.
2183 3056 2292 3112 Lea:
2319 3055 2417 3110 Dei
2444 3054 2557 3125 ejus
2583 3053 2639 3107 in
2666 3052 2822 3107 corde
2860 3051 3027 3121 ipsius
3047 3089 3062 3116 ,
3093 3056 3144 3102 et
3177 3062 3282 3102 non
3321 3062 3444 3116 sup-

1873 3153 2258 3226 plantabuntur
2295 3163 2502 3220 gressus
2545 3147 2681 3216 ejus.
2728 3143 3044 3200 Considerat
3078 3147 3320 3210 peccator
3355 3139 3444 3207 ju-

1880 3253 2040 3298 stum.
2071 3241 2330 3295 Dominus
2355 3245 2554 3301 autem,
2575 3243 2682 3290 etc.
2717 3232 2892 3288 Variis
2912 3233 3102 3295 eadem
3129 3230 3243 3300 ipsa
3271 3229 3446 3283 modis

1881 3335 2108 3408 profert,
2143 3331 2340 3403 majori
2369 3331 2462 3386 illa
2489 3343 2620 3384 cura
2649 3325 3090 3395 etimeditatione
3113 3322 3446 3378 stabiliorem

1878 3441 2079 3498 parans
2112 3424 2192 3479 rei
2237 3422 2584 3478 memoriam.
2633 3418 2723 3471 Ait
2760 3424 2942 3471 autem
2981 3434 2994 3470 :
3033 3412 3152 3468 Non
3208 3411 3446 3483 negliget

1874 3519 2084 3590 justum
2127 3515 2391 3569 Dominus
2422 3509 2798 3580 improborum
2855 3506 3068 3561 insidiis
3107 3503 3403 3575 appetitum
3431 3542 3448 3566 ,

1878 3624 2056 3679 neque
2080 3622 2186 3662 una
2229 3605 2501 3661 calculum
2552 3601 2853 3656 feretcum
2893 3599 2974 3654 eis
3009 3597 3136 3652 talia
3181 3595 3466 3651 molientis

1877 3705 1980 3760 his
2006 3720 2020 3756 :
2055 3703 2148 3759 sed
2176 3701 2388 3757 curabit
2419 3709 2478 3754 ut
2508 3698 2646 3753 retia
2675 3697 2764 3751 ille
2798 3695 3091 3750 transiliat.
3124 3690 3466 3762 Hujusmodi.

1877 3794 2218 3866 providentia
2252 3791 2538 3846 fruebatur
2580 3789 2860 3842 Abraham
2887 3827 2901 3852 ,
2955 3785 3091 3840 Sara
3125 3784 3211 3838 bis
3246 3793 3399 3852 rapta
3431 3799 3445 3836 :

1877 3887 2062 3941 eadem
2079 3885 2249 3950 Isaac,
2278 3883 2372 3953 qui
2403 3882 2644 3951 idipsum
2659 3894 2854 3950 passus
2880 3886 2964 3932 est
2989 3896 3005 3932 :
3031 3877 3221 3930 eadem
3249 3873 3446 3937 Iacob,

1877 3979 2044 4033 fratre
2070 3989 2124 4032 et
2153 3990 2345 4032 socero
2373 3973 2738 4028 invidentibus
2777 3991 2790 4025 :
2827 3970 3016 4024 eadem
3043 3967 3244 4036 Ioseph
3269 3967 3442 4021 livore

1875 4079 1930 4126 et
1954 4068 2228 4126 calumnia
2267 4066 2647 4135 impugnatus.
2693 4060 2898 4129 Ecquid
2941 4075 3079 4129 opus
3125 4058 3310 4114 omnia
3352 4073 3442 4112 re-

1877 4156 2150 4215 censere?
2177 4153 2338 4209 facile
2365 4166 2599 4221 namque
2627 4158 2711 4205 est
2734 4149 2980 4204 studioso
3013 4148 3212 4217 cuique
3252 4155 3308 4201 et
3351 4161 3452 4201 ve-

1876 4263 1990 4307 tera
2016 4248 2289 4319 colligere,
2317 4253 2372 4301 et
2393 4257 2531 4298 nova
2568 4241 3020 4297 animadvertere.

1951 4452 2040 4506 55.
2068 4449 2178 4504 Nec
2205 4449 2478 4503 damnabit
2501 4463 2620 4502 eum
2647 4461 2764 4499 cum
2779 4442 3109 4515 judicabitur
3130 4442 3234 4495 illi.
3261 4439 3313 4494 ld
3341 4448 3444 4507 est,

1801 4533 1852 4592 D
1878 4544 2097 4614 quando
2127 4542 2393 4598 sententia
2419 4541 2486 4595 de
2518 4540 2611 4593 illo
2644 4538 2874 4592 leretur.‘

1950 4635 2038 4688 54.
2092 4631 2227 4689 Cum
2278 4632 2527 4702 perierint
2581 4637 2878 4698 peccatores
2925 4625 3142 4681 videbis.
3183 4623 3454 4687 Accisos,

1882 4725 2082 4795 inquit,
2108 4724 2314 4778 videbis
2341 4729 2672 4792 peccatores.

1950 4815 2038 4869 35.
2071 4813 2437 4882 Vidiintpium
2467 4809 2940 4880 superexaltatum,
2971 4816 3020 4861 et
3051 4806 3310 4860 eleuatum
3337 4804 3448 4858 sic-

1878 4919 1937 4963 ut
1977 4907 2157 4962 cedros
2191 4906 2403 4972 Libani,
2440 4912 2545 4959 etc.
2585 4901 2749 4958 Juxta
2789 4902 2923 4958 illud
2955 4901 3161 4956 dictum
3195 4917 3208 4953 :
3249 4897 3448 4952 Umbra

1875 5011 1953 5058 est
1976 5002 2084 5056 vita
2113 5009 2292 5054 nostra
2309 4999 2376 5052 θ’.

1946 5092 2036 5148 56.
2069 5091 2134 5145 Et
2168 5089 2412 5155 transivi,
2438 5095 2628 5142 et'ecce
2660 5102 2763 5139 non
2789 5093 2923 5138 erat.
2954 5081 3057 5138 Ubi
3090 5081 3222 5146 vidi,
3247 5079 3443 5148 inquit,
3508 5145 3514 5152 .

1876 5185 2128 5239 homines
2157 5182 2433 5251 improbos
2459 5192 2719 5249 prospere
2747 5184 2969 5247 agentes
2989 5214 3004 5238 ,
3033 5186 3248 5228 mecum
3282 5185 3446 5239 repu-

1844 5281 1846 5284 ’
1876 5275 2058 5329 tabam
2086 5288 2193 5342 qua
2229 5272 2436 5326 ratione
2459 5270 2512 5323 id
2536 5267 2664 5322 boni
2695 5264 2971 5320 consecuti
3006 5268 3210 5316 essent.
3242 5258 3444 5313 Deinde

1875 5379 2003 5420 vero
2056 5364 2172 5418 haec
2200 5361 2443 5431 cogitans
2487 5367 2539 5413 et
2584 5358 2688 5411 alia
2737 5345 2950 5409 mecum
2997 5351 3302 5414 revolvens,
3343 5363 3442 5402 eos

1875 5457 2054 5512 denuo
2087 5454 2267 5508 videre
2295 5467 2402 5506 non
2437 5451 2586 5520 potui
2618 5466 2630 5500 :
2670 5451 2779 5503 imo
2806 5459 2980 5515 neque
3019 5442 3199 5496 locum
3244 5439 3297 5492 in
3333 5455 3441 5509 quo

1876 5547 2179 5603 consistere
2207 5542 2534 5597 videbantur
2567 5540 2805 5609 reperire
2836 5535 3066 5591 facultas
3103 5532 3226 5586 fuit.

1903 5640 2030 5708 L57.
2077 5635 2295 5694 Custodi
2319 5634 2692 5695 innocentiam,
2727 5641 2776 5684 et
2816 5629 2930 5683 vide
2960 5626 3279 5696 aequitatem,
3308 5639 3438 5694 quo~
