3872 6216
412 364 516 421 183

1281 371 1337 424 S.
1380 370 1752 426 ATHANASH
1785 374 1932 430 OPP.
1976 374 2156 430 PARS
2195 375 2286 430 ιιι.
2322 407 2392 416 —
2429 373 2838 428 EXEGETlCA.

3546 377 3654 430 {Si

414 480 558 533 niam
596 492 717 535 sunt
755 485 986 556 reliquit:
1008 487 1208 539 homini
1231 485 1468 553 paciﬁca.
1504 483 1582 538 Et'
1612 488 1936 555 supplicium
1959 530 1974 555 ,

2084 487 2512 556 ἐγκατάλειμμα
2541 486 2826 553 ἀνθρώπῳ
2852 487 3146 552 sip-va9.
3180 486 3289 538 Καὶ
3327 487 3359 556 ἡ
3387 490 3646 559 τιμωρία,

411 573 624 643 inquit,
661 575 1029 646 improborum
1056 621 1071 644 ,
1103 589 1157 632 et
1197 577 1452 646 reliquie,
1495 577 1548 632 id
1582 589 1664 634 est
1690 580 1974 638 haereditas

409 665 705 734 proborum
727 708 742 731 ,
773 669 868 724 tibi
895 670 1158 725 suadeant
1195 677 1253 723 ut
1293 669 1691 739 simplicitatem
1723 681 1775 726 et
1813 673 1972 727 innoo

408 758 641 811 centiam
674 762 916 816 secteris.

408 848 460 901 1.
515 845 852 906 PSALMUS
899 853 999 921 ipsi
1044 851 1216 904 David
1272 853 1324 905 in
1377 855 1857 908 rememorationem
1908 855 1969 909 de

898 942 1149 998 Sabbato.
1171 942 1328 996 XXX
1344 943 1472 999 VII.

991 1037 1388 1107 Argumentum.

403 1123 560 1180 Hunc
586 1127 732 1181 canit
764 1128 1033 1196 psalmum
1061 1129 1338 1183 assiduam
1386 1144 1697 1186 memorans
1746 1132 1970 1185 calami-

468 1223 658 1282 tatem,
721 1234 885 1287 quam
946 1228 1166 1288 propter
1224 1230 1503 1289 peccatum
1562 1222 1853 1287 sustinuit,
1915 1232 1972 1276 et

476 1303 640 1361 Deum
677 1323 770 1377 per
801 1323 920 1364 sese
950 1317 1124 1379 rogat,
1160 1310 1264 1365 sibi
1299 1312 1698 1377 sabbatismos,
1735 1329 1830 1367 seu
1870 1328 1964 1368 ca-

459 1398 763 1453 lamitatum
795 1400 953 1455 linem
987 1403 1229 1457 concedi.

469 1579 524 1631 2.
562 1576 804 1645 Domine,
854 1597 917 1634 ne
946 1581 998 1633 in
1034 1582 1210 1650 furore
1237 1591 1326 1636 tuo
1362 1597 1556 1651 arguas
1584 1597 1694 1646 me,
1722 1599 1880 1653 neque
1910 1585 1964 1636 in

396 1673 482 1727 ira
528 1683 620 1727 tua
647 1675 904 1744 corripias
937 1691 1035 1729 me.
1076 1674 1398 1746 [Daemones,
1423 1677 1516 1745 qui
1561 1677 1840 1745 suppliciis
1884 1679 1966 1731 in-

398 1759 638 1817 ferendis
688 1761 1052 1833 deputantur,
1103 1773 1156 1819 et
1209 1765 1429 1819 ultrices
1480 1775 1808 1834 potestates,
1870 1765 1962 1819 Dei

397 1851 480 1906 ira
525 1861 578 1908 et
622 1852 776 1908 furor
820 1867 1106 1910 vocantur.
1137 1855 1417 1924 Supplicat
1440 1857 1625 1925 itaque
1651 1872 1718 1911 ne
1749 1872 1778 1911 a
1803 1856 1959 1910 mali-

395 1944 517 2014 gnis
546 1945 838 2000 virtutibus
878 1954 1168 2017 arguatur,
1221 1963 1395 2018 neque
1434 1963 1532 2018 per
1567 1949 1959 2003 immissionem

395 2037 710 2106 angelorum
757 2039 1026 2093 malorum
1056 2080 1070 2104 ,
1112 2040 1204 2095 sed
1234 2057 1328 2111 per
1356 2040 1617 2097 salutaria
1645 2042 1806 2097 verba
1840 2058 1963 2097 cor-

394 2127 670 2200 ripiatur.]
710 2129 947 2200 Corripit
983 2145 1085 2186 nos
1120 2131 1382 2188 Dominus
1403 2174 1416 2196 ,
1448 2149 1572 2188 cum
1616 2148 1720 2188 nos
1752 2134 1818 2188 ad
1847 2135 1960 2188 vir-

393 2219 525 2273 tutis
567 2220 1000 2275 recordationem
1051 2222 1287 2277 deducit.
1338 2222 1573 2278 Sanctus
1620 2238 1799 2278 autem
1851 2240 1960 2277 non

392 2309 829 2380 redargutionem
863 2321 956 2366 aut
977 2315 1374 2368 correctionem
1403 2316 1654 2384 repudiat
1682 2332 1695 2368 :
1725 2317 1816 2371 sed
1837 2331 1959 2371 eam

391 2416 515 2470 quae
544 2417 667 2456 cum
699 2404 780 2458 ira
805 2412 858 2457 et
889 2402 1070 2458 furore
1102 2406 1393 2474 conjuncta
1427 2406 1517 2458 sit.

464 2493 518 2546 5.
545 2493 803 2558 Quoniam
833 2498 1042 2565 sagittae
1066 2498 1369 2565 tuceinﬁxw
1393 2508 1514 2551 sunt
1541 2500 1691 2554 mihi.
1719 2498 1959 2569 Sagittas

389 2593 550 2640 vocat
588 2585 808 2643 ultrices
842 2596 1158 2655 potestates.
1210 2588 1280 2641 Et
1321 2590 1650 2658 conﬁrmasti
1683 2606 1835 2658 super
1880 2607 1960 2644 me

389 2693 607 2729 manum
630 2688 798 2734 tuam.
839 2677 1039 2748 Tetigit
1067 2694 1154 2733 me
1177 2719 1192 2744 ,
1223 2680 1433 2749 inquit,
1473 2696 1670 2736 manus
1696 2692 1808 2748 tua,
1840 2697 1963 2752 pec-

392 2768 498 2822 cati
528 2783 695 2822 causa
731 2768 1055 2837 corripiens.

459 2859 515 2913 4.
547 2858 670 2913 Non
699 2868 778 2914 est
806 2862 1010 2914 sanitas
1038 2862 1092 2914 in
1135 2878 1288 2916 carne
1315 2879 1430 2916 mea
1472 2880 1506 2916 a
1545 2862 1681 2932 facie
1707 2864 1804 2918 ira:
1833 2873 1957 2919 tuae.

390 2950 481 3004 lra'
509 2960 596 3004 tua
634 2952 920 3021 ingruente
965 2953 1094 3006 mihi
1121 2995 1135 3020 ,
1165 2954 1488 3009 labefactata
1525 2965 1609 3010 est
1632 2970 1768 3022 Icaro
1816 2972 1954 3010 mea.

392 3038 460 3091 Et
482 3054 584 3093 non
613 3050 688 3092 est
709 3056 817 3108 pax
840 3040 1044 3094 ossibus
1077 3043 1204 3096 meis
1234 3060 1266 3095 a
1296 3043 1432 3112 facie
1464 3054 1796 3113 peccatorum
1817 3062 1960 3099 meo-

2077 577 2229 644 φησὶ,
2259 576 2364 628 τῶν
2393 574 2662 646 πονηρῶν,
2700 575 2794 627 καὶ
2842 577 2902 625 τὸ
2939 573 3394 644 ἐγκατάλειμμα,
3448 576 3564 646 ἤτοι
3610 580 3644 647 ἡ

2075 664 2406 737 κληρονομία
2438 664 2544 717 τῶν
2581 663 2818 734 ἀγαθῶν,
2871 664 3334 735 παρασκευαζὲτω
3364 683 3424 718 σε
3457 669 3650 738 ἐπιτη-

2072 755 2246 809 δεύειν
2270 755 2562 826 ἁπλότητα.

2077 851 2379 903 ΨΑΛΜΟΣ
2407 847 2488 914 τῷ
2515 847 2695 902 Δαυιδ
2725 851 2809 914 εἰς
2837 848 3176 916 ἀνάμνησιν
3204 849 3335 916 περὶ
3359 850 3466 903 τοῦ
3495 853 3649 903 Σαϐ-

2655 939 2852 992 ϐάτου.
2904 941 3042 992 ΛΖ’.

2693 1031 2706 1048 '
2727 1031 3007 1095 Υπόθεσις

2075 1120 2275 1174 Τοῦτον
2322 1121 2435 1192 ᾄδει
2457 1120 2554 1174 ’τὸν
2585 1120 2819 1190 ψαλμὸν,
2855 1122 3283 1191 ἀναμιμνήσκων
3325 1122 3511 1174 έαὺτὺν
3542 1124 3654 1193 τῆς.

2141 1216 2469 1284 συνεχούσης
2511 1214 2925 1285 ταλαιπωρίας,
2975 1211 3042 1285 ἦς
3097 1215 3353 1283 ὑπέμεινε
3399 1215 3489 1268 διὰ
3543 1217 3644 1286 τὴν

2141 1304 2433 1376 ἁμαρτίαν.
2500 1305 2664 1370 Ἀξιοῖ
2693 1304 2748 1357 δὲ
2772 1306 2835 1358 δι’
2881 1304 3072 1357 ἑαυτοῦ
3103 1304 3192 1357 τὸν
3239 1305 3404 1371 Θεὸν,
3442 1308 3648 1360 σαϐϐα-

2136 1394 2364 1463 τισμοὺς
2391 1393 2541 1466 αὐτῷ
2571 1394 2784 1458 δοῦναι,
2840 1395 2957 1464 ﬁrm.
2999 1395 3302 1450 ἀνάπαυσιν
3343 1399 3452 1451 τῶν
3507 1416 3648 1471 συμ-

2138 1484 2338 1553 φορῶν.

2136 1577 2340 1643 Κύριε,
2363 1575 2449 1644 μὴ
2479 1575 2561 1640 τῷ
2593 1576 2755 1645 θυμῷ
2787 1593 2901 1631 σου
2935 1576 3188 1647 ἐλέγξῃς
3241 1597 3338 1648 με,
3383 1581 3538 1649 μηδὲ
3565 1582 3646 1650 τῇ

2068 1666 2213 1736 ὀργῇ
2241 1683 2356 1721 σου
2389 1667 2722 1736 παιδεύσῃς
2753 1685 2848 1737 με.
2901 1668 3000 1740 [υἱ
3026 1673 3144 1733 ταῖς
3174 1671 3427 1724 κολάσεσι
3457 1672 3643 1724 διακο-

2066 1757 2312 1827 νούμενοι
2339 1758 2610 1828 δαίμονες,
2646 1760 2741 1811 καὶ
2766 1761 2820 1812 αἱ
2845 1762 3210 1831 τιμωρητικαὶ
3235 1761 3512 1832 δυνάμεις.
3545 1763 3642 1816 τοῦ

1995 1829 2039 1887 Β
2066 1847 2201 1901 Θεοῦ
2233 1849 2369 1920 ὀργὴ
2395 1850 2488 1903 καὶ
2523 1849 2690 1920 θυμὸς
2721 1829 3003 1917 λέγονται.
3042 1829 3292 1905 Ἱκετεύει
3319 1829 3410 1907 οὖν
3447 1855 3521 1925 μὴ
3551 1855 3644 1908 διὰ

2067 1940 2318 2010 πονηρῶν
2348 1939 2628 2009 δυνάμεων
2675 1940 3028 2012 ἐλεγχθῆναι,
3066 1944 3197 2015 μηδὲ
3240 1945 3304 1997 δι’
3339 1947 3646 2018 ἀποστολῆς

2063 2031 2306 2100 ἀγγέλων
2340 2031 2680 2102 σκυθρωπῶν
2712 2034 3103 2106 παιδευθῆναι,
3153 2037 3289 2092 ἀλλὰ
3331 2039 3417 2092 διὰ
3465 2040 3658 2109 λόγων

2061 2121 2410 2193 σωτηρίων.]
2447 2123 2698 2176 Παιδεύει
2728 2126 2872 2192 ἡμᾶς
2903 2129 2930 2180 ὁ
2955 2127 3175 2198 Κύριος,
3221 2133 3301 2192 εἰς
3333 2131 3648 2202 ἀνάμνησιν

2061 2212 2208 2280 ἄγων
2232 2213 2332 2284 τῆς
2368 2214 2589 2284 ἀρετῆς.
2620 2217 2679 2268 Ὀ
2717 2216 2773 2270 δὲ
2812 2219 2966 2286 ἆγιος
3005 2221 3066 2272 οὐ
3104 2222 3193 2273 τὸν
3221 2222 3438 2293 ἔλεγχον
3475 2225 3507 2296 ἢ
3542 2225 3644 2295 τὴν

2067 2303 2318 2357 παιδείαν
2378 2309 2754 2376 παραιτεῖται,
2810 2310 2944 2363 ἀλλά
2996 2311 3096 2382 τὴν
3149 2314 3264 2382 μετ’
3326 2315 3494 2386 ὀργῆς
3548 2319 3646 2370 καὶ

2064 2394 2260 2466 θυμοῦ.

2136 2488 2253 2540 Ὅτι
2280 2489 2355 2543 τὰ
2377 2489 2534 2559 ,ϐέλη
2565 2507 2680 2545 σου
2710 2494 3092 2563 ὲνεπάγησάν
3117 2514 3238 2564 μοι.
3272 2497 3411 2570 Βέλη
3441 2499 3539 2562 τὰς
3566 2518 3648 2553 τι-

2063 2581 2380 2650 μωρητικάς
2401 2581 2656 2652 δυνάμεις
2678 2584 2830 2653 φησί.
2870 2587 2978 2638 Καὶ
3003 2586 3398 2656 ἑπεσττὶριξας
3419 2591 3510 2642 ἐπ’
3540 2591 3648 2660 ἐμὲ

2060 2670 2174 2740 τὴν
2212 2671 2382 2740 χεῖρά
2421 2687 2554 2727 σου.
2583 2674 2880 2746 Καθήψατό
2926 2693 3025 2746 μου
3045 2718 3059 2741 ,
3089 2681 3251 2747 φησιν
3270 2719 3284 2745 ,
3311 2683 3344 2751 η
3372 2682 3492 2751 χείρ
3523 2697 3642 2742 σου,

2061 2763 2202 2834 ὑπὲρ
2230 2765 2328 2833 τῆς
2363 2764 2632 2834 ἁμαρτίας
2665 2766 3012 2822 παιδεύουσα.

2126 2859 2249 2911 Οὐκ
2286 2856 2458 2911 ἔστιν
2489 2859 2650 2924 ἴασις
2706 2859 2775 2912 ἑν
2820 2858 2894 2926 τῇ
2925 2863 3106 2927 σαρκί
3141 2879 3258 2930 μου
3299 2863 3414 2916 ἀπὸ
3453 2878 3646 2930 προσ-

2059 2948 2226 3004 ώπου
2250 2949 2359 3018 τῆς
2381 2951 2564 3020 ὀργῆς
2579 2967 2716 3006 σου.
2737 2952 3064 3023 Λελώϐημαι
3089 2953 3187 3024 τὴν
3215 2955 3411 3026 σάρκα,
3439 2957 3640 3032 ἐπενη-

2060 3043 2328 3115 νεγμένης
2359 3061 2449 3114 μοι
2480 3044 2579 3113 τῆς
2607 3045 2796 3115 ὀργῆς.
2822 3048 2944 3099 Οὐκ
2972 3047 3144 3100 ἐστιν
3169 3047 3376 3116 εἰρήνη
3407 3048 3476 3100 ὲν
3515 3047 3644 3113 τοῖς

391 3147 530 3184 rum.
581 3131 900 3199 Debilitata,
954 3133 1168 3202 inquit,
1201 3144 1286 3189 est
1329 3136 1500 3191 virtus
1545 3138 1740 3192 anima:
1783 3153 1960 3204 meai,

2084 3134 2297 3201 ἳστέοις
2320 3153 2439 3205 μου
2465 3135 2581 3189 ἀπὸ
2625 3137 2946 3206 προσώπου
2986 3137 3107 3191 τῶν
3155 3139 3446 3207 ἁμαρτιῶν
3495 3158 3635 3208 μου.

390 3236 556 3278 causa
589 3231 769 3276 autem
798 3223 1136 3278 inﬁrmitatis
1159 3233 1442 3294 peccatum
1475 3235 1579 3281 est.

461 3402 516 3458 Β.
551 3400 813 3468 Quoniam
839 3401 1146 3475 iniquitates
1186 3417 1312 3458 mea:
1345 3418 1696 3475 supergressa:
1726 3413 1846 3459 sunt
1873 3420 1964 3458 ca»

389 3506 484 3565 put
512 3511 702 3549 meum.
734 3495 948 3566 Fregit,
983 3495 1194 3564 inquit,
1219 3511 1305 3550 me
1330 3497 1508 3566 gravis
1535 3496 1741 3566 peccati
1768 3496 1958 3550 moles.

390 3586 616 3641 Cruciat
655 3601 744 3641 me
787 3586 1534 3656 permolestus-putridorum
1576 3587 1740 3642 foetor
1769 3586 1961 3641 vulne-

393 3694 541 3744 rum,
575 3694 697 3748 qute
761 3680 961 3735 amissa
993 3679 1312 3748 prudentia,
1347 3688 1402 3734 et
1448 3680 1769 3748 insipientia:
1831 3680 1962 3734 sub-

392 3781 553 3825 actus
581 3771 638 3825 in
663 3787 748 3824 me
777 3773 986 3842 excepi.
1013 3772 1186 3842 Cujus
1209 3773 1286 3826 rei
1328 3788 1492 3827 causa
1534 3773 1685 3827 omni
1716 3773 1959 3843 privatus

391 3862 751 3918 delectatione
774 3879 944 3933 angor
973 3874 1026 3918 et
1051 3864 1270 3918 assidue
1295 3864 1512 3918 crucior
1542 3864 1748 3924 animo,
1783 3877 1958 3932 neque

392 3954 558 4008 ullam
591 3955 924 4010 declinanda:
953 3956 1186 4010 tristitia:
1208 3957 1350 4010 viam
1389 3956 1626 4009 invenio.
1656 3953 1802 4008 Sicut
1827 3971 1957 4007 onus

391 4061 545 4114 grave
575 4057 808 4114 gravata:
828 4055 951 4100 sunt
981 4063 1137 4115 super
1169 4063 1268 4100 me.
1299 4046 1630 4102 Gravitatem
1658 4048 1791 4101 dicit
1823 4063 1956 4101 con-

391 4136 632 4190 scientiae
662 4145 870 4192 motum
892 4139 1241 4193 vehementer
1269 4137 1337 4192 ad
1380 4137 1814 4208 desperationem
1843 4146 1960 4192 ten-

391 4227 592 4281 denas.

454 4317 507 4372 6.
541 4317 867 4372 Putruerunt
894 4328 943 4372 et
983 4327 1245 4389 corrupta:
1277 4329 1400 4374 sunt
1444 4321 1713 4374 cicatrices
1756 4337 1884 4374 mea:
1924 4338 1958 4374 a

390 4410 528 4479 facie
553 4411 874 4480 insipientia!
897 4428 1043 4468 meaz.
1076 4411 1362 4470 Peccatum
1387 4429 1566 4476 omne,
1603 4423 1760 4482 turpe
1780 4424 1832 4468 et
1860 4429 1960 4482 pu-

2075 3226 2462 3297 Ἐξησθένησε,
2496 3228 2692 3296 φησὶν,
2726 3229 2759 3298 ἠ
2806 3228 3029 3298 δύναμις
3057 3230 3154 3300 τῆς
3185 3232 3322 3300 ἐμῆς
3353 3230 3529 3300 ψυχῆς
3553 3249 3565 3260 ⁸
3605 3235 3648 3303 ἡ.

2059 3317 2117 3370 δὲ
2139 3318 2285 3370 αἰτία
2317 3318 2415 3388 τῆς
2446 3317 2745 3384 ἀσθενείας,
2776 3320 2808 3389 ἡ
2836 3321 3098 3391 ἁμαρτία.

2137 3407 2263 3461 Ὀτι
2307 3412 2367 3461 αἱ
2411 3408 2649 3477 ἀνομίαι
2697 3426 2817 3477 μου
2862 3411 3168 3478 ὑπερῆραν
3208 3410 3321 3478 τὴν
3365 3412 3642 3480 κεφαλήν

2054 3518 2194 3570 μου.
2249 3499 2585 3570 Κατέκαμψὲ
2619 3517 2686 3570 με
2707 3540 2721 3564 ,
2753 3502 2944 3571 φησὶν,
2979 3501 3040 3553 τὸ
3067 3501 3204 3572 βαρὺ
3233 3503 3333 3572 τῆς
3363 3504 3641 3573 ἁμαρτίας

2061 3592 2299 3662 φορτίον.
2369 3593 2518 3663 Ἀνιᾷ
2560 3577 2617 3645 δέ
2671 3595 2737 3663 με
2787 3591 3031 3646 καΓτῶν
3067 3593 3381 3664 σεσηπότων
3411 3593 3632 3648 ἐκείνων.

2057 3683 2386 3752 τραυμάτων
2413 3684 2446 3753 ἡ
2477 3683 2740 3753 δυσοσμία
2759 3723 2773 3748 ,
2805 3683 2862 3748 ἃ,
2889 3683 2986 3754 τὴν
3033 3684 3292 3754 φρόνησιν
3327 3684 3639 3746 ἀποϐαλὼν,

2060 3773 2155 3824 καὶ
2178 3773 2244 3842 τῇ
2281 3771 2556 3844 ἀφροσύνῃ
2584 3773 2888 3836 δουλεύσας,
2921 3774 3292 3844 εἰσεδεξάμην.
3341 3767 3414 3827 Ui)
3447 3775 3511 3844 δὴ
3543 3777 3641 3843 χά·

2063 3882 2148 3937 ριν
2178 3864 2358 3934 πάσης
2389 3863 2656 3934 θυμηδίας
2683 3864 3064 3934 ἐστερημένος,
3093 3865 3341 3934 ἁσχάλλω
3370 3867 3462 3917 καὶ
3490 3865 3657 3918 ἀλύω.

2057 3955 2356 4026 διηνεκῶς,
2408 3955 2502 4006 καὶ
2547 3954 2644 4024 τῆς
2699 3955 3149 4026 σκυθρωπότητος
3192 3954 3492 4026 μεταϐολὴν
3540 3956 3645 4026 οὐχ

2057 4047 2313 4117 εὑρίσκω.
2378 4046 2534 4098 Ὠσεὶ
2583 4047 2828 4114 φορτίον
2878 4046 3038 4114 βαρὺ
3074 4047 3493 4115 ὲϐαρύνθησαν

2056 4138 2180 4207 ἐμέ.
2236 4137 2523 4209 Βαρύτητα
2569 4138 2666 4206 τὴν
2713 4137 2811 4207 τῆς
2842 4138 3195 4210 συνειδήσεως
3223 4141 3301 4203 εἰς
3333 4141 3643 4208 ἀπόγνωσιν

2057 4229 2260 4297 ῶθησιν
2295 4229 2410 4299 μετ’
2441 4225 2743 4292 ὲπιτάσεώς
2797 4245 2984 4299 φησιν.

2132 4317 2522 4388 Προσώζέςσαν
2563 4317 2660 4370 καὶ
2711 4317 3033 4384 ἑσάπησαν
3083 4321 3137 4370 οὶ
3186 4317 3476 4387 μώλωπές
3518 4338 3655 4388 μου·

2057 4411 2176 4466 ἀπὸ
2226 4416 2551 4478 προσώπου
2604 4409 2714 4478 τῆς
2764 4410 3115 4477 ἀφροσύνης
3147 4427 3286 4479 μου.
3342 4410 3498 4463 Πᾶσα
3529 4411 3644 4482 γὰρ

390 4502 558 4555 tidum
587 4513 670 4556 est
701 4518 714 4554 :
749 4503 856 4557 nisi
883 4504 1026 4557 enim
1074 4504 1131 4559 in
1173 4505 1545 4574 insipientiam
1582 4505 1765 4560 anima
1807 4506 1956 4560 deci-

2084 4503 2307 4574 ιμαρτία
2332 4502 2548 4572 μυσαρά
2566 4519 2622 4556 τε
2645 4504 2737 4555 καὶ
2757 4500 2996 4569 δυσώδης
3015 4518 3027 4530 '
3058 4503 3105 4553 εἰ
3143 4500 3216 4571 μὴ
3242 4501 3350 4571 γὰρ
3375 4503 3453 4564 εἰς
3477 4503 3645 4573 cippo-

389 4593 502 4658 dat,
548 4602 831 4663 peccatum
867 4595 1153 4651 admittere
1201 4612 1482 4666 nunquam
1528 4596 1786 4651 tolerarit.
1832 4595 1958 4651 Inde

390 4695 643 4738 naturam
686 4687 891 4754 peccati
934 4689 1208 4744 novimus.
1241 4687 1500 4755 Quaenam
1544 4689 1634 4743 illa
1667 4689 1784 4744 est?
1813 4689 1958 4743 Nihil

387 4782 536 4828 certe
566 4783 844 4843 peccatum
878 4786 960 4830 est
984 4778 1090 4832 nisi
1132 4778 1460 4848 insipientia
1487 4788 1689 4834 nostra:
1720 4777 1884 4834 fetus.

461 4948 515 5002 7.
550 4947 681 5000 Tota
728 4949 810 5000 die
857 4950 1205 5004 contristatus
1246 4952 1595 5022 ingrediebar.
1645 4953 1700 5007 ld
1746 4955 1959 5009 dicatur

387 5041 456 5096 iis
479 5040 571 5110 qui
615 5040 845 5094 multum
877 5041 1053 5096 rident
1084 5051 1138 5097 et
1159 5044 1424 5098 laetantur.

461 5214 652 5290 [Miser
684 5216 858 5284 factus
887 5232 1039 5281 sum,
1085 5226 1189 5272 etc.
1239 5217 1567 5276 Gravitatem
1611 5223 1957 5278 conscientia

387 5307 614 5371 indicat,
646 5324 766 5378 quae
785 5308 943 5378 quasi
976 5308 1038 5362 in
1059 5309 1491 5379 desperationem
1531 5314 1777 5382 impellit.

460 5398 512 5452 8.
545 5397 808 5463 Quoniam
849 5400 1012 5454 lumbi
1046 5403 1146 5454 mei
1186 5403 1390 5472 impleti
1427 5416 1548 5458 sunt
1596 5405 1954 5461 illusionibus.

389 5491 894 5562 Quoniamdnquit,
915 5494 1162 5548 videbam
1187 5495 1438 5551 inimicos
1469 5499 1601 5552 mihi
1629 5499 1917 5554 illudentes
1941 5519 1952 5554 :

389 5583 752 5654 intelligibiles
779 5593 960 5640 autem
994 5585 1246 5641 inimicos
1274 5587 1585 5660 signiticat.]

458 5673 512 5728 9.
543 5675 778 5744 Afﬂictus
816 5693 931 5730 sum
971 5686 1020 5731 et
1052 5678 1358 5732 hurrtiliatus
1388 5697 1502 5733 sum
1536 5681 1712 5735 nimis.
1745 5680 1824 5734 Ex
1849 5682 1954 5736 bu-

385 5767 627 5838 jusmodi
651 5810 666 5837 ,
696 5768 913 5839 inquit,
947 5771 1382 5840 concupiscentia
1405 5811 1420 5838 ,
1457 5772 1510 5827 id
1536 5789 1658 5828 sum
1685 5789 1953 5831 consecu-

2067 4593 2230 4664 σύνην
2261 4591 2558 4645 καταπέσοι
2589 4589 2809 4660 ἡψυχὴ,
2842 4590 2942 4642 οὐκ
2962 4589 3026 4642 ἂν
3051 4589 3304 4659 ὑπομένοι
3331 4590 3426 4660 τὴν
3459 4591 3642 4661 ἀμαρ-

2063 4686 2204 4739 τίαν.
2245 4682 2524 4738 Ἐντεῦθεν
2549 4683 2647 4754 τὴν
2676 4682 2837 4751 φύσιν
2862 4682 2958 4751 τῆς
2985 4682 3255 4752 ἁμαρτίας
3275 4679 3636 4752 γινώσκομεν.

2077 4777 2264 4830 Ὀποία
2289 4775 2374 4837 τίς
2399 4777 2514 4827 ἐστι
2539 4817 2553 4840 ,
2591 4773 2729 4845 πλὴν
2760 4775 2842 4826 ὅτι
2875 4771 2982 4826 ἀπὸ
3003 4774 3310 4846 ἀφροσύνης
3337 4776 3465 4846 ἡμῖν
3500 4793 3644 4846 συμ-

2065 4867 2336 4920 ϐαίνουσιν
2370 4869 2423 4919 αἱ
2454 4865 2714 4936 ἁμαρτίαι
2742 4882 2757 4930 ;

2138 4957 2329 5024 Ὅλην
2359 4956 2474 5022 τὴν
2519 4955 2749 5024 ἡμέραν
2784 4955 3216 5024 σκυθρωπάζων
3246 4958 3638 5026 ἐπορευόμην.

2067 5046 2299 5101 Λεκτέον
2327 5047 2484 5100 τοῦτο
2518 5048 2655 5118 πρὸς
2682 5048 2806 5111 τοὺς
2833 5047 3106 5116 γελῶντας
3132 5049 3298 5100 πολλὰ
3319 5050 3413 5101 καὶ
3439 5067 3493 5100 τε
3505 5067 3637 5119 ρπο‹

2069 5139 2279 5210 μένους.

2137 5230 2157 5300 [_
2187 5229 2677 5297 Ἐταλαιπὼρησα
2705 5231 2815 5283 καὶ·
2834 5247 3030 5283 κατεκ.
3055 5271 3068 5295 ,
3115 5231 3208 5283 καὶ
3237 5231 3304 5284 τὰ
3342 5230 3488 5300 ἑξῆς.
3539 5233 3644 5284 Βαρ-

2068 5323 2270 5392 ρύτητα
2301 5323 2399 5394 τῆς
2448 5324 2799 5393 συνειδήσεως
2833 5322 2908 5385 ὡς
2949 5326 3028 5385 είς
3070 5323 3375 5390 ἀπόγνωσιν
3409 5324 3630 5394 ῶθησιν.

2137 5415 2263 5466 ’Ὅτι
2282 5417 2340 5467 αἱ
2361 5415 2506 5482 ψόαι
2523 5431 2640 5483 μου
2661 5415 3064 5483 ἐπλήσθησαν
3076 5415 3435 5484 ἐμπαιγμῶν.
3469 5417 3640 5468 Ἐπει-

2062 5503 2238 5573 δήπερ
2283 5507 2477 5574 φησιν,
2517 5505 2610 5555 ἐπὶ
2653 5505 2714 5558 τὸ
2754 5503 3110 5564 καταπαίςειν
3145 5523 3244 5573 μου
3295 5505 3478 5559 λοιπὸν
3511 5507 3639 5568 τοὺς

2064 5595 2290 5668 ἐχθρούς
2325 5614 2424 5666 μου
2458 5596 2670 5668 ἐώρων·
2702 5600 2826 5662 τοὺς
2857 5601 3079 5666 νοητοὺς
3104 5600 3158 5652 δὲ
3189 5599 3354 5665 λέγει.

2146 5685 2482 5752 Ἐλιακώθην
2539 5688 2637 5740 καὶ
2675 5689 3075 5756 ἐταπεινώθην
3103 5689 3212 5754 ἕως
3243 5687 3495 5756 σφόδρα.
3546 5684 3636 5749 Ἐξ

2065 5778 2295 5847 ἐκείνης.
2328 5779 2480 5847 φησὶ,
2524 5779 2623 5849 τῆς
2673 5780 2962 5852 ἐπιθυμίας
2998 5781 3276 5851 ὲτρύγησα
3302 5782 3361 5834 τὸ
3406 5777 3642 5832 κύπτειν
