3872 6216
234 373 336 428 185

1293 373 1668 429 EXPOSITIO
1706 374 1772 427 IN
1807 375 2137 431 PSALMUM
2179 375 2460 429 XXXV’IIJ

3375 371 3476 424 H6

230 489 315 551 εις
336 487 461 557 γῆν,
485 486 581 538 καὶ
603 485 864 556 διηνεκῶς
885 485 1240 558 ὀλοφύρεσθαι
1261 488 1349 541 διὰ
1369 488 1466 551 τὰς
1490 489 1692 560 πικρὰς
1715 490 1812 560 τῆς

1942 507 2023 556 us,
2055 503 2114 545 ut
2160 472 2353 545 versus
2407 499 2604 543 terram
2655 486 2945 540 inclinatus
2986 484 3213 553 gemitus
3261 484 3478 537 assidue

229 578 459 650 καρδίας
483 576 694 638 ὀδύνας.
728 575 927 629 Τούτου
953 562 1111 647 χάριν
1135 579 1234 648 τῆς
1263 577 1554 648 ἐπιθυμίας
1584 580 1810 649 μεταδα-

229 671 341 724 λὼν
367 671 464 740 τὴν
492 669 808 740 ἐνέργειαν,
843 670 1114 740 ὑπουργὸν
1160 671 1329 741 αὐτὴν
1362 671 1666 742 κατέστησα
1713 671 1806 724 τοῦ

231 759 379 814 θείου
413 759 765 830 βουλήματος.
818 758 988 812 Τοῦτο
1020 761 1128 830 γὰρ
1153 762 1430 830 ἐπήγαγεν
1463 778 1478 791 ’
1517 762 1810 830 Ὠρυόμην

235 852 356 906 ἀπὸ
387 849 727 919 στεναγμοῦ
756 848 868 918 τῆς
915 851 1162 918 καρδίας
1199 868 1338 919 μου.
1419 849 1708 913 Μαστίζων
1747 850 1810 902 τὸ

241 942 520 1005 συνειδὸς,
595 942 694 1012 τὴν
737 941 963 1012 καρδίαν
1034 959 1134 1012 μου
1195 942 1526 1012 στεναγμοὺς
1593 940 1808 1010 ἀφιέναι

233 1036 473 1088 ἐποίουν.

306 1126 415 1180 Καὶ
449 1129 480 1178 ὀ
521 1124 852 1194 στεναγμός
893 1141 1012 1192 μου
1043 1122 1161 1176 ἀπὸ
1189 1123 1304 1176 σοῦ
1338 1127 1450 1177 οὐκ
1485 1123 1806 1190 ἀπεκρύϐη.

232 1215 348 1286 Ἰῆς
379 1218 692 1286 μετανοίας,
725 1217 916 1283 φησὶν,
951 1218 979 1267 ὁ
1029 1215 1188 1277 πόθος
1214 1216 1392 1284 στήτω
1433 1213 1658 1268 ἐνώπιόν
1679 1230 1808 1278 σου,

233 1301 269 1378 ᾖ
328 1306 436 1376 ἔχω
493 1307 756 1375 ἐπιθυμία
818 1303 1054 1374 σωθῆναι
1103 1304 1441 1375 βουλόμενος.
1509 1305 1618 1358 Καὶ
1662 1306 1808 1375 τίςή

233 1393 505 1462 ἐπιθυμία
535 1394 628 1445 τοῦ
683 1392 955 1463 Χριστοῦ;
1009 1391 1071 1444 τὸ
1120 1394 1260 1464 ὑπὲρ
1297 1394 1450 1464 ἡμῶν
1504 1394 1810 1446 ἐπιτελέσαι

233 1483 450 1552 Πάσχα.
489 1549 500 1560 .

319 1574 383 1627 Ἠ
435 1573 650 1640 καρδία
689 1591 809 1642 μου
860 1574 1194 1651 scapi-111011,
1252 1573 1598 1642 ἐγκατέλιπε
1643 1590 1720 1641 με
1770 1573 1808 1639 ἠ

232 1663 420 1730 ισχύς
443 1681 582 1730 μου.
620 1665 692 1717 Τὸ
717 1665 1108 1733 διαλογιστικὸν
1142 1666 1365 1737 καρδίαν
1402 1665 1552 1734 φησί.
1613 1665 1720 1717 Καὶ
1745 1663 1811 1716 τὸ

232 1753 359 1822 φῶς
387 1753 505 1806 τῶν
529 1755 850 1824 ὀφθαλμῶν
875 1775 992 1826 μου
1013 1801 1027 1822 ,
1085 1759 1182 1810 καὶ
1210 1758 1356 1810 αὐτὸ
1378 1759 1488 1810 οὐκ
1512 1758 1643 1810 ἐστι
1684 1755 1809 1824 μετ’

1911 581 2266 650 profundam,
2297 580 2368 632 ob
2409 578 2662 631 acerbum
2694 575 2861 628 animi
2900 574 3160 626 dolorem.
3197 572 3479 636 Quamob-

1909 687 2056 736 rem,
2121 679 2332 724 mutato
2381 667 2842 736 concupiscentia:
2894 680 3034 728 usu,
3102 662 3475 715 administram

1911 779 2031 817 eam
2064 762 2260 816 divina:
2299 760 2593 814 voluntatis
2623 757 2903 811 constitui.
2925 755 3038 808 Hoc
3075 755 3218 808 enim
3249 753 3431 821 adjicit
3461 794 3474 807 .

1910 853 2202 922 Rugiebam
2240 869 2272 904 a
2305 853 2500 921 gemitu
2531 851 2704 902 cordis
2735 849 2850 901 mei.
2883 846 3171 916 Castigans
3197 846 3479 898 conscien-

1911 945 2040 996 tiam
2074 957 2273 1008 meam,
2308 942 2358 995 id
2390 940 2680 994 cﬂicicbatn
2719 949 2776 991 ut
2811 953 2906 992 cor
2941 937 2993 989 in
3033 935 3264 1006 gemitus
3295 949 3478 986 erum-

1909 1046 2080 1102 pcret.

1982 1127 2072 1180 10.
2117 1125 2184 1180 Et
2219 1126 2438 1195 gemitus
2482 1139 2625 1175 meus
2671 1139 2702 1173 a
2755 1130 2802 1172 te
2846 1136 2945 1172 non
2996 1127 3070 1171 est
3119 1116 3473 1170 absconditus.

1913 1219 2270 1283 Paenitentite,
2310 1216 2510 1286 inquit,
2559 1213 2887 1268 desiderium
2915 1225 3096 1264 coram
3145 1220 3194 1263 te
3231 1211 3473 1262 sistatur.

1915 1312 2050 1366 Toto
2098 1311 2367 1366 desiderio
2415 1309 2640 1363 salutem
2687 1304 2948 1372 consequi
2989 1312 3198 1372 expeto.
3253 1300 3475 1370 Ecqnod

1912 1402 2240 1458 desiderium
2273 1397 2523 1454 Christi?
2558 1396 2765 1451 Pascha
2809 1395 2979 1450 nostri
3015 1409 3178 1448 causa
3223 1408 3476 1447 consum-

1911 1506 2062 1545 mare
2091 1492 2158 1542 ³³.

1984 1584 2068 1636 11.
2123 1581 2227 1636 Cor
2272 1597 2445 1634 meum
2491 1578 2860 1633 conturbatum
2916 1585 3024 1641 est,
3071 1574 3346 1644 dereliquit
3396 1590 3478 1626 me

1912 1675 2077 1728 virtus
2127 1690 2261 1726 mea.
2311 1671 2420 1726 Cor
2472 1671 2704 1741 appellat
2748 1670 2856 1722 vim
2893 1669 3088 1721 anima:
3136 1665 3472 1720 rationalem.

1913 1767 1982 1820 Et
2021 1767 2194 1820 lumen
2220 1765 2489 1819 oculorum
2521 1780 2772 1825 meorum,
2813 1772 2861 1815 et
2905 1762 3075 1829 ipsum
3115 1777 3216 1812 non
3256 1768 3330 1811 est
3374 1773 3477 1810 me-

234 1843 404 1912 ἐμοῦ.
467 1845 540 1897 Τὸ
570 1845 684 1913 φῶς
713 1845 822 1898 τῶν
848 1847 1140 1914 ὀφθαλμῶν
1168 1848 1227 1900 τὸ
1259 1848 1471 1918 πνεῦμα
1506 1848 1566 1900 τὸ
1609 1845 1810 1916 ἐκλάμ-

1934 1874 2053 1912 'um.
2080 1856 2286 1910 Lumen
2329 1855 2611 1909 oculorum
2642 1854 2770 1908 dicit
2804 1853 3055 1921 spiritum
3093 1850 3257 1903 animi
3304 1848 3478 1904 oculis

235 1950 341 1986 ¹ιιτον
370 1937 479 1998 τοῖς
505 1936 601 2005 τῆς
629 1935 866 1998 διανοίας
899 1936 1060 1988 αὑτοῦ
1089 1937 1349 2006 ὄμμασιν,

313 2029 378 2078 Ol
411 2027 575 2094 φίλοι
600 2044 719 2095 μου
754 2028 850 2080 καὶ
899 2031 952 2080 οἱ
994 2029 1262 2095 πλησίον
1287 2046 1405 2096 μου
1436 2027 1505 2092 ἐξ
1537 2027 1812 2092 ἐναντίας

231 2133 353 2186 μου
381 2116 642 2185 ἤγγισαν
667 2117 760 2169 καὶ
790 2118 1079 2185 ἔστησαν.
1129 2119 1214 2170 Ἐν
1246 2117 1324 2186 τῷ
1355 2118 1686 2189 πεπληγέναι
1722 2133 1809 2186 με,

238 2209 426 2278 φησιν,
453 2206 786 2276 ἀντέστησαν
825 2223 930 2274 μοι.
959 2206 1142 2259 Ταῦτα
1161 2205 1216 2257 δέ
1245 2205 1390 2273 λέγει
1415 2205 1503 2257 διὰ
1527 2206 1615 2257 τὸν
1633 2206 1816 2257 Ἀϐεσ-

241 2299 433 2368 σαλὼμ
460 2297 668 2350 καὶτὸν
709 2297 1006 2366 Ἀχιτόφελ.
1052 2295 1160 2350 Καὶ
1203 2299 1256 2348 oi
1285 2295 1528 2364 ἔγγιστά
1555 2314 1670 2364 μου
1697 2294 1814 2348 ἀπὸ

231 2392 534 2462 μακρόθεν
563 2390 854 2454 ἔστησαν.
906 2389 968 2440 Οἱ
1012 2388 1118 2458 γὰρ
1150 2387 1640 2458 συνυπουργοῦντες
1671 2387 1815 2457 αὐτῷ

237 2484 462 2552 ἄγγελοι
494 2481 850 2549 ἐγκατέλιπον
883 2481 1042 2532 αὑτὸν
1065 2480 1152 2533 διὰ
1187 2482 1284 2551 τὴν
1318 2481 1609 2551 ἁμαρτίαν.
1665 2481 1816 2549 Τάχα

237 2576 350 2645 γὰρ
378 2575 474 2626 καὶ
504 2575 561 2625 αἱ
613 2573 869 2642 δυνάμεις
899 2573 954 2624 αἱ
989 2571 1139 2639 ἆγιαι
1183 2572 1556 2642 ὑποχωροῦσιν
1590 2573 1646 2623 ἐν
1694 2589 1816 2624 και-

244 2665 322 2737 ρῷ
346 2663 653 2735 πειρασμοῦ
677 2664 811 2735 πρὸς
827 2663 1050 2733 δοκιμὴν
1073 2663 1166 2716 τοῦ
1193 2662 1604 2734 πειραζομένου,
1627 2663 1659 2735 ἢ
1683 2665 1816 2734 πρὸς

239 2756 480 2809 κόλασιν.

310 2846 420 2900 Καὶ
455 2842 819 2906 ἐξεϐιάζοντο
864 2846 918 2896 ol
951 2841 1260 2908 ζητοῦντες
1286 2841 1398 2909 τὴν
1425 2841 1634 2910 ψυχήν
1675 2860 1813 2909 μου.

241 2939 507 3000 Εἰκότως,
539 2936 646 2988 τῶν
676 2935 925 3003 ἀγγέλων
957 2934 1359 2986 καταλιπόντων
1387 2935 1567 2995 αὑτὸν,
1595 2933 1818 3003 σφοδρό-

237 3047 400 3100 τερον
429 3031 478 3082 οἱ
505 3029 753 3098 δαίμονες
801 3025 1128 3078 ἐπετίθεντο.
1189 3026 1293 3078 Καὶ
1321 3029 1372 3078 οἱ
1401 3023 1707 3090 ζητοῦντες
1748 3023 1819 3076 τὰ

238 3120 399 3175 κακὰ
419 3138 552 3190 μοι,
576 3118 890 3183 ἐλάλησαν
912 3117 1330 3185 ματαιότητας.
1369 3115 1638 3180 Ἐλάλουν,
1665 3116 1814 3183 φησι,

241 3213 382 3285 πρὸς
412 3212 658 3273 ἑαυτοὺς,
689 3209 980 3277 ἐπιϐουλήν
1020 3225 1109 3278 μοι
1143 3207 1518 3271 σκευάζοντες.

322 3302 466 3372 Ἐγὼ
493 3302 561 3355 δὲ
592 3301 734 3354 ὡσεὶ
777 3300 974 3368 κωφὸς
1009 3302 1117 3352 οὐκ
1146 3298 1374 3366 ἤκουον
1397 3339 1411 3362 ,
1452 3298 1636 3350 καὶτὰ
1669 3295 1814 3366 ἐξῆς.

237 3394 430 3448 Ταῦτα
453 3433 470 3457 ,
505 3393 668 3462 φησὶν
687 3433 700 3452 ,
731 3391 1031 3458 λαλούντων
1062 3390 1238 3444 αὐτῶν
1257 3431 1270 3454 ,
1299 3390 1416 3442 ούδέ
1447 3389 1662 3442 ἀκούειν
1708 3390 1819 3441 ὲδόο

236 3503 391 3551 πνουν,
422 3484 545 3536 οὐδὲ
579 3483 756 3536 λαλεῖν
783 3483 901 3553 τῆς,
930 3481 1238 3553 παρρησίας
1272 3498 1370 3551 μου
1405 3480 1492 3534 διὰ
1523 3481 1619 3551 τῆς
1652 3482 1820 3551 ἁμαρ-

239 3576 364 3638 τίας
403 3573 780 3644 ἀφῃρημένης.

316 3663 449 3714 Ὅτι
477 3660 575 3713 ἐπὶ
602 3660 721 3722 σοὶ,
746 3661 942 3727 Κύριε,
972 3661 1204 3726 ἤλπισα
1235 3699 1248 3711 .
1286 3699 1299 3712 .
1333 3699 1346 3711 .
1377 3658 1464 3711 ὅτι
1492 3655 1628 3712 εἶπα
1651 3675 1663 3688 ·
1696 3658 1820 3725 Μή-

238 3767 387 3808 ποτε
409 3749 740 3820 ὲπιχαρῶσί
761 3768 860 3819 μοι
895 3754 946 3805 οἱ
975 3751 1177 3818 ἐχθροί
1207 3768 1346 3819 μου.
1381 3749 1499 3802 Τῶν
1530 3751 1816 3826 τοσούτων,

242 3842 400 3912 φησὶ,
434 3841 755 3910 συμϐάντων
785 3841 990 3902 κακῶν,
1024 3841 1148 3910 μίαν
1173 3839 1279 3908 ἔχω
1311 3839 1580 3910 σωτηρίας
1609 3838 1818 3902 ἐλπίδα,

239 3932 342 4001 τὴν
372 3931 435 3981 ἐκ
464 3929 556 3982 σοῦ
586 3929 954 3998 γενησομένην
988 3946 1075 3997 μοι
1103 3929 1439 3999 ἐπικουρίαν.

311 4021 421 4073 Καὶ
461 4021 529 4073 ἐν
553 4018 633 4084 τῷ
662 4020 1032 4085 σαλευθῆναι
1064 4020 1252 4084 πόδας
1283 4038 1399 4087 μου
1431 4019 1521 4071 ἐπ’
1549 4019 1652 4087 ἐμὲ
1689 4017 1818 4086 ἐμε-

240 4113 807 4181 γαλοῤῥημόνησαν.
842 4113 997 4178 Μέγα
1018 4152 1032 4174 ,
1066 4113 1228 4180 φησι,
1260 4111 1456 4163 δέδωκε
1492 4114 1704 4180 φρονεῖν
1733 4111 1823 4161 αὐ-

238 4203 372 4266 τοὺς
396 4205 515 4256 κατ’
535 4203 669 4273 ἐμοῦ
695 4205 728 4273 ή
754 4202 997 4273 ἁμαρτία
1024 4201 1332 4254 σαλεύσασά
1355 4219 1454 4272 μου
1479 4203 1604 4264 τοὺς
1633 4201 1818 4263 πόδας.

311 4404 446 4456 Ὅτι
499 4401 614 4470 ἐγὼ
661 4404 748 4468 εὶς
775 4401 1070 4471 μάστιγας
1125 4401 1388 4470 ἕτοιμος,
1423 4399 1519 4452 καὶ
1548 4397 1824 4468 ἀλγηδών

1912 1950 2332 2002 illucescentem.

1984 2041 2070 2093 19..
2099 2039 2273 2091 Amici
2322 2038 2422 2090 mei
2463 2046 2511 2089 et
2552 2035 2780 2105 proximi
2820 2035 2920 2086 mei
2955 2033 3226 2085 adversum
3267 2045 3347 2082 me
3381 2045 3478 2096 ap-

1910 2130 2387 2198 propinquaverunt
2433 2135 2482 2178 et
2519 2133 2790 2178 steterunt.
2850 2123 2984 2175 Cum
3037 2123 3207 2190 plagis
3252 2118 3480 2174 affectus

1913 2238 2126 2286 essem,
2162 2222 2371 2289 inquit,
2399 2220 2729 2273 obstiterunt
2779 2219 2933 2271 mihi.
2968 2217 3090 2270 Ha'c
3136 2225 3314 2268 autem
3348 2212 3478 2267 dicit

1914 2318 2131 2378 propter
2175 2308 2430 2362 Absalnm
2475 2315 2530 2361 et
2573 2307 2914 2375 Achitophel.
2968 2305 3036 2357 Et
3085 2306 3173 2374 qui
3202 2304 3362 2372 juxta
3401 2318 3481 2355 me

1913 2408 2060 2450 erant
2091 2397 2155 2449 de
2186 2396 2336 2463 longe
2367 2403 2644 2448 steterunt.
2694 2393 2882 2462 Angeli
2917 2393 3059 2445 enim
3109 2393 3201 2460 qui
3246 2391 3480 2444 auxilia-

1916 2488 2112 2541 bantur
2139 2487 2238 2550 illi,
2275 2485 2477 2554 peccati
2509 2499 2671 2538 causa
2699 2484 3104 2551 dereliqucrunt
3144 2483 3316 2534 illum.
3347 2480 3481 2534 For-

1914 2579 2079 2632 tassis
2107 2587 2159 2631 et
2193 2587 2394 2631 sanctaa
2426 2576 2657 2629 virtutes
2698 2575 2956 2626 secedunt
2997 2573 3050 2625 in
3085 2581 3325 2639 tempore
3360 2579 3479 2623 ten-

1917 2669 2140 2723 tatinnis
2183 2669 2248 2721 ad
2283 2666 2471 2720 tentati
2508 2665 2884 2734 probationem
2915 2673 2969 2717 et
3011 2662 3478 2732 experimentum,

1917 2771 2010 2813 aut
2040 2759 2286 2814 fortassis
2311 2758 2375 2811 ad
2401 2757 2760 2825 punitionem.

1988 2851 2075 2905 15.
2135 2849 2203 2902 Et
2253 2850 2356 2902 vim
2409 2848 2671 2916 faciebant
2733 2847 2824 2916 qui
2887 2844 3186 2916 quaerebant
3247 2843 3484 2896 animum

1917 2958 2105 2995 meam.
2148 2939 2660 3007 Derclinquentibus
2700 2937 2874 3006 ipsum
2905 2937 3110 3004 angelis
3160 2936 3285 2988 hinc
3323 2933 3484 2986 vehe~

1920 3033 2152 3087 mentitis
2202 3032 2481 3084 irruebant
2532 3030 2827 3082 daemones.
2883 3027 2954 3080 Et
3004 3028 3092 3094 qui
3151 3023 3482 3094 inquirebant

1919 3123 2060 3174 mala
2107 3122 2234 3174 milii
2283 3120 2444 3173 locuti
2495 3127 2617 3172 sunt
2667 3119 2944 3170 vanitates.
2982 3115 3166 3170 Mutuo
3211 3115 3485 3184 colloque-

1919 3215 2136 3276 bantur,
2170 3213 2364 3280 inquit,
2403 3218 2655 3278 parantes
2687 3209 2911 3261 insidias
2947 3207 3099 3260 mihi.

1992 3303 2076 3354 ιι.
2124 3301 2234 3370 Ego
2275 3310 2449 3352 autent
2497 3309 2748 3368 tanquam
2795 3299 2986 3349 surdus
3035 3313 3132 3348 non
3179 3296 3481 3358 audiebam,

1918 3403 2022 3448 etc.
2053 3392 2185 3445 Dum
2216 3395 2359 3455 lucc,
2408 3390 2616 3459 inquit,
2650 3389 2726 3441 illi
2761 3390 3137 3456 loquerentur,
3169 3403 3266 3440 nec
3296 3386 3486 3439 audire

1919 3502 2017 3540 nec
2042 3487 2187 3555 loqui
2216 3485 2456 3548 videbar,
2479 3483 2654 3535 ablata
2682 3481 2814 3534 mihi
2841 3495 2935 3548 per
2959 3489 3238 3548 peccatum
3265 3477 3481 3530 ﬁducia.

1992 3659 2078 3712 16.
2113 3657 2371 3722 Quoniam
2400 3658 2451 3709 in
2489 3664 2556 3717 te,
2590 3654 2807 3706 Domine
2831 3695 2845 3716 ,
2879 3653 3148 3720 speravi...
3183 3652 3306 3722 quia
3333 3651 3485 3706 dixi:

1925 3749 2005 3802 Ne
2034 3753 2244 3818 quando
2283 3750 2699 3816 superguudeant
2737 3745 2864 3797 milii
2897 3746 3092 3796 inimici
3123 3746 3240 3796 mei.
3275 3741 3486 3806 Tantis,

1923 3841 2119 3908 inquit,
2157 3838 2524 3892 accidentibus
2555 3836 2744 3899 malis,
2779 3851 2886 3888 una
2920 3844 3168 3902 Superest
3200 3835 3332 3886 mihi
3361 3849 3488 3902 spes

1921 3932 2139 3993 salutis,
2173 3929 2435 3984 auxilium
2465 3929 2671 3983 scilicet
2701 3944 2863 3993 unum
2903 3927 3035 3978 mihi
3071 3925 3389 3979 aliuturum.

1994 4022 2080 4075 17.
2109 4021 2176 4074 Et
2209 4021 2333 4074 dum
2363 4031 2749 4073 commoventur
2775 3989 2926 4087 pbdes
2953 4019 3051 4070 mei
3085 4033 3238 4086 super
3269 4033 3347 4069 me
3373 4032 3488 4069 ma-

1925 4131 2028 4184 gna
2059 4113 2223 4166 locuti
2252 4121 2394 4166 sunt.
2438 4111 2726 4166 Peccatum
2754 4150 2768 4175 ,
2800 4111 3002 4179 inquit,
3035 4124 3212 4162 meum
3245 4124 3490 4163 commo-

1923 4222 2058 4260 vens
2092 4206 2257 4275 pedes
2291 4220 2442 4260 meos
2487 4205 2539 4258 in
2571 4220 2736 4258 causa
2774 4204 2872 4257 fuit
2911 4212 2968 4257 ut
3016 4203 3153 4258 altos
3199 4202 3486 4256 adversum

1924 4312 2011 4350 me
2037 4296 2262 4364 spiritus
2291 4304 2652 4350 assumerent.

1998 4388 2087 4440 18.
2118 4387 2382 4452 Quoniam
2415 4405 2506 4455 ego
2555 4389 2606 4440 in
2642 4386 2855 4456 ﬂagella
2899 4396 3118 4455 paratus
3151 4402 3286 4451 sum,
3315 4395 3362 4439 et
3392 4385 3488 4439 do-

236 4512 357 4564 μου
387 4491 644 4545 ἐνώπιόν
662 4493 779 4560 μού
811 4493 939 4544 ἐστι
969 4491 1309 4556 διαπαντός.
1355 4489 1550 4552 Ἡδέως
1578 4488 1816 4559 δέχεσθαι

1934 4479 2012 4532 lor
2035 4495 2176 4532 meus
2212 4479 2265 4532 in
2307 4490 2582 4546 conspectu
2612 4494 2722 4530 meo
2749 4495 2964 4547 semper.
2999 4477 3250 4530 Libenter
3276 4493 3332 4532 se
3362 4492 3486 4531 cor-

241 4587 342 4657 τὴν
375 4583 800 4655 ἐπιστρεπτικὴν
827 4583 1070 4635 παιδείαν
1097 4583 1278 4652 φησίν.

319 4764 448 4816 Ὅτι
485 4764 601 4829 τὴν
625 4763 875 4830 ἀνομίαν
917 4779 1036 4829 μου
1228 4757 1552 4828 ἀναγγελῶ,
1583 4757 1679 4809 καὶ
1721 4775 1825 4826 με·

235 4854 515 4923 ρτμνήσω
564 4853 715 4920 ὑπὲρ
764 4851 872 4918 τῆς
928 4851 1213 4919 ἁμαρτίας
1251 4868 1388 4919 μου.
1438 4849 1534 4902 Διὰ
1574 4848 1636 4919 δὴ
1668 4849 1825 4901 τοῦτο

245 4947 552 5015 κατήγορος
594 4945 832 5014 ἐμαυτοῦ
867 4945 1106 5014 γίνομαι,
1131 4945 1223 4996 καὶ
1243 4945 1422 4995 πᾶσαν
1450 4942 1702 5013 φροντίδα
1728 4943 1826 5012 τῆς

248 5038 461 5106 ὑγιείας
494 5040 811 5107 ποιήσομαι.

319 5133 385 5182 Οἱ
414 5128 482 5180 δὲ
501 5129 702 5196 ἐχθροί
728 5147 850 5197 μου
879 5127 1034 5189 ζῶσι,
1064 5127 1161 5180 καὶ
1191 5127 1642 5194 κεκραταίωνται
1675 5125 1824 5192 ὑπὲρ

243 5221 368 5291 ἐμέ.
403 5221 616 5279 Καίτοι.
643 5222 796 5291 φησὶ,
834 5222 907 5290 μὴ
932 5221 1340 5289 ἀνεπαισθήτως
1363 5220 1498 5288 ἔχων
1525 5219 1622 5287 τῆς
1650 5221 1826 5288 ἁμαρ-

244 5312 388 5375 τίας,
414 5312 548 5364 ἀλλὰ
573 5311 848 5381 μεριμνῶν
878 5314 1005 5382 περὶ
1031 5311 1200 5378 αὐτῆς
1232 5311 1540 5374 διαπαντὸς,
1568 5311 1678 5380 ὁρῶ
1701 5311 1826 5370 τοὺς

247 5404 476 5474 ἐχθρούς
514 5421 614 5472 μου
641 5420 898 5472 κρατα-ιου
910 5403 1119 5472 μένους.
1158 5399 1312 5456 Uir-:0:
1336 5403 1389 5454 δέ
1415 5405 1460 5456 οἱ
1489 5402 1690 5473 ἐχθροὶ,
1724 5419 1827 5472 μη-

244 5494 334 5548 δὲν
371 5494 553 5547 ἄδικον
595 5495 723 5565 παρ’
753 5493 886 5563 ἐμοῦ
920 5493 1278 5555 πεπονθότες,
1311 5493 1686 5555 διαϐάλλοντές
1723 5510 1822 5562 μου

245 5588 343 5659 τὴν
365 5585 676 5656 ἁμαρτίαν,
713 5586 807 5639 καὶ
856 5585 1128 5656 πρόφασιν
1170 5585 1337 5656 αὐτὴν
1385 5585 1691 5655 ποιούμενοι
1732 5586 1824 5639 τοῦ

315 5772 365 5802 "
389 5770 527 5828 an.
563 5789 699 5838 xm,
733 5773 818 5828 15.

1929 4571 2227 4637 reptionem
2256 4569 2600 4623 conversioni
2625 4584 2736 4624 sua),
2759 4569 3219 4623 accommodatam
3240 4567 3490 4637 excipere

1925 4660 2261 4713 testilieatur.

2001 4747 2088 4801 19.
2142 4748 2405 4813 Quoniam
2453 4748 2785 4818 iniquitatem
2827 4765 2994 4800 meam
3035 4748 3388 4813 annuntiabo,
3439 4758 3492 4802 et

1925 4841 2166 4909 cogitabo
2203 4857 2298 4909 pro
2347 4851 2557 4910 peccato
2591 4858 2723 4894 meo.
2767 4839 3058 4909 Propterea
3099 4853 3150 4895 et
3190 4843 3292 4895 mei
3325 4857 3488 4895 accn-

1928 4940 2078 4983 satur
2127 4947 2285 4997 sum,
2319 4942 2375 4987 et
2418 4933 2623 4986 nullam
2672 4947 2783 4984 non
2831 4933 3025 4986 salutis
3071 4932 3490 4987 sollicitudinem

1926 5038 2132 5093 geram.

1994 5113 2083 5167 20.
2129 5112 2345 5168 Inimici
2377 5123 2550 5167 autent
2584 5115 2683 5167 mei
2716 5114 2920 5180 vivunt,
2951 5124 3001 5168 et
3044 5114 3342 5184 confirmati
3367 5122 3493 5166 sunt

1927 5223 2084 5274 super
2115 5222 2213 5258 me.
2261 5206 2396 5268 Etsi,
2425 5207 2630 5274 inquit,
2657 5222 2764 5260 non
2792 5209 2910 5261 sine
2940 5223 3099 5262 sensu
3127 5207 3329 5275 peccati
3363 5206 3488 5268 sim,

1927 5299 2023 5351 sed
2062 5297 2127 5349 de
2175 5297 2292 5364 ipso
2347 5313 2560 5365 semper
2610 5298 2806 5352 anxius
2850 5300 2984 5361 sim,
3039 5299 3192 5351 video
3239 5297 3490 5351 inimicos

1929 5403 2083 5441 meos
2116 5387 2261 5440 vires
2287 5389 2618 5456 sumpsisse,
2646 5391 2737 5458 qui
2770 5405 2892 5443 cum
2927 5389 3058 5442 nihil
3091 5389 3302 5454 injuriae
3340 5403 3369 5440 a
3402 5402 3490 5440 me

1927 5479 2074 5547 passi
2103 5478 2231 5541 sint,
2252 5487 2529 5546 peccatum
2555 5479 2946 5546 exprobrantes
2978 5492 3180 5540 meum,
3203 5476 3490 5544 ipsumth

1926 5587 2021 5627 ceu
2063 5570 2406 5626 occasionem
2439 5568 2562 5623 belli
2601 5575 2790 5622 contra
2822 5581 2909 5621 me
2951 5565 3170 5636 gerendi
3215 5563 3494 5634 arecipien-
