3872 6216
359 372 465 428 187

1203 369 1258 425 S.
1296 368 1669 424 ATHANASEI
1709 368 1857 425 OPP.
1902 370 2082 426 PARS
2118 371 2205 426 lll.
2246 403 2316 414 —
2352 374 2768 432 EXEGETICA.

3501 376 3608 432 188

356 494 461 546 tes,
495 497 580 537 me
603 481 1088 552 persequebantur,
1119 497 1176 534 se
1211 483 1334 550 jure
1365 498 1427 536 ac
1455 492 1648 537 merito
1678 483 1728 536 id
1766 498 1926 552 agere

2040 485 2150 537 κατ’
2185 485 2317 555 ἐμοῦ
2354 487 2612 557 πολέμου,
2654 486 2981 540 κατεδίωκόν
3012 502 3101 557 με,
3143 486 3327 540 δίκαια
3357 487 3610 557 λέγοντες

351 575 685 644 iactitantes.
726 575 958 644 Ideoque
989 574 1164 629 factus
1191 575 1332 643 apud
1379 575 1502 629 illos
1535 591 1633 629 ceu
1677 585 1924 629 mortuus

355 669 736 723 ahominabilis
785 687 798 722 :
844 676 1169 738 quapropter
1215 669 1444 721 obsecro
1495 676 1546 720 te
1595 665 1924 730 Dominum,

354 776 423 814 ne
460 761 710 815 discedas
751 777 781 814 a
828 777 950 826 me;
990 761 1084 816 sed
1135 776 1394 831 properes
1439 761 1618 830 potius
1656 760 1720 813 ad
1768 759 1925 812 auxi-

355 854 488 908 lium
520 855 676 909 nobis
705 853 1008 907 ferendum.

2027 579 2216 630 ποιεῖν.
2237 578 2536 648 Τοιγαροῦν
2556 579 2650 632 καὶ
2667 580 2962 649 γεγένημαι
2984 581 3113 649 παρ’
3131 579 3311 642 αὐτοῖς
3327 579 3402 642 ὼς
3417 581 3611 652 νεκρὸς

2025 669 2443 740 ὲϐδελυγμένοςο
2479 671 2558 724 διὸ
2580 671 2643 742 δὴ
2686 672 2779 725 καὶ
2809 671 3019 741 δέομαι,
3062 672 3122 724 σὲ
3159 672 3249 724 τὸν
3283 672 3486 742 Κύριον
3530 673 3609 741 μὴ

2027 762 2327 831 ἀποστῆναι
2352 763 2446 815 ἀπ’
2476 763 2608 833 ἐμοῦ
2628 781 2640 792 ·
2670 763 2901 818 σπεῦσαι
2929 764 2984 816 δὲ
3023 762 3222 834 μᾶλλον
3249 765 3326 826 εἰς
3355 763 3455 834 τὴν
3487 761 3614 834 βοή-

2028 849 2176 903 θειαν
2208 850 2306 920 τὴν
2338 853 2634 923 ἡμετέραν.

423 946 512 1001 21.
546 945 627 999 Ne
659 946 986 1016 derelinquas
1014 963 1123 1011 me,
1164 945 1388 998 Domine
1438 943 1580 997 Deus
1640 960 1821 1008 meus,
1863 951 1968 997 etc.
2007 941 2197 996 Daniel
2236 943 2560 997 Barbarus':
2606 943 2843 999 Possunt
2905 944 3156 999 homines
3203 960 3342 1013 quos
3396 953 3612 998 naturae

355 1037 535 1107 inopia
581 1037 647 1091 ad
693 1038 859 1092 Deum
909 1039 1232 1107 placandum
1291 1037 1554 1106 impellit‘,
1607 1039 1722 1092 haec
1761 1053 1858 1106 pro
1906 1039 2100 1108 seipsis
2139 1053 2340 1093 orare:
2375 1038 2468 1092 sed
2536 1036 2790 1092 Christus
2828 1037 2874 1091 si
2935 1052 3119 1091 secum
3161 1035 3374 1090 Patrem
3407 1038 3606 1100 habet,

353 1132 579 1185 salutem
620 1133 900 1186 hominum
939 1140 1198 1198 tanquam
1230 1131 1504 1200 propriam
1539 1131 1704 1196 petit,
1741 1131 1832 1198 qui
1892 1139 1944 1184 et
2003 1133 2114 1197 ipse
2149 1146 2367 1200 quoque
2410 1131 2725 1200 petitionem
2795 1129 2941 1184 hanc
2986 1128 3286 1184 secundum
3328 1129 3604 1184 divinitati

352 1225 699 1294 c0ujunetam
766 1225 1157 1278 humanitatem
1202 1233 1457 1292 tanquam
1504 1238 1658 1276 suam
1709 1224 1810 1277 sibi
1869 1225 2077 1278 tribuit.
2129 1222 2241 1278 Hoc
2278 1237 2406 1276 vero
2446 1221 2548 1276 fuit
2585 1222 2635 1276 id
2679 1222 2824 1291 quod
2884 1221 3034 1276 carni
3097 1235 3484 1290 compactum,
3547 1233 3608 1276 et

351 1318 632 1373 aﬂectibus
661 1316 958 1369 obnoxium
993 1314 1127 1379 fuit,
1163 1331 1285 1369 cum
1326 1314 1531 1383 alioqui
1575 1313 1917 1367 divinitatem
1978 1329 2164 1369 secum
2217 1313 2446 1366 haberet
2480 1327 2602 1382 qure
2650 1311 2968 1380 petitionem
2995 1309 3141 1365 illius
3173 1320 3347 1365 ratam
3379 1311 3603 1370 faceret.

354 1435 405 1488 L
447 1427 784 1486 PSALMUS
827 1425 1161 1480 XXXVIII.
1227 1425 1291 1478 In
1331 1427 1509 1495 ﬁnem,
1553 1426 1654 1493 ipsi
1687 1423 1923 1479 Idithum

877 1520 1155 1574 Canticum
1205 1518 1396 1571 David.

940 1611 1343 1676 Argumentum.

356 1705 522 1760 Sacer
541 1712 731 1759 cantor
760 1717 882 1756 cum
915 1709 1058 1754 esset
1091 1698 1325 1752 ldithum
1355 1707 1409 1753 et
1431 1698 1744 1768 pr0phetica
1771 1712 1928 1752 coro-

426 1804 584 1849 natus
609 1794 802 1863 gratia,
837 1793 1109 1847 canticum
1150 1789 1316 1844 refert
1341 1791 1404 1842 ad
1439 1805 1727 1858 personam
1757 1790 1926 1859 ipsius
1959 1831 2000 1885 Β

424 1885 614 1952 David,
644 1893 1040 1953 repraesentans
1078 1884 1227 1936 illum
1265 1883 1610 1936 conﬁtentem
1644 1891 1927 1952 peccatum

423 1994 603 2032 suurn.

422 2073 476 2126 2.
522 2071 650 2124 Dixi
673 2070 1146 2126 :Custodiamvias
1181 2085 1343 2123 meas.
1379 2067 1608 2122 Evidens
1626 2068 1928 2123 conlirmati

351 2165 534 2221 cordis
568 2172 969 2233 argumentum.
1014 2161 1176 2215 Posui
1208 2163 1290 2213 ori
1321 2178 1431 2213 meo
1463 2162 1782 2226 custodiam,
1811 2179 1930 2215 cum

352 2257 653 2310 consisteret
699 2263 939 2323 peccator
976 2254 1249 2306 adversum
1303 2270 1400 2310 me.
1445 2253 1703 2309 Astantes
1746 2264 1925 2308 autem

352 2347 458 2417 ipsi
516 2346 827 2416 spirituales
877 2346 1115 2411 inimici,
1189 2355 1471 2414 peccatum
1523 2347 1929 2416 exprobrabant

350 2441 450 2496 illi.

423 2532 473 2585 5.
521 2531 793 2595 Obmutui,
830 2540 879 2584 et
904 2530 1214 2584 humiliatus
1250 2548 1389 2594 sum,
1443 2542 1494 2584 et
1530 2531 1655 2585 silui
1691 2548 1722 2584 a
1757 2531 1926 2584 bonis.

348 2623 646 2690 Conviciis,
667 2625 762 2689 ait,
781 2624 1058 2692 impetitus
1080 2639 1185 2676 non
1212 2624 1460 2678 convicia
1481 2624 1792 2688 reddebam,
1813 2639 1929 2678 cer-

347 2729 486 2767 nens
533 2729 618 2767 me
658 2713 817 2767 bonis
851 2715 1138 2767 excidisse.
1185 2713 1250 2766 Et
1286 2715 1440 2768 dolor
1465 2698 1928 2770 meus‘renouatus

346 2814 444 2857 est.
494 2803 600 2858 Pro
632 2805 988 2872 responsione
1022 2804 1086 2858 ad
1135 2819 1228 2858 eos
1255 2806 1348 2873 qui
1395 2821 1479 2858 me
1505 2806 1769 2860 conviciis
1799 2821 1931 2861 one-

350 2895 564 2959 rabant,
607 2904 825 2964 peccata
853 2896 985 2947 mihi
1012 2895 1114 2964 ipsi
1139 2897 1459 2950 revocabam
1497 2898 1552 2950 in
1585 2898 1924 2951 memoriam.

351 2984 609 3041 Memoria
657 2996 837 3041 autem
873 2988 1080 3056 peccati
1122 2989 1280 3057 quasi
1318 2988 1460 3058 ignis
1501 2989 1554 3042 in
1603 2989 1766 3044 corde
1809 3005 1929 3044 meo

349 3087 486 3132 erat.

2124 1424 2437 1481 ΨΑΛΜΟΣ
2474 1423 2604 1480 ΛΗ’.
2658 1427 2762 1490 Εἰς
2798 1424 2864 1477 τὸ
2910 1424 3103 1491 τέλος,
3143 1424 3388 1496 Ἰδιθοὺμ
3425 1427 3548 1498 ᾠδὴ

2660 1516 2736 1582 τῷ
2769 1517 2974 1571 Δαυτδ.

2663 1608 2983 1675 Ὑπόθεσις.

2038 1697 2384 1770 Ἰεροψάλτης
2411 1697 2672 1770 ὑπάρχων
2717 1697 2969 1768 Ἰδιθοὺμ,
3009 1699 3102 1751 καὶ
3142 1704 3456 1773 προφητικῇ
3501 1703 3609 1771 χά·-

2104 1807 2209 1862 ριτι
2250 1789 2700 1859 κατεστεμμένος,
2735 1789 2876 1859 ᾠδὴν
2909 1789 3286 1855 ἀναϐάλλεται,
3319 1809 3612 1863 προσωπο-

2100 1884 2280 1937 ποιίαν
2310 1883 2574 1954 εἰσφέρων
2604 1881 2766 1935 αὑτοῦ
2797 1882 2888 1936 τοῦ
2917 1881 3084 1937 Δαυῒδ
3111 1881 3607 1957 ὲξομολογουμένου

2099 1977 2192 2029 ἐπὶ
2244 1979 2310 2046 τῇ
2356 1975 2622 2046 ἁμαρτίᾳ.

2094 2064 2268 2120 Εἴπα-
2300 2065 2552 2129 Φυλάξω
2570 2065 2677 2130 τὰς
2711 2063 2890 2130 ὁδούς
2916 2083 3054 2134 μου.
3097 2066 3394 2131 Ἀπόδειξις
3426 2068 3609 2139 σαφὴς

2031 2157 2323 2228 ἱδρυμένης
2363 2157 2609 2227 καρδίας.
2655 2157 2905 2224 Ἐθέμῃν
2935 2154 3014 2220 τῷ
3053 2157 3304 2225 στόματί
3330 2176 3448 2226 μου
3494 2177 3610 2227 φυ-

2027 2250 2227 2318 λακὴν
2248 2251 2316 2304 ἐν
2345 2247 2424 2314 τῷ
2451 2247 2753 2315 συστῆναι
2790 2247 2897 2300 τὸν
2928 2249 3284 2316 ἁμαρτωλὸν
3325 2251 3610 2304 ἐναντίον

2023 2360 2162 2410 μου.
2191 2342 2594 2413 Παριστάμενοι
2617 2340 2724 2411 γάρ
2755 2338 2903 2408 αὐτῷ
2927 2341 2974 2392 οἱ
3007 2343 3188 2411 νοητοὶ
3222 2341 3427 2413 ἐχθροὶ,
3446 2343 3606 2395 ὠνεί-

2027 2433 2170 2498 διζον
2191 2432 2354 2486 αὐτοῦ
2374 2433 2471 2502 τὴν
2502 2431 2790 2502 ἁμαρτίαν»

2113 2521 2484 2591 Ἐκωφώθην,
2515 2522 2611 2574 καὶ
2643 2520 3066 2589 ἐταπεινώθην,
3106 2520 3201 2574 καὶ
3239 2521 3499 2591 ἐσίγησα
3534 2523 3611 2587 ἐξ,

2029 2614 2284 2685 ἀγαθῶν.
2332 2613 2770 2686 Λοιδορούμενος,
2799 2615 2982 2684 φησὶν,
3023 2614 3124 2666 οὐκ
3175 2613 3602 2686 ἀντελοιδόρουν,

2033 2707 2256 2761 συνιδὼν
2279 2707 2375 2777 τὴν
2405 2707 2675 2760 ἔκπτωσίν
2726 2724 2827 2776 μου
2852 2705 2959 2758 τῶν
2995 2705 3237 2774 ἀγαθῶν.
3267 2708 3375 2761 Kal
3401 2708 3464 2760 τὸ
3490 2706 3603 2761 ἆλ-

2030 2798 2187 2870 γιημά
2209 2817 2327 2868 μου
2351 2798 2760 2864 ἀνεκαινίσθημ
2797 2796 2940 2851 Ἀντὶ
2979 2796 3072 2849 τοῦ
3109 2796 3285 2865 λέγειν
3319 2796 3453 2869 πρὸς
3481 2798 3604 2860 τοὺς

2033 2891 2425 2963 λοιδοροῦντας,
2453 2891 2552 2960 τῆς
2603 2889 2876 2960 ἁμαρτίας
2922 2888 3329 2959 ἀνεμίμνησκον
3354 2889 3598 2961 ἐμαυτῷ.

2042 2984 2109 3037 Ἣ
2141 2983 2197 3036 δὲ
2235 2984 2420 3053 μνήμη
2448 2981 2548 3052 τῆς
2579 2981 2851 3053 ἁμαρτίας
2892 2976 2980 3035 οἷα
3025 2980 3136 3052 πῦρ
3187 2982 3314 3053 περὶ
3343 2981 3440 3054 τὴν
3468 3001 3604 3054 καρ-

2027 3074 2146 3128 δίαν
2173 3092 2270 3143 μου
2294 3073 2525 3141 ἐγένετο.

418 3168 472 3222 4.
513 3167 582 3220 Et
625 3169 679 3222 in
719 3169 1058 3223 meditatione
1106 3186 1221 3223 mea
1259 3171 1559 3225 exardescet
1588 3173 1742 3241 ignis.
1785 3172 1920 3227 Dum

2098 3135 2205 3220 Keil
2233 3167 2303 3218 ἐν
2334 3135 2411 3228 τῇ
2449 3162 2672 3234 μελέτῃ
2699 3181 2818 3232 μου
2849 3162 3293 3231 ἐκκαυθήσεται
3323 3163 3464 3232 πῦρ.
3513 3165 3602 3218 Ἑν

348 3261 669 3314 memoriam
701 3261 910 3329 peccati
933 3262 1279 3323 revocabam.
1301 3261 1679 3318 inﬂammabat
1706 3263 1851 3335 igne.

410 3438 464 3492 5.
483 3435 716 3492 Locutus
757 3454 872 3491 sum
898 3440 951 3491 in
976 3437 1157 3508 lingua
1177 3455 1312 3504 mea,
1335 3448 1438 3494 etc.
1462 3439 1620 3504 Illud,
1641 3441 1694 3494 in
1718 3441 1920 3512 lingua,

347 3529 507 3600 quasi
542 3530 713 3596 dicas,
750 3529 985 3585 demissa
1012 3547 1139 3585 voce
1168 3541 1221 3584 et
1250 3532 1407 3602 quasi
1442 3533 1799 3599 susurrando,
1827 3550 1925 3588 nec

347 3621 416 3674 ad
470 3621 670 3674 multos
717 3635 1024 3676 sermonem
1077 3621 1377 3691 proferens.
1419 3624 1691 3678 C:cterum
1741 3641 1923 3680 sermo

347 3711 439 3764 ille
468 3713 820 3780 interrogatio
843 3722 960 3766 erat
990 3714 1056 3768 de
1077 3715 1268 3769 diebus
1300 3716 1392 3784 qui
1426 3718 1525 3786 ipsi
1557 3729 1920 3786 superessent.

347 3801 740 3856 Sciscitabatur
769 3813 970 3864 autem.
999 3807 1139 3860 scire
1169 3817 1460 3876 peroptans
1497 3826 1625 3862 num
1654 3811 1754 3879 ipsi
1789 3811 1923 3865 resi-

345 3895 513 3949 duum
545 3900 665 3950 vitae
702 3905 913 3965 tempus
944 3895 1083 3951 foret
1107 3898 1172 3951 ad
1215 3901 1590 3968 pamirentiam
1629 3905 1781 3956 satis.

418 3986 472 4040 6.
507 3985 642 4040 Ecce
686 3989 1063 4044 mensurabiles
1101 3993 1324 4059 posuisti
1358 3992 1468 4045 dies
1500 4009 1662 4059 meos,
1711 4002 1759 4046 et
1801 3995 1924 4046 sub-

343 4080 544 4133 stantia
571 4096 684 4134 mea
717 4093 968 4152 tanquam
992 4084 1216 4136 nihilum
1264 4095 1385 4138 ante
1430 4098 1498 4139 te.
1546 4085 1797 4151 Etiamsi,
1841 4087 1925 4140 in-

345 4172 484 4238 quit,
521 4171 678 4242 longa
712 4174 894 4227 adhuc
925 4175 1058 4227 mihi
1102 4175 1208 4228 vita
1238 4176 1566 4244 superforet,
1599 4179 1756 4246 quasi
1789 4179 1925 4232 nihil

349 4261 405 4314 in
431 4275 724 4331 conspectu
752 4274 845 4317 tuo
883 4265 1242 4333 reputabitur.
1281 4265 1336 4319 Si
1364 4281 1598 4334 namque
1629 4267 1774 4321 mille
1797 4268 1924 4321 anni

345 4360 472 4406 ante
521 4354 708 4409 oculos
776 4362 901 4409 tuos
953 4365 1213 4425 tanquam
1279 4357 1397 4411 dies
1427 4373 1556 4422 una,
1593 4359 1720 4428 quid
1761 4359 1924 4414 fuerit

344 4453 559 4513 tempus
602 4446 838 4501 hominis
887 4447 1086 4500 unius?
1129 4446 1182 4500 ld
1215 4463 1434 4502 rursum
1463 4450 1823 4520 Symmachus
1847 4452 1926 4505 sic

2021 3258 2098 3329 τῷ
2132 3255 2639 3327 ἀναμιμνήσκεσθαί
2690 3273 2755 3326 με
2797 3255 2891 3308 τοῦ
2947 3255 3366 3326 ἁμαρτήματος,
3412 3256 3600 3328 φησὶν,

2025 3349 2288 3420 ὲκαιόμην
2315 3348 2467 3420 πυρί.

2110 3440 2419 3508 Ἐλάλησα
2473 3441 2541 3493 ἐν
2600 3438 2849 3508 γλώσσῃ
2896 3456 3016 3507 μου
3040 3455 3052 3468 ·
3091 3439 3401 3506 Γνὼρισόν
3447 3455 3552 3508 μοι
3586 3478 3606 3501 ,

2024 3534 2220 3601 Κύριε,
2251 3533 2318 3586 τὸ
2345 3532 2528 3599 πέρας
2552 3549 2690 3601 μου.
2728 3531 2822 3596 Τὸ,
2851 3531 2921 3583 ἐν
2953 3531 3226 3601 γλώσσῃ,
3258 3526 3366 3584 οἷον
3413 3530 3604 3602 ἠρέμα

2027 3626 2121 3679 καὶ
2150 3624 2469 3696 ψιθυρίζων,
2500 3625 2592 3676 καὶ
2627 3622 2700 3693 μὴ
2729 3624 2808 3686 είς
2849 3623 3076 3684 πολλοὺς
3106 3622 3351 3693 ἐκφέρων
3381 3621 3472 3674 τὸν
3513 3619 3604 3673 λό-

2026 3734 2142 3784 γον.
2191 3717 2245 3769 Ὀ
2275 3717 2330 3769 δὲ
2355 3715 2513 3784 λόγος
2537 3714 2804 3785 ἐρώτησις
2823 3711 2891 3785 ἦν
2917 3715 3045 3786 περὶ
3075 3713 3181 3767 τῶν
3214 3712 3416 3779 λοιπῶν
3466 3715 3605 3784 ἡμε-

2028 3807 2158 3879 ρῶν.
2206 3806 2420 3877 Ἦρώτα
2485 3807 2562 3870 δὲ,
2613 3806 2806 3878 μαθεῖν
2860 3808 3178 3878 βουλόμενος
3220 3809 3268 3860 εἰ
3316 3808 3603 3880 ἐξαρκέσει

2025 3895 2173 3964 αὐτῷ
2212 3897 2291 3959 είς
2320 3896 2608 3966 μετάνοιαν
2641 3899 2668 3949 ὁ
2693 3897 2877 3961 λοιπὸς
2909 3898 3017 3950 τῶν
3053 3897 3275 3968 ἡμερῶν
3303 3899 3515 3968 χρόνος.

2109 3988 2264 4041 Ἰδοὺ
2287 3990 2627 4054 παλαιστὰς
2668 3990 2806 4043 ἔθου
2839 3993 2946 4057 τὰς
2984 3990 3210 4059 ἡμέρας
3235 4009 3351 4060 μου
3376 4006 3390 4020 ο
3430 3990 3530 4044 καὶ
3565 3991 3606 4058 ἠ

2023 4079 2362 4143 ὑπόστασις
2382 4096 2501 4147 μου
2549 4080 2691 4133 ὡσεὶ
2740 4080 2920 4134 οὐθὲν
2955 4079 3214 4133 ἐνώπιόν
3235 4094 3375 4134 σου.
3410 4080 3474 4132 Et
3508 4083 3608 4133 καὶ

2027 4172 2107 4232 εἰς
2139 4170 2332 4240 μῆκος,
2371 4172 2524 4239 φησὶ,
2561 4171 2873 4242 παρατείνει
2900 4188 2988 4241 μοι
3021 4171 3154 4242 ζωὴ,
3187 4172 3262 4234 ὡς
3309 4171 3459 4224 οὐδὲν
3513 4173 3608 4224 ὲν-

2026 4260 2198 4316 ὡπιόν
2240 4280 2331 4315 σου
2365 4262 2764 4334 λογισθήσεται.
2788 4263 2849 4316 Et
2878 4263 2986 4335 γὰρ
3016 4262 3160 4334 χίλια
3193 4263 3286 4334 έτη
3310 4265 3367 4316 ὲν
3399 4261 3605 4331 ὀφθαλ-

2031 4357 2151 4426 μοῖς
2181 4372 2273 4408 σου
2305 4355 2381 4418 ὡς
2414 4355 2595 4426 ἡμέρα
2629 4354 2749 4424 μία,
2794 4355 2848 4408 τί
2884 4355 2950 4408 ἂν
2995 4357 3079 4427 εἴη
3118 4357 3306 4426 χρόνος
3347 4355 3464 4418 ἑνὸς
3506 4358 3607 4410 ἀν-

2028 4447 2245 4519 θρώπου
2271 4465 2285 4510 ;
2313 4446 2486 4500 Τοῦτο
2530 4447 2690 4500 πάλιν
2723 4447 2751 4498 ὁ
2785 4447 3078 4518 Σύμμαχος
3115 4447 3285 4510 οὕτως
3325 4449 3606 4519 ήρμήνευ-
3659 4453 3668 4471 ⁸

346 4535 729 4604 interpretatus
773 4545 858 4592 est
901 4558 913 4593 :
949 4538 1082 4592 Ecce
1123 4541 1274 4610 quasi
1323 4541 1528 4608 palmas
1577 4541 1768 4597 dedisti
1815 4543 1924 4598 dies

2040 4557 2120 4593 τεν
2142 4556 2154 4570 ·
2205 4539 2350 4594 Ἰδοὺ
2390 4540 2469 4605 ὡς
2500 4540 2803 4608 σπιθαμὰς
2821 4540 3047 4605 ἔδωκας
3079 4540 3186 4605 τὰς
3217 4539 3440 4609 ἡμέρας
3456 4559 3603 4609 μου,

344 4641 520 4690 meos,
570 4638 620 4682 et
666 4632 777 4682 vita
815 4647 931 4684 mea
971 4640 1222 4701 tanquam
1274 4632 1498 4686 nihilum
1543 4634 1599 4686 in
1648 4645 1924 4704 conspectu

346 4730 457 4772 tuo.
502 4718 583 4773 Tu
616 4737 850 4790 namque
883 4723 1000 4777 sine
1031 4725 1186 4779 initio
1214 4741 1272 4780 es
1311 4734 1364 4779 et
1406 4726 1526 4780 sine
1569 4727 1696 4792 line,
1738 4738 1924 4783 nostra

345 4824 524 4866 autem
559 4815 666 4866 vita
690 4829 785 4867 ceu
808 4815 1132 4882 quihusdam
1167 4819 1362 4886 palmis
1391 4828 1444 4872 et
1472 4821 1746 4875 mensuris
1774 4838 1926 4876 men-

345 4919 407 4959 sa
442 4912 542 4958 est.
596 4903 690 4960 His
720 4907 1038 4962 brevitatem
1085 4908 1326 4965 declarat
1358 4911 1610 4966 humanae
1637 4913 1779 4967 vitae.

413 5083 464 5137 7.
507 5083 874 5138 Verumtamen
898 5087 1140 5141 universa
1183 5091 1412 5154 vanitas,
1460 5093 1626 5144 onmis
1662 5093 1815 5145 homo
1853 5093 1924 5147 vi-

344 5189 486 5227 vens.
529 5172 899 5230 Verumtamen
929 5177 982 5229 in
1018 5177 1246 5246 imagine
1293 5183 1580 5249 pertransit
1617 5181 1801 5246 homo,
1832 5185 1923 5236 sed

343 5277 396 5322 et
433 5267 637 5337 frustra
670 5269 1037 5326 conturbatur.
1076 5271 1132 5324 Si
1172 5281 1352 5325 autem
1417 5274 1469 5326 in
1507 5273 1763 5344 imagine,
1812 5290 1920 5328 non

346 5362 401 5415 in
430 5362 654 5417 veritate
682 5363 975 5431 pertransit
998 5362 1182 5427 homo,
1215 5365 1338 5432 jure
1369 5365 1661 5419 vanitatem
1701 5367 1918 5435 praemi-

344 5455 436 5514 sit,
471 5452 690 5521 quando
724 5470 831 5507 non
878 5470 1062 5509 veram
1109 5455 1274 5510 vitam
1322 5458 1693 5524 transigimus,
1733 5460 1825 5513 sed
1863 5460 1918 5513 in

345 5543 578 5613 quadam
604 5545 858 5614 imagine,
902 5562 1076 5611 neque
1123 5549 1236 5601 veri
1289 5548 1416 5602 boni
1460 5549 1642 5604 studio
1685 5550 1916 5616 agimur,

347 5650 516 5706 quare
541 5634 741 5691 frustra
767 5639 1182 5694 conturbamur.
1219 5640 1362 5705 Vita,
1385 5641 1580 5710 inquit,
1605 5657 1792 5695 eorum
1825 5642 1919 5711 qui

346 5725 402 5795 ip
426 5733 569 5781 terra
598 5727 819 5799 degunt,
839 5731 1038 5800 quippe
1060 5746 1181 5800 qua:
1207 5730 1260 5785 in
1293 5732 1646 5787 saecularibus
1670 5740 1918 5788 versetur

346 5816 514 5886 curis,
545 5817 666 5889 jure
695 5819 905 5877 vanitas
928 5821 1246 5880 aestimetur.
1271 5822 1368 5879 Vel
1400 5823 1479 5880 sic
1517 5842 1528 5878 :
1559 5823 1760 5880 Omnes
1792 5806 1915 5881 vitae

2029 4632 2127 4687 καὶ
2162 4634 2198 4700 ή
2229 4633 2450 4698 βίωσὶς
2482 4650 2600 4701 μου
2625 4633 2704 4698 ὠς
2727 4632 2908 4685 οὐδὲν
2927 4631 3208 4700 ἄντικρύς
3228 4649 3362 4685 σου.
3402 4633 3473 4686 Σὺ
3501 4634 3604 4704 μὲν

2027 4724 2136 4796 γὰρ
2162 4725 2393 4795 ἄναρχος
2420 4724 2510 4777 καὶ
2540 4723 2845 4794 ἀπέραντος
2870 4741 2883 4752 ·
2915 4727 2942 4776 ὁ
2971 4724 3026 4776 δὲ
3052 4724 3317 4794 ἡμέτερος
3348 4723 3460 4793 βίος
3488 4719 3604 4778 οἷόν

2026 4833 2134 4868 τισι
2191 4816 2490 4884 σπιθαμαῖς
2533 4816 2626 4868 καὶ
2658 4815 2979 4877 παλαισταῖς
3020 4815 3448 4888 ὲκμεμέτρηται.
3493 4818 3598 4871 Διὰ

2026 4906 2216 4960 τούτου
2251 4906 2602 4978 παρεδήλωσε
2632 4908 2694 4960 τὸ
2723 4907 3084 4978 ὀλιγοχρόνιον
3124 4908 3223 4977 τῆς
3253 4909 3603 4979 ἀνθρωπίνης

2027 4998 2194 5067 ζωῆς.

2095 5091 2269 5157 Πλὴν
2296 5089 2367 5143 τὰ
2393 5092 2716 5158 σύμπαντα
2743 5093 3098 5160 ματαιότης,
3131 5091 3248 5158 πᾶς
3287 5093 3601 5160 ἅνθρωπος

2027 5177 2156 5239 ζῶν.
2185 5181 2471 5251 Μέντοιγε
2495 5181 2564 5234 ἐν
2585 5184 2774 5235 εἰκόνι
2811 5182 3219 5250 διαπορεύεται
3265 5181 3598 5251 ἅνθρωπος,

2024 5271 2192 5339 πλὴν
2215 5272 2414 5340 μάτην
2446 5273 2829 5342 ταράσσεται.
2877 5276 2941 5327 Εἰ
2975 5275 3051 5340 δὲ,
3091 5277 3274 5346 φησὶν,
3313 5277 3369 5328 ὲν
3403 5275 3597 5342 εἰκόνι,

2024 5363 2118 5415 καὶ
2163 5365 2261 5416 οὐκ
2293 5367 2349 5417 ἐν
2384 5365 2611 5436 ἀληθεία
2676 5366 2966 5438 πορεύεται
3013 5369 3326 5438 ἄνθρωπος,
3371 5368 3600 5430 εἰκότως

2026 5458 2358 5528 ματαιότητα
2384 5462 2662 5529 προεῖπεν·
2701 5459 2888 5531 ἐπειδὴ
2917 5460 2977 5512 οὐ
3016 5458 3112 5529 τὴν
3142 5458 3400 5530 ἀληθινὴν
3425 5458 3594 5529 ζωὴν,

2021 5549 2132 5602 ἀλλ’
2188 5552 2245 5602 ὲν
2294 5550 2461 5602 εἰκόνι
2493 5553 2617 5604 τινί·
2667 5552 2788 5604 οὐδὲ
2824 5552 2924 5622 τὴν
2969 5549 3202 5620 σπουδὴν
3252 5550 3361 5603 τῶν
3424 5550 3597 5603 ὄντων

2023 5640 2240 5708 ἀγαθῶν
2269 5641 2528 5705 ποιοῦμεν
2554 5658 2566 5670 ·
2617 5643 2697 5696 διὸ
2729 5645 2823 5696 καὶ
2873 5645 3048 5716 μάτην
3079 5642 3478 5728 ταραττόμεθα.
3536 5643 3596 5695 '0

2025 5730 2155 5798 βίος,
2191 5732 2345 5802 φησὶ,
2381 5731 2489 5782 τῶν
2520 5733 2611 5784 ἐπὶ
2637 5733 2758 5801 γῆς,
2799 5732 2894 5786 ἆτε
2945 5732 3072 5802 περὶ
3117 5730 3401 5802 φροντίδας
3437 5744 3596 5799 στρε-

2022 5824 2251 5893 φόμενος
2278 5823 2569 5896 κοσμικὰς,
2604 5825 2814 5896 κριθείη
2844 5823 2911 5878 ἂν
2933 5824 3251 5896 ματαιότης.
3285 5823 3354 5876 Ἦ
3379 5819 3590 5887 οὕτωςιε
