3872 6216
201 332 323 388 189

1302 321 1663 381 EXPOSiTlO
1703 323 1770 381 lN
1811 324 2139 384 PSALMUM
2178 329 2421 384 XXXIX.

3349 335 3452 390 190

198 446 509 514 Σύμπαντα
543 441 611 494 τά
655 441 750 512 ἔτη
797 441 894 511 τῆς
939 441 1210 511 ἡμετέρας
1246 439 1388 511 ζωῆς
1420 439 1584 509 ἀτμίς
1635 442 1762 492 ἐστι’

1886 454 2083 497 nostra:
2113 442 2238 496 anni
2276 457 2443 511 vapor
2483 449 2610 496 sunt
2641 441 2692 495 in
2731 451 3020 512 conspectu
3059 452 3174 508 tuo,
3204 461 3329 499 nam
3352 461 3453 516 pro

195 534 443 588 ἐνώπιόν
492 550 621 587 σου·
669 533 790 585 ἀντὶ
831 532 937 602 γάρ
967 533 1362 599 ματαιότητος
1411 531 1439 582 ὁ
1488 530 1783 600 Σύμμαχος

195 629 384 696 ἀτμὶς
410 624 657 691 ἐξέδωκε.
694 622 1060 692 Θησαιιοίζει,
1105 621 1202 675 καὶ
1245 623 1316 676 οὐ
1357 623 1635 691 γινώσκει
1666 623 1784 676 τίνι

195 717 463 780 συνάξει
491 715 664 770 αὐτά.
706 714 924 785 Ἐπειδὴ
955 715 1014 766 ού
1057 715 1156 784 τὴν
1189 712 1364 782 ἀληθῆ
1417 711 1597 783 ζῶμεν
1640 712 1782 784 ζωὴν

193 807 328 871 νῦν,
356 806 488 860 ἀλλὰ
511 806 608 876 τὴν
629 806 704 868 ὡς
731 807 788 857 ὲν
820 805 1021 857 εἰκόνι·
1051 804 1171 856 οὐδὲ
1196 821 1262 855 πε
1273 803 1324 874 pl.
1350 801 1417 854 τὰ
1447 803 1616 866 ὅντως
1650 805 1784 871 ἁγα-

195 898 272 952 θὰ
305 898 603 968 ποιούμεθα
635 897 734 967 τὴν
785 897 1055 966 σπουδήνο
1099 895 1179 948 δ;δ
1222 894 1397 964 μάτην
1439 894 1784 964 ταρασσόμε-

195 990 299 1054 θα,
333 991 462 1060 περὶ
489 990 587 1052 τὰς
616 987 886 1058 κοσμικὰς
909 987 1203 1056 ἐπιθυμίας
1248 985 1624 1057 στρεφόμενοι,
1655 1003 1780 1040 συν-

192 1083 433 1151 ἀγοντες
460 1081 785 1152 θησαυροὺς,
805 1074 888 1132 ὧν
914 1080 1012 1132 οὐκ
1048 1079 1202 1148 ἴσμεν
1231 1078 1523 1148 διαδόχους.

270 1174 385 1226 Kal
415 1173 532 1226 νῦν
561 1173 652 1237 τίς
678 1173 716 1239 ἠ
747 1169 1018 1240 ὑπομονὴ
1053 1186 1213 1238 μου;
1241 1171 1376 1238 οὐχὶ
1405 1170 1656 1237 Κύριος;
1682 1171 1778 1222 Εἰ-

187 1265 377 1327 κότως
413 1265 511 1334 τὴν
538 1263 726 1314 ἐλπίδα
762 1262 856 1314 ἐπὶ
890 1261 1091 1330 Κύριον
1126 1260 1268 1330 ἔχειν
1303 1263 1486 1331 φησιν,
1534 1262 1630 1314 ἆτε
1674 1279 1774 1314 κα-

185 1352 431 1419 ταγνοὺς
453 1350 562 1404 τῶν
600 1353 656 1403 ἐν
685 1350 785 1420 βίῳ
820 1349 1241 1420 περισπασμῶν.
1275 1349 1385 1402 Καὶ
1437 1352 1470 1418 ἡ
1511 1351 1776 1404 ὑπόστα-

186 1443 301 1508 σίς
324 1459 444 1511 μου
495 1443 654 1510 παρὰ
699 1442 800 1494 σοι
835 1441 1024 1494 ἐστιν.
1085 1439 1152 1491 Ἠ
1202 1439 1524 1510 προσδοκία,
1575 1441 1691 1510 ἦτοι
1739 1443 1772 1512 ἡ

186 1539 469 1608 ὑπομονὴ.

267 1628 544 1694 Ὀνειδος
587 1626 799 1695 ἄφρονι
831 1625 1063 1691 ἔδωκάς
1093 1643 1190 1694 με.
1243 1624 1334 1694 Μὴ
1369 1623 1621 1696 παραδῷς
1679 1643 1769 1694 με,

183 1722 385 1791 φησὶν,
423 1722 499 1783 είς
545 1719 867 1789 όιειδισμὺν,
915 1716 1002 1771 διὰ
1054 1717 1114 1769 τὸ
1162 1718 1240 1780 είς
1271 1716 1369 1786 ἐμὲ
1419 1713 1556 1768 εἷναί
1592 1732 1650 1768 σε
1679 1716 1773 1769 τὸν

181 1813 375 1882 λοιδορ
387 1829 627 1881 οιεμενον.

274 1899 649 1968 Ἐκωρώθην,
681 1901 776 1953 καὶ
805 1901 916 1952 οὐκ
946 1896 1159 1966 ἤνοιξα
1183 1897 1251 1950 τὸ
1281 1898 1474 1967 στόμα
1497 1917 1637 1968 μου,
1678 1899 1766 1951 ὅτι

183 1992 272 2046 σὺ
304 1993 624 2059 ἐποίησας.
667 1991 1108 2063 Λοιδορούμενος,
1145 1991 1330 2062 φησὶν,
1365 1991 1582 2060 ἐσίγων,
1611 1991 1766 2056 εἰδὼς

182 2083 444 2154 ἀκριϐῶς
481 2085 609 2154 περὶ
641 2084 830 2154 αὐτῆς,
862 2085 944 2136 ὅτι
980 2083 1042 2134 σὺ
1073 2078 1124 2135 εἴ
1147 2085 1174 2135 ὁ
1206 2083 1474 2152 τιμωρίας
1502 2083 1617 2154 ἤτοι
1648 2102 1770 2138 παι-

178 2174 340 2236 δείας
372 2174 532 2244 χάριν
569 2173 735 2238 τάξας
767 2190 832 2243 με
879 2175 958 2234 είς
983 2173 1112 2226 αὐτὸ
1149 2172 1306 2226 τοῦτο
1337 2174 1704 2238 ὀνειδίζεσθαι.

272 2265 654 2331 Ἆπόστησον
703 2264 802 2316 ἀπ’
847 2263 990 2332 ἐμοῦ
1014 2263 1120 2328 τὰς
1148 2262 1444 2332 μάστιγάς
1485 2280 1621 2318 σου.
1654 2265 1764 2328 Τὰς

178 2355 486 2426 γινομένας
514 2355 664 2424 αὐτῷ
709 2355 860 2428 παρὰ
893 2356 1002 2407 τῶν
1035 2355 1303 2424 δαιμόνων
1361 2356 1629 2427 τιμωρίας
1675 2356 1765 2408 λέ-

177 2464 294 2514 γει,
329 2448 393 2499 οὐ
420 2443 830 2518 συγχωροῦντος
858 2447 1039 2510 αὐτοῖς
1078 2447 1173 2500 τοῦ
1207 2445 1361 2499 Θεοῦ.
1392 2446 1549 2517 (Reg.
1581 2449 1603 2500 1
1645 2449 1763 2518 sic.)

175 2521 295 2603 Τάς
330 2541 624 2610 γινομένας
658 2538 804 2608 αὐτῷ
851 2539 1000 2608 παρὰ
1041 2539 1147 2591 τῶν
1185 2539 1452 2608 δαιμόνων
1495 2540 1766 2610 τιμωρίας

175 2633 342 2704 παρὰ
371 2632 464 2685 τοῦ
512 2630 647 2684 Θεοῦ
693 2631 862 2698 λέγει,
916 2631 992 2694 ὡς
1037 2631 1442 2702 συγχωροῦντος
1472 2631 1633 2684 αὑτὸν
1677 2633 1764 2685 διὰ

173 2725 280 2794 τὴν
305 2723 587 2794 ἁμαρτίαν
606 2722 817 2776 παθεῖν.
836 2721 977 2776 Ἀπὸ
1008 2722 1117 2791 γὰρ
1142 2722 1250 2790 τῆς
1267 2723 1480 2791 ίσχὺος
1509 2722 1618 2789 τῆς
1645 2741 1764 2792 χει-

165 2815 286 2882 ρός
304 2830 428 2867 σου
454 2813 567 2883 ἐγὼ
588 2812 887 2876 ἐξέλιπον.
909 2812 1172 2876 Πολλάκις
1192 2814 1292 2882 ἠδη
1308 2814 1405 2884 τὴν
1425 2813 1756 2875 κολάζουσαν

168 2905 412 2976 δύναμιν
451 2908 606 2975 χεῖρα
634 2903 728 2957 τοῦ
775 2904 908 2956 Θεοῦ
947 2904 1197 2971 λέγεσθαι
1240 2904 1748 2974 ἐμνημονεύσαμεν.

1886 533 2136 598 vanitate,
2163 548 2401 600 vaporem
2419 532 2584 586 edidit
2607 531 2983 604 Symmachus.
3013 532 3377 599 Tltesaurizat,
3399 549 3449 590 et

1882 625 2090 693 ignorat
2126 625 2212 676 cui
2259 623 2592 693 congregabit
2617 641 2698 678 ea.
2732 623 2998 690 Quoniam
3035 626 3087 679 in
3116 626 3219 681 hoc
3247 629 3452 682 mundo

1882 732 1992 770 non
2035 732 2162 770 vera
2205 715 2439 769 vivimus
2476 716 2606 780 vita,
2636 715 2726 770 sed
2760 717 2919 784 quasi
2964 715 3018 770 in
3056 717 3325 786 imagine:
3354 733 3452 771 ne-

1881 822 1986 876 que
2019 806 2172 861 deiis
2196 821 2316 875 qua:
2333 822 2458 860 vere
2488 807 2629 861 bona
2663 815 3080 868 suntcuramus,
3105 802 3226 862 ideo
3243 807 3446 862 frustra

1879 899 2292 963 conturbamur,
2337 897 2467 950 dum
2507 897 2558 950 in
2589 898 2942 952 saecularibus
2978 913 3260 952 versamur
3301 898 3446 952 desi-

1879 987 2067 1052 deriis,
2103 996 2157 1042 et
2199 988 2487 1042 thesauros
2514 989 2838 1058 colligimus,
2871 1003 3099 1058 quorum
3132 989 3445 1060 ignoramus

1877 1077 2138 1132 hacredcs.

1946 1167 1997 1223 8.
2025 1167 2094 1219 Et
2124 1183 2260 1220 nunc
2286 1184 2402 1237 qua:
2430 1177 2506 1221 est
2539 1171 2856 1238 exspectatio
2887 1187 3022 1235 mea,
3059 1188 3224 1226 nonne
3259 1172 3445 1228 Domi-

1877 1259 2016 1310 nus?
2046 1257 2176 1312 Jure
2210 1274 2268 1313 se
2311 1275 2461 1328 spem
2494 1261 2546 1314 in
2580 1261 2868 1316 Dominum
2900 1265 3193 1332 repositam
3236 1265 3311 1318 ait
3340 1266 3442 1319 lia-

1875 1350 2024 1414 here,
2050 1359 2235 1419 utpote
2271 1351 2364 1420 qui
2399 1353 2784 1408 distractiones
2805 1352 2968 1422 hujus
2987 1355 3108 1408 vita:
3128 1365 3439 1426 cognoscat.

1876 1441 1945 1494 Et
1975 1441 2274 1495 substantia
2298 1459 2412 1496 mea
2437 1445 2574 1512 apud
2597 1455 2646 1498 te
2663 1445 2833 1500 est.‘ld
2850 1455 2931 1501 est
2949 1448 3299 1517 exspectatio,
3329 1449 3442 1502 sive

1872 1534 2125 1603 pauenda

1943 1629 1996 1682 9.
2027 1628 2374 1698 Opprobrium
2399 1631 2666 1699 insipienti
2685 1631 2876 1685 dedisti
2902 1648 2998 1686 me.
3025 1631 3100 1686 Ne
3126 1632 3308 1687 tradas
3332 1647 3438 1696 mc,

1873 1720 2068 1790 inquit,
2104 1723 2159 1775 in
2206 1723 2594 1792 opprobrium:
2633 1739 2698 1778 eo
2732 1724 2876 1794 quod
2912 1733 2967 1778 tu
2999 1723 3054 1777 in
3109 1739 3195 1778 me
3224 1724 3300 1779 sis
3345 1725 3439 1794 qui

1796 1796 1840 1852 Β
1867 1815 2174 1885 opprobriis
2218 1816 2483 1870 oneraris.

1937 1905 2022 1960 10.
2045 1906 2345 1974 ,Obmutni,
2371 1918 2420 1961 et
2450 1924 2551 1962 non
2574 1911 2754 1978 aperui
2785 1926 2840 1962 os
2887 1925 3078 1975 meum,
3108 1911 3353 1980 quoniam
3382 1919 3438 1962 tu

1871 1999 2060 2067 fecisti.
2094 1999 2370 2056 Conviciis
2395 2002 2692 2070 impetitus,
2734 2001 2929 2070 inquit,
2967 2001 3232 2064 tacebam,
3272 2001 3438 2069 probe

1870 2107 2071 2161 gnarus
2110 2101 2162 2146 te
2203 2108 2321 2146 esse
2359 2094 2448 2162 qui
2496 2108 2583 2146 me
2631 2094 2880 2162 supplicii
2933 2102 3027 2147 aut
3061 2092 3439 2163 castigationis

1870 2198 2034 2238 causa
2086 2181 2154 2236 ad
2186 2181 2452 2250 ejusmodi
2487 2185 2776 2252 opprobria
2816 2183 3120 2238 destinasti.

1939 2273 2024 2326 11.
2057 2272 2249 2325 Amove
2271 2289 2302 2324 a
2324 2289 2403 2324 me
2430 2273 2612 2342 plagas
2640 2283 2777 2326 tuas.
2813 2273 3047 2326 lnﬂictas
3085 2272 3293 2327 scilicet
3330 2269 3438 2326 sibi

1865 2377 2054 2431 poenas
2079 2379 2107 2416 a
2141 2363 2498 2424 daemonibus,
2549 2378 2578 2416 a
2613 2361 2722 2415 Deo
2754 2377 2876 2416 esse
2918 2361 3069 2426 dicit,
3120 2370 3300 2429 mpote
3339 2359 3435 2428 qui

1864 2455 2193 2508 concesserit
2231 2469 2354 2507 eum
2390 2453 2595 2521 peccati
2637 2468 2801 2507 causa
2839 2452 3099 2520 torqueri.
3133 2452 3178 2504 A
3216 2451 3433 2520 fortitu-

1862 2545 1982 2597 dine
2019 2545 2156 2597 enim
2206 2560 2391 2597 manus
2446 2552 2550 2596 tua:
2589 2559 2679 2612 ego
2725 2542 2912 2610 defeci.
2959 2539 3283 2608 Plerumque
3317 2538 3432 2606 jam

1862 2635 2108 2689 ultricem
2133 2636 2382 2699 virtutem
2416 2649 2635 2688 manum
2665 2633 2755 2686 Dei
2779 2634 2956 2687 vocari
2981 2631 3427 2686 memoravimus.

1860 2722 1964 2790 Qui
1987 2741 2108 2778 cum
2143 2726 2338 2780 acriter
2366 2724 2616 2794 ﬂagellat,
2641 2723 2819 2777 delicit
2841 2723 2933 2792 qui
2953 2725 3269 2791 castigatur,
3293 2735 3430 2787 qua-

1863 2822 2020 2870 tenus
2044 2816 2164 2870 talis
2189 2824 2293 2879 est,
2328 2815 2533 2870 scilicet
2557 2814 2825 2877 inﬁrmus,
2857 2815 2948 2882 qui
2976 2828 3084 2867 non
3127 2813 3220 2866 diu
3260 2811 3433 2864 valeat

1857 2907 2082 2961 verbera
2120 2909 2365 2962 tolerare.

170 3001 353 3053 Ὄταν
378 3000 576 3062 αὐτοὺς
613 2998 845 3070 ἰσχυρῶς
881 2999 1147 3070 μαστίζῃ,
1192 2999 1434 3051 ἐκλείπει
1479 2999 1507 3050 ὁ
1540 2998 1919 3069 κολαζόμενος,
1977 3001 2110 3055 καθὸ
2149 3001 2390 3066 τοιοῦτός
2441 2983 2609 3066 ἐστιν,
2659 3000 2891 3071 ἀσθενὴς
2943 2999 3180 3071 δηλονότι
3227 2997 3429 3067 καὶμὴ

165 3093 480 3161 δυνάμενος
511 3093 596 3158 ἐφ’
639 3091 822 3144 ἱκανὸν
851 3091 1096 3159 ἀντέχειν
1129 3090 1265 3164 πρὸς
1301 3090 1584 3160 μάστιγας.

241 3183 454 3256 [Πλὴν
476 3181 677 3250 μάτην
702 3180 1125 3250 ταράσσονται.
1188 3181 1247 3233 '0
1295 3182 1351 3233 ὲν
1396 3181 1595 3253 ἀνομίᾳ
1625 3184 1755 3250 ζῶν,

167 3276 247 3341 ὡς
274 3277 379 3330 καὶ
413 3274 669 3344 τοιαύτης
699 3274 944 3336 παιδείας
975 3272 1293 3344 δεηθῆναι.]

255 3367 364 3418 Ἐν
392 3364 665 3432 ἐλεγμοῖς
694 3363 846 3432 ὑπὲρ
877 3365 1125 3432 ἀνομίας
1147 3364 1512 3429 ἐπαίδευσας
1539 3363 1759 3433 ἅνθρω-

170 3470 317 3511 xor.
372 3455 640 3526 Ἐλέγχων
687 3472 776 3526 με,
812 3455 997 3525 φησὶν,
1041 3456 1132 3507 ἐπὶ
1173 3458 1238 3526 τῇ
1289 3457 1553 3528 ἁμαρτίᾳ,
1602 3459 1760 3510 ἐπαί-

171 3548 397 3608 δεύσας.

247 3638 376 3706 Τῆς
403 3635 667 3703 δεήσεὼς
693 3654 812 3706 μου
839 3636 1134 3689 ἐνώτισαι.
1174 3637 1319 3689 Ἀντὶ
1349 3636 1462 3700 τοῦ,
1496 3637 1758 3690 Είσάκου-

175 3749 289 3794 σον,
329 3733 424 3783 καὶ
474 3729 827 3800 συγχώρησον
857 3729 955 3799 τὴν
995 3727 1270 3798 ἁμαρτίαν
1305 3729 1410 3800 πρὸ
1441 3729 1538 3798 τῆς
1567 3729 1754 3780 τελευ-

171 3823 297 3891 τῆς.
336 3819 551 3891 [Τοῦτο
596 3819 706 3890 γὰρ
753 3819 1006 3890 σημαίνει
1038 3835 1051 3848 ο
1093 3821 1210 3871 Ὅτι
1244 3817 1528 3887 πάροικος
1576 3818 1754 3890 clpa]

177 3917 356 3979 Ἀνες
383 3930 507 3982 μοι,
552 3913 654 3965 ἵνα
695 3910 1006 3978 ἀναψύξω.
1040 3910 1153 3977 Πρὸ
1184 3910 1286 3980 τῆς
1329 3911 1584 3981 τελευτῆς
1633 3929 1754 3979 μου,

175 4007 368 4076 φησιν,
401 4003 686 4076 ἁμαρτιῶν
716 4003 992 4073 πάρασχον
1019 4003 1240 4071 ἄφεσιν,
1294 4003 1378 4056 ἵνα
1413 4002 1630 4073 θαρρῶν
1674 4004 1754 4065 εἰς

173 4099 306 4170 ᾅδου
340 4096 717 4168 πορεύσωμαι.
749 4095 857 4148 Καὶ
907 4095 1104 4148 οὐκέτι
1119 4093 1375 4162 ὑπάρξω.
1401 4095 1512 4164 Ούχ
1535 4093 1759 4164 ὑπάρξω

175 4189 424 4252 τοιοῦτος
454 4183 563 4250 οἷος
599 4188 666 4240 ἂν
693 4188 787 4239 καὶ
814 4188 1072 4258 γενοίμην
1117 4190 1180 4243 ὲκ
1223 4189 1322 4258 τῆς
1365 4188 1500 4258 πρὸς
1546 4185 1638 4240 σοῦ
1671 4203 1760 4258 μοι

176 4284 486 4355 γενομένης
522 4283 780 4345 ἀνέσεως.
815 4282 1027 4344 Ἀνεσις
1060 4281 1116 4334 δὲ
1159 4281 1294 4334 Θεοῦ
1330 4284 1475 4334 ἐστιν
1521 4278 1758 4333 ἀπάθεια

176 4377 364 4448 ψυχῆς
395 4375 532 4446 μετὰ
557 4373 809 4442 γνώσεως
845 4372 952 4427 τῶν
979 4373 1147 4426 ὄντων
1179 4373 1430 4444 ἀληθοῦς.

341 4527 449 4593 Εἰς
475 4525 541 4578 τὸ
571 4524 744 4591 τέλος
778 4527 1084 4578 ΨΑΛΜΟΣ
1110 4525 1186 4589 τῷ
1217 4525 1413 4579 Δαυΐδ.
1455 4529 1585 4580 ΛΘ’.

806 4615 1129 4680 Ὑπόθεσις.

191 4731 554 4803 Ἀναφέρεται
583 4734 614 4803 ή
639 4731 748 4803 ᾠδὴ
782 4733 846 4786 ὲκ
879 4732 1169 4804 προσώπου
1199 4733 1293 4786 τοῦ
1337 4734 1456 4786 νέου
1490 4734 1619 4786 λαοῦ
1659 4733 1753 4787 τοῦ

251 4824 711 4894 ἀνακομισθέντπ
735 4826 798 4877 ἐκ
832 4825 1035 4877 λάκκου
1070 4825 1462 4896 ταλαιπωρίας.
1496 4824 1628 4879 Εἶτα
1662 4844 1755 4895 με-

250 4915 389 4980 ταξὺ
441 4917 754 4987 εἰσφέρεται
794 4917 852 4970 τὺ
880 4916 973 4969 τοῦ
1024 4918 1259 4989 Χριστοῦ
1291 4920 1600 4989 πρόσωπον,
1625 4920 1752 4983 τοὺς

252 5009 712 5080 εὐχαριστοῦντας
735 5009 997 5062 διδάσκων
1025 5011 1121 5080 τῆς
1152 5012 1462 5080 οἰκονομίας
1490 5011 1583 5063 τὸν
1633 5013 1756 5083 τρό-

253 5118 357 5153 πον
383 5119 397 5131 ·
434 5097 548 5152 εἶτα
582 5100 742 5153 πάλιν
769 5099 874 5152 τῶν
905 5101 1309 5153 πιστευσάντων
1339 5103 1402 5153 ὲκ
1417 5102 1510 5154 τοῦ
1545 5101 1756 5172 Ἰσραὴλ

251 5192 314 5244 τὸ
332 5192 644 5262 πρόσωπον,
675 5190 964 5257 ἀξιούντων
984 5192 1245 5264 ρυσθῆναι
1261 5193 1359 5261 τῆς
1384 5193 1469 5245 διὰ
1486 5192 1582 5263 τὴν
1607 5195 1708 5245 ἀπε
1719 5195 1757 5245 ί-

252 5285 405 5337 θειαν
432 5285 738 5355 ἁμαρτίας,
777 5284 892 5354 ἅμα
932 5285 988 5337 δὲ
1029 5287 1120 5338 καὶ
1165 5284 1533 5356 διηγουμένων
1576 5286 1756 5350 αὐτοῖς

251 5376 321 5428 τά
359 5375 745 5444 συμϐεϐηκότα
774 5376 860 5428 διὰ
890 5376 987 5447 τὴν
1013 5377 1270 5429 ἀπιστίαν
1315 5377 1480 5430 κακά.

266 5465 614 5534 ’Υπομένων
667 5465 955 5534 ὑπέμεινα
1002 5468 1110 5520 τὸν
1153 5469 1390 5534 Κύριον,
1434 5468 1531 5520 καὶ
1572 5482 1757 5536 προσ-

194 5555 373 5625 έσχεν
420 5574 542 5624 μοι.
580 5557 804 5627 Ὅμοιον
831 5557 944 5628 τῴο
987 5559 1093 5610 Ἐν
1148 5558 1223 5627 τῇ
1268 5558 1542 5629 ὑπομονῇ
1592 5562 1758 5629 ὑμῶν

195 5647 499 5715 ετήσασθε
525 5646 634 5713 τὰς
667 5647 871 5715 ψυχὰς
903 5647 1087 5718 ὑμῶν.

257 5733 305 5769 ⁸⁸
329 5734 463 5790 Luc.
493 5752 608 5804 ut,
641 5736 729 5792 19.

1933 3177 2046 3248 [12.
2093 3176 2462 3232 Verumtamen
2493 3195 2622 3234 uane
2650 3178 3052 3232 conturbantur.
3084 3175 3188 3242 Qui
3215 3174 3344 3228 vivit
3373 3175 3429 3228 in

1861 3269 2172 3338 iniquitate,
2211 3270 2282 3324 ita
2315 3278 2374 3324 ut
2404 3271 2715 3340 hujusmodi
2755 3279 2909 3338 egeat
2938 3265 3324 3337 institutionc.]

1933 3362 2020 3414 15.
2063 3359 2128 3412 1η
2164 3360 2603 3430 increpationibus
2651 3370 2860 3430 propter
2915 3359 3242 3429 iniquitatem
3264 3356 3429 3409 corri-

1857 3455 2022 3523 puisti
2053 3455 2332 3507 hominem.
2360 3454 2494 3508 Cum
2527 3471 2634 3520 me,
2667 3454 2859 3523 inquit,
2888 3463 3107 3523 propter
3147 3460 3425 3521 peccatum

1859 3546 2143 3615 arguebas,
2194 3561 2278 3600 me
2319 3545 2648 3615 corripuisti.

1931 3639 2019 3692 14.
2059 3639 2290 3690 Auribus
2326 3639 2528 3706 percipe
2565 3636 2973 3690 obsecrationem
3025 3646 3215 3686 meam.
3259 3629 3426 3698 Quasi

1858 3729 2002 3782 dicat
2035 3747 2047 3780 :
2090 3727 2296 3780 Exaudi
2331 3740 2384 3780 et
2424 3726 2659 3781 concede
2684 3726 2815 3778 mihi
2845 3724 3050 3794 peccati
3082 3722 3298 3775 veniam
3330 3735 3425 3773 an-

1859 3828 2074 3887 tequam
2097 3819 2316 3870 moriar.
2338 3817 2415 3887 [Id
2440 3818 2582 3870 enim
2610 3816 2912 3885 signiﬁcat:
2937 3814 3195 3878 Quoniam
3227 3811 3426 3864 advena

1859 3909 2024 3980 sunu]
2055 3909 2272 3962 Remitte
2295 3909 2422 3960 mihi
2456 3919 2512 3960 ut
2550 3909 2843 3976 refrigerer.
2871 3907 3171 3974 Antequam
3203 3903 3423 3956 moriar.

1859 4003 1953 4066 ait,
2007 4007 2348 4068 peccatorum
2398 3999 2609 4052 veniam
2658 3997 2914 4060 concede,
2959 4004 3017 4048 ul
3068 4009 3193 4047 cum
3230 3993 3425 4045 ﬁducia

1859 4093 1913 4147 in
1946 4092 2219 4146 infernum
2265 4091 2380 4145 sive
2408 4091 2460 4142 in
2495 4089 2802 4158 sepulcrum
2835 4085 3177 4141 descendam.
3210 4084 3279 4137 Et
3311 4099 3416 4135 am-

1858 4185 1999 4257 plius
2039 4201 2148 4239 non
2196 4200 2306 4239 ero.
2357 4182 2576 4237 Scilicet
2613 4182 2734 4235 talis
2780 4179 2956 4249 qualis
2998 4193 3172 4233 essem
3232 4193 3297 4231 ex
3332 4185 3424 4229 tua

1859 4281 1992 4333 mihi
2043 4279 2240 4333 collata
2284 4275 2644 4331 remiss’iom
2685 4271 2953 4326 Remissio
2997 4280 3174 4324 autem
3211 4267 3304 4321 Dei
3343 4276 3428 4322 est

1862 4371 2059 4424 anima:
2101 4368 2466 4437 tranquillitas
2512 4381 2636 4420 cum
2667 4379 2794 4418 vera
2821 4366 3041 4431 "rerum,
3069 4358 3392 4428 cognitione.

1999 4528 2052 4582 1.
2107 4526 2174 4580 In
2199 4527 2354 4596 ﬁnem
2387 4522 2724 4580 PSALMUS
2772 4520 2981 4575 Duvidi.
3014 4514 3283 4571 XXXIX.

2446 4613 2486 4664 Α
2498 4623 2842 4682 rgumentum.

1856 4726 2110 4782 Refertur
2138 4727 2412 4781 canticum
2459 4739 2522 4778 ex
2549 4739 2781 4794 persona
2835 4722 2957 4775 novi
2985 4719 3170 4790 populi
3220 4718 3285 4772 de
3307 4717 3426 4771 lacu

1928 4819 2165 4872 miseriae
2189 4817 2422 4872 reducti.
2448 4815 2639 4869 Postea
2665 4804 3154 4867 iuduciturChI-isti
3175 4825 3425 4879 persona,

1930 4913 2023 4981 qui
2075 4926 2169 4966 eos
2222 4911 2313 4980 qui
2372 4910 2562 4980 gratiis
2610 4909 2831 4977 agcmlis
2888 4916 3077 4960 vacant
3114 4905 3430 4959 oeconomia:

1923 5007 2142 5059 modum
2174 5007 2379 5058 edocet.
2429 5003 2632 5056 Deinde
2661 5001 2994 5056 credentium
3029 5015 3092 5053 ex
3118 4997 3279 5050 Israel
3308 5011 3430 5064 pcr-

1924 5111 2056 5150 sona
2087 5095 2473 5157 introducitur,
2515 5093 2820 5162 rogantium
2849 5090 3052 5145 remitti
3097 5089 3197 5143 sibi
3234 5101 3427 5155 pecca-

1929 5197 2042 5241 tum
2075 5187 2490 5248 incredulitatis,
2543 5195 2704 5253 atque
2743 5179 3262 5236 una'enarrantium
3308 5191 3430 5246 qua:

1928 5279 2031 5334 sibi
2062 5279 2200 5332 mala
2231 5278 2301 5331 ob
2348 5277 2715 5330 inﬁdelitatem
2746 5279 3061 5328 evenerunt.

1916 5458 1968 5511 ει.
1997 5457 2317 5526 Exspectans
2334 5454 2622 5524 exspectavi
2640 5453 2940 5512 Dominum,
2969 5455 3017 5500 et
3037 5445 3256 5498 intendit
3277 5441 3424 5495 mihi.

1860 5549 2047 5603 Simile
2079 5549 2204 5603 huic
2234 5569 2246 5602 :
2274 5546 2337 5601 In
2368 5548 2621 5616 patientia
2662 5554 2831 5598 vestra
2869 5538 3200 5612 possidebitis
3222 5537 3426 5590 animos

1860 5651 2054 5694 vestras
2091 5640 2154 5692 ⁸³.
