3872 6216
445 346 543 401 191

1339 353 1394 406 S.
1435 351 1810 408 ATHANASII
1849 351 1999 408 OPP.
2041 349 2221 404 PARS
2257 349 2343 404 III.
2387 382 2456 391 —
2493 350 2902 407 EXEGETICA.

3581 353 3688 408 I9!

506 463 560 515 5.
587 460 656 514 Et
675 463 858 518 eduxit
889 481 968 518 me
991 465 1054 518 de
1079 466 1194 520 lacu
1217 467 1462 521 miserim.
1494 468 1719 539 [Ecquid
1753 471 1844 523 tibi
1871 484 2008 538 pree-

2179 468 2288 520 Kai
2325 467 2586 536 ἀνήγαγιέ
2611 484 2685 535 με
2716 469 2784 520 ἐκ
2815 466 3046 520 λάκκου
3077 467 3496 536 ταλαιπωρίας.
3531 466 3548 538 [
3574 470 3688 520 Καὶ

435 554 554 608 bttit
578 555 600 607 ?
624 554 918 624 Postquam
959 573 1044 610 me
1077 558 1375 620 exaudivit,
1409 559 1502 624 ait,
1545 560 1742 614 Eduxit
1773 577 1838 614 ex
1888 577 2013 629 pro-

435 645 606 700 fundo
649 647 854 712 peccati
899 654 953 699 et
1005 663 1072 700 ex
1135 649 1410 716 voluptate
1443 651 1568 704 lutei
1601 653 1868 721 corporis,
1900 655 2012 707 sive

434 749 498 787 ex
527 736 696 802 portis
731 737 918 789 mortis
965 745 1019 790 et
1049 740 1416 807 corruptionis
1445 742 1640 795 ibidem
1670 745 2006 805 exsistentis,

435 834 530 878 aut
553 842 616 878 ex
638 827 1085 894 occupationibus
1129 831 1358 902 saeculi]
1395 831 1458 883 Et
1482 833 1545 885 de
1587 833 1700 888 luto
1734 835 1902 902 faecis.
1930 835 2010 889 Ex

434 914 707 982 profundo
764 926 1108 979 peccatorum
1153 935 1274 988 qua:
1323 922 1421 974 luti
1455 924 1628 976 instar
1659 925 1726 978 iis
1763 926 2008 982 detentos

435 1017 822 1073 conspurcant.
883 1007 1060 1063 Lacus
1109 1011 1252 1063 enim
1293 1013 1529 1066 miseria:
1579 1024 1662 1068 est
1709 1017 1911 1072 malitia
1955 1029 2008 1073 et

433 1095 757 1163 ignorantia.
809 1097 879 1152 Et
914 1102 1102 1153 statuit
1134 1119 1290 1168 super
1325 1115 1526 1171 petram
1565 1107 1714 1174 pedes
1744 1124 1902 1172 meos,
1957 1121 2005 1162 et

429 1186 624 1240 direxit
667 1205 872 1257 gressus
897 1207 1054 1244 meos.
1081 1190 1170 1244 Ait
1209 1195 1489 1260 apostolus
1509 1194 1706 1249 Paulus
1736 1197 1814 1250 ’δε
1848 1197 2004 1250 Petra

429 1287 540 1329 erat
563 1277 822 1332 Christus.
845 1279 1014 1335 Didici
1043 1283 1186 1334 enim
1213 1283 1264 1334 in
1285 1282 1394 1336 Deo
1420 1285 1612 1350 placita
1635 1287 1879 1342 incedere
1897 1290 2001 1354 via,

431 1368 483 1420 iJ
513 1377 598 1423 est
621 1385 714 1438 per
743 1386 908 1440 opera
939 1381 993 1451 et
1024 1385 1224 1429 rectam
1256 1376 1578 1430 doctrinam.

500 1647 554 1700 4.
593 1647 657 1699 Et
693 1650 909 1702 immisit
937 1653 989 1704 in
1020 1668 1075 1705 os
1107 1669 1276 1706 meum
1313 1656 1576 1708 canticum
1609 1673 1819 1722 novum,
1848 1659 1996 1728 Itym-

433 1752 556 1788 num
589 1737 692 1790 Deo
736 1750 932 1794 nostra.
971 1741 1166 1812 Legem
1213 1748 1580 1815 evangelicum
1623 1767 1636 1800 :
1679 1765 1797 1804 cum
1849 1752 1991 1804 enim

429 1829 776 1895 passionibus
824 1847 1120 1900 vacamus,
1173 1837 1419 1889 canimus
1449 1840 1724 1892 canticum
1775 1856 1996 1906 novum,

427 1929 684 1973 renovata
716 1923 922 1976 scilicet
971 1933 1157 1978 nostra
1208 1927 1391 1980 domo.
1453 1927 1704 1982 Videbunt
1732 1929 1904 1993 mulli,
1951 1942 2000 1983 et

427 2012 698 2072 timebunt,
748 2023 798 2066 et
827 2017 1106 2082 sperabunt
1141 2017 1194 2070 in
1229 2019 1469 2072 Domino.
1505 2020 1826 2076 Praedicatio
1853 2023 1997 2076 enim

425 2115 522 2170 per
563 2111 732 2156 totum
762 2108 1000 2172 pervasit
1033 2108 1237 2164 orbem.

492 2191 545 2245 5.
582 2191 779 2245 Beatus
811 2197 890 2247 vir
911 2197 1062 2264 cujus
1090 2209 1164 2250 est
1197 2215 1378 2252 nomen
1413 2199 1622 2252 Domini
1649 2217 1762 2270 spes
1787 2201 1920 2270 ejus,
1948 2213 1998 2256 et

424 2299 527 2335 non
557 2287 780 2348 respexit
833 2287 884 2339 in
918 2291 1174 2342 vanitates
1207 2299 1257 2342 et
1303 2291 1540 2344 insanias
1577 2292 1763 2360 falsas.
1809 2291 1996 2347 Solum

423 2389 547 2428 esse
587 2375 801 2430 beatum
841 2378 915 2430 ait
942 2395 1064 2432 eum
1100 2381 1190 2448 qui
1221 2381 1272 2432 in
1323 2380 1490 2434 Deum
1533 2397 1679 2450 spem
1724 2385 1993 2453 ascripsit,

421 2479 532 2516 non
562 2475 742 2518 autem
774 2481 898 2519 eum
935 2469 1028 2536 qui
1067 2471 1354 2526 mundanis
1385 2473 1680 2529 distractus
1712 2475 1784 2538 sit
1824 2481 1992 2544 curis,

419 2569 543 2624 qua:
579 2565 632 2610 et
663 2557 878 2611 insania
909 2567 961 2612 et
993 2562 1334 2615 mendacium
1377 2573 1524 2617 sunt.

487 2726 639 2801 [Spes
668 2734 799 2803 ejus.
828 2732 1022 2787 Postea
1055 2735 1106 2788 in
1137 2736 1570 2794 eohortationem
1593 2741 1740 2794 aliud
1772 2743 1990 2812 adjicit:

427 2820 648 2885 Beatus,
685 2825 880 2893 inquit.
923 2841 1132 2892 revera,
1168 2829 1260 2895 qui
1305 2827 1474 2883 Deum
1515 2831 1691 2884 solum
1721 2833 1910 2888 habuit
1940 2837 1994 2888 in

420 2929 570 2983 spem
605 2929 780 2982 suam,
817 2932 994 2986 neque
1025 2920 1261 2987 respexit
1289 2920 1356 2974 ad
1383 2927 1660 2990 praesentis
1694 2925 1817 2978 vitae
1847 2927 1996 2981 solli-

423 3005 712 3070 citudines,
755 3023 876 3076 quae
921 3012 1187 3063 vanitates
1219 3021 1366 3075 sunt,
1397 3022 1450 3065 et
1484 3014 1710 3069 insaniae
1745 3015 1914 3082 falsae,
1942 3029 1996 3073 et

2115 563 2165 614 τί
2191 579 2271 614 σοι
2301 562 2609 632 παρέσχεν;
2642 562 2980 625 Εἰσακούσας
3018 557 3170 616 εἶπεν
3209 579 3222 594 ο
3283 564 3584 633 Ἀνήγαγεν
3623 565 3685 614 ἐκ

2115 652 2310 720 βάθους
2334 653 2433 722 τῆς
2461 653 2755 722 ἁμαρτίας,
2784 651 2877 703 καὶ
2907 655 2970 704 ὲκ
2990 652 3089 720 τῆς
3109 652 3440 722 ἡδυπαθείας
3459 651 3554 705 τοῦ
3581 670 3686 722 πη-

2111 741 2311 806 λώδους
2345 743 2615 812 σώματος,
2651 744 2684 810 ἢ
2716 745 2778 795 ἐκ
2811 743 2918 796 τῶν
2947 742 3038 794 τοῦ
3076 743 3307 796 θανάτου
3355 744 3560 809 πυλῶν,
3591 746 3686 796 καὶ

2110 833 2286 886 ἐκεῖσε
2317 833 2540 902 φθορᾶς,
2568 834 2600 901 ἢ
2634 835 2696 884 ὲκ
2729 833 2822 885 τοῦ
2849 833 3054 902 κόσμου
3100 833 3543 905 περισπασμῶν.]
3571 835 3684 888 Καὶ

2109 926 2226 980 ἀπὸ
2243 925 2442 992 πηλοῦ
2466 927 2651 990 ἰλύος.
2671 926 2764 978 Ἐκ
2784 926 2978 994 βάθους
3003 927 3274 996 ἁμαρτίας
3294 927 3348 978 αἳ
3371 925 3512 988 ἰλύος
3529 926 3686 995 δίκην

2107 1017 2515 1068 καταπάσσουσι
2561 1016 2687 1078 τοὺς
2733 1015 2958 1079 ἁλόντας
3001 1017 3056 1068 ἐν
3086 1017 3298 1078 αὑταῖς.
3329 1016 3544 1078 Λάκκος
3572 1016 3686 1084 γὰρ

2105 1106 2499 1176 ταλαιπωρίας,
2533 1107 2700 1159 κακία
2727 1109 2820 1160 καὶ
2851 1109 3112 1175 ἀγνωσία.
3153 1107 3263 1160 Καὶ
3285 1107 3550 1172 ἔστησεν
3579 1107 3680 1160 ἐπὶ

2104 1196 2329 1264 πέτραν
2353 1197 2491 1262 τοὺς
2515 1197 2704 1262 πόδας
2724 1215 2863 1266 μου,
2896 1200 2992 1251 καὶ
3018 1201 3342 1254 κατεύθυνε
3370 1199 3444 1252 τὰ
3473 1197 3682 1267 διαϐή-

2097 1285 2257 1350 ματίὶ
2281 1303 2421 1352 μου.
2451 1287 2617 1356 Φησὶν
2661 1289 2690 1339 ό
2741 1288 3036 1350 ἀπόστολος
3077 1288 3307 1352 Παῦλος,
3347 1289 3428 1340 ὅτι
3476 1290 3534 1342 Ἡ
3577 1289 3684 1342 πέ-

2099 1391 2210 1440 τρα
2243 1371 2319 1442 ἦν
2365 1377 2397 1428 ὀ
2445 1377 2735 1444 Χριστός·
2789 1376 2990 1446 ἔμαθον
3029 1378 3136 1448 γὰρ
3185 1377 3284 1448 τὴν
3335 1377 3682 1446 ἁρὲσκουσαν

2101 1467 2218 1534 Θεῷ
2250 1464 2484 1535 βαδίζειν
2517 1467 2654 1534 ὁδὸν,
2682 1470 2800 1539 ἦτοι
2826 1469 2912 1522 διὰ
2941 1471 3041 1540 τῆς
3071 1469 3384 1540 πρακτικῆς
3430 1469 3525 1522 καὶ
3565 1470 3679 1524 τῶν

2099 1557 2272 1626 ὀρθῶν
2311 1558 2614 1627 δογμάτων.

2167 1651 2274 1702 Καὶ
2333 1651 2617 1704 ἐνέϐαλεν
2679 1654 2766 1717 εὶς
2813 1654 2880 1706 τὸ
2927 1655 3118 1722 στόμα
3149 1673 3270 1724 μου
3319 1657 3481 1728 ᾆσμα
3549 1675 3680 1712 και-

2098 1741 2227 1804 νὸν,
2261 1742 2450 1810 ὕμνον
2483 1741 2562 1807 τῷ
2611 1744 2730 1809 Θεῷ
2773 1744 2961 1814 ἡμῶν.
2999 1747 3101 1800 Τὸν
3128 1749 3287 1819 νόμον
3325 1751 3416 1805 τὸν
3449 1753 3684 1820 εὐαγγε-

2102 1834 2281 1886 λικόν’
2321 1833 2458 1904 μετὰ
2495 1836 2603 1906 γὰρ
2633 1835 2729 1905 τὴν
2764 1837 3030 1892 ἀπάθειαν
3071 1839 3269 1911 ᾄδομεν
3301 1839 3452 1914 ᾆσμα
3483 1847 3676 1898 καινὸν

2100 1925 2574 1989 ἀνακαινισθέντος
2600 1928 2693 1980 τοῦ
2724 1928 2872 1980 οἴκου
2901 1929 3080 1999 ἡμῶν.
3115 1933 3404 2000 Ὄψονται
3431 1939 3676 2004 πολλοὶ,

2099 2016 2192 2066 καὶ
2215 2015 2658 2082 φοϐηθήσονται
2685 2019 2782 2072 καὶ
2815 2021 3136 2076 ἐλπιοῦσιν
3164 2025 3261 2077 ἐπὶ
3292 2027 3530 2094 Κύριον.
3591 2032 3682 2081 Δι-

2097 2107 2250 2177 εδόθη
2283 2109 2392 2180 γὰρ
2421 2112 2501 2172 εἰς
2550 2111 2726 2164 πάντα
2751 2111 2953 2182 κόσμον
2984 2113 3044 2166 τὸ
3073 2116 3355 2186 κήρυγμα.

2167 2197 2470 2265 Μακάριος
2499 2199 2654 2267 ἀνὴρ
2690 2197 2760 2256 οὗ
2793 2202 2922 2254 ἐστι
2949 2203 3014 2255 τὸ
3041 2203 3228 2272 ὄνομα
3257 2207 3473 2272 Kvplov
3497 2207 3678 2273 ἐλπὶς

2096 2290 2301 2354 αὐτοῦ,
2343 2293 2442 2344 καὶ
2477 2295 2590 2344 οὐκ
2620 2292 2956 2362 ἐπέϐλεψεν
3001 2298 3106 2376 εἰς.
3124 2300 3528 2366 ματαιότητος
3571 2303 3675 2354 καὶ

2090 2381 2312 2449 μανίας
2342 2382 2605 2450 ψευδεῖς.
2641 2385 2818 2438 Μόνον
2865 2386 2958 2438 τὸν
3001 2387 3098 2457 τὴν
3137 2389 3330 2442 ἐλπίδα
3358 2391 3678 2462 ἐπιγραψά-

2097 2487 2254 2540 μενον
2279 2475 2356 2534 εἰς
2369 2473 2502 2527 Θεὸν
2527 2475 2790 2546 μακάριόν
2820 2495 3002 2548 φησιν,
3033 2481 3093 2532 οὐ
3115 2480 3204 2532 τὸν
3231 2483 3678 2551 περισπασθέντα

2096 2562 2378 2632 βιωτικαῖς
2431 2567 2742 2638 μερίμναις,
2774 2569 2976 2634 αἵτινες
3009 2573 3102 2624 καὶ
3151 2573 3314 2644 μανία
3359 2577 3451 2628 καὶ
3477 2575 3676 2645 ψεῦδός

2093 2670 2250 2706 εισιν.

2165 2744 2619 2816 [Ἐλπὶςαὺτοῦ.
2651 2745 2784 2802 Εἶτα
2807 2751 2902 2804 καὶ
2917 2753 2998 2814 εἰς
3022 2756 3529 2829 προτροπὴνέτερον
3545 2761 3672 2816 ἐπι-

2095 2836 2248 2906 φέρει
2268 2851 2283 2866 ⁶
2313 2839 2684 2910 Μακαριστὸς,
2705 2843 2856 2912 φησὶ,
2888 2843 2966 2912 τῷ
2992 2844 3126 2908 ὄντι,
3147 2847 3205 2908 ὃς
3229 2849 3322 2900 τὸν
3349 2848 3480 2901 Θεὸν
3505 2851 3672 2920 μόνον

2095 2927 2247 2996 ἔσχεν
2271 2927 2478 2992 ἐλπίδα,
2507 2933 2602 2984 καὶ
2623 2933 3030 3002 οὺκὲπέϐλεψεν
3045 2937 3123 2997 εἰς
3141 2936 3240 2999 τὰς
3263 2941 3389 3009 περὶ
3409 2940 3500 2992 τὸν
3525 2959 3670 3013 παρ-

2092 3017 2220 3070 όντα
2255 3017 2368 3088 βίον
2404 3021 2660 3086 σπουδὰς,
2693 3023 2748 3075 αἳ
2780 3023 3136 3094 ματαιότητές
3169 3029 3294 3090 εἰσι,
3349 3031 3439 3081 καὶ
3477 3032 3668 3100 μανίαι

417 3111 561 3149 curae
593 3099 646 3150 in
697 3113 893 3152 vanum
940 3098 1209 3154 admissae.
1249 3103 1463 3156 Insania
1503 3113 1683 3160 autem
1733 3111 1988 3176 prudens,

2100 3112 2326 3180 ψευδεῖς,
2359 3116 2450 3167 καὶ
2483 3117 2562 3178 εἰς
2597 3117 2753 3169 κενὸν
2787 3118 3084 3186 φροντίδες.
3117 3121 3296 3174 Μανία
3343 3123 3400 3174 δὲ
3432 3123 3668 3194 σώφρων

416 3195 502 3240 est
527 3186 650 3242 vitae
711 3191 995 3256 praesentis
1025 3199 1232 3256 status,
1261 3209 1368 3262 qua
1413 3206 1592 3252 mente
1635 3201 1774 3268 capti
1810 3203 1994 3258 multis

415 3293 537 3332 esse
563 3279 886 3335 videbantur
915 3287 1208 3352 prophetae,
1232 3302 1338 3354 qua
1361 3287 1426 3341 de
1461 3305 1518 3342 re
1543 3289 1802 3359 gloriatur
1816 3293 1994 3363 justus

415 3377 468 3422 et
493 3368 603 3423 ait:
631 3368 741 3441 Ego
768 3371 878 3424 dixi
911 3375 968 3426 in
1007 3389 1222 3428 excessu
1252 3393 1362 3430 meo
1400 3377 1492 3450 ⁹⁵.]

478 3541 530 3596 6.
571 3543 744 3598 Multa
775 3547 946 3614 fecisti
991 3557 1067 3614 tu,
1105 3548 1327 3605 Domine
1377 3551 1534 3618 Deus,
1575 3557 1840 3612 mirabilia
1877 3569 1988 3616 tua.

411 3632 544 3697 Quae
574 3633 772 3698 fecisti,
795 3638 990 3706 inquit,
1023 3643 1343 3697 (economiaa
1379 3657 1642 3715 tempore,
1671 3651 1840 3704 multa
1865 3663 1991 3707 sunt

411 3735 574 3790 atque
600 3725 871 3780 mirabilia
900 3745 912 3780 :
947 3744 1068 3796 quae
1089 3731 1209 3785 aliis
1238 3748 1456 3801 quoque
1491 3739 1815 3792 renuntiavi.
1839 3738 1987 3794 Prae-

410 3811 612 3867 dicatio
645 3825 822 3870 autem
851 3825 1044 3885 totum,
1077 3820 1273 3889 inqutt,
1306 3826 1542 3892 pervasit
1566 3829 1750 3882 orbem
1790 3839 1846 3884 ut
1868 3847 1987 3885 ma-

404 3900 496 3971 jor
519 3902 592 3958 sit
620 3906 972 3961 credentium
1003 3925 1266 3966 numerus
1307 3929 1470 3983 quam
1499 3917 1592 3985 qui
1623 3917 1746 3971 iniri
1791 3921 1982 3988 possit.

483 4074 537 4141 7,
568 4074 621 4130 8.
647 4074 984 4144 Sacrificium
999 4090 1047 4134 et
1078 4081 1651 4151 obt'utionemnoluisti,
1676 4106 1862 4158 corpus
1885 4111 1984 4146 au-

2098 3204 2245 3275 ὴτοῦ
2271 3207 2536 3277 παρόντος
2584 3209 2699 3277 βίου
2731 3211 3080 3272 κατάστασις,
3115 3211 3180 3264 δι’
3225 3213 3288 3282 ἣν
3317 3215 3410 3266 καὶ
3441 3215 3668 3283 ἐξεστη-

2095 3296 2250 3358 κότες
2277 3301 2388 3360 τοῖς
2423 3297 2635 3362 πολλοῖς
2687 3299 2903 3352 ἐδόκουν
2933 3303 2981 3353 οἱ
3030 3301 3328 3370 προφῆται,
3373 3305 3457 3371 ἐφ’
3569 3309 3666 3360 καὶ

2095 3387 2488 3457 σεμνυνόμενος
2515 3390 2606 3441 καὶ
2636 3390 2665 3442 ό
2691 3389 2896 3452 δίκαιος
2939 3390 3118 3458 λέγει·
3156 3387 3314 3444 Εἴπα
3356 3395 3424 3447 ὲν
3459 3393 3536 3463 τῇ
3563 3395 3664 3448 ἑκ-

2093 3477 2306 3531 στάσει
2339 3497 2478 3547 μου.
2504 3479 2523 3550 ]

2163 3572 2370 3623 Πολλὰ
2396 3572 2690 3638 ἐποίησας
2711 3573 2812 3636 σὺ,
2837 3575 3014 3642 Κύριε
3042 3578 3076 3628 ὀ
3099 3578 3244 3641 Θεός
3263 3593 3400 3644 μου,
3424 3578 3498 3630 τὰ
3517 3583 3664 3632 θαυ-

2084 3659 2276 3728 μάσια
2308 3675 2443 3714 σου.
2479 3663 2544 3713 Ἃ
2574 3663 2882 3735 πέπραχας,
2928 3667 3112 3738 φησὶν,
3147 3669 3204 3720 ὲν
3233 3667 3310 3738 τῷ
3333 3669 3430 3739 τῆς
3455 3671 3664 3722 οἰκονο-

2091 3752 2218 3820 μίας
2261 3753 2456 3823 καιρῷ,
2505 3754 2676 3808 πολλά
2711 3758 2826 3808 ἐστι
2855 3758 2948 3809 καὶ
2982 3758 3258 3828 θαυμάσια
3281 3775 3294 3788 ·
3339 3759 3375 3814 δι
3411 3763 3506 3814 καὶ
3539 3763 3662 3815 ἐτέ-

2092 3859 2203 3910 ροις
2235 3844 2560 3913 ἀπήγγειλα.
2612 3846 2672 3898 Ἡ
2705 3847 2760 3899 δὲ
2797 3849 3095 3916 ἐπαγγελία
3153 3851 3280 3920 ὃλην
3309 3893 3322 3914 ,
3371 3853 3522 3920 φησὶ,
3575 3854 3658 3906 δι-

2087 3932 2290 4002 έδραμε
2322 3935 2419 4005 τὴν
2451 3937 2540 3988 ὑπ’
2568 3937 2814 4007 οὐρανὸν,
2843 3939 2918 4002 ὡς
2945 3941 3036 3992 καὶ
3077 3940 3390 4012 κρείττονας
3419 3943 3654 4014 ἀριθμοῦ

2084 4022 2334 4089 γενέσθαι
2359 4025 2484 4086 τοὺς
2515 4025 2929 4090 πιστεύσαντας.

2155 4117 2384 4168 Θυσίαν
2427 4117 2524 4170 καὶ
2566 4120 2919 4187 προσφορὰν
2961 4122 3068 4174 οὐκ
3117 4121 3444 4188 ἠθέλησας,
3479 4123 3656 4192 σῶμα

405 4173 508 4219 tem
551 4170 750 4236 aptasti
779 4171 930 4234 mihi,
967 4181 1072 4226 etc.
1117 4172 1256 4228 Hinc
1296 4177 1464 4243 ipsius
1501 4195 1729 4245 persona
1779 4183 1980 4240 Christi

407 4258 618 4283 n-...-___
692 4263 1010 4283 -II_,.___-,_.2_
1075 4267 1086 4277 ι
1152 4267 1164 4283 I
1244 4269 1275 4283 --
1423 4272 1458 4283 Α
1597 4276 1605 4283 .
1727 4277 1736 4283 .
1763 4278 1772 4283 .
1945 4281 1950 4283 _

2100 4204 2148 4258 se
2185 4208 2522 4274 κατηρτίσω
2540 4170 2642 4277 μοι
2663 4170 2817 4280 (ii):
2841 4211 3116 4265 Ἐντεῦθεν
3139 4170 3454 4283 εἰσφέρεται
3474 4215 3534 4267 τὸ
3555 4170 3654 4269 τοῦ

403 4258 620 4314 Patrem
687 4263 1019 4332 alloquetitis
1073 4267 1368 4323 inducitur.
1419 4272 1862 4346 Quandoquidem
1907 4281 1981 4333 ait

411 4353 740 4407 sacriﬁcium
766 4363 820 4408 et
847 4357 1181 4412 oblationem
1236 4362 1483 4428 noluisti,
1515 4381 1691 4436 neque
1737 4371 1972 4437 placue-

2079 4297 2313 4368 Χριστοῦ
2349 4299 2639 4369 πρόσωπον
2681 4302 2816 4371 πρὸς
2843 4303 2933 4354 τὸν
2967 4303 3186 4374 Πατέρα
3232 4305 3386 4372 λέγον
3408 4345 3422 4360 .
3471 4308 3656 4362 Ἐπει-

2078 4387 2160 4458 δὴ,
2186 4391 2338 4459 φησὶ,
2367 4390 2557 4443 θυσίαν
2591 4395 2686 4445 καὶ
2725 4395 3041 4466 προσφορὰν
3070 4397 3169 4448 οὐκ
3199 4397 3488 4467 ἠθέλησας,
3521 4399 3650 4452 οὔτε

404 4451 536 4496 runt
569 4445 664 4498 tibi
691 4445 1007 4502 holocausta
1035 4452 1334 4504 secundum
1361 4457 1532 4523 legem
1560 4459 1742 4514 oblata
1769 4477 1782 4525 ;
1805 4465 1966 4518 venio
2001 4485 2009 4540 1

2131 4445 2159 4458 ιι
2199 4445 2256 4459 ι.
2327 4445 2336 4453 ι
2771 4445 3031 4466 .
3208 4445 3488 4467 ..η---.ηπ
3525 4445 3649 4452 ---ν

2100 4477 2182 4547 ιὴν
2220 4478 2528 4548 ηὐδόκησας
2577 4483 2633 4532 ὲν
2667 4481 3079 4553 ὁλοκαυτώμασι
3129 4488 3240 4547 τοῖς
3274 4486 3412 4539 κατὰ
3437 4487 3528 4540 τὸν
3559 4489 3650 4542 νό-

401 4543 692 4602 postquam
739 4553 940 4609 corpus
986 4542 1170 4611 accepi
1231 4546 1378 4612 quod
1433 4555 1488 4600 ttt
1551 4550 1682 4603 mihi
1745 4556 1964 4620 aptnsti.

399 4621 536 4676 Nam
574 4625 810 4693 Spiritus
845 4639 1072 4686 sanctus
1093 4641 1147 4686 et
1171 4633 1348 4688 virtus
1369 4637 1636 4694 Altissitni
1673 4645 1972 4699 obumbra-

2079 4585 2178 4637 μον
2208 4583 2220 4596 ⁸
2251 4570 2370 4638 ἥκω
2403 4569 2560 4640 σῶμα
2601 4571 2778 4624 λαϐὼν
2817 4573 2951 4644 ὅπερ
2981 4573 3140 4637 αὑτός
3179 4593 3266 4645 μοι
3309 4578 3643 4650 κατηρτίσω.

2071 4659 2298 4730 Πνεῦμα
2333 4661 2442 4731 γὰρ
2475 4663 2628 4728 ἆγιον
2656 4665 2748 4716 καὶ
2789 4665 3044 4734 Ὑψίστου
3074 4666 3301 4737 δύναμις
3346 4669 3644 4724 ὲπεσκίασε

411 4713 492 4766 vit
527 4727 728 4770 sanctze
755 4716 980 4789 Virgini.
1012 4720 1184 4778 Venio
1208 4737 1386 4780 autem
1423 4739 1480 4780 ut
1506 4730 1702 4798 faciam
1727 4735 1970 4790 volunta-

2221 4713 2232 4730 ,
2346 4713 2356 4728 ,
2414 4713 2424 4731 ,
2658 4713 2747 4716 --κ-
2817 4713 3039 4734 -τ---ν-
3080 4713 3298 4737 στιν-υ
3347 4713 3643 4724 vuum—~-

2100 4751 2131 4820 ῇ
2163 4751 2293 4820 ἁγίᾳ
2321 4751 2600 4823 Παρθένῳ.
2635 4755 2789 4808 Ἥκω
2825 4754 2880 4806 δὲ
2928 4757 3028 4808 ἵνα
3051 4756 3118 4808 τὸ
3147 4758 3264 4810 σὸν
3287 4759 3518 4823 ποιήσω
3543 4762 3643 4814 θέ-

407 4815 510 4860 tem
541 4816 705 4860 tuam.
751 4811 880 4876 Quae
902 4826 1082 4870 autem
1111 4821 1364 4874 voluntas
1395 4819 1574 4878 Patris
1599 4835 1734 4890 erat,
1781 4830 1886 4884 nisi
1905 4847 1966 4884 ea

2100 4811 2248 4907 [τίμα.
2265 4811 2424 4894 Ποῖον
2442 4811 2632 4913 γὰρ’ἧν
2651 4843 2712 4896 τὸ
2729 4843 2852 4914 θέλη
2865 4863 2941 4914 μα
2959 4847 3058 4900 τοῦ
3083 4850 3197 4901 Πατ
3207 4850 3314 4917 ρὸς,
3335 4811 3644 4917 ἢὸἰαὺτδςρ

397 4913 564 4966 quam
595 4902 708 4966 ipse
737 4901 996 4959 Dominus
1041 4915 1317 4966 enarravit
1357 4914 1546 4972 dicens
1601 4920 1680 4972 9‘:
1713 4919 1841 4973 Hmc
1890 4931 1968 4976 est

2100 4929 2268 5002 Ltipto;
2284 4931 2588 5002 ἐξηγήσατο
2604 4935 2859 5005 εἰρηκώς·
2873 4936 3053 4990 Τοῦτό
3065 4938 3194 4990 ἐστι
3207 4939 3272 4990 τὸ
3289 4938 3516 5006 θέλημα
3534 4941 3642 4996 τοῦ

396 4997 576 5042 autem
635 4991 876 5049 uoluntas
931 4997 1044 5066 ejus
1099 5003 1188 5069 qui
1225 5006 1370 5058 misit
1420 5024 1518 5068 me,
1561 5019 1617 5063 ut
1645 5028 1796 5066 omne
1827 5015 1964 5082 quod

391 5079 542 5134 dedit
579 5083 709 5136 milii
747 5101 850 5138 non
881 5091 1096 5156 perdam
1125 5109 1266 5147 exeo
1295 5113 1313 5158 ;
1348 5099 1437 5150 sed
1489 5105 1793 5156 resuscitem
1827 5079 1961 5158 illud

2065 5021 2416 5090 πέμψαντός
2437 5042 2534 5093 με,
2557 5026 2656 5078 ἵνα
2681 5027 2803 5080 πᾶν
2827 5027 2857 5080 ὃ
2882 5027 3102 5082 δέδωκέ
3109 5047 3212 5097 μοι
3233 5029 3318 5098 μὴ
3349 5031 3642 5086 ἀπολέσω

2062 5111 2132 5176 ἐξ
2158 5114 2366 5178 αὐτοῦ,
2400 5115 2560 5169 ἀλλὰ
2591 5117 2917 5184 ἀναστήσω
2953 5120 3097 5173 αὐτὸ
3129 5120 3202 5188 τῇ
3230 5121 3462 5190 ἐσχάτῃ
3487 5123 3634 5191 ἠμέ-

392 5173 452 5226 in
481 5175 766 5230 novissimo
789 5177 874 5232 die
900 5183 923 5232 ‘l
951 5178 1086 5236 Illttd
1119 5194 1322 5252 autem,
1351 5189 1403 5240 in
1435 5194 1606 5259 capite
1638 5194 1785 5260 libri,
1821 5197 1962 5252 hanc

2100 5173 2173 5268 tt;
2207 5204 2279 5255 Τὸ
2309 5173 2386 5271 δὲ,
2409 5207 2478 5258 ἐν
2513 5208 2788 5276 κεφαλίδι
2812 5173 3068 5273 ,βιϐλίου
3101 5252 3115 5278 ,
3149 5173 3351 5282 «Quoer

392 5263 562 5320 habet
589 5268 1114 5336 interpretationem.
1151 5276 1327 5346 Caput
1375 5279 1581 5336 Ilebrtei
1619 5293 1826 5340 tomum
1867 5304 1962 5358 ap-

391 5357 610 5425 pellant.
645 5359 814 5417 Isaias
849 5379 977 5420 vero
1024 5366 1418 5426 incarnationis
1451 5371 1722 5444 Unigeniti
1761 5357 1960 5448 myste-

459 5506 548 5560 "l
583 5509 705 5566 Cor.
725 5530 780 5580 ι,
802 5516 856 5569 4.
935 5519 980 5550 ³³
1007 5517 1153 5573 Psal.
1189 5536 1310 5590 cxv,
1343 5523 1429 5578 11.
1504 5526 1549 5559 ³⁸
1582 5525 1834 5592 Joan.vt,
1864 5529 1952 5583 40.

462 5640 874 5718 (H)_Hielocus
905 5651 1103 5706 citatur
1138 5656 1357 5710 nomine
1395 5657 1675 5713 Athanasii
1735 5661 1788 5714 in
1851 5665 1956 5718 Ua—

391 5717 516 5764 tcna
574 5711 627 5766 in
663 5713 931 5785 Epistolas
987 5721 1162 5788 Pauli,
1199 5727 1317 5782 cod.
1349 5711 1675 5798 Βεεζέἓὲίθ,
1706 5711 1952 5790 adhunc.

2063 5295 2379 5364 ἑρμηνείαν.
2429 5299 2708 5365 Κεφαλίδα
2743 5301 2790 5353 οἱ
2831 5301 3070 5372 Ἑϐραῖοι
3113 5303 3202 5354 τὸν
3237 5303 3402 5373 τόμον
3441 5305 3630 5372 φασίν.

2074 5385 2301 5449 Ἡσαΐας
2357 5387 2414 5439 δὲ
2457 5387 2518 5440 τὸ
2565 5389 2664 5459 τῆς
2704 5391 3166 5463 ὲνανθρωπήσεως
3201 5398 3494 5466 μυστήριον
3533 5397 3634 5449 τοῦ

2058 5681 2272 5722 versum
2321 5667 2573 5739 Epistolas
2604 5672 2668 5728 ad
2715 5672 3000 5732 IIebrteos:
3038 5677 3202 5747 Σῶμα
3225 5677 3280 5731 δὲ
3312 5679 3630 5749 κατηρτίσω

2062 5753 2146 5806 μοι
2157 5776 2170 5791 .
