3872 6216
163 257 276 314 195

1244 245 1614 306 -ΕΧΡΟΞΙΤΙΟ
1648 249 1719 304 IN
1757 246 2088 305 PSALMUM
2122 247 2365 302 XXXIX.

3311 254 3416 308 191

156 368 495 437 Μονογενοῦς
516 366 898 436 διδασκόμενος
924 365 1122 436 ἤκουσε
1150 380 1163 393 °
1199 362 1354 417 Λαϐὲ
1395 364 1582 433 τόμον
1617 381 1745 416 και-

1851 361 1990 414 rium
2045 361 2292 425 edoctus,
2329 360 2536 414 audivit
2575 380 2588 415 :
2643 361 2831 430 Accipe
2872 373 3070 417 tomum
3112 382 3322 430 novum,
3364 377 3415 422 et

154 462 294 526 νόν,
311 459 406 514 καὶ
433 458 670 528 γράψον
695 457 762 508 ἐν
783 454 944 519 αὐτῷ
974 453 1212 522 γραφίδι
1235 451 1568 519 ἀνθρώπου.
1593 453 1664 503 Συ
1673 469 1740 521 μ-

157 553 334 606 6αίνει
353 552 428 614 ὡς
454 551 555 602 οὐκ
575 553 632 600 ἐν
660 547 822 610 πλαξὶ
838 545 1086 608 λιθίναις,
1113 543 1250 598 ἀλλὰ
1277 543 1582 613 σαρκίναις,
1610 560 1740 613 γρα-

157 645 428 713 φήσονται
476 642 546 694 τὰ
578 640 925 709 θεσπίσματα
972 636 1066 690 τοῦ
1113 635 1300 690 καινοῦ
1330 636 1516 704 νόμου,
1559 634 1741 699 καθώς

157 754 297 807 φησι
328 737 394 789 δι’
428 734 693 805 Ἱερεμίου
732 731 824 784 τοῦ
848 732 1130 802 προφήτου
1151 748 1164 761 ’
1208 729 1419 794 Διὸοὺς
1445 727 1616 781 δώσω
1640 729 1740 782 νό-

152 845 315 897 μους
339 845 459 896 μου
493 829 580 892 εὶς
604 827 718 893 τὴν
745 824 1018 878 διάνοιαν
1048 822 1270 885 αὐτῶν,
1321 820 1417 874 καὶ
1457 821 1554 873 ἐπὶ
1602 836 1741 888 καρ-

157 920 299 984 δίας
319 917 519 974 αὐτῶν
549 917 755 988 γράψω
785 916 1027 982 αὐτοὺς,
1062 915 1148 967 ἵνα
1181 914 1348 984 δηλοῖ,
1382 914 1462 965 ὅτι
1499 913 1611 975 τοῖς
1657 913 1742 963 ἐν-

157 1013 403 1074 δοτάτοις
428 1013 522 1064 καὶ
551 1012 759 1080 νοητοῖς
780 1011 878 1079 τῆς
908 1008 1134 1079 καρδίας
1165 1005 1412 1077 ταμείοις
1441 1005 1472 1074 ή
1514 1003 1742 1073 Ἐκκλη-

159 1102 254 1154 σία
280 1102 371 1154 τὸν
406 1101 591 1154 καινὸν
622 1098 990 1170 παραδέξηται
1037 1099 1221 1168 νόμον,
1268 1097 1487 1159 καὶτὰς
1523 1095 1740 1158 ἐντολὰς

159 1194 371 1265 σφόδρα
401 1193 624 1264 θελήσῃ.

229 1284 743 1355 Εὑηγγελισάμην
762 1284 1160 1351 δικαιοσύνην
1181 1283 1250 1337 ἐν
1289 1284 1620 1351 Ἐκκλησία
1637 1301 1742 1352 με·

152 1376 339 1446 τιὰλῃ.
375 1375 672 1445 Ἐκκλησία
722 1375 931 1444 μεγάλη
969 1375 1002 1444 ἡ
1036 1372 1177 1425 κατὰ
1203 1375 1310 1426 πᾶν
1336 1373 1486 1436 ἔθνος
1514 1373 1740 1426 πιστεύ-

157 1487 306 1522 σασα
357 1467 435 1538 τῷ
491 1467 706 1537 Σωτῆρι
733 1467 908 1537 ψυχή·
966 1466 999 1535 ἢ
1057 1467 1150 1518 καὶ
1203 1465 1547 1518 δεδικαίωται
1579 1465 1740 1519 αὐτὸν

157 1560 363 1630 ἔχουσα
394 1559 486 1611 τὸν
532 1558 848 1611 δικαιοῦντα
901 1557 992 1609 τὸν
1039 1556 1241 1626 ἀσεὸἧ..
1272 1556 1392 1624 Τὴν
1435 1555 1741 1609 δικαιοσύτ

155 1671 277 1719 νην
306 1668 422 1705 σου
459 1653 570 1705 οὐκ
599 1650 835 1718 ἔκρυψα
865 1649 934 1702 ἐν
980 1649 1056 1718 τῇ
1099 1648 1312 1716 καρδίᾳ
1347 1666 1487 1716 μου.
1524 1649 1739 1700 Δικαιο-

158 1743 330 1814 σύνην
388 1741 486 1813 μὲν
522 1743 622 1812 τὴν
659 1742 725 1794 δι’
767 1739 932 1795 αὐτοῦ
987 1741 1406 1812 κεκηρυγμένην
1441 1742 1594 1810 φησὶ,
1643 1741 1739 1812 τὴν

154 1837 302 1904 ὑπὲρ
325 1836 489 1905 νόμον
521 1836 614 1887 καὶ
643 1835 800 1888 σκιάν
829 1853 842 1866 ·
873 1834 934 1886 τὸ
969 1835 1046 1897 δὲ,
1066 1833 1273 1904 ἔγνως,
1311 1835 1432 1887 ἀντὶ
1468 1835 1580 1896 τοῦ,
1615 1834 1740 1886 ἰδιο-

156 1927 395 1997 ποιήσω.
436 1925 553 1992 Τὴν
585 1925 874 1991 ἀλήθειάν
894 1940 1010 1979 σου
1041 1925 1139 1978 καί
1171 1926 1237 1979 τὸ
1281 1927 1576 1994 σωτήριόν
1625 1942 1740 1980 σου

154 2014 320 2071 εἶπα.
349 2017 424 2070 Οὐ
461 2017 750 2087 σεσίγηκα,
796 2018 949 2086 φησὶ,
991 2018 1113 2070 οὺδέ
1144 2017 1402 2087 συνέσχον
1428 2020 1486 2071 ἐν
1516 2016 1742 2088 ἐμαυτῷ

154 2109 257 2180 τὴν
296 2108 555 2179 ἀλήθειάν
586 2126 700 2161 σου.
738 2108 1018 2179 Ἀλήθειαν
1047 2108 1103 2161 δέ
1141 2126 1274 2179 φησι
1298 2110 1359 2162 τὸ
1388 2108 1741 2178 εὐαγγελικὸν

155 2205 448 2274 κήρυγμα.
501 2202 640 2254 Ἀλλ’
670 2202 788 2256 οὐδὲ
811 2201 1020 2273 ἔκρυψα
1047 2203 1107 2254 τὸ
1142 2203 1406 2273 σωτήριόν
1435 2221 1548 2267 σου,
1587 2220 1742 2256 τουτ-

152 2295 272 2348 έστι
322 2294 426 2364 τῆς
474 2294 625 2365 παρὰ
674 2293 766 2346 σοῦ
817 2294 1067 2363 δοθείσης
1129 2296 1404 2366 σωτηρίας
1451 2295 1552 2366 τὴν
1602 2295 1740 2362 ὁδὸν,

153 2389 276 2458 ἦτοι
301 2386 402 2458 τὴν
425 2387 511 2439 διὰ.
541 2387 644 2456 τῆς
670 2387 905 2450 πίστεως
935 2386 1112 2457 χάριν.
1141 2386 1471 2457 Συναγωγὴν
1512 2386 1570 2440 δὲ
1610 2387 1742 2439 πολ-

153 2480 274 2551 λὴν,
303 2480 404 2550 τὴν
441 2481 505 2532 ἐκ
535 2479 630 2532 τοῦ
672 2479 888 2550 Ἰσραὴλ
919 2480 1014 2532 καὶ
1057 2479 1166 2531 τῶν
1201 2479 1370 2532 ἐθνῶν
1397 2478 1744 2549 συνειλεγμέ-

153 2589 254 2643 νην
298 2571 632 2641 Ἐκκλησίαν
659 2571 848 2640 φησίν.
891 2571 1291 2624 Ἀποκαλύπτει
1321 2571 1430 2643 γὰρ
1458 2572 1486 2623 ὁ
1510 2570 1744 2642 Χριστὸς

153 2666 288 2729 τοὺς
321 2665 453 2736 περὶ
487 2664 670 2728 ἐλέους
710 2665 804 2717 καὶ
831 2663 1089 2736 ἀληθείας
1133 2665 1326 2735 λόγους
1363 2669 1429 2737 τῇ
1474 2665 1632 2735 φύσει
1675 2668 1742 2737 τῇ

154 2758 380 2828 λογικῇ,
416 2757 510 2810 καὶ
541 2757 670 2819 τοὺς
699 2757 828 2828 περὶ
864 2758 1159 2830 σωτηρίας.
1191 2759 1300 2811 Καὶ
1328 2760 1454 2822 τοὺς
1496 2759 1593 2829 μὲν
1617 2760 1744 2830 περὶ

155 2849 423 2920 ἀληθείας
448 2848 638 2916 λόγους
668 2849 888 2920 εὑρήσει
913 2851 970 2904 ἐν
991 2853 1056 2922 τῇ
1097 2849 1322 2922 θεωρία,
1354 2851 1480 2915 τοὺς
1513 2850 1571 2904 δὲ
1615 2850 1744 2922 περὶ

157 2942 448 3012 σωτηρίας
473 2943 530 2995 ἐν
560 2944 624 3012 τῇ
658 2945 959 3014 πρακτικῇ.

224 3030 317 3084 Σὺ
348 3029 439 3092 δὲ,
473 3031 674 3098 Κύριε,
719 3030 806 3099 μὴ
853 3033 1168 3102 μακρύνῃς
1221 3032 1364 3098 τοὺς
1405 3032 1742 3102 οἰκτιρμούς
1768 3062 1812 3120 ο

155 3137 277 3176 σου
302 3123 409 3176 ἀπ’
457 3121 623 3191 ἐμοῦ.
655 3123 976 3188 Διδάξαντος
1002 3123 1097 3176 τοῦ
1128 3121 1366 3194 Χριστοῦ
1392 3124 1454 3176 τὸ
1488 3124 1616 3194 περὶ
1646 3125 1745 3194 τῆς

152 3211 479 3280 οἰκονομίας
511 3212 827 3282 μυστήριον,
864 3212 1231 3282 είσκομίζεται
1272 3212 1366 3264 τοῦ
1427 3212 1642 3284 Ἰσραὴλ
1684 3212 1748 3266 τὸ

154 3304 458 3376 πρόσωπον
484 3303 577 3356 τοῦ
610 3304 890 3374 μείναντος
929 3305 986 3355 ἐν
1020 3303 1293 3374 ἀπειθείᾳ..
1336 3304 1422 3367 Ὠς
1449 3305 1558 3378 γάρ
1587 3306 1746 3358 ἀπει-

154 3395 336 3466 θήσας
365 3393 447 3464 τῷ
478 3394 618 3447 ἐλέει
659 3395 754 3447 τοῦ
792 3393 950 3458 Θεοῦ,
987 3396 1077 3448 καὶ
1118 3394 1206 3447 διὰ
1247 3394 1406 3448 τοῦτο
1456 3413 1747 3467 παρεωρα-

159 3487 344 3557 μένος,
373 3489 471 3540 καὶ
509 3487 568 3539 ἐν
600 3487 762 3541 παντὶ
805 3485 1042 3554 γεγονὼς
1077 3487 1253 3557 κακῷ,
1300 3489 1560 3558 ἁνανήφει
1610 3487 1747 3558 πρὸς

164 3573 536 3648 μετάγνωσιν,
567 3579 1036 3650 κατοικτείρεσθαι
1078 3579 1430 3649 παρακαλῶν.
1480 3579 1747 3650 Σημαίνε-

156 3689 250 3723 ται
282 3671 341 3723 δὲ
371 3673 406 3740 ἡ
440 3672 525 3723 ἐπ’
561 3671 790 3741 ἐσχάτου
833 3671 1026 3742 καιροῦ
1057 3671 1396 3742 γενησομένη
1431 3671 1623 3742 κλῆσις
1651 3673 1744 3725 αὑ-

155 3764 286 3818 τῶν.
322 3765 394 3818 Τὸ
418 3765 592 3829 ἔλεός
621 3780 737 3817 σου
766 3765 861 3817 καί
906 3765 944 3831 ἡ
983 3763 1232 3829 ἀλήθειά
1260 3782 1376 3818 σου
1423 3764 1746 3830 διαπαντὸς

158 3855 580 3910 ἀντιλάϐοιντό
603 3874 742 3924 μου.
778 3856 1194 3927 Ὀμολογοῦμεν,
1239 3857 1420 3927 φησὶν,
1455 3857 1537 3908 ὅτι
1584 3857 1745 3920 αὐτὸς

160 3943 244 4010 εἷς
270 3949 300 3999 ὁ
331 3947 502 4000 πάλαι
535 3946 722 4011 σῶζων
743 3949 893 4017 ἡμᾶς
923 3948 1016 4001 καὶ
1049 3947 1598 4017 ἀντιλαμϐανόμενος.
1639 3948 1746 4000 Καὶ

159 4040 404 4108 τυχοῦσα
436 4040 535 4109 τῆς
565 4041 837 4111 σωτηρίας
865 4043 897 4110 ἡ
923 4039 1014 4093 τοῦ
1054 4037 1188 4092 Θεοῦ
1225 4039 1540 4110 Ἐκκλησία,
1575 4039 1744 4092 δεῖται

161 4133 328 4186 πάλιν
352 4133 455 4201 τῆς
485 4132 578 4185 τοῦ
611 4133 748 4186 Θεοῦ
782 4133 1121 4204 προμηθείας
1153 4132 1242 4185 διὰ
1264 4131 1363 4195 τὰς
1397 4133 1744 4196 παντοδαπὰς

161 4227 271 4280 τῶν
300 4225 606 4298 ἀνθρώπων
654 4227 748 4278 καὶ
779 4225 1044 4296 δαιμόνων
1093 4225 1511 4288 ἐπαναστάσεις,
1561 4218 1635 4278 ὧν
1681 4226 1742 4277 ἐν

159 4321 275 4382 τοῖς
305 4318 435 4387 ἑξῆς
469 4318 688 4388 μνήμην
719 4321 976 4374 ποιεῖται.

248 4415 380 4464 ’Ὁτι
411 4411 736 4478 περιέσχον
755 4428 832 4478 με
860 4410 1014 4464 κακὰ
1032 4403 1120 4462 ὧν
1142 4413 1251 4464 οὐκ
1289 4413 1459 4465 ἐστιν
1474 4412 1738 4480 ἀριθμός.
1775 4398 1818 4462 Ι)

161 4503 246 4558 Τὰ
282 4503 424 4574 μετά
446 4503 544 4573 τὴν
573 4502 828 4554 ἀπιστίαν
857 4501 956 4572 τὴν
979 4505 1057 4565 εἰς
1088 4502 1322 4572 Χριστὸν
1355 4503 1741 4574 συμϐεϐηκότα

160 4596 351 4657 αὐτοῖς
377 4593 643 4663 διηγεῖται
684 4592 850 4644 κακά.
902 4593 1408 4660 Ἐπληθύνθησαν
1437 4594 1590 4661 ὑπὲρ
1635 4593 1742 4660 τὰς

160 4690 374 4756 τρίχας
388 4685 500 4754 τῆς
518 4683 784 4753 κεφαλῆς
805 4701 942 4752 μου,
977 4684 1072 4736 καὶ
1087 4686 1124 4752 ἠ
1166 4685 1378 4751 καρδία
1395 4703 1514 4753 μου
1536 4686 1743 4754 ἐγκατ-

159 4778 338 4832 ἐλιπέ
388 4795 484 4846 με.
527 4779 748 4846 Ὅμοιον
775 4777 908 4829 ὡσεὶ
941 4776 1160 4844 ἔλεγεν·
1209 4777 1353 4840 Ἰσος
1378 4776 1576 4844 γέγονα
1628 4779 1742 4840 τοῖς

158 4871 264 4925 οὐκ
293 4869 477 4939 ἔχουσι
505 4868 679 4938 νοῦνῆ
710 4869 934 4940 καρδίαν
955 4885 970 4899 ·
1001 4869 1189 4936 γέγονε
1229 4868 1338 4940 γὰρ
1379 4869 1503 4931 λαὸς
1539 4868 1739 4940 μωρὸς,

163 4963 262 5015 καὶ
291 4961 413 5030 οὐχὶ
445 4961 624 5029 σοφός.

247 5052 805 5119 Ἀποστραφειησαν
829 5053 916 5117 εἰς
937 5051 1009 5103 τὰ
1040 5051 1233 5104 ὀπίσω
1254 5051 1350 5103 καὶ
1385 5067 1744 5120 καταισχυν-

165 5145 415 5210 θείησαγ
453 5146 506 5196 οἱ
554 5142 833 5208 θέλοντές
877 5160 981 5211 μοι
1041 5141 1216 5194 κακά.
1257 5143 1327 5193 Ἢ
1383 5141 1493 5194 τῶν
1539 5143 1744 5212 νοητῶν

166 5236 379 5306 ἰχθρῶν
413 5234 772 5296 καταϐοῶσιν,
808 5233 841 5303 ἢ
871 5234 979 5286 τῶν
1018 5232 1397 5303 Γραμματείοιν
1431 5233 1525 5285 καὶ
1575 5235 1742 5306 Φαρι-

167 5326 336 5378 σαίων
359 5324 469 5377 τῶν
492 5324 986 5377 ἐπιϐουλευσάντων
1018 5326 1083 5393 τῇ
1137 5323 1378 5394 σωτηρίᾳ
1418 5324 1518 5393 τῆς
1566 5323 1744 5395 ψυχῆς

166 5416 354 5480 αὑτοῦ,
416 5417 682 5484 λεγόντων
736 5415 914 5468 αὐτῶν
966 5415 1092 5486 περὶ
1152 5416 1390 5484 Χριστου
1451 5415 1578 5466 ποτέ
1621 5416 1739 5484 μέν’

170 5510 289 5560 Οὐκ
317 5506 603 5560 ἐκϐάλλει
631 5508 706 5561 τὰ
734 5507 1006 5576 δαιμόνια
1046 5509 1098 5560 εί
1121 5506 1208 5575 μὴ
1238 5507 1307 5558 ἐν
1340 5504 1699 5566 Βεελζεϐούλ
1727 5522 1740 5538 ⁸

169 5600 294 5652 ποτὲ
319 5600 398 5651 δέ·
434 5603 748 5668 Δαιμόνιον
774 5601 956 5667 ἔχεις,
976 5600 1067 5665 τίς
1096 5617 1167 5652 σε
1193 5597 1349 5664 ζητεῖ
1368 5599 1742 5660 ἀποκτεῖναω

1843 453 2013 506 scribe
2071 455 2128 504 in
2172 455 2284 520 ipso
2313 452 2449 520 stylo
2508 454 2735 509 hominis
2767 456 2833 508 ’7.
2892 456 3176 526 Contingit
3228 469 3408 513 autem

1842 559 1950 598 non
1981 545 2034 598 in
2060 545 2260 597 tabulis
2286 545 2536 612 lapideis,
2556 546 2647 599 sed
2684 547 2996 602 carnalibus
3018 550 3256 603 describi
3280 567 3414 619 prte-

1841 647 1996 702 cepta
2027 651 2180 689 novae
2210 637 2382 704 legis:
2411 638 2874 703 quemadmodum
2914 640 2990 692 ait
3022 641 3110 694 ille
3142 657 3235 710 per
3259 640 3417 695 Jere—

1841 726 2006 778 miam
2041 727 2357 794 prophetam
2386 726 2461 778 93;
2489 726 2635 779 Dtms
2661 727 2795 779 dabo
2823 728 2958 798 leges
2994 747 3137 785 meas
3185 734 3240 784 in
3271 748 3415 784 men-

1842 831 1942 872 tem
1968 820 2230 886 ipsorum,
2256 829 2304 872 et
2360 820 2415 872 in
2449 821 2604 873 corde
2631 837 2814 873 eorum
2862 823 3158 877 describam
3202 842 3312 889 eas,
3355 833 3417 879 ut

1839 909 2082 963 declaret
2111 907 2356 962 futurum
2388 920 2447 962 ut
2490 909 2734 964 Ecclesia
2763 912 2815 964 in
2845 913 3054 967 intimis
3103 924 3157 967 et
3206 916 3417 969 intelli-

1839 1001 2098 1069 gibilibus
2130 1003 2312 1054 cordis
2332 1003 2690 1069 receptaculis
2722 1019 2916 1058 novam
2953 1005 3125 1075 legem
3155 1007 3412 1076 recipiat,

1839 1101 1895 1146 et
1923 1093 2179 1146 mandata
2209 1094 2464 1146 ardenter
2492 1094 2702 1164 diligat.

1910 1267 1998 1320 10.
2031 1267 2646 1336 Annuntiarijustitiam
2684 1270 2738 1322 in
2781 1269 3024 1324 Ecclesia
3060 1289 3274 1342 magna.
3311 1272 3416 1328 Ec-

1839 1358 2006 1413 clesia
2045 1375 2238 1427 magna
2287 1369 2372 1414 est
2403 1362 2658 1428 quarlibet
2696 1362 2880 1415 anima
2929 1378 3050 1430 qua:
3087 1379 3181 1431 per
3223 1380 3417 1419 omnes

1840 1463 2032 1520 gentes
2070 1449 2340 1505 Salvatori
2397 1453 2650 1517 credidit,
2685 1469 2806 1522 qua:
2836 1455 2998 1507 etiam
3047 1456 3415 1521 justiticatur,

1842 1557 1967 1595 eum
1997 1542 2206 1596 habens
2230 1543 2322 1610 qui
2354 1542 2620 1612 justiﬁcat
2661 1544 2912 1611 impium.
2939 1543 3224 1598 Justitiam
3270 1557 3418 1599 luam

1843 1647 1946 1684 non
1985 1631 2238 1685 abscondi
2270 1633 2325 1684 in
2360 1634 2516 1686 corde
2555 1650 2688 1687 meo.
2711 1633 2989 1688 Justitiam
3028 1637 3096 1689 ab
3133 1637 3252 1706 ipso
3279 1653 3420 1705 pra:-

1772 1719 1811 1772 Β
1840 1725 2076 1778 dicatam
2102 1725 2372 1794 intelligit,
2404 1742 2523 1795 qua:
2545 1738 2630 1780 est
2665 1743 2830 1795 supra
2861 1729 3031 1796 legem
3068 1737 3121 1782 ct
3144 1730 3416 1784 umbram.

1845 1815 1977 1870 Illud
2001 1827 2205 1881 autem,
2238 1827 2293 1870 tu
2332 1820 2502 1882 scisti,
2557 1821 2820 1887 positum,
2858 1837 2955 1889 pro
3009 1822 3101 1874 tibi
3139 1825 3419 1891 proprium

1842 1907 2041 1964 fecisti.
2083 1908 2371 1963 Veritatem
2401 1920 2621 1963 tuamet
2657 1915 2895 1964 salutare
2947 1922 3097 1965 tuum
3129 1915 3262 1966 dixi.
3301 1912 3419 1968 Non

1844 2000 1970 2054 silui
2022 2016 2198 2069 neque
2232 2002 2432 2054 retinui
2487 2002 2539 2054 iii
2574 2006 2895 2071 memctipso
2926 2006 3206 2057 veritatem
3246 2014 3417 2062 tuam.

1849 2090 2149 2144 Veritatem
2181 2100 2360 2144 autem
2394 2091 2490 2157 ait,
2539 2093 2908 2162 evangelicum
2955 2095 3416 2162 praedicationem.

1842 2180 2030 2251 Neque
2059 2183 2299 2236 salutare
2338 2193 2490 2236 tuum
2533 2185 2817 2250 abscondi,
2867 2186 2918 2238 id
2954 2193 3058 2245 est,
3099 2187 3292 2240 salutis
3321 2189 3420 2242 abs

1841 2286 1894 2332 te
1925 2279 2065 2332 datae
2093 2279 2390 2343 viam,sive
2411 2279 2640 2346 gratiam
2675 2297 2796 2349 (piae
2815 2296 2908 2348 per
2941 2282 3099 2334 [idem
3119 2283 3419 2342 obtinetur.

1841 2367 2146 2422 Concilium
2173 2377 2354 2421 autem
2397 2368 2628 2422 multum
2675 2371 2750 2422 ait
2795 2369 3090 2424 Ecclesiam
3123 2388 3186 2424 ex
3224 2371 3419 2426 Israele

1841 2467 1896 2513 et
1924 2475 1990 2512 ex
2017 2460 2269 2528 gentibus
2303 2473 2706 2530 congregatam.
2759 2460 2978 2516 Revelat
3003 2463 3203 2530 quippe
3229 2462 3416 2516 Domi-

1844 2541 1948 2604 tius
1989 2560 2198 2605 natura:
2246 2552 2500 2605 rationali
2556 2568 2839 2607 sermones
2864 2554 2929 2607 de
2973 2555 3344 2610 misericm'dia
3367 2563 3423 2610 et

1849 2646 2100 2711 veritate,
2135 2655 2189 2700 et
2214 2661 2497 2701 sermones
2525 2648 2591 2702 de
2617 2649 2812 2702 salute.
2864 2647 2931 2703 Et
2962 2665 3244 2704 sermones
3289 2651 3418 2719 qui-

1851 2735 1972 2789 dem
2003 2737 2070 2790 de
2102 2736 2329 2792 veritate
2360 2740 2600 2794 inveniet
2632 2739 2798 2793 homo
2835 2740 2888 2793 in
2915 2743 3412 2811 contemplatione:

1844 2843 2134 2884 sermones
2168 2839 2350 2886 autem
2381 2831 2448 2886 de
2473 2833 2667 2897 salute,
2698 2833 2751 2886 in
2788 2834 3024 2892 actione.

1916 3041 2001 3095 12.
2046 3041 2123 3095 Tu
2147 3053 2344 3109 autem,
2385 3043 2628 3105 Domine,
2665 3063 2728 3100 ne
2755 3047 2910 3118 longe
2962 3049 3132 3118 facias
3187 3051 3415 3106 misera-

1849 3133 2013 3186 tiones
2043 3145 2161 3187 tuas
2196 3151 2230 3188 α
2258 3152 2356 3191 me.
2416 3134 2712 3204 Postquam
2760 3139 2948 3192 docuit
2978 3139 3235 3195 Christus
3264 3158 3386 3197 meo

1848 3225 2046 3278 nomia:
2078 3227 2420 3296 mysterium,
2451 3228 2665 3283 inducit
2713 3229 2931 3283 lsraelis
2964 3246 3279 3300 personam,
3322 3235 3418 3303 qui

1847 3312 1902 3366 in
1957 3314 2338 3370 incredulitate
2371 3320 2693 3386 permansit.
2756 3319 2825 3374 Ut
2869 3333 3088 3390 autem,
3152 3328 3414 3394 quoniam

1855 3405 2254 3460 misericordi-.2
2311 3407 2407 3462 Dei
2472 3425 2579 3462 non
2634 3411 3049 3481 obtemperavit,
3082 3417 3420 3484 ueglectusa

1847 3493 1957 3548 Deo
1983 3506 2084 3560 est,
2107 3505 2161 3550 et
2199 3498 2363 3551 nullis
2397 3515 2503 3552 non
2526 3499 2751 3555 allectus
2791 3512 2872 3554 est
2901 3505 3059 3557 malis
3087 3523 3100 3570 ;
3130 3507 3270 3574 resip
3295 3507 3421 3571 scit,

1847 3597 1901 3642 et
1930 3591 2248 3656 paenitentia
2305 3601 2486 3645 motus
2514 3602 2668 3662 roget
2715 3602 2773 3646 ut
2817 3610 2881 3647 ex
2917 3597 3291 3650 misericordia
3322 3615 3413 3651 se-

1851 3690 1974 3729 cum
2005 3688 2218 3744 agatur.
2254 3677 2604 3745 Signiticatur
2631 3692 2814 3735 autem
2849 3683 3164 3739 Judzeorum
3204 3690 3420 3742 \‘00nll0

1846 3766 2105 3818 extremis
2161 3768 2498 3833 temporibus
2550 3769 2753 3822 futura.
2809 3771 3182 3826 Misericordia
3220 3784 3311 3828 tua
3366 3785 3417 3828 et

1845 3856 2033 3908 veritas
2067 3866 2157 3909 tua
2188 3860 2699 3928 sempersuscipiant
2742 3878 2843 3914 me.
2903 3863 3263 3931 Conlitetnur,
3313 3869 3413 3930 ait,

1846 3955 1898 4000 te
1925 3947 2053 3999 olim
2109 3947 2280 4002 fuisse
2309 3951 2403 4018 qui
2441 3966 2541 4004 nos
2573 3953 2848 4017 servabas,
2898 3963 2951 4007 et
2982 3957 3236 4023 prmsidio
3262 3959 3420 4012 nobis

1846 4051 1988 4090 eras.
2025 4036 2089 4090 Et
2131 4038 2258 4090 olim
2289 4040 2515 4093 salutem
2542 4053 2832 4096 consecuta
2863 4042 2952 4096 Dei
2990 4042 3231 4099 Ecclesia
3265 4059 3420 4115 rogat

1846 4128 2045 4182 iterum
2099 4128 2192 4183 Dei
2250 4131 2646 4198 providentiam
2698 4144 2751 4188 et
2804 4135 3090 4200 auxilium,
3144 4141 3412 4193 adversus

1846 4222 2177 4290 multiplices
2209 4223 2489 4275 hominum
2521 4234 2684 4293 atque
2714 4226 3024 4280 daemonum
3060 4229 3416 4298 irruptiones,

1849 4328 2083 4382 quarum
2113 4315 2432 4368 memoriam
2461 4316 2512 4368 in
2550 4319 2908 4385 sequentibus
2933 4320 3064 4388 agit.

1919 4405 2004 4458 15.
2041 4404 2304 4468 Quoniam
2353 4408 2806 4461 circumdederunt
2854 4427 2933 4462 me
2967 4410 3131 4478 mala,
3193 4428 3418 4482 quorum

1850 4505 2055 4549 nonest
2104 4513 2370 4550 numerus.
2404 4496 2540 4551 Mala
2580 4508 2826 4552 recenset
2863 4515 2986 4568 quae
3049 4501 3183 4569 ipsis
3217 4518 3418 4555 secun-

1849 4587 1977 4640 dum
2014 4603 2170 4641 suam
2202 4602 2328 4657 erga
2346 4587 2626 4642 Christum
2657 4590 3028 4645 inﬁdelitatem
3053 4594 3412 4649 obvenerunt.

1852 4678 2230 4748 Multiplicata:
2264 4689 2386 4733 sunt
2417 4696 2572 4748 super
2604 4681 2826 4742 capillos
2858 4683 3049 4751 capitis
3075 4685 3196 4748 mei,
3232 4697 3277 4737 et
3328 4701 3422 4737 Cof

1850 4786 2017 4822 meum
2047 4771 2324 4840 dereliquit
2354 4787 2448 4823 me.
2483 4771 2710 4826 Perinde
2733 4784 2815 4826 est
2844 4788 2910 4827 ac
2951 4774 2998 4826 si
3030 4774 3235 4828 diceret
3278 4793 3292 4828 :
3330 4774 3418 4827 Si-

1849 4861 1999 4915 milis
2028 4860 2105 4914 lui
2146 4862 2226 4916 eis
2255 4862 2346 4930 qui
2394 4877 2493 4915 nec
2520 4872 2756 4917 mentem
2790 4881 2891 4919 nec
2918 4881 3012 4919 cor
3039 4866 3263 4924 habent.
3313 4864 3420 4920 Fa-

1844 4963 1967 5007 ctus
1993 4961 2077 5006 est
2095 4954 2240 5006 enim
2273 4953 2506 5021 populus
2543 4955 2747 5010 stultus
2777 4965 2830 5009 et
2879 4957 3167 5026 insipiens.

1918 5044 2004 5098 15.
2057 5045 2380 5098 Avertantur
2422 5055 2712 5100 retrorsum
2769 5057 2820 5102 et
2848 5051 3156 5104 erubescant
3205 5051 3296 5121 qui
3329 5067 3418 5104 υο-

1847 5138 1962 5191 lunt
2006 5138 2137 5190 mihi
2183 5137 2347 5193 mala.
2382 5138 2490 5193 Aut
2521 5139 2786 5196 adversus
2815 5143 3126 5210 spirituales
3163 5144 3420 5198 inimicos

1845 5232 2175 5291 exclamant,
2212 5240 2305 5284 aut
2343 5232 2604 5286 adversus
2631 5234 2854 5288 Scribas
2884 5247 2937 5288 et
2974 5235 3301 5299 Pharisazos,
3322 5237 3417 5303 qui

1849 5323 2011 5377 saluti
2052 5323 2245 5375 anima:
2293 5322 2411 5390 ejus
2442 5324 2839 5378 insidiabantur
2879 5327 2945 5380 de
2973 5326 3193 5380 Christo
3229 5325 3418 5379 dicen-

1849 5425 1952 5478 tes,
1981 5411 2315 5468 modo:Non
2338 5415 2486 5483 ejicit
2523 5416 2787 5470 da'monia
2818 5420 2919 5471 nisi
2952 5420 3006 5470 in
3032 5416 3309 5470 Beelzebul
3336 5416 3412 5482 9’;

1850 5507 2047 5559 modo;
2109 5505 2436 5560 Damonium
2489 5507 2684 5575 habes,
2728 5510 2846 5580 quis
2895 5520 2941 5563 te
2978 5510 3168 5578 qua'rit
3210 5508 3416 5577 interii-

1851 5615 1962 5651 cere
1989 5598 2038 5650 τί

233 5692 276 5722 ’⁷
315 5691 418 5746 lsa.
458 5709 575 5757 vni,
614 5695 661 5750 1.
734 5695 778 5726 ’⁸
809 5690 1007 5749 Jerem.
1035 5710 1180 5759 xxxi,
1219 5693 1306 5747 55.
1385 5698 1428 5729 ⁸³
1458 5691 1645 5746 Matth.
1685 5710 1736 5747 tu

1858 5694 1906 5746 ί.
1987 5690 2187 5746 *Joan.
2227 5706 2296 5744 vn
2349 5691 2436 5744 20.
