3872 6216
476 255 575 307 195

545 370 630 423 l8.
657 369 768 438 Ego
801 376 976 421 autem
1009 369 1276 420 mendicus
1329 384 1442 421 sum
1503 376 1552 421 et
1599 383 1818 436 pauper,
1851 365 2032 418 Domi-
2063 367 2111 424 Α

473 479 570 514 nus
597 461 859 514 sollicitus
892 461 992 513 erit
1041 460 1164 513 mei.
1201 459 1368 512 Israel
1414 459 1503 513 ille
1560 460 1690 512 olim
1736 457 2030 511 admodum

472 555 624 606 ferox
661 554 727 606 ad
776 551 1148 621 paenitentiam
1209 566 1424 615 versus,
1477 566 1599 605 sese
1654 566 1949 628 pauperem
1974 557 2029 602 et

471 644 778 697 mendicum
833 650 1012 697 vocat.
1057 641 1122 695 Et
1177 642 1424 713 adjungit
1451 658 1510 698 se
1550 643 1844 698 Dominum
1876 657 2028 712 spem

472 735 672 787 habere
696 749 871 786 suam.

539 824 767 892 Adjutor
797 840 938 877 meus
972 835 1017 876 et
1041 834 1304 893 protector
1332 841 1475 878 meus
1517 834 1571 877 tu
1597 842 1672 891 es,
1690 825 1831 879 Deus
1863 841 2028 888 meus,

469 928 532 964 ne
561 915 872 967 tardaveris.
917 914 1029 980 (l2)
1065 915 1255 968 Daniel
1279 915 1568 973 Barbarus.
1605 914 1758 970 Hunc
1800 916 2028 980 exitum,

468 1003 660 1072 inquit,
688 1004 905 1058 habebit
931 1003 1198 1068 Ecclesia,
1246 1014 1304 1058 ut
1339 1021 1461 1074 quae
1512 1007 1664 1074 prius
1695 1021 1898 1075 pauper
1927 1005 2028 1060 fuit

463 1103 516 1144 ct
555 1094 846 1147 inmundo
893 1095 1075 1162 inopia
1125 1097 1360 1164 graviter
1410 1107 1766 1165 premeretur,
1813 1097 2026 1149 tandem

462 1185 700 1252 potentia
725 1195 815 1237 tua
846 1185 1068 1251 ditetur,
1108 1195 1161 1241 et
1196 1189 1401 1241 auxilio
1430 1199 1524 1242 tuo
1552 1189 1788 1258 gloriosa
1831 1189 2024 1243 redda-

463 1281 570 1337 tur,
603 1273 747 1339 quod
773 1274 904 1342 petit
947 1291 1014 1328 ne
1050 1275 1104 1328 in
1141 1276 1361 1344 longum
1407 1279 1778 1346 protrahatur,
1813 1285 1865 1330 et
1893 1292 2026 1346 pro-

461 1376 582 1434 pter
617 1365 737 1433 ejus
783 1367 1098 1434 petitionem
1144 1368 1281 1420 nihil
1321 1369 1646 1431 morabitur,
1699 1369 1857 1438 juxta
1889 1368 2022 1422 illud

460 1458 612 1527 quod
647 1458 849 1510 dicitur
879 1461 900 1490 ³
929 1478 941 1512 :
993 1458 1211 1512 Veniens
1243 1463 1406 1513 veniet
1440 1471 1487 1514 et
1520 1479 1622 1515 non
1655 1463 1913 1518 tardabit.

701 1547 753 1600 1.
781 1546 844 1600 1η
870 1548 1027 1616 ﬁnem
1062 1548 1397 1605 PSALMUS
1429 1553 1621 1607 David.
1657 1553 1775 1606 XL.

1038 1640 1437 1708 Argumentum.

1317 215 1374 307 si.
1415 250 1788 305 ATHANASII
1828 250 1979 304 opp.
2021 250 2199 305 PARS
2245 252 2332 306 ιιι.
2367 286 2434 297 -
2472 255 2888 311 exessum.

3605 262 3709 318 196

2219 368 2358 436 Ἐγὼ
2389 369 2455 422 δὲ
2487 374 2719 438 πτωχός
2745 372 2860 438 ειμι
2893 369 2990 422 καὶ
3033 369 3254 438 πένης-ς
3289 372 3503 438 Κύριος
3527 390 3717 441 φρονι-

2137 461 2252 514 τιεῐ
2269 480 2407 530 μου.
2461 464 2516 515 Ὀ
2561 463 2702 515 πάνυ
2733 462 2937 533 Θρασὺς
2983 461 3218 532 Ἰσραὴλ,
3255 463 3314 516 ὲν
3368 464 3710 533 μεταγνώσει

2134 549 2442 620 γενόμενος,
2472 551 2678 620 πένητα
2702 551 2797 603 καὶ
2829 552 3040 619 πτωχὸν
3063 551 3253 603 ἑαυτὸν
3282 552 3563 604 ἁποκαλει.
3596 553 3712 607 Καὶ

2141 639 2244 709 μὴν
2269 641 2360 692 καὶ
2389 641 2550 694 αὑτὸν
2585 642 2728 712 ἔχειν
2757 641 2846 694 τὸν
2875 642 3076 712 Κύριον
3118 643 3216 713 τὴν
3250 643 3438 696 ἐλπίδα
3470 645 3708 714 ὲπιγράο

2135 747 2309 798 φεται.

2205 825 2428 888 Βοηθός
2452 840 2569 891 μου
2617 822 2717 875 καὶ
2765 819 3226 890 ὑπερασπιστὴς
3251 840 3369 890 μου
3411 821 3468 878 εί
3516 824 3597 877 σύ
3623 841 3636 854 °
3671 827 3706 878 ὀ

2135 912 2277 976 Θεός
2311 929 2451 978 μου,
2490 911 2573 980 μὴ
2626 914 2937 980 χρονίσῃς.
2972 913 3065 975 Εἰς
3113 913 3170 966 δὲ
3217 914 3388 966 ταῦτα
3439 914 3506 966 τὰ
3544 913 3703 984 τέλη,

2131 1002 2283 1071 φησὶ,
2319 1003 2651 1072 προὸήσεται
2682 1005 2714 1073 ἡ
2774 1004 3064 1073 Ἐκκλησία
3103 1005 3460 1074 πτωχεύσασα
3503 1007 3707 1076 πρότεο

2131 1110 2222 1160 ρον
2255 1093 2348 1145 καὶ
2373 1092 2459 1145 διὰ
2487 1094 2676 1156 πενίας
2716 1093 2918 1164 πολλῆς
2968 1093 3198 1147 ἐλθοῦσα
3243 1098 3299 1147 ὲν
3347 1096 3556 1164 κόσμῳ,
3605 1097 3706 1149 καὶ

2126 1186 2192 1252 τῇ
2226 1201 2296 1235 πα
2309 1183 2374 1252 ρὰ
2410 1183 2500 1236 σοῦ
2530 1184 2877 1254 πλουτήσασα
2912 1184 3156 1254 δυνάμει,
3186 1186 3278 1237 καὶ
3309 1189 3374 1256 τῇ
3410 1187 3558 1260 παρὰ
3604 1186 3702 1239 σοῢ

2125 1270 2439 1335 δοξασοεῖσα
2475 1274 2764 1344 ἐπικουρίᾳ
2789 1313 2803 1336 ,
2847 1275 2912 1344 ἣν
2934 1275 3090 1327 ἀίτεῖ
3124 1274 3197 1343 μὴ
3233 1275 3501 1346 χρονίζειν
3530 1317 3544 1338 ,
3601 1275 3702 1328 καὶ

2124 1363 2211 1416 διὰ
2242 1363 2340 1433 τὴν
2368 1364 2582 1434 αἴτησιν
2619 1365 2676 1416 οὐ
2711 1369 2930 1434 χρονιεῖ,
2972 1366 3113 1418 καθὰ
3146 1365 3363 1433 λέγεται
3393 1368 3474 1420 τόο
3517 1369 3570 1420 '0
3603 1367 3703 1436 ἐρ-

2124 1454 2380 1521 χόμενος
2413 1453 2565 1518 ἣξει,
2591 1453 2688 1506 καὶ
2717 1456 2787 1507 οὐ
2817 1454 3058 1522 χρονιεῖ.

2301 1549 2403 1612 Εἰς
2436 1547 2498 1598 τὸ
2527 1549 2701 1613 τέλος
2736 1550 3042 1602 ΨΑΛΜΟΣ
3081 1549 3160 1615 τῷ
3190 1551 3390 1605 Δαυΐδ.
3424 1554 3515 1606 Μ’.

2447 1637 2782 1703 ’Υπόθεσις.
2819 1637 3052 1707 (Incerto
3090 1643 3346 1713 auctore.)

460 1724 707 1783 Pmsens
761 1731 1002 1801 psalmus
1033 1732 1222 1787 beatos
1275 1737 1532 1803 praadicat
1583 1751 1678 1792 eos
1713 1738 1806 1806 qui
1849 1738 2022 1792 credi-

2137 1728 2194 1781 'O
2226 1727 2577 1799 προκείμενος
2605 1729 2816 1799 ψαλμὸς
2859 1732 3152 1802 μακαρίζει
3197 1735 3324 1797 τοὺς
3369 1734 3696 1789 πιστεύσαν-

531 1821 731 1874 derunt
757 1823 809 1876 in
839 1825 1014 1892 ipsum
1061 1824 1363 1894 Christum,
1395 1829 1487 1896 qui
1538 1845 1669 1884 sane
1704 1832 1826 1884 lidei
1880 1847 2021 1900 prae-

531 1911 636 1964 mia
671 1913 802 1981 ipsis
827 1914 1049 1975 tribuit,
1104 1931 1265 1969 suum
1303 1917 1509 1970 scilicet
1539 1919 1824 1972 auxilium.
1857 1919 2021 1974 lndu-

532 2000 674 2054 citur
699 2013 878 2056 autem
920 2005 1036 2074 ipsa
1067 2005 1371 2062 Salvatoris
1406 2024 1640 2076 persona
1688 2010 2021 2066 maledicens

534 2090 747 2147 Judaici
775 2097 958 2164 populi
1004 2099 1362 2168 principibus,
1403 2101 1638 2155 maxime
1669 2112 1851 2156 autem
1901 2117 2022 2157 om-

528 2186 700 2250 nium,
731 2189 1016 2255 proditori.

525 2275 580 2328 2.
612 2276 808 2330 Beatus
833 2279 922 2347 qui
973 2279 1222 2349 intelligit
1262 2299 1418 2351 super
1454 2299 1670 2353 egenum
1707 2294 1758 2339 et
1815 2303 2016 2356 paupe-

457 2383 585 2421 rem.
621 2366 861 2439 Egenum
910 2379 964 2424 et
997 2387 1291 2441 pauperem
1321 2373 1602 2430 Christum
1639 2387 1818 2441 vocat,
1850 2377 2008 2447 juxta

456 2457 508 2510 id
557 2459 702 2526 quod
730 2458 936 2513 dictum
969 2468 1055 2514 est
1087 2461 1144 2514 ³ε
1191 2461 1345 2516 Dives
1379 2479 1498 2516 cum
1527 2473 1688 2531 esset,
1710 2466 1860 2535 inops
1891 2483 2014 2535 pro-

453 2557 566 2618 pter
593 2566 687 2602 nos
740 2551 954 2619 effectus
983 2561 1080 2607 est.
1114 2552 1371 2608 Moralem
1413 2555 1519 2609 hoc
1550 2556 1673 2609 loco
1703 2557 2008 2610 doctrinam

450 2642 712 2709 praemisit
745 2643 1060 2710 prophetiae,
1097 2653 1154 2698 ut
1184 2660 1251 2698 ex
1276 2647 1485 2714 psalmo
1517 2647 1724 2701 utilitas
1755 2649 2014 2717 utrinque

451 2731 778 2799 proveniret.
834 2730 1074 2802 Ecquem
1130 2734 1349 2790 beatum
1391 2737 1686 2806 praadicat?
1737 2753 1860 2792 eum
1917 2739 2013 2808 qui

451 2821 702 2890 intelligit
724 2837 888 2892 super
919 2839 1148 2893 egenum
1171 2835 1223 2880 et
1249 2841 1562 2896 pauperem.
1611 2828 1862 2882 videlicet
1887 2845 2011 2884 eum

449 2913 545 2981 qui
579 2914 783 2983 cogitat
804 2917 970 2984 quod,
995 2916 1158 2986 hujus
1189 2919 1364 2988 gratia
1397 2919 1672 2985 Christus,
1699 2921 1850 2974 dives
1886 2937 2010 2976 cum

448 3015 615 3071 esset,
651 3022 855 3077 pauper
885 3008 1108 3063 ell‘eetus
1152 3019 1255 3076 est,
1289 3019 1348 3066 ut
1401 3027 1502 3067 nos
1534 3028 1756 3082 quoque
1802 3029 2002 3083 paupe-

448 3112 572 3148 rum
605 3105 788 3164 utpote
817 3096 1046 3152 fratrum
1072 3097 1346 3154 Creatoris
1388 3114 1440 3155 et
1465 3102 1666 3170 judicis
1690 3105 1862 3156 nostri
1905 3107 2010 3158 mi-

448 3201 778 3240 sereremur.
822 3185 1045 3256 Ecquod
1071 3190 1277 3244 amoris
1305 3206 1429 3260 erga
1455 3207 1723 3260 pauperes
1751 3193 1961 3249 lucrum
1989 3196 2011 3249 ?

446 3276 514 3331 In
539 3277 625 3331 die
657 3277 800 3330 mala
842 3280 1090 3333 liberabit
1124 3298 1241 3333 eum
1282 3281 1562 3337 Dominus.
1597 3283 1882 3353 Signiﬁcat
1910 3303 2009 3341 au-

448 3379 554 3423 tem
583 3369 777 3437 judicii
809 3369 974 3434 diem,
1021 3387 1142 3440 qum
1188 3373 1405 3427 dolores
1447 3377 1823 3443 peccatoribus
1847 3386 2010 3447 atque

446 3462 661 3516 labores
717 3461 932 3517 inferet.
985 3462 1262 3518 Liberabit
1291 3465 1573 3530 Dominus,
1634 3468 1726 3536 qui
1765 3469 1856 3523 lux
1895 3482 1998 3534 esr,

449 3549 750 3621 pauperum
787 3563 1053 3608 amantes.
1094 3553 1228 3608 Nam
1251 3555 1464 3610 debitor
1485 3557 1592 3612 illis
1637 3569 1721 3612 est
1753 3559 2009 3614 humani-

444 3644 576 3697 tatis
601 3656 763 3714 atque
795 3645 977 3710 cilicii,
996 3646 1194 3715 quippe
1232 3662 1358 3702 cum
1388 3650 1455 3703 ab
1483 3650 1589 3705 illis
1607 3651 2006 3723 eleemosynam

445 3733 516 3788 sit
541 3745 852 3801 mutuatus;
879 3751 1003 3789 nam
1035 3752 1129 3805 per
1168 3737 1512 3794 Salomonem
1559 3741 1725 3796 dixit:
1767 3742 1869 3807 Qui
1896 3743 2000 3794 mi-

443 3836 644 3880 seretur
659 3827 904 3895 pauperis
940 3827 1227 3895 faeneratur
1252 3829 1360 3883 Deo
1387 3831 1442 3899 ’⁵;
1477 3839 1530 3886 et
1551 3843 1743 3902 suopte
1777 3850 1906 3888 ore:
1941 3834 2009 3887 In

442 3929 694 3988 quantum
730 3918 903 3986 fecisti
932 3922 1025 3972 uni
1077 3935 1140 3973 ea:
1191 3921 1271 3974 liis
1305 3923 1537 3976 minimis
1587 3928 1736 3988 meis,
1780 3927 1908 3978 mihi
1933 3928 2010 3994 [e-

442 4009 561 4062 cisti
589 4010 631 4062 δ.
679 4007 748 4066 In
777 4011 860 4063 die
888 4011 1029 4062 mala
1076 4011 1320 4066 liberabit
1349 4031 1467 4067 eum
1526 4014 1809 4070 Dominus.
1858 4016 2005 4070 Diem
2050 4077 2056 4089 .

444 4098 666 4166 malam,
711 4100 1070 4153 tentationum
1105 4100 1362 4170 impetum
1393 4103 1526 4156 dicit
1553 4113 1608 4157 et
1659 4104 2004 4158 inimicorum

443 4191 783 4246 vexationes.
812 4190 1118 4245 Adumbrat
1143 4201 1353 4256 autem,
1384 4196 1598 4262 opinor,
1627 4193 1818 4262 judicii
1839 4196 2004 4262 diem,

446 4280 743 4335 terribilem
773 4296 926 4347 sane,
981 4282 1466 4352 improborumque
1527 4285 1798 4340 ultricem.
1842 4285 2008 4341 Polli-

2190 1837 2287 1882 τας
2319 1822 2395 1883 είς
2425 1821 2585 1872 αὐτὸν
2618 1821 2707 1872 τὸν
2738 1823 2970 1890 Χριστόν
2997 1839 3009 1851 ’
3048 1824 3144 1876 καὶ
3183 1825 3287 1895 μὴν
3331 1827 3424 1878 καὶ
3457 1826 3696 1895 ἀμοιϐὰς

2191 1914 2372 1974 αὐτοῖς
2399 1912 2495 1982 τῆς
2519 1912 2751 1974 πίστεως
2780 1913 2961 1966 δίδωσι
2987 1916 3084 1986 τὴν
3113 1919 3242 1986 παρ’
3271 1916 3434 1968 αὐτοῦ
3465 1919 3692 1971 ἐπικου-

2191 2002 2332 2073 ρίαν.
2370 2003 2694 2074 Εἰσφέρεται
2741 2004 2798 2056 δὲ
2844 2007 2937 2058 καὶ
2984 2006 3117 2060 αὐτὸ
3175 2007 3268 2060 τοῦ
3318 2008 3572 2080 Σωτῆρος
3627 2009 3690 2062 τὸ

2192 2093 2502 2164 πρόσωπον,
2531 2094 2826 2163 καταλέγον
2860 2097 2967 2149 τῶν
3009 2115 3069 2149 τε
3120 2098 3395 2168 ἀρχόντων
3419 2099 3514 2152 τοῦ
3555 2102 3660 2153 ’ῐου

2189 2185 2350 2238 δαίων
2377 2184 2504 2237 λαοῦ
2541 2187 2634 2238 καὶ
2664 2187 2828 2239 αὐτοῦ
2861 2187 2953 2240 τοῦ
2981 2189 3239 2259 προδότου
3267 2189 3578 2261 ἐξαιρέτως.

2186 2275 2487 2342 Μακάριος
2520 2279 2552 2328 ό
2595 2277 2823 2330 συνιὼν
2850 2277 3236 2359 ἐπὶαπτωχὸν
3283 2280 3382 2332 καὶ
3437 2280 3693 2350 πένητα.

2118 2367 2337 2436 Πτωχὸν
2369 2367 2461 2418 καὶ
2489 2367 2695 2437 πένητα
2723 2367 2812 2420 τὸν
2859 2369 3092 2440 Χριστὸν
3132 2370 3393 2424 ἀποκαλεῖ
3441 2372 3583 2426 κατὰ
3634 2374 3698 2426 τὸ

2117 2457 2401 2527 εἰρημένον
2435 2471 2448 2484 ⁸
2507 2459 2812 2522 Πλούσιος
2855 2456 2940 2511 ὢν
2983 2457 3328 2529 ἐπτώχευσε
3378 2461 3452 2514 δι’
3504 2463 3691 2539 ἡμᾶς.

2129 2548 2350 2616 Ἦθικὴν
2377 2547 2608 2601 ἐνταῦθα
2635 2549 2979 2602 διδασκαλίαν
3040 2551 3138 2620 τῆς
3176 2552 3512 2622 προφητείας
3555 2570 3675 2624 ’πε-δ

2115 2639 2322 2705 έταξεν,
2350 2640 2629 2710 ὠφελῆσαι
2661 2640 2754 2693 τὸν
2786 2641 2996 2712 ψαλμὸν
3019 2641 3086 2694 τὰ
3123 2641 3181 2706 ἐξ
3209 2643 3466 2714 ἑκατέρου
3500 2645 3690 2712 βουλό-

2118 2749 2296 2802 μενος.
2329 2732 2438 2784 Καὶ
2465 2733 2583 2785 τίνα
2613 2733 2933 2804 μακαρίζει;
2958 2733 3049 2786 τὸν
3071 2735 3163 2786 ἐπὶ
3201 2735 3412 2805 πτωχὸν
3441 2736 3693 2792 συνιέντα

2115 2824 2209 2875 καὶ
2240 2823 2476 2891 πένηταο
2511 2823 2756 2876 τουτέστι
2785 2823 2877 2876 τὸν
2907 2823 3150 2891 νοοῦντα,
3186 2825 3269 2877 ὃτι
3296 2825 3486 2878 τούτου
3525 2828 3690 2898 χάριν

2113 2915 2141 2966 ὁ
2170 2912 2401 2984 Χριστὸς
2453 2912 2705 2976 πλούσιος
2753 2913 2827 2966 ὢν
2882 2913 3215 2983 ἐπτώχευσε,
3254 2916 3341 2968 ἵνα
3385 2918 3480 2969 καὶ
3526 2920 3691 2989 ἡμεῖς

2114 3006 2237 3068 τοὺς
2267 3005 2512 3074 πτωχοὺς
2542 3005 2616 3067 ὡς
2661 3005 2922 3074 ἀδελφοὺς
2968 3005 3061 3058 τοῦ
3107 3007 3378 3078 ἡμετέρου
3415 3011 3673 3083 Δημιουρ

2113 3095 2209 3163 γοῦ
2234 3096 2326 3147 καὶ
2364 3094 2548 3166 κριτοῦ
2579 3094 2906 3166 ἐλεήσωμεν.
2944 3095 3052 3147 Καὶ
3096 3096 3148 3148 τί
3183 3097 3279 3168 τῆς
3318 3097 3688 3169 φιλοπτωχίας

2111 3185 2171 3238 τὸ
2209 3186 2435 3256 κέρδος;
2484 3187 2584 3238 Ἑν
2628 3185 2818 3254 ἡμέρᾳ
2859 3184 3090 3254 πονηρᾷ
3128 3190 3378 3255 ῥύσεται
3421 3192 3612 3244 αὐτὸν
3656 3194 3690 3244 ό

2111 3279 2346 3346 Κύριος.
2383 3279 2542 3349 Δηλοῖ
2560 3278 2616 3331 δὲ
2641 3279 2737 3348 τὴν
2765 3278 2864 3348 τῆς
2888 3279 3120 3348 κρίσεως
3149 3279 3339 3342 ὀδύνας
3364 3284 3478 3344 τοῖς
3503 3283 3690 3353 ἁμαρ-

2110 3373 2296 3432 τωλοῖς
2332 3373 2424 3424 καὶ
2454 3371 2646 3434 πόνους
2680 3371 3066 3442 ἐπιφέρουσαν.
3123 3371 3372 3424 Ῥύσεται
3409 3372 3691 3440 φῶς.τοὺς

2112 3462 2480 3532 φιλοπτώχους
2510 3465 2538 3515 ὁ
2569 3462 2791 3534 Κύριος.
2822 3464 3101 3533 Χρεωστεῖ
3126 3462 3234 3533 γὰρ
3268 3464 3450 3526 αὐτοῖς
3494 3463 3688 3532 φιλαν-

2113 3552 2378 3624 Θρωπίαν,
2406 3553 2481 3616 ὼς
2512 3553 2671 3616 αὐτὸς
2701 3553 2797 3624 τὴν
2823 3553 3194 3623 ἐλεημοσύνην
3226 3555 3355 3626 παρ’
3386 3555 3568 3618 αὐτοῖς
3601 3556 3693 3609 δα-

2110 3644 2463 3713 νεισάμενος·
2500 3644 2594 3696 καὶ
2645 3643 2732 3696 διὰ
2793 3645 2889 3714 μὲν
2940 3643 3032 3696 τοῦ
3089 3645 3433 3714 Σολομῶντος
3471 3647 3643 3700 εἰπών
3672 3664 3686 3676 ·

2122 3735 2185 3787 ’0
2207 3733 2390 3788 ἐλεῶν
2417 3733 2654 3801 πτωχὸν
2676 3732 2922 3793 δανείζει
2965 3735 3140 3787 Θεόνο
3192 3735 3369 3805 οἰκείᾳ
3404 3735 3462 3788 δὲ
3513 3734 3690 3803 γλώτ-

2108 3842 2176 3899 τῃ
2201 3843 2214 3856 ·
2274 3828 2378 3894 Ἐφ
2411 3825 2563 3879 ὅσον
2618 3825 2940 3891 ἐποιήσατε
2979 3825 3068 3878 ἑνὶ
3104 3827 3328 3878 τούτων
3379 3826 3497 3879 τῶν
3547 3827 3692 3880 ἐλα-

2110 3919 2354 3986 χίστων,
2386 3918 2514 3986 ἐμοὶ
2546 3917 2889 3984 ἐποιήσατε.
2935 3919 3038 3970 Ἐν
3082 3917 3272 3986 ἡμέρᾳ
3305 3916 3540 3984 πονηρᾷ
3575 3921 3690 3986 ῥύ-

2108 4025 2277 4061 σεται
2309 4008 2495 4060 αὑτὸν
2523 4011 2555 4060 ὁ
2587 4011 2818 4076 Κύριος,
2860 4009 3099 4079 Ἡμέραν
3145 4009 3388 4081 πονηρὰν
3433 4010 3530 4080 τὴν
3576 4009 3689 4064 τῶν

2108 4099 2430 4169 πειρασμῶν
2491 4099 2736 4152 ὲπίθεσίν
2793 4117 2923 4169 φησι
2987 4101 3078 4153 καὶ
3148 4101 3248 4164 τὰς
3292 4101 3502 4166 διώξεις
3577 4102 3691 4155 τῶν

2109 4189 2338 4262 ἐχθρῶν.
2375 4191 2675 4244 Αἱνίττεται
2709 4192 2785 4255 δὲ,
2819 4189 2995 4262 οἶμαι,
3048 4194 3140 4247 καὶ
3170 4193 3266 4262 τὴν
3313 4193 3414 4262 τῆς
3449 4192 3690 4264 κρίσεως

2108 4281 2327 4352 ’ἡμέραν
2377 4281 2613 4353 φοϐερὰν
2635 4278 2834 4347 ,οὖσαν,
2869 4283 2961 4334 καὶ
2992 4282 3100 4334 τῶν
3139 4284 3465 4354 παρανόμων
3500 4302 3687 4338 κακω-

441 4378 595 4423 cetur
636 4377 814 4423 autem
842 4385 1034 4438 puram
1059 4371 1204 4426 illius
1237 4373 1574 4442 paupertatis
1613 4375 2003 4444 cognitionem,

2133 4372 2290 4440 ῖικήν.
2331 4370 2696 4440 ’Υπισχνεῖται
2722 4373 2820 4442 τὴν
2860 4371 3124 4442 εἰλικρινῆ
3161 4372 3360 4440 γνῶσιν
3394 4372 3494 4442 τῆς
3539 4389 3689 4426 πτω-

439 4461 719 4516 horribilis
750 4461 896 4518 illius
920 4462 1026 4518 dici
1046 4464 1204 4519 malis
1234 4466 1412 4534 ipsum
1437 4465 1810 4522 liberaturam.

514 4633 736 4707 [Beatus
768 4636 850 4690 vir
894 4637 1002 4701 ille,
1040 4638 1131 4706 qui
1180 4638 1246 4692 de
1279 4638 1610 4708 pauperibus
1655 4642 1730 4696 uti
1766 4657 2002 4698 consen-

443 4735 657 4780 taneum
685 4738 767 4781 est
795 4729 1023 4797 cogitat;
1051 4744 1115 4784 ac
1139 4729 1184 4784 si
1202 4729 1425 4794 diceret,
1445 4729 1545 4796 Qui
1582 4732 1880 4803 intelligere
1902 4752 2000 4790 va-

439 4821 514 4874 lct
547 4820 808 4889 inopiam,
834 4836 997 4889 quam
1017 4823 1186 4876 nostri
1211 4837 1376 4877 causa
1395 4826 1637 4894 suscepit
1692 4825 1993 4898 Christus.]

509 4997 563 5054 5.
593 4997 848 5050 Dominus
903 5009 1161 5053 conservet
1211 5017 1356 5067 eum,
1407 5010 1457 5054 et
1505 5003 1726 5072 vivi/iret
1781 5021 1922 5069 eum,
1951 5018 2000 5059 et

441 5086 650 5141 beatum
676 5088 842 5158 faciat
881 5105 1000 5142 eum
1031 5091 1086 5142 in
1131 5100 1291 5155 terra,
1341 5102 1389 5144 et
1430 5109 1530 5146 non
1559 5095 1740 5148 tradat
1794 5113 1910 5149 eum
1942 5099 1997 5150 in

439 5180 676 5234 animam
699 5181 1031 5234 inimicorum
1055 5182 1190 5250 ejus.
1224 5183 1575 5239 lnimicorum
1611 5187 1987 5256 spiritualium

438 5271 705 5327 videlicet.

507 5362 560 5415 al.
598 5360 907 5417 Universum
929 5371 1156 5416 stratum
1188 5363 1300 5430 ejus
1344 5367 1568 5421 versasti
1593 5368 1648 5421 in
1682 5369 2000 5439 inﬁrmitate

2111 4462 2261 4531 χείας
2293 4462 2534 4531 ἐκείνης’
2566 4461 2676 4515 τῶν
2705 4463 2806 4532 τῆς
2836 4462 3074 4532 φοϐερᾶς
3097 4462 3256 4515 αὐτὸν
3283 4462 3495 4534 ἡμέρας
3515 4462 3689 4516 ἀπαλ-

2110 4553 2268 4618 λάξαι
2302 4553 2504 4607 κακῶν.

2181 4642 2509 4714 [Μακάριος
2557 4643 2586 4694 ὁ
2637 4643 2776 4714 ἀνὴρ
2831 4644 3036 4706 ἐκεῖνος
3066 4644 3095 4694 ὁ
3141 4642 3404 4696 ἐννοῶν-ιδ.
3433 4645 3684 4716 προσῆκε

2110 4736 2238 4806 περὶ
2287 4734 2393 4787 τῶν
2429 4735 2694 4806 πενήτων,
2742 4736 2864 4789 ἀντὶ
2895 4734 3027 4790 τοῦ·
3073 4736 3131 4788 Ὃ
3166 4737 3403 4788 συνιέναι
3453 4737 3688 4808 δυνάμε-

2109 4842 2199 4887 νος
2237 4824 2335 4894 τὴν
2367 4825 2664 4893 πτωχείαν,
2713 4825 2778 4894 ἣν
2827 4827 2893 4878 δι’
2941 4827 3090 4896 ἡμᾶς
3135 4826 3422 4897 ἀνείληφεν
3464 4829 3493 4880 ὀ
3542 4829 3686 4900 Χρι-

2110 4915 2250 4978 στός.
2269 4914 2290 4986 ]

2176 5008 2387 5074 Κύριος
2414 5005 2780 5074 διαφυλάξαι
2806 5008 2990 5061 αὐτὸν
3017 5009 3115 5064 καὶ
3149 5007 3319 5075 ζήσαι
3347 5010 3557 5071 αὑτὸν,
3583 5011 3686 5062 καὶ

2101 5099 2427 5168 μακαρίσαι
2463 5097 2652 5151 αὑτὸν
2679 5099 2748 5150 ἐν
2779 5097 2853 5166 τῇ
2900 5098 2996 5168 γῇ,
3043 5100 3139 5154 καὶ
3166 5100 3250 5168 μὴ
3283 5097 3528 5169 παραδῷ
3561 5101 3682 5160 ,αὺσ

2105 5190 2212 5243 τὸν
2247 5193 2332 5255 εὶς
2359 5189 2562 5259 χεῖρας
2586 5189 2816 5258 ἐχθρῶν
2857 5192 3067 5246 αὐτοῦ.
3110 5191 3350 5262 Ἐχθρῶν
3395 5191 3505 5244 τῶν
3553 5207 3684 5261 νοη-

2103 5281 2212 5335 τῶν
2237 5282 2496 5352 δηλονότι.

2175 5372 2364 5439 Ὅλην
2391 5372 2505 5440 τὴν
2532 5375 2742 5440 κοίτην
2768 5374 2954 5429 αὐτοῦ
3003 5373 3304 5445 ἕστρεψας
3341 5375 3412 5430 ἐν
3457 5371 3534 5444 τῇ
3567 5374 3681 5442 ἀρ-

507 5515 529 5544 ³
557 5512 756 5570 Habac.
794 5532 852 5581 ιι,
894 5515 950 5573 3.
1045 5517 1064 5548 ³
1098 5517 1140 5570 ll
1170 5519 1299 5574 Cor.
1326 5537 1442 5586 vm,
1471 5521 1523 5575 9.
1612 5523 1634 5554 ⁸
1663 5522 1824 5580 Prov.
1862 5545 1973 5597 Xix,
2000 5532 2085 5585 l7.
2164 5533 2184 5562 ⁸
2229 5532 2419 5586 Matth.
2452 5550 2578 5600 xxv,
2615 5534 2704 5590 40.

513 5673 624 5742 (η)
665 5639 1021 5744 Apndsolum
1053 5677 1256 5735 Daniel.
1290 5679 1590 5739 Barbarum
1625 5686 1840 5742 nomine
1869 5685 2152 5743 Athanasii
2192 5687 2439 5741 habetur.
