3872 6216
191 239 286 296 197

1273 240 1665 298 Ελροειτιο
1705 243 1770 296 ΙΝ
1815 245 2138 302 PSALMCM
2179 249 2289 305 XL.

3309 262 3411 319 £98

183 359 390 430 ρωστίᾳ
422 358 624 412 αὐτοῦ.
669 357 813 429 Πρὸς
859 357 928 410 τά
981 359 1191 428 ἀμείνω
1256 360 1724 431 μετενεχθήσεται,

1834 366 1968 433 ejus.
2009 366 2090 420 Ad
2142 369 2388 433 meliora,
2449 369 2545 435 ait,
2576 371 2966 439 transferetur,
3015 383 3068 429 et
3115 386 3413 431 revertetur

189 448 326 519 φησι,
353 447 440 500 καὶ
469 445 769 517 μεταϐολὴν
797 445 907 513 ’ἐξει
929 447 1064 518 πρὸς
1088 449 1410 520 εὐρωστίαν.
1440 450 1599 514 Ἔθος
1625 451 1733 523 γὰρ

187 545 244 612 τῇ
274 540 384 610 θείᾳ
413 539 598 610 Γραφῇ
643 538 742 609 τὴν
772 539 1008 610 στροφὴν
1036 540 1156 592 ἀντὶ
1188 541 1286 610 τῆς
1317 541 1618 612 μεταϐολῆς
1648 560 1732 595 τι-

186 631 340 694 θέναι,
371 630 444 693 ὠς
476 629 535 682 τό
552 645 565 658 ·
599 631 943 697 Ἔστρεψας
970 629 1076 682 τὸν
1097 632 1354 684 κοπετόν
1372 650 1492 701 μου
1515 635 1602 698 εἰς
1625 651 1732 703 χα-

178 725 284 790 ρὰν
309 721 451 791 ἐμοί.

257 813 392 882 Ἐγὼ
413 809 579 866 sister
617 812 814 880 Κύριε,
845 813 1106 880 ἐλέησόν
1139 831 1236 882 με,
1279 815 1442 868 latrat
1468 814 1584 882 τὴν
1610 818 1730 883 ψυ-

185 903 290 972 χήν
309 921 440 972 μου.
468 904 576 955 Καὶ
607 904 747 974 ὑπὲρ
768 905 866 974 τῆς
903 905 1039 968 ἰδίας
1065 905 1340 977 ἁμαρτίας
1386 908 1414 959 ό
1453 906 1616 959 Δαυῖδ
1643 905 1732 959 εύ-

183 1011 339 1064 χεται,
371 995 464 1046 ἆτε
509 993 573 1064 δὴ
630 996 686 1047 ἐν
735 994 913 1064 ἑαυτῷ
945 994 1100 1058 εἰδὼς
1146 996 1242 1049 ἕνα
1285 996 1392 1049 τῶν
1443 997 1730 1050 συνιέντων

182 1084 264 1136 ἐπὶ
288 1084 490 1154 πτωχὸν
523 1085 617 1138 καὶ
649 1085 874 1155 πένητα.
911 1085 1079 1138 Πάλιν
1105 1086 1204 1150 τὰς
1229 1085 1532 1157 ἀνθρώπων
1557 1088 1732 1157 ἀμαρο

181 1177 286 1239 τίας
309 1176 438 1238 ἰδίας
460 1178 488 1228 ό
517 1177 658 1248 ὑπὲρ
695 1175 998 1246 ἀνθρώπων
1040 1177 1266 1248 πάσχων
1297 1178 1466 1248 λέγει,
1500 1179 1592 1232 καὶ
1637 1179 1728 1232 τὸν

181 1269 262 1320 ἐπὶ
285 1267 498 1330 ταύταις
528 1267 676 1321 ἔλεον
715 1269 794 1331 εἰς
815 1269 962 1338 ἡμᾶς
998 1270 1081 1338 ἐφ’
1112 1270 1304 1322 ἑαυτοῦ
1327 1271 1498 1342 ζητεῖ,
1531 1270 1588 1332 ὃς
1613 1269 1728 1323 λύει

179 1359 267 1430 τὴν
293 1358 396 1410 τῶν
424 1357 760 1426 ἀγνοούντων
788 1360 874 1411 ἐπ’
900 1359 1049 1430 αὐτῷ
1073 1361 1497 1432 καταφρόνησιν,
1529 1359 1726 1428 ἐκφαί-

179 1468 273 1503 νων
297 1452 388 1520 τὴν
416 1451 574 1516 δόξαν
595 1468 609 1482 ο
646 1451 732 1504 ἐπ’
757 1451 921 1504 αὑτοῦ
956 1453 1054 1524 μὲν
1079 1452 1218 1506 κατὰ
1262 1454 1358 1525 τὴν
1406 1453 1539 1507 ἰδίαν
1569 1453 1728 1506 δύνα-

182 1561 281 1612 μιν,
303 1544 382 1612 ἐφ’
407 1543 565 1612 ήμῶν
595 1543 651 1596 δὲ
681 1544 819 1597 κατὰ
847 1543 944 1615 τὴν
977 1545 1213 1616 Χριστοῦ
1243 1547 1422 1616 χάριν.

243 1637 302 1688 Οἱ
329 1635 524 1704 ἐχθροί
565 1653 688 1704 μου
743 1631 916 1688 εἷπον
962 1636 1117 1690 κακά
1159 1655 1282 1706 μοι.
1344 1638 1622 1693 Ἐντεῦθεν
1665 1639 1726 1694 τὸ

179 1726 443 1795 πρόσωπον
477 1725 788 1797 εἰσφέρεται
836 1725 898 1778 τὸ
945 1725 1038 1778 τοῦ
1083 1727 1352 1798 Χριστοῦ,
1382 1727 1729 1798 διηγούμενον
1758 1713 1800 1768 Β

176 1817 236 1871 τὰ
266 1817 404 1888 παρὰ
453 1815 563 1870 τῶν
623 1816 891 1870 Ἰουδαίων
941 1817 1088 1888 αύτῷ
1143 1820 1502 1889 γεγενημένα.
1552 1821 1728 1892 Μέχρι

179 1907 266 1975 μὲν
293 1907 380 1960 τοῦ
412 1907 685 1978 παρόντος
720 1907 902 1977 στίχου
937 1908 1064 1978 περὶ
1105 1909 1285 1978 πάσης
1311 1911 1409 1980 τῆς
1436 1909 1728 1981 καθολικῆς

187 2001 488 2070 Ἐκκλησίας
523 1999 802 2070 εἰρηκέναι
837 1999 928 2052 τὸν
955 2000 1239 2070 προφήτην
1263 2000 1617 2071 ὑποληπτέον,
1653 2001 1729 2064 ὡς

176 2095 368 2164 ἑκάστῳ
400 2094 507 2146 τῶν
545 2093 847 2146 σπουδαίων
883 2093 1173 2165 ἁρμόττειν
1212 2093 1411 2164 μᾶλλον
1439 2095 1471 2164 ἢ
1501 2094 1579 2165 τῷ
1614 2097 1726 2148 Κυ-

176 2184 334 2255 ριακῷ
358 2183 652 2256 ἀνθρώπῳ.
685 2184 758 2236 Οὐ
790 2183 918 2254 γὰρ,
950 2185 1024 2247 ὦς
1050 2201 1195 2246 τινες
1223 2184 1576 2254 ὑπειλήφασι,
1601 2185 1729 2254 περὶ

175 2277 320 2332 αὑτοῦ
352 2280 443 2331 καὶ
467 2279 632 2348 μόνου
660 2277 860 2346 φάσκει
885 2276 954 2329 τὰ
975 2276 1242 2347 εἰρημένα
1266 2290 1281 2304 '
1317 2277 1376 2328 οὐ
1411 2277 1519 2348 γὰρ
1559 2276 1726 2347 ἔφησε

177 2371 297 2440 μετὰ
347 2371 435 2424 τοῦ
495 2369 736 2441 ἄρθρου’
770 2367 1073 2436 Μακάριος
1105 2371 1140 2422 ὀ
1193 2367 1424 2422 συνιὼν
1471 2368 1571 2421 ἐπὶ
1621 2368 1728 2422 τὸν

174 2464 392 2532 πτωχόν
418 2464 516 2517 καὶ
555 2462 809 2531 πένητα.
847 2461 1016 2514 Τοῦτο
1041 2462 1099 2515 δὲ
1129 2461 1307 2532 χωρὶς.
1341 2461 1544 2532 ἄρθρου
1571 2460 1726 2529 λεγό-

176 2572 317 2626 μενον
346 2555 436 2609 τὸν
463 2555 590 2609 τινὰ
624 2554 876 2626 σημαίνει
923 2555 1017 2608 καὶ
1049 2554 1291 2625 μερικόν.
1329 2555 1484 2607 Μετὰ
1509 2555 1566 2608 δὲ
1597 2554 1728 2607 ταῦ-

171 2664 231 2699 τα
259 2647 489 2718 μέτεισιν
529 2647 642 2702 ἀπὸ
679 2646 788 2701 τῶν
817 2646 990 2700 ἄλλων
1027 2647 1128 2716 τῆς
1168 2646 1495 2718 Ἑκκλησίας
1551 2647 1726 2718 μελῶν

173 2740 248 2794 ἐπ’
283 2742 438 2795 αὐτὸν
491 2742 702 2794 ἐκεῖνον
756 2739 848 2792 τὸν
906 2739 1112 2810 Κύριον
1171 2737 1414 2807 δηλονότι
1449 2738 1723 2808 Χριστὸν,

170 2833 300 2897 ὅστις
339 2834 401 2905 δὴ
449 2834 544 2886 καί
593 2849 790 2904 φησιν’
829 2834 894 2885 οι
937 2831 1138 2900 ἐχθροί
1175 2847 1315 2899 μου,
1345 2830 1439 2882 καὶ
1474 2829 1542 2882 τὰ
1578 2829 1723 2901 ἑξῆς.

171 2927 302 2979 Πότε
324 2925 707 2981 ἀποθανεῖται
737 2923 834 2978 καί
861 2923 1171 2979 ἀπολεῖται
1198 2923 1264 2976 τὸ
1293 2922 1481 2992 ὄνομα
1513 2924 1724 2988 αὐτοῖς

168 3014 328 3086 Βαρύς
355 3018 502 3070 ὲστιν
541 3017 678 3087 ἡμῖν
703 3015 797 3068 καὶ
832 3014 1160 3086 βλεπόμενος
1187 3013 1314 3086 γάρ.

228 3107 327 3161 Καὶ
365 3111 416 3162 εἰ
458 3108 880 3175 εἰσεπορεύετο
908 3106 1015 3160 τοῦ
1059 3105 1228 3171 ἰδεῖν,
1264 3105 1464 3174 μάτην
1495 3104 1719 3159 ἐλάλει.

167 3197 332 3254 Ταῦτα
359 3201 485 3270 περὶ
523 3198 623 3253 τοῦ
667 3199 834 3252 Ἰούδα
871 3199 1054 3270 φησίν.
1103 3201 1168 3251 Ὅ
1211 3199 1267 3251 δὲ
1295 3198 1442 3266 λέγει
1487 3198 1724 3252 τοιοῦτόν

166 3292 316 3344 ἐστιν·
357 3291 642 3364 Ἐσχηκὼς
686 3291 888 3345 εἴσοδον
939 3293 1073 3362 πρός
1109 3309 1198 3363 με,
1238 3291 1326 3345 διὰ
1365 3291 1426 3345 τὸ
1467 3292 1723 3363 τετάχθαι

167 3382 218 3434 ἰν
254 3383 536 3455 μαθηταῖς,
569 3384 868 3452 δίγλωσσος
901 3386 992 3437 καὶ
1034 3383 1442 3456 πολυπράγμων
1469 3379 1536 3455 ἦν
1556 3401 1570 3416 ·
1601 3383 1725 3437 ὲλά-

168 3473 236 3526 λει
257 3475 360 3546 γὰρ
397 3477 600 3546 μάτην,
638 3475 916 3528 τουτέστιν
944 3476 1045 3528 οὐκ
1073 3475 1276 3546 ἀληθὴς
1301 3471 1387 3546 ἦν.
1428 3475 1488 3529 Ἠ
1513 3474 1724 3543 καρδία

167 3567 332 3621 αὐτοῦ
383 3566 735 3635 συνήγαγεν
783 3567 1040 3636 ἀνομίαν
1098 3566 1309 3632 ἐαυτῷ.
1383 3566 1720 3638 Ἑκεκρίκει,

170 3658 304 3725 φησὶ,
337 3657 675 3730 παραδοῦναι
701 3661 812 3722 τοῖς
839 3657 1122 3726 φθονοῦσιν
1147 3659 1265 3728 ἐμέ.
1305 3657 1722 3724 Ἐξεπορεύετο

167 3747 286 3814 ἕξω,
328 3752 424 3806 καὶ
452 3750 662 3805 ἐλάλει
697 3750 794 3803 ἐπὶ
837 3750 900 3803 τὸ
933 3751 1082 3803 αὐτό
1103 3765 1117 3779 °
1165 3751 1247 3817 τὸ,
1290 3751 1351 3804 Τί
1379 3748 1583 3804 θέλετέ
1620 3767 1722 3819 μοι

169 3837 375 3903 δοῦναι,
409 3841 574 3909 κάγὼ
599 3841 744 3908 ὑμῖν
773 3838 1104 3906 παραδώσω
1125 3841 1346 3902 αὺτόν;

230 3935 353 3987 Κατ’
379 3934 527 4003 ἐμοῦ
557 3929 900 4000 ἐψιθύριζον
926 3929 1147 3996 πάντες
1165 3933 1218 3984 οἱ
1249 3930 1451 3998 ἐχθροί
1467 3949 1606 3999 μου.
1643 3931 1724 3984 Τὰ

174 4025 275 4076 κατ’
300 4025 459 4078 αὑτοῦ
489 4024 603 4078 τῶν
647 4023 912 4077 Ἰουδαίων
948 4021 1275 4092 σκώμματα,
1329 4022 1429 4085 τὰς
1474 4026 1592 4075 κατ’
1622 4024 1720 4076 αύ-

167 4114 249 4168 τοῦ
275 4117 378 4170 τῶν
412 4116 686 4171 Ἰουδαίων
719 4113 989 4178 συσκευὰς
1023 4114 1300 4184 σημαίνει,
1330 4113 1423 4167 καὶ
1459 4113 1525 4166 τὰ
1569 4113 1723 4184 λελη-

171 4207 285 4262 θότα
314 4210 629 4281 σκέμματα,
660 4207 786 4271 τοὺς
829 4207 1104 4277 ἀρχιερεῖς
1135 4207 1260 4268 τοὺς
1300 4204 1723 4276 συμφωνοῦντας

170 4302 290 4370 πρὸς
317 4303 406 4356 τὸν
449 4301 655 4355 Ἰούδαν
680 4299 875 4368 λέγων,
901 4300 1096 4362 οἵτινες
1125 4297 1454 4367 ἐψιθύριζον,
1493 4297 1562 4350 τά
1593 4296 1722 4368 περὶ

1749 3052 1796 3114 C

1841 458 1908 510 ad
1938 461 2243 512 sanitatem.
2283 458 2398 513 Mos
2437 462 2583 515 enim
2624 463 2820 516 divina:
2851 462 3149 532 Scriptum
3196 467 3410 522 versio-

1841 563 1966 602 nem
2027 565 2127 620 pro
2176 553 2479 606 mutatione
2530 569 2752 622 ponere.
2787 565 2846 607 ut
2886 557 3052 612 illud:
3087 557 3410 613 Convertisti

1838 637 2105 706 planctum
2134 657 2301 693 meum
2326 643 2379 694 in
2403 643 2658 710 gaudium
2691 645 2821 696 nti/ti
2853 644 2890 696 °.

1909 821 1962 874 5.
1993 820 2103 890 Ego
2131 821 2245 873 dixi
2262 836 2279 874 :
2315 819 2554 885 Domine,
2589 823 2831 876 miserere
2853 824 2975 889 mei,
3010 841 3142 878 sana
3171 827 3408 879 animam

1837 921 2137 974 meam,etc.
2174 911 2238 966 Et
2267 928 2366 981 pro
2400 923 2625 981 peccato
2667 929 2767 968 suo
2820 913 2992 968 David
3025 925 3166 977 Orat,
3219 925 3408 984 utpote

1835 1001 1929 1070 qui
1979 1001 2032 1053 in
2066 1001 2248 1070 seipso
2306 1018 2475 1055 unum
2509 1003 2812 1071 conspiciat
2861 1020 2924 1057 ex
2963 1004 3028 1058 iis
3081 1005 3170 1073 qui
3205 989 3405 1060 intelli-

1835 1103 2152 1164 guntsuper
2174 1108 2404 1162 egenum
2439 1100 2492 1146 ot
2515 1109 2806 1163 pauperem
2840 1095 2995 1162 (θ’),
3031 1095 3269 1150 Rursum
3308 1099 3407 1150 ho-

1833 1187 2041 1239 minum
2107 1194 2327 1253 peccata
2379 1185 2473 1254 qui
2553 1201 2649 1254 pro
2684 1187 3000 1241 hominibus
3055 1204 3253 1256 passus
3309 1197 3397 1243 est

1833 1292 1934 1332 sua
1966 1292 2086 1331 esse
2112 1276 2266 1339 dicit,
2293 1285 2346 1331 et
2374 1292 2472 1346 pro
2503 1277 2590 1332 his
2619 1278 3056 1332 misericordiam
3093 1295 3194 1348 pro
3234 1281 3394 1334 nobis

1834 1371 1888 1424 in
1915 1384 2034 1423 sese
2068 1369 2326 1437 postulat,
2359 1385 2422 1423 ac
2467 1370 2835 1438 ignorantium
2889 1379 3261 1439 contemptum
3295 1371 3403 1425 sol-

1833 1459 1930 1526 vit,
1967 1476 2122 1514 suam
2155 1461 2708 1531 exbibenst-gloriam;
2749 1461 2803 1513 in
2829 1477 2887 1515 se
2911 1462 3128 1529 quidem
3161 1478 3253 1529 per
3279 1478 3403 1531 pro-

1831 1555 2005 1625 priam
2034 1556 2321 1620 virtutem,
2356 1554 2408 1606 in
2453 1554 2611 1606 nobis
2643 1569 2772 1606 vero
2802 1569 2898 1622 per
2925 1554 3152 1623 gratiam
3173 1552 3398 1608 Christi.

1903 1647 1955 1700 6.
1986 1645 2201 1698 Inimici
2226 1645 2326 1698 mei
2356 1645 2602 1698 dixerunt
2635 1645 2776 1696 mala
2805 1645 2956 1697 milii.
2993 1645 3133 1697 Hinc
3167 1660 3400 1713 persona

1829 1737 2106 1791 inducitur
2133 1735 2358 1799 Christi,
2395 1751 2627 1789 narrans
2653 1751 2776 1804 quae
2819 1737 2920 1789 sibi
2955 1752 2984 1788 a
3018 1734 3224 1790 Iudaeis
3255 1737 3401 1788 illata

1827 1829 1936 1883 sint
1990 1828 2152 1881 mala.
2216 1825 2398 1896 Usque
2459 1828 2524 1880 ad
2586 1836 2907 1896 praesentem
2941 1843 3186 1891 versum,
3249 1827 3396 1880 msti-

1827 1919 2087 1973 mandum
2139 1919 2205 1972 de
2256 1927 2368 1972 tota
2425 1917 2671 1974 Ecclesia
2748 1919 3014 1972 catholica
3089 1933 3399 1972 sermonem

1827 2010 2084 2064 habuisse
2119 2009 2470 2078 PrOpbetam,
2509 2011 2582 2064 ita
2617 2019 2676 2064 ut
2709 2011 3003 2080 proborum
3049 2010 3270 2064 cuilibet
3305 2024 3402 2078 pe-

1829 2105 1936 2159 tius
1980 2104 2264 2158 conveniat
2311 2120 2476 2172 quam
2529 2103 2816 2158 Dominico
2851 2103 3058 2156 homini
3091 2102 3225 2173 (l5).
3275 2101 3396 2156 Non

1826 2194 1992 2258 enim,
2027 2202 2086 2246 ut
2126 2193 2486 2259 arbitrantur,
2513 2194 2579 2247 de
2624 2195 2744 2263 ipso
2795 2195 2912 2248 solo
2958 2195 3210 2262 supr-rius
3245 2193 3399 2246 locu-

1827 2293 1915 2340 tus
1948 2297 2030 2339 est
2057 2303 2070 2338 :
2113 2301 2288 2354 nequc
2311 2286 2457 2339 enim
2489 2301 2614 2340 cum
2653 2285 2888 2339 articulo
2915 2285 3164 2348 dixisset,
3197 2284 3396 2338 Beatus

1826 2378 1917 2431 ille
1949 2379 2037 2448 qui
2066 2377 2316 2446 intelligit
2359 2393 2514 2445 super
2559 2393 2776 2446 egenum
2825 2387 2874 2430 et
2926 2393 3226 2446 pauperem.
3261 2375 3395 2429 Nam

1825 2469 2028 2523 dictum
2058 2469 2175 2523 sine
2205 2468 2457 2531 articulo,
2490 2468 2781 2537 quemdam
2803 2476 2858 2522 et
2898 2469 3190 2536 specialem
3224 2469 3398 2538 signi-

1825 2560 2032 2615 ficaret.
2058 2559 2310 2614 Postbsec
2348 2560 2417 2614 ab
2453 2559 2577 2614 aliis
2616 2559 2874 2614 Ecclesia:
2905 2560 3164 2614 membris
3197 2558 3396 2613 transit

1824 2651 1893 2706 ad
1940 2652 2118 2720 ipsum
2164 2651 2439 2704 Christum
2476 2651 2686 2705 scilicet
2739 2649 3051 2715 Dominum,
3093 2652 3189 2720 qui
3217 2651 3388 2706 dicit:

1824 2743 2040 2798 Inimici
2070 2743 2192 2806 mei,
2215 2751 2320 2796 etc.
2355 2742 2583 2806 Quando
2601 2742 2859 2794 morietur
2895 2752 2943 2794 et
2978 2741 3169 2809 peribit
3209 2757 3396 2796 nomen

1823 2835 1976 2904 ejus?
2008 2833 2200 2890 Gravis
2231 2833 2390 2890 nobis
2426 2842 2511 2888 est
2537 2833 2620 2887 vel
2650 2833 2770 2902 ipso
2795 2841 3114 2902 conspectu.

1899 3103 1954 3158 7.
1985 3104 2052 3157 Et
2087 3104 2134 3158 si
2162 3103 2620 3174 ingrediebaturut
2652 3106 2870 3170 videret,
2899 3121 3035 3159 vanu
3054 3105 3390 3176 loquebatur.

1824 3193 1948 3250 Haec
1979 3195 2055 3249 ait
2087 3195 2332 3250 deluda.
2370 3195 2426 3250 Id
2469 3206 2647 3250 autem
2700 3197 2804 3250 sibi
2839 3197 2953 3251 vult
2985 3213 3000 3252 :
3041 3197 3176 3252 Cum
3214 3189 3396 3253 aditus

1824 3287 1873 3340 ei
1901 3286 1968 3340 ad
1998 3301 2084 3340 me
2117 3295 2280 3351 esset,
2306 3286 2434 3355 quia
2470 3286 2521 3338 in
2563 3287 2961 3354 discipulorum
3002 3303 3234 3342 numero
3261 3303 3396 3342 con-

1823 3377 2046 3434 stitutus
2097 3387 2252 3444 erat,
2297 3387 2416 3432 erat
2448 3379 2708 3448 bilinguis
2759 3386 2813 3432 et
2861 3382 3210 3448 negotiator:
3253 3396 3395 3434 vana

1822 3473 2022 3542 quippe
2055 3471 2402 3541 loquebatur,
2422 3471 2472 3524 id
2499 3483 2580 3525 est
2615 3487 2779 3524 verax
2808 3487 2916 3524 non
2949 3480 3086 3526 erat.
3144 3470 3250 3526 Cor
3277 3471 3392 3541 ejus

1823 3568 2153 3636 congregavit
2183 3566 2520 3634 iniquitatem
2559 3564 2680 3618 sibi.
2713 3567 3056 3629 Decreverat,
3083 3565 3280 3634 inquit,
3307 3580 3394 3619 me

1822 3659 2022 3712 invidis
2059 3659 2288 3712 tradere.
2321 3656 2708 3726 Egrediebatur
2738 3659 2885 3726 foras
2912 3668 2962 3711 et
2998 3658 3308 3728 loquebatur
3333 3659 3392 3710 in

1823 3751 2049 3818 idipsum
2069 3763 2087 3800 :
2114 3749 2243 3802 illud
2277 3765 2503 3817 nempe;
2536 3747 2674 3812 Quid
2711 3749 2870 3802 vultis
2893 3748 3021 3802 mihi
3048 3750 3196 3812 dare,
3219 3758 3268 3802 et
3299 3765 3391 3818 ego

1822 3843 1964 3896 vobis
1991 3858 2109 3895 eum
2150 3841 2359 3894 tradam
2387 3841 2443 3893 7?

1891 3936 1944 3990 8.
1975 3934 2264 3986 Adversum
2312 3949 2390 3986 me
2443 3933 2792 3986 susurrabant
2819 3948 2995 3985 omnes
3027 3931 3231 3985 inimici
3266 3933 3388 3984 mei.

1821 4024 2138 4079 Derisiones
2169 4033 2334 4094 atque
2365 4023 2594 4077 insidias
2625 4033 2681 4078 et
2715 4025 3153 4094 conspiratiooes
3185 4020 3395 4076 Iudaeo-

1823 4134 1945 4173 rum
1997 4117 2286 4172 adversum
2317 4133 2377 4171 se
2407 4125 2643 4171 structas
2687 4117 2981 4184 signiﬁcat,
3019 4130 3234 4168 necnon
3291 4129 3390 4168 oc-

1822 4210 1971 4264 culta
2004 4223 2196 4263 eorum
2253 4208 2504 4270 consilia,
2551 4208 2825 4276 principes
2870 4206 3215 4260 sacerdotum
3263 4219 3388 4257 cum

1819 4299 1958 4354 Juda
1991 4301 2326 4370 paciscentes
2354 4298 2621 4361 indicans,
2641 4301 2732 4367 qui
2759 4297 3139 4360 susurrabant,
3158 4296 3389 4364 pretium

167 4392 246 4446 τοῦ
295 4393 466 4465 Ἰησοῦ
523 4392 792 4463 σύμφωνα
837 4389 974 4462 πρὸς
1021 4390 1114 4443 τὸν
1179 4389 1378 4442 Ἰούδαν
1425 4387 1713 4458 τιθέμενοι.

1834 4391 1950 4446 Iesu
1974 4407 2275 4446 consonum
2295 4406 2419 4445 cum
2437 4388 2574 4444 Juda
2587 4390 3004 4443 constituentes.
3026 4386 3391 4441 Susurrabant

179 4484 532 4555 Ἒψιθύριζον
561 4502 576 4517 ο
614 4484 734 4537 οὐδὲ
787 4484 895 4554 γὰρ
947 4482 1191 4553 ἐτόλμων
1238 4480 1488 4551 φανερῶς
1542 4479 1718 4533 ταῦτα

167 4577 220 4629 τὸ
243 4577 438 4648 πλῆθος
469 4576 859 4646 εὐλαϐούμενοι
881 4574 1146 4628 τίθεσθαι.

228 4669 409 4738 Λόγον
454 4665 806 4736 παράνομον
859 4665 1173 4718 κατέθεντο
1217 4663 1344 4716 κατ’
1391 4661 1557 4730 ἐμοῦ.
1611 4661 1683 4714 Τὸ
1700 4701 1715 4725 ,

165 4755 334 4828 Ἀραι,
366 4755 521 4830 ἆραι,
551 4761 907 4828 σταύρωσον
930 4759 1137 4812 αὐτόν.
1169 4750 1336 4820 Οὗτος
1358 4755 1414 4808 δὲ
1447 4756 1528 4808 ὅτι
1553 4755 1716 4826 παρά-

167 4868 314 4924 νομος
337 4849 426 4924 ἦν,
456 4853 617 4923 δῆλον
648 4852 714 4904 ὲκ
746 4849 840 4903 τοῦ
879 4849 1175 4921 εἰρημένου
1203 4862 1218 4877 ·
1264 4845 1475 4901 Ἀθῶον
1505 4846 1602 4899 καί
1633 4845 1720 4897 δί-

166 4959 317 4997 καιον
347 4947 458 4998 οὐκ
498 4941 871 5007 ἀποκτενεῖς.
911 4941 1010 5009 Μὴ
1054 4943 1086 4994 ὁ
1133 4937 1527 5008 κοιμώμενος,
1584 4935 1720 5004 οὺχί

167 5035 480 5100 προσθήσει
516 5033 626 5087 τοῦ
655 5031 1025 5099 ἀναστῆναι;
1061 5029 1294 5098 Διαγελᾷ
1318 5027 1424 5080 τῶν
1455 5024 1719 5079 Ἰουδαίων

167 5127 225 5178 τὰ
264 5129 553 5198 σκέμματα
601 5125 676 5189 ὡς
719 5123 979 5195 οἰομένων
1027 5122 1114 5175 διὰ
1164 5120 1259 5173 τοῦ
1307 5119 1535 5173 θανάτου
1561 5117 1716 5190 θραύ-

168 5233 237 5268 ειν
261 5218 414 5272 αὐτὸν
437 5219 514 5281 ὡς
556 5217 651 5270 ἕνα
687 5217 794 5269 τῶν
826 5215 946 5269 καθ’
976 5215 1144 5286 ἡμᾶς.
1191 5214 1251 5266 Ὀ
1296 5212 1352 5264 δέ
1392 5228 1520 5282 φησι
1547 5227 1559 5240 ο
1594 5210 1717 5273 Πῶς

169 5311 396 5381 νομίζετε
436 5310 652 5381 θανάτῳ
678 5307 988 5380 περιϐαλεῖν
1019 5307 1117 5378 τὴν
1160 5304 1338 5376 ζωήν;
1376 5304 1579 5366 Ὕπνος
1607 5301 1713 5372 γάρ

229 5487 406 5544 'Psal.
455 5503 608 5554 xxix,
653 5487 740 5542 12.

235 5647 362 5702 HM
387 5645 512 5702 llas
547 5654 668 5700 sunt
701 5641 1044 5714 Apollinarii.

1821 4484 2046 4548 scilicet,
2079 4497 2187 4537 non
2221 4482 2341 4537 ausi
2372 4481 2547 4551 palam
2576 4481 2766 4536 istbaec
2799 4489 2945 4534 metu
3001 4479 3178 4548 plebis
3205 4492 3384 4547 agere.

1894 4659 1948 4715 9.
1999 4658 2216 4714 Verbum
2271 4660 2508 4728 iniquum
2554 4660 2930 4710 constituerunt
2972 4655 3250 4710 adversum
3287 4673 3387 4709 me.

1823 4753 1964 4806 Illud
1999 4751 2244 4806 scilicet:
2306 4750 2471 4815 Tolle,
2520 4751 2661 4814 tolle,
2693 4750 2942 4818 cruci/Ege
2986 4748 3172 4803 eum".
3233 4747 3390 4814 Quod

1825 4853 2005 4898 autem
2036 4843 2284 4912 iniquum
2322 4853 2488 4907 esset,
2523 4842 2700 4911 palam
2733 4849 2816 4894 est
2846 4856 2912 4893 ex
2958 4840 3082 4893 illo:
3122 4837 3390 4892 Insontem

1823 4945 1872 4990 et
1892 4936 2099 5006 justum
2123 4952 2224 4989 non
2248 4933 2509 4999 occides}.
2549 4932 2800 5001 Nunquid
2823 4933 2908 5002 qui
2936 4932 3130 4985 dormit
3158 4949 3258 4984 non
3295 4930 3392 4982 ad-

1818 5027 1966 5096 jiciet
1998 5025 2141 5078 ultra
2173 5025 2524 5094 utresurgat?
2553 5022 2772 5076 Deridet
2801 5020 3116 5075 Judteorum
3139 5020 3388 5086 consilia,

1823 5117 2207 5171 arbitrantium
2261 5131 2421 5185 posse
2473 5129 2531 5169 se
2575 5115 2725 5167 illum
2751 5128 2848 5181 per
2891 5121 3124 5165 mortem
3170 5111 3390 5164 abolere

1823 5210 1979 5279 quasi
2006 5224 2175 5262 unum
2207 5223 2272 5261 ex
2306 5207 2482 5261 nobis.
2515 5205 2610 5260 llle
2642 5213 2821 5258 autem
2873 5203 2949 5255 ait
2974 5222 2987 5256 :
3011 5202 3115 5268 Qui
3159 5201 3389 5253 arbitra-

1822 5300 1956 5355 mini
1978 5314 2140 5371 posse
2177 5313 2276 5353 vos
2299 5306 2471 5352 morte
2492 5299 2655 5351 vitam
2687 5292 3119 5350 circumvenire?
3149 5290 3388 5346 Somnus

843 5486 863 5517 '
905 5483 1092 5539 Matth.
1137 5498 1284 5546 uri,
1319 5480 1406 5535 l5.
1494 5479 1514 5510 ⁸
1552 5476 1710 5534 Joan.

1834 5519 1860 5543 η,
1925 5478 2012 5532 l5.
2103 5476 2124 5507 ’
2167 5473 2337 5528 Exod.
2383 5488 2541 5539 um,
2574 5472 2628 5524 7.

1897 5630 2006 5700 (l3)
2051 5628 2354 5684 Dominicus
2381 5627 2556 5694 homo,
2581 5639 2684 5682 vox
2715 5619 3106 5678 Athanasiana.
