3872 6216
441 253 542 308 199

1315 244 1370 297 S.
1413 239 1784 296 ATllANASll
1829 241 1982 296 OPP.
2035 241 2217 296 PARS
2257 241 2344 296 lll.
2389 271 2454 282 --
2495 241 2906 300 EXEGETICA.

3571 237 3680 293 9.00

447 381 687 437 namque
721 365 852 419 mihi
885 361 1066 434 passio
1089 371 1188 415 est.
1221 359 1358 414 llinc
1381 359 1733 427 consequitur
1751 359 2003 413 arbitrari

2115 363 2254 413 ἐστιν
2283 360 2403 429 ἐμοὶ
2433 360 2494 412 τὸ
2527 361 2736 413 παθεῖν.
2799 357 3136 428 Ἀναγκαίως
3191 356 3246 409 δὲ
3289 355 3435 423 λέγει
3465 357 3532 428 τῇ
3566 374 3684 411 κοι-

439 461 618 528 ipsum
645 465 766 524 post
790 453 1170 508 domuitionem
1227 449 1484 516 subsequi
1514 449 1968 502 resurrectionem
1982 487 2001 512 .

441 548 714 602 Dormitio
738 561 888 600 mors
910 550 1024 598 est:
1056 557 1184 611 ergo
1225 551 1453 594 mortem
1507 539 1870 607 subscqttetur
1917 555 2004 594 re-

438 641 732 698 surrectio.

511 739 597 791 i0.
631 736 838 789 Etenim
869 735 1021 786 homo
1052 731 1194 798 pacis
1227 747 1352 784 mea:
1379 731 1432 782 in
1475 744 1576 798 quo
1613 727 1843 796 speravi,
1910 724 2002 793 qui

435 829 621 882 edebat
643 843 802 896 panes
831 842 992 890 meos,
1031 823 1388 894 magniﬁcavit
1422 838 1579 887 super
1601 837 1680 871 me
1695 817 2006 887 supplanta-

441 921 500 971 tit
519 935 652 971 nem.
687 917 1030 982 Ludibrium,
1073 917 1326 978 insidias,
1379 915 1586 966 dolum.
1621 910 1779 964 Pacis
1831 907 2006 960 homi-

437 1025 560 1064 nem
583 1007 778 1062 Judam
811 1019 990 1070 vocat,
1035 1007 1162 1074 quia
1216 1005 1501 1058 videbatur
1529 1004 1670 1056 inter
1715 999 2004 1054 benevolos

436 1109 489 1155 et
519 1103 725 1154 amicos
758 1099 875 1167 ejus
907 1095 1236 1165 computari,
1267 1103 1324 1150 et
1371 1096 1426 1148 in
1474 1091 1866 1162 discipulorum
1899 1107 2002 1144 nu-

438 1205 644 1245 merum
684 1189 910 1241 allectus
939 1187 1133 1240 fuerat.

509 1284 596 1337 li.
631 1281 710 1335 Tu
744 1291 941 1342 autem,
973 1281 1214 1344 Domine,
1243 1282 1488 1334 miserere
1517 1279 1638 1344 mei,
1669 1287 1717 1331 et
1747 1277 2003 1330 resuscita

435 1391 538 1438 me,
575 1385 622 1426 et
655 1373 944 1426 retribuam
969 1375 1066 1426 eis.
1098 1372 1350 1427 llumano
1383 1387 1532 1426 more
1567 1381 1784 1440 propter
1821 1370 2002 1422 humi-

435 1465 718 1518 liationem
754 1479 907 1516 suam
929 1465 994 1516 ad
1029 1462 1238 1516 Patrem
1264 1479 1422 1516 suum
1447 1461 1610 1516 verba
1645 1461 1790 1525 facit,
1811 1460 2002 1514 etiam-

437 1557 482 1612 si
515 1558 604 1610 ille
636 1557 708 1610 sit
735 1556 1109 1610 misericordia
1137 1555 1225 1608 Dei
1261 1565 1314 1609 et
1345 1555 1544 1617 Patris,
1585 1561 1639 1606 et
1669 1551 2001 1606 resurrectio

437 1657 598 1716 atque
625 1647 753 1702 rita.

510 1735 595 1788 1'2.
625 1733 692 1789 In
719 1735 814 1788 hoc
841 1735 1053 1804 cognovi
1098 1736 1222 1804 quia
1267 1737 1480 1788 caruisti
1512 1752 1608 1788 me.
1643 1735 1877 1788 Rursum
1928 1733 2006 1786 lo-

435 1825 622 1895 quitur
651 1837 709 1879 ut
741 1827 926 1886 homo.
989 1835 1046 1878 ut
1075 1827 1314 1894 seipsum
1353 1827 1544 1880 oil‘erat
1581 1825 1688 1880 Deo
1745 1835 1797 1880 et
1837 1823 2002 1876 Patri.

437 1917 698 1980 Quoniam
722 1933 822 1970 non
863 1917 1108 1986 gaudebit
1137 1919 1383 1970 inimicus
1433 1935 1574 1970 meus
1623 1933 1782 1984 super
1803 1933 1904 1969 me.
1945 1913 2002 1968 Si

435 2023 500 2060 ex
529 2009 882 2061 humanitatis
915 2023 1148 2076 persona
1197 2009 1300 2062 hoc
1345 2010 1476 2062 dicit
1509 2007 1785 2070 Christus,
1819 2007 2006 2059 inimi-

435 2113 534 2153 cus
575 2100 733 2167 plane
791 2101 1124 2168 intelligatur
1154 2115 1276 2172 esse
1302 2101 1396 2168 qui
1451 2108 1682 2153 mortem
1719 2097 1881 2151 nobis
1911 2113 2004 2165 pa-

435 2186 590 2238 ravit.
629 2185 722 2236 Sin
751 2185 906 2253 quasi
931 2187 1131 2254 etipso
1168 2187 1404 2250 Christo,
1443 2183 1764 2238 Judmorum
1801 2181 2006 2252 princi-

437 2289 530 2342 pes
555 2275 651 2326 ait.
690 2271 844 2339 Quod
871 2275 1014 2327 enim
1051 2289 1136 2328 res
1175 2275 1308 2343 ipsis
1345 2275 1666 2343 permoleste
1701 2272 1884 2338 fuerit,
1910 2288 2008 2342 pa-

433 2363 540 2418 lam
569 2379 632 2418 ex
653 2379 719 2419 eo
745 2375 830 2420 est
853 2365 994 2434 quod
1027 2366 1145 2434 ejus
1171 2367 1622 2422 resurrectionem
1651 2366 1762 2420 sint
1798 2367 2006 2420 calum-

433 2455 590 2512 niati.

503 2548 591 2602 15.
629 2547 714 2601 Me
737 2558 912 2602 autem
934 2557 1145 2618 propter
1166 2549 1520 2603 innocentiam
1556 2547 1856 2616 suscepisti.
1897 2545 2004 2611 Qui

431 2642 678 2694 omnium
709 2649 794 2696 est
827 2621 1216 2710 patrocinium,
1253 2641 1356 2693 sibi
1387 2654 1610 2709 quoque
1637 2637 2004 2707 patrocinium

433 2731 604 2787 fuisse
643 2734 736 2786 ait.
769 2731 888 2784 Non
923 2733 1070 2800 quod
1123 2732 1214 2786 ille
1245 2741 1518 2801 quatenus
1551 2731 1696 2784 Deus
1747 2729 2004 2798 intelligi-

435 2833 525 2878 tur
555 2841 620 2878 eo
651 2825 924 2894 indigeat:
970 2825 1064 2878 sed
1097 2825 1262 2878 homo
1291 2823 1468 2877 factus
1497 2837 1622 2876 cum
1653 2821 1744 2888 sit,
1779 2835 1878 2890 pro
1907 2821 2004 2874 ho-

375 2951 392 2964 .
433 2915 673 2968 minibus
707 2917 868 2969 verba
894 2915 1042 2969 facit.

2110 453 2270 521 μήσει
2297 452 2391 522 τὴν
2421 451 2711 505 ἀνάστασιν
2737 451 2986 504 ἕπεσθαι.
3035 451 3095 502 Ἡ
3141 447 3198 500 δὲ
3231 448 3486 518 κοίμησίς
3531 451 3682 502 ἐστιν

2105 545 2132 596 ὁ
2167 543 2391 606 Θάνατος
2413 560 2427 572 ·
2465 544 2774 611 ἀναγκαίως
2803 542 2880 612 τῷ
2927 543 3142 612 θανάτῳ
3183 541 3540 611 ἀκολουθήσει
3583 541 3680 594 καὶ

2106 638 2139 706 ἡ
2169 637 2480 698 ἀνάστασις.

2173 729 2282 782 Καὶ
2314 729 2420 797 γὰρ
2451 730 2482 780 ό
2522 726 2829 794 ἄνθρωπος
2871 727 2982 794 τῆς
3030 725 3272 793 είρήνης
3305 743 3425 794 μου
3465 725 3559 795 ἐφ’
3607 723 3682 777 ὃν

2105 817 2356 885 ἤλπισα,
2402 823 2434 872 ό
2471 819 2690 872 ἐσθίων
2743 817 2960 887 ἄρτους
3005 836 3148 886 μου,
3175 817 3546 886 ἐμεγάλυνεν
3585 817 3679 870 ἐπ’

2103 909 2208 976 ἐμὲ
2247 910 2628 977 πτερνισμόν.
2698 909 3075 978 Ἐμπαιγμὸν,
3119 909 3409 978 ἐπιϐουλὴν
3445 949 3460 972 ,
3507 905 3676 962 δόλον.

2103 1001 2338 1072 Εἰρήνης
2381 999 2662 1070 ἄνθρωπον
2691 999 2782 1052 τὸν
2820 999 3020 1054 Ἰούδαν
3053 1000 3215 1068 φησὶ,
3278 999 3366 1052 διὰ
3411 998 3472 1050 τὸ
3503 999 3680 1050 δοκεῖν

2104 1095 2160 1146 ὲν
2181 1096 2290 1155 τοῖς
2312 1092 2580 1144 εὐνοοῦσιν
2599 1091 2744 1162 αὐτῴ
2764 1091 3016 1162 τετάχθαι
3039 1093 3130 1144 καὶ
3159 1092 3352 1160 φίλοις·
3381 1093 3504 1160 τόγε
3529 1093 3682 1162 ἥκων

2102 1185 2180 1246 εἰς
2205 1184 2265 1235 τὸ
2293 1179 2433 1236 εἶναι
2463 1183 2732 1252 μαθητήν.

2173 1274 2254 1326 Σὺ
2284 1273 2372 1336 δὲ,
2407 1275 2602 1340 Κύριε,
2635 1272 2896 1338 ἐλέησόν
2928 1289 3026 1340 με,
3064 1272 3162 1324 καὶ
3198 1271 3556 1339 ἀνάστησόν
3572 1289 3674 1342 με,

2103 1365 2200 1418 καί
2229 1365 2632 1419 ἀνταποδώσω
2682 1365 2906 1430 αὐτοῖς.
2945 1363 3324 1436 Ἀνθρωπίνως
3358 1365 3557 1435 μᾶλλον
3584 1365 3679 1418 διὰ

2101 1459 2199 1527 τὴν
2245 1457 2474 1509 κένωσιν
2505 1457 2640 1527 πρὸς
2669 1459 2760 1510 τὸν
2805 1457 2998 1510 ἑαυτοῦ
3051 1455 3271 1528 Πατέρα
3320 1461 3550 1510 ποιεῖται
3583 1457 3676 1510 τὸν

2103 1550 2279 1616 λόγον,
2333 1549 2508 1602 καίτοι
2538 1548 2701 1611 αὐτὸς
2733 1547 2804 1600 ὢν
2847 1550 2906 1602 τὸ
2933 1548 3080 1612 ἔλεος
3123 1548 3216 1601 τοῦ
3249 1548 3384 1602 Θεοῦ
3436 1551 3528 1602 καὶ
3559 1551 3670 1603 [la-

2101 1643 2246 1712 τρὸς,
2279 1643 2372 1694 καί
2405 1643 2438 1710 ἡ
2470 1641 2760 1702 ἀνάστασις
2789 1643 2933 1710 καὶὴ
2964 1641 3098 1709 ζωή.

2191 1737 2286 1788 Ἐν
2315 1737 2502 1796 τούτῳ
2533 1735 2744 1802 ἔγνων,
2771 1733 2858 1786 ὅτι
2887 1730 3214 1798 τεθέληκὰς
3242 1749 3338 1801 με.
3379 1731 3544 1785 Λαλεῖ
3567 1733 3676 1786 πά-

2105 1825 2186 1876 λιν
2219 1825 2292 1886 ὡς
2321 1825 2602 1893 ἄνθρωπος
2633 1863 2648 1884 ,
2697 1823 2783 1874 ἵνα
2821 1821 3010 1874 ἑαυτὸν
3040 1821 3257 1891 παραθῇ
3303 1819 3380 1890 τῷ
3417 1821 3536 1891 Θεῷ
3577 1823 3678 1875 καὶ

2107 1917 2298 1988 Πατρί.
2337 1919 2456 1970 Ὅτι
2483 1918 2553 1970 οὐ
2577 1915 2662 1984 μὴ
2693 1912 2948 1982 ἐπιχαρῆ
2975 1915 3006 1966 o'
3034 1913 3246 1980 ἐχθρός
3267 1930 3388 1982 μου
3425 1914 3518 1966 ἐπ’
3545 1914 3674 1982 ἐμέ.

2105 2012 2167 2064 Εἰ
2205 2011 2303 2080 μὲν
2335 2010 2400 2064 ὲκ
2423 2008 2712 2080 προσώπου
2743 2007 2838 2075 τῆς
2866 2007 3278 2076 ἀνθρωπότητος
3307 2006 3480 2060 ταῦτα
3527 2007 3680 2075 λέγει

2105 2099 2132 2148 ὁ
2155 2097 2406 2166 Χριστὸς,
2433 2095 2625 2166 ἐχθρὸς
2650 2095 2715 2148 ἂν
2731 2094 2949 2164 νοηθείη
2975 2097 3002 2147 ὀ
3029 2094 3118 2147 τὸν
3153 2094 3380 2148 θάνατον
3414 2098 3546 2164 ἡμῖν
3577 2115 3682 2150 κα-

2103 2187 2481 2250 τασκευάσας·
2523 2188 2574 2240 εἰ
2605 2186 2662 2239 δὲ
2708 2186 2782 2248 ὡς
2831 2185 2890 2250 ἐξ
2939 2185 3106 2240 αὐτοῦ
3153 2186 3248 2240 τοῦ
3277 2187 3538 2258 Χριστοῦ,
3565 2189 3682 2242 τῶν

2118 2279 2383 2334 Ἰουδαίων
2407 2279 2530 2342 τοὺς
2561 2279 2827 2351 ἄρχοντάς
2876 2295 3059 2349 φησιν.
3097 2279 3215 2332 ’Ὁτι
3255 2279 3362 2352 γὰρ
3409 2279 3684 2351 λελύπηνο

2103 2388 2214 2436 ται,
2243 2371 2400 2442 δῆλον
2443 2371 2508 2424 ὲκ
2543 2371 2634 2424 τοῦ
2671 2371 3076 2441 συκοφαντῆσαι
3103 2369 3267 2426 αὐτοῦ
3307 2373 3408 2444 τὴν
3443 2374 3684 2428 ἀνάστα·

2107 2481 2210 2516 σιν.

2186 2555 2358 2622 Ἐμοῦ
2381 2553 2448 2606 δὲ
2485 2551 2584 2606 διὰ
2621 2552 2736 2620 τὴν
2760 2554 3020 2608 ἀκακίαν
3053 2553 3406 2610 ἀντελάϐου.
3449 2557 3512 2610 Ἦ
3541 2558 3684 2612 πάν-

2103 2663 2209 2700 των
2239 2646 2522 2716 ἀντίληψις
2561 2646 2895 2718 ἀντιλήψεως
2938 2648 3292 2718 τετυχηκέναι
3339 2649 3536 2720 φησίν·
3575 2651 3684 2704 οὐκ

2105 2737 2268 2799 αὐτὸς
2297 2737 2500 2807 ταύτης
2547 2737 2822 2807 δεόμενος,
2867 2737 2988 2790 καθ’
3035 2737 3063 2790 ὃ
3117 2741 3316 2792 νοεῖται
3347 2739 3502 2804 Θεὸς,
3539 2741 3684 2794 ἀλλά

2105 2825 2394 2894 γενόμενος
2433 2825 2739 2896 ἄνθρωπος,
2788 2825 2928 2896 ὑπὲρ
2969 2825 3270 2898 ἀνθρώπων
3303 2831 3536 2880 ποιεῖται
3591 2828 3684 2882 λό-

2104 2931 2252 2982 γους.

513 3005 596 3059 14.
632 3005 948 3058 Benedictus
983 3003 1238 3056 Dominus
1289 3003 1429 3058 Deus
1477 3001 1650 3056 Israel
1705 3019 1738 3056 a
1781 3001 1996 3056 saeculo.

2175 3006 2514 3076 Εὐλογητὸς
2531 3008 2746 3075 Κύριος
2763 3011 2794 3061 ό
2815 3008 2959 3074 Θεὸς
2995 3007 3236 3076 Ἰσραὴλ
3256 3009 3373 3064 ἀπὸ
3396 3009 3502 3062 τοῦ
3541 3009 3684 3064 αἰῶ-

433 3095 554 3152 Jam
583 3097 838 3167 obsignat
869 3098 1141 3150 canticum
1179 3095 1231 3148 in
1259 3096 1557 3164 gratiarum
1603 3095 1876 3149 actionem
1909 3095 2004 3148 de-

435 3187 645 3242 sinens.
677 3187 720 3238 A
755 3187 1251 3256 prtescnti,inquit,
1293 3203 1467 3256 usque
1515 3187 1582 3240 ad
1633 3185 1900 3240 futurum.
1957 3185 2004 3238 Α

433 3279 688 3348 praesenti
723 3279 1262 3350 igiturbcnedictioa
1313 3279 1470 3334 nobis
1503 3279 1614 3334 Deo
1665 3279 1846 3334 oblata
1894 3279 2004 3332 ini-

436 3372 570 3424 tium
607 3371 778 3434 ducit,
799 3372 1208 3442 completurque
1241 3373 1296 3426 in
1339 3373 1558 3426 futuro:
1603 3387 1728 3426 nam
1769 3382 2004 3440 exparte

430 3466 798 3534 cognoscimus
833 3473 882 3518 et
931 3479 995 3517 ea:
1033 3475 1182 3534 parte
1229 3465 1598 3533 prophetamus
1629 3465 1694 3528 ιθ,
1730 3479 1900 3534 quare
1935 3479 2004 3518 ex

432 3562 590 3621 parte
619 3554 1031 3608 benedicimus:
1065 3553 1198 3608 Cum
1234 3567 1409 3608 autem
1454 3555 1648 3608 venerit
1695 3555 1833 3624 quod
1884 3572 2004 3624 per-

434 3645 628 3712 fectum
655 3655 732 3697 est
756 3686 780 3710 ,I
805 3644 983 3714 inquit
1035 3646 1322 3710 Paulus“,
1359 3646 1706 3702 evacuabitur
1755 3647 1894 3717 quod
1937 3663 2002 3700 ea:

430 3745 580 3806 parte
599 3752 698 3791 est.
735 3735 867 3791 Nam
888 3737 1129 3808 profectu
1155 3739 1220 3792 ad
1267 3739 1490 3792 meliora
1515 3739 1828 3804 accedente,
1885 3755 2002 3796 ces-

433 3838 520 3884 sat
545 3831 689 3900 quod
721 3846 786 3884 ex
809 3840 960 3899 parte
989 3839 1093 3885 est.
1121 3829 1354 3898 Ideoque
1405 3829 1693 3885 Psalmista
1721 3831 1995 3899 adiunxit,

433 3919 579 3985 Fiat,
611 3923 728 3986 ﬁat,
759 3931 812 3976 et
841 3921 1080 3991 duplicat
1109 3925 1434 3979 orationem.
1472 3923 1748 3993 Siquidem
1779 3925 1998 3978 beatum

431 4025 536 4078 est,
561 4029 656 4083 per
683 4013 840 4066 iidem
869 4025 922 4068 et
948 4015 1054 4068 alia
1105 4014 1246 4067 bona
1279 4029 1444 4084 opera
1471 4015 1906 4069 benedictionem
1945 4015 1998 4068 in

430 4101 600 4158 Deum
626 4104 886 4164 exordiri,
916 4113 1080 4172 atque
1135 4107 1210 4160 ita
1237 4107 1384 4159 illam
1426 4121 1692 4160 coronare
1737 4107 1789 4158 in
1817 4107 2002 4160 futuro

431 4193 651 4254 saeculo,
689 4201 748 4246 ut
779 4193 964 4261 impiis
989 4201 1044 4246 et
1073 4193 1384 4248 inﬁdelibus
1415 4193 1584 4246 Deum
1625 4194 1734 4248 illic
1777 4193 2000 4250 laudare

431 4284 738 4338 nullatenus
769 4285 1120 4338 concedatur.
1152 4285 1444 4339 Sciendum
1475 4295 1678 4350 autem,
1707 4287 1998 4342 nonnullos

2107 3117 2232 3165 νος.
2251 3101 2544 3171 Σφραγίζει
2563 3100 2763 3154 καὶνῦν
2785 3104 2864 3164 είς
2877 3101 3226 3172 εὐχαριστίαν
3255 3100 3352 3172 τὴν
3388 3102 3686 3172 προκειμέ-

2105 3210 2202 3264 νην
2229 3193 2391 3263 ᾠδήν.
2440 3193 2571 3244 Ἀπὸ
2616 3193 2708 3245 τοῦ
2753 3193 3038 3264 παρόντος,
3087 3195 3270 3264 φησὶν,
3301 3197 3382 3257 εἰς
3423 3195 3514 3246 τὸν
3547 3193 3682 3264 μέλ-

2103 3280 2262 3336 λοντα
2287 3299 2300 3312 ·
2327 3281 2520 3334 οὐκοῦν
2547 3281 2654 3334 ἀπὸ
2680 3283 2776 3350 μὲν
2809 3280 2901 3334 τοῦ
2927 3281 3194 3352 παρόντος
3225 3285 3258 3352 ή
3301 3283 3518 3351 εὐλογία
3545 3286 3682 3356 παρ’

2104 3372 2258 3443 ἡμῶν
2279 3374 2357 3435 είς
2383 3372 2472 3424 τὸν
2499 3371 2628 3424 Θεὸν
2659 3372 2906 3442 ἄρχεται,
2929 3371 3230 3424 τελειοῦται
3255 3372 3312 3425 δὲ
3351 3373 3408 3424 ὲν
3435 3373 3516 3442 τῷ
3549 3373 3682 3444 μὲλ-

2103 3463 2246 3516 λοντι
2267 3465 2364 3517 ’ἐκ
2405 3463 2625 3532 μέρους
2653 3463 2760 3534 γὰρ
2791 3461 3184 3532 γινώσκομεν,
3237 3464 3336 3516 καὶ
3367 3465 3432 3518 ἐκ
3453 3465 3684 3534 μέρους

2103 3554 2702 3624 πμοφητεύομενβθεν
2725 3555 2819 3608 καὶ
2829 3556 2894 3608 ὲκ
2917 3555 3114 3626 μέρους
3135 3555 3354 3624 εὐλογοῦ
3364 3573 3483 3626 μενο
3501 3560 3684 3610 Ὅταν

2102 3646 2168 3698 δὲ
2183 3647 2329 3714 ἔλθῃ
2347 3647 2413 3699 τὸ
2427 3646 2844 3716 τέλειοι·,φησὶν
2857 3648 2886 3699 ὁ
2901 3647 3132 3710 Παῦλος,
3152 3647 3216 3700 τὸ
3225 3648 3294 3700 ἐκ
3313 3645 3537 3714 μέρους
3551 3665 3687 3700 κατ-

2101 3737 2518 3806 αργηθήσεται.
2543 3738 2618 3808 Τῇ
2639 3739 2748 3809 γὰρ
2787 3741 2878 3791 ἐπὶ
2902 3739 2962 3792 τὸ
2996 3741 3178 3810 μεῖζον
3205 3743 3452 3811 προκοπῇ
3481 3739 3546 3795 τὸ
3571 3743 3684 3794 ἀπὸ

2107 3829 2305 3899 μέρους
2328 3829 2578 3882 παύεται.
2599 3829 2696 3882 Διά
2719 3831 2916 3884 τοῦτοὸ
2937 3832 2993 3884 Ψ
2995 3831 3236 3903 αλμῳδὸς
3261 3833 3532 3901 ἐπήγαγε,
3577 3835 3629 3885 Γ
3631 3833 3686 3886 ἐ-

2103 3935 2284 3980 νοιτο,
2307 3918 2554 3988 γένοιτο,
2589 3921 2683 3972 καὶ
2706 3919 3044 3984 διπλασιάζει
3065 3923 3162 3990 τὴν
3187 3921 3371 3992 εὐχὴν.
3391 3922 3684 3993 Μακάρων

2102 4010 2174 4077 γά
2181 4027 2210 4080 ρ
2225 4010 2474 4063 ἐντεῦθεν
2485 4011 2585 4080 τῆς
2600 4012 2848 4080 εὐλογίας
2869 4013 2966 4083 τῆς
2989 4017 3066 4078 εἰς
3081 4015 3170 4066 τὸν
3185 4013 3318 4068 Θεὸν
3337 4015 3425 4068 διὰ
3443 4016 3684 4076 πίστεως

2103 4103 2318 4171 καὶτῆς
2341 4102 2448 4154 τῶν
2479 4103 2654 4158 ἄλλων
2687 4105 2909 4172 ἀγαθῶν
2945 4106 3336 4176 κατορθώσεως
3373 4105 3678 4176 ἄρξασθαι,

2101 4193 2246 4246 οὕτω
2273 4211 2331 4248 τε
2365 4195 2532 4266 αὐτὴν
2564 4198 2904 4264 στεφανῶσαι.
2955 4201 3035 4260 είς
3065 4197 3154 4249 τὸν
3199 4197 3374 4250 αἰῶνα
3421 4197 3514 4248 τὸν
3551 4196 3684 4266 μὲλ-

2103 4288 2282 4352 λοντα,
2313 4291 2387 4354 ὡς
2425 4292 2480 4344 οἵ
2511 4309 2574 4361 γε
2609 4293 2826 4356 ἀσεϐεῖς
2863 4293 2957 4348 καὶ
2997 4293 3214 4346 ἄπιστοι
3269 4291 3511 4356 εὐλογεῖν
3563 4292 3683 4342 ἐκεῖ

429 4377 574 4430 hanc
607 4376 943 4446 psalmorum
973 4376 1309 4446 prophetiam
1339 4377 1392 4430 in
1441 4377 1612 4432 libros
1641 4379 1883 4448 quinque
1911 4379 1996 4433 di-

2115 4376 2194 4430 τὸν
2233 4377 2364 4431 Θεὸν
2397 4381 2496 4433 οὐκ
2537 4381 2942 4452 ὲπιτρέπονται.
2981 4383 3192 4435 Εἰδὲναι
3234 4381 3290 4434 δὲ
3324 4381 3424 4444 δεῖ,
3461 4381 3545 4432 ὅτι
3577 4381 3680 4449 τὴν

426 4469 645 4524 videre:
677 4478 842 4537 atque
897 4469 964 4523 ad
1011 4468 1158 4522 hunc
1209 4483 1384 4534 usque
1439 4471 1708 4537 psalmum
1759 4473 1998 4540 priorem

427 4560 796 4624 constituere;
853 4559 982 4628 quia
1013 4560 1065 4612 in
1107 4559 1214 4612 line
1255 4559 1686 4614 benedictionem
1737 4562 1790 4616 in
1827 4561 1996 4616 Deum

429 4665 524 4703 seu
547 4665 804 4705 coronam
845 4651 1023 4704 habet.
1052 4649 1205 4706 Unde
1237 4653 1406 4705 etiam
1431 4653 1510 4706 sic
1539 4662 1830 4722 sequentes
1863 4669 1998 4724 qua-

431 4749 556 4794 tuor
583 4741 914 4809 partiuntur.

569 4915 622 4969 1.
663 4914 724 4968 in
768 4917 924 4985 ﬁnem
954 4919 1024 4972 ad
1073 4919 1476 4990 intelligentiam
1525 4921 1652 4992 ﬁliis
1689 4921 1846 4978 Core.

953 5009 1292 5066 PSALMUS
1321 5013 1474 5067 XLI.

1005 5101 1402 5171 Argumentum.

426 5189 580 5244 Sacri
606 5189 758 5245 fuere
789 5198 1044 5246 cantores
1081 5193 1176 5246 ﬁlii
1199 5193 1360 5258 Core,
1393 5204 1596 5250 canunt
1630 5207 1812 5252 autem
1848 5213 1979 5252 can-

506 5283 670 5336 ticum
698 5283 766 5336 ab
791 5283 1423 5354 auctoribusacceptum,
1446 5288 1738 5344 videliceta
1765 5287 1990 5354 Davide,

498 5385 618 5438 qnze
645 5371 698 5422 in
737 5372 1030 5440 postremis
1073 5375 1408 5442 temporibus
1447 5377 1748 5431 obventura
1809 5389 1995 5433 essent

503 5459 892 5527 signiﬁcantes.
927 5460 1194 5517 lnducunt
1219 5465 1382 5520 etiam
1412 5467 1584 5537 ipsius
1611 5467 1828 5526 lsraelis
1865 5486 1988 5540 per-

502 5639 546 5672 “
571 5641 590 5696 l
616 5642 742 5697 Cor.
773 5643 961 5706 1111.9.
1045 5645 1084 5676 “
1110 5645 1241 5701 ibid.
1275 5647 1358 5702 l0.

2104 4467 2386 4540 ψαλμικὴν
2439 4471 2644 4542 ταύτην
2689 4474 3026 4544 προφητείαν
3077 4473 3158 4535 εἰς
3209 4473 3370 4524 πέντε
3409 4472 3556 4534 τινὲς
3599 4473 3682 4526 δι-

2104 4558 2312 4622 ελόντες
2343 4561 2573 4629 βίϐλους,
2618 4564 2778 4635 μέχρι
2806 4565 2994 4618 τούτου
3023 4565 3118 4618 τοῦ
3153 4563 3368 4635 ψαλμοῦ
3402 4563 3504 4634 τὴν
3521 4563 3682 4634 πρώ-

2102 4666 2202 4718 την
2235 4650 2544 4720 νομίζουσιν
2585 4669 2599 4682 ·
2653 4653 2838 4724 ἐπειδὴ
2891 4655 3026 4722 πρὸς
3077 4655 3154 4725 τῷ
3207 4649 3352 4707 τέλει
3411 4655 3680 4722 στέφανον

2107 4739 2295 4812 ὥσπερ
2343 4743 2442 4811 τὴν
2473 4743 2719 4812 εὐλογίαν
2760 4746 2860 4816 τὴν
2904 4749 2984 4810 εἰς
3033 4747 3164 4799 Θεὸν
3193 4747 3480 4816 κέκτηται.
3512 4747 3680 4800 Ὅθεν

2105 4831 2246 4886 οὕτω
2273 4833 2538 4905 διαιροῦσι
2564 4837 2655 4889 καὶ
2688 4836 2784 4899 τὰς
2817 4839 3076 4910 ὑπάρξεις
3110 4839 3208 4901 τὰς
3238 4839 3530 4908 τέσσαρας.

2167 4926 2270 4990 Εἰς
2299 4926 2364 4978 τὸ
2393 4925 2565 4992 τέλος
2587 4931 2674 4994 εις
2699 4930 2957 4984 σύνεσιν
2981 4929 3103 4996 τοῖς
3117 4931 3267 4996 υἱοῖς
3291 4931 3398 4984 τοῦ
3429 4929 3608 4998 Κορὲ.

2651 5024 2862 5076 ΨΑΛΜ
2867 5027 2958 5076 ΟΣ
2991 5026 3127 5077 MA'.

2725 5115 2738 5132 '
2751 5115 3060 5180 Υπόθεσις.

2113 5201 2440 5274 Ἱεροψάλται
2476 5204 2574 5273 μὲν
2617 5207 2902 5274 γεγόνασιν
2935 5211 2982 5262 οί
3020 5207 3114 5261 τοῦ
3158 5207 3301 5279 Κορὲ
3331 5207 3456 5269 uio‘t,
3485 5205 3680 5278 ᾅδουσι

2175 5291 2232 5344 δὲ
2261 5292 2360 5364 τὴν
2387 5293 2530 5365 ᾠδὴν
2573 5295 2828 5362 λαϐόντες
2887 5301 3040 5370 παρά
3091 5300 3202 5352 τῶν
3238 5299 3540 5354 συνθέντων
3579 5297 3680 5351 αὐ-

2173 5383 2293 5454 τὴν,
2328 5386 2572 5438 τουτέστι
2591 5387 2696 5440 τοῦ
2744 5389 2924 5452 Δαυῒδ,
2953 5391 3022 5444 τά
3071 5393 3158 5444 ἐπ’
3187 5392 3428 5461 ἐσχάτων
3465 5389 3676 5460 σημαίο

2171 5491 2352 5539 νοντες
2387 5477 2493 5530 τῶν
2535 5481 2760 5552 καιρῶν.
2797 5485 3124 5556 Εεσφέρουσι
3165 5485 3222 5538 δὲ
3271 5484 3332 5537 τὸ
3369 5481 3534 5537 αὐτοῦ
3577 5479 3674 5535 τοῦ
