3872 6216
189 312 278 367 201

262 432 467 502 Ἰσραὴλ
513 431 797 501 πρόσωπον
837 427 1328 499 ὲζομολογούμενον
1382 428 1602 498 Χριστῷ
1646 426 1734 479 διὰ
1762 430 1811 484 Α

252 525 341 594 τῆς
391 521 798 592 μεταγνώσεως,
831 517 903 593 ἧς
948 521 1262 590 ποιήσονται
1315 519 1406 572 ἐπὶ
1456 518 1738 588 συντελείᾳ

251 614 349 667 τῶν
371 613 599 670 αἰώνων.

258 706 357 756 Ὃν
398 705 616 771 τρόπον
653 702 764 771 (id)
809 701 1082 754 ἐπιποθεῖ
1120 701 1158 767 ή
1207 700 1435 768 ἔλαφος
1481 698 1580 752 ἐπὶ
1626 699 1737 763 τὰς

193 795 369 864 πηγὰς
399 794 516 847 τῶν
544 791 796 861 ὑδάτων,
824 794 1011 858 οὕτως
1052 792 1324 846 ἐπιποθεῖ
1349 792 1385 858 ἠ
1420 790 1590 860 ψυχή
1619 807 1738 858 μου

193 885 326 953 πρὸς
372 887 464 948 σὲ,
503 889 535 939 ὀ
569 886 730 950 Θεός.
774 886 840 936 Δί
888 885 1102 952 λογικαὶ
1125 884 1332 952 ἔλαφοι,
1363 882 1739 950 διαλειπούσης

193 977 345 1040 αὑτὰς
372 975 454 1028 διὰ
496 975 596 1037 τὰς
628 975 856 1045 ἀνομίας
891 975 988 1044 τῆς
1017 975 1212 1045 νοητῆς
1241 975 1440 1044 πηγῆς,
1479 971 1739 1025 ἀπεκλαί-

191 1082 298 1120 οντο
326 1067 512 1128 νυκτὸς
537 1066 631 1119 καὶ
663 1065 782 1136 μεθ’
817 1065 1027 1136 ἡμέραν
1054 1064 1148 1135 τὴν
1173 1065 1446 1118 ἀπώλειαν
1480 1063 1707 1116 ἑαυτῶν.

252 1179 388 1229 Πότε
417 1178 572 1244 ἥξω,
625 1177 723 1230 καὶ
775 1176 1114 1246 ὀφθήσομαι
1163 1176 1243 1242 τῷ
1295 1177 1592 1245 προσώπῳ
1631 1175 1736 1229 τοῦ

190 1265 362 1329 Θεοῦ;
407 1265 700 1336 Πρόσωπον
732 1264 826 1318 τοῦ
858 1264 992 1317 Θεοῦ
1043 1266 1071 1316 ὁ
1124 1265 1312 1332 Λόγος.
1361 1265 1621 1335 Σημαίνει
1677 1264 1738 1316 τὸ

187 1357 294 1410 λίαν
339 1357 618 1426 ἐπιθυμεῖν
652 1357 847 1419 αὐτοὺς
878 1357 957 1417 είς
991 1355 1180 1426 καιρὸν
1207 1355 1498 1424 ἀφικέσθαι
1543 1355 1738 1418 αὐτοὺς

187 1447 297 1502 καθ’
325 1448 378 1500 ὃν
401 1450 492 1501 καὶ
518 1450 551 1518 ἡ
584 1448 761 1500 αὐτῶν
793 1447 945 1500 ἔσται
979 1447 1171 1517 κλῆσις
1195 1466 1208 1478 ε
1235 1446 1374 1500 ὥστε
1408 1447 1500 1498 καὶ
1540 1447 1736 1508 αὐτοὺς

188 1541 426 1607 ἐμφανεῖς
450 1538 699 1605 γενέσθαι
747 1537 824 1607 τῷ
875 1537 1148 1609 προσώπῳ
1195 1537 1287 1590 τοῦ
1339 1537 1472 1590 Θεοῦ
1508 1538 1600 1590 καὶ
1627 1538 1736 1588 Πα-

187 1629 316 1697 τρός.
350 1629 520 1680 Tauro
541 1628 597 1680 δέ
635 1630 864 1680 ἐστικαὶ
894 1628 954 1678 τὸ
981 1627 1073 1680 τοῦ
1109 1627 1260 1679 Υἱοῦ.

1273 302 1634 363 EXPO'SITIO
1671 303 1739 358 IN
1778 299 2109 362 PSALMUM
2148 302 2286 360 XLI.

3292 305 3398 363 Si}!

1912 442 2104 481 sonam
2155 426 2372 480 Christo
2413 441 2508 494 per
2564 425 2932 495 paenitentiam
3003 421 3346 482 confitentem
3379 469 3398 494 ,
3483 414 3486 417 ’

1907 533 2073 586 quam
2151 518 2204 571 in
2291 518 2765 572 consummatione
2825 519 3149 573 saeculorum
3223 522 3397 575 acturi

1906 623 2052 672 sunt.

1905 698 1961 751 2.
1994 700 2446 763 Quemadmodum
2465 701 2726 753 desiderat
2746 716 2923 754 cervus
2949 700 3017 752 ad
3040 701 3210 768 fontes
3227 715 3398 769 aqua-

1837 802 1977 854 rum,
2002 789 2080 840 ila
2107 789 2370 842 desiderat
2394 790 2570 842 anima
2593 807 2710 843 mea
2744 792 2812 843 ad
2845 801 2911 853 te,
2947 789 3108 844 Deus.
3137 790 3400 845 Rationa-

1835 878 1973 934 bi‘les
2004 881 2170 944 cervi,
2236 881 2518 936 deﬁciente
2568 883 2732 952 ipsis},
2796 893 3139 952 peccatorum
3201 899 3396 952 causa,

1837 971 2104 1039 Spirituali
2137 971 2302 1041 fonte,
2339 984 2498 1029 noctu
2527 976 2720 1044 dieque
2764 992 2918 1030 suam
2954 978 3248 1047 perniciem
3305 979 3398 1032 de-

1835 1061 2140 1130 plorabant.

1907 1171 1961 1226 3.
2002 1174 2226 1238 Quando
2257 1177 2456 1229 veniant
2492 1187 2541 1231 et
2568 1179 2826 1247 apparebo
2885 1191 3004 1233 ante
3038 1183 3226 1248 [aciem
3257 1182 3400 1236 Dei?

1835 1262 2025 1318 Facies
2064 1263 2241 1322 Patris
2283 1266 2540 1324 Verbum.
2572 1268 2667 1324 llis
2693 1271 3026 1339 significatur
3061 1289 3270 1328 suntme
3298 1291 3395 1330 ex—

1835 1363 2017 1422 petere
2040 1355 2161 1410 illos
2191 1370 2256 1409 eo
2291 1367 2533 1426 tempore
2558 1367 2682 1413 ante
2708 1371 3061 1429 conspectum
3087 1362 3177 1417 Dei
3201 1379 3397 1419 occur-

1836 1459 1956 1498 rere
1987 1460 2097 1514 quo
2122 1447 2297 1500 vocati
2327 1445 2546 1514 fuerint,
2583 1458 2642 1503 ut
2669 1464 3021 1520 compareant
3049 1463 3175 1509 ante
3201 1455 3392 1511 faciem

1835 1533 2041 1590 Patris:
2071 1551 2194 1606 quae
2223 1537 2410 1592 eadem
2433 1537 2550 1607 ipsa
2581 1546 2844 1608 estatque
2867 1537 3012 1594 Filii.

262 1741 349 1792 Ἐν
387 1739 556 1808 φωνῇ
624 1740 1038 1809 ἀγαλλιάσεως
1084 1738 1183 1792 καὶ
1238 1735 1728 1808 ἐξομολογήσεως

1907 1733 1958 1786 5.
1993 1732 2060 1786 1η
2091 1749 2211 1788 voce
2232 1736 2603 1794 exsultationis
2624 1751 2672 1794 et
2706 1742 3051 1809 confessionis
3081 1760 3240 1798 sonus
3271 1761 3396 1814 epu—

187 1829 358 1898 ἦχους
399 1829 794 1899 ἐορτάζοντος.
844 1829 1376 1901 Προευαγγελίζεται
1423 1830 1613 1882 ἑαυτὸν
1660 1829 1735 1892 ὡς

185 1922 237 1973 ὲν
261 1921 425 1990 καιρῷ
447 1922 768 1992 τευξόμενος
793 1921 892 1991 τῆς
927 1919 1016 1974 διὰ
1049 1918 1282 1993 Χριστοῦ
1340 1919 1612 1991 σωτηρίας
1641 1919 1735 1971 καὶ

188 2012 337 2082 ζωῆς,
365 2014 456 2066 καὶ
479 2017 604 2076 ταῖς
629 2013 800 2076 θείαις
833 2013 1024 2076 αὐλαῖς
1054 2011 1190 2084 ὁμοῦ
1220 2014 1333 2074 τοῖς
1359 2011 1538 2076 ἄλλοις
1561 2012 1735 2079 ἁγίοις

185 2102 463 2174 ὲνδιαιτησό
470 2121 656 2175 μενος.

251 2215 364 2268 Ἵνα
393 2216 447 2268 τί
479 2216 816 2284 περίλυπος
843 2213 919 2277 εἷ,
954 2217 993 2282 ἡ
1025 2216 1194 2284 ψυχή
1233 2234 1371 2285 μου,
1414 2218 1512 2270 καὶ
1546 2219 1645 2270 ἵνα
1680 2219 1735 2272 τί

187 2306 612 2374 συνταράσσεις
657 2325 765 2376 με;
810 2308 1068 2376 Ἐπιτιμᾷ
1115 2311 1234 2370 ταῖς
1283 2307 1480 2371 λύπαις
1532 2311 1595 2379 τῇ
1655 2311 1736 2371 εἰς

186 2397 396 2466 Χριστὸν
415 2399 593 2452 ἐλπίδι
622 2400 946 2470 ὀχυρόμενος
962 2399 1116 2472 (Μ’).
1136 2401 1197 2452 Et
1218 2401 1531 2471 τετήρηται,
1551 2402 1734 2470 φησὶν,

184 2481 226 2542 ὦ
252 2490 407 2560 ψυχὴ,
443 2491 638 2561 καιρὸς
671 2490 791 2544 καθ’
817 2491 874 2543 ὃν
906 2495 939 2562 ή
986 2491 1075 2545 διὰ
1099 2491 1332 2553 πίστεως
1364 2490 1520 2560 ἡμῶν
1546 2490 1736 2560 κλῆσις

187 2583 372 2650 είσάγοι
416 2585 563 2653 ἡμᾶς
603 2583 740 2653 μετὰ
779 2583 886 2636 τῶν
920 2580 1283 2653 ἑορταζόντων
1329 2584 1407 2646 είς
1456 2584 1552 2652 τὴν
1602 2599 1737 2652 σκη-

187 2675 288 2742 νὴν,
325 2674 410 2726 διὰ
449 2676 502 2727 τί
546 2674 848 2745 περίλυπος
887 2671 955 2741 εἷ,
1001 2677 1091 2728 καὶ
1133 2675 1450 2747 κατατρύχῃ
1478 2677 1598 2738 ταῖς
1638 2675 1732 2727 λύ-

189 2779 304 2826 παις
320 2780 332 2827 ;

248 2856 340 2908 Διὰ
363 2856 536 2910 τοῦτο
560 2855 994 2926 μνησθήσομαι
1023 2857 1244 2910 σου-ἐκ
1284 2856 1396 2926 γῆς
1444 2857 1734 2925 Ἰορδάνου

187 2947 270 3001 καὶ
307 2948 641 3017 Ἐρμωνιεὶμ
665 2949 781 3002 ἀπὸ
813 2950 988 3018 ὅρους
1007 2950 1246 3018 μικροῦ.
1294 2950 1510 3022 Ἐπειδὴ
1545 2951 1735 3023 ἐταρά-

193 3039 304 3109 χθη,
329 3042 510 3109 φησὶν,
532 3043 567 3111 ἡ
590 3040 733 3111 ψυχή
778 3058 898 3111 μου,
922 3041 1334 3112 ἀναμνήσαντός
1372 3059 1471 3112 μου
1504 3042 1733 3113 ἐμαυτὸν

187 3123 280 3176 τῶν
308 3125 409 3177 σῶν
438 3126 779 3198 Θαυμασίων,
801 3124 874 3180 ὦν
902 3145 959 3180 τε
1003 3130 1144 3182 κατὰ
1172 3130 1263 3183 τὸν
1299 3130 1566 3202 Ἰορδάνην
1603 3135 1734 3202 ἡμῖν

187 3216 390 3282 ἔδειξας,
405 3211 477 3271 ὧν
502 3237 564 3271 τε
592 3218 733 3270 κατὰ
753 3219 812 3270 τὸ
833 3219 956 3290 ὅρος
971 3220 1030 3272 τὸ
1063 3219 1328 3290 Ἀερμὼν,
1345 3222 1736 3292 παραμυθήσο-

189 3324 275 3374 μαι
306 3310 553 3378 ἐμαυτόν.
596 3310 665 3361 ’Ἡ
709 3309 879 3372 οὕτως
902 3328 915 3340 ·
963 3311 1253 3382 Γενόμενος
1273 3353 1286 3375 ,
1336 3315 1496 3382 φησὶν
1520 3355 1533 3378 ,
1571 3316 1628 3366 ἐν
1661 3313 1736 3384 τῷ

198 3399 432 3474 Ἰορδάνῃ,
463 3402 742 3455 τουτέστιν
775 3402 1022 3467 ἀξιωθεὶς
1041 3403 1130 3456 τοῦ
1154 3405 1307 3471 ἁγίου
1342 3406 1733 3475 βαπτίσματος,

187 3488 240 3540 τὺ
259 3493 546 3561 τηνικαῦτά
584 3509 676 3546 σου
715 3494 1091 3565 μνησθήσομαι
1122 3494 1210 3547 διὰ
1241 3496 1333 3548 τοῦ
1370 3497 1610 3566 ῥήματος
1635 3496 1732 3564 τῆς

187 3583 467 3651 ὁμολογίας.
532 3585 934 3655 Μνησθήσομαι
978 3586 1034 3638 δὲ
1085 3586 1182 3639 καὶ
1228 3586 1322 3640 τοῦ
1383 3588 1734 3658 Ἐρμωνιείμ.

199 3671 508 3745 Ἐρμωνιεὶμ
524 3675 583 3726 δὲ
609 3676 968 3746 ἑρμηνεύεται
998 3675 1137 3742 ὁδὸς
1151 3678 1404 3744 λύχνου,
1449 3677 1530 3742 ὡς,
1553 3678 1645 3730 τοῦ
1677 3679 1738 3731 ἁ-

190 3763 292 3829 γίου
317 3765 690 3836 βαπτίσματος
716 3766 831 3818 ὁδὸν
855 3767 1034 3829 αὐτοῖς
1059 3766 1366 3834 ἀνοίγοντος
1395 3768 1698 3837 φωτισμοῦ.

271 3858 537 3924 Αΰινσσος
559 3858 841 3912 ἄϐυσσον
865 3859 1229 3912 ἐπικαλεῖται
1265 3862 1352 3924 εὶς
1388 3859 1596 3927 φωνὴν
1623 3859 1740 3911 τῶν

193 3950 545 4016 καταρακτῶν
583 3950 981 4021 σουξἙτέρων
1009 3951 1165 4004 πάλιν
1209 3950 1520 4020 Θαυμασίων
1545 3953 1739 4021 ἀναμι-

195 4040 500 4108 μνήσκουσιν
535 4041 786 4104 ἑαυτούς.
825 4043 952 4094 Ὅτε
982 4043 1089 4112 γὰρ
1116 4041 1398 4111 ἀλλόφυλοι
1431 4044 1737 4112 κατεστρά-

193 4145 368 4185 τευσαν
395 4134 593 4198 αὐτῶν,
625 4133 924 4204 γενομένης
953 4133 1092 4202 ὑπὲρ
1127 4133 1306 4185 αὐτῶν
1352 4133 1542 4197 θυσίας
1591 4134 1740 4204 παρὰ

194 4221 274 4273 τοῦ
309 4223 572 4294 Σαμουὴλ,
633 4224 936 4294 κατηνέχθη
993 4223 1132 4277 κατὰ
1175 4225 1282 4278 τῶν
1316 4225 1588 4296 πολεμίων
1643 4228 1738 4296 χά-

193 4310 313 4376 λαζα
341 4317 596 4387 τοσαύτη,
633 4318 709 4380 ὡς
735 4317 859 4378 τοὺς
891 4316 1116 4386 ἐχθροὺς
1139 4316 1323 4386 σχεδὸν
1350 4317 1613 4382 ἅπαντας,
1649 4320 1739 4370 οὑ-

193 4403 322 4469 δενὸς
351 4409 528 4472 αὐτοῖς
559 4406 861 4478 ἀνθρώπων
911 4407 1238 4477 μαχομένου,
1294 4412 1499 4462 πεσεῖν.
1539 4409 1738 4461 ’Λϐυσο
1765 4441 1820 4502 D

198 4511 274 4548 σον
296 4497 467 4552 τοίνυν
504 4500 593 4552 ἐπ’
626 4499 848 4568 ἀϐύσσῳ
876 4499 1173 4569 τρέχουσαν
1209 4500 1364 4552 καλεῖ
1385 4501 1483 4571 τὴν
1517 4501 1612 4570 τῆς
1645 4519 1740 4571 χα-

193 4587 341 4658 λάζης
359 4592 545 4662 φοράν.
582 4591 657 4644 Τὸ
689 4591 765 4654 δὲ,
801 4589 1202 4655 ἐπικαλεῖται,
1247 4591 1368 4644 ἀντὶ
1411 4592 1524 4656 τοῦ,
1565 4593 1740 4661 ἐγκα-

193 4679 382 4734 λεῖται.
413 4684 592 4736 Φωναὶ
622 4683 679 4735 δὲ
712 4683 818 4734 τῶν
859 4681 1218 4754 καταρακτῶν
1253 4684 1310 4734 αἱ
1342 4682 1449 4736 τῶν
1491 4683 1741 4754 χαλαζῶν

195 4773 341 4839 φοραὶ
362 4773 599 4844 νοηθεῖεν
626 4773 709 4827 ἄν.
757 4772 1015 4843 Ἀλλαχοῦ
1047 4773 1104 4826 δὲ
1132 4774 1509 4845 καταρράκται
1546 4777 1594 4828 οἱ
1645 4775 1739 4828 τοῦ

195 4858 314 4914 Θεοῦ
329 4863 622 4934 προφῆται.
645 4863 873 4931 Πάντες
896 4869 949 4918 οι
973 4867 1369 4934 μετεωρισμω
1403 4881 1520 4920 σου
1547 4867 1644 4921 καὶ
1671 4869 1744 4923 τὰ

196 4951 407 5020 κύματά
440 4971 557 5010 σου
583 4957 677 5010 ἐπ’
710 4955 816 5025 ἐμὲ
845 4955 1111 5024 διῆλθον.
1131 4957 1349 5027 Ἑτέρου
1374 4957 1534 5012 πάλιν
1553 4959 1744 5011 ἑαυτὸν

197 5039 578 5115 ἀναμιμνήσκει
622 5045 917 5114 θαύματος.
950 5046 1170 5117 Διῆλθον
1211 5046 1318 5117 γὰρ
1349 5047 1436 5101 διὰ
1474 5047 1745 5120 θαλάσσης

259 5325 359 5394 (14)
396 5330 496 5381 Ὃν
541 5330 795 5395 τρόπον,
840 5344 892 5379 κ.
921 5344 972 5379 τ.
1005 5325 1056 5380 λ.
1117 5323 1256 5378 Huic
1305 5325 1484 5379 versui
1527 5325 1580 5378 in
1620 5325 1743 5380 cod.

200 5392 442 5467 Ambros.-
473 5392 752 5467 sequentis
780 5396 1154 5467 interpretatio
1176 5403 1413 5467 aptatur,
1451 5410 1575 5467 eum
1594 5411 1747 5467 Aqua-

201 5462 308 5515 dam
345 5462 706 5536 discrepantia
757 5468 861 5521 Sic:
898 5466 1190 5534 Πρόσωπον
1221 5463 1316 5516 τοῦ
1344 5463 1478 5516 Θεοῦ
1520 5467 1551 5536 ό
1594 5464 1750 5533 λόγος

203 5535 435 5624 σημΔαὶνει
462 5535 672 5624 regiam
705 5537 990 5624 ἐπιθυμεῖν
1022 5536 1217 5624 αὐτοὺς
1255 5536 1341 5620 είς
1387 5535 1573 5620 καιρὸν
1621 5537 1749 5624 ἀφιζ-

205 5571 435 5651 Ἔμωνε..
473 5571 525 5590 ..υ
553 5571 671 5589 ...μιν
705 5571 989 5624 “more”
1022 5571 1214 5596 ww...
1255 5571 1338 5620 ἃ,
1389 5571 1572 5606 "mp...
1621 5571 1748 5603 ...γρ

204 5601 376 5673 κ-σθαι
399 5647 414 5668 ,
448 5607 570 5659 καθ’
609 5607 665 5658 ὃν
703 5607 798 5660 καὶ
827 5605 1004 5659 αυτῶν
1037 5605 1184 5656 ἔσται
1220 5619 1408 5673 κλησις
1434 5621 1447 5633 ·
1483 5605 1623 5657 ὥστε
1662 5603 1752 5673 καὶ

204 5671 374 5738 αὐτοὺς
396 5677 664 5746 ,ἐμφανεῖς
691 5676 941 5744 γενέσθαι
963 5674 1040 5744 τῷ
1075 5671 1347 5744 προσώπῳ
1374 5673 1465 5726 τοῦ
1515 5672 1748 5743 Πατρός,

499 5788 766 5848 ΡΑτειοι..
809 5789 926 5848 Gn.
976 5786 1233 5845 XXVII.

1760 3093 1808 3152 ο

1837 1823 2022 1878 tantis.
2070 1825 2186 1879 Sibi
2219 1827 2320 1896 ipsi
2360 1831 2690 1897 praenuntiat
2735 1831 2976 1888 futurum
3011 1842 3070 1888 ut
3101 1836 3398 1905 aliquando

1836 1929 1933 1985 per
1962 1915 2235 1970 Christum
2273 1918 2503 1973 salutem
2537 1930 2591 1974 et
2628 1922 2794 1977 vitam
2846 1936 3232 1995 consequatur,
3259 1938 3311 1983 et
3341 1929 3395 1983 in

1836 2005 2018 2060 divina
2047 2008 2169 2062 aula
2204 2026 2312 2064 una
2351 2027 2474 2066 cum
2525 2013 2648 2068 aliis
2684 2015 2889 2070 sanctis
2937 2016 3160 2072 habitet.

1921 2217 1977 2270 6.
2001 2218 2180 2284 Quare
2211 2219 2383 2272 tristis
2411 2235 2488 2286 es,
2523 2220 2702 2272 anima
2730 2236 2867 2286 mea,
2899 2229 2948 2274 et
2987 2237 3150 2290 quare
3181 2231 3399 2276 seruarc

1837 2305 1930 2360 bas
1955 2323 2034 2360 me
2057 2309 2082 2360 .9
2111 2307 2412 2362 Tristitiam
2436 2309 2784 2378 reprehendit
2814 2324 2910 2380 spe
2942 2325 3068 2381 erga
3113 2311 3391 2366 Christum

1836 2398 2101 2452 munitus.
2134 2396 2189 2452 Si
2219 2408 2493 2452 servatum
2523 2407 2626 2462 est,
2651 2399 2846 2468 inquit,
2879 2410 3112 2468 tempus,
3143 2416 3176 2455 ο
3214 2401 3397 2455 anima

1835 2504 1978 2555 mea,
2003 2503 2114 2559 quo
2138 2491 2352 2544 vocatio
2388 2505 2483 2559 per
2514 2491 2672 2545 tidem
2711 2500 2899 2547 nostra
2947 2491 3253 2547 introducet
3291 2507 3394 2548 nos

1836 2596 1961 2636 cum
1991 2581 2190 2637 festum
2227 2583 2514 2653 agentibus
2533 2584 2586 2636 in
2605 2571 3020 2639 Iabernaculum
3044 2585 3198 2650 illud,
3225 2600 3398 2656 quare

1835 2674 2009 2730 tristis
2033 2690 2114 2741 es,
2147 2683 2202 2730 et
2225 2689 2323 2729 cur
2347 2675 2534 2730 dolore
2563 2677 2886 2732 maceraris?

1916 2849 1966 2903 7.
1989 2849 2278 2921 Propterea
2306 2868 2502 2906 memor
2551 2869 2637 2906 ero
2689 2855 2767 2905 tui
2795 2854 2860 2907 de
2893 2863 3035 2907 terra
3071 2853 3328 2909 Jordanis
3350 2864 3400 2908 et

1837 2940 2166 2998 Hermoniim
2185 2963 2217 2998 a
2243 2955 2414 2998 monte
2429 2947 2651 3000 modico.
2672 2944 3140 3016 Quandoquidem,
3158 2947 3253 3013 ait,
3281 2956 3400 3001 tur-

1836 3030 1963 3086 bata
1983 3041 2067 3087 est
2101 3033 2282 3087 anima
2332 3049 2472 3100 mea,
2518 3034 2645 3089 dum
2694 3035 2827 3088 mihi
2863 3035 2917 3088 in
2957 3035 3276 3090 memoriam
3313 3051 3402 3089 re-

1849 3123 2056 3178 vocabo
2081 3125 2349 3178 mirabilia
2379 3135 2491 3183 tua.
2511 3140 2635 3179 cum
2665 3140 2726 3178 ea
2757 3141 2878 3194 quae
2899 3125 2952 3179 in
2980 3124 3236 3194 Iordane,
3286 3138 3401 3182 tum

1842 3228 1906 3268 ea
1930 3231 2051 3284 qua:
2075 3215 2129 3268 in
2153 3225 2336 3270 monte
2359 3217 2592 3270 Aet-mon
2625 3219 2908 3272 ostendisti
2956 3219 3134 3284 nobis,
3176 3232 3404 3275 memet-

1844 3302 2022 3376 ipsum
2064 3309 2405 3367 consolabor.
2434 3310 2541 3362 Aut
2563 3309 2666 3363 hoc
2692 3311 2854 3364 modo
2885 3310 3054 3366 :Cum
3085 3312 3138 3364 in
3171 3310 3407 3366 Jordanc

1844 3398 2064 3460 fuerim,
2094 3400 2147 3453 id
2180 3409 2433 3455 estsacro
2455 3400 2711 3470 dignatus
2735 3400 3081 3470 baptismate,
3111 3403 3292 3456 statim
3326 3403 3405 3458 tui

1843 3491 2172 3545 recordabor
2240 3491 2310 3545 ob
2372 3490 2733 3546 confessionis
2807 3491 2992 3546 verba.
3046 3491 3408 3562 ,Recorbabar

1845 3598 2062 3651 quoque
2084 3581 2455 3648 Hermoniim;
2495 3580 2830 3636 Hermoniim
2881 3592 3060 3636 autem
3106 3585 3407 3653 explicatur

1845 3677 1931 3728 via
1992 3675 2252 3739 lucernae,
2317 3676 2443 3742 quia
2501 3690 2717 3730 sacrum
2764 3676 3028 3744 baptisma
3077 3678 3216 3730 viam
3275 3677 3407 3745 ipsis

1846 3766 2019 3834 aperit
2052 3767 2118 3818 ad
2147 3766 2622 3819 illuminationem.

1921 3857 1976 3910 8.
2018 3855 2249 3926 Abyssus
2281 3855 2527 3924 abyssum
2555 3856 2758 3909 invocat
2783 3856 2837 3908 in
2864 3871 2983 3909 voce
3009 3865 3406 3910 cataractarum

1849 3959 2082 4002 tuarum.
2123 3948 2242 4001 Alia
2271 3948 2455 4001 itidem
2481 3947 2743 4002 miracula
2770 3957 3024 4001 revocant
3067 3949 3122 4002 in
3149 3959 3402 4002 mentem.

1846 4039 1982 4093 Nam
2012 4053 2136 4093 cum
2161 4037 2474 4106 alienigenae
2490 4037 2688 4090 bellum
2717 4046 2995 4091 moverent
3011 4037 3270 4091 adversus
3289 4053 3404 4102 eos,

1847 4147 1972 4186 cum
2004 4145 2197 4185 eorum
2233 4145 2397 4186 causa
2428 4130 2668 4184 oblatum
2703 4145 2730 4184 a
2781 4129 3034 4184 Samuele
3073 4129 3403 4192 sacriﬁcium

1847 4217 2068 4284 fuisset,
2102 4230 2250 4274 tanta
2276 4218 2512 4272 demissa
2555 4220 2639 4274 vis
2674 4219 2952 4289 grandinis
2970 4228 3072 4286 est,
3114 4230 3172 4274 ut
3200 4220 3406 4275 inimici

1845 4325 2014 4378 prope
2038 4323 2227 4362 omnes
2258 4311 2476 4364 nemine
2497 4319 2770 4379 pugnante
2795 4309 3069 4364 caderent.
3133 4309 3404 4380 Abyssum

1845 4399 2013 4468 igitur
2046 4414 2209 4468 super
2242 4399 2520 4470 abyssum,
2558 4399 2840 4469 grandinis
2888 4399 3285 4453 vehementiam
3325 4399 3410 4452 di-

1844 4489 1938 4546 cit.
1989 4488 2125 4544 lllud
2151 4497 2356 4553 autem,
2391 4491 2598 4543 invocat
2624 4505 2724 4559 pro
2754 4490 2976 4543 advocat
3002 4491 3261 4559 positum.
3295 4487 3400 4544 Vo-

1843 4597 1934 4638 ces
1967 4590 2151 4636 autem
2202 4591 2622 4648 cataractarum,
2661 4581 2942 4652 grandinis
2973 4582 3176 4637 imbres
3204 4582 3408 4637 intelli-

1844 4688 1962 4743 gas.
2003 4672 2152 4727 Alias
2183 4686 2313 4727 vero
2343 4679 2654 4737 cataractae,
2692 4670 2785 4725 Dei
2809 4673 3086 4741 prophetae
3125 4673 3410 4729 dicuntur.

1851 4763 2043 4817 Omnia
2067 4763 2273 4816 excelsa
2294 4773 2384 4815 tua
2406 4772 2453 4816 et
2476 4763 2670 4830 ﬂuctus
2695 4764 2773 4816 tui
2786 4779 2939 4832 super
2961 4780 3041 4817 me
3070 4768 3411 4819 transierunt.

1845 4855 2008 4909 Aliud
2068 4854 2197 4909 item
2227 4854 2548 4908 miraculum
2599 4855 2864 4908 memoria
2901 4855 3112 4925 repetit.
3153 4855 3288 4910 Nam
3317 4872 3414 4925 per

1847 4962 2020 5011 mare,
2066 4946 2366 5000 Pharaonis
2401 4944 2800 5015 improbitatem
2832 4945 3121 5016 fugientes,
3180 4949 3416 5002 transie-

1846 5047 1996 5095 runt.
2029 5038 2096 5093 Et
2122 5039 2463 5104 videbantur,
2495 5039 2590 5104 ait,
2633 5038 2893 5094 fluctuum
2930 5041 3167 5105 excelsa,
3220 5040 3272 5094 id
3333 5048 3418 5094 est

1848 5317 2094 5371 τουτέστι
2121 5315 2200 5384 τῷ
2228 5315 2358 5385 Υἱῷ.
2399 5314 2612 5370 Vultum
2645 5315 2742 5368 Dei
2771 5330 2938 5385 sermo
2967 5311 3250 5380 signiﬁcat,
3278 5305 3415 5382 ilqu
3444 5355 3451 5366 ,

1850 5391 1890 5442 ii
1915 5388 2195 5441 vehementi
2249 5384 2635 5456 ejustemporis
2688 5384 2929 5456 cupidine
2978 5387 3267 5437 teneantur,
3308 5387 3417 5456 quo

1854 5469 2082 5526 tempore
2113 5467 2161 5510 et
2186 5454 2752 5526 ipsigadvocahuntur;
2787 5454 2866 5505 ita
2903 5461 2958 5504 ut
2997 5459 3278 5518 praesentes
3302 5454 3412 5498 sint
3448 5455 3452 5462 ‘

1855 5524 2010 5597 faciei
2033 5524 2234 5597 Patris,
2253 5524 2309 5578 id
2335 5534 2412 5597 est
2446 5524 2616 5580 Filio.

1926 5589 2062 5666 (Μ’)
2093 5595 2156 5650 F.
2183 5586 2550 5669 ὀγυρούμενος
2580 5593 2660 5647 vel
2693 5590 3056 5662 ὠχυρομένος.
3091 5586 3252 5641 Enl'r.

3045 5753 3048 5766 ³
3102 5766 3137 5826 7
