3872 6216
382 295 490 352 205

1218 279 1275 334 S.
1319 268 1679 331 ATHANASII
1718 267 1871 326 OPP.
1910 265 2092 324 PARS
2128 267 2216 322 lli.
2252 295 2322 309 —-
2354 264 2746 322 EXEGETICA

3507 257 3614 312 204

379 415 668 479 elationes,
695 412 750 466 in
776 422 872 464 eos
923 403 1072 460 ferri.
1123 399 1232 456 Sed
1280 397 1416 453 nihil
1471 395 1588 452 ltesi
1632 401 1780 456 sunt,
1815 404 1943 445 nam

2064 387 2213 441 ιέσον
2241 386 2343 457 τὴν
2384 383 2478 439 τοῦ
2525 381 2724 457 Φαραὼ
2778 380 3069 450 φεύγοντες
3122 377 3443 450 μοχθηρίαν.
3504 373 3618 427 Καὶ

385 523 543 581 aqua:
573 520 670 561 seu
698 514 890 557 murus
918 495 1213 566 coagulatae
1234 497 1381 546 sunt.

469 767 735 840 [Abyssus
761 761 1004 829 abyssum
1034 761 1262 810 invocat.
1297 750 1541 821 Abyssus
1574 746 1754 809 Pater,
1789 742 1950 813 abys-

387 837 491 917 sus
531 859 721 914 Filius.
754 854 998 923 Ahyssus
1040 855 1388 918 peccatorum
1441 840 1659 894 invocat
1688 837 1948 907 abyssum

389 948 882 1013 commiscratiouis
925 943 1041 1007 Dei,
1077 949 1172 994 'ut
1229 939 1343 1008 ipse
1393 942 1676 1006 peceatum
1732 930 1950 1000 frangat

388 1050 616 1118 ejusque
671 1049 944 1102 auctores,
1011 1035 1248 1101 itemque
1303 1023 1860 1096 corruptioncmﬂac
1899 1022 1947 1077 si

385 1111 551 1201 dicat,
587 1133 794 1187 Mosest
830 1127 928 1182 tibi
959 1132 1036 1188 ut,
1075 1118 1453 1192 peccatoribus
1487 1111 1944 1184 supplicantibus,

386 1227 570 1283 animo
593 1219 846 1276 llectaris.
879 1213 1086 1284 Ecquid
1131 1225 1233 1264 nos
1254 1209 1512 1280 _despicis
1551 1205 1646 1274 qui
1673 1202 1771 1258 tibi
1814 1217 1944 1271 pro-

385 1311 771 1384 cumbimusH

461 1408 512 1465 9.
540 1406 606 1461 In
629 1406 712 1458 die
736 1401 1006 1457 mandabit
1035 1396 1290 1452 Dominus
1315 1393 1733 1450 misericordiam
1769 1405 1943 1454 suam,

384 1511 432 1556 et
451 1513 599 1554 nocte
622 1497 885 1550 canticum
909 1493 1044 1558 eius.
1077 1489 1238 1544 Aliud
1287 1493 1551 1542 memorat
1595 1483 1940 1538 miraculum.

385 1593 659 1662 Rapsaces
688 1588 854 1652 enim,
883 1600 1006 1640 cum
1029 1580 1423 1651 Jcrosolymam
1451 1577 1777 1640 obsedisset,
1837 1575 1945 1628 mi-

375 1684 620 1738 nabat-ur
654 1694 722 1732 ne
771 1677 940 1730 Deum
979 1673 1198 1743 quidem
1257 1684 1420 1740 posse
1476 1669 1686 1736 eripere
1731 1679 1827 1719 eos
1879 1663 1946 1718 de

383 1790 550 1830 manu
585 1771 931 1842 Assyriorum
959 1784 971 1819 :
998 1774 1057 1820 at
1081 1765 1221 1819 Deus
1251 1763 1404 1818 hisce
1427 1760 1611 1814 verbis
1668 1756 1945 1828 pollicitus

371 1875 470 1921 est
496 1884 508 1919 :
547 1861 828 1931 Protegam
854 1860 986 1910 hanc
1014 1855 1191 1910 urbem
1225 1856 1286 1910 η.
1313 1851 1503 1908 Postea
1519 1865 1649 1905 vero
1676 1849 1948 1920 promissa

368 1957 697 2027 complens,
728 1969 834 2007 una
883 1959 1045 2005 nocte
1095 1957 1313 2004 centum
1374 1945 1650 2014 octoginta
1704 1941 1947 2012 quinque

383 2048 552 2102 millia
580 2044 930 2114 Assyriorum
959 2039 1157 2095 occidit
1178 2038 1242 2092 ¹³.
1272 2037 1338 2091 Ει
1377 2035 1481 2090 hoc
1504 2042 1582 2089 est
1617 2033 1762 2102 quod
1780 2031 1944 2086 dicit:

383 2139 449 2192 In
476 2138 560 2190 die
588 2134 860 2188 mandabit
889 2131 1146 2189 Dominus
1172 2125 1590 2180 misericordiam
1613 2139 1786 2176 suam.
1814 2119 1950 2175 Ora-

385 2230 459 2283 tio
489 2228 595 2281 Deo
622 2228 743 2280 vita:
782 2237 928 2278 mea.
963 2219 1162 2291 Utpote
1212 2217 1306 2288 qui
1341 2217 1453 2284 jam
1483 2213 1794 2276 crediderit,
1825 2226 1948 2282 quae

383 2319 634 2376 ﬁdelibus
697 2314 1050 2385 congruentia
1111 2311 1274 2366 verba
1332 2317 1462 2364 sunt
1501 2306 1728 2378 profert,
1790 2319 1946 2360 suam

383 2413 553 2469 vitam
584 2410 898 2466 adscribens
925 2405 1048 2476 ipsi.

455 2595 544 2649 Η.
579 2593 767 2646 Dicam
817 2590 948 2654 Deo,
981 2587 1263 2656 Snsceptor
1310 2601 1457 2639 meus
1490 2599 1563 2638 es.
1585 2582 1831 2652 -P0pulus
1860 2582 1950 2636 ille

385 2686 480 2758 qui
509 2682 884 2755 paenitentiam
913 2681 1022 2750 agit
1053 2677 1281 2732 resumit
1329 2673 1804 2745 supplicationem,
1836 2686 1952 2726 ma-

387 2795 472 2849 gis
497 2777 782 2846 magisque
822 2771 987 2824 Deum
1018 2785 1252 2824 evocans
1300 2767 1367 2822 ad
1388 2765 1842 2820 misericordiam.

452 2863 785 2923 PSALMUS
807 2865 905 2933 ipsi
938 2861 1132 2925 David,
1165 2862 1254 2930 qui
1299 2859 1440 2927 apud
1469 2856 1718 2912 Hebrwos
1745 2864 1888 2909 caret

894 2955 1252 3022 inscriptione.
1269 2949 1457 3005 XLII.

2050 476 2266 530 ἐδόκουν
2284 475 2382 546 μὲν
2405 476 2453 527 οἱ
2491 473 2597 527 τῶν
2626 470 2883 542 κυμάτων
2915 467 3305 540 μετεωρισμοὶ,
3338 462 3618 518 τουτέστιν

2049 570 2105 623 αἱ
2142 566 2396 637 ὐψώσεις,
2431 567 2552 618 κατ’
2577 562 2753 617 αὐτῶν
2790 561 3086 631 φέρεσθαι·
3117 558 3234 611 ἀλλ’
3263 556 3482 627 ἠδίκουν
3528 552 3618 605 οὐ·

2049 660 2134 714 δέν
2155 677 2167 690 '
2203 659 2384 728 ἐπάγη
2417 657 2524 727 γὰρ
2549 655 2683 708 ὡσεὶ
2714 657 2887 724 τεῖχος
2912 651 2981 704 τὰ
3011 651 3198 704 ὕδατα.

2119 751 2444 824 [Ἀϐυσοος
2496 749 2772 802 ἄϐυσσον
2833 743 3217 798 ἐπικαλεῖται.
3284 738 3552 800 Ἀϐυσσος
3587 737 3618 790 ὁ

2049 845 2256 915 Πατὴρ,
2285 842 2518 904 ἄϐυσσος
2543 843 2571 894 ὁ
2628 839 2774 902 Υἱός.
2805 837 3072 898 Ἀϐυσσος
3101 838 3134 905 ὴ
3189 832 3297 886 τῶν
3331 828 3620 902 ἁμαρτιῶν

2049 934 2384 989 ἐπικαλεῖται
2411 933 2509 1002 τὴν
2527 930 2756 986 ἄϐυσσον
2784 929 2882 999 τῆς
2917 926 3314 995 εὐσπλαγχνίας
3337 922 3430 976 τοῦ
3455 921 3616 985 Θεοῦ,

2050 1030 2130 1092 εἰς
2161 1028 2221 1081 τὸ
2249 1025 2586 1098 καταρῤάξαι
2611 1022 2707 1093 τὴν
2740 1021 3012 1094 ἁμαρτίαν
3042 1021 3135 1072 καὶ
3162 1018 3286 1080 τούς
3305 1015 3507 1085 ταύτης
3533 1015 3619 1066 αξ-

2047 1122 2194 1184 τίους
2225 1120 2316 1173 καὶ
2344 1119 2441 1190 τὴν
2460 1117 2681 1188 φθοράν·
2706 1110 2814 1168 οἷον
2833 1115 2914 1167 ὅτι
2935 1111 3098 1174 Ἐθος
3116 1128 3196 1163 σοι
3228 1112 3337 1174 τοῖς
3359 1109 3618 1179 ἁμαρτω-

2047 1214 2156 1276 λοῖς
2180 1212 2449 1283 δεομένοις
2471 1228 2562 1265 σου
2589 1206 3048 1278 ὲπικάμπτεσθαι.
3099 1205 3206 1257 Καὶ
3234 1203 3322 1256 ἴνα
3367 1200 3444 1269 τίκ
3467 1199 3617 1270 ἡμᾶς

2050 1305 2420 1375 παραϐλέπεις
2453 1299 2894 1374 προσπίπτοντάς
2921 1314 3034 1363 σοι;
3058 1296 3074 1368 ]

2131 1397 2372 1465 Ἡμέρας
2398 1393 2720 1448 ἐντελεῖται
2747 1393 2962 1459 Κύριος
2989 1388 3056 1442 τὸ
3088 1388 3260 1451 ἕλεος
3283 1385 3490 1448 αὐτοῦ,
3515 1380 3618 1436 καὶ

2041 1489 2270 1553 ’νυκτὸς
2301 1487 2423 1555 ᾠδὴ
2449 1486 2659 1540 αὑτοῦ.
2704 1483 2921 1556 Ἐτέρου
2956 1481 3114 1535 πάλιν
3163 1478 3433 1550 μέμνηται
3482 1474 3616 1530 θαύ-

2053 1598 2239 1653 ματος.
2282 1581 2341 1632 'U
2373 1578 2481 1649 γάρ
2519 1576 2821 1646 Ῥαψάκης,
2857 1571 3268 1645 περικυκλώσας
3298 1569 3396 1640 τὴν
3427 1569 3619 1639 Ἰερου-

2052 1671 2252 1742 σαλὴμ,
2281 1670 2494 1740 ἠπείλει
2531 1670 2664 1740 μηδὲ
2697 1667 2785 1720 τὸν
2811 1666 2941 1718 Θεὸν
2974 1663 3174 1734 ἰσχύειν
3219 1659 3491 1725 ἐξελέσθαι
3515 1659 3618 1711 αὐ·

2051 1764 2176 1826 τοὺς
2198 1764 2262 1814 ὲκ
2295 1760 2474 1833 χειρὸς
2515 1758 2813 1830 Ἀσσυρίων
2834 1775 2846 1786 ·
2877 1756 2992 1810 ἀλλ’
3029 1749 3390 1824 ἐπηγγείλατο
3424 1753 3453 1803 ὁ
3483 1749 3619 1812 Θεὸς

2050 1854 2254 1923 λέγων·
2304 1849 2679 1920 ’Υπερασπιῶ
2722 1847 2874 1916 ὑπὲρ
2928 1845 3038 1913 τῆς
3089 1847 3320 1909 πόλεως
3371 1842 3614 1906 ταύτης.

2049 1940 2182 1998 Εἶτα
2214 1943 2311 2013 τὴν
2365 1940 2696 2009 ἐπαγγελίαν
2730 1937 2952 2009 πληρῶν
2984 1939 3041 1989 ἐν
3077 1937 3176 2007 μιᾷ
3221 1935 3376 1988 νυκτὶ
3424 1933 3620 1986 ἑκατὸν

2047 2036 2374 2107 ὁγδοήκοντα
2403 2033 2573 2086 ’πέντε
2623 2031 2867 2102 χιλιάδας
2916 2028 3090 2083 ἀνεῖλε
3131 2027 3238 2080 τῶν
3297 2024 3618 2096 Ἀσσυρίων.

2049 2126 2160 2180 Καὶ
2191 2124 2350 2178 τοῦτό
2406 2124 2588 2176 ἐστιν’
2628 2118 2878 2189 Ἡμέρας
2923 2114 3250 2170 ἐντελεῖται
3304 2113 3520 2180 Κύριος
3547 2110 3622 2163 τὸ

2047 2217 2221 2281 ἕλεος
2249 2212 2454 2271 αὐτοῦ.
2508 2209 2823 2280 Προσευχὴ
2853 2207 2934 2273 τῷ
2976 2205 3098 2272 Θεῷ
3140 2204 3250 2272 τῆς
3303 2201 3451 2270 ζωῆς
3477 2217 3617 2271 μου.

2061 2308 2148 2370 Ὠς
2171 2307 2270 2378 ἤδη
2299 2301 2676 2365 πεπιστευκὼς
2717 2301 2786 2354 τά
2828 2302 2941 2362 τοῖς
2984 2295 3298 2352 πιστεύουσι
3343 2293 3622 2364 πρέποντα

2049 2403 2312 2474 ἀναφέρει
2347 2401 2591 2472 ῥήματα,
2625 2395 2773 2467 αὐτῷ
2810 2395 2907 2466 τὴν
2930 2394 3136 2448 οἰκείαν
3171 2389 3622 2460 ἀναγραφόμενος

2051 2497 2216 2566 ζωήν.

2131 2583 2276 2653 Ἐρῶ
2302 2584 2382 2650 τῷ
2415 2581 2556 2650 Θεῷ,
2592 2579 2986 2648 Ἇντιλήπτωρ
3009 2595 3128 2646 μου
3152 2572 3225 2630 εἷ.
3265 2571 3619 2639 Ἐπαναλαμ·

2051 2676 2202 2731 ϐάνει
2232 2677 2330 2746 τὴν
2357 2672 2636 2745 ἱκετηρίαν
2658 2675 2686 2725 ὁ
2721 2668 3142 2742 μεταγινώσκων
3163 2666 3309 2729 λαὸς,
3329 2665 3420 2718 ἐπὶ
3435 2662 3621 2716 πλεῖον

2039 2766 2279 2823 -ὲκκαλού
2290 2782 2446 2837 μενος
2480 2767 2558 2827 εἰς
2592 2763 2739 2816 ἔλεον
2766 2762 2856 2814 τὸν
2888 2760 3041 2813 Θεόν.

2222 2859 2531 2912 ΨΑΛΜΟΣ
2560 2855 2639 2920 τῷ
2666 2852 2847 2907 Δαυῒδ
2876 2852 3278 2919 ἀνεπίγραφος
3314 2863 3435 2915 παρ

2598 2948 2906 3013 Ἑϐραίοις.
2940 2946 3076 2997 ΜΒ’.

467 3051 658 3107 Indica
683 3048 1002 3116 me,Deus,et
1031 3047 1288 3108 discerne,
1319 3053 1422 3098 etc.
1442 3041 1539 3097 Hic
1561 3041 1803 3112 psalmus
1832 3038 1944 3111 (l5)

2064 3049 2084 3058 ’
2121 3044 2340 3116 Κρῒνόν
2369 3059 2467 3113 με,
2524 3042 2558 3094 ὁ
2595 3039 2758 3105 Θεὸς,
2800 3039 2898 3092 καὶ
2959 3035 3232 3088 δίκασον.
3288 3031 3399 3101 Τὴν
3451 3026 3624 3099 αὐτὴν

391 3145 640 3216 ejusdem
684 3151 768 3197 est
814 3151 976 3209 atque
1027 3137 1275 3207 superior
1302 3134 1627 3205 argumenti.
1669 3131 1947 3186 Accedunt

378 3237 536 3290 enim
563 3235 758 3287 iterum
789 3230 1045 3286 lsraelitae
1069 3229 1297 3284 salutem
1327 3242 1422 3296 per
1437 3225 1715 3279 Christum
1739 3231 1949 3293 partam

389 3326 752 3400 postulantes.
782 3323 1147 3389 Quamobrem
1177 3321 1285 3374 ait:
1313 3318 1510 3372 Emitte
1532 3317 1699 3370 lucem
1732 3325 1873 3367 tuam
1896 3324 1949 3367 et

389 3419 661 3482 veritatem
690 3426 855 3468 luant.
890 3413 1156 3468 Futurum
1199 3427 1433 3481 namque
1464 3418 1581 3464 erat
1633 3417 1692 3464 ut
1728 3409 1843 3478 ipse
1892 3407 1948 3459 in

391 3519 632 3565 montem
658 3515 906 3561 sanctum
943 3504 1064 3558 illos
1085 3503 1398 3567 adduceret,
1426 3489 1486 3554 id.
1526 3511 1609 3555 est
1641 3499 1708 3554 ad
1749 3498 1951 3553 omium

390 3611 447 3656 et
473 3600 541 3654 ad
574 3612 839 3668 supernas
890 3596 1225 3662 mansiones,
1258 3609 1380 3664 qua:
1420 3590 1772 3646 tabernacula
1805 3606 1950 3644 nun-

392 3700 588 3762 cupat;
619 3704 828 3744 necnon
861 3687 928 3741 ad
951 3686 1232 3754 spirituale
1263 3686 1470 3739 altare:
1529 3684 1767 3737 futurum
1822 3683 1950 3736 item

390 3791 507 3836 erat
546 3790 604 3836 ut
627 3781 738 3850 ipse
760 3778 1056 3834 lattiiicaret
1087 3793 1275 3832 eorum
1330 3777 1691 3846 juventutcm.
1749 3773 1955 3828 Juven-

394 3882 560 3928 tutem
597 3882 777 3926 autem
810 3879 965 3926 vocat
993 3870 1234 3924 lxtitiam
1268 3884 1390 3939 quae
1412 3877 1466 3922 et
1492 3876 1715 3922 renovat
1757 3881 1950 3921 eorum

393 3977 649 4016 animam.
679 3959 856 4027 Quare
883 3961 938 4014 in
1005 3960 1212 4015 cithara
1256 3959 1580 4028 pollicentur
1614 3973 1672 4013 se
1720 3957 1795 4011 illi
1825 3972 1954 4012 con-

391 4051 682 4108 fessionem
724 4051 1022 4106 oblaturos.
1083 4047 1237 4118 Sxpe
1283 4059 1464 4103 autem
1500 4047 1817 4102 monuimus
1869 4046 1952 4102 ci-

381 4147 560 4200 tharae
600 4144 824 4198 nomine
852 4157 1052 4211 corpus
1080 4156 1202 4196 esse
1237 4141 1669 4210 intelligendum.

569 4235 636 4291 In
687 4237 844 4306 ﬁnem
892 4234 1019 4303 ﬁliis
1070 4232 1202 4302 Core
1249 4233 1317 4285 ad
1345 4231 1772 4302 intelligentiam.

883 4320 1221 4378 PSALMUS
1246 4319 1469 4375 XLIII.

2051 3139 2303 3194 ὐπὸθεσιν
2334 3135 2411 3207 τῷ
2444 3133 2618 3187 ὀπίσω
2650 3131 2742 3185 καὶ
2772 3131 2800 3182 ὁ
2829 3127 3017 3200 παρὼν
3050 3127 3160 3196 ἕχει
3188 3122 3413 3194 ψαλμός.
3447 3121 3624 3191 Προσδ⁵

2051 3233 2302 3304 ἐρχονται
2333 3227 2442 3298 γὰρ
2479 3225 2646 3279 ’πάλιν
2677 3225 2726 3277 οἰ
2775 3221 2836 3286 ἐξ
2879 3219 3094 3292 Ἰσραὴλ
3119 3219 3215 3288 τὴν
3246 3215 3333 3270 διὰ
3384 3211 3621 3284 Χριστοῦ

2054 3320 2327 3392 σωτηρίαν
2365 3316 2753 3386 ἐξαιτούμενοι.
2784 3312 2875 3365 Διό
2917 3322 3116 3381 φησιν·
3163 3306 3626 3371 Ἐξαπόστειλον

2049 3413 2118 3467 τὸ
2140 3411 2264 3481 φῶς
2292 3426 2408 3464 σου
2436 3409 2533 3462 καὶ
2560 3405 2675 3474 τὴν
2703 3401 2994 3472 ἀλήθειάν
3027 3417 3160 3454 σου.
3190 3395 3360 3459 Αὐτὸς
3390 3393 3499 3464 γὰρ
3521 3392 3622 3446 αὐ-

2051 3505 2174 3567 τοὺς
2193 3503 2284 3557 καὶ
2300 3503 2377 3564 εἰς
2410 3499 2470 3554 τὸ
2495 3499 2643 3568 ἅγιον
2659 3498 2782 3568 ὅρος
2834 3495 3072 3563 εἰσάγειν
3102 3490 3318 3564 ἔμελλε,
3341 3487 3622 3541 τουτέστιν

2053 3599 2133 3660 εἰς
2156 3595 2247 3648 τὸν
2279 3593 2507 3665 οὐρανὸν
2541 3592 2632 3645 καὶ
2664 3592 2743 3652 εἰς
2791 3587 2890 3652 τάς
2936 3586 3046 3641 ἄνω
3079 3583 3265 3656 μονάς,
3303 3583 3480 3650 ἇσπερ
3527 3578 3626 3630 καὶ

2056 3685 2385 3757 σκηνώματα
2400 3683 2653 3754 ὀνομάζει
2673 3698 2686 3712 ·
2712 3681 2804 3734 καὶ
2831 3682 2912 3743 είς
2931 3679 2992 3732 τὸ
3013 3679 3201 3748 νοητὸν
3218 3676 3619 3744 θυσιαστήριον·

2053 3777 2149 3830 καὶ
2181 3775 2340 3839 αὐτὸς
2388 3773 2565 3827 αὐτῶν
2598 3771 2820 3843 ἔμελλεν
2868 3769 3178 3840 εὐφραίνειν
3212 3766 3309 3834 τὴν
3369 3763 3619 3830 νεότητα.

2054 3869 2300 3938 Νεότητα
2325 3867 2380 3920 δὲ
2414 3866 2567 3920 καλεί
2589 3864 2684 3935 τὴν
2717 3861 3075 3936 εὐφροσύνην,
3109 3859 3208 3929 τὴν
3241 3857 3335 3910 καὶ
3365 3857 3622 3908 ἀνανεου-

2058 3959 2224 4031 μένην
2277 3957 2452 4012 αὐτῶν
2487 3958 2584 4026 τὴν
2625 3956 2820 4026 ψυχήν.
2871 3953 2960 4006 Διὸ
2998 3952 3092 4004 καὶ
3160 3951 3217 4002 ὲν
3256 3946 3456 4017 κιθάρᾳ
3519 3944 3628 3996 ὑπ»

2047 4049 2361 4121 -ισχνοῦνται
2390 4047 2535 4118 αὐτῷ
2551 4047 2877 4118 προσφέρειν
2903 4044 2999 4113 τὴν
3027 4041 3428 4112 ἐξομολόγησιν.
3455 4035 3628 4089 Κιθά-

2047 4157 2156 4213 ,ραν
2179 4139 2234 4192 δὲ
2261 4137 2522 4200 πολλάκις
2554 4135 2616 4189 τὸ
2643 4135 2803 4206 σῶμα
2830 4138 2970 4188 νοεῖν
3003 4132 3339 4202 ἐδιδάξαμεν.

2166 4231 2267 4294 Εἰς
2295 4228 2361 4282 τὸ
2387 4226 2561 4294 τέλος
2589 4226 2714 4292 τοῖς
2745 4225 2895 4291 υἱοῖς
2933 4225 3084 4292 Κορὲ
3125 4227 3212 4290 είς
3240 4224 3514 4276 σύνεσιν.

2593 4320 2900 4374 ΨΑΛΜΟΣ
2963 4320 3104 4372 MI'".

976 4413 1016 4466 A
1029 4420 1377 4482 rgumentum.
1981 4416 2030 4472 ι)

385 4508 518 4581 Jlie
548 4521 764 4577 quoque
816 4504 1062 4574 psalmus
1108 4502 1284 4557 eidem
1346 4507 1668 4570 argumento
1716 4500 1949 4566 insistit;

457 4608 647 4670 estque
664 4597 972 4659 hominum,
1000 4593 1092 4666 qui
1117 4593 1341 4663 antiqua
1363 4592 1626 4647 beneﬁcia
1643 4601 1952 4656 recensent,

467 4698 522 4747 et
553 4687 758 4744 assumi
781 4685 1081 4756 postulant,
1113 4685 1241 4754 quia
1268 4684 1445 4752 ipsum
1473 4682 1764 4738 Dominum
1798 4698 1950 4750 spem

480 4781 587 4835 sibi
638 4779 1031 4850 ascripserunt,
1068 4784 1121 4831 et
1149 4777 1202 4830 in
1226 4775 1444 4830 nomine
1470 4775 1586 4845 ejus
1605 4775 1954 4831 conﬁtentur.

467 4872 766 4926 Humiliata
799 4883 896 4936 ,εει
938 4873 992 4924 in
1019 4871 1225 4940 pulvere
1249 4871 1450 4939 ,anima
1505 4879 1710 4924 nostra.
1764 4869 1844 4926 lta
1879 4872 1960 4926 lo-

397 4973 662 5036 quuntur,
687 4963 780 5033 qui
822 4962 1028 5032 depulsi
1072 4977 1099 5014 a
1135 4977 1297 5016 sensu
1343 4976 1533 5015 eorum
1575 4978 1698 5031 quae
1748 4963 1957 5020 Christi

387 5065 549 5122 sunt,
584 5055 639 5110 in
663 5069 881 5109 sensum
913 5053 1187 5107 carnalem
1223 5060 1350 5106 sunt
1380 5050 1634 5124 delapsi.]

465 5149 624 5208 Dens,
647 5145 865 5199 auribus
897 5145 1091 5198 nostris
1116 5143 1430 5197 audivimus.

465 5238 552 5292 10.
588 5234 745 5288 Nunc
789 5243 963 5286 autem
997 5230 1258 5300 repulisti,
1303 5240 1353 5282 et
1400 5231 1698 5299 confudisti
1749 5249 1860 5286 nos.
1892 5231 1961 5286 Et

399 5346 503 5384 non
525 5327 825 5399 egredieris,
858 5325 1019 5390 Deus,
1048 5325 1106 5377 in
1131 5323 1411 5376 virtutibus
1445 5325 1661 5377 nostris.
1681 5324 1846 5392 Olim,
1880 5327 1965 5380 in-

392 5421 540 5492 quit,
582 5435 692 5476 uua
739 5418 1022 5482 nobiscum
1068 5415 1368 5485 pugnahas.
1419 5412 1575 5470 Nunc
1622 5425 1800 5471 autem
1853 5432 1961 5471 non

467 5555 517 5588 ⁴²
542 5552 609 5609 ΙἿ
633 5553 768 5626 Reg.
799 5569 912 5618 xu,
940 5550 1029 5608 55.
1107 5549 1152 5582 ³⁸
1193 5549 1328 5606 ibid.
1355 5549 1446 5606 55.

468 5691 586 5762 (15)
614 5688 708 5745 Est
733 5689 1022 5760 aplicatio
1037 5687 1216 5745 brevis
1231 5686 1396 5742 totius
1417 5685 1611 5755 psalmi
1635 5684 1831 5739 Judica
1857 5702 1957 5744 me.

2683 4411 3008 4475 Ὑπόθεσις.

2064 4505 2200 4578 [Καὶ
2227 4503 2307 4558 ἔτι
2338 4496 2492 4568 οὗτος
2504 4521 2602 4574 της
2630 4502 2800 4572 αὐτῆς
2822 4502 3130 4564 ὑποθέσεως
3156 4499 3369 4572 ἔχεται·
3401 4497 3501 4561 τὰς
3527 4511 3635 4550 πα-

2135 4596 2292 4660 λαιὰς
2328 4594 2642 4669 εὐεργεσίας
2673 4595 3074 4666 διηγουμένων,
3099 4593 3191 4646 καὶ
3222 4589 3637 4662 προσληφθῆναι

2133 4687 2426 4756 ἀξιούντων
2459 4687 2546 4741 διὰ
2574 4687 2667 4740 τοῦ
2696 4687 2856 4741 αὐτὸν
2877 4683 3272 4756 ἐπιγράφεσθαι
3296 4682 3394 4753 τὴν
3420 4682 3636 4743 ἐλπίδα,

2135 4781 2228 4834 καὶ
2251 4779 2342 4832 ἐπὶ
2366 4778 2444 4849 τῷ
2468 4779 2692 4849 ὀνόματι
2715 4777 2879 4831 αὐτοῦ
2911 4773 3368 4847 ἐξομολογεῖσθαι.

2151 4869 2536 4938 Ἐταπεινώθη
2568 4872 2655 4936 εἰς
2685 4869 2836 4938 χοῦν
2862 4871 2900 4937 ἡ
2926 4869 3097 4938 ψυχὴ
3127 4867 3315 4938 ἡμῶν.
3347 4864 3506 4919 Οὕτω
3534 4882 3639 4934 φα-

2069 4963 2154 5016 σὶν
2198 4963 2407 5032 ἐπειδὴ,
2467 4961 2817 5032 ἀπωσάμενοι
2875 4963 3090 5031 φρονεῖν
3134 4958 3204 5011 τὰ
3259 4953 3523 5029 Χριστοῦ,
3559 4958 3640 5017 εἰς

2067 5055 2322 5125 φρόνημα
2358 5054 2616 5126 σαρκικὸν
2645 5051 3035 5124 κατέστησαν.]

2149 5146 2210 5198 '0
2225 5148 2460 5214 Κύριος,
2478 5147 2547 5201 ἐν
2563 5147 2686 5212 τοῖς
2705 5145 2855 5199 ὠσὶν
2882 5143 3050 5214 ἡμῶν
3070 5144 3438 5212 ἠκούσαμεν.

2072 5242 2104 5266 ’δ’
2138 5236 2374 5292 Νυνίδὲ
2387 5237 2626 5304 ἀπώσω,
2650 5236 2748 5292 καὶ
2777 5236 3168 5305 κατῄσχυνας
3185 5231 3363 5302 ἡμᾶς.
3401 5230 3510 5286 Καὶ
3531 5231 3644 5283 οὐκ

2068 5332 2381 5400 ἐξελεύσῃ.
2403 5331 2563 5394 Θεὸς,
2581 5330 2648 5383 ἐν
2658 5329 2785 5395 ταῖς
2795 5328 3122 5398 δυνάμεσιν
3132 5325 3314 5396 ἡμῶν.
3333 5323 3530 5383 Πάλαι,
3548 5338 3645 5390 φη-

2073 5423 2177 5489 σὶν,
2197 5439 2385 5478 συνεστ
2393 5422 2644 5494 ρατήγεις
2663 5421 2813 5494 ἡμῖν·
2827 5421 2921 5478 νῦν
2933 5421 2989 5475 δὲ
3008 5420 3069 5475 οὐ
3086 5419 3244 5493 μόνον
3264 5417 3326 5471 οὐ
3340 5410 3646 5484 συνεξέρχῃ
