3872 6216
200 333 288 387 203
1221 315 1586 372 EXPOSITIO
1625 315 1689 371 1N
1724 315 2053 372 PSALMUM
2088 316 2268 370 XLlll.
3289 320 3394 376 933

198 446 328 516 ἡμῖν,
351 439 476 494 ἀλλά
509 440 599 492 καὶ
631 437 976 507 ἀπέστρεψας
1015 437 1178 506 ἡμᾶς,
1217 438 1292 498 ὡς
1343 438 1434 488 καὶ
1466 437 1576 496 τοῖς
1631 453 1718 504 μι-

1854 436 1984 488 nodo
2011 450 2117 488 non
2142 436 2425 488 nobiscum
2455 433 2703 502 procedis
2726 430 3046 505 ad,pugnam
3074 437 3199 499 ςεεά
3223 439 3388 492 etiam

201 531 503 602 σοῦσινὴμᾶς
551 528 800 598 γενέσθαι
832 529 910 588 είς
945 527 1270 598 διαρπαγήν.
1321 526 1503 578 Ταῦτα
1530 526 1585 578 δέ
1621 543 1724 594 φη-

1854 525 2075 580 ivertisti
2110 541 2232 588 nos,
2260 534 2320 577 ut
2354 524 2591 578 inimicis
2631 523 2792 576 etiam
2849 523 3055 577 nostris
3098 523 3389 593 direptioni

200 641 272 678 σιν
294 623 319 674 ὁ
339 621 485 692 χορὸς
513 622 541 673 ὁ
565 619 894 689 προφητικὺς
927 617 1291 687 οἰκειούμενος
1328 617 1422 671 τοῦ
1467 616 1596 670 λαοῦ
1629 617 1726 679 τὰς

1854 619 2023 670 imus.
2059 615 2184 670 Haec
2207 625 2386 670 autem
2424 616 2812 683 prophetarum
2835 614 3039 669 chorus
3072 614 3224 680 dicit,
3255 629 3392 684 qua-

200 713 469 785 συμφοράς.
1830 707 1873 760 si
1907 707 2010 760 sibi
2039 707 2288 775 proprias
2317 721 2607 760 recensens
2633 705 2818 774 populi
2855 706 3213 760 calamitates.

256 826 350 881 Καὶ
373 827 421 877 οὶ
443 823 764 893 μισοῦντες
788 820 945 891 ἡμᾶς
965 822 1286 891 διήρπαζον
1315 822 1566 886 ἑαυτοῖς.
1607 823 1728 875 Ἐκ-

197 917 482 988 λὰγμασιν,
511 916 863 985 φησ¹ιν,ἡμᾶς
891 918 970 976 εἰς
995 915 1236 985 ἀτιμίαν.

256 1007 349 1062 Καὶ
376 1007 480 1058 οὐκ
525 1001 605 1074 ἦν
632 1003 861 1071 πλῆθος
896 1005 966 1056 ἐν
992 1003 1116 1069 τοῖς
1143 1002 1568 1072 ἀλαλάγμασιν
1596 1002 1726 1073 [ἀλ-

193 1096 484 1168 λάγμασιν]
512 1095 699 1166 ἡμῶν.
736 1097 1070 1166 Ἀλαλαγμός
1108 1098 1256 1148 ἐστιν
1296 1097 1559 1159 ἐπινίκιος
1595 1097 1726 1166 ᾠδή.

207 1190 254 1241 ’0
271 1188 319 1240 δὲ
340 1187 450 1250 νοῦς
473 1183 644 1250 οὗτος·
678 1185 881 1249 Οὕτως,
908 1185 1092 1254 φησὶν,
1127 1184 1437 1256 ἀπέρριψας
1467 1186 1612 1256 ἡμᾶς
1655 1185 1730 1248 ὡς

1905 821 1990 874 Η.
2023 820 2092 872 Ει
2121 821 2210 889 qui
2235 819 2453 872 oderunt
2481 835 2574 872 nos
2608 818 2923 886 diripiebant
2955 817 3077 870 sibi.
3114 817 3195 871 Ad
3226 816 3381 886 igno-

1831 914 2081 972 miniam,
2115 912 2312 980 inquit,
2341 926 2442 964 nos
2462 910 2750 964 tradidisti.

1903 1005 1988 1058 15.
2011 1005 2080 1056 Ει
2112 1020 2214 1056 non
2239 1003 2339 1072 fuit
2370 1002 2649 1055 multitudo
2667 1003 2718 1054 in
2738 1001 3146 1069 jubilationibus
3176 1002 3391 1055 nostris.

1829 1095 2110 1159 anilatio,
2140 1104 2223 1149 est
2253 1095 2493 1148 victoriae
2548 1093 2844 1148 canticum.
2884 1092 3164 1147 Sententia
3210 1104 3390 1146 autem

1832 1190 1946 1244 haec
1984 1199 2107 1244 est:
2151 1187 2248 1251 Ita,
2289 1186 2484 1256 inquit,
2515 1201 2615 1240 nos
2660 1185 2932 1254 abiecisti,
2966 1196 3101 1240 utet
3145 1202 3175 1239 a
3208 1185 3394 1255 paucis

1831 1297 2188 1352 superemnr,
2253 1289 2306 1334 et
2355 1279 2446 1349 qui
2499 1279 2740 1333 victoriae
2788 1293 3005 1332 carmen
3057 1289 3244 1332 contra
3294 1291 3396 1330 nos

1830 1372 1999 1426 edunt
2028 1372 2244 1426 modico
2270 1371 2380 1426 sint
2408 1385 2656 1424 numero.

194 1280 274 1332 καὶ
297 1278 481 1346 ὀλίγοις
515 1279 662 1348 ἡμᾶς
701 1277 1018 1347 ἡττηθῆναι,
1064 1277 1156 1328 καὶ
1203 1276 1329 1339 τοὺς
1365 1276 1729 1340 ἀλαλάζοντας

193 1371 298 1422 καθ’
328 1371 470 1442 ἡμῶν
501 1369 729 1440 μικροὺς
767 1365 903 1421 εἷναί
925 1385 1096 1430 τινας.

258 1485 418 1536 Ἐθου
442 1480 600 1550 ἡμᾶς
626 1480 855 1543 ὄνειδος
884 1479 1009 1545 τοῖς
1029 1481 1292 1548 γείτοσιν
1325 1478 1512 1546 ἡμῶν.
1545 1479 1728 1531 Πάντα

1909 1486 1992 1542 M.
2019 1485 2252 1538 Posuisti
2283 1499 2375 1537 nos
2396 1484 2732 1553 opprobrium
2757 1483 2942 1536 vicinis
2979 1482 3194 1537 nostris.
3227 1480 3389 1547 Quae-

191 1575 278 1626 εσα
305 1575 557 1642 ἐποίησαν
595 1574 676 1634 εἰς
718 1571 952 1642 Χριστὸν
982 1571 1298 1622 ἀποδέδοται
1329 1570 1510 1632 αὐτοῖς
1529 1586 1542 1598 ·
1573 1569 1729 1622 ὠνείι

1854 1592 2045 1647 τιιηῳιε
2069 1578 2125 1630 in
2149 1576 2428 1631 Christum
2471 1573 2753 1638 fecerunt,
2793 1574 2927 1643 ipsis
2966 1573 3206 1627 vicissim
3249 1573 3393 1626 illata

191 1665 342 1726 δισαν,
362 1662 741 1732 ὡνειδίσθησαν
761 1678 774 1689 °
807 1661 1104 1730 ἐχλεύασαν
1125 1701 1139 1724 ,
1174 1659 1682 1730 ἀντεχλευάσθησαν
1711 1679 1725 1690 ο

1854 1676 1994 1721 ιυηιε
2023 1666 2418 1734 vituperarunt,
2448 1665 2738 1733 vituperati
2774 1672 2901 1718 sunt
2936 1682 2948 1716 :
2980 1663 3288 1723 irriserunt,
3323 1663 3395 1714 ir-

191 1755 419 1824 ὲκίνησαν
448 1755 538 1806 ἐπ’
568 1752 714 1823 αὐτῷ
760 1751 858 1816 τὰς
891 1751 1152 1821 κεφαλὰς,
1189 1752 1445 1822 ἐκίνησαν
1490 1752 1585 1804 καὶ
1616 1751 1730 1803 ἕτε-

1854 1757 1931 1812 ·ἱδὶ
1962 1765 2124 1812 sunt:
2187 1759 2362 1826 capita
2404 1765 2690 1811 moverunt
2717 1756 2770 1808 in
2802 1770 2949 1821 eum,
2975 1755 3156 1823 capita
3205 1768 3394 1809 move-

192 1863 260 1915 ροι
282 1847 371 1909 τάς
393 1844 634 1914 κεφαλὰς
666 1845 752 1896 ἐπ’
782 1845 986 1907 αὐτοῖς.

1854 1857 1966 1902 ‘unt
1997 1847 2050 1900 in
2080 1847 2202 1901 illos
2227 1847 2338 1898 alii.

261 1937 438 2003 Ὅλην
466 1935 580 2003 τὴν
605 1934 833 2004 ἡμέραν
861 1935 900 2002 νὴ
927 1931 1186 2001 ἐντροπή
1205 1949 1323 2001 μου
1351 1932 1731 1986 κατεναντίον

1919 1937 2006 1992 16.
2043 1935 2177 1990 Tota
2198 1938 2284 1991 die
2313 1937 2623 1989 uerecundia
2649 1952 2763 1988 mea
2786 1943 2970 1988 contra
3000 1951 3080 1988 me
3122 1945 3216 1988 est.
3264 1933 3395 1988 biu-

185 2045 286 2094 μου
306 2026 489 2080 ἐστίν.
513 2025 734 2096 Μακρά,
754 2026 935 2096 φησιν,
968 2024 1063 2077 καὶ
1095 2023 1345 2094 διηνεκὴς
1376 2025 1409 2093 ἡ
1438 2022 1557 2077 καθ’
1583 2025 1613 2092 ἡ
1622 2023 1736 2092 μῶν

187 2114 354 2183 γέγονε
385 2113 640 2184 αἰσχύνη.

254 2205 428 2261 Ταῦτα
455 2205 655 2258 ,πάντα
678 2201 865 2273 ἦλθον·
891 2204 982 2272 ἐφ’
1000 2201 1176 2273 ἡμᾶς,
1201 2203 1425 2256 καὶούκ
1450 2202 1734 2256 ἐπελαθό-

180 2297 319 2363 μεθά
339 2314 473 2351 σου.
511 2299 648 2368 Ἤδη
691 2297 936 2368 ἔφημεν,
971 2296 1048 2361 ὡς
1097 2300 1146 2350 οἱ
1196 2296 1469 2369 προφῆται
1502 2296 1639 2348 εἰσιν
1686 2296 1734 2346 οἱ

187 2389 526 2462 ἀναφέροντες
553 2391 652 2462 τὴν
685 2389 964 2462 ἱκετηρίαν
993 2391 1057 2442 ὲκ
1086 2387 1384 2459 προσώπου
1429 2386 1522 2439 τοῦ
1570 2384 1698 2438 λαοῦ
1717 2427 1732 2449 ,

181 2481 486 2535 οἱκειοποιού
496 2499 646 2552 μενοι
669 2483 739 2536 τά
751 2481 838 2535 διὰ
854 2482 951 2544 τὰς
967 2480 1145 2534 αὐτῶν
1163 2481 1434 2551 ἁμαρτίας
1453 2497 1514 2532 συ
1524 2478 1734 2548 μεῖἀντα

181 2589 332 2627 κακά.

243 2664 343 2718 Καὶ
361 2665 679 2730 ἐξέκλινας
700 2664 806 2729 τὰς
842 2665 1079 2731 τρίϐους
1113 2660 1286 2730 ἡμῶν
1315 2659 1432 2713 ἀπὸ
1457 2657 1566 2726 τῆς
1591 2654 1734 2711 ὀδοῦ

179 2767 302 2809 σου.
337 2755 523 2808 Ταῦτά
559 2771 742 2824 φασιν,
785 2755 888 2818 ὅτι,
931 2754 1301 2824 ἀσεϐήσαντες
1350 2753 1430 2812 είς
1474 2749 1730 2820 Χριστὸν,

178 2847 264 2899 καὶ
287 2847 373 2900 τοῦ
406 2848 586 2900 τελεῖν
613 2846 708 2918 τὴν
731 2847 872 2898 κατά
899 2847 1060 2916 νόμον
1094 2844 1285 2897 θυσίαν
1315 2840 1651 2912 ἐξώσθησαν.

243 2959 363 3014 Ὀτι
409 2961 820 3024 ὲταπείνωσας
867 2958 1026 3028 ἡμᾶς
1075 2959 1144 3011 ἐν
1184 2958 1343 3020 τόπῳ
1393 2953 1730 3018 κακώσεως.

174 3050 334 3104 ’Τοῦτὸ
370 3069 538 3122 φησιν
567 3051 653 3104 διά
675 3053 736 3104 τὸ
774 3051 938 3121 μηδὲν
986 3049 1064 3102 ἔτι
1092 3047 1346 3101 δύνασθαι
1381 3048 1597 3117 φρονεῖν
1625 3044 1734 3096 τῶν

176 3140 512 3212 ἐπηρμένων·
541 3143 650 3194 Καὶ
679 3141 910 3212 ἤλεγξας
949 3142 1097 3212 ἡμᾶς
1132 3142 1189 3191 ἐν
1232 3138 1312 3208 τῷ
1345 3139 1534 3207 κόσμῳ
1563 3139 1738 3207 ἦμαρ·

177 3233 412 3301 τηκότας.
475 3233 590 3288 Καὶ
628 3233 1018 3300 ἐπεκάλυψεν
1066 3230 1217 3300 ’ἡμᾶς
1265 3231 1408 3283 σκιὰ
1455 3228 1732 3283 θανάτου.

179 3319 271 3374 Τὸν
300 3323 490 3376 σκότον
524 3323 613 3374 τὸν
638 3323 928 3392 γενόμενον
957 3324 1014 3374 ὲν
1036 3324 1155 3384 ταῖς
1184 3320 1292 3374 τῶν
1317 3319 1737 3390 ἀπιστησάντων

177 3414 407 3484 καρδίαις
436 3431 651 3483 καταση
661 3415 856 3485 μαίνει.

238 3508 304 3558 Et
323 3507 735 3574 ἐπελαϐόμεθα
767 3506 873 3559 τοῦ
904 3507 1192 3574 ὀνόματος
1230 3504 1337 3557 τοῦ
1372 3503 1519 3557 Θεοῦ
1547 3501 1731 3570 ἡμῶν.

174 3593 329 3646 Τοῦτό
383 3613 577 3665 φασιν,
621 3595 697 3657 ὡς
746 3594 940 3664 μηκέτι
977 3592 1112 3664 μετά
1152 3593 1251 3663 τὴν
1303 3592 1612 3645 τελευταίαν
1647 3590 1738 3642 ἕκ-

177 3701 366 3740 πτωσιν
391 3686 974 3757 εἰδωλολατρήσαντες,
1009 3686 1042 3756 ἢ
1070 3685 1228 3738 πάλιν
1254 3685 1327 3746 ὡς
1361 3686 1423 3736 ὲκ
1446 3681 1736 3753 προσώπου

173 3776 270 3830 τῶν
291 3777 614 3852 προφητῶν.

238 3891 351 3947 Ὅτι
371 3891 561 3947 ἕνεκά
587 3909 702 3946 σου
736 3891 1142 3958 θανατούμεθα
1169 3889 1322 3955 ὅλην
1348 3887 1460 3955 τὴν
1486 3886 1734 3955 ἡμέραν.

171 3981 382 4054 Ὅμοιον
405 3987 486 4056 τῷ
517 3982 810 4055 είρημὲνῳδ
843 3981 1311 4046 Ἐλιθὰσθησίιν,
1337 3980 1736 4047 ἐπρίσθησαν,

174 4074 236 4126 ἐν
275 4077 436 4144 φόνῳ
466 4077 768 4147 μαχαίρας
808 4073 1128 4128 ἀπέθανον.
1183 4073 1391 4144 Ὥσπερ
1433 4071 1488 4124 δὲ
1533 4070 1602 4123 τά
1643 4069 1737 4122 τοῦ

174 4165 293 4219 λαοῦ
325 4169 705 4239 ἁμαρτήματα
727 4161 1202 4228 οἰκειοποιοῦνται,
1229 4163 1370 4215 οὕτω
1393 4163 1484 4215 καὶ
1518 4162 1586 4214 τά
1616 4164 1740 4214 ἑαυ-

174 4257 270 4310 τῶν
305 4260 488 4328 ἀγαθά
539 4261 618 4321 είς
661 4257 948 4328 πρόσωπον
987 4255 1175 4327 ὥσπερ
1211 4255 1304 4308 τοῦ
1359 4253 1490 4307 λαοῦ
1537 4253 1738 4321 ἀναφέ-

174 4367 365 4418 ρουσιν,
401 4350 658 4422 καθάπερ
690 4350 806 4411 ὲνὺς
828 4349 980 4411 ὄντος
1012 4347 1259 4418 σώματος
1284 4344 1377 4399 τοῦ
1424 4345 1641 4408 παντός.
1668 4345 1738 4396 Ἢ

1835 2040 2016 2094 turna,
2040 2029 2240 2098 inquit,
2273 2037 2327 2082 et
2347 2028 2565 2082 assidua
2588 2027 2687 2081 fuit
2711 2027 3035 2082 verecundia
3084 2036 3288 2084 nostra.

1918 2209 2000 2264 l8.
2031 2208 2160 2263 Haec
2218 2209 2397 2261 omnia
2457 2206 2707 2262 uenerunt
2758 2222 2913 2276 super
2965 2222 3082 2271 nos,
3115 2202 3207 2260 nec
3244 2205 3397 2260 obliti

1836 2318 2016 2357 sumus
2041 2311 2108 2356 te.
2139 2300 2256 2356 Jam
2287 2301 2525 2356 diximus
2558 2299 2847 2370 prophetas
2863 2314 2981 2354 esse
3005 2299 3095 2370 qui
3121 2314 3186 2353 ex
3211 2299 3394 2368 populi

1836 2408 2071 2462 persona
2101 2391 2529 2462 supplicationes
2557 2389 2809 2456 oﬂ‘erunt,
2842 2391 3002 2459 quasi
3036 2390 3254 2458 propria
3283 2389 3388 2443 sibi

1834 2493 2149 2554 reputantes
2175 2483 2316 2538 mala
2349 2482 2449 2552 ipsi
2466 2491 2810 2552 peccatorum
2840 2496 3006 2536 causa
3032 2479 3392 2534 obvenientia.

1919 2669 2004 2723 19.
2043 2667 2108 2722 Et
2136 2669 2415 2722 declinasti
2439 2668 2656 2721 semitas
2697 2678 2903 2719 nostras
2938 2682 2969 2718 a
3009 2666 3091 2718 via
3125 2675 3238 2719 tua.
3271 2662 3394 2719 Haec

1835 2763 2006 2821 aiunt,
2041 2762 2170 2830 quia
2199 2777 2324 2816 cum
2369 2776 2496 2828 erga
2546 2758 2821 2813 Christum
2870 2756 3033 2825 impie
3079 2757 3334 2824 egissent,
3364 2771 3394 2808 a

1837 2853 2104 2908 sacriﬁcio
2153 2853 2308 2922 juxta
2337 2853 2504 2920 legem
2527 2850 2804 2905 oﬂ'erendo
2835 2847 3065 2903 cohibiti
3107 2854 3253 2900 sunt.

1924 2964 2013 3018 ΞΟ.
2045 2964 2306 3030 Quoniam
2355 2961 2648 3014 humiliasti
2689 2977 2779 3013 nos
2829 2962 2884 3012 in
2940 2959 3053 3012 loco
3077 2958 3394 3026 aﬂlictionis.

1837 3056 1950 3111 Hoc
1978 3057 2052 3109 ait
2081 3056 2208 3124 quia
2237 3057 2302 3109 de
2332 3053 2735 3122 insurgentibus
2755 3053 2911 3106 malis
2944 3050 3074 3120 quid
3106 3050 3398 3103 aestimaret

1839 3165 1946 3202 non
1977 3148 2241 3201 haberet:
2293 3145 2354 3198 Et
2398 3147 2692 3216 coarguisti
2750 3161 2846 3198 nos
2903 3145 2973 3197 ob
3013 3143 3308 3196 admissum
3343 3141 3395 3192 in

1839 3238 2041 3293 mundo
2067 3247 2366 3308 peccatum.
2411 3237 2474 3288 Et
2521 3238 2784 3303 cooperuit
2830 3251 2924 3288 nos
2967 3235 3154 3286 umbra
3187 3233 3395 3285 mortis.

1839 3331 2114 3386 Tenebras
2151 3331 2420 3399 signiﬁcat
2436 3328 2730 3382 inﬁdelium
2750 3328 3004 3382 cordibus
3017 3323 3394 3380 circumfusas.

1911 3499 2078 3566 Ἥξδὶ
2103 3509 2250 3563 obliti
2288 3526 2468 3562 sumus
2500 3525 2681 3560 nomen
2733 3505 2825 3559 Dei
2857 3508 3038 3559 nostri.
3073 3506 3184 3559 lloc
3225 3505 3395 3565 aiunt,

1838 3604 1966 3672 quia
2021 3603 2226 3658 scilicet
2262 3617 2290 3656 a
2331 3611 2606 3670 postremo
2653 3616 2752 3653 suo
2789 3601 2938 3667 lapsu
3001 3614 3107 3651 non
3171 3596 3397 3650 ulterius

1839 3695 1985 3748 idola
2008 3694 2314 3754 coluerunt,
2359 3699 2452 3744 aut
2481 3706 2697 3744 rursum
2755 3705 2851 3742 ceu
2903 3703 2967 3741 ex
3006 3703 3237 3755 persona
3269 3702 3394 3744 oro-

1839 3784 2145 3852 phetarum.

1903 3897 1992 3951 22.
2022 3897 2160 3961 Quia
2187 3905 2394 3964 propter
2432 3904 2478 3948 te
2500 3895 2884 3955 mortiﬁcamur
2928 3900 3037 3943 tota
3081 3890 3181 3942 die.
3211 3888 3400 3942 Simile

1842 3992 1968 4046 huic
1993 4000 2110 4045 est:
2137 3988 2388 4058 Lapidati
2411 3999 2552 4050 sunt,
2580 3987 2706 4038 secti
2729 3994 2871 4043 sunt,
2910 3986 2962 4036 in
2988 3984 3244 4036 occisione
3282 3981 3398 4050 gla-

1841 4083 1916 4135 dii
1946 4081 2140 4134 mortui
2179 4090 2299 4132 suut
2341 4080 2404 4132 ".
2463 4075 2933 4144 Quemadmodum
2984 4083 3160 4127 autem
3189 4073 3398 4140 Spopuli

1842 4181 2061 4243 peccata
2089 4173 2190 4226 sibi
2217 4171 2435 4242 propria
2495 4169 2704 4222 faciunt
2748 4168 2819 4220 ita
2847 4176 2900 4219 et
2931 4179 3026 4219 sua
3073 4164 3211 4218 bona
3241 4163 3398 4232 quasi

1842 4266 1907 4319 ad
1936 4265 2119 4334 populi
2181 4277 2466 4333 personam
2498 4259 2764 4322 referunt,
2797 4274 2861 4312 ac
2889 4258 2932 4312 si
2987 4272 3154 4311 unum
3203 4269 3401 4322 corpus

1842 4368 2032 4411 omnes
2065 4357 2193 4410 sint.
2225 4353 2321 4408 Vel
2350 4355 2453 4408 hoc
2497 4353 2689 4406 modo:
2721 4351 2803 4405 0b
2824 4361 3063 4405 nostram
3098 4348 3151 4400 in
3183 4358 3255 4411 te,
3301 4347 3398 4410 ait,

173 4442 258 4494 καὶ
276 4444 448 4506 οὓτως
469 4461 483 4474 ·
517 4441 619 4495 Διά
643 4442 741 4512 τὴν
766 4441 846 4503 είς
889 4441 949 4492 σὲ
984 4443 1269 4507 γεγονυῖαν
1298 4441 1428 4509 ἡμῖν
1457 4437 1731 4500 ἀπιστίαν,

1866 4447 2211 4500 inﬁdelitatem
2245 4447 2296 4499 in
2322 4454 2530 4499 tantum
2558 4443 2768 4496 ruimus
2791 4441 2940 4501 mali,
2996 4449 3054 4493 ut
3082 4438 3290 4492 similes
3327 4437 3400 4490 si-

171 4535 345 4604 τησὶν,
370 4537 454 4596 είς
480 4533 735 4586 τοσοῦτον
767 4531 974 4600 ἥκομεν
1012 4530 1178 4583 κακὸν
1197 4570 1211 4592 ,
1257 4529 1334 4592 ὡς
1366 4529 1599 4582 ἐοικέναι
1646 4529 1737 4580 ἀν-

170 4623 397 4691 θρώποις
418 4625 521 4694 τὴν
540 4623 629 4675 ἐπὶ
655 4622 878 4674 θάνατον
907 4621 1160 4690 φέρουσιν
1181 4619 1377 4689 ψῆφον,
1399 4618 1491 4672 καὶ
1516 4617 1622 4686 μὴν
1645 4617 1738 4668 καί¹

165 4715 452 4785 «geminat;
483 4717 565 4776 εἰς
593 4713 804 4781 σφαγὴν
830 4711 1139 4782 ἀγομένοις.

244 4807 638 4876 Ἑξεγέρθητι,
675 4806 776 4858 ἵνα
816 4803 875 4856 τί
919 4802 1154 4868 ὺπνοῖς,
1203 4803 1415 4870 Κύριε;
1452 4801 1563 4872 Τὴν
1610 4799 1736 4851 πολ-

167 4897 257 4967 λὴν
282 4899 487 4969 ἀνοχὴν
520 4895 618 4950 τοῦ
656 4894 814 4957 Θεοῦ,
851 4894 918 4964 ἢν
953 4896 1188 4946 ἐποιεῖτο
1226 4891 1311 4945 διὰ
1335 4893 1430 4954 τὰς
1459 4891 1734 4960 ἁμαρτίας

169 4990 358 5052 αὐτῶν,
378 4990 538 5059 ὕπνῳ
577 4988 1033 5060 παραϐάλλουσιν.
1051 4984 1378 5051 Ἀνάστηθι,
1417 4985 1515 5036 καὶ
1531 4982 1615 5051 μὴ
1633 4983 1736 5036 ἀπ-

163 5079 283 5146 ώσῃ
305 5081 391 5144 εις
415 5077 612 5142 τέλος.
650 5077 956 5146 Ἀνάστηθι,
984 5074 1156 5140 λέγει,
1179 5073 1276 5141 οὐχ
1292 5072 1438 5132 ὅπως
1470 5068 1735 5139 ὲναλλάξῃ

164 5169 222 5220 τὸ
249 5171 474 5240 σχῆμα·
509 5169 570 5221 τὸ
609 5167 751 5220 θεῖον
780 5167 888 5238 γὰρ
924 5165 1348 5234 ἀσχημάτιστον.
1381 5161 1496 5213 ἀλλ’
1529 5160 1613 5212 ἵνα
1653 5175 1736 5210 κι-

165 5263 294 5333 νήσῃ
315 5262 418 5332 τὴν
447 5258 646 5314 ἑαυτοῦ
667 5258 893 5328 δύναμιν
918 5259 996 5318 εἰς
1024 5255 1299 5325 ἡμετέραν
1325 5251 1596 5322 βοήθειαν.
1627 5247 1736 5302 Καὶ

164 5351 240 5417 μὴ
282 5351 509 5420 ἀπώσῃ
558 5353 645 5417 εις
684 5349 859 5414 τέλος
905 5350 1042 5418 μήτε
1074 5347 1200 5408 τοὺς
1233 5342 1540 5404 ποιοῦντας,
1599 5341 1734 5410 μήτε

164 5443 283 5506 τοὺς
306 5443 644 5513 πάσχοντας,
675 5441 761 5494 ἶνα
801 5441 938 5512 μήτε
964 5442 1012 5492 οἱ
1039 5439 1357 5507 πάσχοντες,
1408 5435 1482 5497 ὡς
1513 5431 1734 5501 ὁλοκλή-

169 5546 267 5599 ρως
293 5531 550 5594 δοθέντες
581 5534 691 5595 τοῖς
733 5533 1058 5603 πειρασμοῖς
1099 5527 1458 5598 ὁλισθήσωσι,
1509 5525 1643 5594 μήτε
1685 5523 1732 5572 οἱ

249 5710 293 5741 ⁸⁸
319 5709 495 5764 Hebr.
537 5725 613 5776 χι,
653 5710 745 5767 57'.

1841 4553 1964 4593 mus
1992 4537 2304 4592 hominibus
2354 4534 2547 4588 mortis
2581 4532 2904 4585 sententiam
2951 4528 3272 4592 ferentibus,
3320 4535 3400 4580 at-

1839 4643 1945 4695 que
1975 4628 2168 4682 ovibus
2199 4625 2263 4680 ad
2291 4625 2621 4679 occisionem
2648 4622 2849 4676 ductis.

1907 4802 1995 4855 25.
2031 4801 2286 4871 Exsurge,
2334 4818 2493 4872 quare
2546 4799 2830 4863 obdormis,
2868 4797 3122 4852 Domine?
3153 4795 3398 4865 Magnam

1840 4893 1932 4949 Dei
1971 4895 2308 4949 tolerantiam
2346 4910 2451 4964 qua
2487 4908 2673 4948 eorum
2699 4901 2915 4961 peccata
2953 4890 3179 4954 ferebat,
3206 4905 3400 4945 somno

1838 4997 2171 5056 comparant.
2185 4985 2416 5055 Exsurge
2440 4995 2488 5038 et
2513 5001 2573 5038 ne
2601 4983 2819 5051 repellas
2850 4984 2900 5033 in
2929 4982 3103 5049 ﬁnem.
3136 4979 3396 5048 Exsurge,
3425 5040 3431 5058 '

1837 5080 1932 5140 ait,
1960 5094 2066 5131 non
2098 5088 2159 5130 ut
2183 5079 2431 5131 immutet
2463 5075 2742 5129 habitum:
2777 5073 3020 5125 divinum
3045 5072 3189 5124 enim
3227 5069 3398 5138 quod-

1837 5168 1967 5222 libet
1992 5176 2076 5221 est
2105 5166 2323 5220 habitus
2349 5174 2401 5219 et
2431 5167 2616 5233 ﬁgurae
2647 5178 2877 5233 expers;
2913 5161 3006 5215 sed
3044 5168 3102 5212 ut
3138 5159 3395 5209 virtutem
3426 5173 3452 5248 Κ

1838 5274 1992 5312 suam
2016 5259 2080 5312 ad
2110 5263 2355 5312 nostrum
2384 5265 2601 5310 moveat
2622 5253 2912 5308 auxilium.
2980 5249 3047 5302 Et
3075 5265 3136 5301 ne
3178 5246 3396 5313 repellas

1836 5352 1891 5403 in
1923 5350 2098 5418 linem,
2133 5364 2232 5402 nec
2263 5346 2573 5413 inferentes,
2601 5361 2775 5416 neque
2831 5345 3094 5414 patientes
3127 5337 3266 5392 mala
3289 5377 3303 5402 ,
3339 5346 3396 5389 ut

1837 5456 1905 5495 ne
1956 5442 1992 5495 ii
2048 5442 2143 5510 qui
2193 5441 2494 5510 patiuntur,
2545 5437 2700 5510 quasi
2752 5434 3142 5492 tentationibus
3173 5444 3396 5498 prorsus

1836 5531 2002 5588 dediti
2055 5532 2334 5588 labantur:
2369 5545 2544 5602 neque
2592 5529 2630 5583 ii
2677 5528 2770 5598 qui
2805 5526 2948 5580 mala
3004 5522 3243 5578 inferunt
3271 5518 3399 5574 diu-
