3872 6216
371 319 482 412 ιοι

1189 309 1244 362 5.
1280 305 1648 360 ATHANASH
1689 305 1838 360 OPP.
1875 304 2057 364 PARS
2097 302 2186 358 Ill.
2235 331 2296 342 —
2336 297 2748 355 EXEGETICA.

3489 292 3598 344 208

372 434 759 506 turna'judicis
810 429 1096 487 tolerantia
1144 428 1459 482 audaciores
1507 425 1704 488 effecti,
1750 425 1973 495 magis}

2078 421 2328 484 οιοῦντες,
2359 423 2425 489 τῇ
2452 419 2541 470 τοῦ
2579 414 2765 488 κριτοῦ
2811 411 3161 485 μακροθυμίᾳ
3203 409 3596 481 Θαρῥήσαντες,

375 489 656 599 magisque
700 524 1038 594 iniquitatem
1089 527 1340 588 augeant.
1394 515 1608 586 Rogant
1644 515 1698 569 id
1744 489 1933 586 gratiae

2078 514 2125 565 τι
2157 512 2335 564 πλεῖον
2369 509 2595 578 ἀνομίας
2631 504 2997 576 προκόψωσιν.
3032 501 3263 568 ΔοΘῆναι
3301 501 3481 561 αὐτοῖς
3513 489 3604 549 έο-

375 620 479 675 sibi
506 617 798 680 tribuatur,
830 621 890 666 ut
933 609 1183 664 adveniat
1228 605 1481 661 Christus
1533 606 1587 658 in
1620 603 1934 658 novissimis

2078 619 2216 655 ονται
2261 603 2357 670 τὴν
2407 598 2725 667 ἐπιφάνειαν
2763 594 2857 647 τοῦ
2888 591 3146 664 Χριστοῦ,
3179 589 3275 661 τὴν
3321 591 3409 642 ἐπ’
3440 589 3603 659 ἐσχά-

376 709 734 779 temporibus,
765 721 834 759 ne
861 705 984 757 vitae
1015 702 1134 772 ejus
1154 700 1265 755 sint
1283 705 1551 767 expertes.

459 882 552 937 25.
584 880 812 933 Adhaesit
843 877 899 930 in
933 884 1074 928 terra
1128 881 1302 926 venter
1327 877 1524 924 noster.
1553 866 1680 922 Hice
1725 874 1934 930 dicunt,

2035 710 2142 744 των
2175 690 2282 746 τῶν
2310 682 2538 761 καιρῶν,
2572 689 2656 740 ἵνα
2687 688 2761 758 μὴ
2789 687 2887 756 τῆς
2912 685 3037 754 παρ’
3065 683 3228 735 αὑτοῦ
3258 681 3604 752 ἁμοιρήσωσι

2037 783 2205 853 ζωῆς.

2119 873 2451 938 Ἔκολλήθη
2512 874 2598 936 εὶς
2640 870 2793 939 χοῦν
2829 870 2866 935 τι
2905 865 3137 936 γαστὴρ
3187 864 3373 933 ἡμῶν.
3414 863 3606 916 Ταῦτά

380 975 601 1046 quando
621 989 652 1026 a
669 985 836 1025 sensu
861 977 918 1022 et
942 965 1268 1036 cogitatione
1297 978 1487 1017 eorum
1511 976 1632 1031 quae
1655 958 1937 1012 Christum

2082 979 2222 1029 ασιν,
2259 961 2463 1032 ἐπειδὴ,
2492 962 2838 1029 ἀπωσάμενοι
2866 958 2927 1010 τὸ
2984 960 3201 1029 φρονεῖν
3230 955 3299 1009 τὰ
3343 955 3601 1024 Χριστοῦ,
3657 971 3667 976 ·

380 1072 627 1135 spectant
673 1060 872 1123 aversi,
923 1057 978 1110 in
1018 1055 1291 1111 carnalem
1326 1067 1549 1107 sensum
1596 1050 1935 1104 deciderunt.

453 1156 542 1210 26.
576 1151 838 1222 Exsurge,
869 1150 1111 1210 Domine,
1167 1145 1360 1214 adjuva
1392 1145 1518 1212 ζηοδ.
1563 1141 1937 1204 Patrocinare,

383 1249 576 1318 inquit,
629 1245 824 1309 nobis,
873 1250 927 1296 et
984 1241 1052 1294 da
1099 1253 1281 1292 veram
1335 1235 1494 1289 ﬁdem
1562 1231 1941 1304 proﬁtentibus

382 1349 592 1407 tempus
641 1335 707 1389 ad
757 1342 1190 1387 convcrsronem.

383 1510 434 1562 1.
471 1507 539 1564 1η
567 1507 722 1576 ﬁnem
749 1521 842 1574 pro
870 1503 935 1557 iis
984 1503 1072 1571 qui
1107 1498 1571 1554 commutabantur
1619 1495 1747 1564 ﬁliis
1788 1495 1941 1560 Core,

483 1599 555 1654 ad
583 1598 905 1654 intellectum
929 1595 1192 1648 canticum
1244 1610 1338 1662 pro
1383 1591 1603 1644 Dilecto.
1631 1585 1762 1642 XLI
1780 1586 1839 1640 γ.

962 1769 1362 1836 Argumentum.

361 1861 630 1921 Tmsens
655 1861 923 1918 canticum
950 1859 1154 1912 Dilecto
1173 1854 1338 1909 David
1359 1852 1534 1912 offert,
1551 1847 1759 1904 scilicet
1787 1845 1946 1900 Chri-

477 1968 583 2021 sto,
616 1956 710 2025 qui
736 1952 1047 2009 novissimis
1081 1951 1274 2006 diebus
1317 1946 1466 2000 venit
1487 1954 1540 1998 et
1563 1937 1946 1997 commutatio-

467 2063 593 2103 nem
617 2045 812 2109 effecit,
844 2044 898 2098 id
913 2052 996 2098 est
1024 2039 1432 2097 conversionem
1462 2051 1527 2088 ex
1554 2029 1857 2086 idololatria
1879 2027 1948 2083 ad

468 2155 654 2196 veram
694 2137 1036 2206 religionem.
1073 2131 1316 2187 Meminit
1349 2130 1476 2182 item
1505 2126 1740 2179 ﬁliorum
1785 2122 1946 2186 Core,

457 2247 760 2304 (personam
809 2231 876 2284 ad
905 2227 1179 2298 apostolos
1231 2220 1584 2278 transferens.
1619 2216 1744 2272 llaec
1767 2225 1946 2271 autem

465 2324 656 2380 omnia
710 2321 1009 2390 intelligere
1063 2333 1165 2372 nos
1207 2321 1440 2385 oportet,
1492 2325 1614 2381 qua:
1664 2322 1831 2363 causa
1866 2312 1949 2360 est

476 2416 643 2486 quod,
673 2415 740 2467 ad
767 2412 1110 2467 intellectum.
1140 2408 1386 2477 psalmus
1422 2401 1770 2457 inscribatur.

475 2605 530 2660 Ξ.
556 2601 831 2657 Eructavit
860 2613 950 2651 cor
970 2609 1142 2649 meum
1172 2590 1384 2644 verbum
1406 2588 1619 2640 bonum.
1648 2580 1760 2637 Hoc
1791 2578 1950 2632 Pater

387 2699 466 2752 ait
493 2697 559 2751 de
585 2694 722 2748 Filio
757 2711 771 2745 :
803 2688 1018 2760 genitus
1073 2695 1309 2750 namque
1363 2687 1447 2733 est
1501 2676 1642 2730 Deus
1699 2687 1767 2727 ex
1816 2669 1947 2723 Deo.

388 2789 523 2842 Dico
561 2803 652 2855 ego
702 2797 861 2852 opera
888 2793 1004 2831 mea
1053 2775 1182 2843 regi.
1220 2771 1500 2837 Quatenus
1527 2782 1620 2820 rex
1642 2773 1727 2819 est
1765 2769 1952 2830 utpote

391 2880 537 2934 Deus
571 2892 663 2946 per
694 2869 1122 2927 incarnationem
1161 2861 1449 2932 imperium
1507 2857 1672 2911 inisse
1717 2855 1950 2920 dicitur;

392 2965 473 3021 sic
498 2976 550 3017 et
572 2943 634 3016 ea
655 2975 776 3030 quae
802 2954 1120 3011 naturaliter
1154 2951 1303 3004 novit
1333 2955 1517 3018 utpote
1539 2945 1704 3011 Deus,
1733 2958 1797 2998 ea
1823 2943 1953 2997 item

392 3053 798 3126 dispensatione
834 3047 1068 3118 quadam
1097 3042 1286 3098 audire
1331 3041 1532 3096 dicitur
1573 3044 1796 3107 propter
1843 3034 1951 3088 lin--

1973 1780 2023 1839 Β

2040 1055 2119 1116 εἰς
2151 1052 2402 1123 φρόνημα
2432 1051 2730 1104 κατέπεσον
2758 1047 3036 1118 σαρκικόν.

2125 1143 2392 1203 Ἀνάστα,
2447 1144 2642 1209 Κύριε,
2677 1141 2994 1207 ,ϐοήθησον
3039 1139 3202 1207 ἡμῖν.
3263 1139 3604 1203 Ἀντιλαϐοὖ,

2043 1235 2227 1306 φησιν,
2259 1233 2438 1304 ἡμῶν,
2467 1233 2562 1284 καὶ
2594 1231 2733 1284 δίδου
2773 1233 2834 1284 τὸ
2873 1232 3102 1301 εὐμενὲς
3132 1231 3224 1283 καὶ
3267 1231 3453 1301 καιρὸν
3483 1232 3609 1283 ἐπι-

2045 1322 2280 1392 στροφῆς
2327 1323 2440 1384 τοῖς
2485 1321 2583 1390 τὴν
2640 1321 2719 1383 εἰς
2767 1321 2825 1370 σὲ
2871 1320 3128 1389 ἀληθινὴν
3176 1319 3356 1372 πίστιν
3413 1317 3608 1387 ὁμολο-

2042 1405 2250 1477 γοῦσιν.

2045 1501 2152 1564 Εις
2185 1496 2254 1550 τὸ
2296 1496 2471 1562 τέλος
2499 1496 2651 1564 ὑπὲρ
2691 1495 2808 1550 τῶν
2861 1492 3438 1566 ἁλλοιωθησομένωτὲ·
3483 1497 3613 1562 τοῖς

2113 1587 2265 1654 υἱοῖς
2298 1589 2451 1655 Κορὲ
2469 1591 2555 1654 εἰς
2577 1589 2853 1652 σύνεσιν,
2889 1587 3011 1655 ᾠδὴ
3041 1588 3193 1656 ὑπὲρ
3221 1589 3328 1642 τοῦ
3369 1590 3612 1657 Ἀγαπη-

2117 1679 2248 1734 τοῦ.
2281 1681 2416 1732 MA'.

2667 1770 2680 1790 '
2695 1771 3005 1834 Υπόθεσις.

2048 1860 2158 1934 Τὴν
2207 1861 2572 1932 προκειμένην
2605 1861 2748 1932 ᾠδὴν
2803 1860 3086 1931 ἀνατίθησι
3121 1861 3197 1932 τῷ
3243 1863 3534 1933 Ἀγαπητῷ
3583 1865 3615 1916 ὁ

2119 1953 2304 2017 Δαυῖδ,
2329 1953 2572 2006 τουτέστι
2590 1952 2825 2024 Χριστῷ,
2855 1953 2932 2024 τῷ
2962 1954 3048 2004 ἐπ’
3071 1953 3311 2023 ἐσχάτων
3338 1955 3444 2006 τῶν
3477 1957 3616 2024 ὴμε-

2125 2046 2236 2120 ρῶν
2291 2045 2592 2118 ἐληλυθότι,
2639 2046 2738 2100 καὶ
2781 2046 2880 2117 τὴν
2925 2045 3211 2099 ἀλλοίωσιν
3266 2049 3618 2118 πεποιηκότι,

2117 2137 2384 2202 τουτέστι,
2439 2137 2535 2209 τὴν
2583 2137 2883 2209 μεταϐολὴν
2916 2138 3016 2208 τὴν
3065 2137 3122 2204 ἐξ
3172 2137 3617 2212 εἰδωλολατρείας

2121 2232 2200 2294 εἰς
2233 2229 2564 2284 Θεοσέὸειαν.
2595 2229 2882 2300 Μέμνηται
2919 2229 2974 2282 δὲ
3002 2230 3096 2282 καὶ
3124 2229 3405 2284 τῶνα-υἱῶν
3447 2233 3617 2302 Κορὲ,

2118 2322 2198 2384 είς
2243 2321 2370 2383 τοὺς
2422 2319 2751 2382 ἀποστόλους
2803 2319 3138 2390 ἀναπέμπων
3187 2319 3250 2374 τὸ
3302 2322 3618 2393 πρόσωπον.

2121 2410 2307 2465 Ταῦτα
2338 2411 2394 2464 δὲ
2425 2411 2601 2464 πάντα
2627 2412 2923 2479 ἀναγκαῖον
2953 2412 3193 2466 συνιέναι
3218 2413 3385 2482 ἡμᾶς’
3414 2412 3495 2465 διὸ
3524 2413 3622 2465 καὶ

2108 2505 2205 2567 -εῑς
2233 2503 2488 2556 σύνεσιν
2517 2503 2940 2573 ἐπιγέγραπται.

2130 2593 2522 2662 Ἐξηρεύξατο
2545 2595 2583 2662 ἡ
2610 2594 2822 2662 καρδία
2841 2611 2959 2662 μου
2979 2595 3166 2663 λόγον
3183 2594 3424 2664 ἀγαθόν.
3450 2594 3625 2648 Τοῦτό

2051 2701 2212 2756 φησιν
2240 2687 2268 2736 ὁ
2297 2684 2484 2756 Πατὴρ
2519 2685 2753 2757 περὶτοῦ
2781 2685 2932 2739 Υίοῦ·
2952 2685 3240 2756 γεγένηται
3267 2687 3374 2757 γὰρ
3397 2687 3529 2750 Θεὸς
3558 2689 3623 2740 ἐκ

2050 2775 2208 2830 Θεοῦ.
2223 2775 2385 2844 Λέγω
2410 2776 2523 2846 ἐγὼ
2542 2777 2616 2830 τὰ
2631 2779 2774 2847 ἔργα
2789 2795 2906 2847 μου
2935 2777 3014 2842 τῷ
3033 2777 3515 2849 βασιλεῒ.’¹Ωσπερ
3532 2778 3621 2848 βας

2053 2869 2234 2931 σιλεὺς
2253 2869 2512 2940 ὑπάρχων
2534 2869 2610 2932 ὡς
2632 2870 2763 2932 Θεὸς
2791 2871 2870 2931 εἰς
2897 2869 3170 2938 βασιλείας
3201 2870 3370 2940 ἀρχὴν
3399 2870 3618 2939 λέγεται

2054 2958 2310 3030 ἔρχεσθαι
2337 2959 2425 3013 διὰ
2454 2959 2513 3011 τὸ
2539 2959 2914 3029 σεσαρκῶσθαι
2941 2960 3100 3012 αὐτόν
3120 2977 3133 2990 ·
3185 2960 3324 3012 οῦτω
3354 2961 3447 3012 καὶ
3476 2961 3621 3032 ἅπερ

2051 3045 2159 3102 οἶδε
2184 3049 2427 3120 φυσικῶς
2442 3050 2516 3113 ὡς
2536 3049 2687 3115 Θεὸς,
2705 3050 2880 3104 ταῦτα
2896 3051 3053 3105 πάλιν
3072 3051 3287 3104 ἀκούειν
3302 3051 3518 3119 λέγεται
3536 3051 3627 3105 διὰ

391 3147 729 3202 manitatem.
763 3140 968 3210 Lingua
1004 3153 1115 3190 mea
1177 3133 1414 3188 calamus
1472 3129 1660 3185 scriba:
1707 3121 1968 3181 velociter

2078 3141 2122 3194 ιδ
2148 3139 2484 3213 ἀνθρώπινον
2522 3141 2895 3212 οἰκονομικῶς.
2961 3143 3023 3196 Ἡ
3077 3141 3328 3212 γλῶσσά
3371 3160 3490 3212 μου
3525 3143 3628 3196 κά-

389 3233 686 3291 scribentis.
713 3231 884 3297 Quem
925 3226 1062 3281 dixit
1085 3220 1602 3287 verbum,eumdem
1633 3227 1688 3272 et
1709 3216 1951 3286 linguam

391 3333 550 3383 vocat
579 3338 755 3378 suam.
789 3319 1047 3373 Calamus
1072 3329 1232 3385 porro
1259 3311 1448 3366 scriba:
1505 3307 1762 3362 velociter
1809 3305 1950 3360 scri-

389 3417 572 3474 bentis
604 3421 848 3471 vocatur,
869 3408 994 3477 quia
1019 3400 1280 3476 quidquid
1311 3401 1440 3454 dicit
1470 3413 1534 3452 ac
1571 3396 1727 3467 jubet
1769 3394 1953 3450 statim

391 3509 642 3571 eﬂicitur,
667 3515 726 3558 ut
754 3502 920 3556 illud:
978 3497 1130 3562 Volo,
1180 3492 1458 3553 mundare,
1495 3499 1543 3544 et
1577 3487 1759 3541 statim
1798 3501 1954 3538 sana-

397 3611 478 3652 tus
511 3608 587 3652 est
631 3597 710 3648 ¹⁵ι
747 3603 835 3656 ct,
859 3590 1191 3651 Adolescens,
1239 3585 1330 3638 tibi
1353 3583 1505 3645 dico,
1548 3593 1731 3648 surge;
1765 3586 1810 3630 et
1845 3579 1955 3628 sta-

397 3693 492 3742 tim
519 3686 747 3741 surrexit
782 3683 844 3735 ¹⁶.
871 3681 986 3733 lmo
1004 3679 1166 3733 etiam
1195 3677 1359 3730 illud:
1417 3673 1641 3726 Verbum
1675 3667 1951 3723 abbrevia-

397 3792 508 3836 tum
534 3779 689 3848 faciet
721 3774 861 3828 Deus
885 3773 939 3824 in
971 3779 1076 3822 toto
1119 3768 1239 3820 orbe
1269 3767 1334 3806 "-

476 3956 537 4009 3.
576 3953 852 4022 Speciosus
883 3947 1054 4017 forma
1084 3958 1194 4012 pne
1221 3938 1348 4009 ﬁliis
1401 3936 1690 3989 hominum.
1722 3933 1958 4002 Compa-

386 4054 662 4109 zrationem
701 4048 831 4103 boni
858 4043 1098 4114 Spiritus
1120 4040 1306 4093 videre
1326 4044 1412 4091 est
1444 4050 1510 4090 ex
1541 4034 1608 4087 iis
1644 4047 1766 4102 quae
1789 4029 1958 4085 Joan-

399 4161 494 4200 nes
525 4143 731 4212 inquit:
758 4138 867 4195 Lex
889 4155 981 4207 per
1020 4133 1205 4188 Mosen
1249 4130 1384 4184 data
1406 4135 1506 4190 est,
1545 4126 1725 4195 gratia
1782 4132 1959 4176 autem

393 4244 445 4289 et
473 4233 664 4287 veritas
698 4245 788 4298 per
806 4227 993 4281 Jesum
1029 4223 1298 4278 Christum
1312 4220 1459 4288 facta
1489 4223 1566 4270 est
1591 4214 1656 4267 ιδ.
1686 4212 1962 4266 Ριδαξειιιηε

395 4330 542 4383 enim
600 4337 817 4394 quoque
846 4319 1022 4372 ’Mosis
1045 4315 1308 4375 calamus,
1367 4307 1462 4377 qui
1491 4307 1662 4375 legem
1693 4304 1853 4358 nobis
1907 4301 1962 4354 in

2058 3235 2248 3301 λαμος
2281 3234 2660 3302 γραμματέως
2699 3234 3057 3303 ὀξυγράερου.
3097 3235 3192 3287 Ὃν
3231 3235 3417 3304 εἴρηκε
3447 3234 3626 3302 λόγον.

2058 3323 2244 3378 τοῦτον
2292 3325 2384 3377 καὶ
2411 3323 2660 3392 γλῶσσαν
2713 3324 2877 3376 αὑτοῦ
2931 3324 3211 3378 ἀποκαλεῖ.
3266 3325 3526 3394 Κάλαμος
3571 3323 3630 3376 δέ

2059 3415 2430 3486 γραμματέως
2455 3414 2762 3484 ὀξυγράφου
2795 3413 3124 3483 ὠνόμασται,
3156 3414 3243 3467 διὰ
3270 3414 3330 3466 τὸ
3369 3413 3548 3481 λέγειν
3576 3432 3630 3467 τι

2060 3506 2154 3560 καὶ
2183 3506 2378 3570 εὐθέως
2420 3505 2696 3574 γίνεσθαι,
2734 3505 2808 3568 ὡς
2849 3506 2910 3558 τό
2933 3522 2946 3534 ·
3001 3507 3180 3569 Θέλω,
3213 3508 3627 3574 καθαρίσθητι·

2061 3599 2158 3654 καὶ
2177 3597 2406 3663 κεὺθέως
2434 3597 2798 3665 ἐκαθαρίσθη
2817 3613 2829 3626 ·
2855 3598 2969 3658 καὶ,
2985 3599 3300 3663 Νεανίσκε,
3324 3598 3422 3650 σοὶ
3447 3597 3629 3666 λέγω,

2061 3689 2328 3758 ἐγέρθητι
2352 3703 2366 3716 °
2400 3688 2500 3740 καὶ
2539 3687 2755 3752 εὐθέως
2803 3687 3048 3754 ἀνέστη.
3089 3687 3163 3740 Οὐ
3214 3689 3319 3759 μὴν
3351 3687 3489 3744 ἀλλὰ
3536 3697 3634 3743 και

2061 3779 2143 3832 τόο
2178 3781 2370 3846 Λόγον
2403 3775 2891 3846 συντετμημένον
2936 3776 3177 3846 ποιήσει
3215 3779 3426 3846 Κύριος
3458 3777 3528 3832 ἐν
3554 3779 3632 3847 τῇ

2065 3869 2383 3938 οἰκουμένῃ
2415 3869 2551 3937 ὅλῃ.

2147 3961 2369 4029 Ὠραῖος
2419 3960 2629 4014 κάλλει
2672 3961 2832 4028 παρὰ
2871 3961 3012 4026 τοὺς
3053 3961 3222 4025 υἱοὺς
3252 3978 3370 4014 των
3412 3964 3636 4030 ανθρώ-

2066 4069 2214 4105 πων.
2243 4052 2352 4123 Τὴν
2401 4050 2686 4123 σύγκρισιν
2730 4050 2823 4104 τοῦ
2877 4050 3078 4120 ἀγαῦοῦ
3128 4051 3442 4122 Πνεύματος
3482 4053 3637 4106 ἐστιν

2070 4143 2198 4195 ἰδεῖν
2231 4143 2322 4210 ἀφ’
2354 4133 2428 4194 ὧν
2469 4143 2498 4195 ὁ
2541 4141 2792 4212 Ἰωάννης
2839 4143 3038 4211 φησιν,
3079 4143 3160 4194 ὅτι
3217 4143 3278 4195 '0
3320 4145 3504 4212 νόμος
3534 4143 3638 4208 διὰ

2067 4237 2324 4303 Μωσέως
2367 4235 2580 4304 ἐδόθη,
2631 4235 2670 4306 ἠ
2704 4235 2773 4288 δὲ
2817 4234 2990 4304 χάρις
3037 4237 3137 4290 καὶ
3176 4237 3215 4304 ἠ
3248 4237 3500 4316 aggesta
3537 4219 3676 4291 cui

2082 4327 2285 4396 Ἰησοῦ
2321 4326 2580 4397 Χριστοῦ
2609 4327 2867 4396 ἐγένετο.
2901 4326 3162 4396 Κάλαμος
3191 4327 3299 4396 γὰρ
3328 4325 3490 4389 καλὸς
3539 4329 3638 4380 καὶ

396 4421 750 4492 paedagogum
807 4407 1119 4477 descripsit,
1171 4403 1265 4458 sed
1291 4414 1396 4454 non
1449 4397 1573 4451 talis
1615 4395 1708 4466 qui
1740 4393 1963 4448 nomina

715 4507 748 4518 --
841 4511 879 4518 --
1028 4498 1168 4518 ---I:-
1235 4494 1436 4518 man.--
1489 4498 1561 4518 ,ρο
1598 4487 1767 4518 mm”.-
1803 4487 1856 4518 ἔκ
1891 4486 1965 4518 In-

2078 4393 2379 4518 b‘l-llwuewg'
2399 4435 2412 4447 ·
2449 4393 2660 4500 ἔγραψε
2703 4417 2810 4488 γὰρ
2853 4419 2985 4488 ἡμῖν
3030 4393 3212 4487 νέμον.
3239 4393 3586 4488 τέαιδαγωγόν
3622 4438 3635 4450 ·

400 4472 587 4566 nostra
624 4472 886 4564 scriberet
923 4502 978 4555 in
1019 4498 1191 4554 caelis.
1225 4494 1438 4562 Di/Tusa
1484 4498 1561 4542 est
1595 4487 1768 4558 gratia
1803 4487 1857 4539 in
1890 4486 1965 4538 la-

2078 4509 2203 4562 Ξιλλὰ
2240 4510 2300 4562 οὐ
2340 4472 2577 4571 τοιοῦτος
2603 4472 2695 4570 ’ὡς
2715 4472 2726 4486 '
2745 4472 2837 4560 xui
2875 4472 3186 4579 ⁶ἐγραψέτὸι
3210 4472 3447 4578 ὀνῦματα
3481 4472 3640 4578 ημῶν

399 4601 668 4656 biis'tuis:
702 4596 1046 4662 dulciloquus
1071 4602 1308 4656 namque
1349 4583 1612 4636 Dominus
1651 4586 1836 4633 noster
1863 4586 1966 4639 est,

397 4694 491 4762 qui
515 4692 610 4744 ait.
667 4688 779 4758 Ego
817 4686 931 4741 veni
961 4693 1017 4737 ut
1062 4683 1222 4736 vitam
1251 4677 1504 4739 habeant,
1550 4683 1600 4727 et
1644 4669 1966 4725 abundatius

397 4780 727 4846 habeant":
761 4787 844 4841 et,
881 4775 992 4844 Ego
1023 4790 1139 4827 sum
1156 4769 1308 4840 panis
1343 4769 1430 4838 qui
1463 4767 1526 4820 de
1575 4763 1702 4818 caelo
1749 4765 1968 4816 descen-

394 4873 517 4935 dit;
545 4878 620 4935 et,
657 4870 746 4938 qui
772 4868 865 4922 dat
890 4869 1051 4921 vitam
1086 4861 1282 4916 mundo
1326 4860 1400 4916 ’°.

488 5077 543 5129 4.
576 5072 856 5140 Accingere
902 5065 1078 5137 gladio
1138 5073 1226 5116 tuo
1253 5075 1407 5129 super
1451 5057 1624 5126 femur
1655 5066 1826 5121 tuum,
1868 5069 1967 5122 po-

391 5165 712 5220 tentissime.
749 5160 828 5214 Ad
863 5172 1097 5228 pugnam
1131 5152 1303 5208 nostri
1329 5163 1494 5204 causa
1517 5147 1961 5201 committendam

400 5261 601 5318 excitat
624 5253 995 5324 Unigenitum.
1045 5249 1309 5316 Deinceps
1359 5248 1616 5314 quoniam
1671 5241 1963 5294 militarem

401 5351 505 5421 ipsi
541 5348 785 5403 habitum
819 5343 986 5402 dedit,
1013 5349 1297 5410 postquam
1328 5338 1564 5408 gladium
1591 5332 1749 5396 dixit,
1785 5330 1966 5384 femur

404 5443 627 5510 insuper
676 5440 1087 5492 commemorat.
1139 5429 1220 5482 Ad
1282 5444 1406 5483 eum
1455 5441 1724 5496 namque,
1778 5429 1963 5490 utpote

403 5531 596 5595 Deum,
632 5525 843 5596 gladius
875 5521 1128 5592 pertinet,
1160 5532 1273 5574 nec'
1297 5518 1640 5573 extrinsecus
1688 5511 1954 5568 affertur:

2069 4602 2126 4654 ἐν
2152 4600 2422 4670 οὐρανοῖς.
2463 4593 2744 4668 Ἐξεχύθη
2779 4597 2952 4667 χάρις
2977 4597 3298 4667 ἐνχείλεσι
3334 4612 3470 4651 σου.
3508 4598 3641 4650 Γλυ-

2065 4693 2312 4762 κύφωνος
2351 4691 2458 4763 γὰρ
2505 4693 2534 4744 ὁ
2574 4690 2776 4762 Κύριος
2824 4690 2982 4761 ἡμῶν
3016 4690 3219 4758 λέγων’
3267 4689 3406 4759 Ἐγὼ
3444 4687 3643 4760 ἦλθον

2065 4784 2165 4836 ἵνα
2189 4780 2339 4849 ζωὴν·
2361 4783 2562 4850 ἔχωσι,
2597 4781 2697 4833 καὶ
2745 4777 3178 4847 περισσότερον
3217 4779 3403 4846 ἔχωσι
3427 4795 3440 4808 ·
3500 4781 3598 4833 καὶ
3623 4823 3640 4848 ,

2078 4872 2224 4942 Ἐγώ
2251 4875 2365 4940 εἰμι
2410 4873 2442 4924 ό
2486 4870 2662 4939 ἄρτος
2705 4872 2738 4922 δ
2776 4869 2846 4921 ἐκ
2893 4868 3000 4923 τοῦ
3037 4867 3295 4937 οὐρανοῦ
3336 4868 3598 4937 καταϐάς
3625 4889 3639 4901 ·

2075 4965 2187 5025 καὶ,
2218 4962 2420 5026 διδοὺς
2441 4960 2591 5029 ζωὴν
2613 4958 2694 5025 τῷ
2721 4960 2948 5030 κόσμῳ.

2139 5052 2459 5122 Περίζωσαι
2494 5051 2608 5119 τὴν
2650 5051 2958 5120 ῥομφαίαν
3001 5067 3116 5105 σου
3152 5049 3252 5104 ἐπὶ
3295 5051 3402 5105 τὸν
3447 5054 3648 5121 μηρόν

2070 5162 2208 5208 σου,
2239 5143 2477 5198 δυνατέ.
2522 5144 2616 5205 Εἰς
2665 5143 2844 5212 μάχην
2887 5141 2986 5212 τὴν
3025 5143 3166 5214 ὑπὲρ
3197 5142 3354 5212 ἡμῶν
3384 5144 3646 5216 διεγείρει

2070 5237 2159 5290 τὸν
2211 5237 2508 5306 Μονογενῆ.
2563 5233 2696 5286 Εἶτα
2729 5233 2822 5285 καὶ
2851 5234 3038 5304 ἐπειδὴ
3069 5237 3455 5304 στρατιωτικὸν
3491 5237 3647 5308 αὐτῷ

2071 5330 2254 5400 σχῆμα
2287 5329 2534 5389 δέδωκεν,
2568 5324 2841 5397 ῥομφαίαν
2877 5324 3078 5388 εἰπὼν,
3112 5324 3207 5378 καὶ
3248 5325 3422 5396 μηρὸν
3467 5345 3645 5398 προσ.

2070 5419 2284 5488 επάγει.
2313 5416 2488 5470 Αὑτοῦ
2523 5415 2630 5487 γὰρ
2648 5415 2722 5480 ὡς
2750 5415 2907 5480 Θεοῦ,
2939 5417 3032 5469 καὶ
3061 5416 3160 5467 οὐκ
3187 5414 3389 5479 ἔξωθεν
3428 5417 3462 5487 ἡ
3502 5421 3646 5488 ῥομ-

2069 5509 2235 5578 φαία’
2290 5509 2516 5572 δυνατὸς
2557 5510 2663 5579 γάρ
2711 5511 2848 5575 ἐστι,
2901 5507 3146 5560 τουτέστι
3198 5507 3306 5559 τῶν
3358 5508 3645 5579 δυνάμεων

474 5714 524 5749 ³⁵
557 5711 748 5770 Matth.
769 5712 956 5778 vm,5.
1036 5709 1220 5764 “Luc.
1259 5708 1454 5775 “1,”.
1495 5704 1654 5759 "lsa.
1683 5701 2004 5771 x,25,juxta
2033 5697 2172 5752 LXX
2261 5695 2471 5751 “Joan.
2498 5711 2534 5763 ι,
2565 5695 2647 5749 l7.
2709 5697 2748 5727 ‘9
2775 5694 3003 5758 Joan.x,
3041 5693 3123 5746 10.
3200 5690 3422 5748 “Joan.
3455 5691 3640 5760 vn“.
