3872 6216
250 341 358 395 209

1350 339 1715 398 EXPOSITIO
1755 339 1823 397 ΙΝ
1863 340 2196 398 PSALMUM
2236 331 2428 400 XLIV.

3384 351 3490 405 210

249 460 492 532 Κύριοςυ
531 461 626 514 καί¹
667 459 822 514 τοῦτο
865 458 1006 514 κατὰ
1041 460 1200 529 φύσιν
1239 459 1408 530 αὐτῷ.
1449 463 1604 515 ’Ἐστι
1632 463 1690 516 δὲ
1737 463 1811 517 καὶ

1931 463 2198 533 siquidem
2233 459 2649 532 potentissimus
2679 459 2771 516 ille
2797 468 2900 528 est,
2943 460 2998 516 id
3026 469 3129 529 est,
3156 469 3489 533 potestatum

249 553 450 623 ὡραῖος
482 554 580 624 μὲν
601 555 715 616 τοῖς
740 552 1078 620 ἐπεγνωκόσι
1117 552 1216 623 τὴν
1258 554 1581 622 ἐπιφάνειαν
1626 554 1790 607 αὐτοῦ
1813 595 1825 618 ,

251 645 346 696 καὶ
386 643 446 696 τὺ
490 645 859 716 ὑπερκόσμιον
908 643 1103 707 κάλλος
1153 648 1434 699 κατανοεῖν
1490 644 1823 716 δυναμένοις.

251 733 345 803 Τῷ
375 734 432 786 δέ
462 733 622 806 μηρῷ
653 735 752 806 τὴν
783 735 1051 805 ῥομφαίαν
1097 735 1395 808 ἐνήρμοσεν
1425 737 1559 808 πρὸς
1589 737 1686 808 τὴν
1719 736 1827 789 τῶν

253 827 630 880 ἀπιστούντων
659 826 886 898 ἀπειλὴν
913 827 1007 880 καὶ
1038 825 1146 880 τῶν
1169 827 1558 897 ἀντικειμένων
1586 829 1684 892 τὰς
1717 829 1822 896 φά-

250 917 484 986 λαγγας.
525 919 659 989 Περὶ
690 917 819 987 γοῦν
861 917 969 971 τῶν
997 917 1362 973 ἀπειθούντων
1394 921 1555 990 φησιν
1612 922 1641 972 6
1686 921 1825 990 ψαλ-

253 1011 383 1080 μός·
440 1012 581 1064 Ἐὰν
605 1010 692 1080 μὴ
731 1011 1155 1080 ἐπιστραφῆτε,
1205 1012 1335 1080 τὴν-
1361 1013 1666 1081 ρομφαίαν
1721 1017 1824 1068 αὺ-

249 1103 359 1157 τοῦ
381 1103 723 1158 στιλϐὡσει.
1394 1091 1396 1093 ’

329 1279 409 1349 Τῇ
437 1282 751 1349 ὡραιότητί
780 1298 894 1335 σου
926 1283 1023 1336 καὶ
1044 1282 1141 1348 τῷ·
1175 1282 1386 1337 κάλλει
1433 1299 1567 1337 σου.
1609 1283 1820 1354 Ὠραιό-

248 1385 348 1438 της
379 1369 436 1422 δέ
463 1371 556 1422 καὶ
580 1369 774 1432 κάλλος
805 1369 897 1422 τοῦ
935 1370 1408 1441 στρατευσαμένου
1434 1373 1467 1441 ὴ
1504 1370 1693 1441 θεότης
1723 1372 1820 1423 αὑ-

245 1460 344 1512 τοῦ
400 1461 496 1514 καὶ
553 1464 585 1531 ἡ
640 1461 781 1514 κατά
828 1463 1044 1514 πάντων
1078 1461 1337 1532 ὑπεροχή.
1374 1461 1483 1514 Καὶ
1529 1461 1815 1525 ἕντεινον,

246 1551 349 1604 καὶ
383 1550 733 1615 κατευοδοῦ,
781 1552 879 1605 καὶ
931 1553 1248 1616 βασίλευε.
1287 1553 1557 1605 Ἔντεινον
1588 1551 1655 1604 τὰ
1689 1551 1817 1617 τόξα

249 1657 366 1704 σου,
402 1643 555 1712 φησὶ,
611 1643 895 1708 κατευοδού
930 1643 1002 1696 δὲ·
1031 1644 1484 1714 δεδικαιωμένους
1535 1644 1640 1696 ὑπὸ
1698 1644 1815 1709 σοῦ,

245 1726 322 1784 ὧν
351 1732 673 1803 βασιλεύει-ς,
703 1735 886 1804 φησιν,
921 1734 1233 1800 ἀπαλλάξας
1266 1735 1460 1796 αὐτοὺς
1488 1734 1581 1786 τοῦ
1615 1734 1811 1804 τυράνο

1930 553 2216 618 Dominus,
2242 553 2386 623 quod
2439 552 2515 606 illi
2575 551 2874 607 secundum
2905 561 3157 607 naturam
3209 555 3488 624 competit.

1929 647 2025 700 Est
2055 654 2233 699 autem
2263 644 2640 713 speciosusiis
2665 645 2757 714 qui
2784 657 2985 699 norunt
3018 646 3309 700 adventum
3346 646 3488 716 ejus,

1928 738 2132 806 quique
2158 736 2626 806 pulchritudinem
2650 736 2789 807 ejus,
2809 738 3364 795 mundanamomnem
3394 754 3490 793 ex-

1927 837 2293 895 superantem,
2324 837 2552 896 possunt
2604 829 2926 900 intelligere.
2981 828 3201 883 Femori
3252 830 3343 885 ille
3387 821 3490 885 suo

1923 921 2160 991 gladium
2190 922 2459 990 apposuit,
2513 931 2572 975 ut
2596 921 2772 975 minas
2825 920 3133 976 infidelibus
3171 921 3484 984 intentaret,

1925 1027 2133 1066 necnon
2183 1012 2478 1082 manipulis
2526 1013 3015 1072 adversariorum,
3048 1010 3124 1066 De
3177 1012 3486 1074 inﬁdelibus

1924 1103 2105 1173 itaque
2134 1105 2376 1173 psalmus
2403 1105 2565 1160 dicit:
2597 1103 2721 1157 Nisi
2749 1105 2977 1158 conversi
3000 1104 3227 1173 fueritis,
3250 1104 3485 1174 gladium

1922 1179 2075 1248 suurn
2116 1196 2339 1250 vibrabit
2374 1197 2441 1248 ²¹.

1989 1287 2044 1340 5.
2102 1285 2282 1356 Specie
2322 1297 2414 1341 tua
2465 1296 2513 1342 et
2563 1287 2950 1354 pulchritudine
3001 1296 3114 1340 tua.
3165 1287 3383 1358 Species
3430 1295 3485 1340 et

1919 1381 2268 1449 pulchritudo
2317 1381 2508 1436 militis
2540 1381 2704 1448 illius,
2741 1389 2825 1436 est
2858 1381 3031 1436 deitas
3075 1380 3213 1450 ejus,
3261 1389 3313 1434 et
3345 1395 3483 1450 pnas-

1919 1471 2116 1523 stantia
2169 1486 2278 1539 qua
2319 1487 2511 1526 omnes
2567 1482 2876 1540 exsuperat.
2929 1471 3185 1536 Intende,
3237 1463 3481 1540 prospere

1917 1559 2133 1624 procede
2159 1568 2209 1611 et
2241 1576 2416 1629 regna.
2460 1559 2704 1625 intende,
2736 1562 2933 1631 inquit,
2968 1576 3128 1615 arcus
3159 1569 3303 1625 tuos,
3358 1574 3484 1628 pro-

1919 1662 2074 1717 spere
2096 1649 2388 1716 procedere
2410 1649 2573 1704 facito
2598 1667 2692 1705 eos
2713 1652 2805 1719 qui
2832 1668 2860 1704 ιι
2876 1650 3218 1720 tejuStilicati
3243 1651 3478 1706 fuerunt.

1917 1733 1974 1787 in
2015 1749 2170 1803 quos,
2197 1735 2292 1799 ait,
2326 1749 2544 1804 regnas,
2575 1745 2862 1804 postquam
2902 1735 3142 1790 liherasti
3181 1749 3274 1790 eos
3324 1750 3352 1788 a
3398 1744 3482 1805 t-y-

245 1840 359 1877 νου.
389 1823 641 1876 Δείκνυσι
689 1826 880 1896 νοεράν
909 1821 1074 1878 οὖσαν
1110 1826 1210 1896 τὴν
1257 1826 1443 1894 νίκην·
1478 1826 1658 1878 ὃπλων
1708 1826 1811 1896 γὰρ

1921 1840 2111 1879 ranno.
2135 1825 2344 1879 indicat
2365 1825 2700 1894 spiritualem
2720 1843 2840 1883 esse
2861 1827 3161 1880 victoriam.
3184 1825 3478 1896 Postquam

248 1915 649 1993 μνημονεύσας,
710 1915 979 1986 μέμνηται
1028 1918 1122 1970 καὶ
1165 1918 1490 1988 πραότητος.
1529 1917 1711 1989 Πράου
1759 1917 1816 1971 δέ

247 2009 364 2060 ἐστι
411 2008 479 2061 τά
515 2009 615 2078 μὲν
644 2012 722 2072 εἰς
759 2011 945 2063 ἑαυτὸν
990 2012 1206 2079 ἀφεῖναι
1260 2012 1372 2073 τοῖς
1417 2011 1811 2080 ἀδικουμένοις.

246 2099 354 2152 Καὶ
380 2083 668 2176 ὁδηγήσει
697 2115 771 2154 σε
799 2101 1154 2170 θαυμαστῶς
1176 2103 1213 2170 ἡ
1241 2100 1408 2165 δεξιά
1430 2117 1567 2154 σου.
1597 2101 1814 2172 Ἐπειδὴ

243 2191 354 2259 γὰρ
389 2192 663 2260 ῥομφαίας
696 2192 1127 2263 ἐμνημόνευσεν,
1162 2191 1450 2246 ἀκόλουθον
1502 2191 1596 2246 καὶ
1640 2192 1816 2257 δεξιᾶς

243 2282 539 2351 ἐποιήσατο
573 2286 812 2354 μνήμην.
845 2283 1003 2349 Δεξιά
1027 2283 1083 2336 δὲ
1113 2282 1276 2336 αὑτοῦ
1325 2283 1391 2335 τὰ
1419 2282 1566 2347 δεξιά
1595 2282 1814 2352 βουλεύ-

244 2390 416 2444 ματα,
448 2370 530 2436 οἷς
555 2362 890 2446 κεχρημένος
1047 2375 1144 2444 τῆς
1179 2375 1448 2447 ἁμαρτίας
1479 2375 1578 2428 οὐκ
1604 2374 1815 2439 ἐδέξατο

241 2464 572 2536 προσϐολήν.

320 2555 398 2608 Τὰ
430 2555 590 2623 ,ϐέλη
637 2571 752 2609 σου
801 2557 1162 2626 ἠκονημένα,
1221 2558 1460 2612 δυνατέ.
1503 2558 1638 2630 Βέλη
1690 2560 1816 2621 τοὺς

242 2647 433 2715 ἁγίους
461 2647 788 2711 ἀποστόλους
818 2650 1000 2720 φησιν,
1052 2651 1100 2702 οἳ
1134 2651 1227 2703 καὶ
1256 2653 1314 2702 ἐν
1357 2650 1554 2724 καρδίᾳ
1598 2650 1814 2720 καιρίας

239 2735 506 2790 δεδώκασι
538 2737 752 2806 πληγὰς
789 2741 900 2800 τοῖς
925 2738 1138 2809 ἐχθροῖς
1155 2737 1248 2792 τοῦ
1284 2740 1558 2802 Βασιλέως
1583 2739 1690 2792 τῶν
1717 2740 1812 2810 βα·

243 2828 586 2882 σιλευόντων.
629 2828 812 2881 Ταῦτα
851 2829 907 2881 δέ
948 2829 1200 2901 τά-βέλη,
1238 2830 1514 2902 πλήξαντα
1565 2833 1645 2893 είς
1678 2849 1814 2902 καρ-

239 2920 359 2973 δίαν
386 2922 512 2983 τοὺς
551 2920 776 2990 νοητοὺς
806 2921 1052 2992 ἐχθροὺς,
1087 2922 1272 2992 ἴσχυσε
1320 2923 1684 2994 προσενέγκαι
1715 2924 1812 2994 τὴν

237 3011 333 3063 ὑπ’
365 3009 591 3082 οὐρανὸν
636 3011 742 3066 ὑπὸ
776 3011 942 3075 πόδας
974 3012 1232 3082 Χριστοῦ,
1265 3015 1359 3066 καὶ
1385 3014 1484 3082 τῆς
1516 3013 1680 3072 αὐτοῦ
1723 3014 1814 3084 βα-

242 3103 450 3166 σιλείας
483 3103 762 3156 ὑποθεῖναι
809 3105 920 3167 τοῖς
955 3104 1157 3171 ζυγοῖς.
1208 3105 1294 3157 Ἐν
1334 3105 1624 3177 ὑπερϐατῷ
1656 3106 1711 3159 δέ
1760 3109 1808 3160 οἱ

242 3194 438 3264 στίχοι,
469 3195 555 3247 ἴνα
580 3188 712 3248 ὦσιν
740 3195 911 3258 οὕτως
931 3212 944 3226 ·
973 3195 1054 3247 Τὰ
1086 3195 1212 3265 βέλη
1239 3213 1330 3250 σου
1362 3199 1691 3268 ἠκονημένα,
1719 3199 1809 3252 δυ·-

239 3284 389 3348 νατὲ,
411 3285 477 3359 ’ἐν
503 3282 754 3354 καρδίαις
781 3279 888 3335 τῶν
925 3282 1131 3353 ἐχθρῶν
1163 3284 1256 3336 τοῦ
1290 3284 1570 3354 βασιλέως.

324 3376 388 3426 '0
413 3375 622 3442 θρόνος
642 3389 778 3440 σου,
797 3377 829 3427 ὀ
848 3377 1014 3440 Θεὸς,
1027 3378 1114 3440 εἰς
1133 3375 1236 3429 τὸν
1252 3377 1438 3431 αἰῶνα
1453 3379 1557 3432 τοῦ
1574 3377 1806 3444 αἰῶνος.

238 3470 306 3520 υἱ
335 3449 658 3538 κεκλημένοι
685 3465 772 3520 διὰ
789 3465 896 3519 τῶν
927 3466 1258 3532 ἀποστόλων,
1301 3469 1808 3538 ὁμολογοῦντεςητοῦ

239 3557 579 3623 Μονογενοῦς
599 3557 696 3626 τὴν
716 3556 966 3626 θεότητα,
984 3558 1164 3626 φασίν·
1184 3559 1244 3610 '0
1261 3561 1653 3627 θρόνοςσου,ό
1669 3562 1812 3626 Θεὸς

237 3655 327 3715 εἰς
354 3650 460 3703 τὸν
487 3648 672 3703 αἰῶνα
699 3649 806 3702 τοῦ
834 3648 1066 3716 αἰῶνος.
1113 3650 1348 3716 Ῥάὸδος
1399 3654 1722 3721 εὐθύτητος
1769 3657 1806 3722 ἡ

233 3739 458 3810 Δῥάϐδος
491 3739 598 3806 τῆς
622 3740 948 3805 βασιλείας
979 3755 1118 3795 σου.
1164 3743 1227 3794 Ἡ
1277 3743 1508 3815 εὐθύτης
1557 3746 1710 3817 παρὰ
1743 3751 1806 3818 τῇ

239 3830 360 3899 θεία
391 3831 580 3900 Γραφῇ
614 3830 963 3902 δικαιοσύνην
989 3833 1261 3903 σημαίνει.
1297 3835 1459 3902 Λέγει
1505 3837 1703 3901 τοίνυν,
1733 3839 1808 3901 ὡς

147 3984 152 3987 _
236 3924 287 3973 οἱ
313 3921 715 3992 βασιλευόμενοι
752 3922 904 3992 παρά
941 3923 1198 3994 Χριστοῦ,
1221 3925 1316 3997 τὴν
1343 3926 1441 3996 τῆς
1470 3926 1810 4000 δικαιοσύνης

241 4013 464 4082 μάθοιεν
502 4013 735 4081 βαδίζειν
758 4015 896 4066 ὁδόν.

325 4103 667 4172 Ἠγάπησας
715 4104 1132 4175 δικαιοσύνην,
1188 4109 1284 4161 καὶ
1341 4110 1640 4180 ἐμίσησας
1671 4114 1810 4169 ἀνο-

232 4197 402 4264 μίαν.
445 4197 664 4266 Ἐπειδὴ
693 4237 707 4260 ,
742 4197 841 4268 τὴν
874 4198 1079 4270 τροπὴν
1128 4200 1395 4266 παθοῦσα,
1427 4205 1460 4274 ή
1507 4204 1808 4276 ἀνθρώπων

236 4285 403 4352 φύσις
447 4284 815 4352 καταλείψασα
863 4285 962 4356 τὴν
1006 4287 1350 4359 δικαιοσύνην
1403 4291 1659 4361 ἠγάπησε
1712 4292 1807 4362 τὴν

233 4375 489 4446 ἀνομίαν,
521 4376 692 4448 ταύτῃ
719 4394 803 4430 τοι
855 4377 1072 4446 γέγονεν
1096 4378 1378 4450 ἄνθρωπος
1411 4384 1438 4433 6
1479 4384 1805 4453 Μονογενὴς,

1915 1914 2059 1967 enim
2087 1930 2237 1968 arma
2268 1917 2734 1972 commemoravit.
2777 1918 2842 1971 de
2875 1917 3287 1972 mansuetudine
3325 1933 3479 1971 men-

1915 2003 2115 2057 tionem
2143 2003 2289 2058 facit.
2331 2004 2598 2060 Mansueti
2629 2017 2807 2062 autem
2850 2017 2952 2074 est,
2980 2007 3157 2061 illatas
3186 2007 3290 2062 sibi
3331 2007 3478 2077 inju-

1914 2096 2025 2150 rias
2050 2097 2340 2186 dimittere;
2374 2098 2438 2152 Et
2461 2098 2675 2154 deducet
2713 2108 2759 2153 te
2792 2100 3105 2154 mirabiliter
3127 2100 3340 2153 dextera
3361 2110 3475 2154 tua.

1915 2185 2141 2252 Quando
2185 2185 2332 2242 enim
2393 2189 2630 2258 gladium
2681 2191 3036 2258 memoravit,
3084 2201 3477 2260 consequenter

1914 2281 2077 2334 etiam
2101 2281 2166 2334 de
2185 2280 2406 2336 dextera
2431 2281 2689 2351 loquitur.
2717 2280 2945 2335 Dextera
2978 2290 3158 2336 autem
3185 2281 3302 2351 ejus
3327 2289 3474 2346 sunt,

1914 2371 2130 2426 dextera
2177 2373 2290 2427 sive
2335 2373 2569 2444 genuina
2612 2373 2858 2438 consilia,
2899 2373 3052 2443 queis
3098 2388 3231 2428 usus
3273 2374 3475 2443 peccati

1915 2461 2172 2530 impetum
2196 2477 2301 2516 non
2329 2464 2555 2532 excepit.

1984 2552 2036 2606 6.
2077 2553 2299 2623 Sagitta:
2346 2563 2449 2608 tute
2490 2562 2688 2618 acutw,
2727 2571 2755 2607 ο
2793 2565 2991 2623 potens.
3035 2553 3270 2624 Sagittas
3320 2562 3477 2608 voca:

1915 2653 2135 2700 sanctos
2176 2645 2473 2716 apostOlos,
2517 2649 2609 2716 qui
2665 2648 2828 2701 etiam
2873 2647 3089 2701 lethalia
3116 2647 3341 2701 vulnera
3394 2647 3477 2700 in-

1913 2735 2100 2791 ﬂixere
2128 2738 2180 2790 in
2213 2753 2307 2792 cor
2336 2739 2677 2792 inimicorum
2733 2737 2896 2809 Regis
2916 2754 3128 2808 regum.
3156 2738 3281 2793 Haec
3313 2753 3477 2809 porro

1913 2827 2017 2880 tela
2041 2842 2160 2895 qua:
2187 2827 2496 2896 spirituales
2527 2828 2779 2883 inimicos
2809 2829 2865 2882 in
2896 2828 3059 2884 corde
3100 2828 3473 2895 vulnerarunt,

1914 2919 2098 2972 orbem
2151 2928 2446 2988 potuerunt
2504 2919 2705 2974 Christi
2760 2920 2989 2990 pedibus
3039 2921 3376 2988 submittere,
3420 2931 3476 2978 et

1910 3009 2041 3080 jugo
2094 3011 2246 3081 regni
2287 3011 2407 3080 ejus
2441 3012 2728 3082 subjicere.
2759 3012 3026 3068 Caeterum
3064 3014 3118 3068 hi
3150 3028 3342 3070 versus
3380 3029 3476 3083 per

1913 3102 2244 3172 hyperbaton
2301 3103 2591 3171 dicuntur,
2657 3113 2717 3158 ut
2788 3116 2981 3160 sonent
3031 3127 3043 3161 :
3093 3108 3312 3179 Sagitta:
3371 3115 3476 3163 tna'

1913 3204 2105 3263 acutae,
2133 3211 2166 3251 ο
2203 3205 2418 3267 potens,
2454 3197 2510 3250 in
2547 3196 2803 3252 cordibus
2840 3198 3182 3255 inimicorum
3213 3201 3374 3272 regis.

1985 3371 2034 3426 7.
2079 3372 2316 3427 Tltronus
2364 3384 2505 3441 tuus,
2545 3375 2706 3442 Deus,
2752 3379 2805 3431 in
2841 3381 3092 3434 statutum
3132 3382 3339 3442 seaculi.
3370 3383 3473 3450 Qui

1913 3464 2085 3517 vocati
2113 3479 2206 3533 per
2244 3468 2520 3535 apostolos
2550 3479 2678 3522 sunt
2709 3471 3026 3527 conlitentes
3057 3471 3331 3543 Unigeuiti
3356 3478 3474 3531 dei-

1912 3563 2102 3619 tatem,
2133 3557 2285 3611 aiunt
2315 3577 2327 3610 :
2371 3557 2605 3613 Tltronus
2648 3571 2789 3629 tuus,
2809 3562 2968 3630 Deus,
2993 3566 3048 3618 in
3069 3566 3317 3620 saeculum
3373 3586 3473 3622 sa:-

1911 3646 2037 3700 culi.
2099 3646 2260 3718 Virga
2319 3649 2621 3704 directionis
2683 3655 2828 3723 virga
2889 3658 3032 3727 regni
3102 3661 3199 3712 tui.
3241 3658 3475 3715 Directio

1913 3736 1966 3789 in
1991 3738 2188 3793 divinis
2221 3739 2520 3808 Scripturis
2544 3742 2809 3810 justitiam
2853 3745 3140 3815 signiﬁcat.
3171 3748 3260 3801 Ait
3287 3749 3470 3818 igitur,

1911 3827 2111 3895 quibus
2158 3829 2684 3898 imperat-Christus
2732 3836 2784 3887 in
2824 3837 2909 3888 via
2945 3838 3169 3904 justitiaa
3230 3841 3473 3907 incedere

1911 3919 2169 3974 ediscent.

1981 4099 2033 4152 8.
2082 4097 2331 4153 Dilexisti
2351 4099 2620 4167 justitiam
2648 4112 2697 4155 et
2725 4102 2884 4155 odisti
2908 4103 3259 4174 iniquitatem.
3291 4105 3473 4172 Quan—

1911 4190 2204 4262 doquidem
2236 4193 2521 4248 hominum
2553 4204 2768 4261 natura,
2806 4199 3161 4252 mutationem
3191 4215 3492 4270 perpessa,

1910 4284 2213 4339 deserendo
2239 4284 2508 4353 justitiam
2549 4287 2738 4342 dilexit
2779 4289 3154 4359 iniquitatem;
3190 4290 3310 4345 ideo
3344 4289 3474 4354 Uni-

1911 4375 2126 4444 geuitus
2154 4373 2329 4430 factus
2365 4377 2528 4460 homo
2558 4388 2656 4440 est,
2690 4387 2748 4432 ut
2786 4379 2842 4431 in
2888 4394 2946 4432 se
2982 4379 3270 4432 humanam
3297 4381 3472 4434 corri-

235 4469 520 4539 κατορθῶν
552 4471 609 4522 ἐν
637 4470 814 4541 ἐαυτῷ
861 4474 926 4541 τῇ
954 4470 1250 4542 ἀνθρώπων
1281 4472 1438 4540 φύσει
1479 4475 1540 4527 τὺ
1583 4476 1801 4547 ἀγαπᾷν

1921 4482 2043 4536 gens
2071 4475 2343 4531 naturam,
2386 4468 2440 4522 id
2476 4469 2708 4550 eiii-ceret
2749 4481 2805 4524 ut
2845 4470 3091 4540 diligeret
3113 4471 3380 4540 justitiam
3419 4482 3474 4528 et

234 4561 587 4631 δικαιοσύνην
615 4562 708 4614 καὶ
744 4564 919 4631 μισεῖν
941 4563 1166 4632 ἀνομίαν
1187 4581 1200 4595 ο
1229 4564 1322 4617 καὶ
1353 4567 1385 4634 ἡ
1410 4565 1507 4636 τῆς
1538 4567 1807 4638 ἐνανθρω-

234 4653 459 4721 πήσεως
490 4649 630 4719 α’ύτη
660 4651 825 4704 αἰτία.
859 4652 948 4703 Διό
974 4669 1155 4721 φησιν’
1187 4652 1288 4705 Διὰ
1314 4653 1486 4706 τοῦτο
1511 4655 1718 4721 ἔχρισε
1733 4673 1806 4709 σε

233 4742 269 4793 ὀ
295 4737 456 4803 Θεός.
485 4737 583 4790 Διὰ
609 4735 766 4789 τοῦτο
784 4738 861 4801 δὲ,
884 4741 1032 4790 ποῖον
1054 4756 1068 4804 ;
1102 4741 1134 4810 ἦ
1159 4740 1296 4793 ὥστε
1320 4743 1412 4793 καὶ
1442 4743 1568 4805 τοὺς
1589 4746 1659 4796 ὲνς
1674 4745 1803 4813 μεθ-

230 4828 348 4893 έξει
381 4845 475 4880 σου
518 4831 842 4899 γενομένους
876 4830 1264 4896 ἀγαλλιᾶσθαι·
1329 4833 1425 4886 ἅτε
1451 4833 1516 4903 δὴ
1541 4835 1614 4898 ὡς
1644 4835 1806 4907 ἠλεη-

236 4920 434 4996 μένους
465 4919 552 4971 διὰ
577 4919 636 4971 τὸ
669 4919 1062 4990 κατωρθῶσθαι
1108 4924 1290 4987 αὐτοῖς
1323 4925 1409 4979 διά
1447 4925 1539 4979 σοῦ
1569 4929 1629 4981 τὸ
1669 4931 1805 4998 ἀγα-

231 5012 346 5079 πᾷν
398 5011 740 5082 δικαιοσύνην
803 5013 896 5064 καὶ
957 5016 1132 5082 μισεῖν
1182 5016 1430 5086 ἀνομίαν.
1468 5017 1571 5071 Διά
1627 5019 1804 5072 τοῦτο

229 5101 444 5172 ἓχρισέ
467 5119 540 5156 σε
567 5107 600 5156 ό
635 5103 798 5168 Θεὸς,
839 5107 872 5157 ὁ
913 5105 1054 5169 Θεός
1102 5121 1237 5158 σου.
1276 5107 1396 5159 Ἐπὶ
1433 5107 1588 5161 τοῦτο
1618 5111 1804 5180 manus

230 5213 296 5249 σε
327 5197 355 5246 6
381 5195 531 5258 Θεὸς,
571 5197 599 5247 ὁ
631 5196 763 5258 Θεός
798 5213 914 5256 σου.
952 5197 1116 5266 φησί·
1152 5197 1213 5249 τὸ
1245 5199 1352 5269 γὰρ
1396 5199 1632 5270 ἔχρισεν,
1655 5204 1802 5274 ήλει-

225 5288 334 5356 ψεν
368 5288 746 5357 ἑρμηνεύεται.
801 5289 1074 5358 Συνῆπται
1127 5289 1183 5342 δὲ
1235 5293 1268 5360 ἡ
1305 5291 1492 5344 τούτου
1541 5295 1803 5365 ἑρμηνεία

225 5378 438 5433 ἄνωθεν
460 5381 539 5442 είς
561 5379 643 5443 τὸ,
681 5377 1023 5449 Ἠγὰπησας
1054 5380 1467 5450 δικαιοσύνην.

304 5472 546 5539 Σμύρνα
578 5471 677 5525 καὶ
727 5469 958 5551 στακτὴ
1011 5473 1110 5524 καί
1142 5475 1329 5528 κασία
1357 5475 1474 5529 ἀπὸ
1524 5475 1642 5531 τῶν
1684 5481 1801 5547 ἱμα-

226 5564 374 5619 τίων
402 5579 540 5617 σου.
586 5563 797 5632 Ὶμάτια
819 5562 912 5615 τοῦ
954 5565 1288 5629 Μονογενοῦς
1322 5566 1559 5637 νοηθεῖεν
1592 5566 1657 5620 ἂν
1711 5569 1801 5622 δυ-

303 5744 342 5774 ³³
365 5740 510 5798 Psal.
553 5759 647 5807 \‘ll,
683 5743 762 5797 13.

1909 4559 2035 4612 odio
2065 4557 2291 4612 haberet
2319 4542 2657 4628 iniquitatem
2699 4580 2712 4613 :
2750 4569 2914 4631 atque
2943 4562 3128 4618 isthmc
3156 4563 3262 4618 fuit
3288 4565 3470 4621 incar-

1905 4649 2142 4703 nationis
2171 4665 2355 4704 causa.
2404 4651 2770 4716 Quamobrem
2819 4654 2933 4707 ait:
2988 4654 3271 4723 Propterea
3317 4660 3471 4712 unxit

1909 4749 1955 4792 te
1981 4739 2139 4793 Deus.
2172 4739 2657 4811 Propterea,quare
2673 4743 2827 4831 {nisi
2856 4755 2915 4799 ut
2944 4747 3037 4816 qui
3067 4749 3146 4803 tui
3180 4752 3471 4822 participes

1905 4839 2088 4895 essent
2130 4833 2487 4901 exsultarent,
2522 4842 2708 4903 utpote
2745 4837 2840 4904 qui
2871 4851 2939 4892 ex
2975 4839 3350 4898 misericordia
3380 4854 3483 4903 tua.

1907 4922 1960 4976 id
1991 4925 2266 4979 consecuti
2310 4925 2418 4980 sint
2463 4934 2523 4979 ut
2570 4927 2854 4996 diligerent
2904 4929 3174 4999 justitiam
3233 4943 3289 4989 et
3347 4937 3484 4997 odio

1905 5015 2167 5070 haberent
2217 5017 2578 5088 iniquitatem.
2638 5017 2926 5089 Propterea
2972 5027 3126 5078 unxit
3181 5037 3230 5080 te
3282 5027 3469 5096 Deus,

1904 5106 2044 5160 Deus
2069 5116 2210 5161 tuus.
2238 5108 2364 5163 Ideo
2387 5109 2603 5164 inunxit
2627 5118 2679 5164 te
2711 5110 2878 5177 Deus,
2910 5113 3054 5170 Deus
3084 5124 3230 5180 tuus,
3257 5118 3467 5188 inquit:

1904 5200 2034 5253 illud
2065 5199 2208 5252 enim
2255 5201 2426 5267 unxit,
2459 5201 2678 5255 inunxit
2712 5204 3116 5273 interpretatur.
3155 5207 3327 5277 Hujus
3367 5226 3467 5273 au-

1903 5297 2011 5343 tem
2053 5291 2158 5344 loci
2202 5290 2575 5361 interpretatio
2620 5295 2871 5363 superius
2903 5299 2970 5350 ad
3009 5298 3123 5352 haec
3151 5299 3331 5366 verba,
3365 5300 3465 5355 Di-

1900 5381 2078 5436 texisti
2095 5383 2392 5452 justitiam,
2429 5385 2681 5455 adjuncta
2712 5386 2831 5442 fuit.

1971 5474 2022 5528 9.
2044 5474 2262 5545 Myrr/ia
2288 5486 2336 5529 et
2347 5487 2499 5556 gutta
2519 5488 2566 5532 et
2577 5479 2726 5546 casia
2761 5496 2794 5533 α
2811 5481 3126 5539 vestimentis
3153 5483 3464 5542 tuis.V.esti-

1901 5576 2078 5621 menta
2125 5566 2393 5638 Unigeniti
2444 5571 2609 5639 probe
2661 5573 3029 5642 intelligantur
3059 5573 3308 5641 virtutes,
3350 5593 3464 5630 ma-
