  <div class='ocr_page' id='page_1' title='image "/cluster/home/n/w/nwhite01/storage/ocr_20150623/27/nnc1.0046978631/119.png"; bbox 0 0 3872 6216; ppageno 0'>
   <div class='ocr_carea' id='block_1_1' title="bbox 423 342 524 402">
    <p class='ocr_par' dir='ltr' id='par_1_1' title="bbox 423 342 524 402">
     <span class='ocr_line' id='line_1_1' title="bbox 423 342 524 402; baseline 0.01 -1"><span class='ocrx_word' id='word_1_1' title='bbox 423 342 524 402; x_wconf 66' lang='grc' dir='ltr'><strong>ΞΗ</strong></span> 
     </span>
    </p>
   </div>
   <div class='ocr_carea' id='block_1_2' title="bbox 1235 318 2808 398">
    <p class='ocr_par' dir='ltr' id='par_1_2' title="bbox 1235 318 2808 398">
     <span class='ocr_line' id='line_1_2' title="bbox 1235 318 2808 398; baseline -0.018 1"><span class='ocrx_word' id='word_1_2' title='bbox 1235 340 1290 397; x_wconf 86' lang='lat' dir='ltr'><strong>S.</strong></span> <span class='ocrx_word' id='word_1_3' title='bbox 1333 339 1705 398; x_wconf 76' lang='lat' dir='ltr'><strong>ATHANASII</strong></span> <span class='ocrx_word' id='word_1_4' title='bbox 1745 335 1895 393; x_wconf 78' lang='lat' dir='ltr'><strong>OPP.</strong></span> <span class='ocrx_word' id='word_1_5' title='bbox 1937 332 2118 389; x_wconf 83' lang='lat' dir='ltr'><strong>PARS</strong></span> <span class='ocrx_word' id='word_1_6' title='bbox 2155 330 2245 387; x_wconf 79' lang='lat' dir='ltr'><strong>lli.</strong></span> <span class='ocrx_word' id='word_1_7' title='bbox 2285 358 2354 369; x_wconf 92' lang='lat'><strong>——</strong></span> <span class='ocrx_word' id='word_1_8' title='bbox 2391 318 2808 380; x_wconf 77' lang='lat' dir='ltr'><strong>EXEGETICA.</strong></span> 
     </span>
    </p>
   </div>
   <div class='ocr_carea' id='block_1_3' title="bbox 3552 304 3662 364">
    <p class='ocr_par' dir='ltr' id='par_1_3' title="bbox 3552 304 3662 364">
     <span class='ocr_line' id='line_1_3' title="bbox 3552 304 3662 364; baseline -0.064 -1"><span class='ocrx_word' id='word_1_9' title='bbox 3552 304 3662 364; x_wconf 69' lang='grc' dir='ltr'><strong>2ιῖ</strong></span> 
     </span>
    </p>
   </div>
   <div class='ocr_carea' id='block_1_4' title="bbox 427 427 2016 542">
    <p class='ocr_par' dir='ltr' id='par_1_4' title="bbox 427 457 2016 542">
     <span class='ocr_line' id='line_1_4' title="bbox 427 457 2016 542; baseline -0.01 -20"><span class='ocrx_word' id='word_1_10' title='bbox 427 465 754 542; x_wconf 75' lang='lat' dir='ltr'><strong>gniﬁcentia,</strong></span> <span class='ocrx_word' id='word_1_11' title='bbox 790 464 980 534; x_wconf 80' lang='lat' dir='ltr'><strong>gloria,</strong></span> <span class='ocrx_word' id='word_1_12' title='bbox 1017 463 1170 532; x_wconf 79' lang='lat' dir='ltr'><strong>juxta</strong></span> <span class='ocrx_word' id='word_1_13' title='bbox 1205 462 1334 540; x_wconf 83' lang='lat' dir='ltr'><strong>illud</strong></span> <span class='ocrx_word' id='word_1_14' title='bbox 1365 479 1377 515; x_wconf 91' lang='lat'><strong>:</strong></span> <span class='ocrx_word' id='word_1_15' title='bbox 1429 461 1683 514; x_wconf 79' lang='lat' dir='ltr'><strong><em>Dominus</em></strong></span> <span class='ocrx_word' id='word_1_16' title='bbox 1731 457 1983 526; x_wconf 82' lang='lat' dir='ltr'><strong>regnavit,</strong></span> <span class='ocrx_word' id='word_1_17' title='bbox 2015 507 2016 513; x_wconf 35' lang='grc' dir='ltr'><strong>η</strong></span> 
     </span>
    </p>
   </div>
   <div class='ocr_carea' id='block_1_5' title="bbox 2107 427 3660 542">
    <p class='ocr_par' dir='ltr' id='par_1_5' title="bbox 2107 427 3660 542">
     <span class='ocr_line' id='line_1_5' title="bbox 2107 427 3660 518; baseline -0.019 -14"><span class='ocrx_word' id='word_1_18' title='bbox 2107 450 2303 518; x_wconf 75' lang='grc' dir='ltr'>ιάμεις,</span> <span class='ocrx_word' id='word_1_19' title='bbox 2333 439 2793 516; x_wconf 78' lang='grc' dir='ltr'><strong>μεγαλοπρέπεια,</strong></span> <span class='ocrx_word' id='word_1_20' title='bbox 2839 433 3001 498; x_wconf 77' lang='grc' dir='ltr'>δόξα,</span> <span class='ocrx_word' id='word_1_21' title='bbox 3038 429 3178 484; x_wconf 78' lang='grc' dir='ltr'>κατὰ</span> <span class='ocrx_word' id='word_1_22' title='bbox 3215 430 3291 480; x_wconf 75' lang='grc' dir='ltr'><strong>τό·</strong></span> <span class='ocrx_word' id='word_1_23' title='bbox 3342 427 3402 478; x_wconf 86' lang='grc'><strong>’0</strong></span> <span class='ocrx_word' id='word_1_24' title='bbox 3446 427 3660 494; x_wconf 79' lang='grc' dir='ltr'>Κύριος</span> 
     </span>
     <span class='ocr_line' id='line_1_6' title="bbox 2258 517 3659 542; baseline -0.018 21"><span class='ocrx_word' id='word_1_25' title='bbox 2258 539 2299 542; x_wconf 53' lang='grc' dir='ltr'>-ν</span> <span class='ocrx_word' id='word_1_26' title='bbox 2595 534 2606 542; x_wconf 94' lang='grc'><strong>-</strong></span> <span class='ocrx_word' id='word_1_27' title='bbox 2717 529 2729 542; x_wconf 78' lang='grc' dir='ltr'><em>ο</em></span> <span class='ocrx_word' id='word_1_28' title='bbox 2964 521 3276 542; x_wconf 47' lang='grc' dir='ltr'><strong>»πω-ρ--</strong></span> <span class='ocrx_word' id='word_1_29' title='bbox 3338 517 3659 542; x_wconf 57' lang='grc' dir='ltr'><strong>ι---».ι.η,,-,</strong></span> 
     </span>
    </p>
   </div>
   <div class='ocr_carea' id='block_1_6' title="bbox 425 551 1990 620">
    <p class='ocr_par' dir='ltr' id='par_1_6' title="bbox 425 551 1990 620">
     <span class='ocr_line' id='line_1_7' title="bbox 425 551 1990 620; baseline -0.01 -6"><span class='ocrx_word' id='word_1_30' title='bbox 425 563 664 617; x_wconf 76' lang='lat' dir='ltr'><strong>decorem</strong></span> <span class='ocrx_word' id='word_1_31' title='bbox 704 557 919 610; x_wconf 85' lang='lat' dir='ltr'><strong>indutus</strong></span> <span class='ocrx_word' id='word_1_32' title='bbox 947 565 1044 620; x_wconf 86' lang='lat' dir='ltr'><strong>est,</strong></span> <span class='ocrx_word' id='word_1_33' title='bbox 1078 556 1294 608; x_wconf 86' lang='lat' dir='ltr'><strong>indutus</strong></span> <span class='ocrx_word' id='word_1_34' title='bbox 1323 562 1399 607; x_wconf 84' lang='lat' dir='ltr'><strong>est</strong></span> <span class='ocrx_word' id='word_1_35' title='bbox 1443 552 1695 605; x_wconf 78' lang='lat' dir='ltr'><strong>Dominus</strong></span> <span class='ocrx_word' id='word_1_36' title='bbox 1743 551 1990 602; x_wconf 83' lang='lat' dir='ltr'><strong>uirtutem</strong></span> 
     </span>
    </p>
   </div>
   <div class='ocr_carea' id='block_1_7' title="bbox 426 639 1989 720">
    <p class='ocr_par' dir='ltr' id='par_1_7' title="bbox 426 639 1989 720">
     <span class='ocr_line' id='line_1_8' title="bbox 426 639 1989 720; baseline -0.009 -15"><span class='ocrx_word' id='word_1_37' title='bbox 426 663 477 706; x_wconf 87' lang='lat' dir='ltr'><strong>et</strong></span> <span class='ocrx_word' id='word_1_38' title='bbox 503 651 782 720; x_wconf 63' lang='lat' dir='ltr'><strong>praecinxit</strong></span> <span class='ocrx_word' id='word_1_39' title='bbox 812 665 864 701; x_wconf 89' lang='lat' dir='ltr'><strong>se</strong></span> <span class='ocrx_word' id='word_1_40' title='bbox 887 649 952 700; x_wconf 80' lang='lat'><strong>&quot;.</strong></span> <span class='ocrx_word' id='word_1_41' title='bbox 995 647 1182 700; x_wconf 67' lang='lat' dir='ltr'><strong>Isthmo</strong></span> <span class='ocrx_word' id='word_1_42' title='bbox 1220 645 1385 714; x_wconf 79' lang='lat' dir='ltr'><strong>igitur</strong></span> <span class='ocrx_word' id='word_1_43' title='bbox 1435 645 1605 714; x_wconf 79' lang='lat' dir='ltr'><strong>gloria</strong></span> <span class='ocrx_word' id='word_1_44' title='bbox 1657 652 1706 695; x_wconf 87' lang='lat' dir='ltr'><strong>et</strong></span> <span class='ocrx_word' id='word_1_45' title='bbox 1737 639 1989 710; x_wconf 56' lang='lat' dir='ltr'><strong>magnilb</strong></span> 
     </span>
    </p>
   </div>
   <div class='ocr_carea' id='block_1_8' title="bbox 427 733 1990 810">
    <p class='ocr_par' dir='ltr' id='par_1_8' title="bbox 427 733 1990 810">
     <span class='ocr_line' id='line_1_9' title="bbox 427 733 1990 810; baseline -0.009 -13"><span class='ocrx_word' id='word_1_46' title='bbox 427 743 601 798; x_wconf 75' lang='lat' dir='ltr'><strong>centia</strong></span> <span class='ocrx_word' id='word_1_47' title='bbox 625 741 764 810; x_wconf 85' lang='lat' dir='ltr'><strong>ejus,</strong></span> <span class='ocrx_word' id='word_1_48' title='bbox 796 740 922 793; x_wconf 90' lang='lat' dir='ltr'><strong>boni</strong></span> <span class='ocrx_word' id='word_1_49' title='bbox 963 738 1117 792; x_wconf 91' lang='lat' dir='ltr'><strong>nobis</strong></span> <span class='ocrx_word' id='word_1_50' title='bbox 1163 737 1345 792; x_wconf 88' lang='lat' dir='ltr'><strong>odoris</strong></span> <span class='ocrx_word' id='word_1_51' title='bbox 1399 735 1520 799; x_wconf 82' lang='lat' dir='ltr'><strong>fuit,</strong></span> <span class='ocrx_word' id='word_1_52' title='bbox 1549 733 1776 802; x_wconf 84' lang='lat' dir='ltr'><strong>ctquasi</strong></span> <span class='ocrx_word' id='word_1_53' title='bbox 1820 747 1990 801; x_wconf 79' lang='lat' dir='ltr'><strong>genus</strong></span> 
     </span>
    </p>
   </div>
   <div class='ocr_carea' id='block_1_9' title="bbox 426 820 1990 894">
    <p class='ocr_par' dir='ltr' id='par_1_9' title="bbox 426 820 1990 894">
     <span class='ocr_line' id='line_1_10' title="bbox 426 820 1990 894; baseline -0.011 -6"><span class='ocrx_word' id='word_1_54' title='bbox 426 848 587 888; x_wconf 91' lang='lat' dir='ltr'><strong>omne</strong></span> <span class='ocrx_word' id='word_1_55' title='bbox 617 829 1031 886; x_wconf 86' lang='lat' dir='ltr'><strong>odoramentiet</strong></span> <span class='ocrx_word' id='word_1_56' title='bbox 1075 827 1304 892; x_wconf 77' lang='lat' dir='ltr'><strong>incensi,</strong></span> <span class='ocrx_word' id='word_1_57' title='bbox 1358 826 1515 894; x_wconf 82' lang='lat' dir='ltr'><strong>juxta</strong></span> <span class='ocrx_word' id='word_1_58' title='bbox 1549 823 1679 878; x_wconf 90' lang='lat' dir='ltr'><strong>illud</strong></span> <span class='ocrx_word' id='word_1_59' title='bbox 1733 821 1860 875; x_wconf 90' lang='lat' dir='ltr'><strong>alibi</strong></span> <span class='ocrx_word' id='word_1_60' title='bbox 1909 820 1990 872; x_wconf 90' lang='lat' dir='ltr'><strong>di-</strong></span> 
     </span>
    </p>
   </div>
   <div class='ocr_carea' id='block_1_10' title="bbox 427 911 1992 989">
    <p class='ocr_par' dir='ltr' id='par_1_10' title="bbox 427 911 1992 989">
     <span class='ocr_line' id='line_1_11' title="bbox 427 911 1992 989; baseline -0.011 -10"><span class='ocrx_word' id='word_1_61' title='bbox 427 915 573 979; x_wconf 76' lang='lat' dir='ltr'><strong>ctum</strong></span> <span class='ocrx_word' id='word_1_62' title='bbox 606 939 619 975; x_wconf 73' lang='grc' dir='ltr'><strong>ε</strong></span> <span class='ocrx_word' id='word_1_63' title='bbox 672 920 1002 989; x_wconf 77' lang='lat' dir='ltr'><strong>Unguentum</strong></span> <span class='ocrx_word' id='word_1_64' title='bbox 1047 920 1271 985; x_wconf 72' lang='lat' dir='ltr'><strong>effusum</strong></span> <span class='ocrx_word' id='word_1_65' title='bbox 1302 933 1487 970; x_wconf 83' lang='lat' dir='ltr'><strong>nomen</strong></span> <span class='ocrx_word' id='word_1_66' title='bbox 1528 925 1672 968; x_wconf 87' lang='lat' dir='ltr'><strong>tuum</strong></span> <span class='ocrx_word' id='word_1_67' title='bbox 1704 913 1751 944; x_wconf 79' lang='lat'>“</span> <span class='ocrx_word' id='word_1_68' title='bbox 1780 931 1793 966; x_wconf 89' lang='lat'>:</span> <span class='ocrx_word' id='word_1_69' title='bbox 1825 920 1878 966; x_wconf 83' lang='lat' dir='ltr'><strong>et</strong></span> <span class='ocrx_word' id='word_1_70' title='bbox 1932 911 1992 964; x_wconf 83' lang='lat' dir='ltr'><strong>il-</strong></span> 
     </span>
    </p>
   </div>
   <div class='ocr_carea' id='block_1_11' title="bbox 427 998 1989 1080">
    <p class='ocr_par' dir='ltr' id='par_1_11' title="bbox 427 998 1989 1080">
     <span class='ocr_line' id='line_1_12' title="bbox 427 998 1989 1080; baseline -0.012 -10"><span class='ocrx_word' id='word_1_71' title='bbox 427 1017 517 1072; x_wconf 89' lang='lat' dir='ltr'><strong>Iud</strong></span> <span class='ocrx_word' id='word_1_72' title='bbox 555 1035 568 1070; x_wconf 74' lang='grc' dir='ltr'><strong>ε</strong></span> <span class='ocrx_word' id='word_1_73' title='bbox 597 1013 662 1066; x_wconf 85' lang='lat' dir='ltr'><strong>In</strong></span> <span class='ocrx_word' id='word_1_74' title='bbox 686 1014 896 1066; x_wconf 83' lang='lat' dir='ltr'><strong>odorem</strong></span> <span class='ocrx_word' id='word_1_75' title='bbox 924 1020 1304 1080; x_wconf 86' lang='lat' dir='ltr'><strong>unguentorum</strong></span> <span class='ocrx_word' id='word_1_76' title='bbox 1335 1017 1545 1060; x_wconf 88' lang='lat' dir='ltr'><strong>tuorum</strong></span> <span class='ocrx_word' id='word_1_77' title='bbox 1567 1001 1854 1057; x_wconf 69' lang='lat' dir='ltr'><strong>curram“.</strong></span> <span class='ocrx_word' id='word_1_78' title='bbox 1879 998 1989 1071; x_wconf 85' lang='lat' dir='ltr'><strong>(l6)</strong></span> 
     </span>
    </p>
   </div>
   <div class='ocr_carea' id='block_1_12' title="bbox 427 1093 1993 1169">
    <p class='ocr_par' dir='ltr' id='par_1_12' title="bbox 427 1093 1993 1169">
     <span class='ocr_line' id='line_1_13' title="bbox 427 1093 1993 1169; baseline -0.008 -11"><span class='ocrx_word' id='word_1_79' title='bbox 427 1106 524 1161; x_wconf 88' lang='lat' dir='ltr'><strong>Est</strong></span> <span class='ocrx_word' id='word_1_80' title='bbox 551 1113 729 1158; x_wconf 86' lang='lat' dir='ltr'><strong>autem</strong></span> <span class='ocrx_word' id='word_1_81' title='bbox 762 1111 953 1163; x_wconf 88' lang='lat' dir='ltr'><strong>stacte,</strong></span> <span class='ocrx_word' id='word_1_82' title='bbox 988 1102 1102 1154; x_wconf 87' lang='lat' dir='ltr'><strong>sive</strong></span> <span class='ocrx_word' id='word_1_83' title='bbox 1127 1108 1294 1168; x_wconf 83' lang='lat' dir='ltr'><strong>gutta,</strong></span> <span class='ocrx_word' id='word_1_84' title='bbox 1323 1098 1557 1169; x_wconf 60' lang='lat' dir='ltr'><strong>myrrhae</strong></span> <span class='ocrx_word' id='word_1_85' title='bbox 1584 1111 1754 1164; x_wconf 86' lang='lat' dir='ltr'><strong>genus</strong></span> <span class='ocrx_word' id='word_1_86' title='bbox 1787 1093 1993 1148; x_wconf 80' lang='lat' dir='ltr'><strong>tenuis-</strong></span> 
     </span>
    </p>
   </div>
   <div class='ocr_carea' id='block_1_13' title="bbox 425 1183 1990 1254">
    <p class='ocr_par' dir='ltr' id='par_1_13' title="bbox 425 1183 1990 1254">
     <span class='ocr_line' id='line_1_14' title="bbox 425 1183 1990 1254; baseline -0.008 -8"><span class='ocrx_word' id='word_1_87' title='bbox 425 1194 646 1247; x_wconf 88' lang='lat' dir='ltr'><strong>simum.</strong></span> <span class='ocrx_word' id='word_1_88' title='bbox 703 1189 834 1243; x_wconf 89' lang='lat' dir='ltr'><strong>Nam</strong></span> <span class='ocrx_word' id='word_1_89' title='bbox 867 1189 1102 1243; x_wconf 89' lang='lat' dir='ltr'><strong>contrito</strong></span> <span class='ocrx_word' id='word_1_90' title='bbox 1151 1197 1412 1251; x_wconf 84' lang='lat' dir='ltr'><strong>aromate.</strong></span> <span class='ocrx_word' id='word_1_91' title='bbox 1461 1185 1721 1254; x_wconf 87' lang='lat' dir='ltr'><strong>quidquid</strong></span> <span class='ocrx_word' id='word_1_92' title='bbox 1766 1183 1990 1237; x_wconf 85' lang='lat' dir='ltr'><strong>ﬂuidum</strong></span> 
     </span>
    </p>
   </div>
   <div class='ocr_carea' id='block_1_14' title="bbox 425 1275 1988 1350">
    <p class='ocr_par' dir='ltr' id='par_1_14' title="bbox 425 1275 1988 1350">
     <span class='ocr_line' id='line_1_15' title="bbox 425 1275 1988 1350; baseline -0.01 -10"><span class='ocrx_word' id='word_1_93' title='bbox 425 1287 479 1340; x_wconf 83' lang='lat' dir='ltr'><strong>in</strong></span> <span class='ocrx_word' id='word_1_94' title='bbox 506 1287 598 1340; x_wconf 90' lang='lat' dir='ltr'><strong>illo</strong></span> <span class='ocrx_word' id='word_1_95' title='bbox 642 1286 872 1340; x_wconf 86' lang='lat' dir='ltr'><strong>habetur</strong></span> <span class='ocrx_word' id='word_1_96' title='bbox 917 1285 970 1337; x_wconf 93' lang='lat' dir='ltr'><strong>in</strong></span> <span class='ocrx_word' id='word_1_97' title='bbox 1002 1291 1208 1337; x_wconf 87' lang='lat' dir='ltr'><strong>stacten</strong></span> <span class='ocrx_word' id='word_1_98' title='bbox 1259 1283 1371 1336; x_wconf 90' lang='lat' dir='ltr'><strong>sive</strong></span> <span class='ocrx_word' id='word_1_99' title='bbox 1421 1288 1627 1350; x_wconf 87' lang='lat' dir='ltr'><strong>guttam</strong></span> <span class='ocrx_word' id='word_1_100' title='bbox 1681 1275 1937 1328; x_wconf 73' lang='lat' dir='ltr'><strong>dividitur</strong></span> <span class='ocrx_word' id='word_1_101' title='bbox 1975 1291 1988 1325; x_wconf 93' lang='lat'>:</span> 
     </span>
    </p>
   </div>
   <div class='ocr_carea' id='block_1_15' title="bbox 425 1363 1991 1450">
    <p class='ocr_par' dir='ltr' id='par_1_15' title="bbox 425 1363 1991 1450">
     <span class='ocr_line' id='line_1_16' title="bbox 425 1363 1991 1450; baseline -0.011 -16"><span class='ocrx_word' id='word_1_102' title='bbox 425 1378 572 1450; x_wconf 90' lang='lat' dir='ltr'><strong>quod</strong></span> <span class='ocrx_word' id='word_1_103' title='bbox 609 1378 850 1432; x_wconf 85' lang='lat' dir='ltr'><strong>crassius</strong></span> <span class='ocrx_word' id='word_1_104' title='bbox 877 1377 1153 1431; x_wconf 84' lang='lat' dir='ltr'><strong>residuum</strong></span> <span class='ocrx_word' id='word_1_105' title='bbox 1188 1383 1290 1436; x_wconf 88' lang='lat' dir='ltr'><strong>est,</strong></span> <span class='ocrx_word' id='word_1_106' title='bbox 1338 1374 1556 1444; x_wconf 83' lang='lat' dir='ltr'><strong>myrrha</strong></span> <span class='ocrx_word' id='word_1_107' title='bbox 1603 1377 1844 1422; x_wconf 82' lang='lat' dir='ltr'><strong>vocatur.</strong></span> <span class='ocrx_word' id='word_1_108' title='bbox 1883 1363 1991 1418; x_wconf 88' lang='lat' dir='ltr'><strong>Ca-</strong></span> 
     </span>
    </p>
   </div>
   <div class='ocr_carea' id='block_1_16' title="bbox 426 1456 1990 1524">
    <p class='ocr_par' dir='ltr' id='par_1_16' title="bbox 426 1456 1990 1524">
     <span class='ocr_line' id='line_1_17' title="bbox 426 1456 1990 1524; baseline -0.008 -3"><span class='ocrx_word' id='word_1_109' title='bbox 426 1468 509 1522; x_wconf 89' lang='lat' dir='ltr'><strong>sia</strong></span> <span class='ocrx_word' id='word_1_110' title='bbox 550 1475 732 1521; x_wconf 85' lang='lat' dir='ltr'><strong>autem</strong></span> <span class='ocrx_word' id='word_1_111' title='bbox 778 1473 863 1521; x_wconf 87' lang='lat' dir='ltr'><strong>est</strong></span> <span class='ocrx_word' id='word_1_112' title='bbox 900 1477 1086 1519; x_wconf 83' lang='lat' dir='ltr'><strong>cortex</strong></span> <span class='ocrx_word' id='word_1_113' title='bbox 1124 1464 1502 1524; x_wconf 90' lang='lat' dir='ltr'><strong>tenuissimus,</strong></span> <span class='ocrx_word' id='word_1_114' title='bbox 1551 1456 1990 1518; x_wconf 62' lang='lat' dir='ltr'><strong>oti-oratissimus,</strong></span> 
     </span>
    </p>
   </div>
   <div class='ocr_carea' id='block_1_17' title="bbox 425 1549 1993 1628">
    <p class='ocr_par' dir='ltr' id='par_1_17' title="bbox 425 1549 1993 1628">
     <span class='ocr_line' id='line_1_18' title="bbox 425 1549 1993 1628; baseline -0.007 -14"><span class='ocrx_word' id='word_1_115' title='bbox 425 1559 522 1628; x_wconf 87' lang='lat' dir='ltr'><strong>qui</strong></span> <span class='ocrx_word' id='word_1_116' title='bbox 554 1559 763 1626; x_wconf 73' lang='lat' dir='ltr'><strong>ligneos</strong></span> <span class='ocrx_word' id='word_1_117' title='bbox 803 1558 1054 1612; x_wconf 85' lang='lat' dir='ltr'><strong>surculos</strong></span> <span class='ocrx_word' id='word_1_118' title='bbox 1092 1556 1353 1609; x_wconf 86' lang='lat' dir='ltr'><strong>obtendit.</strong></span> <span class='ocrx_word' id='word_1_119' title='bbox 1397 1555 1440 1606; x_wconf 85' lang='lat' dir='ltr'><strong><em>A</em></strong></span> <span class='ocrx_word' id='word_1_120' title='bbox 1482 1554 1722 1606; x_wconf 75' lang='lat' dir='ltr'><strong>domibus</strong></span> <span class='ocrx_word' id='word_1_121' title='bbox 1755 1549 1993 1603; x_wconf 79' lang='lat' dir='ltr'><strong>eburneis</strong></span> 
     </span>
    </p>
   </div>
   <div class='ocr_carea' id='block_1_18' title="bbox 427 1635 1995 1711">
    <p class='ocr_par' dir='ltr' id='par_1_18' title="bbox 427 1635 1995 1711">
     <span class='ocr_line' id='line_1_19' title="bbox 427 1635 1995 1711; baseline -0.005 -16"><span class='ocrx_word' id='word_1_122' title='bbox 427 1659 493 1695; x_wconf 81' lang='lat' dir='ltr'><strong>ea:</strong></span> <span class='ocrx_word' id='word_1_123' title='bbox 533 1642 718 1711; x_wconf 83' lang='lat' dir='ltr'><strong>quibus</strong></span> <span class='ocrx_word' id='word_1_124' title='bbox 749 1640 1130 1694; x_wconf 79' lang='lat' dir='ltr'><strong>delectaverunt</strong></span> <span class='ocrx_word' id='word_1_125' title='bbox 1177 1648 1245 1694; x_wconf 87' lang='lat' dir='ltr'><strong>te.</strong></span> <span class='ocrx_word' id='word_1_126' title='bbox 1277 1639 1496 1702; x_wconf 85' lang='lat' dir='ltr'><strong>Domus,</strong></span> <span class='ocrx_word' id='word_1_127' title='bbox 1529 1638 1667 1691; x_wconf 79' lang='lat' dir='ltr'><strong>aedes</strong></span> <span class='ocrx_word' id='word_1_128' title='bbox 1701 1635 1995 1705; x_wconf 84' lang='lat' dir='ltr'><strong>splendidae</strong></span> 
     </span>
    </p>
   </div>
   <div class='ocr_carea' id='block_1_19' title="bbox 429 1728 1990 1802">
    <p class='ocr_par' dir='ltr' id='par_1_19' title="bbox 429 1728 1990 1802">
     <span class='ocr_line' id='line_1_20' title="bbox 429 1728 1990 1802; baseline -0.006 -14"><span class='ocrx_word' id='word_1_129' title='bbox 429 1745 482 1788; x_wconf 88' lang='lat' dir='ltr'><strong>et</strong></span> <span class='ocrx_word' id='word_1_130' title='bbox 558 1733 840 1802; x_wconf 82' lang='lat' dir='ltr'><strong>magniﬁce</strong></span> <span class='ocrx_word' id='word_1_131' title='bbox 905 1741 1125 1786; x_wconf 75' lang='lat' dir='ltr'><strong>structae</strong></span> <span class='ocrx_word' id='word_1_132' title='bbox 1193 1739 1356 1800; x_wconf 88' lang='lat' dir='ltr'><strong>atque</strong></span> <span class='ocrx_word' id='word_1_133' title='bbox 1434 1728 1633 1798; x_wconf 88' lang='lat' dir='ltr'><strong>templa</strong></span> <span class='ocrx_word' id='word_1_134' title='bbox 1713 1728 1990 1782; x_wconf 88' lang='lat' dir='ltr'><strong>dicuntur.</strong></span> 
     </span>
    </p>
   </div>
   <div class='ocr_carea' id='block_1_20' title="bbox 2093 517 3661 598">
    <p class='ocr_par' dir='ltr' id='par_1_20' title="bbox 2093 517 3661 598">
     <span class='ocr_line' id='line_1_21' title="bbox 2093 517 3661 598; baseline -0.018 -3"><span class='ocrx_word' id='word_1_135' title='bbox 2093 517 2513 595; x_wconf 80' lang='grc' dir='ltr'>ἐϐασίλευσεν,</span> <span class='ocrx_word' id='word_1_136' title='bbox 2548 529 2910 598; x_wconf 85' lang='grc' dir='ltr'>εὐπρέπειαν</span> <span class='ocrx_word' id='word_1_137' title='bbox 2952 521 3299 582; x_wconf 80' lang='grc' dir='ltr'><strong>ἐνεδύσατο,</strong></span> <span class='ocrx_word' id='word_1_138' title='bbox 3331 517 3661 570; x_wconf 79' lang='grc' dir='ltr'><strong>ἐνεδύσατο</strong></span> 
     </span>
    </p>
   </div>
   <div class='ocr_carea' id='block_1_21' title="bbox 2096 603 3658 699">
    <p class='ocr_par' dir='ltr' id='par_1_21' title="bbox 2096 603 3658 699">
     <span class='ocr_line' id='line_1_22' title="bbox 2096 603 3658 699; baseline -0.019 -12"><span class='ocrx_word' id='word_1_139' title='bbox 2096 635 2310 699; x_wconf 81' lang='grc' dir='ltr'>Κύριος</span> <span class='ocrx_word' id='word_1_140' title='bbox 2347 627 2602 693; x_wconf 83' lang='grc' dir='ltr'>δύναμιν</span> <span class='ocrx_word' id='word_1_141' title='bbox 2645 620 2744 674; x_wconf 76' lang='grc' dir='ltr'>καὶ</span> <span class='ocrx_word' id='word_1_142' title='bbox 2793 614 3200 685; x_wconf 82' lang='grc' dir='ltr'>περιεζώσατο.</span> <span class='ocrx_word' id='word_1_143' title='bbox 3229 610 3377 679; x_wconf 74' lang='grc' dir='ltr'>Αὕτη</span> <span class='ocrx_word' id='word_1_144' title='bbox 3409 608 3473 678; x_wconf 85' lang='grc' dir='ltr'>δὴ</span> <span class='ocrx_word' id='word_1_145' title='bbox 3499 603 3590 660; x_wconf 71' lang='grc' dir='ltr'>οὖν</span> <span class='ocrx_word' id='word_1_146' title='bbox 3622 609 3658 677; x_wconf 80' lang='grc' dir='ltr'>ἡ</span> 
     </span>
    </p>
   </div>
   <div class='ocr_carea' id='block_1_22' title="bbox 2093 700 3664 790">
    <p class='ocr_par' dir='ltr' id='par_1_22' title="bbox 2093 700 3664 790">
     <span class='ocr_line' id='line_1_23' title="bbox 2093 700 3664 790; baseline -0.019 -11"><span class='ocrx_word' id='word_1_147' title='bbox 2093 726 2219 790; x_wconf 80' lang='grc' dir='ltr'>δόξα</span> <span class='ocrx_word' id='word_1_148' title='bbox 2265 719 2429 776; x_wconf 80' lang='grc' dir='ltr'>αὑτοῦ</span> <span class='ocrx_word' id='word_1_149' title='bbox 2463 717 2558 770; x_wconf 71' lang='grc' dir='ltr'>καὶ</span> <span class='ocrx_word' id='word_1_150' title='bbox 2608 715 2642 784; x_wconf 79' lang='grc' dir='ltr'>ἡ</span> <span class='ocrx_word' id='word_1_151' title='bbox 2697 707 3138 783; x_wconf 76' lang='grc' dir='ltr'><strong>μεγαλοπρέπεια</strong></span> <span class='ocrx_word' id='word_1_152' title='bbox 3189 702 3391 771; x_wconf 72' lang='grc' dir='ltr'>εὐώδης</span> <span class='ocrx_word' id='word_1_153' title='bbox 3439 700 3664 769; x_wconf 81' lang='grc' dir='ltr'>γέγονεν</span> 
     </span>
    </p>
   </div>
   <div class='ocr_carea' id='block_1_23' title="bbox 2095 789 3666 886">
    <p class='ocr_par' dir='ltr' id='par_1_23' title="bbox 2095 789 3666 886">
     <span class='ocr_line' id='line_1_24' title="bbox 2095 789 3666 886; baseline -0.018 -18"><span class='ocrx_word' id='word_1_154' title='bbox 2095 817 2246 886; x_wconf 84' lang='grc' dir='ltr'>ἡμῖν,</span> <span class='ocrx_word' id='word_1_155' title='bbox 2278 811 2372 866; x_wconf 71' lang='grc' dir='ltr'><strong>καὶ</strong></span> <span class='ocrx_word' id='word_1_156' title='bbox 2398 810 2471 872; x_wconf 81' lang='grc' dir='ltr'>ὡς</span> <span class='ocrx_word' id='word_1_157' title='bbox 2507 809 2564 859; x_wconf 80' lang='grc' dir='ltr'>ἐν</span> <span class='ocrx_word' id='word_1_158' title='bbox 2595 804 2744 870; x_wconf 81' lang='grc' dir='ltr'>τάξει</span> <span class='ocrx_word' id='word_1_159' title='bbox 2771 799 3112 870; x_wconf 83' lang='grc' dir='ltr'>Θυμιάματος</span> <span class='ocrx_word' id='word_1_160' title='bbox 3161 795 3358 856; x_wconf 83' lang='grc' dir='ltr'>παντὸς</span> <span class='ocrx_word' id='word_1_161' title='bbox 3408 791 3548 843; x_wconf 81' lang='grc' dir='ltr'>κατὰ</span> <span class='ocrx_word' id='word_1_162' title='bbox 3597 789 3666 842; x_wconf 71' lang='grc' dir='ltr'>τὸ</span> 
     </span>
    </p>
   </div>
   <div class='ocr_carea' id='block_1_24' title="bbox 2094 881 3659 974">
    <p class='ocr_par' dir='ltr' id='par_1_24' title="bbox 2094 881 3659 974">
     <span class='ocr_line' id='line_1_25' title="bbox 2094 881 3659 974; baseline -0.018 -15"><span class='ocrx_word' id='word_1_163' title='bbox 2094 881 2324 974; x_wconf 65' lang='grc' dir='ltr'>ἄλλαχοῦ</span> <span class='ocrx_word' id='word_1_164' title='bbox 2353 898 2638 970; x_wconf 77' lang='grc' dir='ltr'>εἰρημένον</span> <span class='ocrx_word' id='word_1_165' title='bbox 2658 910 2670 923; x_wconf 78' lang='grc'><strong><em>⁸</em></strong></span> <span class='ocrx_word' id='word_1_166' title='bbox 2700 895 2904 960; x_wconf 83' lang='grc' dir='ltr'>Μύρον</span> <span class='ocrx_word' id='word_1_167' title='bbox 2945 885 3274 941; x_wconf 78' lang='grc' dir='ltr'>ὲκκενωθὲν</span> <span class='ocrx_word' id='word_1_168' title='bbox 3298 881 3482 951; x_wconf 80' lang='grc' dir='ltr'>ὄνομά</span> <span class='ocrx_word' id='word_1_169' title='bbox 3505 896 3623 935; x_wconf 87' lang='grc' dir='ltr'><strong>σου</strong></span> <span class='ocrx_word' id='word_1_170' title='bbox 3643 899 3659 910; x_wconf 85' lang='grc'><strong>-</strong></span> 
     </span>
    </p>
   </div>
   <div class='ocr_carea' id='block_1_25' title="bbox 2096 973 3662 1058">
    <p class='ocr_par' dir='ltr' id='par_1_25' title="bbox 2096 973 3662 1058">
     <span class='ocr_line' id='line_1_26' title="bbox 2096 973 3662 1058; baseline -0.017 -7"><span class='ocrx_word' id='word_1_171' title='bbox 2096 999 2187 1050; x_wconf 76' lang='grc' dir='ltr'>καὶ</span> <span class='ocrx_word' id='word_1_172' title='bbox 2217 973 2299 1058; x_wconf 78' lang='grc' dir='ltr'><strong>τὸ,</strong></span> <span class='ocrx_word' id='word_1_173' title='bbox 2329 994 2372 1044; x_wconf 87' lang='grc' dir='ltr'><em>Ε</em></span> <span class='ocrx_word' id='word_1_174' title='bbox 2379 995 2432 1056; x_wconf 84' lang='grc' dir='ltr'>ὶς</span> <span class='ocrx_word' id='word_1_175' title='bbox 2465 987 2664 1058; x_wconf 77' lang='grc' dir='ltr'>ὀσμὴν</span> <span class='ocrx_word' id='word_1_176' title='bbox 2690 982 2939 1046; x_wconf 83' lang='grc' dir='ltr'><strong>εὐωδίας</strong></span> <span class='ocrx_word' id='word_1_177' title='bbox 2964 997 3076 1034; x_wconf 84' lang='grc' dir='ltr'><strong>σου</strong></span> <span class='ocrx_word' id='word_1_178' title='bbox 3100 975 3448 1045; x_wconf 80' lang='grc' dir='ltr'><strong>δραμοῦμαι.</strong></span> <span class='ocrx_word' id='word_1_179' title='bbox 3472 973 3662 1028; x_wconf 81' lang='grc' dir='ltr'>Ἔστιν</span> 
     </span>
    </p>
   </div>
   <div class='ocr_carea' id='block_1_26' title="bbox 2095 1064 3664 1158">
    <p class='ocr_par' dir='ltr' id='par_1_26' title="bbox 2095 1064 3664 1158">
     <span class='ocr_line' id='line_1_27' title="bbox 2095 1064 3664 1158; baseline -0.016 -18"><span class='ocrx_word' id='word_1_180' title='bbox 2095 1092 2127 1158; x_wconf 78' lang='grc' dir='ltr'><strong>ἡ</strong></span> <span class='ocrx_word' id='word_1_181' title='bbox 2160 1083 2364 1151; x_wconf 76' lang='grc' dir='ltr'>στακτὴ</span> <span class='ocrx_word' id='word_1_182' title='bbox 2392 1081 2636 1152; x_wconf 80' lang='grc' dir='ltr'>σμύρνης</span> <span class='ocrx_word' id='word_1_183' title='bbox 2659 1072 2796 1138; x_wconf 82' lang='grc' dir='ltr'>εἶδος</span> <span class='ocrx_word' id='word_1_184' title='bbox 2825 1072 3167 1126; x_wconf 80' lang='grc' dir='ltr'>λεπτότατον·</span> <span class='ocrx_word' id='word_1_185' title='bbox 3203 1067 3535 1128; x_wconf 78' lang='grc' dir='ltr'>ἐκθλιϐἐντος</span> <span class='ocrx_word' id='word_1_186' title='bbox 3550 1064 3664 1133; x_wconf 70' lang='grc' dir='ltr'>γὰρ</span> 
     </span>
    </p>
   </div>
   <div class='ocr_carea' id='block_1_27' title="bbox 2094 1155 3664 1248">
    <p class='ocr_par' dir='ltr' id='par_1_27' title="bbox 2094 1155 3664 1248">
     <span class='ocr_line' id='line_1_28' title="bbox 2094 1155 3664 1248; baseline -0.015 -18"><span class='ocrx_word' id='word_1_187' title='bbox 2094 1179 2186 1232; x_wconf 75' lang='grc' dir='ltr'><strong>τού</strong></span> <span class='ocrx_word' id='word_1_188' title='bbox 2217 1177 2526 1248; x_wconf 78' lang='grc' dir='ltr'>ἀριῖιματος,</span> <span class='ocrx_word' id='word_1_189' title='bbox 2562 1173 2682 1224; x_wconf 85' lang='grc' dir='ltr'>ὅσον</span> <span class='ocrx_word' id='word_1_190' title='bbox 2713 1169 2808 1238; x_wconf 86' lang='grc' dir='ltr'><strong>μὲν</strong></span> <span class='ocrx_word' id='word_1_191' title='bbox 2837 1166 2941 1236; x_wconf 82' lang='grc' dir='ltr'><strong>γὰρ</strong></span> <span class='ocrx_word' id='word_1_192' title='bbox 2959 1161 3119 1216; x_wconf 79' lang='grc' dir='ltr'>αὑτοῦ</span> <span class='ocrx_word' id='word_1_193' title='bbox 3154 1163 3309 1233; x_wconf 76' lang='grc' dir='ltr'>ῥυτὸν</span> <span class='ocrx_word' id='word_1_194' title='bbox 3335 1161 3411 1222; x_wconf 88' lang='grc' dir='ltr'>εἰς</span> <span class='ocrx_word' id='word_1_195' title='bbox 3430 1155 3664 1225; x_wconf 78' lang='grc' dir='ltr'>στακτὴν</span> 
     </span>
    </p>
   </div>
   <div class='ocr_carea' id='block_1_28' title="bbox 2093 1248 3669 1340">
    <p class='ocr_par' dir='ltr' id='par_1_28' title="bbox 2093 1248 3669 1340">
     <span class='ocr_line' id='line_1_29' title="bbox 2093 1248 3669 1340; baseline -0.015 -17"><span class='ocrx_word' id='word_1_196' title='bbox 2093 1268 2486 1340; x_wconf 75' lang='grc' dir='ltr'>ἀπομερίζεται</span> <span class='ocrx_word' id='word_1_197' title='bbox 2519 1281 2532 1293; x_wconf 94' lang='grc'><strong>·</strong></span> <span class='ocrx_word' id='word_1_198' title='bbox 2589 1262 2649 1315; x_wconf 83' lang='grc' dir='ltr'><strong>τὸ</strong></span> <span class='ocrx_word' id='word_1_199' title='bbox 2701 1260 2759 1312; x_wconf 82' lang='grc' dir='ltr'><strong>δὲ</strong></span> <span class='ocrx_word' id='word_1_200' title='bbox 2805 1257 3106 1328; x_wconf 86' lang='grc' dir='ltr'>παχύτερον</span> <span class='ocrx_word' id='word_1_201' title='bbox 3137 1251 3410 1321; x_wconf 82' lang='grc' dir='ltr'>άπομένον</span> <span class='ocrx_word' id='word_1_202' title='bbox 3450 1248 3669 1319; x_wconf 71' lang='grc' dir='ltr'>σμύρνα.</span> 
     </span>
    </p>
   </div>
   <div class='ocr_carea' id='block_1_29' title="bbox 2095 1339 3670 1434">
    <p class='ocr_par' dir='ltr' id='par_1_29' title="bbox 2095 1339 3670 1434">
     <span class='ocr_line' id='line_1_30' title="bbox 2095 1339 3670 1434; baseline -0.018 -18"><span class='ocrx_word' id='word_1_203' title='bbox 2095 1339 2584 1434; x_wconf 84' lang='grc' dir='ltr'>προσαγορεύεται.</span> <span class='ocrx_word' id='word_1_204' title='bbox 2622 1355 2685 1406; x_wconf 86' lang='grc' dir='ltr'><strong>Ἦ</strong></span> <span class='ocrx_word' id='word_1_205' title='bbox 2718 1353 2775 1404; x_wconf 84' lang='grc' dir='ltr'><strong>δὲ</strong></span> <span class='ocrx_word' id='word_1_206' title='bbox 2805 1350 2970 1403; x_wconf 81' lang='grc' dir='ltr'>κασία</span> <span class='ocrx_word' id='word_1_207' title='bbox 3001 1345 3180 1415; x_wconf 78' lang='grc' dir='ltr'>φλοιός</span> <span class='ocrx_word' id='word_1_208' title='bbox 3213 1343 3295 1405; x_wconf 87' lang='grc' dir='ltr'><strong>τίς</strong></span> <span class='ocrx_word' id='word_1_209' title='bbox 3327 1343 3442 1393; x_wconf 81' lang='grc' dir='ltr'>ἐστι</span> <span class='ocrx_word' id='word_1_210' title='bbox 3475 1339 3670 1390; x_wconf 83' lang='grc' dir='ltr'>λεπτό-</span> 
     </span>
    </p>
   </div>
   <div class='ocr_carea' id='block_1_30' title="bbox 2092 1428 3666 1515">
    <p class='ocr_par' dir='ltr' id='par_1_30' title="bbox 2092 1428 3666 1515">
     <span class='ocr_line' id='line_1_31' title="bbox 2092 1428 3666 1515; baseline -0.02 -8"><span class='ocrx_word' id='word_1_211' title='bbox 2092 1428 2252 1515; x_wconf 75' lang='grc' dir='ltr'>τατος</span> <span class='ocrx_word' id='word_1_212' title='bbox 2289 1428 2396 1503; x_wconf 69' lang='grc' dir='ltr'><strong>καὶ</strong></span> <span class='ocrx_word' id='word_1_213' title='bbox 2429 1446 2654 1513; x_wconf 77' lang='grc' dir='ltr'><strong>εὐώδης,</strong></span> <span class='ocrx_word' id='word_1_214' title='bbox 2709 1439 2914 1508; x_wconf 80' lang='grc' dir='ltr'><strong>ξυλώδη</strong></span> <span class='ocrx_word' id='word_1_215' title='bbox 2951 1438 3150 1514; x_wconf 35' lang='grc' dir='ltr'>,κάρφη</span> <span class='ocrx_word' id='word_1_216' title='bbox 3203 1428 3666 1500; x_wconf 83' lang='grc' dir='ltr'>περιτεινὸμενος.</span> 
     </span>
    </p>
   </div>
   <div class='ocr_carea' id='block_1_31' title="bbox 2107 1519 3665 1608">
    <p class='ocr_par' dir='ltr' id='par_1_31' title="bbox 2107 1519 3665 1608">
     <span class='ocr_line' id='line_1_32' title="bbox 2107 1519 3665 1608; baseline -0.019 -9"><span class='ocrx_word' id='word_1_217' title='bbox 2107 1544 2239 1599; x_wconf 85' lang='grc' dir='ltr'><strong>Ἀπὸ</strong></span> <span class='ocrx_word' id='word_1_218' title='bbox 2287 1540 2523 1608; x_wconf 75' lang='grc' dir='ltr'>,ϐάρεων</span> <span class='ocrx_word' id='word_1_219' title='bbox 2569 1533 2972 1604; x_wconf 71' lang='grc' dir='ltr'><strong>ἐλεφαντίνων</strong></span> <span class='ocrx_word' id='word_1_220' title='bbox 3007 1528 3074 1591; x_wconf 81' lang='grc' dir='ltr'><strong>ἐξ</strong></span> <span class='ocrx_word' id='word_1_221' title='bbox 3105 1521 3192 1579; x_wconf 86' lang='grc' dir='ltr'>ὧν</span> <span class='ocrx_word' id='word_1_222' title='bbox 3221 1519 3534 1592; x_wconf 57' lang='grc' dir='ltr'>ηὔφρανίίν</span> <span class='ocrx_word' id='word_1_223' title='bbox 3566 1535 3665 1572; x_wconf 88' lang='grc' dir='ltr'><strong>σε.</strong></span> 
     </span>
    </p>
   </div>
   <div class='ocr_carea' id='block_1_32' title="bbox 2095 1607 3669 1702">
    <p class='ocr_par' dir='ltr' id='par_1_32' title="bbox 2095 1607 3669 1702">
     <span class='ocr_line' id='line_1_33' title="bbox 2095 1607 3669 1702; baseline -0.021 -12"><span class='ocrx_word' id='word_1_224' title='bbox 2095 1635 2303 1702; x_wconf 82' lang='grc' dir='ltr'><strong>Βάρεις</strong></span> <span class='ocrx_word' id='word_1_225' title='bbox 2335 1631 2432 1701; x_wconf 83' lang='grc' dir='ltr'><strong>μὲν</strong></span> <span class='ocrx_word' id='word_1_226' title='bbox 2461 1630 2511 1682; x_wconf 82' lang='grc' dir='ltr'>οἱ</span> <span class='ocrx_word' id='word_1_227' title='bbox 2538 1623 2844 1684; x_wconf 82' lang='grc' dir='ltr'>πολυτελεῖς</span> <span class='ocrx_word' id='word_1_228' title='bbox 2863 1621 2956 1673; x_wconf 73' lang='grc' dir='ltr'><strong>καὶ</strong></span> <span class='ocrx_word' id='word_1_229' title='bbox 2988 1616 3251 1687; x_wconf 80' lang='grc' dir='ltr'>ἐξαίρετοι</span> <span class='ocrx_word' id='word_1_230' title='bbox 3277 1607 3434 1675; x_wconf 74' lang='grc' dir='ltr'>οἶκοι,</span> <span class='ocrx_word' id='word_1_231' title='bbox 3465 1611 3580 1678; x_wconf 76' lang='grc' dir='ltr'>ἦτοι</span> <span class='ocrx_word' id='word_1_232' title='bbox 3611 1608 3669 1660; x_wconf 71' lang='grc' dir='ltr'><strong>οἱ</strong></span> 
     </span>
    </p>
   </div>
   <div class='ocr_carea' id='block_1_33' title="bbox 2097 1698 3669 1788">
    <p class='ocr_par' dir='ltr' id='par_1_33' title="bbox 2097 1698 3669 1788">
     <span class='ocr_line' id='line_1_34' title="bbox 2097 1698 3669 1788; baseline -0.018 -10"><span class='ocrx_word' id='word_1_233' title='bbox 2097 1698 2234 1777; x_wconf 78' lang='grc' dir='ltr'>ναοί.</span> <span class='ocrx_word' id='word_1_234' title='bbox 2280 1698 2708 1788; x_wconf 57' lang='grc' dir='ltr'>’ἐλεφαντίνας</span> <span class='ocrx_word' id='word_1_235' title='bbox 2736 1713 2792 1766; x_wconf 82' lang='grc' dir='ltr'><strong>δὲ</strong></span> <span class='ocrx_word' id='word_1_236' title='bbox 2818 1712 2913 1773; x_wconf 81' lang='grc' dir='ltr'>τὰς</span> <span class='ocrx_word' id='word_1_237' title='bbox 2947 1705 3322 1776; x_wconf 81' lang='grc' dir='ltr'>ἁπεξεσμένας</span> <span class='ocrx_word' id='word_1_238' title='bbox 3363 1701 3525 1754; x_wconf 78' lang='grc' dir='ltr'>οἱονεὶ</span> <span class='ocrx_word' id='word_1_239' title='bbox 3568 1698 3669 1751; x_wconf 73' lang='grc' dir='ltr'>καὶ</span> 
     </span>
    </p>
   </div>
   <div class='ocr_carea' id='block_1_34' title="bbox 430 1789 2016 1885">
    <p class='ocr_par' dir='ltr' id='par_1_34' title="bbox 430 1817 1994 1885">
     <span class='ocr_line' id='line_1_35' title="bbox 430 1817 1994 1885; baseline -0.004 -10"><span class='ocrx_word' id='word_1_240' title='bbox 430 1823 702 1876; x_wconf 81' lang='lat' dir='ltr'><strong>Eburneas</strong></span> <span class='ocrx_word' id='word_1_241' title='bbox 750 1833 929 1876; x_wconf 90' lang='lat' dir='ltr'><strong>autem</strong></span> <span class='ocrx_word' id='word_1_242' title='bbox 986 1822 1135 1885; x_wconf 87' lang='lat' dir='ltr'><strong>dicit,</strong></span> <span class='ocrx_word' id='word_1_243' title='bbox 1184 1835 1283 1875; x_wconf 91' lang='lat' dir='ltr'><strong>ceu</strong></span> <span class='ocrx_word' id='word_1_244' title='bbox 1330 1818 1531 1872; x_wconf 75' lang='lat' dir='ltr'><strong>aﬂ‘abre</strong></span> <span class='ocrx_word' id='word_1_245' title='bbox 1579 1817 1884 1872; x_wconf 82' lang='lat' dir='ltr'><strong>elaboratas</strong></span> <span class='ocrx_word' id='word_1_246' title='bbox 1931 1829 1994 1869; x_wconf 87' lang='lat' dir='ltr'><strong>ac</strong></span> 
     </span>
    </p>
   </div>
   <div class='ocr_carea' id='block_1_35' title="bbox 2107 1789 3669 1885">
    <p class='ocr_par' dir='ltr' id='par_1_35' title="bbox 2107 1789 3669 1884">
     <span class='ocr_line' id='line_1_36' title="bbox 2107 1789 3669 1884; baseline -0.017 -16"><span class='ocrx_word' id='word_1_247' title='bbox 2107 1810 2592 1884; x_wconf 83' lang='grc' dir='ltr'>περικαλλεστάτας</span> <span class='ocrx_word' id='word_1_248' title='bbox 2641 1805 2822 1875; x_wconf 81' lang='grc' dir='ltr'>φησίν.</span> <span class='ocrx_word' id='word_1_249' title='bbox 2852 1799 3114 1860; x_wconf 83' lang='grc' dir='ltr'>Βασιλέας</span> <span class='ocrx_word' id='word_1_250' title='bbox 3145 1796 3201 1849; x_wconf 82' lang='grc' dir='ltr'>δὲ</span> <span class='ocrx_word' id='word_1_251' title='bbox 3241 1791 3496 1864; x_wconf 78' lang='grc' dir='ltr'>ὀνομάζει</span> <span class='ocrx_word' id='word_1_252' title='bbox 3537 1789 3669 1850; x_wconf 84' lang='grc' dir='ltr'>τοὺς</span> 
     </span>
    </p>
   </div>
   <div class='ocr_carea' id='block_1_36' title="bbox 428 1905 1995 1984">
    <p class='ocr_par' dir='ltr' id='par_1_36' title="bbox 428 1905 1995 1984">
     <span class='ocr_line' id='line_1_37' title="bbox 428 1905 1995 1984; baseline -0.006 -16"><span class='ocrx_word' id='word_1_253' title='bbox 428 1915 843 1984; x_wconf 85' lang='lat' dir='ltr'><strong>pulcherrimas.</strong></span> <span class='ocrx_word' id='word_1_254' title='bbox 893 1913 1066 1983; x_wconf 83' lang='lat' dir='ltr'><strong>Reges</strong></span> <span class='ocrx_word' id='word_1_255' title='bbox 1110 1920 1268 1966; x_wconf 87' lang='lat' dir='ltr'><strong>vocat</strong></span> <span class='ocrx_word' id='word_1_256' title='bbox 1313 1919 1531 1966; x_wconf 90' lang='lat' dir='ltr'><strong>sanctos</strong></span> <span class='ocrx_word' id='word_1_257' title='bbox 1578 1907 1852 1978; x_wconf 88' lang='lat' dir='ltr'><strong>apostolos</strong></span> <span class='ocrx_word' id='word_1_258' title='bbox 1900 1905 1995 1974; x_wconf 86' lang='lat' dir='ltr'><strong>qui</strong></span> 
     </span>
    </p>
   </div>
   <div class='ocr_carea' id='block_1_37' title="bbox 428 2000 1993 2071">
    <p class='ocr_par' dir='ltr' id='par_1_37' title="bbox 428 2000 1993 2071">
     <span class='ocr_line' id='line_1_38' title="bbox 428 2000 1993 2071; baseline -0.006 -13"><span class='ocrx_word' id='word_1_259' title='bbox 428 2020 537 2058; x_wconf 89' lang='lat' dir='ltr'><strong>una</strong></span> <span class='ocrx_word' id='word_1_260' title='bbox 593 2020 715 2058; x_wconf 89' lang='lat' dir='ltr'><strong>cum</strong></span> <span class='ocrx_word' id='word_1_261' title='bbox 763 2005 984 2058; x_wconf 86' lang='lat' dir='ltr'><strong>Christo</strong></span> <span class='ocrx_word' id='word_1_262' title='bbox 1043 2011 1288 2071; x_wconf 85' lang='lat' dir='ltr'><strong>regnant.</strong></span> <span class='ocrx_word' id='word_1_263' title='bbox 1353 2000 1519 2053; x_wconf 87' lang='lat' dir='ltr'><strong>Filias</strong></span> <span class='ocrx_word' id='word_1_264' title='bbox 1547 2009 1728 2052; x_wconf 88' lang='lat' dir='ltr'><strong>autem</strong></span> <span class='ocrx_word' id='word_1_265' title='bbox 1781 2013 1993 2060; x_wconf 91' lang='lat' dir='ltr'><strong>eorum,</strong></span> 
     </span>
    </p>
   </div>
   <div class='ocr_carea' id='block_1_38' title="bbox 429 2092 1996 2164">
    <p class='ocr_par' dir='ltr' id='par_1_38' title="bbox 429 2092 1996 2164">
     <span class='ocr_line' id='line_1_39' title="bbox 429 2092 1996 2164; baseline -0.004 -15"><span class='ocrx_word' id='word_1_266' title='bbox 429 2099 639 2151; x_wconf 86' lang='lat' dir='ltr'><strong>animas</strong></span> <span class='ocrx_word' id='word_1_267' title='bbox 687 2111 808 2164; x_wconf 71' lang='lat' dir='ltr'><strong>qua:</strong></span> <span class='ocrx_word' id='word_1_268' title='bbox 860 2096 1102 2164; x_wconf 89' lang='lat' dir='ltr'><strong>ipsorum</strong></span> <span class='ocrx_word' id='word_1_269' title='bbox 1153 2110 1313 2164; x_wconf 86' lang='lat' dir='ltr'><strong>opera</strong></span> <span class='ocrx_word' id='word_1_270' title='bbox 1364 2095 1428 2147; x_wconf 91' lang='lat' dir='ltr'><strong>ad</strong></span> <span class='ocrx_word' id='word_1_271' title='bbox 1481 2092 1573 2145; x_wconf 89' lang='lat' dir='ltr'><strong>Dei</strong></span> <span class='ocrx_word' id='word_1_272' title='bbox 1632 2092 1996 2160; x_wconf 82' lang='lat' dir='ltr'><strong>cognitionem</strong></span> 
     </span>
    </p>
   </div>
   <div class='ocr_carea' id='block_1_39' title="bbox 430 2183 1998 2255">
    <p class='ocr_par' dir='ltr' id='par_1_39' title="bbox 430 2183 1998 2255">
     <span class='ocr_line' id='line_1_40' title="bbox 430 2183 1998 2255; baseline -0.004 -13"><span class='ocrx_word' id='word_1_273' title='bbox 430 2199 756 2255; x_wconf 68' lang='lat' dir='ltr'><strong>regenerata:</strong></span> <span class='ocrx_word' id='word_1_274' title='bbox 787 2197 934 2252; x_wconf 88' lang='lat' dir='ltr'><strong>sunt,</strong></span> <span class='ocrx_word' id='word_1_275' title='bbox 970 2203 1090 2255; x_wconf 68' lang='lat' dir='ltr'><strong>qum</strong></span> <span class='ocrx_word' id='word_1_276' title='bbox 1121 2188 1283 2240; x_wconf 87' lang='lat' dir='ltr'><strong>corda</strong></span> <span class='ocrx_word' id='word_1_277' title='bbox 1316 2203 1413 2240; x_wconf 89' lang='lat' dir='ltr'><strong>sua</strong></span> <span class='ocrx_word' id='word_1_278' title='bbox 1457 2187 1507 2239; x_wconf 93' lang='lat' dir='ltr'><strong>in</strong></span> <span class='ocrx_word' id='word_1_279' title='bbox 1537 2186 1731 2253; x_wconf 88' lang='lat' dir='ltr'><strong>templa</strong></span> <span class='ocrx_word' id='word_1_280' title='bbox 1769 2183 1998 2237; x_wconf 85' lang='lat' dir='ltr'><strong>concin-</strong></span> 
     </span>
    </p>
   </div>
   <div class='ocr_carea' id='block_1_40' title="bbox 431 2276 2000 2346">
    <p class='ocr_par' dir='ltr' id='par_1_40' title="bbox 431 2276 2000 2346">
     <span class='ocr_line' id='line_1_41' title="bbox 431 2276 2000 2346; baseline -0.004 -12"><span class='ocrx_word' id='word_1_281' title='bbox 431 2290 566 2334; x_wconf 86' lang='lat' dir='ltr'><strong>nant</strong></span> <span class='ocrx_word' id='word_1_282' title='bbox 593 2279 941 2334; x_wconf 87' lang='lat' dir='ltr'><strong>ornatissima</strong></span> <span class='ocrx_word' id='word_1_283' title='bbox 985 2280 1039 2331; x_wconf 94' lang='lat' dir='ltr'><strong>in</strong></span> <span class='ocrx_word' id='word_1_284' title='bbox 1084 2279 1178 2332; x_wconf 85' lang='lat' dir='ltr'><strong>Dei</strong></span> <span class='ocrx_word' id='word_1_285' title='bbox 1217 2279 1502 2338; x_wconf 86' lang='lat' dir='ltr'><strong>honorem,</strong></span> <span class='ocrx_word' id='word_1_286' title='bbox 1540 2286 1700 2346; x_wconf 87' lang='lat' dir='ltr'><strong>atque</strong></span> <span class='ocrx_word' id='word_1_287' title='bbox 1731 2276 2000 2330; x_wconf 87' lang='lat' dir='ltr'><strong>delectant</strong></span> 
     </span>
    </p>
   </div>
   <div class='ocr_carea' id='block_1_41' title="bbox 431 2367 1998 2442">
    <p class='ocr_par' dir='ltr' id='par_1_41' title="bbox 431 2367 1998 2442">
     <span class='ocr_line' id='line_1_42' title="bbox 431 2367 1998 2442; baseline -0.004 -16"><span class='ocrx_word' id='word_1_288' title='bbox 431 2372 632 2441; x_wconf 88' lang='lat' dir='ltr'><strong>ipsum.</strong></span> <span class='ocrx_word' id='word_1_289' title='bbox 660 2370 892 2425; x_wconf 88' lang='lat' dir='ltr'><strong>Perinde</strong></span> <span class='ocrx_word' id='word_1_290' title='bbox 917 2370 1082 2442; x_wconf 84' lang='lat' dir='ltr'><strong>igitur</strong></span> <span class='ocrx_word' id='word_1_291' title='bbox 1124 2378 1206 2425; x_wconf 92' lang='lat' dir='ltr'><strong>est</strong></span> <span class='ocrx_word' id='word_1_292' title='bbox 1228 2385 1292 2424; x_wconf 92' lang='lat' dir='ltr'><strong>ac</strong></span> <span class='ocrx_word' id='word_1_293' title='bbox 1323 2369 1369 2424; x_wconf 90' lang='lat' dir='ltr'><strong>si</strong></span> <span class='ocrx_word' id='word_1_294' title='bbox 1404 2370 1646 2423; x_wconf 87' lang='lat' dir='ltr'><strong>diceret:</strong></span> <span class='ocrx_word' id='word_1_295' title='bbox 1684 2367 1998 2421; x_wconf 87' lang='lat' dir='ltr'><strong>Delectabe-</strong></span> 
     </span>
    </p>
   </div>
   <div class='ocr_carea' id='block_1_42' title="bbox 431 2454 1999 2527">
    <p class='ocr_par' dir='ltr' id='par_1_42' title="bbox 431 2454 1999 2527">
     <span class='ocr_line' id='line_1_43' title="bbox 431 2454 1999 2527; baseline -0.007 -11"><span class='ocrx_word' id='word_1_296' title='bbox 431 2463 529 2527; x_wconf 88' lang='lat' dir='ltr'><strong>ris,</strong></span> <span class='ocrx_word' id='word_1_297' title='bbox 561 2475 594 2515; x_wconf 91' lang='grc' dir='ltr'><strong>ο</strong></span> <span class='ocrx_word' id='word_1_298' title='bbox 629 2461 873 2526; x_wconf 91' lang='lat' dir='ltr'><strong>Domine,</strong></span> <span class='ocrx_word' id='word_1_299' title='bbox 913 2475 944 2513; x_wconf 91' lang='lat' dir='ltr'><strong>a</strong></span> <span class='ocrx_word' id='word_1_300' title='bbox 971 2459 1222 2513; x_wconf 87' lang='lat' dir='ltr'><strong>domibus</strong></span> <span class='ocrx_word' id='word_1_301' title='bbox 1261 2457 1535 2519; x_wconf 87' lang='lat' dir='ltr'><strong>eburneis,</strong></span> <span class='ocrx_word' id='word_1_302' title='bbox 1568 2471 1704 2526; x_wconf 87' lang='lat' dir='ltr'><strong>quas</strong></span> <span class='ocrx_word' id='word_1_303' title='bbox 1734 2455 1786 2507; x_wconf 92' lang='lat' dir='ltr'><strong>in</strong></span> <span class='ocrx_word' id='word_1_304' title='bbox 1826 2454 1999 2506; x_wconf 91' lang='lat' dir='ltr'><strong>hono-</strong></span> 
     </span>
    </p>
   </div>
   <div class='ocr_carea' id='block_1_43' title="bbox 433 2546 1998 2621">
    <p class='ocr_par' dir='ltr' id='par_1_43' title="bbox 433 2546 1998 2621">
     <span class='ocr_line' id='line_1_44' title="bbox 433 2546 1998 2621; baseline -0.007 -14"><span class='ocrx_word' id='word_1_305' title='bbox 433 2568 546 2607; x_wconf 85' lang='lat' dir='ltr'><strong>rem</strong></span> <span class='ocrx_word' id='word_1_306' title='bbox 579 2562 731 2607; x_wconf 90' lang='lat' dir='ltr'><strong>tuum</strong></span> <span class='ocrx_word' id='word_1_307' title='bbox 781 2553 905 2608; x_wconf 69' lang='lat' dir='ltr'><strong>ﬁlia:</strong></span> <span class='ocrx_word' id='word_1_308' title='bbox 948 2567 1141 2621; x_wconf 84' lang='lat' dir='ltr'><strong>regum</strong></span> <span class='ocrx_word' id='word_1_309' title='bbox 1184 2551 1545 2604; x_wconf 85' lang='lat' dir='ltr'><strong>adornarunt.</strong></span> <span class='ocrx_word' id='word_1_310' title='bbox 1589 2547 1770 2600; x_wconf 82' lang='lat' dir='ltr'><strong>Astitit</strong></span> <span class='ocrx_word' id='word_1_311' title='bbox 1816 2546 1998 2614; x_wconf 81' lang='lat' dir='ltr'><strong>regina</strong></span> 
     </span>
    </p>
   </div>
   <div class='ocr_carea' id='block_1_44' title="bbox 430 2636 1997 2706">
    <p class='ocr_par' dir='ltr' id='par_1_44' title="bbox 430 2636 1997 2706">
     <span class='ocr_line' id='line_1_45' title="bbox 430 2636 1997 2706; baseline -0.006 -10"><span class='ocrx_word' id='word_1_312' title='bbox 430 2659 464 2696; x_wconf 79' lang='grc' dir='ltr'><strong>α</strong></span> <span class='ocrx_word' id='word_1_313' title='bbox 489 2643 689 2695; x_wconf 70' lang='lat' dir='ltr'><strong>dextris</strong></span> <span class='ocrx_word' id='word_1_314' title='bbox 725 2645 828 2695; x_wconf 86' lang='lat' dir='ltr'><strong>tuis</strong></span> <span class='ocrx_word' id='word_1_315' title='bbox 864 2643 920 2695; x_wconf 89' lang='lat' dir='ltr'><strong>in</strong></span> <span class='ocrx_word' id='word_1_316' title='bbox 969 2643 1157 2695; x_wconf 85' lang='lat' dir='ltr'><strong>vestitu</strong></span> <span class='ocrx_word' id='word_1_317' title='bbox 1199 2641 1474 2693; x_wconf 89' lang='lat' dir='ltr'><strong>deaurato.</strong></span> <span class='ocrx_word' id='word_1_318' title='bbox 1526 2637 1730 2706; x_wconf 80' lang='lat' dir='ltr'><strong>Regina</strong></span> <span class='ocrx_word' id='word_1_319' title='bbox 1780 2636 1997 2704; x_wconf 83' lang='lat' dir='ltr'><strong>quidem</strong></span> 
     </span>
    </p>
   </div>
   <div class='ocr_carea' id='block_1_45' title="bbox 433 2727 2003 2803">
    <p class='ocr_par' dir='ltr' id='par_1_45' title="bbox 433 2727 2003 2803">
     <span class='ocr_line' id='line_1_46' title="bbox 433 2727 2003 2803; baseline -0.004 -15"><span class='ocrx_word' id='word_1_320' title='bbox 433 2734 678 2788; x_wconf 86' lang='lat' dir='ltr'><strong>Ecclesia</strong></span> <span class='ocrx_word' id='word_1_321' title='bbox 706 2743 809 2801; x_wconf 89' lang='lat' dir='ltr'><strong>est,</strong></span> <span class='ocrx_word' id='word_1_322' title='bbox 850 2743 1038 2803; x_wconf 88' lang='lat' dir='ltr'><strong>utpote</strong></span> <span class='ocrx_word' id='word_1_323' title='bbox 1071 2734 1182 2803; x_wconf 87' lang='lat' dir='ltr'><strong>regi</strong></span> <span class='ocrx_word' id='word_1_324' title='bbox 1215 2749 1412 2802; x_wconf 87' lang='lat' dir='ltr'><strong>magno</strong></span> <span class='ocrx_word' id='word_1_325' title='bbox 1444 2733 1790 2800; x_wconf 84' lang='lat' dir='ltr'><strong>desponsata.</strong></span> <span class='ocrx_word' id='word_1_326' title='bbox 1823 2727 2003 2782; x_wconf 89' lang='lat' dir='ltr'><strong>Collo-</strong></span> 
     </span>
    </p>
   </div>
   <div class='ocr_carea' id='block_1_46' title="bbox 433 2823 2001 2892">
    <p class='ocr_par' dir='ltr' id='par_1_46' title="bbox 433 2823 2001 2892">
     <span class='ocr_line' id='line_1_47' title="bbox 433 2823 2001 2892; baseline -0.004 -12"><span class='ocrx_word' id='word_1_327' title='bbox 433 2827 578 2881; x_wconf 87' lang='lat' dir='ltr'><strong>catio</strong></span> <span class='ocrx_word' id='word_1_328' title='bbox 625 2835 806 2880; x_wconf 86' lang='lat' dir='ltr'><strong>autem</strong></span> <span class='ocrx_word' id='word_1_329' title='bbox 861 2841 892 2880; x_wconf 92' lang='lat' dir='ltr'><strong>a</strong></span> <span class='ocrx_word' id='word_1_330' title='bbox 942 2826 1173 2889; x_wconf 85' lang='lat' dir='ltr'><strong>dextris,</strong></span> <span class='ocrx_word' id='word_1_331' title='bbox 1235 2826 1496 2878; x_wconf 79' lang='lat' dir='ltr'><strong>honorem</strong></span> <span class='ocrx_word' id='word_1_332' title='bbox 1566 2823 1836 2892; x_wconf 76' lang='lat' dir='ltr'><strong>signiﬁcat</strong></span> <span class='ocrx_word' id='word_1_333' title='bbox 1891 2835 2001 2888; x_wconf 93' lang='lat' dir='ltr'><strong>quo</strong></span> 
     </span>
    </p>
   </div>
   <div class='ocr_carea' id='block_1_47' title="bbox 432 2911 2001 2981">
    <p class='ocr_par' dir='ltr' id='par_1_47' title="bbox 432 2911 2001 2981">
     <span class='ocr_line' id='line_1_48' title="bbox 432 2911 2001 2981; baseline -0.004 -10"><span class='ocrx_word' id='word_1_334' title='bbox 432 2916 646 2972; x_wconf 72' lang='lat' dir='ltr'><strong>fruetur</strong></span> <span class='ocrx_word' id='word_1_335' title='bbox 679 2918 732 2970; x_wconf 91' lang='lat' dir='ltr'><strong>in</strong></span> <span class='ocrx_word' id='word_1_336' title='bbox 760 2916 948 2971; x_wconf 80' lang='lat' dir='ltr'><strong>futuro</strong></span> <span class='ocrx_word' id='word_1_337' title='bbox 976 2919 1194 2971; x_wconf 83' lang='lat' dir='ltr'><strong>saeculo.</strong></span> <span class='ocrx_word' id='word_1_338' title='bbox 1234 2914 1475 2970; x_wconf 79' lang='lat' dir='ltr'><strong>Vestitus</strong></span> <span class='ocrx_word' id='word_1_339' title='bbox 1503 2925 1684 2967; x_wconf 90' lang='lat' dir='ltr'><strong>autem</strong></span> <span class='ocrx_word' id='word_1_340' title='bbox 1732 2911 2001 2981; x_wconf 89' lang='lat' dir='ltr'><strong>pretiosus</strong></span> 
     </span>
    </p>
   </div>
   <div class='ocr_carea' id='block_1_48' title="bbox 434 3000 2002 3075">
    <p class='ocr_par' dir='ltr' id='par_1_48' title="bbox 434 3000 2002 3075">
     <span class='ocr_line' id='line_1_49' title="bbox 434 3000 2002 3075; baseline -0.006 -15"><span class='ocrx_word' id='word_1_341' title='bbox 434 3019 584 3071; x_wconf 86' lang='lat' dir='ltr'><strong>sunt,</strong></span> <span class='ocrx_word' id='word_1_342' title='bbox 629 3005 781 3072; x_wconf 84' lang='lat' dir='ltr'><strong>ﬁdes,</strong></span> <span class='ocrx_word' id='word_1_343' title='bbox 824 3021 970 3075; x_wconf 88' lang='lat' dir='ltr'><strong>spes,</strong></span> <span class='ocrx_word' id='word_1_344' title='bbox 1019 3005 1277 3060; x_wconf 81' lang='lat' dir='ltr'><strong>Charitas.</strong></span> <span class='ocrx_word' id='word_1_345' title='bbox 1316 3005 1418 3058; x_wconf 91' lang='lat' dir='ltr'><strong>Sed</strong></span> <span class='ocrx_word' id='word_1_346' title='bbox 1471 3013 1524 3056; x_wconf 88' lang='lat' dir='ltr'><strong>et</strong></span> <span class='ocrx_word' id='word_1_347' title='bbox 1573 3003 1717 3056; x_wconf 86' lang='lat' dir='ltr'><strong>aliud</strong></span> <span class='ocrx_word' id='word_1_348' title='bbox 1765 3000 2002 3069; x_wconf 89' lang='lat' dir='ltr'><strong>splendi-</strong></span> 
     </span>
    </p>
   </div>
   <div class='ocr_carea' id='block_1_49' title="bbox 433 3091 1998 3165">
    <p class='ocr_par' dir='ltr' id='par_1_49' title="bbox 433 3091 1998 3165">
     <span class='ocr_line' id='line_1_50' title="bbox 433 3091 1998 3165; baseline -0.006 -12"><span class='ocrx_word' id='word_1_349' title='bbox 433 3097 558 3153; x_wconf 92' lang='lat' dir='ltr'><strong>dius</strong></span> <span class='ocrx_word' id='word_1_350' title='bbox 593 3097 973 3152; x_wconf 85' lang='lat' dir='ltr'><strong>vestimentum</strong></span> <span class='ocrx_word' id='word_1_351' title='bbox 1005 3097 1188 3159; x_wconf 88' lang='lat' dir='ltr'><strong>habet,</strong></span> <span class='ocrx_word' id='word_1_352' title='bbox 1233 3097 1411 3165; x_wconf 89' lang='lat' dir='ltr'><strong>ipsum</strong></span> <span class='ocrx_word' id='word_1_353' title='bbox 1454 3095 1660 3149; x_wconf 86' lang='lat' dir='ltr'><strong>scilicet</strong></span> <span class='ocrx_word' id='word_1_354' title='bbox 1701 3091 1998 3146; x_wconf 82' lang='lat' dir='ltr'><strong>Christum.</strong></span> 
     </span>
    </p>
   </div>
   <div class='ocr_carea' id='block_1_50' title="bbox 436 3184 2002 3260">
    <p class='ocr_par' dir='ltr' id='par_1_50' title="bbox 436 3184 2002 3260">
     <span class='ocr_line' id='line_1_51' title="bbox 436 3184 2002 3260; baseline -0.003 -17"><span class='ocrx_word' id='word_1_355' title='bbox 436 3189 745 3260; x_wconf 84' lang='lat' dir='ltr'><strong>Quicunque</strong></span> <span class='ocrx_word' id='word_1_356' title='bbox 782 3190 950 3256; x_wconf 85' lang='lat' dir='ltr'><strong>enim,</strong></span> <span class='ocrx_word' id='word_1_357' title='bbox 1005 3189 1099 3252; x_wconf 87' lang='lat' dir='ltr'><strong>ait,</strong></span> <span class='ocrx_word' id='word_1_358' title='bbox 1131 3191 1183 3243; x_wconf 89' lang='lat' dir='ltr'><strong>in</strong></span> <span class='ocrx_word' id='word_1_359' title='bbox 1231 3188 1516 3244; x_wconf 60' lang='lat' dir='ltr'><strong>Christum»</strong></span> <span class='ocrx_word' id='word_1_360' title='bbox 1554 3184 2002 3253; x_wconf 72' lang='lat' dir='ltr'><strong>baptizati.estis,</strong></span> 
     </span>
    </p>
   </div>
   <div class='ocr_carea' id='block_1_51' title="bbox 437 3281 1088 3336">
    <p class='ocr_par' dir='ltr' id='par_1_51' title="bbox 437 3281 1088 3336">
     <span class='ocr_line' id='line_1_52' title="bbox 437 3281 1088 3336; baseline -0.002 -1"><span class='ocrx_word' id='word_1_361' title='bbox 437 3281 706 3336; x_wconf 80' lang='lat' dir='ltr'><strong>Christum</strong></span> <span class='ocrx_word' id='word_1_362' title='bbox 736 3282 984 3335; x_wconf 83' lang='lat' dir='ltr'><strong>induistis</strong></span> <span class='ocrx_word' id='word_1_363' title='bbox 1022 3282 1088 3334; x_wconf 82' lang='lat'><strong>&quot;.</strong></span> 
     </span>
    </p>
   </div>
   <div class='ocr_carea' id='block_1_52' title="bbox 510 3366 2008 3439">
    <p class='ocr_par' dir='ltr' id='par_1_52' title="bbox 510 3366 2008 3439">
     <span class='ocr_line' id='line_1_53' title="bbox 510 3366 2008 3439; baseline -0.003 -15"><span class='ocrx_word' id='word_1_364' title='bbox 510 3372 595 3425; x_wconf 81' lang='lat' dir='ltr'><strong>ll.</strong></span> <span class='ocrx_word' id='word_1_365' title='bbox 636 3371 799 3437; x_wconf 83' lang='lat' dir='ltr'><strong>Audi,</strong></span> <span class='ocrx_word' id='word_1_366' title='bbox 849 3370 985 3439; x_wconf 83' lang='lat' dir='ltr'><strong>ﬁlia,</strong></span> <span class='ocrx_word' id='word_1_367' title='bbox 1028 3381 1078 3424; x_wconf 88' lang='lat' dir='ltr'><strong>et</strong></span> <span class='ocrx_word' id='word_1_368' title='bbox 1125 3371 1260 3425; x_wconf 84' lang='lat' dir='ltr'><strong>vide.</strong></span> <span class='ocrx_word' id='word_1_369' title='bbox 1325 3369 1533 3424; x_wconf 79' lang='lat' dir='ltr'><strong>Rursus</strong></span> <span class='ocrx_word' id='word_1_370' title='bbox 1576 3384 1674 3422; x_wconf 89' lang='lat' dir='ltr'><strong>ceu</strong></span> <span class='ocrx_word' id='word_1_371' title='bbox 1722 3367 1789 3420; x_wconf 91' lang='lat' dir='ltr'><strong>ad</strong></span> <span class='ocrx_word' id='word_1_372' title='bbox 1824 3366 2008 3420; x_wconf 82' lang='lat' dir='ltr'><strong>Eccle-</strong></span> 
     </span>
    </p>
   </div>
   <div class='ocr_carea' id='block_1_53' title="bbox 439 3459 2008 3528">
    <p class='ocr_par' dir='ltr' id='par_1_53' title="bbox 439 3459 2008 3528">
     <span class='ocr_line' id='line_1_54' title="bbox 439 3459 2008 3528; baseline -0.006 -12"><span class='ocrx_word' id='word_1_373' title='bbox 439 3464 577 3516; x_wconf 86' lang='lat' dir='ltr'><strong>siam</strong></span> <span class='ocrx_word' id='word_1_374' title='bbox 629 3475 811 3516; x_wconf 85' lang='lat' dir='ltr'><strong>sermo</strong></span> <span class='ocrx_word' id='word_1_375' title='bbox 858 3471 962 3516; x_wconf 88' lang='lat' dir='ltr'><strong>est.</strong></span> <span class='ocrx_word' id='word_1_376' title='bbox 1002 3460 1071 3518; x_wconf 82' lang='lat' dir='ltr'><strong>Et</strong></span> <span class='ocrx_word' id='word_1_377' title='bbox 1120 3460 1420 3514; x_wconf 81' lang='lat' dir='ltr'><strong>obliviscere</strong></span> <span class='ocrx_word' id='word_1_378' title='bbox 1469 3459 1721 3528; x_wconf 86' lang='lat' dir='ltr'><strong>populum</strong></span> <span class='ocrx_word' id='word_1_379' title='bbox 1782 3471 1928 3510; x_wconf 87' lang='lat' dir='ltr'><strong>tuum</strong></span> <span class='ocrx_word' id='word_1_380' title='bbox 1957 3463 2008 3507; x_wconf 86' lang='lat' dir='ltr'><strong>et</strong></span> 
     </span>
    </p>
   </div>
   <div class='ocr_carea' id='block_1_54' title="bbox 438 3549 2006 3622">
    <p class='ocr_par' dir='ltr' id='par_1_54' title="bbox 438 3549 2006 3622">
     <span class='ocr_line' id='line_1_55' title="bbox 438 3549 2006 3622; baseline -0.003 -16"><span class='ocrx_word' id='word_1_381' title='bbox 438 3555 652 3606; x_wconf 86' lang='lat' dir='ltr'><strong>domum</strong></span> <span class='ocrx_word' id='word_1_382' title='bbox 683 3553 852 3622; x_wconf 89' lang='lat' dir='ltr'><strong>patris</strong></span> <span class='ocrx_word' id='word_1_383' title='bbox 902 3554 998 3605; x_wconf 88' lang='lat' dir='ltr'><strong>tui.</strong></span> <span class='ocrx_word' id='word_1_384' title='bbox 1050 3551 1220 3606; x_wconf 85' lang='lat' dir='ltr'><strong>Nemo</strong></span> <span class='ocrx_word' id='word_1_385' title='bbox 1256 3552 1456 3622; x_wconf 90' lang='lat' dir='ltr'><strong>quippe</strong></span> <span class='ocrx_word' id='word_1_386' title='bbox 1491 3567 1663 3621; x_wconf 89' lang='lat' dir='ltr'><strong>purus</strong></span> <span class='ocrx_word' id='word_1_387' title='bbox 1704 3552 1770 3604; x_wconf 86' lang='lat' dir='ltr'><strong>ad</strong></span> <span class='ocrx_word' id='word_1_388' title='bbox 1804 3549 2006 3604; x_wconf 89' lang='lat' dir='ltr'><strong>Christi</strong></span> 
     </span>
    </p>
   </div>
   <div class='ocr_carea' id='block_1_55' title="bbox 439 3643 2005 3713">
    <p class='ocr_par' dir='ltr' id='par_1_55' title="bbox 439 3643 2005 3713">
     <span class='ocr_line' id='line_1_56' title="bbox 439 3643 2005 3713; baseline -0.004 -14"><span class='ocrx_word' id='word_1_389' title='bbox 439 3644 599 3699; x_wconf 81' lang='lat' dir='ltr'><strong>tidem</strong></span> <span class='ocrx_word' id='word_1_390' title='bbox 649 3644 880 3708; x_wconf 89' lang='lat' dir='ltr'><strong>accedit,</strong></span> <span class='ocrx_word' id='word_1_391' title='bbox 927 3644 1032 3699; x_wconf 87' lang='lat' dir='ltr'><strong>nisi</strong></span> <span class='ocrx_word' id='word_1_392' title='bbox 1067 3643 1460 3713; x_wconf 75' lang='lat' dir='ltr'><strong>praeteritorum</strong></span> <span class='ocrx_word' id='word_1_393' title='bbox 1493 3644 1764 3697; x_wconf 89' lang='lat' dir='ltr'><strong>malorum</strong></span> <span class='ocrx_word' id='word_1_394' title='bbox 1798 3654 2005 3695; x_wconf 89' lang='lat' dir='ltr'><strong>memo-</strong></span> 
     </span>
    </p>
   </div>
   <div class='ocr_carea' id='block_1_56' title="bbox 439 3727 2005 3801">
    <p class='ocr_par' dir='ltr' id='par_1_56' title="bbox 439 3727 2005 3801">
     <span class='ocr_line' id='line_1_57' title="bbox 439 3727 2005 3801; baseline -0.006 -13"><span class='ocrx_word' id='word_1_395' title='bbox 439 3736 577 3789; x_wconf 86' lang='lat' dir='ltr'><strong>riam</strong></span> <span class='ocrx_word' id='word_1_396' title='bbox 602 3734 826 3789; x_wconf 89' lang='lat' dir='ltr'><strong>omnino</strong></span> <span class='ocrx_word' id='word_1_397' title='bbox 854 3733 1086 3788; x_wconf 89' lang='lat' dir='ltr'><strong>aboleat.</strong></span> <span class='ocrx_word' id='word_1_398' title='bbox 1124 3732 1366 3801; x_wconf 87' lang='lat' dir='ltr'><strong>Populus</strong></span> <span class='ocrx_word' id='word_1_399' title='bbox 1389 3741 1568 3786; x_wconf 90' lang='lat' dir='ltr'><strong>autem</strong></span> <span class='ocrx_word' id='word_1_400' title='bbox 1601 3729 1857 3785; x_wconf 74' lang='lat' dir='ltr'><strong>Ecclesia:</strong></span> <span class='ocrx_word' id='word_1_401' title='bbox 1877 3727 2005 3782; x_wconf 92' lang='lat' dir='ltr'><strong>olim</strong></span> 
     </span>
    </p>
   </div>
   <div class='ocr_carea' id='block_1_57' title="bbox 438 3822 2006 3893">
    <p class='ocr_par' dir='ltr' id='par_1_57' title="bbox 438 3822 2006 3893">
     <span class='ocr_line' id='line_1_58' title="bbox 438 3822 2006 3893; baseline -0.006 -11"><span class='ocrx_word' id='word_1_402' title='bbox 438 3839 595 3882; x_wconf 86' lang='lat' dir='ltr'><strong>erant</strong></span> <span class='ocrx_word' id='word_1_403' title='bbox 641 3827 962 3882; x_wconf 71' lang='lat' dir='ltr'><strong>idololatrze.</strong></span> <span class='ocrx_word' id='word_1_404' title='bbox 1015 3825 1221 3880; x_wconf 86' lang='lat' dir='ltr'><strong>Domus</strong></span> <span class='ocrx_word' id='word_1_405' title='bbox 1279 3835 1459 3879; x_wconf 90' lang='lat' dir='ltr'><strong>autem</strong></span> <span class='ocrx_word' id='word_1_406' title='bbox 1515 3825 1690 3893; x_wconf 84' lang='lat' dir='ltr'><strong>patris</strong></span> <span class='ocrx_word' id='word_1_407' title='bbox 1739 3822 1856 3891; x_wconf 88' lang='lat' dir='ltr'><strong>ejus</strong></span> <span class='ocrx_word' id='word_1_408' title='bbox 1915 3835 2006 3874; x_wconf 84' lang='lat' dir='ltr'><strong>sa-</strong></span> 
     </span>
    </p>
   </div>
   <div class='ocr_carea' id='block_1_58' title="bbox 438 3913 2009 3991">
    <p class='ocr_par' dir='ltr' id='par_1_58' title="bbox 438 3913 2009 3991">
     <span class='ocr_line' id='line_1_59' title="bbox 438 3913 2009 3991; baseline -0.005 -18"><span class='ocrx_word' id='word_1_409' title='bbox 438 3920 648 3991; x_wconf 90' lang='lat' dir='ltr'><strong>pientes</strong></span> <span class='ocrx_word' id='word_1_410' title='bbox 676 3919 881 3982; x_wconf 73' lang='lat' dir='ltr'><strong>saeculi,</strong></span> <span class='ocrx_word' id='word_1_411' title='bbox 928 3919 983 3972; x_wconf 91' lang='lat' dir='ltr'><strong>iu</strong></span> <span class='ocrx_word' id='word_1_412' title='bbox 1035 3918 1234 3987; x_wconf 91' lang='lat' dir='ltr'><strong>quibus</strong></span> <span class='ocrx_word' id='word_1_413' title='bbox 1267 3918 1424 3987; x_wconf 84' lang='lat' dir='ltr'><strong>quasi</strong></span> <span class='ocrx_word' id='word_1_414' title='bbox 1463 3917 1519 3969; x_wconf 91' lang='lat' dir='ltr'><strong>in</strong></span> <span class='ocrx_word' id='word_1_415' title='bbox 1549 3917 1712 3970; x_wconf 89' lang='lat' dir='ltr'><strong>domo</strong></span> <span class='ocrx_word' id='word_1_416' title='bbox 1745 3913 2009 3968; x_wconf 83' lang='lat' dir='ltr'><strong>inhabitat</strong></span> 
     </span>
    </p>
   </div>
   <div class='ocr_carea' id='block_1_59' title="bbox 440 4003 2007 4082">
    <p class='ocr_par' dir='ltr' id='par_1_59' title="bbox 440 4003 2007 4082">
     <span class='ocr_line' id='line_1_60' title="bbox 440 4003 2007 4082; baseline -0.005 -17"><span class='ocrx_word' id='word_1_417' title='bbox 440 4011 694 4067; x_wconf 80' lang='lat' dir='ltr'><strong>Satanas.</strong></span> <span class='ocrx_word' id='word_1_418' title='bbox 730 4011 798 4066; x_wconf 89' lang='lat' dir='ltr'><strong>Et</strong></span> <span class='ocrx_word' id='word_1_419' title='bbox 838 4011 952 4080; x_wconf 73' lang='lat' dir='ltr'><strong>filia</strong></span> <span class='ocrx_word' id='word_1_420' title='bbox 987 4011 1112 4082; x_wconf 83' lang='lat' dir='ltr'><strong>Tyri</strong></span> <span class='ocrx_word' id='word_1_421' title='bbox 1158 4012 1213 4064; x_wconf 87' lang='lat' dir='ltr'><strong>in</strong></span> <span class='ocrx_word' id='word_1_422' title='bbox 1254 4010 1579 4063; x_wconf 87' lang='lat' dir='ltr'><strong>muneribus.</strong></span> <span class='ocrx_word' id='word_1_423' title='bbox 1629 4006 1712 4061; x_wconf 84' lang='lat' dir='ltr'><strong>Ab</strong></span> <span class='ocrx_word' id='word_1_424' title='bbox 1757 4021 1860 4060; x_wconf 90' lang='lat' dir='ltr'><strong>una</strong></span> <span class='ocrx_word' id='word_1_425' title='bbox 1899 4003 2007 4075; x_wconf 87' lang='lat' dir='ltr'><strong>Ty-</strong></span> 
     </span>
    </p>
   </div>
   <div class='ocr_carea' id='block_1_60' title="bbox 437 4094 2004 4174">
    <p class='ocr_par' dir='ltr' id='par_1_60' title="bbox 437 4094 2004 4174">
     <span class='ocr_line' id='line_1_61' title="bbox 437 4094 2004 4174; baseline -0.008 -15"><span class='ocrx_word' id='word_1_426' title='bbox 437 4105 647 4159; x_wconf 85' lang='lat' dir='ltr'><strong>riorum</strong></span> <span class='ocrx_word' id='word_1_427' title='bbox 717 4113 917 4174; x_wconf 84' lang='lat' dir='ltr'><strong>gente,</strong></span> <span class='ocrx_word' id='word_1_428' title='bbox 992 4103 1235 4172; x_wconf 80' lang='lat' dir='ltr'><strong>gentium</strong></span> <span class='ocrx_word' id='word_1_429' title='bbox 1298 4100 1640 4154; x_wconf 83' lang='lat' dir='ltr'><strong>vocationem</strong></span> <span class='ocrx_word' id='word_1_430' title='bbox 1711 4094 2004 4161; x_wconf 80' lang='lat' dir='ltr'><strong>signiﬁcat.</strong></span> 
     </span>
    </p>
   </div>
   <div class='ocr_carea' id='block_1_61' title="bbox 438 4186 2006 4266">
    <p class='ocr_par' dir='ltr' id='par_1_61' title="bbox 438 4186 2006 4266">
     <span class='ocr_line' id='line_1_62' title="bbox 438 4186 2006 4266; baseline -0.005 -18"><span class='ocrx_word' id='word_1_431' title='bbox 438 4193 633 4266; x_wconf 86' lang='lat' dir='ltr'><strong>Tyrios</strong></span> <span class='ocrx_word' id='word_1_432' title='bbox 679 4205 860 4250; x_wconf 91' lang='lat' dir='ltr'><strong>autem</strong></span> <span class='ocrx_word' id='word_1_433' title='bbox 920 4194 1263 4257; x_wconf 86' lang='lat' dir='ltr'><strong>memoravit,</strong></span> <span class='ocrx_word' id='word_1_434' title='bbox 1325 4193 1452 4260; x_wconf 86' lang='lat' dir='ltr'><strong>quia</strong></span> <span class='ocrx_word' id='word_1_435' title='bbox 1503 4189 1608 4259; x_wconf 87' lang='lat' dir='ltr'><strong>ipsi</strong></span> <span class='ocrx_word' id='word_1_436' title='bbox 1666 4186 2006 4256; x_wconf 88' lang='lat' dir='ltr'><strong>potissimum</strong></span> 
     </span>
    </p>
   </div>
   <div class='ocr_carea' id='block_1_62' title="bbox 437 4285 1417 4358">
    <p class='ocr_par' dir='ltr' id='par_1_62' title="bbox 437 4285 1417 4358">
     <span class='ocr_line' id='line_1_63' title="bbox 437 4285 1417 4358; baseline -0.01 -15"><span class='ocrx_word' id='word_1_437' title='bbox 437 4288 542 4358; x_wconf 63' lang='lat' dir='ltr'><strong>piae</strong></span> <span class='ocrx_word' id='word_1_438' title='bbox 581 4287 944 4342; x_wconf 86' lang='lat' dir='ltr'><strong>institutionis</strong></span> <span class='ocrx_word' id='word_1_439' title='bbox 983 4285 1193 4341; x_wconf 90' lang='lat' dir='ltr'><strong>inimici</strong></span> <span class='ocrx_word' id='word_1_440' title='bbox 1216 4293 1417 4337; x_wconf 84' lang='lat' dir='ltr'><strong>essent.</strong></span> 
     </span>
    </p>
   </div>
   <div class='ocr_carea' id='block_1_63' title="bbox 2099 1882 3671 1973">
    <p class='ocr_par' dir='ltr' id='par_1_63' title="bbox 2099 1882 3671 1973">
     <span class='ocr_line' id='line_1_64' title="bbox 2099 1882 3671 1973; baseline -0.018 -14"><span class='ocrx_word' id='word_1_441' title='bbox 2099 1906 2284 1973; x_wconf 85' lang='grc' dir='ltr'>ἁγίους</span> <span class='ocrx_word' id='word_1_442' title='bbox 2323 1899 2671 1961; x_wconf 79' lang='grc' dir='ltr'>ἀποστόλους,</span> <span class='ocrx_word' id='word_1_443' title='bbox 2703 1896 2750 1949; x_wconf 75' lang='grc' dir='ltr'>οἳ</span> <span class='ocrx_word' id='word_1_444' title='bbox 2779 1896 2872 1948; x_wconf 76' lang='grc' dir='ltr'><strong>καὶ</strong></span> <span class='ocrx_word' id='word_1_445' title='bbox 2920 1885 3376 1962; x_wconf 80' lang='grc' dir='ltr'>συμϐασιλεύουσι</span> <span class='ocrx_word' id='word_1_446' title='bbox 3412 1882 3489 1953; x_wconf 77' lang='grc' dir='ltr'>τῷ</span> <span class='ocrx_word' id='word_1_447' title='bbox 3532 1882 3671 1952; x_wconf 84' lang='grc' dir='ltr'>Χρι-</span> 
     </span>
    </p>
   </div>
   <div class='ocr_carea' id='block_1_64' title="bbox 2100 1973 3672 2067">
    <p class='ocr_par' dir='ltr' id='par_1_64' title="bbox 2100 1973 3672 2067">
     <span class='ocr_line' id='line_1_65' title="bbox 2100 1973 3672 2067; baseline -0.017 -17"><span class='ocrx_word' id='word_1_448' title='bbox 2100 1997 2228 2067; x_wconf 82' lang='grc' dir='ltr'>στῷ.</span> <span class='ocrx_word' id='word_1_449' title='bbox 2262 1993 2577 2063; x_wconf 86' lang='grc' dir='ltr'>Θυγατέρας</span> <span class='ocrx_word' id='word_1_450' title='bbox 2608 1990 2665 2043; x_wconf 84' lang='grc' dir='ltr'>δὲ</span> <span class='ocrx_word' id='word_1_451' title='bbox 2708 1987 2886 2041; x_wconf 80' lang='grc' dir='ltr'>αὐτῶν</span> <span class='ocrx_word' id='word_1_452' title='bbox 2936 1984 3032 2046; x_wconf 83' lang='grc' dir='ltr'>τὰς</span> <span class='ocrx_word' id='word_1_453' title='bbox 3083 1983 3149 2035; x_wconf 82' lang='grc' dir='ltr'>δι’</span> <span class='ocrx_word' id='word_1_454' title='bbox 3187 1978 3364 2032; x_wconf 82' lang='grc' dir='ltr'>αὐτῶν</span> <span class='ocrx_word' id='word_1_455' title='bbox 3417 1977 3496 2038; x_wconf 78' lang='grc' dir='ltr'>εἰς</span> <span class='ocrx_word' id='word_1_456' title='bbox 3549 1973 3672 2027; x_wconf 82' lang='grc' dir='ltr'>θεο-</span> 
     </span>
    </p>
   </div>
   <div class='ocr_carea' id='block_1_65' title="bbox 2097 2065 3672 2157">
    <p class='ocr_par' dir='ltr' id='par_1_65' title="bbox 2097 2065 3672 2157">
     <span class='ocr_line' id='line_1_66' title="bbox 2097 2065 3672 2157; baseline -0.015 -17"><span class='ocrx_word' id='word_1_457' title='bbox 2097 2089 2335 2157; x_wconf 84' lang='grc' dir='ltr'>γνωσίαν</span> <span class='ocrx_word' id='word_1_458' title='bbox 2367 2079 2876 2151; x_wconf 82' lang='grc' dir='ltr'>ἀναγεγεννημένας</span> <span class='ocrx_word' id='word_1_459' title='bbox 2910 2075 3085 2146; x_wconf 73' lang='grc' dir='ltr'>ψυχὰς</span> <span class='ocrx_word' id='word_1_460' title='bbox 3111 2113 3126 2138; x_wconf 89' lang='grc'><strong>,</strong></span> <span class='ocrx_word' id='word_1_461' title='bbox 3159 2075 3214 2126; x_wconf 80' lang='grc' dir='ltr'>αἳ</span> <span class='ocrx_word' id='word_1_462' title='bbox 3250 2072 3342 2125; x_wconf 73' lang='grc' dir='ltr'><strong>καὶ</strong></span> <span class='ocrx_word' id='word_1_463' title='bbox 3373 2071 3534 2129; x_wconf 80' lang='grc' dir='ltr'>ναοὺς</span> <span class='ocrx_word' id='word_1_464' title='bbox 3565 2065 3672 2127; x_wconf 80' lang='grc' dir='ltr'><strong>τὰς</strong></span> 
     </span>
    </p>
   </div>
   <div class='ocr_carea' id='block_1_66' title="bbox 2098 2155 3672 2246">
    <p class='ocr_par' dir='ltr' id='par_1_66' title="bbox 2098 2155 3672 2246">
     <span class='ocr_line' id='line_1_67' title="bbox 2098 2155 3672 2246; baseline -0.018 -11"><span class='ocrx_word' id='word_1_465' title='bbox 2098 2178 2304 2234; x_wconf 77' lang='grc' dir='ltr'>ἑαυτῶν</span> <span class='ocrx_word' id='word_1_466' title='bbox 2356 2174 2582 2246; x_wconf 80' lang='grc' dir='ltr'>καρδίας</span> <span class='ocrx_word' id='word_1_467' title='bbox 2633 2166 2950 2224; x_wconf 79' lang='grc' dir='ltr'>ἀποτελοῦσι</span> <span class='ocrx_word' id='word_1_468' title='bbox 2977 2161 3539 2236; x_wconf 45' lang='grc' dir='ltr'>περικαλλεστάτους.</span> <span class='ocrx_word' id='word_1_469' title='bbox 3585 2155 3672 2216; x_wconf 82' lang='grc' dir='ltr'><strong>είς</strong></span> 
     </span>
    </p>
   </div>
   <div class='ocr_carea' id='block_1_67' title="bbox 2098 2242 3673 2342">
    <p class='ocr_par' dir='ltr' id='par_1_67' title="bbox 2098 2242 3673 2342">
     <span class='ocr_line' id='line_1_68' title="bbox 2098 2242 3673 2342; baseline -0.019 -17"><span class='ocrx_word' id='word_1_470' title='bbox 2098 2271 2262 2342; x_wconf 79' lang='grc' dir='ltr'>τιμὴν</span> <span class='ocrx_word' id='word_1_471' title='bbox 2293 2267 2383 2322; x_wconf 78' lang='grc' dir='ltr'>τοῦ</span> <span class='ocrx_word' id='word_1_472' title='bbox 2419 2264 2552 2319; x_wconf 75' lang='grc' dir='ltr'>Θεοῦ</span> <span class='ocrx_word' id='word_1_473' title='bbox 2586 2259 2980 2335; x_wconf 70' lang='grc' dir='ltr'>εὒφραινούσας</span> <span class='ocrx_word' id='word_1_474' title='bbox 3008 2255 3189 2308; x_wconf 79' lang='grc' dir='ltr'>αὐτόν.</span> <span class='ocrx_word' id='word_1_475' title='bbox 3218 2253 3442 2320; x_wconf 87' lang='grc' dir='ltr'>Ὅμοιον</span> <span class='ocrx_word' id='word_1_476' title='bbox 3472 2242 3566 2299; x_wconf 81' lang='grc' dir='ltr'><strong>οὖν</strong></span> <span class='ocrx_word' id='word_1_477' title='bbox 3591 2242 3673 2306; x_wconf 83' lang='grc' dir='ltr'>ὡς</span> 
     </span>
    </p>
   </div>
   <div class='ocr_carea' id='block_1_68' title="bbox 2098 2333 3677 2432">
    <p class='ocr_par' dir='ltr' id='par_1_68' title="bbox 2098 2333 3677 2432">
     <span class='ocr_line' id='line_1_69' title="bbox 2098 2333 3677 2432; baseline -0.02 -17"><span class='ocrx_word' id='word_1_478' title='bbox 2098 2365 2146 2416; x_wconf 80' lang='grc' dir='ltr'>εἰ</span> <span class='ocrx_word' id='word_1_479' title='bbox 2174 2361 2339 2432; x_wconf 77' lang='grc' dir='ltr'>λέγῃ·</span> <span class='ocrx_word' id='word_1_480' title='bbox 2375 2355 2757 2426; x_wconf 77' lang='grc' dir='ltr'>Εὑφρανθήσῃ,</span> <span class='ocrx_word' id='word_1_481' title='bbox 2805 2349 2990 2420; x_wconf 64' lang='grc' dir='ltr'>φησὶν,</span> <span class='ocrx_word' id='word_1_482' title='bbox 3041 2338 3085 2396; x_wconf 85' lang='grc' dir='ltr'><strong>ῶ</strong></span> <span class='ocrx_word' id='word_1_483' title='bbox 3118 2343 3380 2402; x_wconf 76' lang='grc' dir='ltr'>Δέσποτα,</span> <span class='ocrx_word' id='word_1_484' title='bbox 3415 2335 3521 2390; x_wconf 74' lang='grc' dir='ltr'>ἀπὸ</span> <span class='ocrx_word' id='word_1_485' title='bbox 3577 2333 3677 2404; x_wconf 78' lang='grc' dir='ltr'><strong>βά-</strong></span> 
     </span>
    </p>
   </div>
   <div class='ocr_carea' id='block_1_69' title="bbox 2103 2423 3676 2524">
    <p class='ocr_par' dir='ltr' id='par_1_69' title="bbox 2103 2423 3676 2524">
     <span class='ocr_line' id='line_1_70' title="bbox 2103 2423 3676 2524; baseline -0.019 -19"><span class='ocrx_word' id='word_1_486' title='bbox 2103 2469 2239 2524; x_wconf 90' lang='grc' dir='ltr'>ρεων</span> <span class='ocrx_word' id='word_1_487' title='bbox 2270 2447 2625 2518; x_wconf 79' lang='grc' dir='ltr'>ἐλεφαντίνων</span> <span class='ocrx_word' id='word_1_488' title='bbox 2675 2436 2747 2495; x_wconf 82' lang='grc' dir='ltr'><strong>ῶν</strong></span> <span class='ocrx_word' id='word_1_489' title='bbox 2783 2437 3186 2494; x_wconf 84' lang='grc' dir='ltr'>κατεσκεύασαν</span> <span class='ocrx_word' id='word_1_490' title='bbox 3229 2433 3306 2496; x_wconf 83' lang='grc' dir='ltr'>εἰς</span> <span class='ocrx_word' id='word_1_491' title='bbox 3361 2428 3456 2499; x_wconf 83' lang='grc' dir='ltr'>σὴν</span> <span class='ocrx_word' id='word_1_492' title='bbox 3505 2423 3676 2495; x_wconf 78' lang='grc' dir='ltr'>τιμὴν</span> 
     </span>
    </p>
   </div>
   <div class='ocr_carea' id='block_1_70' title="bbox 2103 2521 3676 2612">
    <p class='ocr_par' dir='ltr' id='par_1_70' title="bbox 2103 2521 3676 2612">
     <span class='ocr_line' id='line_1_71' title="bbox 2103 2521 3676 2612; baseline -0.017 -14"><span class='ocrx_word' id='word_1_493' title='bbox 2103 2521 2158 2598; x_wconf 81' lang='grc' dir='ltr'>αἱ</span> <span class='ocrx_word' id='word_1_494' title='bbox 2188 2543 2295 2596; x_wconf 84' lang='grc' dir='ltr'><strong>τῶν</strong></span> <span class='ocrx_word' id='word_1_495' title='bbox 2327 2540 2588 2612; x_wconf 84' lang='grc' dir='ltr'>βασιλέων</span> <span class='ocrx_word' id='word_1_496' title='bbox 2617 2534 2934 2603; x_wconf 78' lang='grc' dir='ltr'>θυγατέρες.</span> <span class='ocrx_word' id='word_1_497' title='bbox 2958 2527 3232 2599; x_wconf 82' lang='grc' dir='ltr'>Παρέστη</span> <span class='ocrx_word' id='word_1_498' title='bbox 3258 2521 3676 2593; x_wconf 69' lang='grc' dir='ltr'>ήβασίλισσπ</span> 
     </span>
    </p>
   </div>
   <div class='ocr_carea' id='block_1_71' title="bbox 2101 2613 3676 2701">
    <p class='ocr_par' dir='ltr' id='par_1_71' title="bbox 2101 2613 3676 2701">
     <span class='ocr_line' id='line_1_72' title="bbox 2101 2613 3676 2701; baseline -0.019 -10"><span class='ocrx_word' id='word_1_499' title='bbox 2101 2638 2170 2690; x_wconf 83' lang='grc' dir='ltr'>ἐκ</span> <span class='ocrx_word' id='word_1_500' title='bbox 2195 2634 2410 2701; x_wconf 83' lang='grc' dir='ltr'>δεξιῶν</span> <span class='ocrx_word' id='word_1_501' title='bbox 2441 2648 2556 2687; x_wconf 92' lang='grc' dir='ltr'><strong>σου</strong></span> <span class='ocrx_word' id='word_1_502' title='bbox 2597 2630 2665 2682; x_wconf 80' lang='grc' dir='ltr'>ἐν</span> <span class='ocrx_word' id='word_1_503' title='bbox 2691 2625 2982 2696; x_wconf 75' lang='grc' dir='ltr'>ἱματισμῷ</span> <span class='ocrx_word' id='word_1_504' title='bbox 3023 2621 3345 2688; x_wconf 77' lang='grc' dir='ltr'>διαχρύσῳ.</span> <span class='ocrx_word' id='word_1_505' title='bbox 3375 2613 3676 2669; x_wconf 86' lang='grc' dir='ltr'>Βασίλισσσ.</span> 
     </span>
    </p>
   </div>
   <div class='ocr_carea' id='block_1_72' title="bbox 2107 2706 3675 2803">
    <p class='ocr_par' dir='ltr' id='par_1_72' title="bbox 2107 2706 3675 2803">
     <span class='ocr_line' id='line_1_73' title="bbox 2107 2706 3675 2803; baseline -0.019 -17"><span class='ocrx_word' id='word_1_506' title='bbox 2107 2733 2204 2803; x_wconf 80' lang='grc' dir='ltr'>μὲν</span> <span class='ocrx_word' id='word_1_507' title='bbox 2233 2733 2265 2801; x_wconf 85' lang='grc' dir='ltr'>ἡ</span> <span class='ocrx_word' id='word_1_508' title='bbox 2311 2724 2625 2796; x_wconf 79' lang='grc' dir='ltr'>Ἐκκλησία,</span> <span class='ocrx_word' id='word_1_509' title='bbox 2663 2722 2738 2784; x_wconf 83' lang='grc' dir='ltr'>ὡς</span> <span class='ocrx_word' id='word_1_510' title='bbox 2769 2721 2955 2790; x_wconf 68' lang='grc' dir='ltr'>νύμφη</span> <span class='ocrx_word' id='word_1_511' title='bbox 2989 2713 3253 2785; x_wconf 77' lang='grc' dir='ltr'>γενομένη</span> <span class='ocrx_word' id='word_1_512' title='bbox 3284 2709 3374 2764; x_wconf 75' lang='grc' dir='ltr'>τοῦ</span> <span class='ocrx_word' id='word_1_513' title='bbox 3433 2706 3675 2778; x_wconf 80' lang='grc' dir='ltr'>μεγάλου</span> 
     </span>
    </p>
   </div>
   <div class='ocr_carea' id='block_1_73' title="bbox 2106 2801 3679 2895">
    <p class='ocr_par' dir='ltr' id='par_1_73' title="bbox 2106 2801 3679 2895">
     <span class='ocr_line' id='line_1_74' title="bbox 2106 2801 3679 2895; baseline -0.02 -16"><span class='ocrx_word' id='word_1_514' title='bbox 2106 2801 2397 2895; x_wconf 73' lang='grc' dir='ltr'>βασιλέως·</span> <span class='ocrx_word' id='word_1_515' title='bbox 2451 2823 2484 2890; x_wconf 86' lang='grc' dir='ltr'>ἠ</span> <span class='ocrx_word' id='word_1_516' title='bbox 2518 2818 2575 2871; x_wconf 82' lang='grc' dir='ltr'>δὲ</span> <span class='ocrx_word' id='word_1_517' title='bbox 2611 2817 2797 2877; x_wconf 80' lang='grc' dir='ltr'>στάσις</span> <span class='ocrx_word' id='word_1_518' title='bbox 2834 2814 2868 2883; x_wconf 84' lang='grc' dir='ltr'><strong>ἡ</strong></span> <span class='ocrx_word' id='word_1_519' title='bbox 2902 2813 2966 2863; x_wconf 78' lang='grc' dir='ltr'><strong>ἐκ</strong></span> <span class='ocrx_word' id='word_1_520' title='bbox 3003 2806 3188 2871; x_wconf 80' lang='grc' dir='ltr'>δεξιῶν</span> <span class='ocrx_word' id='word_1_521' title='bbox 3232 2805 3329 2872; x_wconf 83' lang='grc' dir='ltr'><strong>τὴν</strong></span> <span class='ocrx_word' id='word_1_522' title='bbox 3378 2801 3542 2871; x_wconf 79' lang='grc' dir='ltr'>τιμὴν</span> <span class='ocrx_word' id='word_1_523' title='bbox 3578 2815 3679 2868; x_wconf 83' lang='grc' dir='ltr'>ση-</span> 
     </span>
    </p>
   </div>
   <div class='ocr_carea' id='block_1_74' title="bbox 2109 2892 3680 2987">
    <p class='ocr_par' dir='ltr' id='par_1_74' title="bbox 2109 2892 3680 2987">
     <span class='ocr_line' id='line_1_75' title="bbox 2109 2892 3680 2987; baseline -0.019 -18"><span class='ocrx_word' id='word_1_524' title='bbox 2109 2892 2288 2987; x_wconf 83' lang='grc' dir='ltr'>μαίνει</span> <span class='ocrx_word' id='word_1_525' title='bbox 2317 2907 2385 2984; x_wconf 81' lang='grc' dir='ltr'>ἦς</span> <span class='ocrx_word' id='word_1_526' title='bbox 2412 2907 2708 2964; x_wconf 82' lang='grc' dir='ltr'>ἀπολαύσει</span> <span class='ocrx_word' id='word_1_527' title='bbox 2757 2907 2815 2958; x_wconf 81' lang='grc' dir='ltr'>ὲν</span> <span class='ocrx_word' id='word_1_528' title='bbox 2858 2902 2936 2972; x_wconf 82' lang='grc' dir='ltr'>τῷ</span> <span class='ocrx_word' id='word_1_529' title='bbox 2973 2901 3216 2972; x_wconf 82' lang='grc' dir='ltr'>μέλλοντι</span> <span class='ocrx_word' id='word_1_530' title='bbox 3265 2893 3453 2948; x_wconf 80' lang='grc' dir='ltr'><strong>αἰῶνι·</strong></span> <span class='ocrx_word' id='word_1_531' title='bbox 3492 2892 3680 2962; x_wconf 80' lang='grc' dir='ltr'>ἱματι-</span> 
     </span>
    </p>
   </div>
   <div class='ocr_carea' id='block_1_75' title="bbox 2107 2980 3685 3077">
    <p class='ocr_par' dir='ltr' id='par_1_75' title="bbox 2107 2980 3685 3077">
     <span class='ocr_line' id='line_1_76' title="bbox 2107 2980 3685 3077; baseline -0.019 -17"><span class='ocrx_word' id='word_1_532' title='bbox 2107 2980 2242 3077; x_wconf 78' lang='grc' dir='ltr'>σμὸς</span> <span class='ocrx_word' id='word_1_533' title='bbox 2269 3003 2324 3056; x_wconf 85' lang='grc' dir='ltr'>δὲ</span> <span class='ocrx_word' id='word_1_534' title='bbox 2342 2980 2524 3070; x_wconf 21' lang='grc' dir='ltr'>*αὐτῆς</span> <span class='ocrx_word' id='word_1_535' title='bbox 2564 2997 2806 3058; x_wconf 85' lang='grc' dir='ltr'>ποικίλος</span> <span class='ocrx_word' id='word_1_536' title='bbox 2838 2994 3038 3056; x_wconf 84' lang='grc' dir='ltr'>πίστις,</span> <span class='ocrx_word' id='word_1_537' title='bbox 3083 2989 3258 3051; x_wconf 72' lang='grc' dir='ltr'>ἐλπὶς,</span> <span class='ocrx_word' id='word_1_538' title='bbox 3291 2985 3477 3053; x_wconf 80' lang='grc' dir='ltr'>ἀγάπη</span> <span class='ocrx_word' id='word_1_539' title='bbox 3497 2997 3509 3009; x_wconf 89' lang='grc'>·</span> <span class='ocrx_word' id='word_1_540' title='bbox 3561 2980 3685 3050; x_wconf 76' lang='grc' dir='ltr'>ἔχει.</span> 
     </span>
    </p>
   </div>
   <div class='ocr_carea' id='block_1_76' title="bbox 2104 3074 3686 3166">
    <p class='ocr_par' dir='ltr' id='par_1_76' title="bbox 2104 3074 3686 3166">
     <span class='ocr_line' id='line_1_77' title="bbox 2104 3074 3686 3166; baseline -0.018 -14"><span class='ocrx_word' id='word_1_541' title='bbox 2104 3074 2160 3151; x_wconf 61' lang='grc' dir='ltr'>δὲ</span> <span class='ocrx_word' id='word_1_542' title='bbox 2193 3099 2286 3151; x_wconf 78' lang='grc' dir='ltr'><strong>καὶ</strong></span> <span class='ocrx_word' id='word_1_543' title='bbox 2314 3096 2499 3166; x_wconf 73' lang='grc' dir='ltr'>ἕτερον</span> <span class='ocrx_word' id='word_1_544' title='bbox 2536 3091 2749 3162; x_wconf 83' lang='grc' dir='ltr'>ἱμάτιον</span> <span class='ocrx_word' id='word_1_545' title='bbox 2768 3085 3162 3157; x_wconf 85' lang='grc' dir='ltr'>λαμπρότερον,</span> <span class='ocrx_word' id='word_1_546' title='bbox 3194 3081 3284 3133; x_wconf 79' lang='grc' dir='ltr'><strong>τὸν</strong></span> <span class='ocrx_word' id='word_1_547' title='bbox 3314 3074 3544 3148; x_wconf 79' lang='grc' dir='ltr'>Χριστὸν</span> <span class='ocrx_word' id='word_1_548' title='bbox 3579 3074 3686 3126; x_wconf 77' lang='grc' dir='ltr'>αὑ-</span> 
     </span>
    </p>
   </div>
   <div class='ocr_carea' id='block_1_77' title="bbox 2107 3167 3675 3252">
    <p class='ocr_par' dir='ltr' id='par_1_77' title="bbox 2107 3167 3675 3252">
     <span class='ocr_line' id='line_1_78' title="bbox 2107 3167 3675 3252; baseline -0.018 -8"><span class='ocrx_word' id='word_1_549' title='bbox 2107 3190 2220 3244; x_wconf 84' lang='grc' dir='ltr'>τόν.</span> <span class='ocrx_word' id='word_1_550' title='bbox 2250 3190 2423 3241; x_wconf 83' lang='grc' dir='ltr'>Ὅσοι</span> <span class='ocrx_word' id='word_1_551' title='bbox 2453 3183 2580 3252; x_wconf 78' lang='grc' dir='ltr'>γὰρ,</span> <span class='ocrx_word' id='word_1_552' title='bbox 2616 3181 2798 3250; x_wconf 76' lang='grc' dir='ltr'>φησὶν,</span> <span class='ocrx_word' id='word_1_553' title='bbox 2829 3181 2916 3244; x_wconf 82' lang='grc' dir='ltr'>εὶς</span> <span class='ocrx_word' id='word_1_554' title='bbox 2952 3173 3209 3246; x_wconf 82' lang='grc' dir='ltr'>Χριστὸν</span> <span class='ocrx_word' id='word_1_555' title='bbox 3255 3167 3675 3234; x_wconf 80' lang='grc' dir='ltr'>ἐϐαπτίσθητε,</span> 
     </span>
    </p>
   </div>
   <div class='ocr_carea' id='block_1_78' title="bbox 2107 3273 2778 3350">
    <p class='ocr_par' dir='ltr' id='par_1_78' title="bbox 2107 3273 2778 3350">
     <span class='ocr_line' id='line_1_79' title="bbox 2107 3273 2778 3350; baseline -0.021 -14"><span class='ocrx_word' id='word_1_556' title='bbox 2107 3278 2362 3350; x_wconf 83' lang='grc' dir='ltr'>Χριστὸν</span> <span class='ocrx_word' id='word_1_557' title='bbox 2387 3273 2778 3328; x_wconf 76' lang='grc' dir='ltr'>ἐνεδύσασθε.</span> 
     </span>
    </p>
   </div>
   <div class='ocr_carea' id='block_1_79' title="bbox 2183 3345 3681 3433">
    <p class='ocr_par' dir='ltr' id='par_1_79' title="bbox 2183 3345 3681 3433">
     <span class='ocr_line' id='line_1_80' title="bbox 2183 3345 3681 3433; baseline 0.014 -9"><span class='ocrx_word' id='word_1_558' title='bbox 2183 3375 2506 3426; x_wconf 76' lang='grc' dir='ltr'>Ἀκουσονι</span> <span class='ocrx_word' id='word_1_559' title='bbox 2535 3364 2808 3433; x_wconf 66' lang='grc' dir='ltr'>θύγατερ,</span> <span class='ocrx_word' id='word_1_560' title='bbox 2833 3358 2930 3412; x_wconf 63' lang='grc' dir='ltr'><strong>καὶ</strong></span> <span class='ocrx_word' id='word_1_561' title='bbox 2967 3356 3076 3410; x_wconf 59' lang='grc' dir='ltr'><strong>ἴδε·</strong></span> <span class='ocrx_word' id='word_1_562' title='bbox 3119 3355 3231 3409; x_wconf 51' lang='grc' dir='ltr'><strong>Καὶ</strong></span> <span class='ocrx_word' id='word_1_563' title='bbox 3260 3351 3418 3406; x_wconf 63' lang='grc' dir='ltr'>πάλιν</span> <span class='ocrx_word' id='word_1_564' title='bbox 3438 3348 3515 3412; x_wconf 68' lang='grc' dir='ltr'><strong>ὡς</strong></span> <span class='ocrx_word' id='word_1_565' title='bbox 3541 3345 3681 3418; x_wconf 64' lang='grc' dir='ltr'>πρὸς</span> 
     </span>
    </p>
   </div>
   <div class='ocr_carea' id='block_1_80' title="bbox 2105 3436 3682 3533">
    <p class='ocr_par' dir='ltr' id='par_1_80' title="bbox 2105 3436 3682 3533">
     <span class='ocr_line' id='line_1_81' title="bbox 2105 3436 3682 3533; baseline -0.019 -15"><span class='ocrx_word' id='word_1_566' title='bbox 2105 3466 2204 3533; x_wconf 83' lang='grc' dir='ltr'><strong>τὴν</strong></span> <span class='ocrx_word' id='word_1_567' title='bbox 2238 3458 2561 3528; x_wconf 80' lang='grc' dir='ltr'>Ἐκκλησίαν</span> <span class='ocrx_word' id='word_1_568' title='bbox 2601 3453 2628 3506; x_wconf 85' lang='grc' dir='ltr'>ὁ</span> <span class='ocrx_word' id='word_1_569' title='bbox 2660 3453 2816 3520; x_wconf 84' lang='grc' dir='ltr'>λόγος</span> <span class='ocrx_word' id='word_1_570' title='bbox 2845 3446 3014 3510; x_wconf 73' lang='grc' dir='ltr'>οὗτος.</span> <span class='ocrx_word' id='word_1_571' title='bbox 3073 3445 3181 3499; x_wconf 80' lang='grc' dir='ltr'><strong>Καὶ</strong></span> <span class='ocrx_word' id='word_1_572' title='bbox 3228 3440 3518 3496; x_wconf 72' lang='grc' dir='ltr'>ἐπιλάθου</span> <span class='ocrx_word' id='word_1_573' title='bbox 3570 3436 3682 3490; x_wconf 86' lang='grc' dir='ltr'>τοῦ</span> 
     </span>
    </p>
   </div>
   <div class='ocr_carea' id='block_1_81' title="bbox 2106 3527 3682 3609">
    <p class='ocr_par' dir='ltr' id='par_1_81' title="bbox 2106 3527 3682 3609">
     <span class='ocr_line' id='line_1_82' title="bbox 2106 3527 3682 3609; baseline -0.02 0"><span class='ocrx_word' id='word_1_574' title='bbox 2106 3554 2260 3609; x_wconf 78' lang='grc' dir='ltr'>λαοῦ</span> <span class='ocrx_word' id='word_1_575' title='bbox 2281 3566 2395 3605; x_wconf 91' lang='grc' dir='ltr'><strong>σου</strong></span> <span class='ocrx_word' id='word_1_576' title='bbox 2429 3549 2525 3604; x_wconf 80' lang='grc' dir='ltr'>καὶ</span> <span class='ocrx_word' id='word_1_577' title='bbox 2551 3547 2657 3600; x_wconf 84' lang='grc' dir='ltr'>τοῦ</span> <span class='ocrx_word' id='word_1_578' title='bbox 2687 3545 2858 3598; x_wconf 76' lang='grc' dir='ltr'>οἴκου</span> <span class='ocrx_word' id='word_1_579' title='bbox 2885 3539 2991 3593; x_wconf 78' lang='grc' dir='ltr'>τοῦ</span> <span class='ocrx_word' id='word_1_580' title='bbox 3018 3537 3242 3602; x_wconf 82' lang='grc' dir='ltr'>πατρός</span> <span class='ocrx_word' id='word_1_581' title='bbox 3281 3548 3417 3585; x_wconf 90' lang='grc' dir='ltr'>σου.</span> <span class='ocrx_word' id='word_1_582' title='bbox 3464 3530 3582 3583; x_wconf 78' lang='grc' dir='ltr'>Οὐκ</span> <span class='ocrx_word' id='word_1_583' title='bbox 3611 3527 3682 3579; x_wconf 82' lang='grc' dir='ltr'><strong>ἂν</strong></span> 
     </span>
    </p>
   </div>
   <div class='ocr_carea' id='block_1_82' title="bbox 2106 3620 3679 3718">
    <p class='ocr_par' dir='ltr' id='par_1_82' title="bbox 2106 3620 3679 3718">
     <span class='ocr_line' id='line_1_83' title="bbox 2106 3620 3679 3718; baseline -0.02 -18"><span class='ocrx_word' id='word_1_584' title='bbox 2106 3646 2216 3716; x_wconf 89' lang='grc' dir='ltr'><strong>γάρ</strong></span> <span class='ocrx_word' id='word_1_585' title='bbox 2247 3660 2330 3706; x_wconf 87' lang='grc' dir='ltr'><strong>τις</strong></span> <span class='ocrx_word' id='word_1_586' title='bbox 2353 3639 2592 3718; x_wconf 63' lang='grc' dir='ltr'>καθαρδς</span> <span class='ocrx_word' id='word_1_587' title='bbox 2620 3640 2684 3707; x_wconf 79' lang='grc' dir='ltr'>τῇ</span> <span class='ocrx_word' id='word_1_588' title='bbox 2706 3634 2792 3687; x_wconf 82' lang='grc' dir='ltr'>διὰ</span> <span class='ocrx_word' id='word_1_589' title='bbox 2819 3627 3055 3703; x_wconf 80' lang='grc' dir='ltr'>Χριστοῦ</span> <span class='ocrx_word' id='word_1_590' title='bbox 3086 3625 3447 3696; x_wconf 77' lang='grc' dir='ltr'>προσέρχεται</span> <span class='ocrx_word' id='word_1_591' title='bbox 3471 3620 3679 3679; x_wconf 82' lang='grc' dir='ltr'>πίστει,</span> 
     </span>
    </p>
   </div>
   <div class='ocr_carea' id='block_1_83' title="bbox 2111 3713 3685 3808">
    <p class='ocr_par' dir='ltr' id='par_1_83' title="bbox 2111 3713 3685 3808">
     <span class='ocr_line' id='line_1_84' title="bbox 2111 3713 3685 3808; baseline -0.021 -17"><span class='ocrx_word' id='word_1_592' title='bbox 2111 3713 2197 3808; x_wconf 32' lang='grc' dir='ltr'><strong>μὴ-</strong></span> <span class='ocrx_word' id='word_1_593' title='bbox 2219 3733 2458 3800; x_wconf 84' lang='grc' dir='ltr'>παντελῆ</span> <span class='ocrx_word' id='word_1_594' title='bbox 2489 3713 2658 3800; x_wconf 58' lang='grc' dir='ltr'>λήθην</span> <span class='ocrx_word' id='word_1_595' title='bbox 2708 3726 2816 3779; x_wconf 86' lang='grc' dir='ltr'><strong>τῶν</strong></span> <span class='ocrx_word' id='word_1_596' title='bbox 2864 3719 3141 3792; x_wconf 81' lang='grc' dir='ltr'>προτέρων</span> <span class='ocrx_word' id='word_1_597' title='bbox 3183 3713 3548 3783; x_wconf 78' lang='grc' dir='ltr'>ποιησάμενος</span> <span class='ocrx_word' id='word_1_598' title='bbox 3580 3725 3685 3760; x_wconf 88' lang='grc' dir='ltr'>κα-</span> 
     </span>
    </p>
   </div>
   <div class='ocr_carea' id='block_1_84' title="bbox 2108 3800 3680 3886">
    <p class='ocr_par' dir='ltr' id='par_1_84' title="bbox 2108 3800 3680 3886">
     <span class='ocr_line' id='line_1_85' title="bbox 2108 3800 3680 3886; baseline -0.022 -4"><span class='ocrx_word' id='word_1_599' title='bbox 2273 3825 2411 3886; x_wconf 78' lang='grc' dir='ltr'>Λαὸς</span> <span class='ocrx_word' id='word_1_600' title='bbox 2437 3823 2493 3876; x_wconf 81' lang='grc' dir='ltr'><strong>δὲ</strong></span> <span class='ocrx_word' id='word_1_601' title='bbox 2527 3821 2693 3874; x_wconf 88' lang='grc' dir='ltr'>πάλαι</span> <span class='ocrx_word' id='word_1_602' title='bbox 2717 3816 2817 3886; x_wconf 79' lang='grc' dir='ltr'><strong>τῆς</strong></span> <span class='ocrx_word' id='word_1_603' title='bbox 2852 3808 3170 3880; x_wconf 82' lang='grc' dir='ltr'>Ἐκκλησίας</span> <span class='ocrx_word' id='word_1_604' title='bbox 3196 3807 3245 3859; x_wconf 86' lang='grc' dir='ltr'>οἱ</span> <span class='ocrx_word' id='word_1_605' title='bbox 3273 3800 3680 3870; x_wconf 78' lang='grc' dir='ltr'>εἰδωλολάτραι.</span> 
     </span>
    </p>
   </div>
   <div class='ocr_carea' id='block_1_85' title="bbox 2108 3892 3683 3982">
    <p class='ocr_par' dir='ltr' id='par_1_85' title="bbox 2108 3892 3683 3982">
     <span class='ocr_line' id='line_1_86' title="bbox 2108 3892 3683 3982; baseline -0.022 -8"><span class='ocrx_word' id='word_1_606' title='bbox 2108 3917 2267 3981; x_wconf 76' lang='grc' dir='ltr'>Οἶκος</span> <span class='ocrx_word' id='word_1_607' title='bbox 2298 3914 2479 3969; x_wconf 80' lang='grc' dir='ltr'><strong>δὲ’τοῦ</strong></span> <span class='ocrx_word' id='word_1_608' title='bbox 2521 3910 2724 3982; x_wconf 78' lang='grc' dir='ltr'>πατρὸς</span> <span class='ocrx_word' id='word_1_609' title='bbox 2746 3907 2934 3975; x_wconf 78' lang='grc' dir='ltr'>αὐτῆς,</span> <span class='ocrx_word' id='word_1_610' title='bbox 2967 3905 3016 3957; x_wconf 88' lang='grc' dir='ltr'>οἰ</span> <span class='ocrx_word' id='word_1_611' title='bbox 3059 3899 3214 3967; x_wconf 66' lang='grc' dir='ltr'>σοφοὶ</span> <span class='ocrx_word' id='word_1_612' title='bbox 3251 3895 3342 3950; x_wconf 74' lang='grc' dir='ltr'><strong>τοῦ</strong></span> <span class='ocrx_word' id='word_1_613' title='bbox 3373 3893 3595 3955; x_wconf 73' lang='grc' dir='ltr'>αἰῶνος,</span> <span class='ocrx_word' id='word_1_614' title='bbox 3625 3892 3683 3942; x_wconf 76' lang='grc' dir='ltr'><strong>ἐν</strong></span> 
     </span>
    </p>
   </div>
   <div class='ocr_carea' id='block_1_86' title="bbox 2108 3978 3682 4068">
    <p class='ocr_par' dir='ltr' id='par_1_86' title="bbox 2108 3978 3682 4068">
     <span class='ocr_line' id='line_1_87' title="bbox 2108 3978 3682 4068; baseline -0.018 -10"><span class='ocrx_word' id='word_1_615' title='bbox 2108 4000 2187 4068; x_wconf 70' lang='grc' dir='ltr'>οἷς</span> <span class='ocrx_word' id='word_1_616' title='bbox 2216 3978 2460 4057; x_wconf 80' lang='grc' dir='ltr'>κατοικεῖ</span> <span class='ocrx_word' id='word_1_617' title='bbox 2490 3978 2674 4067; x_wconf 74' lang='grc' dir='ltr'>ῶσπερ</span> <span class='ocrx_word' id='word_1_618' title='bbox 2711 3999 2767 4048; x_wconf 79' lang='grc' dir='ltr'><strong>ἐν</strong></span> <span class='ocrx_word' id='word_1_619' title='bbox 2797 3992 2964 4054; x_wconf 72' lang='grc' dir='ltr'>οἴκοις</span> <span class='ocrx_word' id='word_1_620' title='bbox 2989 3993 3016 4042; x_wconf 89' lang='grc' dir='ltr'><strong>ὁ</strong></span> <span class='ocrx_word' id='word_1_621' title='bbox 3052 3987 3322 4048; x_wconf 77' lang='grc' dir='ltr'>Σατανᾶς.</span> <span class='ocrx_word' id='word_1_622' title='bbox 3358 3982 3467 4035; x_wconf 78' lang='grc' dir='ltr'><strong>Καὶ</strong></span> <span class='ocrx_word' id='word_1_623' title='bbox 3495 3978 3682 4045; x_wconf 78' lang='grc' dir='ltr'>θυγά-</span> 
     </span>
    </p>
   </div>
   <div class='ocr_carea' id='block_1_87' title="bbox 2108 4068 3686 4163">
    <p class='ocr_par' dir='ltr' id='par_1_87' title="bbox 2108 4068 3686 4163">
     <span class='ocr_line' id='line_1_88' title="bbox 2108 4068 3686 4163; baseline -0.021 -12"><span class='ocrx_word' id='word_1_624' title='bbox 2108 4113 2216 4163; x_wconf 85' lang='grc' dir='ltr'><strong>τηρ</strong></span> <span class='ocrx_word' id='word_1_625' title='bbox 2251 4095 2436 4162; x_wconf 84' lang='grc' dir='ltr'>Τύρου</span> <span class='ocrx_word' id='word_1_626' title='bbox 2475 4091 2545 4144; x_wconf 86' lang='grc' dir='ltr'>ἐν</span> <span class='ocrx_word' id='word_1_627' title='bbox 2590 4086 2819 4161; x_wconf 80' lang='grc' dir='ltr'>δώροις.</span> <span class='ocrx_word' id='word_1_628' title='bbox 2871 4081 3000 4134; x_wconf 78' lang='grc' dir='ltr'>Ἀπὸ</span> <span class='ocrx_word' id='word_1_629' title='bbox 3042 4078 3158 4140; x_wconf 76' lang='grc' dir='ltr'>ἐνὸς</span> <span class='ocrx_word' id='word_1_630' title='bbox 3192 4075 3399 4137; x_wconf 72' lang='grc' dir='ltr'>ἔθνους,</span> <span class='ocrx_word' id='word_1_631' title='bbox 3429 4068 3524 4122; x_wconf 76' lang='grc' dir='ltr'>τοῦ</span> <span class='ocrx_word' id='word_1_632' title='bbox 3564 4069 3686 4163; x_wconf 26' lang='grc' dir='ltr'><strong>*Τυ-</strong></span> 
     </span>
    </p>
   </div>
   <div class='ocr_carea' id='block_1_88' title="bbox 2112 4158 3683 4255">
    <p class='ocr_par' dir='ltr' id='par_1_88' title="bbox 2112 4158 3683 4255">
     <span class='ocr_line' id='line_1_89' title="bbox 2112 4158 3683 4255; baseline -0.019 -17"><span class='ocrx_word' id='word_1_633' title='bbox 2112 4158 2241 4255; x_wconf 74' lang='grc' dir='ltr'>ρίῶν</span> <span class='ocrx_word' id='word_1_634' title='bbox 2294 4158 2456 4250; x_wconf 47' lang='lat' dir='ltr'><strong>(equi,</strong></span> <span class='ocrx_word' id='word_1_635' title='bbox 2514 4177 2612 4247; x_wconf 80' lang='grc' dir='ltr'><strong>τὴν</strong></span> <span class='ocrx_word' id='word_1_636' title='bbox 2646 4158 2752 4228; x_wconf 79' lang='grc' dir='ltr'><strong>τῶν</strong></span> <span class='ocrx_word' id='word_1_637' title='bbox 2799 4169 2965 4224; x_wconf 80' lang='grc' dir='ltr'>ἐθνῶν</span> <span class='ocrx_word' id='word_1_638' title='bbox 3016 4167 3208 4235; x_wconf 82' lang='grc' dir='ltr'>κλῆσιν</span> <span class='ocrx_word' id='word_1_639' title='bbox 3258 4158 3683 4230; x_wconf 83' lang='grc' dir='ltr'>κατασημαίνει.</span> 
     </span>
    </p>
   </div>
   <div class='ocr_carea' id='block_1_89' title="bbox 2109 4248 3686 4340">
    <p class='ocr_par' dir='ltr' id='par_1_89' title="bbox 2109 4248 3686 4340">
     <span class='ocr_line' id='line_1_90' title="bbox 2109 4248 3686 4340; baseline -0.016 -15"><span class='ocrx_word' id='word_1_640' title='bbox 2109 4248 2248 4334; x_wconf 64' lang='grc' dir='ltr'>Τοὺς</span> <span class='ocrx_word' id='word_1_641' title='bbox 2280 4248 2510 4340; x_wconf 74' lang='grc' dir='ltr'>Τυρίους</span> <span class='ocrx_word' id='word_1_642' title='bbox 2552 4264 2608 4317; x_wconf 84' lang='grc' dir='ltr'>δὲ</span> <span class='ocrx_word' id='word_1_643' title='bbox 2659 4261 2929 4330; x_wconf 86' lang='grc' dir='ltr'>ὠνόμασε,</span> <span class='ocrx_word' id='word_1_644' title='bbox 2980 4254 3070 4309; x_wconf 79' lang='grc' dir='ltr'><strong>διὰ</strong></span> <span class='ocrx_word' id='word_1_645' title='bbox 3097 4254 3158 4306; x_wconf 84' lang='grc' dir='ltr'>τὸ</span> <span class='ocrx_word' id='word_1_646' title='bbox 3207 4251 3439 4323; x_wconf 81' lang='grc' dir='ltr'>μάλιστα</span> <span class='ocrx_word' id='word_1_647' title='bbox 3484 4248 3686 4308; x_wconf 78' lang='grc' dir='ltr'>αὐτοὺς</span> 
     </span>
    </p>
   </div>
   <div class='ocr_carea' id='block_1_90' title="bbox 2111 4344 3343 4434">
    <p class='ocr_par' dir='ltr' id='par_1_90' title="bbox 2111 4344 3343 4434">
     <span class='ocr_line' id='line_1_91' title="bbox 2111 4344 3343 4434; baseline -0.019 -17"><span class='ocrx_word' id='word_1_648' title='bbox 2111 4363 2339 4434; x_wconf 74' lang='grc' dir='ltr'>ἐχθροὺς</span> <span class='ocrx_word' id='word_1_649' title='bbox 2367 4356 2504 4412; x_wconf 77' lang='grc' dir='ltr'>εἶναι</span> <span class='ocrx_word' id='word_1_650' title='bbox 2523 4354 2618 4409; x_wconf 80' lang='grc' dir='ltr'>τοῦ</span> <span class='ocrx_word' id='word_1_651' title='bbox 2641 4351 2898 4412; x_wconf 77' lang='grc' dir='ltr'>εὐσεϐοῦς</span> <span class='ocrx_word' id='word_1_652' title='bbox 2929 4344 3343 4414; x_wconf 86' lang='grc' dir='ltr'>πολιτεύματος.</span> 
     </span>
    </p>
   </div>
   <div class='ocr_carea' id='block_1_91' title="bbox 509 4427 2016 4534">
    <p class='ocr_par' dir='ltr' id='par_1_91' title="bbox 509 4453 2004 4524">
     <span class='ocr_line' id='line_1_92' title="bbox 509 4453 2004 4524; baseline -0.007 -10"><span class='ocrx_word' id='word_1_653' title='bbox 509 4459 598 4514; x_wconf 70' lang='grc'><strong>15.</strong></span> <span class='ocrx_word' id='word_1_654' title='bbox 661 4459 873 4513; x_wconf 84' lang='lat' dir='ltr'><strong>Vultum</strong></span> <span class='ocrx_word' id='word_1_655' title='bbox 927 4470 1076 4512; x_wconf 89' lang='lat' dir='ltr'><strong>tuum</strong></span> <span class='ocrx_word' id='word_1_656' title='bbox 1125 4454 1546 4524; x_wconf 82' lang='lat' dir='ltr'><strong>deprecabuntur</strong></span> <span class='ocrx_word' id='word_1_657' title='bbox 1592 4454 1778 4507; x_wconf 84' lang='lat' dir='ltr'><strong>divites</strong></span> <span class='ocrx_word' id='word_1_658' title='bbox 1819 4453 2004 4520; x_wconf 86' lang='lat' dir='ltr'><strong>plebis.</strong></span> 
     </span>
    </p>
   </div>
   <div class='ocr_carea' id='block_1_92' title="bbox 2107 4427 3686 4534">
    <p class='ocr_par' dir='ltr' id='par_1_92' title="bbox 2143 4427 3686 4518">
     <span class='ocr_line' id='line_1_93' title="bbox 2143 4427 3686 4518; baseline -0.019 -11"><span class='ocrx_word' id='word_1_659' title='bbox 2316 4448 2641 4518; x_wconf 83' lang='grc' dir='ltr'>πρόσωπόν</span> <span class='ocrx_word' id='word_1_660' title='bbox 2690 4458 2805 4497; x_wconf 90' lang='grc' dir='ltr'><strong>σου</strong></span> <span class='ocrx_word' id='word_1_661' title='bbox 2854 4429 3328 4494; x_wconf 77' lang='grc' dir='ltr'>λιτανεύσουσιν</span> <span class='ocrx_word' id='word_1_662' title='bbox 3379 4432 3433 4484; x_wconf 82' lang='grc' dir='ltr'>οἱ</span> <span class='ocrx_word' id='word_1_663' title='bbox 3490 4427 3686 4479; x_wconf 73' lang='grc' dir='ltr'>πλού-</span> 
     </span>
    </p>
   </div>
   <div class='ocr_carea' id='block_1_93' title="bbox 436 4545 2010 4619">
    <p class='ocr_par' dir='ltr' id='par_1_93' title="bbox 436 4545 2010 4619">
     <span class='ocr_line' id='line_1_94' title="bbox 436 4545 2010 4619; baseline -0.004 -15"><span class='ocrx_word' id='word_1_664' title='bbox 436 4547 555 4606; x_wconf 84' lang='lat' dir='ltr'><strong>Hoc</strong></span> <span class='ocrx_word' id='word_1_665' title='bbox 596 4549 675 4603; x_wconf 92' lang='lat' dir='ltr'><strong>ait</strong></span> <span class='ocrx_word' id='word_1_666' title='bbox 740 4547 1090 4619; x_wconf 79' lang='lat' dir='ltr'><strong>Evangelium</strong></span> <span class='ocrx_word' id='word_1_667' title='bbox 1147 4546 1368 4615; x_wconf 86' lang='lat' dir='ltr'><strong>regibus</strong></span> <span class='ocrx_word' id='word_1_668' title='bbox 1416 4546 1739 4615; x_wconf 76' lang='lat' dir='ltr'><strong>praedicans,</strong></span> <span class='ocrx_word' id='word_1_669' title='bbox 1785 4554 1838 4599; x_wconf 88' lang='lat' dir='ltr'><strong>et</strong></span> <span class='ocrx_word' id='word_1_670' title='bbox 1871 4545 2010 4613; x_wconf 84' lang='lat' dir='ltr'><strong>opti-</strong></span> 
     </span>
    </p>
   </div>
   <div class='ocr_carea' id='block_1_94' title="bbox 437 4636 2007 4711">
    <p class='ocr_par' dir='ltr' id='par_1_94' title="bbox 437 4636 2007 4711">
     <span class='ocr_line' id='line_1_95' title="bbox 437 4636 2007 4711; baseline -0.004 -17"><span class='ocrx_word' id='word_1_671' title='bbox 437 4640 722 4711; x_wconf 74' lang='lat' dir='ltr'><strong>matibus:</strong></span> <span class='ocrx_word' id='word_1_672' title='bbox 787 4639 969 4693; x_wconf 86' lang='lat' dir='ltr'><strong>Adora</strong></span> <span class='ocrx_word' id='word_1_673' title='bbox 1024 4636 1320 4692; x_wconf 89' lang='lat' dir='ltr'><strong>Ecclesiam</strong></span> <span class='ocrx_word' id='word_1_674' title='bbox 1367 4637 1481 4692; x_wconf 85' lang='lat' dir='ltr'><strong>sive</strong></span> <span class='ocrx_word' id='word_1_675' title='bbox 1517 4639 1637 4706; x_wconf 90' lang='lat' dir='ltr'><strong>ejus</strong></span> <span class='ocrx_word' id='word_1_676' title='bbox 1696 4636 2007 4691; x_wconf 85' lang='lat' dir='ltr'><strong>Dominum.</strong></span> 
     </span>
    </p>
   </div>
   <div class='ocr_carea' id='block_1_95' title="bbox 442 4729 2010 4801">
    <p class='ocr_par' dir='ltr' id='par_1_95' title="bbox 442 4729 2010 4801">
     <span class='ocr_line' id='line_1_96' title="bbox 442 4729 2010 4801; baseline -0.006 -14"><span class='ocrx_word' id='word_1_677' title='bbox 442 4732 627 4787; x_wconf 88' lang='lat' dir='ltr'><strong>Omnis</strong></span> <span class='ocrx_word' id='word_1_678' title='bbox 687 4730 858 4801; x_wconf 85' lang='lat' dir='ltr'><strong>gloria</strong></span> <span class='ocrx_word' id='word_1_679' title='bbox 890 4731 1016 4798; x_wconf 75' lang='lat' dir='ltr'><strong>filia:</strong></span> <span class='ocrx_word' id='word_1_680' title='bbox 1046 4730 1181 4799; x_wconf 89' lang='lat' dir='ltr'><strong>regis</strong></span> <span class='ocrx_word' id='word_1_681' title='bbox 1232 4729 1296 4783; x_wconf 88' lang='lat' dir='ltr'><strong>ab</strong></span> <span class='ocrx_word' id='word_1_682' title='bbox 1332 4730 1496 4796; x_wconf 85' lang='lat' dir='ltr'><strong>intus,</strong></span> <span class='ocrx_word' id='word_1_683' title='bbox 1544 4731 1600 4782; x_wconf 88' lang='lat' dir='ltr'><strong>in</strong></span> <span class='ocrx_word' id='word_1_684' title='bbox 1640 4729 1865 4796; x_wconf 82' lang='lat' dir='ltr'><strong>ﬁmbriis</strong></span> <span class='ocrx_word' id='word_1_685' title='bbox 1912 4743 2010 4779; x_wconf 87' lang='lat' dir='ltr'><strong>au-</strong></span> 
     </span>
    </p>
   </div>
   <div class='ocr_carea' id='block_1_96' title="bbox 439 4817 2009 4888">
    <p class='ocr_par' dir='ltr' id='par_1_96' title="bbox 439 4817 2009 4888">
     <span class='ocr_line' id='line_1_97' title="bbox 439 4817 2009 4888; baseline -0.003 -13"><span class='ocrx_word' id='word_1_686' title='bbox 439 4823 563 4876; x_wconf 86' lang='lat' dir='ltr'><strong>reis.</strong></span> <span class='ocrx_word' id='word_1_687' title='bbox 611 4822 870 4875; x_wconf 86' lang='lat' dir='ltr'><strong>Pietatem</strong></span> <span class='ocrx_word' id='word_1_688' title='bbox 919 4835 1073 4886; x_wconf 88' lang='lat' dir='ltr'><strong>voce,</strong></span> <span class='ocrx_word' id='word_1_689' title='bbox 1135 4818 1199 4872; x_wconf 85' lang='lat' dir='ltr'><strong>ab</strong></span> <span class='ocrx_word' id='word_1_690' title='bbox 1245 4820 1412 4884; x_wconf 86' lang='lat' dir='ltr'><strong>intus,</strong></span> <span class='ocrx_word' id='word_1_691' title='bbox 1455 4818 1775 4888; x_wconf 77' lang='lat' dir='ltr'><strong>significat:</strong></span> <span class='ocrx_word' id='word_1_692' title='bbox 1846 4817 2009 4886; x_wconf 88' lang='lat' dir='ltr'><strong>spiri-</strong></span> 
     </span>
    </p>
   </div>
   <div class='ocr_carea' id='block_1_97' title="bbox 439 4911 2011 4982">
    <p class='ocr_par' dir='ltr' id='par_1_97' title="bbox 439 4911 2011 4982">
     <span class='ocr_line' id='line_1_98' title="bbox 439 4911 2011 4982; baseline -0.002 -14"><span class='ocrx_word' id='word_1_693' title='bbox 439 4915 604 4969; x_wconf 89' lang='lat' dir='ltr'><strong>tualis</strong></span> <span class='ocrx_word' id='word_1_694' title='bbox 639 4929 874 4982; x_wconf 83' lang='lat' dir='ltr'><strong>namque</strong></span> <span class='ocrx_word' id='word_1_695' title='bbox 915 4922 999 4968; x_wconf 89' lang='lat' dir='ltr'><strong>est</strong></span> <span class='ocrx_word' id='word_1_696' title='bbox 1038 4922 1267 4968; x_wconf 87' lang='lat' dir='ltr'><strong>ornatus</strong></span> <span class='ocrx_word' id='word_1_697' title='bbox 1299 4913 1572 4968; x_wconf 70' lang='lat' dir='ltr'><strong>Ecclesiae.</strong></span> <span class='ocrx_word' id='word_1_698' title='bbox 1618 4911 1886 4966; x_wconf 81' lang='lat' dir='ltr'><strong>Fimbrias</strong></span> <span class='ocrx_word' id='word_1_699' title='bbox 1915 4925 2011 4965; x_wconf 89' lang='lat' dir='ltr'><strong>au-</strong></span> 
     </span>
    </p>
   </div>
   <div class='ocr_carea' id='block_1_98' title="bbox 441 5006 1583 5076">
    <p class='ocr_par' dir='ltr' id='par_1_98' title="bbox 441 5006 1583 5076">
     <span class='ocr_line' id='line_1_99' title="bbox 441 5006 1583 5076; baseline -0.004 -13"><span class='ocrx_word' id='word_1_700' title='bbox 441 5019 547 5063; x_wconf 87' lang='lat' dir='ltr'><strong>tem</strong></span> <span class='ocrx_word' id='word_1_701' title='bbox 574 5007 707 5062; x_wconf 88' lang='lat' dir='ltr'><strong>dicit</strong></span> <span class='ocrx_word' id='word_1_702' title='bbox 745 5006 1075 5076; x_wconf 86' lang='lat' dir='ltr'><strong>multiplices</strong></span> <span class='ocrx_word' id='word_1_703' title='bbox 1114 5007 1295 5074; x_wconf 90' lang='lat' dir='ltr'><strong>specie</strong></span> <span class='ocrx_word' id='word_1_704' title='bbox 1332 5006 1583 5059; x_wconf 90' lang='lat' dir='ltr'><strong>virtutes.</strong></span> 
     </span>
    </p>
   </div>
   <div class='ocr_carea' id='block_1_99' title="bbox 511 5175 2017 5250">
    <p class='ocr_par' dir='ltr' id='par_1_99' title="bbox 511 5175 2017 5250">
     <span class='ocr_line' id='line_1_100' title="bbox 511 5175 2017 5250; baseline -0.003 -16"><span class='ocrx_word' id='word_1_705' title='bbox 511 5181 597 5235; x_wconf 73' lang='lat' dir='ltr'><strong>i5.</strong></span> <span class='ocrx_word' id='word_1_706' title='bbox 638 5180 981 5235; x_wconf 76' lang='lat' dir='ltr'><strong>Adducentur</strong></span> <span class='ocrx_word' id='word_1_707' title='bbox 1031 5181 1142 5250; x_wconf 83' lang='lat' dir='ltr'><strong>regi</strong></span> <span class='ocrx_word' id='word_1_708' title='bbox 1195 5180 1420 5247; x_wconf 81' lang='lat' dir='ltr'><strong>virgines</strong></span> <span class='ocrx_word' id='word_1_709' title='bbox 1473 5188 1591 5248; x_wconf 86' lang='lat' dir='ltr'><strong>post</strong></span> <span class='ocrx_word' id='word_1_710' title='bbox 1634 5194 1770 5231; x_wconf 85' lang='lat' dir='ltr'><strong>eam.</strong></span> <span class='ocrx_word' id='word_1_711' title='bbox 1829 5175 2017 5230; x_wconf 89' lang='lat' dir='ltr'><strong>Simile</strong></span> 
     </span>
    </p>
   </div>
   <div class='ocr_carea' id='block_1_100' title="bbox 720 5248 2016 5342">
    <p class='ocr_par' dir='ltr' id='par_1_100' title="bbox 720 5248 2016 5342">
     <span class='ocr_line' id='line_1_101' title="bbox 720 5248 2016 5342; baseline -0.005 -15"><span class='ocrx_word' id='word_1_712' title='bbox 720 5273 1010 5342; x_wconf 82' lang='lat' dir='ltr'><strong>Rapiemur</strong></span> <span class='ocrx_word' id='word_1_713' title='bbox 1067 5248 1124 5326; x_wconf 78' lang='lat' dir='ltr'><strong>in</strong></span> <span class='ocrx_word' id='word_1_714' title='bbox 1183 5272 1408 5326; x_wconf 87' lang='lat' dir='ltr'><strong>nubibus</strong></span> <span class='ocrx_word' id='word_1_715' title='bbox 1443 5272 1648 5328; x_wconf 81' lang='lat' dir='ltr'><strong>obviam</strong></span> <span class='ocrx_word' id='word_1_716' title='bbox 1701 5269 1929 5324; x_wconf 86' lang='lat' dir='ltr'><strong>Domino</strong></span> <span class='ocrx_word' id='word_1_717' title='bbox 1961 5271 2016 5321; x_wconf 89' lang='lat' dir='ltr'><strong>in</strong></span> 
     </span>
    </p>
   </div>
   <div class='ocr_carea' id='block_1_101' title="bbox 2107 5248 3694 5342">
    <p class='ocr_par' dir='ltr' id='par_1_101' title="bbox 2107 5248 3694 5340">
     <span class='ocr_line' id='line_1_102' title="bbox 2107 5248 3694 5340; baseline -0.016 -18"><span class='ocrx_word' id='word_1_718' title='bbox 2107 5267 2326 5340; x_wconf 81' lang='grc' dir='ltr'>αὐτῆς.</span> <span class='ocrx_word' id='word_1_719' title='bbox 2369 5266 2588 5334; x_wconf 87' lang='grc' dir='ltr'>Ὅμοιον</span> <span class='ocrx_word' id='word_1_720' title='bbox 2621 5262 2716 5325; x_wconf 77' lang='grc' dir='ltr'>τὸ,</span> <span class='ocrx_word' id='word_1_721' title='bbox 2758 5256 3239 5326; x_wconf 80' lang='grc' dir='ltr'>Ἀρπαγησόμεθα</span> <span class='ocrx_word' id='word_1_722' title='bbox 3289 5252 3359 5304; x_wconf 83' lang='grc' dir='ltr'>ἐν</span> <span class='ocrx_word' id='word_1_723' title='bbox 3403 5248 3694 5317; x_wconf 64' lang='grc' dir='ltr'>νεφέλαις</span> 
     </span>
    </p>
   </div>
   <div class='ocr_carea' id='block_1_102' title="bbox 440 5275 649 5330">
    <p class='ocr_par' dir='ltr' id='par_1_102' title="bbox 440 5275 649 5330">
     <span class='ocr_line' id='line_1_103' title="bbox 440 5275 649 5330; baseline 0.014 -4"><span class='ocrx_word' id='word_1_724' title='bbox 440 5275 567 5330; x_wconf 85' lang='lat' dir='ltr'><strong>huic</strong></span> <span class='ocrx_word' id='word_1_725' title='bbox 635 5293 649 5329; x_wconf 91' lang='lat'>:</span> 
     </span>
    </p>
   </div>
   <div class='ocr_carea' id='block_1_103' title="bbox 438 5361 2014 5436">
    <p class='ocr_par' dir='ltr' id='par_1_103' title="bbox 438 5361 2014 5436">
     <span class='ocr_line' id='line_1_104' title="bbox 438 5361 2014 5436; baseline -0.002 -19"><span class='ocrx_word' id='word_1_726' title='bbox 438 5383 563 5420; x_wconf 65' lang='lat' dir='ltr'><strong>aera</strong></span> <span class='ocrx_word' id='word_1_727' title='bbox 592 5367 658 5422; x_wconf 82' lang='lat'><strong>&quot;.</strong></span> <span class='ocrx_word' id='word_1_728' title='bbox 714 5365 952 5421; x_wconf 81' lang='lat' dir='ltr'><strong>Rursum</strong></span> <span class='ocrx_word' id='word_1_729' title='bbox 1001 5381 1098 5436; x_wconf 88' lang='lat' dir='ltr'><strong>per</strong></span> <span class='ocrx_word' id='word_1_730' title='bbox 1146 5366 1411 5434; x_wconf 85' lang='lat' dir='ltr'><strong>virginem</strong></span> <span class='ocrx_word' id='word_1_731' title='bbox 1436 5363 1734 5418; x_wconf 84' lang='lat' dir='ltr'><strong>Ecclesiam</strong></span> <span class='ocrx_word' id='word_1_732' title='bbox 1768 5361 1968 5416; x_wconf 88' lang='lat' dir='ltr'><strong>indicat</strong></span> <span class='ocrx_word' id='word_1_733' title='bbox 2001 5379 2014 5414; x_wconf 92' lang='lat'><strong>:</strong></span> 
     </span>
    </p>
   </div>
   <div class='ocr_carea' id='block_1_104' title="bbox 511 5502 1987 5573">
    <p class='ocr_par' dir='ltr' id='par_1_104' title="bbox 511 5502 1987 5573">
     <span class='ocr_line' id='line_1_105' title="bbox 511 5502 1987 5573; baseline -0.005 -13"><span class='ocrx_word' id='word_1_734' title='bbox 511 5510 553 5539; x_wconf 82' lang='grc'><strong>²¹</strong></span> <span class='ocrx_word' id='word_1_735' title='bbox 594 5509 735 5563; x_wconf 85' lang='lat' dir='ltr'><strong>Psal.</strong></span> <span class='ocrx_word' id='word_1_736' title='bbox 768 5525 898 5573; x_wconf 81' lang='lat' dir='ltr'><strong>xcn,</strong></span> <span class='ocrx_word' id='word_1_737' title='bbox 943 5508 993 5560; x_wconf 80' lang='lat' dir='ltr'><strong>I.</strong></span> <span class='ocrx_word' id='word_1_738' title='bbox 1090 5507 1134 5538; x_wconf 79' lang='grc'><strong>’³</strong></span> <span class='ocrx_word' id='word_1_739' title='bbox 1167 5505 1320 5560; x_wconf 88' lang='lat' dir='ltr'><strong>Cant.</strong></span> <span class='ocrx_word' id='word_1_740' title='bbox 1375 5523 1390 5558; x_wconf 93' lang='grc' dir='ltr'><strong>ι</strong></span> <span class='ocrx_word' id='word_1_741' title='bbox 1457 5505 1511 5557; x_wconf 69' lang='lat'><strong>2.</strong></span> <span class='ocrx_word' id='word_1_742' title='bbox 1612 5503 1658 5534; x_wconf 65' lang='grc'><strong>³⁵</strong></span> <span class='ocrx_word' id='word_1_743' title='bbox 1752 5502 1882 5556; x_wconf 89' lang='lat' dir='ltr'><strong>ibid.</strong></span> <span class='ocrx_word' id='word_1_744' title='bbox 1934 5502 1987 5554; x_wconf 82' lang='grc'><strong>’5.</strong></span> 
     </span>
    </p>
   </div>
   <div class='ocr_carea' id='block_1_105' title="bbox 509 5734 1931 5814">
    <p class='ocr_par' dir='ltr' id='par_1_105' title="bbox 509 5734 1931 5814">
     <span class='ocr_line' id='line_1_106' title="bbox 509 5734 1931 5814; baseline -0.008 -18"><span class='ocrx_word' id='word_1_745' title='bbox 509 5741 620 5814; x_wconf 74' lang='lat' dir='ltr'><strong>(iii)</strong></span> <span class='ocrx_word' id='word_1_746' title='bbox 651 5740 707 5796; x_wconf 87' lang='lat' dir='ltr'><strong>in</strong></span> <span class='ocrx_word' id='word_1_747' title='bbox 739 5741 859 5797; x_wconf 85' lang='lat' dir='ltr'><strong>aliis</strong></span> <span class='ocrx_word' id='word_1_748' title='bbox 892 5742 1099 5798; x_wconf 89' lang='lat' dir='ltr'><strong>catenis</strong></span> <span class='ocrx_word' id='word_1_749' title='bbox 1133 5742 1244 5796; x_wconf 71' lang='lat' dir='ltr'><strong>haec</strong></span> <span class='ocrx_word' id='word_1_750' title='bbox 1279 5737 1459 5794; x_wconf 82' lang='lat' dir='ltr'><strong>Basilii</strong></span> <span class='ocrx_word' id='word_1_751' title='bbox 1500 5749 1621 5791; x_wconf 88' lang='lat' dir='ltr'><strong>esse</strong></span> <span class='ocrx_word' id='word_1_752' title='bbox 1660 5734 1931 5788; x_wconf 87' lang='lat' dir='ltr'><strong>dicuntur.</strong></span> 
     </span>
    </p>
   </div>
   <div class='ocr_carea' id='block_1_106' title="bbox 2069 5495 2580 5558">
    <p class='ocr_par' dir='ltr' id='par_1_106' title="bbox 2069 5495 2580 5558">
     <span class='ocr_line' id='line_1_107' title="bbox 2069 5495 2580 5558; baseline -0.02 -2"><span class='ocrx_word' id='word_1_753' title='bbox 2069 5500 2115 5531; x_wconf 80' lang='lat'>”</span> <span class='ocrx_word' id='word_1_754' title='bbox 2161 5508 2322 5554; x_wconf 56' lang='lat' dir='ltr'><strong>sanat.</strong></span> <span class='ocrx_word' id='word_1_755' title='bbox 2360 5514 2449 5558; x_wconf 88' lang='grc' dir='ltr'>ιιι,</span> <span class='ocrx_word' id='word_1_756' title='bbox 2496 5495 2580 5548; x_wconf 81' lang='grc' dir='ltr'><strong>ΓΙ.</strong></span> 
     </span>
    </p>
   </div>
   <div class='ocr_carea' id='block_1_107' title="bbox 2114 4519 3689 4601">
    <p class='ocr_par' dir='ltr' id='par_1_107' title="bbox 2114 4519 3689 4601">
     <span class='ocr_line' id='line_1_108' title="bbox 2114 4519 3689 4601; baseline -0.017 -4"><span class='ocrx_word' id='word_1_757' title='bbox 2114 4558 2236 4597; x_wconf 90' lang='grc' dir='ltr'>σιοι</span> <span class='ocrx_word' id='word_1_758' title='bbox 2267 4540 2372 4594; x_wconf 85' lang='grc' dir='ltr'>τοῦ</span> <span class='ocrx_word' id='word_1_759' title='bbox 2427 4537 2598 4593; x_wconf 76' lang='grc' dir='ltr'>λαοῦ.</span> <span class='ocrx_word' id='word_1_760' title='bbox 2630 4533 2800 4588; x_wconf 79' lang='grc' dir='ltr'>Τοῦτό</span> <span class='ocrx_word' id='word_1_761' title='bbox 2839 4547 3004 4601; x_wconf 82' lang='grc' dir='ltr'>φησιν</span> <span class='ocrx_word' id='word_1_762' title='bbox 3051 4523 3534 4594; x_wconf 77' lang='grc' dir='ltr'>εὐαγγελιζόμενος</span> <span class='ocrx_word' id='word_1_763' title='bbox 3591 4519 3689 4572; x_wconf 72' lang='grc' dir='ltr'><strong>καὶ</strong></span> 
     </span>
    </p>
   </div>
   <div class='ocr_carea' id='block_1_108' title="bbox 2115 4611 3685 4699">
    <p class='ocr_par' dir='ltr' id='par_1_108' title="bbox 2115 4611 3685 4699">
     <span class='ocr_line' id='line_1_109' title="bbox 2115 4611 3685 4699; baseline -0.017 -11"><span class='ocrx_word' id='word_1_764' title='bbox 2115 4633 2308 4696; x_wconf 81' lang='grc' dir='ltr'>αὐτοὺς</span> <span class='ocrx_word' id='word_1_765' title='bbox 2343 4631 2469 4693; x_wconf 79' lang='grc' dir='ltr'>τοὺς</span> <span class='ocrx_word' id='word_1_766' title='bbox 2493 4626 2748 4699; x_wconf 79' lang='grc' dir='ltr'>βασιλεῖς,</span> <span class='ocrx_word' id='word_1_767' title='bbox 2782 4620 3023 4683; x_wconf 78' lang='grc' dir='ltr'>καὶτοὺς</span> <span class='ocrx_word' id='word_1_768' title='bbox 3055 4621 3114 4672; x_wconf 82' lang='grc' dir='ltr'>ὲν</span> <span class='ocrx_word' id='word_1_769' title='bbox 3146 4616 3436 4685; x_wconf 84' lang='grc' dir='ltr'>ὑπεροχαῖς</span> <span class='ocrx_word' id='word_1_770' title='bbox 3479 4611 3643 4673; x_wconf 72' lang='grc' dir='ltr'>ὄντας</span> <span class='ocrx_word' id='word_1_771' title='bbox 3670 4627 3685 4640; x_wconf 82' lang='lat'><strong>&#39;</strong></span> 
     </span>
    </p>
   </div>
   <div class='ocr_carea' id='block_1_109' title="bbox 2116 4700 3691 4793">
    <p class='ocr_par' dir='ltr' id='par_1_109' title="bbox 2116 4700 3691 4793">
     <span class='ocr_line' id='line_1_110' title="bbox 2116 4700 3691 4793; baseline -0.016 -17"><span class='ocrx_word' id='word_1_772' title='bbox 2116 4719 2500 4793; x_wconf 83' lang='grc' dir='ltr'>Προσκύνησον</span> <span class='ocrx_word' id='word_1_773' title='bbox 2547 4717 2645 4786; x_wconf 82' lang='grc' dir='ltr'>τὴν</span> <span class='ocrx_word' id='word_1_774' title='bbox 2693 4711 3040 4782; x_wconf 84' lang='grc' dir='ltr'>Ἐκκλησίαν,</span> <span class='ocrx_word' id='word_1_775' title='bbox 3075 4709 3193 4778; x_wconf 68' lang='grc' dir='ltr'>ἦτοι</span> <span class='ocrx_word' id='word_1_776' title='bbox 3227 4705 3312 4758; x_wconf 75' lang='grc' dir='ltr'>τὸν</span> <span class='ocrx_word' id='word_1_777' title='bbox 3342 4703 3535 4769; x_wconf 76' lang='grc' dir='ltr'>ἑαυτῆς</span> <span class='ocrx_word' id='word_1_778' title='bbox 3569 4700 3691 4754; x_wconf 76' lang='grc' dir='ltr'><strong>Κύ-</strong></span> 
     </span>
    </p>
   </div>
   <div class='ocr_carea' id='block_1_110' title="bbox 2120 4790 3686 4886">
    <p class='ocr_par' dir='ltr' id='par_1_110' title="bbox 2120 4790 3686 4886">
     <span class='ocr_line' id='line_1_111' title="bbox 2120 4790 3686 4886; baseline -0.019 -17"><span class='ocrx_word' id='word_1_779' title='bbox 2120 4790 2254 4886; x_wconf 77' lang='grc' dir='ltr'>ριον.</span> <span class='ocrx_word' id='word_1_780' title='bbox 2291 4810 2466 4867; x_wconf 82' lang='grc' dir='ltr'>Πᾶσα</span> <span class='ocrx_word' id='word_1_781' title='bbox 2508 4812 2546 4877; x_wconf 77' lang='grc' dir='ltr'><em>ἠ</em></span> <span class='ocrx_word' id='word_1_782' title='bbox 2587 4807 2737 4871; x_wconf 80' lang='grc' dir='ltr'>δόξα</span> <span class='ocrx_word' id='word_1_783' title='bbox 2769 4803 2878 4870; x_wconf 81' lang='grc' dir='ltr'>τῆς</span> <span class='ocrx_word' id='word_1_784' title='bbox 2913 4797 3202 4869; x_wconf 82' lang='grc' dir='ltr'>θυγατρὸς</span> <span class='ocrx_word' id='word_1_785' title='bbox 3229 4795 3336 4849; x_wconf 85' lang='grc' dir='ltr'>τοῦ</span> <span class='ocrx_word' id='word_1_786' title='bbox 3375 4790 3686 4886; x_wconf 37' lang='grc' dir='ltr'>,βασιλέως</span> 
     </span>
    </p>
   </div>
   <div class='ocr_carea' id='block_1_111' title="bbox 2119 4882 3664 4970">
    <p class='ocr_par' dir='ltr' id='par_1_111' title="bbox 2119 4882 3664 4970">
     <span class='ocr_line' id='line_1_112' title="bbox 2119 4882 3664 4970; baseline -0.018 -9"><span class='ocrx_word' id='word_1_787' title='bbox 2119 4882 2348 4960; x_wconf 62' lang='grc' dir='ltr'>ἔσωθεν</span> <span class='ocrx_word' id='word_1_788' title='bbox 2371 4904 2441 4956; x_wconf 85' lang='grc' dir='ltr'>ὲν</span> <span class='ocrx_word' id='word_1_789' title='bbox 2468 4898 2836 4970; x_wconf 81' lang='grc' dir='ltr'>κροσσωτοῖς</span> <span class='ocrx_word' id='word_1_790' title='bbox 2868 4891 3136 4964; x_wconf 82' lang='grc' dir='ltr'>χρυσοῖς.</span> <span class='ocrx_word' id='word_1_791' title='bbox 3171 4888 3245 4942; x_wconf 84' lang='grc' dir='ltr'>Τὸ</span> <span class='ocrx_word' id='word_1_792' title='bbox 3279 4885 3501 4945; x_wconf 76' lang='grc' dir='ltr'>εὐσεϐὲς</span> <span class='ocrx_word' id='word_1_793' title='bbox 3534 4882 3664 4935; x_wconf 82' lang='grc' dir='ltr'>ἔσω</span> 
     </span>
    </p>
   </div>
   <div class='ocr_carea' id='block_1_112' title="bbox 2120 4972 3688 5067">
    <p class='ocr_par' dir='ltr' id='par_1_112' title="bbox 2120 4972 3688 5067">
     <span class='ocr_line' id='line_1_113' title="bbox 2120 4972 3688 5067; baseline -0.02 -14"><span class='ocrx_word' id='word_1_794' title='bbox 2120 5002 2224 5053; x_wconf 88' lang='grc' dir='ltr'>θεν</span> <span class='ocrx_word' id='word_1_795' title='bbox 2245 4995 2526 5067; x_wconf 87' lang='grc' dir='ltr'>σημαίνει·</span> <span class='ocrx_word' id='word_1_796' title='bbox 2561 4989 2748 5060; x_wconf 84' lang='grc' dir='ltr'>νοητὸς</span> <span class='ocrx_word' id='word_1_797' title='bbox 2775 4987 2884 5056; x_wconf 86' lang='grc' dir='ltr'><strong>γάρ</strong></span> <span class='ocrx_word' id='word_1_798' title='bbox 2906 4987 2934 5037; x_wconf 87' lang='grc' dir='ltr'>ὁ</span> <span class='ocrx_word' id='word_1_799' title='bbox 2962 4984 3164 5052; x_wconf 83' lang='grc' dir='ltr'>κόσμος</span> <span class='ocrx_word' id='word_1_800' title='bbox 3184 4980 3282 5048; x_wconf 76' lang='grc' dir='ltr'>τῆς</span> <span class='ocrx_word' id='word_1_801' title='bbox 3324 4972 3649 5042; x_wconf 84' lang='grc' dir='ltr'>Ἐκκλησίας</span> <span class='ocrx_word' id='word_1_802' title='bbox 3671 4989 3688 5001; x_wconf 75' lang='grc' dir='ltr'><strong><em>ο</em></strong></span> 
     </span>
    </p>
   </div>
   <div class='ocr_carea' id='block_1_113' title="bbox 2114 5071 3178 5146">
    <p class='ocr_par' dir='ltr' id='par_1_113' title="bbox 2114 5071 3178 5146">
     <span class='ocr_line' id='line_1_114' title="bbox 2114 5071 3178 5146; baseline -0.016 -6"><span class='ocrx_word' id='word_1_803' title='bbox 2114 5085 2381 5146; x_wconf 81' lang='grc' dir='ltr'>κοοσσοὺς</span> <span class='ocrx_word' id='word_1_804' title='bbox 2412 5083 2468 5135; x_wconf 81' lang='grc' dir='ltr'><strong>δὲ</strong></span> <span class='ocrx_word' id='word_1_805' title='bbox 2497 5081 2595 5144; x_wconf 71' lang='grc' dir='ltr'>τὰς</span> <span class='ocrx_word' id='word_1_806' title='bbox 2627 5077 2926 5137; x_wconf 85' lang='grc' dir='ltr'>πολυειδεῖς</span> <span class='ocrx_word' id='word_1_807' title='bbox 2955 5071 3178 5143; x_wconf 86' lang='grc' dir='ltr'>ἀρετάς.</span> 
     </span>
    </p>
   </div>
   <div class='ocr_carea' id='block_1_114' title="bbox 2202 5156 3694 5242">
    <p class='ocr_par' dir='ltr' id='par_1_114' title="bbox 2202 5156 3694 5242">
     <span class='ocr_line' id='line_1_115' title="bbox 2202 5156 3694 5242; baseline -0.013 -14"><span class='ocrx_word' id='word_1_808' title='bbox 2202 5171 2738 5242; x_wconf 76' lang='grc' dir='ltr'>Ἀπενεχθήσονται</span> <span class='ocrx_word' id='word_1_809' title='bbox 2771 5166 2851 5233; x_wconf 84' lang='grc' dir='ltr'>τῷ</span> <span class='ocrx_word' id='word_1_810' title='bbox 2888 5160 3143 5229; x_wconf 75' lang='grc' dir='ltr'>,βασιλεῖ</span> <span class='ocrx_word' id='word_1_811' title='bbox 3179 5157 3459 5227; x_wconf 84' lang='grc' dir='ltr'>παρθένοι</span> <span class='ocrx_word' id='word_1_812' title='bbox 3495 5156 3694 5209; x_wconf 81' lang='grc' dir='ltr'>ὀπίσω</span> 
     </span>
    </p>
   </div>
   <div class='ocr_carea' id='block_1_115' title="bbox 2115 5338 3695 5425">
    <p class='ocr_par' dir='ltr' id='par_1_115' title="bbox 2115 5338 3695 5425">
     <span class='ocr_line' id='line_1_116' title="bbox 2115 5338 3695 5425; baseline -0.015 -11"><span class='ocrx_word' id='word_1_813' title='bbox 2115 5363 2201 5425; x_wconf 88' lang='grc' dir='ltr'>εὶς</span> <span class='ocrx_word' id='word_1_814' title='bbox 2239 5356 2580 5423; x_wconf 82' lang='grc' dir='ltr'>ἀπάντησιν</span> <span class='ocrx_word' id='word_1_815' title='bbox 2608 5351 2967 5418; x_wconf 49' lang='grc' dir='ltr'>τούζΚξρίου</span> <span class='ocrx_word' id='word_1_816' title='bbox 2994 5350 3081 5413; x_wconf 83' lang='grc' dir='ltr'>εὶς</span> <span class='ocrx_word' id='word_1_817' title='bbox 3111 5346 3274 5413; x_wconf 82' lang='grc' dir='ltr'>ἀέρα.</span> <span class='ocrx_word' id='word_1_818' title='bbox 3312 5343 3477 5396; x_wconf 87' lang='grc' dir='ltr'>Πάλιν</span> <span class='ocrx_word' id='word_1_819' title='bbox 3504 5339 3559 5392; x_wconf 71' lang='grc' dir='ltr'>δὲ</span> <span class='ocrx_word' id='word_1_820' title='bbox 3606 5338 3695 5391; x_wconf 58' lang='grc' dir='ltr'><strong>διὰ</strong></span> 
     </span>
    </p>
   </div>
   <div class='ocr_carea' id='block_1_116' title="bbox 2669 5486 3211 5552">
    <p class='ocr_par' dir='ltr' id='par_1_116' title="bbox 2669 5486 3211 5552">
     <span class='ocr_line' id='line_1_117' title="bbox 2669 5486 3211 5552; baseline -0.011 -9"><span class='ocrx_word' id='word_1_821' title='bbox 2669 5494 2711 5524; x_wconf 78' lang='grc'>⁸⁸</span> <span class='ocrx_word' id='word_1_822' title='bbox 2743 5489 2759 5542; x_wconf 85' lang='grc'><strong>1</strong></span> <span class='ocrx_word' id='word_1_823' title='bbox 2790 5487 2978 5542; x_wconf 86' lang='lat' dir='ltr'><strong>Thess.</strong></span> <span class='ocrx_word' id='word_1_824' title='bbox 3015 5503 3085 5552; x_wconf 87' lang='lat' dir='ltr'><strong>Iv,</strong></span> <span class='ocrx_word' id='word_1_825' title='bbox 3127 5486 3211 5538; x_wconf 74' lang='lat' dir='ltr'><strong>ib.</strong></span> 
     </span>
    </p>
   </div>
  </div>
