3872 6216
241 354 357 411 215

1345 341 1710 402 ΕΧΡΟΒῙΤῘΟ
1768 341 1838 396 1N
1876 340 2210 397 PSALMUM
2249 328 2428 398 XEV:

3399 328 3504 385 2H

240 475 346 544 τῆς
387 472 661 543 παρθένου
706 470 807 540 τὴν
853 466 1183 538 Ἐκκλησίαν
1221 467 1508 536 σημαίνει·
1556 464 1828 536 Ἦρμοσὰ-

1943 460 2204 541 Despondi
2242 460 2389 516 enim
2421 472 2520 513 vos
2545 455 2811 526 virginem
2857 465 3048 522 puram
3081 449 3336 505 exhibere
3371 447 3502 501 Deo.

249 580 360 634 μην
389 561 500 632 γὰρ
539 561 683 630 ὑμᾶς
715 558 980 630 παρθένον
1005 558 1176 627 ἁγνὴν
1202 557 1554 628 παραστῆσαι
1581 556 1662 626 τῷ
1687 553 1823 625 Θεῷ.

243 655 611 722 Αί-επλησίον
641 651 832 719 αὐτῆς
863 649 1387 719 ἀπενεχθήσονταί
1431 665 1548 703 σοι.
1581 650 1690 718 Τῆς
1720 647 1830 718 γὰρ

247 746 552 816 παρθενίας
574 744 803 815 πλησίον
832 745 865 812 ὴ
885 742 1203 812 ἐγκράτεια.
1235 741 1400 794 Ὅσαι
1427 741 1606 793 τοίνυν
1633 742 1828 808 ἐγκρα-

243 834 496 888 τεύονται
527 832 696 901 ψυχαὶ
721 830 964 900 δηλονότι
1000 831 1109 883 ἀπὸ
1138 829 1391 899 πράξεων
1427 827 1698 899 πονηρῶν,
1734 826 1828 880 καὶ

245 925 412 979 αὑταὶ
473 923 999 994 συναπαχθήσονται.
1035 920 1328 991 Συμϐαίνει
1373 919 1430 973 δὲ
1471 920 1569 983 τὰς
1617 922 1827 987 ἀπαγο-

248 1017 418 1087 μένας
471 1015 809 1084 εὐφροσύνην
869 1014 964 1067 καὶ
1008 1013 1330 1082 ἁγαλλίασιν
1370 1011 1587 1065 αίώνιον
1622 1013 1823 1083 εὑρεῖν.

256 1106 657 1176 ’Λκθήσονται
683 1107 770 1170 εἱς
801 1103 952 1158 ναὸν
989 1104 1320 1171 βασιλέως.
1373 1104 1477 1156 Τὸν
1506 1103 1826 1174 ὲπουράνιόν

244 1216 437 1270 φησιν.

331 1288 492 1344 Ἀντί
519 1287 635 1342 τῶν
656 1287 925 1356 πατέρων
945 1303 1062 1342 σευ
1087 1286 1504 1358 ἐγεννήθησαν
1530 1288 1650 1341 υἱοί
1687 1301 1824 1340 σου.

256 1381 478 1451 Ἐπειδὴ
511 1377 662 1434 εἶπεν
690 1383 850 1452 αὐτῇ,
893 1381 1181 1434 Ἐπιλάθου
1215 1381 1308 1434 τοῦ
1339 1381 1542 1451 πατρός
1575 1397 1689 1444 σου,
1720 1397 1825 1449 φη-

244 1473 355 1537 σὶν,
408 1471 544 1525 ἀντὶ
575 1469 696 1525 τῶν
733 1471 900 1525 πάλαι
931 1471 1202 1539 πατέρων
1230 1485 1371 1538 σου,
1402 1471 1677 1525 τουτέστιν
1708 1472 1828 1524 ἀντὶ

241 1563 354 1618 τῶν
405 1562 764 1626 διδασκάλων,
812 1562 1023 1616 ἔσονταί
1074 1579 1155 1615 σοι
1209 1562 1330 1616 υἱοί.
1389 1562 1555 1625 Υίοὺς
1602 1562 1657 1614 δὲ
1695 1564 1821 1626 τοὺς

243 1653 438 1720 ἁγίους
471 1653 805 1717 ἀποστόλους
837 1654 992 1722 φησὶ,
1026 1653 1164 1706 κατὰ
1194 1653 1256 1706 τὺ
1292 1653 1580 1724 εἰρημένον
1603 1653 1708 1707 ὑπὸ
1730 1652 1823 1706 τοῦ

245 1745 455 1816 Κυρίου
482 1763 493 1773 ·
527 1750 590 1800 Οἱ
618 1745 735 1799 υίοὶ
772 1745 935 1814 ὑμῶν
980 1747 1050 1798 ἐν
1093 1747 1209 1799 τίνι
1231 1746 1558 1800 ἐκϐαλοῦσι
1578 1763 1597 1810 ;
1631 1748 1701 1800 ’Ἡ
1735 1749 1826 1799 καὶ

243 1837 472 1900 τούτους
503 1835 612 1890 τῶν
659 1836 993 1908 Ἐκκλησιῶν
1031 1837 1369 1908 ἡγουμένους
1395 1879 1411 1905 ,
1465 1837 1516 1890 οἳ
1571 1837 1824 1905 γεγόνασι

249 1932 351 2002 μὲν
373 1931 473 2001 τῆς
521 1928 846 2000 Ἐκκλησίας
879 1928 1006 1994 υἱοὶ,
1038 1928 1452 2000 κατεστάθησαν
1477 1928 1533 1981 δὲ
1568 1928 1826 2000 ἄρχοντες

245 2023 341 2078 επὶ
373 2024 554 2076 πᾶσαν
587 2021 684 2091 τὴν
732 2022 836 2091 γῆν
866 2020 1012 2092 παρὰ
1047 2019 1142 2073 τοῦ
1185 2020 1392 2092 Κυρίου
1437 2018 1637 2091 Ἰησοῦ,
1685 2019 1825 2072 κατὰ

243 2114 307 2168 τὸ
336 2113 655 2186 εἰρημένον·
694 2110 1113 2180 Πορευθέντες,
1151 2111 1572 2180 μαθητεύσατε
1623 2109 1824 2163 πάντα

245 2206 321 2260 τὰ
347 2205 515 2273 ἔθνη.
553 2202 967 2270 Καταστήσας
995 2203 1216 2268 αὐτοὺς
1263 2203 1559 2273 ἄρχοντας
1589 2202 1685 2256 ἐπὶ
1717 2202 1827 2257 πᾶ-

245 2311 372 2352 σαν
406 2296 534 2365 *τὴν
559 2295 710 2366 γῆνο
744 2295 1204 2366 μνησθήσονται
1242 2296 1348 2350 τοῦ
1376 2296 1668 2364 ὀνόματός
1709 2312 1826 2349 σου

244 2390 317 2447 ὲν
339 2388 510 2458 πάσῃ
544 2387 718 2458 γενεᾷ
756 2389 850 2442 καὶ
891 2385 1084 2457 peregi.
1116 2387 1216 2442 Διὰ
1236 2387 1343 2442 τῶν
1367 2388 1526 2441 θείων
1552 2405 1828 2459 συγγραμ-

249 2483 439 2552 μάτων
473 2483 747 2552 δηλονότι³
800 2484 858 2534 ὲν
903 2485 1024 2545 ταῖς
1079 2483 1252 2552 ἱεραῖς
1297 2481 1588 2545 συλλαϐαῖς
1620 2499 1828 2553 μνημο-

245 2571 463 2625 νεύεται
496 2572 556 2625 τὸ
585 2571 678 2625 τοῦ
714 2570 848 2624 Θεοῦ
873 2571 1062 2642 ὄνομα.

317 2663 423 2717 Διὰ
458 2663 634 2718 τοῦτο
664 2663 800 2717 λαοὶ
851 2660 1405 2732 ἐξομολογήσονταί
1453 2677 1553 2716 σοι
1588 2665 1674 2728 εἱς
1721 2663 1829 2717 τὸν

246 2753 454 2810 αἰῶνα.
486 2755 585 2808 Διὰ
616 2754 678 2807 τὸ
710 2757 971 2826 κήρυγμα
995 2771 1008 2784 ·
1040 2755 1115 2818 ὼς
1151 2755 1287 2826 πρὸς
1327 2755 1416 2807 τὸν
1452 2755 1686 2826 Χριστὸν
1715 2755 1771 2808 δὲ
1800 2758 1830 2810 ὁ

245 2843 425 2914 λόγος.
459 2848 557 2898 Διὰ
606 2847 666 2899 τὸ
713 2845 1073 2917 μνημονεύειν
1117 2847 1312 2909 αὐτοὺς
1342 2845 1431 2898 διὰ
1457 2845 1567 2900 τῶν
1598 2847 1828 2919 Γραφῶν

245 2935 356 2988 τῶν
385 2936 705 3007 θαυμασίων
741 2935 836 2988 τοῦ
879 2935 1014 2989 Θεοῦ
1056 2929 1130 2989 ὧν
1174 2937 1430 3008 ἐποίησεν
1470 2937 1578 2991 ἀπὸ
1627 2938 1828 3007 γενεῶν

245 3027 518 3098 ἀρχαίων,
553 3029 648 3082 καὶ
676 3029 945 3084 διδάσκειν
973 3027 1071 3092 τὰς
1115 3028 1416 3100 ὲρχομένας
1441 3030 1650 3098 γενεάς.

246 3189 354 3254 Eii;
373 3186 547 3255 τέλος
572 3190 723 3258 ὑπὲρ
745 3188 864 3243 τῶν
883 3187 1032 3242 υἱῶν
1061 3187 1213 3257 Κορὲ
1232 3187 1384 3258 ὑπὲρ
1398 3187 1517 3242 τῶν
1537 3188 1824 3260 κρυφίων.
1857 3155 1902 3214 c

808 3283 1117 3335 ΨΑΛΜΟΣ
1145 3281 1282 3335 ΜΕ’.

872 3372 887 3390 ⁸
898 3373 1212 3438 Υπόθεσις.

251 3461 368 3535 Ῑὴν
411 3464 518 3517 τῶν
553 3463 723 3518 ἐθνῶν
752 3465 942 3535 κλῆσιν
971 3466 999 3517 ὁ
1041 3462 1232 3535 παρὼν
1262 3476 1470 3533 καταση
1482 3463 1659 3533 μαίνει
1688 3461 1828 3533 ψαλ-

327 3555 449 3626 μὸς,
467 3557 560 3608 καὶ
580 3556 687 3610 τῶν
712 3556 920 3627 νοητῶν
948 3554 1159 3626 ἐχθρῶν
1183 3553 1432 3624 ἐκϐολὴν,
1448 3554 1545 3608 καὶ
1573 3553 1672 3626 τὴν
1703 3553 1829 3608 κάθ-

322 3649 494 3719 ειρξιν
567 3647 757 3703 αὐτῶν.
793 3650 890 3720 τὴν
943 3650 1003 3702 ὲν
1062 3651 1129 3718 τῇ
1194 3646 1436 3717 ἀϐύσσῳ.
1500 3647 1716 3718 Ἐπειδὴ
1772 3648 1828 3701 δὲ

327 3741 499 3795 ταῦτα
537 3741 725 3811 ὥσπερ
773 3741 862 3794 διὰ
906 3737 1233 3811 παραϐολῶν
1291 3737 1549 3810 εἴρηται,
1605 3742 1830 3803 εἰκότως

321 3830 478 3900 ὑπὲρ
531 3830 800 3899 κρυφίων
843 3831 1242 3902 ἐπιγέγραπται
1273 3829 1302 3879 ὁ
1347 3829 1580 3900 ψαλμός.
1610 3831 1829 3901 ’ᾼδουσι

320 3923 380 3975 δὲ
419 3922 580 3975 αὐτὸν
607 3923 656 3974 oi
683 3919 1071 3984 πιστεύσαντες
1103 3922 1184 3983 είς
1213 3920 1467 3990 Χριστὸν,
1506 3923 1600 3976 καὶ
1627 3923 1733 3994 πρό
1763 3939 1829 3991 γε
1887 3975 1892 3980 _

326 4012 545 4065 πάντων
571 4013 620 4064 οἱ
650 4011 938 4069 ἀπόστολοι
965 4010 1150 4064 αὑτοῦ.

333 4105 391 4156 Ὀ
438 4103 583 4168 Θεὸς
617 4100 787 4170 ἡμῶν
839 4101 1152 4172 καταφυγὴ
1194 4102 1293 4156 καὶ
1337 4102 1608 4172 δύναμις.
1648 4103 1831 4158 Ταῦτά

249 4213 388 4267 φησι
407 4195 494 4248 διὰ
517 4195 648 4257 τοὺς
664 4194 1072 4258 ὲπαναστάντας
1094 4194 1275 4258 αὐτοῖς
1307 4194 1460 4265 παρὰ
1487 4193 1596 4248 τῶν
1624 4196 1830 4266 νοητῶν

242 4306 309 4342 τε
345 4288 443 4342 καὶ
483 4285 758 4354 αἰσθητῶν
794 4284 1005 4356 ἐχθρῶν
1044 4285 1336 4356 διωγμούς.
1377 4285 1481 4340 Διὰ
1531 4286 1708 4340 τοῦτο
1757 4290 1829 4342 οὐ

244 4377 711 4450 φοϐηθησόμεθα
740 4375 810 4426 ὲν
841 4373 920 4439 τῷ
953 4373 1361 4442 ταράσσεσθαι
1404 4374 1519 4442 τὴν
1540 4374 1678 4445 γῆν.
1730 4375 1831 4429 Διὰ

242 4471 309 4524 τὸ
339 4470 484 4540 ἔχειν
519 4485 599 4531 σε,
631 4467 813 4537 φησὶν,
840 4467 1052 4536 βοηθὸν,
1078 4467 1258 4536 πάσης
1273 4467 1515 4538 ταραχῆς
1541 4442 1828 4520 ἐπανιστα-

1943 4453 2235 4523 adjutorem
2285 4447 2573 4509 habemus,
2627 4442 2824 4512 inquit,

247 4562 422 4634 μένης
475 4562 609 4631 ἡμῖν
667 4559 1173 4629 καταφρονήσομεν.
1236 4558 1592 4628 Ἑταράττετο
1637 4558 1748 4630 γὰρ
1789 4562 1823 4630 ἡ

243 4656 400 4707 πᾶσα
430 4652 525 4721 γῆ,
561 4649 865 4720 ἀρχομένου
887 4651 980 4702 τοῦ
1005 4649 1380 4721 κηρύγματος,
1409 4649 1518 4703 τῶν
1560 4652 1828 4721 μενόντων

243 4749 306 4798 ὲν
334 4743 562 4810 ἀπιστίᾳ.
579 4741 1025 4811 ἐπανισταμένων
1043 4746 1155 4806 τοῖς
1173 4741 1488 4796 πιστεύουσι
1513 4743 1592 4814 τῷ
1621 4761 1690 4814 κη
1699 4743 1830 4815 ρύγ-

246 4855 404 4910 ματι.
423 4835 529 4889 Kal
546 4835 961 4904 μετατίθεσθαι
982 4833 1090 4903 ὄρη
1109 4835 1178 4888 ἐν
1192 4835 1463 4905 καρδίαις
1479 4835 1824 4893 θαλασσῶν.

244 4926 492 4997 Καρδίας
515 4925 800 4980 θαλασσῶν
827 4925 926 4989 τὰς
960 4925 1231 4989 ἀϐύσσους
1261 4910 1424 4997 φησιν
1450 4943 1464 4957 ο
1499 4926 1598 5000 ὅρη
1639 4926 1696 4980 δὲ
1727 4927 1828 4992 τὰς

242 5015 628 5086 ἀντικειμένας
681 5015 960 5085 δυνάμεις.
1009 5015 1098 5078 Ὡς
1145 5014 1428 5086 μέλλοντες
1479 5011 1571 5069 οὖν
1613 5016 1695 5080 είς
1729 5015 1828 5088 τὴν

244 5107 485 5164 ἄϐυσσον
517 5105 870 5160 ἐκϐάλλεσθαι
896 5106 945 5159 oi
977 5105 1250 5176 δαίμονες,
1273 5105 1548 5178 διήγειρον
1585 5106 1676 5160 τὸν
1705 5091 1826 5160 κατ⁴

243 5199 429 5254 αὐτῶν
465 5198 716 5269 πόλεμον.
756 5195 894 5249 Ἀλλ’
933 5197 994 5249 οὐ
1025 5196 1445 5268 φοϐηθησόμεθα
1496 5200 1622 5262 τοὺς
1650 5201 1827 5259 τοιού-

241 5309 392 5355 τους,
423 5291 603 5360 φασίν.

322 5447 577 5520 [Βοηθὸς
600 5447 670 5500 ἐν
694 5448 961 5516 θλίψεσι.
996 5446 1093 5500 Διὰ
1126 5446 1189 5498 τὸ
1210 5445 1354 5516 ἔχειν
1393 5463 1476 5510 σε,
1509 5449 1666 5519 φησι,
1702 5449 1828 5522 βοη-

244 5541 362 5605 θὺν,
392 5539 573 5609 πάσης
597 5539 837 5609 ταραχῆς
857 5536 1296 5628 ἐπανισταμένης
1323 5539 1454 5608 ἡμῖν
1486 5543 1828 5613 καταφρονήί-

245 5648 436 5700 οομεν.

309 5747 353 5778 ’τ
404 5746 539 5802 Luc.
581 5761 671 5812 ιι,
703 5743 789 5800 19.
1000 5721 1415 5807 Mattlr.xxv1n,
1455 5743 1548 5798 19.
1606 5711 1610 5718 ι

1930 538 2200 605 Proxima:
2223 550 2338 618 ejus
2374 549 2663 617 afferentur
2691 543 2807 600 tibi.
2836 540 2971 596 Nam
2997 539 3298 610 virginitati
3329 538 3509 608 proxi-

1929 659 2017 699 ma
2053 650 2136 698 est
2172 641 2528 698 continentia.
2557 637 2836 706 Quotquot
2866 634 3031 704 igitur
3069 632 3266 686 anima:
3294 644 3351 683 se
3375 645 3508 684 con-

1927 735 2102 791 tinent
2132 751 2168 791 a
2199 734 2356 789 malis
2383 732 2616 796 actibus,
2654 732 2785 798 ipsae
2827 740 3050 796 quoque
3089 739 3199 778 una
3233 722 3506 776 abducen-

1927 839 2036 886 tur.
2067 829 2200 895 Qua:
2230 827 2574 882 abducuntur
2604 830 2787 877 autem
2825 819 3069 874 laetitiam
3102 825 3155 870 et
3180 813 3505 870 exsultatio-

1927 937 2051 976 nem
2084 927 2514 988 consequunlur.
2562 916 2908 971 Adducentur
2945 911 3002 964 in
3049 908 3298 977 templum
3345 905 3500 974 regis.

1927 1012 2163 1068 (Sceleste
2200 1010 2475 1066 videlicet.

1998 1278 2088 1332 17.
2132 1275 2240 1329 Pro
2269 1274 2508 1344 patribus
2534 1274 2642 1326 tuis
2675 1272 2784 1324 nati
2815 1278 2938 1324 sunt
2966 1269 3061 1322 tibi
3085 1269 3205 1338 ﬁlii.
3233 1267 3502 1334 Quoniam

1925 1371 2137 1424 dixerat
2167 1367 2267 1434 illi,
2298 1366 2630 1421 Obliviscere
2669 1365 2840 1433 patris
2880 1362 2982 1425 tui,
3014 1362 3178 1415 modo
3225 1360 3379 1424 dicit,
3407 1375 3503 1430 pro

1923 1461 2165 1535 patribus
2193 1459 2468 1530 quondam
2508 1458 2634 1520 tuis,
2671 1457 2724 1510 id
2770 1465 2874 1522 est,
2916 1469 3015 1524 pro
3039 1451 3313 1523 magistris
3346 1460 3508 1506 erunt

1927 1553 2025 1607 tibi
2086 1552 2205 1606 lilii.
2284 1549 2454 1603 Filios
2510 1562 2678 1618 porro
2735 1557 2956 1602 sanctos
3009 1544 3284 1614 apostolos
3338 1543 3503 1608 dicit,

1923 1635 2080 1705 juxta
2129 1633 2262 1687 illud
2295 1648 2325 1687 a
2366 1632 2596 1686 Domino
2650 1631 2855 1685 dictum
2891 1648 2906 1684 :
2943 1628 3076 1682 Filii
3113 1628 3270 1682 vestri
3301 1629 3355 1680 in
3402 1641 3506 1698 quo
3542 1653 3544 1656 ν

1924 1725 2246 1796 ejiciunt"?
2284 1726 2393 1777 Aut
2435 1724 2598 1778 etiam
2641 1723 2860 1778 eosdem
2897 1719 3262 1775 Ecclesiatum
3316 1717 3504 1782 duces,

1859 1819 1898 1872 Β
1927 1821 2020 1889 qui
2060 1819 2187 1874 facti
2219 1826 2346 1873 sunt
2378 1817 2636 1873 Ecclesiae
2668 1817 2805 1881 ﬁlii,
2841 1825 2893 1870 et
2930 1815 3213 1869 constituti
3252 1828 3282 1867 a
3317 1811 3506 1865 Domi-

1929 1925 2001 1964 no
2036 1909 2167 1964 Jesu
2202 1918 2329 1965 sunt
2354 1908 2626 1978 principes
2660 1922 2823 1976 super
2859 1921 3074 1960 onmem
3099 1914 3320 1967 terram,
3348 1903 3500 1972 juxta

1927 2001 1981 2056 id
2035 2001 2182 2070 quod
2240 2000 2446 2054 dictum
2501 2007 2626 2052 est:
2673 1995 2870 2048 Euntes
2917 1993 3096 2046 docete
3142 2007 3317 2045 onmes
3375 2005 3502 2060 gen-

1929 2101 2001 2144 tes
2029 2091 2094 2143 ³³.
2130 2088 2430 2144 Constitues
2457 2103 2542 2142 eos
2570 2087 2834 2156 principes
2865 2100 3022 2153 super
3045 2098 3248 2136 omnem
3282 2089 3499 2143 terram,

1927 2172 2176 2236 memores
2221 2189 2374 2235 erunt
2417 2179 2644 2232 nominis
2681 2178 2759 2230 tui
2805 2179 2859 2229 in
2907 2175 3049 2229 omni
3092 2173 3424 2245 generatione
3449 2177 3501 2224 et

1926 2276 2277 2345 generatione.
2311 2271 2415 2327 Per
2453 2271 2670 2346 divinas
2714 2268 2964 2322 videlicet
3015 2265 3328 2334 Scripturas
3361 2281 3376 2318 :
3441 2263 3498 2317 in

1928 2367 2099 2422 sacris
2132 2379 2367 2434 namque
2411 2361 2642 2434 syllabis
2667 2366 3003 2415 memoratur
3032 2372 3232 2412 nomen
3259 2352 3496 2411 Domini.

2001 2642 2085 2696 18.
2128 2639 2419 2708 Propterea
2455 2635 2637 2706 populi
2685 2631 3074 2701 conﬁtebuntur
3122 2627 3219 2683 tibi
3271 2628 3325 2680 in
3353 2635 3500 2681 teter-

1927 2756 2071 2794 num.
2120 2737 2223 2791 Per
2268 2734 2711 2805 prtedicationem
2763 2729 2971 2784 scilicet
3015 2747 3028 2782 :
3079 2741 3263 2781 sermo
3316 2730 3495 2779 autem

1927 2844 2011 2883 εει
2043 2844 2140 2882 ceu
2174 2825 2239 2880 ad
2281 2824 2582 2880 Christum.
2620 2820 2698 2876 Eo
2743 2820 2884 2889 quod
2916 2818 3020 2888 ipsi
3055 2832 3153 2887 per
3185 2814 3499 2885 Scripturas

1928 2923 2358 2975 commemorent
2399 2913 2668 2968 mirabilia
2699 2911 2793 2966 Dei
2839 2925 2959 2981 quae
3009 2910 3178 2963 edidit
3208 2923 3236 2962 a
3270 2919 3497 2978 genero-

1929 3008 2172 3063 tionibus
2226 3005 2490 3076 antiquis,
2540 3013 2595 3057 et
2639 3001 2868 3057 doceant
2934 3001 3310 3072 generati-ones
3363 3011 3498 3051 ven-

1933 3111 2107 3156 turas.

2218 3187 2284 3242 In
2307 3187 2484 3257 ﬁnem,
2523 3185 2650 3254 ﬁliis
2687 3183 2950 3251 Core,pro
2986 3181 3216 3244 areanis.

2441 3271 2783 3330 PSALMUS
2820 3269 2973 3325 XLV

2509 3367 2910 3435 Argumentum.
2971 3364 2974 3368 ’

1930 3455 2180 3517 Gentium
2220 3455 2587 3517 vocationem,
2619 3451 2983 3522 spiritualium
3030 3448 3374 3503 inimicorum
3405 3443 3502 3498 de-

1999 3542 2331 3614 pulsionem,
2373 3553 2674 3607 eorumque
2717 3538 2772 3590 in
2823 3536 3082 3606 abyssum
3127 3529 3497 3586 detrusionem

2005 3627 2277 3698 signiﬁcat
2317 3637 2555 3694 praesens
2601 3621 2868 3691 psalmus.
2912 3614 3367 3685 Quandoquidem
3401 3626 3502 3665 au-

2001 3730 2109 3773 tem
2158 3717 2347 3772 isthaec
2382 3731 2479 3770 ceu
2533 3728 2626 3782 per
2671 3709 2956 3779 parabolas
2996 3708 3140 3763 dicta
3175 3713 3340 3768 sunt;
3376 3702 3502 3770 jure

2003 3827 2096 3881 pro
2131 3811 2342 3864 arcanis
2389 3806 2705 3861 inscribitur
2750 3803 3008 3874 psalmus.
3057 3801 3273 3856 Canunt
3317 3804 3498 3850 autem

2003 3905 2157 3958 illum
2202 3900 2297 3970 qui
2344 3899 2398 3952 in
2444 3896 2723 3950 Christum
2770 3892 3139 3954 crediderunt,
3170 3897 3233 3948 ut
3261 3888 3500 3942 maxime

1997 3992 2240 4049 omnium
2265 3987 2494 4058 apostoli
2531 3985 2676 4055 ejus.

2001 4087 2056 4138 9..
2117 4083 2252 4137 Deus
2286 4089 2462 4134 noster
2491 4077 2754 4147 refugiunt
2780 4082 2828 4129 et
2861 4073 3047 4127 virtus.
3073 4069 3189 4125 Hoc
3211 4069 3287 4130 ait
3314 4067 3385 4121 ob
3414 4066 3500 4120 in-

1931 4186 2216 4248 surgentes
2249 4175 2536 4229 adversum
2579 4170 2730 4238 ipsos
2768 4165 3136 4236 spiritualium
3165 4170 3219 4217 et
3263 4159 3498 4216 sensibi-

1930 4267 2064 4323 lium
2120 4265 2468 4320 inimicorum
2513 4273 2676 4329 opera
2735 4254 3160 4327 persecutiones.
3215 4251 3498 4318 Propterea

1931 4377 2036 4416 non
2065 4359 2358 4413 timebimus
2401 4353 2528 4407 dum
2574 4349 2870 4404 turbabitur
2916 4357 3077 4399 terra.
3127 4343 3394 4410 Quoniam
3445 4350 3499 4395 te

2884 4451 3270 4508 quamcunque
3307 4434 3499 4488 adver-

1931 4559 2053 4598 sum
2085 4556 2190 4596 nos
2211 4539 2583 4607 insurgentem
2609 4531 3074 4603 perturbationem
3105 4525 3494 4595 despiciemus.

1930 4633 2277 4690 Turbabatur
2303 4642 2540 4697 namque
2571 4633 2680 4679 tota
2727 4631 2890 4685 terra,
2923 4635 3046 4673 cum
3076 4616 3386 4687 praedicatio
3416 4615 3499 4669 in-

1928 4724 2216 4778 choaretur
2249 4738 2262 4773 :
2295 4717 2425 4772 dum
2446 4716 2483 4770 ii
2506 4713 2601 4784 qui
2630 4713 2684 4765 in
2716 4709 3031 4765 inﬁdelitate
3054 4703 3494 4774 perseverabant,

1928 4818 2191 4872 adversus
2223 4827 2317 4868 eos
2350 4809 2444 4881 qui
2476 4805 2818 4864 crediderant
2848 4803 3210 4871 insurgerent.
3230 4797 3298 4852 Et
3323 4807 3498 4852 trans-

1929 4911 2162 4980 ferentur
2211 4913 2410 4958 montes
2455 4902 2511 4954 in
2539 4914 2628 4952 cor
2682 4895 2869 4951 maris.
2916 4894 3024 4947 (lor
3067 4893 3235 4948 maris
3268 4891 3496 4962 abyssos

1929 5007 2131 5054 vocat:
2171 5003 2383 5052 montes
2419 4999 2602 5047 autem
2631 4986 2974 5044 adversarius
3010 4993 3327 5055 potestates.
3358 4981 3498 5036 Cum

1929 5090 2171 5146 futurum
2194 5095 2338 5143 esset
2359 5093 2418 5140 ut
2439 5084 2716 5138 daemones
2738 5079 3103 5150 dejicerentur
3130 5077 3183 5131 in
3214 5076 3498 5145 abyssum,

1926 5181 2240 5237 excitabant
2291 5177 2326 5230 ii
2383 5177 2645 5230 adversus
2698 5171 2883 5226 ﬁdeles
2931 5170 3154 5225 bellum.
3193 5165 3298 5220 Sed
3351 5166 3501 5232 ejus-

1930 5273 2078 5330 modi
2138 5270 2396 5326 inimicos
2465 5280 2814 5337 nequaquam
2877 5259 3500 5321 reiormidabimus,in-

1927 5366 2064 5437 quit.

2002 5455 2023 5527 [
2053 5454 2284 5523 Adjutor
2309 5453 2366 5506 in
2389 5446 2842 5504 tribulationibus.
2885 5442 3179 5510 Quoniam,
3214 5438 3411 5508 inquit,
3443 5445 3497 5491 to

1927 5550 2230 5619 adjutorem
2265 5545 2552 5608 habemus,
2587 5552 2972 5612 quamcunque
3004 5534 3164 5589 nobis
3204 5531 3495 5587 imminen-

1927 5648 2032 5695 tem
2066 5636 2526 5710 perturbationem
2548 5631 2913 5702 despiciemus
