3872 6216
411 315 516 374 ili

1258 325 1314 382 S.
1356 327 1728 386 ATHANASII
1767 329 1916 385 OPP.
1959 327 2143 385 PARS
2178 328 2266 384 ΙΙΙ.
2297 359 2367 374 —
2408 327 2818 385 EXEGETICA.

3539 333 3654 392 ese

483 437 590 490 Aut
649 447 861 495 mon-tes
902 440 1177 497 daemones
1246 444 1399 510 dicit,
1449 447 1542 514 qui
1590 447 1723 500 olim
1782 447 1982 501 excelsi

2159 445 2229 497 Ἢ
2249 443 2348 515 ὅρη
2396 445 2520 507 τοὺς
2564 442 2821 514 δαίμονάς
2848 458 3009 513 φησι,
3052 445 3177 506 τοὺς
3208 444 3375 497 πάλαι
3408 445 3649 516 ὑψηλοὺς

415 543 478 581 ac
509 530 789 598 conspicui
831 543 1007 596 erant,
1043 550 1105 588 ac
1132 535 1358 604 proinde
1391 538 1667 592 montibus
1695 539 1922 592 similes.
1953 537 1972 608 ]

483 619 535 676 ι.
586 619 883 677 Sonuerunt
919 634 970 678 et
995 627 1217 680 turbate
1237 637 1359 680 sunt
1383 645 1536 698 aqua:
1560 646 1760 684 eorum.
1793 631 1978 699 Aquas

416 710 504 765 hic
539 711 672 766 dicit
703 716 1103 771 multitudinem
1149 721 1496 788 populorum,
1547 737 1688 791 quos
1714 723 1979 791 pradica-

413 802 578 856 tionis
619 805 830 860 novitas
871 810 1224 875 perturbavit.
1256 811 1570 866 Conturbati
1610 822 1731 867 sunt
1779 825 1977 869 montes

429 895 486 945 in
531 895 839 962 fortitudine
867 899 1002 965 ejus.
1041 898 1152 964 Vis,
1189 902 1385 972 inquit,
1421 905 1541 974 ejus
1585 907 1678 974 qui
1721 907 1978 974 praedica-

411 982 572 1035 batur
597 983 839 1051 impuros
879 989 1151 1044 daemones
1193 995 1507 1059 commovit,
1537 994 1665 1048 olim
1713 997 1977 1064 superbos

412 1083 466 1126 et
489 1078 835 1144 conspicuos,
876 1088 1038 1148 atque
1080 1083 1198 1135 ideo
1229 1085 1504 1139 montibus
1533 1086 1741 1140 similes
1775 1087 1972 1142 dictos.

595 1275 864 1331 Fluminis
922 1281 1144 1349 impetus
1198 1282 1475 1352 lmtiﬁcant
1525 1286 1791 1338 civitatem
1853 1286 1972 1340 Dei.

412 1364 638 1420 Flumen
671 1371 1042 1439 evangelicum
1073 1373 1301 1426 verbum
1346 1374 1598 1442 appellat,
1635 1376 1780 1444 quod
1803 1377 1976 1430 laetiti-

412 1468 500 1512 cat
559 1458 882 1514 Ecclesium.
965 1461 1325 1530 Sanctiﬁcavit
1367 1466 1763 1520 tabernaculum
1821 1484 1975 1520 suum

411 1546 739 1601 Altissimus.
793 1547 1029 1604 Sanctus
1067 1553 1212 1604 enim
1250 1560 1332 1607 est
1383 1553 1474 1621 qui
1527 1555 1580 1606 in
1635 1553 1836 1606 sanctis
1885 1568 1974 1607 rc-

413 1639 665 1707 quiescit,
700 1640 951 1696 habitans
985 1643 1039 1696 in
1069 1644 1293 1708 sanctis,
1324 1643 1375 1697 id
1410 1655 1492 1698 est
1521 1646 1572 1697 in
1604 1643 1867 1699 Ecclesia.

485 1841 539 1894 6.
592 1842 732 1896 Deus
759 1844 813 1896 in
855 1844 1022 1898 medio
1053 1845 1188 1913 ejus,
1219 1854 1268 1899 et
1307 1862 1411 1898 non
1445 1847 1868 1910 commovebitur,
1919 1845 1974 1898 in

423 1933 602 1988 medio
629 1934 883 1990 Ecclesize
903 1937 1172 1992 videlicet.
1205 1938 1484 2006 Adjuvabil
1508 1956 1622 1992 eam
1649 1939 1786 1991 Deus
1825 1953 1976 1990 mane

426 2025 680 2080 diluculo.
733 2027 785 2082 id
839 2029 914 2082 ait
965 2030 1106 2097 quod
1142 2030 1374 2084 declinet
1407 2032 1702 2085 diluculum
1738 2031 1805 2084 ad
1855 2046 1973 2083 ma-

414 2119 672 2176 tutinum.
710 2117 844 2173 Illud
903 2130 1132 2174 autem:
1182 2121 1451 2190 adjuvabit
1499 2140 1635 2186 eam,
1687 2137 1974 2190 personam

415 2205 672 2262 Ecclesiae
705 2210 946 2279 respicit,
984 2227 1146 2280 quam
1180 2212 1268 2267 hic
1300 2222 1686 2282 repraesentant
1723 2212 1974 2280 apostoli,

415 2309 469 2352 et
490 2301 583 2368 qui
612 2316 707 2369 per
755 2304 1156 2358 successionem
1205 2305 1325 2372 ejus
1369 2315 1496 2359 sunt
1548 2304 1807 2376 praefecti,
1839 2318 1976 2372 quos

414 2391 657 2461 impense
701 2395 941 2461 roborat,
980 2405 1040 2449 ut
1077 2397 1288 2465 possint
1336 2397 1708 2466 praedicationi
1754 2413 1976 2466 operam

414 2496 629 2538 navare.

490 2594 538 2647 7.
587 2595 929 2654 Couturbataa
957 2612 1080 2654 sunt
1130 2611 1302 2671 gentes
1332 2613 1378 2655 et
1424 2603 1682 2656 inclinata
1725 2610 1847 2653 sunt
1899 2617 1979 2653 re-

415 2702 540 2757 gna.
596 2687 979 2759 Pugnaverunt
1032 2694 1273 2762 quidem,
1331 2696 1424 2761 ait,
1487 2703 1673 2764 gentes
1717 2693 1978 2747 adversus

415 2778 740 2846 Ecclesiam;
781 2783 874 2836 sed
902 2791 1079 2837 tamen
1125 2799 1312 2838 earum
1362 2800 1514 2855 reges
1560 2784 1801 2838 inclinati
1828 2791 1974 2847 sunt,

421 2870 473 2923 id
507 2881 591 2925 est
613 2873 872 2940 superati,
905 2883 958 2928 et
991 2883 1134 2945 terga
1162 2876 1458 2943 dederunt;
1490 2892 1675 2931 verum
1703 2885 1978 2945 postremo

415 2970 474 3013 et
512 2961 612 3028 ipsi
642 2961 860 3018 Christo
885 2966 1149 3020 cervicem
1181 2967 1505 3023 submisere.
1543 2968 1684 3022 Dicit
1706 2971 1849 3022 enim
1873 2968 1978 3024 Ec-

417 3052 639 3106 clesiam
689 3056 936 3110 celeriter
991 3067 1360 3113 constructum
1417 3060 1482 3112 iri
1538 3061 1607 3113 ab
1643 3061 1709 3114 iis
1733 3062 1826 3130 qui
1858 3077 1978 3115 eam

2079 535 2172 587 καὶ
2194 537 2530 605 περιφανεῖς,
2561 535 2656 587 καὶ
2678 534 2828 605 ὄρεσι
2850 534 2935 587 διὰ
2955 534 3113 586 τοῦτο
3139 535 3571 609 ὀμοιουμένους.]

2155 629 2424 695 Ἦχησαν
2476 626 2574 680 καί
2614 625 3035 694 ἐταράχθησαν
3078 627 3149 680 τὰ
3192 627 3378 679 ὕδατα
3425 629 3644 682 αὐτῶν.

2082 718 2288 771 ’Ύδατα
2321 720 2376 769 ἐν
2403 718 2609 781 τούτοις
2630 719 2703 772 τά,
2727 718 2909 789 πλήθη,
2927 719 3109 787 φησὶν,
3134 718 3170 771 ἂ.
3194 720 3286 771 καὶ
3318 721 3648 791 συνετάραξε

2079 810 2139 862 τὸ
2168 809 2314 872 ξένον
2358 809 2451 862 τοῦ
2494 810 2866 881 κηρύγματος.
2917 809 3364 878 Ἑταράχθησαν
3417 812 3489 865 τὰ
3538 811 3647 879 ὅρη

2077 901 2146 952 ἑν
2166 899 2240 967 τῇ
2264 901 2637 968 κραταιότητι
2664 901 2870 953 αὐτοῦ.
2911 901 2974 952 Ἢ
3005 901 3154 970 ἰσχὺς
3174 941 3189 964 ,
3234 901 3387 970 φησὶ,
3414 901 3506 953 τοῦ
3546 920 3650 972 κη-

2082 990 2403 1060 ρυττομένου
2426 990 2703 1044 κατέσεισε
2732 991 2856 1053 τοὺς
2879 989 3215 1059 ἀκαθάρτους
3242 989 3499 1060 δαίμονας
3519 995 3650 1056 τοὺς

2078 1081 2242 1132 πάλαι
2274 1081 2510 1150 ὑψηλοὺς
2547 1083 2640 1134 καὶ
2671 1083 3010 1152 περιφανεῖς,
3045 1081 3140 1134 καὶ
3183 1081 3335 1151 ὄρεσι
3367 1081 3455 1134 διὰ
3487 1083 3648 1136 τοῦτο

2077 1172 2247 1242 ὼμοιο
2254 1173 2467 1243 μένους.

2163 1283 2272 1337 Τοῦ
2305 1284 2570 1352 ποταμοῦ
2599 1283 2907 1352 ὁρμήματα
2933 1284 3323 1351 εὐφραίνουσι
3376 1282 3489 1350 τὴν
3532 1286 3650 1338 πό-

2076 1377 2177 1427 λιν
2195 1373 2300 1426 τοῦ
2326 1374 2494 1426 Θεοῦ.
2521 1374 2771 1443 Ποταμὸν
2792 1374 2879 1426 τὸν
2902 1372 3249 1441 εὐαγγελικὺν
3273 1372 3429 1440 λόγον
3460 1375 3645 1442 φησὶν,

2075 1461 2134 1524 ὃς
2161 1462 2254 1514 καὶ
2285 1461 2564 1531 εὐφραίνει
2595 1461 2690 1532 τὴν
2731 1461 3074 1530 Ἐκκλησίαν.
3116 1461 3358 1530 Ἠγίασε
3391 1462 3456 1513 τὸ
3491 1461 3647 1528 σκή-

2074 1571 2238 1622 νωμα
2258 1554 2499 1607 αὺτοῦό
2525 1555 2839 1621 ’Υψιστοᾳ
2875 1553 3061 1620 ’Ἄγιος
3083 1552 3190 1622 γάρ
3211 1553 3358 1604 ἐστιν
3388 1554 3444 1604 ἐν
3470 1552 3648 1619 ἁγίοις

2076 1645 2506 1714 ἀναπαυόμενος,
2543 1635 2902 1714 κατασκηνῶν
2946 1644 3002 1696 ἐν
3050 1642 3223 1710 ἁγίοις
3243 1659 3255 1672 ·
3287 1643 3406 1711 ἥτις
3433 1643 3577 1694 ἐστὶν
3609 1643 3650 1712 ἡ

2091 1735 2403 1806 Ἐκκλησία.

2165 1850 2218 1900 '0
2244 1848 2387 1915 Θεὸς
2410 1849 2480 1902 ἑν
2504 1849 2671 1918 μέσῳ
2703 1850 2913 1916 αὐτῆς,
2950 1849 3049 1901 καὶ
3075 1851 3145 1902 οὐ
3177 1849 3647 1915 σωὶευθήσεται,

2081 1939 2180 2008 τῆς
2218 1939 2538 2010 Ἐκκλησίας
2571 1939 2840 2010 δηλονότι.
2872 1938 3167 2005 Βοηθήσει
3221 1938 3375 2006 αὐτῇ
3426 1943 3459 1992 ό
3502 1938 3651 2005 Θεὸς

2084 2032 2146 2083 τὸ
2171 2029 2320 2098 πρὸς
2345 2032 2510 2096 πρωΐ.
2540 2032 2611 2082 Τὸ
2635 2032 2820 2082 νεῦσαι
2848 2029 2990 2101 πρωῒ
3026 2032 3151 2101 περὶ
3187 2031 3278 2082 τὸν
3327 2029 3540 2100 ὄρθρον.
3573 2028 3652 2082 Τὸ

2081 2123 2207 2193 γὰρ,
2231 2123 2525 2190 βοηθήσει
2553 2123 2726 2191 αὐτῇ,
2754 2125 2846 2176 καὶ
2879 2122 3109 2176 ἐνταῦθα
3144 2123 3204 2175 τὸ
3226 2123 3514 2192 πρόσωπον
3548 2121 3652 2187 τῆς

2098 2214 2420 2285 Ἐκκλησίας
2450 2215 2688 2284 νοηθεῐεν
2714 2215 2778 2268 ἂν
2811 2218 2859 2268 οἱ
2903 2217 3045 2282 ἅγιοι
3079 2215 3367 2268 ἀπόστολοι
3389 2255 3403 2279 ,
3459 2215 3553 2266 καὶ
3595 2214 3652 2265 οἱ

2085 2309 2222 2362 κατά
2248 2308 2494 2377 διαδοχὴν
2524 2307 2813 2377 ἡγούμενοι
2841 2307 3028 2376 αὐτῆς,
3056 2305 3149 2368 οὓς
3183 2305 3278 2358 καὶ
3305 2307 3486 2374 νευροῖ
3519 2320 3652 2354 συν-

2084 2400 2248 2462 τόνως
2281 2399 2414 2470 πρὸς
2443 2399 2505 2451 τὸ
2535 2397 2792 2450 δύνασθαι
2818 2395 3306 2466 ἀντιλαμϐάνεσθαι
3345 2393 3440 2447 τοῦ
3469 2393 3651 2463 κηρύ-

2083 2506 2117 2558 γ
2127 2507 2312 2561 ματος.

2166 2603 2615 2672 Ἐταράχθησαν
2651 2605 2816 2668 ἔθνη,
2859 2603 3106 2654 ἔκλιναν
3122 2597 3449 2662 βασιλεῖαι.
3486 2598 3651 2650 Ἐπο-

2084 2694 2324 2764 λὲμησαν
2353 2696 2448 2764 μὲν
2469 2733 2483 2757 ,
2524 2694 2708 2762 φησὶν,
2741 2692 2880 2745 κατά
2907 2693 3005 2762 τῆς
3046 2692 3366 2762 Ἐκκλησίας
3385 2691 3454 2742 τά
3485 2689 3648 2758 ἔθνη·

2086 2785 2198 2838 ἀλλ’
2225 2787 2369 2856 ὅμως
2385 2785 2598 2837 ἔκλιναν
2615 2783 2792 2838 αὐτῶν
2813 2787 2860 2836 οἱ
2885 2784 3142 2854 βασιλεῖς,
3165 2783 3438 2836 τουτέστιν
3452 2783 3653 2853 ἥττην-

2084 2895 2172 2930 ται
2200 2878 2292 2930 καὶ
2315 2877 2649 2946 πεφεύγασιν
2669 2893 2684 2909 ο
2711 2877 2823 2929 ἀλλ’
2847 2875 3071 2948 ὕστερον
3101 2876 3353 2946 ἔκαμψαν
3376 2875 3469 2928 καὶ
3496 2875 3654 2927 αὐτοὶ

2084 2966 2161 3036 τῷ
2187 2967 2405 3037 Χριστῷ
2443 2967 2664 3036 αὐχένα.
2699 2965 2860 3034 Λέγει
2898 2966 3025 3036 γὰρ,
3073 2967 3154 3018 ὅτι
3183 2968 3318 3036 ταχὺ
3362 2965 3652 3034 οἰκοδομη-

2087 3059 2226 3129 θήσῃ
2261 3059 2349 3126 ὑφ’
2379 3051 2453 3110 ὧν
2479 3056 2808 3131 καθῃρέθης.
2841 3057 3101 3128 ’Ύῲωσαν
3129 3057 3238 3131 γάρ
3271 3058 3370 3129 τὴν
3413 3057 3655 3127 Ἐκκλη-

418 3143 719 3199 diruerant.
756 3143 889 3200 Nam
923 3148 1306 3218 pulcherrimis
1332 3165 1450 3205 eam
1485 3149 1644 3206 donis
1678 3158 1900 3207 auctam
1922 3151 1980 3206 in

2100 3150 2224 3215 τίαν,
2255 3151 2547 3220 παγκάλως
2573 3151 2723 3220 δῶρα
2752 3151 3170 3220 προσφέροντες.
3192 3148 3411 3202 Ἔδωκε
3441 3149 3656 3216 φωνὴν

419 3235 653 3292 sublime
685 3239 1010 3294 extulerunt.
1053 3240 1209 3294 Dedit
1255 3259 1426 3296 vocem
1472 3260 1624 3296 suam
1654 3243 1980 3312 Altissimus,

419 3333 471 3378 et
494 3336 635 3380 mota
660 3338 736 3382 est
764 3338 924 3386 terra.
955 3331 1207 3387 Christus
1249 3334 1456 3388 scilicet
1492 3335 1546 3388 in
1573 3350 1758 3389 cruce.
1796 3335 1983 3388 Vocem

420 3435 597 3483 suam,
640 3423 1015 3490 evangelicum
1044 3424 1252 3479 scilicet
1292 3441 1623 3481 sermonem.
1660 3425 1718 3480 Si
1749 3443 1984 3497 namque

420 3511 601 3564 anima
625 3514 908 3569 rationalis
932 3531 1118 3571 vocem
1152 3516 1365 3578 Domini
1391 3519 1641 3584 audierit,
1674 3533 1984 3573 commove-

419 3612 530 3666 tur,
569 3605 868 3674 transitque
911 3609 979 3662 ab
1010 3609 1354 3676 improbitate
1401 3610 1468 3664 ad
1519 3612 1772 3664 virtutem
1822 3620 1876 3665 et
1915 3611 1984 3665 ab

421 3693 728 3762 ignorantia
757 3697 826 3750 ad
852 3696 944 3752 Dei
980 3701 1243 3754 notitiam.

493 3806 546 3859 8.
603 3807 858 3863 Dominus
886 3812 1138 3864 virtutum
1170 3813 1458 3878 nobiscum,
1506 3821 1772 3881 susceptor
1809 3823 1985 3865 noster

420 3896 560 3951 Deus
593 3898 778 3953 Iacob.
815 3900 1106 3956 Victoriam
1156 3904 1415 3957 adversus
1460 3904 1765 3972 spirituales
1799 3904 1983 3959 hostes

421 3997 630 4056 partam
682 3990 782 4059 ipsi
846 3991 1078 4047 Domino
1141 3995 1384 4048 ascribit.
1435 3993 1748 4063 Opportune
1801 4003 1981 4048 autem

421 4081 510 4135 hic
542 4080 725 4137 Jacobi
763 4085 968 4140 mentio
1018 4086 1247 4138 habetur
1300 4085 1369 4137 ob
1401 4085 1600 4139 luctam
1628 4099 1750 4138 cum
1787 4101 1853 4140 eo
1887 4086 1984 4139 ha-

421 4172 608 4226 bitam.

492 4264 543 4318 9.
604 4264 784 4319 Venite
825 4275 874 4318 et
912 4266 1078 4320 videte
1108 4283 1264 4336 apera
1297 4267 1413 4330 Dei,
1448 4283 1564 4337 quae
1598 4269 1771 4334 posuit
1798 4269 1982 4336 prodi-

420 4357 509 4423 gia
554 4371 706 4423 super
742 4366 954 4411 terram.
1010 4357 1203 4412 Pacem
1261 4359 1642 4427 praedicatione
1686 4359 1875 4413 initam
1909 4360 1984 4413 si-

2083 3243 2267 3297 αὑτοῦ
2296 3247 2329 3296 ό
2356 3240 2780 3311 ”Υψιστος,καὶ
2803 3242 3102 3308 ἐσαλεύθη
3125 3241 3164 3308 ἠ
3198 3238 3297 3309 τῆ.
3338 3240 3396 3292 'O
3416 3240 3655 3310 Χριστὸς

2083 3335 2176 3388 ἐπὶ
2209 3333 2463 3404 σταυροῦ.
2508 3332 2721 3401 Φωνὴν
2742 3333 2927 3388 αὑτοῦ
2957 3333 3048 3385 τὸν
3099 3330 3451 3399 εὐαγγελικὸν
3493 3330 3655 3398 λόγον

2085 3427 2263 3496 φησίν.
2295 3426 2418 3479 Ἐὰν
2444 3424 2551 3495 γάρ
2571 3425 2779 3498 ἀκούσῃ
2805 3424 2985 3495 φωνὴν
3013 3423 3218 3494 Κυρίου
3250 3422 3395 3494 ψυχὴ
3435 3422 3652 3493 λογικὴ,

2084 3515 2367 3568 σαλεύεται
2396 3515 2791 3586 μεταϐαίνουσα
2812 3515 2922 3567 ἀπὸ
2941 3513 3135 3576 κακίας
3163 3515 3243 3576 είς
3274 3511 3475 3584 ἀρετὴν
3499 3551 3514 3576 ,
3559 3513 3656 3565 καὶ

2084 3606 2193 3660 ἀπὸ
2217 3606 2489 3674 ἀγνωσίας
2525 3608 2604 3668 εἰς
2628 3606 2916 3671 ἐπίγνωσιν
2939 3603 3093 3657 Θεοῦ.

2155 3809 2367 3876 Κύριος
2400 3807 2515 3860 τῶν
2548 3806 2861 3876 δυνάμεων
2883 3807 3010 3875 μεθ’
3045 3803 3233 3874 ἡμῶν,
3276 3803 3658 3871 ἀντιλήπτωρ

2084 3899 2253 3967 ἡμῶν
2287 3903 2318 3952 ὀ
2339 3899 2479 3963 Θεὸς
2513 3898 2724 3952 Ἰακώϐ.
2749 3900 2856 3968 Τὴν
2887 3898 3039 3968 νίκην
3073 3897 3168 3967 τὴν
3194 3896 3490 3965 γενομένην
3515 3898 3658 3948 κατὰ

2084 3991 2190 4042 τῶν
2217 3989 2418 4059 νοητῶν
2445 3989 2650 4060 ἐχθρῶν
2685 3989 2831 4058 αὐτῷ
2852 3988 2926 4058 τῷ
2955 3989 3142 4058 Κυρίῳ
3171 3986 3507 4056 ἀνατίθησιν.
3552 3985 3659 4038 Εὑ-

2087 4083 2292 4151 καίρως
2315 4081 2372 4134 δὲ
2397 4080 2491 4134 τοῦ
2531 4079 2720 4134 Ἰακὼϐ
2761 4083 2793 4150 ἡ
2834 4081 3018 4150 μνήμη
3055 4077 3144 4130 διά
3188 4079 3286 4146 τὴν
3329 4077 3506 4146 πάλην
3555 4076 3658 4145 τὴν

2087 4173 2383 4244 γενομένην
2413 4175 2546 4242 πρὸς
2566 4173 2740 4225 αὑτὸν.

2157 4266 2334 4319 Δεῦτε
2358 4266 2454 4318 καὶ
2478 4265 2632 4316 ἴδετε
2662 4263 2731 4316 τὰ
2755 4262 2896 4330 ἔργα
2939 4263 3043 4315 τοῦ
3073 4261 3252 4327 Θεοῦ,
3285 4259 3324 4314 ἂ
3367 4261 3531 4314 ἔθετο
3562 4259 3658 4314 τέ-

2081 4371 2235 4421 ρατα
2263 4355 2359 4407 ἐπὶ
2383 4353 2490 4421 τῆς
2515 4354 2648 4422 γῆς.
2672 4354 2781 4424 Τὴν
2808 4353 3100 4422 γενομένην
3126 4350 3214 4404 διὰ
3251 4349 3343 4403 τοῦ
3365 4350 3662 4420 κηρύγμα-

418 4445 659 4512 gnificat,
693 4462 815 4500 cum
847 4449 923 4501 ait
961 4449 1162 4502 bellum
1194 4464 1355 4504 omne
1406 4451 1458 4503 in
1509 4459 1653 4504 terra
1698 4452 1858 4504 linem
1886 4451 1985 4504 ha-

2100 4463 2180 4508 τος
2224 4447 2442 4515 εἰρήνην
2483 4446 2902 4515 κατασημαίνει,
2952 4445 3040 4498 διὰ
3071 4443 3165 4496 τοῦ
3198 4443 3373 4496 πάντα
3421 4442 3659 4510 πόλεμον

424 4537 624 4590 buisse.
664 4537 916 4608 Prodigia
969 4549 1149 4596 autem
1179 4540 1311 4596 dicit
1359 4543 1690 4597 cessationes
1729 4552 1783 4597 et
1835 4559 1989 4598 eom-

424 4627 751 4692 pressiones.
790 4628 1020 4684 Cessare
1051 4630 1178 4686 fecit
1201 4632 1348 4686 enim
1386 4647 1549 4688 omne
1579 4635 1806 4690 bellum.

497 4800 581 4852 l0.
648 4803 843 4854 Arcum
871 4813 1096 4857 conteret
1141 4814 1190 4857 et
1231 4807 1521 4875 confringet
1553 4823 1724 4872 arma,
1760 4817 1811 4861 et
1840 4816 1991 4862 scuta

425 4892 689 4946 eomburet
711 4896 840 4964 igni.
865 4896 1089 4960 Arcum,
1124 4898 1289 4953 telum
1318 4907 1372 4954 et
1400 4908 1638 4962 scutum,
1692 4901 1988 4968 pessimum

426 4985 668 5040 indicant
696 4994 921 5054 statum,
950 4997 1004 5042 et
1037 5003 1322 5058 per-versas
1342 4991 1719 5046 cogitationes.

498 5158 586 5216 fl.
664 5163 858 5219 Vacate
914 5175 964 5219 et
1026 5179 1191 5223 macte
1236 5185 1484 5238 quoniam
1514 5187 1606 5241 ego
1655 5188 1772 5226 sum
1829 5171 1989 5226 Deus.

426 5255 543 5312 Nisi
577 5259 703 5329 quis
729 5260 875 5316 enim
909 5263 1243 5317 mundanam
1279 5279 1498 5319 omnem
1539 5281 1726 5321 curam
1749 5267 1989 5337 abjiciat,

427 5361 534 5401 non
569 5358 748 5418 potest
785 5366 949 5407 nosse
978 5352 1172 5408 Deum.
1213 5353 1505 5411 Vacatione
1537 5358 1682 5412 enim
1732 5374 1869 5428 opus
1911 5364 1994 5413 est

428 5437 495 5490 ad
528 5437 620 5493 Dei
667 5443 1058 5509 cognitionem.
1109 5443 1404 5501 Exaltabor
1450 5449 1507 5501 in
1551 5447 1812 5515 gentibus,
1847 5446 1995 5502 exal-

428 5528 582 5580 tabor
616 5531 670 5582 in
707 5540 867 5585 terra.
901 5532 1312 5592 Praedicationis
1353 5539 1613 5593 adversus
1645 5553 1835 5592 omnes
1865 5553 1994 5606 gen-

428 5627 512 5672 tes
542 5620 822 5678 victoriam
848 5625 980 5695 ipsis
1011 5628 1323 5696 pollicetur.

504 5710 592 5766 12.
655 5713 907 5771 Dominus
962 5720 1213 5773 virtutum
1245 5719 1534 5786 nobiscum,
1577 5728 1843 5788 susceptor
1897 5734 1991 5772 no-

2093 4537 2269 4604 λέγειν
2300 4536 2610 4590 πεπαῦσθαι
2637 4536 2744 4589 ἀπὸ
2764 4535 2862 4604 τῆς
2888 4537 3009 4606 γῆς.
3035 4537 3251 4603 Τέρατα
3273 4533 3328 4584 δὲ
3347 4533 3472 4594 τοὺς
3509 4533 3660 4599 ἀφα-

2093 4629 2334 4698 νισμοὺς,
2353 4629 2467 4698 ἤτοι
2481 4629 2577 4690 τὰς
2602 4631 2982 4699 καταργήσεις,
3001 4627 3180 4698 φησίν·
3209 4627 3520 4695 κατήργησε
3548 4623 3660 4693 γὰρ

2095 4720 2270 4773 πάντα
2300 4719 2427 4772 πόλε
2435 4737 2552 4789 μον.

2169 4811 2352 4874 Τόξον
2378 4811 2715 4878 συντρίψει,
2766 4809 2866 4863 καὶ
2905 4807 3239 4862 συνθλάσει
3288 4805 3506 4867 ὅπλον,
3559 4805 3664 4857 καί

2094 4902 2342 4970 θιιοεοὺς
2375 4902 2736 4954 κατακαύσει
2782 4902 2852 4954 ἐν
2887 4901 3050 4967 πυρί.
3086 4898 3248 4964 Τόξον
3293 4896 3390 4950 νῦν
3413 4937 3428 4961 ,
3468 4896 3564 4948 καὶ
3602 4897 3665 4949 τὸ

2093 4993 2275 5054 ὅπλον,
2312 4992 2405 5044 καὶ
2432 4995 2459 5043 ὁ
2491 4990 2681 5060 θυρεὸς
2710 4990 3039 5044 κατάστασιν
3071 4987 3346 5058 χειρίστην
3382 4985 3663 5056 σημαίνει,

2097 5085 2188 5138 καὶ
2213 5083 2504 5152 λογισμοὺς
2529 5081 2814 5151 πονηρούς.

2167 5173 2538 5244 Σχολὰσατε,
2574 5175 2671 5228 καὶ
2691 5173 2898 5242 γνῶτε,
2931 5173 3022 5226 ὅτι
3045 5171 3158 5241 ἐγώ
3187 5173 3303 5240 εὶμι
3339 5172 3371 5223 ό
3406 5170 3568 5233 Θεός.
3599 5169 3667 5223 Εἰ

2099 5268 2173 5338 μὴ
2196 5267 2302 5337 γάρ
2325 5284 2407 5330 τις
2431 5266 2610 5336 πάσης
2634 5265 2905 5335 κοσμικῆς
2934 5263 3208 5335 φροντίδος
3233 5261 3454 5331 γένηται
3483 5261 3665 5324 ἐκτὸς,

2095 5359 2156 5412 οῦ
2185 5357 2404 5411 δύναται
2432 5356 2633 5424 γνῶναι
2665 5356 2756 5408 τὸν
2788 5355 2938 5408 Θεόν.
2970 5355 3174 5425 Σχολῆς
3199 5352 3306 5424 γὰρ
3339 5351 3495 5423 χρεία
3526 5350 3669 5422 πρὸς

2093 5450 2157 5503 τὸ
2183 5449 2384 5517 γνῶναι
2405 5449 2496 5501 τὸν
2528 5447 2680 5500 Θεὸν.
2715 5447 3122 5515 Ὺψωθήσομαι
3143 5446 3212 5498 ἐν
3235 5444 3360 5509 τοῖς
3399 5443 3666 5507 ἔθνεσιν,

2096 5539 2488 5609 ὑψωθήσομαι
2517 5540 2587 5591 ἐν
2627 5537 2701 5606 τῇ
2750 5537 2846 5605 γῇ.
2875 5537 2985 5607 Τὴν
3032 5537 3388 5608 ἐπικράτησιν
3421 5535 3515 5588 τοῦ
3567 5554 3670 5606 κη-

2101 5631 2372 5702 ρύγματος
2400 5629 2497 5698 τὴν
2525 5627 2664 5682 κατά
2699 5627 2804 5680 τῶν
2842 5626 3011 5679 ἐθνῶν
3040 5627 3220 5688 αὐτοῖς
3245 5625 3666 5692 ἐπαγγέλλεται.

2168 5719 2384 5786 Κύριος
2417 5717 2534 5770 τῶν
2559 5717 2869 5784 δυνάμεων
2892 5717 3021 5785 μεθ’
3051 5716 3235 5786 ήιιῶν,
3287 5713 3669 5782 ἀντιλήπτωρ
