3872 6216
187 302 281 366 217

1287 319 1651 382 ΕΧΡΟΒΙΤΙΟ
1685 325 1752 381 ΙΝ
1785 329 2119 391 PSALIUM
2159 336 2343 394 XLVI.

3301 345 3412 404 ’2l8

186 436 339 531 rutth
365 440 398 493 ό
421 439 562 506 Θεὸς
597 441 808 498 Ἰακώϐ.
839 444 951 517 Τὴν
968 449 1328 520 εὐχαριστίαν.
1349 457 1734 516 ἀναδιπλασιά-

1846 457 1944 500 iter
1973 448 2110 506 Deus
2141 452 2328 507 Iacob.
2360 455 2472 520 Qui
2495 453 2547 509 in
2588 454 2872 512 Christum
2913 458 3267 515 crediderunt
3287 477 3412 531 gra-

189 526 354 592 ζουσιν
382 531 427 582 oi
448 533 527 593 εἰς
555 534 784 603 Χριστὸν
813 540 1225 605 πιστεύσαντες.

447 643 547 708 Εἰς
577 643 747 710 τέλος
781 639 932 716 ὑπὲρ
959 649 1077 701 τῶν
1108 653 1254 707 υἱῶν
1282 657 1434 724 Κορέ

684 759 993 814 ΨΑΑΜοΣ
1027 765 1178 830 Man
1374 725 1378 730 l

786 869 799 887 ”
811 872 1119 939 Υπόθεσις.

191 974 387 1044 ’ᾼδεται
411 977 438 1028 ὁ
461 977 672 1049 ψαλμὸς
692 982 756 1035 ἐκ
771 984 1061 1053 προσώπου
1089 988 1196 1041 τῶν
1227 991 1395 1059 ἁγίων
1425 994 1732 1050 ἀποστόλων

252 1068 640 1156 παραινούντων
654 1075 765 1135 τοῖς
787 1073 995 1128 ἔθνεσιν
1011 1081 1342 1152 ἀνασκιρτᾷν
1362 1083 1451 1136 διὰ
1483 1087 1732 1156 πράξεων

249 1155 453 1249 άγαθῶν
481 1160 572 1210 ἐπὶ
591 1163 657 1231 τῇ
693 1165 958 1238 γενομένῃ
985 1167 1106 1239 νίκῃ
1132 1172 1271 1225 κατὰ
1293 1173 1402 1228 τῶν
1441 1155 1731 1249 ἀλιτηρίων

246 1244 496 1314 δαιμόνων
503 1287 515 1300 .

246 1335 433 1390 Πάντα
476 1340 549 1393 τὰ
579 1343 743 1409 ἔθνη,
785 1345 1117 1412 κροτήσατε
1157 1352 1379 1419 χεῖρας.
1419 1355 1562 1408 Ἀντὶ
1612 1357 1728 1419 τοῦ,

185 1426 395 1496 Πράξεις
427 1429 637 1497 ἀγαθὰς
663 1437 1068 1505 ὲπιτηδεύσατε.
1115 1443 1474 1508 Ἀλαλάξατε
1502 1447 1581 1513 τῷ
1611 1449 1732 1514 Θεῷ

181 1517 242 1608 ἐν
263 1518 420 1587 φωνῇ
443 1522 880 1608 ἀέίαλλιάσεως.
923 1531 1213 1596 Ἐπινίκιος
1237 1535 1347 1605 ᾠδή
1373 1539 1518 1590 ἐστιν
1546 1543 1574 1592 ὁ
1597 1540 1733 1608 ψαλ-

186 1606 288 1674 μός.
333 1608 415 1670 Ὦς
448 1607 540 1662 οὖν
579 1617 942 1670 πεπτωκότων
981 1620 1086 1674 τῶν
1134 1623 1524 1695 ἀντικειμένων
1576 1606 1732 1684 δυνά-

185 1714 331 1765 μεων,
360 1700 502 1770 ᾄδειν
521 1704 591 1755 τὰ
621 1705 746 1778 ἔθνη
777 1711 1227 1780 παρακελεύεται.

1765 593 1767 596 ,
1836 540 2030 592 tiarum
2060 545 2304 598 actiones
2333 545 2633 613 duplicant.

2189 653 2238 704 l.
2293 653 2359 705 In
2409 656 2566 722 ﬁnem
2590 671 2686 722 pro
2732 653 2862 721 ﬁliis
2901 651 3054 707 Core.

2319 764 2653 818 PSALMUS
2719 761 2925 818 XLVI.

2407 877 2804 946 Argumentum.

1832 987 2059 1043 Canitur
2101 987 2188 1042 hic
2231 991 2475 1058 psalmus
2527 1007 2593 1044 ex
2633 1004 2864 1060 persona
2911 994 3223 1044 sanctorum
3271 999 3417 1055 apo--

1901 1080 2197 1145 stolorum,
2258 1082 2354 1148 qui
2407 1091 2594 1151 gentes
2659 1080 2945 1135 hortantur
3001 1089 3062 1135 ut
3099 1093 3196 1148 per
3253 1076 3401 1132 bona

1903 1185 2070 1237 opera
2101 1171 2373 1224 exsultent
2401 1172 2468 1226 de
2510 1181 2664 1240 parta
2712 1171 2977 1226 adversus
3006 1168 3266 1223 scelestos
3294 1165 3402 1220 das-

1904 1275 2094 1313 mones
2139 1261 2385 1315 victoria.

1899 1351 1953 1404 2.
2020 1351 2209 1406 Omnes
2238 1360 2433 1422 gentes,
2466 1348 2703 1417 plaudite
2736 1347 2998 1400 manibus.
3024 1346 3189 1412 Quasi
3233 1347 3400 1410 dicat,

1831 1441 2001 1512 Opera
2026 1445 2166 1497 bona
2199 1444 2379 1498 facere
2418 1444 2650 1497 studete.
2687 1439 2923 1493 Jubilate
2956 1439 3062 1492 Deo
3092 1441 3147 1493 in
3169 1457 3287 1494 voce
3313 1456 3406 1493 ett-

1829 1535 2156 1589 sultationis.
2194 1533 2444 1588 Victoriae
2470 1547 2690 1586 carmen
2734 1531 2822 1585 hic
2870 1531 3113 1599 psalmus
3160 1538 3262 1585 est.
3295 1531 3404 1586 Ita-

1831 1642 1936 1695 que
1980 1634 2167 1696 utpote
2203 1626 2370 1694 lapsis
2418 1624 2746 1679 adversariis
2789 1623 3170 1692 potestatibus,
3208 1622 3275 1675 ad
3307 1635 3400 1675 ca-

1829 1718 2066 1774 nendum
2101 1725 2289 1786 gentes
2318 1718 2574 1772 concitat.

243 1791 359 1843 Ὅτι
377 1796 595 1863 Κύριος
620 1799 916 1869 ’Υψιστος
939 1809 1210 1874 φοϐερός.
1237 1810 1496 1879 ’Υψιστος
1522 1814 1618 1882 μὲν
1646 1813 1734 1866 διὰ

1846 1862 1847 1866 η
1904 1811 1956 1863 5.
1992 1809 2258 1873 Quoniam
2299 1809 2555 1863 Dominus
2595 1808 2856 1870 excelsus,
2889 1808 3164 1860 terribilis.
3208 1805 3398 1861 Excel-

180 1879 265 1948 τὴν
327 1881 647 1954 Ἐκκλησίαν
706 1890 1016 1959 γενόμενος,
1073 1896 1298 1967 φοϐερὸς
1343 1901 1398 1952 δὲ
1440 1879 1579 1953 κατὰ
1622 1904 1729 1956 τῶν

438 1978 744 2045 Βασιλεὺς
776 1983 964 2051 μέγας
1017 1987 1116 2039 ἐπὶ
1165 1988 1372 2043 πᾶσαν
1432 1991 1546 2058 τὴν
1593 1992 1730 2063 γῆν.

181 2058 280 2150 Dux
297 2059 392 2124 ἔτι,
419 2066 606 2134 φησὶν,
631 2068 682 2120 oi
703 2071 928 2140 πονηροὶ¹
958 2073 1066 2126 τῶν
1091 2075 1184 2127 ἐπὶ
1213 2077 1316 2147 γῆς
1345 2079 1510 2150 ἄρχου
1521 2058 1620 2132 σιν.
1641 2058 1734 2134 Δέ-

179 2147 302 2242 δωκε
329 2152 431 2225 γὰρ
460 2157 652 2221 αὐτοῖς
668 2163 860 2214 πατεῖν
888 2164 1072 2217 ἐπάνω
1095 2165 1270 2234 ὄφεων
1303 2171 1396 2222 καὶ
1419 2173 1694 2242 σκορπίων
1714 2214 1730 2238 ,

177 2239 259 2291 καὶ
289 2242 420 2296 αὐτὰ
446 2245 511 2298 τὰ
539 2246 671 2319 ἔθνη
701 2249 809 2302 τῶν
864 2255 1119 2326 πονηρῶν
1163 2257 1434 2329 δαιμόνων
1465 2239 1733 2328 ὑπέταξεν

177 2330 336 2386 αὐτῶν
354 2338 462 2400 τοῖς
489 2339 674 2394 ποσίν.

246 2421 522 2520 Tne—rage
541 2430 736 2497 λαοὺς
757 2432 904 2502 ἡμῖν
931 2437 1028 2491 καὶ
1049 2437 1192 2506 ἔθνη
1225 2440 1343 2492 ὑπὸ
1376 2440 1519 2507 τοὺς
1545 2442 1736 2508 πόδας

174 2509 341 2603 litetur.
371 2516 669 2589 Χαίρουσιν
690 2521 782 2574 ἐπὶ
803 2525 915 2587 τοῖς
937 2525 1238 2596 δεδομένοις
1257 2529 1437 2593 αὐτοῖς
1472 2532 1623 2603 παρὰ
1643 2531 1734 2585 τοῦ

175 2599 359 2701 ξυρίου
379 2606 626 2701 ρο
671 2610 765 2701 Ἐξ
767 2613 908 2677 ελέξ
911 2632 1014 2668 ατο
1037 2617 1183 2685 ἡμῖν
1202 2618 1317 2686 τὴν
1332 2599 1736 2691 κληρονομίαν

175 2689 360 2785 ἐαυτῷ.
397 2698 508 2750 Καὶ
528 2700 618 2764 τίς
654 2700 720 2756 ἂν
748 2703 831 2774 εἴη
856 2708 888 2774 ἡ
922 2707 1259 2779 κληρονομία
1287 2713 1498 2782 Κυρίου
1529 2713 1561 2784 ἥ
1591 2689 1736 2785 περὶ

175 2775 470 2868 ξςλὲλεκται
497 2791 654 2860 παρὰ
678 2792 770 2844 τοῦ
788 2796 1020 2864 Πατρὸς,
1041 2798 1291 2866 Αἵτησαι
1317 2775 1418 2854 ἀπ’
1437 2775 1604 2868 ἐμοί’),
1636 2775 1735 2858 καὶ

175 2866 324 2959 δῴσω
341 2889 437 2928 σοι
465 2876 616 2944 ἔθνη
638 2879 753 2948 τὴν
767 2887 1172 2954 κληρονομίαν
1197 2902 1342 2952 σου;
1374 2866 1492 2959 Τὴν
1519 2897 1737 2947 καλλο-
1761 2926 1763 2928 -

175 2957 278 3026 νὴν
330 2964 530 3070 Ἰακὼϐ
586 2968 666 3037 ἣν
692 2971 1031 3070 ἠγάπησεν.
1082 2979 1191 3048 Τὴν
1236 2957 1498 3055 καλλονῆν
1540 2985 1735 3038 Ἰακώϐ

176 3067 290 3146 ,ρ-ησι
312 3062 406 3124 τὴν
443 3062 786 3130 προφητείαν
802 3065 900 3135 τὴν
927 3067 1054 3136 περὶ
1093 3069 1201 3122 τῶν
1247 3070 1414 3124 ἐθνῶν
1438 3113 1453 3138 ,
1489 3074 1617 3146 περὶ
1664 3069 1732 3145 ἧς

176 3138 343 3204 εἷπεν·
366 3151 475 3202 Καὶ
510 3152 698 3219 αὐτὸς
722 3154 892 3208 ἔσται
909 3158 1239 3224 προσδοκία
1252 3161 1442 3217 ἐθνῶν
1459 3181 1473 3196 ·
1496 3138 1644 3236 Αθτη
1673 3138 1730 3218 δὲ
1755 3147 1798 3205 C

175 3236 254 3328 ita!
275 3239 612 3328 ἠγαπημένη
645 3244 946 3300 ἐστίν.’Καὶ
975 3248 1080 3302 τίνι
1109 3251 1437 3325 ἠγαπημένη
1472 3255 1505 3324 ἢ
1533 3255 1610 3326 τῷ
1635 3256 1732 3328 τὴν

175 3324 328 3420 δοχὴν
359 3331 526 3388 αὑτοῦ
553 3334 822 3389 τεθεικότι
851 3339 989 3409 ὑπὲρ
1018 3342 1189 3412 αὐτῆς
1213 3360 1226 3408 ;
1256 3324 1469 3416 Ταύτην
1513 3324 1605 3400 οὖν
1634 3324 1732 3420 την

174 3413 341 3487 ὴγαπη
351 3418 541 3489 μένην,
569 3423 754 3492 φησιν,
791 3425 1088 3492 ἐξελέξατο.

242 3506 430 3598 ᾉνέὅη
464 3514 498 3564 ὸ
552 3514 700 3581 Θεὸς
753 3517 824 3568 ἐν
853 3519 1200 3590 ἀλαλαγμῷ.
1243 3523 1306 3575 Ἡ
1352 3527 1432 3588 εἰς
1472 3527 1734 3598 οὐρανοὺς

176 3591 336 3659 ἄνοδος
367 3599 455 3654 διὰ
481 3602 694 3656 τούτων
720 3605 815 3658 τοῦ
861 3610 1068 3679 Κυρίου
1119 3614 1464 3682 σημαίνεται.
1520 3591 1734 3684 Κύριος

175 3685 232 3736 ἐν
252 3691 414 3759 φωνῇ
425 3693 785 3764 σάλπιγγος.
807 3698 918 3761 Τὰς
945 3703 1177 3766 αίνέσεις
1198 3703 1306 3756 τῶν
1323 3707 1733 3761 συναναϐαινόν-

173 3793 265 3832 των
306 3782 454 3854 αὐτῷ
490 3785 796 3854 σάλπιγγος
825 3787 1076 3858 ὠνόμασε
1123 3795 1328 3864 φωνήν.
1387 3795 1625 3851 Ψάλατε
1655 3797 1735 3864 τῷ

175 3869 281 3935 Θεῷ
308 3874 492 3942 ἡμῶν,
527 3877 768 3946 ψάλατε
793 3899 806 3910 ·
851 3881 1086 3948 ψάλατε
1125 3884 1204 3950 τῷ
1244 3889 1499 3942 Βασιλεῖ
1531 3890 1734 3960 ἡμῶν,

174 3961 406 4025 pilare.
446 3968 742 4039 Ἐπειδὴοὶ
771 3971 1011 4039 ἄγγελοι,
1045 3976 1213 4045 φησὶ,
1248 3978 1337 4030 τὸν
1377 3980 1736 4035 ἀναϐαίνοντα

175 4052 402 4139 ῥμνοῦσι,
435 4060 531 4112 καὶ
566 4060 744 4130 ὑμεῖς,
782 4056 826 4114 ὦ
851 4063 997 4135 ἔθνη,
1033 4067 1131 4137 τὴν
1172 4068 1339 4139 αὐτὴν
1363 4071 1736 4136 ἁποσώζοντες

175 4138 514 4243 λειτουργίαν,
537 4149 748 4218 ψάλατε
769 4151 858 4222 τῷ
889 4154 1269 4223 βασιλεύσαντι
1299 4138 1426 4230 Θεῷ
1463 4162 1560 4232 τῆς
1590 4163 1693 4232 γῆς
1718 4179 1732 4195 ⁶

175 4238 268 4284 τῶν
306 4238 411 4309 γὰρ
449 4241 598 4295 κατὰ
623 4242 756 4296 Θεὸν
790 4245 1175 4316 εὐθυμοῦντων
1209 4251 1330 4304 ἐστὶ
1381 4252 1443 4305 τὸ
1491 4251 1737 4322 ψάλλειν.

176 4323 427 4398 Εὑθυμεῖ,
458 4333 649 4402 φησὶν,
673 4333 743 4388 ἐν
777 4336 918 4405 ὑμῖν
950 4356 1077 4404 τις;
1109 4341 1411 4409 ψαλλέτω.

238 4417 532 4489 [Ψάλλετε
549 4425 837 4492 συνετῶς.
864 4429 956 4500 Μὴ
973 4429 1061 4482 διὰ
1080 4431 1340 4502 κιθαρῶν,
1358 4432 1433 4496 ὡς
1447 4434 1497 4485 οἱ
1520 4434 1730 4506 πρώην·

175 4507 315 4563 τοῦτο
340 4514 447 4587 γὰρ
473 4516 558 4581 τὸ,
599 4517 912 4592 συνετῶς.]

219 4603 676 4704 “EG-ambigvas?
705 4613 737 4662 ό
763 4610 907 4677 Θεὸς
946 4612 1044 4666 ἐπὶ
1075 4612 1148 4666 τὰ
1174 4613 1339 4682 ἔθνη.
1369 4617 1738 4688 Παρεδέξαντο

177 4694 273 4761 γὰρ
297 4694 391 4764 τὴν
413 4698 494 4759 εἰς
522 4697 686 4750 αὐτὸν
721 4697 922 4751 πίστιν.
963 4699 1024 4753 '0
1049 4699 1191 4766 Θεὸς
1220 4701 1466 4769 κάθηται
1481 4703 1579 4756 ἐπὶ
1607 4705 1739 4771 θρό-

175 4799 274 4836 νου
305 4786 476 4855 ἁγίου
511 4789 721 4844 αὑτοῦ.
754 4791 862 4862 Τὴν
891 4792 1189 4862 μέλλουσαν
1227 4795 1391 4848 αὐτοῦ
1424 4796 1606 4866 ἄφιξιν
1642 4813 1738 4870 ση-

179 4877 364 4942 μαίνει,
391 4879 458 4930 δι⁹
490 4874 561 4951 ἦς
587 4880 800 4934 καθίσει
834 4886 1017 4957 κρῖναι
1039 4885 1139 4956 τὴν
1169 4886 1514 4958 οἰκουμένην.

243 4970 561 5039 Ἄρχοντες
591 4971 757 5028 λαῶν
793 4975 1198 5044 συνήχθησαν
1244 4977 1394 5046 μετὰ
1422 4977 1528 5032 τοῦ
1585 4978 1734 5032 Θεοῦ

189 5058 440 5129 Ἀϐραάμ.
476 5063 703 5132 Ὅμοιον
733 5065 816 5127 τὸ,
835 5066 1190 5134 Καθήσεσθε
1217 5069 1314 5122 ἐπὶ
1351 5067 1578 5122 δώδεκα
1601 5071 1735 5138 θρόα

177 5165 312 5215 γους
356 5152 668 5219 κρίνοντες
692 5155 823 5221 ’τὰς
846 5154 1073 5212 δώδεκα
1105 5157 1303 5226 φυλὰς
1327 5158 1430 5212 τοῦ
1477 5158 1732 5227 Ἰσραήλ.

183 5239 296 5294 ὐτι
325 5245 428 5297 τοῦ
460 5246 610 5300 Θεοῦ
635 5248 690 5299 οἱ
714 5251 981 5315 κραταιοὶ
1015 5250 1124 5318 τῆς
1152 5249 1265 5319 τῆς
1286 5250 1522 5319 σφόδρα
1550 5251 1733 5320 ἐπήρ-

181 5331 379 5399 θησαν.
423 5336 516 5388 Ἐν
544 5339 609 5407 τῇ
632 5340 724 5407 γῇ,
757 5339 909 5410 φησὶ,
944 5339 1052 5392 τῶν
1078 5341 1296 5410 πραέων
1324 5344 1388 5410 τῇ
1412 5342 1735 5412 ἁποδοθησο-
1771 5409 1780 5418 _

184 5420 310 5495 μένῃ
334 5427 448 5488 τοῖς
481 5427 656 5493 ἁγίοις
684 5430 734 5482 οἱ
765 5432 1017 5500 κραταιοὶ
1057 5431 1150 5484 τοῦ
1193 5433 1327 5485 Θεοῦ
1375 5435 1738 5504 ὑπερυψῶθη⁴

183 5528 291 5579 σαν,
323 5518 417 5570 καὶ
465 5519 988 5592 ὑπερεδοξάσθησαν,
1021 5522 1096 5586 ὡς
1142 5524 1516 5600 ἐδιδάχθημεν,
1552 5527 1616 5578 ἐκ
1643 5526 1736 5578 τοῦ

184 5606 441 5676 φήσαντος
473 5610 629 5679 λόγου
655 5631 668 5643 ·
701 5614 1052 5682 Καθήσεσθε
1073 5614 1173 5667 ἐπὶ
1197 5617 1424 5683 θρόνων
1455 5613 1699 5669 δώδεκα.

1832 1919 1926 1958 sus
1984 1913 2204 1972 propter
2255 1902 2574 1966 Ecclesium,
2625 1902 2883 1955 terribilis
2941 1910 3130 1953 contra
3191 1901 3398 1953 hostes.

1834 1995 1943 2048 Rea:
1964 2013 2178 2066 magnus
2205 2012 2358 2063 super
2383 2011 2585 2048 omnem
2607 2004 2824 2047 terram.
2851 1991 2970 2046 Non
3001 1992 3164 2050 ultra,
3197 1991 3396 2059 inquit,

1832 2087 2089 2155 improbi,
2131 2086 2362 2140 terrenis
2390 2085 2676 2153 imperant.
2715 2082 2871 2136 Dedit
2901 2081 3046 2136 enim
3090 2079 3168 2134 eis
3220 2079 3400 2149 (nem—

1833 2195 1900 2248 pe
1923 2177 2225 2248 discipulis)
2273 2185 2593 2245 potestatem
2629 2174 2871 2229 calcantli
2917 2188 3077 2246 super
3121 2179 3404 2240 serpentes

1831 2279 1884 2324 et
1916 2271 2231 2338 scorpiones
2261 2270 2306 2300 ’θ
2335 2308 2349 2332 ,
2392 2276 2447 2320 et
2480 2268 2654 2335 ipsam
2683 2265 3059 2334 improborum
3087 2263 3398 2317 daemonum

1834 2362 2049 2416 turbam
2088 2360 2317 2429 pedibus
2341 2373 2531 2413 eorum
2565 2357 2815 2425 subjecit.

1901 2451 1956 2514 4,
2005 2452 2057 2505 5.
2105 2449 2336 2518 Subjecit
2367 2450 2584 2520 populos
2613 2449 2782 2512 nobis,
2814 2456 2864 2502 et
2904 2455 3077 2518 gentes
3121 2447 3214 2500 sub
3254 2444 3373 2514 pedi

1834 2542 1927 2596 bus
1962 2542 2173 2594 nostris.
2209 2541 2458 2596 Gaudent
2502 2541 2569 2595 de
2609 2555 2870 2594 concessa
2929 2539 3033 2593 sibi
3081 2553 3111 2590 a
3165 2535 3403 2588 Domino

1833 2644 1999 2689 sorte.
2055 2632 2229 2702 Elegit
2280 2633 2430 2687 nobis
2469 2632 2831 2687 hazreditatem
2866 2629 2987 2683 sibi.
3021 2627 3202 2696 Ecqua
3235 2625 3400 2680 fuerit

1833 2726 2124 2782 baereditas
2156 2724 2372 2779 Domini
2406 2725 2511 2780 nisi
2559 2739 2623 2778 ea
2662 2724 2728 2778 de
2760 2737 2868 2792 qua
2897 2720 3095 2774 dicitur
3129 2733 3156 2772 a
3187 2717 3348 2771 Patre
3381 2757 3401 2783 ,

1833 2817 2059 2873 Postula
2113 2834 2145 2871 a
2203 2834 2304 2881 me,
2361 2825 2412 2870 et
2471 2815 2606 2869 dabo
2662 2815 2757 2867 tibi
2808 2824 2978 2883 gentes
3041 2809 3400 2864 [nereditatem

1835 2920 1980 2964 tuam
2009 2910 2093 2962 3°?
2120 2908 2354 2979 Speciem
2379 2906 2545 2961 Iacob
2573 2921 2731 2976 quam
2771 2904 2980 2958 dilexit.
3024 2901 3271 2970 Speciem
3303 2897 3398 2952 Ja-

1832 3001 1934 3055 cob
1965 3009 2121 3055 vocat
2173 3000 2293 3069 ejus
2345 2999 2413 3053 de
2464 2997 2714 3067 gentibus
2762 2991 3126 3063 prophetiam,
3181 2990 3250 3043 de
3291 3004 3397 3057 qua

1833 3092 1964 3146 dicit
1991 3112 2002 3146 :
2042 3089 2112 3144 Et
2146 3092 2256 3160 ipse
2285 3090 2384 3143 erit
2406 3088 2723 3158 exspectatio
2753 3087 2983 3155 gentium
3013 3083 3077 3135 ³¹.
3111 3081 3232 3151 Ipsa
3259 3094 3400 3149 quo-

1831 3198 1940 3252 que
1993 3181 2188 3236 dilecta
2221 3189 2325 3234 est.
2374 3178 2538 3232 Eccui
2573 3177 2769 3232 dilecta
2807 3182 2888 3229 est
2919 3174 3050 3236 alii,
3077 3173 3182 3227 nisi
3212 3172 3259 3225 ei
3305 3170 3400 3240 qui

1832 3261 2070 3328 animam
2121 3287 2275 3328 suam
2325 3285 2424 3339 pro
2476 3284 2542 3324 ea
2579 3267 2795 3338 posuit?
2823 3265 2972 3320 Hanc
3023 3265 3206 3334 itaque
3262 3261 3402 3316 dile-

1832 3372 2000 3430 ctam,
2032 3362 2230 3430 inquit,
2265 3360 2446 3430 elegit.

1903 3519 1956 3580 6,
1989 3520 2040 3572 7.
2099 3516 2346 3570 Ascendit
2387 3514 2521 3568 Deus
2551 3516 2606 3566 in
2631 3512 2824 3582 jubilo.
2859 3510 3017 3563 Hisce
3061 3505 3403 3577 signiﬁcatur

1834 3611 2049 3665 Domini
2085 3609 2150 3663 ad
2184 3609 2353 3662 oculos
2385 3621 2666 3661 ascensus.
2710 3604 2964 3657 Dominus
2993 3602 3048 3652 in
3086 3615 3203 3653 voce
3239 3605 3397 3651 tabat.

1834 3698 2048 3752 Laudes
2080 3698 2148 3750 ab
2183 3698 2250 3750 iis
2286 3696 2379 3764 qui
2427 3710 2534 3748 una
2583 3692 2949 3747 ascendebant
2992 3689 3092 3758 ipsi
3124 3689 3276 3741 datas
3304 3701 3401 3738 vo-

1835 3806 1952 3846 cem
2015 3791 2159 3843 tuba:
2211 3796 2392 3841 vocat.
2444 3785 2672 3838 Psallite
2722 3784 2830 3836 Deo
2880 3793 3083 3846 nostro,
3140 3779 3404 3846 psallite:

1835 3882 2049 3952 psallite
2079 3880 2206 3948 Regi
2240 3889 2440 3941 nostro,
2495 3876 2726 3946 psallite.
2767 3875 3035 3940 Quoniam
3072 3871 3270 3941 angeli,
3312 3871 3399 3922 in-

1835 3975 1973 4044 quit,
2000 3972 2380 4027 ascendentem
2413 3970 2467 4022 in
2498 3968 2694 4023 caelum
2724 3966 2941 4036 hymnis
2970 3969 3400 4033 prosequuntur.

1837 4075 1890 4121 et
1917 4082 2012 4120 vos
2041 4065 2227 4126 etiam,
2259 4078 2292 4116 ο
2333 4069 2539 4130 gentes,
2587 4060 2730 4114 idem
2773 4058 3124 4112 observantes
3156 4052 3402 4107 ministe—

1834 4158 1998 4219 rium,
2047 4155 2260 4224 psallite
2307 4151 2422 4206 Deo
2456 4161 2613 4205 terra:
2666 4149 2976 4219 imperanti.
3018 4147 3218 4198 Eorum
3255 4142 3402 4196 enim

1843 4253 1936 4322 qui
1969 4253 2092 4306 laeto
2130 4249 2426 4305 secundum
2461 4247 2630 4301 Deum
2661 4246 2845 4300 animo
2873 4251 3001 4298 sunt
3035 4248 3119 4294 est
3148 4237 3398 4308 psallere.

1836 4343 2007 4407 Laeto,
2043 4340 2239 4409 inquit,
2273 4340 2451 4392 animo
2492 4339 2608 4407 quis
2658 4346 2733 4389 est
2768 4336 2824 4388 in
2869 4332 3051 4386 vobis?
3089 4329 3284 4399 psallat
3333 4326 3400 4380 ³³.

1912 4430 2177 4503 [Psallite
2203 4431 2486 4495 sapienter.
2517 4427 2635 4481 Non
2665 4442 2788 4481 cum
2824 4423 3070 4484 citharis,
3115 4430 3173 4474 ut
3219 4420 3258 4473 ii
3308 4419 3404 4488 qui

1764 4500 1810 4555 D
1842 4500 1966 4579 ante
1993 4523 2142 4576 fuere
2172 4540 2184 4574 :
2218 4522 2270 4574 id
2299 4521 2443 4574 enim
2477 4519 2746 4589 signiﬁcat
2788 4517 2940 4582 illud,
2969 4514 3246 4580 sapienter.
3274 4509 3294 4581 ]

1912 4617 1967 4671 8.
2028 4615 2284 4686 Regnabit
2331 4613 2470 4668 Deus
2515 4628 2671 4681 super
2702 4619 2894 4680 gentes.
2947 4607 3134 4660 Fidem
3168 4619 3406 4677 namque

1843 4709 1961 4778 ejus
2005 4713 2349 4775 acceperunt.
2401 4704 2540 4758 Deus
2592 4703 2728 4756 sedet
2773 4717 2929 4770 super
2955 4699 3128 4752 sedem
3167 4705 3404 4750 sanctam

1842 4817 2012 4853 suam.
2043 4797 2308 4851 Futurum
2340 4795 2458 4864 ejus
2482 4794 2769 4849 adventum
2811 4793 3080 4862 signiﬁcat
3108 4804 3217 4860 quo
3250 4789 3406 4844 sede-

1841 4893 1920 4947 bit
1942 4901 2003 4946 ut
2037 4891 2242 4959 jndicet
2273 4891 2481 4942 orbem.

1911 4985 1963 5039 9.
2042 4982 2314 5051 Principes
2361 4981 2672 5049 populorum
2739 4979 3040 5048 congregati
3100 4984 3221 5029 sunt
3289 4990 3406 5027 cum

1843 5073 1951 5127 Deo
2002 5072 2289 5124 Ahraham.
2329 5070 2516 5124 Simile
2568 5079 2652 5124 est
2702 5070 2886 5123 illud:
2938 5068 3200 5123 Sedebitis
3251 5081 3407 5132 super

1841 5164 2118 5217 duodecim
2172 5163 2385 5216 thronos
2429 5161 2730 5229 judicantes
2777 5160 3055 5214 duodecim
3105 5159 3267 5211 tribus
3320 5153 3406 5207 Is-

1844 5255 1954 5308 rael
1987 5255 2052 5308 ³⁸.
2083 5254 2344 5318 Quoniam
2372 5253 2470 5305 Dei
2494 5254 2654 5322 fortes
2685 5262 2836 5307 terra?
2872 5254 3189 5307 vehementer
3218 5247 3406 5301 elevati

1844 5356 1986 5399 sunt.
2019 5345 2074 5397 In
2107 5356 2271 5408 terra,
2336 5344 2534 5412 inquit,
2584 5352 2996 5399 mansuetorum
3037 5356 3157 5409 qut?
3201 5340 3405 5395 sanctis

1845 5435 2232 5504 assignabitur,
2279 5436 2447 5489 fortes
2487 5435 2578 5488 Dei
2615 5436 2962 5490 vehementer
2995 5431 3214 5486 exaltati
3255 5442 3402 5498 sunt,

1846 5535 1900 5581 et
1927 5526 2096 5595 gloria
2126 5527 2324 5581 mirum
2367 5527 2420 5580 in
2454 5528 2670 5581 modum
2704 5525 2866 5589 aucti,
2898 5534 2957 5578 ut
2986 5522 3307 5578 edidicimus
3337 5539 3402 5577 ex

1841 5633 1902 5672 ca
1937 5618 2200 5672 sententia
2234 5637 2249 5674 :
2279 5617 2535 5672 Sedebitis
2569 5636 2723 5688 super
2755 5621 2965 5673 thronos
2991 5619 3288 5674 duodecim.

278 5717 318 5749 ”
357 5717 490 5774 Luc.
524 5737 577 5788 ι,
616 5723 696 5777 l9.
775 5725 816 5756 ³ο
853 5724 993 5781 Psal.
1021 5740 1082 5794 ιι,
1122 5725 1173 5779 8.
1241 5727 1280 5758 ³¹
1311 5726 1444 5783 Gen.
1474 5741 1622 5792 ms,
1680 5728 1734 5784 l0

1846 5729 1918 5801 λ³²
1946 5727 2058 5784 Jac.
2111 5747 2161 5798 ν,
2203 5731 2292 5785 51.
2401 5733 2444 5763 ³³
2477 5731 2663 5786 Matth.
2701 5748 2816 5798 nx,
2842 5732 2931 5787 τε.
