  <div class='ocr_page' id='page_1' title='image "/cluster/home/n/w/nwhite01/storage/ocr_20150623/27/nnc1.0046978631/123.png"; bbox 0 0 3872 6216; ppageno 0'>
   <div class='ocr_carea' id='block_1_1' title="bbox 455 336 563 392">
    <p class='ocr_par' dir='ltr' id='par_1_1' title="bbox 455 336 563 392">
     <span class='ocr_line' id='line_1_1' title="bbox 455 336 563 392; baseline 0 0"><span class='ocrx_word' id='word_1_1' title='bbox 455 336 563 392; x_wconf 69' lang='lat'><strong>219</strong></span> 
     </span>
    </p>
   </div>
   <div class='ocr_carea' id='block_1_2' title="bbox 566 447 1918 519">
    <p class='ocr_par' dir='ltr' id='par_1_2' title="bbox 566 447 1918 519">
     <span class='ocr_line' id='line_1_2' title="bbox 566 447 1918 519; baseline -0.008 -6"><span class='ocrx_word' id='word_1_2' title='bbox 566 461 620 514; x_wconf 74' lang='lat' dir='ltr'><strong>l.</strong></span> <span class='ocrx_word' id='word_1_3' title='bbox 677 452 1016 514; x_wconf 74' lang='lat' dir='ltr'><strong>PSALMUS</strong></span> <span class='ocrx_word' id='word_1_4' title='bbox 1050 452 1264 518; x_wconf 86' lang='lat' dir='ltr'><strong>cantici,</strong></span> <span class='ocrx_word' id='word_1_5' title='bbox 1317 451 1444 519; x_wconf 75' lang='lat' dir='ltr'><strong>ﬁliis</strong></span> <span class='ocrx_word' id='word_1_6' title='bbox 1489 448 1643 516; x_wconf 87' lang='lat' dir='ltr'><strong>Core,</strong></span> <span class='ocrx_word' id='word_1_7' title='bbox 1689 447 1918 502; x_wconf 87' lang='lat' dir='ltr'><strong>secunda</strong></span> 
     </span>
    </p>
   </div>
   <div class='ocr_carea' id='block_1_3' title="bbox 981 539 1526 598">
    <p class='ocr_par' dir='ltr' id='par_1_3' title="bbox 981 539 1526 598">
     <span class='ocr_line' id='line_1_3' title="bbox 981 539 1526 598; baseline -0.009 -1"><span class='ocrx_word' id='word_1_8' title='bbox 981 543 1224 598; x_wconf 82' lang='lat' dir='ltr'><strong>Sabbati.</strong></span> <span class='ocrx_word' id='word_1_9' title='bbox 1286 539 1383 593; x_wconf 82' lang='lat' dir='ltr'><em>XL</em></span> <span class='ocrx_word' id='word_1_10' title='bbox 1398 539 1526 593; x_wconf 84' lang='lat' dir='ltr'><strong>VH.</strong></span> 
     </span>
    </p>
   </div>
   <div class='ocr_carea' id='block_1_4' title="bbox 1043 634 1715 708">
    <p class='ocr_par' dir='ltr' id='par_1_4' title="bbox 1043 634 1715 708">
     <span class='ocr_line' id='line_1_4' title="bbox 1043 634 1715 708; baseline -0.001 -23"><span class='ocrx_word' id='word_1_11' title='bbox 1043 634 1443 700; x_wconf 76' lang='lat' dir='ltr'><strong>Argumentum.</strong></span> <span class='ocrx_word' id='word_1_12' title='bbox 1697 697 1715 708; x_wconf 43' lang='grc' dir='ltr'><strong><em>ο</em></strong></span> 
     </span>
    </p>
   </div>
   <div class='ocr_carea' id='block_1_5' title="bbox 459 726 2028 798">
    <p class='ocr_par' dir='ltr' id='par_1_5' title="bbox 459 726 2028 798">
     <span class='ocr_line' id='line_1_5' title="bbox 459 726 2028 798; baseline -0.005 -18"><span class='ocrx_word' id='word_1_13' title='bbox 459 729 558 783; x_wconf 85' lang='lat' dir='ltr'><strong>llic</strong></span> <span class='ocrx_word' id='word_1_14' title='bbox 597 744 815 798; x_wconf 88' lang='lat' dir='ltr'><strong>quoque</strong></span> <span class='ocrx_word' id='word_1_15' title='bbox 856 726 1113 795; x_wconf 77' lang='lat' dir='ltr'><strong>psalmus.</strong></span> <span class='ocrx_word' id='word_1_16' title='bbox 1153 739 1218 776; x_wconf 78' lang='lat' dir='ltr'><strong>ex</strong></span> <span class='ocrx_word' id='word_1_17' title='bbox 1253 737 1484 790; x_wconf 89' lang='lat' dir='ltr'><strong>persona</strong></span> <span class='ocrx_word' id='word_1_18' title='bbox 1536 727 1851 774; x_wconf 85' lang='lat' dir='ltr'><strong>sanctorum</strong></span> <span class='ocrx_word' id='word_1_19' title='bbox 1897 733 2028 788; x_wconf 87' lang='lat' dir='ltr'><strong>apo-</strong></span> 
     </span>
    </p>
   </div>
   <div class='ocr_carea' id='block_1_6' title="bbox 531 813 2028 879">
    <p class='ocr_par' dir='ltr' id='par_1_6' title="bbox 531 813 2028 879">
     <span class='ocr_line' id='line_1_6' title="bbox 531 813 2028 879; baseline -0.005 -5"><span class='ocrx_word' id='word_1_20' title='bbox 531 822 796 875; x_wconf 88' lang='lat' dir='ltr'><strong>stolormn</strong></span> <span class='ocrx_word' id='word_1_21' title='bbox 861 818 1116 879; x_wconf 83' lang='lat' dir='ltr'><strong>canitur,</strong></span> <span class='ocrx_word' id='word_1_22' title='bbox 1173 814 1518 867; x_wconf 86' lang='lat' dir='ltr'><strong>narrantium</strong></span> <span class='ocrx_word' id='word_1_23' title='bbox 1576 813 1892 866; x_wconf 75' lang='lat' dir='ltr'><strong>vexationes</strong></span> <span class='ocrx_word' id='word_1_24' title='bbox 1956 816 2028 866; x_wconf 89' lang='lat' dir='ltr'><strong>ob</strong></span> 
     </span>
    </p>
   </div>
   <div class='ocr_carea' id='block_1_7' title="bbox 531 904 2024 980">
    <p class='ocr_par' dir='ltr' id='par_1_7' title="bbox 531 904 2024 980">
     <span class='ocr_line' id='line_1_7' title="bbox 531 904 2024 980; baseline -0.004 -18"><span class='ocrx_word' id='word_1_25' title='bbox 531 911 964 980; x_wconf 75' lang='lat' dir='ltr'><strong>praulicationem</strong></span> <span class='ocrx_word' id='word_1_26' title='bbox 1004 909 1205 972; x_wconf 79' lang='lat' dir='ltr'><strong>illatas,</strong></span> <span class='ocrx_word' id='word_1_27' title='bbox 1236 915 1290 959; x_wconf 90' lang='lat' dir='ltr'><strong>et</strong></span> <span class='ocrx_word' id='word_1_28' title='bbox 1321 905 1576 959; x_wconf 87' lang='lat' dir='ltr'><strong>victorias</strong></span> <span class='ocrx_word' id='word_1_29' title='bbox 1608 905 1674 956; x_wconf 88' lang='lat' dir='ltr'><strong>de</strong></span> <span class='ocrx_word' id='word_1_30' title='bbox 1707 904 1774 957; x_wconf 91' lang='lat' dir='ltr'><strong>iis</strong></span> <span class='ocrx_word' id='word_1_31' title='bbox 1822 914 2024 972; x_wconf 85' lang='lat' dir='ltr'><strong>partas.</strong></span> 
     </span>
    </p>
   </div>
   <div class='ocr_carea' id='block_1_8' title="bbox 530 997 2027 1073">
    <p class='ocr_par' dir='ltr' id='par_1_8' title="bbox 530 997 2027 1073">
     <span class='ocr_line' id='line_1_8' title="bbox 530 997 2027 1073; baseline -0.007 -15"><span class='ocrx_word' id='word_1_32' title='bbox 530 1004 584 1059; x_wconf 75' lang='grc'>2.</span> <span class='ocrx_word' id='word_1_33' title='bbox 635 1002 858 1073; x_wconf 82' lang='lat' dir='ltr'><strong>Magnus</strong></span> <span class='ocrx_word' id='word_1_34' title='bbox 909 1002 1165 1054; x_wconf 84' lang='lat' dir='ltr'><strong>Dominus</strong></span> <span class='ocrx_word' id='word_1_35' title='bbox 1209 1010 1257 1052; x_wconf 91' lang='lat' dir='ltr'><strong>et</strong></span> <span class='ocrx_word' id='word_1_36' title='bbox 1291 998 1573 1051; x_wconf 82' lang='lat' dir='ltr'><strong>laudabilis</strong></span> <span class='ocrx_word' id='word_1_37' title='bbox 1619 999 1772 1050; x_wconf 82' lang='lat' dir='ltr'><strong>nimis</strong></span> <span class='ocrx_word' id='word_1_38' title='bbox 1818 999 1873 1048; x_wconf 87' lang='lat' dir='ltr'><strong>in</strong></span> <span class='ocrx_word' id='word_1_39' title='bbox 1902 997 2027 1049; x_wconf 83' lang='lat' dir='ltr'><strong>ciri—</strong></span> 
     </span>
    </p>
   </div>
   <div class='ocr_carea' id='block_1_9' title="bbox 462 1088 2024 1156">
    <p class='ocr_par' dir='ltr' id='par_1_9' title="bbox 462 1088 2024 1156">
     <span class='ocr_line' id='line_1_9' title="bbox 462 1088 2024 1156; baseline -0.005 -7"><span class='ocrx_word' id='word_1_40' title='bbox 462 1106 568 1150; x_wconf 88' lang='lat' dir='ltr'><strong>tate</strong></span> <span class='ocrx_word' id='word_1_41' title='bbox 603 1095 699 1148; x_wconf 87' lang='lat' dir='ltr'><strong>Dei</strong></span> <span class='ocrx_word' id='word_1_42' title='bbox 746 1095 932 1156; x_wconf 87' lang='lat' dir='ltr'><strong>nostri,</strong></span> <span class='ocrx_word' id='word_1_43' title='bbox 979 1093 1032 1145; x_wconf 81' lang='lat' dir='ltr'><strong>in</strong></span> <span class='ocrx_word' id='word_1_44' title='bbox 1066 1101 1238 1145; x_wconf 80' lang='lat' dir='ltr'><strong>monte</strong></span> <span class='ocrx_word' id='word_1_45' title='bbox 1265 1099 1447 1144; x_wconf 89' lang='lat' dir='ltr'><strong>sancto</strong></span> <span class='ocrx_word' id='word_1_46' title='bbox 1478 1089 1613 1152; x_wconf 80' lang='lat' dir='ltr'><strong>eius.</strong></span> <span class='ocrx_word' id='word_1_47' title='bbox 1664 1088 1778 1140; x_wconf 78' lang='lat' dir='ltr'><strong>Non</strong></span> <span class='ocrx_word' id='word_1_48' title='bbox 1821 1089 1932 1155; x_wconf 85' lang='lat' dir='ltr'><strong>jam</strong></span> <span class='ocrx_word' id='word_1_49' title='bbox 1972 1089 2024 1141; x_wconf 91' lang='lat' dir='ltr'><strong>in</strong></span> 
     </span>
    </p>
   </div>
   <div class='ocr_carea' id='block_1_10' title="bbox 460 1177 2025 1253">
    <p class='ocr_par' dir='ltr' id='par_1_10' title="bbox 460 1177 2025 1253">
     <span class='ocr_line' id='line_1_10' title="bbox 460 1177 2025 1253; baseline -0.006 -11"><span class='ocrx_word' id='word_1_50' title='bbox 460 1189 595 1250; x_wconf 90' lang='lat' dir='ltr'><strong>sola,</strong></span> <span class='ocrx_word' id='word_1_51' title='bbox 629 1186 826 1253; x_wconf 91' lang='lat' dir='ltr'><strong>inquit,</strong></span> <span class='ocrx_word' id='word_1_52' title='bbox 862 1183 1070 1246; x_wconf 69' lang='lat' dir='ltr'><strong>Iudaea,</strong></span> <span class='ocrx_word' id='word_1_53' title='bbox 1105 1184 1198 1237; x_wconf 90' lang='lat' dir='ltr'><strong>sed</strong></span> <span class='ocrx_word' id='word_1_54' title='bbox 1233 1181 1288 1234; x_wconf 92' lang='lat' dir='ltr'><strong>in</strong></span> <span class='ocrx_word' id='word_1_55' title='bbox 1333 1191 1515 1234; x_wconf 87' lang='lat' dir='ltr'><strong>monte</strong></span> <span class='ocrx_word' id='word_1_56' title='bbox 1554 1189 1761 1234; x_wconf 89' lang='lat' dir='ltr'><strong>sancto.</strong></span> <span class='ocrx_word' id='word_1_57' title='bbox 1787 1177 2025 1233; x_wconf 84' lang='lat' dir='ltr'><strong>Montem</strong></span> 
     </span>
    </p>
   </div>
   <div class='ocr_carea' id='block_1_11' title="bbox 461 1268 2028 1336">
    <p class='ocr_par' dir='ltr' id='par_1_11' title="bbox 461 1268 2028 1336">
     <span class='ocr_line' id='line_1_11' title="bbox 461 1268 2028 1336; baseline -0.005 -6"><span class='ocrx_word' id='word_1_58' title='bbox 461 1286 639 1331; x_wconf 87' lang='lat' dir='ltr'><strong>autem</strong></span> <span class='ocrx_word' id='word_1_59' title='bbox 682 1277 769 1329; x_wconf 91' lang='lat' dir='ltr'><strong>hic</strong></span> <span class='ocrx_word' id='word_1_60' title='bbox 793 1276 924 1329; x_wconf 81' lang='lat' dir='ltr'><strong>dicit</strong></span> <span class='ocrx_word' id='word_1_61' title='bbox 953 1273 1276 1336; x_wconf 86' lang='lat' dir='ltr'><strong>Ecelesiam,</strong></span> <span class='ocrx_word' id='word_1_62' title='bbox 1327 1271 1396 1326; x_wconf 86' lang='lat' dir='ltr'><strong>ob</strong></span> <span class='ocrx_word' id='word_1_63' title='bbox 1449 1271 1742 1326; x_wconf 83' lang='lat' dir='ltr'><strong>sublimem</strong></span> <span class='ocrx_word' id='word_1_64' title='bbox 1795 1270 1862 1324; x_wconf 84' lang='lat' dir='ltr'><strong>de</strong></span> <span class='ocrx_word' id='word_1_65' title='bbox 1915 1268 2028 1324; x_wconf 87' lang='lat' dir='ltr'><strong>Deo</strong></span> 
     </span>
    </p>
   </div>
   <div class='ocr_carea' id='block_1_12' title="bbox 459 1367 782 1423">
    <p class='ocr_par' dir='ltr' id='par_1_12' title="bbox 459 1367 782 1423">
     <span class='ocr_line' id='line_1_12' title="bbox 459 1367 782 1423; baseline -0.009 0"><span class='ocrx_word' id='word_1_66' title='bbox 459 1367 782 1423; x_wconf 82' lang='lat' dir='ltr'><strong>doctrinam.</strong></span> 
     </span>
    </p>
   </div>
   <div class='ocr_carea' id='block_1_13' title="bbox 531 1451 2028 1514">
    <p class='ocr_par' dir='ltr' id='par_1_13' title="bbox 531 1451 2028 1514">
     <span class='ocr_line' id='line_1_13' title="bbox 531 1451 2028 1514; baseline -0.005 -2"><span class='ocrx_word' id='word_1_67' title='bbox 531 1460 586 1513; x_wconf 81' lang='lat'><strong>5.</strong></span> <span class='ocrx_word' id='word_1_68' title='bbox 637 1456 925 1514; x_wconf 84' lang='lat' dir='ltr'><strong>Fundatur</strong></span> <span class='ocrx_word' id='word_1_69' title='bbox 948 1455 1296 1509; x_wconf 70' lang='lat' dir='ltr'><strong>exsultatione</strong></span> <span class='ocrx_word' id='word_1_70' title='bbox 1334 1455 1587 1508; x_wconf 72' lang='lat' dir='ltr'><strong>universa:</strong></span> <span class='ocrx_word' id='word_1_71' title='bbox 1619 1463 1789 1506; x_wconf 71' lang='lat' dir='ltr'><strong>terrm.</strong></span> <span class='ocrx_word' id='word_1_72' title='bbox 1823 1451 2028 1507; x_wconf 82' lang='lat' dir='ltr'><strong>Exten-</strong></span> 
     </span>
    </p>
   </div>
   <div class='ocr_carea' id='block_1_14' title="bbox 458 1548 2032 1618">
    <p class='ocr_par' dir='ltr' id='par_1_14' title="bbox 458 1548 2032 1618">
     <span class='ocr_line' id='line_1_14' title="bbox 458 1548 2032 1618; baseline -0.006 -12"><span class='ocrx_word' id='word_1_73' title='bbox 458 1553 557 1614; x_wconf 88' lang='lat' dir='ltr'><strong>dit,</strong></span> <span class='ocrx_word' id='word_1_74' title='bbox 616 1551 809 1618; x_wconf 81' lang='lat' dir='ltr'><strong>inquit,</strong></span> <span class='ocrx_word' id='word_1_75' title='bbox 882 1548 1292 1601; x_wconf 66' lang='lat' dir='ltr'><strong>exsuitationem</strong></span> <span class='ocrx_word' id='word_1_76' title='bbox 1355 1561 1450 1614; x_wconf 87' lang='lat' dir='ltr'><strong>per</strong></span> <span class='ocrx_word' id='word_1_77' title='bbox 1515 1559 1730 1597; x_wconf 81' lang='lat' dir='ltr'><strong>omnem</strong></span> <span class='ocrx_word' id='word_1_78' title='bbox 1782 1554 1979 1598; x_wconf 91' lang='lat' dir='ltr'><strong>terram</strong></span> <span class='ocrx_word' id='word_1_79' title='bbox 2006 1561 2032 1610; x_wconf 93' lang='lat'><strong>;-</strong></span> 
     </span>
    </p>
   </div>
   <div class='ocr_carea' id='block_1_15' title="bbox 461 1635 2026 1707">
    <p class='ocr_par' dir='ltr' id='par_1_15' title="bbox 461 1635 2026 1707">
     <span class='ocr_line' id='line_1_15' title="bbox 461 1635 2026 1707; baseline -0.004 -11"><span class='ocrx_word' id='word_1_80' title='bbox 461 1657 585 1696; x_wconf 89' lang='lat' dir='ltr'><strong>nam</strong></span> <span class='ocrx_word' id='word_1_81' title='bbox 613 1643 664 1694; x_wconf 93' lang='lat' dir='ltr'><strong>in</strong></span> <span class='ocrx_word' id='word_1_82' title='bbox 689 1655 902 1694; x_wconf 90' lang='lat' dir='ltr'><strong>omnem</strong></span> <span class='ocrx_word' id='word_1_83' title='bbox 942 1649 1136 1692; x_wconf 89' lang='lat' dir='ltr'><strong>terram</strong></span> <span class='ocrx_word' id='word_1_84' title='bbox 1169 1639 1404 1707; x_wconf 83' lang='lat' dir='ltr'><strong>pervasit</strong></span> <span class='ocrx_word' id='word_1_85' title='bbox 1441 1637 1734 1691; x_wconf 75' lang='lat' dir='ltr'><strong>exsultatio</strong></span> <span class='ocrx_word' id='word_1_86' title='bbox 1757 1635 1876 1704; x_wconf 85' lang='lat' dir='ltr'><strong>ejus</strong></span> <span class='ocrx_word' id='word_1_87' title='bbox 1908 1651 2026 1690; x_wconf 88' lang='lat' dir='ltr'><strong>ma-</strong></span> 
     </span>
    </p>
   </div>
   <div class='ocr_carea' id='block_1_16' title="bbox 461 1726 2025 1799">
    <p class='ocr_par' dir='ltr' id='par_1_16' title="bbox 461 1726 2025 1799">
     <span class='ocr_line' id='line_1_16' title="bbox 461 1726 2025 1799; baseline -0.006 -12"><span class='ocrx_word' id='word_1_88' title='bbox 461 1731 840 1792; x_wconf 82' lang='lat' dir='ltr'><strong>nifestationis,</strong></span> <span class='ocrx_word' id='word_1_89' title='bbox 883 1740 936 1784; x_wconf 92' lang='lat' dir='ltr'><strong>et</strong></span> <span class='ocrx_word' id='word_1_90' title='bbox 979 1730 1206 1799; x_wconf 77' lang='lat' dir='ltr'><strong>gratiam</strong></span> <span class='ocrx_word' id='word_1_91' title='bbox 1236 1728 1503 1782; x_wconf 74' lang='lat' dir='ltr'><strong>dilatavit.</strong></span> <span class='ocrx_word' id='word_1_92' title='bbox 1540 1726 1740 1781; x_wconf 84' lang='lat' dir='ltr'><strong>Montes</strong></span> <span class='ocrx_word' id='word_1_93' title='bbox 1774 1726 1903 1781; x_wconf 89' lang='lat' dir='ltr'><strong>Sion</strong></span> <span class='ocrx_word' id='word_1_94' title='bbox 1944 1727 2025 1779; x_wconf 90' lang='lat' dir='ltr'><strong>la-</strong></span> 
     </span>
    </p>
   </div>
   <div class='ocr_carea' id='block_1_17' title="bbox 461 1820 2028 1893">
    <p class='ocr_par' dir='ltr' id='par_1_17' title="bbox 461 1820 2028 1893">
     <span class='ocr_line' id='line_1_17' title="bbox 461 1820 2028 1893; baseline -0.001 -17"><span class='ocrx_word' id='word_1_95' title='bbox 461 1833 571 1877; x_wconf 82' lang='lat' dir='ltr'><strong>tera</strong></span> <span class='ocrx_word' id='word_1_96' title='bbox 607 1823 868 1893; x_wconf 82' lang='lat' dir='ltr'><strong>aquilonis</strong></span> <span class='ocrx_word' id='word_1_97' title='bbox 927 1820 1225 1876; x_wconf 77' lang='lat' dir='ltr'><strong>Jerusalem</strong></span> <span class='ocrx_word' id='word_1_98' title='bbox 1282 1821 1348 1874; x_wconf 89' lang='lat' dir='ltr'><strong>ad</strong></span> <span class='ocrx_word' id='word_1_99' title='bbox 1398 1820 1682 1874; x_wconf 84' lang='lat' dir='ltr'><strong>meridiem</strong></span> <span class='ocrx_word' id='word_1_100' title='bbox 1738 1821 1838 1874; x_wconf 83' lang='lat' dir='ltr'><strong>sita</strong></span> <span class='ocrx_word' id='word_1_101' title='bbox 1898 1831 2028 1874; x_wconf 73' lang='lat' dir='ltr'><strong>est:</strong></span> 
     </span>
    </p>
   </div>
   <div class='ocr_carea' id='block_1_18' title="bbox 456 1910 2026 1988">
    <p class='ocr_par' dir='ltr' id='par_1_18' title="bbox 456 1910 2026 1988">
     <span class='ocr_line' id='line_1_18' title="bbox 456 1910 2026 1988; baseline -0.004 -18"><span class='ocrx_word' id='word_1_102' title='bbox 456 1927 642 1988; x_wconf 73' lang='lat' dir='ltr'><strong>gentes</strong></span> <span class='ocrx_word' id='word_1_103' title='bbox 677 1917 741 1970; x_wconf 90' lang='lat' dir='ltr'><strong>ad</strong></span> <span class='ocrx_word' id='word_1_104' title='bbox 788 1917 1114 1984; x_wconf 88' lang='lat' dir='ltr'><strong>aquilonem.</strong></span> <span class='ocrx_word' id='word_1_105' title='bbox 1160 1913 1426 1980; x_wconf 86' lang='lat' dir='ltr'><strong>Quoniam</strong></span> <span class='ocrx_word' id='word_1_106' title='bbox 1478 1923 1656 1965; x_wconf 89' lang='lat' dir='ltr'><strong>autem</strong></span> <span class='ocrx_word' id='word_1_107' title='bbox 1710 1910 1901 1975; x_wconf 64' lang='lat' dir='ltr'><strong>Judaei,</strong></span> <span class='ocrx_word' id='word_1_108' title='bbox 1940 1921 2026 1963; x_wconf 92' lang='lat' dir='ltr'><strong>ut-</strong></span> 
     </span>
    </p>
   </div>
   <div class='ocr_carea' id='block_1_19' title="bbox 455 2004 2024 2078">
    <p class='ocr_par' dir='ltr' id='par_1_19' title="bbox 455 2004 2024 2078">
     <span class='ocr_line' id='line_1_19' title="bbox 455 2004 2024 2078; baseline -0.003 -16"><span class='ocrx_word' id='word_1_109' title='bbox 455 2017 580 2078; x_wconf 85' lang='lat' dir='ltr'><strong>pote</strong></span> <span class='ocrx_word' id='word_1_110' title='bbox 605 2009 703 2062; x_wconf 87' lang='lat' dir='ltr'><strong>suli</strong></span> <span class='ocrx_word' id='word_1_111' title='bbox 734 2017 966 2061; x_wconf 88' lang='lat' dir='ltr'><strong>montem</strong></span> <span class='ocrx_word' id='word_1_112' title='bbox 1012 2008 1142 2060; x_wconf 85' lang='lat' dir='ltr'><strong>Sion</strong></span> <span class='ocrx_word' id='word_1_113' title='bbox 1182 2007 1478 2060; x_wconf 81' lang='lat' dir='ltr'><strong>incolentes</strong></span> <span class='ocrx_word' id='word_1_114' title='bbox 1513 2004 1792 2073; x_wconf 81' lang='lat' dir='ltr'><strong>magniﬁce</strong></span> <span class='ocrx_word' id='word_1_115' title='bbox 1828 2004 2024 2058; x_wconf 86' lang='lat' dir='ltr'><strong>sentie-</strong></span> 
     </span>
    </p>
   </div>
   <div class='ocr_carea' id='block_1_20' title="bbox 454 2095 2019 2168">
    <p class='ocr_par' dir='ltr' id='par_1_20' title="bbox 454 2095 2019 2168">
     <span class='ocr_line' id='line_1_20' title="bbox 454 2095 2019 2168; baseline -0.001 -16"><span class='ocrx_word' id='word_1_116' title='bbox 454 2098 602 2162; x_wconf 86' lang='lat' dir='ltr'><strong>bant,</strong></span> <span class='ocrx_word' id='word_1_117' title='bbox 634 2097 721 2152; x_wconf 88' lang='lat' dir='ltr'><strong>hic</strong></span> <span class='ocrx_word' id='word_1_118' title='bbox 760 2099 1063 2152; x_wconf 83' lang='lat' dir='ltr'><strong>ostenditur</strong></span> <span class='ocrx_word' id='word_1_119' title='bbox 1098 2095 1228 2151; x_wconf 89' lang='lat' dir='ltr'><strong>Sion</strong></span> <span class='ocrx_word' id='word_1_120' title='bbox 1271 2113 1390 2151; x_wconf 76' lang='lat' dir='ltr'><strong>esse</strong></span> <span class='ocrx_word' id='word_1_121' title='bbox 1431 2107 1616 2168; x_wconf 76' lang='lat' dir='ltr'><strong>gentes</strong></span> <span class='ocrx_word' id='word_1_122' title='bbox 1650 2097 2019 2166; x_wconf 83' lang='lat' dir='ltr'><strong>evangelicum</strong></span> 
     </span>
    </p>
   </div>
   <div class='ocr_carea' id='block_1_21' title="bbox 453 2184 2020 2256">
    <p class='ocr_par' dir='ltr' id='par_1_21' title="bbox 453 2184 2020 2256">
     <span class='ocr_line' id='line_1_21' title="bbox 453 2184 2020 2256; baseline -0.002 -13"><span class='ocrx_word' id='word_1_123' title='bbox 453 2202 756 2243; x_wconf 87' lang='lat' dir='ltr'><strong>sermonem</strong></span> <span class='ocrx_word' id='word_1_124' title='bbox 789 2187 1138 2256; x_wconf 77' lang='lat' dir='ltr'><strong>excipientes.</strong></span> <span class='ocrx_word' id='word_1_125' title='bbox 1171 2185 1304 2240; x_wconf 86' lang='lat' dir='ltr'><strong>Nam</strong></span> <span class='ocrx_word' id='word_1_126' title='bbox 1345 2184 1526 2240; x_wconf 89' lang='lat' dir='ltr'><strong>Sionis</strong></span> <span class='ocrx_word' id='word_1_127' title='bbox 1550 2187 1708 2241; x_wconf 85' lang='lat' dir='ltr'><strong>sedes</strong></span> <span class='ocrx_word' id='word_1_128' title='bbox 1738 2195 1822 2240; x_wconf 84' lang='lat' dir='ltr'><strong>est</strong></span> <span class='ocrx_word' id='word_1_129' title='bbox 1844 2187 2020 2240; x_wconf 78' lang='lat' dir='ltr'><strong>borea:</strong></span> 
     </span>
    </p>
   </div>
   <div class='ocr_carea' id='block_1_22' title="bbox 449 2275 2022 2345">
    <p class='ocr_par' dir='ltr' id='par_1_22' title="bbox 449 2275 2022 2345">
     <span class='ocr_line' id='line_1_22' title="bbox 449 2275 2022 2345; baseline -0.002 -14"><span class='ocrx_word' id='word_1_130' title='bbox 449 2277 722 2338; x_wconf 83' lang='lat' dir='ltr'><strong>climatus,</strong></span> <span class='ocrx_word' id='word_1_131' title='bbox 751 2278 842 2344; x_wconf 91' lang='lat' dir='ltr'><strong>qui</strong></span> <span class='ocrx_word' id='word_1_132' title='bbox 877 2277 1051 2329; x_wconf 75' lang='lat' dir='ltr'><strong>borea:</strong></span> <span class='ocrx_word' id='word_1_133' title='bbox 1101 2277 1352 2330; x_wconf 86' lang='lat' dir='ltr'><strong>climatus</strong></span> <span class='ocrx_word' id='word_1_134' title='bbox 1387 2291 1480 2345; x_wconf 89' lang='lat' dir='ltr'><strong>per</strong></span> <span class='ocrx_word' id='word_1_135' title='bbox 1528 2275 1694 2328; x_wconf 85' lang='lat' dir='ltr'><strong>latera</strong></span> <span class='ocrx_word' id='word_1_136' title='bbox 1745 2276 2022 2345; x_wconf 79' lang='lat' dir='ltr'><strong>signiﬁca-</strong></span> 
     </span>
    </p>
   </div>
   <div class='ocr_carea' id='block_1_23' title="bbox 453 2367 2017 2425">
    <p class='ocr_par' dir='ltr' id='par_1_23' title="bbox 453 2367 2017 2425">
     <span class='ocr_line' id='line_1_23' title="bbox 453 2367 2017 2425; baseline -0.002 -3"><span class='ocrx_word' id='word_1_137' title='bbox 453 2378 538 2422; x_wconf 90' lang='lat' dir='ltr'><strong>tur</strong></span> <span class='ocrx_word' id='word_1_138' title='bbox 575 2385 737 2421; x_wconf 87' lang='lat' dir='ltr'><strong>:nam</strong></span> <span class='ocrx_word' id='word_1_139' title='bbox 777 2368 865 2420; x_wconf 92' lang='lat' dir='ltr'><strong>ubi</strong></span> <span class='ocrx_word' id='word_1_140' title='bbox 895 2367 1140 2422; x_wconf 89' lang='lat' dir='ltr'><strong>dicturus</strong></span> <span class='ocrx_word' id='word_1_141' title='bbox 1183 2377 1299 2421; x_wconf 89' lang='lat' dir='ltr'><strong>erat</strong></span> <span class='ocrx_word' id='word_1_142' title='bbox 1334 2367 1511 2421; x_wconf 80' lang='lat' dir='ltr'><strong>borea:</strong></span> <span class='ocrx_word' id='word_1_143' title='bbox 1542 2367 1817 2425; x_wconf 81' lang='lat' dir='ltr'><strong>climatus,</strong></span> <span class='ocrx_word' id='word_1_144' title='bbox 1848 2367 2017 2420; x_wconf 87' lang='lat' dir='ltr'><strong>latera</strong></span> 
     </span>
    </p>
   </div>
   <div class='ocr_carea' id='block_1_24' title="bbox 448 2457 2018 2530">
    <p class='ocr_par' dir='ltr' id='par_1_24' title="bbox 448 2457 2018 2530">
     <span class='ocr_line' id='line_1_24' title="bbox 448 2457 2018 2530; baseline -0.003 -14"><span class='ocrx_word' id='word_1_145' title='bbox 448 2461 719 2530; x_wconf 84' lang='lat' dir='ltr'><strong>aquilonis</strong></span> <span class='ocrx_word' id='word_1_146' title='bbox 749 2461 902 2514; x_wconf 74' lang='lat' dir='ltr'><strong>dixit.</strong></span> <span class='ocrx_word' id='word_1_147' title='bbox 938 2462 1006 2514; x_wconf 88' lang='lat' dir='ltr'><strong>Et</strong></span> <span class='ocrx_word' id='word_1_148' title='bbox 1042 2461 1192 2530; x_wconf 87' lang='lat' dir='ltr'><strong>prius</strong></span> <span class='ocrx_word' id='word_1_149' title='bbox 1219 2461 1434 2530; x_wconf 87' lang='lat' dir='ltr'><strong>quidem</strong></span> <span class='ocrx_word' id='word_1_150' title='bbox 1476 2458 1678 2513; x_wconf 87' lang='lat' dir='ltr'><strong>Paulus</strong></span> <span class='ocrx_word' id='word_1_151' title='bbox 1712 2457 1812 2512; x_wconf 82' lang='lat' dir='ltr'><strong>fuit</strong></span> <span class='ocrx_word' id='word_1_152' title='bbox 1850 2459 2018 2512; x_wconf 86' lang='lat' dir='ltr'><strong>latera</strong></span> 
     </span>
    </p>
   </div>
   <div class='ocr_carea' id='block_1_25' title="bbox 447 2548 2016 2623">
    <p class='ocr_par' dir='ltr' id='par_1_25' title="bbox 447 2548 2016 2623">
     <span class='ocr_line' id='line_1_25' title="bbox 447 2548 2016 2623; baseline -0.003 -17"><span class='ocrx_word' id='word_1_153' title='bbox 447 2553 739 2623; x_wconf 81' lang='lat' dir='ltr'><strong>aquilonis,</strong></span> <span class='ocrx_word' id='word_1_154' title='bbox 767 2569 796 2606; x_wconf 90' lang='lat' dir='ltr'><strong>a</strong></span> <span class='ocrx_word' id='word_1_155' title='bbox 831 2568 939 2622; x_wconf 90' lang='lat' dir='ltr'><strong>quo</strong></span> <span class='ocrx_word' id='word_1_156' title='bbox 985 2555 1236 2606; x_wconf 87' lang='lat' dir='ltr'><strong>universa</strong></span> <span class='ocrx_word' id='word_1_157' title='bbox 1273 2552 1411 2605; x_wconf 85' lang='lat' dir='ltr'><strong>mala</strong></span> <span class='ocrx_word' id='word_1_158' title='bbox 1451 2566 1542 2620; x_wconf 90' lang='lat' dir='ltr'><strong>per</strong></span> <span class='ocrx_word' id='word_1_159' title='bbox 1587 2551 1772 2604; x_wconf 83' lang='lat' dir='ltr'><strong>orbein</strong></span> <span class='ocrx_word' id='word_1_160' title='bbox 1810 2548 2016 2603; x_wconf 85' lang='lat' dir='ltr'><strong>conﬂa-</strong></span> 
     </span>
    </p>
   </div>
   <div class='ocr_carea' id='block_1_26' title="bbox 446 2641 2016 2717">
    <p class='ocr_par' dir='ltr' id='par_1_26' title="bbox 446 2641 2016 2717">
     <span class='ocr_line' id='line_1_26' title="bbox 446 2641 2016 2717; baseline -0.001 -19"><span class='ocrx_word' id='word_1_161' title='bbox 446 2658 708 2717; x_wconf 74' lang='lat' dir='ltr'><strong>grarunt;</strong></span> <span class='ocrx_word' id='word_1_162' title='bbox 745 2647 857 2716; x_wconf 88' lang='lat' dir='ltr'><strong>jam</strong></span> <span class='ocrx_word' id='word_1_163' title='bbox 886 2662 1015 2700; x_wconf 85' lang='lat' dir='ltr'><strong>vero</strong></span> <span class='ocrx_word' id='word_1_164' title='bbox 1051 2645 1223 2700; x_wconf 81' lang='lat' dir='ltr'><strong>factus</strong></span> <span class='ocrx_word' id='word_1_165' title='bbox 1256 2655 1331 2699; x_wconf 92' lang='lat' dir='ltr'><strong>cst</strong></span> <span class='ocrx_word' id='word_1_166' title='bbox 1366 2655 1574 2698; x_wconf 87' lang='lat' dir='ltr'><strong>montes</strong></span> <span class='ocrx_word' id='word_1_167' title='bbox 1624 2641 1778 2704; x_wconf 84' lang='lat' dir='ltr'><strong>Sion,</strong></span> <span class='ocrx_word' id='word_1_168' title='bbox 1811 2642 2016 2697; x_wconf 86' lang='lat' dir='ltr'><strong>habens</strong></span> 
     </span>
    </p>
   </div>
   <div class='ocr_carea' id='block_1_27' title="bbox 445 2736 2013 2809">
    <p class='ocr_par' dir='ltr' id='par_1_27' title="bbox 445 2736 2013 2809">
     <span class='ocr_line' id='line_1_27' title="bbox 445 2736 2013 2809; baseline -0.003 -17"><span class='ocrx_word' id='word_1_169' title='bbox 445 2739 499 2792; x_wconf 93' lang='lat' dir='ltr'><strong>in</strong></span> <span class='ocrx_word' id='word_1_170' title='bbox 531 2755 647 2794; x_wconf 86' lang='lat' dir='ltr'><strong>sese</strong></span> <span class='ocrx_word' id='word_1_171' title='bbox 674 2741 981 2809; x_wconf 88' lang='lat' dir='ltr'><strong>loquentem</strong></span> <span class='ocrx_word' id='word_1_172' title='bbox 1023 2737 1320 2800; x_wconf 81' lang='lat' dir='ltr'><strong>Christum,</strong></span> <span class='ocrx_word' id='word_1_173' title='bbox 1356 2738 1449 2807; x_wconf 85' lang='lat' dir='ltr'><strong>qui</strong></span> <span class='ocrx_word' id='word_1_174' title='bbox 1482 2736 1628 2788; x_wconf 83' lang='lat' dir='ltr'><strong>venit</strong></span> <span class='ocrx_word' id='word_1_175' title='bbox 1652 2751 1714 2788; x_wconf 75' lang='lat' dir='ltr'><strong>ex</strong></span> <span class='ocrx_word' id='word_1_176' title='bbox 1767 2736 1897 2789; x_wconf 87' lang='lat' dir='ltr'><strong>Sion</strong></span> <span class='ocrx_word' id='word_1_177' title='bbox 1934 2736 2013 2803; x_wconf 71' lang='lat'><strong>“-,</strong></span> 
     </span>
    </p>
   </div>
   <div class='ocr_carea' id='block_1_28' title="bbox 445 2828 2012 2901">
    <p class='ocr_par' dir='ltr' id='par_1_28' title="bbox 445 2828 2012 2901">
     <span class='ocr_line' id='line_1_28' title="bbox 445 2828 2012 2901; baseline -0.001 -17"><span class='ocrx_word' id='word_1_178' title='bbox 445 2839 499 2884; x_wconf 87' lang='lat' dir='ltr'><strong>et</strong></span> <span class='ocrx_word' id='word_1_179' title='bbox 557 2832 749 2885; x_wconf 84' lang='lat' dir='ltr'><strong>avertit</strong></span> <span class='ocrx_word' id='word_1_180' title='bbox 793 2832 1120 2901; x_wconf 72' lang='lat' dir='ltr'><strong>impietatem</strong></span> <span class='ocrx_word' id='word_1_181' title='bbox 1182 2847 1248 2885; x_wconf 83' lang='lat' dir='ltr'><strong>ex</strong></span> <span class='ocrx_word' id='word_1_182' title='bbox 1296 2828 1465 2884; x_wconf 83' lang='lat' dir='ltr'><strong>Jacob</strong></span> <span class='ocrx_word' id='word_1_183' title='bbox 1517 2830 1580 2886; x_wconf 81' lang='grc'><strong>³⁸.</strong></span> <span class='ocrx_word' id='word_1_184' title='bbox 1632 2830 1830 2887; x_wconf 79' lang='lat' dir='ltr'><strong>Civitas</strong></span> <span class='ocrx_word' id='word_1_185' title='bbox 1880 2829 2012 2899; x_wconf 87' lang='lat' dir='ltr'><strong>regis</strong></span> 
     </span>
    </p>
   </div>
   <div class='ocr_carea' id='block_1_29' title="bbox 445 2921 2013 2993">
    <p class='ocr_par' dir='ltr' id='par_1_29' title="bbox 445 2921 2013 2993">
     <span class='ocr_line' id='line_1_29' title="bbox 445 2921 2013 2993; baseline 0.003 -19"><span class='ocrx_word' id='word_1_186' title='bbox 445 2923 643 2993; x_wconf 81' lang='lat' dir='ltr'><strong>magni.</strong></span> <span class='ocrx_word' id='word_1_187' title='bbox 691 2921 814 2978; x_wconf 73' lang='lat' dir='ltr'><strong>Haec</strong></span> <span class='ocrx_word' id='word_1_188' title='bbox 847 2924 1012 2977; x_wconf 80' lang='lat' dir='ltr'><strong>latera</strong></span> <span class='ocrx_word' id='word_1_189' title='bbox 1055 2923 1349 2992; x_wconf 86' lang='lat' dir='ltr'><strong>aquilonis,</strong></span> <span class='ocrx_word' id='word_1_190' title='bbox 1381 2925 1476 2984; x_wconf 87' lang='lat' dir='ltr'><strong>ait.</strong></span> <span class='ocrx_word' id='word_1_191' title='bbox 1501 2925 1615 2978; x_wconf 83' lang='lat' dir='ltr'><strong>sive</strong></span> <span class='ocrx_word' id='word_1_192' title='bbox 1646 2933 1853 2993; x_wconf 82' lang='lat' dir='ltr'><strong>gentes,</strong></span> <span class='ocrx_word' id='word_1_193' title='bbox 1880 2927 2013 2978; x_wconf 81' lang='lat' dir='ltr'><strong>civi-</strong></span> 
     </span>
    </p>
   </div>
   <div class='ocr_carea' id='block_1_30' title="bbox 443 3014 2009 3088">
    <p class='ocr_par' dir='ltr' id='par_1_30' title="bbox 443 3014 2009 3088">
     <span class='ocr_line' id='line_1_30' title="bbox 443 3014 2009 3088; baseline 0.004 -22"><span class='ocrx_word' id='word_1_194' title='bbox 443 3026 528 3068; x_wconf 90' lang='lat' dir='ltr'><strong>tas</strong></span> <span class='ocrx_word' id='word_1_195' title='bbox 554 3014 675 3082; x_wconf 85' lang='lat' dir='ltr'><strong>jurc</strong></span> <span class='ocrx_word' id='word_1_196' title='bbox 725 3024 1005 3081; x_wconf 83' lang='lat' dir='ltr'><strong>vocentur,</strong></span> <span class='ocrx_word' id='word_1_197' title='bbox 1060 3014 1113 3068; x_wconf 92' lang='lat' dir='ltr'><strong>in</strong></span> <span class='ocrx_word' id='word_1_198' title='bbox 1164 3015 1364 3084; x_wconf 91' lang='lat' dir='ltr'><strong>quibus</strong></span> <span class='ocrx_word' id='word_1_199' title='bbox 1410 3014 1552 3070; x_wconf 88' lang='lat' dir='ltr'><strong>Deus</strong></span> <span class='ocrx_word' id='word_1_200' title='bbox 1593 3016 1912 3088; x_wconf 81' lang='lat' dir='ltr'><strong>intelligitur</strong></span> <span class='ocrx_word' id='word_1_201' title='bbox 1943 3018 2009 3073; x_wconf 88' lang='lat' dir='ltr'><strong>iis</strong></span> 
     </span>
    </p>
   </div>
   <div class='ocr_carea' id='block_1_31' title="bbox 441 3107 1724 3177">
    <p class='ocr_par' dir='ltr' id='par_1_31' title="bbox 441 3107 1724 3177">
     <span class='ocr_line' id='line_1_31' title="bbox 441 3107 1724 3177; baseline 0.003 -19"><span class='ocrx_word' id='word_1_202' title='bbox 441 3107 770 3174; x_wconf 87' lang='lat' dir='ltr'><strong>patrocinari</strong></span> <span class='ocrx_word' id='word_1_203' title='bbox 809 3115 862 3160; x_wconf 89' lang='lat' dir='ltr'><strong>et</strong></span> <span class='ocrx_word' id='word_1_204' title='bbox 891 3121 985 3160; x_wconf 89' lang='lat' dir='ltr'><strong>eos</strong></span> <span class='ocrx_word' id='word_1_205' title='bbox 1013 3122 1041 3159; x_wconf 91' lang='lat' dir='ltr'><strong>a</strong></span> <span class='ocrx_word' id='word_1_206' title='bbox 1073 3108 1461 3163; x_wconf 87' lang='lat' dir='ltr'><strong>tentationibus</strong></span> <span class='ocrx_word' id='word_1_207' title='bbox 1497 3107 1724 3177; x_wconf 83' lang='lat' dir='ltr'><strong>eripere.</strong></span> 
     </span>
    </p>
   </div>
   <div class='ocr_carea' id='block_1_32' title="bbox 436 3265 2008 3361">
    <p class='ocr_par' dir='ltr' id='par_1_32' title="bbox 436 3265 2008 3361">
     <span class='ocr_line' id='line_1_32' title="bbox 436 3265 2008 3361; baseline 0.003 -21"><span class='ocrx_word' id='word_1_208' title='bbox 436 3265 443 3272; x_wconf 48' lang='grc'><em>’</em></span> <span class='ocrx_word' id='word_1_209' title='bbox 513 3286 566 3340; x_wconf 76' lang='grc' dir='ltr'><strong>ι.</strong></span> <span class='ocrx_word' id='word_1_210' title='bbox 607 3286 744 3341; x_wconf 82' lang='lat' dir='ltr'><strong>Deus</strong></span> <span class='ocrx_word' id='word_1_211' title='bbox 770 3288 825 3340; x_wconf 89' lang='lat' dir='ltr'><strong>in</strong></span> <span class='ocrx_word' id='word_1_212' title='bbox 867 3287 1108 3342; x_wconf 80' lang='lat' dir='ltr'><strong>domibus</strong></span> <span class='ocrx_word' id='word_1_213' title='bbox 1152 3289 1265 3358; x_wconf 82' lang='lat' dir='ltr'><strong>ejus</strong></span> <span class='ocrx_word' id='word_1_214' title='bbox 1289 3291 1641 3361; x_wconf 83' lang='lat' dir='ltr'><strong>cognoscitur,</strong></span> <span class='ocrx_word' id='word_1_215' title='bbox 1685 3307 1803 3344; x_wconf 87' lang='lat' dir='ltr'><strong>cum</strong></span> <span class='ocrx_word' id='word_1_216' title='bbox 1835 3293 2008 3346; x_wconf 85' lang='lat' dir='ltr'><strong>susci-</strong></span> 
     </span>
    </p>
   </div>
   <div class='ocr_carea' id='block_1_33' title="bbox 438 3377 2008 3452">
    <p class='ocr_par' dir='ltr' id='par_1_33' title="bbox 438 3377 2008 3452">
     <span class='ocr_line' id='line_1_33' title="bbox 438 3377 2008 3452; baseline 0.004 -22"><span class='ocrx_word' id='word_1_217' title='bbox 438 3381 517 3430; x_wconf 76' lang='lat' dir='ltr'><strong>vit</strong></span> <span class='ocrx_word' id='word_1_218' title='bbox 555 3393 692 3433; x_wconf 90' lang='lat' dir='ltr'><strong>eam.</strong></span> <span class='ocrx_word' id='word_1_219' title='bbox 747 3377 948 3432; x_wconf 90' lang='lat' dir='ltr'><strong>Domus</strong></span> <span class='ocrx_word' id='word_1_220' title='bbox 978 3379 1014 3432; x_wconf 89' lang='lat' dir='ltr'><strong>ii</strong></span> <span class='ocrx_word' id='word_1_221' title='bbox 1058 3379 1256 3434; x_wconf 80' lang='lat' dir='ltr'><strong>fuerint</strong></span> <span class='ocrx_word' id='word_1_222' title='bbox 1298 3381 1390 3450; x_wconf 88' lang='lat' dir='ltr'><strong>qui</strong></span> <span class='ocrx_word' id='word_1_223' title='bbox 1429 3381 1609 3452; x_wconf 73' lang='lat' dir='ltr'><strong>magni</strong></span> <span class='ocrx_word' id='word_1_224' title='bbox 1655 3391 1709 3436; x_wconf 86' lang='lat' dir='ltr'><strong>et</strong></span> <span class='ocrx_word' id='word_1_225' title='bbox 1741 3393 2008 3452; x_wconf 68' lang='lat' dir='ltr'><strong>praestan-</strong></span> 
     </span>
    </p>
   </div>
   <div class='ocr_carea' id='block_1_34' title="bbox 438 3469 1232 3527">
    <p class='ocr_par' dir='ltr' id='par_1_34' title="bbox 438 3469 1232 3527">
     <span class='ocr_line' id='line_1_34' title="bbox 438 3469 1232 3527; baseline 0 -2"><span class='ocrx_word' id='word_1_226' title='bbox 438 3469 607 3525; x_wconf 78' lang='lat' dir='ltr'><strong>tiores</strong></span> <span class='ocrx_word' id='word_1_227' title='bbox 639 3470 691 3523; x_wconf 90' lang='lat' dir='ltr'><strong>in</strong></span> <span class='ocrx_word' id='word_1_228' title='bbox 720 3469 935 3525; x_wconf 89' lang='lat' dir='ltr'><strong>civitate</strong></span> <span class='ocrx_word' id='word_1_229' title='bbox 957 3469 1052 3524; x_wconf 88' lang='lat' dir='ltr'><strong>Dei</strong></span> <span class='ocrx_word' id='word_1_230' title='bbox 1087 3483 1232 3527; x_wconf 87' lang='lat' dir='ltr'><strong>sunt.</strong></span> 
     </span>
    </p>
   </div>
   <div class='ocr_carea' id='block_1_35' title="bbox 508 3650 2005 3726">
    <p class='ocr_par' dir='ltr' id='par_1_35' title="bbox 508 3650 2005 3726">
     <span class='ocr_line' id='line_1_35' title="bbox 508 3650 2005 3726; baseline 0.005 -21"><span class='ocrx_word' id='word_1_231' title='bbox 508 3651 625 3706; x_wconf 81' lang='lat'><strong>5-7.</strong></span> <span class='ocrx_word' id='word_1_232' title='bbox 679 3650 940 3716; x_wconf 82' lang='lat' dir='ltr'><strong>Quoniam</strong></span> <span class='ocrx_word' id='word_1_233' title='bbox 982 3669 1096 3707; x_wconf 88' lang='lat' dir='ltr'><strong>ecce</strong></span> <span class='ocrx_word' id='word_1_234' title='bbox 1138 3670 1278 3723; x_wconf 82' lang='lat' dir='ltr'><strong>reges</strong></span> <span class='ocrx_word' id='word_1_235' title='bbox 1319 3663 1472 3708; x_wconf 75' lang='lat' dir='ltr'><strong>terrae</strong></span> <span class='ocrx_word' id='word_1_236' title='bbox 1510 3657 1812 3726; x_wconf 86' lang='lat' dir='ltr'><strong>congregati</strong></span> <span class='ocrx_word' id='word_1_237' title='bbox 1857 3667 2005 3712; x_wconf 82' lang='lat' dir='ltr'><strong>sunt.</strong></span> 
     </span>
    </p>
   </div>
   <div class='ocr_carea' id='block_1_36' title="bbox 437 3739 2004 3821">
    <p class='ocr_par' dir='ltr' id='par_1_36' title="bbox 437 3739 2004 3821">
     <span class='ocr_line' id='line_1_36' title="bbox 437 3739 2004 3821; baseline 0.008 -28"><span class='ocrx_word' id='word_1_238' title='bbox 437 3739 644 3794; x_wconf 86' lang='lat' dir='ltr'><strong>Bellum</strong></span> <span class='ocrx_word' id='word_1_239' title='bbox 685 3743 948 3810; x_wconf 88' lang='lat' dir='ltr'><strong>apostolis</strong></span> <span class='ocrx_word' id='word_1_240' title='bbox 978 3743 1047 3797; x_wconf 92' lang='lat' dir='ltr'><strong>ob</strong></span> <span class='ocrx_word' id='word_1_241' title='bbox 1091 3742 1293 3801; x_wconf 90' lang='lat' dir='ltr'><strong>Christi</strong></span> <span class='ocrx_word' id='word_1_242' title='bbox 1327 3746 1763 3816; x_wconf 66' lang='lat' dir='ltr'><strong>praedicationem</strong></span> <span class='ocrx_word' id='word_1_243' title='bbox 1800 3765 1829 3803; x_wconf 90' lang='lat' dir='ltr'><strong>a</strong></span> <span class='ocrx_word' id='word_1_244' title='bbox 1863 3751 2004 3821; x_wconf 82' lang='lat' dir='ltr'><strong>regi-</strong></span> 
     </span>
    </p>
   </div>
   <div class='ocr_carea' id='block_1_37' title="bbox 438 3831 2003 3906">
    <p class='ocr_par' dir='ltr' id='par_1_37' title="bbox 438 3831 2003 3906">
     <span class='ocr_line' id='line_1_37' title="bbox 438 3831 2003 3906; baseline 0.009 -24"><span class='ocrx_word' id='word_1_245' title='bbox 438 3831 542 3884; x_wconf 90' lang='lat' dir='ltr'><strong>bus</strong></span> <span class='ocrx_word' id='word_1_246' title='bbox 595 3835 836 3900; x_wconf 74' lang='lat' dir='ltr'><strong>gentium</strong></span> <span class='ocrx_word' id='word_1_247' title='bbox 893 3833 1141 3900; x_wconf 89' lang='lat' dir='ltr'><strong>illatum,</strong></span> <span class='ocrx_word' id='word_1_248' title='bbox 1218 3837 1331 3890; x_wconf 90' lang='lat' dir='ltr'><strong>sive</strong></span> <span class='ocrx_word' id='word_1_249' title='bbox 1384 3838 1452 3890; x_wconf 87' lang='lat' dir='ltr'><strong>ab</strong></span> <span class='ocrx_word' id='word_1_250' title='bbox 1524 3838 2003 3906; x_wconf 83' lang='lat' dir='ltr'><strong>inaspectabilibus</strong></span> 
     </span>
    </p>
   </div>
   <div class='ocr_carea' id='block_1_38' title="bbox 435 3921 2003 4000">
    <p class='ocr_par' dir='ltr' id='par_1_38' title="bbox 435 3921 2003 4000">
     <span class='ocr_line' id='line_1_38' title="bbox 435 3921 2003 4000; baseline 0.011 -29"><span class='ocrx_word' id='word_1_251' title='bbox 435 3921 775 3977; x_wconf 67' lang='lat' dir='ltr'><strong>daemonibus</strong></span> <span class='ocrx_word' id='word_1_252' title='bbox 822 3924 914 3991; x_wconf 90' lang='lat' dir='ltr'><strong>qui</strong></span> <span class='ocrx_word' id='word_1_253' title='bbox 969 3926 1094 3978; x_wconf 88' lang='lat' dir='ltr'><strong>olim</strong></span> <span class='ocrx_word' id='word_1_254' title='bbox 1139 3929 1459 3997; x_wconf 88' lang='lat' dir='ltr'><strong>regnabant,</strong></span> <span class='ocrx_word' id='word_1_255' title='bbox 1515 3945 1890 4000; x_wconf 87' lang='lat' dir='ltr'><strong>compressmn</strong></span> <span class='ocrx_word' id='word_1_256' title='bbox 1949 3942 2003 3988; x_wconf 90' lang='lat' dir='ltr'><strong>et</strong></span> 
     </span>
    </p>
   </div>
   <div class='ocr_carea' id='block_1_39' title="bbox 433 4010 2000 4081">
    <p class='ocr_par' dir='ltr' id='par_1_39' title="bbox 433 4010 2000 4081">
     <span class='ocr_line' id='line_1_39' title="bbox 433 4010 2000 4081; baseline 0.008 -17"><span class='ocrx_word' id='word_1_257' title='bbox 433 4010 707 4065; x_wconf 88' lang='lat' dir='ltr'><strong>sublatum</strong></span> <span class='ocrx_word' id='word_1_258' title='bbox 745 4010 867 4066; x_wconf 82' lang='lat' dir='ltr'><strong>fuit.</strong></span> <span class='ocrx_word' id='word_1_259' title='bbox 906 4010 1019 4081; x_wconf 83' lang='lat' dir='ltr'><strong>Ipsi</strong></span> <span class='ocrx_word' id='word_1_260' title='bbox 1048 4015 1273 4070; x_wconf 83' lang='lat' dir='ltr'><strong>videntes</strong></span> <span class='ocrx_word' id='word_1_261' title='bbox 1302 4019 1377 4070; x_wconf 89' lang='lat' dir='ltr'><strong>sic</strong></span> <span class='ocrx_word' id='word_1_262' title='bbox 1407 4018 1660 4075; x_wconf 85' lang='lat' dir='ltr'><strong>admirati</strong></span> <span class='ocrx_word' id='word_1_263' title='bbox 1702 4032 1842 4076; x_wconf 89' lang='lat' dir='ltr'><strong>sunt.</strong></span> <span class='ocrx_word' id='word_1_264' title='bbox 1873 4022 2000 4077; x_wconf 87' lang='lat' dir='ltr'><strong>Stu-</strong></span> 
     </span>
    </p>
   </div>
   <div class='ocr_carea' id='block_1_40' title="bbox 432 4105 1998 4178">
    <p class='ocr_par' dir='ltr' id='par_1_40' title="bbox 432 4105 1998 4178">
     <span class='ocr_line' id='line_1_40' title="bbox 432 4105 1998 4178; baseline 0.011 -28"><span class='ocrx_word' id='word_1_265' title='bbox 432 4117 586 4172; x_wconf 82' lang='lat' dir='ltr'><strong>pore,</strong></span> <span class='ocrx_word' id='word_1_266' title='bbox 642 4105 851 4175; x_wconf 84' lang='lat' dir='ltr'><strong>inquit,</strong></span> <span class='ocrx_word' id='word_1_267' title='bbox 905 4106 1079 4161; x_wconf 81' lang='lat' dir='ltr'><strong>aﬂ&#39;ecti</strong></span> <span class='ocrx_word' id='word_1_268' title='bbox 1136 4117 1190 4162; x_wconf 91' lang='lat' dir='ltr'><strong>et</strong></span> <span class='ocrx_word' id='word_1_269' title='bbox 1233 4111 1466 4178; x_wconf 89' lang='lat' dir='ltr'><strong>perculsi</strong></span> <span class='ocrx_word' id='word_1_270' title='bbox 1529 4123 1675 4176; x_wconf 92' lang='lat' dir='ltr'><strong>sunt,</strong></span> <span class='ocrx_word' id='word_1_271' title='bbox 1736 4115 1998 4168; x_wconf 85' lang='lat' dir='ltr'><strong>auxilium</strong></span> 
     </span>
    </p>
   </div>
   <div class='ocr_carea' id='block_1_41' title="bbox 433 4199 1997 4271">
    <p class='ocr_par' dir='ltr' id='par_1_41' title="bbox 433 4199 1997 4271">
     <span class='ocr_line' id='line_1_41' title="bbox 433 4199 1997 4271; baseline 0.008 -23"><span class='ocrx_word' id='word_1_272' title='bbox 433 4204 714 4252; x_wconf 87' lang='lat' dir='ltr'><strong>cernentes</strong></span> <span class='ocrx_word' id='word_1_273' title='bbox 779 4199 982 4253; x_wconf 90' lang='lat' dir='ltr'><strong>sanctis</strong></span> <span class='ocrx_word' id='word_1_274' title='bbox 1035 4215 1065 4252; x_wconf 90' lang='lat' dir='ltr'><strong>a</strong></span> <span class='ocrx_word' id='word_1_275' title='bbox 1119 4200 1228 4255; x_wconf 89' lang='lat' dir='ltr'><strong>Deo</strong></span> <span class='ocrx_word' id='word_1_276' title='bbox 1292 4203 1613 4271; x_wconf 70' lang='lat' dir='ltr'><strong>praestitum.</strong></span> <span class='ocrx_word' id='word_1_277' title='bbox 1685 4203 1997 4261; x_wconf 82' lang='lat' dir='ltr'><strong>Conturbati</strong></span> 
     </span>
    </p>
   </div>
   <div class='ocr_carea' id='block_1_42' title="bbox 429 4292 1994 4364">
    <p class='ocr_par' dir='ltr' id='par_1_42' title="bbox 429 4292 1994 4364">
     <span class='ocr_line' id='line_1_42' title="bbox 429 4292 1994 4364; baseline 0.006 -22"><span class='ocrx_word' id='word_1_278' title='bbox 429 4301 574 4354; x_wconf 70' lang='lat' dir='ltr'><strong>sunt,</strong></span> <span class='ocrx_word' id='word_1_279' title='bbox 597 4292 842 4344; x_wconf 84' lang='lat' dir='ltr'><strong>commoti</strong></span> <span class='ocrx_word' id='word_1_280' title='bbox 876 4301 1019 4357; x_wconf 86' lang='lat' dir='ltr'><strong>sunt,</strong></span> <span class='ocrx_word' id='word_1_281' title='bbox 1051 4303 1246 4346; x_wconf 90' lang='lat' dir='ltr'><strong>tremor</strong></span> <span class='ocrx_word' id='word_1_282' title='bbox 1277 4296 1616 4364; x_wconf 82' lang='lat' dir='ltr'><strong>apprehendit</strong></span> <span class='ocrx_word' id='word_1_283' title='bbox 1643 4313 1748 4350; x_wconf 84' lang='lat' dir='ltr'><strong>eos.</strong></span> <span class='ocrx_word' id='word_1_284' title='bbox 1784 4297 1994 4352; x_wconf 88' lang='lat' dir='ltr'><strong>Etenim</strong></span> 
     </span>
    </p>
   </div>
   <div class='ocr_carea' id='block_1_43' title="bbox 430 4385 1990 4462">
    <p class='ocr_par' dir='ltr' id='par_1_43' title="bbox 430 4385 1990 4462">
     <span class='ocr_line' id='line_1_43' title="bbox 430 4385 1990 4462; baseline 0.007 -25"><span class='ocrx_word' id='word_1_285' title='bbox 430 4385 742 4453; x_wconf 69' lang='lat' dir='ltr'><strong>praestantia</strong></span> <span class='ocrx_word' id='word_1_286' title='bbox 779 4386 994 4440; x_wconf 88' lang='lat' dir='ltr'><strong>virtutis</strong></span> <span class='ocrx_word' id='word_1_287' title='bbox 1025 4386 1143 4455; x_wconf 81' lang='lat' dir='ltr'><strong>ejus</strong></span> <span class='ocrx_word' id='word_1_288' title='bbox 1177 4387 1269 4456; x_wconf 91' lang='lat' dir='ltr'><strong>qui</strong></span> <span class='ocrx_word' id='word_1_289' title='bbox 1309 4389 1536 4442; x_wconf 88' lang='lat' dir='ltr'><strong>salutem</strong></span> <span class='ocrx_word' id='word_1_290' title='bbox 1572 4391 1703 4459; x_wconf 91' lang='lat' dir='ltr'><strong>ipsis</strong></span> <span class='ocrx_word' id='word_1_291' title='bbox 1731 4393 1990 4462; x_wconf 87' lang='lat' dir='ltr'><strong>parabat,</strong></span> 
     </span>
    </p>
   </div>
   <div class='ocr_carea' id='block_1_44' title="bbox 427 4469 1708 4534">
    <p class='ocr_par' dir='ltr' id='par_1_44' title="bbox 427 4469 1708 4534">
     <span class='ocr_line' id='line_1_44' title="bbox 427 4469 1708 4534; baseline 0.006 -10"><span class='ocrx_word' id='word_1_292' title='bbox 427 4469 484 4524; x_wconf 87' lang='lat' dir='ltr'><strong>in</strong></span> <span class='ocrx_word' id='word_1_293' title='bbox 513 4472 924 4526; x_wconf 87' lang='lat' dir='ltr'><strong>admirationem</strong></span> <span class='ocrx_word' id='word_1_294' title='bbox 951 4483 1000 4522; x_wconf 75' lang='grc' dir='ltr'><strong>ρ’</strong></span> <span class='ocrx_word' id='word_1_295' title='bbox 1035 4483 1309 4530; x_wconf 62' lang='lat' dir='ltr'><strong>&quot;&#39;uoorem</strong></span> <span class='ocrx_word' id='word_1_296' title='bbox 1337 4477 1566 4532; x_wconf 86' lang='lat' dir='ltr'><strong>coniecit</strong></span> <span class='ocrx_word' id='word_1_297' title='bbox 1594 4495 1708 4534; x_wconf 90' lang='lat' dir='ltr'><strong>eos.</strong></span> 
     </span>
    </p>
   </div>
   <div class='ocr_carea' id='block_1_45' title="bbox 499 4645 1987 4716">
    <p class='ocr_par' dir='ltr' id='par_1_45' title="bbox 499 4645 1987 4716">
     <span class='ocr_line' id='line_1_45' title="bbox 499 4645 1987 4716; baseline 0.011 -18"><span class='ocrx_word' id='word_1_298' title='bbox 499 4645 551 4698; x_wconf 90' lang='lat'><strong>8.</strong></span> <span class='ocrx_word' id='word_1_299' title='bbox 613 4646 675 4700; x_wconf 83' lang='lat' dir='ltr'><strong>In</strong></span> <span class='ocrx_word' id='word_1_300' title='bbox 719 4649 909 4716; x_wconf 82' lang='lat' dir='ltr'><strong>spiritu</strong></span> <span class='ocrx_word' id='word_1_301' title='bbox 958 4652 1238 4705; x_wconf 74' lang='lat' dir='ltr'><strong>vehementi</strong></span> <span class='ocrx_word' id='word_1_302' title='bbox 1271 4663 1503 4709; x_wconf 76' lang='lat' dir='ltr'><strong>conteres</strong></span> <span class='ocrx_word' id='word_1_303' title='bbox 1551 4671 1704 4710; x_wconf 81' lang='lat' dir='ltr'><strong>naves</strong></span> <span class='ocrx_word' id='word_1_304' title='bbox 1751 4656 1987 4714; x_wconf 75' lang='lat' dir='ltr'><strong>Titanis.</strong></span> 
     </span>
    </p>
   </div>
   <div class='ocr_carea' id='block_1_46' title="bbox 425 4734 1994 4817">
    <p class='ocr_par' dir='ltr' id='par_1_46' title="bbox 425 4734 1994 4817">
     <span class='ocr_line' id='line_1_46' title="bbox 425 4734 1994 4817; baseline 0.011 -29"><span class='ocrx_word' id='word_1_305' title='bbox 425 4734 666 4792; x_wconf 72' lang='lat' dir='ltr'><strong>Navibus</strong></span> <span class='ocrx_word' id='word_1_306' title='bbox 702 4737 949 4804; x_wconf 90' lang='lat' dir='ltr'><strong>Tharsis,</strong></span> <span class='ocrx_word' id='word_1_307' title='bbox 984 4751 1166 4811; x_wconf 89' lang='lat' dir='ltr'><strong>utpote</strong></span> <span class='ocrx_word' id='word_1_308' title='bbox 1197 4744 1447 4812; x_wconf 89' lang='lat' dir='ltr'><strong>pretiosis</strong></span> <span class='ocrx_word' id='word_1_309' title='bbox 1488 4747 1831 4817; x_wconf 85' lang='lat' dir='ltr'><strong>copiosisque</strong></span> <span class='ocrx_word' id='word_1_310' title='bbox 1855 4766 1994 4805; x_wconf 86' lang='lat' dir='ltr'><strong>mer-</strong></span> 
     </span>
    </p>
   </div>
   <div class='ocr_carea' id='block_1_47' title="bbox 425 4828 1986 4905">
    <p class='ocr_par' dir='ltr' id='par_1_47' title="bbox 425 4828 1986 4905">
     <span class='ocr_line' id='line_1_47' title="bbox 425 4828 1986 4905; baseline 0.008 -25"><span class='ocrx_word' id='word_1_311' title='bbox 425 4828 582 4882; x_wconf 89' lang='lat' dir='ltr'><strong>cibus</strong></span> <span class='ocrx_word' id='word_1_312' title='bbox 624 4828 925 4898; x_wconf 88' lang='lat' dir='ltr'><strong>instructis,</strong></span> <span class='ocrx_word' id='word_1_313' title='bbox 971 4849 1123 4902; x_wconf 81' lang='lat' dir='ltr'><strong>reges</strong></span> <span class='ocrx_word' id='word_1_314' title='bbox 1153 4843 1456 4903; x_wconf 87' lang='lat' dir='ltr'><strong>comparat.</strong></span> <span class='ocrx_word' id='word_1_315' title='bbox 1523 4834 1763 4905; x_wconf 89' lang='lat' dir='ltr'><strong>Spiritus</strong></span> <span class='ocrx_word' id='word_1_316' title='bbox 1807 4848 1986 4894; x_wconf 83' lang='lat' dir='ltr'><strong>autem</strong></span> 
     </span>
    </p>
   </div>
   <div class='ocr_carea' id='block_1_48' title="bbox 425 4919 1991 4996">
    <p class='ocr_par' dir='ltr' id='par_1_48' title="bbox 425 4919 1991 4996">
     <span class='ocr_line' id='line_1_48' title="bbox 425 4919 1991 4996; baseline 0.01 -27"><span class='ocrx_word' id='word_1_317' title='bbox 425 4919 736 4984; x_wconf 83' lang='lat' dir='ltr'><strong>vehemens,</strong></span> <span class='ocrx_word' id='word_1_318' title='bbox 775 4936 884 4988; x_wconf 88' lang='lat' dir='ltr'><strong>quo</strong></span> <span class='ocrx_word' id='word_1_319' title='bbox 915 4924 1168 4978; x_wconf 88' lang='lat' dir='ltr'><strong>contrivit</strong></span> <span class='ocrx_word' id='word_1_320' title='bbox 1195 4925 1337 4989; x_wconf 88' lang='lat' dir='ltr'><strong>illos,</strong></span> <span class='ocrx_word' id='word_1_321' title='bbox 1366 4927 1595 4982; x_wconf 85' lang='lat' dir='ltr'><strong>virtutes</strong></span> <span class='ocrx_word' id='word_1_322' title='bbox 1616 4929 1876 4996; x_wconf 82' lang='lat' dir='ltr'><strong>quasdam</strong></span> <span class='ocrx_word' id='word_1_323' title='bbox 1906 4931 1991 4984; x_wconf 91' lang='lat' dir='ltr'><strong>in-</strong></span> 
     </span>
    </p>
   </div>
   <div class='ocr_carea' id='block_1_49' title="bbox 422 5011 1983 5086">
    <p class='ocr_par' dir='ltr' id='par_1_49' title="bbox 422 5011 1983 5086">
     <span class='ocr_line' id='line_1_49' title="bbox 422 5011 1983 5086; baseline 0.008 -22"><span class='ocrx_word' id='word_1_324' title='bbox 422 5011 633 5080; x_wconf 71' lang='lat' dir='ltr'><strong>telligas</strong></span> <span class='ocrx_word' id='word_1_325' title='bbox 663 5012 864 5081; x_wconf 88' lang='lat' dir='ltr'><strong>quibus</strong></span> <span class='ocrx_word' id='word_1_326' title='bbox 894 5013 1154 5070; x_wconf 88' lang='lat' dir='ltr'><strong>adversus</strong></span> <span class='ocrx_word' id='word_1_327' title='bbox 1199 5016 1447 5072; x_wconf 90' lang='lat' dir='ltr'><strong>inimicos</strong></span> <span class='ocrx_word' id='word_1_328' title='bbox 1487 5019 1860 5086; x_wconf 90' lang='lat' dir='ltr'><strong>apostolorum</strong></span> <span class='ocrx_word' id='word_1_329' title='bbox 1895 5023 1983 5077; x_wconf 90' lang='lat' dir='ltr'><strong>di-</strong></span> 
     </span>
    </p>
   </div>
   <div class='ocr_carea' id='block_1_50' title="bbox 421 5102 662 5156">
    <p class='ocr_par' dir='ltr' id='par_1_50' title="bbox 421 5102 662 5156">
     <span class='ocr_line' id='line_1_50' title="bbox 421 5102 662 5156; baseline 0.004 -1"><span class='ocrx_word' id='word_1_330' title='bbox 421 5102 662 5156; x_wconf 75' lang='lat' dir='ltr'><strong>micavit.</strong></span> 
     </span>
    </p>
   </div>
   <div class='ocr_carea' id='block_1_51' title="bbox 487 5193 1984 5271">
    <p class='ocr_par' dir='ltr' id='par_1_51' title="bbox 487 5193 1984 5271">
     <span class='ocr_line' id='line_1_51' title="bbox 487 5193 1984 5271; baseline 0.006 -22"><span class='ocrx_word' id='word_1_331' title='bbox 487 5193 541 5249; x_wconf 87' lang='lat'><strong>9.</strong></span> <span class='ocrx_word' id='word_1_332' title='bbox 593 5194 744 5249; x_wconf 90' lang='lat' dir='ltr'><strong>Sicut</strong></span> <span class='ocrx_word' id='word_1_333' title='bbox 775 5196 1093 5261; x_wconf 78' lang='lat' dir='ltr'><strong>audivimus,</strong></span> <span class='ocrx_word' id='word_1_334' title='bbox 1144 5200 1222 5251; x_wconf 87' lang='lat' dir='ltr'><strong>ita</strong></span> <span class='ocrx_word' id='word_1_335' title='bbox 1279 5210 1329 5254; x_wconf 89' lang='lat' dir='ltr'><strong>et</strong></span> <span class='ocrx_word' id='word_1_336' title='bbox 1386 5202 1630 5260; x_wconf 82' lang='lat' dir='ltr'><strong>vidimus.</strong></span> <span class='ocrx_word' id='word_1_337' title='bbox 1666 5202 1864 5271; x_wconf 86' lang='lat' dir='ltr'><strong>Quam,</strong></span> <span class='ocrx_word' id='word_1_338' title='bbox 1901 5205 1984 5260; x_wconf 92' lang='lat' dir='ltr'><strong>in-</strong></span> 
     </span>
    </p>
   </div>
   <div class='ocr_carea' id='block_1_52' title="bbox 416 5287 1972 5365">
    <p class='ocr_par' dir='ltr' id='par_1_52' title="bbox 416 5287 1972 5365">
     <span class='ocr_line' id='line_1_52' title="bbox 416 5287 1972 5365; baseline 0.006 -25"><span class='ocrx_word' id='word_1_339' title='bbox 416 5287 554 5355; x_wconf 79' lang='lat' dir='ltr'><strong>quit,</strong></span> <span class='ocrx_word' id='word_1_340' title='bbox 600 5288 896 5357; x_wconf 89' lang='lat' dir='ltr'><strong>promisisti</strong></span> <span class='ocrx_word' id='word_1_341' title='bbox 929 5289 1109 5351; x_wconf 90' lang='lat' dir='ltr'><strong>nobis,</strong></span> <span class='ocrx_word' id='word_1_342' title='bbox 1143 5288 1392 5358; x_wconf 91' lang='lat' dir='ltr'><strong>Domine,</strong></span> <span class='ocrx_word' id='word_1_343' title='bbox 1425 5293 1672 5357; x_wconf 90' lang='lat' dir='ltr'><strong>salutem,</strong></span> <span class='ocrx_word' id='word_1_344' title='bbox 1722 5311 1842 5350; x_wconf 90' lang='lat' dir='ltr'><strong>eam</strong></span> <span class='ocrx_word' id='word_1_345' title='bbox 1886 5311 1972 5365; x_wconf 65' lang='lat' dir='ltr'><strong>pet</strong></span> 
     </span>
    </p>
   </div>
   <div class='ocr_carea' id='block_1_53' title="bbox 416 5379 1953 5452">
    <p class='ocr_par' dir='ltr' id='par_1_53' title="bbox 416 5379 1953 5452">
     <span class='ocr_line' id='line_1_53' title="bbox 416 5379 1953 5452; baseline 0.009 -26"><span class='ocrx_word' id='word_1_346' title='bbox 416 5393 578 5446; x_wconf 80' lang='lat' dir='ltr'><strong>opera</strong></span> <span class='ocrx_word' id='word_1_347' title='bbox 623 5379 876 5434; x_wconf 89' lang='lat' dir='ltr'><strong>vidimus.</strong></span> <span class='ocrx_word' id='word_1_348' title='bbox 913 5380 978 5433; x_wconf 86' lang='lat' dir='ltr'><strong>In</strong></span> <span class='ocrx_word' id='word_1_349' title='bbox 1010 5382 1220 5435; x_wconf 86' lang='lat' dir='ltr'><strong>civitate</strong></span> <span class='ocrx_word' id='word_1_350' title='bbox 1256 5381 1470 5437; x_wconf 87' lang='lat' dir='ltr'><strong>Domini</strong></span> <span class='ocrx_word' id='word_1_351' title='bbox 1516 5387 1787 5452; x_wconf 85' lang='lat' dir='ltr'><strong>virtutum,</strong></span> <span class='ocrx_word' id='word_1_352' title='bbox 1822 5388 1878 5440; x_wconf 86' lang='lat' dir='ltr'><strong>in</strong></span> <span class='ocrx_word' id='word_1_353' title='bbox 1906 5389 1953 5441; x_wconf 88' lang='lat' dir='ltr'><strong>ci</strong></span> 
     </span>
    </p>
   </div>
   <div class='ocr_carea' id='block_1_54' title="bbox 416 5468 1975 5547">
    <p class='ocr_par' dir='ltr' id='par_1_54' title="bbox 416 5468 1975 5547">
     <span class='ocr_line' id='line_1_54' title="bbox 416 5468 1975 5547; baseline 0.01 -27"><span class='ocrx_word' id='word_1_354' title='bbox 416 5472 580 5523; x_wconf 76' lang='lat' dir='ltr'><strong>vitate</strong></span> <span class='ocrx_word' id='word_1_355' title='bbox 607 5468 704 5524; x_wconf 85' lang='lat' dir='ltr'><strong>Dei</strong></span> <span class='ocrx_word' id='word_1_356' title='bbox 730 5473 914 5526; x_wconf 81' lang='lat' dir='ltr'><strong>nostri.</strong></span> <span class='ocrx_word' id='word_1_357' title='bbox 954 5471 1232 5542; x_wconf 84' lang='lat' dir='ltr'><strong>Signiﬁcat</strong></span> <span class='ocrx_word' id='word_1_358' title='bbox 1264 5490 1372 5544; x_wconf 90' lang='lat' dir='ltr'><strong>quo</strong></span> <span class='ocrx_word' id='word_1_359' title='bbox 1409 5476 1530 5531; x_wconf 91' lang='lat' dir='ltr'><strong>loco</strong></span> <span class='ocrx_word' id='word_1_360' title='bbox 1561 5479 1975 5547; x_wconf 89' lang='lat' dir='ltr'><strong>promissionem</strong></span> 
     </span>
    </p>
   </div>
   <div class='ocr_carea' id='block_1_55' title="bbox 415 5558 1974 5637">
    <p class='ocr_par' dir='ltr' id='par_1_55' title="bbox 415 5558 1974 5637">
     <span class='ocr_line' id='line_1_55' title="bbox 415 5558 1974 5637; baseline 0.01 -27"><span class='ocrx_word' id='word_1_361' title='bbox 415 5558 686 5628; x_wconf 71' lang='lat' dir='ltr'><strong>inpletam</strong></span> <span class='ocrx_word' id='word_1_362' title='bbox 716 5561 965 5618; x_wconf 77' lang='lat' dir='ltr'><strong>viderint.</strong></span> <span class='ocrx_word' id='word_1_363' title='bbox 996 5562 1225 5619; x_wconf 89' lang='lat' dir='ltr'><strong>Ubinam</strong></span> <span class='ocrx_word' id='word_1_364' title='bbox 1263 5575 1462 5632; x_wconf 90' lang='lat' dir='ltr'><strong>autem,</strong></span> <span class='ocrx_word' id='word_1_365' title='bbox 1494 5568 1597 5624; x_wconf 90' lang='lat' dir='ltr'><strong>nisi</strong></span> <span class='ocrx_word' id='word_1_366' title='bbox 1629 5569 1680 5624; x_wconf 88' lang='lat' dir='ltr'><strong>in</strong></span> <span class='ocrx_word' id='word_1_367' title='bbox 1715 5568 1974 5637; x_wconf 86' lang='lat' dir='ltr'><strong>Ecclesia,</strong></span> 
     </span>
    </p>
   </div>
   <div class='ocr_carea' id='block_1_56' title="bbox 486 5714 1553 5789">
    <p class='ocr_par' dir='ltr' id='par_1_56' title="bbox 486 5714 1553 5789">
     <span class='ocr_line' id='line_1_56' title="bbox 486 5714 1553 5789; baseline 0.008 -21"><span class='ocrx_word' id='word_1_368' title='bbox 486 5714 529 5745; x_wconf 78' lang='lat'><strong>&quot;</strong></span> <span class='ocrx_word' id='word_1_369' title='bbox 555 5714 694 5770; x_wconf 81' lang='lat' dir='ltr'><strong>Psal.</strong></span> <span class='ocrx_word' id='word_1_370' title='bbox 727 5735 844 5784; x_wconf 77' lang='lat' dir='ltr'><strong>xm,</strong></span> <span class='ocrx_word' id='word_1_371' title='bbox 889 5720 938 5773; x_wconf 83' lang='lat'><strong>7.</strong></span> <span class='ocrx_word' id='word_1_372' title='bbox 1016 5724 1058 5754; x_wconf 88' lang='grc'>³³</span> <span class='ocrx_word' id='word_1_373' title='bbox 1094 5722 1234 5777; x_wconf 87' lang='lat' dir='ltr'><strong>Psal.</strong></span> <span class='ocrx_word' id='word_1_374' title='bbox 1258 5739 1473 5789; x_wconf 76' lang='lat' dir='ltr'><strong>Lxxuv,</strong></span> <span class='ocrx_word' id='word_1_375' title='bbox 1503 5723 1553 5777; x_wconf 71' lang='grc'>2.</span> 
     </span>
    </p>
   </div>
   <div class='ocr_carea' id='block_1_57' title="bbox 1307 324 2857 387">
    <p class='ocr_par' dir='ltr' id='par_1_57' title="bbox 1307 324 2857 387">
     <span class='ocr_line' id='line_1_57' title="bbox 1307 324 2857 387; baseline 0.005 -9"><span class='ocrx_word' id='word_1_376' title='bbox 1307 330 1361 378; x_wconf 74' lang='grc'>5.</span> <span class='ocrx_word' id='word_1_377' title='bbox 1404 325 1773 379; x_wconf 63' lang='grc' dir='ltr'><strong>ᾹΤΠᾹΝΑΒΠ</strong></span> <span class='ocrx_word' id='word_1_378' title='bbox 1811 324 1959 380; x_wconf 76' lang='grc' dir='ltr'>οΡΡ.</span> <span class='ocrx_word' id='word_1_379' title='bbox 1997 324 2176 380; x_wconf 77' lang='lat' dir='ltr'><strong>PARS</strong></span> <span class='ocrx_word' id='word_1_380' title='bbox 2214 327 2300 383; x_wconf 81' lang='grc' dir='ltr'><strong>ΙΙΙ.</strong></span> <span class='ocrx_word' id='word_1_381' title='bbox 2341 358 2413 371; x_wconf 90' lang='lat'><strong>--</strong></span> <span class='ocrx_word' id='word_1_382' title='bbox 2451 329 2857 387; x_wconf 76' lang='lat' dir='ltr'><strong>EXEGETICA.</strong></span> 
     </span>
    </p>
   </div>
   <div class='ocr_carea' id='block_1_58' title="bbox 2049 453 2100 506">
    <p class='ocr_par' dir='ltr' id='par_1_58' title="bbox 2049 453 2100 506">
     <span class='ocr_line' id='line_1_58' title="bbox 2049 453 2100 506; baseline 0 0"><span class='ocrx_word' id='word_1_383' title='bbox 2049 453 2100 506; x_wconf 76' lang='grc' dir='ltr'><strong>Δ</strong></span> 
     </span>
    </p>
   </div>
   <div class='ocr_carea' id='block_1_59' title="bbox 3595 340 3716 396">
    <p class='ocr_par' dir='ltr' id='par_1_59' title="bbox 3595 340 3716 396">
     <span class='ocr_line' id='line_1_59' title="bbox 3595 340 3716 396; baseline -0.008 0"><span class='ocrx_word' id='word_1_384' title='bbox 3595 340 3716 396; x_wconf 69' lang='grc'><strong>220</strong></span> 
     </span>
    </p>
   </div>
   <div class='ocr_carea' id='block_1_60' title="bbox 2271 448 3564 525">
    <p class='ocr_par' dir='ltr' id='par_1_60' title="bbox 2271 448 3564 525">
     <span class='ocr_line' id='line_1_60' title="bbox 2271 448 3564 525; baseline 0.008 -22"><span class='ocrx_word' id='word_1_385' title='bbox 2271 448 2577 505; x_wconf 75' lang='grc' dir='ltr'><strong>ΨΑΛΜΟΣ</strong></span> <span class='ocrx_word' id='word_1_386' title='bbox 2617 450 2777 519; x_wconf 83' lang='grc' dir='ltr'><strong>ᾠδῆς</strong></span> <span class='ocrx_word' id='word_1_387' title='bbox 2805 451 2936 518; x_wconf 44' lang='grc' dir='ltr'>τοῖς,</span> <span class='ocrx_word' id='word_1_388' title='bbox 2961 453 3115 518; x_wconf 73' lang='grc' dir='ltr'>υἱοῖς</span> <span class='ocrx_word' id='word_1_389' title='bbox 3146 454 3304 523; x_wconf 80' lang='grc' dir='ltr'>Κορὲ</span> <span class='ocrx_word' id='word_1_390' title='bbox 3316 453 3564 525; x_wconf 80' lang='grc' dir='ltr'>δευτέρα</span> 
     </span>
    </p>
   </div>
   <div class='ocr_carea' id='block_1_61' title="bbox 2665 540 3150 597">
    <p class='ocr_par' dir='ltr' id='par_1_61' title="bbox 2665 540 3150 597">
     <span class='ocr_line' id='line_1_61' title="bbox 2665 540 3150 597; baseline 0.006 -4"><span class='ocrx_word' id='word_1_391' title='bbox 2665 540 3150 597; x_wconf 74' lang='grc' dir='ltr'>Σαϐϐάτου..,Μὶ’.</span> 
     </span>
    </p>
   </div>
   <div class='ocr_carea' id='block_1_62' title="bbox 2737 632 3070 699">
    <p class='ocr_par' dir='ltr' id='par_1_62' title="bbox 2737 632 3070 699">
     <span class='ocr_line' id='line_1_62' title="bbox 2737 632 3070 699; baseline 0.009 -15"><span class='ocrx_word' id='word_1_392' title='bbox 2737 632 2750 650; x_wconf 85' lang='grc'><strong>”</strong></span> <span class='ocrx_word' id='word_1_393' title='bbox 2765 634 3070 699; x_wconf 80' lang='grc' dir='ltr'>Υπόθεσις.</span> 
     </span>
    </p>
   </div>
   <div class='ocr_carea' id='block_1_63' title="bbox 2129 714 3702 797">
    <p class='ocr_par' dir='ltr' id='par_1_63' title="bbox 2129 714 3702 797">
     <span class='ocr_line' id='line_1_63' title="bbox 2129 714 3702 797; baseline 0.008 -27"><span class='ocrx_word' id='word_1_394' title='bbox 2129 719 2236 772; x_wconf 80' lang='grc' dir='ltr'>Καὶ</span> <span class='ocrx_word' id='word_1_395' title='bbox 2259 714 2412 782; x_wconf 73' lang='grc' dir='ltr'>οὗτος</span> <span class='ocrx_word' id='word_1_396' title='bbox 2440 720 2621 790; x_wconf 82' lang='grc' dir='ltr'>ᾄδεται</span> <span class='ocrx_word' id='word_1_397' title='bbox 2653 724 2680 773; x_wconf 88' lang='grc' dir='ltr'>ὁ</span> <span class='ocrx_word' id='word_1_398' title='bbox 2697 722 2910 793; x_wconf 58' lang='lat' dir='ltr'><strong>eam;</strong></span> <span class='ocrx_word' id='word_1_399' title='bbox 2943 724 3052 779; x_wconf 85' lang='grc' dir='ltr'>ἀπὸ</span> <span class='ocrx_word' id='word_1_400' title='bbox 3084 725 3374 796; x_wconf 80' lang='grc' dir='ltr'><strong>προσώπου</strong></span> <span class='ocrx_word' id='word_1_401' title='bbox 3399 728 3508 781; x_wconf 79' lang='grc' dir='ltr'>τῶν</span> <span class='ocrx_word' id='word_1_402' title='bbox 3531 730 3702 797; x_wconf 82' lang='grc' dir='ltr'>ἁγιων</span> 
     </span>
    </p>
   </div>
   <div class='ocr_carea' id='block_1_64' title="bbox 2199 811 3702 891">
    <p class='ocr_par' dir='ltr' id='par_1_64' title="bbox 2199 811 3702 891">
     <span class='ocr_line' id='line_1_64' title="bbox 2199 811 3702 891; baseline 0.009 -29"><span class='ocrx_word' id='word_1_403' title='bbox 2199 811 2542 878; x_wconf 81' lang='grc' dir='ltr'><strong>ἀποστόλων,</strong></span> <span class='ocrx_word' id='word_1_404' title='bbox 2595 813 2965 884; x_wconf 79' lang='grc' dir='ltr'><strong>διηγουμένων</strong></span> <span class='ocrx_word' id='word_1_405' title='bbox 3021 816 3146 878; x_wconf 76' lang='grc' dir='ltr'>τοὺς</span> <span class='ocrx_word' id='word_1_406' title='bbox 3201 817 3289 870; x_wconf 74' lang='grc' dir='ltr'><strong>διὰ</strong></span> <span class='ocrx_word' id='word_1_407' title='bbox 3337 821 3397 872; x_wconf 82' lang='grc' dir='ltr'><strong>τὸ</strong></span> <span class='ocrx_word' id='word_1_408' title='bbox 3440 821 3702 891; x_wconf 73' lang='grc' dir='ltr'>κήρυγμα</span> 
     </span>
    </p>
   </div>
   <div class='ocr_carea' id='block_1_65' title="bbox 2193 901 3716 981">
    <p class='ocr_par' dir='ltr' id='par_1_65' title="bbox 2193 901 3716 981">
     <span class='ocr_line' id='line_1_65' title="bbox 2193 901 3716 981; baseline 0.01 -28"><span class='ocrx_word' id='word_1_409' title='bbox 2193 901 2482 972; x_wconf 71' lang='grc' dir='ltr'>διωγμοὺς,</span> <span class='ocrx_word' id='word_1_410' title='bbox 2503 905 2709 968; x_wconf 74' lang='grc' dir='ltr'>καὶτὰς</span> <span class='ocrx_word' id='word_1_411' title='bbox 2737 906 2893 970; x_wconf 85' lang='grc' dir='ltr'>νίκας</span> <span class='ocrx_word' id='word_1_412' title='bbox 2917 907 3014 971; x_wconf 87' lang='grc' dir='ltr'>τὰς</span> <span class='ocrx_word' id='word_1_413' title='bbox 3037 909 3127 960; x_wconf 74' lang='grc' dir='ltr'><strong>ἐπὶ</strong></span> <span class='ocrx_word' id='word_1_414' title='bbox 3154 908 3358 962; x_wconf 79' lang='grc' dir='ltr'>τούτων</span> <span class='ocrx_word' id='word_1_415' title='bbox 3385 913 3716 981; x_wconf 41' lang='grc' dir='ltr'>γινομένας..</span> 
     </span>
    </p>
   </div>
   <div class='ocr_carea' id='block_1_66' title="bbox 2199 991 3701 1067">
    <p class='ocr_par' dir='ltr' id='par_1_66' title="bbox 2199 991 3701 1067">
     <span class='ocr_line' id='line_1_66' title="bbox 2199 991 3701 1067; baseline 0.009 -23"><span class='ocrx_word' id='word_1_416' title='bbox 2199 991 2392 1060; x_wconf 72' lang='grc' dir='ltr'>Μέγας</span> <span class='ocrx_word' id='word_1_417' title='bbox 2419 995 2630 1061; x_wconf 84' lang='grc' dir='ltr'>Κύριος</span> <span class='ocrx_word' id='word_1_418' title='bbox 2652 996 2749 1048; x_wconf 81' lang='grc' dir='ltr'>καὶ</span> <span class='ocrx_word' id='word_1_419' title='bbox 2771 997 3005 1061; x_wconf 70' lang='grc' dir='ltr'>αἰνετός</span> <span class='ocrx_word' id='word_1_420' title='bbox 3025 999 3260 1067; x_wconf 62' lang='grc' dir='ltr'>σφόδρα</span> <span class='ocrx_word' id='word_1_421' title='bbox 3289 1001 3357 1054; x_wconf 87' lang='grc' dir='ltr'><strong>ἐν</strong></span> <span class='ocrx_word' id='word_1_422' title='bbox 3374 1003 3556 1054; x_wconf 75' lang='grc' dir='ltr'>πόλει</span> <span class='ocrx_word' id='word_1_423' title='bbox 3589 1003 3701 1058; x_wconf 86' lang='grc' dir='ltr'><strong>τοῦ</strong></span> 
     </span>
    </p>
   </div>
   <div class='ocr_carea' id='block_1_67' title="bbox 2129 1082 3699 1164">
    <p class='ocr_par' dir='ltr' id='par_1_67' title="bbox 2129 1082 3699 1164">
     <span class='ocr_line' id='line_1_67' title="bbox 2129 1082 3699 1164; baseline 0.007 -29"><span class='ocrx_word' id='word_1_424' title='bbox 2129 1082 2274 1136; x_wconf 84' lang='grc' dir='ltr'>Θεοῦ</span> <span class='ocrx_word' id='word_1_425' title='bbox 2313 1082 2499 1151; x_wconf 74' lang='grc' dir='ltr'>ἡμῶν,</span> <span class='ocrx_word' id='word_1_426' title='bbox 2534 1086 2603 1138; x_wconf 80' lang='grc' dir='ltr'>ἐν</span> <span class='ocrx_word' id='word_1_427' title='bbox 2634 1086 2755 1153; x_wconf 79' lang='grc' dir='ltr'>ὄρει</span> <span class='ocrx_word' id='word_1_428' title='bbox 2799 1089 2942 1155; x_wconf 74' lang='grc' dir='ltr'>ἁγίῳ</span> <span class='ocrx_word' id='word_1_429' title='bbox 2971 1090 3176 1142; x_wconf 79' lang='grc' dir='ltr'>αὐτοῦ.</span> <span class='ocrx_word' id='word_1_430' title='bbox 3213 1092 3325 1143; x_wconf 83' lang='grc' dir='ltr'>Οὐκ</span> <span class='ocrx_word' id='word_1_431' title='bbox 3353 1090 3454 1154; x_wconf 77' lang='grc' dir='ltr'>ἔτι,</span> <span class='ocrx_word' id='word_1_432' title='bbox 3508 1095 3699 1164; x_wconf 78' lang='grc' dir='ltr'>φησὶν,</span> 
     </span>
    </p>
   </div>
   <div class='ocr_carea' id='block_1_68' title="bbox 2125 1174 3700 1255">
    <p class='ocr_par' dir='ltr' id='par_1_68' title="bbox 2125 1174 3700 1255">
     <span class='ocr_line' id='line_1_68' title="bbox 2125 1174 3700 1255; baseline 0.007 -29"><span class='ocrx_word' id='word_1_433' title='bbox 2125 1174 2218 1226; x_wconf 71' lang='grc' dir='ltr'><strong>ἐπὶ</strong></span> <span class='ocrx_word' id='word_1_434' title='bbox 2245 1175 2342 1244; x_wconf 79' lang='grc' dir='ltr'><strong>τὴν</strong></span> <span class='ocrx_word' id='word_1_435' title='bbox 2392 1176 2649 1230; x_wconf 83' lang='grc' dir='ltr'>Ἰουδαίαν</span> <span class='ocrx_word' id='word_1_436' title='bbox 2685 1180 2873 1248; x_wconf 80' lang='grc' dir='ltr'>μόνην,</span> <span class='ocrx_word' id='word_1_437' title='bbox 2927 1181 3061 1234; x_wconf 74' lang='grc' dir='ltr'>ἀλλὰ</span> <span class='ocrx_word' id='word_1_438' title='bbox 3096 1186 3188 1234; x_wconf 75' lang='grc' dir='ltr'><strong>καὶ</strong></span> <span class='ocrx_word' id='word_1_439' title='bbox 3228 1183 3319 1234; x_wconf 76' lang='grc' dir='ltr'>ἐπὶ</span> <span class='ocrx_word' id='word_1_440' title='bbox 3362 1182 3423 1234; x_wconf 80' lang='grc' dir='ltr'><strong>τὸ</strong></span> <span class='ocrx_word' id='word_1_441' title='bbox 3465 1184 3588 1255; x_wconf 75' lang='grc' dir='ltr'>ὅρος</span> <span class='ocrx_word' id='word_1_442' title='bbox 3635 1185 3700 1238; x_wconf 80' lang='grc' dir='ltr'>τὸ</span> 
     </span>
    </p>
   </div>
   <div class='ocr_carea' id='block_1_69' title="bbox 2125 1265 3696 1345">
    <p class='ocr_par' dir='ltr' id='par_1_69' title="bbox 2125 1265 3696 1345">
     <span class='ocr_line' id='line_1_69' title="bbox 2125 1265 3696 1345; baseline 0.009 -31"><span class='ocrx_word' id='word_1_443' title='bbox 2125 1265 2473 1334; x_wconf 80' lang='grc' dir='ltr'>ἡγιασμένον.</span> <span class='ocrx_word' id='word_1_444' title='bbox 2515 1267 2676 1337; x_wconf 86' lang='grc' dir='ltr'>Ὄρος</span> <span class='ocrx_word' id='word_1_445' title='bbox 2708 1267 2765 1320; x_wconf 77' lang='grc' dir='ltr'><strong>δὲ</strong></span> <span class='ocrx_word' id='word_1_446' title='bbox 2793 1269 3027 1323; x_wconf 84' lang='grc' dir='ltr'>ἐνταῦθα</span> <span class='ocrx_word' id='word_1_447' title='bbox 3049 1271 3145 1341; x_wconf 83' lang='grc' dir='ltr'>τὴν</span> <span class='ocrx_word' id='word_1_448' title='bbox 3183 1272 3507 1343; x_wconf 80' lang='grc' dir='ltr'>Ἐκκλησίαν</span> <span class='ocrx_word' id='word_1_449' title='bbox 3537 1275 3696 1345; x_wconf 76' lang='grc' dir='ltr'>φησὶ,</span> 
     </span>
    </p>
   </div>
   <div class='ocr_carea' id='block_1_70' title="bbox 2123 1354 3322 1431">
    <p class='ocr_par' dir='ltr' id='par_1_70' title="bbox 2123 1354 3322 1431">
     <span class='ocr_line' id='line_1_70' title="bbox 2123 1354 3322 1431; baseline 0.008 -23"><span class='ocrx_word' id='word_1_450' title='bbox 2123 1354 2212 1408; x_wconf 81' lang='grc' dir='ltr'>διὰ</span> <span class='ocrx_word' id='word_1_451' title='bbox 2238 1356 2298 1408; x_wconf 78' lang='grc' dir='ltr'>τὸ</span> <span class='ocrx_word' id='word_1_452' title='bbox 2336 1357 2534 1426; x_wconf 69' lang='grc' dir='ltr'>ὑψηλὸν</span> <span class='ocrx_word' id='word_1_453' title='bbox 2565 1359 2674 1411; x_wconf 84' lang='grc' dir='ltr'>τῶν</span> <span class='ocrx_word' id='word_1_454' title='bbox 2704 1361 2830 1428; x_wconf 76' lang='grc' dir='ltr'>περὶ</span> <span class='ocrx_word' id='word_1_455' title='bbox 2857 1360 2992 1414; x_wconf 89' lang='grc' dir='ltr'>Θεοῦ</span> <span class='ocrx_word' id='word_1_456' title='bbox 3019 1362 3322 1431; x_wconf 74' lang='grc' dir='ltr'>δογμάτων.</span> 
     </span>
    </p>
   </div>
   <div class='ocr_carea' id='block_1_71' title="bbox 2190 1447 3693 1523">
    <p class='ocr_par' dir='ltr' id='par_1_71' title="bbox 2190 1447 3693 1523">
     <span class='ocr_line' id='line_1_71' title="bbox 2190 1447 3693 1523; baseline 0.009 -25"><span class='ocrx_word' id='word_1_457' title='bbox 2190 1447 2446 1515; x_wconf 83' lang='grc' dir='ltr'>Εὐρίζων</span> <span class='ocrx_word' id='word_1_458' title='bbox 2464 1449 2856 1518; x_wconf 70' lang='grc' dir='ltr'>ἀγαλλιὰματι</span> <span class='ocrx_word' id='word_1_459' title='bbox 2879 1452 3080 1519; x_wconf 78' lang='grc' dir='ltr'>πάσης</span> <span class='ocrx_word' id='word_1_460' title='bbox 3103 1453 3212 1520; x_wconf 85' lang='grc' dir='ltr'><strong>τῆς</strong></span> <span class='ocrx_word' id='word_1_461' title='bbox 3233 1453 3364 1523; x_wconf 73' lang='grc' dir='ltr'>γῆς.</span> <span class='ocrx_word' id='word_1_462' title='bbox 3409 1453 3693 1522; x_wconf 83' lang='grc' dir='ltr'>Ἐξὲτεινε,</span> 
     </span>
    </p>
   </div>
   <div class='ocr_carea' id='block_1_72' title="bbox 2126 1539 3696 1614">
    <p class='ocr_par' dir='ltr' id='par_1_72' title="bbox 2126 1539 3696 1614">
     <span class='ocr_line' id='line_1_72' title="bbox 2126 1539 3696 1614; baseline 0.006 -24"><span class='ocrx_word' id='word_1_463' title='bbox 2126 1540 2277 1610; x_wconf 72' lang='grc' dir='ltr'>φησὶ,</span> <span class='ocrx_word' id='word_1_464' title='bbox 2309 1539 2369 1592; x_wconf 74' lang='grc' dir='ltr'>τὸ</span> <span class='ocrx_word' id='word_1_465' title='bbox 2402 1541 2709 1611; x_wconf 84' lang='grc' dir='ltr'>ἀγαλλίαμα</span> <span class='ocrx_word' id='word_1_466' title='bbox 2740 1543 2830 1594; x_wconf 80' lang='grc' dir='ltr'><strong>ἐπὶ</strong></span> <span class='ocrx_word' id='word_1_467' title='bbox 2861 1543 3038 1612; x_wconf 84' lang='grc' dir='ltr'>πάσης</span> <span class='ocrx_word' id='word_1_468' title='bbox 3063 1544 3159 1612; x_wconf 79' lang='grc' dir='ltr'>τῆς</span> <span class='ocrx_word' id='word_1_469' title='bbox 3193 1546 3294 1614; x_wconf 83' lang='grc' dir='ltr'>γῆς</span> <span class='ocrx_word' id='word_1_470' title='bbox 3315 1561 3328 1574; x_wconf 88' lang='grc'><strong>·</strong></span> <span class='ocrx_word' id='word_1_471' title='bbox 3381 1547 3460 1608; x_wconf 85' lang='grc' dir='ltr'>εἰς</span> <span class='ocrx_word' id='word_1_472' title='bbox 3513 1548 3696 1600; x_wconf 77' lang='grc' dir='ltr'>πᾶσαν</span> 
     </span>
    </p>
   </div>
   <div class='ocr_carea' id='block_1_73' title="bbox 2124 1630 3719 1704">
    <p class='ocr_par' dir='ltr' id='par_1_73' title="bbox 2124 1630 3719 1704">
     <span class='ocr_line' id='line_1_73' title="bbox 2124 1630 3719 1704; baseline 0.009 -22"><span class='ocrx_word' id='word_1_473' title='bbox 2124 1630 2234 1700; x_wconf 84' lang='grc' dir='ltr'><strong>γὰρ</strong></span> <span class='ocrx_word' id='word_1_474' title='bbox 2266 1630 2360 1701; x_wconf 78' lang='grc' dir='ltr'>τὴν</span> <span class='ocrx_word' id='word_1_475' title='bbox 2390 1631 2494 1702; x_wconf 82' lang='grc' dir='ltr'>γῆν</span> <span class='ocrx_word' id='word_1_476' title='bbox 2519 1632 2577 1685; x_wconf 82' lang='grc' dir='ltr'><strong>τὸ</strong></span> <span class='ocrx_word' id='word_1_477' title='bbox 2604 1633 2910 1703; x_wconf 83' lang='grc' dir='ltr'>ἀγαλλίαμα</span> <span class='ocrx_word' id='word_1_478' title='bbox 2935 1635 3032 1704; x_wconf 75' lang='grc' dir='ltr'>τῆς</span> <span class='ocrx_word' id='word_1_479' title='bbox 3057 1637 3218 1688; x_wconf 76' lang='grc' dir='ltr'>αὑτοῦ</span> <span class='ocrx_word' id='word_1_480' title='bbox 3243 1637 3561 1704; x_wconf 70' lang='grc' dir='ltr'>θεοφανείας</span> <span class='ocrx_word' id='word_1_481' title='bbox 3599 1657 3719 1696; x_wconf 68' lang='grc' dir='ltr'><strong>και⁴</strong></span> 
     </span>
    </p>
   </div>
   <div class='ocr_carea' id='block_1_74' title="bbox 2125 1719 3692 1796">
    <p class='ocr_par' dir='ltr' id='par_1_74' title="bbox 2125 1719 3692 1796">
     <span class='ocr_line' id='line_1_74' title="bbox 2125 1719 3692 1796; baseline 0.008 -26"><span class='ocrx_word' id='word_1_482' title='bbox 2125 1719 2224 1789; x_wconf 74' lang='grc' dir='ltr'><strong>τὴν</strong></span> <span class='ocrx_word' id='word_1_483' title='bbox 2255 1720 2412 1791; x_wconf 83' lang='grc' dir='ltr'>χάριν</span> <span class='ocrx_word' id='word_1_484' title='bbox 2459 1722 2776 1775; x_wconf 88' lang='grc' dir='ltr'>ἐπλάτυνεν.</span> <span class='ocrx_word' id='word_1_485' title='bbox 2817 1725 2962 1790; x_wconf 84' lang='grc' dir='ltr'>Ὀρη</span> <span class='ocrx_word' id='word_1_486' title='bbox 2995 1725 3146 1782; x_wconf 76' lang='grc' dir='ltr'>Σιὼν</span> <span class='ocrx_word' id='word_1_487' title='bbox 3195 1725 3266 1780; x_wconf 88' lang='grc' dir='ltr'>τὰ</span> <span class='ocrx_word' id='word_1_488' title='bbox 3312 1729 3542 1796; x_wconf 82' lang='grc' dir='ltr'>πλευρὰ</span> <span class='ocrx_word' id='word_1_489' title='bbox 3583 1730 3692 1785; x_wconf 86' lang='grc' dir='ltr'><strong>τοῦ</strong></span> 
     </span>
    </p>
   </div>
   <div class='ocr_carea' id='block_1_75' title="bbox 2119 1810 3692 1888">
    <p class='ocr_par' dir='ltr' id='par_1_75' title="bbox 2119 1810 3692 1888">
     <span class='ocr_line' id='line_1_75' title="bbox 2119 1810 3692 1888; baseline 0.008 -26"><span class='ocrx_word' id='word_1_490' title='bbox 2119 1810 2331 1879; x_wconf 66' lang='grc' dir='ltr'>βορρᾶ.</span> <span class='ocrx_word' id='word_1_491' title='bbox 2391 1812 2454 1865; x_wconf 85' lang='grc' dir='ltr'><strong>Ἡ</strong></span> <span class='ocrx_word' id='word_1_492' title='bbox 2490 1813 2586 1882; x_wconf 83' lang='grc' dir='ltr'><strong>μὲν</strong></span> <span class='ocrx_word' id='word_1_493' title='bbox 2628 1813 2976 1886; x_wconf 79' lang='grc' dir='ltr'>Ἰερουσαλὴμ</span> <span class='ocrx_word' id='word_1_494' title='bbox 3004 1817 3061 1868; x_wconf 84' lang='grc' dir='ltr'><strong>ἐν</strong></span> <span class='ocrx_word' id='word_1_495' title='bbox 3089 1815 3166 1886; x_wconf 81' lang='grc' dir='ltr'>τῷ</span> <span class='ocrx_word' id='word_1_496' title='bbox 3216 1818 3352 1888; x_wconf 85' lang='grc' dir='ltr'>νότῳ</span> <span class='ocrx_word' id='word_1_497' title='bbox 3380 1823 3574 1882; x_wconf 84' lang='grc' dir='ltr'>κεῖται,</span> <span class='ocrx_word' id='word_1_498' title='bbox 3624 1821 3692 1874; x_wconf 79' lang='grc' dir='ltr'>τὰ</span> 
     </span>
    </p>
   </div>
   <div class='ocr_carea' id='block_1_76' title="bbox 2123 1904 3690 1983">
    <p class='ocr_par' dir='ltr' id='par_1_76' title="bbox 2123 1904 3690 1983">
     <span class='ocr_line' id='line_1_76' title="bbox 2123 1904 3690 1983; baseline 0.006 -27"><span class='ocrx_word' id='word_1_499' title='bbox 2123 1905 2178 1957; x_wconf 88' lang='grc' dir='ltr'><strong>δέ</strong></span> <span class='ocrx_word' id='word_1_500' title='bbox 2208 1904 2332 1975; x_wconf 85' lang='grc' dir='ltr'>ἔθνη</span> <span class='ocrx_word' id='word_1_501' title='bbox 2380 1907 2436 1957; x_wconf 89' lang='grc' dir='ltr'><strong>ἐν</strong></span> <span class='ocrx_word' id='word_1_502' title='bbox 2463 1905 2540 1976; x_wconf 79' lang='grc' dir='ltr'>τῷ</span> <span class='ocrx_word' id='word_1_503' title='bbox 2575 1905 2763 1978; x_wconf 68' lang='grc' dir='ltr'>βορῤᾷ.</span> <span class='ocrx_word' id='word_1_504' title='bbox 2802 1908 3016 1979; x_wconf 83' lang='grc' dir='ltr'><strong>Ἐπειδὴ</strong></span> <span class='ocrx_word' id='word_1_505' title='bbox 3049 1909 3104 1962; x_wconf 77' lang='grc' dir='ltr'><strong>δὲ</strong></span> <span class='ocrx_word' id='word_1_506' title='bbox 3159 1911 3299 1980; x_wconf 81' lang='grc' dir='ltr'>μέγα</span> <span class='ocrx_word' id='word_1_507' title='bbox 3349 1914 3608 1983; x_wconf 70' lang='grc' dir='ltr'>ἐφρόνουν</span> <span class='ocrx_word' id='word_1_508' title='bbox 3640 1916 3690 1967; x_wconf 88' lang='grc' dir='ltr'>οἱ</span> 
     </span>
    </p>
   </div>
   <div class='ocr_carea' id='block_1_77' title="bbox 2135 1995 3695 2068">
    <p class='ocr_par' dir='ltr' id='par_1_77' title="bbox 2135 1995 3695 2068">
     <span class='ocr_line' id='line_1_77' title="bbox 2135 1995 3695 2068; baseline 0.007 -22"><span class='ocrx_word' id='word_1_509' title='bbox 2135 1995 2374 2049; x_wconf 79' lang='grc' dir='ltr'>Ἰουδαῖοι</span> <span class='ocrx_word' id='word_1_510' title='bbox 2407 1996 2481 2058; x_wconf 85' lang='grc' dir='ltr'>ὡς</span> <span class='ocrx_word' id='word_1_511' title='bbox 2514 1997 2659 2064; x_wconf 88' lang='grc' dir='ltr'>μόνοι</span> <span class='ocrx_word' id='word_1_512' title='bbox 2695 1998 2791 2068; x_wconf 77' lang='grc' dir='ltr'>τὴν</span> <span class='ocrx_word' id='word_1_513' title='bbox 2833 1997 2970 2051; x_wconf 89' lang='grc' dir='ltr'>Σιὼν</span> <span class='ocrx_word' id='word_1_514' title='bbox 3003 1999 3275 2064; x_wconf 74' lang='grc' dir='ltr'>οἰκοῦντες</span> <span class='ocrx_word' id='word_1_515' title='bbox 3295 2042 3308 2065; x_wconf 88' lang='grc'><strong>,</strong></span> <span class='ocrx_word' id='word_1_516' title='bbox 3338 2003 3608 2056; x_wconf 84' lang='grc' dir='ltr'>δείκνυσιν</span> <span class='ocrx_word' id='word_1_517' title='bbox 3662 2008 3695 2058; x_wconf 75' lang='grc' dir='ltr'>ὖ</span> 
     </span>
    </p>
   </div>
   <div class='ocr_carea' id='block_1_78' title="bbox 2120 2083 3714 2165">
    <p class='ocr_par' dir='ltr' id='par_1_78' title="bbox 2120 2083 3714 2165">
     <span class='ocr_line' id='line_1_78' title="bbox 2120 2083 3714 2165; baseline 0.006 -29"><span class='ocrx_word' id='word_1_518' title='bbox 2120 2083 2308 2153; x_wconf 86' lang='grc' dir='ltr'>λόγος,</span> <span class='ocrx_word' id='word_1_519' title='bbox 2351 2087 2430 2140; x_wconf 84' lang='grc' dir='ltr'>ὅτι</span> <span class='ocrx_word' id='word_1_520' title='bbox 2463 2088 2597 2140; x_wconf 78' lang='grc' dir='ltr'>Σιών</span> <span class='ocrx_word' id='word_1_521' title='bbox 2624 2091 2737 2142; x_wconf 87' lang='grc' dir='ltr'>ἐστι</span> <span class='ocrx_word' id='word_1_522' title='bbox 2767 2090 2832 2143; x_wconf 78' lang='grc' dir='ltr'><strong>τὰ</strong></span> <span class='ocrx_word' id='word_1_523' title='bbox 2868 2091 2992 2162; x_wconf 74' lang='grc' dir='ltr'>ἔθνη</span> <span class='ocrx_word' id='word_1_524' title='bbox 3029 2092 3095 2146; x_wconf 81' lang='grc' dir='ltr'>τὰ</span> <span class='ocrx_word' id='word_1_525' title='bbox 3143 2094 3562 2165; x_wconf 76' lang='grc' dir='ltr'>παραδεξάμενα</span> <span class='ocrx_word' id='word_1_526' title='bbox 3595 2095 3714 2150; x_wconf 76' lang='grc' dir='ltr'>τὸν.</span> 
     </span>
    </p>
   </div>
   <div class='ocr_carea' id='block_1_79' title="bbox 2120 2177 3716 2256">
    <p class='ocr_par' dir='ltr' id='par_1_79' title="bbox 2120 2177 3716 2256">
     <span class='ocr_line' id='line_1_79' title="bbox 2120 2177 3716 2256; baseline 0.01 -29"><span class='ocrx_word' id='word_1_527' title='bbox 2120 2177 2464 2244; x_wconf 75' lang='grc' dir='ltr'>εὐαγγελικὸν</span> <span class='ocrx_word' id='word_1_528' title='bbox 2507 2179 2681 2246; x_wconf 82' lang='grc' dir='ltr'>λόγον.</span> <span class='ocrx_word' id='word_1_529' title='bbox 2737 2181 2809 2233; x_wconf 85' lang='grc' dir='ltr'><strong>Τὸ</strong></span> <span class='ocrx_word' id='word_1_530' title='bbox 2863 2182 2972 2253; x_wconf 74' lang='grc' dir='ltr'><strong>γὰρ</strong></span> <span class='ocrx_word' id='word_1_531' title='bbox 3017 2183 3291 2255; x_wconf 78' lang='grc' dir='ltr'>ἑδραίωμα</span> <span class='ocrx_word' id='word_1_532' title='bbox 3333 2187 3428 2256; x_wconf 77' lang='grc' dir='ltr'>τῆς</span> <span class='ocrx_word' id='word_1_533' title='bbox 3460 2186 3594 2238; x_wconf 77' lang='grc' dir='ltr'>Σιὼν</span> <span class='ocrx_word' id='word_1_534' title='bbox 3628 2187 3716 2243; x_wconf 68' lang='grc' dir='ltr'><strong>τὸ.</strong></span> 
     </span>
    </p>
   </div>
   <div class='ocr_carea' id='block_1_80' title="bbox 2120 2266 3708 2344">
    <p class='ocr_par' dir='ltr' id='par_1_80' title="bbox 2120 2266 3708 2344">
     <span class='ocr_line' id='line_1_80' title="bbox 2120 2266 3708 2344; baseline 0.007 -24"><span class='ocrx_word' id='word_1_535' title='bbox 2120 2266 2288 2337; x_wconf 80' lang='grc' dir='ltr'>κλίμα</span> <span class='ocrx_word' id='word_1_536' title='bbox 2319 2270 2433 2321; x_wconf 73' lang='grc' dir='ltr'>ἐστὶ</span> <span class='ocrx_word' id='word_1_537' title='bbox 2457 2269 2549 2322; x_wconf 88' lang='grc' dir='ltr'><strong>τοῦ</strong></span> <span class='ocrx_word' id='word_1_538' title='bbox 2578 2271 2765 2342; x_wconf 67' lang='grc' dir='ltr'>βορρᾶ,</span> <span class='ocrx_word' id='word_1_539' title='bbox 2790 2273 2924 2343; x_wconf 81' lang='grc' dir='ltr'>ὅπερ</span> <span class='ocrx_word' id='word_1_540' title='bbox 2955 2274 3125 2344; x_wconf 84' lang='grc' dir='ltr'>κλίμα</span> <span class='ocrx_word' id='word_1_541' title='bbox 3155 2276 3248 2328; x_wconf 89' lang='grc' dir='ltr'><strong>τοῦ</strong></span> <span class='ocrx_word' id='word_1_542' title='bbox 3281 2276 3367 2328; x_wconf 80' lang='grc' dir='ltr'>διὰ.</span> <span class='ocrx_word' id='word_1_543' title='bbox 3398 2277 3708 2338; x_wconf 77' lang='grc' dir='ltr'>τῶν,πλευ--</span> 
     </span>
    </p>
   </div>
   <div class='ocr_carea' id='block_1_81' title="bbox 2121 2358 3688 2440">
    <p class='ocr_par' dir='ltr' id='par_1_81' title="bbox 2121 2358 3688 2440">
     <span class='ocr_line' id='line_1_81' title="bbox 2121 2358 3688 2440; baseline 0.009 -31"><span class='ocrx_word' id='word_1_544' title='bbox 2121 2358 2230 2428; x_wconf 83' lang='grc' dir='ltr'><strong>ρῶν</strong></span> <span class='ocrx_word' id='word_1_545' title='bbox 2263 2359 2514 2430; x_wconf 74' lang='grc' dir='ltr'>δηλοῦται</span> <span class='ocrx_word' id='word_1_546' title='bbox 2552 2362 2722 2434; x_wconf 70' lang='grc' dir='ltr'>βορρᾶ</span> <span class='ocrx_word' id='word_1_547' title='bbox 2743 2382 2755 2394; x_wconf 66' lang='grc' dir='ltr'><strong>ι</strong></span> <span class='ocrx_word' id='word_1_548' title='bbox 2787 2365 2907 2417; x_wconf 68' lang='grc' dir='ltr'>ἀντὶ</span> <span class='ocrx_word' id='word_1_549' title='bbox 2937 2365 3044 2436; x_wconf 77' lang='grc' dir='ltr'><strong>γὰρ</strong></span> <span class='ocrx_word' id='word_1_550' title='bbox 3072 2367 3164 2420; x_wconf 90' lang='grc' dir='ltr'><strong>τοῦ</strong></span> <span class='ocrx_word' id='word_1_551' title='bbox 3199 2371 3374 2421; x_wconf 83' lang='grc' dir='ltr'>εἰπεῖν</span> <span class='ocrx_word' id='word_1_552' title='bbox 3413 2369 3474 2421; x_wconf 84' lang='grc' dir='ltr'><strong>τὸ</strong></span> <span class='ocrx_word' id='word_1_553' title='bbox 3516 2369 3688 2440; x_wconf 81' lang='grc' dir='ltr'>κλίμα</span> 
     </span>
    </p>
   </div>
   <div class='ocr_carea' id='block_1_82' title="bbox 2116 2451 3688 2534">
    <p class='ocr_par' dir='ltr' id='par_1_82' title="bbox 2116 2451 3688 2534">
     <span class='ocr_line' id='line_1_82' title="bbox 2116 2451 3688 2534; baseline 0.01 -31"><span class='ocrx_word' id='word_1_554' title='bbox 2116 2451 2209 2504; x_wconf 82' lang='grc' dir='ltr'><strong>τοῦ</strong></span> <span class='ocrx_word' id='word_1_555' title='bbox 2236 2453 2424 2524; x_wconf 73' lang='grc' dir='ltr'>βορῤᾶ,</span> <span class='ocrx_word' id='word_1_556' title='bbox 2443 2455 2510 2508; x_wconf 77' lang='grc' dir='ltr'>τὰ</span> <span class='ocrx_word' id='word_1_557' title='bbox 2534 2456 2737 2527; x_wconf 64' lang='grc' dir='ltr'>πλευρὰ</span> <span class='ocrx_word' id='word_1_558' title='bbox 2760 2457 2999 2529; x_wconf 77' lang='grc' dir='ltr'>εἴρηκεν.</span> <span class='ocrx_word' id='word_1_559' title='bbox 3021 2463 3288 2534; x_wconf 79' lang='grc' dir='ltr'>Πρότερον</span> <span class='ocrx_word' id='word_1_560' title='bbox 3311 2463 3408 2534; x_wconf 90' lang='grc' dir='ltr'><strong>μέν</strong></span> <span class='ocrx_word' id='word_1_561' title='bbox 3424 2459 3490 2534; x_wconf 82' lang='grc' dir='ltr'>ἦν</span> <span class='ocrx_word' id='word_1_562' title='bbox 3506 2463 3688 2518; x_wconf 85' lang='grc' dir='ltr'>ὁΠαῦ-</span> 
     </span>
    </p>
   </div>
   <div class='ocr_carea' id='block_1_83' title="bbox 2115 2544 3704 2627">
    <p class='ocr_par' dir='ltr' id='par_1_83' title="bbox 2115 2544 3704 2627">
     <span class='ocr_line' id='line_1_83' title="bbox 2115 2544 3704 2627; baseline 0.011 -31"><span class='ocrx_word' id='word_1_563' title='bbox 2115 2544 2203 2608; x_wconf 89' lang='grc' dir='ltr'><strong>λος</strong></span> <span class='ocrx_word' id='word_1_564' title='bbox 2231 2545 2433 2616; x_wconf 71' lang='grc' dir='ltr'>πλευρὰ</span> <span class='ocrx_word' id='word_1_565' title='bbox 2490 2548 2582 2599; x_wconf 92' lang='grc' dir='ltr'><strong>τοῦ</strong></span> <span class='ocrx_word' id='word_1_566' title='bbox 2615 2548 2805 2620; x_wconf 62' lang='grc' dir='ltr'>βορρᾶ,</span> <span class='ocrx_word' id='word_1_567' title='bbox 2859 2553 2945 2620; x_wconf 79' lang='grc' dir='ltr'><strong>ἐφ’</strong></span> <span class='ocrx_word' id='word_1_568' title='bbox 2973 2547 3034 2606; x_wconf 74' lang='grc' dir='ltr'>οὗ</span> <span class='ocrx_word' id='word_1_569' title='bbox 3085 2554 3351 2627; x_wconf 75' lang='grc' dir='ltr'>ἐξεκαύθη</span> <span class='ocrx_word' id='word_1_570' title='bbox 3405 2555 3582 2610; x_wconf 80' lang='grc' dir='ltr'>πάντα</span> <span class='ocrx_word' id='word_1_571' title='bbox 3613 2557 3704 2614; x_wconf 70' lang='grc' dir='ltr'><strong>τὰ,</strong></span> 
     </span>
    </p>
   </div>
   <div class='ocr_carea' id='block_1_84' title="bbox 2116 2636 3682 2718">
    <p class='ocr_par' dir='ltr' id='par_1_84' title="bbox 2116 2636 3682 2718">
     <span class='ocr_line' id='line_1_84' title="bbox 2116 2636 3682 2718; baseline 0.01 -30"><span class='ocrx_word' id='word_1_572' title='bbox 2116 2636 2260 2689; x_wconf 72' lang='grc' dir='ltr'>κακὰ</span> <span class='ocrx_word' id='word_1_573' title='bbox 2303 2637 2393 2689; x_wconf 71' lang='grc' dir='ltr'><strong>ἐπὶ</strong></span> <span class='ocrx_word' id='word_1_574' title='bbox 2426 2639 2523 2706; x_wconf 78' lang='grc' dir='ltr'>τῆς</span> <span class='ocrx_word' id='word_1_575' title='bbox 2561 2639 2696 2708; x_wconf 80' lang='grc' dir='ltr'>γῆς·</span> <span class='ocrx_word' id='word_1_576' title='bbox 2729 2640 2822 2693; x_wconf 87' lang='grc' dir='ltr'><strong>νῦν</strong></span> <span class='ocrx_word' id='word_1_577' title='bbox 2859 2642 2916 2694; x_wconf 83' lang='grc' dir='ltr'><strong>δέ</strong></span> <span class='ocrx_word' id='word_1_578' title='bbox 2951 2644 3173 2712; x_wconf 81' lang='grc' dir='ltr'>γέγονεν</span> <span class='ocrx_word' id='word_1_579' title='bbox 3207 2647 3306 2716; x_wconf 75' lang='grc' dir='ltr'><strong>ὅρη</strong></span> <span class='ocrx_word' id='word_1_580' title='bbox 3340 2647 3507 2714; x_wconf 81' lang='grc' dir='ltr'>Σιὼν,</span> <span class='ocrx_word' id='word_1_581' title='bbox 3540 2649 3682 2718; x_wconf 80' lang='grc' dir='ltr'>ἔχων</span> 
     </span>
    </p>
   </div>
   <div class='ocr_carea' id='block_1_85' title="bbox 2114 2727 3680 2802">
    <p class='ocr_par' dir='ltr' id='par_1_85' title="bbox 2114 2727 3680 2802">
     <span class='ocr_line' id='line_1_85' title="bbox 2114 2727 3680 2802; baseline 0.009 -24"><span class='ocrx_word' id='word_1_582' title='bbox 2114 2729 2171 2779; x_wconf 90' lang='grc' dir='ltr'><strong>ἐν</strong></span> <span class='ocrx_word' id='word_1_583' title='bbox 2198 2727 2372 2797; x_wconf 80' lang='grc' dir='ltr'>ἐαυτῷ</span> <span class='ocrx_word' id='word_1_584' title='bbox 2400 2729 2488 2780; x_wconf 82' lang='grc' dir='ltr'><strong>τὸν</strong></span> <span class='ocrx_word' id='word_1_585' title='bbox 2514 2729 2778 2784; x_wconf 82' lang='grc' dir='ltr'>λαλοῦντα</span> <span class='ocrx_word' id='word_1_586' title='bbox 2801 2733 3053 2802; x_wconf 75' lang='grc' dir='ltr'>Χριστὸν,</span> <span class='ocrx_word' id='word_1_587' title='bbox 3081 2736 3171 2788; x_wconf 74' lang='grc' dir='ltr'><strong>τὸν</strong></span> <span class='ocrx_word' id='word_1_588' title='bbox 3205 2738 3426 2791; x_wconf 76' lang='grc' dir='ltr'>ἐλθόντα</span> <span class='ocrx_word' id='word_1_589' title='bbox 3449 2741 3510 2792; x_wconf 86' lang='grc' dir='ltr'><strong>ἐκ</strong></span> <span class='ocrx_word' id='word_1_590' title='bbox 3537 2738 3680 2792; x_wconf 81' lang='grc' dir='ltr'>Σιὼν</span> 
     </span>
    </p>
   </div>
   <div class='ocr_carea' id='block_1_86' title="bbox 2116 2822 3684 2898">
    <p class='ocr_par' dir='ltr' id='par_1_86' title="bbox 2116 2822 3684 2898">
     <span class='ocr_line' id='line_1_86' title="bbox 2116 2822 3684 2898; baseline 0.007 -24"><span class='ocrx_word' id='word_1_591' title='bbox 2116 2823 2208 2874; x_wconf 75' lang='grc' dir='ltr'><strong>καὶ</strong></span> <span class='ocrx_word' id='word_1_592' title='bbox 2237 2822 2651 2892; x_wconf 64' lang='grc' dir='ltr'>ἀποστρέψαντα</span> <span class='ocrx_word' id='word_1_593' title='bbox 2703 2824 2956 2879; x_wconf 78' lang='grc' dir='ltr'>ἀσέϐειαν</span> <span class='ocrx_word' id='word_1_594' title='bbox 2998 2829 3104 2882; x_wconf 76' lang='grc' dir='ltr'>ἀπὸ</span> <span class='ocrx_word' id='word_1_595' title='bbox 3150 2829 3360 2882; x_wconf 76' lang='grc' dir='ltr'>Ἰακώϐ.</span> <span class='ocrx_word' id='word_1_596' title='bbox 3397 2832 3458 2884; x_wconf 88' lang='grc' dir='ltr'><strong><em>Ἡ</em></strong></span> <span class='ocrx_word' id='word_1_597' title='bbox 3497 2833 3684 2898; x_wconf 60' lang='lat' dir='ltr'><strong>adhc</strong></span> 
     </span>
    </p>
   </div>
   <div class='ocr_carea' id='block_1_87' title="bbox 2114 2909 3695 2993">
    <p class='ocr_par' dir='ltr' id='par_1_87' title="bbox 2114 2909 3695 2993">
     <span class='ocr_line' id='line_1_87' title="bbox 2114 2909 3695 2993; baseline 0.01 -33"><span class='ocrx_word' id='word_1_598' title='bbox 2114 2909 2217 2961; x_wconf 88' lang='grc' dir='ltr'><strong>τοῦ</strong></span> <span class='ocrx_word' id='word_1_599' title='bbox 2238 2909 2540 2976; x_wconf 71' lang='grc' dir='ltr'>βασιλέως</span> <span class='ocrx_word' id='word_1_600' title='bbox 2554 2911 2658 2965; x_wconf 83' lang='grc' dir='ltr'><strong>τοῦ</strong></span> <span class='ocrx_word' id='word_1_601' title='bbox 2676 2915 2963 2982; x_wconf 71' lang='grc' dir='ltr'>μεγάλου.</span> <span class='ocrx_word' id='word_1_602' title='bbox 2984 2917 3186 2978; x_wconf 85' lang='grc' dir='ltr'>Ταῦτα.</span> <span class='ocrx_word' id='word_1_603' title='bbox 3215 2920 3366 2988; x_wconf 74' lang='grc' dir='ltr'>φησὶ,</span> <span class='ocrx_word' id='word_1_604' title='bbox 3391 2920 3456 2973; x_wconf 74' lang='grc' dir='ltr'><strong>τά</strong></span> <span class='ocrx_word' id='word_1_605' title='bbox 3472 2921 3695 2993; x_wconf 66' lang='grc' dir='ltr'>πλευοσς</span> 
     </span>
    </p>
   </div>
   <div class='ocr_carea' id='block_1_88' title="bbox 2110 2996 3682 3076">
    <p class='ocr_par' dir='ltr' id='par_1_88' title="bbox 2110 2996 3682 3076">
     <span class='ocr_line' id='line_1_88' title="bbox 2110 2996 3682 3076; baseline 0.011 -29"><span class='ocrx_word' id='word_1_606' title='bbox 2110 2996 2203 3048; x_wconf 91' lang='grc' dir='ltr'><strong>τοῦ</strong></span> <span class='ocrx_word' id='word_1_607' title='bbox 2235 2997 2424 3068; x_wconf 72' lang='grc' dir='ltr'>βορρᾶ,</span> <span class='ocrx_word' id='word_1_608' title='bbox 2452 3001 2569 3070; x_wconf 69' lang='grc' dir='ltr'>ἦτοι</span> <span class='ocrx_word' id='word_1_609' title='bbox 2595 3002 2662 3056; x_wconf 76' lang='grc' dir='ltr'>τὰ</span> <span class='ocrx_word' id='word_1_610' title='bbox 2695 3003 2843 3073; x_wconf 83' lang='grc' dir='ltr'>ἔθνη,</span> <span class='ocrx_word' id='word_1_611' title='bbox 2880 3007 2912 3075; x_wconf 84' lang='grc' dir='ltr'>ὴ</span> <span class='ocrx_word' id='word_1_612' title='bbox 2948 3007 3099 3069; x_wconf 83' lang='grc' dir='ltr'>πόλις</span> <span class='ocrx_word' id='word_1_613' title='bbox 3128 3005 3373 3076; x_wconf 79' lang='grc' dir='ltr'>κληθεῖεν</span> <span class='ocrx_word' id='word_1_614' title='bbox 3401 3008 3485 3072; x_wconf 82' lang='grc' dir='ltr'><strong>ἂν,</strong></span> <span class='ocrx_word' id='word_1_615' title='bbox 3517 3013 3574 3063; x_wconf 86' lang='grc' dir='ltr'><strong>ἐν</strong></span> <span class='ocrx_word' id='word_1_616' title='bbox 3596 3007 3682 3075; x_wconf 80' lang='grc' dir='ltr'>οἷς</span> 
     </span>
    </p>
   </div>
   <div class='ocr_carea' id='block_1_89' title="bbox 2037 3088 3681 3181">
    <p class='ocr_par' dir='ltr' id='par_1_89' title="bbox 2037 3088 3681 3181">
     <span class='ocr_line' id='line_1_89' title="bbox 2037 3088 3681 3181; baseline 0.011 -43"><span class='ocrx_word' id='word_1_617' title='bbox 2037 3125 2078 3181; x_wconf 75' lang='lat' dir='ltr'>c</span> <span class='ocrx_word' id='word_1_618' title='bbox 2112 3088 2436 3156; x_wconf 81' lang='grc' dir='ltr'>γινώσκεται</span> <span class='ocrx_word' id='word_1_619' title='bbox 2475 3092 2650 3157; x_wconf 83' lang='grc' dir='ltr'>όΘεὸς</span> <span class='ocrx_word' id='word_1_620' title='bbox 2673 3094 3197 3168; x_wconf 77' lang='grc' dir='ltr'>ἀντιλαμϐανόμενος</span> <span class='ocrx_word' id='word_1_621' title='bbox 3222 3098 3315 3152; x_wconf 76' lang='grc' dir='ltr'><strong>καὶ</strong></span> <span class='ocrx_word' id='word_1_622' title='bbox 3349 3097 3536 3164; x_wconf 78' lang='grc' dir='ltr'>σώζων</span> <span class='ocrx_word' id='word_1_623' title='bbox 3575 3103 3681 3155; x_wconf 79' lang='grc' dir='ltr'>αῦ-</span> 
     </span>
    </p>
   </div>
   <div class='ocr_carea' id='block_1_90' title="bbox 2109 3183 2829 3257">
    <p class='ocr_par' dir='ltr' id='par_1_90' title="bbox 2109 3183 2829 3257">
     <span class='ocr_line' id='line_1_90' title="bbox 2109 3183 2829 3257; baseline 0.008 -23"><span class='ocrx_word' id='word_1_624' title='bbox 2109 3183 2236 3244; x_wconf 82' lang='grc' dir='ltr'>τοὺς</span> <span class='ocrx_word' id='word_1_625' title='bbox 2261 3184 2323 3234; x_wconf 83' lang='grc' dir='ltr'><strong>ἐκ</strong></span> <span class='ocrx_word' id='word_1_626' title='bbox 2351 3183 2458 3236; x_wconf 83' lang='grc' dir='ltr'><strong>τῶν</strong></span> <span class='ocrx_word' id='word_1_627' title='bbox 2489 3188 2829 3257; x_wconf 84' lang='grc' dir='ltr'>πειρασμῶν.</span> 
     </span>
    </p>
   </div>
   <div class='ocr_carea' id='block_1_91' title="bbox 2193 3272 3701 3349">
    <p class='ocr_par' dir='ltr' id='par_1_91' title="bbox 2193 3272 3701 3349">
     <span class='ocr_line' id='line_1_91' title="bbox 2193 3272 3701 3349; baseline 0.008 -25"><span class='ocrx_word' id='word_1_628' title='bbox 2193 3272 2246 3324; x_wconf 87' lang='lat'><strong>&#39;0</strong></span> <span class='ocrx_word' id='word_1_629' title='bbox 2274 3274 2416 3340; x_wconf 83' lang='grc' dir='ltr'><strong>Θεὸς</strong></span> <span class='ocrx_word' id='word_1_630' title='bbox 2436 3276 2505 3328; x_wconf 88' lang='grc' dir='ltr'><strong>ἐν</strong></span> <span class='ocrx_word' id='word_1_631' title='bbox 2525 3277 2652 3344; x_wconf 84' lang='grc' dir='ltr'>ταῖς</span> <span class='ocrx_word' id='word_1_632' title='bbox 2663 3277 2922 3345; x_wconf 74' lang='grc' dir='ltr'><strong>⁶βάρεσιν</strong></span> <span class='ocrx_word' id='word_1_633' title='bbox 2935 3280 3086 3346; x_wconf 85' lang='grc' dir='ltr'><strong>αὐτῆ</strong></span> <span class='ocrx_word' id='word_1_634' title='bbox 3092 3300 3122 3345; x_wconf 90' lang='grc' dir='ltr'><em>ς</em></span> <span class='ocrx_word' id='word_1_635' title='bbox 3141 3281 3512 3349; x_wconf 76' lang='grc' dir='ltr'>γινώσκεται,</span> <span class='ocrx_word' id='word_1_636' title='bbox 3531 3283 3701 3336; x_wconf 82' lang='grc' dir='ltr'>ὅταν-</span> 
     </span>
    </p>
   </div>
   <div class='ocr_carea' id='block_1_92' title="bbox 2106 3364 3697 3442">
    <p class='ocr_par' dir='ltr' id='par_1_92' title="bbox 2106 3364 3697 3442">
     <span class='ocr_line' id='line_1_92' title="bbox 2106 3364 3697 3442; baseline 0.006 -24"><span class='ocrx_word' id='word_1_637' title='bbox 2106 3364 2610 3435; x_wconf 77' lang='grc' dir='ltr'>άντιλαμϐάνηται</span> <span class='ocrx_word' id='word_1_638' title='bbox 2656 3369 2866 3438; x_wconf 82' lang='grc' dir='ltr'>αὐτῆς.</span> <span class='ocrx_word' id='word_1_639' title='bbox 2895 3371 2959 3422; x_wconf 82' lang='lat' dir='ltr'><strong>Ai</strong></span> <span class='ocrx_word' id='word_1_640' title='bbox 2995 3370 3179 3441; x_wconf 82' lang='grc' dir='ltr'>βάρεις</span> <span class='ocrx_word' id='word_1_641' title='bbox 3212 3373 3262 3424; x_wconf 89' lang='grc' dir='ltr'><strong>οί</strong></span> <span class='ocrx_word' id='word_1_642' title='bbox 3306 3374 3530 3442; x_wconf 83' lang='grc' dir='ltr'>μεγάλοι</span> <span class='ocrx_word' id='word_1_643' title='bbox 3580 3375 3697 3432; x_wconf 69' lang='grc' dir='ltr'>καὶ,</span> 
     </span>
    </p>
   </div>
   <div class='ocr_carea' id='block_1_93' title="bbox 2105 3453 3686 3536">
    <p class='ocr_par' dir='ltr' id='par_1_93' title="bbox 2105 3453 3686 3536">
     <span class='ocr_line' id='line_1_93' title="bbox 2105 3453 3686 3536; baseline 0.007 -30"><span class='ocrx_word' id='word_1_644' title='bbox 2105 3453 2372 3525; x_wconf 81' lang='grc' dir='ltr'>ἐξαίρετοι</span> <span class='ocrx_word' id='word_1_645' title='bbox 2396 3461 2492 3529; x_wconf 84' lang='grc' dir='ltr'>τῆς</span> <span class='ocrx_word' id='word_1_646' title='bbox 2521 3458 2617 3512; x_wconf 84' lang='grc' dir='ltr'><strong>τοῦ</strong></span> <span class='ocrx_word' id='word_1_647' title='bbox 2645 3459 2780 3512; x_wconf 91' lang='grc' dir='ltr'>Θεοῦ</span> <span class='ocrx_word' id='word_1_648' title='bbox 2813 3459 3018 3523; x_wconf 87' lang='grc' dir='ltr'>πόλεως</span> <span class='ocrx_word' id='word_1_649' title='bbox 3043 3461 3092 3513; x_wconf 87' lang='grc' dir='ltr'>οἱ</span> <span class='ocrx_word' id='word_1_650' title='bbox 3121 3464 3178 3514; x_wconf 91' lang='grc' dir='ltr'><strong>ἐν</strong></span> <span class='ocrx_word' id='word_1_651' title='bbox 3211 3463 3345 3533; x_wconf 82' lang='grc' dir='ltr'>αὐτῇ</span> <span class='ocrx_word' id='word_1_652' title='bbox 3374 3464 3686 3536; x_wconf 58' lang='grc' dir='ltr'>ὑπερέχονς</span> 
     </span>
    </p>
   </div>
   <div class='ocr_carea' id='block_1_94' title="bbox 2104 3543 2436 3609">
    <p class='ocr_par' dir='ltr' id='par_1_94' title="bbox 2104 3543 2436 3609">
     <span class='ocr_line' id='line_1_94' title="bbox 2104 3543 2436 3609; baseline 0.015 -11"><span class='ocrx_word' id='word_1_653' title='bbox 2104 3563 2192 3609; x_wconf 80' lang='grc' dir='ltr'><strong>τες</strong></span> <span class='ocrx_word' id='word_1_654' title='bbox 2218 3543 2325 3600; x_wconf 85' lang='grc' dir='ltr'>εἷεν</span> <span class='ocrx_word' id='word_1_655' title='bbox 2351 3550 2436 3602; x_wconf 78' lang='grc' dir='ltr'>ἄν.</span> 
     </span>
    </p>
   </div>
   <div class='ocr_carea' id='block_1_95' title="bbox 2175 3639 3678 3716">
    <p class='ocr_par' dir='ltr' id='par_1_95' title="bbox 2175 3639 3678 3716">
     <span class='ocr_line' id='line_1_95' title="bbox 2175 3639 3678 3716; baseline 0.009 -25"><span class='ocrx_word' id='word_1_656' title='bbox 2175 3639 2305 3692; x_wconf 88' lang='grc' dir='ltr'>Ὅτι</span> <span class='ocrx_word' id='word_1_657' title='bbox 2336 3641 2466 3694; x_wconf 80' lang='grc' dir='ltr'>ίδοὺ</span> <span class='ocrx_word' id='word_1_658' title='bbox 2489 3645 2542 3696; x_wconf 86' lang='grc' dir='ltr'><strong>οί</strong></span> <span class='ocrx_word' id='word_1_659' title='bbox 2555 3643 2837 3710; x_wconf 74' lang='grc' dir='ltr'>βασιλεῖς</span> <span class='ocrx_word' id='word_1_660' title='bbox 2875 3644 2984 3714; x_wconf 85' lang='grc' dir='ltr'><strong>τῆς</strong></span> <span class='ocrx_word' id='word_1_661' title='bbox 3007 3645 3119 3716; x_wconf 73' lang='grc' dir='ltr'><strong>γῆς</strong></span> <span class='ocrx_word' id='word_1_662' title='bbox 3144 3646 3564 3716; x_wconf 84' lang='grc' dir='ltr'>συνήχθησαν.</span> <span class='ocrx_word' id='word_1_663' title='bbox 3612 3650 3678 3704; x_wconf 85' lang='lat'><strong>&#39;0</strong></span> 
     </span>
    </p>
   </div>
   <div class='ocr_carea' id='block_1_96' title="bbox 2105 3732 3682 3813">
    <p class='ocr_par' dir='ltr' id='par_1_96' title="bbox 2105 3732 3682 3813">
     <span class='ocr_line' id='line_1_96' title="bbox 2105 3732 3682 3813; baseline 0.007 -28"><span class='ocrx_word' id='word_1_664' title='bbox 2105 3732 2338 3804; x_wconf 80' lang='grc' dir='ltr'>πόλεμος</span> <span class='ocrx_word' id='word_1_665' title='bbox 2362 3737 2390 3787; x_wconf 88' lang='grc' dir='ltr'><strong>ό</strong></span> <span class='ocrx_word' id='word_1_666' title='bbox 2413 3735 2550 3789; x_wconf 85' lang='grc' dir='ltr'><strong>κατὰ</strong></span> <span class='ocrx_word' id='word_1_667' title='bbox 2575 3737 2682 3789; x_wconf 80' lang='grc' dir='ltr'><strong>τῶν</strong></span> <span class='ocrx_word' id='word_1_668' title='bbox 2715 3740 3026 3793; x_wconf 82' lang='grc' dir='ltr'>ἀποστόλων</span> <span class='ocrx_word' id='word_1_669' title='bbox 3059 3741 3145 3794; x_wconf 83' lang='grc' dir='ltr'>διὰ</span> <span class='ocrx_word' id='word_1_670' title='bbox 3191 3741 3252 3793; x_wconf 85' lang='grc' dir='ltr'><strong>τὸ</strong></span> <span class='ocrx_word' id='word_1_671' title='bbox 3291 3745 3550 3813; x_wconf 82' lang='grc' dir='ltr'>κήρυγμα</span> <span class='ocrx_word' id='word_1_672' title='bbox 3587 3759 3682 3810; x_wconf 80' lang='grc' dir='ltr'>γε-</span> 
     </span>
    </p>
   </div>
   <div class='ocr_carea' id='block_1_97' title="bbox 2103 3823 3674 3900">
    <p class='ocr_par' dir='ltr' id='par_1_97' title="bbox 2103 3823 3674 3900">
     <span class='ocr_line' id='line_1_97' title="bbox 2103 3823 3674 3900; baseline 0.006 -24"><span class='ocrx_word' id='word_1_673' title='bbox 2103 3823 2328 3894; x_wconf 88' lang='grc' dir='ltr'>νόμενος</span> <span class='ocrx_word' id='word_1_674' title='bbox 2361 3826 2467 3878; x_wconf 83' lang='grc' dir='ltr'><strong>ὑπὸ</strong></span> <span class='ocrx_word' id='word_1_675' title='bbox 2486 3826 2592 3880; x_wconf 84' lang='grc' dir='ltr'><strong>τῶν</strong></span> <span class='ocrx_word' id='word_1_676' title='bbox 2617 3829 2888 3899; x_wconf 81' lang='grc' dir='ltr'>αἰσθητῶν</span> <span class='ocrx_word' id='word_1_677' title='bbox 2916 3830 3178 3900; x_wconf 83' lang='grc' dir='ltr'>βασιλέων</span> <span class='ocrx_word' id='word_1_678' title='bbox 3207 3830 3313 3884; x_wconf 85' lang='grc' dir='ltr'><strong>τῶν</strong></span> <span class='ocrx_word' id='word_1_679' title='bbox 3359 3831 3549 3896; x_wconf 83' lang='grc' dir='ltr'>ἐθνῶν,</span> <span class='ocrx_word' id='word_1_680' title='bbox 3576 3834 3674 3886; x_wconf 76' lang='grc' dir='ltr'><strong>καὶ</strong></span> 
     </span>
    </p>
   </div>
   <div class='ocr_carea' id='block_1_98' title="bbox 2105 3913 3668 3991">
    <p class='ocr_par' dir='ltr' id='par_1_98' title="bbox 2105 3913 3668 3991">
     <span class='ocr_line' id='line_1_98' title="bbox 2105 3913 3668 3991; baseline 0.006 -26"><span class='ocrx_word' id='word_1_681' title='bbox 2105 3913 2209 3985; x_wconf 76' lang='grc' dir='ltr'>μὴν</span> <span class='ocrx_word' id='word_1_682' title='bbox 2238 3916 2332 3969; x_wconf 79' lang='grc' dir='ltr'><strong>καὶ</strong></span> <span class='ocrx_word' id='word_1_683' title='bbox 2363 3917 2472 3969; x_wconf 79' lang='grc' dir='ltr'>τῶν</span> <span class='ocrx_word' id='word_1_684' title='bbox 2500 3919 2741 3989; x_wconf 87' lang='grc' dir='ltr'>ἀοράτων</span> <span class='ocrx_word' id='word_1_685' title='bbox 2766 3919 3030 3989; x_wconf 80' lang='grc' dir='ltr'>δαιμόνων</span> <span class='ocrx_word' id='word_1_686' title='bbox 3055 3921 3162 3973; x_wconf 85' lang='grc' dir='ltr'><strong>τῶν</strong></span> <span class='ocrx_word' id='word_1_687' title='bbox 3211 3921 3376 3974; x_wconf 74' lang='grc' dir='ltr'>πάλαι</span> <span class='ocrx_word' id='word_1_688' title='bbox 3414 3921 3668 3991; x_wconf 80' lang='grc' dir='ltr'>βασιλευ-</span> 
     </span>
    </p>
   </div>
   <div class='ocr_carea' id='block_1_99' title="bbox 2100 4005 3671 4082">
    <p class='ocr_par' dir='ltr' id='par_1_99' title="bbox 2100 4005 3671 4082">
     <span class='ocr_line' id='line_1_99' title="bbox 2100 4005 3671 4082; baseline 0.007 -25"><span class='ocrx_word' id='word_1_689' title='bbox 2100 4005 2286 4071; x_wconf 85' lang='grc' dir='ltr'>όντων,</span> <span class='ocrx_word' id='word_1_690' title='bbox 2308 4007 2520 4079; x_wconf 75' lang='grc' dir='ltr'>διελύθη</span> <span class='ocrx_word' id='word_1_691' title='bbox 2545 4011 2636 4062; x_wconf 80' lang='grc' dir='ltr'>καὶ</span> <span class='ocrx_word' id='word_1_692' title='bbox 2668 4011 2956 4082; x_wconf 71' lang='grc' dir='ltr'>ἠφανίσθη.</span> <span class='ocrx_word' id='word_1_693' title='bbox 2987 4013 3164 4068; x_wconf 77' lang='grc' dir='ltr'>Αὐτοὶ</span> <span class='ocrx_word' id='word_1_694' title='bbox 3207 4013 3434 4079; x_wconf 79' lang='grc' dir='ltr'>ἰδόντες</span> <span class='ocrx_word' id='word_1_695' title='bbox 3479 4015 3671 4081; x_wconf 81' lang='grc' dir='ltr'>οὓτως</span> 
     </span>
    </p>
   </div>
   <div class='ocr_carea' id='block_1_100' title="bbox 2098 4099 3668 4178">
    <p class='ocr_par' dir='ltr' id='par_1_100' title="bbox 2098 4099 3668 4178">
     <span class='ocr_line' id='line_1_100' title="bbox 2098 4099 3668 4178; baseline 0.006 -28"><span class='ocrx_word' id='word_1_696' title='bbox 2098 4099 2466 4164; x_wconf 82' lang='grc' dir='ltr'>ἐθαύμασαν.</span> <span class='ocrx_word' id='word_1_697' title='bbox 2504 4103 2976 4174; x_wconf 85' lang='grc' dir='ltr'>Κατεπλάγησαν,</span> <span class='ocrx_word' id='word_1_698' title='bbox 3033 4106 3185 4177; x_wconf 75' lang='grc' dir='ltr'>φησὶ,</span> <span class='ocrx_word' id='word_1_699' title='bbox 3226 4109 3318 4160; x_wconf 73' lang='grc' dir='ltr'><strong>καὶ</strong></span> <span class='ocrx_word' id='word_1_700' title='bbox 3367 4106 3668 4178; x_wconf 80' lang='grc' dir='ltr'>ἐξέστησαν</span> 
     </span>
    </p>
   </div>
   <div class='ocr_carea' id='block_1_101' title="bbox 2096 4189 3669 4267">
    <p class='ocr_par' dir='ltr' id='par_1_101' title="bbox 2096 4189 3669 4267">
     <span class='ocr_line' id='line_1_101' title="bbox 2096 4189 3669 4267; baseline 0.006 -25"><span class='ocrx_word' id='word_1_701' title='bbox 2096 4189 2194 4260; x_wconf 79' lang='grc' dir='ltr'><strong>τὴν</strong></span> <span class='ocrx_word' id='word_1_702' title='bbox 2232 4192 2528 4262; x_wconf 82' lang='grc' dir='ltr'>γενομένην</span> <span class='ocrx_word' id='word_1_703' title='bbox 2579 4192 2826 4266; x_wconf 83' lang='grc' dir='ltr'>βοήθειαν</span> <span class='ocrx_word' id='word_1_704' title='bbox 2860 4197 3009 4267; x_wconf 80' lang='grc' dir='ltr'>παρὰ</span> <span class='ocrx_word' id='word_1_705' title='bbox 3059 4195 3154 4248; x_wconf 87' lang='grc' dir='ltr'><strong>τοῦ</strong></span> <span class='ocrx_word' id='word_1_706' title='bbox 3185 4197 3316 4250; x_wconf 87' lang='grc' dir='ltr'>Θεοῦ</span> <span class='ocrx_word' id='word_1_707' title='bbox 3340 4201 3450 4260; x_wconf 85' lang='grc' dir='ltr'>τοῖς</span> <span class='ocrx_word' id='word_1_708' title='bbox 3491 4199 3669 4267; x_wconf 81' lang='grc' dir='ltr'>ἁγίοις</span> 
     </span>
    </p>
   </div>
   <div class='ocr_carea' id='block_1_102' title="bbox 2098 4279 3664 4360">
    <p class='ocr_par' dir='ltr' id='par_1_102' title="bbox 2098 4279 3664 4360">
     <span class='ocr_line' id='line_1_102' title="bbox 2098 4279 3664 4360; baseline 0.008 -28"><span class='ocrx_word' id='word_1_709' title='bbox 2098 4279 2442 4351; x_wconf 85' lang='grc' dir='ltr'>θεωροῦντες.</span> <span class='ocrx_word' id='word_1_710' title='bbox 2477 4285 2937 4355; x_wconf 82' lang='grc' dir='ltr'>Ἐταράχθησαν,</span> <span class='ocrx_word' id='word_1_711' title='bbox 2976 4289 3418 4356; x_wconf 81' lang='grc' dir='ltr'>ἐσαλεύθησιιν,</span> <span class='ocrx_word' id='word_1_712' title='bbox 3449 4292 3664 4360; x_wconf 77' lang='grc' dir='ltr'>τρόμος</span> 
     </span>
    </p>
   </div>
   <div class='ocr_carea' id='block_1_103' title="bbox 2095 4373 3663 4453">
    <p class='ocr_par' dir='ltr' id='par_1_103' title="bbox 2095 4373 3663 4453">
     <span class='ocr_line' id='line_1_103' title="bbox 2095 4373 3663 4453; baseline 0.007 -28"><span class='ocrx_word' id='word_1_713' title='bbox 2095 4373 2419 4428; x_wconf 82' lang='grc' dir='ltr'>ἐπελάϐετο</span> <span class='ocrx_word' id='word_1_714' title='bbox 2457 4379 2695 4443; x_wconf 82' lang='grc' dir='ltr'>αὐτούς.</span> <span class='ocrx_word' id='word_1_715' title='bbox 2763 4379 2825 4430; x_wconf 87' lang='grc' dir='ltr'>Ἡ</span> <span class='ocrx_word' id='word_1_716' title='bbox 2857 4379 2965 4451; x_wconf 78' lang='grc' dir='ltr'><strong>γὰρ</strong></span> <span class='ocrx_word' id='word_1_717' title='bbox 2999 4381 3271 4452; x_wconf 79' lang='grc' dir='ltr'>ὑπερϐολὴ</span> <span class='ocrx_word' id='word_1_718' title='bbox 3331 4383 3429 4452; x_wconf 78' lang='grc' dir='ltr'>τῆς</span> <span class='ocrx_word' id='word_1_719' title='bbox 3479 4384 3663 4453; x_wconf 77' lang='grc' dir='ltr'>ἰσχύος</span> 
     </span>
    </p>
   </div>
   <div class='ocr_carea' id='block_1_104' title="bbox 2024 4463 3664 4548">
    <p class='ocr_par' dir='ltr' id='par_1_104' title="bbox 2024 4463 3664 4548">
     <span class='ocr_line' id='line_1_104' title="bbox 2024 4463 3664 4548; baseline 0.009 -34"><span class='ocrx_word' id='word_1_720' title='bbox 2024 4472 2072 4526; x_wconf 85' lang='lat'><strong>1)</strong></span> <span class='ocrx_word' id='word_1_721' title='bbox 2093 4463 2187 4516; x_wconf 88' lang='grc' dir='ltr'><strong>τοῦ</strong></span> <span class='ocrx_word' id='word_1_722' title='bbox 2221 4464 2503 4532; x_wconf 78' lang='grc' dir='ltr'>σώζοντος,</span> <span class='ocrx_word' id='word_1_723' title='bbox 2531 4469 2590 4521; x_wconf 81' lang='grc' dir='ltr'><strong>τὸ</strong></span> <span class='ocrx_word' id='word_1_724' title='bbox 2630 4468 2812 4540; x_wconf 90' lang='grc' dir='ltr'>θαῦμα</span> <span class='ocrx_word' id='word_1_725' title='bbox 2845 4471 3026 4536; x_wconf 80' lang='grc' dir='ltr'>αὐτοῖς</span> <span class='ocrx_word' id='word_1_726' title='bbox 3067 4474 3160 4526; x_wconf 74' lang='grc' dir='ltr'><strong>καὶ</strong></span> <span class='ocrx_word' id='word_1_727' title='bbox 3186 4474 3284 4544; x_wconf 80' lang='grc' dir='ltr'>τὴν</span> <span class='ocrx_word' id='word_1_728' title='bbox 3325 4475 3664 4548; x_wconf 74' lang='grc' dir='ltr'>κατάπληξιν</span> 
     </span>
    </p>
   </div>
   <div class='ocr_carea' id='block_1_105' title="bbox 2095 4554 2398 4626">
    <p class='ocr_par' dir='ltr' id='par_1_105' title="bbox 2095 4554 2398 4626">
     <span class='ocr_line' id='line_1_105' title="bbox 2095 4554 2398 4626; baseline 0.017 -21"><span class='ocrx_word' id='word_1_729' title='bbox 2095 4554 2398 4626; x_wconf 75' lang='grc' dir='ltr'>εἴργασται.</span> 
     </span>
    </p>
   </div>
   <div class='ocr_carea' id='block_1_106' title="bbox 2175 4649 3660 4725">
    <p class='ocr_par' dir='ltr' id='par_1_106' title="bbox 2175 4649 3660 4725">
     <span class='ocr_line' id='line_1_106' title="bbox 2175 4649 3660 4725; baseline 0.006 -24"><span class='ocrx_word' id='word_1_730' title='bbox 2175 4649 2279 4701; x_wconf 87' lang='grc' dir='ltr'>Ἐν</span> <span class='ocrx_word' id='word_1_731' title='bbox 2304 4650 2589 4718; x_wconf 83' lang='grc' dir='ltr'>πνεύματι</span> <span class='ocrx_word' id='word_1_732' title='bbox 2611 4651 2790 4720; x_wconf 75' lang='grc' dir='ltr'>βιαίῳ</span> <span class='ocrx_word' id='word_1_733' title='bbox 2810 4656 3160 4724; x_wconf 69' lang='grc' dir='ltr'>συντρίψεις</span> <span class='ocrx_word' id='word_1_734' title='bbox 3179 4657 3358 4710; x_wconf 78' lang='grc' dir='ltr'>πλοῖα</span> <span class='ocrx_word' id='word_1_735' title='bbox 3383 4659 3660 4725; x_wconf 84' lang='grc' dir='ltr'>Θαρσεῖς,</span> 
     </span>
    </p>
   </div>
   <div class='ocr_carea' id='block_1_107' title="bbox 2091 4737 3660 4819">
    <p class='ocr_par' dir='ltr' id='par_1_107' title="bbox 2091 4737 3660 4819">
     <span class='ocr_line' id='line_1_107' title="bbox 2091 4737 3660 4819; baseline 0.008 -30"><span class='ocrx_word' id='word_1_736' title='bbox 2091 4737 2303 4801; x_wconf 86' lang='grc' dir='ltr'>Πλοίοις</span> <span class='ocrx_word' id='word_1_737' title='bbox 2335 4738 2584 4808; x_wconf 85' lang='grc' dir='ltr'>Θαρσεῖς,</span> <span class='ocrx_word' id='word_1_738' title='bbox 2619 4743 2779 4796; x_wconf 76' lang='grc' dir='ltr'>οἱονεὶ</span> <span class='ocrx_word' id='word_1_739' title='bbox 2808 4745 3120 4816; x_wconf 83' lang='grc' dir='ltr'>πολυτίμοις</span> <span class='ocrx_word' id='word_1_740' title='bbox 3147 4748 3239 4800; x_wconf 79' lang='grc' dir='ltr'>καὶ</span> <span class='ocrx_word' id='word_1_741' title='bbox 3265 4748 3624 4819; x_wconf 82' lang='grc' dir='ltr'>πολυφόρτοις</span> <span class='ocrx_word' id='word_1_742' title='bbox 3645 4791 3660 4814; x_wconf 88' lang='grc'><strong>,</strong></span> 
     </span>
    </p>
   </div>
   <div class='ocr_carea' id='block_1_108' title="bbox 2089 4827 3659 4906">
    <p class='ocr_par' dir='ltr' id='par_1_108' title="bbox 2089 4827 3659 4906">
     <span class='ocr_line' id='line_1_108' title="bbox 2089 4827 3659 4906; baseline 0.01 -27"><span class='ocrx_word' id='word_1_743' title='bbox 2089 4827 2214 4888; x_wconf 66' lang='grc' dir='ltr'>τοὺς</span> <span class='ocrx_word' id='word_1_744' title='bbox 2254 4827 2488 4896; x_wconf 84' lang='grc' dir='ltr'>βασιλεῖς</span> <span class='ocrx_word' id='word_1_745' title='bbox 2523 4831 2862 4902; x_wconf 77' lang='grc' dir='ltr'>παρεικάζει.</span> <span class='ocrx_word' id='word_1_746' title='bbox 2895 4834 3118 4905; x_wconf 84' lang='grc' dir='ltr'>Πνεῦμα</span> <span class='ocrx_word' id='word_1_747' title='bbox 3165 4836 3222 4888; x_wconf 85' lang='grc' dir='ltr'><strong>δέ</strong></span> <span class='ocrx_word' id='word_1_748' title='bbox 3257 4837 3450 4906; x_wconf 85' lang='grc' dir='ltr'>βίαιον,</span> <span class='ocrx_word' id='word_1_749' title='bbox 3492 4838 3561 4891; x_wconf 85' lang='grc' dir='ltr'>δι’</span> <span class='ocrx_word' id='word_1_750' title='bbox 3598 4835 3659 4894; x_wconf 76' lang='grc' dir='ltr'>οὗ</span> 
     </span>
    </p>
   </div>
   <div class='ocr_carea' id='block_1_109' title="bbox 2089 4916 3657 4995">
    <p class='ocr_par' dir='ltr' id='par_1_109' title="bbox 2089 4916 3657 4995">
     <span class='ocr_line' id='line_1_109' title="bbox 2089 4916 3657 4995; baseline 0.01 -28"><span class='ocrx_word' id='word_1_751' title='bbox 2089 4916 2285 4980; x_wconf 85' lang='grc' dir='ltr'>αὐτοὺς</span> <span class='ocrx_word' id='word_1_752' title='bbox 2308 4919 2610 4990; x_wconf 76' lang='grc' dir='ltr'>συνέτριψε,</span> <span class='ocrx_word' id='word_1_753' title='bbox 2643 4923 2856 4992; x_wconf 79' lang='grc' dir='ltr'>νοήσεις</span> <span class='ocrx_word' id='word_1_754' title='bbox 2877 4921 3028 4987; x_wconf 85' lang='grc' dir='ltr'>τινὰς</span> <span class='ocrx_word' id='word_1_755' title='bbox 3062 4923 3319 4995; x_wconf 89' lang='grc' dir='ltr'>δυνάμεις</span> <span class='ocrx_word' id='word_1_756' title='bbox 3339 4926 3407 4980; x_wconf 89' lang='grc' dir='ltr'>δι’</span> <span class='ocrx_word' id='word_1_757' title='bbox 3426 4921 3504 4981; x_wconf 83' lang='grc' dir='ltr'>ὧν</span> <span class='ocrx_word' id='word_1_758' title='bbox 3531 4931 3657 4992; x_wconf 83' lang='grc' dir='ltr'>τοὺς</span> 
     </span>
    </p>
   </div>
   <div class='ocr_carea' id='block_1_110' title="bbox 2086 5007 3255 5087">
    <p class='ocr_par' dir='ltr' id='par_1_110' title="bbox 2086 5007 3255 5087">
     <span class='ocr_line' id='line_1_110' title="bbox 2086 5007 3255 5087; baseline 0.009 -29"><span class='ocrx_word' id='word_1_759' title='bbox 2086 5007 2313 5079; x_wconf 79' lang='grc' dir='ltr'>ἐχθροὺς</span> <span class='ocrx_word' id='word_1_760' title='bbox 2339 5008 2448 5063; x_wconf 84' lang='grc' dir='ltr'><strong>τῶν</strong></span> <span class='ocrx_word' id='word_1_761' title='bbox 2477 5011 2788 5066; x_wconf 87' lang='grc' dir='ltr'>ἀποστόλων</span> <span class='ocrx_word' id='word_1_762' title='bbox 2817 5014 3255 5087; x_wconf 83' lang='grc' dir='ltr'>κατεπολέμησεν</span> 
     </span>
    </p>
   </div>
   <div class='ocr_carea' id='block_1_111' title="bbox 2150 5213 3648 5297">
    <p class='ocr_par' dir='ltr' id='par_1_111' title="bbox 2150 5213 3648 5297">
     <span class='ocr_line' id='line_1_111' title="bbox 2150 5213 3648 5297; baseline 0.009 -31"><span class='ocrx_word' id='word_1_763' title='bbox 2150 5213 2426 5283; x_wconf 77' lang='grc' dir='ltr'>Καθάπερ</span> <span class='ocrx_word' id='word_1_764' title='bbox 2449 5216 2818 5286; x_wconf 73' lang='grc' dir='ltr'>ἠκούσαμεν,</span> <span class='ocrx_word' id='word_1_765' title='bbox 2846 5217 3033 5286; x_wconf 84' lang='grc' dir='ltr'>οὕτως</span> <span class='ocrx_word' id='word_1_766' title='bbox 3052 5219 3308 5290; x_wconf 77' lang='grc' dir='ltr'>εἴδομεν.</span> <span class='ocrx_word' id='word_1_767' title='bbox 3351 5225 3452 5278; x_wconf 86' lang='grc' dir='ltr'>Ἦν</span> <span class='ocrx_word' id='word_1_768' title='bbox 3479 5229 3648 5297; x_wconf 84' lang='grc' dir='ltr'>ἐπηγ-</span> 
     </span>
    </p>
   </div>
   <div class='ocr_carea' id='block_1_112' title="bbox 2078 5303 3650 5389">
    <p class='ocr_par' dir='ltr' id='par_1_112' title="bbox 2078 5303 3650 5389">
     <span class='ocr_line' id='line_1_112' title="bbox 2078 5303 3650 5389; baseline 0.01 -32"><span class='ocrx_word' id='word_1_769' title='bbox 2078 5305 2262 5374; x_wconf 83' lang='grc' dir='ltr'>γείλω,</span> <span class='ocrx_word' id='word_1_770' title='bbox 2297 5309 2482 5378; x_wconf 75' lang='grc' dir='ltr'>φησὶν,</span> <span class='ocrx_word' id='word_1_771' title='bbox 2513 5303 2557 5362; x_wconf 84' lang='grc' dir='ltr'><strong>ὦ</strong></span> <span class='ocrx_word' id='word_1_772' title='bbox 2577 5310 2838 5376; x_wconf 71' lang='grc' dir='ltr'>Δέσποτα,</span> <span class='ocrx_word' id='word_1_773' title='bbox 2871 5312 3142 5384; x_wconf 88' lang='grc' dir='ltr'>σωτηρίαν</span> <span class='ocrx_word' id='word_1_774' title='bbox 3163 5317 3314 5385; x_wconf 86' lang='grc' dir='ltr'>ημῖν.</span> <span class='ocrx_word' id='word_1_775' title='bbox 3345 5316 3552 5389; x_wconf 76' lang='grc' dir='ltr'>ταύτην</span> <span class='ocrx_word' id='word_1_776' title='bbox 3581 5319 3650 5372; x_wconf 85' lang='grc' dir='ltr'>δι’</span> 
     </span>
    </p>
   </div>
   <div class='ocr_carea' id='block_1_113' title="bbox 2079 5397 3649 5479">
    <p class='ocr_par' dir='ltr' id='par_1_113' title="bbox 2079 5397 3649 5479">
     <span class='ocr_line' id='line_1_113' title="bbox 2079 5397 3649 5479; baseline 0.011 -30"><span class='ocrx_word' id='word_1_777' title='bbox 2079 5397 2252 5468; x_wconf 78' lang='grc' dir='ltr'>ἔργων</span> <span class='ocrx_word' id='word_1_778' title='bbox 2273 5399 2594 5471; x_wconf 86' lang='grc' dir='ltr'>τεθεάμεθα.</span> <span class='ocrx_word' id='word_1_779' title='bbox 2622 5404 2726 5456; x_wconf 86' lang='grc' dir='ltr'>Ἐν</span> <span class='ocrx_word' id='word_1_780' title='bbox 2747 5404 2920 5458; x_wconf 78' lang='grc' dir='ltr'>πόλει</span> <span class='ocrx_word' id='word_1_781' title='bbox 2939 5408 3160 5473; x_wconf 83' lang='grc' dir='ltr'>Κυρίου</span> <span class='ocrx_word' id='word_1_782' title='bbox 3181 5408 3296 5462; x_wconf 85' lang='grc' dir='ltr'>τῶν</span> <span class='ocrx_word' id='word_1_783' title='bbox 3312 5409 3649 5479; x_wconf 77' lang='grc' dir='ltr'>δυνάμεων,</span> 
     </span>
    </p>
   </div>
   <div class='ocr_carea' id='block_1_114' title="bbox 2077 5489 3647 5573">
    <p class='ocr_par' dir='ltr' id='par_1_114' title="bbox 2077 5489 3647 5573">
     <span class='ocr_line' id='line_1_114' title="bbox 2077 5489 3647 5573; baseline 0.012 -32"><span class='ocrx_word' id='word_1_784' title='bbox 2077 5489 2146 5542; x_wconf 83' lang='grc' dir='ltr'>ἐν</span> <span class='ocrx_word' id='word_1_785' title='bbox 2198 5492 2372 5545; x_wconf 76' lang='grc' dir='ltr'>πόλει</span> <span class='ocrx_word' id='word_1_786' title='bbox 2401 5493 2507 5547; x_wconf 84' lang='grc' dir='ltr'><strong>τοῦ</strong></span> <span class='ocrx_word' id='word_1_787' title='bbox 2560 5494 2708 5549; x_wconf 87' lang='grc' dir='ltr'>Θεοῦ</span> <span class='ocrx_word' id='word_1_788' title='bbox 2754 5495 2941 5565; x_wconf 78' lang='grc' dir='ltr'>ήμῶν.</span> <span class='ocrx_word' id='word_1_789' title='bbox 2973 5500 3144 5553; x_wconf 85' lang='grc' dir='ltr'>Ὅπου</span> <span class='ocrx_word' id='word_1_790' title='bbox 3189 5502 3287 5572; x_wconf 78' lang='grc' dir='ltr'><strong>τὴν</strong></span> <span class='ocrx_word' id='word_1_791' title='bbox 3311 5505 3647 5573; x_wconf 84' lang='grc' dir='ltr'>ἐπαγγελίαν</span> 
     </span>
    </p>
   </div>
   <div class='ocr_carea' id='block_1_115' title="bbox 2077 5577 3644 5670">
    <p class='ocr_par' dir='ltr' id='par_1_115' title="bbox 2077 5577 3644 5670">
     <span class='ocr_line' id='line_1_115' title="bbox 2077 5577 3644 5670; baseline 0.012 -36"><span class='ocrx_word' id='word_1_792' title='bbox 2077 5577 2213 5636; x_wconf 77' lang='grc' dir='ltr'>εἶδον</span> <span class='ocrx_word' id='word_1_793' title='bbox 2237 5581 2615 5656; x_wconf 84' lang='grc' dir='ltr'>πληρωθεῖσαν</span> <span class='ocrx_word' id='word_1_794' title='bbox 2657 5589 2926 5659; x_wconf 85' lang='grc' dir='ltr'>σημαίνει.</span> <span class='ocrx_word' id='word_1_795' title='bbox 2955 5591 3062 5646; x_wconf 87' lang='grc' dir='ltr'>Ποῦ</span> <span class='ocrx_word' id='word_1_796' title='bbox 3092 5592 3148 5645; x_wconf 83' lang='grc' dir='ltr'>δὲ</span> <span class='ocrx_word' id='word_1_797' title='bbox 3168 5593 3200 5664; x_wconf 77' lang='grc' dir='ltr'>ἢ</span> <span class='ocrx_word' id='word_1_798' title='bbox 3223 5595 3279 5646; x_wconf 79' lang='grc' dir='ltr'><strong>ἐν</strong></span> <span class='ocrx_word' id='word_1_799' title='bbox 3307 5597 3372 5665; x_wconf 77' lang='grc' dir='ltr'>τῇ</span> <span class='ocrx_word' id='word_1_800' title='bbox 3415 5597 3644 5670; x_wconf 68' lang='grc' dir='ltr'>Ἐκκλη-</span> 
     </span>
    </p>
   </div>
  </div>
