3872 6216
151 334 254 389 291

1235 332 1600 389 EXPOSlTlO
1636 335 1704 388 ΙΝ
1743 335 2072 393 PSALMUM
2118 336 2320 392 XLV".

3303 343 3409 393 δι’.ιᾶ

155 458 268 528 σία,
300 456 425 526 ἦτις
457 455 577 508 ἐστὶ
598 456 752 518 πόλις
781 453 873 507 τοῦ
915 453 1086 518 Θεοῦ;
1139 455 1202 508 '0
1245 456 1390 522 Θεὸς
1429 459 1734 526 ἐθεμελίω-

1847 475 1961 528 [ιυιε
1993 468 2076 515 est
2106 461 2300 514 civitas
2330 457 2464 513 Dei?
2493 457 2632 510 Deus
2656 458 3029 526 fundariteam
3052 461 3407 521 immeritum.

153 562 270 601 σεν
304 547 502 613 αὐτὴν
548 549 634 611 εις
674 545 879 600 αἰῶνα.
924 543 1147 616 Ὄμοιόν
1173 545 1250 616 τῷ
1282 548 1554 619 εἰρημένῳ
1587 549 1737 618 παρὰ

154 637 252 692 τοῦ
273 637 481 707 Κυρίου
499 653 511 664 ⁸
540 635 683 704 Ἐγὼ
713 634 813 688 ἐπὶ
837 634 951 702 τὴν
980 634 1203 704 πέτραν
1223 637 1735 708 οἰκοδομήσω.μου

155 729 274 797 τὴν
311 728 706 796 Ἐκκλησίαν.

240 823 254 842 '
267 820 668 890 Υπελὰϐομεν,
697 824 729 874 ὀ
757 820 920 886 Θεὸς,
939 821 1006 873 τὸ
1021 821 1193 886 ἔλεός
1207 835 1324 875 σου
1346 820 1416 876 ὲν
1442 821 1610 890 μέσῳ
1630 821 1735 875 τοῦ

155 913 308 967 ναοῦ
335 929 472 966 σου.
518 912 665 965 Ἀντί
696 911 810 975 τοῦ,
850 912 1194 983 τεθεάμεθα,
1233 914 1732 985 προσεδοκήσαμεν,

159 1005 342 1074 φησὶν,
385 1005 465 1065 εἰς
495 1003 710 1056 ἃπασαν
744 1002 842 1074 τὴν
875 1006 977 1074 γῆν
1001 1005 1062 1056 τὸ
1087 1003 1256 1074 ὄνομα
1280 1003 1372 1056 τοῦ
1416 1003 1552 1056 Θεοῦ
1577 1003 1734 1067 δοξα-

161 1094 516 1165 σθησόμενον,
565 1096 630 1146 ἐκ
666 1093 759 1147 τοῦ
792 1095 942 1147 ἐλέου
993 1096 1416 1166 τεκμαιρόμενοι
1464 1095 1537 1166 μὴ
1578 1112 1734 1165 περι-

155 1187 454 1256 οψομένους
482 1188 607 1250 τοὺς
643 1187 960 1257 ἀνθρώπους
1000 1189 1156 1252 ἐκτὸς
1183 1189 1276 1241 τοῦ
1325 1189 1540 1260 Ἰσραὴλ
1558 1227 1571 1250 ,
1599 1189 1737 1243 ἀλλὰ

155 1279 249 1331 καὶ
277 1278 729 1350 ἐγκαθιδρυμένοι
751 1281 900 1350 τόπῳ
921 1298 981 1332 τε
1005 1281 1097 1333 καὶ
1121 1280 1255 1350 ναῷ,
1277 1281 1368 1334 τὸν
1396 1283 1734 1351 παγκόσμιον

153 1369 464 1440 ἠλπίσαμεν
525 1371 671 1424 ἔλεον
695 1413 711 1435 ,
745 1373 947 1436 εἰδότες
1002 1373 1062 1425 τὸ
1092 1373 1264 1443 ὄνομα
1325 1391 1420 1426 σου
1450 1372 1738 1427 καθολικὸν

154 1459 250 1512 καὶ
283 1460 379 1512 ἐπὶ
406 1461 571 1513 πᾶσιν
597 1459 677 1513 δν.

224 1609 392 1664 Κατὰ
411 1610 479 1663 τὸ
515 1610 703 1680 ὄνομα
734 1627 872 1674 σου,
905 1614 938 1665 ὁ
970 1613 1135 1678 Θεὸς,
1159 1612 1346 1677 οὕτως
1369 1613 1466 1665 καὶ
1507 1612 1546 1678 ἡ
1579 1610 1738 1664 αἴνε-

155 1705 258 1772 σὲς
277 1722 414 1760 σου.
447 1705 618 1758 Τοῦτό
647 1723 798 1777 φησι,
833 1706 966 1759 διότι
1005 1709 1169 1760 πᾶσιν
1199 1705 1380 1768 ἁπλῶς
1410 1705 1504 1758 καὶ
1529 1706 1736 1775 ἀπροσ-

1839 548 2024 604 Simile
2054 551 2128 603 illi
2155 551 2299 604 dicto
2328 548 2537 602 Domini
2563 566 2576 603 :
2625 548 2795 602 Super
2835 551 2971 602 hanc
3009 559 3212 603 cetram
3234 551 3409 619 (ediﬁ-

1835 640 1962 694 cabo
1983 639 2275 694 Ecclesium
2301 657 2466 694 meam
2487 640 2551 694 ³⁸.

1908 797 1996 849 10.
2071 793 2430 863 Suscepinms,
2495 794 2659 859 Deus,
2708 795 3127 850 mtsericordiam
3178 804 3323 848 tuam
3351 795 3410 848 in

1837 887 2006 938 medio
2044 887 2222 955 templi
2251 888 2349 940 tui.
2386 885 2552 951 Quasi
2597 884 2744 939 dicat
2771 926 2785 949 ,
2814 885 3160 952 contemplati
3191 899 3404 946 sumus,

1835 981 2268 1047 exspectavimus
2297 979 2349 1031 in
2379 978 2631 1032 universa
2661 986 2802 1029 terra
2845 992 3038 1029 nomen
3079 975 3167 1028 Dei
3203 975 3408 1040 gloriﬁ-

1836 1081 2016 1126 catum
2066 1071 2153 1134 iri,
2183 1069 2572 1137 conjectantes,
2629 1085 2694 1122 ex
2728 1068 3104 1122 misericordia
3158 1067 3252 1120 Dei
3295 1083 3405 1122 non

1836 1165 2266 1218 contemnendos
2296 1179 2391 1217 eos
2416 1162 2508 1231 qui
2543 1171 2694 1216 extra
2729 1160 2980 1215 lsraelem
3027 1169 3230 1222 essent,
3271 1162 3406 1230 quin

1836 1256 1969 1310 etin
2013 1257 2133 1309 loco
2175 1265 2228 1308 et
2266 1256 2316 1307 in
2370 1254 2568 1322 templo
2618 1252 2919 1317 constituti,
2977 1251 3405 1304 misericordiam

1837 1347 1892 1401 in
1924 1349 2235 1402 universum
2262 1346 2448 1400 orbem
2502 1357 2648 1398 tuam
2679 1343 3020 1411 speravimus
3057 1360 3070 1396 :
3110 1343 3261 1408 gnari
3305 1356 3397 1394 no-

1836 1457 1960 1496 men
2022 1451 2176 1496 tuum
2217 1441 2284 1495 ad
2337 1453 2528 1494 omnes
2587 1437 2895 1508 pertingere
2938 1445 2992 1490 et
3049 1435 3106 1489 in
3147 1433 3404 1487 clunibus
3485 1466 3488 1469 -

1836 1548 1979 1588 esse.

1906 1623 1992 1678 11.
2049 1621 2350 1677 Secundum
2393 1638 2578 1676 nomen
2635 1630 2806 1685 tuum,
2858 1618 3018 1681 Deus,
3063 1617 3140 1670 ita
3181 1623 3231 1668 et
3288 1613 3405 1667 laus

1839 1722 1950 1767 tua.
1983 1712 2096 1768 Hoc
2118 1716 2192 1768 ait
2244 1717 2372 1784 quia
2433 1715 2690 1770 omnibus
2738 1714 3056 1783 simpliciter
3111 1721 3162 1766 et
3203 1711 3408 1776 absque

154 1796 494 1866 ωποληπτως
547 1796 748 1849 δέδωκε
802 1796 899 1867 τὴν
929 1796 1110 1868 χάριν,
1147 1795 1288 1849 κατᾶ
1313 1796 1373 1848 τὸ
1407 1795 1693 1866 εἰρημένον
1719 1811 1734 1825 ’

1847 1820 2192 1872 personarum
2226 1807 2539 1874 acceptione
2569 1808 2794 1874 gratiam
2829 1807 3055 1874 largitus
3085 1813 3186 1867 est,
3221 1810 3281 1856 ut
3323 1802 3409 1856 dic

168 1893 273 1944 Ἑν
290 1888 521 1959 Χριστῷ
566 1888 758 1957 Ἰησοῦ
791 1894 900 1944 οὐκ
928 1891 1018 1944 ἔνι
1048 1890 1288 1956 δοῦλος,
1330 1890 1472 1943 οὐδὲ
1496 1891 1735 1944 ἐλεύθε-

151 1999 278 2050 ρος.

225 2072 630 2140 Εὐφωνθήτω
655 2073 789 2139 ὄρος
815 2072 984 2127 Σιών.
1016 2075 1178 2144 Ὄρος
1213 2073 1381 2136 Σιὼν,
1423 2076 1456 2144 ἡ
1499 2075 1732 2145 Ἐκκλη-

156 2163 246 2217 σία
279 2164 540 2234 δηλονότι.
597 2165 704 2218 Καὶ
760 2165 1272 2234 ἁγαλλιάσθωσαν
1299 2170 1360 2220 αἱ
1419 2167 1736 2236 θυγατέρες

152 2257 263 2323 τῆς
326 2257 631 2323 Ἰουδαίας.
673 2258 989 2328 Θυγατέρας
1036 2259 1136 2330 τῆς
1196 2260 1450 2324 Ἰουδαίας
1490 2260 1589 2324 τὰς
1627 2259 1734 2313 τῶν

153 2349 328 2416 ἁγίων
375 2350 690 2402 ἀποστόλων
747 2346 884 2402 εἷναί
916 2366 1047 2420 φησι
1100 2351 1275 2420 ψυχάς
1301 2367 1313 2380 ο
1349 2347 1489 2420 ἦσαν
1539 2350 1647 2420 γὰρ
1677 2349 1735 2416 ἐξ

165 2442 456 2496 Ἰουδαίων.
510 2443 762 2495 Ἕνεκεν
811 2441 928 2494 τῶν
986 2443 1282 2510 χριμάτων
1332 2459 1488 2507 σου,
1536 2443 1732 2508 Κύριε.

152 2534 363 2597 Κρίνας
412 2533 512 2604 τὴν
567 2533 747 2603 κρίσιν
781 2533 887 2586 τῶν
944 2533 1136 2597 ἐθνῶν,
1171 2533 1441 2604 ὲξήλασας
1493 2531 1584 2587 τὸν
1613 2532 1732 2586 κατ’

149 2624 334 2678 αὐτῶν
361 2625 598 2694 πόλεμον
621 2624 728 2676 τῶν
755 2624 1041 2694 δαιμόνων.

221 2713 583 2769 Κυκλῶσατε
607 2712 777 2777 Σιὼν,
807 2715 904 2767 καὶ
937 2715 1281 2784 περιλὰϐετε
1301 2713 1514 2783 αὑτήν.
1549 2713 1736 2767 Ταῦτα

149 2807 214 2860 τὺ
241 2806 470 2876 Πνεῦμα
508 2807 566 2858 τὸ
596 2805 750 2874 ἂγιον
773 2809 884 2869 τοῖς
918 2807 1237 2870 ἀποστόλοις
1279 2805 1732 2878 παρακελεύεται,

148 2899 314 2951 οιονεὶ
351 2901 529 2967 τεῖχος
564 2898 756 2960 αὐτοὺς
801 2898 1050 2962 γενέσθαι
1083 2899 1183 2965 τῆς
1234 2899 1375 2950 Σιὼν
1398 2940 1412 2964 ,
1459 2898 1734 2950 τουτέστιν

149 2989 247 3042 τοῦ
299 2989 587 3053 θεοσεϐοῦς
629 2989 1041 3060 πολιτεύματος.
1083 2989 1463 3058 Διηγήσασθε
1492 2989 1562 3042 ἐν
1611 2989 1734 3056 τοῖς

148 3085 403 3151 πύργοις
455 3080 663 3149 αὐτῆς.
719 3082 828 3135 Καὶ
879 3082 1022 3146 τίνες
1056 3082 1121 3136 ἂν
1150 3079 1262 3136 εἶεν
1304 3083 1354 3136 οἱ
1405 3081 1604 3154 πύργοι
1635 3083 1732 3152 τῆς

1835 1905 1982 1950 ctum
2032 1905 2153 1951 est:
2190 1895 2258 1950 In
2309 1896 2522 1951 Clu-isto
2551 1895 2680 1950 Iesu
2733 1913 2837 1950 non
2881 1907 2959 1950 est
3010 1913 3207 1958 servus,
3244 1908 3410 1964 neque

1834 1988 1966 2041 liber
1986 1988 2052 2042 ⁸⁷.

1908 2081 1995 2136 12.
2069 2079 2301 2134 ιωιειιιν
2352 2097 2500 2134 mons
2550 2078 2699 2134 Sion.
2750 2081 2906 2135 Mons
2946 2081 3100 2143 Sion,
3162 2079 3403 2135 Ecclesia

1834 2172 2102 2226 videlicet.
2142 2172 2208 2225 Et
2242 2173 2506 2226 exsultent
2541 2174 2669 2242 filiae
2711 2173 2939 2229 Judaem.
2979 2174 3088 2245 (17)
3126 2172 3290 2228 Filias
3311 2169 3410 2225 Ju-

1836 2264 1964 2318 daear
1990 2265 2201 2319 animas
2229 2280 2349 2319 esse
2378 2266 2510 2318 dicit
2540 2266 2910 2331 apostolorum
2938 2283 2952 2331 ;
2999 2274 3155 2318 erant
3182 2265 3326 2317 enim
3372 2278 3404 2319 a

1835 2356 2036 2412 Judteis
2069 2360 2337 2426 prognati.
2376 2357 2601 2426 Propter
2620 2358 2830 2426 judicia
2861 2367 2974 2420 tua,
3002 2357 3242 2410 Domine.
3266 2355 3404 2410 Cum

1831 2449 2136 2518 judiCasses
2171 2449 2420 2505 videlicet
2445 2450 2686 2519 gentium
2735 2464 2981 2510 causam,
3017 2447 3275 2518 depulisti
3305 2447 3408 2502 da.»

1837 2557 2057 2596 ntonum
2093 2543 2289 2597 bellum
2315 2543 2579 2598 adversus
2612 2557 2709 2598 eos
2731 2541 3050 2596 excitatum.

1906 2717 1996 2772 15.
2051 2713 2388 2771 ϐίνείιήιάαιε
2411 2716 2631 2772 Sion'et
2663 2715 3072 2771 conmiectimini
3109 2731 3244 2768 eam.
3284 2711 3406 2767 ilice

1839 2806 2076 2876 Spiritus
2115 2820 2340 2864 sanctus
2383 2811 2538 2880 jubet
2591 2810 2895 2879 apostolis,
2939 2819 2996 2862 ut
3042 2808 3248 2862 scilicet
3298 2805 3408 2860 sint

1834 2903 2001 2956 veluti
2041 2919 2235 2958 murus
2271 2903 2491 2969 Sionis;
2539 2904 2590 2957 id
2622 2912 2706 2958 est
2733 2903 2969 2972 religiosi
2997 2901 3120 2954 vitae
3153 2898 3406 2954 instituti.

1839 2991 2072 3047 Narrate
2103 2996 2158 3047 in
2193 2994 2426 3048 turribus
2451 2993 2584 3061 ejus.
2627 2992 2863 3059 Quinam
2897 3007 3028 3048 vero
3066 2990 3268 3045 fuerint
3301 2988 3408 3044 Ec-

1836 3083 2012 3139 clesia:
2067 3090 2271 3148 turres,
2323 3085 2429 3138 nisi
2463 3085 2499 3137 ii
2552 3087 2646 3154 qui
2693 3083 2862 3139 variis
2910 3081 3242 3151 temporibus
3285 3079 3409 3151 ejus

161 3173 495 3244 Ἐκκλησίας
522 3174 554 3244 ἧ
595 3177 645 3226 οἱ
672 3173 811 3227 κατὰ
838 3176 1030 3246 καιρὸν
1055 3177 1224 3246 αὐτῆς
1244 3175 1537 3246 ἡγούμενοι
1567 3177 1661 3229 καὶ
1683 3179 1732 3230 οἱ

1847 3176 2004 3232 luces
2054 3175 2276 3243 fuerint,
2315 3188 2478 3247 atque
2519 3148 2671 3246 justi,
2725 3176 2880 3246 queis
2914 3148 3148 3244 apostoli
3183 3148 3409 3229 narrant

144 3265 374 3324 δίκαιοι,
402 3259 484 3327 οἷς
513 3265 607 3318 καὶ
639 3264 951 3334 διηγοῦνται
985 3266 1052 3320 τὰ
1087 3267 1352 3336 μεγαλεῖα
1389 3267 1484 3319 τοῦ
1524 3266 1657 3320 Θεοῦ
1683 3269 1737 3319 οἱ

146 3356 446 3410 ἀπόστολοι
468 3373 482 3419 ;

223 3445 387 3519 [Ταῖς
413 3448 513 3518 τὴν
561 3447 887 3517 Ἐκκλησίαν
921 3449 1103 3501 καὶτὸ
1147 3448 1394 3514 θεοσεϐὲς
1437 3450 1734 3520 πολίτευμα

148 3539 522 3610 φρουρούσαις
571 3539 744 3603 θείαις
793 3539 1122 3610 δυνάμεσιν,
1159 3541 1410 3609 ἀγγέλοις
1449 3558 1508 3594 τε
1560 3541 1734 3610 ἁγίοις

149 3634 471 3703 προσφωνεῖ
510 3631 572 3684 τὸ
621 3631 844 3702 Πνεῦμα
875 3631 936 3684 τὸ
983 3631 1136 3698 ἅγιον
1163 3631 1356 3699 λέγον⁹
1401 3633 1732 3686 Κυκλώσατε

149 3725 277 3787 τοῦς
334 3723 598 3794 πύργους.
651 3724 731 3776 Τὰ
763 3723 871 3794 γὰρ
906 3724 1190 3795 κρείττονα
1246 3725 1344 3795 τῆς
1403 3724 1608 3787 πόλεως
1658 3725 1734 3787 ὡς

1832 3269 2104 3340 magnalia
2145 3269 2240 3325 Dei
2261 3271 2284 3324 ί

1906 3449 1925 3520 j
1959 3448 2178 3503 Divinas
2221 3456 2541 3516 potestates,
2591 3460 2714 3516 qua:
2760 3443 3060 3500 Ecclesiam
3100 3451 3156 3498 ct
3194 3442 3412 3512 religio-

1833 3559 1955 3600 sum
1983 3543 2290 3598 institutum
2320 3547 2544 3594 servant
2575 3539 2906 3610 angelosque
2936 3547 3154 3593 sanctos
3176 3535 3410 3606 alloqui-

1832 3645 1927 3692 tur
1971 3635 2206 3706 Spiritus
2252 3643 2494 3701 sanctus,
2546 3633 2735 3688 dicens
2767 3651 2781 3687 :
2813 3629 3163 3686 Circumdate
3204 3637 3404 3684 turres.

1834 3728 1967 3796 Quae
1997 3728 2143 3782 enim
2183 3727 2238 3780 in
2274 3727 2410 3780 urbe
2448 3725 2825 3795 praestantiora
2873 3723 3208 3777 munimenta
3258 3731 3413 3784 sunt,

151 3814 557 3885 ἀναγκαιότερα
589 3814 725 3885 πρὸς
755 3815 1154 3887 παραφυλακὴν
1175 3814 1394 3886 ἀριθμῷ
1441 3815 1734 3886 παραδέδο-

1847 3819 2161 3876 custodibus
2204 3832 2434 3873 numero
2477 3816 2792 3871 concredita
2842 3822 2990 3879 sunt,
3045 3821 3107 3868 ut
3159 3813 3276 3883 ipsa
3315 3811 3410 3867 de-

149 3925 242 3961 ται
276 3909 391 3970 τοῖς
425 3924 561 3978 φρου
570 3906 728 3977 ροῖς.]

228 3997 418 4052 Θέσθε
449 3998 553 4062 τὰς
576 3997 822 4062 καρδίας
860 3995 1024 4066 ὑμῶν
1051 3999 1136 4063 εὶς
1175 3996 1290 4065 τὴν
1331 3997 1588 4067 δύναμιν
1624 4001 1734 4053 αὐ-

152 4086 286 4156 τῆς.
325 4086 563 4156 Δύναμις
585 4086 748 4138 πάλιν
771 4089 868 4157 τῆς
921 4087 1242 4156 Ἐκκλησίας
1273 4089 1320 4139 οἱ
1346 4087 1731 4158 ὑποστηρίζον-

150 4197 245 4245 τες
295 4179 464 4249 αὐτὴν
494 4179 664 4246 λόγοι,
710 4177 804 4240 οὓς
855 4180 948 4230 καὶ
983 4177 1040 4242 ἐξ
1071 4179 1199 4247 ὅλης
1251 4178 1476 4248 καρδίας
1523 4177 1734 4230 κελεύει

148 4272 279 4334 τοὺς
317 4270 507 4338 ἁγίους
536 4268 864 4332 ἀποστόλους
902 4269 1196 4324 νουθετεῖν.
1241 4269 1352 4322 Καὶ
1387 4269 1732 4323 καταδιέλε-

148 4364 263 4416 σθε
284 4360 396 4425 τὰς
411 4359 625 4426 ,βάρεις
643 4359 852 4426 αὐτῆς.
889 4361 1179 4424 Ἕκαστος,
1205 4361 1359 4432 φησὶ,
1407 4359 1606 4431 μέρους
1641 4359 1735 4428 βα-

1889 3911 2078 3964 ndant.

1889 3911 2078 3964 ndant.

1833 3911 1884 3966 re
1908 4003 1997 4056 M.
2059 3909 2454 4054 P]auitercorda
2501 4006 2672 4052 uestra
2719 3998 2776 4050 in
2823 3998 3018 4050 virtute
3057 3995 3191 4064 ejus.
3227 3992 3416 4048 Virtus

1835 4094 2090 4150 Ecclesim
2122 4102 2248 4148 sunt
2277 4091 2369 4161 qui
2399 4106 2519 4146 eam
2566 4089 2894 4145 conﬁrmant
2925 4102 3226 4150 sermones,
3268 4101 3410 4155 quos

1835 4185 2094 4255 apostolis
2129 4184 2284 4253 jubet
2328 4191 2389 4236 ut
2437 4191 2554 4236 toto
2601 4182 2766 4236 corde
2815 4181 2956 4234 inter
3001 4179 3414 4232 admonendum

1835 4284 2122 4345 usurpent.
2149 4273 2217 4326 Et
2251 4273 2554 4336 distribuite
2581 4271 2764 4325 domos
2785 4271 2919 4337 ejus.
2945 4267 3175 4339 Singuli,
3210 4265 3411 4336 inquit,

1836 4368 1890 4422 in
1924 4368 2161 4437 aliquam
2200 4375 2357 4420 terra:
2376 4374 2586 4434 partem
2619 4363 2910 4432 imperium
2934 4361 3234 4416 obtineant.
3271 4357 3409 4410 Nam

152 4452 417 4506 σιλευέτω
445 4452 554 4504 τῶν
571 4452 761 4506 ἐθνῶν.
793 4453 1070 4508 Διείλαντο
1095 4453 1225 4525 γὰρ,
1249 4454 1401 4524 φησὶ,
1434 4452 1533 4524 τὴν
1555 4455 1734 4506 οἰκου-

1847 4459 2139 4512 diviserunt
2182 4456 2310 4519 sibi,
2363 4456 2459 4519 ait,
2513 4454 2825 4518 duodecim,
2870 4452 3056 4506 orbem
3108 4459 3282 4504 terrae.
3338 4446 3410 4502 Ut

153 4545 326 4615 μένην
369 4545 416 4597 oi
466 4542 690 4596 δώδεκα.
729 4545 927 4611 Ὅπως
981 4544 1356 4614 διηγήσησθε
1383 4548 1470 4610 εἰς
1520 4546 1734 4614 γενεὰν

147 4636 385 4704 ἑτέραν.
423 4637 485 4690 Οἱ
515 4636 622 4706 γὰρ
652 4637 937 4690 ἀπόστολοι
973 4638 1066 4692 καὶ
1103 4641 1223 4700 ταῖς
1252 4640 1370 4708 μετ’
1419 4639 1618 4702 αὐτοὺς
1655 4638 1735 4691 δι-

145 4725 413 4794 ηγοῦνται
463 4728 696 4792 γενεαῖς,
723 4725 789 4778 δι’
818 4719 892 4780 ὧν
921 4727 1338 4781 καταλελοίπασι
1370 4728 1735 4798 συγγραμμά-

143 4835 259 4871 των
286 4817 418 4888 περὶ
450 4816 710 4888 Χριστοῦ.

223 4910 358 4962 Ὅτι
387 4904 566 4974 οὗτός
601 4910 775 4963 ἐστιν
811 4913 844 4964 ὁ
869 4909 1014 4976 Θεὸς
1045 4910 1214 4980 ἡμῶν
1258 4913 1346 4977 εἰς
1368 4911 1476 4965 τὸν
1523 4911 1729 4966 αἰῶνα.

1839 4551 2093 4604 enarretis
2124 4551 2176 4602 in
2219 4549 2463 4618 progenie
2506 4547 2696 4599 altera.
2751 4545 2993 4613 Apostoli
3035 4557 3268 4612 namque
3313 4557 3409 4611 per

1839 4642 2040 4710 scripta
2077 4655 2200 4710 quae
2232 4639 2570 4708 reliquerunt
2617 4636 2896 4690 Christum
2943 4645 3200 4688 enarrant
3244 4647 3414 4704 gene-

1838 4732 2146 4788 rationibus
2184 4729 2666 4800 subsequentibus.

1909 4927 1998 4981 15.
2053 4925 2316 4992 Quoniam
2343 4925 2426 4979 hic
2451 4933 2526 4979 est
2557 4923 2695 4977 Deus
2730 4931 2904 4976 uoster
2924 4923 2978 4975 in
3001 4920 3274 4985 saeculum,
3301 4929 3409 4974 etc.

144 5000 263 5071 Τῆς
293 5000 667 5071 διανεμήσεως
691 5002 790 5072 τὴν
817 5002 999 5056 αἰτίαν
1034 5002 1185 5072 φησί.
1216 5002 1417 5056 Τούτου
1459 5004 1617 5074 χάριν
1662 5004 1734 5057 δι-

1847 5017 2253 5074 Distributionis
2286 5032 2508 5072 causam
2534 5015 2825 5084 signiﬁcat.
2863 5011 3175 5082 Propterea,
3208 5013 3407 5082 inquit,

145 5091 352 5158 δάξατε
377 5093 473 5145 καὶ
501 5092 758 5155 διέλεσθε,
785 5093 872 5145 ἵνα
897 5094 989 5147 καὶ
1030 5096 1148 5156 ταῖς
1179 5093 1405 5164 ὕστερον
1433 5096 1735 5164 γενησομέ-

146 5201 272 5247 ναις
292 5187 511 5251 γενεαῖς
536 5184 801 5236 ἀκουστὸν
838 5185 1086 5254 γένηται,
1113 5185 1196 5237 ὅτι
1242 5181 1399 5248 οὗτος
1453 5185 1482 5237 ὁ
1514 5186 1736 5250 δικαίως

147 5275 426 5346 ποιμάνας
455 5274 582 5328 λαὸν
625 5275 803 5345 (λέγει
857 5277 914 5330 δὲ
945 5279 1180 5347 Κύριον)
1219 5274 1370 5342 οὗτός
1409 5281 1554 5333 ἐστιν
1581 5281 1608 5332 ὁ
1642 5283 1736 5334 καὶ

150 5370 233 5430 εἰς
259 5369 390 5430 τοὺς
414 5367 705 5438 μέλλοντας
735 5371 827 5422 καὶ
859 5371 1249 5442 ἀτελευτήτους
1271 5370 1473 5435 αἰῶνας
1526 5372 1732 5441 μέλλων

150 5460 488 5530 ποιμαίνειν.

247 5637 269 5666 ⁸
356 5636 548 5692 Matth.
611 5628 722 5700 iw,
803 5638 883 5691 18.
978 5640 1020 5670 ”
1074 5641 1246 5696 Galat.
1292 5659 1372 5704 ttt,
1434 5643 1504 5696 28

1836 5106 2150 5162 distribuite
2185 5115 2239 5159 et
2276 5105 2489 5168 docete,
2527 5113 2588 5158 ut
2624 5102 3069 5173 generationibus
3108 5111 3229 5170 post
3259 5100 3406 5155 futu-

1835 5202 1913 5255 ris
1942 5210 2128 5256 notum
2158 5200 2248 5265 sit,
2281 5215 2404 5253 eum
2434 5199 2527 5268 qui
2553 5199 2701 5268 juste
2730 5197 2988 5268 p0pulum
3030 5197 3177 5265 pavit
3221 5196 3295 5263 (id
3324 5206 3407 5250 est

1833 5290 2150 5360 Dominum)
2181 5291 2432 5344 eumdem
2464 5291 2643 5360 ipsum
2687 5307 2808 5346 esse
2846 5290 2940 5360 qui
2983 5304 3078 5358 per
3126 5287 3306 5341 futura
3351 5297 3408 5342 et

1830 5365 2042 5438 inﬁnita
2091 5382 2285 5437 saecula
2325 5391 2509 5451 pascet
2548 5395 2664 5436 eos.

224 5753 339 5823 (17)
410 5753 588 5807 Aliam
637 5753 793 5810 aﬂ‘ert
831 5755 965 5811 Dan.
1010 5755 1280 5812 Barbarus
1321 5758 1822 5826 interpretationem
1869 5771 1990 5827 quae
2025 5765 2108 5814 est
2147 5756 2376 5826 Didymi.
