3872 6216
417 287 527 344 935

530 399 580 453 ι.
619 398 686 456 lu
702 402 881 468 ﬁnem,
909 399 1035 468 ﬁliis
1064 397 1215 453 Core.
1244 397 1587 453 PSALMUS
1610 397 1706 451 XL
1722 395 1884 451 vm.

1012 492 1048 542 Α
1063 501 1408 560 rgumentum.

421 584 554 648 Qum:
603 585 671 638 ad
723 584 966 639 divinum
1022 582 1260 636 tribunal
1304 583 1575 651 pertinent
1626 582 1729 636 hoc
1783 581 1994 650 psalmo

494 677 750 730 omnibus
805 676 1116 730 hominibus
1176 675 1571 744 prtedicantur,
1621 689 1831 727 necnon
1877 673 1995 727 dies

498 768 587 821 illa
617 782 720 836 qua
755 766 896 821 Deus
939 767 1156 820 condita
1203 767 1382 819 omnia
1414 765 1480 824 ad
1517 765 1783 834 judicium
1827 763 1996 818 addu-

504 865 614 911 cet.
650 857 903 911 Fortasse
947 871 1077 909 vero
1106 855 1198 908 lilii
1232 855 1368 909 Core
1403 857 1771 924 apostolorum
1806 869 1996 922 perso-

500 965 622 1002 nam
659 957 848 1018 gerant
877 948 967 1016 qui
1009 946 1282 1017 mysteriis
1320 946 1506 1000 orbem
1547 946 1852 998 iniliarunt.

497 1128 552 1182 2.
612 1128 805 1180 Audite
849 1129 980 1190 lucc,
1024 1141 1197 1177 omnes
1225 1133 1421 1193 gentes,
1467 1123 1681 1176 auribus
1725 1123 1994 1192 percipite,

431 1236 607 1273 omnes
630 1222 718 1290 qui
759 1219 1010 1272 habitatis
1041 1217 1236 1271 orbem.
1283 1215 1434 1269 Sicut
1463 1216 1526 1268 ad
1569 1215 1798 1268 salutem
1825 1222 1995 1267 totum

432 1311 729 1365 humanum
765 1324 934 1378 genus
975 1316 1151 1371 vocat,
1186 1308 1374 1361 eodem
1415 1305 1577 1360 modo
1604 1306 1669 1359 ad
1694 1305 1996 1360 doctrinam

429 1403 597 1456 divini
621 1401 832 1471 judicii,
861 1415 969 1454 una
1003 1414 1195 1453 omnes
1222 1413 1402 1452 sermo
1429 1405 1639 1451 evocat.

503 1571 556 1626 5.
611 1573 814 1643 Quique
851 1575 1122 1643 terrigena:
1192 1584 1238 1628 et
1289 1575 1389 1642 ﬁlii
1419 1574 1710 1626 hominum.
1753 1572 1999 1643 Terrige-

432 1679 532 1719 nas
565 1673 725 1718 vocat
754 1665 1079 1734 agrestiores
1107 1664 1354 1718 homines
1387 1664 1780 1731 barbarosque,
1820 1664 1912 1731 qui
1945 1664 1994 1715 in

431 1755 661 1810 desertis
703 1729 964 1821 habitant,
1003 1770 1177 1823 neque
1207 1755 1415 1824 legibus
1460 1729 1684 1818 cu-ltos;_
1721 1729 1862 1807 ﬁlios
1894 1753 1996 1805 ho-
2029 1729 2073 1784 Β

434 1847 641 1900 minum
673 1847 805 1900 dicit
829 1862 922 1900 eos
951 1846 1041 1914 qui
1074 1847 1450 1900 humaniorem
1497 1846 1706 1899 ducunt
1746 1845 1872 1899 vitae
1913 1860 2000 1900 ra-

433 1939 633 1993 tionem
664 1947 716 1992 et
736 1938 943 2006 legibus
979 1946 1186 2005 parent.

505 2109 558 2164 4.
613 2109 684 2164 Os
709 2125 878 2162 meum
903 2109 1144 2178 loquetur
1172 2110 1506 2178 sapientiam.
1531 2106 2000 2173 Quemadmodum

436 2217 536 2254 ceu
562 2200 617 2254 in
641 2201 823 2255 varios
876 2199 1096 2254 ordines
1139 2199 1417 2253 distribuit
1471 2199 1768 2265 auditores,
1825 2199 1899 2252 ita
1947 2208 2005 2252 et-

436 2295 736 2348 doctrinam
782 2308 936 2348 suam
971 2292 1022 2344 in
1061 2291 1254 2345 modos
1294 2291 1581 2360 distinguit
1606 2292 1808 2344 varios.
1856 2290 2001 2343 Cho-

435 2403 530 2441 rus
555 2396 733 2440 autem
761 2385 1094 2454 apostolicus
1121 2392 1202 2438 est
1238 2384 1331 2453 qui
1364 2385 1478 2438 haec
1520 2383 1784 2451 loquitur,
1823 2389 1878 2434 et
1905 2383 1998 2451 qui

434 2477 488 2529 in
517 2492 611 2530 ore
638 2476 917 2531 Christum
971 2476 1154 2540 habet,
1207 2476 1300 2545 qui
1344 2483 1428 2531 est.
1472 2476 1738 2545 sapientia
1796 2474 1998 2530 Patris.

435 2565 630 2637 Utpote
667 2567 830 2635 igitur
852 2564 1130 2619 Christum
1155 2565 1207 2618 in
1234 2581 1328 2619 ore
1351 2565 1605 2628 ferentes,
1632 2573 1686 2621 et
1709 2582 1832 2621 eum
1857 2583 2000 2621 sem-

431 2675 528 2728 per
554 2666 734 2712 mente
773 2664 1054 2712 versantes
1098 2657 1510 2724 intelligentiam
1553 2657 1890 2711 obtinebant.
1922 2657 1998 2712 Ita

433 2759 614 2806 autem
648 2765 799 2805 mens
828 2764 1015 2804 eorum
1043 2749 1110 2802 ad
1137 2748 1544 2818 intelligentiam
1571 2759 1727 2802 acuta
1752 2757 1807 2801 et
1839 2764 2000 2818 expe-

433 2845 544 2897 dita
571 2851 708 2908 erat,
741 2850 799 2896 ut
825 2843 985 2895 etiam
1024 2840 1311 2909 parabolas
1342 2839 1640 2894 Salvatoris
1670 2841 1722 2892 in
1754 2838 2001 2911 Evange-

433 2937 524 2991 liis
553 2935 850 3004 descriptas
882 2934 1263 3003 intelligerent.
1293 2932 1653 2997 Quamobrem
1696 2947 1819 2987 cum
1851 2935 1998 2988 dice—

435 3036 520 3082 ret
543 3026 797 3081 Christus
831 3026 876 3057 ⁵⁸
906 3042 922 3079 :
961 3024 1310 3079 Intellexisti:
1345 3023 1455 3078 haec
1497 3024 1717 3078 omnia?
1747 3025 2000 3081 dicebant

435 3123 485 3176 ei
518 3140 532 3176 :
571 3119 771 3176 Etiam.

508 3211 562 3264 5.
626 3208 902 3264 Inclinabo
949 3209 1006 3262 in
1051 3207 1361 3278 parabolam
1407 3223 1589 3261 aurem
1645 3224 1832 3260 meam.
1889 3207 2010 3278 Ego

435 3303 682 3374 quidem,
711 3302 804 3366 ait,
835 3309 1121 3370 postquam
1169 3307 1402 3354 mentem
1446 3315 1622 3353 meam
1657 3300 1776 3354 acui
1817 3300 1883 3354 ad
1916 3301 2003 3353 in-

437 3391 793 3460 telligentiam
843 3389 1226 3459 parabolarum
1287 3387 1605 3453 Salvatoris,
1658 3390 1709 3442 in
1743 3389 1808 3444 iis
1855 3403 2007 3443 com-

436 3484 760 3555 prehensam
790 3482 1110 3536 sententiam
1151 3481 1366 3548 assequi
1403 3482 1576 3549 potui.
1611 3480 1680 3535 lis
1705 3490 1884 3536 autem
1915 3481 2006 3549 qui

437 3574 494 3630 id
533 3588 693 3642 agere
721 3574 790 3626 ob
836 3571 1118 3625 infantiam
1153 3586 1258 3624 non
1289 3571 1470 3624 valent
1509 3571 1750 3640 aperiam
1787 3587 1850 3626 ea
1885 3588 2007 3641 qua!

439 3666 623 3726 clausa
652 3672 808 3729 sunt,
842 3672 896 3718 et
946 3663 1279 3732 problemata
1325 3662 1611 3730 explicabo
1661 3672 1823 3731 atque
1858 3679 2010 3732 para-

438 3759 612 3812 bolas.
685 3756 813 3810 Haec
870 3764 1050 3811 autem
1113 3771 1207 3824 per
1265 3756 1581 3823 psalterium
1643 3756 1757 3810 sive
1811 3771 2008 3825 corpus

439 3867 620 3905 meum
659 3848 908 3911 eiliciam,
956 3849 1098 3917 quod
1133 3847 1287 3916 quasi
1337 3861 1599 3915 organum
1665 3855 1904 3910 resonat,
1957 3857 2010 3901 et

439 3957 552 4011 quo
593 3942 773 3997 anima
821 3955 940 3995 mea
984 3940 1050 3994 ad
1108 3940 1369 4010 hymnum
1428 3939 1656 3992 vertitur
1713 3939 2006 3992 concinen-

442 4035 592 4100 dum,
621 4046 716 4101 per
743 4031 990 4100 singulos
1028 4044 1243 4094 sensus,
1273 4027 1518 4082 membra
1543 4035 1841 4098 partesque,
1866 4027 2009 4096 peri-

441 4126 652 4182 tissime
684 4131 852 4178 mota.

512 4217 566 4272 6.
625 4215 735 4270 Cur
768 4212 954 4268 timebo
982 4211 1151 4268 indie
1195 4210 1381 4263 mala?
1411 4208 1550 4264 Hinc
1589 4211 1826 4278 orditur,
1858 4223 2010 4280 post-

440 4323 604 4379 quam
638 4307 872 4376 priorem
917 4303 1180 4358 doctriuae
1214 4310 1424 4371 partem
1487 4317 1586 4356 ceu
1637 4301 1691 4355 in
1743 4305 2010 4372 prommio

1250 283 1306 337 δ’.
1347 276 1718 336 ATHAN‘ASII
1764 275 1917 332 OPP.
1957 273 2140 330 PARS
2174 273 2260 328 111.
2301 303 2373 314 -
2410 269 2835 328 EXECETICA...

2021 395 2070 452 Α

3553 270 3667 324 224

2198 391 2298 454 Εἰς
2328 388 2500 452 τέλος
2522 387 2647 450 τοῖς
2689 384 2839 449 υἱοῖς
2866 385 3032 450 Κορέζ
3078 385 3384 439 ΨΑΛΜΟΣ
3399 389 3533 441 ’ΜΗ

2711 477 2725 496 ⁸
2737 477 3043 541 Υπόθεσις.

2094 570 2196 630 Διά
2210 589 2301 624 του
2333 571 2596 641 παρόντος
2622 567 2836 640 ψαλμοῦ
2863 567 2932 619 τὰ
2957 568 3086 639 περὶ¹
3108 569 3204 622 τοῦ
3229 568 3374 623 θείου
3405 571 3664 644 δικαστη-

2170 664 2282 734 ρίου
2341 666 2452 727 τοῖς
2487 665 2648 716 πᾶσιν
2681 657 2988 730 ἀνθρώποις
3047 659 3372 730 κηρύττεται
3400 701 3414 726 ,
3481 665 3574 716 καὶ
3628 666 3663 734 ἡ

2163 754 2350 824 ἡμέρα
2379 754 2581 824 ἐκείνη,
2615 753 2734 806 καθ’
2757 754 2823 823 ἢν
2843 752 2958 819 ἄξει
2987 755 3014 806 6
3059 752 3189 815 Θεὸς
3219 755 3325 806 πᾶν
3364 756 3424 805 τὸ
3454 754 3665 825 ποίημα

2167 847 2247 908 είς
2278 845 2479 916 κρίσιν.
2508 846 2720 915 Ἔχοιεν
2745 845 2790 896 δ’
2815 845 2879 898 ἂν
2912 846 2959 897 οἱ
2990 845 3095 896 υἱοὶ
3124 844 3268 914 Κορὲ
3293 844 3400 897 τῶν
3431 847 3661 898 ἀποστόο

2167 937 2274 989 λων
2294 937 2353 990 τὸ
2381 937 2688 1008 πρόσωπον,
2713 935 2821 989 τῶν
2857 936 3401 1006 μυσταγωγησάντων
3441 937 3538 1005 τὴν
3574 936 3665 988 ὑπ’

2167 1029 2412 1100 οὐρανόν.
3079 1011 3081 1013 ί

2183 1121 2503 1174 Ἀκούσατε
2529 1118 2734 1183 ταῦτα,
2775 1118 2972 1172 πάντα
2995 1121 3066 1172 τὰ
3095 1118 3238 1186 ἔθνη
3259 1159 3272 1183 ,
3299 1120 3667 1172 ἐνωτίσασθε

2098 1209 2320 1273 πάντες
2351 1213 2405 1263 οἱ
2445 1209 2864 1274 κατοικοῦντες
2893 1209 3007 1276 τὴν
3039 1211 3416 1278 οἰκουμένην.
3453 1211 3667 1286 Ὥσπερ

2097 1302 2189 1354 ἐπὶ
2221 1301 2462 1372 σωτηρίᾳ
2511 1303 2617 1353 πᾶν
2641 1301 2793 1369 γένος
2836 1299 3137 1371 ἀνθρώπων
3197 1301 3521 1372 παρακαλεῖ,
3573 1287 3667 1356 τὸν

2098 1392 2260 1444 αὑτὸν
2278 1392 2475 1462 τρόπον
2508 1392 2602 1444 καὶ
2625 1393 2715 1444 ἐπὶ
2746 1392 3088 1445 διδασκαλίαν
3115 1392 3216 1462 τῆς
3251 1393 3402 1456 Θείας
3431 1393 3669 1462 κρίσεως

2097 1483 2230 1553 ὁμοῦ
2261 1482 2468 1546 πάντας
2497 1485 2524 1536 6
2545 1482 2700 1550 λόγος
2734 1483 3099 1542 ἀνακαλεῖται.

2105 1571 2108 1574 ’
2171 1575 2239 1626 Οἵ
2268 1591 2331 1627 τε
2359 1572 2627 1643 γηγενεῖς
2653 1573 2750 1625 καὶ
2787 1573 2903 1626 υἱοὶ
2942 1573 3059 1625 τῶν
3101 1573 3442 1640 ἀνθρώπων.
3489 1573 3665 1642 Γηγε-

2099 1667 2209 1727 νείς
2236 1665 2332 1734 μὲν
2369 1665 2494 1726 τοὺς
2521 1663 2852 1734 βαρυτέρους
2882 1663 2988 1715 τῶν
3022 1663 3319 1743 ἀνθρώπων
3357 1663 3510 1717 καλεῖ
3539 1665 3676 1734 τοὺς,

2107 1757 2433 1828 βαρϐάρους,
2466 1756 2560 1808 καὶ
2588 1759 2645 1808 ὲν
2676 1757 2928 1826 ἐρημίαις
2960 1756 3239 1819 οἰκοῦντας
3258 1798 3272 1822 ,
3297 1758 3390 1809 καὶ
3417 1757 3492 1828 μὴ
3523 1758 3672 1828 νομίο

2109 1867 2224 1919 μως
2257 1847 2703 1918 πολιτευομένους
2723 1866 2734 1878 ·
2765 1849 2914 1911 υἱοὺς
2944 1848 3000 1900 δὲ
3037 1845 3336 1919 ἀνθρώπων
3367 1847 3492 1910 τοὺς
3534 1850 3673 1918 ἡμε-

2108 1939 2348 2010 ρωτέραν
2394 1938 2665 1999 πολιτείαν
2719 1939 3172 2017 μετερχομένους,
3201 1939 3303 2004 καὶ,
3327 1940 3507 2010 νόμοις
3540 1940 3673 1994 διοι-

2106 2032 2419 2101 κουμένους.

2181 2121 2250 2176 Τὸ
2271 2123 2462 2190 στόμα
2481 2139 2600 2190 μου
2620 2123 2880 2189 λαλήσει
2909 2124 3155 2191 σοφίαν.
3184 2123 3392 2194 Ὥσπερ
3429 2125 3510 2187 είς
3541 2124 3675 2192 τάγ-

2109 2228 2250 2288 ματα
2285 2214 2511 2266 πλεῖστα
2541 2214 2666 2274 τοὺς
2686 2213 2960 2285 ἀκροατὰς
2992 2214 3206 2280 διεῖλεν,
3250 2215 3421 2278 οὕτως
3451 2216 3546 2268 καὶ
3573 2215 3674 2287 τὴν

2106 2303 2266 2355 αὑτοῦ
2296 2303 2642 2358 διδασκαλίαν
2687 2308 2766 2369 είς
2800 2307 3033 2378 τρόπους
3080 2306 3329 2380 ἀφορίζει
3360 2307 3670 2378 διαφόρους.

2118 2395 2174 2446 Ὁ
2209 2395 2366 2465 χορὸς
2391 2395 2447 2447 δέ
2477 2397 2622 2450 ἐστιν
2649 2399 2677 2450 6
2710 2396 3061 2460 ἀποστολικὸς
3092 2399 3119 2449 ό
3165 2395 3336 2448 ταῦτα
3368 2397 3686 2466 φθεγγόμε-Δ

2105 2504 2214 2550 νος,
2239 2486 2331 2540 καὶ
2355 2487 2445 2539 ἐπὶ
2481 2489 2745 2557 στόματος
2771 2489 2949 2558 φέρων
2982 2489 3069 2540 τὸν
3093 2489 3343 2560 Χριστὸν,
3377 2488 3434 2551 ὃς
3468 2490 3616 2540 ἐστιν
3641 2489 3692 2564 ἡ..

2107 2578 2266 2646 σοφία
2293 2577 2384 2630 τοῦ
2414 2578 2647 2649 Πατρός.
2679 2580 2804 2631 "Are
2829 2579 2892 2650 δὴ
2920 2575 3010 2632 οῦν
3033 2579 3121 2631 τὸν
3152 2567 3382 2649 Χριστὸν
3432 2580 3524 2630 ἐπὶ
3556 2579 3676 2630 στό-

2109 2686 2276 2739 ματος
2303 2669 2578 2739 φέροντες,
2614 2670 2707 2722 καὶ
2740 2670 2922 2722 τοῦτον
2951 2672 3026 2732 εἰς
3056 2671 3179 2723 νοῦν
3217 2671 3303 2724 ἀεὶ
3339 2669 3674 2740 ἐκμελετῶν-

2105 2778 2215 2822 τες,
2264 2759 2475 2812 σύνεσιν
2530 2756 2694 2830 εἶχον.
2757 2760 2911 2814 Οῦτω
2938 2761 2995 2812 δὲ
3051 2761 3226 2813 αὐτῶν
3267 2762 3499 2831 ἠκόνητο
3538 2762 3693 2831 πρὸς,

2107 2851 2321 2904 σύνεσιν
2345 2853 2373 2902 6
2403 2849 2544 2914 νοῦς,
2573 2851 2647 2914 ώς
2676 2851 2770 2904 καὶ
2802 2850 2900 2913 τὰς
2940 2849 3252 2922 παραϐολὰς
3295 2850 3387 2902 τοῦ
3421 2852 3676 2921 Σωτῆρος

2105 2942 2203 3006 τὰς
2234 2944 2290 2995 ἐν
2319 2945 2429 3006 τοῖς
2455 2943 2806 3011 Εὑαγγελίοις
2839 2944 3142 3014 φερομένας
3171 2943 3424 2995 συνιέναι.
3471 2943 3561 2995 Διὸ
3588 2942 3676 2995 λέ-

2106 3049 2293 3101 γοντος
2309 3033 2490 3095 αὐτοῖς
2512 3033 2604 3085 τοῦ
2621 3032 2856 3104 Χριστοῦ
2874 3050 2886 3062 ·
2910 3032 3225 3099 Συνήκατε,
3239 3032 3643 3088 ταῦτα,πάντα
3656 3049 3692 3095 ;,_

2105 3125 2287 3194 ἔλεγον
2316 3124 2466 3196 αὑτῷ
2484 3142 2498 3156 ’
2528 3126 2659 3179 Ναί.

2145 3216 2373 3271 ’Κλινῶ
2414 3220 2500 3282 εὶς
2531 3215 2879 3286 παραϐολὴν
2924 3213 2989 3270 τὸ
3036 3212 3146 3282 οὖς
3173 3233 3312 3284 μου.
3377 3216 3518 3284 Ἐγὼ
3553 3216 3692 3286 usu,

2107 3309 2291 3379 φησὶν,
2329 3311 2601 3379 ἀκονήσας
2653 3309 2743 3362 τὸν
2775 3308 3011 3378 ἐμαυτοῦ
3048 3309 3170 3361 νοῦν
3200 3311 3278 3371 εἰς
3313 3309 3526 3361 σύνεσιν
3566 3308 3679 3362 τῶν

2109 3400 2388 3469 σωτηρίων
2424 3397 2766 3468 παραϐολῶν,
2789 3385 3085 3468 δεδύνημαι
3126 3397 3556 3467 ἐπακολουθῆσαι
3605 3401 3678 3467 τῇ

2108 3491 2380 3562 φερομένῃ
2417 3491 2598 3552 αὐτοῖς
2625 3489 2834 3560 διανοίᾳ
2855 3505 2868 3519 ·
2895 3491 3008 3552 τοῖς
3043 3489 3098 3542 δὲ
3132 3489 3206 3559 μὴ
3233 3489 3388 3541 τοῦτο
3418 3489 3680 3558 πράττειν

2107 3582 2422 3651 δυναμένοις
2444 3580 2532 3633 διὰ
2553 3582 2851 3652 νηπιότητα
2877 3581 3070 3645 ἁνοίξω
3089 3581 3158 3633 τὰ
3187 3581 3564 3651 κεκλεισμένα,
3585 3582 3680 3633 καὶ

2107 3673 2426 3742 διασαφὴσω
2449 3674 2515 3726 τά
2549 3675 2909 3744 προϐλήματα
2941 3674 3035 3727 καὶ
3066 3673 3164 3735 τὰς
3196 3671 3527 3744 παραϐολάς.
3568 3674 3696 3729 ΚαὶΔ

2107 3763 2282 3817 ταῦτα
2303 3763 2492 3832 πράξω
2527 3764 2614 3816 διὰ
2642 3764 2733 3817 τοῦ
2757 3765 2992 3835 ἐμαυτοῦ
3016 3765 3334 3836 ψαλτηρίου,
3369 3764 3460 3817 τοῦ
3493 3765 3682 3834 σώμα-

2106 3873 2196 3918 τος
2224 3855 2446 3926 δηλαδὴ,
2490 3856 2719 3927 ὀργάνου
2769 3857 2922 3928 δίκην
2962 3857 3322 3927 ἐπηχοῦντος,
3353 3859 3416 3910 δι’
3446 3853 3507 3912 οὗ
3541 3859 3683 3928 πρὸς

2110 3948 2276 4016 ῦμνον
2306 3949 2565 4021 τρέπεται
2597 3948 2820 4022 ἡψυχὴ,
2856 3950 2922 4002 δι’
2950 3950 3179 4002 ἑκάστου
3212 3951 3568 4022 αἰσθητηρίου
3586 3951 3684 4004 καὶ

2111 4041 2305 4110 μέλους
2344 4041 2436 4094 καὶ
2463 4040 2660 4112 μέρους
2701 4043 3076 4113 ἐπιστημόνως
3111 4043 3421 4113 κινουμένη.

2180 4218 2304 4271 Ἵνα
2326 4217 2381 4268 τί
2414 4216 2704 4285 φοϐοῦμαι
2744 4216 2813 4269 ἑν
2848 4217 3037 4285 ἡμέρᾳ
3085 4217 3354 4285 πονηρᾷ;
3401 4218 3685 4274 Ἐντεῦθεν

2114 4308 2363 4378 ἄρχεται,
2393 4308 2490 4376 τῆς
2515 4305 2862 4368 διδασκαλίας
2889 4306 2958 4358 τὰ
2981 4305 3168 4377 πρῶτα
3190 4307 3265 4369 ώς
3287 4308 3342 4357 ὲν
3375 4307 3686 4377 προοιμίοις

439 4399 714 4471 expendit.
777 4396 1001 4450 Orditur
1035 4402 1215 4447 autem
1267 4408 1364 4462 per
1409 4393 1908 4464 interrogationem,
1949 4405 2009 4450 ut

2118 4399 2458 4470 διαλαλήσας.
2499 4398 2757 4467 Ἀρχεται
2783 4397 2839 4449 δὲ
2865 4399 2984 4450 κατ’
3012 4396 3297 4469 ἐρώτησιν,
3327 4397 3411 4449 ἵνα
3428 4399 3521 4450 καὶ
3549 4379 3687 4451 d56-

442 4489 853 4562 respousionem
900 4484 1149 4554 accipiat.
1199 4481 1326 4537 Haec
1355 4493 1537 4538 autem
1585 4493 1670 4540 est
1704 4485 2006 4558 interroga-

441 4586 540 4638 tio.
581 4581 691 4637 Cur
726 4579 958 4634 timebo?
986 4592 1110 4632 nam
1145 4575 1212 4630 ad
1247 4590 1438 4630 vocem
1480 4577 1688 4641 timebo,
1727 4579 2008 4650 interpun-

441 4674 696 4742 gcndum,
728 4680 788 4724 ut
812 4669 1002 4724 isthaac
1041 4668 1110 4722 sit
1132 4668 1420 4724 sententia.
1451 4666 1509 4721 Si
1539 4669 1662 4738 quis
1685 4669 2002 4739 interrogat,

439 4765 652 4834 inquit,
685 4762 794 4822 Cur
824 4760 1015 4816 timebo
1045 4763 1070 4816 1’
1101 4761 1290 4816 volens
1328 4776 1359 4814 a
1395 4776 1482 4816 me
1510 4777 1730 4816 causam
1764 4763 2008 4818 ediscere

439 4857 559 4926 ejus
587 4871 697 4925 qua
743 4868 983 4923 occupor
1027 4851 1352 4920 aﬂlictionis,
1376 4867 1501 4907 cum
1537 4852 1734 4908 ﬁducia
1779 4854 2004 4921 audiat,

439 4963 564 5004 esse
595 4947 829 5017 aliquam
877 4945 1020 5000 diem
1072 4946 1298 5010 malam,
1331 4959 1496 5014 quam
1538 4959 1638 5014 ego
1683 4953 1832 5000 metu
1881 4962 2006 5017 per—

441 5040 628 5095 culsus
657 5039 1006 5093 exhorresce.
1036 5035 1379 5091 Exhorresco
1411 5043 1616 5100 autem,
1662 5038 1923 5106 quoniam
1951 5038 2006 5092 in

442 5132 532 5185 illa
559 5131 645 5186 die
681 5129 934 5199 iniquitas
982 5128 1219 5182 calcanei
1250 5128 1350 5181 mei
1407 5127 1755 5182 circumdabit
1806 5145 1906 5193 me,
1954 5129 2006 5182 id

439 5237 523 5280 est
579 5221 810 5277 deﬂexio
865 5237 895 5276 a
949 5221 1127 5274 divina
1167 5221 1276 5287 via,
1314 5236 1419 5290 qua
1475 5237 1572 5291 per
1623 5221 1851 5290 hujusce
1886 5222 2008 5276 vitae

440 5316 848 5370 distractionem
895 5322 952 5369 et
995 5311 1286 5378 fallaciam,
1339 5311 1577 5365 divinam
1609 5311 1780 5382 legem
1833 5322 2009 5367 trans-

440 5422 660 5474 gressus
697 5421 840 5461 sum.
876 5404 1066 5460 lsthaac
1117 5404 1280 5474 igitur
1334 5404 1608 5473 impietas,
1662 5405 1859 5474 inquit,
1897 5406 2002 5460 cir-

441 5498 715 5552 cnmdabit
736 5513 821 5551 me
843 5514 857 5562 ;
881 5496 1035 5566 quasi
1067 5496 1212 5550 dicat
1245 5514 1258 5549 :
1287 5495 1703 5550 Circumsistcnt
1740 5513 1826 5552 mc
1868 5498 2006 5552 mala

565 5679 607 5712 ”
646 5679 830 5733 Matth.
867 5695 982 5744 xm,
1023 5679 1110 5734 5|.

2115 4506 2296 4562 κρισιν
2343 4488 2516 4542 λάϐοι.
2573 4489 2639 4540 Ἥ
2675 4488 2731 4541 δὲ
2761 4487 3027 4559 ἐρώτησίς
3057 4491 3202 4541 ἐστιν
3239 4487 3378 4559 αῦτη
3401 4505 3415 4518 ⁶
3457 4491 3596 4545 Ἵνα
3628 4493 3686 4546 τί

2115 4581 2408 4651 φοϐοῦμαι
2434 4597 2452 4644 ;
2479 4579 2638 4651 μέχρι
2677 4580 2785 4651 γὰρ
2811 4580 2904 4632 τοῦ
2935 4580 3225 4649 φοϐοῦμαι
3257 4579 3347 4632 δεῖ
3367 4580 3564 4646 στίξαι,
3597 4583 3686 4633 ἵνα

2112 4670 2146 4747 ᾗ
2177 4675 2208 4744 ἡ
2237 4673 2443 4725 διάνοια
2464 4671 2630 4743 αὕτηο
2671 4671 2740 4724 Ei
2766 4689 2849 4734 τις
2874 4673 3086 4742 ἐρωτᾷ,⁹
3112 4670 3294 4741 φησὶν,
3328 4671 3462 4723 Ἵνα
3488 4671 3546 4723 τί
3575 4689 3684 4742 φο-

2115 4763 2364 4832 ϐοῦμαι;
2403 4763 2502 4834 τὴν
2562 4763 2739 4815 αἰτίαν
2783 4761 2949 4815 θέλων
3001 4762 3200 4830 γνῶναι
3242 4763 3372 4831 παρ’
3404 4761 3538 4831 ἐμοῦ
3590 4762 3686 4831 τῆς

2117 4855 2448 4926 συνεχούσης
2476 4872 2545 4925 με
2581 4854 2840 4922 ἀγωνίας,
2876 4853 3118 4907 ἀκουέτω
3151 4853 3287 4924 μετὰ
3337 4853 3684 4924 παρρησίας,

2115 4948 2189 5010 ὡς
2223 4946 2368 4999 ἔστιν
2398 4945 2577 5016 ἡμέρα
2600 4947 2830 5017 πονηρά,
2859 4948 2923 5016 ἣν
2943 4946 3104 5008 αὐτὸς
3133 4946 3368 5014 φρίττων
3392 4944 3682 5014 φοϐοῦμαι.

2113 5039 2331 5111 Φρίττω.
2368 5039 2445 5103 δὲ,
2495 5039 2575 5091 ὅτι
2611 5039 2666 5090 ἐν
2723 5039 2906 5110 ἐκείνῃ
2958 5041 3023 5108 τῇ
3057 5037 3236 5109 ἡμέρᾳ
3269 5038 3307 5103 ἠ
3333 5037 3549 5104 ἀνομία
3576 5035 3688 5104 τῆς

2115 5132 2372 5199 πτέρνης
2395 5151 2512 5202 μου
2540 5129 2837 5186 κυκλώσει
2852 5148 2945 5199 με,
2965 5130 3236 5182 τουτέστιν
3264 5131 3296 5199 ὴ
3327 5128 3688 5199 παρεκτροπὴ

2114 5225 2214 5294 τῆς
2247 5225 2393 5287 θείας
2416 5223 2560 5287 ὁδοῦ,
2592 5223 2657 5294 ἣν
2688 5223 2991 5294 πεποίημαι
3020 5222 3159 5275 κατά
3203 5223 3291 5274 τὸν
3345 5221 3479 5291 βίον,
3531 5238 3689 5289 περι-

2119 5315 2352 5386 σπασμῴ
2380 5315 2472 5368 καὶ
2505 5315 2688 5386 ἀπάτῃ
2725 5315 2815 5368 τὸν
2842 5314 2979 5368 θεῖον
3006 5314 3257 5382 παραϐὰς
3310 5315 3493 5383 νόμον.
3535 5311 3688 5382 Αὕτη

2115 5406 2206 5462 οὖν
2239 5411 2272 5480 ὴ
2298 5408 2518 5462 ἀσέϐεια
2549 5407 2816 5460 κυκλώσει
2854 5425 2941 5477 με,
2971 5407 3132 5476 φησίν
3151 5422 3162 5434 ’
3189 5406 3306 5458 ἀντὶ
3347 5404 3440 5456 τοῦ
3462 5446 3476 5468 ,
3516 5405 3686 5474 Περι-

2121 5501 2376 5571 στήσεταί
2409 5519 2472 5572 με
2511 5500 2580 5554 τὰ
2629 5499 2766 5570 ἔργα
2809 5500 2877 5552 τὰ
2908 5500 3119 5571 πονηρὰ
3173 5497 3207 5551 ἃ
3263 5496 3542 5567 πέπραχα,
3593 5512 3690 5555 xu-
