3872 6216
74 324 239 389 ·925

1285 319 1651 382 EXPOSITIO
1689 323 1755 379 IN
1797 318 2130 382 PSALMUM
2170 319 2396 383 XLVIII.

3266 320 3374 386 226

125 443 364 499 κλοῦντὰ
388 438 754 513 με’πανταχοῦ
776 439 869 492 καί⁵
896 436 1308 507 πολιορκοῦντα,
1333 442 1426 493 καὶ
1449 444 1522 511 μὴ
1535 441 1707 493 ἐῶντά

1823 457 1972 510 )pera
2003 458 2122 511 quae
2156 442 2278 505 feci,
2314 457 2508 511 meque
2542 442 2778 511 undique
2813 440 3128 495 conclusum
3160 442 3376 497 obside-

132 553 199 605 με
223 535 321 605 τὴν
354 532 578 584 κόλασιν
608 532 883 598 ἐκφυγεῖν.
920 530 1169 600 Πονηράν
1214 530 1313 600 τὴν
1336 532 1435 600 τῆς
1477 532 1711 601 κρίσεως

126 607 345 695 ἡμέραν
381 624 586 694 φησὶν,
636 622 730 674 ἅτε
783 621 846 690 δὴ
883 621 1128 691 πονηρὰν
1175 625 1287 684 τοῖς
1331 622 1711 693 κολαζομένοις

130 717 502 785 ὑπάρχουσαν.
550 714 608 765 Ὀ
632 713 687 765 δὲ
728 712 1043 773 Ἀπόστολος
1069 714 1160 763 καὶ
1188 714 1401 782 ἡμέραν
1420 713 1519 782 τῆς
1546 714 1713 783 ὀργῆς

128 809 303 877 αὐτὴν
331 805 610 868 ἐκάλεσεν,
647 802 910 874 είρηκώς·
947 803 1330 871 Θησαυρίζεις
1363 804 1595 869 σεαυτῷ
1619 806 1713 871 ὀρ-

130 897 252 966 γὴν
288 898 361 949 ἐν
386 897 579 965 ἡμέρςι
600 894 800 963 ὁρτῆς-

208 991 274 1040 Ol
299 989 649 1052 πεποιθότες
680 986 777 1038 ἐπὶ
798 984 874 1051 τῇ
900 986 1147 1054 δυνάμει
1180 986 1397 1040 αὐτῶν.
1439 988 1570 1040 Ἀπὸ
1599 1004 1713 1041 κοι-

137 1079 230 1132 νοῦ
264 1081 345 1145 τὸ,
384 1078 674 1130 Ἀκούσατε
700 1076 872 1130 ταῦτα
900 1079 950 1129 οἱ
985 1079 1076 1130 ὲπί
1095 1078 1308 1147 πλούτῳ
1334 1079 1428 1132 καὶ
1467 1082 1531 1149 τῇ
1558 1079 1714 1132 δυνά-

142 1190 231 1241 μει
271 1170 621 1242 θαρροῦντες.
664 1169 795 1221 Τίνα
823 1169 878 1221 δέ
902 1170 1050 1221 ἐστιν
1081 1168 1117 1222 ἂ
1157 1170 1461 1239 ὀφείλουσιν
1498 1171 1714 1222 ἀκούειν

134 1262 173 1329 ἦ
204 1263 408 1323 ἐκεῖνα,
433 1259 508 1322 ὡς
536 1259 656 1312 οὐδὲ
684 1260 877 1321 αὐτοὺς
919 1260 1038 1311 κατ’
1071 1260 1284 1331 ἐκείνην
1319 1260 1419 1330 τὴν
1446 1260 1655 1331 ἡμέραν
1687 1262 1715 1311 ὁ

134 1348 375 1410 πλοῦτος
401 1349 614 1418 ὀνήσει;
662 1348 827 1400 Οὐδὲν
861 1348 968 1419 γὰρ
1008 1348 1340 1420 λυτρώσεται
1390 1351 1587 1412 αὐτοὺς
1617 1351 1716 1419 τῆς

138 1439 595 1509 ἐπαχθησομένης
643 1440 825 1500 αὐτοῖς
883 1438 971 1490 διά
1024 1440 1122 1509 τῆς
1176 1441 1448 1510 ἁμαρτίας
1505 1442 1714 1511 ὀργὴς“

145 1532 334 1603 ὥσπερ
368 1528 461 1584 οὖν
488 1532 607 1583 οὐδὲ
625 1532 871 1599 ἀδελφὸς,
899 1532 1031 1602 φέρε
1058 1535 1250 1597 εἰπεῖν,
1292 1533 1562 1603 θεοφιλὴς,
1596 1532 1717 1584 ούτε

145 1624 302 1687 ἄλλος
327 1642 411 1685 τις
444 1622 745 1693 ἀνθρώπων
774 1622 945 1693 ἰσχύει
978 1621 1354 1693 λυτρώσασθαι
1396 1625 1454 1676 ὲν
1496 1626 1559 1693 τῇ
1595 1624 1717 1675 τότε

142 1717 328 1786 ςἰμέρξι
357 1717 477 1769 τινὰ
499 1734 513 1745 θ
548 1718 641 1769 καὶ
662 1718 708 1768 εί
742 1717 769 1768 ὁ
797 1715 1021 1783 ἀδελφὸς
1051 1715 1149 1767 ούκ
1182 1717 1373 1785 ἰσχύει,
1426 1716 1519 1769 καί
1548 1715 1718 1769 ταῦτα

145 1808 422 1879 θεοφιλὴς,
451 1807 627 1877 πολλῷ
665 1807 821 1860 πλέον
842 1808 941 1859 ούκ
968 1806 1174 1877 ἰσχύσει
1210 1810 1237 1859 ὁ
1259 1807 1508 1870 πλοῦτος.

217 2012 239 2047 ι
273 1984 316 2029 0
344 1977 607 2044 αοελφὸς
642 1980 713 2031 οὐ
746 1978 1067 2045 λυτροῦται
1086 1994 1099 2008 ⁸
1119 1978 1344 2049 ἀδελφὸν
1380 1980 1602 2051 θεοφιλῆ
1628 1979 1720 2033 λέ·-

145 2085 230 2137 γει
258 2070 353 2121 καὶ
377 2070 429 2120 τί
438 2068 605 2139 μιον.]

212 2160 325 2213 Καὶ
350 2160 463 2226 τὴν
487 2159 664 2228 τιμὴν
687 2158 1169 2228 τῆςλυτρὼσεως
1210 2160 1320 2229 τῆς
1364 2161 1574 2229 ψυχῆς
1615 2165 1721 2216 αὐ-

144 2255 275 2308 τοῦ.
315 2253 561 2316 Διδάξας,
594 2254 669 2316 ὡς
697 2253 842 2305 οὐδὲν
872 2256 899 2306 ὁ
928 2253 1154 2317 πλοῦτος
1192 2256 1248 2307 ὲν
1273 2254 1456 2324 ἡμέρᾳ
1489 2255 1721 2325 κρίσεως

146 2346 368 2411 ὠφελεῖ,
399 2346 637 2398 διδάσκει
667 2346 760 2398 καὶ
782 2345 842 2397 τὸ
868 2345 1130 2413 ὠφελοῦν.
1182 2346 1247 2397 Τί
1290 2336 1346 2398 δέ
1393 2345 1551 2399 τοῦτο
1580 2346 1612 2417 ἢ
1638 2347 1718 2400 ’τὸ

148 2438 383 2505 ἐγκοπον
404 2440 498 2490 καὶ
528 2438 779 2490 ἐπίπονον
808 2438 921 2507 βίον
947 2440 1247 2509 κτήσασθαι
1274 2456 1287 2502 ;
1312 2434 1469 2492 Οὗτοι
1496 2440 1601 2511 γάρ
1626 2440 1718 2492 καὶ

150 2529 248 2597 τῆς
298 2529 712 2599 ἐπηγγελμένης
759 2530 900 2598 ζωῆς
942 2530 1080 2581 κατά
1106 2530 1197 2582 τὸν
1243 2530 1502 2600 μέλλοντα
1550 2532 1720 2584 αἰῶνα

146 2618 565 2687 αξιωθήσονται.
605 2621 663 2671 Ὀ
691 2621 895 2672 κοπιῶν
921 2620 1011 2673 διὰ
1040 2622 1140 2691 τῆς
1166 2623 1475 2692 πρακτικῆς
1498 2624 1719 2693 ζήσεται

151 2712 232 2772 εἰς
262 2710 415 2773 τέλος
459 2711 545 2763 διὰ
592 2714 690 2781 τῆς
738 2710 1009 2779 γνώσεως,
1066 2715 1160 2765 καὶ
1191 2713 1455 2766 παύσεται.
1504 2717 1583 2777 εἰς
1631 2716 1720 2768 τὸν

154 2800 344 2864 αἰῶνα,
392 2804 486 2853 καὶ
532 2801 753 2872 ζήσεται
805 2806 883 2866 εἰς
915 2808 1080 2867 νῖκος.
1115 2805 1225 2857 Καὶ
1267 2806 1592 2860 ἐκοπίασεν
1634 2810 1721 2874 εἰς

151 2891 259 2943 τὸν
284 2891 486 2956 αἰῶνα,
515 2895 611 2947 καὶ
642 2888 881 2958 ζήσεται
908 2897 993 2961 είς
1021 2896 1214 2961 τέλος.

224 2984 347 3035 Οὐκ
374 2983 581 3050 ὄψεται
603 2986 999 3052 καταφθορὰν,
1022 2984 1168 3037 ὅταν
1200 2985 1299 3053 ἴδῃ
1329 2986 1557 3054 σοφοὺς
1576 2988 1721 3041 ἀπο-

1810 534 1967 599 liunt,
2003 550 2102 587 nec
2156 535 2333 589 sinent
2372 550 2456 587 me
2499 535 2821 602 supplicium
2872 535 3128 603 effugere.
3180 534 3375 589 Malam

1809 640 1937 678 vero
1961 626 2151 692 judicii
2185 625 2325 678 diem
2360 626 2611 693 appellat,
2653 634 2709 678 ut
2752 641 2872 693 quae
2923 626 3192 694 supplicio
3243 625 3375 679 aﬂ‘e-

1812 717 1915 769 etis
1941 717 2057 769 dira
2093 726 2146 771 et
2172 718 2351 785 gravis
2381 716 2559 771 futura
2599 718 2687 771 sit.
2721 718 3015 785 Apostolus
3045 729 3225 770 autem
3254 733 3375 771 eam

1812 806 1906 861 irae
1949 808 2091 861 diem
2139 809 2373 873 vocavit,
2421 825 2543 862 cum
2580 810 2714 863 dixit
2749 812 2791 839 ³³
2829 830 2839 862 ;
2879 809 3227 862 Tliesaurizas
3282 809 3379 862 tibi

1811 898 1948 949 iram
1975 899 2027 950 in
2060 899 2142 951 die
2178 901 2291 952 iraa.

1885 989 1933 1041 7.
1994 988 2097 1053 Qui
2131 990 2398 1057 conﬁdunt
2438 991 2491 1042 in
2541 991 2726 1042 virtute
2758 1006 2876 1042 sua.
2929 989 3094 1055 Quasi
3146 990 3197 1042 in
3229 1003 3380 1042 com-

1814 1094 1977 1133 mune
2015 1083 2089 1132 ait
2120 1080 2249 1133 illud
2276 1098 2289 1132 τ
2314 1080 2507 1132 Audite
2550 1080 2662 1132 haec
2692 1094 2880 1133 omnes
2919 1079 3011 1147 qui
3080 1080 3133 1131 in
3175 1078 3379 1131 divitiis

1814 1181 1867 1225 et
1911 1171 1966 1225 in
2015 1172 2212 1225 virtute
2263 1171 2554 1225 conﬁditis.
2610 1170 2867 1236 Quanam
2927 1181 3107 1224 autem
3159 1172 3382 1224 audiant

1816 1269 2045 1328 oportet,
2088 1262 2190 1315 nisi
2231 1261 2342 1327 illa,
2379 1262 2522 1330 quod
2556 1264 2763 1316 scilicet
2792 1262 2929 1323 nihil
2978 1263 3084 1314 illis
3131 1263 3381 1316 utilitatis

1816 1353 1870 1405 in
1900 1352 1989 1405 illa
2029 1352 2115 1406 die
2140 1352 2340 1405 divitia:
2368 1355 2476 1405 sint
2510 1353 2796 1406 allaturae?
2833 1350 3020 1422 Neque
3053 1355 3200 1406 enim
3234 1354 3381 1407 redi-

1817 1452 1928 1497 met
1951 1459 2045 1496 eos
2079 1443 2147 1496 ab
2180 1444 2255 1496 ira
2291 1453 2344 1497 et
2376 1442 2613 1496 vindicta
2650 1444 2719 1497 ob
2748 1455 3031 1513 peccatum
3078 1446 3210 1513 ipsis
3240 1443 3383 1497 inﬂi-

1818 1535 2008 1604 genda.
2056 1535 2243 1603 Itaque
2304 1550 2371 1587 ne
2428 1534 2596 1587 frater
2649 1535 2887 1602 quidem,
2950 1544 3009 1591 ut
3057 1537 3128 1589 ita
3180 1538 3379 1602 dicam,

1817 1623 2032 1676 etiamsi
2064 1624 2350 1692 religiosus
2379 1625 2469 1687 sit,
2514 1640 2687 1692 neque
2719 1626 2859 1678 alius
2890 1627 3158 1694 quispiam
3205 1627 3381 1680 homi-

1820 1734 1949 1770 num
1985 1718 2037 1768 in
2064 1716 2151 1768 illa
2188 1717 2272 1769 dic
2304 1732 2632 1784 quemquam
2675 1718 2872 1784 poterit
2903 1718 3187 1771 redimere.
3226 1714 3383 1781 Quod

1821 1809 1865 1860 si
1902 1823 1966 1861 ne
2008 1804 2176 1859 frater
2206 1806 2422 1874 quidem
2467 1804 2657 1871 possit,
2708 1806 2808 1859 etsi
2854 1806 3160 1875 religiosus,
3212 1806 3385 1859 multo

1820 1898 2001 1950 minus
2033 1905 2284 1963 poterunt
2315 1895 2536 1947 divitia.

1818 1996 1852 2051 ᾗ
1904 1985 2138 2056 [Frater
2174 2002 2275 2037 non
2313 1986 2541 2049 redimit,
2584 1982 2801 2038 fratrem
2837 1985 3147 2054 religiosum
3187 1997 3239 2038 et
3280 1987 3382 2039 ho-

1818 2081 2117 2133 norabilem
2145 2080 2317 2131 virum
2352 2079 2498 2131 dicit.
2534 2078 2553 2148 ]

1889 2172 1944 2225 9.
2007 2169 2074 2222 Et
2122 2172 2345 2239 pretium
2380 2170 2749 2238 redemptionis
2802 2172 2995 2224 anima:
3051 2186 3180 2224 suat.
3225 2169 3385 2225 Post-

1820 2278 1981 2332 quam
2006 2264 2193 2317 docuit
2217 2263 2349 2315 nihil
2383 2262 2699 2331 prol‘uluras
2724 2263 2939 2317 divitias
2973 2263 3026 2315 in
3054 2265 3140 2316 die
3172 2263 3381 2331 judicii,

1820 2358 1976 2411 docet
2008 2356 2137 2425 quid
2180 2355 2527 2424 profuturum
2572 2357 2660 2409 sit.
2694 2354 2833 2420 Quid
2871 2366 3050 2409 autem
3090 2356 3245 2417 illud,
3278 2358 3382 2409 nisi

1822 2450 1987 2502 vitam
2037 2448 2316 2501 laboribus
2368 2446 2579 2515 plenam
2631 2446 2874 2500 ducere?
2919 2445 3009 2499 Isti
3054 2446 3198 2499 enim
3261 2462 3387 2515 pro-

1820 2540 1988 2593 missa
2017 2540 2125 2592 vita
2155 2540 2207 2591 in
2261 2537 2445 2591 futuro
2478 2537 2674 2591 saeculo
2708 2536 3094 2604 dignabuntur.
3138 2534 3242 2601 Qui
3288 2551 3385 2603 per

1821 2633 2063 2686 actiones
2104 2630 2336 2693 laborat,
2374 2630 2515 2683 vivet
2552 2644 2725 2697 usque
2770 2629 2822 2681 in
2856 2628 3014 2681 linem
3055 2643 3151 2696 per
3198 2627 3386 2696 cogni-

1822 2725 2051 2788 tionem,
2082 2724 2387 2792 requiescet
2416 2722 2469 2774 in
2498 2722 2778 2787 saeculum,
2808 2722 2952 2773 vivet
2982 2720 3047 2773 ad
3077 2719 3379 2773 victoriam.

1824 2816 1891 2869 Et
1928 2816 2187 2870 laboravit
2219 2816 2270 2868 in
2298 2829 2576 2879 retentum,
2609 2822 2657 2867 et
2692 2815 2819 2867 vivet
2856 2812 3026 2865 adhuc
3052 2814 3103 2865 in
3135 2813 3308 2881 ﬁnem.

1892 3012 1980 3065 10.
2039 3009 2163 3085 Non
2195 3008 2384 3063 videbit
2426 3008 2695 3061 interitum
2739 3023 2855 3059 cum
2900 3006 3085 3058 viderit
3125 3005 3381 3073 sapientes

149 3073 547 3141 θνήσκοντας.
576 3077 671 3140 Εἰς
699 3076 948 3129 τοσοῦτον
978 3076 1086 3147 γὰρ
1124 3078 1341 3149 μακρὰν
1369 3078 1576 3132 ἔσονται
1612 3079 1718 3131 τῶν

1824 3103 2118 3155 morientes.
2151 3100 2225 3154 Ita
2257 3101 2416 3169 longo
2438 3100 2504 3151 ab
2529 3099 2709 3167 impiis
2743 3098 3024 3150 intervallo
3051 3097 3383 3164 separaban-

148 3165 385 3229 ἀσεόῶν,
447 3167 522 3230 ὡς
577 3167 710 3238 μηδὲ
743 3167 1061 3238 πλησιάζειν
1120 3169 1298 3221 αὐτῶν
1331 3173 1395 3240 τῇ
1454 3171 1719 3242 ἀπωλείᾳ.

148 3258 308 3320 Τίνες
330 3260 387 3311 δὲ
421 3259 850 3331 ἀποθνήσκοντες
884 3262 1035 3329 σοφοὶ
1081 3262 1113 3332 ἢ
1160 3263 1286 3333 περὶ
1314 3256 1388 3315 ὧν
1432 3263 1678 3316 λέλεκται
1704 3280 1717 3294 ο

161 3344 387 3398 Ἀπολῶ
418 3346 533 3414 τὴν
564 3350 789 3417 σοφίαν
816 3349 933 3403 τῶν
957 3350 1164 3419 σοφῶν
1200 3352 1296 3404 καί
1324 3351 1440 3419 τὴν
1465 3355 1723 3408 σύνεσιν

148 3434 269 3488 τῶν
296 3437 569 3489 συνετῶν
591 3440 897 3503 (Mattiaco;
952 3442 1199 3495 Παιδεύει
1234 3444 1341 3514 γὰρ
1372 3444 1461 3497 διὰ
1504 3446 1722 3500 πάντων

149 3530 184 3598 ἠ
210 3529 465 3598 παροῦσα
493 3531 701 3602 Γραφὴ,
732 3532 805 3596 ὡς
835 3533 976 3587 κατὰ
1004 3535 1103 3605 τὴν
1128 3535 1337 3605 ἡμέραν
1358 3537 1459 3606 τῆς
1488 3537 1723 3609 κρίσεως

148 3619 273 3672 οὔτε
305 3621 560 3684 πλούσιος
589 3623 779 3675 ἑαυτὸν
831 3625 1035 3695 ῥύεται,
1088 3625 1211 3679 οὔτε
1262 3631 1289 3680 ὁ
1334 3630 1722 3699 νενομισμένος

151 3715 336 3781 σοφὸς.
368 3716 544 3778 Μόνος
570 3715 628 3767 δὲ
655 3718 861 3780 ἐκεῖνος
890 3718 1135 3782 τεύξεται
1182 3720 1279 3789 τῆς
1319 3721 1538 3773 αἰωνίου
1578 3720 1722 3792 ζωῆς

148 3806 179 3855 ὁ
227 3808 286 3856 ὲν
338 3803 416 3874 τῷ
449 3806 675 3876 παρόντι
724 3807 822 3877 βίῳ
872 3809 1200 3879 κατατὴξας.
1264 3809 1395 3863 Ἐπί
1447 3809 1515 3862 τὸ
1574 3811 1718 3862 αὐτὸ

149 3895 357 3963 ἄφρων
386 3899 483 3951 καὶ
522 3896 707 3963 ἄνους
734 3900 1122 3954 ἀπολοῦνται.
1163 3901 1327 3972 Ὁμοῦ
1359 3903 1532 3970 σοφοὶ,
1566 3903 1718 3971 φησι,

152 3989 246 4039 καὶ
278 3989 511 4057 ἄφρονες
538 3990 779 4061 ἀπωλείᾳ
826 3992 1325 4064 παραδοθήσονται·
1379 3994 1438 4045 οὐ
1487 3992 1722 4063 διενηνό-

150 4096 310 4148 χασιν
348 4080 456 4150 γὰρ
478 4081 719 4151 ἀλλήλων
749 4082 921 4147 οὐδὲν,
956 4084 1154 4153 ὁμοίως
1186 4084 1717 4155 εἰδωλιολατροῦντες.

147 4174 261 4225 Καὶ
290 4174 767 4241 καταλείψουσιν
791 4176 1128 4242 ἀλλοτρίοις
1148 4177 1254 4228 τὸν
1296 4177 1562 4229 πλοῦτον
1609 4179 1720 4230 αὐ-

149 4263 291 4318 τῶν.
328 4264 402 4317 Ού
430 4264 537 4334 γὰρ
558 4265 825 4337 ἡθέλησαν
859 4268 1021 4320 αὐτὸν
1046 4270 1240 4321 οἰκεῖον
1275 4268 1600 4339 ποιήσασθαι
1634 4268 1721 4322 διὰ

146 4356 247 4425 τῆς
278 4356 360 4418 εἰς
390 4359 517 4420 τοὺς
537 4357 821 4427 δεομένους
853 4359 1191 4430 εὐεργεσίας.
1586 4342 1589 4345 ἢ

1826 3200 1930 3254 tur,
1954 3198 2214 3243 uteorum
2232 3188 2516 3257 perditioni
2544 3203 2609 3240 ne
2633 3188 2915 3239 minimmn
2945 3186 3161 3255 quidem
3188 3202 3385 3255 appro-

1823 3283 2104 3353 pinquent.
2136 3281 2238 3346 Qui
2274 3290 2400 3335 sunt
2431 3290 2609 3334 autem
2650 3281 2723 3333 illi
2764 3280 3034 3347 sapientes
3067 3278 3382 3343 morientes,

1822 3377 1928 3430 nisi
1956 3376 1991 3427 ii
2017 3375 2083 3427 de
2117 3375 2315 3443 quibus
2344 3374 2545 3427 dictum
2578 3372 2620 3403 ¹⁶⁰
2656 3391 2668 3424 :
2700 3371 2928 3423 Perdam
2964 3372 3277 3439 sapientiam
3298 3388 3384 3423 sa-

1821 3469 2096 3539 pientium,
2124 3475 2173 3518 et
2211 3465 2611 3534 intelligentiam
2654 3463 3048 3532 intelligentiam
3076 3461 3380 3529 despiciam.

1825 3561 1991 3615 Docet
2030 3561 2176 3613 enim
2212 3558 2411 3626 ubique
2445 3571 2682 3626 praesens
2718 3554 3017 3623 Scriptura,
3046 3552 3189 3621 quod
3217 3553 3270 3605 in
3297 3552 3386 3605 die

1818 3654 2032 3723 judicii,
2067 3666 2241 3720 neque
2274 3651 2424 3704 dives
2471 3650 2707 3717 seipsum
2748 3646 3132 3715 redempturus
3168 3646 3255 3709 sit,
3292 3660 3377 3699 ne-

1822 3762 1929 3815 que
1956 3745 2132 3814 quivis
2160 3743 2377 3811 sapiens
2410 3742 2772 3795 existimatus.
2800 3737 2979 3792 Vitam
3015 3750 3195 3791 autem
3228 3746 3386 3790 aeter-

1822 3853 1946 3892 nam
1978 3838 2023 3891 is
2054 3836 2202 3890 solus
2233 3845 2594 3899 consequetur
2623 3832 2716 3899 qui
2752 3832 2803 3882 in
2840 3831 2941 3883 hac
2978 3830 3085 3881 vita
3116 3844 3172 3883 se
3206 3842 3385 3880 mace—

1822 3928 2042 3982 raverit.
2079 3923 2250 3978 Simul
2292 3924 2541 3990 insipiens
2584 3931 2633 3973 et
2679 3920 2872 3971 stultus
2920 3916 3161 3987 peribunt
3194 3933 3211 3970 :
3242 3916 3381 3980 Una,

1821 4020 2019 4089 inquit,
2050 4017 2319 4086 sapientes
2349 4024 2401 4067 et
2431 4013 2580 4067 stulti
2614 4011 2873 4081 perniciei
2903 4009 3184 4063 tradentur
3216 4026 3230 4061 :
3272 4023 3382 4061 non

1821 4112 2076 4167 differunt
2122 4110 2267 4164 enim
2323 4115 2512 4160 mutuo
2542 4145 2555 4169 ,
2610 4104 2775 4159 simili
2830 4100 3150 4156 idololatria:
3198 4100 3383 4170 generi

1820 4202 2010 4258 dediti.
2066 4200 2136 4253 Et
2172 4201 2460 4268 relinquent
2503 4198 2687 4251 alienis
2736 4196 2949 4248 divitias
3003 4208 3147 4245 suas.
3196 4189 3385 4261 Neque

1821 4294 1967 4348 enim
2010 4293 2131 4347 illas
2160 4291 2262 4346 sibi
2295 4290 2541 4360 proprias
2585 4298 2639 4342 et
2681 4288 2867 4341 ﬁrmas
2905 4282 3238 4341 constituere
3288 4297 3384 4337 vo-

1822 4386 2065 4447 luerunt,
2096 4383 2370 4437 beneliciis
2395 4396 2521 4449 erga
2548 4394 2768 4450 egenos.

221 4445 333 4499 Kal
359 4449 414 4499 οὶ
444 4446 615 4514 τάφοι
639 4446 835 4499 αὐτῶν
862 4448 1038 4500 οἰκίαι
1063 4448 1262 4500 αὐτῶν
1286 4451 1372 4514 είς
1398 4449 1503 4501 τὸν
1517 4448 1718 4504 αίῶνα.

1896 4476 1981 4528 12.
2042 4445 2110 4526 Et
2149 4473 2390 4541 sepulcra
2437 4445 2616 4524 eorum
2668 4468 2852 4522 domus
2889 4466 3103 4520 illorum
3137 4468 3192 4518 in
3230 4475 3381 4518 mter-

152 4537 250 4589 Διὰ
272 4537 383 4589 τῶν
407 4537 591 4605 τάφων
611 4538 708 4607 τὴν
745 4538 1038 4608 νεκρότητα
1076 4539 1327 4608 σημαίνει
1371 4540 1438 4609 ἢν
1472 4541 1723 4594 ἐνέδυσαν

146 4626 251 4697 τὴν
276 4627 455 4697 ψυχὴν
476 4627 674 4693 αὐτῶν,
714 4628 863 4681 οὐδὲν
886 4628 1043 4699 ὀρθὸν
1078 4630 1199 4681 οὐδὲ
1238 4629 1391 4692 εύθὲς
1423 4632 1724 4701 φρονήσαν-

142 4736 239 4782 τες
271 4720 401 4790 περὶ
434 4719 588 4771 Θεοῦ.
618 4719 981 4788 Σκηνώματα
1022 4719 1222 4773 αὐτῶν
1260 4723 1348 4786 εὶς
1382 4722 1596 4790 γενεὰν
1624 4724 1721 4775 καὶ

144 4810 385 4879 γενεάν.
420 4812 487 4863 Αἱ
512 4811 729 4880 σκηναὶ,
765 4812 948 4882 φησὶν,
977 4813 1034 4863 ὲν
1066 4807 1152 4874 αἷς
1189 4812 1388 4875 ζῶντες
1418 4812 1597 4882 ᾤκουν
1629 4814 1721 4883 ἀφ’

140 4905 352 4975 ἑτέρων
377 4906 458 4967 εἰς
506 4904 723 4975 ἐτέρους
747 4904 934 4973 ἥξουσι
966 4908 1104 4957 κατά
1135 4905 1325 4971 γενεάς
1347 4922 1360 4935 ο
1409 4904 1566 4958 τοῦτο
1614 4906 1721 4978 γὰρ

142 4998 242 5049 καὶ
278 4997 535 5067 ἀνωτέρω
557 4998 806 5067 εἴρηκεν,
836 4998 917 5049 ὃτι
942 4997 1418 5065 καταλείψουσιν
1438 4998 1719 5066 ἀλλοτρί-

142 5109 238 5155 οις
264 5088 374 5141 τὸν
398 5088 666 5141 πλοῦτον
694 5086 909 5141 αὐτῶν.
956 5088 1432 5143 Ἐπεκαλέσαντο
1464 5089 1535 5143 τὰ
1585 5091 1718 5145 ὀνό-

134 5199 301 5249 ματα
346 5179 544 5234 αὐτῶν
590 5180 689 5232 ἐπὶ
741 5179 860 5233 τῶν
898 5179 1098 5248 γαιῶν.
1148 5180 1297 5243 Δέον,
1330 5181 1484 5251 φησί,
1513 5182 1600 5235 διὰ
1632 5184 1720 5235 πί-

143 5291 320 5336 στεως
353 5273 450 5325 καὶ
479 5272 750 5335 πολιτείας
774 5272 1032 5343 λαμπρᾶς
1061 5273 1480 5343 παρασκευάσαι
1512 5275 1719 5344 γραφῆ-

139 5380 230 5419 ναι
255 5364 439 5417 αὐτῶν
464 5363 534 5417 τὰ
554 5362 787 5432 ὀνόματα
817 5364 875 5414 ἐν
903 5365 1011 5424 τοῖς
1036 5364 1282 5432 οὐρανοῖς
1305 5378 1318 5391 ο
1350 5364 1399 5413 oi
1422 5361 1478 5413 δὲ
1503 5362 1595 5415 ἐπὶ
1619 5362 1718 5433 τῆς

137 5458 244 5525 γῆς
276 5454 419 5507 αὐτά
449 5454 849 5507 ἐπεκαλέσαντο
881 5453 1202 5523 ἐπωνύμους
1230 5454 1412 5516 αὐτοῖς
1442 5452 1715 5517 κτίζοντες

137 5548 346 5611 πόλεις.

242 5744 290 5774 ³⁸
352 5742 511 5799 Rom.
541 5759 603 5807 ιι,
628 5744 680 5798 5.
748 5744 790 5776 ⁸ο
826 5745 929 5797 lsa.
964 5756 1114 5808 xxix,
1171 5741 1267 5809 lt;
1298 5739 1315 5791 I
1345 5741 1469 5796 Cor.
1500 5756 1550 5805 ι,
1584 5740 1667 5793 19.

1824 4582 1969 4620 num.
2003 4565 2103 4619 Per
2141 4566 2389 4633 sepulcra
2425 4562 2806 4615 mortalitatem
2850 4557 3121 4629 signiﬁcat
3153 4571 3260 4627 qua
3296 4556 3382 4609 in-

1822 4661 2059 4713 duerunt
2088 4657 2327 4711 animam
2358 4670 2536 4719 suam,
2572 4653 2705 4705 nihil
2730 4652 2981 4721 probum,
3002 4649 3138 4702 nihil
3170 4658 3379 4703 rectum

1823 4752 2005 4803 animo
2047 4756 2329 4802 versantes
2374 4746 2516 4799 circa
2562 4742 2748 4796 Deum.
2803 4741 3163 4795 Tabernacula
3202 4757 3382 4793 eorum

1821 4845 1875 4894 in
1909 4842 2151 4911 progenie
2196 4848 2247 4893 et
2294 4839 2554 4908 progenie.
2611 4822 3008 4897 Tabernacula,
3072 4833 3127 4886 in
3182 4835 3384 4902 quibus

1820 4935 1948 4987 dum
1986 4934 2150 4987 vitam
2180 4942 2401 5002 agerent
2452 4929 2792 4991 habitabant,
2846 4927 2913 4980 ab
2970 4925 3094 4980 aliis
3134 4926 3201 4979 ad
3244 4925 3383 4979 alios

1820 5029 2220 5092 consequenter
2253 5037 2348 5091 per
2393 5020 2770 5089 generationes
2821 5018 3003 5072 varias
3050 5016 3377 5070 devenient:

1821 5116 1951 5168 illud
2005 5115 2150 5167 enim
2207 5111 2461 5182 superius
2513 5126 2733 5180 quoque
2787 5110 3035 5175 dixerat,
3088 5109 3379 5176 relinquerat

1820 5208 2006 5261 alienis
2065 5207 2279 5259 divitias
2330 5221 2475 5257 suas.
2528 5203 2850 5257 Vocat'erunt
2902 5204 3114 5254 nomina
3169 5217 3266 5252 sua
3326 5201 3381 5251 in

1820 5298 1994 5353 terris.
2024 5296 2127 5349 Par
2154 5305 2290 5359 erat,
2320 5296 2416 5361 ait,
2448 5304 2507 5349 ut
2540 5310 2633 5363 per
2658 5294 2817 5348 [idem
2848 5302 2902 5347 et
2943 5292 3256 5361 praeclaram
3293 5291 3379 5344 in-

1819 5393 2154 5447 stitutionem
2191 5390 2241 5442 id
2292 5389 2587 5452 eliicerent,
2640 5398 2699 5441 ut
2756 5387 2996 5455 ipsorum
3057 5383 3277 5436 nomina
3326 5383 3378 5435 in

1818 5486 1970 5539 caelis
2014 5483 2489 5546 describerentur;
2524 5480 2601 5533 illi
2651 5490 2831 5533 autem
2866 5479 2918 5530 in
2950 5474 3110 5529 terris
3149 5488 3380 5528 vocave-

1816 5584 1963 5643 runt,
1988 5589 2115 5631 cum
2145 5572 2498 5644 cognomines
2524 5570 2628 5627 sibi
2662 5570 2824 5626 urbes
2853 5570 3253 5625 construerent.
