3872 6216
502 272 613 326 2ἒῖ

1316 276 1369 329 S.
1416 277 1783 332 ATHANASII
1827 282 1975 336 OPP.
2020 284 2199 339 PARS
2238 285 2323 337 ΙΠ.
2368 316 2433 324 -
2475 286 2887 341 EXEGETICA.

3640 291 3746 347 228

581 386 664 439 15.
732 385 798 439 Et
833 387 982 440 homo
1012 405 1128 441 cum
1150 394 1201 441 in
1237 389 1429 443 honore
1466 402 1596 444 esset
1628 410 1733 445 non
1780 396 2057 452 intellexit.

2236 400 2347 453 Kal
2380 401 2689 469 ἅνθρωπος
2711 404 2784 456 ἐν
2811 402 2948 473 τιμῇ
2968 405 3053 456 ῶν
3077 408 3149 458 οὐ
3180 405 3435 473 συνῆκε.
3469 408 3543 462 Τὸ
3575 412 3751 465 αἴτιον

506 476 639 543 Quae
674 492 838 532 causa
866 476 1028 532 fuerit
1063 480 1209 549 quod
1239 481 1339 549 ipsi
1378 496 1444 534 eo
1473 482 1608 551 lapsi
1640 485 1750 538 sint
1782 496 1839 541 ut
1873 488 1980 542 alte
2004 490 2070 545 de

498 586 564 625 se
590 571 873 632 sentirent,
909 573 1153 625 enuntiat
1191 572 1301 637 ille,
1347 573 1599 628 videlicet
1637 577 1820 630 carnis
1866 594 2069 634 concu-

502 663 798 733 piscentiae.
836 662 947 717 Hoc
977 674 1155 716 autem
1192 672 1276 717 est
1320 664 1580 719 honorem
1632 669 1914 737 proprium
1958 687 2067 725 non

502 755 818 824 intelligere,
842 755 983 822 quod
1011 755 1221 809 scilicet
1243 756 1308 810 ad
1341 758 1631 827 imaginem
1654 758 1745 813 Dei
1777 760 1905 815 facti
1930 762 2060 815 sint.

501 845 582 900 Ad
614 846 1024 900 similitudinem
1057 858 1237 901 autem
1266 849 1635 917 iumentorum
1664 853 2060 921 insipientium,

502 952 611 1006 prae
634 937 950 992 C(BleSIillUS
988 939 1357 994 tabernaculis
1399 951 1599 995 terram
1638 942 1879 996 incolere
1917 943 2064 997 dele-

498 1037 711 1097 gerunt,
752 1037 805 1083 et
835 1030 1085 1100 sepulcra
1114 1047 1143 1085 a
1178 1030 1289 1085 Deo
1338 1032 1701 1086 concedenda:
1750 1034 1873 1087 vitae
1913 1049 2052 1103 prae-

494 1121 757 1175 tulerunt.

566 1212 653 1265 M.
713 1210 843 1267 ch
874 1214 957 1266 via
1002 1214 1217 1267 illorum
1247 1216 1561 1269 scandalum
1603 1219 1753 1285 ipsis.
1782 1216 1937 1271 Viam
1971 1218 2056 1272 di-

490 1303 629 1356 vina:
689 1302 880 1356 litterae
941 1303 1207 1372 cujusque
1261 1304 1496 1358 hominis
1552 1306 1715 1359 vitam
1773 1307 2056 1377 appellare

490 1399 913 1456 consueverunt,
973 1400 1028 1445 et
1087 1393 1209 1447 vita:
1266 1394 1546 1447 hominum
1610 1405 1843 1465 tempus.
1905 1397 2055 1454 Hanc

490 1496 643 1550 ergo,
694 1482 789 1543 ait,
823 1498 1070 1550 asperam
1106 1493 1158 1537 et
1186 1485 1429 1539 odiosam
1454 1488 1619 1539 vitam
1659 1490 1871 1556 paravit
1906 1490 2010 1544 illis
2032 1530 2047 1553 ,

489 1574 619 1639 quia
666 1581 873 1626 rectum
924 1575 1059 1627 nihil
1112 1577 1397 1630 senlirent.
1455 1577 1560 1632 Sed
1597 1580 1817 1647 quando
1851 1582 1904 1634 in
1956 1582 2048 1635 illa

488 1662 857 1731 profecerunt,
886 1676 995 1719 tum
1046 1668 1302 1721 scandala
1347 1684 1412 1723 ne
1445 1671 1752 1725 sentiebant
1802 1673 2046 1741 quidem.

2170 491 2260 544 τοῦ
2287 492 2539 545 ἐκπεσεῖν
2560 494 2755 558 αὐτοὺς
2786 497 2863 558 εἰς
2892 497 2951 548 τὸ
2993 498 3135 568 μέγα
3175 503 3389 569 φρονεῖν
3422 501 3491 553 τὰ
3540 506 3746 574 capacia;

2166 580 2559 652 ἐπιθυμήματα
2610 584 2778 651 λέγει.
2814 586 2983 639 Τοῦτο
3036 588 3093 639 δέ
3135 590 3249 642 ἐστι
3280 590 3341 642 τὸ
3377 590 3450 661 μὴ
3506 593 3746 645 συνιέναι

2166 672 2261 741 τὴν
2280 673 2443 742 τιμήν
2464 672 2661 737 αὐτῶν,
2688 675 2768 726 ὅτι
2786 674 2848 744 δὴ
2882 675 3001 727 κατ’
3031 676 3214 728 εἰκόνα
3239 678 3563 746 πεποίηνται
3587 678 3742 731 Θεοῦ.

2177 765 2401 834 Ὁμοίως
2421 764 2475 816 δὲ
2504 768 2616 829 τοῖς
2645 768 2868 837 κτήνεσι
2886 771 2997 830 τοῖς
3022 769 3269 838 ἀνοήτοις
3298 770 3401 839 γῆν
3434 772 3604 822 οίκεῐν
3626 771 3746 823 ἀντὶ

2162 855 2270 907 τῶν
2299 856 2566 926 οὐρανίων
2604 858 2817 927 σκηνῶν
2839 859 3263 930 κατηλλάξαντο,
3280 862 3372 914 καὶ
3394 862 3602 928 τάφους
3624 862 3744 914 ἀντὶ

2161 947 2260 1016 τῆς
2289 946 2439 1017 παρὰ
2470 947 2605 1000 Θεοῦ
2630 946 2799 1017 ζωῆς.

2226 1216 2386 1282 Αὕτη
2411 1215 2449 1282 ἡ
2484 1216 2624 1282 ὁδὸς
2643 1216 2841 1270 αὐτῶν
2877 1217 3238 1271 σκάνδαλον
3258 1220 3481 1287 αὐτοῖς.
3526 1221 3676 1275 Ὀδὸν
3704 1226 3743 1293 ἠ

2158 1299 2277 1354 θεία
2313 1302 2504 1372 Γραφὴ
2539 1304 2627 1356 τὸν
2657 1305 2887 1357 ἑκάστου
2937 1306 3050 1375 βίον
3079 1303 3185 1359 οἶδε
3240 1308 3446 1374 καλεῖν,
3505 1312 3600 1363 καὶ
3647 1312 3740 1365 τὸν

2154 1393 2384 1445 ἑκάστου
2414 1394 2511 1462 τῆς
2531 1394 2703 1465 Ρςωῆς
2753 1397 2961 1465 χρόνον.
2998 1398 3211 1469 Ταύτην
3244 1397 3337 1453 οὗν
3360 1440 3375 1465 ,
3437 1405 3592 1473 φησὶ,
3638 1406 3737 1475 τὴν

2154 1481 2268 1535 ὁδὸν
2290 1487 2547 1553 τραχεῖαν
2591 1487 2685 1538 καὶ
2714 1486 2913 1557 ἐχθράν
2943 1489 3345 1543 κατεσκεύασεν
3394 1495 3600 1556 αὐτοῖς,
3639 1497 3734 1547 ἀτε

2155 1574 2319 1644 μηδὲν
2350 1575 2504 1638 εύθὲς
2552 1580 2975 1647 πεφρονηκότες.
3039 1580 3177 1632 Ἀλλ’
3211 1582 3299 1633 ὅτε
3335 1582 3434 1651 μὲν
3464 1587 3733 1655 προσέκο-

2155 1683 2286 1717 πτον
2315 1669 2370 1718 ἐν
2404 1667 2563 1736 αὐτῇ,
2593 1668 2692 1721 οὐκ
2719 1670 3013 1739 ᾐσθάνοντο
3045 1672 3151 1723 τῶν
3200 1674 3529 1729 σκανδάλων.
3569 1681 3733 1730 Μετα

489 1753 681 1806 Postea
724 1771 852 1809 vero
881 1760 935 1809 in
976 1774 1067 1810 ore
1096 1774 1189 1811 suo
1218 1759 1632 1828 comptacebunt,
1683 1765 1840 1832 quasi
1883 1767 2048 1830 dicat,

2156 1756 2434 1810 δὲταῦτα
2479 1759 2549 1810 ἐν
2598 1758 2676 1824 τῷ
2709 1764 2958 1829 arduam
3004 1762 3199 1816 αὐτῶν
3246 1764 3733 1834 εὐδοκήσουονιν,

484 1840 899 1900 Conﬁtebuntur
923 1850 1297 1916 ptenitentiam
1329 1860 1572 1921 agentes,
1605 1856 1749 1923 quod
1771 1855 1826 1908 in
1857 1857 2051 1926 hujus-

486 1933 630 1986 modi
673 1935 758 1989 via
814 1938 1173 2004 incesserint;
1215 1942 1308 1996 sed
1360 1944 1583 2012 quando
1630 1961 1737 1999 non
1767 1948 1874 2001 erit
1907 1950 2048 2003 ultra

484 2024 816 2091 poenitentiae
851 2039 1088 2098 tempus.

555 2115 642 2169 15.
713 2115 864 2172 Sicut
909 2137 1023 2174 oves
1065 2124 1119 2174 in
1163 2124 1365 2191 inferno
1421 2128 1581 2195 positi
1632 2138 1774 2182 sunt.
1817 2129 2047 2196 Quando

479 2206 774 2281 npluerunt
818 2212 920 2263 sub
965 2211 1109 2266 bono
1153 2225 1373 2281 pastore
1426 2232 1630 2287 agere:
1683 2219 1779 2273 sed
1828 2222 2047 2290 repulso

478 2297 707 2363 honore,
752 2300 975 2367 perinde
1007 2310 1171 2373 atque
1198 2305 1447 2371 jumcnta
1507 2324 1740 2379 corpore
1792 2316 2039 2381 corrupti

473 2399 634 2453 sunt;
667 2389 868 2446 idcirco
891 2408 1088 2462 pecora
1118 2396 1312 2450 inferni
1341 2398 1517 2453 eﬂ'ecli
1552 2411 1699 2466 sunt,
1734 2403 1809 2456 ita
1852 2412 1911 2457 ut
1942 2405 2043 2459 de-

477 2497 624 2536 mum
658 2493 843 2552 pastor
886 2502 1074 2541 eorum
1113 2489 1179 2543 ad
1226 2505 1426 2558 pascua
1475 2508 1574 2546 sua
1626 2494 1862 2549 abducat
1912 2511 2038 2562 eos,

474 2575 611 2629 alios
640 2577 856 2644 quidem
890 2580 944 2632 in
971 2580 1147 2649 ignem
1176 2591 1475 2649 aeternum;
1511 2585 1631 2639 illos
1661 2601 1727 2640 eo
1751 2588 1842 2641 ubi
1882 2587 2040 2644 ﬂetus

469 2677 526 2721 et
563 2669 761 2722 stridor
791 2670 1056 2737 dentium,
1089 2671 1226 2727 alios
1251 2674 1306 2726 in
1334 2676 1583 2730 tenebras
1608 2678 1924 2734 exteriores.

2156 1849 2274 1901 ἀντὶ
2302 1849 2416 1909 τοῦ,
2459 1851 2877 1921 Ὀμολογήσουσι
2920 1857 3348 1923 μετανοήσαντες
3379 1858 3463 1926 ἐφ’
3499 1853 3581 1921 οἷς
3617 1877 3728 1912 τοι-

2152 1941 2323 2012 αύτην
2362 1941 2600 1995 ὥδευσαν
2634 1945 2837 2015 τρίϐον,
2866 1947 2953 1999 ὅτε
2980 1948 3077 2017 οὐχ
3102 1948 3281 2014 ἕξουσι
3307 1950 3407 2019 τῆς
3442 1954 3730 2021 μετανοίας

2153 2032 2361 2101 καιρόν.

2231 2122 2327 2187 Ὡς
2356 2125 2617 2190 πρόϐατα
2638 2125 2708 2177 ἐν
2729 2125 2842 2193 ᾅδῃ
2868 2126 3091 2181 ἔθεντο.
3147 2132 3364 2204 Ἐπειδὴ
3406 2135 3505 2187 οὐκ
3534 2135 3731 2204 ἠθέλη-

2148 2231 2247 2267 σαν
2278 2215 2383 2267 ύπὸ
2410 2216 2502 2268 τὸν
2534 2217 2743 2284 ἀγαθὸν
2772 2213 2911 2271 εἶναι
2933 2222 3183 2289 ποιμένα,
3222 2224 3357 2277 ἀλλὰ
3389 2228 3488 2295 τὴν
3518 2227 3730 2282 ἑαυτῶν

2145 2308 2308 2377 τιμὴν
2361 2309 2753 2378 ἀπωσάμενοι,
2789 2313 3183 2383 παραπλησίως
3239 2320 3351 2379 τοῖς
3400 2321 3621 2389 κτήνεσι
3658 2337 3727 2373 τα

2148 2396 2375 2466 σώματα
2398 2399 2767 2471 διεφθάρησαν
2788 2419 2799 2430 ·
2828 2403 2999 2474 ταύτῃ
3024 2423 3105 2457 τοι
3133 2406 3227 2458 καὶ
3257 2406 3547 2478 θρέμματα
3568 2428 3726 2479 γεγο-

2144 2506 2295 2541 νασιν
2328 2490 2477 2558 ᾅδου,
2507 2492 2581 2554 ὡς
2611 2493 2795 2546 λοιπὸν
2834 2496 2996 2548 αὑτὸν
3041 2500 3394 2567 ποιμαίνοντα
3415 2503 3613 2565 αὐτοὺς
3642 2507 3723 2565 είς

2144 2581 2239 2643 τὰς
2272 2581 2434 2634 αὐτοῦ
2476 2583 2646 2653 νομὰς
2694 2584 2942 2651 ἀπάξειν,
2975 2590 3098 2651 τοὺς
3148 2591 3244 2659 μὲν
3281 2593 3360 2654 είς
3400 2592 3460 2645 τὸ
3504 2594 3617 2664 πῦρ
3662 2594 3725 2644 ’ὃ

2145 2672 2380 2737 αἰώνιον,
2411 2677 2535 2739 τοὺς
2559 2676 2616 2729 δὲ
2646 2679 2779 2730 ὅπου
2815 2682 2843 2731 ὁ
2875 2680 3147 2750 κλαυθμὸς
3177 2684 3270 2735 καὶ
3323 2683 3566 2755 βρυγμὸς
3613 2683 3719 2739 τίν.

2144 2763 2388 2829 ὀδόντων,
2426 2767 2549 2830 τοὺς
2573 2768 2628 2820 δὲ
2663 2771 2741 2831 είς
2776 2772 2833 2822 τὸ
2862 2771 3049 2835 σκότος
3075 2772 3135 2825 τὸ
3164 2772 3448 2846 ἐξώτερον.

543 2860 740 2929 Adjicit
788 2862 977 2915 Daniel
1035 2864 1325 2919 Barbarus.
1373 2866 1642 2920 Caeterum
1687 2868 1843 2938 juxta
1894 2868 2281 2941 Symmachum
2332 2892 2346 2927 :
2389 2874 2515 2929 Haec
2580 2877 2669 2931 via
2729 2879 2945 2932 illorum
3001 2881 3285 2937 dementiae
3321 2885 3473 2953 ipsis,
3515 2896 3716 2958 poster;

469 2965 598 3004 vero
656 2953 871 3006 illorum
922 2969 1226 3010 sermonem
1282 2959 1592 3025 probabunt
1647 2976 1662 3011 :

1723 2976 1832 3014 non
1887 2962 2031 3016 enim
2074 2965 2263 3033 primis
2294 2975 2379 3021 sat
2418 2967 2523 3021 fuit
2555 2970 2633 3022 uti
2675 2969 2962 3025 dementiae
3022 2973 3128 3035 via,
3190 2975 3292 3027 nisi
3333 2978 3492 3029 etiam
3539 2978 3719 3045 perni-

468 3045 677 3101 ciosum
707 3048 937 3114 posteris
969 3049 1275 3117 exemplum
1312 3049 1442 3104 facti
1490 3053 1666 3107 simile
1728 3053 1796 3107 ad
1858 3056 1943 3109 sui
1996 3056 2356 3111 imitationem
2403 3060 2645 3115 studium
2708 3063 2812 3117 illis
2862 3064 3255 3134 relinquerent,
3315 3078 3373 3122 ut
3419 3079 3472 3122 et
3515 3056 3721 3137 posteri

466 3137 522 3190 in
552 3151 764 3190 morum
810 3153 1033 3191 suorum
1080 3141 1162 3193 via
1192 3142 1293 3195 sibi
1330 3144 1621 3211 placerent,
1666 3154 1719 3198 et
1747 3146 1866 3200 illos
1902 3148 2205 3204 imitatione
2252 3162 2631 3218 sequerentur.

538 3225 608 3279 Et
645 3227 1055 3282 dominabuntur
1094 3247 1272 3285 eorum
1292 3233 1432 3301 justi
1480 3236 1534 3288 in
1586 3240 1867 3292 matutino.
1911 3237 2028 3293 Non
2060 3252 2101 3307 ο

467 3317 720 3380 ulterius,
763 3320 1226 3387 quemadmodum
1264 3323 1319 3376 iu
1364 3325 1467 3379 hac
1512 3326 1617 3378 vita
1659 3343 1782 3381 cum
1829 3339 2035 3395 essent,

460 3409 730 3463 adversus
786 3410 907 3479 pios
963 3412 1212 3465 homines
1264 3413 1588 3484 insurgunt;
1620 3432 1807 3472 verum
1847 3430 2036 3475 contra

462 3501 556 3557 oui
592 3500 857 3555 matutino
899 3512 1141 3572 tempore
1183 3504 1389 3573 dignati
1440 3517 1569 3561 sunt
1611 3518 1665 3562 et
1697 3526 1837 3564 novo
1874 3512 2038 3566 lumi-

464 3603 556 3653 ne,
604 3590 785 3659 impiis
816 3592 1182 3658 imperabunt.
1236 3594 1306 3646 Et
1360 3598 1619 3650 auxilium
1663 3616 1841 3653 eorum
1904 3612 2036 3656 vete-

463 3683 711 3749 γοεραί-ἕο
756 3683 982 3751 inferno,
1012 3696 1116 3741 etc.
1161 3684 1353 3749 Omne,
1392 3688 1589 3757 inquit,
1628 3693 1891 3745 auxilium
1937 3709 2033 3749 eo-

462 3787 606 3837 rum,
653 3774 861 3827 scilicet
894 3776 1071 3829 virtus
1115 3792 1282 3846 quam
1340 3780 1660 3836 obtinebant
1708 3799 1774 3837 ex
1812 3786 1984 3855 gloria
2016 3828 2031 3853 ,

461 3870 637 3915 morte
670 3862 1018 3918 dissolvetur.
1062 3864 1199 3921 Illud
1228 3869 1398 3932 enim,
1437 3882 1736 3939 veterascet,
1777 3890 1877 3944 pro
1925 3878 2035 3931 sol-

464 3960 618 4007 1retur
648 3954 883 4023 positum
930 3965 1033 4011 est.

538 4042 626 4096 i6.
706 4043 1071 4100 Verumtamen
1124 4049 1261 4105 Deus
1317 4053 1535 4107 redimet
1584 4058 1816 4109 animam
1862 4076 2031 4113 meam

453 4135 522 4188 de
547 4151 706 4188 manu
747 4138 925 4207 inferi,
969 4157 1087 4193 cum
1121 4147 1373 4213 acceperit
1409 4163 1508 4199 me.
1559 4146 1683 4214 Mei,
1719 4150 1915 4219 inquit,
1954 4153 2029 4207 ita

457 4227 730 4296 loquentis
772 4232 1008 4285 animam
1044 4234 1275 4289 redimet
1306 4236 1469 4305 Deus,
1507 4249 1565 4292 ut
1596 4256 1663 4293 ne
1705 4257 1810 4295 una
1853 4244 2026 4297 abdu-

454 4329 610 4375 catur
635 4320 749 4388 illa,
785 4332 840 4377 et
871 4324 1152 4380 deseratur
1186 4344 1310 4382 cum
1343 4331 1537 4386 ovibus
1564 4332 1785 4389 inferni.

537 4493 623 4550 l7.
661 4494 743 4550 Ne
771 4500 1005 4555 timueris
1051 4520 1169 4557 cum
1213 4506 1355 4563 dives
1406 4509 1580 4577 factus
1632 4512 1793 4580 fuerit
1846 4517 2016 4571 homo.

451 4584 590 4642 Cum
621 4589 895 4658 didiceris,
929 4595 1024 4659 ait,
1076 4598 1170 4667 qui
1221 4600 1346 4656 ﬁnis
1415 4604 1522 4658 erit
1576 4606 1890 4678 impiorum,
1952 4590 2094 4667 neD

453 4676 644 4733 beatos
668 4682 932 4749 praedices
969 4700 1064 4742 eos
1094 4690 1188 4758 qui
1222 4691 1275 4744 in
1309 4692 1419 4748 vita
1456 4676 1737 4754 divitesiet
1778 4676 2020 4773 opulenti

453 4778 601 4834 sunt,
634 4787 742 4826 non
777 4776 970 4832 timeas
996 4783 1152 4848 quasi
1201 4786 1349 4838 omni
1397 4802 1491 4856 spe
1535 4790 1887 4858 interclusus,
1923 4813 2022 4852 nec

454 4869 514 4912 ut
545 4863 758 4931 magnis
805 4867 1029 4923 orbatus
1076 4876 1363 4940 praesentis
1415 4878 1536 4932 vita:
1598 4881 1780 4949 bonis,
1836 4887 2019 4941 animo

452 4950 691 5008 delicias.
718 4953 890 5012 Probe
917 4963 1059 5015 nosti
1086 4965 1213 5031 quia
1248 4976 1299 5020 te
1330 4980 1610 5041 exspectat
1656 4976 1960 5046 redemptio
1986 4996 2016 5032 a

452 5053 625 5097 morte
645 5053 699 5099 et
731 5049 838 5101 vita
865 5060 1087 5107 aeterna.
1129 5056 1231 5121 Qui
1273 5069 1452 5115 autem
1490 5079 1519 5116 a
1550 5067 1735 5120 multis
1763 5071 2016 5135 praedica-

449 5143 536 5186 tur
568 5134 637 5187 ob
659 5136 887 5192 divitias
927 5142 1288 5217 gloriamque,
1324 5161 1379 5204 et
1418 5154 1487 5207 ob
1519 5155 1664 5211 illam
1701 5134 1836 5215 falso
1875 5176 2016 5216 nun-

447 5235 697 5294 cupatam
730 5232 1072 5301 sapientiam,
1108 5239 1241 5294 nihil
1294 5244 1414 5309 plus
1473 5247 1713 5318 habebit,
1777 5255 2014 5312 nudatus

444 5318 645 5388 quippe
674 5325 948 5391 omnibus,
984 5344 1014 5382 a
1042 5332 1163 5385 vita:
1194 5334 1351 5391 bonis
1381 5340 1703 5409 abripielur.

519 5408 604 5462 18.
677 5411 939 5477 Quoniam
984 5436 1101 5473 cum
1151 5424 1407 5481 interierit
1457 5448 1558 5485 non
1606 5447 1773 5490 sumet
1809 5444 2007 5498 omnia.
2048 5468 2049 5471 η

443 5492 560 5553 Hoc
585 5501 759 5557 solum
806 5507 960 5575 lucri,
1006 5515 1100 5576 ait,
1144 5531 1171 5569 a
1208 5518 1415 5575 divitiis
1452 5527 1729 5585 accepisse
1758 5532 2009 5588 videntur

2204 3242 2313 3294 Καὶ
2340 3244 2921 3311 κατακυριεύσευσιν
2946 3248 3144 3301 αὐτῶν
3165 3253 3217 3303 ot
3237 3252 3430 3315 εὐθεῑς
3456 3251 3521 3302 τὸ
3543 3256 3714 3319 πρωΐ.

2141 3333 2334 3386 Οὐκέτι
2392 3334 2579 3404 ὥσπερ
2630 3337 2687 3388 ἐν
2719 3336 2795 3406 τῷ
2826 3343 3053 3410 παρόντι
3088 3342 3188 3411 βίῳ
3232 3342 3401 3405 ὄντες,
3456 3344 3717 3407 κατεξαν-

2143 3425 2380 3477 ίστανται
2416 3424 2523 3477 τῶν
2572 3425 2840 3481 εὐσεϐῶν·
2878 3431 3185 3483 τούναντίον
3231 3433 3286 3484 δὲ
3315 3436 3361 3485 οἱ
3390 3434 3483 3486 τοῦ
3518 3436 3715 3507 καιροῦ

2137 3517 2233 3585 τῆς
2266 3517 2478 3587 πρωῖας
2508 3516 2826 3583 ἀξιωθέντες
2853 3523 2946 3574 καὶ
2972 3523 3063 3575 τοῦ
3097 3524 3217 3577 νέου
3255 3527 3427 3593 φωτὸς
3452 3527 3561 3580 τῶν
3586 3529 3717 3582 aa:-

2136 3605 2246 3659 ϐῶν
2285 3608 2794 3678 κατακυριεύσουσι.
2832 3613 2941 3664 Καὶ
2993 3616 3032 3682 ἡ
3084 3616 3335 3684 ,ϐοήθεια
3371 3618 3569 3672 αὐτῶν
3600 3637 3717 3675 πα-

2134 3696 2527 3764 λαιωθήσεται
2568 3700 2637 3752 ἐν
2684 3700 2763 3765 τῷ
2784 3702 2920 3769 ᾅδῃ.
2950 3705 3128 3767 Πᾶσα,
3156 3708 3348 3776 φησὶν,
3400 3712 3432 3779 ὴ
3488 3710 3715 3781 βοήθεια

2134 3788 2329 3855 αὐτῶν,
2380 3791 2498 3859 ἦτοι
2532 3792 2563 3860 ἡ
2596 3793 2747 3861 ἰσχὺς
2780 3794 2847 3863 ἣν
2890 3795 3046 3865 ἔσχον
3075 3801 3139 3851 ἐκ
3164 3800 3262 3869 τῆς
3290 3800 3467 3870 δόξης,
3497 3802 3576 3874 τῷ
3613 3803 3711 3858 θα-

2132 3880 2282 3950 νάτῳ
2308 3880 2710 3952 διαλυθήσεται.
2742 3886 2814 3938 Τὸ
2842 3887 2980 3959 γὰρ,
3032 3892 3505 3954 παλαιωθήσεται
3526 3932 3541 3956 ,
3587 3896 3713 3949 ἀντὶ

2130 3970 2249 4033 τοῦ,
2276 3970 2676 4044 διαλυθήσεται,
2707 3977 2963 4032 τέθειται.

2203 4062 2375 4127 Πλὴν
2428 4066 2460 4115 ὀ
2493 4063 2635 4129 Θεὸς
2690 4067 3054 4134 λυτρὼσεται
3098 4070 3212 4138 τὴν
3242 4072 3453 4141 ψυχήν
3484 4092 3603 4142 μου
3636 4077 3709 4131 ἐκ

2129 4152 2324 4221 χειρὸς
2355 4154 2523 4221 ᾅδου,
2555 4156 2703 4209 ὅταν
2729 4159 3000 4228 λαμϐάνῃ
3023 4179 3118 4229 με.
3170 4164 3354 4233 Ἐμοῦ,
3398 4168 3549 4236 φησὶ,
3606 4171 3707 4223 τοῦ

2127 4244 2299 4298 ταῦτα
2327 4245 2573 4313 λέγοντος
2605 4247 2938 4319 λυτρώσεται
2965 4252 2992 4302 ὁ
3013 4252 3145 4315 Θεὸς
3178 4254 3275 4325 τὴν
3309 4257 3503 4328 ψυχὴν,
3563 4264 3706 4335 πρὸς

2126 4335 2186 4387 τὸ
2217 4336 2290 4406 μὴ
2335 4339 2741 4408 συναπαχθῆναι
2793 4340 2979 4413 αὐτὴν,
3016 4351 3107 4397 καὶ
3159 4348 3509 4419 ἐρημωθῆναι
3561 4355 3705 4422 μετὰ

2126 4426 2232 4479 τῶν
2260 4427 2350 4480 τοῦ
2384 4428 2508 4498 ᾅδου
2546 4431 2850 4500 προϐάτων,

2195 4518 2290 4585 Μὴ
2322 4520 2530 4587 φοϐοῦ,
2557 4520 2702 4574 ὅταν
2733 4523 3051 4594 πλουτήσῃ
3079 4528 3405 4596 ἄνθρωπος.
3467 4533 3697 4598 Μαθὼν,

2124 4611 2305 4682 φησὶν,
2337 4606 2447 4667 οἷον
2472 4613 2623 4666 ἔσται
2642 4615 2749 4669 τῶν
2783 4617 2994 4670 ἀσεϐῶν
3018 4620 3078 4671 τὸ
3114 4622 3293 4685 τέλος,
3341 4624 3413 4696 μὴ
3455 4630 3699 4698 μακαρι-

2124 4716 2223 4772 σῃς
2270 4702 2395 4766 τοὺς
2435 4704 2493 4757 ὲν
2524 4704 2723 4776 τῷβίῳ
2753 4707 3134 4773 πλουτοῦντας,
3178 4714 3310 4783 μηδὲ
3338 4715 3583 4786 φοϐηθῇς
3621 4719 3701 4783 ὡς

2123 4792 2303 4862 πάσης
2325 4794 2815 4865 ἀποκεκλεισμένος
2849 4798 3081 4865 ἐλπίδος,
3133 4804 3208 4873 μὴ
3258 4805 3476 4876 ἀθυμῇς
3510 4808 3568 4861 δὲ
3618 4810 3699 4873 ὡς

2125 4884 2371 4952 μεγάλων
2426 4889 2643 4953 ἀγαθῶν
2694 4891 2801 4943 τῶν
2849 4893 3131 4962 παρόντων
3180 4897 3564 4969 ἐστερημένος.
3618 4900 3694 4955 Εὖ

2123 4974 2250 5040 ἴσθι,
2281 4978 2362 5030 ὅτι
2410 4980 2468 5031 σὲ
2506 4981 2605 5049 μὲν
2641 4984 2920 5053 περιμένει
2969 4987 3002 5055 ὴ
3038 4988 3100 5038 ὲκ
3147 4988 3375 5041 θανάτου
3422 4990 3696 5062 λύτρωσις

2118 5067 2212 5119 καὶ
2235 5070 2266 5137 ἡ
2297 5068 2509 5133 αἰώνιος
2535 5073 2645 5143 ζωή
2670 5090 2683 5102 ·
2718 5077 2746 5127 ὁ
2771 5075 2828 5127 δὲ
2855 5076 3007 5144 παρὰ
3031 5081 3145 5141 τοῖς
3172 5079 3385 5143 πολλοῖς
3429 5082 3693 5153 εὐδαιμο-

2117 5156 2393 5227 νιζόμενος
2418 5160 2505 5213 διὰ
2530 5164 2754 5217 πλοῦτον
2784 5166 2877 5218 καὶ
2901 5167 3079 5233 δόξαν,
3110 5171 3204 5221 καὶ
3242 5169 3332 5222 διὰ
3362 5172 3462 5240 τὴν
3488 5174 3695 5242 ψευδώ-

2115 5264 2282 5317 νυμον
2299 5252 2510 5319 σοφίαν,
2535 5255 2685 5308 οὐδὲν
2718 5255 2879 5309 πλέον
2901 5258 3014 5321 ἓξει
3036 5275 3049 5289 ⁸
3091 5262 3297 5331 γυμνὸς
3325 5261 3433 5333 γάρ
3468 5265 3692 5322 πάντων

2114 5336 2487 5409 ἀπαχθήσεται
2523 5344 2629 5397 τῶν
2665 5346 2758 5398 τοῦ
2791 5347 2926 5416 βίου.

2187 5429 2303 5483 Ὅτι
2331 5434 2439 5485 οὐκ
2463 5433 2531 5486 ὲν
2560 5436 2640 5499 τῷ
2665 5438 3076 5508 ἀποθνήσκειν
3098 5444 3285 5498 αὑτὸν
3317 5446 3583 5515 λήψεται
3614 5450 3687 5502 τὰ

2112 5517 2322 5574 πάντα.
2354 5524 2539 5589 Τοῦτο,
2569 5530 2719 5595 φησὶ,
2750 5530 2905 5597 μόνον
2928 5532 3111 5599 ἔδοξαν
3141 5536 3442 5607 κερδαίνειν
3458 5540 3507 5590 οἱ
3535 5538 3687 5593 ἄθεοι
