3872 6216
93 308 216 362 ’293

109 515 168 566 ἐν
196 515 264 582 τῇ
289 511 462 583 θνητῇ
497 514 592 566 καὶ
614 512 929 583 προσκαίρῳ
953 512 1088 583 ζωῇ.
1127 511 1382 565 Ἐκείνων
1416 508 1692 563 ἐπαινούν-

110 620 220 656 των
247 604 450 666 αὐτοὺς
482 603 577 656 καὶ
603 602 1082 672 εὐδαιμονιζόντων
1106 604 1187 671 ἐφ’
1227 597 1306 666 οἷς
1339 599 1523 664 ἔδοξαν
1548 601 1692 670 ἔχειν

112 695 360 763 ἀγαθοῖς.
392 693 546 749 Οὐδὲ
570 692 1089 763 συγκαταϐήσεται
1131 692 1290 758 αὑτῷ
1328 693 1366 760 ’ἡ
1407 691 1558 756 δόξα
1589 693 1693 744 αὺ-

95 783 242 838 τοῦ.
279 783 500 854 Ἐπειδὴ
553 783 726 837 πάντα
778 783 1110 855 πρόσκαιρα,
1161 785 1314 854 φησι,
1366 783 1488 836 τότε
1533 783 1693 853 χάριν

112 875 386 928 ἀποδώσει
416 890 498 926 σοι
525 873 604 943 τῷ
631 873 945 945 δημιουργῷ
972 876 1001 926 6
1028 873 1289 937 τοιοῦτος,
1323 874 1450 926 ὅταν
1488 871 1694 942 πληθύ-

113 983 212 1038 νῃς
237 967 305 1019 τὰ
338 966 468 1018 ὄντα
498 965 667 1034 αὐτῷ.

176 1055 609 1108 Εἱσελεύσεται
641 1054 751 1121 ἕως
783 1054 993 1124 γενεὰς
1025 1055 1296 1122 πατέρων
1341 1053 1548 1107 αὐτοῦ.
1589 1054 1695 1106 Μι-

99 1147 376 1217 μήσεται,
405 1147 557 1216 φησὶ,
581 1146 686 1198 τῶν
717 1147 966 1216 πατέρων
987 1147 1076 1199 τὸν
1105 1145 1287 1216 ζῆλον,
1327 1148 1421 1200 καὶ
1447 1149 1510 1199 ἐκ
1537 1163 1694 1216 πονη-

114 1237 225 1308 ρῶν
254 1235 330 1288 ῶν
372 1237 467 1305 τὴν
498 1237 762 1306 πονηρίαν
789 1236 1109 1302 διαδέξεται.
1149 1238 1303 1302 ’Ἑως
1341 1235 1556 1301 αἰῶνος
1581 1237 1693 1289 οὐκ

114 1327 322 1396 ὄψεται
351 1327 497 1396 φῶς.
521 1327 590 1382 Οἱ
619 1327 728 1399 γὰρ
751 1327 976 1382 τοιαῦτα
1004 1327 1325 1399 φρονοῦντες
1360 1327 1549 1394 τυφλοὶ
1574 1329 1694 1390 ταῖς

112 1420 311 1491 ψυχαῖς
348 1421 627 1489 γεγόνασι,
673 1422 811 1492 μήτε
863 1423 921 1474 ὲν
967 1421 1047 1491 τῷ
1096 1420 1274 1491 θνητῷ
1307 1419 1409 1491 βίῳ
1439 1420 1517 1491 τῷ
1556 1421 1695 1490 φωτὶ⁵

99 1514 212 1582 ’τῆς
241 1511 498 1580 γνώσεως
530 1512 911 1581 φωτισθέντες,
951 1514 1087 1584 μήτε
1114 1515 1173 1566 ὲν
1199 1512 1276 1582 τῷ
1316 1511 1563 1582 μέλλοντι
1599 1511 1693 1566 τοῦ

97 1603 340 1657 αἰωνίου
367 1604 543 1673 φωτὸς
567 1604 1017 1674 άξιωθησόμενοι.

476 1697 784 1749 ΨΑΛΜΟΣ
818 1694 900 1761 τῷ
951 1694 1162 1766 Ἀσάφ.
1199 1699 1337 1751 Μθν.

741 1787 754 1806 '
769 1788 1080 1853 Υπόθεσις.
1369 1797 1374 1804 ‘

99 1874 265 1947 Ἰνᾼδει
299 1875 391 1929 τὸν
429 1875 641 1946 ψαλμὸν
666 1877 695 1928 6
744 1877 913 1946 Ἀσάφ
967 1875 1062 1930 τοῦ
1103 1877 1394 1948 νομοθέτου
1431 1877 1494 1931 τὸ
1525 1877 1694 1950 πρόσ-

181 1982 331 2020 ωπον
360 1967 647 2038 εἰσφέρων,
676 1966 772 2031 τὰς
805 1968 977 2020 πάλαι
1007 1968 1106 2038 μὲν
1133 1969 1454 2039 ἀνατρέπων
1481 1968 1693 2034 θυσίας,

180 2055 451 2125 εἰσφέρων
479 2055 535 2107 δὲ
561 2057 659 2118 τὰς
681 2057 778 2128 τῆς
805 2057 950 2120 Νέας
981 2057 1278 2129 Διαθήκης,
1316 2059 1414 2122 τὰς
1447 2058 1512 2112 δι’
1553 2059 1696 2112 αίνέ-

179 2161 322 2209 σεως
362 2144 720 2217 δωροφορίας.
755 2146 856 2217 [0i
911 2147 1184 2201 Ἰουδαίων
1239 2148 1446 2220 πρῶτοι
1495 2149 1694 2220 ἀρετῆς

184 2235 513 2305 ἀμελοῦντες
545 2236 606 2288 τὸ
639 2234 759 2308 (sic)
789 2236 1039 2307 ἐνόμιζον
1064 2233 1200 2292 εἶναι
1235 2239 1292 2293 ἐν
1324 2239 1402 2309 τῷ
1441 2241 1566 2302 τοὺς
1605 2239 1694 2293 νό-

171 2343 318 2397 μους
355 2327 809 2398 ἀποστοματίζειν
840 2329 933 2382 καὶ
954 2329 1316 2398 διαγγέλλειν,
1357 2330 1452 2383 καὶ
1504 2329 1694 2394 θυσίας

185 2417 534 2489 προσφέρειν.
602 2418 786 2490 Νόμου
848 2419 905 2472 δὲ
944 2421 1276 2489 ἀνάγνωσις.
1341 2423 1436 2475 καὶ
1495 2421 1694 2474 θυσιῶν

186 2509 474 2582 προσφορὰ
499 2510 600 2580 τῆς
629 2511 1044 2583 ἐνυπαρχούσης
1062 2515 1198 2566 εἰσὶν
1227 2513 1427 2585 ἀρετῆς
1445 2513 1656 2586 καρπός
1676 2530 1691 2545 ο

186 2601 312 2654 ἄνευ
329 2602 385 2654 δὲ
419 2602 620 2672 ταύτης
651 2604 835 2655 ἐκεῖνα
881 2606 1054 2656 ποιεῖν
1105 2604 1262 2675 μόνον
1316 2604 1500 2675 ὅμοιόν
1546 2605 1694 2658 ἐστιν

183 2693 499 2762 ἀλείφεσθαι
538 2695 635 2765 μὲν
678 2695 770 2747 ἐπὶ
797 2695 875 2765 τῷ
923 2695 1193 2760 παλαίειν,
1255 2696 1438 2750 αὐτῶν
1485 2697 1543 2750 δὲ
1585 2697 1694 2750 τῶν

185 2786 578 2856 παλαισμάτων
612 2787 957 2856 καταμελείν,
990 2786 1048 2851 ἐξ
1073 2781 1146 2840 ὧν
1168 2789 1196 2841 ό
1226 2789 1506 2858 στέφανος.
1550 2789 1694 2860 Πρὸς

167 2874 280 2932 -οὗν
305 2879 433 2942 τοὺς
455 2877 598 2930 οὕτω
621 2878 995 2948 διακειμένους
1023 2879 1242 2948 ἔλεγχον
1269 2883 1500 2932 ποιεῖται
1529 2879 1558 2931 ὁ
1591 2896 1694 2950 μα·-

183 2971 377 3042 κάριος
425 2969 609 3032 Δαυῖδ,
647 2970 736 3023 τὸν
784 2969 917 3023 Θεὸν
969 2971 1204 3040 εἰσάγων
1248 2972 1574 3036 ὀνειδίζοντα
1601 2972 1694 3026 καὶ

167 3061 489 3128 ¹δεικνύντα,
524 3062 604 3114 ὅτι
623 3061 697 3133 μὴ
732 3061 898 3132 οὔσης
919 3063 1142 3134 ἀρετῆς,
1175 3062 1274 3127 τὰς
1304 3062 1492 3126 θυσίας
1523 3063 1693 3116 ἀποσ-

169 3154 467 3226 τρέφεται,
499 3153 526 3206 ὂ
565 3154 661 3207 καὶ
704 3153 790 3206 διὰ
819 3155 1039 3208 Ἡσαΐου
1062 3155 1244 3223 ἔλεγεν
1269 3173 1282 3186 ο
1327 3155 1389 3208 '0
1412 3154 1633 3223 ἄνομος
1661 3156 1695 3208 ὁ
1721 3140 1762 3197 C

184 3248 346 3301 θύων
367 3263 469 3315 μοι
488 3249 747 3315 μόσχον,
787 3247 867 3312 ὡς
896 3249 929 3300 ὁ
956 3248 1191 3299 τύπτων
1240 3247 1449 3314 ἄνδρα,
1505 3247 1597 3299 καὶ
1624 3245 1694 3299 τὰ

183 3338 335 3408 ἑξῆς.
397 3339 484 3390 Ἐν
519 3339 686 3391 εἰκόνι
713 3334 806 3391 οὖν
863 3339 1184 3409 σχηματίζει
1227 3339 1318 3390 τὸν
1346 3339 1539 3406 Λόγον,
1597 3338 1694 3392 καὶ⁵

185 3430 397 3496 εἰσάγει
425 3428 516 3481 τὸν
552 3428 684 3482 Θεὸν
720 3429 778 3494 ἐξ
807 3429 1034 3500 οὐρανοῦ
1079 3429 1510 3500 παραγινόμενον
1533 3469 1549 3495 ,
1598 3431 1694 3484 καὶ

184 3520 480 3583 καθίζοντα
512 3523 815 3592 κριτήριον,
847 3521 1090 3585 καὶτοὺς
1126 3521 1235 3576 τῶν
1269 3522 1533 3577 Ἰουδαίων
1571 3521 1694 3594 κρί-

183 3629 342 3665 νοντα
375 3612 666 3682 ἄρχοντας,
694 3612 836 3678 Θεὸς
849 3611 1296 3680 θεῶνέλάλησε.
1320 3611 1339 3684 ]

186 3789 332 3856 Θεὸς
356 3788 508 3844 θεῶν
535 3791 750 3859 Κύριος
785 3789 1086 3859 ἐλάλησε,
1149 3791 1245 3845 καί
1284 3791 1543 3847 ἐκάλεσε
1576 3791 1693 3859 τὴν

111 3881 248 3953 τῆν.
290 3881 417 3935 Θεοὶ
462 3883 560 3952 μὲν
609 3883 661 3934 οἱ
691 3883 834 3950 ἆγιοι
865 3883 1014 3954 παρὰ
1054 3881 1129 3952 τῷ
1169 3881 1286 3952 Θεῷ
1310 3899 1322 3913 ·
1351 3882 1586 3936 Δέδωκά
1617 3898 1692 3936 σε

109 3971 191 4038 τῷ
225 3971 438 4040 Φαραὼ
489 3973 576 4038 εἰς
614 3973 779 4025 Θεόν·
816 3973 930 4038 καὶ,
967 3972 1112 4044 Ἐγὼ
1147 3969 1312 4028 εἶπα·
1348 3974 1480 4028 Θεοί
1527 3974 1686 4028 ἐστε.

109 4063 422 4120 Καλοῦνται
454 4063 511 4116 δὲ
536 4064 639 4117 ὑπὸ
665 4064 758 4117 τοῦ
788 4063 922 4119 Θεοῦ
963 4066 1091 4119 πότε
1111 4106 1125 4130 ,
1156 4066 1188 4137 ἦ
1225 4067 1314 4119 ὅτε
1341 4065 1692 4138 ὲνανθρωπή-

109 4172 209 4220 σας
231 4155 487 4226 ἐλάλησε,
519 4157 614 4208 καὶ
635 4157 813 4210 πᾶσαν
842 4157 1168 4212 συνεκάλεσε
1202 4158 1302 4230 τὴν
1340 4157 1485 4227 γῆν;
1529 4159 1594 4211 Τί
1630 4158 1688 4212 δὲ

105 4247 372 4320 ἐλάλησεν
401 4245 436 4316 ἦ
468 4247 550 4310 τὸ,
580 4247 1000 4315 Πορευθέντες,
1029 4249 1447 4318 μαθητεύσατε
1492 4247 1690 4302 πάντα

106 4340 178 4393 τὰ
204 4340 354 4406 ἔθνη
377 4378 394 4404 ,
430 4339 527 4391 καὶ
557 4338 637 4391 τό·
668 4339 768 4392 Δεῖ
805 4339 1180 4410 κηρυχθῆναι
1218 4340 1284 4394 τὸ
1320 4339 1688 4410 Εὐαηέλιον

104 4429 281 4484 τοῦτο
311 4430 384 4483 ἐν
415 4429 530 4500 ὅλῃ
562 4429 636 4498 τῇ
663 4431 1020 4500 οίκουμένῃ;

186 4520 291 4576 Ἐκ
321 4513 480 4576 Σιὼν
499 4523 538 4590 ἡ
563 4522 883 4591 εὐπρέπεια
913 4522 1022 4591 τῆς
1065 4523 1422 4592 ὡραιότητος
1475 4521 1680 4577 αὐτοῦ.

115 4611 212 4666 Ἐκ
267 4612 379 4686 γὰρ
417 4613 518 4684 τῆς
562 4614 674 4668 ἄνω
731 4613 868 4669 Σιὼν
929 4615 1023 4670 καὶ
1067 4615 1325 4686 δευτέραν
1384 4616 1685 4687 παρουσίαν

100 4705 415 4774 ποιήσεται.

171 4791 195 4866 ξ
223 4795 322 4846 Ἐκ
351 4793 505 4848 Σιὼν
528 4795 566 4862 ἠ
587 4796 909 4865 εὐπρέπεια
945 4793 1054 4869 τῆς
1085 4798 1440 4866 ὠραιότητος
1476 4797 1682 4853 αὐτοῦ.

1174 298 1544 356 ἘΧΡΟΞΙΤΙΟ
1582 298 1648 354 IN
1677 295 2017 355 ῬεΑιΜυΜ
2057 296 2243 351 XLIX.

108 419 219 474 ἀπὸ
247 418 348 473 τοῦ
380 419 637 482 πλούτου,
661 420 723 473 τὸ
749 419 1106 491 εὑλογηθῆναι
1143 419 1242 489 τὴν
1283 418 1465 490 ψυχὴν
1509 416 1690 472 αὐτῶν

1827 417 1965 486 mpii,
1987 416 2133 487 quod
2163 415 2342 470 anima
2380 427 2569 467 eorum
2600 413 2654 466 in
2687 414 2790 466 hac
2827 411 3040 465 mortali
3069 421 3120 464 et
3147 422 3359 480 tempo-
3390 412 3405 489 ς

3259 293 3364 349 Ξἷο

1802 525 1968 563 ranea
2017 509 2124 563 vita
2180 507 2249 562 ab
2313 506 2519 560 divitiis
2575 504 2852 560 celebrata
2910 504 3096 557 fuerit.
3140 500 3371 558 Laudati

1794 597 2004 650 scilicet
2035 605 2088 648 et
2120 594 2304 649 felices
2339 594 2492 656 dicti,
2537 593 2607 648 ob
2651 595 2790 647 bona
2837 608 2958 662 quae
3003 592 3201 646 habere
3221 593 3372 646 vide-

1796 687 2013 740 bantur.
2059 685 2240 756 Neque
2273 687 2545 740 descendet
2592 702 2710 738 cum
2762 701 2821 738 eo
2873 685 3042 754 gloria
3079 685 3214 754 ejus,
3262 693 3368 738 etc.

1785 776 2090 843 Quoniam,
2135 776 2332 845 inquit,
2379 778 2560 830 omnia
2596 786 2966 846 temporanea,
3001 790 3110 829 tum
3139 776 3372 847 gratiam

1797 869 1982 921 reddet
2016 868 2111 920 tibi
2144 867 2376 921 creatori
2407 867 2718 937 huiusmodi
2765 870 2948 935 homo,
2975 883 3100 920 cum
3135 869 3254 937 ejus
3291 867 3373 922 fa-

1797 960 2032 1014 cultates
2075 961 2318 1014 auxeris.

1867 1052 1955 1105 19.
2008 1051 2256 1106 lntroibit
2290 1069 2450 1122 usque
2492 1057 2548 1106 in
2578 1054 2846 1122 progenies
2879 1062 3090 1120 patrum
3127 1068 3366 1106 suorum.

1785 1141 2124 1209 imitabitur,
2179 1145 2374 1213 inquit,
2432 1155 2644 1213 patrum
2696 1161 2920 1198 suormn
2967 1145 3207 1200 studium
3261 1163 3274 1199 :
3318 1155 3372 1199 et

1795 1247 1920 1286 cum
1950 1249 2012 1286 ex
2049 1235 2312 1304 improbis
2347 1246 2526 1289 ortum
2569 1236 2756 1297 ducat,
2790 1235 3193 1303 improbitatem
3220 1238 3370 1292 εχαξ-

1789 1327 1924 1396 piet.
1969 1325 2141 1396 Usque
2183 1328 2239 1380 in
2267 1337 2520 1381 wternum
2557 1343 2658 1380 non
2687 1327 2878 1380 videbit
2925 1328 3120 1382 lumen.
3163 1326 3372 1383 Omnes

1793 1418 1938 1472 enim
1967 1420 2059 1488 qui
2096 1420 2196 1472 hoc
2231 1421 2391 1471 modo
2415 1422 2678 1479 sentiunt,
2712 1420 2896 1471 animo
2923 1418 3242 1484 czecutiunt,
3274 1434 3369 1474 ne-

1794 1525 1900 1579 que
1938 1510 1991 1562 in
2042 1509 2146 1564 hac
2191 1510 2411 1562 mortali
2461 1511 2569 1563 vita
2630 1511 2836 1563 lumine
2873 1511 3198 1580 cognitionis
3244 1512 3370 1566 illu-

1787 1601 1971 1666 strati,
1997 1615 2172 1670 neque
2202 1602 2254 1653 in
2297 1593 2707 1655 futura‘aeterno
2736 1602 2944 1655 lumine
2985 1602 3248 1656 donandi.

2145 1690 2484 1746 PSALMUS
2547 1693 2742 1760 Asaplt.
2807 1690 3016 1746 XLIX.

2388 1786 2789 1855 Argumentum.

1791 1869 2073 1926 Psalmum
2101 1873 2257 1927 {canit
2286 1872 2490 1942 Asaph.
2524 1890 2812 1943 personam
2860 1873 3104 1931 inferens
3153 1874 3370 1946 legisla-

1867 1966 2024 2024 toris.
2052 1966 2144 2034 qui
2175 1967 2398 2035 antiqua
2449 1967 2716 2020 sacriﬁcia
2762 1968 2976 2031 evertit,
3031 1977 3086 2020 et
3137 1982 3257 2036 quae
3302 1967 3368 2022 ad

1867 2055 2072 2110 Novum
2113 2057 2524 2111 'l‘esmmentum
2580 2057 2849 2126 pertinent
2883 2059 3023 2111 dona
3056 2072 3178 2111 cum
3211 2057 3370 2112 laude

1866 2147 2156 2214 conjunCIa
2214 2147 2390 2201 all'ert.
2441 2147 2460 2219 [
2507 2147 2820 2203 Judzeorum
2879 2149 3038 2218 primi
3067 2189 3081 2211 ,
3127 2148 3368 2218 neglecta

1863 2237 2086 2297 virtute,
2111 2236 2426 2306 religionum
2449 2239 2709 2307 putabant
2729 2255 2849 2293 esse
2869 2241 3028 2293 sitam
3065 2241 3117 2292 in
3141 2239 3370 2293 recitari-

1865 2327 1951 2382 dis
1981 2337 2034 2381 et
2071 2327 2423 2381 enuntiandis
2470 2330 2697 2395 legibus,
2730 2329 3132 2399 oll'ereudisque
3162 2329 3371 2384 sacriﬁ-

1866 2419 1985 2473 ciis.
2020 2416 2205 2471 Lectio
2245 2427 2427 2471 autem
2455 2419 2590 2488 legis
2618 2429 2672 2472 et
2705 2419 3101 2474 sacriﬁciorum
3141 2419 3367 2484 oblatio,

1866 2510 2082 2564 virtutis
2127 2511 2274 2564 intus
2324 2510 2640 2566 essistcntis
2695 2510 2907 2566 fruetus
2948 2526 3070 2566 esse
3118 2511 3315 2564 debent
3352 2527 3366 2563 :

1867 2615 1975 2670 qua
2003 2599 2289 2654 deﬁciente
2317 2600 2405 2653 illa
2436 2601 2612 2654 solum
2649 2610 2928 2664 przestare,
2956 2602 3181 2670 perinde
3207 2600 3364 2656 fueri.

1871 2707 1936 2747 ac
1965 2691 2012 2746 si
2055 2692 2182 2761 quis
2219 2701 2454 2761 ungatur
2502 2692 2569 2746 ad
2620 2694 2947 2760 palaestram.
2988 2703 3042 2748 et
3073 2693 3369 2747 certamina

1865 2785 1982 2853 ipsa
2016 2785 2148 2838 nihil
2199 2795 2373 2848 curet,
2417 2787 2618 2854 quibus
2673 2801 2874 2840 corona
2921 2787 3216 2840 obtiuctur.
3265 2785 3371 2840 Eos

1879 2876 2065 2944 itaque
2119 2878 2210 2945 qui
2249 2877 2330 2932 sic
2370 2877 2545 2931 εσθαι
2581 2888 2730 2942 sunt,
2757 2880 3005 2947 coarguit
3035 2879 3228 2932 batus
3277 2877 3373 2931 Da-

1864 2967 1976 3030 vid,
2032 2966 2312 3038 Deumque
2344 2969 2556 3023 inducit
2603 2971 3022 3039 exprobrantem
3075 2985 3138 3024 ac
3187 2969 3372 3023 deela-

1867 3069 2077 3114 ranlent
2110 3074 2188 3122 se,
2231 3061 2275 3114 si
2313 3060 2530 3116 deﬁciat
2560 3062 2754 3126 virtus,
2794 3076 2825 3116 a
2861 3061 3145 3116 sacriﬁciis
3171 3061 3374 3114 abhor-

1866 3169 2008 3219 rere,
2041 3155 2182 3222 quod
2224 3169 2320 3222 per
2364 3154 2559 3206 Isaiam
2613 3169 2832 3222 quoque
2872 3153 3089 3207 dicebat
3126 3153 3193 3207 δ’.
3260 3150 3372 3206 lm-

1867 3244 1988 3314 pius
2032 3245 2122 3314 qui
2169 3245 2297 3297 mihi
2338 3245 2556 3297 vitulum
2601 3245 2930 3311 immolabat,
2979 3257 3055 3299 est
3096 3247 3250 3315 quasi
3283 3245 3373 3299 ille

1865 3339 1956 3406 qui
1997 3338 2164 3389 virum
2203 3339 2380 3400 credit,
2407 3347 2513 3392 etc.
2543 3338 2600 3390 lu
2646 3338 2882 3406 imagine
2931 3339 3094 3406 igitur
3132 3335 3370 3392 Verbum

1868 3429 2180 3494 adumbrat,
2210 3429 2524 3498 inducitque
2577 3429 2744 3483 Deum
2790 3429 2857 3483 de
2903 3431 3043 3483 coelo
3079 3430 3372 3484 adveniet.-

1867 3528 1998 3586 tem,
2035 3536 2100 3575 ac
2124 3523 2402 3576 sedentem
2439 3521 2504 3575 ad
2527 3521 2817 3590 judicium,
2861 3531 2912 3575 et
2955 3521 3023 3576 de
3057 3519 3364 3579 Judaeoruts

1864 3612 2204 3682 principibus
2228 3613 2497 3684 judicium
2538 3611 2822 3675 ferentem,
2867 3611 3008 3666 Deus
3044 3612 3262 3666 deorum
3288 3613 3370 3666 to-

1867 3713 2020 3756 cutus
2054 3713 2151 3758 est.
2181 3703 2202 3774 ]

1864 3795 1916 3848 L
1977 3793 2117 3848 Deus
2155 3796 2376 3847 deorum
2419 3793 2676 3848 Dominus
2707 3795 2914 3849 locutus
2945 3803 3042 3857 est,
3077 3805 3125 3848 et
3168 3797 3370 3848 vocavit

1794 3894 2008 3939 terram.
2059 3883 2245 3939 Sancti
2291 3893 2352 3939 ut
2401 3885 2476 3940 dii
2525 3889 2664 3954 apud
2711 3885 2878 3940 Deum
2932 3897 3107 3943 sunt:
3141 3887 3273 3942 Dedi
3322 3899 3371 3941 te

1791 3975 2067 4030 Pharaoni
2106 3977 2163 4029 in
2207 3974 2376 4028 Deum
2424 3974 2471 4008 δ’
2493 4017 2509 4042 ,
2542 3984 2594 4030 et
2623 3994 2638 4031 :
2677 3975 2791 4047 Ego
2827 3978 2940 4030 dixi
2973 3994 2992 4031 .'
3027 3978 3114 4032 Dii
3149 3979 3274 4032 estis
3297 3979 3364 4032 “.

1789 4064 2147 4132 Quandonam
2177 4064 2252 4118 ita
2275 4080 2306 4118 a
2337 4064 2446 4120 Deo
2479 4074 2763 4130 vocantur,
2803 4067 2905 4120 nisi
2943 4082 3065 4121 cum
3105 4067 3364 4123 incarna-

1791 4169 1878 4213 tus
1906 4157 2124 4213 loeutus
2154 4166 2257 4224 est,
2281 4165 2338 4212 et
2369 4167 2534 4212 totam
2579 4160 2904 4214 convocavit
2944 4161 3187 4214 terram?
3226 4159 3368 4228 Quid

1787 4265 1919 4304 vero
1979 4249 2195 4304 locutus
2241 4257 2344 4314 est,
2405 4249 2563 4304 nisi:
2614 4248 2814 4303 Euntes
2867 4249 3130 4319 baptizate
3192 4267 3369 4306 omnes

1786 4353 1958 4411 gentes
1986 4340 2065 4406 Μ⁵;
2106 4349 2162 4396 et
2205 4340 2384 4396 illud:
2439 4340 2656 4411 Oportet
2695 4343 2978 4412 prwdicari
3024 4341 3366 4415 lz'vangelietm

1787 4433 1884 4485 hoc
1907 4435 1961 4486 in
1997 4433 2240 4486 universo
2272 4433 2466 4486 mundo
2505 4433 2591 4486 "i

1863 4523 1918 4576 2.
1955 4520 2040 4576 Ea:
2069 4521 2199 4576 Sion
2219 4525 2413 4593 species
2456 4524 2660 4577 decoris
2685 4524 2818 4593 ejus.
2868 4523 3004 4580 Nam
3029 4540 3093 4581 ex
3125 4543 3363 4598 superna

1795 4613 1926 4669 Sion
1963 4615 2204 4670 secundo
2245 4616 2516 4671 adveniet.
2742 4602 2756 4612 ’

1864 4803 1974 4876 [Ex
1990 4802 2115 4859 Sion
2132 4807 2324 4874 species
2335 4806 2542 4860 decoris
2557 4807 2692 4876 ejus.
2711 4805 2872 4868 Deus,
2893 4806 3168 4874 manifeste
3179 4809 3364 4864 ueniet.

99 4887 252 4953 Θεὸς
274 4885 560 4955 ἐμφανῶς
589 4888 745 4956 ἥξει.
775 4889 848 4942 T6
898 4889 1024 4960 μὲν,
1048 4890 1116 4944 ἐκ
1146 4889 1322 4956 Σιὼν,
1352 4890 1453 4961 τὴν
1493 4890 1690 4961 προτέ-

1827 4895 1954 4960 llud,
1979 4911 2044 4949 ea:
2075 4893 2225 4960 Sion,
2260 4898 2499 4966 priorem
2521 4895 2965 4952 dicitadventum
3012 4896 3361 4966 signiﬁcare;

100 4997 204 5051 ραν
227 4980 379 5048 λέγει
431 4981 736 5051 παρουσίαν
792 4981 1097 5053 σημαίνειν
1146 4983 1209 5036 τὸ
1251 4981 1330 5048 δὲ,
1390 4979 1686 5051 ἐμφανῶς,

99 5072 385 5143 δευτέραν.
417 5073 574 5126 Κατὰ
598 5071 697 5144 μὲν
719 5068 811 5127 οὖν
831 5073 930 5144 τὴν
959 5072 1180 5145 πρώτην
1208 5071 1370 5126 αὐτοῦ
1388 5071 1688 5143 παρουσίαν

98 5164 194 5218 καὶ
222 5165 324 5236 τὴν
373 5163 579 5229 ἔνδοξον
611 5164 930 5234 θεοφάνειαν
996 5166 1210 5219 ἐσιώπα
1262 5167 1352 5218 ὑπ’
1386 5162 1687 5234 ἀνθρώπων

97 5254 442 5325 κρινόμενος,
464 5253 583 5307 οὐδὲ
615 5253 834 5324 ἐμφανῆ
854 5253 950 5324 τὴν
973 5253 1164 5307 ἑαυτοῦ
1197 5253 1421 5322 θεότητα
1453 5250 1683 5304 ὲδείκνυο

98 5346 320 5398 ἐπειδὰν
352 5346 410 5399 δὲ
437 5345 498 5398 1:6
533 5345 782 5418 δεύτερον
814 5347 1099 5417 ἀφίκηται,
1125 5347 1245 5416 ἥξει
1289 5343 1566 5415 ἐμφανῶς,
1591 5342 1686 5396 καὶ

98 5437 158 5490 οὐ
203 5440 719 5510 παρασιωπήσεται·
776 5439 890 5493 ἀλλ’
920 5438 1128 5508 ἐλέγξει
1181 5437 1274 5490 τοῦ
1327 5437 1533 5507 κόσμου
1586 5435 1684 5506 τὴν

99 5527 396 5599 ἁμαρτίαν.
431 5529 626 5600 Είγὰρ
662 5531 693 5583 6
719 5529 848 5594 Θεὸς
893 5528 1150 5601 ἐμφανῶς
1209 5527 1346 5598 ἥξει,
1398 5529 1428 5580 ὁ
1468 5527 1524 5581 δὲ
1545 5528 1682 5598 Χρι-

167 5700 214 5733 ⁸¹
255 5699 560 5774 Ιειίηι,
598 5707 653 5760 3.
735 5708 778 5740 δ’
806 5707 980 5763 Exod.
1013 5725 1108 5774 vn,
1137 5709 1187 5761 l.

1266 5709 1311 5740 “
1358 5707 1494 5766 Psal.
1547 5723 1693 5776 τινι,
1731 5709 1783 5764 6.
1842 5709 1888 5744 “
1922 5711 2110 5770 Matth.
2155 5731 2347 5785 xxvut,
2404 5719 2488 5776 l9.

1794 4985 1928 5040 illud
1957 4994 2165 5051 autem,
2219 4989 2534 5058 manifeste,
2585 4987 2914 5042 secundum.
2972 4984 3130 5052 Quod
3181 4988 3367 5058 itaque

1793 5076 2034 5146 priorem
2064 5077 2186 5147 ejus
2209 5079 2525 5145 adventum,
2568 5087 2734 5148 atque
2771 5077 3066 5147 gloriosam
3112 5075 3208 5132 Dei
3248 5093 3364 5131 ma-

1793 5168 2224 5237 nifestationem,
2255 5171 2452 5226 silebat
2478 5172 2608 5226 dum
2643 5172 2712 5226 ab
2741 5170 3345 5232 hominihusjudicare-

1792 5270 1904 5328 tur,
1929 5277 2105 5333 neque
2133 5265 2430 5334 conspicue
2449 5266 2789 5321 divinitatem
2820 5281 2976 5322 suam
3009 5264 3362 5324 ostendebat.

1793 5355 2017 5422 quando
2043 5364 2226 5409 autem
2256 5357 2500 5410 secundo
2554 5358 2797 5422 accedet,
2825 5354 3122 5410 manifeste
3156 5353 3361 5418 veniet,

1791 5453 1846 5496 et
1893 5457 2002 5496 non
2055 5444 2258 5507 silebit.
2317 5447 2409 5500 sed
2449 5445 2660 5516 "arguet
2711 5446 2902 5500 mundi
2959 5453 3268 5514 peccatum.
3303 5441 3363 5497 Si

1793 5549 2032 5605 namque
2059 5534 2508 5607 Deusmanifeste
2528 5541 2730 5604 veniat,
2753 5539 3005 5593 Christus
3021 5547 3204 5592 autem
3219 5535 3367 5593 Deus

2615 5721 2658 5751 "
2699 5717 2860 5775 Marc.
2894 5733 3022 5783 xm,
3061 5715 3148 5772 £0.

2535 5804 2592 5812 ..ν

3447 3143 3466 3171 \
