3872 6216
471 301 573 358 231

1391 301 1448 358 S.
1487 301 1857 358 ATHANASII
1895 301 2046 360 OPP.
2087 301 2268 357 PARS
2308 297 2394 355 lll.
2434 321 2504 342 ι-
2545 298 2953 354 LXEGETlL‘A.

3625 301 3728 355 252

468 418 566 480 "sit,
592 417 722 470 illud
749 431 881 471 sane
903 416 1126 480 dictum,
1159 417 1454 485 manifeste,
1475 435 1693 474 carnem
1727 422 1986 475 declarat.
2009 420 2030 492 ]
2063 471 2068 483 ,

2157 418 2259 480 ιτὺς
2287 417 2416 479 Θεός
2451 419 2586 478 ἐστι,
2623 417 2704 480 τὸ,
2740 415 3032 484 ἐμφανῶς,
3067 414 3172 486 ἄρα
3194 417 3289 486 τὴν
3321 417 3498 485 σάρκα
3532 417 3727 488 δηλοῖ.]

545 507 598 561 '5.
637 507 776 562 Deus
804 506 1077 573 manifeste
1105 508 1291 559 veniet.
1352 507 1472 562 Non
1512 512 1658 564 enim
1703 513 1926 580 perinde
1962 524 2045 566 at-

469 617 584 671 que
609 602 662 655 in
689 601 865 670 primo
883 601 1119 654 adventu
1153 600 1437 669 incognito
1474 603 1689 666 veniet;
1719 605 1812 656 sed
1849 613 1907 656 ut
1932 606 2045 672 ipse

477 695 585 748 ait:
621 693 762 746 sicut
791 692 972 760 fulgur
1014 692 1155 759 quod
1200 694 1381 746 omnia
1427 694 1613 762 implet
1656 693 1725 747 ab
1752 696 1961 748 oriente
1981 697 2047 749 ad

472 784 838 838 occidentem.
860 782 1000 835 Deus
1017 793 1194 834 noster
1209 794 1258 836 et
1275 801 1372 836 non
1396 785 1592 838 silebit.
1608 785 1725 838 Non
1747 787 2046 851 sicutante,

484 877 687 946 inquit,
721 875 936 937 silebat,
975 883 1030 927 et
1070 875 1204 928 nihil
1253 877 1448 945 agebat
1489 889 1676 930 contra
1723 878 1941 945 impios,
1975 878 2048 930 ita

475 976 609 1020 tunc
634 966 755 1019 erit.
778 964 924 1033 Ignis
958 966 1008 1016 in
1031 978 1308 1032 conspectu
1342 967 1452 1035 ejus
1469 967 1788 1020 exardescet.
1807 967 1969 1036 Ignis,
1993 977 2052 1020 ut

441 1082 447 1088 -
477 1069 696 1128 propter
727 1058 1056 1126 impietatem
1089 1069 1358 1113 merentes
1403 1059 1579 1111 tradat
1615 1059 2048 1113 comburendos:

478 1150 654 1204 simile
671 1159 848 1204 autem
868 1151 997 1203 illud
1032 1174 1044 1208 :
1074 1153 1137 1206 In
1154 1150 1592 1218 conspectuillius
1624 1149 1922 1204 volvebatur
1947 1152 2052 1218 ﬂu-

476 1243 590 1296 uius
621 1243 824 1312 igneus.
853 1243 978 1299 Haec
1001 1247 1118 1315 ipsa
1161 1245 1428 1300 mirabilia
1461 1260 1593 1297 sane
1615 1245 1746 1297 vidit
1777 1243 1966 1297 Daniel
1984 1245 2048 1299 "°.

481 1331 704 1386 Fluv‘ius
735 1335 906 1402 enim,
943 1337 1140 1406 inquit,
1171 1339 1307 1406 ignis
1339 1336 1642 1390 volvebatur
1667 1337 1720 1388 in
1771 1347 2051 1405 conspectu

479 1423 628 1491 ejus:
663 1424 879 1478 thronus
917 1427 1030 1495 ejus
1063 1429 1282 1495 ﬂamma
1312 1427 1466 1495 ignis,
1497 1435 1625 1478 rota:
1645 1426 1756 1492 eius
1787 1426 1922 1495 ignis
1957 1443 2051 1478 ac-

485 1528 697 1566 census.
732 1511 876 1582 Ignis
904 1526 1106 1580 autem,
1152 1526 1245 1568 aut
1279 1516 1460 1568 lumen
1514 1531 1580 1568 ex
1621 1529 1686 1568 eo
1718 1530 1947 1568 manans
1976 1514 2054 1568 si-

479 1603 742 1672 gniﬁcat;
778 1620 903 1658 nam
933 1606 1137 1660 Christi
1167 1607 1529 1675 cognitionem
1567 1607 1822 1674 prmcedit
1871 1607 2055 1659 lumen

489 1693 805 1761 spirituale,
863 1695 1020 1764 cujus
1080 1698 1251 1762 ligura
1318 1706 1402 1749 est
1444 1695 1698 1748 columna
1744 1695 1884 1764 ignis
1928 1711 2050 1764 qua:

482 1781 736 1838 lsraelem
767 1795 922 1839 nocte
957 1788 1223 1853 ducebat;
1253 1797 1347 1840 aut
1384 1787 1586 1840 indicat
1612 1801 1713 1840 nos
1743 1787 1890 1840 omni
1923 1803 2048 1855 pec-

479 1881 725 1926 catorum
769 1889 968 1944 genere
1011 1873 1238 1945 frigidos
1277 1892 1307 1930 a
1358 1874 1640 1929 Salvatore
1673 1892 1937 1930 accensos
1974 1877 2044 1931 ad

481 1965 722 2019 studium
753 1967 936 2021 omnis
963 1967 1114 2021 boni.
1149 1967 1293 2038 Ignis
1324 1984 1452 2022 vero
1479 1968 1568 2022 ille
1600 1984 1699 2021 ceu
1723 1969 2050 2037 spiritualis,

481 2055 655 2110 sancti
706 2056 943 2125 Spiritus
978 2058 1450 2126 participationem
1483 2058 1714 2113 inducit.
1750 2059 1842 2112 Ait
1891 2060 2038 2114 enim

480 2144 576 2199 ille
618 2164 631 2200 :
670 2149 852 2216 Ignem
907 2149 1019 2201 veni
1050 2149 1256 2202 mittere
1305 2149 1356 2201 in
1417 2158 1611 2201 terram
1646 2147 1712 2202 "’.
1770 2147 2052 2219 Siquidem

482 2237 680 2304 spiritu
713 2238 960 2292 viventes
982 2239 1159 2292 eﬂ‘ecti
1210 2254 1400 2292 sumus
1434 2246 1712 2308 quotquot
1741 2239 1837 2293 tali
1877 2243 2052 2309 gratia

481 2329 688 2396 dignati
724 2345 935 2384 sumus.
965 2329 1333 2395 Quamobrem
1377 2331 1428 2382 in
1455 2329 1606 2383 omni
1660 2329 1904 2401 Spiritus
1926 2347 2054 2402 gra-

481 2420 555 2472 tia
587 2421 727 2489 ignis
760 2422 1131 2476 maniiestatio
1183 2439 1291 2476 una
1330 2422 1650 2489 inducitur;
1711 2423 2054 2492 baptizamur

479 2513 626 2565 enim
660 2513 712 2566 in
743 2513 965 2569 Christo
993 2516 1295 2568 secundum
1323 2513 1555 2567 Joannis
1596 2530 1785 2568 vocem
1835 2517 1890 2568 in
1933 2514 2054 2585 Spi-

485 2604 593 2656 ritu
625 2613 818 2658 sancto
877 2614 932 2658 et
987 2605 1134 2673 igne.
1184 2604 1274 2657 Ait
1319 2605 1443 2656 item
1500 2605 1885 2673 prophetarum
1934 2606 2055 2674 qni-

483 2693 610 2748 dam
635 2695 709 2749 “:
756 2694 876 2763 Ipse
908 2695 1175 2765 egreditur
1196 2696 1349 2764 quasi
1380 2697 1516 2763 ignis
1543 2697 1780 2763 con/laus
1826 2709 1874 2749 et
1900 2699 2055 2765 quasi

483 2787 644 2839 herba
693 2787 994 2854 fullonum:
1045 2797 1092 2839 et
1138 2787 1411 2840 descendet
1467 2789 1703 2856 conﬂans
1734 2797 1782 2842 et
1826 2805 2055 2859 purgans

484 2893 578 2930 ceu
611 2893 801 2929 aurum
849 2887 898 2930 et
933 2888 1230 2948 argentum.
1257 2881 1485 2935 Omnem
1531 2883 1733 2952 quippe
1783 2885 2054 2938 maculam

485 2969 540 3021 in
573 2969 729 3022 nobis
755 2968 1012 3024 tabcfacit
1046 2971 1284 3040 Spiritus
1324 2975 1499 3027 sancti
1542 2976 1741 3029 virtus.
1770 2974 1878 3029 Sed
1912 2976 2048 3030 nihil

2229 509 2292 561 '0
2327 508 2470 572 Θεὸς
2489 509 2766 575 ἐμφανῶς
2791 509 2944 575 ἣξει.
2979 510 3055 560 Οὐ
3083 511 3190 578 γὰρ
3244 509 3385 562 κατά
3411 510 3507 580 τὴν
3535 511 3732 581 προτέ-

2149 618 2246 671 ραν
2276 600 2578 670 παρουσίαν
2607 599 2926 671 λεληθότως·
2954 601 3067 654 ἀλλ’
3101 603 3176 664 ὼς
3217 603 3378 664 αὑτός
3413 619 3599 672 φησιν,
3654 601 3731 665 ὡς

2148 693 2402 762 ἀστραπὴ
2448 692 2728 764 πληροῦσα
2777 695 2885 747 ἀπὸ
2929 695 3202 746 ἀνατολῶν
3236 693 3340 756 ἓως
3395 695 3636 763 δυσμῶν.
3677 695 3731 746 '0

2152 788 2296 853 Θεὸς
2341 787 2509 856 ἡμῶν
2542 787 2639 839 καὶ
2693 790 2764 840 οὐ
2811 787 3358 855 παρασιωπήσεται.
3388 787 3499 854 Οὺχ
3543 784 3730 856 ὥσπερ

2150 880 2210 931 τὸ
2233 880 2514 950 πρότερον,
2546 880 2730 950 φησιν,
2761 879 2970 932 ἐσιώπα
3009 883 3119 942 τοῖς
3141 879 3416 944 ἀσεϐέσιν,
3449 878 3590 930 οὕτω
3635 879 3732 930 καὶ

2150 971 2294 1022 τότε.
2322 971 2447 1036 Πῦρ
2477 971 2732 1023 ἐνώπιον
2786 972 2973 1024 αὐτοῦ
3027 971 3413 1036 καυθήσεται.
3447 970 3586 1039 Πῦρ,
3646 972 3734 1022 ἵνα

2151 1063 2276 1122 τοὺς
2302 1061 2479 1124 ἀξίους
2498 1061 2587 1114 διὰ
2605 1064 2702 1132 τὴν
2737 1063 2987 1116 ἀσέϐειαν
3015 1063 3191 1116 αὐτῶν
3232 1063 3478 1134 παραδῷ.
3506 1064 3734 1132 Ὅμοιον

2153 1152 2210 1203 δὲ
2242 1151 2322 1211 τὸ,
2379 1155 2757 1220 Ἐμπροσθεν
2789 1156 2972 1208 αὐτοῦ
3001 1151 3164 1208 εὶῖικε
3214 1155 3479 1224 ποταμὸς
3519 1156 3732 1223 πυρός.

2154 1243 2365 1315 Σφόδρα
2390 1244 2558 1296 ταῦτα
2587 1247 2678 1298 καὶ
2710 1249 2737 1298 ὁ
2764 1249 3029 1318 μακάριος
3067 1248 3344 1300 ἐθεάσατο.
3369 1248 3588 1317 Δανιὴλ.
3623 1252 3738 1300 Πο-

2153 1335 2338 1403 ταμὸς
2357 1337 2485 1410 γὰρ,
2531 1340 2684 1407 φησὶ,
2721 1339 2908 1405 πυρὸς
2937 1337 3138 1393 sititer
3167 1343 3506 1409 ἔμπροσθεν
3525 1341 3733 1394 αὐτοῦ’

2156 1429 2189 1480 ό
2213 1429 2424 1496 θρόνος
2447 1430 2633 1482 αὐτοῦ
2662 1430 2819 1498 φλὸξ
2848 1434 3055 1498 πυρός·
3094 1435 3148 1485 οἱ
3181 1434 3379 1502 τροχοὶ
3407 1432 3594 1486 αὑτοῦ
3614 1434 3735 1500 πῦρ

2154 1519 2402 1589 φλέγον.
2462 1521 2765 1591 (Corderius
2817 1525 2938 1592 sic.)
2968 1525 3040 1576 Τὸ
3090 1525 3146 1577 δὲ
3193 1525 3302 1596 πῦρ
3345 1525 3462 1594 ἢτὸ
3491 1525 3608 1592 φῶς
3639 1542 3736 1593 ση-

2161 1613 2344 1681 μαίνει
2377 1614 2437 1666 τὸ
2458 1614 2515 1680 ἐξ
2543 1614 2728 1666 αὑτοῦ·
2755 1615 2852 1683 τῆς
2879 1616 2987 1686 γὰρ
3019 1615 3270 1683 γνώσεως
3289 1617 3381 1668 τοῦ
3410 1617 3648 1688 Χριστοῦ
3673 1617 3735 1668 τὸ

2157 1703 2245 1755 διὰ
2277 1706 2509 1768 πίστεως
2556 1708 2766 1776 ἡγεῖται
2820 1706 2936 1776 φῶς
2984 1707 3191 1777 νοητὸν,
3249 1701 3310 1759 οῦ
3365 1708 3533 1771 τύπος
3582 1707 3732 1760 ὁτοῦ

2165 1797 2375 1867 Ἰσραὴλ
2400 1799 2455 1852 ἐν
2486 1799 2639 1852 νυκτὶ
2667 1799 3117 1868 καθηγησάμενος
3147 1799 3339 1863 στῦλος
3364 1801 3554 1870 πυρός·
3582 1800 3614 1870 ἢ
3648 1803 3734 1853 ὅτι

2151 1890 2276 1950 τοὺς
2304 1887 2720 1956 ἀπεψυγμένους
2752 1891 2900 1959 ἡμᾶς
2947 1891 3024 1952 εἰς
3058 1891 3273 1942 ἃπασαν
3315 1890 3590 1959 ἁμαρτίαν
3635 1891 3734 1942 ἀνι

2152 1981 2503 2050 εζωπύρησεν
2538 1983 2566 2032 ὁ
2598 1981 2785 2051 Σωτὴρ
2824 1983 2904 2044 είς
2933 1982 3238 2052 προθυμίαν
3265 1983 3464 2044 παντὸς
3500 1981 3734 2049 ἀγαθοῦο

2152 2072 2263 2141 πῦρ
2288 2071 2475 2142 ὥσπερ
2497 2073 2686 2140 νοητὸν
2711 2073 2808 2142 τὴν
2855 2072 2947 2124 τοῦ
2982 2073 3138 2140 ἁγίου
3169 2071 3486 2142 Πνεῦματος
3515 2071 3735 2140 μέθεξιν

2150 2160 2422 2232 ἐμϐαλών.
2459 2164 2602 2231 Ἔφη
2630 2162 2760 2230 γοῦν
2792 2164 2872 2215 ὅτι
2898 2181 2910 2193 ·
2965 2163 3091 2231 Πῦρ
3131 2160 3323 2232 ἦλθον
3366 2163 3592 2226 ,βαλεῖν
3631 2165 3733 2216 ἐπὶ

2151 2251 2266 2317 τὴν
2295 2250 2428 2320 γῆν·
2465 2252 2765 2322 γεγόναμεν
2786 2254 2896 2325 γὰρ
2937 2253 3014 2324 τῷ
3043 2253 3313 2325 πνεύματι
3367 2255 3589 2320 ζῶντες,
3617 2258 3738 2312 ὅσοι

2152 2343 2252 2412 τῆς
2277 2343 2529 2414 τοιαύτης
2559 2343 2835 2414 ἡξιώμεθα
2889 2347 3125 2416 χάριτος.
3171 2347 3262 2400 Διὸ
3309 2348 3401 2401 καὶ
3453 2350 3510 2400 ἐν
3545 2351 3611 2419 τῇ
3643 2351 3736 2402 τοῦ

2153 2427 2307 2501 ἁγίου
2334 2435 2647 2504 Πνεῦματος
2689 2438 2870 2508 χάριτι
2901 2437 3068 2508 πυρὸς
3127 2440 3357 2509 δήλωσις
3390 2442 3737 2513 συνεισφέρε-

2152 2542 2260 2579 τα-τ*
2301 2526 2671 2598 βαπτιζόμεθα
2707 2529 2814 2599 γὰρ
2845 2531 2901 2582 ἐν
2928 2531 3145 2601 Χριστῷ
3185 2532 3326 2584 κατὰ
3350 2533 3450 2603 τὴν
3487 2534 3735 2586 Ἰωάννου

2156 2618 2337 2688 φωνὴν
2365 2622 2421 2672 ὲν
2450 2621 2728 2690 Πνεύματι
2753 2621 2889 2691 ἁγίῳ
2924 2621 3017 2674 καὶ
3053 2623 3204 2692 πυρί.
3243 2624 3386 2693 Ἔφη
3418 2623 3475 2676 δέ
3525 2642 3610 2687 τις
3639 2626 3732 2678 καὶ

2152 2708 2262 2762 τῶν
2291 2712 2582 2780 προφητῶν
2612 2729 2625 2741 ·
2676 2713 2757 2765 ὅτι
2812 2713 3005 2780 Αὐτὸς
3039 2715 3422 2781 ἐκπορεύεται
3479 2716 3560 2782 ὠς
3618 2713 3737 2784 πῦρ

2156 2801 2581 2867 χωνευτηρίου,
2615 2802 2712 2853 καὶ
2741 2802 2821 2867 ὡς
2863 2805 2984 2854 πόα
3038 2804 3415 2860 πλυνόν-των
3463 2805 3562 2858 καὶ
3596 2808 3737 2858 καθ-

2156 2889 2323 2944 ιεῖται
2372 2893 2650 2960 χωνεύων
2692 2895 2789 2946 καὶ
2839 2893 3162 2961 καθαρίζων
3203 2894 3283 2962 ὠς
3334 2896 3400 2948 τὸ
3453 2898 3737 2967 ἀργύριον

2155 2983 2255 3034 καὶ
2306 2985 2582 3051 χρυσίον.
2649 2985 2898 3056 Ἐκτήκει
2925 2985 3034 3057 γὰρ
3081 2985 3294 3040 ἅπαντα
3322 2987 3488 3058 ῥύπον
3518 2989 3578 3039 ὲν
3606 2989 3738 3058 ἡμῖν

486 3059 689 3129 profuit
723 3059 1018 3132 Synagogaa
1044 3063 1376 3131 Judatorum,
1409 3067 1537 3134 quia
1567 3067 1794 3137 gratiam
1823 3084 1931 3120 non
1956 3069 2051 3121 ad-

2159 3074 2209 3144 ἡ⁷
2238 3091 2332 3126 του
2367 3075 2525 3143 ἁγίου
2567 3076 2883 3147 Πνεύματος
2912 3079 3157 3149 δύναμις.
3217 3079 3354 3132 Ἀλλ’
3382 3080 3533 3133 οὐδὲν
3561 3079 3735 3151 ὢνησε

489 3154 776 3219 miserunt,
810 3154 877 3207 de
899 3155 1098 3222 quibus
1130 3157 1273 3225 apud
1305 3155 1595 3210 Jcremiam
1625 3159 1760 3212 dicit
1783 3158 1922 3212 Deus
1959 3161 2000 3191 ‘9
2037 3181 2049 3214 :

489 3244 691 3311 Deiecit
749 3246 1005 3313 con/lator
1044 3247 1108 3299 ab
1137 3248 1273 3316 igne,
1307 3248 1496 3317 defecit
1534 3249 1826 3317 plumbum.
1867 3250 1932 3303 In
1962 3269 2054 3304 va-

492 3351 618 3387 num
675 3338 1008 3405 argentarius
1044 3349 1321 3408 argentum
1359 3340 1574 3408 signat:
1607 3341 1828 3395 malitite
1874 3359 2054 3396 eorum

494 3439 595 3477 non
629 3423 907 3494 tabefacta:
940 3435 1082 3481 sunt.

557 3627 612 3681 4.
648 3627 930 3680 Advocabit
962 3629 1149 3681 caelum
1177 3630 1474 3687 desursum.
1507 3631 1646 3686 Olim
1683 3634 1775 3703 qui
1819 3634 1872 3687 in
1906 3643 2052 3689 terra

487 3717 752 3787 degebant
779 3727 961 3786 partes
996 3721 1237 3789 vulpium
1285 3733 1460 3789 erant,
1492 3733 1553 3778 ut
1600 3725 1655 3778 in
1687 3726 1916 3780 Psalmis
1966 3727 2051 3781 di-

489 3818 636 3862 ctum
660 3818 743 3864 est
768 3811 836 3871 '°,
898 3810 1142 3880 impuros
1177 3813 1414 3870 colentes
1470 3817 1714 3883 spiritus,
1759 3827 1812 3872 et
1852 3819 1906 3871 in
1940 3818 2054 3873 sin-

489 3901 630 3970 gulis
655 3900 790 3956 locis
818 3900 987 3955 Deum
1023 3904 1398 3960 existimantes
1427 3923 1546 3962 esse
1603 3909 1654 3962 id
1697 3910 1844 3979 quod
1881 3925 2054 3982 appa-

491 3991 661 4045 rebat.
695 3990 799 4046 Sed
823 3993 913 4046 ubi
938 3995 1188 4063 apparuit
1215 3993 1486 4065 Salvator,
1521 3999 1816 4055 illustravit
1846 4018 1944 4058 nos
1971 4019 2057 4058 ve-

492 4095 552 4134 ra
582 4078 672 4134 Dei
725 4081 1055 4150 cognitionis
1113 4083 1255 4151 luce,
1318 4087 1538 4140 reduxit
1571 4090 1716 4158 quod
1756 4103 2053 4157 erraverat,

487 4171 748 4240 obligavit
780 4173 927 4241 quod
953 4175 1364 4241 inﬁrmabatur;
1396 4187 1583 4247 utpote
1633 4189 1819 4249 pastor
1850 4183 2052 4249 bonus,

489 4260 634 4315 feras
667 4262 876 4331 expulit
924 4265 993 4317 ab
1019 4267 1146 4318 ovili
1180 4268 1402 4334 ovium;
1445 4270 1807 4325 sanctiﬁcavit
1837 4273 2053 4342 spiritu,

490 4351 724 4405 munivit
752 4352 1046 4408 virtutibus
1070 4356 1352 4424 angelicis,
1403 4359 1691 4414 constituit
1715 4377 1926 4423 omnes
1959 4364 2054 4433 qui

493 4441 552 4496 in
607 4455 751 4499 terra
810 4442 963 4496 fuere
1018 4457 1237 4502 sanctos
1281 4450 1664 4519 mysteriorum
1724 4452 2054 4510 initiatores.

494 4530 793 4587 Advocabit
819 4535 1004 4605 igitur,
1038 4536 1236 4605 inquit,
1261 4538 1483 4608 angelos
1511 4539 1604 4608 qui
1627 4540 1682 4594 in
1725 4543 1880 4598 caelis
1905 4555 2055 4611 sunt,

489 4631 546 4677 et
565 4638 659 4679 eos
686 4625 780 4695 qui
815 4625 871 4679 in
904 4635 1048 4682 terra
1079 4637 1146 4682 ad
1177 4630 1540 4697 apostolatum
1593 4632 1771 4687 allecti
1813 4644 1963 4700 sunt,
1994 4645 2056 4691 ut

492 4713 805 4769 discernant
836 4717 1092 4786 populum
1121 4718 1314 4789 ipsius.
1351 4718 1485 4776 Nam
1527 4723 1760 4790 apostoli
1789 4739 1885 4781 eos
1927 4727 2051 4795 qui-

490 4805 613 4858 dem
640 4807 736 4874 qui
779 4807 1245 4879 obtemperarunt,
1290 4811 1402 4868 Deo
1465 4814 1734 4879 obtulere,
1799 4815 2050 4873 intideles

501 4903 681 4947 autem
711 4893 926 4951 Satanae
952 4902 1324 4967 transmisere,
1373 4912 1581 4958 tantum
1635 4920 1740 4960 non
1773 4906 2046 4962 dicentes:

491 4985 781 5038 Abscedite
809 4985 976 5055 igitur
1004 4989 1072 5042 ad
1103 4991 1274 5046 lucem
1312 4993 1454 5062 ignis
1486 4997 1673 5060 vestri,
1700 5003 1755 5050 et
1798 4997 1864 5050 ad
1894 4996 2050 5050 llam-

492 5091 635 5130 mam
659 5091 767 5145 qua
817 5080 1089 5135 combusti
1119 5086 1271 5139 estis.
1315 5083 1518 5140 Judzeis
1560 5087 1742 5156 itaque
1790 5103 1897 5141 non
1924 5103 2048 5142 cre-

489 5164 741 5221 dentibus
791 5168 944 5222 aiunt
977 5171 1058 5223 "2
1105 5170 1260 5226 Vobis
1307 5177 1579 5244 oportebat
1625 5179 1852 5245 primum
1903 5179 2049 5248 loqui

488 5258 697 5311 uerbum
722 5257 856 5313 Dei:
878 5261 968 5314 sed
1001 5265 1248 5332 quoniam
1271 5267 1520 5334 repellitis
1549 5252 1702 5332 illud,
1731 5278 1780 5322 et
1805 5270 2050 5339 indignos

488 5365 577 5402 vos
597 5350 856 5418 judicatis
895 5363 1106 5409 (eterna:
1128 5357 1266 5422 vitta,
1295 5375 1411 5412 ecce
1447 5363 1803 5414 convertimur
1835 5361 1904 5414 ad
1927 5379 2053 5431 gen-

491 5449 584 5491 tes.
614 5437 768 5505 Quod
795 5452 978 5497 autem
1010 5447 1393 5515 mysteriorum
1435 5449 1907 5519 dispensatoribus
1955 5466 2050 5504 eo-

490 5544 724 5599 rumque
755 5531 1040 5603 discipulis
1060 5537 1234 5607 angeli
1260 5539 1608 5605 auxilientur,
1644 5541 1885 5598 declarat
1911 5540 2056 5595 Pau-

563 5643 608 5721 ‘f
638 5642 770 5698 Dan.
807 5647 1024 5721 vuLlO.
1131 5650 1173 5682 ‘7
1209 5650 1340 5707 an.
1376 5671 1469 5721 xu,
1501 5656 1586 5710 49.

496 5711 691 5783 ἰδΑοι.
724 5729 844 5779 xm,
877 5715 964 5772 46.
1139 5758 1141 5760 -

1697 5655 1742 5688 ⁸⁸
1772 5656 2002 5713 Malach.
2028 5672 2112 5727 ιιι,
2143 5657 2212 5725 2,
2249 5657 2300 5712 5.

2157 3164 2254 3234 τὴν
2288 3165 2553 3218 Ἰουδαίων
2603 3168 2950 3239 Συναγωγὴν,
3001 3170 3081 3222 ὅτι
3129 3169 3202 3240 μὴ
3255 3169 3349 3240 τὴν
3375 3171 3532 3240 χάριν
3569 3187 3740 3242 προσ-

2157 3259 2382 3326 ήκαντο,
2431 3259 2558 3329 περὶ
2583 3253 2656 3311 ὧν
2689 3261 2746 3311 έν
2776 3261 3010 3332 Ἱερεμίᾳ
3027 3262 3188 3330 φησὶν
3211 3263 3238 3314 ὁ
3258 3261 3406 3324 Θεός·
3439 3261 3738 3326 Ἑξέλειπε

2156 3348 2438 3417 φυσητὴρ
2495 3350 2614 3403 ἀπὸ
2664 3352 2892 3418 πυρὸς,
2944 3352 3219 3416 ἐξέλειπε
3261 3353 3566 3422 μόλιϐδος.
3635 3359 3740 3420 Εἰς

2157 3441 2340 3493 κενὸν
2373 3442 2779 3510 ἀργηιροκόπος
2825 3445 3237 3513 ἀργυροκοπεῐ·
3298 3448 3582 3513 πονηρίαι
3635 3450 3740 3500 αὺ-

2157 3529 2277 3584 τῶν
2307 3533 2418 3584 οὐκ
2452 3532 2779 3598 ἑτάκησαν.

2226 3623 2709 3689 Προσκαλέσεται
2761 3625 2866 3677 τὸν
2910 3626 3171 3693 οὐρανὸν
3195 3625 3332 3679 ἅνω.
3384 3627 3739 3698 (Corderius.)

2157 3709 2331 3763 Πάλαι
2367 3711 2464 3780 μὲν
2496 3713 2544 3764 οἱ
2579 3713 2671 3764 ἐπὶ
2699 3713 2804 3782 γῆς
2831 3714 3048 3784 μερίδες
3099 3710 3237 3785 ἦσαν
3286 3715 3610 3779 ἀλωπέκων,
3665 3719 3741 3780 ὡς

2155 3800 2214 3854 ὲν
2235 3801 2485 3872 Ψαλμοῖς
2514 3803 2615 3854 πού
2665 3820 2830 3873 φησι,
2872 3807 2985 3868 τοῖς
3025 3806 3352 3876 ἀκαθάρτοις
3381 3806 3742 3878 λατρεύοντες

2158 3893 2450 3964 πνεύμασι,
2477 3896 2569 3947 καὶ
2622 3895 2761 3948 κατά
2804 3897 2966 3949 τόπον
3011 3897 3239 3949 ἕκαστον
3269 3897 3400 3950 Θεὸν
3445 3898 3741 3968 ἡγούμενοι

2156 3985 2217 4038 τὸ
2236 3985 2444 4039 δοκοῦν.
2487 3985 2623 4038 Ἀλλ’
2643 3988 2923 4055 ἐπιφανεὶς
2945 3989 2972 4040 ὁ
2997 3987 3204 4057 Σωτὴρ,
3233 3988 3579 4060 ὲνήστραψεν
3608 3992 3742 4058 ἡμῖν

2155 4078 2255 4149 τῆς
2283 4077 2512 4148 ἀληθοῦς
2543 4078 2868 4146 θεογνωσίας
2921 4079 2982 4131 τὸ
3029 4079 3163 4146 φῶς,
3221 4080 3521 4150 ἐπέστρεψε
3552 4081 3613 4132 τὸ
3645 4098 3745 4132 πε·

2158 4169 2519 4240 πλανημένον,
2559 4171 2822 4242 κατέδησε
2869 4171 2930 4224 τὸ
2983 4172 3366 4243 ὴρῤωστηκὸς,
3421 4172 3497 4235 ὼς
3532 4173 3743 4243 ποιμὴν

2157 4261 2378 4328 ἀγαθὸς,
2429 4261 2734 4331 ἀπεσὸϐησε
2783 4263 2906 4324 τοὺς
2936 4262 3110 4333 θῆρας
3165 4264 3263 4333 τῆς
3311 4262 3420 4314 τῶν
3446 4263 3743 4334 προϐάτων

2159 4351 2346 4422 αὐλῆς·
2379 4351 2571 4421 ήγίασε
2595 4353 2886 4422 πνεύματι,
2917 4354 3249 4421 ἠσφαλίσατο
3293 4353 3584 4424 δυνάμεσιν
3645 4357 3744 4424 ἁγ-

2157 4443 2419 4512 γελικαῖς,
2450 4444 2718 4515 ἐπέστησε
2751 4447 2877 4508 τοὺς
2897 4445 3000 4499 ἀνὰ
3035 4447 3214 4499 πᾶσαν
3259 4446 3359 4515 τὴν
3383 4447 3486 4516 γῆν
3548 4447 3742 4512 ἁγίους

2161 4535 2570 4604 μυσταγωγούς.
2602 4536 3036 4606 Προσκαλέσεται
3079 4537 3279 4600 τοίνυν,
3314 4538 3468 4606 φησὶ,
3525 4539 3656 4600 τοὺς
3685 4542 3742 4590 ἐν

2154 4625 2404 4695 οὐρανοῖς
2429 4624 2714 4692 ἀγγέλους,
2769 4627 2863 4679 καὶ
2911 4627 3036 4690 τοὺς
3080 4627 3487 4697 ἐξειλεγμένους
3561 4629 3618 4680 ἐν
3667 4632 3739 4699 τῇ

2154 4714 2294 4787 πρὸς
2323 4714 2648 4785 ἀποστολὴν,
2674 4713 2813 4769 ὥστε
2854 4715 2945 4768 τὸν
2994 4715 3119 4769 λαὸν
3147 4716 3309 4769 αὑτοῦ
3331 4717 3622 4787 διακρῖναι.
3679 4720 3744 4771 υἱ

2153 4807 2262 4878 γὰρ
2299 4807 2582 4860 ἀπόστολοι
2617 4807 2742 4869 τοὺς
2793 4806 2892 4876 μὲν
2943 4807 3294 4877 πειθομένους
3353 4810 3744 4877 προσήνεγκαν

2155 4897 2234 4966 τῷ
2265 4897 2401 4967 Θεῷ,
2459 4897 2818 4960 ἀπιστοῦντας
2871 4897 2928 4950 δὲ
2959 4897 3035 4968 τῷ
3083 4899 3290 4968 Σατανᾷ
3346 4897 3743 4968 παρέπμψαν,

2161 4989 2439 5058 μονονουχὶ¹
2478 4989 2745 5058 λέγοντες·
2799 4988 3100 5060 Πορεύεσθε
3129 4985 3242 5054 οῦν,
3301 4989 3456 5060 φησὶ,
3488 4988 3568 5059 τῷ
3599 4992 3744 5059 φωτὶ

2155 5079 2249 5133 τοῦ
2278 5083 2446 5153 πυρὸς
2481 5081 2632 5152 ὑμῶν
2681 5082 2775 5135 καὶ
2829 5084 2895 5152 τῇ
2931 5081 3090 5150 φλογὶ
3227 5079 3579 5145 ὲξεκαύσατε.
3615 5083 3744 5144 Τοῖς

2155 5172 2284 5239 γοῦν
2312 5172 2581 5235 Ἰουδαίοις
2602 5171 2890 5225 ἀπιστοῦσι
2911 5188 3092 5240 φασιν·
3123 5173 3290 5242 Ὑμῖν
3307 5169 3386 5241 ἦν
3405 5172 3746 5242 ἀναγκαῖον

2159 5264 2394 5332 πρῶτον
2437 5262 2707 5332 λαλῆσαι
2755 5263 2862 5318 τὸν
2915 5267 3101 5334 λόγον
3145 5264 3252 5320 τοῦ
3296 5265 3464 5319 Θεοῦ·
3523 5265 3739 5332 ἐπειδὴ

2161 5351 2229 5405 δὲ
2271 5351 2598 5406 ἀπωθεῖσθε
2635 5351 2840 5416 αὐτὸν,
2868 5351 2966 5405 καὶ
3012 5353 3301 5416 ἀναξίους
3330 5352 3587 5417 ἑαυτοὺς
3611 5354 3743 5420 κρί-

2161 5459 2295 5498 νετε
2341 5442 2450 5510 τῆς
2476 5443 2714 5496 αἰωνίου
2745 5439 2914 5510 ζωῆς,
2961 5442 3087 5496 ἰδοὺ
3118 5443 3490 5511 στρεφόμεθα
3525 5445 3618 5507 εἰς
3669 5444 3743 5495 τὰ

2161 5539 2328 5606 ἔθνη.
2357 5537 2478 5590 Ὅτι
2525 5534 2582 5587 δὲ
2629 5539 2743 5599 τοῖς
2795 5536 3212 5605 μυσταγωγοῦσι
3269 5535 3503 5598 καὶτοῖς
3557 5535 3742 5587 αὐτῶν

2407 5653 2678 5710 M'ierem.
2730 5667 2803 5720 γι,
2831 5650 2922 5719 28,
2959 5650 3050 5705 29.
3097 5700 3116 5721 ,
3156 5651 3201 5683 ⁵ο
3233 5648 3378 5705 Psal.
3433 5662 3575 5713 un,
3646 5648 3738 5702 li.
