3872 6216
203 328 314 382 9.33

1316 326 1680 383 EXPOSITIO
1715 328 1779 382 1N
1821 328 2155 382 PSALMUM
2194 328 2378 381 XLIX.

3350 332 3457 387 254

207 441 483 511 μαθηταῖς
522 442 958 512 συμπράττουσιν
1016 443 1269 510 ἄγγελοι,
1331 445 1478 516 δηλοί
1533 444 1706 513 λέγων
1762 448 1784 500 6

1893 446 1979 499 lus
2004 445 2191 500 dicens
2215 446 2259 507 σε
2286 463 2297 497 :
2338 442 2524 497 Nonne
2543 460 2718 497 omnes
2739 454 2860 498 sunt
2884 446 3325 500 administratorii
3348 452 3457 516 spi-

204 532 443 595 Παῦλος·
484 531 633 600 Οὐχὶ
657 532 882 598 πάντες
910 534 1029 586 εὶσὶ
1064 536 1437 604 λειτουργικὰ
1462 537 1786 605 πνεύματα,

202 625 293 689 εἰς
318 623 634 676 διακονίαν
659 624 1154 691 ἀποστελλόμενα
1168 624 1264 677 διὰ
1288 624 1429 691 τοὺς
1450 626 1790 694 μέλλοντας

203 713 607 783 κληρονομεῖν
643 716 979 783 σωτηρίαν;
1031 716 1200 769 Τοῦτο
1233 718 1327 770 καὶ
1366 720 1398 788 ή
1430 719 1630 788 κλίμαξ
1662 720 1787 790 ἐδή-

204 803 402 865 λωσεν,
430 805 498 874 ἣν
532 798 672 856 εἶδεν
716 803 909 856 Ἰακὼϐ
969 804 1067 874 τὴν
1111 807 1175 857 ὲκ
1230 806 1335 875 γῆς
1386 806 1675 877 διήκουσαν
1709 810 1788 871 εἰς

204 895 299 947 τὸν
332 896 582 966 οὐρανὸν,
615 895 698 964 ἐφ’
744 889 811 966 ἦς
856 897 1218 967 ἐπεστήρικτο
1250 897 1472 968 Κύριος,
1501 899 1612 952 ἅνω
1639 899 1788 953 κάτω

203 984 527 1038 διαθεόντων
576 985 841 1053 ἀγγέλων.
879 986 1129 1038 Τοιοῦτον
1156 987 1249 1039 καὶ
1276 988 1337 1039 τό
1360 1004 1374 1018 ο
1417 990 1795 1057 [Ιαρεμὸαλεῖ

204 1077 424 1145 Κύριος
454 1077 660 1141 κύκλῳ
685 1076 803 1131 τῶν
821 1079 1207 1148 φοϐουμένων
1246 1081 1450 1141 αὐτὸν,
1485 1082 1583 1134 καὶ
1603 1084 1788 1149 ῥύσε-

204 1185 298 1221 ται
323 1168 570 1232 αὐτούς’
606 1167 672 1220 δι’
704 1161 779 1221 ὧν
810 1164 904 1222 οὖν
934 1170 1344 1241 συμπράττουσι
1365 1171 1460 1223 καὶ
1486 1172 1641 1225 αὐτοὶ
1670 1173 1787 1225 δια-

202 1258 450 1329 κρίνουσι
473 1257 565 1310 τὸν
601 1257 750 1311 λαόν.

270 1351 765 1417 Προσκαλέσεται
783 1350 890 1404 τὸν
921 1350 1181 1418 οὐρανὸν
1201 1351 1336 1406 ἅνω.
1360 1353 1499 1417 Τοὺς
1524 1354 1784 1421 δικαίους,

202 1441 359 1511 φησι,
378 1440 504 1504 τούς
537 1441 788 1513 οὐράνιον
815 1441 1086 1494 πολιτείαν
1113 1442 1544 1514 ἐπιτηδεύοντας,
1573 1448 1786 1513 συνάξει

200 1535 281 1595 εἰς
306 1534 408 1596 τὰς
441 1532 553 1586 ἄνω
589 1533 775 1603 μονάς.
804 1534 913 1587 Kal
948 1533 1063 1599 τὴν
1090 1532 1206 1604 γῆν
1232 1535 1337 1588 τοῦ
1367 1534 1659 1606 διακρῖναι
1680 1538 1789 1592 τὸν

199 1624 358 1678 Jaor
411 1625 622 1678 αὐτοῦ.
674 1626 811 1689 Τούς
873 1626 1230 1696 ἁμαρτωλούς
1263 1643 1395 1698 φησι
1432 1628 1525 1682 καὶ
1580 1629 1786 1695 πάντας

200 1718 325 1779 τοὺς
355 1717 447 1769 ἐπὶ
469 1718 565 1786 τῆς
595 1717 699 1788 γῆς
731 1717 975 1783 συνάξαι,
1034 1719 1126 1772 ἐπὶ
1171 1718 1231 1771 τὸ
1256 1717 1484 1793 χωρίσαι
1529 1721 1655 1785 τούς
1711 1722 1789 1774 δι-

199 1808 388 1870 καίους
419 1808 527 1860 τῶν
561 1809 634 1878 μὴ
673 1807 947 1861 τοιούτων.

270 1896 647 1965 Συναγάγετε
675 1896 834 1962 αὐτῷ
864 1898 1005 1965 τοὺς
1028 1899 1238 1967 ὁσίους
1279 1901 1505 1957 αὐτοῦ(
1531 1903 1614 1967 Ὠς
1646 1904 1782 1975 πρὸς

198 1988 326 2050 τούς
357 1987 623 2055 ἀγγέλους
648 1987 677 2037 6
709 1988 884 2057 λόγος,
934 1990 1075 2044 κατὰ
1109 1992 1168 2044 τὸ
1219 1992 1507 2065 εἰρημένον
1550 1996 1654 2048 ὐπὸ
1689 1995 1781 2049 τοῦ

198 2082 429 2153 Κυρίου·
500 2083 611 2136 Καὶ
668 2083 998 2137 ἀποστελεῖ
1048 2084 1189 2151 τοὺς
1233 2086 1528 2156 ἀγγέλους
1573 2089 1781 2151 αὐτοῦ,

199 2176 298 2229 καὶ
326 2176 670 2240 συνάξουσι
705 2176 846 2242 τοὺς
875 2177 1145 2245 δικαίους
1193 2179 1263 2233 ἐκ
1321 2180 1439 2233 τῶν
1473 2181 1785 2251 τεσσάρων

196 2267 439 2336 ἀνέμων
468 2267 578 2336 τῆς
617 2266 753 2336 γῆς·
812 2269 955 2335 τοὺς
1003 2270 1390 2340 διαθεμένους
1433 2272 1548 2341 τὴν
1579 2273 1783 2340 διαθή-

196 2376 319 2427 κην
365 2358 555 2413 αὐτοῦ
608 2360 707 2412 ἐπὶ
750 2362 984 2427 θυσίας.
1027 2361 1227 2426 Θυσίας
1282 2362 1381 2428 τὰς
1407 2365 1783 2435 πνευματικὰς

196 2450 373 2518 λέγει.

267 2544 377 2596 Kal
404 2543 856 2614 ἀναγγελοῦσιν
887 2548 942 2598 οὶ
969 2546 1215 2613 οὐρανοὶ
1237 2546 1353 2614 τὴν
1387 2547 1784 2616 δικαιοσύνην

196 2636 406 2690 αὐτοῦ.
426 2636 743 2702 Δοξάσουσι,
779 2638 964 2708 φησιν,
988 2639 1038 2691 οἱ
1066 2638 1285 2708 οὐρανοὶ
1317 2638 1407 2691 τὸν
1438 2639 1588 2702 Θεὸν,
1619 2639 1783 2711 ὁτιδὴ

198 2729 292 2780 καὶ
363 2727 686 2798 ἀνθρώπους
744 2729 854 2782 τῶν
910 2730 1179 2800 οὐρανίων
1225 2730 1515 2801 διατριϐῶν
1560 2730 1779 2801 ⁴ἠξίωσε.

197 2818 553 2890 (Corderius.)
586 2821 843 2873 Βούλεται
863 2821 991 2882 τοὺς
1024 2819 1202 2883 ὁσίους
1225 2820 1318 2873 τοῦ
1364 2820 1626 2891 πρότερον
1655 2822 1782 2875 λαοῦ

196 2911 306 2980 πρὸ
356 2910 456 2981 τῆς
487 2911 785 2982 μελλούσης
824 2911 1058 2982 κρίσεως
1084 2910 1287 2963 παῦσαι
1338 2912 1438 2974 τῆς
1463 2912 1654 2976 θυσίας
1687 2914 1784 2983 τῆς

196 3003 284 3057 διὰ
315 3002 427 3054 τῶν
453 3004 667 3071 ἀλόγων
698 3004 850 3068 ζώων
896 3005 1130 3075 σφαγῆς,
1182 3004 1469 3058 ἀναλαϐεῖν
1504 3005 1604 3075 τὴν
1664 3007 1783 3059 κατ’

196 3094 508 3163 ἐπιστήμην
533 3093 627 3146 καὶ
655 3092 874 3160 γνῶσιν.
926 3093 1047 3146 Ἐπὶ
1104 3093 1161 3145 δὲ
1201 3093 1409 3157 τούτοις
1454 3094 1546 3147 τὸν
1593 3094 1784 3166 κριτὴν

196 3187 253 3237 αἱ
290 3185 537 3256 οὐράνιαι
562 3184 820 3253 δυνάμεις
850 3184 1196 3253 άνυμνοῦσιν,
1221 3185 1303 3237 ὅτι
1355 3185 1463 3237 ἀπὸ
1487 3185 1595 3239 τῶν
1621 3186 1783 3239 ὁσίων

196 3276 636 3345 κατήρξατο,καὶ
650 3277 699 3328 οἱ
724 3276 942 3345 οὐρανοὶ
974 3275 1346 3343 διαγγέλλουσι
1379 3276 1477 3348 τὴν
1513 3277 1787 3331 δικαιοσύ-

197 3383 296 3435 νην
321 3365 508 3428 αὐτοῦ,
552 3366 938 3437 συγχαίροντες
976 3365 1156 3419 αὐτῶν
1197 3369 1263 3437 τῇ
1306 3367 1567 3438 σωτηρίᾳ.
1618 3368 1691 3421 Τὸ
1726 3368 1784 3421 δὲ

197 3459 301 3529 τῆς
331 3459 434 3527 γῆς
492 3457 806 3527 οἰκητήριον
838 3455 916 3525 τῷ
980 3458 1053 3527 μὴ
1106 3457 1204 3527 τῆς
1256 3457 1509 3526 οὐρανίου
1541 3457 1785 3530 κλήσεως

197 3549 489 3620 ήξιωμὲνῳ
519 3547 759 3617 τάγματι
782 3546 1255 3617 καταληφθήσεται
1284 3546 1383 3617 (a).
1416 3547 1545 3600 Ὅτι
1575 3551 1607 3601 o'
1641 3548 1785 3613 Θεὸς

196 3640 409 3709 κριτής
429 3641 620 3693 ἐστιν.
661 3638 926 3693 Ἐνταῦθα
948 3638 1231 3711 προδήλως
1263 3638 1353 3692 τὸν
1383 3639 1616 3710 Χριστὸν
1637 3638 1783 3707 λέγει

196 3732 349 3786 Θεὸν·
376 3733 556 3786 πᾶσαν
586 3730 695 3803 γὰρ
740 3731 840 3801 τὴν
897 3730 1077 3800 κρίσιν
1120 3729 1351 3784 δέδωκεν
1403 3732 1431 3784 6
1490 3729 1681 3801 Πατὴρ
1707 3730 1784 3800 τῷ

383 3823 496 3877 Καὶ
547 3824 597 3875 εἰ
648 3824 827 3876 πᾶσαν
866 3821 967 3892 τὴν
1020 3822 1202 3892 κρίσιν
1247 3821 1476 3874 δέδωκεν
1521 3823 1549 3874 6
1594 3820 1783 3891 Πατὴρ

196 3914 275 3986 τῷ
308 3913 490 3985 Υἱῷ,ὁ
518 3914 576 3968 δὲ
597 3914 729 3977 Θεὸς
762 3914 955 3984 κριτής
982 3915 1115 3966 ἐστι·
1142 3913 1274 3976 Θεός
1302 3916 1447 3966 ἐστιν
1475 3915 1504 3965 6
1529 3912 1778 3983 Χριστός.

271 4010 591 4070 Ἄκουσον,
626 4007 776 4072 λαός
792 4023 932 4075 μου,
987 4005 1088 4058 καὶ
1127 4004 1379 4072 λαλήσω
1404 4019 1523 4058 σοι.
1566 4003 1782 4066 Καινῶς

197 4097 521 4168 νομοθεσίας
577 4096 885 4167 εἰσαγωγὴν
934 4096 1276 4167 ποιούμενος,
1340 4096 1426 4148 ἵνα
1474 4096 1546 4167 μή
1580 4113 1663 4159 τις
1692 4096 1783 4148 ἀν-

196 4191 469 4264 θρώπινον
526 4190 615 4243 τὸν
659 4189 817 4257 λόγον
877 4189 912 4259 ἡ
965 4206 1107 4251 τινος
1154 4186 1451 4258 ἁγγελικῆς
1500 4186 1781 4256 δυνάμεως

196 4284 481 4343 ὑπολάϐοι.
524 4282 815 4353 προτάττει
863 4281 945 4345 τὸ,
984 4282 1046 4334 ‘0
1070 4280 1213 4345 Θεὸς
1242 4282 1273 4332 ὁ
1315 4279 1460 4345 Θεός
1497 4278 1611 4331 σού
1665 4280 1778 4347 εἰμι

196 4374 329 4443 ἐγώ.
371 4373 438 4425 Ἡ
461 4372 519 4423 δὲ
544 4370 749 4424 διάνοια
773 4369 931 4440 αὐτη·
961 4371 1052 4441 Μὴ
1089 4368 1275 4440 νόμιζε
1302 4369 1486 4439 ἕτερον
1525 4364 1662 4422 εἶναι
1691 4387 1781 4439 με,

1890 538 2029 589 ritus
2060 538 2112 589 in
2137 537 2489 589 ministerium
2512 537 2659 588 missi
2690 547 2901 605 propter
2927 553 3012 590 eos
3040 539 3128 607 qui
3178 538 3458 593 haeredita-

1892 635 1997 680 tem
2023 627 2229 692 capturi
2255 633 2377 677 sunt
2402 622 2592 677 salutis
2614 626 2640 677 .9
2695 623 2809 678 Hoc
2848 626 2974 678 item
3006 626 3263 681 indicavit
3305 630 3452 683 scala

1890 716 2224 786 quam.vidit
2268 713 2436 768 Jacob
2459 731 2490 768 a
2517 727 2659 770 terra
2695 718 2759 769 ad
2808 718 3006 771 coelum
3035 720 3452 789 pertingentem,

1890 824 2054 877 super
2086 824 2193 877 qua
2255 809 2483 861 ﬁrmiter
2525 810 2860 864 consistebat
2917 808 3200 871 Dominus,
3252 813 3459 882 angelis

1889 915 2109 955 sursum
2144 899 2400 953 de02‘sum
2434 900 2869 955 discurrentibus
2896 902 2959 952 ⁵³.
2990 900 3270 970 Ejusmodi
3329 904 3459 957 item

1889 992 2021 1046 illud
2053 1000 2177 1045 est:
2214 990 2696 1046 Castrametabitur
2722 993 2977 1046 Dominus
3025 996 3080 1046 in
3128 995 3356 1048 circuitu
3391 996 3459 1048 li-

1888 1083 2142 1134 mentium
2170 1098 2311 1147 eum,
2343 1090 2394 1135 et
2427 1083 2612 1151 eripiet
2639 1100 2725 1136 eos
2754 1084 2825 1148 δὴ
2856 1086 2985 1139 dum
3012 1085 3196 1153 itaque
3245 1086 3321 1139 illi
3360 1102 3460 1139 au-

1889 1171 2173 1236 xiliantur,
2213 1173 2535 1228 discernunt
2575 1176 2855 1243 populum.

1958 1352 2247 1408 Advocabit
2299 1350 2486 1408 omium
2549 1354 2844 1408 desursum.
2890 1353 3077 1410 Justos
3107 1354 3334 1419 scilicet,
3364 1358 3458 1424 qui

1887 1445 2107 1501 caeleste
2136 1447 2443 1501 institutum
2479 1454 2778 1511 sectantur,
2806 1447 3157 1516 congregabit
3182 1446 3232 1499 in
3265 1463 3459 1515 super-

1888 1536 1973 1593 nis
2030 1539 2429 1593 mansionibus.
2482 1538 2551 1591 Et
2607 1548 2801 1593 terram
2849 1539 3144 1605 discernere
3200 1540 3453 1608 populum

1884 1645 2059 1682 suum.
2098 1628 2416 1684 Peccatores
2442 1631 2596 1699 jubet
2619 1646 2917 1700 omnesque
2942 1631 2994 1683 in
3029 1639 3170 1685 terra
3194 1632 3452 1699 degentes

1889 1735 2241 1792 congregare,
2289 1722 2357 1776 ad
2412 1723 2776 1793 separandum
2801 1723 2983 1793 justos
3033 1738 3064 1777 a
3108 1738 3217 1777 non
3267 1722 3453 1792 justis.

1957 1902 2009 1955 5.
2039 1900 2362 1972 Congregate
2388 1901 2474 1956 illi
2499 1912 2711 1957 sanctos
2746 1903 2880 1972 ejus.
2917 1902 3086 1969 Quasi
3124 1904 3189 1958 ad
3223 1904 3447 1971 angelos

1884 2005 1969 2048 est
1999 2009 2199 2059 sermo,
2230 1996 2384 2063 juxta
2416 1995 2543 2049 illud
2573 2010 2604 2050 a
2636 1995 2869 2048 Domino
2894 1997 3136 2050 dictum:
3185 1996 3252 2049 Et
3282 1998 3456 2051 mittet

1886 2085 2098 2154 angelos
2148 2102 2291 2146 suos,
2346 2096 2395 2138 et
2451 2086 2844 2156 congregabunt
2880 2086 3057 2155 juslos
3104 2104 3169 2141 ex
3216 2098 3449 2157 quatuor

1884 2179 2049 2232 ventis
2084 2187 2239 2231 terra:
2268 2178 2335 2231 ".
2371 2178 2475 2242 Qui
2505 2179 2759 2231 ordinant
2798 2187 3173 2233 testamentum
3219 2180 3333 2248 ejus
3363 2196 3457 2233 suo

1884 2279 1976 2332 per
2004 2265 2289 2331 sacriﬁcia.
2319 2263 2598 2319 Sacriﬁcia
2631 2265 2765 2320 dicit
2803 2267 3127 2335 spiritualia.

1955 2555 2008 2609 6.
2037 2555 2106 2609 Et
2136 2556 2528 2612 annuntiabunt
2558 2561 2673 2613 σαιιὶ
2699 2553 2973 2630 justitiam
3015 2566 3147 2633 ejus.
3187 2566 3454 2635 Gloriam,

1886 2647 2084 2716 inquit,
2112 2648 2222 2702 Deo
2270 2652 2515 2705 tribuent
2566 2653 2715 2716 cteli,
2763 2654 2891 2722 quia
2944 2657 3155 2711 scilicet
3207 2658 3456 2716 homines

1885 2742 2205 2797 ctelestibus
2269 2745 2652 2800 mansionibus
2699 2748 2953 2816 dignatus
3023 2759 3126 2803 est.
3177 2750 3340 2822 Optat
3397 2763 3458 2809 ut

1891 2832 2064 2885 sancti
2101 2834 2302 2901 prioris
2335 2836 2521 2904 populi
2550 2846 2674 2891 ante
2702 2836 2950 2892 futurum
2990 2838 3259 2909 judicium
3292 2844 3457 2899 ﬁnem

1886 2919 2093 2974 faciant
2128 2922 2386 2977 sacriﬁcii
2443 2941 2538 2993 per
2578 2928 2968 2983 mactationem
3001 2929 3289 2986 brutorum
3336 2936 3457 2991 ﬁeri

1888 3012 2054 3077 soliti,
2086 3023 2140 3067 et
2168 3014 2301 3069 illud
2337 3027 2624 3071 assumant
2657 3020 2801 3088 quod
2834 3023 3133 3077 secundum
3167 3025 3457 3082 scientiam

1888 3112 1942 3156 et
1968 3105 2332 3175 cognitionem
2379 3108 2628 3164 offertur.
2661 3110 2839 3180 Super
2870 3113 2955 3168 his
2998 3116 3249 3172 caelestes
3280 3118 3456 3172 virtu-

1893 3204 1971 3249 tes
2005 3198 2244 3263 judicem
2272 3200 2730 3273 celebrant,_quia
2779 3218 2809 3257 a
2872 3206 3077 3261 sanctis
3142 3207 3349 3277 incipit,
3400 3217 3456 3263 et

1888 3321 2011 3377 coeli
2055 3324 2386 3378 annuntiant
2422 3323 2692 3394 justitiam
2738 3325 2889 3394 ejus,
2939 3328 3005 3381 de
3039 3343 3228 3381 eorum
3281 3330 3457 3386 salute

1884 3431 1995 3471 una
2036 3414 2303 3473 laetantes.
2354 3414 2656 3471 Terrenum
2700 3432 2829 3472 vero
2872 3417 3212 3473 domicilium
3263 3419 3313 3474 ei
3365 3436 3458 3476 or~

1883 3506 1999 3561 dini
2052 3508 2392 3577 relinquetur
2456 3508 2552 3577 qui
2596 3524 2679 3563 coe
2702 3510 2805 3563 esti
2858 3511 3148 3566 vocatione
3201 3511 3458 3581 dignatus

1883 3614 1992 3653 non
2015 3596 2201 3655 fuerit.
2233 3600 2498 3665 Quoniam
2525 3600 2666 3654 Deus
2696 3602 2867 3671 judex
2904 3614 3003 3661 est.
3040 3603 3140 3659 Hic
3170 3605 3459 3662 manifeste

1882 3692 2160 3748 Christum
2204 3694 2338 3748 dicit
2380 3694 2592 3748 Deum:
2643 3711 2768 3751 nam
2801 3711 2965 3751 omne
3003 3697 3272 3767 judicium
3309 3699 3459 3755 dedit

1883 3783 2043 3840 Pater
2071 3783 2214 3839 Filio
2244 3787 2310 3839 ⁵⁸.
2339 3786 2549 3852 Quodsi
2574 3803 2736 3842 omne
2773 3789 3042 3857 judicium
3088 3790 3236 3845 dedit
3271 3791 3372 3855 illi,
3400 3801 3458 3847 et

1883 3876 2029 3933 Deus
2060 3877 2230 3947 judex
2271 3887 2355 3932 est
2385 3893 2400 3932 :
2444 3895 2578 3949 ergo
2604 3877 2746 3934 Deus
2780 3888 2863 3935 est
2900 3880 3176 3937 Christus.

1948 3970 2001 4026 7.
2040 3968 2217 4056 Audi,
2244 3971 2467 4039 populus
2511 3988 2676 4036 meus,
2708 3982 2759 4026 et
2794 3973 2983 4043 loquar
3027 3974 3142 4029 tibi.
3191 3973 3327 4029 Cum
3358 3988 3460 4029 tto-

1883 4078 2005 4121 vam
2036 4067 2433 4138 legislationem
2467 4069 2860 4136 introduceret,
2892 4088 2960 4125 ne
2994 4073 3118 4140 quis
3156 4071 3460 4127 humanum

1882 4161 2111 4217 verbum
2144 4178 2264 4217 esse
2285 4202 2300 4227 ,
2336 4172 2428 4217 aut
2453 4178 2481 4215 a
2516 4163 2751 4232 quadam
2778 4164 3025 4234 angelica
3061 4165 3263 4219 virtute
3293 4165 3462 4234 proﬁ-

1884 4255 2017 4312 cisci
2065 4254 2424 4318 existimaret,
2468 4256 2748 4324 przetnittit
2790 4255 2963 4312 illud:
2995 4254 3136 4310 Deus
3164 4255 3309 4310 Deus
3336 4265 3459 4310 tuus

1876 4361 1969 4416 ego
1997 4363 2136 4403 sum.
2172 4345 2300 4403 liene
2328 4355 2512 4402 autem
2537 4356 2623 4403 est
2647 4348 2917 4404 sententia
2942 4365 2958 4404 :
2988 4346 3069 4406 Ne
3093 4361 3253 4422 putes
3290 4348 3460 4405 alium

196 4464 283 4517 διὰ
307 4464 369 4515 τὸ
403 4463 567 4533 ἕτερα
610 4462 917 4532 νομοθετεῖν
946 4461 1204 4531 σήμερον·
1244 4460 1357 4512 ἀλλ’
1380 4461 1541 4523 αὐτὸς
1575 4460 1779 4525 ἐκεῖνός

1891 4478 1974 4518 me
2023 4475 2169 4529 esse,
2220 4457 2371 4529 quod
2416 4458 2575 4512 hodie
2626 4459 2764 4513 alias
2823 4460 3069 4517 sanciam
3116 4464 3261 4534 leges
3300 4484 3312 4520 :
3358 4465 3453 4522 sed

198 4558 315 4622 εἰμι
349 4555 377 4605 ὁ
419 4552 571 4622 παρὰ
614 4553 786 4622 Μωσῇ
841 4551 914 4603 τὰ
972 4551 1099 4620 περὶ
1146 4549 1347 4602 θυσιῶν
1392 4548 1775 4620 νομοθετήσας.

198 4642 564 4713 Μαρτύρομαι
584 4641 640 4693 δέ
665 4658 745 4703 σε,
786 4640 861 4704 ὡς
888 4640 988 4693 οὐκ
1027 4639 1342 4712 ὲγκληθήσῃ
1365 4638 1620 4710 παραϐὰς
1655 4640 1784 4701 τοὺς

198 4735 352 4806 παρὰ
380 4735 551 4801 Μωσῇ
580 4733 797 4803 νόμους.
830 4733 1003 4795 Αὐτὸς
1019 4732 1127 4803 γάρ
1145 4733 1260 4802 εἰμι
1289 4732 1316 4783 ὁ
1346 4733 1507 4785 κάκεῖ
1533 4728 1786 4793 διαταξά-

201 4843 365 4896 μενος
390 4825 469 4893 τῷ
497 4824 647 4877 παιδί
676 4841 777 4893 μου
808 4824 1210 4895 συμφερόντως,
1245 4823 1339 4875 καὶ
1363 4821 1459 4875 νῦν
1493 4822 1617 4875 τάδε
1650 4837 1780 4891 μαρ-

196 4915 457 4985 τύρομαι,
479 4915 559 4966 ὃτι
588 4915 661 4984 μὴ
685 4913 894 4984 ἀνάγκη
942 4930 1023 4966 σοι
1071 4913 1139 4966 τὰ
1173 4914 1301 4983 περὶ
1354 4911 1552 4966 θυσιῶν
1586 4911 1783 4981 φυλάτ-

196 5023 316 5059 τειν
343 5006 568 5074 νόμιμα.
606 5004 723 5057 Κᾶν
754 5005 863 5075 γὰρ
924 5005 997 5076 μὴ
1031 5006 1347 5076 προσφέρῃς
1389 5006 1546 5069 αὐτὰ,
1605 5006 1778 5071 οὓτως

199 5095 683 5166 προσενηνεγμένα
731 5095 868 5147 ἐστί.
904 5095 981 5148 Τὰ
1007 5094 1114 5168 γὰρ
1143 5094 1607 5164 όλοκαυτώματά
1661 5112 1778 5149 σου

197 5187 458 5242 ἐνώπιόν
497 5188 616 5255 μού
667 5185 799 5238 ἐστι
855 5185 1200 5252 διαπαντὸς,
1242 5185 1344 5239 κᾶν
1374 5186 1447 5257 μὴ
1470 5187 1781 5258 προσφέρη-

197 5295 311 5332 ται.
347 5278 410 5329 Εἰ
431 5277 488 5329 δὲ
526 5277 585 5340 ἐξ
616 5275 854 5337 ἅπαντος
885 5275 1204 5341 σπουδάζεις
1250 5276 1438 5347 ὥσπερ
1469 5276 1591 5329 τινὰ
1620 5277 1779 5347 τίμια

196 5372 295 5426 καὶ
345 5370 618 5437 ἀναγκαῖα
662 5367 834 5421 ταῦτα
883 5368 1200 5439 προσάγειν,
1255 5370 1417 5423 ἄκουε
1466 5369 1604 5440 μετὰ
1637 5371 1779 5438 παῤ-

196 5464 417 5537 ρησίας,
450 5463 527 5525 ὡς
560 5462 710 5514 οὐδὲν
741 5461 945 5515 τούτων
974 5460 1125 5532 παρὰ
1147 5461 1240 5515 σοῦ
1264 5462 1502 5534 δέξομαι.
1540 5461 1776 5533 Περιττὰ

277 5624 325 5655 ⁵²
356 5622 525 5677 Hebr.
558 5640 598 5689 ι,
639 5625 724 5678 14.

264 5781 347 5852 (α)
377 5781 651 5852 lnterpres
681 5784 876 5853 legisse
902 5782 1116 5836 Videllll‘
1143 5778 1658 5852 καταλειφθήσεται.
1694 5775 1854 5833 Enn.

526 5874 799 5936 ΡΑτιιοι..
826 5872 945 5934 Gn.
983 5871 1247 5933 XXVII.

814 5623 862 5655 ⁸³
889 5622 1026 5679 Gen.
1064 5638 1257 5685 xxvm,
1291 5622 1377 5676 12.
1453 5620 1499 5653 ⁵⁵
1525 5620 1669 5676 Psal.
1707 5636 1784 5675 χχ·

1891 5661 1902 5687 .
1931 5622 1984 5679 8.
2059 5622 2105 5655 ⁸⁸
2134 5621 2324 5680 Matth.
2365 5626 2625 5695 Xlll,'4l.

1882 4553 2024 4607 idem
2052 4554 2306 4622 ipsesum
2341 4550 2438 4625 qui
2492 4552 2632 4621 apud
2684 4552 2890 4608 Mosem
2936 4555 3007 4612 de
3057 4557 3345 4613 sacriﬁciis
3372 4558 3453 4612 le-

1882 4657 2001 4711 gem
2044 4643 2164 4694 tuli.
2214 4641 2501 4697 Testiﬁcor
2540 4650 2721 4696 autem
2766 4646 2863 4698 tibi
2917 4655 2971 4700 te
3026 4663 3134 4701 non
3170 4650 3453 4719 culpatum

1884 4732 1952 4785 iri
1986 4734 2030 4786 si
2072 4733 2218 4803 leges
2248 4732 2416 4788 Mosis
2457 4746 2880 4805 praetergressus
2908 4738 3099 4793 fueris.
3156 4737 3278 4808 Ipse
3305 4742 3454 4796 cnim

1883 4836 1984 4892 ego
2030 4839 2152 4877 sum
2205 4825 2299 4894 qui
2354 4826 2476 4880 illas
2510 4836 2641 4880 tunc
2678 4841 2844 4895 puero
2880 4843 3005 4881 meo
3049 4830 3116 4883 ad
3163 4832 3453 4887 utilitatem

1883 4913 2001 4983 ejus
2030 4915 2248 4979 tradidi,
2279 4923 2334 4969 et
2379 4915 2491 4984 jam
2541 4917 2823 4981 testiﬁcor,
2862 4918 2959 4972 tibi
3004 4936 3113 4975 non
3163 4938 3453 4978 necessum

1883 5017 2005 5056 esse
2041 5002 2230 5073 legalia
2259 5004 2325 5058 de
2358 5004 2647 5059 sacriliciis
2681 5018 2950 5076 prmeepta
2979 5025 3221 5067 servare.
3252 5011 3456 5066 Etiam-

1883 5092 1929 5146 si
1965 5094 2110 5146 enim
2148 5110 2211 5146 ea
2247 5109 2353 5147 non
2383 5095 2669 5162 obtuleris,
2720 5097 3079 5154 nihilominus
3130 5109 3259 5155 sunt
3302 5104 3455 5158 obla-

1885 5192 1973 5237 ta:
2005 5200 2129 5237 nam
2171 5183 2503 5239 Holtwausta
2532 5199 2622 5241 tua
2648 5190 2704 5241 in
2747 5200 3027 5259 conspectu
3065 5200 3152 5244 tuo
3175 5204 3295 5245 sunt
3321 5210 3457 5249 sem-

1881 5293 1991 5346 per,
2024 5280 2239 5335 etiamsi
2290 5297 2399 5334 non
2442 5282 2759 5338 oﬁ‘erantur.
2799 5284 2855 5338 Si
2882 5296 3063 5340 autem
3096 5288 3320 5340 omnino
3358 5303 3455 5341 cu—

1884 5385 1974 5425 ras
2002 5384 2067 5425 ea
2104 5386 2203 5425 ceu
2248 5373 2486 5442 pretiosa
2535 5376 2785 5443 quazdam
2826 5385 2881 5429 et
2928 5376 3240 5430 necessaria
3292 5376 3457 5430 oﬁ'erc

1883 5477 1968 5517 re.
2026 5478 2150 5518 cum
2191 5462 2387 5519 ﬁducia
2417 5467 2566 5533 audi,
2629 5483 2714 5522 me
2752 5483 2945 5523 eorum
3008 5469 3203 5523 nihila
3248 5477 3299 5525 te
3355 5483 3451 5523 ac-

2702 5626 2749 5659 “
2789 5626 2946 5685 Joan.
2989 5646 3044 5696 v,
3063 5629 3155 5691 22.

3094 5870 3134 5929 8
