3872 6216
421 296 527 348 i355

1255 296 1311 350 S.
1354 295 1723 351 ATHANASII
1762 297 1915 352 OPP.
1955 296 2138 353 PARS
2174 297 2264 353 Ill.
2300 330 2369 342 —
2407 298 2815 355 EXEGETICA.

3551 303 3660 357 236

419 422 743 484 cepturum.‘
765 414 1049 486 Superﬁua
1078 416 1222 470 enim
1256 417 1384 471 mihi
1413 419 1597 472 omnia
1627 427 1775 473 sunt.
1803 418 1989 483 Quan-

2091 420 2201 489 γάρ
2229 438 2317 489 μοι
2365 420 2561 473 πάντα·
2594 420 2778 489 ἐπειδὴ
2812 420 2904 472 καὶ
2946 419 3015 473 τά
3071 421 3129 473 ἐν
3166 420 3355 491 ἀγροῖς
3395 419 3664 490 νεμόμενα

423 506 717 576 doquidem
771 518 824 562 et
879 522 1000 576 quae
1042 508 1096 560 in
1147 510 1291 576 agris
1334 518 1637 577 pascuntur
1665 511 1987 576 animantia,

422 599 612 664 boves,
650 598 919 667 iumenta,
944 599 1199 653 volucres
1225 600 1370 661 caeli,
1395 610 1447 654 et
1470 602 1818 670 pulchritudo
1839 601 1981 671 agri,

424 690 608 744 omnia
626 706 742 743 mea
757 698 958 753 sunt,et
982 689 1175 743 horum
1201 690 1337 744 nihil
1364 706 1516 761 egeo.
1551 691 1755 758 Quodsi
1770 696 1990 762 quando

424 781 558 834 mihi
591 781 887 835 necessitas
912 779 1053 833 foret
1081 781 1349 848 alimenti,
1404 798 1513 837 non
1538 785 1611 838 ita
1632 800 1836 853 egenus
1887 800 1989 855 ego

423 887 566 935 sum,
598 880 658 925 ut
689 887 718 925 a
764 881 815 926 te
848 872 974 925 talia
1004 873 1309 941 postulem:
1341 872 1490 927 Meus
1538 883 1620 927 est
1667 876 1808 928 enim
1846 877 1987 931 orbis

424 974 576 1015 terra:
608 962 672 1013 ⁸⁷.
709 960 813 1015 Sed
837 976 1085 1031 quaenam
1111 972 1264 1032 grata
1300 964 1430 1017 mihi
1456 964 1650 1019 offeres
1679 966 1987 1021 sacriﬁcia?

420 1052 659 1115 laudem,
692 1052 989 1115 canticum,
1048 1053 1292 1108 divinum
1317 1071 1649 1111 sermonem.
1701 1057 1837 1112 Cum
1887 1074 1987 1112 au-

422 1154 529 1198 tem
560 1145 676 1200 haec
705 1144 1039 1213 impleveris,
1080 1154 1194 1200 tum
1256 1164 1322 1203 ac
1369 1150 1415 1203 si
1469 1150 1640 1219 legem
1702 1151 1987 1220 implesses

419 1237 684 1305 divinam,
717 1239 1027 1293 mercedem
1060 1239 1333 1309 accipies;
1358 1251 1417 1295 ut
1458 1258 1582 1295 cum
1616 1244 1982 1310 invocaveris,

416 1330 747 1384 exaudiaris.
772 1329 840 1384 Et
868 1330 1152 1386 declarans
1178 1348 1337 1400 quem
1364 1335 1624 1402 populum
1650 1336 1981 1406 alloquatur,

417 1422 635 1476 intulit:
679 1420 870 1485 Israel,
946 1432 998 1474 et
1049 1422 1371 1490 testiﬁcabor
1424 1424 1537 1478 tibi.
1583 1424 1790 1480 Exinde
1854 1442 1983 1481 vero

416 1530 578 1569 suum
605 1513 1158 1569 ostenditdominium
1188 1531 1198 1565 :
1236 1513 1371 1567 Deus
1402 1514 1541 1569 Deus
1579 1525 1699 1569 tuus
1723 1533 1815 1587 ego
1842 1533 1980 1582 sum,

416 1606 511 1675 qui
551 1614 603 1659 te
631 1604 953 1675 Egyptiaca
993 1605 1257 1661 servitute
1312 1606 1559 1673 liberavi,
1590 1609 1682 1677 qui
1738 1624 1891 1662 mare
1926 1609 1979 1662 in

416 1697 564 1749 viam
595 1696 738 1761 dedi,
781 1697 874 1765 qui
923 1697 978 1749 in
1012 1698 1229 1752 deserto
1284 1700 1542 1763 enutrivi,
1593 1700 1689 1769 qui
1727 1716 1845 1754 eam
1880 1701 1980 1755 tibi

415 1788 587 1858 legem
622 1788 764 1842 dedi.
791 1788 926 1842 Nam
953 1803 1019 1843 ne
1050 1790 1218 1843 alium
1246 1806 1332 1845 me
1368 1765 1736 1860 legislato—rem
1792 1794 1985 1848 existi—
2013 1765 2056 1821 Β

416 1880 672 1946 niaveris,
701 1894 928 1935 cernens
960 1882 1137 1950 legum
1158 1882 1554 1938 diversitatem.

480 2059 662 2130 [Deus
698 2059 833 2114 Deus
854 2071 995 2115 tuus.
1030 2060 1088 2117 Id
1126 2072 1230 2127 est,
1258 2062 1354 2132 qui
1398 2078 1593 2132 magna
1617 2066 1883 2122 miracula
1911 2070 1981 2124 ab

414 2154 569 2209 initio
605 2170 780 2223 usque
804 2156 870 2210 ad
893 2156 997 2211 hoc
1012 2164 1227 2227 tempus
1258 2157 1444 2228 generi
1475 2165 1658 2213 vestro
1679 2159 1975 2233 exhibuit.]

486 2329 538 2382 8.
607 2329 731 2384 Non
782 2333 836 2384 in
866 2333 1148 2401 sacriﬁciis
1190 2336 1294 2388 tuis
1372 2352 1596 2406 arguam
1645 2346 1712 2391 te.
1762 2336 1981 2408 Nequa-

412 2436 576 2489 quam
608 2431 660 2476 te
681 2423 1019 2493 negligentiae
1047 2424 1101 2478 in
1132 2425 1424 2480 oﬁ‘erendis
1448 2426 1737 2482 sacriﬁciis
1759 2443 1930 2498 arguo
1960 2449 1974 2484 :

413 2511 505 2565 illa
562 2526 795 2582 namque
827 2512 993 2568 oﬂ‘ers
1019 2514 1277 2581 assidue;
1310 2515 1689 2585 sedpraecipio
1717 2531 1786 2571 ne
1826 2517 1979 2573 hisce

412 2600 677 2669 justitiam
706 2603 1153 2659 circumscribas.

483 2693 570 2748 16.
602 2691 876 2748 Peccatori
897 2706 1070 2748 autem
1095 2699 1231 2751 dixit
1262 2697 1440 2751 Deus:
1479 2696 1655 2763 Quare
1712 2709 1767 2752 tu
1818 2716 1977 2753 enar-

412 2798 500 2837 ras
526 2783 765 2851 justitias
795 2790 976 2839 meas?
1026 2785 1371 2841 Peccatorcm
1422 2789 1527 2843 hoc
1559 2789 1680 2843 loco
1734 2792 1979 2859 promul-

411 2883 651 2944 gatorem
723 2875 1030 2929 divinarum
1104 2877 1509 2947 Scripturarum
1564 2880 1714 2934 dicit.
1790 2880 1978 2936 Simile

411 2973 592 3019 autem
619 2974 702 3020 est
745 2967 873 3020 huic
897 2967 1076 3022 dicto:
1109 2968 1232 3022 Non
1276 2972 1510 3040 speciosa
1541 2972 1659 3025 laus
1689 2981 1766 3025 est
1810 2975 1867 3026 in
1889 2990 1977 3026 ore

410 3058 704 3124 peccatoris
734 3058 801 3112 ⁸⁸,
831 3057 887 3111 Si
912 3075 1149 3129 namque
1176 3062 1359 3115 omnia
1390 3073 1654 3131 prmcepta
1692 3073 1972 3135 transgre-

410 3148 583 3213 ditur,
620 3157 674 3203 et
700 3150 849 3202 omni
872 3151 1092 3205 malitize
1137 3152 1342 3217 studet,
1370 3161 1425 3207 et
1453 3153 1637 3223 lingua
1682 3156 1852 3208 utitur
1878 3156 1977 3210 do-

410 3255 525 3295 .osa
545 3280 558 3306 ,
591 3256 689 3295 cur
719 3250 909 3311 postea
934 3242 1146 3299 divinas
1167 3243 1374 3299 litteras
1405 3245 1461 3298 in
1495 3260 1591 3299 ore
1627 3246 1835 3301 habet?

481 3420 570 3475 2|.
601 3420 940 3475 Existimasti
966 3424 1159 3492 inique,
1185 3423 1325 3493 quod
1347 3438 1434 3477 ero
1478 3426 1556 3477 tui
1587 3426 1801 3479 similis.
1819 3425 1975 3482 ‘Olim

410 3513 649 3583 quidem,
670 3514 764 3577 ait,
795 3515 886 3568 diu
921 3514 1161 3578 toleravi,
1191 3517 1285 3570 sed
1312 3531 1420 3570 non
1442 3516 1554 3585 jam
1579 3518 1633 3572 id
1665 3517 1859 3573 faciam
1885 3538 1897 3572 :
1920 3520 1976 3573 in

409 3605 648 3660 medium
678 3607 822 3661 enim
850 3608 928 3663 tui
956 3608 1216 3677 arguendi
1256 3624 1421 3664 causa
1469 3609 1693 3665 aﬂ‘eram
1747 3624 1975 3679 peccata

412 3708 665 3769 tua,quae
699 3708 753 3754 tu
783 3700 1001 3769 quidem
1029 3702 1385 3755 existimabas
1417 3717 1525 3755 non
1556 3702 1697 3756 ultra
1742 3704 1972 3759 exsiste-

410 3805 490 3854 re,
520 3804 698 3858 neque
745 3791 799 3844 in
836 3791 1144 3860 cujuspiam
1193 3792 1516 3846 memoriam
1568 3802 1795 3847 ventura
1833 3809 1972 3850 esse.

409 3879 522 3949 Ego
542 3894 669 3934 vero
686 3890 870 3949 utpote
904 3880 1049 3936 Deus
1069 3882 1135 3935 ad
1181 3881 1359 3937 lucem
1390 3883 1686 3951 producam
1738 3884 1851 3948 illa,
1888 3894 1976 3938 at-

408 3984 514 4039 que
534 3979 873 4040 apponentur
919 3971 975 4025 in
1010 3981 1361 4042 conspectum
1395 3982 1571 4028 tuum.
1610 3973 1801 4044 Neque
1850 3977 1978 4029 abs-

406 4061 635 4115 condam
671 4061 1128 4129 quemadmodum
1175 4073 1234 4117 tu
1284 4063 1442 4126 facis,
1495 4079 1597 4118 nec
1651 4065 1847 4120 similis
1895 4066 1976 4120 tui

407 4168 521 4207 ero.
558 4151 860 4208 Producam
893 4154 1021 4207 item
1055 4154 1167 4218 illa,
1202 4163 1262 4208 ut
1300 4155 1478 4223 palam
1522 4155 1728 4209 faciens
1759 4156 1971 4224 pudore

408 4254 461 4298 te
484 4243 731 4299 afﬁciam.
756 4245 987 4314 Arguam
1007 4253 1075 4309 te,
1100 4254 1149 4297 et
1170 4254 1403 4299 statuam
1417 4256 1599 4299 contra
1627 4246 1815 4315 faciem
1831 4256 1975 4300 tuam

406 4346 618 4405 peccata
635 4344 749 4391 tua.

2093 510 2210 573 ζῶα
2243 510 2360 578 βόες
2390 512 2483 564 καὶ
2515 513 2709 581 κτήνη,
2752 513 2848 563 καὶ
2898 512 2967 563 τὰ
3017 510 3238 564 πετεινά
3285 506 3378 563 τοῦ
3410 508 3663 580 ούρανοῦ,

2089 603 2183 655 καὶ
2207 606 2239 673 ἡ
2266 602 2532 674 ώραιότης
2560 603 2653 663 τυῧ
2685 600 2875 672 ἀγροῦ,
2911 603 3087 655 πάντα
3119 602 3228 671 ἐμὰ
3260 602 3538 671 τυγχάνει,
3571 602 3665 654 καὶ

2090 694 2338 763 ἀνενδεὴς
2366 694 2561 756 παντὸς
2596 694 2843 764 ὑπάρχω.
2868 694 2929 745 Εἰ
2956 693 3011 745 δὲ
3041 693 3135 745 καὶ
3155 693 3312 764 χρεία
3337 709 3429 763 μοι
3456 691 3667 760 γένοιτό

2089 802 2219 837 ποτε
2242 786 2468 856 τροφῆς,
2492 786 2589 854 οὐχ
2621 784 2792 848 οὕτως
2810 784 3006 855 ἐνδεὴς
3034 784 3168 851 ἐγὼ,
3191 784 3266 846 ὡς
3296 784 3447 854 παρά
3473 782 3567 836 σοῦ
3595 783 3665 835 τὰ

2086 876 2308 929 τοιαῦτα
2341 879 2527 931 αἰτεῖν·
2564 876 2701 945 Ἐμὴ
2725 877 2835 946 γάρ
2864 878 3033 930 ἐστιν
3064 879 3103 945 ἡ
3135 876 3474 945 οἰκουμένη.
3498 876 3665 937 Τίνας

2085 968 2144 1020 δέ
2198 986 2286 1038 μοι
2338 971 2625 1039 προσηνεῖς
2660 969 2840 1029 θύσεις
2870 967 3093 1031 θυσίας;
3149 968 3246 1037 τὴν
3284 968 3510 1029 αἴνεσιν,
3571 965 3663 1017 τὸν

2088 1056 2273 1127 ὕμνον,
2308 1059 2405 1129 τὴν
2463 1059 2759 1126 θεολογίαν.
2803 1058 3019 1127 Ἐπειδὴ
3049 1058 3107 1109 δὲ
3140 1056 3309 1109 ταῦτα
3329 1054 3659 1126 πληρώσεις,

2085 1149 2145 1200 τὸ
2175 1148 2470 1218 τηνικαῦτα
2491 1149 2564 1211 ώς
2590 1149 2655 1201 ἂν
2688 1149 2848 1218 νόμον
2878 1145 3169 1218 πληρώσας
3201 1147 3363 1209 θεῖον,
3393 1145 3663 1199 ἀντίδοσιν

2086 1236 2230 1308 λήψῃ
2261 1244 2320 1291 τὸ
2356 1237 2777 1307 ἐπικαλούμενος
2800 1237 3240 1305 είσακουσθῆναι.
3290 1238 3402 1288 Καὶ
3447 1235 3663 1297 δεικνὺς

2086 1330 2220 1399 πρὸς
2242 1333 2391 1382 ποῖον
2418 1330 2544 1383 λαὸν
2571 1330 2895 1398 διαλέγεται,
2922 1328 3217 1398 ἐπήγαγεν·
3264 1326 3530 1394 Ἰσραὴλ,
3561 1326 3665 1379 καὶ

2085 1417 2549 1487 διαμαρτύρομαι
2617 1435 2737 1473 σοι.
2792 1414 2924 1470 Εἶτα
2980 1416 3078 1487 τὴν
3142 1416 3350 1470 οἰκείαν
3418 1416 3662 1469 δείκνυσι

2084 1510 2418 1563 δεσποτείαν·
2464 1512 2516 1562 Ὀ
2548 1511 2691 1576 Θεὸς
2720 1514 2753 1563 ὁ
2804 1511 2949 1575 Θεός
2999 1508 3113 1561 σού
3147 1511 3263 1577 εὶμι
3289 1506 3437 1575 ἐγὼ,
3484 1507 3514 1558 6
3549 1506 3663 1576 τῆς

2084 1602 2459 1672 Αίγυπτιακῆς
2487 1620 2545 1655 σε
2571 1601 2811 1665 δουλείας
2850 1599 3247 1671 ἐλευθερώσας,
3282 1600 3311 1650 6
3334 1600 3431 1668 τὴν
3461 1598 3663 1650 θάλατ-

2082 1709 2181 1744 ταν
2209 1692 2325 1745 ὁδὸν
2358 1692 2760 1763 δωρησάμενος,
2788 1694 2815 1743 ὁ
2847 1693 2905 1743 ἐν
2945 1693 3134 1761 ἐρήμῳ
3167 1690 3482 1761 διαθρέψας,
3505 1692 3533 1742 ὁ
3563 1688 3660 1742 τὸν

2084 1782 2245 1853 νόμον
2303 1784 2507 1837 ἐκεῖνόν
2548 1801 2628 1836 σοι
2675 1782 2939 1847 δεδωκώς.
2984 1784 3073 1853 Μὴ
3129 1782 3237 1852 γὰρ
3275 1780 3339 1851 δὴ
3394 1782 3550 1835 ἄλλον
3588 1799 3659 1851 με

2083 1872 2375 1943 νομοθέτην
2430 1874 2692 1946 νομίσῃς,
2763 1874 2871 1926 τῶν
2935 1873 3113 1943 νόμων
3192 1871 3336 1944 ὁρῶν
3410 1872 3473 1925 τὸ
3541 1872 3660 1927 διά.-

2083 1983 2150 2034 φο
2158 1983 2267 2035 ρον.

2154 2057 2173 2128 [
2202 2058 2264 2109 '0
2311 2058 2682 2123 Gedcdﬂsdq
2710 2073 2846 2112 σου.
2880 2056 3191 2121 Τουτέστιν,
3219 2060 3247 2111 ὁ
3296 2058 3505 2127 μεγάλα
3530 2056 3659 2110 θαυ-

2085 2149 2253 2219 μάσια
2288 2149 2523 2220 ἀρχῆθεν
2571 2149 2729 2220 μέχρι
2770 2148 2863 2201 τοῦ
2893 2147 2987 2203 νῦν
3021 2148 3101 2220 τῷ
3129 2149 3277 2217 γένει
3309 2149 3461 2219 ὑμῶν
3492 2149 3661 2202 ἐνδει-

2082 2238 2360 2311 ξάμενος.]

2153 2333 2275 2385 Οὐκ
2331 2332 2430 2385 ἐπὶ
2481 2332 2612 2397 ταῖς
2657 2331 2895 2394 θυσίαις
2958 2345 3074 2383 σου
3115 2329 3339 2401 ἐλέγξω
3388 2324 3507 2383 σεξ
3541 2328 3663 2382 Οὐκ

2079 2425 2335 2495 ἀμέλειάν
2371 2442 2473 2489 σοι,
2491 2424 2674 2494 φησὶν,
2701 2420 2917 2491 ἐγκαλῶ
2946 2423 3162 2477 θυσιῶν·
3188 2424 3516 2496 προσφέρεις
3546 2422 3661 2494 γὰρ

2079 2516 2281 2580 ταύτας
2311 2516 2595 2587 διηνεκῶς·
2648 2516 2781 2569 ἀλλά
2830 2515 2905 2587 μὴ
2962 2515 3186 2579 ταύταις
3239 2516 3526 2587 ὁρίσασθαι
3556 2514 3661 2586 τὴν

2078 2610 2422 2679 δικαιοσύνην
2448 2610 2764 2679 παρεγγυῶ.

2154 2703 2239 2768 Τῷ
2271 2702 2339 2755 δὲ
2397 2702 2722 2772 ἁμαρτωλῷ
2770 2699 2957 2756 εἶπεν.
3009 2706 3042 2757 ό
3096 2703 3260 2767 Θεός·
3307 2703 3431 2755 Ἵνα
3462 2700 3520 2754 τί
3569 2700 3659 2754 σὺ

2076 2793 2324 2862 ἐκδιηγῇ
2361 2793 2434 2845 τὰ
2463 2792 2826 2861 δικαιώματά
2844 2810 2999 2863 μου;
3040 2792 3386 2863 Ἀμαρτωλὸν
3419 2791 3660 2845 ἐνταῦθα

2076 2886 2168 2939 τὸν
2203 2884 2496 2956 νομοθέτην
2528 2887 2637 2938 τῶν
2661 2886 2820 2939 θείων
2854 2886 3084 2957 Γραφῶν
3105 2902 3289 2954 φησιν.
3332 2885 3556 2954 Ὅμοιον
3598 2884 3661 2936 ﬁ)

2078 2978 2155 3048 τῷ
2183 2977 2473 3048 εἰρημένῳ·
2504 2979 2626 3043 Οὐχ
2657 2978 2867 3044 ὡραῖος
2899 2979 3067 3043 αἶνος
3107 2978 3175 3030 ὲν
3205 2978 3453 3044 στόματι
3475 2977 3663 3044 ἀμαρε

2079 3070 2291 3124 τωλοῦ.
2322 3070 2385 3122 Εἰ
2410 3068 2518 3139 γὰρ
2552 3069 2733 3132 πάσας
2787 3070 3112 3141 παραϐαίνει
3166 3068 3262 3131 τὰς
3313 3066 3534 3129 ἐντολὰς
3560 3067 3662 3119 καὶ

2079 3162 2258 3213 πᾶσαν
2292 3158 2600 3229 ἐπιτηδεύει
2638 3160 2855 3225 κακίαν,
2892 3162 2985 3213 καὶ
3013 3160 3192 3214 δολίαν
3238 3159 3528 3212 ἀποδίδωσι
3558 3157 3661 3227 τὴν

2079 3252 2349 3321 γλῶσσαν·
2415 3252 2467 3306 τί
2510 3252 2603 3305 καὶ
2656 3251 2753 3315 τὰς
2813 3251 2963 3314 θείας
3025 3251 3119 3303 ἐπὶ
3173 3251 3439 3321 στόματος
3500 3248 3662 3319 φέρει

2078 3344 2301 3415 Γραφάς
2322 3360 2336 3408 ;

2162 3434 2487 3499 Ὑπέλαϐες
2538 3434 2826 3501 ἀνομίαν,
2881 3432 2971 3485 ὅτι
3033 3432 3249 3501 ἔσομαί
3296 3444 3393 3484 σοι
3432 3430 3660 3499 ὅμοιος.

2079 3524 2251 3579 Πάλαι
2279 3526 2396 3596 μὲν,
2454 3525 2637 3595 φησὶν,
2663 3525 3113 3595 ὲμακροθύμησα,
3149 3524 3264 3576 ἀλλ’
3293 3525 3353 3576 οὐ
3385 3524 3478 3577 νῦν
3500 3518 3665 3577 τοῦτο

2079 3618 2311 3686 ποιήσω·
2365 3616 2705 3685 παραστήσω
2756 3614 2863 3687 γὰρ
2892 3616 2971 3677 είς
3002 3615 3093 3666 τὸν
3122 3614 3261 3667 κατά
3306 3612 3398 3665 σού
3438 3612 3662 3681 ἔλεγχον

2077 3709 2145 3762 τὰ
2172 3709 2238 3762 σὰ
2272 3708 2662 3778 ἁμαρτήματα,
2688 3705 2723 3758 ἃ
2761 3706 2824 3777 δὴ
2880 3707 2942 3758 σὺ
2981 3705 3079 3775 μέν
3137 3704 3402 3766 ὑπέλαϐες
3458 3704 3662 3773 μηκέτι

2078 3799 2394 3867 ὑφεστάναι,
2433 3798 2565 3868 μηδὲ
2590 3799 2668 3860 είς
2698 3798 2918 3867 μνήμην
2963 3796 3112 3865 ἥξειν
3156 3796 3317 3857 τινός·
3360 3794 3470 3862 ἐγὼ
3495 3794 3554 3847 δὲ
3582 3794 3664 3857 ὡς

2076 3890 2207 3953 Θεὸς
2234 3890 2312 3951 εἰς
2359 3888 2474 3957 φῶς
2503 3887 2750 3957 παράξω,
2814 3888 2907 3939 καὶ
2959 3885 3386 3956 προτεθήσονται
3425 3883 3664 3937 ἐνώπιόν

2080 3997 2190 4033 σου·
2223 3980 2284 4032 οὐ
2327 3979 2585 4050 κρύπτων
2636 3976 2825 4049 ὥσπερ
2867 3978 2953 4040 σὺ,
3017 3977 3112 4030 καὶ
3154 3976 3505 4046 ώμοιωμένος
3552 3992 3659 4028 σοι.

2077 4068 2313 4140 ΙΙαράξω
2351 4069 2407 4121 δὲ
2432 4067 2590 4133 αὐτὰ,
2628 4070 2773 4131 ὅπως
2802 4068 2941 4121 αὐτὰ
2973 4069 3064 4121 καὶ
3085 4068 3365 4137 γνωρίζων
3395 4066 3665 4135 αἰσχύνην

2076 4163 2344 4231 καταχέω.
2372 4161 2620 4229 Ἐλέγξω
2641 4177 2733 4223 σε,
2770 4161 2867 4213 καὶ
2906 4158 3278 4227 παραστήσω
3302 4159 3453 4213 κατὰ
3469 4159 3666 4226 πρόσ-

2077 4253 2238 4305 ωπόν
2260 4268 2374 4306 σου
2398 4253 2504 4317 τὰς
2550 4252 2834 4321 ἁμαρτίας
2860 4265 2996 4305 σου.

477 4425 567 4477 22.
605 4423 893 4495 Intelligite
914 4426 1056 4489 lucc,
1099 4427 1188 4494 qui
1217 4426 1586 4480 obliviscimini
1632 4424 1815 4480 Deum.
1872 4424 1974 4481 Ut-

2153 4433 2369 4484 Σύνετε
2391 4429 2467 4497 δὴ
2493 4430 2698 4494 ταῦτα,
2729 4435 2779 4484 οἱ
2796 4430 3326 4497 ἐπιλανθανόμενοι
3353 4429 3461 4483 τοῦ
3487 4429 3661 4483 Θεοῦ.

410 4524 537 4585 pote
563 4516 836 4581 clemens,
877 4527 1007 4586 post
1056 4518 1483 4587 increpationem
1534 4517 1975 4573 adhortationem

411 4607 616 4676 adjicit,
644 4608 779 4661 dans
804 4609 1135 4677 pcenitentim
1160 4609 1363 4663 locum.
1397 4606 1705 4677 Intelligite,
1742 4623 1829 4661 me
1865 4624 1976 4663 non

411 4699 533 4753 ideo
586 4700 773 4753 tandiu
821 4699 1053 4753 tolerare
1108 4700 1254 4767 quod
1300 4700 1366 4753 de
1413 4697 1751 4752 facinoribus
1780 4702 1976 4754 vestris

410 4791 699 4863 gaudeam,
739 4791 834 4846 sed
859 4801 917 4845 ut
942 4792 1063 4847 dem
1093 4792 1428 4862 paenitentia:
1472 4791 1675 4845 locum.
1717 4792 1976 4860 Alioquin

410 4882 723 4950 abripitnos
747 4882 991 4952 iniquus,
1020 4885 1134 4938 sive
1159 4883 1443 4952 iniquitas,
1462 4882 1679 4937 nemine
1696 4882 1977 4937 liberante.

407 4972 597 5042 Eripio
654 4973 799 5027 enim
854 4988 948 5028 eos
968 4974 1062 5041 qui
1108 4973 1418 5043 intelligunt
1463 4982 1519 5027 et
1567 4988 1594 5026 a
1645 4974 1806 5028 malis
1831 4973 1979 5028 desi-

410 5074 597 5129 stunt,
640 5073 801 5133 atque
836 5065 1025 5119 dicunt
1057 5083 1071 5118 :
1104 5064 1310 5133 Injuste
1359 5066 1591 5133 egimus,
1644 5066 1981 5135 iniquitatem

409 5157 659 5225 fecimus,
694 5158 853 5225 impie
880 5158 1078 5226 egimus
1100 5156 1168 5209 ".
1219 5154 1356 5210 Nam
1390 5159 1484 5225 qui
1518 5157 1697 5211 adhuc
1735 5158 1788 5210 in
1821 5158 1980 5213 malis

407 5258 655 5304 versatur
688 5247 933 5302 conﬁteri
982 5261 1090 5300 non
1136 5255 1333 5315 potest.
1374 5246 1456 5299 Ne
1486 5247 1697 5317 quando
1730 5248 1903 5316 rapiat
1927 5255 1977 5301 et

410 5356 513 5393 non
544 5340 719 5410 sitqui
742 5340 959 5407 eripiat.
988 5336 1064 5391 Ne
1081 5338 1321 5407 quando,
1353 5339 1550 5407 inquit,
1584 5337 1796 5392 auferat
1827 5355 1977 5394 mors

412 5433 685 5497 animam,
729 5432 1105 5501 pmnitentiam
1143 5430 1322 5501 agite;
1367 5446 1528 5485 nemo
1567 5432 1713 5485 enim
1767 5443 1849 5486 est
1880 5432 1977 5502 qui

407 5524 601 5593 eripiat
635 5539 730 5579 eos
759 5524 851 5593 qui
878 5531 1096 5594 propter
1129 5532 1351 5593 peccata
1388 5524 1442 5577 in
1476 5523 1691 5577 inferno
1732 5525 1975 5581 conclusi

482 5701 524 5736 ⁵⁷
550 5716 689 5757 vers.
716 5699 801 5757 εει.
878 5700 923 5733 ⁸⁸
952 5699 1116 5757 Eccli.
1155 5715 1245 5754 xv.
1270 5699 1322 5751 9.
1398 5702 1442 5736 ⁵³
1482 5698 1524 5751 ll
1556 5697 1734 5754 Paral.
1769 5715 1841 5763 vr,
1882 5698 1969 5754 37.

2096 4523 2183 4585 Ὠς
2232 4522 2607 4593 φιλάνθρωπος
2673 4522 2809 4590 μετὰ
2856 4520 2947 4573 τὸν
3005 4519 3224 4590 ἔλεγχον
3270 4520 3520 4591 ἐπιφέρει
3565 4522 3666 4574 καὶ

2085 4614 2423 4684 παραίνεσιν,
2451 4612 2735 4681 μετανοίας
2767 4613 2929 4664 τόπον
2979 4611 3171 4674 διδούς.
3207 4611 3423 4674 Σύνετε,
3450 4612 3533 4664 ὅτι
3585 4613 3665 4682 μὴ

2084 4706 2287 4776 χαίρων
2311 4707 2421 4767 τοῖς
2443 4705 2531 4772 ὑφ’
2561 4704 2714 4773 ὑμῶν
2746 4704 3055 4774 γενομένοις
3084 4702 3440 4775 μακῳθυμῶ,
3470 4702 3668 4772 καιρὸν

2081 4794 2139 4846 δὲ
2165 4795 2451 4865 μετανοίας
2493 4795 2689 4859 διδούς,
2729 4796 2793 4847 Εἰ
2825 4795 2881 4847 δὲ
2911 4795 3007 4866 μὴ,
3037 4793 3274 4867 ἁρπάζει
3300 4796 3449 4865 ἡμᾶς
3478 4797 3506 4846 6
3537 4795 3668 4848 ἄνο-

2082 4903 2201 4955 μος,
2255 4887 2421 4957 ἤγουν
2468 4889 2500 4957 ἡ
2567 4887 2798 4957 ἀνομία,
2851 4887 3076 4957 μηδενὸς
3154 4888 3303 4957 ἡμᾶς
3372 4886 3665 4956 ῥυομένου.

2091 4979 2313 5049 Ῥύομαι
2336 4979 2444 5049 γὰρ
2472 4980 2596 5042 τοὺς
2625 4980 2879 5043 νοοῦντας
2909 4975 2965 5032 οἷ
2989 4979 3173 5033 κακῶν
3208 4981 3336 5043 εἰσι,
3392 4979 3485 5030 καὶ
3518 4996 3666 5030 παυ-

2082 5068 2349 5138 σαμένους
2371 5069 2466 5121 καὶ
2495 5068 2774 5136 λέγοντας·
2813 5070 3242 5138 Ἠνομήσαμεν,
3261 5068 3664 5136 ἠδικήσαμεν,

2079 5158 2488 5229 ήσεϐήσαμεν.
2550 5162 2630 5213 Οὐ
2683 5161 2791 5231 γὰρ
2862 5160 3010 5212 ἔστιν
3076 5158 3512 5229 ἐξομολογεῖσθαι
3571 5158 3668 5210 τὸν

2086 5250 2165 5303 ἔτι
2194 5252 2253 5303 τὸ
2277 5252 2443 5304 κακὸν
2465 5251 2806 5321 ἐνεργοῦντα.
2844 5251 2937 5317 Μή
2971 5267 3115 5304 ποτε
3148 5250 3412 5318 αρπάσῃ,
3454 5250 3551 5302 καὶ
3574 5249 3665 5317 μὴ

2082 5338 2125 5413 ᾖ
2155 5347 2187 5397 ὁ
2208 5344 2519 5411 ῥυόμενος.
2561 5346 2651 5415 Μή
2714 5360 2864 5407 ποτε,
2902 5344 3086 5413 φησὶν,
3137 5343 3401 5413 ἀφέληται
3430 5340 3528 5411 τὴν
3559 5341 3668 5409 ψυ-

2086 5432 2184 5503 χὴν
2229 5436 2256 5486 ὁ
2288 5433 2534 5498 θάνατος,
2575 5437 2961 5506 μετανοήσατε·
2988 5436 3087 5487 οὐκ
3118 5434 3232 5486 ἔστι
3264 5433 3373 5503 γὰρ
3410 5434 3439 5483 6
3468 5431 3669 5502 ῥυόμεο

2096 5542 2185 5589 νος
2233 5525 2359 5588 τοὺς
2403 5527 2461 5579 ἐν
2505 5525 2631 5596 ᾅδου
2662 5526 3130 5598 κατειλημμένους
3172 5527 3292 5587 ταῖς
3341 5522 3662 5594 ἁμαρτίαις.
