3872 6216
271 344 370 400 25⁸1

1487 338 1848 398 EXPOSITIO
1884 337 1952 392 IN
1991 336 2318 394 PSALMUM
2359 337 2419 392 L.

3413 341 3520 398 258

280 461 618 529 Ἀρπάζεται
660 458 770 529 γὰρ
836 458 1003 530 ψυχὴ,
1065 459 1139 522 ῶς
1208 459 1483 521 παντελῶς
1542 456 1850 510 ἐκπεσοῦσα

1997 465 2104 510 unt.
2134 457 2415 526 Abripitur
2441 459 2586 512 enim
2623 459 2806 511 anima
2829 495 2844 523 ,
2880 465 3068 526 utpote
3096 459 3320 514 omnino
3350 475 3379 514 a
3411 459 3526 517 Deo

271 550 432 606 Θεοῦ.

346 644 544 698 Θυσία
597 643 883 710 αίνέσεως
940 642 1186 707 δοξάσει
1241 660 1337 712 με.
1382 641 1856 712 Ἐπαναλαμὸάνει

273 737 344 791 τὰ
364 737 656 808 εἰρημένα,
701 737 801 808 τὴν
855 734 1078 806 λογικὴν
1138 735 1409 787 ἐπιτελεῖν
1464 732 1718 805 λατρείαν
1753 748 1859 783 πα-

275 829 724 901 ρακελευόμενος.
793 827 948 881 Μετὰ
1017 827 1116 897 τὴν
1170 826 1368 896 πολλὴν
1421 825 1752 894 κατηγορίαν
1798 823 1858 876 τὸ

275 921 570 992 φάρμακον
606 921 704 990 τῆς
734 919 1005 992 ἁμαρτίας
1034 919 1224 986 ἔδειξε,
1258 918 1368 972 τῶν
1405 918 1716 989 μυστηρίων
1765 917 1861 987 δη-

277 1014 410 1084 λαδὴ
444 1013 546 1084 τὴν
598 1013 918 1066 ἀπόλαυσιν.
983 1013 1200 1084 Ἐκείνη
1258 1012 1366 1083 γὰρ
1429 1009 1643 1082 ἀληθῶς
1700 1009 1861 1062 θυσία

279 1107 537 1168 αἰνέσεως
566 1106 658 1158 τὸν
685 1105 816 1158 Θεὸν
847 1102 1164 1169 δοξάζουσα.
1206 1103 1424 1174 Ἐπειδὴ
1457 1103 1594 1174 μετὰ
1639 1101 1746 1155 τῶν
1770 1102 1863 1170 ἁγ-

283 1198 452 1264 τέλων
485 1196 760 1260 αἰνοῦντες
781 1196 900 1249 τότε
917 1197 1010 1249 καὶ
1029 1197 1164 1268 μετὰ
1186 1196 1288 1266 τῆς
1313 1196 1542 1258 κτίσεως
1574 1193 1860 1265 ἱστάμεθα.

279 1290 388 1344 Καὶ
422 1289 547 1342 ἐκεῖ
569 1289 709 1354 ὁδὸς
745 1288 824 1356 ἢν
855 1289 1031 1353 δείξω
1076 1287 1238 1354 αὐτῷ
1274 1289 1340 1340 τὸ
1372 1287 1668 1355 σωτήριόν
1720 1303 1859 1355 μου.

287 1382 379 1434 Ἐν
406 1384 472 1453 τῇ
507 1381 688 1452 θυσίᾳ,
723 1379 878 1451 φησὶ,
901 1382 1003 1450 τῆς
1031 1381 1290 1444 αἰνέσεως
1321 1381 1440 1444 ὁδός
1455 1381 1572 1433 ἐστι
1592 1380 1690 1450 τῆς
1713 1377 1864 1449 παρὰ

280 1471 397 1542 θεῷ
428 1473 720 1543 σωτηρίας.

377 1566 484 1629 Εις
511 1564 576 1617 τὸ
605 1565 779 1630 τέλος
817 1569 1122 1620 ΨΑΛΜΟΣ
1154 1564 1318 1632 ᾠδῆς
1342 1561 1421 1629 τῷ
1445 1563 1644 1618 Δαυΐδ.
1674 1566 1755 1616 Ν’.

289 1656 387 1711 Ἑν
408 1657 490 1722 τῷ
520 1659 722 1712 ἐλθεῖν
750 1660 900 1728 πρὸς
937 1661 1124 1714 αὑτὸν
1161 1661 1364 1716 Νάθαν
1393 1659 1498 1713 τὸν
1525 1660 1861 1729 προφήτην,

565 1750 747 1817 ἡνίκα
790 1750 1038 1817 εἰσῆλθε
1067 1752 1216 1820 πρὸς
1256 1751 1578 1820 Βηρσαϐεέ.

893 1843 906 1862 '
918 1846 1229 1908 Υπόθεσις.

283 1933 320 1985 Γ
323 1930 482 1986 οῦτον
514 1932 627 2003 ᾅδει
664 1935 754 1986 τὸν
787 1933 1000 2004 ψαλμὸν
1034 1933 1420 2004 ἐξομολόγησιν
1466 1931 1558 1986 δύο
1587 1932 1865 2004 ἐγκλημά-

346 2042 458 2077 των
491 2025 831 2095 περιέχοντα,
858 2027 955 2096 τῆς
980 2044 1040 2078 τε
1070 2026 1376 2098 μιαιφονίας
1397 2026 1592 2097 Οὐρίου
1623 2027 1718 2078 καὶ
1756 2044 1866 2095 μοι·

348 2116 503 2186 χείας
533 2099 668 2188 πρὸς
720 2117 1021 2189 Βηρσαϐεέ.
1081 2116 1506 2188 [Ὑποδείκνυσι
1563 2117 1654 2172 καὶ
1699 2119 1864 2170 πᾶσιν

349 2207 657 2278 ἀνθρώποις
684 2209 955 2280 σωτηρίας
987 2209 1104 2262 ὁδὸν
1128 2209 1225 2280 τὴν
1272 2208 1580 2280 μετάνοιαν,
1610 2202 1718 2260 οἶόν
1747 2225 1866 2260 τινα

349 2299 548 2370 τέχνην
567 2300 663 2369 τῆς
691 2301 970 2370 διηνεκοῦς
1018 2301 1158 2353 κατὰ
1190 2299 1282 2352 τοῦ
1343 2298 1537 2370 ὲχθροῦ
1565 2299 1741 2370 νίκης.
1807 2299 1864 2351 'O

350 2391 464 2461 γὰρ
495 2389 697 2462 ταύτην
732 2391 819 2444 ἀεὶ
845 2392 1084 2462 μελετῶν
1124 2391 1217 2444 καί¹
1251 2390 1529 2462 κατορθῶν
1577 2390 1864 2453 διαπαντὸς

349 2481 560 2548 γίνεται
604 2481 827 2553 νικητὴς
876 2485 968 2536 τοὺ
1008 2482 1096 2536 ἀεὶ
1127 2483 1605 2554 προσπαλαίοντος.
1643 2483 1865 2552 Είσάγει

347 2571 407 2624 δὲ
460 2571 557 2624 καὶ
587 2573 685 2642 τὴν
735 2573 821 2625 διὰ
874 2573 969 2625 τοῦ
1025 2573 1397 2644 βαπτίσματος
1461 2573 1862 2646 ἀπολύτρωσιν,

364 2661 652 2727 Ῥαντιεῖς
690 2679 787 2731 με,
823 2663 1016 2730 λέγων.
1076 2662 1184 2715 Ναὶ
1222 2663 1326 2733 μὴν
1359 2664 1452 2716 καὶ
1499 2663 1757 2728 διδάσκει,
1791 2664 1866 2727 ὡς

355 2753 699 2822 πεφύλακται
735 2754 882 2825 αὐτῷ
905 2754 964 2806 τὸ
991 2755 1089 2826 τῆς
1114 2757 1451 2826 προφητείας
1487 2755 1750 2827 χάρισμα.
1791 2757 1863 2808 Οὐ

355 2843 466 2915 γὰρ
496 2846 637 2898 αίτεῖ
661 2845 736 2908 ὡς
762 2847 1125 2917 ἐστερημένος
1143 2846 1326 2910 αὐτοῦ,
1350 2846 1485 2900 ἀλλὰ
1526 2847 1600 2919 μὴ
1646 2849 1867 2920 ἀφαιρε-

354 2934 517 3004 θῆναι
551 2935 781 2988 ἱκετεύει
808 2936 1003 3005 λέγων·
1063 2941 1120 2990 Μ
1129 2936 1161 3004 ὴ
1193 2937 1582 3010 ἀντανέ.1ῃς.]
1640 2939 1865 3006 Είσάγει

351 3027 412 3081 δὲ
449 3029 542 3080 καὶ
577 3030 676 3098 τῆς
734 3030 854 3084 καθ’
881 3030 1002 3083 ὅλου
1033 3031 1406 3102 γενησομένης
1449 3031 1558 3085 τῶν
1613 3033 1863 3103 ἁμαρτη-

1879 583 1884 589 η
1956 548 2130 618 lapsa.

2028 639 2119 695 25.
2161 638 2503 709 Sacriﬁcium
2539 639 2715 694 laudis
2757 639 3125 710 Itonoriﬁcabit
3159 659 3258 696 me.
3314 643 3531 716 Repetit

1959 746 2081 801 quae
2112 731 2255 785 dicta
2288 739 2436 796 sunt,
2475 731 2674 801 jubens
2699 731 2895 785 iterum
2927 740 2988 787 ut
3024 734 3291 791 rationale
3319 739 3530 793 sacriﬁ-

1961 823 2108 878 cium
2143 823 2479 892 perliciatur.
2536 822 2669 878 Post
2694 839 2910 892 gravem
2939 833 2993 879 et
3018 841 3272 896 magnam
3305 843 3534 885 accusa-

1962 915 2201 979 tionem,
2279 915 2484 984 peccati
2535 915 2833 969 remedium
2864 917 3088 985 scilicet,
3142 921 3532 990 mysteriorum

1963 1021 2122 1060 usum
2154 1015 2208 1060 et
2247 1005 2484 1060 fructum
2539 1007 2762 1061 indicat.
2792 1006 2927 1062 lllud
2974 1010 3173 1078 quippe
3214 1026 3404 1066 revera
3447 1027 3532 1066 sa-

1963 1097 2230 1153 criﬁcium
2275 1098 2453 1153 laudis
2477 1108 2560 1152 est
2587 1113 2697 1167 quo
2722 1099 2862 1153 Deus
2895 1100 3299 1156 bonorilicatur.
3339 1101 3528 1172 Siqui-

1964 1191 2084 1244 dem
2109 1197 2238 1244 tune
2259 1205 2383 1244 cum
2414 1190 2616 1258 angelis
2636 1189 2824 1244 laudes
2849 1192 3098 1246 canimus
3126 1209 3190 1247 ac
3225 1209 3349 1248 cum
3380 1210 3532 1250 crea-

1964 1290 2088 1338 tura
2123 1291 2351 1338 stamus.
2392 1281 2460 1335 Et
2505 1282 2619 1336 illic
2644 1281 2746 1335 iter
2765 1299 2866 1352 quo
2888 1285 3158 1338 ostendam
3189 1285 3269 1339 illi
3298 1287 3536 1342 salutare

1965 1391 2158 1429 meum.
2209 1373 2269 1428 In
2304 1375 2596 1442 sacriﬁcio,
2626 1375 2821 1445 inquit,
2855 1375 3050 1444 laudis,
3081 1377 3168 1431 via
3191 1379 3361 1433 estad
3391 1379 3539 1434 salu-

1966 1477 2072 1522 tem
2111 1465 2275 1522 aDeo
2305 1476 2570 1535 paratam.

2108 1560 2161 1614 1.
2205 1558 2274 1612 In
2297 1561 2454 1629 ﬁnem
2485 1559 2822 1616 PSALMUS
2847 1561 3043 1615 cantici
3071 1560 3264 1616 David.
3300 1560 3363 1615 L.

2038 1650 2091 1704 2.
2125 1649 2259 1705 Cum
2291 1653 2428 1704 venit
2455 1652 2524 1704 ad
2556 1668 2673 1704 eum
2701 1650 2922 1705 Nat/mn
2955 1653 3228 1722 propheta,
3257 1650 3465 1723 quando

2439 1744 2655 1798 intravit
2689 1745 2757 1796 ad
2793 1744 3063 1798 Bersabee.

2546 1835 2588 1887 Α
2600 1845 2949 1905 rgumentum.

1969 1923 2121 1979 Hunc
2153 1927 2299 1980 canit
2320 1927 2590 1995 psalmum
2634 1928 2726 1996 qui
2755 1928 3048 1981 criminum
3082 1929 3347 1994 duorum,
3377 1929 3539 1985 caedis

2039 2018 2244 2072 scilicet
2297 2017 2439 2072 Uria:
2479 2029 2533 2072 et
2571 2019 2820 2073 adulterii
2849 2035 2972 2073 cum
3005 2018 3293 2086 Bersabee,
3320 2001 3539 2076 confes-

2039 2109 2249 2164 sionem
2279 2111 2546 2165 continet.
2586 2110 2934 2183 [Subindicat
2959 2112 3123 2166 etiam
3155 2112 3412 2167 omnibus
3441 2113 3542 2166 ho-

2036 2199 2278 2254 minibus
2343 2199 2538 2254 salutis
2587 2201 2731 2255 viam
2796 2216 2919 2256 esse
2962 2202 3339 2270 paenitentiam
3369 2241 3384 2264 ,
3439 2217 3540 2257 ceu

2037 2290 2331 2359 quamdam
2363 2300 2535 2345 artem
2556 2292 2865 2347 obtinendae
2892 2308 3106 2362 semper
3134 2304 3328 2349 contra
3360 2294 3543 2349 inimi-

2037 2399 2160 2438 cum
2185 2383 2446 2438 victoriae.
2497 2382 2633 2437 Nam
2682 2384 2775 2454 qui
2819 2399 3036 2454 semper
3068 2385 3135 2440 de
3181 2387 3272 2441 illa
3316 2389 3540 2456 cogitat,

2037 2490 2209 2544 eaque
2247 2483 2392 2530 recte
2436 2475 2640 2538 utitur,
2690 2475 2864 2530 victor
2915 2491 3130 2548 semper
3179 2481 3283 2533 erit
3331 2480 3542 2534 inimici

2039 2567 2263 2621 assidue
2317 2569 2595 2624 instantis.
2640 2569 2850 2624 lnducit
2887 2558 3049 2625 etiam
3091 2572 3540 2642 redemptionem,

2037 2674 2159 2728 quae
2211 2675 2307 2728 per
2348 2669 2596 2714 sanctum
2654 2661 2924 2731 baptisma
2971 2662 3228 2730 aﬂ‘ertur,
3287 2665 3540 2734 Aspergcs

2039 2767 2148 2817 me,
2196 2752 2400 2806 dicens.
2434 2753 2548 2806 lmo
2593 2753 2758 2808 etiam
2791 2755 2968 2818 docet,
3003 2766 3386 2812 conservatum
3424 2758 3531 2812 sibi

2038 2843 2332 2912 prophetiae
2356 2843 2580 2898 donum.
2615 2843 2732 2900 Non
2765 2848 3004 2915 postulat
3034 2849 3181 2902 enim
3213 2849 3371 2917 quasi
3412 2850 3534 2918 ipso

2038 2936 2303 3004 privatus,
2341 2939 2436 2990 sed
2468 2938 2738 3007 supplicat
2776 2954 2885 2993 non
2918 2939 3121 2994 auferri
3151 2941 3274 3004 sibi,
3324 2940 3537 3006 dicens,

2045 3026 2131 3081 Ne
2160 3027 2418 3100 auferas.]
2454 3028 2802 3098 Prophetiam
2836 3047 3054 3102 quoque
3091 3032 3301 3087 inducit
3329 3033 3542 3088 redem-

363 3121 554 3190 μάτων
581 3120 903 3192 λυτρὼσεως
929 3123 1028 3192 τὴν
1062 3121 1149 3174 διὰ
1189 3122 1282 3176 τοῦ
1307 3123 1464 3190 ἁγίου
1495 3123 1866 3195 βαπτίσματος

2041 3122 2245 3190 ptionis
2273 3138 2304 3175 a
2326 3123 2566 3192 peccatis
2594 3123 2851 3178 omnibus
2878 3139 2975 3194 per
2993 3135 3242 3179 sanctum
3272 3125 3539 3195 baptisma

356 3211 718 3282 προφητείαν,
750 3213 842 3264 καὶ
891 3212 990 3283 τῆς
1038 3213 1096 3265 ὲν
1127 3211 1396 3282 πνεύματι
1436 3213 1690 3284 λατρείας
1721 3213 1868 3267 διδα⁶

358 3303 610 3357 σκαλίαν.
662 3302 944 3374 Παπαχοῦ
987 3303 1044 3355 δὲ
1079 3303 1185 3357 τῶν
1243 3304 1335 3356 δύο
1390 3305 1870 3376 παρανομημάτων

361 3397 616 3467 εὑρήσεις
644 3395 1032 3466 ὲξιλεούμενον.

372 3487 669 3555 Ἐλέησόν
683 3506 780 3556 με,
821 3491 853 3541 ό
889 3487 1052 3552 Θεὸς,
1089 3487 1236 3542 κατὰ
1269 3489 1332 3542 τὸ
1361 3487 1514 3558 μέγα
1534 3488 1705 3554 ἔλεός
1731 3503 1868 3542 σου.

293 3577 384 3638 Ὠς
411 3577 502 3628 ἐπὶ
538 3577 773 3646 μεγάλου
824 3578 1238 3648 ἁμαρτήματος,
1289 3579 1382 3631 τοῦ
1434 3578 1669 3648 μεγάλου
1721 3577 1871 3630 ἐλέου

282 3668 380 3723 τοῦ
415 3669 548 3722 Θεοῦ
607 3670 784 3723 δέεται
835 3675 1038 3741 τυχεῖν.
1093 3673 1203 3726 Καὶ
1229 3674 1380 3725 κατὰ
1409 3673 1472 3725 τὸ
1500 3670 1730 3739 πλῆθος
1755 3669 1874 3724 τῶν

283 3759 604 3830 οίκτιρμῶν
625 3776 742 3816 σου
766 3761 1094 3830 ἐξάλειψον
1119 3761 1186 3814 τὸ
1208 3761 1483 3831 ἀνόμημά
1497 3780 1636 3830 μου.
1678 3762 1873 3815 Μόνων

284 3858 398 3928 γάρ
425 3859 541 3908 ἐστι
587 3855 695 3908 τῶν
726 3854 820 3908 τοῦ
871 3854 1005 3908 Θεοῦ
1057 3855 1358 3927 οἰκτιρμῶν
1417 3855 1515 3926 τῆς
1567 3856 1900 3925 μιαιφονίας.

283 3947 583 4000 απολοῦσαι
621 3946 717 4009 τὰς
749 3949 957 4017 χεῖρας.

361 4037 726 4110 [Σαφέστερον
759 4037 815 4090 δὲ
842 4037 869 4090 ὃ
903 4037 1049 4106 λέγει
1082 4037 1249 4091 ποιῶν
1287 4054 1468 4108 φησιν⁹
1503 4037 1630 4091 Ἐπὶ
1661 4039 1873 4093 πλεῖον

286 4127 534 4182 πλῦνον
559 4145 655 4196 με.
703 4127 996 4181 Κάνταῦθα
1039 4129 1131 4182 τὸν
1185 4128 1522 4200 πλεονασμὸν
1552 4130 1718 4201 ᾔτησε
1770 4131 1872 4200 τῆς

285 4217 634 4290 καθάρσεως,
685 4219 773 4272 διὰ
801 4221 862 4272 τὸ
894 4220 1062 4284 δεῖξαι
1093 4222 1370 4292 πανταχοῦ
1403 4223 1464 4274 τὸ
1495 4222 1873 4294 πλημμέλημα

289 4309 459 4379 μέγαο
495 4309 550 4378 ἢ,
579 4311 700 4362 ἐπεὶ
731 4312 882 4381 παρὰ
913 4311 1102 4364 Νάθαν
1135 4313 1331 4382 ἤκουσε
1373 4311 1470 4384 τὴν
1501 4312 1868 4384 συγχώρησιν,

285 4400 384 4453 καὶ
407 4401 464 4450 αἱ
487 4401 825 4453 παντοδαπαὶ
854 4400 910 4453 δὲ
950 4403 1226 4472 συμφοραῖ⁹
1247 4403 1306 4454 τὸ
1344 4403 1478 4455 πολὺ
1507 4404 1870 4474 ὑπετέμνοντο

2049 3209 2266 3276 futurae,
2303 3219 2357 3264 et
2389 3211 2692 3280 spiritualis
2719 3211 2812 3266 Dei
2844 3213 3027 3268 cultus
3055 3215 3380 3270 doctrinam.
3408 3214 3543 3272 Pas-

2044 3303 2146 3357 sim
2181 3311 2361 3358 autem
2394 3303 2639 3359 invenies
2671 3303 2909 3359 duorum
2947 3305 3238 3361 criminum
3275 3308 3543 3377 expiatio-

2043 3407 2166 3450 nem
2197 3395 2601 3464 elilagitantem.

2041 3489 2096 3542 5.
2135 3488 2385 3542 Miserere
2411 3487 2535 3552 mei,
2570 3485 2732 3552 Deus,
2763 3487 3047 3540 secundant
3069 3503 3315 3558 magnam
3336 3491 3542 3543 miseri-

1972 3581 2210 3636 cordiam
2241 3592 2409 3633 tuam.
2469 3577 2670 3648 Utpote
2697 3593 2898 3648 magno
2925 3579 3110 3648 lapsus
3141 3578 3386 3646 crimine,
3425 3594 3542 3633 ma-

1981 3690 2145 3746 gnam
2175 3672 2267 3727 Dei
2312 3671 2746 3726 miscricordiam
2780 3671 3035 3740 implorat
3069 3669 3202 3741 (18).
3261 3669 3330 3724 Et
3360 3686 3544 3724 secun-

1972 3764 2540 3832 dum-multitudinem
2584 3764 2982 3816 miserationum
3031 3774 3246 3817 tuarum
3283 3763 3395 3818 dele
3440 3764 3546 3817 ini-

1971 3859 2226 3928 quitatem
2255 3872 2443 3910 meam.
2473 3853 2608 3908 Nam
2635 3853 2766 3910 solis
2794 3852 2889 3909 Dei
2922 3856 3362 3912 miserationibus
3396 3871 3546 3912 com-

1972 3949 2106 4019 petit
2132 3964 2164 4002 a
2192 3948 2421 4003 crimine
2446 3947 2610 4002 credis
2634 3947 2854 4000 abluere
2887 3961 3106 4001 manus.

2046 4040 2324 4112 [Apertius
2367 4049 2546 4094 autem
2584 4039 2912 4093 sententiam
2949 4039 3228 4108 explicans
3257 4039 3334 4093 ait
3366 4057 3380 4093 :
3412 4039 3545 4093 Am-

1971 4135 2111 4204 plius
2155 4134 2279 4186 lava
2315 4149 2418 4188 me.
2459 4132 2635 4202 Atque
2681 4131 2770 4185 hic
2817 4145 3036 4200 quoque
3068 4130 3177 4184 vim
3222 4131 3547 4200 copiamque

1972 4222 2309 4296 purgationis
2327 4221 2570 4291 expetiit,
2604 4228 2663 4272 ut
2687 4233 2948 4289 magnum
2972 4231 3096 4273 esse.
3117 4215 3331 4272 facinus
3358 4224 3547 4271 osten-

1972 4319 2160 4372 deret:
2193 4325 2307 4378 aut,
2351 4315 2481 4384 quia
2523 4328 2553 4366 a
2582 4313 2796 4366 Nathan
2837 4317 3144 4380 acceperat,
3178 4307 3394 4363 veniam
3437 4307 3545 4364 sibi

1972 4407 2147 4462 fuisse
2176 4420 2498 4460 concessam
2521 4443 2535 4465 ,
2566 4413 2619 4457 et
2650 4403 2813 4456 variae
2834 4401 3171 4456 calamitates
3197 4400 3306 4454 vim
3336 4398 3547 4474 peccati

283 4493 387 4563 τῆς
416 4493 705 4563 ἁμαρτίας,
738 4495 872 4563 φησὶ
896 4492 1010 4555 νῦν,
1065 4494 1146 4546 ὅτι
1191 4495 1391 4564 Δέομαί
1441 4496 1742 4566 ῥυμμάτων
1775 4496 1866 4549 καὶ

1997 4500 2312 4561 ninuebant,
2376 4511 2522 4550 nunc
2545 4495 2621 4549 ait
2647 4513 2659 4547 :
2693 4493 2842 4558 Opus
2869 4492 3002 4546 mihi
3023 4501 3107 4546 est
3133 4491 3548 4562 purgationibus

283 4583 634 4649 ὲκπλύσεων,
690 4585 777 4638 ἵνα
838 4585 1016 4639 τέλεον
1051 4588 1078 4638 ὁ
1137 4586 1524 4658 προστετηκὼς
1595 4587 1867 4659 ὰποξεσθῇ

285 4675 508 4748 ῥύπος]

380 4766 502 4822 Ἐπὶ
533 4767 746 4822 πλεῖον
782 4768 1017 4823 πλῦνον
1038 4768 1117 4838 μὲ
1145 4769 1263 4824 ἀπό
1315 4769 1425 4839 τῆς
1456 4770 1706 4840 ἀνομίας
1726 4788 1868 4838 μου.

281 4860 383 4931 τῆς
411 4861 505 4912 ἐπὶ
554 4859 633 4929 τῷ
679 4860 843 4931 φόνῳ,
875 4861 1027 4931 φησί.
1086 4862 1197 4914 Kal
1257 4861 1374 4914 ἀπὸ
1426 4859 1538 4929 τῆς
1582 4861 1871 4929 ἁμαρτίας

277 4968 402 5022 μου
461 4951 790 5018 καθάρισον
848 4971 944 5022 με,
1017 4954 1116 5022 τῆς
1168 4953 1261 5005 ἐπὶ
1298 4955 1532 5024 μοιχείᾳ.
1571 4953 1701 5005 ’Ὁτι
1755 4952 1871 5020 τὴν

281 5046 550 5114 ἀνομίαν
570 5064 688 5114 μου
721 5043 834 5114 ἐγὼ
867 5045 1158 5114 γινώσκω.
1190 5046 1300 5099 Καὶ
1322 5045 1478 5099 τοῦτο
1499 5047 1591 5100 ἐπὶ
1616 5044 1694 5117 τῷ
1729 5045 1874 5116 φόνῳ

281 5141 500 5212 εἴρηκε.
531 5142 638 5194 Kal
670 5144 706 5209 ἡ
739 5141 994 5210 ἁμαρτία
1015 5157 1133 5209 μου
1163 5140 1421 5194 ἐνώπιόν
1444 5141 1562 5208 μού
1595 5141 1727 5194 ἐστι
1755 5140 1873 5194 δια-

281 5235 534 5298 παντός.
582 5235 728 5285 Ἀνω
758 5235 852 5286 καὶ
878 5234 1028 5286 κάτω
1063 5233 1415 5304 περιστρέφει
1461 5232 1558 5302 τῆς
1601 5232 1871 5304 ἁμαρτίας

279 5323 384 5392 τὴν
415 5325 636 5394 μνήμην
667 5325 767 5392 τῆς
792 5324 883 5375 ἐπὶ
923 5326 989 5393 τῇ
1033 5323 1248 5394 μοιχείᾳ.
1295 5322 1606 5394 γινομένης,
1637 5323 1712 5385 ὡς
1764 5323 1865 5377 οὐκ

281 5411 464 5482 ἐώσης
519 5413 679 5465 αὐτὸν
735 5411 859 5466 οῦτε
917 5413 1323 5484 ἀναχωρούσης,
1384 5411 1518 5465 ἀλλὰ
1579 5413 1864 5476 διαπαντὸς

282 5501 551 5558 συνοῦσαν
585 5503 734 5574 αὐτῷ
776 5503 870 5557 καὶ
900 5505 1190 5574 ἄγχουσαν.

1974 4607 2029 4652 et
2085 4593 2480 4654 ablutionibus,
2541 4599 2601 4643 ut
2644 4589 2754 4657 iam
2800 4583 3110 4656 liquefactae
3155 4592 3209 4638 et
3258 4583 3547 4639 exsiccatae

1973 4690 2164 4744 sordes
2193 4686 2410 4756 penitus
2441 4679 2820 4738 abradantur.l
3544 4697 3547 4700 -

2043 4781 2098 4841 4,
2131 4782 2182 4834 5.
2221 4776 2464 4845 Amplius
2489 4774 2608 4827 lava
2638 4789 2718 4827 me
2746 4773 2810 4825 ab
2846 4772 3125 4842 iniquitate
3152 4787 3287 4834 mea,
3319 4778 3548 4840 patrata

1973 4874 2156 4936 credis,
2187 4872 2281 4925 ait.
2336 4868 2406 4922 Et
2433 4885 2464 4920 a
2490 4875 2702 4936 peccato
2739 4880 2852 4916 meo
2881 4864 3080 4918 munda
3116 4879 3196 4916 me
3221 4903 3237 4928 ,
3290 4862 3548 4918 adulterii

1971 4963 2240 5017 videlicet.
2280 4959 2545 5026 Quoniam
2575 4955 2911 5024 iniquitatem
2943 4969 3113 5006 meam
3142 4969 3233 5022 ego
3267 4968 3544 5022 cognosco.

1969 5053 2026 5108 Id
2065 5067 2285 5122 quoque
2335 5051 2402 5103 de
2454 5048 2599 5102 caede
2651 5046 3081 5113 intelligendum.
3151 5045 3218 5098 Et
3273 5056 3544 5114 peccatum

1970 5158 2142 5201 meum
2173 5150 2356 5194 contra
2391 5155 2470 5191 me
2500 5148 2572 5190 est
2603 5153 2822 5205 semper.
2862 5135 3078 5190 Peccati
3109 5133 3424 5188 memoriam
3463 5133 3548 5186 ul-

1969 5246 2055 5291 tm
2085 5235 2334 5305 citroque
2359 5237 2580 5294 versat,
2615 5226 2867 5281 adulterii
2899 5227 3168 5291 videlicet,
3204 5233 3394 5293 utpote
3423 5239 3549 5292 qua:

1969 5329 2213 5384 nondum
2251 5322 2586 5382 deseruisset
2616 5337 2740 5376 eum
2767 5361 2782 5386 ,
2821 5335 2998 5391 neque
3028 5317 3413 5378 abscessisset;
3451 5315 3546 5370 sed

1972 5437 2186 5492 semper
2208 5421 2426 5476 adesset
2455 5429 2620 5491 atque
2652 5413 2706 5468 in
2748 5426 3006 5478 angorem
3031 5408 3198 5465 animi
3225 5406 3545 5476 conjiceret.

353 5740 472 5812 (£8)
508 5740 668 5798 Hisce
703 5742 949 5813 quaedam
989 5741 1176 5813 adjicit
1217 5742 1353 5798 Dan.
1388 5741 1664 5816 Barbarus
1686 5785 1700 5808 ,
1755 5760 1877 5808 qua
1916 5754 2044 5804 sunt
2073 5744 2346 5802 liesvcbii.
