3872 6216
344 308 450 363 259

1186 299 1242 355 5.
1283 296 1649 354 ΑτηΑΝΑειι
1686 295 1836 351 ΟΡΡ.
1873 292 2054 349 PARS
2091 291 2176 346 ΙΙΙ.
2214 322 2286 334 -
2333 292 2742 348 EXEGETICA.

3473 295 3580 348 ειο

413 423 678 497 [Amplius
703 421 824 475 lava
852 435 931 472 me
951 421 1015 472 ab
1045 418 1323 487 iniquitate
1362 432 1508 480 mea,
1557 423 1604 467 et
1628 429 1660 466 a
1689 423 1901 481 peccato

2076 406 2256 478 [Ἐπὶ
2316 407 2528 460 πλεῖον
2577 407 2815 460 πλῦνον
2873 423 2950 475 με
3007 407 3126 462 ἀπὸ
3172 406 3283 476 τῆς
3330 409 3580 478 ἀνομίας

342 531 455 569 meo
480 514 678 566 munda
707 528 807 566 me.
835 509 1123 565 Peccatum
1163 509 1293 563 dicit
1324 505 1670 561 adulterium.
1717 501 1907 558 Scien-

342 608 473 662 dum
504 615 682 661 autem
713 612 818 666 est,
841 611 1120 671 peccatum
1147 615 1268 655 esse
1301 615 1332 653 a
1355 600 1498 653 bono
1523 598 1770 667 lapsum;
1804 595 1908 649 ini-

344 697 608 768 quitatem
640 688 1308 763 vero_,pr:evaricationem
1336 687 1390 740 in
1419 686 1659 741 divinam
1689 684 1859 753 legem
1889 700 1902 737 :

345 790 462 844 haec
484 795 612 843 sunt
633 786 915 840 amborum
946 781 1230 852 principia.
1274 781 1333 833 In
1365 782 1464 834 hoc
1494 787 1674 833 autem
1704 791 1905 831 conve-

345 882 524 943 niunt,
555 877 697 947 quod
730 876 938 930 scilicet
969 883 1219 943 peccator
1263 872 1331 925 ab
1375 886 1440 926 eo
1473 870 1568 940 qui
1604 868 1903 923 secundum

344 978 592 1024 naturam
626 975 680 1020 et
702 967 756 1019 in
784 975 981 1019 natura
1007 973 1090 1018 est
1118 978 1284 1029 scopo
1306 961 1639 1016 aberraverit
1664 977 1677 1012 :
1704 960 1904 1013 huma-

344 1076 428 1115 nae
472 1059 671 1128 quippe
706 1068 915 1112 naturae
955 1057 1043 1111 hic
1073 1071 1270 1124 scopus
1307 1055 1517 1123 positus
1549 1061 1661 1118 est,
1716 1061 1776 1106 ut
1820 1065 1906 1104 se-

343 1153 577 1206 cundum
613 1151 878 1205 rationem
912 1149 1091 1213 vivat,
1140 1147 1363 1201 semotis
1390 1155 1443 1199 et
1484 1145 1674 1213 procul
1714 1142 1904 1212 positis

340 1244 410 1298 iis
436 1259 556 1312 qua:
602 1240 800 1296 rationi
845 1241 1224 1294 adversantur.
1281 1237 1542 1292 Similiter
1583 1236 1676 1305 qui
1718 1236 1904 1304 inique

340 1335 450 1405 agit
476 1332 862 1405 praavat'icatur
910 1341 1100 1387 contra
1136 1331 1306 1400 legem
1362 1329 1417 1383 in
1457 1336 1649 1383 natura
1695 1327 1900 1390 datam,

339 1427 764 1494 intemperanter
798 1439 856 1478 se
879 1438 1091 1492 gerens.
1145 1421 1187 1474 E
1223 1436 1280 1475 re
1319 1421 1482 1491 igitur
1529 1419 1808 1488 apostolus
1850 1427 1903 1471 et

340 1518 639 1586 discipulus
661 1515 859 1569 Christi
887 1514 1123 1569 Joannes
1148 1523 1438 1582 utrumque
1462 1513 1516 1566 in
1542 1526 1653 1565 uno
1680 1509 1903 1578 copula-

337 1609 416 1662 vit
442 1609 522 1663 sic
553 1608 782 1676 loquens
804 1607 882 1660 °°:
912 1605 1094 1661 Omnis
1123 1606 1213 1675 qui
1244 1605 1373 1674 facit
1404 1613 1694 1672 peccatum,
1733 1610 1782 1655 et
1806 1601 1903 1653 ini-

338 1701 591 1770 quitatem
615 1699 781 1767 facit;
839 1713 902 1754 ac
925 1699 968 1752 si
999 1697 1229 1763 diceret,
1271 1695 1559 1750 Peccatum
1611 1701 1895 1748 consenta-

2005 520 2146 570 μου,
2181 500 2277 554 καὶ
2302 501 2419 554 ἀπὸ
2450 498 2559 566 τῆς
2590 499 2876 567 ἁμαρτίας
2931 517 3048 566 μου
3103 498 3431 567 καθάρισόν
3479 517 3578 569 με.

2020 593 2315 662 Ἀμαρτίαν
2345 590 2402 642 δὲ
2429 589 2528 660 τὴν
2555 589 2818 659 μοιχείαν.
2869 589 3084 652 Ἰστέον,
3114 589 3188 652 ὡς
3211 591 3458 660 ἁμαρτία
3483 593 3580 660 μὲν

2008 685 2040 754 ἡ
2087 682 2179 736 τοῦ
2207 680 2410 750 ἀγαθοῦ
2457 680 2773 742 ἀπόπτωσίς
2830 681 2998 732 ἐστιν·
3049 680 3247 748 ἀνομία
3299 679 3357 732 δὲ
3387 682 3420 750 ἡ
3452 683 3582 752 περὶ¹

2005 773 2096 826 τὸν
2116 773 2254 824 θεῖον
2282 771 2442 841 νόμον
2480 770 2845 840 πλημμέλεια·
2880 770 2973 822 καὶ
3002 769 3175 823 ταῦτα
3226 770 3439 840 ἔχουσιν
3475 772 3580 843 ἀρ-

2006 864 2105 934 χὴν
2128 862 2385 933 ἑκάτερον
2407 861 2629 914 τούτων.
2665 860 3039 931 Συμφέρονται
3082 861 3136 913 δὲ
3162 861 3254 913 καὶ
3282 863 3422 916 κατά
3453 881 3584 916 ταυ-

2005 957 2112 1008 τόν·
2144 957 2233 1008 ὅτε
2279 955 2385 1025 γάρ
2419 954 2745 1023 ἁμαρτάνων
2791 951 2883 1004 τοῦ
2925 951 3066 1004 κατὰ
3095 953 3256 1021 φύσιν
3289 955 3383 1006 καὶ
3415 957 3472 1007 ὲν

2008 1046 2163 1114 φύσει
2199 1044 2432 1113 ἀπέτυχε
2458 1041 2680 1094 σκοποῦ·
2708 1043 2771 1111 τῇ
2795 1040 2902 1111 γὰρ
2931 1041 3243 1112 ἀνθρωπεία
3267 1042 3426 1110 φύσει
3457 1060 3583 1095 σκο-

2006 1135 2106 1197 πὸς
2158 1135 2217 1188 τὸ
2273 1132 2412 1187 κατὰ
2459 1133 2550 1184 τὸν
2581 1131 2738 1199 λόγον
2789 1131 2886 1202 ζῇν
2947 1133 3046 1202 τῆς
3105 1133 3325 1200 ἀλογίας
3392 1134 3582 1205 πόρρω

2005 1223 2381 1294 ἀπῳκισμένη.
2448 1221 2716 1285 Ὡσαύτως
2773 1223 2865 1274 καὶ
2927 1223 2956 1274 ὁ
3014 1222 3229 1292 ἀνομῶν
3273 1223 3583 1294 πλημμελεί

2005 1315 2132 1386 περὶ
2157 1314 2246 1367 τὸν
2281 1316 2336 1367 ὲν
2369 1316 2435 1384 τῇ
2467 1313 2624 1382 φύσει
2651 1313 2933 1382 δεδομένον
2968 1313 3151 1383 νόμον,
3205 1314 3580 1383 διαγενόμενος

2004 1406 2276 1478 ἀκρατῶς.
2307 1404 2500 1466 Καλῶς
2527 1401 2620 1457 οὖν
2678 1405 2771 1456 καὶ
2821 1404 3126 1467 ἀπόστολος
3192 1405 3443 1475 Ἰωάννης
3488 1407 3581 1458 καὶ

2006 1494 2251 1566 μαθητὴς
2275 1495 2366 1548 τοῦ
2395 1494 2628 1566 Χριστοῦ
2656 1497 2734 1556 εἰς
2753 1494 2949 1546 ταυτὸν
2986 1495 3270 1566 ἀμφότερα
3292 1496 3580 1566 περιέστη-

2006 1602 2094 1638 σεν
2145 1584 2332 1638 εἰπών·
2362 1584 2484 1650 Πᾶς
2522 1589 2554 1638 ό
2607 1585 2792 1638 ποιῶν
2839 1585 2954 1651 τὴν
2989 1585 3280 1653 ἁμαρτίαν
3327 1587 3425 1639 καὶ
3465 1587 3582 1653 τὴν

2000 1675 2256 1745 ἀνομίαν
2302 1677 2480 1729 ποιεῖ·
2523 1677 2725 1740 ἄλλως·
2764 1678 2827 1730 Ἢ
2856 1677 3097 1746 ἁμαρτία
3147 1677 3478 1748 κατάλληλος
3509 1683 3576 1749 τῇ

338 1750 501 1848 neum
527 1801 610 1847 est
640 1792 934 1862 iniquitati.
955 1789 1091 1845 Nam
1115 1791 1365 1861 quisquis
1396 1787 1581 1856 inique
1611 1786 1743 1856 agit,
1776 1801 1901 1854 pec-

2002 1767 2219 1836 ἀνομίςι.
2255 1767 2370 1830 Πᾶς
2423 1767 2528 1837 γάρ
2574 1769 2602 1819 ὁ
2651 1768 2864 1838 ἀνομῶν
2889 1768 3216 1837 ἁμαρτάνει,
3265 1768 3325 1820 οὐ
3379 1768 3581 1832 παντὸς

337 1893 462 1950 cat;
521 1897 694 1952 neque
728 1891 905 1936 tamen
947 1882 1126 1936 omnis
1157 1882 1248 1951 qui
1291 1891 1500 1950 peccat,
1537 1878 1722 1946 inique
1762 1875 1895 1946 agit.

336 1971 520 2027 Potest
557 1981 740 2026 autem
768 1987 833 2026 ex
865 1973 1112 2042 Opposito
1143 1972 1269 2038 dici,
1294 1971 1422 2039 quia
1449 1969 1676 2034 scilicet,
1713 1966 1897 2022 Omnis

335 2067 425 2135 qui
463 2065 594 2135 facit
625 2075 915 2134 peccatum,
947 2074 995 2118 et
1022 2066 1354 2134 iniquitatem
1383 2062 1560 2133 facit.]

410 2159 462 2210 6.
497 2155 612 2210 Tibi
634 2157 735 2209 soli
762 2158 969 2220 peccavi
994 2167 1042 2210 et
1072 2156 1273 2209 malum
1307 2172 1484 2208 coram
1511 2163 1558 2207 te
1578 2155 1699 2223 feci.
1729 2150 1897 2219 Quasi

336 2247 482 2301 dicat
514 2266 526 2301 :
563 2247 676 2302 Etsi
736 2248 1012 2316 peccando
1055 2247 1301 2300 omnium
1333 2247 1520 2300 oculos
1554 2246 1695 2314 fugi,
1749 2244 1897 2298 solos

335 2351 459 2397 tuos
482 2359 589 2397 non
622 2343 773 2396 latui.
801 2344 922 2398 Ideo
951 2343 1082 2398 dicit
1109 2362 1122 2396 :
1158 2341 1224 2395 Et
1263 2341 1462 2395 malum
1491 2356 1668 2394 coram
1698 2348 1749 2393 te
1773 2338 1894 2408 feci.

333 2431 514 2486 Multis
543 2447 572 2486 a
617 2440 668 2486 te
704 2431 929 2486 aﬁ‘ecws
958 2433 1115 2486 bonis
1157 2431 1428 2486 contraria
1476 2429 1722 2499 rependi.
1777 2426 1894 2481 Non

333 2521 405 2574 ita
434 2537 597 2590 porro
623 2523 861 2592 loquitur
887 2524 1034 2592 quod
1064 2523 1263 2592 injuria
1300 2539 1405 2576 non
1431 2521 1675 2576 alfecisse
1710 2518 1893 2573 Uriam

333 2614 640 2680 existimet;
680 2629 804 2668 nam
845 2628 956 2684 quo
985 2623 1142 2683 pacto
1185 2613 1354 2667 illud?
1394 2612 1488 2667 sed
1531 2613 1658 2681 quia
1703 2610 1897 2679 iniqui-

333 2719 416 2765 tas
450 2707 688 2761 maxima
715 2706 770 2760 in
807 2706 982 2774 ipsum
1020 2705 1243 2758 vertitur
1281 2704 1473 2771 Deum,
1514 2703 1609 2772 qui
1655 2718 1779 2756 eum
1827 2717 1894 2755 ex

333 2809 547 2872 pastore
574 2799 627 2852 in
657 2813 835 2867 regem
867 2797 1156 2865 allegerat;
1194 2804 1287 2849 aut
1316 2797 1463 2864 quia,
1496 2811 1619 2848 cum
1649 2793 1894 2847 omnium

332 2891 540 2960 fugeret
565 2887 774 2949 oculos,
802 2883 897 2940 Dei
925 2895 1275 2955 conspectum
1307 2900 1416 2938 non
1445 2883 1652 2953 eﬂ‘ugit,
1679 2883 1770 2937 sed
1799 2896 1896 2950 per

332 2981 652 3051 prophetam
694 2977 1056 3047 reprehensus
1102 2985 1218 3030 est:
1250 2985 1378 3040 aut,
1431 2982 1616 3043 utpote
1652 2988 1747 3027 rex
1791 2971 1895 3042 legi

2002 1861 2408 1932 ἁμαρτάνοντος
2434 1861 2776 1930 ἁνομοῦντος.
2804 1861 3036 1913 Δόναται
3075 1861 3131 1913 δὲ
3166 1861 3257 1913 καὶ
3279 1863 3342 1914 ὲκ
3371 1863 3582 1932 παραλ-

1997 1951 2158 2023 λήλου
2185 1952 2432 2024 εἰρῆσθαι
2467 1951 2553 2005 διὰ
2588 1952 2671 2005 τό·
2713 1951 2838 2018 Πᾶς
2870 1956 2902 2006 d
2923 1951 3110 2005 ποιῶν
3139 1951 3254 2020 τὴν
3287 1953 3583 2021 ἁμαρτίαν

1999 2042 2096 2094 καὶ
2145 2043 2260 2110 τὴν
2288 2043 2546 2112 ἀνομίαν
2565 2041 2762 2114 ποιεῖ]

2069 2133 2170 2185 Σοὶ
2217 2133 2380 2200 μόνῳ
2435 2133 2722 2201 ἥμαρτον,
2772 2131 2976 2185 καὶτὸ
3027 2131 3295 2199 πονηρὸν
3322 2132 3583 2186 ἐνώπιόν

1999 2237 2112 2276 σου
2151 2223 2590 2291 ἐποίησα.Ἀντ“ι
2623 2222 2739 2276 τοῦ·
2774 2223 2911 2285 Τοὺς
2944 2223 3157 2276 πάντων
3187 2224 3581 2294 ἀποκρυψάμε-

1998 2331 2086 2376 νος
2107 2313 2416 2384 ὀφθαλμοὺς
2440 2315 2496 2365 ὲν
2514 2312 2592 2383 τῷ
2620 2314 3065 2384 παρανομήματι,
3082 2314 3209 2375 τοὺς
3234 2315 3359 2376 σοὺς
3388 2313 3581 2384 μόνους

1996 2404 2057 2454 οὐ
2086 2401 2342 2455 διέλαθον.
2368 2402 2457 2454 Διό
2485 2419 2634 2474 φησι·
2667 2404 2776 2458 Καὶ
2800 2405 2864 2456 τὸ
2900 2401 3166 2470 πονηρόν
3189 2403 3444 2457 ἐνώπιόν
3462 2420 3582 2458 σου

1995 2493 2273 2560 ἐποίησα.
2323 2493 2539 2547 Πολλῶν
2587 2494 2695 2565 γὰρ
2752 2494 3066 2556 ἀπολαύσας
3116 2495 3266 2566 παρά
3321 2496 3434 2561 σοῦ,
3465 2497 3583 2559 τοῖς

1997 2586 2256 2648 ἐναντίοις
2306 2585 2646 2657 ἠμειψάμην.
2696 2586 2804 2638 Καὶ
2854 2586 2913 2638 οὐ
2967 2587 3124 2639 τοῦτο
3165 2587 3330 2655 λέγει,
3375 2587 3450 2650 ὡς
3479 2587 3582 2641 οὐκ

1997 2675 2220 2746 ἠδίκησε
2254 2675 2344 2728 τὸν
2369 2677 2589 2748 Οὐρίανο
2637 2676 2753 2740 πῶς
2791 2677 2934 2748 γάρς
2965 2677 3080 2730 ἀλλ’
3114 2678 3194 2730 ὅτι
3261 2679 3294 2748 ἡ
3344 2677 3578 2748 μεγίστη

1998 2766 2310 2837 παρανομία
2336 2769 2414 2830 είς
2446 2767 2605 2820 αὑτὸν
2633 2768 2960 2838 τετόλμηται
2984 2768 3073 2820 τὸν
3099 2768 3228 2821 Θεὸν
3247 2769 3337 2822 τὸν
3359 2769 3582 2834 ἐκλεξά-

1999 2874 2158 2928 μενον
2203 2859 2297 2911 καὶ
2326 2857 2546 2928 βασιλέα
2579 2862 2643 2912 ὲκ
2665 2859 2982 2930 προϐατέως
3007 2861 3362 2930 πεποιηκότα·
3399 2861 3430 2932 ἢ
3456 2860 3580 2913 ἐπεὶ

1996 2953 2121 3014 τοὺς
2163 2951 2380 3005 πάντων
2433 2952 2892 3022 ἀποκρυψάμενος
2946 2950 3276 3020 ὀφθαλμοὺς,
3328 2955 3454 3013 τοὺς
3482 2951 3580 3004 τοῦ

331 3073 614 3127 hominum
667 3086 775 3124 non
824 3069 1168 3138 subjacebat;
1227 3075 1287 3122 ut
1338 3075 1520 3120 autem
1574 3065 1893 3135 religiosus,

2001 3041 2128 3095 Θεοῦ
2159 3043 2257 3095 οὐκ
2285 3042 2488 3106 ἔλαθεν,
2517 3043 2631 3096 ἀλλ’
2662 3042 2904 3113 ἠλέγχθη
2947 3042 3034 3096 διὰ
3067 3043 3160 3094 τοῦ
3201 3043 3504 3113 προφήτου·
3542 3041 3575 3111 ἢ

330 3162 444 3218 Deo
477 3163 578 3217 soli
607 3181 620 3216 :
655 3173 749 3216 aut
775 3162 1030 3231 quoniam
1066 3176 1227 3214 nemo
1255 3159 1613 3230 redarguebat
1635 3202 1650 3226 ,
1681 3159 1774 3214 sed
1800 3175 1892 3214 so-

330 3255 418 3310 lus
451 3254 777 3323 corripiebat
804 3253 968 3306 Deus.
1019 3251 1166 3319 Tibi,
1195 3252 1402 3322 inquit,
1442 3253 1540 3306 soli
1563 3253 1789 3320 peccavi.
1825 3251 1894 3306 Ut

328 3344 633 3414 iustiﬁceris
662 3344 716 3398 in
750 3345 1074 3397 sermonibus
1099 3343 1224 3396 tuis.
1273 3341 1377 3408 Me,
1411 3343 1609 3411 inquit,
1638 3341 1897 3411 praevari-

330 3449 511 3494 catum
560 3452 656 3506 per
713 3435 1028 3506 prophetam
1077 3434 1391 3504 coarguisti.
1451 3431 1518 3486 Et
1562 3441 1618 3486 tu
1673 3431 1892 3500 quidem

327 3530 508 3601 justus
531 3544 654 3583 cum
687 3529 798 3595 sis,
834 3537 1123 3598 postquam
1145 3541 1231 3581 me
1277 3527 1345 3580 de
1389 3524 1628 3579 inimicis
1677 3537 1893 3592 semper

327 3620 596 3684 liberasti,
628 3629 682 3674 et
715 3634 802 3673 me
839 3633 1005 3688 regno
1026 3627 1189 3688 atque
1211 3617 1492 3688 prophetia
1518 3616 1760 3681 ornasti;
1793 3631 1896 3685 ego

330 3721 512 3766 autem
555 3709 818 3782 profanus
860 3721 908 3766 et
955 3710 1226 3765 homicida
1259 3725 1402 3764 sum.
1452 3707 1521 3762 Et
1559 3709 1738 3762 vincas
1775 3723 1894 3760 cum

327 3805 609 3872 iudicaris.
651 3802 952 3859 Declaratio
980 3803 1094 3857 sive
1124 3800 1398 3857 confessio
1423 3810 1793 3870 peccatorum.

406 4024 458 4078 7.
495 4023 630 4079 Ecce
653 4027 793 4080 enim
816 4028 873 4080 in
892 4027 1267 4096 iniquitatibus
1287 4037 1563 4095 conceptus
1596 4044 1738 4092 sum,
1767 4028 1895 4081 etin

329 4117 558 4184 peccatis
606 4118 838 4186 concepit
882 4133 961 4170 me
1009 4126 1180 4171 mater
1225 4135 1361 4172 mea.
1426 4119 1695 4184 Quoniam
1745 4120 1898 4189 prior

329 4205 425 4259 Dei
452 4221 652 4276 scopus
683 4215 833 4271 erat,
881 4216 940 4261 ut
968 4223 1076 4262 non
1106 4223 1203 4278 per
1244 4209 1649 4263 matrimonium
1689 4219 1743 4263 et
1773 4225 1896 4264 cor-

329 4299 636 4367 ruptionem
672 4313 1062 4353 nasceremur:
1098 4301 1192 4353 sed
1226 4301 1589 4370 transgressio
1626 4301 1890 4366 mandati,

1997 3133 2072 3196 ὡς
2108 3134 2207 3203 μὲν
2239 3132 2496 3203 βασιλεὺς
2515 3133 2665 3204 νόμῳ
2695 3131 2995 3204 ἀνθρώπων
3047 3134 3145 3203 οὐχ
3199 3133 3474 3196 ὑπέκειτο,
3502 3133 3580 3196 ὡς

1995 3224 2053 3277 δὲ
2087 3224 2340 3296 θεοσεϐὴς
2391 3224 2469 3294 τῷ
2502 3224 2620 3295 Θεῷ
2682 3225 2845 3295 μόνῳ·
2899 3225 2932 3294 ἢ
2978 3224 3100 3277 ἐπεὶ
3142 3224 3445 3298 ἀνθρώπων
3479 3225 3580 3295 μὲν

1994 3315 2171 3378 οὐδεὶς
2199 3315 2590 3386 ήλεγχεν,Θεὸς
2617 3315 2672 3367 δὲ
2702 3314 3048 3386 διωρθώσατο
3075 3315 3252 3385 μόνος.
3274 3317 3397 3378 Σοὶ,
3417 3316 3574 3387 φησὶ,

1991 3407 2157 3474 μόνῳ
2193 3405 2474 3473 ἥμαρτον.
2509 3405 2698 3469 Ὅπως
2731 3403 2808 3457 ἂν
2833 3403 3152 3472 δικαιωθῇς
3183 3399 3277 3457 ἐν’
3303 3404 3428 3470 τοῖς
3471 3406 3578 3458 .16-

2000 3513 2126 3566 τοις
2158 3511 2292 3550 σου.
2327 3496 2589 3564 Ἥλεγξάς
2625 3513 2712 3566 με,
2745 3496 2898 3567 φησὶ,
2931 3495 3016 3548 διὰ
3037 3496 3130 3549 τοῦ
3161 3497 3440 3568 προφήτου
3471 3514 3579 3550 πα-

1998 3589 2392 3658 ρανομήσαντα·
2427 3587 2520 3640 καὶ
2559 3587 2622 3641 σὺ
2652 3587 2749 3658 μὲν
2778 3587 2980 3649 δίκαιος
3010 3586 3084 3640 ὣν
3115 3587 3210 3640 καὶ
3236 3587 3342 3640 τῶν
3364 3586 3578 3658 ἐχθρῶν

1998 3677 2225 3729 πάντοτε
2287 3676 2608 3747 ῥυσάμενος,
2661 3677 2756 3729 καὶ
2819 3677 3063 3748 βασιλείᾳ
3122 3679 3215 3732 καὶ
3273 3680 3581 3752 προφητείᾳ

1995 3768 2252 3838 τιμήσας
2287 3767 2397 3836 ἐγὼ
2418 3767 2474 3820 δὲ
2499 3766 2724 3838 βέϐηλος
2786 3768 2878 3820 καὶ
2925 3768 3226 3838 μιαιφόνος.
3262 3769 3376 3822 Καὶ
3408 3771 3579 3836 νική-

1998 3873 2115 3925 σῃς
2143 3856 2212 3908 ἐν
2247 3855 2328 3921 τῷ
2364 3857 2676 3924 κρίνεσθαί
2712 3871 2806 3910 σε.
2847 3857 3143 3921 Ἀπόδειξις
3167 3859 3284 3928 ἦτοι
3312 3859 3580 3929 ὁμολογία

1997 3949 2105 4003 τῶν
2135 3950 2249 4020 ἀμα
2257 3965 2354 4022 ρτη
2361 3947 2564 4020 μάτων.

2081 4041 2226 4096 Ἰδοὺ
2241 4041 2349 4110 γὰρ
2371 4041 2439 4093 ὲν
2461 4040 2733 4108 ἀνομίαις
2751 4039 3162 4109 συνελήφθην,
3182 4043 3279 4094 καὶ
3303 4041 3373 4094 ἐν
3391 4041 3579 4110 ἀμαρ-

1997 4134 2147 4198 τίαις
2182 4129 2479 4198 ἐκίσσησέ
2523 4147 2600 4199 με
2651 4130 2690 4195 ἡ
2713 4130 3070 4214 μήτηρνμου.
3138 4130 3352 4200 Ἐπειδὴ
3385 4133 3414 4184 ὁ
3442 4149 3578 4204 προ-

1997 4221 2296 4292 ηγούμενος
2358 4218 2557 4281 σκοπὸς
2613 4218 2705 4270 τοῦ
2742 4217 2874 4271 Θεοῦ
2908 4215 2974 4289 ἦν
3019 4220 3112 4272 τοῦ
3170 4219 3244 4290 μὴ
3280 4220 3367 4272 διὰ
3391 4221 3574 4290 γάμου

1999 4315 2246 4382 γενέσθαι
2280 4315 2425 4384 ἡμᾶς
2449 4312 2544 4365 καὶ
2590 4310 2812 4382 φθορᾶς·
2842 4315 2873 4381 ἡ
2909 4311 2964 4364 δὲ
3019 4312 3330 4383 παράϐασις
3357 4313 3464 4381 τῆς
3487 4315 3577 4365 ἑνο

329 4392 546 4459 nuptias
580 4391 791 4443 induxit
812 4391 882 4444 ob
901 4390 1091 4444 Adami
1117 4390 1481 4460 iniquitatem,
1532 4391 1585 4444 id
1609 4399 1716 4457 est,
1746 4393 1891 4462 quod

2001 4407 2153 4476 τολῆς
2173 4407 2260 4458 τὸν
2284 4405 2459 4474 γά-μον
2485 4404 2745 4473 εἰσήγαγε
2766 4403 2852 4456 διὰ
2883 4403 2943 4456 τὸ
2961 4405 3232 4474 ἀνομῆσαι
3258 4404 3349 4457 τὸν
3379 4404 3573 4475 Ἀδὰμ,

327 4482 510 4537 datam
541 4483 643 4538 sibi
681 4499 711 4537 a
746 4481 856 4537 Deo
874 4483 1056 4552 :legem
1100 4482 1491 4552 vilipendisset.
1545 4482 1746 4537 Omnes
1792 4483 1894 4536 ita-

327 4587 436 4640 que
461 4572 628 4640 quicx
654 4572 863 4626 Adamo
892 4573 1164 4639 oriuntur,
1192 4574 1244 4627 in
1285 4573 1665 4643 iniquitatibus
1705 4575 1892 4628 conci-

328 4663 553 4733 piuntur
579 4702 594 4724 ,
628 4666 814 4732 proavi
837 4666 919 4718 sui
955 4665 1306 4720 damnatione
1337 4666 1583 4735 collapsi.
1630 4666 1765 4720 Illud
1803 4681 1896 4719 au-

327 4765 434 4808 tem
462 4771 474 4806 :
519 4751 581 4806 Et
603 4754 656 4806 in
678 4754 904 4821 peccatis
925 4757 1154 4825 concepit
1184 4773 1264 4810 me
1293 4768 1460 4809 mater
1489 4773 1602 4810 mea
1622 4796 1637 4821 ,
1685 4757 1894 4826 signiﬁ-

327 4853 416 4898 cat
444 4842 611 4896 Evam
637 4845 878 4899 omnium
900 4856 1156 4900 nostrum
1188 4857 1414 4902 matrem
1437 4889 1452 4913 ,
1493 4863 1591 4902 ceu
1619 4849 1892 4918 voluptate

328 4943 656 5004 turgentem,
704 4936 1022 5004 concepisse
1049 4945 1352 5006 peccatum.
1405 4937 1747 5007 Quapropter
1789 4955 1890 4994 nos

326 5028 381 5081 in
416 5027 608 5081 matris
653 5036 854 5081 nostra
895 5030 1299 5082 damnationem
1343 5030 1613 5098 delapsos,
1673 5033 1884 5101 concipi

324 5118 560 5172 dicimus
589 5117 642 5170 in
679 5117 1076 5186 iniquitatibus.
1103 5118 1354 5172 Declarat
1382 5136 1490 5188 quo
1507 5131 1664 5189 pacto
1690 5121 1758 5176 ab
1782 5123 1889 5177 iui-

322 5211 399 5263 tio
441 5219 633 5264 natura
681 5209 962 5262 hominum
1015 5211 1118 5264 sub
1159 5220 1439 5279 peccatum
1472 5214 1770 5268 conciderit
1818 5230 1886 5270 ex

325 5299 447 5355 Eva:
475 5301 929 5369 transgressione,
968 5309 1022 5355 et
1057 5308 1160 5356 sub
1190 5302 1569 5360 maledictione
1599 5317 1751 5362 ortus
1771 5308 1889 5376 ejus

325 5389 505 5446 fuerit.
550 5391 864 5447 Sermonem
899 5403 1076 5448 autem
1106 5396 1270 5452 altius
1298 5399 1527 5466 orditur,
1561 5401 1690 5456 dum
1719 5401 1889 5457 divini

324 5482 566 5536 muneris
592 5483 1017 5552 magnitudinem
1051 5490 1245 5557 quierit
1268 5491 1569 5546 ostendere.

405 5707 449 5742 ⁸⁵
480 5711 494 5762 l
528 5709 684 5766 Joan.
709 5727 792 5774 in.
826 5716 878 5766 4.

1995 4499 2270 4552 τουτέστιν
2305 4497 2565 4567 ἀθετῆσαι
2592 4497 2682 4548 τὸν
2711 4499 2775 4549 ἐκ
2795 4495 2929 4548 Θεοῦ
2959 4495 3179 4548 δοθέντα
3211 4495 3358 4566 αὑτῷ
3384 4496 3571 4566 νόμον.

1995 4592 2200 4651 Πάντες
2229 4585 2322 4642 οὖν
2345 4590 2393 4641 οἱ
2439 4588 2496 4653 ἐξ
2535 4587 2708 4657 Ἀδὰμ
2735 4588 3012 4657 γενόμενοι
3045 4589 3101 4638 ὲν
3151 4588 3401 4656 ἀνομίαις
3449 4588 3577 4639 συλ-

1995 4681 2354 4751 λαμϐάνονται
2393 4679 2786 4741 ὑποπίπτοντες
2823 4681 2891 4749 τῇ
2915 4677 3008 4730 τοῦ
3037 4679 3379 4748 προπάτορος
3410 4695 3576 4730 κατα-

1993 4771 2135 4842 δίκῃ.
2166 4771 2239 4823 Τὸ
2266 4770 2343 4833 δὲ,
2381 4769 2490 4822 Καὶ
2513 4771 2583 4822 ἐν
2606 4769 2921 4837 ἁμαρτίαις·
2949 4769 3245 4837 ἐκίσσησέ
3281 4786 3357 4836 με
3383 4772 3419 4837 ἠ
3454 4770 3572 4839 μή-

1993 4880 2102 4929 τηρ
2146 4879 2287 4930 μου,
2347 4861 2596 4931 σημαίνει
2645 4861 2725 4913 ὅτι
2769 4863 2801 4929 ή
2841 4859 2973 4926 Εὕα,
3033 4862 3296 4914 ἁπάντων
3351 4862 3509 4932 ἡμῶν
3539 4865 3572 4932 ἡ

1997 4958 2196 5026 μήτηρ,
2223 4951 2409 5024 πρώτη
2440 4951 2695 5022 ὲκίσσησε
2716 4953 2810 5018 τὴν
2831 4954 3123 5023 ἁμαρτίαν,
3141 4953 3328 5024 ὥσπερ
3352 4953 3573 5023 όργῶσα

1990 5046 2087 5110 τὴν
2117 5045 2327 5115 ἡδονήν.
2367 5043 2463 5096 Διὰ
2503 5042 2656 5096 τοῦτο
2687 5044 2780 5096 καὶ
2811 5047 2991 5114 ἡμεῖς,
3025 5046 3213 5116 τῇτῆς
3243 5047 3450 5118 μητρὸς
3475 5065 3568 5101 κα.

1991 5137 2348 5199 ταπίπτοντες
2380 5134 2665 5208 καταδίκῃ,
2711 5137 2999 5189 κισσᾶσθαι
3029 5137 3260 5207 λέγομεν
3302 5139 3360 5190 ἐν
3399 5139 3576 5210 ἁμαρ-

1991 5231 2158 5294 τίαις.
2200 5230 2499 5293 Δείκνυσιν,
2559 5229 2634 5292 ὡς
2676 5227 2735 5292 ἐξ
2790 5229 2962 5300 ἀρχῆς
2993 5233 3025 5302 ή
3058 5230 3358 5302 ἀνθρώπων
3413 5232 3573 5301 φύσις

1995 5321 2099 5375 ὑπὸ
2127 5320 2222 5390 τὴν
2255 5320 2527 5390 ἁμαρτίαν
2561 5319 2844 5373 πέπτωκεν
2878 5322 2982 5374 ὑπὸ
3032 5322 3132 5392 τῆς
3163 5324 3219 5374 ὲν
3257 5321 3372 5393 Εὕα
3398 5340 3574 5394 παρασ-

1995 5411 2224 5472 6άσεως,
2261 5410 2353 5462 καὶ
2378 5409 2480 5460 ὑπὸ
2515 5408 2760 5478 κατάραν
2788 5412 2821 5480 ή
2851 5411 3103 5481 γέννησις
3131 5412 3375 5479 γέγονεν.
3399 5413 3575 5465 Ἀνω-

1997 5500 2086 5553 θεν
2117 5500 2174 5552 δὲ
2203 5499 2415 5566 ὑφαίνει
2447 5498 2536 5551 τὸν
2564 5498 2743 5566 λόγον,
2777 5499 2836 5552 τὸ
2870 5500 3095 5570 μέγεθος
3152 5501 3252 5572 τῆς
3285 5500 3379 5556 τοῦ
3433 5501 3574 5555 Θεοῦ

1995 5591 2198 5660 δωρεᾶς
2223 5589 2389 5655 δεῖξαι
2424 5587 2758 5658 βουλόμενος.
