3872 6216
272 384 375 441 2-H

375 502 513 558 ιδοὺ
548 503 654 572 γὰρ
679 502 963 564 ἀλήθειαν
1012 501 1354 573 ἠγάπησας,
1386 505 1458 555 τὰ
1499 503 1695 570 ἄδηλα
1754 506 1853 558 καὶ
1887 515 1933 568 Α

273 595 349 647 τὰ
403 595 624 661 κρύφια
664 591 772 659 τῆς
828 593 1049 660 σοφίας
1101 609 1217 646 σου
1275 591 1588 657 ἐδήλωσας
1637 611 1757 661 μοι.
1805 596 1863 648 '0

273 686 401 748 νοῦς
432 680 603 747 οὗτος·
634 685 726 746 Σὺ,
760 684 914 754 φησὶ,
941 682 1139 754 Κύριε,
1176 686 1204 736 6
1234 682 1460 753 ἀλήθεια
1494 681 1589 747 ὢν,
1609 685 1864 754 ἀληθείας

276 774 529 843 ἀγαπῶν,
568 774 887 843 βουλόμενος
908 775 1055 843 ἡμᾶς
1089 776 1146 825 ὲν
1191 773 1417 845 ἀληθείᾳ
1466 774 1693 843 διάγειν,
1724 778 1862 829 ἀπο-

277 868 564 937 καθαριεῖς
604 867 753 935 ἡμᾶς
794 866 893 934 τῆς
944 865 1175 935 ἀρχαίας
1220 867 1511 937 ἁμαρτίας·
1560 868 1654 920 καὶ
1692 868 1865 931 οὕτως

278 959 673 1029 ἀποκαθαριεῖς
697 960 826 1027 ἡμῖν
886 957 951 1008 δι’
982 957 1234 1009 ὑσσώπου
1263 958 1336 1021 ὡς
1384 960 1475 1010 καὶ
1527 959 1665 1031 ὑπὲρ
1715 959 1865 1029 χιόνα

280 1050 663 1119 λευκανθῆναι.
708 1048 975 1117 ’Υσσώπῳ
999 1049 1055 1101 δὲ
1085 1049 1182 1119 τὴν
1229 1048 1322 1101 τοῦ
1359 1050 1515 1118 ἁγίου
1552 1052 1867 1121 Πνεῦματος

281 1141 563 1213 ὲνέργειάν
594 1143 867 1210 ἀφομοιοῖ,
906 1140 1112 1212 θερμὴν
1140 1138 1303 1195 οὖσαν
1330 1143 1424 1195 καὶ
1453 1144 1633 1196 πάντα
1663 1143 1754 1197 τὸν
1808 1145 1865 1195 ὲν

282 1235 409 1303 ἡμῖν
472 1231 640 1301 ῥύπον
693 1231 1141 1299 ἀποσμήχουσαν.
1198 1230 1314 1302 [Ἠ
1374 1232 1750 1305 ἀποκάθαρσις
1800 1232 1867 1284 δι’

280 1322 535 1377 ὕσσωπον
578 1324 888 1393 γενήσεται,
921 1323 1037 1391 ἦτοι
1076 1321 1163 1374 διὰ
1213 1322 1308 1375 τοῦ
1350 1323 1503 1391 ἀγίου
1532 1324 1864 1393 Πνεύματος.

281 1413 575 1474 ’Υσσωπος
609 1411 717 1482 γὰρ
744 1411 941 1480 βοτάνη
972 1412 1330 1483 καθαρτική.]
1363 1414 1537 1471 Τὺ,δὲ.
1570 1415 1646 1466 Τὰ
1673 1412 1868 1480 ἄδηλα

280 1503 379 1556 καὶ
428 1502 500 1554 τὰ
555 1501 773 1568 κρύφια
822 1516 938 1553 σου
988 1500 1303 1568 ἐδήλωσας
1332 1519 1435 1570 μοι
1478 1501 1586 1568 τῆς
1624 1503 1864 1569 σοφίας,

281 1593 566 1664 δηλοῦντος
600 1595 768 1655 ἐστιν,
789 1593 865 1655 ὼς
904 1592 1080 1645 πάντα
1139 1592 1287 1662 αὐτῷ
1313 1592 1381 1644 τά
1427 1594 1661 1661 ἐσόμενα
1686 1593 1785 1644 ὅσα
1810 1594 1867 1643 ὲν

288 1688 344 1756 τῇ
377 1686 483 1754 ἰδίᾳ
512 1684 677 1754 σοφίᾳ.
701 1683 855 1735 ἔθετο
879 1685 907 1735 6
934 1683 1067 1746 Θεὸς
1096 1683 1184 1736 διὰ
1234 1682 1326 1736 τοῦ
1362 1684 1515 1751 ἁγίου
1551 1682 1867 1751 Πνεύματος

278 1775 648 1844 ἀπεκάλυψεν.

364 1867 652 1933 Ῥαγτιεῖς
705 1883 782 1936 με
831 1865 1116 1929 ὑσσώπῳ,
1174 1865 1273 1917 καὶ
1324 1864 1854 1935 καθαρισθήσομαι.
1887 1854 1947 1908 θ’

278 1958 487 2021 Εἰπὼν,
516 1961 600 2012 ὅτι
632 1959 880 2020 Δέδωκας
909 1959 1105 2027 νόμους
1135 1958 1312 2020 θείους
1338 1959 1430 2011 καὶ
1458 1957 1747 2022 διατάξεις,
1777 1958 1865 2011 λέ-

277 2068 366 2122 γει
386 2050 449 2102 τὸ
488 2050 690 2120 μεῖζον,
720 2050 799 2102 ὅτι
834 2049 1166 2122 Καθαρμοὺς
1193 2066 1345 2112 τινας
1368 2052 1425 2103 ὲν
1457 2050 1535 2120 τῷ
1567 2050 1717 2121 νόμῳ
1736 2052 1863 2121 ὲχα-

279 2142 438 2214 ρίσω,
464 2142 556 2193 καὶ
582 2141 645 2194 δι’
674 2140 926 2194 ὑσσώπου
971 2142 1351 2213 ραντίσματος·
1388 2142 1530 2194 κατά
1562 2142 1748 2195 τοῦτον
1771 2138 1863 2198 οῦν

277 2232 369 2285 τὸν
405 2231 605 2284 σκοπὸν
645 2233 739 2284 καὶ
769 2234 898 2302 ἡμῖν
928 2232 1022 2285 νῦν
1057 2232 1340 2303 παράσχου
1369 2233 1437 2285 τὰ
1492 2234 1672 2304 ὃμοια,
1699 2237 1727 2287 ὁ
1760 2236 1862 2287 αὐ-

276 2324 367 2385 τὸς
390 2322 467 2374 ὣν
488 2323 637 2385 Θεός.
666 2324 736 2375 Ἢ
762 2325 1060 2393 μυστήριον
1081 2324 1222 2377 ἔοικέ
1248 2342 1298 2376 τι
1321 2325 1675 2378 αἰνίττεσθαι.
1714 2327 1864 2379 Ἐπεὶ

275 2413 388 2483 γὰρ
418 2414 623 2483 Μωσῆς
683 2415 740 2466 ἐν
774 2414 1033 2484 Αἰγύπτῳ
1086 2416 1145 2466 τὸ
1172 2410 1311 2485 αἷμα
1363 2416 1454 2469 τοῦ
1490 2417 1762 2488 προϐάτου
1795 2418 1864 2470 δι’

276 2504 534 2557 ὑσσώπου
560 2508 681 2567 ταῖς
706 2506 889 2573 φλιαῖς
941 2506 1274 2559 διεκελεύετο
1320 2509 1753 2579 ὲπιῤῥαίνεσθαι,
1781 2526 1863 2561 τι-

280 2597 534 2667 μιωτέρῳ
564 2597 659 2649 καὶ
695 2600 857 2667 ἡμεῖς
888 2600 1275 2671 ἠγοράσοημεν
1323 2602 1536 2671 αἵματι.
1585 2603 1736 2654 Ἐπεὶ
1770 2598 1861 2655 οὖν

278 2686 647 2759 φυλακτήριον
717 2690 893 2741 ἐκεῖνο
956 2691 1172 2758 ἐγένετο
1234 2692 1305 2762 μή
1378 2709 1430 2743 τι
1486 2691 1674 2745 παθεῖν
1736 2693 1863 2765 τοὺς

276 2780 619 2843 ἐνοικοῦντας
648 2782 753 2833 ὑπὸ
786 2781 879 2834 τοῦ
923 2783 1322 2853 όλοθρεύοντος,
1370 2786 1594 2847 εἰκότως
1624 2787 1652 2837 6
1678 2784 1860 2847 Δαυῒδ,

274 2873 377 2944 τὴν
406 2874 501 2925 τοῦ
534 2875 764 2943 αἵματος
789 2875 996 2927 ἐκείνου
1035 2876 1252 2945 μνήμην
1274 2877 1331 2928 ὲν
1360 2877 1652 2946 ἀπορρήτῳ
1682 2875 1862 2928 ποιού-

278 2982 460 3035 μενος,
505 2966 782 3030 Ῥαντιεῖς
839 2982 914 3033 με
942 2966 1226 3029 ὑσσώπῳ,
1278 2968 1431 3037 φησὶ,
1472 2967 1566 3019 καὶ
1610 2966 1676 3020 τὰ
1711 2967 1857 3036 ἑξῆς

274 3057 642 3125 αἰνιττόμενος
674 3057 772 3125 τὴν
794 3055 883 3107 διὰ
904 3054 995 3108 τοῦ
1023 3056 1253 3126 αἵματος
1300 3054 1395 3108 τοῦ
1446 3056 1698 3126 ἀληθινοῦ
1728 3059 1861 3127 Χρι-

276 3147 403 3199 στοῦ
439 3145 612 3216 ἀμνοῦ
648 3146 1017 3217 γενησομένην
1049 3148 1249 3200 ἆπασιν
1310 3147 1702 3218 ἀποκάθαρσιν,
1766 3150 1858 3202 καὶ
1884 3182 1931 3243 C

273 3237 596 3307 γλιχόμενος
613 3230 723 3288 οἷον
750 3234 951 3305 ταύτης
975 3238 1179 3305 τυχεῖν,
1205 3237 1239 3306 ἢ
1270 3237 1403 3306 μόνη
1421 3236 1663 3307 ἀκριϐῶς
1692 3238 1857 3309 ρύψαι

272 3328 497 3381 δύναται
522 3327 615 3378 καὶ
648 3325 824 3394 χιόνος
850 3324 1020 3376 θεῖναι
1059 3324 1400 3395 λευκότερον.

359 3418 670 3482 Ἆκουτιεῖς
727 3432 804 3484 με
878 3418 1240 3485 ἀγαλλίασιν
1292 3416 1391 3470 καὶ
1452 3419 1857 3487 εὐφροσύνην.

286 3511 585 3579 ’Δκουστήν
623 3526 712 3579 μοι
745 3507 1016 3576 γενέσθαι,
1047 3508 1199 3578 φησὶ,
1228 3508 1667 3579 παρασκευάσεις
1693 3510 1856 3564 πάλιν

271 3603 361 3655 διὰ
392 3601 485 3655 τοῦ
514 3602 821 3670 πνεύματος
852 3601 949 3669 τὴν
995 3601 1052 3650 ὲν
1092 3600 1340 3669 ἐσχάτοις
1365 3604 1571 3671 καιροῖς
1597 3601 1859 3671 ἐσομένην

271 3692 592 3760 ἀγαλλίασιν
636 3692 730 3743 καὶ
781 3688 1139 3760 εὐφροσύνην.
1190 3689 1286 3752 Τίς
1339 3689 1395 3742 δὲ
1443 3689 1507 3742 ἂν
1538 3691 1622 3759 εἴη
1650 3690 1854 3762 αῦτηῆ

272 3784 457 3852 ἐκείνη
483 3784 515 3852 ἡ
553 3782 754 3849 γνῶσις
780 3784 813 3852 ἡ
848 3782 976 3850 περὶ
1004 3780 1377 3844 ἀναστάσεως,
1427 3782 1493 3851 ἢν
1516 3780 1751 3845 ἐδίδαξεν
1782 3784 1857 3834 εἰ·

272 3872 392 3926 πὼν
415 3914 428 3935 ,
513 3871 1013 3940 Ἀγαλλιάσονται
1090 3870 1273 3924 ὀστέα
1353 3873 1857 3941 τεταπεινωμένα;

270 3966 412 4018 Πότε
442 3964 500 4016 δὲ
539 3963 956 4031 ἀγαλλιάσονται
1001 3962 1068 4015 τά
1112 3962 1432 4032 σεσημμένα
1457 3963 1613 4034 ἡμῶν
1643 3966 1774 4017 ὀστᾶ
1819 3966 1852 4035 ἢ

270 4054 415 4107 κατά
463 4054 552 4106 τὸν
599 4054 700 4123 τῆς
737 4053 1088 4116 ἀναστάσεως
1122 4053 1336 4124 καιρὸν,
1386 4054 1507 4107 καθ’
1531 4054 1610 4117 ὃν,
1639 4055 1714 4117 ὡς
1738 4055 1856 4106 ἓτε-

278 4141 370 4211 ρός
411 4157 540 4210 φησι
590 4143 893 4212 προφήτης,
956 4145 1032 4195 Τὰ
1078 4140 1229 4196 ὀστᾶ
1277 4141 1446 4211 ἡμῶν
1492 4144 1572 4209 ὡς
1621 4144 1853 4213 βοτάνη

269 4229 599 4293 (traulizi;
649 4229 1099 4299 Ἀγιαλλιάσεται
1133 4232 1316 4285 ὀστέα
1363 4234 1849 4303 τεταπεινωμένα.

282 4319 697 4386 ’Δγαλλιάσεται
726 4321 760 4390 ἡ
805 4321 956 4389 ἰσχῦς
1002 4321 1103 4390 τῆς
1126 4321 1302 4393 ψυχῆς
1329 4340 1453 4394 μου,
1480 4324 1563 4377 ὅτι
1593 4324 1854 4396 πρότερον

268 4411 377 4464 ὑπὸ
404 4412 501 4480 τῆς
524 4413 793 4482 ἁμαρτίας
835 4412 1153 4467 ἁσθενοῦσα.

356 4501 758 4570 Ἀπόστρεψον
783 4501 847 4554 τὸ
871 4504 1199 4571 πρόσωπόν
1224 4518 1340 4558 σου
1366 4504 1484 4559 ἀπὸ
1531 4504 1651 4559 τῶν
1668 4506 1849 4575 ἁμαρ·
1882 4514 1926 4569 D

267 4590 413 4645 σιῶν
436 4608 576 4660 μου.
604 4593 773 4646 Πάλιν
792 4594 884 4646 ἐπὶ
905 4595 1003 4665 τὴν
1030 4594 1419 4666 ἐξομολόγησιν
1468 4597 1773 4668 ἀνατρέχει.

348 4682 608 4751 Καρδίαν
638 4684 908 4751 καθαρὰν
944 4686 1158 4738 κτίσον
1192 4686 1262 4739 ὲν
1289 4687 1438 4756 ἐμοὶ,
1474 4691 1506 4741 ὀ
1543 4690 1705 4755 Θεός.
1737 4688 1847 4759 Τὴν

265 4776 669 4831 ωλαιωοείσάν
714 4796 836 4848 μου,
866 4780 1017 4848 φησὶ,
1071 4778 1249 4850 ψυχὴν
1298 4780 1714 4852 σεσαθρωμένην
1743 4782 1848 4834 ὑπὸ

262 4867 368 4935 τῆς
421 4869 697 4939 ἁμαρτίας
764 4870 1131 4923 ἀνακαίνισον.
1199 4872 1310 4925 Καὶ
1377 4872 1614 4940 πνεῦμα
1674 4874 1847 4939 εὺθὲς

259 4956 614 5024 ἐγκαίνισον
639 4959 709 5011 ἐν
745 4959 867 5025 τοῖς
891 4958 1163 5029 ἑγκάτοις
1185 4979 1323 5029 μου.
1362 4962 1506 5015 Ἀντὶ
1534 4962 1649 5026 τοῦ,
1679 4964 1847 5035 ἑδραῖ-

259 5063 344 5099 ονο
375 5049 558 5116 ὅμοιον
591 5049 725 5101 ὡσεὶ
753 5049 1256 5118 λέγει”Ασφάλισαι
1287 5052 1375 5105 τὸν
1410 5052 1536 5106 νοῦν
1576 5053 1670 5106 τοῦ
1706 5071 1844 5125 μηκ-

261 5137 350 5190 έτι
388 5133 526 5191 εἶναι
559 5137 779 5192 εὔκολον
806 5141 1167 5195 καταπίπτειν
1196 5144 1273 5207 εἰς
1296 5144 1586 5215 ἁμαρτίαν.

356 5230 467 5285 Καὶ
511 5232 575 5283 τὸ
617 5232 859 5300 Πνεῦμα
910 5232 976 5285 τὸ
1022 5232 1194 5303 ἅγιον
1237 5234 1323 5303 μὴ
1376 5236 1712 5304 ἀντανέλῃς
1740 5236 1841 5290 ἀπ’

258 5322 427 5391 ἐμοῦ.
458 5322 568 5392 (19)
602 5322 831 5394 Εὔχεται
863 5325 1021 5378 πάλιν
1072 5325 1288 5395 πνεῦμα
1335 5327 1414 5389 εἰς
1462 5327 1622 5379 αὑτὸν
1670 5327 1841 5383 ἐλθεῖν

258 5414 325 5468 τὸ
360 5416 714 5485 προφητικὸν.
743 5417 1145 5480 Καταλελοιπὸς
1198 5416 1308 5489 γὰρ
1342 5414 1409 5489 ἦν
1439 5420 1600 5479 αὐτὸν
1633 5420 1719 5473 διὰ
1742 5421 1840 5492 τὴν

260 5505 563 5576 ἁμαρτίαν.

352 5602 395 5632 ⁶¹
428 5599 603 5653 Exod.
645 5617 751 5667 xu,
774 5604 863 5655 2'2.
907 5606 950 5635 "
982 5604 1084 5659 Isa.
1114 5622 1256 5673 vai,
1286 5609 1369 5661 14.

336 5692 448 5761 (19)
491 5690 867 5761 lnterpretatio
916 5696 1079 5762 hujus
1124 5714 1315 5753 versus
1367 5700 1517 5754 deest
1564 5702 1615 5753 in
1654 5700 1839 5757 codice

262 5762 627 5833 gnihrosiano
677 5766 994 5833 videturque
1035 5782 1155 5821 esse
1201 5770 1375 5822 aliena
1408 5788 1420 5822 :
1454 5772 1653 5825 dicitur
1692 5773 1836 5826 enim

263 5831 522 5887 Davidem
554 5834 607 5887 in
656 5850 871 5902 poenam
906 5831 1110 5903 peccati
1154 5840 1401 5894 amisisse
1432 5841 1682 5909 spiritum
1710 5858 1837 5912 pro~~

1444 383 1802 439 EXPOSlTlO
1837 386 1903 440 IN
1942 385 2277 442 PSALMUN
2318 386 2379 442 L.

3430 388 3535 443 2‘3

2028 508 2081 561 8.
2116 506 2249 559 Ecce
2272 507 2410 560 enim
2440 508 2710 560 veritatem
2728 505 2989 571 dilexisti,
3024 504 3229 558 incerta
3256 511 3307 559 et
3327 501 3532 558 occulta

1965 599 2239 667 sapientia:
2266 606 2369 651 tua:
2403 598 2757 665 manifestasti
2784 597 2934 650 milii.
2962 594 3088 651 Haec
3110 604 3195 650 cst
3220 597 3484 650 sententia
3515 613 3529 649 :

1966 686 2069 748 Tu,
2104 686 2300 755 inquit,
2339 684 2586 752 Domine,
2613 689 2707 755 qui
2746 687 2944 740 veritas
2972 700 3031 740 es
3060 694 3113 739 et
3133 684 3414 739 veritatem
3450 683 3533 736 di-

1962 778 2117 848 ligis,
2150 792 2272 831 cum
2306 777 2438 833 velis
2492 793 2593 832 nos
2647 778 2701 830 in
2752 777 2978 831 veritate
3019 776 3232 845 degere,
3275 774 3533 843 purgabis

1966 883 2068 921 nos
2094 884 2124 920 a
2156 868 2327 922 veteri
2357 876 2579 936 peccato
2615 884 2628 920 :
2662 875 2825 935 atque
2855 867 2927 919 ita
2960 881 3061 919 nos
3094 865 3347 935 hyssopot
3368 879 3532 917 mun-

1965 957 2139 1021 dabis,
2164 967 2223 1011 ut
2273 974 2435 1025 supra
2458 958 2637 1010 nivem
2669 956 2884 1009 candidi
2924 954 3238 1009 efliciamur.
3284 951 3533 1024 Hyssopo

1966 1060 2145 1103 autem
2191 1049 2432 1117 Spiritus
2477 1048 2649 1101 sancti
2719 1045 3012 1099 ctﬁcaciam
3058 1053 3360 1113 comparat,
3406 1052 3532 1095 tan-

1966 1156 2129 1209 quam
2164 1140 2425 1214 calidam,
2475 1146 2528 1191 et
2579 1137 2767 1191 sordes
2807 1150 2998 1188 omnes
3040 1135 3097 1187 in
3132 1132 3292 1186 nobis
3340 1146 3532 1199 repur-

1968 1242 2205 1302 gantem.
2248 1230 2526 1302 [Purgalio
2561 1230 2799 1299 hyssopo
2821 1226 3159 1288 conficietur,
3195 1224 3404 1279 scilicet
3436 1237 3531 1290 per

1970 1323 2231 1392 Spiritum
2285 1332 2556 1377 sanctum.
2614 1319 2892 1390 llyssopus
2945 1332 3179 1385 namque
3225 1324 3309 1371 est
3363 1315 3530 1369 herba

1966 1413 2232 1483 purgandi
2266 1412 2316 1465 vi
2356 1408 2626 1480 praadita.]
2678 1409 2811 1462 Illud
2843 1416 3026 1462 autem
3061 1426 3074 1461 :
3110 1406 3325 1460 Incerta
3358 1416 3407 1460 et
3438 1422 3529 1459 oc-

1966 1504 2108 1554 culta
2136 1502 2408 1570 sapientia:
2432 1500 2909 1568 tttwmanifestasti
2938 1499 3088 1562 mihi,
3122 1497 3414 1552 indicantis
3447 1504 3533 1550 est

1966 1606 2148 1645 omnia
2178 1590 2381 1656 futura,
2420 1603 2759 1659 quazcunque
2790 1586 2933 1643 Deus
2973 1587 3028 1640 in
3064 1586 3281 1656 propria
3317 1585 3532 1656 sapien—

1967 1681 2043 1736 tia
2082 1681 2348 1751 reposuit,
2380 1680 2479 1750 ipsi
2510 1694 2607 1749 per
2637 1676 2900 1748 Spiritum
2936 1677 3172 1732 revelata
3198 1676 3389 1732 fuisse.

2041 1870 2093 1924 9.
2120 1870 2370 1939 Asperges
2402 1884 2481 1921 me
2508 1868 2754 1938 hyssopo,
2800 1878 2849 1921 et
2876 1866 3190 1921 mundabor.
3236 1868 3530 1940 Postquam

1963 1960 2100 2016 dixit
2134 1978 2147 2013 :
2181 1959 2353 2029 Leges
2381 1958 2579 2013 dedisti
2614 1957 2828 2011 divinas
2862 1965 2917 2011 et
2946 1959 3385 2027 constitutiones,
3418 1961 3531 2030 jam

1963 2050 2110 2119 quod
2144 2049 2323 2118 majus
2361 2054 2444 2101 est
2477 2048 2611 2101 dicit
2641 2066 2657 2101 :
2710 2046 3128 2103 Puriﬁcationes
3164 2051 3430 2118 quasdam
3476 2050 3528 2103 in

1962 2142 2080 2213 lege
2107 2140 2305 2195 dedisti
2344 2149 2399 2194 ct
2444 2140 2818 2209 aspersionem
2863 2141 3103 2212 hyssopo
3137 2138 3337 2195 factam
3373 2158 3386 2194 :
3436 2156 3531 2196 eo-

1961 2234 2084 2288 dem
2119 2231 2285 2301 igitur
2307 2246 2475 2300 scopo
2505 2240 2558 2286 et
2585 2233 2745 2287 nobis
2776 2248 2994 2302 quoque
3028 2232 3227 2287 similia
3254 2230 3526 2298 conferas,

1962 2338 2086 2377 cum
2122 2324 2239 2392 ipse
2282 2320 2425 2376 Deus
2455 2322 2552 2377 sis.
2599 2321 2708 2376 Aut
2739 2322 2953 2376 videtur
2994 2323 3313 2393 mysterium
3351 2324 3529 2391 quod-

1961 2414 2106 2484 piam
2156 2414 2245 2467 hic
2291 2413 2626 2467 adumbrari.
2678 2412 3130 2482 Quandoquidem
3173 2414 3317 2467 enim
3352 2412 3529 2469 Moses

1962 2507 2018 2560 in
2044 2505 2281 2576 Egypto
2322 2506 2639 2576 sanguinem
2669 2506 2787 2560 ovis
2812 2506 3062 2575 postibus
3084 2506 3320 2577 hyssopo
3337 2522 3529 2575 asper-

1962 2612 2087 2668 gere
2124 2598 2313 2667 jussus
2348 2606 2466 2650 erat
2490 2598 2533 2627 “
2560 2638 2575 2660 ,
2629 2598 2954 2667 pretiosiore
3007 2612 3107 2651 nos
3144 2599 3409 2669 sanguine
3440 2614 3528 2653 re-

1961 2690 2165 2759 dempti
2206 2705 2420 2744 sumus.
2461 2688 2731 2755 Quoniam
2763 2689 2930 2758 igitur
2962 2691 3184 2760 sanguis
3216 2690 3306 2745 ille
3339 2694 3527 2762 praesi-

1962 2782 2051 2835 dio
2086 2790 2139 2835 ct
2171 2781 2349 2835 tutelw
2382 2780 2516 2846 fuit,
2550 2796 2617 2833 ne
2655 2780 2979 2834 [inderentur
3008 2780 3077 2834 ab
3106 2782 3531 2836 exterminatoro

1961 2872 2054 2943 qui
2106 2871 2158 2925 in
2202 2872 2383 2941 aliqua
2415 2873 2580 2926 domo
2624 2872 2894 2941 degerent,
2934 2872 3130 2926 merito
3161 2871 3353 2938 David,
3401 2889 3529 2928 san-

1963 2962 2145 3032 guinis
2186 2961 2334 3016 illius
2369 2964 2691 3016 memoriam
2735 2963 2948 3017 occulte
2982 2961 3189 3016 faciens
3211 3003 3225 3026 ,
3251 2965 3526 3032 .Asperges

1962 3071 2062 3119 me,
2090 3054 2286 3123 inquit,
2313 3054 2698 3124 hyssopo,etc.,
2731 3054 3066 3109 adumbrans
3093 3054 3526 3123 purificationem

1964 3146 2110 3199 illam
2149 3147 2405 3201 omnibus
2434 3162 2530 3217 per
2560 3148 2881 3217 sanguinem
2913 3147 3021 3201 veri
3058 3147 3180 3216 agni
3216 3146 3416 3202 Christi
3448 3146 3527 3200 fa-

1961 3237 2233 3303 ciendam,
2252 3247 2305 3291 ct
2330 3246 2594 3307 exoptans
2622 3238 2771 3292 illam
2800 3255 2922 3308 quas
2943 3238 3056 3293 sola
3081 3247 3257 3308 potest
3289 3236 3527 3308 perfecte

1961 3343 2193 3397 purgare
2216 3338 2270 3382 et
2298 3330 2421 3383 nive
2447 3330 2815 3384 candidiorem
2851 3331 3085 3385 efficere.

2032 3418 2119 3473 10.
2161 3419 2381 3472 Αυάὶιαί
2414 3435 2525 3474 meo
2563 3420 2713 3473 dabis
2752 3419 3001 3490 gaudium
3026 3430 3074 3475 et
3105 3419 3365 3475 lwtiliam.
3417 3418 3525 3473 Cu-

1958 3511 2140 3575 rabis,
2211 3512 2421 3581 inquit,
2481 3523 2540 3566 ut
2594 3512 2782 3565 auditu
2820 3512 3087 3581 excipiam
3127 3527 3224 3582 per
3272 3512 3523 3581 spiritum

1959 3602 2105 3655 illam
2129 3604 2428 3671 postremis
2454 3604 2789 3672 temporibus
2832 3602 3074 3657 futuram
3107 3605 3522 3659 exsultationem

1957 3704 2010 3748 et
2035 3695 2300 3749 laetitiam.
2348 3692 2481 3760 Qua:
2528 3705 2709 3749 autem
2756 3696 2844 3750 illa
2896 3696 3092 3762 fuerit,
3148 3696 3253 3750 nisi
3287 3695 3525 3767 c0gnitio

1958 3786 2046 3839 illa
2111 3787 2568 3849 resurrectionis,
2626 3803 2789 3855 quam
2846 3788 2997 3842 hisce
3046 3788 3227 3842 verbis
3290 3788 3521 3842 docuit:

1958 3877 2315 3931 Exsultabunt
2359 3895 2479 3932 ossa
2523 3878 2852 3931 Itumiliata?
2903 3879 3131 3944 Quando
3172 3889 3353 3934 autem
3399 3896 3522 3935 ossa

1956 3977 2144 4023 nostra
2184 3969 2400 4038 putrida
2429 3969 2780 4023 exsultabunt
2804 4008 2819 4032 ,
2864 3970 2970 4023 nisi
3003 3980 3247 4038 tempore
3275 3984 3523 4024 resurre-

1955 4063 2174 4126 ctionis,
2207 4077 2335 4131 quo,
2356 4071 2415 4116 ut
2443 4062 2517 4115 ait
2541 4062 2678 4135 alius
2701 4062 2982 4131 propheta,
3005 4060 3139 4116 Ossa
3162 4070 3343 4115 nostra
3368 4063 3523 4132 quasi

1955 4155 2113 4208 herba
2140 4156 2507 4225 germinabunt
2532 4154 2618 4206 “?
2675 4153 3034 4207 Exsultabunt
3063 4170 3184 4206 ossa
3223 4154 3520 4206 humilium.

1955 4246 2262 4302 Exsultabit
2295 4248 2464 4301 robur
2489 4248 2684 4302 anima:
2709 4262 2873 4310 meat,
2915 4262 3037 4318 quae
3061 4246 3216 4317 prius
3253 4245 3355 4301 sub
3386 4260 3515 4316 pec—~

1955 4345 2076 4392 cato
2108 4337 2322 4392 infirma
2350 4348 2492 4393 erat.

2024 4512 2113 4566 11.
2150 4514 2333 4567 Averte
2359 4514 2547 4583 faciem
2577 4524 2723 4567 tuam
2752 4531 2785 4568 a
2811 4516 3038 4584 peccatis
3073 4518 3225 4570 meis.
3281 4515 3519 4573 Rursum

1953 4602 2019 4656 ad
2044 4603 2442 4660 confessionem
2477 4608 2725 4661 recurrit.

2025 4697 2113 4751 12.
2137 4698 2242 4752 Cor
2271 4701 2526 4753 mundum
2560 4716 2679 4754 crea
2711 4702 2767 4754 in
2798 4718 2915 4766 me,
2953 4700 3117 4756 Deus.
3164 4686 3519 4758 lnveteratam

1952 4789 2220 4855 animam,
2272 4791 2478 4860 inquit,
2520 4801 2743 4862 peccato
2787 4794 3060 4863 putridam
3107 4806 3389 4851 renovato.
3453 4795 3523 4850 Et

1950 4884 2193 4952 spiritum
2224 4896 2421 4938 rectum
2447 4887 2637 4940 innova
2670 4887 2726 4940 in
2753 4888 3033 4944 visceribus
3060 4891 3210 4946 meis.
3268 4890 3382 4946 Huc
3415 4898 3520 4953 est,

1951 4974 2203 5039 firmum;
2256 4976 2411 5044 quasi
2467 4977 2661 5030 dicat:
2707 4975 2891 5031 Firma
2932 4987 2987 5032 et
3040 4981 3235 5034 robora
3286 4992 3520 5034 mentem

1950 5079 2148 5127 meam,
2172 5074 2229 5119 ut
2255 5082 2358 5120 non
2389 5069 2619 5123 ulterius
2648 5067 2804 5123 facile
2826 5069 2877 5123 in
2900 5079 3182 5138 peccatum
3218 5073 3449 5127 labatur.

2020 5243 2104 5299 15.
2141 5243 2211 5298 Εε
2241 5243 2499 5311 Spiritum
2534 5256 2777 5301 sanctum
2808 5265 2871 5303 ne
2897 5251 3110 5319 auferas
3141 5267 3173 5303 a
3197 5266 3294 5303 me.
3321 5248 3521 5304 Preca-

1949 5345 2037 5389 tur
2076 5350 2292 5389 rursum
2347 5346 2405 5390 ut
2452 5338 2679 5405 spiritus
2725 5341 3078 5409 prepheticus
3115 5342 3168 5393 in
3225 5342 3516 5399 seveniat.

1947 5430 2126 5483 losum
2161 5431 2304 5484 enim
2331 5442 2552 5502 propter
2577 5445 2857 5502 peccatum
2895 5436 3205 5505 reliquerat.

1945 5709 2161 5778 phetiae,
2199 5720 2259 5764 et
2288 5726 2479 5779 rogare
2523 5722 2581 5765 ut
2624 5714 2723 5765 sibi
2750 5712 2942 5766 iterum
2988 5716 3355 5778 concedatur,
3393 5734 3516 5771 cum

1949 5789 2135 5854 contra
2182 5781 2235 5833 in
2280 5782 2615 5854 tArgumento
2650 5784 2859 5837 dicatur
2903 5784 3046 5837 hunc
3082 5786 3349 5854 psalmum
3393 5802 3509 5854 pro-

1948 5848 2164 5917 phetice
2191 5848 2458 5920 scriptum
2492 5867 2631 5906 esse.
