3872 6216
319 360 426 417 Ξαίδ

391 480 478 534 14.
509 477 682 533 Redde
713 467 842 532 mihi
869 479 1110 536 laetitiam
1137 479 1391 531 salutaris
1427 479 1524 532 tui.
1552 477 1666 532 Hoc
1687 479 1753 532 ad
1780 480 1880 532 hu-
1911 489 1957 539 Α

317 587 541 628 manum
572 588 743 642 genus
771 587 932 625 omne
963 571 1216 624 refertur.
1257 569 1518 624 Lmtitiam
1542 570 1760 640 quidem
1790 585 1880 624 sa-

315 664 529 727 lutaris,
579 664 868 717 adventum
905 661 1116 715 Domini
1146 670 1337 720 vocat.
1371 662 1528 730 juxta
1560 661 1687 715 illud
1723 676 1752 714 a
1779 659 1883 730 S-y-

316 770 510 810 meone
535 755 738 808 dictum
770 754 814 784 ⁶³
843 771 855 806 :
888 751 1027 817 Quia
1055 753 1294 806 viderunt
1325 753 1466 806 oculi
1505 754 1607 805 mei
1649 752 1884 806 salutare

319 859 487 901 tuum.
532 848 701 915 Rogat
752 854 932 899 autem
973 852 1032 898 ut
1079 845 1228 900 illius
1278 846 1552 915 particeps
1596 845 1879 900 eﬂiciatur.

316 936 388 991 Et
439 938 628 1006 spiritu
671 937 955 1004 principali
1006 936 1262 1003 conﬁrma
1294 952 1394 990 me.
1453 934 1624 1001 Quem
1675 944 1882 990 rectum

320 1031 574 1100 superius
607 1032 821 1084 vocavit
849 1030 1097 1099 spiritum
1117 1070 1132 1085 .
1161 1029 1250 1083 hic
1278 1028 1630 1098 principalem
1655 1038 1830 1084 vocat.

384 1206 473 1260 15.
506 1206 711 1260 Docebo
741 1208 950 1277 iniquos
986 1208 1097 1260 vias
1133 1217 1272 1260 tuas.
1319 1208 1608 1278 Postquam
1633 1249 1647 1272 ,
1684 1209 1882 1277 inquit,

312 1313 401 1350 me
441 1314 471 1351 a
526 1308 751 1367 peccato
793 1297 1134 1364 liberaveris,
1197 1300 1380 1353 statim
1432 1301 1565 1354 mihi
1617 1303 1883 1356 concedas

317 1389 580 1457 Spiritum
615 1398 868 1444 sanctum
906 1399 1082 1443 tuum.
1138 1389 1294 1444 Tunc
1337 1399 1518 1445 autem
1555 1393 1882 1461 praevarica-

313 1488 462 1532 tores
495 1478 702 1532 docebo
733 1479 982 1533 incedere
1005 1480 1122 1532 vias
1153 1489 1292 1535 tuas.

390 1569 473 1622 16.
508 1568 700 1623 Libera
735 1586 812 1623 me
839 1571 902 1623 de
935 1561 1278 1640 sanguinibus
1303 1612 1317 1636 ,
1351 1571 1491 1626 Deus
1521 1572 1654 1626 Deus
1691 1573 1882 1627 salutis

313 1674 462 1714 meae.
485 1657 727 1714 Rursum
759 1676 860 1730 pro
889 1662 1033 1716 caede
1053 1660 1197 1717 Uriae
1227 1665 1678 1733 supplicationem
1706 1665 1881 1728 aﬁ‘ert,

314 1761 376 1805 ut
407 1751 588 1821 aliquo
636 1753 799 1806 modo
847 1768 910 1807 ex
962 1753 1082 1824 ejus
1130 1755 1428 1823 pollutione
1459 1757 1722 1811 liberetur
1755 1775 1770 1810 :
1802 1758 1883 1811 vel

1167 361 1222 415 S.
1269 359 1642 415 ATHANASII
1680 359 1828 415 OPP.
1872 359 2055 414 PARS
2092 357 2179 412 lll.
2222 387 2293 396 —
2328 356 2739 412 EXEGETICA.

3465 354 3568 411 ΞΗ

2067 477 2306 541 Ἀπόδος
2327 494 2426 545 μοι
2455 475 2568 542 τὴν
2594 475 2960 544 ἀγαλλίασιν
2979 470 3082 523 του
3113 486 3407 538 σωτηρίου
3427 487 3563 526 σου.

1991 569 2085 632 Εἰς
2111 570 2254 621 ἅπαν
2274 567 2334 620 τὸ
2366 567 2470 618 τῶν
2497 564 2799 636 ἀνθρώπων
2817 563 2971 630 γένος
3000 563 3350 633 ἀναφέρεται.
3385 562 3566 629 Ἀγαλ-

1990 660 2166 712 λίασιν
2200 659 2296 729 μὲν
2324 658 2588 727 σωτηρίου
2620 656 2717 726 τὴν
2750 654 3050 724 παρουσίαν
3100 652 3192 705 τοῦ
3228 654 3434 723 Κυρίου
3461 670 3567 725 φη-

1994 751 2065 813 σι,
2101 751 2242 804 κατὰ
2273 750 2333 802 τὸ
2367 750 2653 820 εἰρημένον
2691 746 2796 799 ὑπὸ
2828 746 2920 798 τοῦ
2960 743 3202 814 Συμεών·
3231 745 3348 796 ’Ότι
3405 741 3568 797 εἶδον

1991 843 2044 892 οὶ
2078 839 2372 908 ὀφθαλμοί
2424 856 2542 906 μου
2586 837 2651 890 τὸ
2707 835 3006 903 σωτήριόν
3058 851 3191 888 σου·
3243 834 3462 904 εὔχεται
3513 835 3569 887 δὲ

1992 931 2086 982 καὶ
2125 928 2285 990 αὐτὸς
2311 926 2475 980 αὐτοῦ
2513 926 2852 996 μεταλαϐεῖν.
2894 924 3001 977 Καὶ
3036 925 3325 992 πνεύματι
3357 925 3568 992 ἠγεμο-

1990 1018 2136 1082 νικῷ
2171 1017 2462 1086 στήριξόν
2515 1035 2614 1085 με.
2641 1018 2818 1086 Ὅπερ
2848 1013 3000 1069 εἶπεν
3053 1017 3306 1086 ἀνωτέρω
3349 1015 3569 1085 πνεῦμα

1991 1110 2165 1172 εύθὲς,
2198 1109 2431 1163 ἐνταῦθα
2462 1109 2788 1180 ἡγεμονικὸν
2818 1109 2993 1162 καλεῖ.

2062 1199 2284 1264 Διὸιὶξω
2335 1201 2599 1268 ἀνόμους
2654 1201 2759 1265 τὰς
2811 1199 2990 1265 ὁδούς
3032 1215 3167 1252 σου.
3217 1199 3432 1270 Ἐπειδὴ
3477 1198 3567 1262 ἂν,

1992 1291 2143 1361 φησὶ,
2175 1290 2478 1362 ῥυσάμενος
2514 1308 2580 1362 με
2613 1293 2712 1361 τῆς
2741 1290 3032 1361 ἁμαρτίας,
3077 1287 3231 1353 αὖθις
3272 1291 3471 1360 ὲπιδῷς
3499 1308 3569 1361 με

1989 1385 2050 1436 τὸ
2085 1383 2175 1436 σὺν
2204 1383 2358 1451 ἅγιον
2386 1383 2630 1454 Πνεῦμα.
2673 1383 2808 1436 Τότε
2833 1383 2898 1454 δὴ
2937 1383 3100 1436 πάλιν
3145 1383 3244 1447 τὰς
3291 1384 3390 1446 σὰς
3417 1383 3570 1447 ὁδοὺς

1993 1473 2224 1543 βαδίζειν
2256 1473 2451 1539 διδάξω
2475 1477 2600 1538 τοὺς
2624 1475 3080 1546 παραϐαίνοντας.

2073 1564 2286 1618 Ῥῦσαί
2331 1583 2408 1634 με
2445 1564 2514 1629 ἐξ
2573 1565 2858 1634 αἱμάτων.
2917 1569 2950 1618 ό
2999 1565 3144 1630 Θεὸς
3183 1568 3217 1619 ό
3265 1565 3409 1630 Θεὸς
3459 1564 3563 1633 τῆς

1991 1659 2289 1726 σωτηρίας
2315 1677 2454 1727 μου.
2490 1659 2657 1713 Πάλιν
2710 1659 2986 1731 ἱκετηρίαν
3035 1659 3178 1731 ὑπὲρ
3207 1659 3300 1712 τοῦ
3339 1659 3434 1712 τοῦ
3469 1661 3568 1711 Ούο

1995 1748 2107 1819 ρίου
2156 1749 2317 1818 φόνου
2348 1750 2578 1815 τίθεται,
2617 1753 2762 1815 ὅπως
2809 1751 2877 1804 ἂν
2918 1750 3139 1821 ρυσθείη
3189 1750 3281 1804 τοῦ
3319 1750 3378 1814 ἐξ
3404 1751 3570 1804 αὐτοῦ

314 1843 518 1910 potius,
551 1844 615 1898 de
645 1845 1010 1913 sanguinibus,
1043 1846 1094 1899 id
1119 1855 1203 1902 est
1231 1847 1297 1902 de
1328 1848 1612 1904 sacriﬁciis
1639 1865 1734 1918 per
1760 1864 1886 1904 san-

2007 1841 2253 1910 ιιασμοῦο
2306 1841 2340 1912 ἢ
2389 1842 2608 1912 μᾶλλον,
2641 1843 2709 1906 ἐξ
2743 1843 3024 1912 αἱμάτων,
3082 1842 3192 1896 τῶν
3242 1843 3308 1895 δι’
3341 1844 3570 1914 αἵματος

315 1933 534 2002 guinem
571 1933 766 1999 factis,
812 1945 872 1990 ut
923 1937 1165 1990 indicant
1202 1954 1325 2006 quae
1363 1940 1415 1992 in
1446 1941 1658 2008 psalmo
1698 1942 1886 1996 subse-

314 2033 557 2092 quuntur
578 2025 658 2079 sic
687 2045 698 2078 :
739 2025 1005 2089 Quoniam
1041 2028 1086 2080 si
1116 2027 1366 2081 voluisses
1394 2030 1716 2098 sacriﬁcium
1743 2072 1758 2096 ,
1793 2030 1887 2085 de-

313 2115 508 2168 dissem
539 2117 744 2185 utique,
775 2126 880 2171 etc.
932 2115 1002 2169 Et
1032 2118 1317 2171 exsultabit
1357 2119 1538 2190 lingua
1571 2138 1686 2175 mea
1719 2124 1888 2192 justi-

315 2208 444 2259 tiam
473 2217 636 2261 tuam.
683 2205 797 2261 Hoc
828 2207 1186 2278 Symmachus
1225 2209 1305 2264 sic
1337 2211 1726 2281 interpretatus
1759 2224 1842 2269 est
1872 2234 1885 2268 :

314 2298 581 2369 Loquetur
620 2301 807 2370 lingua
847 2318 964 2355 mea
1005 2304 1426 2357 misericordiam
1467 2306 1890 2372 tuam:net1ua-

313 2406 478 2458 quam
503 2392 647 2445 enim
675 2394 865 2447 tacebo
889 2389 1012 2448 cum
1041 2396 1256 2449 veniam
1284 2396 1386 2450 sim
1414 2409 1763 2465 consecutus,
1794 2400 1890 2453 sed

314 2484 570 2540 laudibus
601 2495 653 2540 te
682 2501 982 2557 prosequar
1003 2529 1019 2553 ,
1061 2498 1115 2542 et
1148 2489 1408 2544 beneﬁcia
1442 2499 1534 2544 tua
1555 2505 1890 2545 commemo-

312 2578 467 2632 rabo.
527 2577 841 2648 Siquidem,
895 2581 1006 2644 ait,
1057 2581 1251 2651 legalia
1295 2582 1562 2636 sacriﬁcia
1606 2583 1886 2651 respuisti,

315 2669 578 2736 quoniam
632 2687 740 2724 non
793 2681 1026 2738 possunt
1077 2683 1300 2742 peccata
1334 2675 1608 2728 dimittere
1640 2692 1653 2727 :
1687 2674 1806 2728 ideo
1837 2675 1890 2729 id

315 2761 462 2828 quod
513 2761 698 2830 diligis
730 2763 904 2816 obtuli
946 2763 1067 2818 tibi.
1111 2765 1226 2821 lloc
1271 2776 1451 2820 autem
1497 2776 1580 2821 est
1617 2766 1761 2835 quod
1794 2782 1890 2835 per

315 2850 698 2919 paenitentiam
731 2861 786 2907 et
816 2868 912 2908 cor
938 2855 1236 2908 contritum
1265 2855 1515 2910 oﬁ‘ertur.

382 3025 472 3080 20.
517 3025 745 3099 Benigne
776 3030 860 3101 {ac
881 3073 895 3098 ,
933 3031 1190 3100 Domine,
1235 3036 1291 3088 in
1327 3035 1463 3090 bona
1497 3038 1766 3092 voluntate
1798 3050 1893 3092 tua

316 3114 468 3172 Fic'n.
503 3118 633 3173 Sion
666 3121 754 3175 hic
784 3131 949 3177 vocat
981 3123 1306 3180 Ecclesium.
1341 3126 1570 3193 Quando
1599 3130 1744 3184 enim
1773 3131 1887 3188 Deo

316 3207 463 3262 Patri
495 3209 695 3279 placuit
729 3214 918 3268 omnia
948 3215 1001 3268 in
1034 3215 1173 3271 Filio
1207 3234 1308 3273 suo
1338 3235 1600 3275 renovare
1622 3262 1635 3284 ,
1683 3230 1811 3277 tunc
1833 3233 1888 3278 et
1915 3193 1959 3252 Ο

315 3299 460 3354 bona
508 3300 763 3358 Ecclesiae
800 3321 912 3360 suae
965 3308 1238 3376 pollicitus
1283 3320 1384 3366 est.
1442 3310 1511 3365 Et
1557 3314 1888 3382 wdiﬁcentur

318 3396 460 3447 muri
489 3393 808 3449 Jerusalem.
843 3397 1028 3459 Muros
1054 3398 1355 3456 Jerusalem
1375 3444 1390 3466 ,
1419 3413 1638 3460 sanctos
1664 3405 1768 3470 ait,
1799 3421 1886 3460 sa-

317 3500 540 3540 crorum
569 3487 870 3551 ministros,
908 3490 1004 3559 qui
1045 3491 1297 3546 muniunt
1331 3491 1629 3548 Ecclesiam
1663 3495 1802 3564 ejus.

387 3757 477 3813 21.
540 3759 686 3812 Tunc
727 3762 1025 3831 acceptabis
1065 3765 1387 3834 sacrificium
1417 3766 1668 3835 justitiaz.
1723 3767 1884 3832 Cum,

315 3849 527 3918 inquit,
580 3850 842 3905 beneﬁcia
885 3851 1038 3906 Sioni
1063 3854 1295 3918 tribues,
1328 3865 1381 3910 et
1413 3857 1660 3912 aediﬁcati
1683 3857 1888 3913 fuerint

313 3939 459 3992 muri
481 3937 804 4004 Jerusalem,
838 3947 968 3995 tunc
994 3941 1293 3998 oll'erentur
1320 3946 1615 4010 sacriﬁcia,
1652 3962 1761 4001 non
1788 3961 1887 4016 per

314 4030 658 4099 sanguinem,
679 4033 773 4087 sed
797 4033 1047 4102 justitiae,
1079 4036 1258 4092 laudis
1285 4038 1514 4093 scilicet.
1554 4039 1888 4093 Oblationem

312 4127 365 4174 ct
397 4119 730 4184 holocausta,
775 4123 1005 4193 iustitia
1035 4127 1244 4182 scilicet
1276 4137 1332 4183 et
1376 4129 1649 4184 incruenti
1678 4131 1887 4185 sacriﬁ-

313 4211 405 4267 cii.
463 4212 608 4266 Tunc
655 4217 918 4285 imponent
962 4235 1119 4288 super
1165 4220 1336 4274 altare
1375 4229 1523 4273 tuum
1562 4221 1772 4275 vitulos.
1819 4221 1888 4276 Et

312 4303 464 4372 ipsos
491 4304 1000 4376 (vitulos)justitiae,
1033 4319 1094 4364 ut
1126 4311 1237 4365 sint
1267 4312 1452 4366 omnia
1489 4311 1753 4381 justitiaa,
1798 4329 1887 4369 sa-

315 4393 540 4458 criﬁcia,
565 4397 872 4454 oblationes
904 4400 1146 4456 iustitiae.
1170 4401 1493 4458 holocausta
1518 4403 1770 4473 justitiae,
1805 4406 1885 4459 vi-

314 4485 414 4539 tuli
438 4485 682 4554 justitiae.

669 4578 770 4632 Hic
792 4580 983 4635 desinit
1014 4578 1206 4633 Daniel
1238 4578 1522 4638 Barbarus.

317 4767 370 4822 Ι.
402 4765 471 4821 1η
498 4770 678 4837 ﬁnem,
706 4772 1000 4825 intellectus
1031 4773 1226 4828 David.
1263 4772 1397 4830 Cum
1420 4779 1561 4830 venit
1593 4777 1728 4831 Doec
1752 4777 1880 4833 ldu-

385 4875 549 4913 mazus
575 4869 623 4913 et
652 4864 912 4915 nuntiavit
947 4861 1145 4918 Sauli:
1190 4865 1341 4921 Venit
1376 4867 1544 4923 Dauid
1585 4871 1641 4922 in
1667 4871 1886 4924 domum

387 4953 710 5008 Abimelec/t.
761 4953 859 5007 LI.

904 5131 1303 5200 Argumentum.

316 5219 549 5286 Quando
592 5218 731 5292 fugit
760 5221 930 5276 David
959 5237 990 5274 a
1031 5221 1173 5276 facie
1199 5221 1380 5276 Saulis
1417 5221 1471 5274 in
1505 5222 1727 5278 domum
1751 5225 1884 5281 Abi-

387 5314 712 5379 melech,'ac
731 5314 800 5369 de
829 5315 1065 5385 panibus
1088 5314 1426 5367 sacerdotum
1453 5316 1708 5380 comedit,
1735 5333 1888 5372 acce-

387 5407 575 5476 pitque
599 5405 770 5461 Goliae
803 5407 1041 5477 gladium
1065 5445 1082 5471 ,
1125 5403 1426 5458 abscedens
1460 5405 1732 5474 quispiam
1771 5422 1884 5460 rem

389 5498 664 5552 nuntiavit
693 5497 930 5552 Sauli“.
968 5496 1100 5550 Erat
1128 5505 1308 5550 autem
1333 5495 1380 5550 is
1411 5495 1554 5550 Doec
1584 5495 1758 5566 Syrus
1789 5498 1885 5566 qui

392 5589 438 5620 ⁸³
470 5588 602 5645 Luc.
631 5606 692 5654 ιι,
717 5590 804 5644 50.
877 5588 922 5620 ⁸⁵
956 5587 973 5642 l
1003 5586 1130 5659 Reg.
1164 5604 1282 5651 XXI,
1325 5587 1472 5642 1-10.

1991 1933 2210 1998 θυσιῶν,
2245 1935 2319 1998 ὡς
2341 1934 2409 1988 τὰ
2441 1936 2755 2005 ὲπαγὸμενα
2800 1936 2892 1988 τοῦ
2948 1935 3162 2006 ψαλμοῦ
3211 1935 3570 1988 διαδείκνυσιν

1990 2023 2266 2086 εἰπόντος’
2327 2025 2480 2087 Ὅτι,
2552 2026 2605 2076 εὶ
2664 2024 2972 2091 ἠθέλησας
3051 2025 3308 2086 θυσίαν,
3378 2025 3570 2078 ἔδωκα

1990 2112 2224 2185 ἆτ’(ἐο),
2284 2117 2378 2169 καὶ
2434 2115 2502 2168 τὰ
2547 2115 2692 2187 ἑξῆς.
2763 2115 3210 2186 Ἀγαλλιάσεται
3257 2117 3294 2182 η
3321 2115 3570 2186 γλῶσσά

1987 2225 2104 2274 μου
2157 2206 2271 2273 τὴν
2326 2207 2722 2271 δικαιοσύνην
2779 2222 2919 2260 σου.
2975 2205 3145 2259 Τοῦτο
3201 2209 3229 2260 ὁ
3275 2207 3571 2278 Σύμμαχος

1991 2298 2161 2360 οὕτως
2186 2299 2519 2368 ἡρμήνευσε·
2558 2297 2921 2363 Διαλαλήσει
2971 2300 3008 2364 ἡ
3038 2296 3288 2366 γλῶσσά
3313 2316 3431 2366 μου
3455 2298 3570 2366 τὴν

1990 2391 2411 2458 ἐλεημοσύνην
2455 2405 2590 2443 σου·
2644 2389 2703 2440 ού
2755 2390 2864 2462 γὰρ
2923 2391 3134 2460 σιγήσω
3191 2390 3292 2459 τῆς
3321 2389 3570 2458 ἀφέσεως

1990 2483 2322 2549 ἀπολαύσας,
2370 2483 2484 2536 ἀλλ’
2538 2483 2722 2553 ὑμνῶν
2780 2500 2838 2535 σε
2870 2482 3162 2536 διατελέσει)
3192 2483 3286 2535 καὶ
3327 2482 3426 2544 τὰς
3472 2482 3575 2544 σὰς

1989 2572 2340 2642 διηγούμενος
2389 2572 2635 2643 χάριτας.
2686 2571 2902 2643 Ἐπειδὴ
2955 2572 3055 2634 τὰς
3117 2573 3174 2624 ἐν
3208 2572 3374 2641 νόμῳ,
3411 2572 3572 2641 φησι,

1992 2667 2290 2737 παρῃτήσω
2318 2665 2527 2729 θυσίας,
2545 2667 2605 2718 ού
2633 2666 2740 2736 γὰρ
2756 2666 3006 2719 δύνανται
3033 2667 3246 2734 ἀφιέναι
3273 2668 3548 2738 ἁμαρτίας

1989 2759 2180 2810 τούτου
2221 2758 2377 2828 χάριν
2406 2761 2471 2830 ἦν
2502 2760 2798 2830 ἠγάπησάς
2855 2777 2936 2812 σοι
2995 2761 3364 2830 προσήνεγκα.
3417 2759 3570 2831 Δῦτη

1989 2851 2046 2903 δέ
2099 2852 2246 2904 ἐστιν
2296 2853 2330 2922 ὴ
2379 2851 2468 2904 διὰ
2524 2851 2813 2921 μετανοίας
2846 2853 2940 2905 καὶ
2989 2853 3216 2920 καρδίας
3245 2869 3573 2924 συντετριμ-

1995 2940 2182 3011 μένης⁸

2077 3033 2420 3102 Ἀγάθυνον,
2452 3038 2647 3104 Κύριε,
2703 3038 2773 3089 ἐν
2809 3035 2883 3104 τῇ
2909 3036 3152 3105 εὐδοκία
3183 3052 3298 3089 σου
3332 3036 3446 3104 τὴν
3473 3041 3539 3091 Σι
3567 3071 3574 3078 ο

1992 3125 2094 3179 ὡν.
2135 3127 2270 3178 Σιὼν
2295 3128 2528 3182 ἐνταῦθα
2551 3130 2647 3198 τὴν
2685 3127 3009 3197 Ἐκκλησίαν
3047 3129 3230 3198 φησίν.
3264 3130 3430 3181 Ὅταν
3465 3130 3576 3199 γὰρ

1991 3217 2289 3288 ηὐδόκησεν
2321 3221 2350 3272 ὁ
2411 3219 2544 3282 Θεὸς
2602 3221 2695 3272 καὶ
2750 3220 2939 3290 Πατὴρ
2990 3220 3468 3288 ἁνακεφαλαιὼσαι
3502 3220 3573 3273 τὰ

1994 3308 2169 3360 πάντα
2206 3311 2262 3360 ὲν
2290 3308 2368 3379 τῷ
2397 3309 2512 3380 Υἱῷ
2547 3309 2733 3372 αὑτοῦ,
2760 3310 2881 3362 τότε
2906 3310 2999 3362 καὶ
3031 3311 3128 3373 τὰς
3165 3311 3373 3378 ἀγαθὰς
3406 3310 3574 3364 αὑτοῦ

1992 3399 2058 3468 τῇ
2102 3398 2402 3470 Ἐκκλησία.
2423 3399 2586 3452 αὑτοῦ
2622 3399 2853 3452 δέδωκεν
2900 3401 3251 3468 ἐπαγγελίας.
3282 3402 3390 3454 Kal
3418 3405 3571 3454 οἱκο-

1993 3488 2302 3558 δομηθήτω
2327 3492 2398 3543 τὰ
2447 3493 2613 3560 τείχη
2653 3492 3058 3560 Ἰερουσαλήμ.
3097 3493 3262 3564 Τείχη
3309 3495 3571 3564 Ἰερουσα-

1993 3581 2104 3650 λὴμ
2135 3583 2260 3644 τοὺς
2313 3582 2500 3650 ἁγίους
2533 3584 2696 3654 φησὶν
2741 3585 3056 3655 ἱερουργοὺς
3095 3586 3220 3647 τοὺς
3271 3586 3572 3656 περιφρὰτοι

1992 3689 2182 3734 τοντας
2208 3674 2307 3743 τὴν
2345 3674 2667 3745 Ἐκκλησίαν
2698 3674 2882 3729 αὑτοῦ.

2069 3765 2206 3817 Τότε
2248 3763 2601 3832 εὐδοκήσεις
2633 3767 2854 3818 θυσίαν
2913 3765 3323 3832 δικαιοσύνης.
3378 3767 3570 3832 Ὅταν,

1993 3857 2176 3927 φησὶν,
2215 3856 2505 3925 ἀγαθυνεῖς
2534 3858 2629 3929 τὴν
2675 3858 2811 3911 Σιὼν
2840 3860 2933 3912 καὶ
2967 3859 3292 3930 οἰκοδομηθῇ
3319 3860 3386 3912 τὰ
3414 3861 3568 3932 τείχη

2005 3947 2377 4020 Ἰερουσαλὴμ,
2405 3949 2524 4002 τότε
2575 3949 2638 4020 δὴ
2668 3950 2786 4002 τότε
2837 3951 2930 4003 καὶ
2989 3951 3438 4022 ἀνενεχθήσονται
3471 3953 3570 4007 θυ-

1993 4038 2127 4100 σίαι,
2162 4040 2259 4108 οὐχ
2288 4041 2344 4092 αἱ
2394 4039 2460 4091 δι’
2490 4040 2757 4108 αἱμάτων,
2792 4040 2910 4093 ἀλλ’
2947 4043 3004 4094 αἱ
3058 4043 3158 4112 τῆς
3201 4042 3567 4108 δικαιοσύνης,

1992 4131 2048 4180 αἱ
2071 4128 2169 4198 τῆς
2187 4129 2444 4192 αἰνέσεως
2466 4129 2725 4199 δηλονότι.
2762 4130 3098 4198 Ἀναφορὰν
3116 4130 3211 4183 καὶ
3236 4131 3571 4185 ὁλοκαυτώ-

1987 4239 2165 4291 ματα,
2198 4223 2290 4277 καὶ
2323 4222 2462 4275 αὐτὰ
2487 4223 2556 4276 τὰ
2595 4223 3058 4298 τῆςδικαιοσύνης
3088 4225 3179 4276 καὶ
3202 4224 3269 4276 τὰ
3296 4224 3395 4294 τῆς
3421 4227 3572 4278 ἀναι-

1995 4310 2204 4380 μάκτου
2235 4311 2424 4374 θυσίας
2463 4312 2629 4382 δηλοῖ.
2668 4315 2802 4366 Τότε
2853 4314 3216 4367 ἀνοίσουσιν
3244 4316 3342 4367 ἐπὶ
3373 4315 3438 4367 τὸ
3465 4320 3571 4370 θυ-

1991 4401 2347 4469 σιαστήριον
2365 4419 2480 4456 σου
2499 4405 2792 4472 μόσχους.
2826 4405 2936 4458 Καὶ
2961 4406 3158 4468 αὐτοὺς
3196 4405 3568 4474 δικαιοσύνης,

1993 4492 2132 4546 ὥστε
2163 4489 2301 4547 εἶναι
2349 4495 2525 4547 πάντα
2579 4496 2958 4567 δικαιοσύνης,
3008 4496 3231 4559 θυσίας,
3290 4497 3572 4570 ἀναφορὰς

1988 4585 2362 4656 δικαιοσύνης,
2421 4587 2845 4658 ὁλοκαυτώματα
2902 4589 3268 4658 δικαιοσύνης,
3330 4589 3570 4659 μόσχους

1987 4677 2350 4748 δικαιοσύνης.

1987 4773 2092 4837 Είς
2123 4772 2188 4824 τὸ
2215 4775 2412 4836 τέλος,
2442 4773 2748 4841 συνέσεως
2781 4775 2858 4840 τῷ
2921 4775 3122 4838 Δαυῒδ,
3159 4775 3229 4827 ἐν
3252 4773 3332 4839 τῷ
3366 4775 3573 4834 ἐλθεῖν

2060 4865 2226 4930 Δωὴκ
2259 4865 2365 4917 τὸν
2408 4865 2740 4934 Ἰδουμαῖον
2769 4868 2863 4919 καὶ
2890 4866 3233 4936 ἀναγγεῖλαι
3266 4864 3344 4930 τῷ
3371 4867 3570 4920 Σαοὺλ

2060 4955 2156 5008 καὶ
2195 4956 2384 5008 εἰπεῖν
2435 4956 2615 5020 αὐτῷ·
2679 4954 2858 5012 Ἦλθε
2901 4957 3081 5010 Δαυῒδ
3123 4960 3210 5022 εἰς
3257 4955 3363 5008 τὸν
3400 4952 3572 5009 οἶκον

2076 5047 2398 5117 Ἀϐιμέλεχ.
2428 5050 2551 5102 ΝΛ⁹.

2639 5140 2651 5157 ⁸
2664 5141 2968 5205 Υπόθεσις.

2006 5227 2192 5280 Ἦνίκα
2217 5228 2383 5297 ἔφυγε
2411 5228 2573 5283 Δαυῗδ
2605 5229 2713 5282 ἀπὸ
2741 5228 3032 5300 προσώπου
3060 5229 3253 5290 Σαοὺλ,
3289 5231 3382 5281 καὶ
3442 5247 3570 5282 κατ-

2065 5317 2202 5388 ήχθη
2262 5319 2476 5386 φεύγων
2525 5316 2672 5373 οἷκον
2744 5319 3052 5390 Ἀϐιμέλεχ,
3115 5320 3223 5371 τῶν
3272 5337 3330 5370 τε
3390 5320 3570 5389 ἄρτων

2064 5409 2170 5461 τῶν
2203 5411 2390 5480 ἱερέων
2425 5413 2708 5479 ἐγεύσατο,
2735 5414 2835 5482 τήν
2866 5429 2923 5464 τε
2955 5413 3223 5483 ῥομφαίαν
3243 5411 3337 5464 τοῦ
3375 5409 3568 5463 Γολιὰθ

2063 5502 2328 5556 δέδεκται’
2391 5505 2641 5558 ἀπελθών
2694 5524 2778 5569 τις
2850 5506 3184 5576 ἀπαγγέλλει
3259 5506 3433 5559 ταῦτα
3493 5505 3570 5574 τῷ

391 5679 505 5760 (20)
545 5680 680 5737 Cod.
709 5680 960 5736 Ambros.
1004 5680 1193 5746 habet,
1244 5679 1307 5732 Ai
1341 5680 1397 5732 ὲν
1432 5683 1580 5751 νόμῳ
1637 5679 1816 5734 θυσίαι
1853 5681 1903 5733 οξ

2007 5683 2200 5738 ὸνανται
2266 5687 2478 5754 ἀφιέναι
2517 5688 2805 5760 ἁμαρτίας.
2857 5687 2987 5755 Qua:
3041 5689 3304 5744 sententia
3343 5686 3569 5742 inferius

321 5751 598 5818 repetitur.
