3872 6216
220 330 323 387 Ξίὸ

291 540 669 609 ἐξεπολέμωσε
694 540 791 609 τὴν
806 541 980 611 ψυχὴν
1005 542 1098 595 τοῦ
1113 542 1304 605 Σαοὺλ,
1320 543 1394 605 ὡς
1411 543 1804 595 ἀποστεῦιαντα

292 632 476 682 πᾶσαν
526 630 623 701 τὴν
676 631 829 685 πόλιν
871 632 979 683 τῶν
1023 631 1214 700 ἱερέων
1259 631 1489 693 ἀνελεῖν,
1530 633 1623 685 καὶ
1671 631 1810 702 μηδὲ·

294 724 527 789 κτήνους
551 720 732 774 αὐτῶν
757 720 1064 789 φείσασθαι.
1123 720 1307 773 Ταῦτα
1355 716 1448 773 οὖν
1496 719 1747 789 ἀκηκοὼς
1779 720 1808 771 ό

294 810 458 863 Δαυῖδ
514 811 585 864 τὰ
636 812 971 883 προκείμενα
1020 812 1190 879 λέγει,
1242 812 1323 875 εἰς
1384 811 1672 881 πρόσωπον
1712 808 1805 862 τοῦ

297 904 475 972 Σύρου
507 904 946 973 ἀποτεινόμενος.
976 906 1129 973 Ἔχει
1153 904 1210 957 δὲ
1243 904 1338 956 καὶ
1393 903 1671 975 ἀναφορὰν
1714 902 1809 954 καὶ

298 995 380 1055 εἰς
424 994 487 1045 τὸ
537 994 631 1046 τοῦ
693 995 959 1047 Ἰουδαίων
1029 995 1160 1047 λαοῦ
1230 994 1670 1065 πρόσωπονκαί
1714 992 1807 1044 τοῦ

313 1086 506 1139 Ἰούδα.
537 1086 787 1157 Περιέχει
820 1088 875 1139 δὲ
925 1087 1018 1139 καὶ
1062 1086 1281 1155 ἀγαθῶν
1313 1085 1642 1153 ἐπαγγελίαν
1702 1084 1810 1136 τῶν

302 1179 600 1247 ἐσομένων,
638 1179 731 1230 καὶ
771 1180 868 1250 τὴν
903 1180 960 1231 ὲν
1010 1178 1089 1247 τῷ
1113 1179 1246 1248 οἴκῳ
1274 1177 1369 1230 τοῦ
1422 1176 1556 1229 0εοῦ
1603 1176 1809 1247 ἵδρυσιν

295 1269 409 1320 τῶν
437 1268 605 1336 ἁγίων
628 1269 814 1333 αὑτοῦ,
851 1270 936 1322 διὰ
974 1270 1067 1323 τοῦ
1109 1269 1309 1337 λέγειν⁹
1353 1269 1493 1337 Ἐγὼ
1549 1267 1617 1320 δὲ
1669 1269 1809 1320 ὡσεὶ

297 1362 475 1414 ἐλαία
517 1362 896 1429 κατάκαρπος
921 1364 993 1415 ἐν
1026 1361 1105 1428 τῷ
1142 1364 1285 1428 οἴκῳ
1337 1363 1446 1417 τοῦ
1501 1362 1669 1416 Θεοῦ.
1722 1362 1812 1414 Διὸ

298 1449 365 1518 δὴ
406 1450 501 1502 καὶ
532 1450 841 1517 συνέσεως
869 1452 960 1504 καὶ
990 1455 1075 1517 εἰς
1100 1452 1165 1504 τὸ
1196 1452 1369 1516 τέλος
1399 1452 1760 1522 ἐπιγράφεται
1784 1452 1812 1501 ό

301 1541 537 1611 ψαλμός.
584 1543 756 1607 Χρεία
798 1543 907 1613 γὰρ
941 1544 1142 1612 πολλῆς
1173 1543 1439 1608 συνέσεως
1466 1545 1547 1607 εἰς
1573 1544 1635 1596 τὸ
1665 1559 1807 1611 γνω-

308 1634 461 1703 ρίσαι
494 1635 592 1704 τῆς
652 1636 963 1704 οἰκονομίας
998 1634 1093 1687 τοῦ
1139 1636 1279 1690 κατὰ
1327 1636 1507 1706 σάρκα
1565 1634 1726 1687 Δαυῒδ
1755 1636 1813 1687 τὸ

308 1725 627 1794 μυστήριον.

314 1814 377 1866 Τί
434 1813 703 1883 ἐγκαυχᾷ
734 1816 804 1868 ἐν
840 1817 1039 1884 κακίᾳ,
1084 1820 1117 1870 ὁ
1174 1817 1467 1881 δυνατός;
1532 1817 1619 1878 Ὡς
1674 1815 1813 1885 πρὸς
1844 1793 1886 1846 Β

231 1909 397 1961 αὐτὸν
434 1908 523 1961 τὸν
556 1908 744 1979 Σύρον,
781 1909 928 1979 ἢτὸν
962 1910 1326 1980 ὲνεργήσαντα
1354 1910 1411 1961 ὲν
1462 1907 1610 1977 αὐτῷ
1637 1907 1815 1961 διάϐο-

232 2003 346 2065 λον,
368 2001 641 2052 ἀποτείνει
669 2002 758 2053 τὸν
791 2001 966 2069 λόγον.

318 2090 479 2143 Ὢσεὶ
560 2091 747 2159 ξυρὸν
816 2093 1192 2161 ἠκονημένον
1253 2092 1544 2159 ἐποίησας
1610 2092 1813 2145 δόλον.

237 2182 415 2234 Τοῦτό
442 2200 595 2250 φησι,
624 2182 711 2235 διὰ
750 2183 810 2235 τὸ
844 2183 1030 2254 ῶσπερ
1066 2182 1297 2254 ξυρῆσαι
1324 2184 1418 2235 καὶ
1454 2182 1682 2252 ἐκκόψαι
1715 2183 1819 2235 πᾶ-

238 2290 337 2325 σαν
361 2273 472 2326 τῶν
506 2274 697 2344 ἱερέων
730 2273 828 2343 τὴν
868 2274 1043 2328 πόλιν.

321 2363 662 2433 Ἡγάπησας
695 2365 912 2416 κακίαν
950 2364 1102 2432 ὑπὲρ
1150 2365 1570 2433 ἀγαθωσύνην.
1618 2362 1817 2415 Ἢδίκει

234 2460 346 2526 γάρ
391 2456 865 2527 καταψευδόμενος
923 2456 1017 2509 τοῦ
1077 2456 1266 2525 ἱερέως
1320 2456 1415 2508 καὶ
1465 2454 1573 2507 τῶν
1615 2453 1819 2506 λοιπῶν

237 2549 496 2602 ἁπάντων
526 2550 619 2601 σὺν
642 2547 810 2618 αὐτῷ,
845 2548 939 2601 καὶ
967 2547 1034 2599 τὰ
1069 2547 1143 2617 μὴ
1167 2546 1478 2617 πραχθέντα
1510 2547 1630 2599 κατ’
1656 2543 1819 2599 αὐτοῦ

236 2641 431 2707 λέγων·
461 2641 522 2693 τὸ
552 2641 660 2710 γὰρ
690 2642 883 2704 εἰπεῖν,
918 2640 993 2703 ὡς
1023 2639 1347 2711 ἐπηρώτησε
1395 2638 1485 2691 τὸν
1508 2637 1639 2690 Θεὸν
1694 2638 1821 2707 περὶ

236 2733 333 2785 τοῦ
366 2732 548 2797 Δαυῖδ,
575 2732 765 2802 ψεῦδος
786 2729 875 2803 ἦν,
898 2733 992 2784 καὶ
1024 2732 1122 2784 οὐκ
1149 2730 1395 2802 ἀλήθεια.

327 2903 674 2971 ’ῙΙγάπησας
728 2902 924 2956 πάντα
997 2901 1235 2970 ῥήματα
1305 2898 1820 2969 ωταποντισμοῦ,

240 2994 536 3065 γλῶσσαν
560 2995 789 3047 δολίαν.
830 2995 1015 3047 Πάντα
1047 2994 1156 3064 γὰρ
1189 2993 1325 3064 πρὸς
1364 2992 1678 3064 ἐπιϐουλὴν,
1730 2993 1823 3045 καὶ

242 3085 437 3154 φθόνον
468 3084 804 3138 καὶθάνατον
832 3083 925 3136 τοῦ
956 3084 1145 3153 ἱερέως
1176 3084 1399 3137 καὶτῶν
1429 3084 1629 3137 λοιπῶν
1652 3085 1824 3137 ἁπάν-

238 3193 353 3229 των
392 3176 497 3227 τῶν
522 3176 616 3227 σὺν
648 3174 795 3245 αὐτῷ
844 3174 1303 3240 τεθανατωμένων
1353 3174 1694 3245 διεπράξατο·
1743 3174 1823 3227 διὸ

234 3266 475 3333 ῥήματα
500 3264 989 3332 καταποντισμοῦ
1019 3265 1069 3316 οἱ
1095 3264 1242 3332 λόγοι
1264 3265 1362 3335 τῆς
1382 3263 1474 3317 τοῦ
1508 3264 1666 3335 Δωὴκ
1694 3264 1824 3333 ψευ-

239 3355 489 3423 δολογίας
544 3354 780 3425 εἴρηται.
855 3354 1089 3424 Ἀθρόως
1139 3353 1248 3424 γὰρ
1275 3355 1453 3407 πᾶσαν
1508 3354 1607 3423 τὴν
1667 3353 1823 3406 πόλιν

241 3448 352 3500 τῶν
386 3445 575 3516 ἱερέων
600 3445 786 3517 ὥσπερ
818 3447 875 3497 ἐν
907 3445 1053 3515 βυθῷ
1106 3445 1460 3498 κατεπόντισε
1492 3449 1603 3508 τοῖς
1631 3445 1822 3499 ἑαυτοῦ

246 3539 478 3610 ῥήμασι.
546 3537 771 3605 Λέγοιτο
820 3537 864 3589 δ’
896 3535 961 3589 ἂν
992 3535 1164 3589 ταῦτα
1194 3535 1417 3600 δικαίως
1458 3537 1551 3589 καὶ
1594 3537 1686 3589 ἐπὶ
1716 3538 1824 3591 τῶν

244 3630 521 3700 ἀρχόντων
551 3629 659 3682 τῶν
699 3628 989 3694 Ἰουδαίων,
1024 3629 1119 3681 καὶ
1152 3629 1315 3682 αὐτοῦ
1337 3629 1394 3681 δὲ
1426 3628 1521 3682 τοῦ
1563 3628 1750 3682 Ἰούδα.

330 3723 596 3775 Ἐκτίλαι
633 3736 707 3774 σε
737 3722 833 3773 καὶ
872 3722 1354 3790 μταναστεύσαι
1396 3735 1470 3773 σε
1515 3720 1633 3773 ἀπὸ
1678 3736 1825 3787 σκη-

245 3813 515 3883 νώματός
551 3828 689 3865 σου.
747 3812 1125 3883 Μετετέθησαν
1170 3811 1279 3881 γὰρ
1308 3811 1407 3881 τῆς
1464 3812 1614 3883 ἱερᾶς
1646 3810 1827 3864 αὐτῶν

249 3907 476 3977 σκηνῆς,
519 3904 803 3973 γεγονότες
825 3905 1156 3975 αἰχμάλωτοι
1185 3904 1271 3957 διὰ
1301 3905 1392 3958 τὸν
1427 3903 1567 3956 κατὰ
1589 3903 1681 3956 τοῦ
1712 3904 1826 3954 Κυ-

253 3997 373 4067 ρίου
400 3996 652 4066 σταυρόν.
683 3993 793 4047 Kal
822 3994 887 4046 τὸ
902 3992 1127 4062 ρίζωμά
1181 4008 1296 4046 σου
1326 3993 1393 4046 ἐκ
1435 3993 1547 4062 γῆς
1580 3990 1823 4052 ζώντων.

248 4089 479 4159 Ὅμοιον
527 4088 621 4152 τὸ,
676 4086 1237 4155 Ἐξαλειφθήτωσαν
1289 4086 1358 4138 ἐκ
1410 4085 1631 4148 βίϐλου
1689 4081 1826 4143 ζών-

246 4195 388 4231 των.

326 4268 453 4340 [Διὰ
491 4269 667 4323 τοῦτο
699 4272 731 4323 ό
758 4268 902 4333 Θεὸς
950 4269 1190 4321 καθέλοι
1240 4283 1313 4320 σε
1362 4267 1448 4332 εἰς
1499 4264 1690 4330 τέλος.
1724 4265 1829 4318 Λέ-

248 4380 402 4431 γοιτο
434 4363 480 4415 δ’
514 4363 579 4415 ἂν
632 4362 803 4415 ταῦτα
857 4362 1080 4423 δικαίως
1128 4360 1222 4412 καὶ
1274 4360 1366 4412 ἐπὶ
1401 4358 1511 4411 τῶν
1554 4358 1832 4429 ἀρχόντων

1339 326 1702 393 EXPOSITIO
1741 337 1810 393 IN
1848 336 2185 393 PSALMUM
2226 335 2310 390 LI.

291 446 483 499 Σαούλ.
522 449 680 517 Δωὴκ
732 448 789 501 δὲ
824 442 977 512 οὗτος
1026 451 1053 502 ὁ
1086 449 1255 521 Σύρος
1306 451 1365 513 ὃς
1411 451 1505 503 καὶ
1548 450 1801 505 τοσοῦτον
1830 456 1878 512 Α

3364 329 3466 383 246

1974 452 2045 506 ita
2094 452 2337 505 animum
2379 450 2561 504 Saulis
2595 454 2967 517 exasperavit,
3024 452 3087 500 ut
3124 444 3491 500 interfecturu-

1978 542 2192 597 miserit
2229 551 2394 597 totam
2435 542 2778 596 sacerdotum
2827 539 3131 603 civitatem,
3182 551 3246 591 ac
3278 551 3344 591 ne
3386 537 3487 606 jn-

1978 644 2177 688 mentls
2225 633 2445 702 quidem
2494 630 2881 701 pepercerit“.
2944 628 3070 683 Hatc
3132 628 3297 697 igitur
3346 642 3471 682 cum

1979 725 2225 779 audisset.
2271 724 2439 777 David
2467 763 2481 788 ,
2519 724 2708 778 isthaec
2748 722 2990 793 loquitur
3025 720 3148 790 Syri
3182 734 3473 789 personam

1981 817 2304 885 spectantia.
2357 814 2687 869 Referuntur
2738 816 2866 869 item
2915 815 3028 868 ιιιεο
3071 813 3138 867 ad
3187 826 3473 882 personam

1979 908 2159 977 populi
2186 906 2521 972 Iudaeorum,
2550 914 2710 976 atque
2732 905 2905 959 Judze.
2929 903 3319 972 Complectitur
3346 902 3474 954 item

1982 1001 2296 1055 futurorum
2326 999 2595 1053 bonorum
2622 996 3067 1068 promissionem,
3102 1003 3158 1049 et
3195 993 3475 1047 assiduam

1982 1102 2298 1147 sanctorum
2352 1090 2446 1146 Dei
2501 1090 2985 1145 commorationem
3037 1088 3090 1141 in
3139 1087 3301 1140 domo
3333 1085 3474 1153 ejus,

1983 1182 2426 1253 quandoquidem
2457 1182 2628 1237 dicit:
2656 1181 2767 1252 Ego
2813 1192 2988 1233 autem
3014 1182 3148 1232 sicut
3187 1176 3324 1230 oliva
3364 1175 3475 1244 fru-

1981 1276 2170 1344 ctifera
2193 1277 2246 1328 in
2271 1275 2426 1327 domo
2452 1273 2568 1327 Dei.
2598 1271 2960 1339 Quamobrem
2992 1280 3045 1324 et
3084 1268 3395 1327 intellectus,
3425 1271 3501 1318 et'

1982 1370 2037 1420 in
2076 1367 2234 1435 ﬁnem
2280 1365 2525 1435 psalmus
2564 1362 2919 1418 inscribitur.
2960 1359 3125 1412 Multa
3163 1357 3305 1412 enim
3339 1369 3477 1423 opus

1983 1456 2363 1526 intelligentia,
2407 1464 2470 1510 ut
2499 1455 2618 1525 ejus
2648 1454 2742 1523 qui
2780 1451 3079 1507 secundum
3121 1461 3340 1503 carnem
3374 1443 3478 1497 Da-

1986 1550 2073 1603 vid
2108 1557 2190 1604 est
2212 1548 2531 1603 oeconomiae
2563 1545 2879 1617 mysterium
2912 1547 3293 1611 cognoscatur.

1988 1832 2040 1885 5.
2072 1831 2210 1895 Quid
2248 1828 2494 1899 gloriaris
2524 1828 2581 1881 in
2600 1824 2807 1880 malitia
2826 1864 2839 1885 ,
2865 1824 2953 1893 qui
2984 1829 3163 1890 potens
3194 1817 3289 1869 es?
3316 1812 3482 1880 Quasi

1917 1923 1985 1977 ad
2018 1924 2199 1992 ipsum
2235 1921 2469 1991 Syrum,
2513 1927 2607 1973 aut
2646 1916 2715 1971 ad
2748 1914 3026 1969 diabolum
3056 1925 3179 1965 eum
3222 1906 3486 1974 instigan-

1916 2025 2045 2080 tem,
2077 2028 2381 2069 sermonem
2414 2012 2674 2066 collimat.

1988 2106 2041 2159 4.
2074 2105 2224 2159 Sicut
2272 2103 2528 2157 novacula
2570 2111 2726 2154 acuta
2760 2098 2930 2167 fecisti
2986 2094 3187 2147 dolum.
3242 2087 3357 2142 Hoc
3386 2089 3482 2147 ait,

1917 2198 2066 2268 quod
2116 2204 2283 2251 totam
2318 2194 2664 2250 sacerdotum
2697 2190 2967 2245 civitatem
3004 2184 3159 2255 quasi
3197 2178 3482 2239 abraserit,

1918 2298 1972 2345 et
1999 2287 2370 2343 internecione
2403 2284 2687 2340 deleverit.

1990 2382 2041 2439 5.
2076 2382 2322 2436 Dilexisti
2359 2378 2623 2432 malitiam
2657 2389 2811 2444 super
2839 2372 3232 2441 benignitatem.
3281 2364 3486 2433 lnjuste

1920 2489 2156 2543 namque
2189 2472 2382 2542 agebat
2409 2484 2532 2523 cum
2568 2466 2905 2523 sacerdotem
2941 2471 2995 2517 et
3023 2460 3262 2528 reliquos
3296 2470 3487 2511 omnes

1920 2580 2029 2621 una
2058 2564 2513 2625 calumniaretur,
2558 2574 2622 2614 ac
2656 2572 2777 2628 quae
2807 2562 2957 2626 gesta
2983 2567 3092 2607 non
3120 2550 3351 2605 fuissent
3393 2546 3509 2600 ad-i

1921 2673 2111 2713 versus
2141 2672 2266 2711 eum
2299 2654 2536 2710 deferret
2561 2670 2574 2705 :
2613 2650 2761 2721 quod
2789 2649 2935 2703 enim
2963 2647 3167 2701 diceret
3195 2657 3316 2697 eum
3344 2639 3511 2709 (Abi-‘

1922 2748 2251 2818 melechum)
2297 2745 2466 2801 Deum
2499 2744 2644 2798 circa
2679 2740 2937 2795 Davidem
2979 2738 3381 2805 interrogasse,
3434 2731 3515 2789 id}

1923 2839 2298 2905 mendacium,
2332 2852 2442 2891 non
2466 2835 2670 2889 veritas
2699 2842 2836 2888 erat.

1992 2931 2046 2986 6.
2070 2930 2321 2984 Dilexisti
2344 2930 2523 2981 omnia
2551 2926 2703 2980 verba
2734 2924 3166 2995 prwcipitatienis
3196 2961 3209 2985 ,
3258 2921 3511 2989 linguam.

1924 3024 2187 3079 dolosam.
2219 3019 2417 3076 Omnia
2451 3021 2596 3075 enim
2619 3019 2728 3090 egit
2758 3017 2824 3071 ad
2860 3015 3088 3071 insidias
3110 3056 3124 3080 ,
3154 3012 3408 3067 invidiam
3441 3019 3496 3063 et

1850 3127 1895 3187 (ζ
1924 3125 2154 3172 mortem
2180 3112 2480 3170 sacerdotis
2510 3111 2955 3181 reliquorumque
2978 3106 3223 3161 omnium
3255 3102 3495 3173 quicum

1927 3224 1993 3264 eo
2024 3207 2152 3263 caesi
2184 3206 2367 3271 fuere;
2409 3218 2581 3274 quare
2633 3201 2789 3256 verba
2824 3200 3259 3271 praecipitationis
3299 3196 3513 3251 dicun-r

1928 3310 2039 3364 tur,
2072 3298 2358 3355 mendacia
2389 3296 2555 3351 Doec.
2594 3294 2899 3349 Confertim
2938 3293 3084 3346 enim
3117 3300 3283 3345 totam
3313 3302 3497 3343 sacer-

1929 3391 2119 3445 dotum
2156 3390 2431 3444 civitatem
2479 3388 2593 3441 suis
2619 3385 2802 3441 verbis
2853 3384 3011 3454 quasi
3062 3383 3116 3437 in
3168 3378 3499 3451 profundum

1928 3478 2477 3553 praecipitavit.,Haac
2513 3487 2694 3532 autem
2734 3477 2859 3547 jure
2905 3489 3123 3545 quoque
3155 3474 3405 3528 dicantur
3433 3473 3500 3525 de

1930 3574 2276 3643 principibus
2309 3569 2621 3625 Iudaeorum
2642 3577 2715 3623 et
2740 3567 2808 3622 de
2832 3568 2949 3637 ipso
2984 3564 3146 3623 Juda.

2004 3741 2056 3794 7.
2095 3738 2299 3792 Evellat
2353 3746 2400 3789 te
2437 3745 2485 3788 et
2516 3732 2804 3801 transferat
2842 3740 2888 3783 te
2918 3729 2981 3782 de
3017 3727 3354 3780 tabernaculo
3389 3734 3499 3780 tuo.

1934 3832 2211 3887 Translati
2263 3829 2463 3899 quippe
2501 3836 2631 3881 sunt
2679 3824 2748 3878 de
2796 3837 2954 3878 sacro
2993 3819 3346 3875 tabernaculo
3369 3834 3501 3879 suo,

1935 3924 2137 3994 captivi
2168 3929 2389 3992 prepter
2410 3916 2617 3972 Christi
2652 3929 2869 3970 crucem
2903 3911 3100 3966 cﬂ‘ecti.
3158 3909 3225 3961 Et
3270 3909 3503 3961 radicem

1935 4029 2080 4071 tuam
2108 4014 2171 4068 de
2202 4023 2343 4066 terra
2376 4011 2678 4065 viventium.
2712 4004 2901 4060 Simile
2925 4002 3057 4057 illud
3089 4001 3415 4056 :Deleantnr
3439 3999 3504 4051 de

1935 4106 2070 4160 libro
2100 4103 2382 4158 viventium
2398 4100 2467 4157 “.

2012 4260 2329 4333 [Propterea
2364 4257 2501 4311 Deus
2522 4255 2757 4308 destruet
2786 4260 2834 4305 te
2862 4252 2917 4304 in
2949 4250 3125 4318 ﬁnem.
3194 4244 3319 4299 Haec
3359 4251 3505 4298 recte

1938 4332 2195 4405 dicantur
2218 4349 2285 4403 de
2305 4345 2644 4417 principibus
2672 4341 2987 4397 Iudaeorum
3021 4347 3075 4393 et
3094 4338 3163 4392 de
3194 4337 3314 4406 ipso
3341 4332 3503 4398 Juda,

265 4426 535 4506 Ἰουδαίων
561 4453 655 4506 καὶ
700 4452 867 4506 αὑτοῦ
894 4451 989 4505 τοῦ
1033 4451 1223 4514 Ἰούδα,
1251 4450 1338 4503 διὰ
1391 4450 1453 4503 τὸ
1483 4426 1823 4519 ἠγαπηκέναι

1955 4442 2070 4512 ιιιία
2093 4455 2213 4510 quae
2230 4440 2499 4492 damnosa
2528 4442 2685 4490 erant
2712 4433 3019 4488 dilexerunt
3048 4443 3222 4498 usque
3250 4429 3307 4481 in
3326 4426 3503 4495 ﬁnem,

250 4544 321 4597 τὰ
350 4543 589 4614 βλαϐερὰ
641 4546 727 4608 εὶς
760 4545 955 4609 τέλος,
1008 4543 1129 4594 ἀντὶ
1184 4540 1301 4606 τοῦ,
1356 4539 1686 4606 παντελῶς.
1732 4541 1835 4593 Διὰ

251 4635 432 4689 τοῦτο
466 4634 710 4687 καθελεῖ
736 4650 830 4699 σε,
886 4634 962 4697 ὡς
1016 4636 1075 4686 οὐ
1110 4633 1289 4697 καλῶς
1334 4632 1778 4703 οἰκοδομηθέντα,
1807 4634 1836 4685 ό

251 4726 535 4795 καθαιρῶν
582 4727 983 4796 ὑπερηφάνους,
1012 4727 1105 4778 καὶ
1160 4726 1235 4787 ὡς
1267 4725 1453 4787 κακῶς
1480 4723 1833 4791 φυτευθέντα,

249 4818 484 4871 ἐκτίλαι
515 4833 608 4880 σε,
640 4819 1038 4886 μεταστῆσαι,
1071 4817 1103 4888 ἢ
1133 4814 1448 4885 ὲκριζώσαι,
1485 4816 1576 4869 καὶ
1604 4814 1712 4867 ἀπὸ
1736 4815 1835 4884 τῆς

253 4910 629 4981 κατοικήσεως
682 4927 796 4975 σου,
829 4911 1105 4964 τουτέστιν
1138 4910 1246 4963 ἀπὸ
1297 4909 1392 4962 τοῦ
1428 4909 1832 4977 συγκατοικεῖν,

254 5003 527 5074 ὲκϐάλοι.]

328 5098 619 5162 Ὄψονται
645 5093 881 5155 δίκαιοι,
924 5092 1022 5146 καὶ
1075 5090 1539 5160 φοϐηθήσονται.
1575 5089 1696 5142 Τῶν
1730 5090 1837 5162 γὰρ

252 5186 470 5239 ἀσεϐῶν
506 5185 935 5255 ἀναιρουμένων,
960 5185 1010 5236 οἱ
1038 5184 1233 5236 δίκαιοι
1261 5182 1543 5254 περίφοϐοι
1577 5182 1836 5249 γίνονται.

254 5278 369 5329 Καὶ
404 5278 467 5329 σὺ
500 5277 618 5345 μὲν,
676 5277 830 5344 φησί,
877 5275 1051 5329 ταῦτα
1103 5276 1413 5347 ὑπομένεις
1438 5276 1486 5325 οἰ
1514 5275 1568 5327 δὲ
1617 5275 1837 5339 δίκαιοι,

253 5369 537 5421 τουτέστιν
586 5369 633 5420 οἱ
666 5368 759 5420 σοῦ
786 5368 928 5430 λαοὶ,
951 5367 1277 5438 θεασάμενοι
1299 5368 1397 5438 τὴν
1422 5368 1520 5438 σὴν
1544 5367 1839 5435 ἀπώλειαν,

254 5462 409 5531 φόϐῳ
436 5460 955 5528 κατασχεθήσονται.
1000 5461 1179 5528 Ὶκανὴ
1211 5460 1317 5529 γὰρ
1347 5461 1379 5529 ἡ
1407 5462 1485 5522 εἰς
1512 5460 1570 5511 σὲ
1603 5462 1841 5531 τιμωρία

256 5552 551 5612 κάκείνους
584 5551 835 5618 φοϐῆσαι·
863 5553 1037 5605 καίτοι
1071 5553 1155 5604 διὰ
1183 5553 1277 5620 τὴν
1309 5554 1383 5613 εἰς
1416 5551 1652 5613 ἐκείνως
1688 5555 1843 5605 £520-

338 5728 384 5757 ⁶⁸
417 5727 435 5780 l
468 5728 600 5795 Reg.
634 5742 770 5791 nn,
818 5726 901 5792 l8,
942 5725 1025 5779 19.
1121 5726 1165 5755 ⁸⁸
1196 5723 1339 5777 Psal.
1374 5738 1562 5789 vam,
1603 5723 1691 5776 29.

1938 4549 2003 4588 ac
2051 4533 2096 4586 si
2125 4532 2290 4595 dicat,
2337 4544 2555 4597 semper.
2616 4525 2906 4594 Propterea
2934 4523 3162 4576 destruet
3198 4528 3265 4583 te,
3320 4526 3509 4586 utpote

1936 4624 2031 4695 qui
2059 4638 2169 4678 non
2199 4630 2347 4677 recte
2375 4620 2678 4674 aediﬁcatus
2710 4616 2902 4682 fueris,
2938 4615 3031 4683 qui
3066 4611 3329 4682 superbos
3356 4624 3509 4664 ever-

1937 4718 2024 4781 tit,
2052 4724 2218 4786 atque
2242 4723 2301 4768 ut
2328 4711 2575 4782 improbe
2616 4720 2797 4765 satum
2832 4706 3013 4762 evellet
3054 4715 3101 4759 te
3127 4713 3175 4758 et
3207 4700 3506 4773 emigrabit,

1939 4807 2053 4863 sive
2088 4804 2417 4869 eradicabit,
2462 4809 2517 4855 et
2556 4816 2587 4855 a
2621 4798 2902 4854 domicilio
2944 4806 3061 4862 tuo,
3109 4796 3163 4849 id
3194 4802 3297 4857 est,
3329 4807 3399 4848 ne
3424 4806 3511 4846 δε-

1941 4918 2064 4957 cum
2096 4900 2328 4965 habites,
2360 4897 2541 4967 ejiciet
2566 4892 2663 4964 te.]

2012 5099 2067 5164 8,
2102 5098 2156 5152 9.
2196 5095 2458 5150 Videbunt
2481 5094 2642 5162 justi,
2675 5100 2724 5144 et
2758 5089 3031 5144 timebunt.
3071 5086 3207 5141 Dum
3231 5085 3513 5141 caeduntur

1942 5191 2087 5246 enim
2116 5188 2303 5258 impii,
2330 5185 2463 5257 justi
2508 5182 2887 5237 reformidant.
2930 5178 2997 5233 Et
3038 5187 3093 5232 tu
3138 5176 3389 5247 quidem,
3427 5174 3515 5228 in-

1942 5283 2083 5353 quit,
2119 5281 2235 5335 bazc
2262 5280 2463 5333 toleras
2490 5296 2501 5329 :
2530 5276 2665 5346 juin
2704 5285 2909 5338 autem,
2954 5271 3059 5325 hoc
3080 5278 3162 5323 est
3202 5265 3385 5336 p0puli
3410 5266 3512 5329 tui,

1943 5381 2233 5441 conspecta
2280 5380 2371 5423 tua
2418 5367 2693 5437 pernicie,
2737 5362 3030 5419 formidine
3075 5357 3510 5426 complebuntur.

1942 5463 2079 5517 Nam
2110 5460 2314 5515 sufﬁcit
2359 5456 2689 5527 supplicium
2732 5455 2798 5508 de
2829 5463 2878 5507 te
2903 5456 3179 5519 sumptum
3218 5457 3275 5502 ut
3303 5446 3378 5500 illi
3413 5460 3512 5500 tax-

1944 5563 2271 5611 terreantur.
2328 5548 2554 5604 Etiamsi
2598 5557 2693 5600 tuo
2735 5561 2858 5615 erga
2894 5544 3016 5597 illos
3051 5540 3316 5594 beneﬂcio
3362 5538 3512 5606 ejus~
