3872 6216
333 290 436 344 247

1182 284 1240 338 5.
1284 282 1656 337 ATHANASII
1698 283 1848 338 OPP.
1892 282 2072 340 PARS
2110 283 2198 340 Ill.
2238 313 2308 325 —
2346 283 2759 341 EXEGETICA.

3491 283 3597 340 243

332 403 480 458 modi
516 416 777 471 passurus
812 417 890 454 es.
924 399 1057 452 Ecce
1087 399 1238 452 homo
1273 401 1362 470 qui
1387 416 1487 452 non
1522 403 1698 469 posuit
1731 399 1898 454 Deum
1927 441 1936 464 Α

2041 402 2191 455 εσίαν
2215 400 2440 454 τοιαῦτα
2464 419 2556 454 σου
2583 402 2814 472 πάσχειν
2847 401 3153 470 μέλλοντος.
3201 398 3346 453 Ἰδοὺ
3372 398 3594 470 ἄνθρω-

333 493 634 561 adjutorem
662 508 836 554 suum,
870 491 960 544 sed
985 491 1204 560 speravit
1234 492 1294 542 in
1325 491 1667 544 multitudine
1698 492 1909 544 divitia-

333 604 452 639 rum
485 599 726 639 suarum.
757 583 943 638 Maluit
968 585 1110 636 enim
1146 584 1390 652 proditor
1412 599 1606 638 aurum
1637 585 1904 653 accipere,

332 694 496 747 quam
549 678 854 746 adjutorem
891 675 1090 729 habere
1131 672 1340 728 Jesum.
1393 675 1461 729 Et
1517 675 1799 745 pra-maluit
1850 677 1907 729 in

333 774 569 824 uanitate
590 785 726 834 sua;
757 769 914 839 quasi
943 768 1089 822 dicat
1119 784 1132 822 :
1175 767 1240 824 Et
1268 784 1470 823 vanum
1503 785 1597 823 cor
1622 784 1781 823 suum
1807 769 1909 822 im-

2012 508 2126 559 πος
2163 495 2231 560 ὃς
2261 496 2372 548 οὐκ
2391 494 2557 548 ἔθετο
2614 494 2721 547 τὸν
2751 491 2906 547 Θεὸν
2927 493 3161 562 βοηθὸν
3201 493 3410 560 αὑτοῦ,
3453 495 3592 548 ἀλλ’

2010 585 2352 654 ἐπήλπισεν
2386 585 2485 638 ἐπὶ
2535 582 2616 648 τῷ
2646 582 2861 649 πλήθει
2913 582 3020 636 τοῦ
3073 583 3338 636 πλούτου
3384 582 3592 636 αὑτοῦ.

2025 675 2305 746 Ἥγάπησε
2337 675 2445 746 γὰρ
2468 674 2689 747 χρυσίον
2725 674 2923 745 μᾶλλον
2960 676 2988 727 6
3022 673 3289 744 προδότης
3322 673 3529 737 λαϐεῖν,
3558 673 3592 744 ἢ

2013 769 2206 840 βοηθὸν
2236 769 2378 840 ἔχειν
2407 770 2498 823 τὸν
2539 765 2770 839 Ἰησοῦν.
2796 765 2906 821 Καὶ
2937 765 3355 833 ἐνεδυναμώθη
3391 765 3489 818 ἐπὶ
3520 765 3594 834 τῇ

334 862 482 932 plere
525 861 732 930 potuit,
793 874 969 928 neque
997 860 1319 928 poenitentia
1354 860 1550 916 ductus
1591 860 1754 914 linem
1783 859 1912 915 fecit

2041 861 2352 928 ιαταιότητι
2393 860 2600 914 αὐτοῦ.
2649 858 2795 911 Ἀντὶ
2833 857 2949 910 τοῦθ
3001 858 3110 910 Καὶ
3142 857 3392 926 ἐνίσχυσε
3455 857 3596 924 πλη·-

335 953 648 1023 impietatis.

407 1125 536 1198 [Sed
573 1127 802 1195 speravit
839 1126 896 1178 in
943 1121 1283 1177 multitudine
1316 1124 1628 1177 divitiarum
1664 1141 1907 1180 suarum.

334 1218 566 1273 Pulchre
590 1218 808 1272 divitias
824 1225 877 1271 et
894 1225 1242 1286 potestatem,
1270 1216 1565 1271 vanitatem
1584 1217 1815 1282 vocavit,
1832 1232 1912 1272 se-

334 1313 571 1367 cundum
621 1326 807 1365 veram
851 1310 926 1363 rei
971 1317 1270 1364 naturam:
1311 1325 1488 1379 neque
1534 1310 1680 1364 enim
1733 1308 1910 1364 Doeco

334 1402 690 1473 profuerunt,
734 1416 908 1470 neque
938 1400 1212 1470 Assyriis,
1263 1400 1484 1469 quando
1521 1400 1684 1455 unius
1726 1400 1905 1468 angeli

336 1495 567 1548 adventu
599 1491 906 1561 interempti
933 1499 1084 1557 sunt,
1120 1505 1183 1545 ac
1210 1491 1466 1561 insepulti
1491 1491 1840 1564 jacuerunt.],

416 1673 504 1728 10.
538 1672 650 1742 Ego
681 1681 857 1725 autem
883 1674 1020 1725 sicut
1052 1669 1190 1723 oliva
1225 1669 1527 1738 fructifera.
1555 1668 1740 1724 Floret
1762 1684 1910 1723 nam-

2014 953 2184 1022 ρῶσαι
2217 951 2314 1022 τὴν
2352 951 2581 1022 ματαίαν
2607 949 2772 1002 αὐτοῦ
2813 948 3061 1020 καρδίαν,
3092 949 3150 1001 οὐ
3197 945 3596 1018 μεταμεληθεὶς

2010 1041 2110 1112 τῆς
2131 1042 2385 1104 ἀσεϐείας
2421 1039 2720 1093 ἐπαύσατο.

2083 1132 2281 1205 [Ἀλλ’
2312 1131 2654 1197 ἐπήλπισεν
2686 1129 2784 1182 ἐπὶ
2817 1127 2898 1195 τῷ
2927 1129 3143 1197 πλήθει
3179 1129 3282 1182 τοῦ
3328 1128 3594 1181 πλούτου

2012 1226 2220 1281 αὑτοῦ.
2253 1224 2450 1286 Καλῶς
2491 1225 2548 1277 δὲ
2603 1223 2695 1276 τὸν
2723 1222 2952 1274 πλοῦτον
3008 1222 3102 1275 καὶ
3127 1221 3227 1292 τὴν
3274 1219 3595 1274 δυναστείαν

2016 1315 2350 1386 ματαιότητα
2383 1313 2639 1367 ἐκάλεσεν
2688 1313 2795 1366 ἀπὸ
2824 1309 2918 1364 τοῦ
2970 1311 3314 1381 πράγματος·
3338 1307 3460 1360 οὔτε
3488 1308 3598 1379 γὰρ

2010 1406 2101 1460 τὸν
2147 1405 2306 1476 Δωὴκ
2363 1402 2611 1473 ὤνησαν,
2668 1402 2793 1456 οὔτε
2856 1401 3205 1472 Ἀσσυρίους,
3261 1400 3419 1452 ὁπότε
3480 1399 3596 1462 ἑνὸς

2013 1497 2244 1566 ἀγγέλου
2297 1496 2570 1567 παρουσία
2621 1495 2818 1558 αὐτοὺς
2875 1493 3196 1556 ἀπέκτεινε,
3249 1491 3344 1544 καὶ
3400 1492 3597 1560 ἄταφοι

2012 1588 2266 1660 ἔκειντο.]

2097 1679 2244 1748 Ἐγὼ
2268 1678 2336 1731 δὲ
2364 1677 2510 1732 ὡσεὶ
2536 1678 2713 1731 ἐλαία
2739 1676 3141 1743 κατάκαρπος.
3189 1673 3472 1744 Ἀειθαλὴς
3490 1673 3599 1744 γὰρ

336 1783 445 1837 que
474 1782 688 1836 semper
725 1780 914 1820 eorum
946 1763 1119 1832 gloria
1143 1762 1236 1833 qui
1265 1761 1494 1816 credunt
1521 1761 1574 1815 in
1603 1761 1907 1816 Christum.

2041 1771 2120 1822 ῶν
2169 1739 2528 1824 πιστευόντων
2552 1770 2630 1832 είς
2657 1769 2890 1840 Χριστὸν
2923 1739 3126 1838 ἤδάξά.
3164 1764 3254 1837 [Ὀ
3283 1765 3350 1818 δὲ
3371 1739 3600 1834 κάρέτάξ

340 1859 595 1933 [Fructus
655 1870 831 1912 autem
879 1855 1112 1927 Spiritus
1162 1865 1260 1920 est,
1316 1857 1572 1922 cliaritus,
1621 1856 1908 1926 gaudium,

2041 1862 2117 1916 ὀὗ
2149 1864 2494 1931 Πνεύματός
2539 1862 2710 1914 ἐστιν
2758 1859 2988 1930 ἀγάπη,
3033 1859 3206 1929 χαρὰ,
3243 1857 3477 1926 εἰρήνη,
3507 1856 3602 1910 καὶ

335 1969 444 2024 pax
467 1953 531 2019 ⁸⁷,
562 1961 666 2006 etc.
705 1950 859 2006 Hunc
887 1950 1069 2019 itaque
1101 1949 1338 2004 fructum
1368 1964 1490 2003 cum
1519 1949 1570 2003 in
1597 1949 1776 2019 seipso
1812 1949 1912 2003 ha-

2041 1953 2078 2008 ἀ
2107 1954 2254 2025 ἑξῆς.
2287 1953 2486 2007 Τοῦτον
2509 1953 2690 2018 τοίνυν
2716 1951 2806 2005 τὸν
2841 1950 3050 2022 καρπὸν
3078 1950 3217 2020 ἔχων
3264 1951 3322 2002 ἐν
3361 1948 3541 2018 ἐαυτῷ
3570 1951 3601 2002 6

336 2046 487 2098 heret
510 2053 730 2098 sanctus
752 2042 840 2096 ille
867 2042 974 2108 vir,
1007 2041 1218 2096 aiebat:
1253 2040 1366 2111 Ego
1397 2051 1570 2095 autem
1605 2043 1740 2095 sicut
1774 2042 1914 2096 oliva

2041 2061 2168 2112 ιγιος
2209 2044 2415 2111 ἔλεγεν·
2475 2042 2623 2112 Ἐγὼ
2668 2042 2737 2096 δὲ
2780 2041 2923 2095 ὡσεὶ
2975 2041 3148 2094 ἐλαία
3199 2039 3599 2107 κατάκαρποςο

339 2135 657 2205 fructifera;
723 2133 879 2188 oiivae
929 2143 1109 2188 autem
1163 2132 1459 2188 fructiferae
1501 2150 1563 2188 se
1609 2142 1912 2203 comparat,

337 2227 466 2296 quia
505 2240 630 2279 cum
677 2224 1060 2279 misericordia
1101 2224 1156 2277 in
1201 2225 1318 2294 ipso
1348 2225 1615 2279 consistat
1653 2234 1706 2279 et
1737 2223 1915 2279 domi-

337 2328 517 2383 netur,
550 2333 614 2370 ex
641 2317 996 2385 consequenti
1029 2316 1303 2369 licerebant
1334 2325 1387 2371 et
1417 2315 1636 2385 reliqua:
1660 2315 1911 2372 virtutes.

2015 2136 2170 2206 ἐλαίᾳ
2198 2135 2255 2188 δὲ
2298 2134 2640 2204 κατακάρπῳ
2666 2135 2844 2204 ὁμοιοί
2893 2133 3104 2197 ἐαυτὸν,
3139 2131 3346 2201 ἐπειδὴ,
3377 2131 3602 2200 ἐλεημο-

2015 2228 2180 2298 σύνης
2209 2225 2610 2298 ἐπικρατούσης
2651 2227 2706 2277 ἐν
2733 2223 2902 2294 αὐτῷ,
2945 2222 3252 2287 ἀκολούθως
3303 2222 3519 2274 εἵποντο
3544 2220 3604 2275 αἱ

2013 2319 2196 2373 λοιπαὶ
2250 2317 2461 2388 ἀρεταί.
2514 2316 2670 2369 Οὖτω
2712 2316 2806 2370 καὶ
2861 2316 2956 2368 τὸν
3019 2313 3141 2367 Ἰὼὸ
3207 2313 3449 2385 ἀνδρεῖον
3482 2312 3602 2382 μὲν,

336 2407 540 2463 Eodem
586 2423 813 2478 prorsus
852 2408 1015 2462 modo
1057 2417 1111 2463 et
1155 2407 1352 2462 .Iobum
1376 2407 1620 2470 virilem,
1658 2415 1712 2461 et
1754 2405 1914 2461 Jose-

2041 2411 2110 2464 :a't
2167 2409 2258 2462 τὸν
2300 2408 2498 2478 Ἰωσὴφ
2569 2406 2844 2477 σώφρονα,
2891 2406 2985 2458 καὶ
3046 2406 3174 2468 τοὺς
3233 2403 3452 2466 λοιποὺς
3497 2403 3605 2456 ἀπὸ

336 2496 505 2566 phum
541 2504 928 2565 temperantem
951 2536 965 2561 ,
1009 2506 1345 2566 caaterosque
1369 2541 1383 2563 ,
1415 2513 1478 2552 es
1505 2497 1706 2551 virtute
1736 2497 1790 2550 in
1831 2497 1916 2566 ip-

338 2589 416 2644 sis
455 2589 733 2642 obtinente
774 2604 837 2642 ac
878 2589 1194 2643 dominante
1236 2587 1736 2659 nuncupaverunt.]
1795 2587 1922 2658 Spe-

339 2682 454 2734 ravi
483 2683 537 2733 in
562 2681 930 2734 misericordia
963 2679 1060 2733 Dei
1084 2681 1139 2733 in
1167 2692 1435 2733 teter-num.
1479 2679 1913 2734 Misericordiam

340 2769 436 2824 Dei
478 2771 677 2824 divinae
721 2768 1020 2839 Scriptura:
1051 2768 1345 2822 Dominum
1384 2779 1621 2833 vocant,
1664 2769 1794 2836 quia
1822 2784 1918 2837 per

339 2880 466 2919 eum
509 2863 664 2917 nobis
691 2862 1065 2916 misericordia
1092 2876 1352 2915 concessa
1385 2869 1488 2916 est.
1531 2859 1727 2914 Omnia
1769 2861 1918 2914 enim

341 2955 399 3009 in
432 2956 613 3024 seipso
645 2954 970 3008 instauravit
999 2961 1053 3007 et
1087 2953 1380 3022 reparavit.

417 3047 502 3102 ll.
536 3044 605 3100 Et
641 3043 952 3114 exspectabo
992 3059 1176 3096 nomen
1225 3053 1405 3110 tuum,
1435 3044 1684 3112 quoniam
1725 3043 1916 3095 bonum

339 3147 418 3194 est
446 3138 500 3189 in
524 3148 799 3205 conspectu
826 3142 1128 3187 sanctorum
1169 3142 1404 3189 tuorum.
1462 3133 1519 3187 In
1549 3133 1770 3186 nomine
1799 3141 1921 3195 tuo,

341 3226 556 3296 inquit,
593 3225 849 3282 ﬁduciam
889 3223 1100 3277 habebo
1124 3263 1138 3288 ,
1193 3237 1355 3293 atque
1380 3238 1500 3277 eam
1539 3223 1593 3276 in
1620 3231 1918 3292 conspectu

341 3317 590 3373 omnium
626 3323 940 3370 sanctorum
967 3324 1185 3369 tuorum
1217 3315 1577 3369 annuntiabo.
1621 3313 1738 3369 Erit
1773 3314 1919 3370 enim

343 3409 478 3464 mihi
510 3408 643 3461 illud
667 3406 973 3477 jucundum
1005 3415 1171 3476 atque
1204 3406 1430 3460 bonum.

382 3501 437 3557 1.
475 3499 542 3555 In
568 3502 726 3572 ﬁnem
766 3517 861 3570 pro
902 3498 1129 3553 Mueletlt
1159 3500 1452 3554 intellectus
1505 3497 1716 3553 Doridi.
1750 3498 1882 3552 LII.

930 3591 1336 3660 Argumentum.

344 3683 504 3738 Hunc
530 3685 679 3739 canit
703 3684 1045 3752 psa.mumin
1077 3685 1307 3752 gratiam
1339 3683 1715 3752 apostolorum
1743 3683 1924 3747 chori,

416 3773 510 3843 qui
536 3781 589 3827 et
623 3773 972 3828 crediderant
1005 3775 1058 3827 in
1087 3774 1363 3828 Christum
1399 3792 1417 3827 :
1443 3774 1537 3843 qui
1573 3773 1926 3828 exsultabant

415 3876 472 3922 et
522 3866 867 3921 laetabantur.
921 3866 1154 3921 Maeleth
1194 3882 1324 3922 vero
1375 3857 1680 3937 explicatur
1729 3867 1920 3920 chorus

417 3956 532 4011 sive
578 3957 786 4010 chorea.
846 3954 1172 4011 Necessario
1222 3967 1402 4011 autem
1448 3972 1510 4011 ea
1569 3972 1690 4027 quae
1718 3955 1923 4011 Christi

417 4046 854 4102 incarnationem
887 4053 1285 4116 praecesserunt
1315 4046 1604 4110 enuntiat,
1647 4055 1707 4102 ut
1739 4047 1924 4101 decla-

419 4147 506 4194 ret
531 4153 651 4208 qute
679 4137 751 4191 sit
778 4136 1043 4191 adventus
1078 4136 1199 4205 ejus
1226 4135 1454 4190 utilitas.
1501 4134 1795 4191 Sciendum
1827 4153 1927 4190 au-

415 4240 526 4286 tem
549 4238 651 4293 est,
673 4237 845 4283 totum
863 4227 1140 4282 decimum
1157 4227 1372 4282 tertium
1390 4227 1659 4296 psalmum
1677 4227 1926 4282 eamdem

416 4325 745 4382 sententiam
802 4320 1042 4386 habere,
1098 4319 1403 4388 iisdemque
1446 4318 1618 4374 ferme
1667 4319 1928 4374 omnibus

418 4413 597 4470 verbis
623 4419 899 4474 constare,
951 4410 1026 4464 ita
1067 4420 1128 4464 ut
1175 4409 1212 4462 ii
1258 4408 1352 4478 qui
1408 4408 1917 4478 interpretationem
1954 4429 1998 4484 ο

418 4505 585 4574 hujus
617 4502 962 4572 perquirunt,
1002 4515 1069 4554 ex
1093 4500 1187 4554 illo
1217 4514 1337 4554 eam
1359 4507 1544 4569 aperte
1579 4507 1917 4555 mutuentur.

415 4597 473 4651 2.
507 4595 654 4649 Dixit
687 4594 940 4662 insipiens
969 4593 1026 4645 in
1065 4591 1220 4646 corde
1258 4607 1355 4646 suo
1383 4607 1402 4645 :
1437 4589 1562 4644 Non
1596 4599 1673 4645 est
1712 4590 1918 4646 Deus...

347 4692 491 4748 Deus
526 4687 590 4741 de
622 4687 750 4740 caelo
776 4686 1043 4754 prospexit
1087 4701 1242 4754 super
1285 4684 1425 4754 ﬁlios
1464 4684 1755 4738 hominum.
1785 4681 1926 4748 Quia

346 4781 521 4836 Deum
552 4795 661 4833 non
692 4780 1098 4848 cogitaverunt,
1117 4778 1358 4832 humana
1390 4777 1812 4846 inspectantem,
1833 4774 1923 4844 ju-

348 4874 622 4928 dicantem
661 4870 868 4940 judicio
916 4869 1089 4939 justo,
1130 4885 1195 4925 ac
1244 4869 1515 4924 nefarium
1574 4882 1712 4937 opus
1745 4865 1923 4935 quod-

349 4979 568 5034 cunque
601 4969 938 5016 coercentem
975 4981 988 5015 :
1025 4962 1147 5015 ideo
1174 4961 1317 5016 Deus
1343 4960 1412 5014 dc
1444 4959 1584 5014 coelo
1617 4957 1921 5029 prospexit.

352 5057 409 5114 Id
430 5057 576 5112 enim
610 5061 794 5124 aperte
826 5051 1039 5107 Domini
1059 5052 1129 5108 ad
1155 5053 1406 5108 homines
1439 5052 1732 5106 transitum
1754 5048 1925 5119 signi-

353 5150 498 5203 licet.

420 5241 475 5295 4.
525 5238 715 5295 Omnes
736 5237 1150 5303 declinaverunt,
1170 5237 1329 5290 simul
1363 5236 1578 5290 inutiles
1615 5236 1746 5305 facti
1776 5240 1922 5300 sunt,

351 5349 455 5387 non
483 5342 556 5386 est
579 5333 668 5402 qui
704 5331 871 5400 faciat
903 5330 1117 5394 bonum,
1165 5345 1266 5382 non
1301 5340 1378 5384 est
1424 5345 1587 5400 usque
1626 5327 1696 5382 ad
1735 5343 1922 5382 unum.

347 5423 467 5479 Non
489 5425 831 5494 hyperbolice
859 5423 1002 5478 dicta
1039 5431 1165 5476 sunt
1207 5421 1399 5478 isthaac
1433 5440 1448 5488 ;
1478 5422 1614 5476 nihil
1644 5420 1791 5476 enim
1820 5420 1926 5490 hy-

348 5517 646 5590 perbolice,
699 5519 796 5573 sed
825 5531 953 5572 cum
981 5515 1238 5574 lveritate
1283 5514 1471 5572 omnia
1525 5515 1581 5571 in
1635 5511 1926 5584 Scriptura

420 5695 466 5731 ’τ
490 5696 665 5754 Galat.
689 5713 739 5764 ν,
774 5697 863 5753 22.

2013 2499 2114 2569 τῆς
2183 2496 2588 2568 ἐπικρατούσης
2649 2496 2848 2567 ἀρετῆς
2917 2493 3273 2563 ὀνομάζοντες
3332 2490 3604 2564 αὑτούς.]

2019 2592 2281 2644 Ἦλπισα
2323 2589 2419 2642 ἐπὶ
2480 2585 2767 2654 τό”ἕλεος
2799 2587 2904 2641 τοῦ
2938 2586 3088 2640 Θεοῦ
3139 2589 3226 2652 εὶς
3250 2585 3356 2638 τὸν
3392 2583 3603 2638 αἰῶνα.

2019 2683 2207 2744 Ἔλεος
2257 2681 2350 2734 τοῦ
2393 2681 2529 2734 Θεοῦ
2588 2682 2646 2735 αἱ
2697 2680 2838 2733 θεῖαι
2895 2680 3112 2751 Γραφαὶ
3141 2678 3468 2748 ὀνομάζουσι
3513 2676 3603 2729 τὸν

2016 2772 2243 2844 Κύριον,
2270 2772 2356 2825 διὰ
2383 2773 2443 2825 τὸ
2495 2772 2746 2840 γενέσθαι
2801 2775 2932 2842 ἡμῖν
2988 2772 3054 2824 δι’
3087 2770 3251 2824 αὐτοῦ
3301 2770 3468 2832 ἐλεοςο
3509 2769 3602 2821 ἀν-

2022 2865 2468 2934 εκεφαλαιώσατο
2523 2866 2631 2937 γὰρ
2675 2867 2732 2919 ἐν
2783 2863 2959 2935 ἐαυτῷ
3011 2863 3082 2917 τὰ
3113 2863 3314 2928 πάντα,
3356 2861 3453 2914 καὶ
3507 2860 3602 2914 ἀν-

2018 2959 2410 3030 εστοιχείωσεν.

2089 3051 2198 3104 Καὶ
2222 3047 2498 3118 ὑπομενῶ
2519 3048 2585 3102 τὸ
2615 3047 2803 3118 ὄνομά
2842 3065 2978 3112 σου,
3005 3047 3095 3101 ὅτι
3136 3045 3404 3116 χρηστὸν
3430 3044 3581 3097 ὲναν

2018 3143 2150 3195 τίον
2191 3142 2311 3195 τῶν
2350 3142 2537 3194 ὁσίων
2570 3156 2710 3195 σου.
2751 3141 2838 3193 Ἐν
2886 3140 2965 3210 τῷ
3013 3138 3236 3208 ὀνόματί
3292 3154 3408 3199 σου,
3444 3135 3603 3205 φησὶ,

2022 3234 2206 3305 σχοίην
2230 3233 2574 3303 πεποίθησιν,
2617 3233 2710 3286 καὶ
2735 3232 2937 3302 ταύτην
2959 3231 3200 3285 ἐναντίον
3249 3229 3466 3282 πάντων
3488 3226 3603 3280 τῶν

2021 3325 2129 3379 σῶν
2183 3325 2352 3392 ἁγίων
2412 3323 2710 3393 ἐξαγγελῶ.
2762 3324 2956 3376 Ἔσται
2985 3323 3094 3392 γάρ
3123 3339 3213 3393 μοι
3265 3320 3325 3372 τὸ
3373 3319 3604 3388 πρᾶγμα

2021 3418 2257 3489 χρηστόν
2288 3435 2345 3471 τε
2375 3419 2469 3471 καὶ
2497 3417 2721 3486 ἀγαθόν.

2024 3513 2126 3574 Εἰς
2152 3508 2323 3574 τέλος
2368 3508 2521 3577 ὑπὲρ
2556 3508 2792 3563 Μαελὲθ
2813 3507 3123 3572 συνέσεως
3157 3504 3238 3572 τῷ
3252 3504 3604 3558 Δαυΐδ.ΝΒ¹.

2638 3601 2652 3619 '
2666 3601 2974 3662 Υπόθεσις.

2028 3692 2173 3764 νᾼδει
2205 3691 2295 3745 τὸν
2318 3692 2561 3762 παρόντα
2585 3692 2724 3762 ὑπὲρ
2747 3690 2839 3744 τοῦ
2863 3695 3022 3763 χοροῦ
3043 3690 3154 3744 τῶν
3181 3688 3492 3742 ἀποστόλων
3513 3687 3604 3740 και

2094 3783 2501 3835 πιστευσάντων
2535 3784 2613 3844 εἰς
2636 3780 2890 3851 Χριστόν·
2919 3780 2968 3833 οῗ
3009 3781 3103 3833 καὶ
3129 3778 3464 3850 ὴγαλλιῶντο
3513 3777 3606 3831 καὶ

2099 3873 2480 3944 ηὐφραίνοντο.
2507 3873 2721 3926 Μαελέθ
2747 3872 2802 3925 δὲ
2851 3873 3212 3943 ἑρμηνεύεται
3263 3870 3466 3940 χορὸς,
3487 3871 3606 3941 ἦτον

2097 3966 2320 4034 χορεία.
2361 3965 2697 4033 Ἀναγκαίως
2741 3964 2798 4017 δέ
2825 3963 2892 4016 τὰ
2922 3964 3029 4036 πρὸ
3050 3964 3149 4035 τῆς
3182 3963 3485 4035 παρουσίας
3509 3961 3607 4015 τοῦ

2097 4055 2302 4128 Κυρίου
2329 4055 2498 4124 λέγει,
2527 4056 2615 4109 ἶνα
2638 4055 2784 4126 δείξῃ
2815 4056 2913 4127 ὅση
2958 4056 3057 4126 τῆς
3115 4056 3419 4125 παρουσίας
3465 4053 3594 4123 ὠφέη

2096 4149 2237 4204 λεια.
2256 4147 2450 4201 ’ἰστέον
2475 4147 2551 4210 δὲ,
2578 4147 2653 4210 ὡς
2683 4147 2777 4200 καὶ
2811 4147 2909 4218 τὴν
2944 4146 3112 4218 αὐτὴν
3139 4147 3376 4200 διάνοιαν
3427 4149 3607 4200 πᾶσαν

2098 4243 2127 4293 6
2154 4239 2595 4312 τρισκαιδέκατος
2616 4237 2829 4309 ψαλμδς
2858 4239 3122 4310 περιέχει,
3152 4239 3248 4292 καὶ
3301 4237 3401 4301 τὰς
3439 4237 3606 4302 αὐτὰς

2101 4328 2274 4394 λέξεις
2301 4327 2485 4397 σχεδὸν
2539 4326 2776 4388 ἁπάσας
2812 4324 2952 4378 ὥστε
3005 4323 3064 4389 ἐξ
3112 4324 3320 4378 ἐκείνου
3375 4323 3608 4394 φανερὸν

2096 4419 2344 4490 γενέσθαι
2383 4421 2494 4482 τοῖς
2539 4415 2854 4488 ἐπιζητοῦσι
2886 4415 2984 4488 τὴν
3009 4413 3321 4487 ἑρμηνείαν.

2095 4586 2281 4644 Εἶπεν
2308 4588 2509 4658 ἄφρων
2538 4587 2608 4640 ἐν
2634 4586 2844 4656 καρδίᾳ
2856 4585 3062 4640 αὐτοῦ·
3085 4587 3206 4638 Οὐκ
3234 4583 3366 4638 ἐστι
3392 4584 3606 4649 Θεός...

2037 4681 2090 4732 Ὀ
2121 4680 2262 4745 Θεὸς
2293 4679 2362 4732 ἐκ
2398 4678 2502 4731 τοῦ
2530 4677 2788 4744 οὐρανοῦ
2818 4676 3105 4743 saxeus,»
3134 4675 3232 4727 ἐπὶ
3264 4673 3406 4739 τσὺς
3437 4673 3605 4740 υἱοὺς

2024 4771 2145 4825 τῶν
2191 4769 2534 4838 ἀνθρώπων.
2554 4769 2790 4839 Ἐπειδὴ,
2821 4767 2895 4838 μὴ
2943 4767 3286 4836 λογισάμενοι
3336 4766 3427 4818 τὸν
3475 4765 3605 4818 Θεὸν

2026 4861 2310 4935 ἐφορῶντα
2331 4861 2401 4913 τά
2428 4859 2765 4932 ἀνθρώπινα,
2801 4858 3056 4930 κρίνοντα
3083 4859 3260 4929 κρίσει
3283 4857 3490 4928 δικαίᾳ,
3513 4857 3604 4911 καὶ

2027 4956 2206 5008 πᾶσαν
2233 4952 2654 5023 ἀθεμιτουργίαν
2685 4951 2958 5023 εἷργοντα,
2988 4949 3178 5002 τούτου
3207 4949 3365 5020 χάριν
3400 4951 3430 5002 6
3477 4949 3603 5012 Θεὸς

2026 5049 2090 5100 ἐκ
2138 5044 2232 5098 τοῦ
2291 5043 2520 5114 ούρανοῦ
2567 5042 2807 5110 διέκυψε.
2837 5041 3007 5094 Τοῦτο
3035 5041 3141 5114 γὰρ
3175 5039 3362 5109 σαφῶς
3390 5039 3489 5110 τὴν
3527 5040 3603 5102 εἰς

2026 5137 2348 5210 ἀνθρώπους
2371 5136 2464 5189 τοῦ
2492 5136 2700 5208 Κυρίου
2733 5134 2967 5205 πάροδον
2997 5133 3272 5206 σημαίνει.

2096 5229 2325 5295 Πάντες
2343 5227 2684 5293 ἐξέκλιναν,
2714 5227 2834 5297 ἅμα
2853 5225 3287 5296 ὴχρειώθησιιν,
3328 5225 3442 5277 οὐκ
3473 5223 3602 5276 ἔστι

2027 5320 2213 5375 ποιῶν
2237 5320 2482 5390 ἀγαθὸν,
2507 5321 2617 5373 οὐκ
2647 5319 2820 5373 ἐστιν
2844 5319 2954 5384 ἕως
2976 5319 3134 5382 ἑνός.
3163 5317 3275 5386 Οὐχ
3315 5313 3602 5386 ὑπερϐολι-

2027 5411 2138 5475 κῶς
2184 5410 2360 5464 ταῦτα
2405 5411 2649 5481 εἴρηται·
2700 5409 2852 5462 οὐδὲν
2899 5408 3008 5479 γὰρ
3059 5404 3448 5477 ὑπερϐολικῶς,
3488 5405 3602 5474 μετ’

2026 5503 2283 5575 ἀληθείας
2310 5502 2366 5556 δὲ
2397 5502 2572 5556 πάντα
2605 5502 2758 5574 παρὰ
2789 5506 2854 5574 τῇ
2903 5502 3096 5575 Γραφῇ
3130 5501 3366 5572 εἴρηται.
3398 5498 3603 5560 Πάντες
