3872 6216
158 299 264 354 ω

1248 301 1608 358 EXPOSITIO
1643 301 1711 356 ΓΝ
1750 300 2086 360 PSALMUM
2126 306 2262 362 LIV.

3309 303 3414 359 250

158 412 336 466 τοίνυν
376 411 620 464 Ἰουδαῖοι
665 411 943 479 ἐξέκλιναν
987 411 1086 484 τὴν
1128 411 1246 466 ὁδὸν
1293 413 1392 484 τὴν
1438 413 1700 483 λέγουσαν
1725 433 1738 444 ·

1895 428 2123 477 .cuntur.
2162 421 2362 475 Omnes
2392 420 2577 488 itaque
2602 417 2775 474 Judaei
2816 417 3225 476 declinaverunt
3263 437 3295 475 a
3327 423 3414 474 via

170 501 312 572 Ἐγώ
335 505 454 570 εἶμι
489 503 528 568 ἡ
563 501 891 567 ὁδός.¹Ὀθεν
920 500 1016 554 καὶ
1061 502 1267 572 ἀχρεῖοι
1309 501 1582 570 γεγόνασι,
1615 503 1746 556 ταύ-

157 610 256 662 την
287 593 625 664 παραλαϐεῖν
651 593 709 646 οὑ
739 591 1112 664 βουληθέντες,
1140 593 1352 657 οὐδενὸς
1381 593 1659 657 ποιοῦντος
1682 593 1744 646 τὸ

159 684 384 753 ἀγαθόν.
407 686 492 738 Ἐν
521 685 715 756 ἀγνοίᾳ
739 685 848 755 γὰρ
881 683 1044 738 αὐτοῦ
1081 684 1278 748 πάντες
1306 684 1598 755 ἐτύγχανον
1640 685 1744 738 ὑπὸ

160 775 252 828 τοῦ
283 774 512 845 νομικοῦ
548 774 947 846 πεπωρωμένοι
985 774 1333 844 γράμματος.

161 869 266 932 Εἰς
292 867 468 933 τέλος
495 869 565 920 ἐν
595 868 803 935 ὕμνοις
839 865 1146 931 συνέσεως
1189 864 1268 930 τῷ
1315 865 1512 918 Δαυΐδ.
1533 866 1628 918 Ἐν
1664 863 1746 931 τῷ

232 961 436 1015 ἐλθεῖν
453 960 594 1025 τοὺς
625 961 906 1028 Ζιφαίους
926 960 1023 1012 καὶ
1052 958 1240 1011 εἰπεῖν
1263 957 1340 1022 τῷ
1367 959 1565 1011 Σαούλ
1586 975 1596 986 ·
1620 959 1745 1010 Οὐκ

236 1052 368 1106 ἰδοὺ
397 1050 580 1104 Δαυῒδ
603 1049 927 1118 κέκρυπται
954 1053 1088 1118 παρ’
1114 1049 1292 1118 quin;
1326 1052 1460 1102 ΝΡ.

801 1144 1125 1209 ⁸Υπόθεσις.

165 1236 385 1304 Φεύγων
433 1236 461 1287 ὁ
504 1235 668 1287 Δαυϊδ
716 1233 806 1286 τὸν
855 1233 1028 1286 Σαοὺλ
1074 1233 1325 1286 ἐκάθισεν
1358 1235 1414 1285 ἐν
1451 1235 1519 1303 τῇ
1556 1232 1748 1302 ἐρήμῳ

238 1327 382 1397 lira.
413 1323 548 1380 Εἶτα
572 1325 899 1388 ἀπελθόντες
931 1327 982 1377 οἱ
1027 1327 1240 1394 Ζιφαῖοι
1285 1324 1419 1395 πρὸς
1451 1325 1540 1376 τὸν
1576 1324 1746 1376 Σαοὺλ

235 1420 577 1490 ἀπήγγειλαν
635 1419 727 1472 τὸν
778 1418 942 1471 τόπον
989 1421 1045 1471 ἐν
1100 1411 1144 1485 ᾧ
1189 1413 1257 1488 ἦν
1315 1417 1742 1488 ἀποδιδράσκων.

246 1512 464 1577 Ἠξὶουν
489 1512 546 1564 δὲ
577 1510 801 1565 ἐλθόντα
827 1509 1184 1564 συλλαϐέσθαι
1216 1509 1394 1562 αὐτόν.
1413 1511 1470 1562 Ὀ
1495 1509 1571 1574 δὲ,
1610 1507 1748 1580 μετά

234 1608 427 1676 χεῖρας
451 1604 548 1675 τὴν
573 1602 738 1675 λύραν
767 1603 967 1666 λαϐὼν,
1002 1603 1096 1657 ἆτε
1126 1602 1378 1672 ἐγνωκὼς
1415 1602 1494 1672 τῷ
1536 1619 1747 1672 προφη-

231 1695 373 1766 τικῷ
399 1695 694 1766 πνεύματι,
725 1695 800 1758 ὡς
825 1695 976 1749 οὐδὲν
1005 1695 1176 1748 δεινὸν
1202 1695 1448 1748 πείσεται
1479 1694 1630 1765 παρά
1653 1694 1744 1747 τοῦ

229 1763 432 1851 Σαούλ,
463 1763 553 1841 τὰ.
575 1789 911 1859 προκείμενα
934 1787 1067 1859 ᾄδει.
1098 1787 1208 1841 Καὶ
1240 1787 1348 1858 γὰρ
1381 1763 1628 1840 ἀπελθὼν
1666 1788 1745 1850 εἰς
1777 1763 1820 1819 Β

236 1877 503 1948 σύλληψιν
542 1877 708 1930 αὑτοῦ
755 1876 944 1943 Σαοὺλ,
978 1877 1206 1947 ἤκουσεν
1233 1874 1492 1944 ἀγγελίαν
1517 1874 1622 1928 τῶν
1653 1875 1747 1927 ἀλ-

233 1968 502 2037 λοφύλων.
530 1970 623 2021 καὶ
652 1967 958 2039 ὑπέστρεψε
986 1966 1230 2019 σπεύδων
1255 1967 1391 2037 μετά
1410 1965 1517 2018 τῶν
1539 1965 1750 2036 ἀνδρῶν

230 2059 585 2129 αύτοῦ.Ἐχοι
616 2059 660 2111 δ’
691 2059 756 2113 ἂν
779 2059 848 2112 τὰ
871 2058 1111 2130 παρόντα
1139 2058 1414 2128 ἀναφοράν
1448 2057 1541 2110 καὶ
1573 2060 1651 2120 εἰς
1686 2057 1749 2110 τὸ

229 2150 525 2221 πρόσωπον
556 2149 651 2203 τοῦ
681 2148 1037 2202 ἀποστολικοῦ
1062 2147 1244 2219 χοροῦ,
1285 2149 1359 2211 ὡς
1399 2147 1499 2210 τὰς
1543 2151 1746 2201 ἐπανα-

232 2245 457 2306 στάσεις
502 2243 602 2305 τὰς
646 2242 797 2313 παρά
823 2241 916 2294 τοῦ
949 2240 1134 2303 ἔθνους
1177 2240 1284 2293 τῶν
1322 2239 1608 2302 Ἰουδαίων,
1651 2240 1746 2293 καὶ

236 2335 508 2406 βασιλέων
538 2335 594 2387 δὲ
629 2334 738 2388 τῶν
765 2333 933 2387 ἐθνῶν
951 2334 1042 2386 τὸν
1063 2332 1231 2403 θυμὸν
1265 2332 1632 2403 διηγούμενος,
1656 2332 1747 2385 τὸν

231 2429 370 2482 Θεὸν
404 2429 546 2495 ἀξιοῖ
576 2429 633 2494 ἐξ
659 2427 916 2482 ἁπάντων
954 2425 1191 2496 σωθῆναι
1219 2426 1305 2479 διὰ
1345 2425 1438 2479 τοῦ
1485 2426 1746 2495 ὀνόματος

229 2521 422 2575 αὑτοῦ.
457 2520 819 2590 Προφητικῶς
847 2537 907 2571 τε
944 2519 1253 2586 ἀποφαίνει,
1289 2517 1363 2579 ὡς
1395 2515 1747 2586 περιστρέφει

229 2615 348 2674 τοῖς
374 2611 589 2682 ἐχθροῖς
615 2613 695 2673 εἰς
726 2609 966 2679 κεφαλὴν
991 2610 1018 2661 ὁ
1050 2608 1180 2671 Θεὸς
1208 2607 1276 2660 τά
1304 2605 1469 2670 κακὰ,
1504 2607 1663 2668 αὐτὸς
1691 2604 1745 2657 δὲ

230 2703 335 2765 τὰς
364 2702 664 2764 ἐπινικίους
694 2701 950 2773 προσάξει
972 2699 1180 2762 θυσίας.
1204 2699 1294 2751 Διὸ
1321 2698 1416 2750 καὶ⁸
1440 2696 1748 2762 συνέσεως

230 2797 665 2867 ἐπιγέγραπται,
695 2798 773 2858 είς
818 2795 909 2847 τὸν
937 2793 1226 2865 εἰρημένον
1253 2791 1375 2846 νοῦν
1398 2790 1748 2862 ἀναπέμπον-

228 2905 328 2953 τος
354 2889 505 2957 ἡμᾶς
528 2885 622 2939 τοῦ
648 2883 884 2955 ψαλμοῦ.

247 2979 306 3032 '0
333 2983 498 3044 Θεὸς,
525 2978 595 3031 ἐν
616 2975 694 3042 τῷ
723 2976 968 3046 ὀνόματί
1001 2991 1117 3029 σου
1158 2973 1364 3028 σῶσόν
1384 2990 1479 3042 με.
1515 2972 1648 3041 Οὐχὶ
1679 2970 1746 3023 δι’

1846 527 1968 581 quae
1990 511 2122 566 dicit
2149 511 2194 543 ⁸⁸
2241 529 2254 564 :
2301 509 2411 578 Ego
2459 526 2577 564 sum
2613 511 2717 564 via.
2745 507 2898 564 Unde
2931 518 2982 563 et
3025 510 3244 565 inutiles
3288 510 3416 566 facti

1846 612 1996 664 sunt,
2016 619 2138 656 cum
2172 619 2290 655 eam
2314 603 2601 656 admittere
2627 602 2996 667 nollent.quia
3027 617 3187 656 nemo
3217 601 3417 657 faceret

1845 694 2071 748 bonum.
2111 693 2167 746 ln
2194 695 2497 763 ignorantia
2523 695 2668 748 enim
2705 694 2822 764 ejus
2850 694 3204 750 versabantur
3227 708 3422 750 omnes

1843 801 1875 839 a
1908 786 2065 855 legali
2094 787 2366 854 scriptura
2395 787 2673 840 excaecati.

1846 877 1899 930 1.
1932 877 1998 929 In
2020 878 2175 945 ﬁnem
2210 879 2263 930 in
2287 878 2606 931 carminibus
2633 877 2926 931 intellectus
2974 877 3168 932 David.
3204 877 3259 933 2.
3282 877 3416 934 Cum

1911 971 2168 1023 uenissent
2202 969 2401 1040 Zipltazi
2433 981 2479 1023 et
2505 971 2761 1022 dixissent
2787 973 2854 1021 ad
2889 969 3020 1023 Saul
3048 985 3066 1024 :
3099 970 3288 1026 Nonne
3311 972 3417 1027 Da-

1909 1062 1993 1116 vid
2019 1063 2356 1116 absconditus
2385 1073 2458 1115 est
2491 1063 2630 1129 apud
2662 1078 2752 1114 nos
2781 1060 2990 1118 ?LIII.

2439 1153 2838 1223 Argumentum.

1846 1246 1983 1301 Cum
2025 1244 2234 1313 fugeret
2277 1245 2444 1298 David
2493 1261 2524 1300 a
2570 1245 2754 1310 Sanle,
2799 1246 3046 1301 consedit
3098 1247 3151 1300 in
3202 1247 3416 1303 deserto

1923 1336 2080 1405 Ziph.
2119 1336 2321 1390 Deinde
2364 1337 2597 1406 digressi
2633 1337 2833 1407 Ziphaei
2875 1339 2942 1391 ad
2975 1338 3129 1402 Saul,
3158 1339 3211 1392 in
3253 1356 3414 1408 quem

1918 1427 2095 1482 locum
2141 1427 2493 1497 profugisset,
2538 1429 2864 1484 indicarunt.
2918 1429 3197 1500 ROgabant
3236 1444 3413 1486 autem

1922 1527 1982 1571 ut
2009 1517 2311 1582 accederet,
2345 1529 2508 1588 atque
2549 1535 2674 1573 eum
2711 1521 3195 1588 comprehenderet
3223 1522 3288 1577 θ’.
3325 1522 3418 1576 ille

1915 1622 2068 1673 vero,
2094 1620 2314 1676 accepta
2341 1610 2593 1662 manibus
2623 1609 3290 1681 |yra,utpoue,prophetico
3307 1614 3419 1682 spi-

1922 1699 2026 1751 ritu
2058 1714 2262 1768 guarus
2291 1713 2350 1753 se
2373 1699 2506 1751 nihil
2542 1701 2669 1752 mali
2705 1715 2735 1752 a
2769 1699 2928 1754 Saule
2961 1716 3268 1768 passurum,
3303 1700 3421 1757 haec

1920 1791 2086 1845 canit.
2132 1788 2267 1843 Nam
2315 1789 2588 1860 profectus
2628 1791 2694 1844 ad
2744 1793 3065 1860 capiendum
3097 1809 3222 1847 eum
3263 1795 3423 1862 Sani,

1918 1882 2167 1936 nuntium
2212 1881 2418 1950 accepit
2449 1883 2713 1936 adventus
2741 1883 3189 1952 alienigenarum,
3232 1894 3286 1939 et
3323 1901 3413 1940 re-

1919 1986 2110 2042 gressu
2146 1973 2454 2040 properavit
2495 1988 2617 2025 cum
2663 1989 2825 2025 manu
2871 1974 3114 2027 virorum
3149 1988 3208 2029 se
3246 1974 3425 2030 comi-

1921 2063 2172 2116 tantium.
2203 2062 2326 2116 Haec
2350 2071 2528 2116 autem
2554 2062 2741 2117 referri
2767 2064 3017 2118 videntur
3044 2065 3108 2118 ad
3129 2080 3418 2132 personam

1917 2153 2202 2222 apostolici
2248 2154 2425 2221 chori,
2473 2155 2629 2223 quasi
2679 2155 2769 2208 ille
2803 2171 3035 2210 narrans
3087 2157 3425 2225 irruptiones

1915 2245 2122 2301 Iudaici
2179 2248 2397 2316 populi,
2461 2261 2526 2302 ac
2581 2264 2768 2317 regum
2831 2250 3074 2318 gentium
3151 2249 3415 2312 furorem,

1916 2336 2084 2390 Deum
2117 2339 2384 2406 supplicet
2411 2354 2504 2405 per
2535 2353 2732 2392 nomen
2763 2339 2883 2408 ejus
2909 2339 2976 2392 ab
3001 2339 3256 2394 omnibus
3282 2341 3418 2408 eripi

1916 2429 2098 2484 malis.
2137 2429 2456 2500 Prophetice
2489 2443 2670 2485 autem
2705 2432 2888 2497 edicit,
2921 2432 3161 2486 futurum
3191 2441 3250 2486 ut
3278 2435 3418 2486 mala

1917 2517 2061 2573 Deus
2101 2519 2154 2573 in
2205 2529 2367 2588 caput
2406 2522 2750 2576 inimicorum
2783 2531 3116 2590 retorqueat,
3145 2523 3261 2590 ipse
3289 2537 3426 2576 vero

1919 2610 1972 2664 in
2010 2612 2223 2681 signum
2256 2623 2424 2682 parta:
2449 2613 2690 2666 victoriae
2731 2613 2996 2667 sacriﬁcia
3045 2613 3254 2666 oﬂerat.
3280 2612 3415 2667 Pro-

1919 2711 2106 2772 pterea
2128 2704 2426 2757 intellectus
2454 2704 2792 2769 inscribitur,
2813 2707 3024 2774 psalmo
3041 2719 3141 2760 nos
3163 2705 3229 2759 ad
3251 2720 3428 2775 supra.

1915 2795 2114 2848 dictam
2141 2796 2468 2851 sententiam
2500 2795 2801 2851 deducente

1917 2973 2080 3040 Deus,
2114 2978 2169 3027 in
2217 2975 2425 3028 nomine
2464 2983 2555 3028 tuo
2599 2975 2802 3028 salvum
2827 2992 2906 3029 me
2931 2976 3035 3046 fac.
3082 2974 3184 3031 Per
3221 2991 3428 3032 nomen

153 3071 328 3128 ἄλλου
366 3069 511 3132 τινὸς
538 3069 570 3138 ἢ
594 3067 680 3121 διὰ
711 3067 806 3120 τοῦ
841 3066 1100 3136 ὀνόματος
1127 3063 1292 3117 αὐτοῦ
1322 3063 1556 3135 σωθῆναι
1581 3063 1742 3127 ἀξιοῖ.

1895 3067 2044 3126 ιείυε,
2089 3080 2197 3116 ιιοιι
2232 3079 2328 3132 ρει·
2376 3064 2522 3118 aliud
2561 3064 2864 3134 quidpiam,
2897 3064 3123 3118 salutem
3156 3063 3420 3133 consequi

154 3161 426 3235 [Ἐπειδὴ
463 3160 542 3221 δὲ,
571 3159 724 3231 φησὶ,
753 3159 814 3210 τὺ
845 3158 935 3210 σὸν
963 3157 1133 3227 ὄνομα
1157 3155 1542 3227 ἐπικαλοῦμαι,
1567 3158 1624 3208 ἐν
1649 3155 1748 3210 αύ-

151 3260 234 3331 τῷ
266 3258 446 3326 τούτῳ
471 3255 568 3326 τὴν
599 3254 870 3325 σωτηρίαν
919 3270 1019 3323 μου
1061 3251 1363 3323 παράσχου.
1402 3250 1511 3304 Καὶ
1545 3251 1615 3304 ἐν
1641 3250 1748 3304 δυ-

153 3349 422 3414 ναστείᾳ
465 3362 603 3409 σου,
663 3344 906 3398 τουτέστι
939 3342 1018 3412 τῷ
1051 3341 1164 3412 Υἱῷ
1210 3358 1324 3404 σου,
1371 3338 1591 3408 κρινεῖς
1631 3355 1746 3408 με·

153 3441 288 3495 ἀντὶ
315 3437 412 3490 τοῦ
433 3455 446 3468 ·
477 3437 592 3488 Οὐκ
622 3435 799 3498 ἄλλοις
832 3436 1068 3505 κριταῖς,
1099 3431 1235 3485 ἀλλά
1277 3434 1342 3502 τῇ
1388 3431 1612 3501 δυνάμει
1654 3447 1748 3483 σου

153 3535 237 3596 εἰς
271 3531 520 3596 ἐξέτασιν
547 3525 961 3597 παραδοθῆναι.]
995 3524 1104 3578 Kal
1135 3521 1298 3590 ὲντῇ
1339 3522 1586 3590 δυνάμει
1634 3537 1748 3576 σου

154 3622 390 3692 κρινεῖς
427 3638 524 3690 με.
567 3619 774 3689 Κρίνας
801 3616 910 3689 γὰρ
936 3617 1032 3687 τὴν
1063 3617 1240 3689 κρίσιν
1269 3614 1468 3678 αὐτῶν,
1498 3614 1624 3676 τοὺς
1651 3613 1748 3684 μέν

155 3711 417 3781 ἀπωλείᾳ
443 3710 751 3781 παρέδωκε,
781 3709 908 3772 τοὺς
935 3708 992 3760 δέ
1021 3707 1221 3760 ἔσωσεν
1251 3707 1358 3759 ἀπὸ
1382 3706 1488 3758 τῶν
1515 3704 1746 3776 ἐχθρῶν.

238 3804 300 3856 ’0
336 3803 504 3868 Θεὸς,
537 3801 907 3855 εἰσάκουσον
952 3798 1063 3867 τῆς
1102 3797 1450 3867 προσευχῆς
1477 3815 1616 3866 μου.
1654 3795 1747 3848 Δέ-

157 3897 249 3961 ξαι
310 3913 416 3966 μου
460 3893 559 3957 τὰς
611 3894 846 3957 ἱκετείας
889 3894 985 3945 σὺν
1027 3891 1300 3962 εὐμενείᾳ.
1328 3889 1627 3942 Ἑνώτισαι
1676 3886 1749 3940 τὰ

148 3987 405 4055 ῥήματα
428 3983 536 4037 τοῦ
569 3983 866 4053 στόματός
903 3983 1272 4052 μου.”ομοιον
1311 3979 1420 4052 τῷ·
1449 3978 1558 4034 Καὶ
1609 3978 1745 4044 νῦν,

154 4081 364 4148 Κύριε,
402 4077 572 4132 ἔπιδε
607 4077 706 4130 ἐπὶ
741 4079 846 4142 τὰς
876 4074 1127 4141 ἀπειλὰς
1158 4071 1373 4127 αὐτῶν.

213 4234 326 4298 Εἰς
350 4229 530 4297 τέλος
559 4231 630 4284 ἐν
655 4231 866 4353 Quare};
892 4229 1198 4353 qgréaswq
1221 4226 1301 4294 τῷ
1330 4224 1530 4281 Δαυΐδ.
1563 4222 1689 4280 ΝΔ⁹.

860 4315 937 4353 πο
976 4317 1129 4353 sate.

860 4315 1129 4365 ποσεσις.

1850 3161 2023 3222 rogat.
2058 3149 2526 3224 [Quandoquidem
2556 3163 2756 3217 autem,
2780 3153 2876 3214 ait,
2919 3168 3116 3206 nomen
3157 3161 3306 3207 tuum
3339 3156 3424 3206 in-

1848 3257 2004 3308 voco,
2048 3243 2102 3296 in
2154 3245 2256 3296 hoc
2303 3243 2421 3312 ipso
2463 3244 2693 3297 salutem
2756 3243 2891 3296 mihi
2943 3244 3202 3312 praebeas.
3250 3243 3318 3296 Et
3363 3246 3427 3300 in

1848 3337 2038 3390 uirtute
2063 3345 2154 3389 tua
2184 3379 2198 3402 ,
2229 3336 2280 3389 id
2315 3344 2399 3390 est
2448 3335 2502 3389 in
2551 3334 2690 3389 Filio
2711 3344 2824 3400 tuo,
2843 3335 3110 3405 judicabis
3139 3353 3258 3401 me;
3284 3352 3348 3390 ac
3373 3336 3424 3391 si

1849 3431 2085 3485 diceret:
2121 3429 2238 3482 Non
2274 3429 2398 3482 aliis
2431 3427 2727 3496 judicibus,
2760 3427 2850 3482 sed
2879 3427 3062 3480 virtuti
3093 3439 3194 3482 tuae
3213 3428 3420 3482 exami-

1850 3525 2088 3577 nandum
2121 3538 2206 3575 me
2241 3519 2469 3592 tradas]
2497 3519 2560 3572 Et
2589 3521 2642 3573 in
2668 3523 2860 3574 uirtute
2893 3531 2983 3572 tua
3003 3521 3276 3589 judicabis
3316 3537 3418 3575 me.

1846 3611 2107 3666 Judicans
2130 3611 2274 3665 enim
2308 3625 2496 3664 eorum
2530 3624 2774 3674 causam,
2805 3610 2941 3664 alios
2975 3611 3230 3679 perniciei
3255 3610 3421 3664 tradi-

1847 3708 1946 3772 dit,
1980 3708 2117 3762 alios
2151 3707 2329 3762 salvos
2354 3705 2478 3760 fecit
2509 3707 2576 3759 ab
2610 3707 2865 3760 inimicis.

1917 3800 1972 3854 4.
2014 3798 2177 3862 Deus,
2229 3799 2424 3850 exaudi
2467 3797 2759 3849 orationem
2805 3811 2994 3850 meam.
3042 3795 3191 3849 Bono
3239 3795 3427 3848 animo

1847 3905 2024 3945 meam
2058 3890 2247 3957 excipe
2279 3887 2752 3956 supplicationem.
2791 3889 3018 3940 Auribus
3039 3887 3242 3954 percipe
3267 3886 3420 3938 verba

1847 3982 1955 4035 oris
1993 3982 2114 4033 mei.
2167 3979 2354 4033 Simile
2388 3980 2463 4032 illi
2498 3998 2511 4034 :
2547 3979 2615 4032 Et
2650 3995 2808 4042 nunc,
2849 3977 3090 4040 Domine,
3146 3977 3421 4030 considam

1847 4075 2018 4125 minas
2045 4087 2225 4124 eorum
2257 4070 2324 4123 ⁷ο.

1847 4228 1901 4283 l.
1929 4226 1995 4282 In
2038 4228 2192 4298 ﬁnem
2233 4228 2290 4282 in
2335 4225 2541 4298 hymnis
2572 4222 2864 4276 intellectus
2893 4221 2993 4284 ipsi
3019 4220 3204 4275 David.
3241 4219 3392 4278 LIV.

2434 4296 2838 4365 Argumentum.

153 4435 249 4505 Τῷ
287 4431 573 4502 Πνεύματι
603 4431 887 4502 θεωρήσας
922 4431 950 4481 ὁ
987 4429 1281 4500 Προφήτης
1311 4426 1378 4479 τὰ
1405 4425 1636 4496 ἐσόμενα
1659 4442 1747 4479 κα-

1895 4431 2063 4502 piritu
2111 4428 2382 4499 Propheta
2424 4423 2825 4494 contemplatus
2865 4435 2987 4490 qua!
3021 4418 3202 4473 futura
3237 4426 3424 4473 essent.

229 4527 305 4582 τά
353 4523 594 4596 Χριστοῦ
630 4522 783 4594 παρά
825 4520 918 4573 τοῦ
958 4518 1224 4572 Ἰουδαίων
1268 4516 1398 4570 λαοῦ
1449 4516 1544 4570 καὶ
1584 4516 1748 4570 αύτοῦ

227 4617 332 4672 τοῦ
369 4614 563 4677 Ἰούδα,
596 4613 774 4683 λύπης
802 4609 1178 4680 πληρούμενος
1206 4607 1299 4660 καὶ
1325 4606 1652 4677 ἀμηχανίας,
1682 4605 1750 4677 ἢν

227 4710 332 4764 καὶ
376 4704 752 4773 ἀδολεσχίαν
775 4703 832 4754 ἐν
860 4700 937 4771 τῷ
966 4699 1195 4771 παρόντι
1223 4697 1493 4768 ὠνόμασε,
1520 4697 1751 4750 διατελεῖ

227 4797 642 4872 ταραττόμενος
695 4793 790 4847 καὶ
846 4791 1066 4863 ἀπορῶν
1116 4792 1175 4844 ἐν
1219 4791 1331 4853 τοῖς
1361 4788 1745 4858 τολμωμένοις,

229 4889 552 4963 παρακαλεῖ
595 4887 685 4940 τὸν
736 4885 868 4938 Θεὸν
903 4881 1260 4936 ὲνωτίσασθαι
1298 4880 1397 4952 τὴν
1443 4880 1748 4952 προσευχὴν

231 4981 432 5044 αὑτοῦ,
467 4980 561 5034 καὶ
595 4978 754 5032 τοῦτο
799 4975 947 5046 αὐτῷ
994 4976 1325 5045 παρασχεῖν·
1359 4968 1476 5025 εἶτα
1504 4971 1749 5044 δεύτερον

229 5075 446 5145 γνῶναι
498 5072 600 5141 τὴν
647 5069 735 5122 διὰ
787 5069 885 5138 τῆς
932 5064 1240 5138 προσευχῆς
1289 5055 1750 5134 ἀναπεμπομένην

229 5168 452 5236 δέησιν·
497 5163 591 5216 καὶ
615 5161 796 5232 τρίτον
825 5159 923 5228 τὴν
952 5157 1285 5210 κατάστασιν
1317 5154 1608 5207 θεάσασθαι
1652 5153 1747 5206 τοῦ

230 5258 337 5330 τὴν
395 5251 703 5326 προσευχὴν
750 5248 1200 5318 ἀναπέμποντος·
1252 5247 1345 5299 καὶ
1391 5245 1561 5308 οὕτως
1587 5245 1747 5298 αὐτὸν

229 5346 578 5412 καταξιῶσαι
634 5344 732 5412 τῆς
796 5339 989 5393 ἑαυτοῦ
1059 5338 1260 5408 ἀκοῆς·
1327 5336 1407 5390 διὸ
1465 5336 1741 5404 ἐπιλέγει·

235 5439 516 5506 Πρόσχες
543 5451 667 5504 μοι,
698 5432 797 5485 καὶ
823 5428 1194 5484 εὶσάκουσόν
1219 5445 1358 5496 μου.

245 5527 574 5591 Ἑνώτισαι,
607 5529 641 5579 ὀ
680 5524 846 5588 Θεὸς,
875 5521 990 5590 τὴν
1038 5518 1387 5588 προσευχήν
1440 5536 1569 5572 uov.
1623 5520 1747 5570 Δια-

237 5717 290 5749 ⁶⁸
317 5713 473 5770 Joan.
530 5727 620 5767 xw
639 5752 656 5779 ,

731 5711 784 5765 6.
862 5710 912 5742 "‘
945 5707 964 5763 Ι
996 5707 1126 5779 Reg.
1153 5722 1310 5770 mn,
1346 5705 1443 5774 i9;
1484 5723 1630 5773 xxvi,
1675 5708 1902 5778 i,seqq.

1927 4523 2071 4578 mala
2119 4520 2338 4576 Christo
2389 4533 2485 4589 per
2535 4515 2752 4570 Judaeos
2797 4514 2967 4573 illata.
3008 4527 3071 4566 ac
3100 4527 3195 4581 per
3243 4511 3424 4580 ipsum

1924 4611 2142 4675 ludam,
2177 4609 2361 4664 dolore
2388 4608 2576 4676 plenus
2609 4614 2662 4659 et
2692 4603 2982 4666 anxietate,
3007 4617 3169 4670 quam
3203 4601 3254 4653 in
3287 4616 3422 4670 prae—

1922 4703 2062 4760 senti
2092 4701 2520 4755 exercitationem
2545 4703 2698 4750 vocat
2735 4713 2747 4749 :
2779 4693 3122 4764 perturbatus
3153 4692 3431 4746 etdubius

1925 4793 2112 4856 animi,
2147 4792 2200 4846 in
2243 4784 2636 4843 considerando
2680 4781 2992 4851 hujusmodi
3036 4778 3274 4833 facinore
3306 4794 3425 4830 mo-

1920 4902 2036 4942 ram
2083 4879 2338 4943 extrahit,
2369 4885 2626 4944 rogatque
2655 4871 2822 4925 Deum
2867 4878 2926 4924 ut
2969 4870 3198 4923 auribus
3247 4867 3426 4936 perci-

1913 4982 2022 5050 piat
2063 4973 2365 5029 orationem
2388 4981 2564 5030 suam,
2600 4972 2652 5017 et
2679 4963 2728 5016 id
2759 4961 2860 5016 sibi
2896 4960 3193 5024 concedat;
3222 4973 3421 5012 secun-

1919 5047 2010 5130 do,
2038 5074 2099 5118 ut
2120 5058 2550 5116 obsecrationem
2577 5052 2828 5123 precibus
2849 5053 3102 5105 emissam
3133 5047 3426 5116 respiciat;

1924 5157 2109 5220 tertio,
2143 5162 2203 5206 ut
2232 5159 2431 5207 statum
2470 5145 2745 5216 precantis
2783 5143 3176 5210 contempletur
3210 5156 3224 5204 ;
3259 5148 3424 5206 atque

1922 5251 1996 5304 ita
2038 5247 2292 5318 dignetur
2333 5255 2459 5295 eum
2514 5236 2726 5302 audire,
2780 5233 3133 5304 quamobrem
3187 5228 3422 5296 adjicit;

1918 5338 2139 5393 Intende
2158 5333 2306 5396 mihi,
2339 5341 2387 5384 et
2412 5329 2604 5384 exaudi
2634 5343 2733 5381 me.

1925 5519 1976 5574 2.
2005 5515 2238 5580 Exaudi,
2284 5513 2448 5581 Deus,
2477 5510 2781 5567 'orationem
2825 5521 2993 5561 meam
3017 5544 3032 5573 ,
3065 5511 3169 5560 etc.
3227 5499 3430 5556 Varias

1977 5707 2030 5753 το.
2067 5705 2187 5760 Act.
2232 5717 2308 5768 tv,
2335 5699 2422 5755 29.
