3872 6216
469 355 569 412 εει

1317 353 1373 406 S.
1415 350 1786 406 ATHANASII
1827 349 1979 405 OPP.
2021 348 2203 404 PARS
2241 350 2324 404 111.
2367 381 2434 391 —
2469 348 2877 406 EXEGETICA.

3613 357 3720 411 252

469 475 624 529 affert
657 473 1082 543 supplicationes
1104 515 1118 538 ,
1153 489 1353 542 rogans
1392 472 1604 526 admitti
1656 473 1794 526 illas.
1837 470 1914 524 Ne
1944 472 2033 525 de-

2142 472 2339 542 φόρους
2387 473 2621 552 ἱκετείας
2649 473 2947 546 προσφέρει
2972 471 3229 543 δεχθῆναι
3256 474 3457 538 ταύτας
3500 475 3719 530 ἀντιϐο-

467 567 689 636 spicias,
715 565 908 634 inquit,
929 580 1014 617 me
1031 565 1446 641 supplicantem,
1466 565 1560 618 sed
1581 563 1839 618 benevolo
1855 563 2040 616 animo

467 660 689 713 intende
715 658 867 721 mihi,
903 670 956 711 et
991 657 1252 710 auxilium
1285 656 1483 710 tribue.

535 751 588 804 ’5.
614 750 970 804 Contristatus
1011 764 1128 801 sum
1170 749 1223 800 in
1255 748 1631 800 exercitatione
1659 763 1796 809 mea,
1828 756 1878 800 et
1913 762 2040 798 con-

467 843 710 896 turbatus
734 860 871 896 sum.
900 841 1183 894 Anxietate
1203 855 1440 908 namque
1463 839 1654 908 plenus
1677 847 1814 904 erat,
1843 839 2036 892 videns

464 935 802 1003 iniquitatem
840 935 892 987 in
925 932 1263 986 Salvatorcm
1307 932 1624 994 admissam,
1651 916 1814 1000 quam
1841 931 2038 984 exinde

462 1027 619 1080 docet
665 1027 748 1079 his
798 1024 977 1078 verbis
1012 1043 1024 1077 :
1059 1026 1100 1077 Α
1131 1041 1250 1078 voce
1283 1024 1485 1076 inimici
1531 1032 1578 1076 et
1611 1040 1643 1076 a
1693 1022 2036 1075 tribulatione

458 1119 767 1188 peccatoris.
801 1117 992 1170 Totius
1037 1127 1218 1170 autem
1261 1115 1542 1168 sententiae
1570 1129 1724 1168 mens
1758 1114 1874 1167 haec
1912 1122 2031 1168 est:

460 1210 707 1280 Respice,
735 1225 940 1277 quaso,
978 1224 1140 1278 quam
1167 1207 1524 1261 contristatus
1546 1221 1689 1269 sum,
1722 1221 1886 1275 quam
1921 1215 2034 1259 tur-

456 1303 640 1366 batus,
695 1317 858 1370 quam
909 1299 1300 1354 exercitatione
1345 1297 1580 1367 repletus
1621 1312 1790 1352 sum:
1835 1281 2064 1365 hisque

455 1393 714 1448 admissis
741 1392 934 1444 exaudi
963 1406 1065 1443 me.

526 1483 641 1538 4-7.
688 1483 953 1548 Quoniam
999 1481 1393 1548 declinaverunt
1446 1481 1502 1532 in
1559 1494 1639 1531 me
1688 1477 2022 1546 iniquitates.

455 1575 806 1641 Quaecunque
860 1573 1007 1626 enim
1073 1571 1334 1625 adversus
1403 1569 1742 1623 Salvatorcm
1812 1565 2027 1620 accide-

453 1670 616 1726 runt,
673 1663 739 1715 ad
795 1677 949 1714 suam
1009 1660 1124 1729 ipse
1170 1674 1460 1728 personam
1517 1657 1699 1712 refert.
1763 1655 1911 1728 [llaec
1969 1655 2026 1707 in

453 1770 542 1808 me
600 1755 1014 1823 perpetrabant,
1067 1753 1136 1806 ob
1186 1753 1346 1805 illatae
1401 1753 1627 1820 jactura:
1679 1749 2022 1813 memoriam,

451 1860 519 1898 ex
586 1845 944 1898 irrationabili
1008 1845 1087 1898 ira
1155 1853 1484 1897 manentem.
1555 1844 1636 1896 Ira
1699 1855 2025 1911 permanens

450 1935 736 1988 iracundia
807 1944 1054 1989 vocatur.
1125 1933 1200 1988 Ea
1267 1949 1395 1988 vero
1468 1935 1535 1988 de
1605 1949 1771 1988 causa
1835 1930 2026 1985 formi-

449 2025 674 2081 d0losus
695 2041 865 2092 cram,
891 2037 1053 2096 atque
1081 2027 1351 2089 turbatus,
1377 2034 1457 2090 ut,
1496 2034 1670 2079 morte
1695 2026 1806 2093 jam
1844 2023 2026 2076 immi-

451 2127 632 2183 nente,
669 2127 830 2186 atque
875 2119 926 2171 in
985 2126 1193 2172 tantam
1249 2117 1417 2172 animi
1460 2117 1919 2171 concertationem
1969 2123 2025 2168 et

447 2209 796 2266 formidinem
831 2212 1019 2276 incidi,
1054 2223 1114 2266 ut
1135 2227 1202 2266 ne
1229 2211 1441 2265 radium
1471 2207 1686 2280 quidem
1714 2209 1853 2262 lucis
1875 2207 2023 2261 vide—

447 2318 584 2368 rem,
622 2303 712 2357 sed
757 2303 810 2356 in
858 2304 1095 2358 tenebris
1140 2303 1390 2372 degerem
1431 2319 1444 2355 :
1488 2300 1855 2370 putabamque
1899 2312 2020 2352 om-

446 2397 599 2450 nium
637 2411 818 2448 rerum
847 2395 1106 2464 optimam
1143 2409 1265 2448 esse
1293 2393 1500 2462 fugam,
1521 2407 1584 2446 ac
1610 2391 1871 2460 rogabam
1899 2390 2019 2444 dari

445 2487 581 2542 mihi
630 2487 744 2542 alas
796 2487 1046 2540 avolandi
1099 2501 1285 2551 causa,
1339 2493 1400 2538 ut
1448 2484 1576 2538 alibi
1630 2482 2019 2556 quiescerem]

445 2576 552 2632 Cor
584 2593 756 2630 meum
783 2576 1152 2630 conturbatum
1187 2582 1264 2627 est
1288 2575 1340 2626 in
1367 2591 1466 2639 me,
1496 2581 1547 2626 et
1579 2573 1808 2640 formido
1832 2575 2018 2627 mortis

442 2668 631 2720 cecidit
651 2683 806 2736 super
831 2683 929 2720 me.
957 2668 1097 2721 Ecce
1126 2681 1220 2719 cor
1244 2681 1448 2729 meum,
1470 2666 1669 2734 inquit,
1694 2666 1877 2719 omnia
1902 2682 2018 2721 mea

442 2760 706 2814 interiora
746 2759 938 2813 evertit
968 2777 980 2812 :
1012 2759 1122 2811 imo
1151 2759 1312 2810 etiam
1351 2758 1582 2822 formido
1615 2759 1802 2810 mortis
1829 2759 2016 2812 cecidit

441 2868 598 2921 super
646 2869 745 2904 me.
804 2849 1074 2904 Nimirum
1119 2851 1224 2904 hoc
1245 2851 1312 2904 de
1354 2847 1653 2903 Salvatoris
1696 2859 1869 2904 morte
1919 2851 2017 2916 ait,

439 2943 512 2996 ob
565 2955 729 3010 quam
791 2938 1081 2994 formidine
1133 2939 1325 3008 plenus
1381 2937 1651 3007 Propheta
1705 2947 1858 3004 erat,
1914 2940 2017 2993 hu-

442 3049 604 3088 mana
628 3043 906 3103 permotus
940 3032 1269 3102 cogitatione
1301 3047 1316 3082 :
1363 3038 1457 3084 aut
1485 3032 1550 3084 de
1587 3039 1763 3084 morte
1803 3032 2014 3085 anima--

440 3142 586 3191 rum,
615 3140 752 3194 quas
787 3141 882 3193 per
926 3123 1042 3178 haec
1081 3121 1325 3177 facinora
1362 3123 1418 3176 in
1455 3123 1682 3177 exitium
1727 3138 1886 3176 ruere
1931 3121 2016 3175 fu—

441 3226 625 3271 turum
663 3228 798 3271 erat.
833 3216 939 3270 Sed
974 3215 1138 3269 etiam
1169 3216 1324 3268 timor
1359 3223 1414 3270 et
1453 3224 1647 3268 tremor
1686 3214 2014 3284 Prophetam

439 3310 641 3364 invasit
670 3317 978 3363 cernentem
1002 3309 1260 3364 dilectum
1292 3307 1388 3362 Dei
1419 3308 1531 3362 haec
1565 3309 1634 3362 ab
1665 3308 1845 3376 impiis
1868 3309 2014 3377 pati;

437 3409 782 3454 contexerant
819 3409 998 3453 autem
1021 3415 1144 3453 eum
1185 3399 1432 3464 tenebrat,
1458 3399 1586 3467 quia
1625 3399 1833 3452 scilicet
1864 3408 2016 3452 tene-

438 3492 554 3546 bris
586 3493 747 3560 digna
782 3499 1104 3560 essentque:
1140 3489 1406 3544 adversus
1431 3487 1773 3562 Salvatorcm
1805 3498 2017 3559 patrata

439 3593 590 3640 sunt.
626 3567 831 3637 Exinde
875 3597 1004 3636 vero
1049 3581 1208 3651 quasi
1257 3581 1482 3636 relictus
1524 3581 1576 3635 iu
1617 3582 1796 3636 medio
1824 3597 2015 3636 eorum

447 3675 530 3742 qui
568 3675 682 3728 haec
713 3681 954 3742 agerent,
987 3673 1136 3725 nullo
1170 3673 1361 3727 relicto
1387 3673 1569 3743 eﬂ’ugii
1605 3673 1748 3737 loco,
1778 3689 1878 3728 nec
1905 3689 2016 3743 quo

435 3767 732 3821 declinaret
764 3781 793 3818 a
823 3765 990 3819 tantis
1017 3764 1176 3818 malis
1203 3763 1431 3828 habens,
1465 3773 1720 3834 precatur
1759 3781 1817 3820 se
1844 3766 2016 3821 subli-

436 3875 579 3912 mem
606 3858 744 3927 rapi,
774 3865 933 3926 atque
964 3858 1136 3911 instar
1171 3855 1288 3910 avis
1324 3871 1422 3924 per
1446 3870 1628 3910 aerem
1663 3857 1902 3912 avolare.

509 3973 564 4028 9.
606 3971 992 4041 Exspectabam
1021 3970 1190 4024 Deum
1221 3971 1311 4034 qui
1348 3969 1556 4023 salvum
1579 3986 1659 4023 me
1685 3971 1830 4039 fecit,
1860 3987 1892 4024 a
1916 3986 2016 4040 pu-

430 4065 802 4120 sillanimitate
859 4065 1076 4132 spiritus
1126 4071 1176 4116 et
1235 4071 1556 4130 tempestate.
1612 4060 2011 4132 Tempestatem

435 4165 592 4209 vocat
623 4155 868 4208 dolorem
903 4153 1004 4207 sibi
1031 4167 1127 4220 per
1158 4151 1471 4220 passionem
1497 4152 1760 4206 oblatum.

505 4246 592 4300 10.
625 4247 886 4310 Quoniam
929 4244 1036 4297 vidi
1081 4244 1416 4312 iniquitatem
1445 4250 1494 4296 et
1537 4243 2012 4298 contradictionem

428 4340 486 4393 in
519 4339 749 4392 civitate.
780 4337 992 4392 Causas
1035 4337 1261 4405 apponit
1293 4351 1394 4390 cur
1431 4351 1527 4392 eas
1557 4352 1745 4406 preces
1784 4336 2006 4392 fuderit.

502 4507 690 4560 15-15.
734 4506 999 4570 Quoniam
1037 4505 1082 4557 si
1118 4505 1366 4557 inimicus
1422 4503 1784 4557 maledictisset
1849 4504 2000 4569 mihi,
2035 4513 2080 4568 Ι)

429 4599 800 4651 sustinuissent
846 4597 1046 4666 utique.
1097 4593 1223 4648 Haec
1262 4595 1330 4648 ad
1373 4609 1665 4664 personam
1711 4595 2006 4663 proditoris

425 4689 548 4758 jure
580 4689 903 4743 referantur.
945 4688 1022 4741 Tu
1051 4704 1189 4752 vero,
1220 4688 1372 4740 homo
1401 4689 1689 4754 unanimis,
1727 4690 1836 4742 dua:
1864 4707 2007 4743 meus

426 4791 477 4836 et
501 4792 653 4835 notus
681 4798 846 4834 meus.
869 4781 1038 4847 Quasi
1057 4782 1221 4843 dicat,
1243 4782 1286 4834 Α
1313 4797 1402 4836 me
1434 4782 1544 4836 dux
1567 4782 1900 4838 constitutus
1923 4798 2003 4848 es,

425 4871 596 4927 Judas
641 4872 869 4925 scilicet.
914 4872 1019 4938 Qui
1068 4874 1228 4926 simul
1279 4889 1478 4926 mecum
1533 4873 1710 4926 dulces
1761 4875 2004 4943 cupiebas

427 4962 592 5016 cibos.
643 4961 874 5017 Perinde
922 4973 1007 5018 est
1053 4979 1117 5017 ac
1158 4967 1204 5018 si
1239 4965 1447 5019 diceret
1485 4982 1496 5016 :
1538 4965 1800 5034 Ejusdem
1861 4983 2004 5036 διξερε

427 5069 633 5108 mensa:
673 5068 901 5108 consors
943 5053 1112 5107 fuisti.
1172 5053 1239 5106 In
1265 5055 1420 5110 domo
1475 5055 1570 5110 Dei
1611 5055 2000 5110 ambulavimus

429 5163 548 5199 cum
581 5162 858 5200 consensu.
891 5145 1005 5200 Hoc
1031 5145 1107 5198 ait
1131 5147 1258 5216 quia
1290 5163 1432 5217 szepe
1456 5163 1582 5202 cum
1623 5149 1716 5203 illo
1762 5150 1817 5202 in
1857 5159 1998 5204 tem-

424 5238 578 5310 plum
610 5244 978 5292 concesserat.

495 5329 582 5382 16.
637 5327 822 5382 Veniat
852 5344 993 5381 mors
1024 5344 1178 5397 super
1207 5328 1350 5391 illos,
1396 5339 1445 5383 et
1487 5331 1804 5385 descendant
1838 5333 1894 5384 in
1919 5333 2001 5385 in-

426 5420 628 5487 fernum
656 5423 898 5474 viventes.
933 5420 1381 5489 Quandoquidem
1427 5423 1719 5478 noluerunt
1751 5433 1804 5478 te
1836 5425 2001 5477 vitam

426 5512 692 5580 accipere,
721 5513 842 5566 ideo
884 5527 1034 5566 mors
1065 5513 1296 5579 excipiet
1326 5528 1440 5567 eos.
1474 5512 1609 5566 Illud
1643 5525 1822 5569 autem
1853 5534 1866 5569 :
1901 5516 2004 5569 De-

427 5602 677 5654 scendunt
699 5602 752 5654 in
774 5602 1042 5671 infernum
1070 5604 1314 5668 viventes,
1345 5605 1471 5674 quia
1489 5605 1740 5661 videlicet
1766 5608 2000 5666 scientes

520 5753 610 5825 1i)
650 5753 781 5812 Vide
809 5759 1094 5815 Unomast.
1130 5762 1192 5816 ad
1232 5764 1760 5834 νουθηιἈγαπητός.

2145 567 2272 620 λῶν.
2295 567 2384 638 Μὴ
2409 567 2641 637 παρίδης
2663 567 2770 638 γάρ
2794 584 2881 636 με,
2916 566 3069 636 φησὶ,
3099 565 3481 636 ποτνιώμενον,
3499 568 3612 620 ἀλλ’
3629 570 3720 622 εὐ-

2148 655 2322 725 μενῶς
2354 673 2444 726 μοι
2471 657 2722 726 πρόσχες,
2753 656 2846 708 καὶ
2871 655 2969 724 τὴν
3010 653 3257 725 βοήθειαν
3287 654 3507 727 ὥρεξον.

2226 748 2564 816 Ἐλυπήθην
2600 749 2670 800 ἐν
2701 746 2777 815 τῇ
2823 747 3154 816 ἀδολεσχίᾳ
3187 765 3326 816 μου,
3371 748 3471 801 καὶ
3505 750 3716 819 ἐταρά-

2143 840 2664 910 χθην.Ἀμηχανίας
2705 840 2814 910 γὰρ
2852 838 3172 909 ἐπληροῦτο,
3208 839 3416 909 βλέπων
3448 841 3545 911 τὴν
3573 844 3716 897 κατά

2141 933 2234 985 τοῦ
2268 933 2513 1003 Σωτῆρος
2545 932 2831 1001 γινομένην
2864 931 3226 1002 παρανομίαν,
3250 932 3314 1002 ἣν
3347 934 3441 985 καὶ
3471 935 3714 988 διδάσκει

2139 1025 2334 1097 ἐφεξῆς
2363 1027 2558 1093 λέγων’
2601 1024 2732 1078 Ἀπὸ
2763 1024 2968 1092 φωνῆς
3012 1024 3229 1092 ἐχθροῦ
3279 1025 3376 1078 καί
3427 1026 3544 1079 ἀπὸ
3586 1029 3717 1081 θλί-

2138 1120 2299 1184 ψεως
2345 1115 2788 1186 ἀμαρτωλοῦ.’0
2821 1116 2877 1168 δέ
2924 1117 3032 1177 πᾶς
3083 1113 3206 1178 νοῦς
3251 1108 3420 1178 οὗτος·
3470 1117 3716 1187 Πρόσχες

2139 1209 2286 1270 ὅπως
2335 1207 2627 1278 ἐλυπήθην,
2673 1207 2822 1268 ὅπως
2865 1205 3190 1276 ἐταράχθην,
3232 1207 3380 1268 ὅπως
3427 1206 3716 1279 ἀδολεσχίᾳ

2135 1299 2539 1370 πεπλήρωμαι*
2593 1297 2988 1367 ἀποδεξάμενός
3035 1314 3093 1349 τε
3142 1296 3334 1360 ταῦτα,
3392 1298 3716 1352 εἰσάκουσον

2137 1409 2259 1462 μου.

2205 1482 2323 1533 Ὅτι
2369 1479 2688 1544 ἐξέκλιναν
2734 1479 2825 1531 ἐπ’
2852 1477 2958 1547 ἐμὲ
2999 1480 3256 1548 ανομίαι.
3286 1479 3469 1532 Πάντα
3500 1480 3609 1552 γὰρ
3641 1483 3714 1535 τά

2130 1573 2271 1626 κατὰ
2300 1572 2393 1624 τοῦ
2422 1573 2669 1642 Σωτῆρος
2709 1570 2987 1642 συμϐάντα
3017 1571 3154 1642 πρὸς
3180 1573 3241 1624 τὸ
3263 1574 3461 1626 οἰκεῖον
3505 1574 3713 1642 ἀναφέ-

2135 1684 2217 1738 ρει
2251 1666 2558 1736 πρόσωπον.
2609 1664 2744 1736 [Διά
2779 1665 3141 1735 μνησικακίαν
3173 1681 3261 1734 μοι
3292 1665 3465 1718 ταῦτα
3491 1666 3711 1718 ἐποίουν

2129 1757 2409 1827 τεχθεῖσαν
2443 1756 2502 1820 ἐξ
2531 1757 2699 1827 ὀργῆς
2733 1755 2948 1824 ἀλόγου.
2985 1756 3158 1818 Κὸτος
3190 1759 3222 1825 ή
3257 1756 3512 1826 ἐπίμονος
3541 1757 3707 1828 ὀργή.

2055 1815 2100 1873 Β
2127 1815 2226 1903 Διά
2256 1849 2456 1916 ταύτην
2485 1815 2542 1902 δὲ
2563 1815 2880 1919 τῆν-αἰτίαν
2913 1815 3166 1919 περιδεὴς
3203 1815 3590 1920 ἐγενόμην

2126 1943 2485 2012 ταραγμένος,
2511 1941 2584 2004 ὡς
2614 1943 2931 2006 ἐπιστάντος
2963 1960 3051 2012 μοι
3083 1943 3182 2012 ἤδη
3211 1939 3305 1994 τοῦ
3339 1943 3589 2007 θανάτου,
3607 1947 3708 1999 καὶ
3771 1941 3775 1944 ’

2123 2034 2358 2104 τοσαύτη
2387 2052 2475 2104 μοι
2499 2030 2660 2105 ἦλθεν
2688 2034 2893 2102 ἀγωνία
2919 2036 3012 2087 καὶ
3040 2035 3220 2102 φόϐος,
3256 2034 3332 2097 ὡς
3367 2035 3500 2104 μηδέ
3527 2036 3709 2092 δοκεῖν

2122 2123 2223 2193 τὴν
2253 2125 2445 2176 ἀκτῖνα
2476 2125 2704 2192 φαίνειν,
2736 2123 2846 2177 ἀλλ’
2879 2124 3188 2178 ἐσκοτίσθαι
3210 2143 3223 2154 ⁸
3252 2125 3345 2178 καὶ
3372 2125 3710 2198 ἐλογισάμην

2123 2216 2220 2286 τὴν
2257 2216 2432 2286 φυγὴν
2464 2211 2601 2269 εἶναι
2637 2217 2851 2270 πάντων
2878 2217 3103 2286 ἀμείνω,
3139 2217 3230 2269 καὶ
3262 2217 3508 2288 ηὐχόμην
3545 2219 3709 2286 γενέ-

2125 2305 2249 2358 σθαι
2298 2325 2386 2377 μοι
2431 2307 2706 2377 πτέρυγας
2747 2307 2840 2358 ἐπὶ
2875 2306 2952 2377 τῷ
2989 2307 3319 2376 μεταστῆναι
3345 2306 3441 2360 καὶ
3467 2308 3707 2378 ἀλλαχοῦ

2122 2395 2517 2466 καταπαῦσαι.]
2555 2396 2616 2451 Ἡ
2640 2395 2850 2463 καρδία
2869 2414 2990 2465 μου
3013 2396 3306 2463 ἐταράχθη
3334 2397 3403 2449 ἐν
3422 2397 3572 2466 ἐμοὶ,
3603 2399 3711 2451 καὶ

2121 2483 2313 2539 δειλία
2356 2485 2613 2540 θανάτου
2658 2484 2955 2538 ἐπέπεσεν
2992 2486 3084 2538 ἐπ’
3110 2485 3382 2554 ἐμέ.’1δοὺ
3425 2489 3458 2558 ή
3506 2489 3708 2558 καρδία

2123 2596 2246 2649 μου,
2275 2578 2429 2648 φησὶ,
2458 2577 2737 2648 διέστρεψε
2769 2575 2838 2628 τὰ
2869 2576 3015 2630 ἔνδον
3044 2593 3144 2647 μου
3165 2595 3178 2608 ·
3218 2577 3353 2631 ἀλλὰ
3383 2578 3478 2632 καὶ
3509 2579 3708 2634 δειλία

2120 2665 2380 2719 θανάτου
2431 2664 2728 2718 ἐπέπεσεν
2773 2665 2864 2717 ἐπ’
2895 2665 3182 2733 ἐμέ.Ἥτοι
3209 2666 3265 2718 δὲ
3293 2666 3386 2719 τοῦ
3430 2669 3703 2739 σωτηρίου

2119 2755 2348 2809 θανάτου
2394 2755 2560 2824 λέγει,
2589 2757 2671 2823 ἐφ’
2695 2748 2739 2821 ᾧ
2781 2754 2983 2818 δειλίας
3007 2757 3034 2808 ὁ
3069 2756 3360 2826 Προφήτης
3397 2757 3706 2828 ἐπληροῦτο

2119 2847 2444 2919 ἀνθρωπίνῳ
2486 2846 2729 2917 λογισμῷ
2773 2845 3123 2917 κινούμενος·
3156 2848 3188 2918 ἦ
3235 2847 3331 2900 τοῦ
3375 2847 3483 2900 τῶν
3512 2849 3703 2918 ψυχῶν

2119 2939 2371 3000 θανάτου,
2405 2940 2514 2992 τῶν
2555 2939 2883 2992 ἀπόλλυσθαι
2927 2938 3228 3008 μελλόντων
3253 2939 3342 2992 διὰ
3372 2939 3441 2993 τὰ
3475 2941 3705 2995 τοιαῦτα

2117 3031 2460 3100 τολμήματα.
2479 3030 2637 3082 Ἀλλά
2657 3031 2838 3097 φόϐος
2863 3030 2956 3082 καὶ
2983 3030 3442 3098 τρόμος-ἐπέπεσε
3463 3030 3540 3101 τῷ
3562 3033 3705 3104 Προ-

2121 3122 2265 3191 φήτῃ
2292 3120 2487 3191 ὁρῶντι
2510 3120 2599 3172 τὸν
2621 3121 2904 3189 ἀγαπητὸν
2930 3119 3041 3190 (21)
3073 3120 3164 3172 τοῦ
3189 3120 3322 3173 Θεοῦ
3350 3122 3578 3176 τοιαῦτα
3598 3125 3711 3179 ὑπδ

2117 3213 2226 3264 τῶν
2256 3212 2464 3266 ἀσεϐῶν
2496 3212 2791 3281 πάσχοντα,
2810 3212 3067 3279 ἔκρυπτε
3091 3212 3147 3264 δὲ
3178 3214 3336 3266 αὑτὸν
3358 3217 3602 3282 σκότος,
3624 3218 3705 3280 ὡς

2120 3303 2186 3356 ἂν
2225 3302 2415 3355 σκότου
2451 3302 2666 3372 άληθῶς
2696 3302 2820 3367 ἀξια
2873 3303 2941 3356 τά
2988 3303 3128 3356 κατὰ
3159 3303 3251 3356 τοῦ
3278 3295 3542 3375 Σωτῆρος
3563 3307 3706 3377 δρὼο

2122 3410 2277 3463 μενα.
2309 3388 2462 3455 Εἶτα,
2497 3392 2686 3462 ὥσπερ
2717 3391 3066 3462 ἀπολειφθεὶς
3106 3395 3164 3445 ἐν
3213 3393 3361 3464 μέσῳ
3385 3395 3494 3446 τῶν
3524 3395 3702 3450 ταῦτα

2116 3483 2386 3555 δρώντων,
2419 3485 2553 3554 μήτε
2591 3483 2718 3553 μίαν
2751 3501 2809 3535 τε
2852 3483 2989 3553 ἔχων
3034 3486 3344 3557 ἀποφυγὴν,
3390 3487 3526 3556 μηδὲ
3575 3489 3703 3542 ὃτι-οι

2117 3575 2302 3638 κλίνας
2338 3573 2529 3628 ἑαυτὸν
2557 3573 2714 3636 ἐκτὸς
2745 3574 2854 3628 τῶν
2879 3574 3062 3628 κακῶν
3091 3577 3320 3644 γένοιτο,
3351 3576 3570 3647 εὔχεται
3600 3597 3702 3649 με-

2115 3668 2321 3739 τέωρος
2363 3668 2685 3740 ἐπαρθῆναι,
2723 3668 2818 3721 καὶ
2862 3668 3062 3738 πτηνὸς
3106 3669 3398 3739 γενόμενος
3436 3670 3502 3722 δι’
3535 3670 3708 3742 ἀέρος

2115 3762 2388 3828 ἐκφυγεῖν.

2183 3963 2648 4031 Προσεδεχόμην
2679 3962 2787 4016 τὸν
2821 3961 2968 4016 Θεὸν
2991 3962 3254 4023 σώζοντα
3287 3980 3385 4032 με,
3411 3964 3534 4018 ἀπὸ
3573 3966 3702 4020 61t—

2114 4051 2411 4120 γοψυχιάς
2444 4050 2543 4103 καὶ
2569 4051 2683 4103 ἀπὸ
2720 4052 3073 4121 καταιγίδος.
3103 4053 3404 4120 Καταιγίδα
3436 4055 3698 4123 ὀνομάζει

2111 4142 2211 4211 τὴν
2243 4141 2330 4194 διὰ
2357 4141 2451 4194 τοῦ
2483 4143 2688 4206 πάθους
2721 4143 2867 4214 αὑτῷ
2902 4144 3186 4214 συμϐᾶσαν
3211 4144 3407 4215 λύπην.

2186 4233 2304 4285 Ὅτι
2332 4229 2496 4286 εἶδον
2517 4236 2773 4303 ἀνομίαν
2797 4235 2893 4288 καὶ
2926 4236 3273 4304 ἀντιλογίαν
3294 4238 3364 4289 ἐν
3387 4236 3464 4306 τῇ
3492 4241 3694 4295 πόλει.

2111 4323 2300 4376 Αίτίαν
2339 4326 2672 4396 παρατίθησι
2704 4325 2770 4378 δι’
2798 4326 2865 4396 ἣν
2899 4327 2992 4378 καὶ
3030 4327 3129 4398 τὴν
3163 4329 3473 4398 προσευχὴν
3504 4332 3698 4398 ἐποιήο

2118 4429 2272 4467 σατο.

2181 4510 2320 4572 Ὅτι,
2347 4511 2397 4561 εὶ
2425 4509 2637 4578 ἐχθρὸς
2663 4509 2934 4564 ὠνείδισέ
2954 4527 3050 4579 με,
3085 4508 3397 4580 ὑπήνεγκα
3428 4510 3526 4564 ἄν.
3546 4510 3700 4564 Ταῦ-

2107 4615 2176 4650 τα
2205 4601 2284 4662 εἰς
2310 4600 2600 4670 πρόσωπον
2627 4601 2720 4654 τοῦ
2749 4602 3008 4671 προδότου
3037 4601 3424 4672 ἀναφέροιτ’ἂν
3438 4602 3690 4667 δικαίως.

2107 4689 2194 4742 Σὺ
2222 4689 2308 4754 δὲ,
2334 4690 2605 4757 ἄνθρωπε
2634 4694 2914 4762 ίσόψυχε,
2941 4691 3174 4763 ἡγεμών
3191 4711 3310 4761 μου
3332 4693 3428 4746 καὶ
3455 4696 3694 4763 γνωστὲ

2102 4797 2242 4849 μου.
2261 4781 2406 4833 Ἀντὶ
2436 4781 2550 4847 τοῦ,
2574 4785 2930 4854 Κατεστάθης
2954 4782 3182 4854 ἡγεμὼν
3213 4784 3305 4836 ὑπ’
3324 4783 3482 4854 ἐμοῦ,
3508 4787 3536 4837 ὁ
3553 4787 3690 4839 Ἰού-

2104 4870 2201 4933 δας
2229 4870 2600 4941 δηλονὸτι.Ὃς
2631 4873 2728 4926 ἐπὶ
2758 4874 2824 4926 τὸ
2868 4873 3014 4926 αὐτὸ
3037 4873 3378 4942 ἐγλύκανὰς
3415 4892 3520 4943 μοι
3562 4877 3692 4930 ἐδέ-

2103 4951 2552 5033 σματα.’Όμοιον
2573 4963 2705 5015 ὡσεὶ
2729 4963 2900 5032 λέγοι·
2920 4963 3034 5034 Τῆς
3062 4964 3229 5034 αὐτῆς
3251 4964 3530 5035 τραπέζης
3555 4969 3689 5020 πολ-

2102 5056 2259 5118 λάκις
2291 5055 2612 5126 ἠξιωμένος.
2648 5058 2745 5109 Ἐν
2771 5055 2850 5122 τῷ
2878 5056 3023 5123 οἴκῳ
3055 5057 3160 5109 τοῦ
3192 5055 3339 5110 Θεοῦ
3361 5058 3687 5125 ἐπορεύθη-

2096 5165 2212 5218 μεν
2242 5149 2312 5201 ἐν
2349 5149 2616 5217 ὁμονοίᾳ.
2641 5148 2812 5201 Τοῦτὸ
2861 5165 2994 5218 φησι
3032 5146 3118 5200 διὰ
3161 5148 3222 5200 τὸ
3268 5148 3684 5220 συνεληλυθέναι

2102 5242 2250 5311 αὐτῷ
2276 5241 2535 5304 πολλάκις
2570 5242 2648 5304 εἰς
2683 5242 2742 5294 τὸ
2772 5242 2935 5313 ἱερόν.

2185 5346 2427 5400 Ἐλθέτω
2451 5347 2526 5414 δὴ
2554 5346 2806 5414 θάνατος
2831 5347 2925 5400 ἐπ’
2949 5348 3190 5415 αὐτοὺς,
3217 5349 3315 5401 καὶ
3343 5347 3681 5416 καταϐήτω-

2101 5452 2224 5490 σαν
2245 5441 2331 5503 είς
2361 5438 2508 5505 ᾅδου
2535 5436 2765 5504 ζῶντες.
2785 5439 3002 5510 Ἐπειδὴ
3037 5441 3136 5492 οὐκ
3163 5439 3424 5510 ἐθέλησάν
3475 5455 3532 5491 σε
3581 5439 3680 5508 τὴν

2104 5526 2248 5597 ζωὴν
2293 5527 2720 5602 παραδέξασθαι,
2764 5528 2936 5600 ταύτῃ
2981 5546 3063 5581 τοι
3109 5528 3334 5591 θάνατος
3380 5527 3678 5592 διαδέξεται

2103 5617 2318 5681 αὐτούς.
2360 5620 2434 5673 Τὸ
2463 5619 2537 5688 δὲ,
2570 5620 3008 5687 Καταϐήτωσαν
3037 5623 3122 5687 είς
3157 5620 3304 5688 ᾅδου
3330 5617 3563 5687 ζῶντες,
3593 5619 3674 5674 ὅτι
