3872 6216
111 341 230 398 233

1249 335 1616 395 EXPOSITIO
1651 337 1726 392 IN.
1760 339 2095 400 PSALMUM
2135 341 2248 402 LV.
3283 349 3394 404 2εό

113 467 208 535 δὴ,
243 466 602 532 γινώσκοντες
630 461 792 516 αὑτὸν
818 460 954 516 εἶναι
995 463 1084 517 τὸν
1129 465 1483 537 κληρονόμον»
1519 462 1696 518 εἷπον·

1831 484 1996 536 psum
2020 471 2286 526 haeredem
2333 485 2475 536 esse,
2517 468 2792 530 dixerunt,
2846 463 3044 526 Venite,
3086 465 3388 520 occidamus

116 557 324 622 Δεῦτε,
350 555 796 625 ἀποκτείνωμεν
825 558 1012 610 αὐτόν
1037 574 1049 586 ⁸
1085 557 1191 627 τὴν·
1216 556 1324 630 γὰρ
1359 558 1558 626 γνῶσιν
1588 559 1708 612 ἀντὶ

117 651 223 720 τῆς
250 650 399 720 ζωῆς
435 649 720 702 ὲτεθείκει.

209 741 356 810 Ἐγὼ
373 738 527 808 πρὸς
553 740 661 792 τὸν
683 738 829 792 Θεὸν
851 737 1161 807 ἐκέκραξα,
1181 739 1278 793 καὶ
1305 743 1337 794 ό
1356 741 1568 807 Κύριος
1587 741 1710 792 εἱσ-

114 833 357 898 ήκουσέ
377 849 520 901 μου.
536 831 677 899 Ἐγὼ
725 831 860 901 πρὸς
903 830 994 883 τὸν
1030 831 1162 884 Θεὸν
1201 832 1492 902 ἐκέκραξα.
1521 833 1630 884 Καὶ
1657 831 1709 883 τί

128 924 474 995 ὲκέκραξεν;
533 922 567 992 ἢ
619 921 958 992 λυτρωθῑψαι
1009 924 1109 994 τὴν
1162 923 1341 996 ψυχὴν
1383 924 1548 977 αὐτοῦ
1603 923 1710 976 ἀπὺ

117 1015 232 1068 τῶν
263 1012 574 1084 ζητούντων
604 1011 867 1066 ἀπολέσαι
908 1012 1097 1083 αὑτήν.
1130 1012 1220 1064 Διὸ
1245 1013 1311 1081 δὴ
1342 1012 1710 1082 καὶείσήκου-

118 1123 270 1160 σται.

205 1197 502 1265 Ἐσπέρας
527 1195 622 1250 καί
653 1197 798 1265 πρωὶ
825 1196 923 1250 καί
939 1198 1311 1266 μεσημϐρίας
1331 1198 1706 1268 διηγήσομαι.

131 1289 285 1340 Ἀντὶ
312 1288 432 1351 τοῦ,
465 1287 538 1341 Οὐ
569 1288 850 1358 παύσομαι
875 1287 1250 1358 διηγούμενος,
1267 1291 1350 1342 ὅτι
1374 1289 1437 1360 δὴ
1463 1289 1710 1344 εἰσακού-

119 1398 225 1444 σας
254 1379 597 1450 λελύτρωσαι
627 1378 723 1449 τὴν
751 1378 931 1449 ψυχήν
967 1397 1090 1449 μου.

195 1471 321 1525 Ὅτι
371 1472 442 1524 ἐν
487 1472 740 1536 πολλοῖς
783 1467 946 1541 ἦσαν
984 1472 1106 1525 σὺν
1145 1471 1424 1541 ἐμοί.”οτι
1451 1474 1499 1525 oi
1527 1472 1710 1525 πολλοὶ

121 1563 382 1616 συνίεσαν
412 1562 552 1633 (22‘)
595 1565 713 1616 κατ’
744 1563 878 1633 ἐμοῦ
911 1562 1222 1632 βουλόμενοι
1255 1564 1353 1634 τὴν
1378 1564 1557 1634 ψυχήν
1600 1581 1702 1634 μου

122 1655 388 1726 ἐξαίρειν.

195 1751 280 1800 οὺ
307 1745 421 1816 γάρ
447 1746 619 1798 ἐστιν
661 1743 866 1810 αὐτοῖς
907 1745 1322 1814 ἀντάλλαγμα.
1359 1743 1711 1815 Ταπεινωοή-

1807 578 1925 614 eum
1963 563 2005 592 “
2038 579 2064 627 ;-
2095 577 2220 617 nam
2250 561 2622 630 cognitionem
2651 573 2750 628 pro
2779 557 2887 609 vita
2917 555 3120 624 posuit.

1878 739 1967 792 17.
2007 739 2119 810 Ego
2173 749 2348 794 autem
2392 740 2462 793 ad
2503 739 2670 793 Deum
2720 737 2982 798 clamavi,
3022 744 3070 788 et
3125 733 3386 788 Dominus

1808 831 2077 884 exaudivit
2107 847 2206 884 me.
2244 830 2357 901 Ego
2400 831 2467 885 ad
2515 829 2805 883 Dominum
2851 826 3103 882 clamavi.
3179 827 3384 896 Ecquid

1811 923 2122 977 clamavit?
2181 925 2287 978 nisi
2345 932 2403 977 ut
2456 925 2757 992 eriperetur
2811 921 2990 974 anima
3015 923 3134 991 ejus
3202 925 3270 977 ab
3318 923 3385 977 iis

1810 1013 1904 1082 qui
1945 1029 2064 1066 eam
2115 1015 2338 1083 perdere
2374 1016 2709 1084 quaerebant.
2760 1012 3127 1080 Quamobrem
3158 1016 3385 1070 exaudi-

1809 1117 1898 1161 tus
1925 1114 2034 1159 est-

1885 1195 1974 1249 18.
2031 1193 2247 1263 Vespere
2288 1205 2343 1248 et
2379 1210 2531 1246 mane
2571 1202 2621 1247 et
2655 1195 2872 1248 meridie
2912 1197 3165 1253 narrabo.
3213 1198 3383 1265 Quasi

1810 1287 1992 1342 dicat:
2026 1284 2144 1338 Non
2192 1285 2352 1338 linem
2403 1284 2597 1338 faciam
2648 1287 2972 1354 enarrandi,
3027 1289 3170 1358 quod
3209 1305 3382 1344 exau-
3445 1289 3449 1294 ’

1810 1380 1964 1435 diens
1993 1393 2079 1431 me
2104 1376 2401 1430 redemeris
2427 1377 2666 1429 animam
2696 1391 2892 1431 meam.

1884 1471 1970 1525 l9.
2015 1471 2278 1534 Quoniam
2324 1471 2460 1522 inter
2516 1469 2710 1523 multos
2757 1478 2908 1522 erant
2957 1485 3179 1522 mecum.
3234 1467 3384 1534 Quo-
3428 1513 3440 1528 .

1811 1563 1958 1617 niam
2004 1563 2158 1616 multi
2202 1569 2573 1616 convenerunt
2606 1571 2795 1616 contra
2843 1577 2951 1626 me,
2985 1562 3228 1616 volentes
3259 1559 3382 1614 aui-

1811 1670 1955 1708 mam
1993 1653 2208 1707 auferre
2237 1652 2391 1706 mihi.

1881 1745 1972 1800 20.
2017 1744 2146 1798 Non
2181 1747 2317 1799 enim
2347 1752 2425 1798 est
2458 1743 2569 1797 illis
2607 1742 2976 1796 commutatio.
2996 1740 3382 1794 Humiliabun-

117 1857 327 1901 σονται,
361 1839 546 1909 φησὶν,
583 1837 770 1908 ἐπειδὴ
801 1837 921 1890 οὐδὲ
958 1837 1142 1907 ἔχουσι
1183 1836 1282 1906 τῆς
1325 1836 1499 1906 ψυχῆς
1525 1836 1696 1889 αὐτῶν

1822 1846 1918 1905 Lur,
1950 1839 2144 1908 inquit,
2193 1837 2412 1907 quando
2469 1851 2578 1889 non
2630 1835 2835 1890 habent
2885 1834 3378 1889 commutationem

115 1927 689 1999 ἀντάλλαγμα.”Απαξ
719 1929 828 2002 γὰρ
853 1930 1221 2000 ἀρνησάμενοι
1260 1927 1322 1980 τὸ
1361 1927 1540 1998 τίμιον
1565 1921 1703 1996 αἷμα

111 2022 383 2093 Χριστοῦ,
412 2023 475 2075 τὸ
519 2023 846 2093 εἰλημμένον
894 2021 1249 2090 ἀντάλλαγμα
1299 2019 1439 2091 ὑπὲρ
1475 2020 1576 2090 τῆς
1605 2018 1700 2072 τοῦ

110 2116 325 2186 κόσμου
363 2114 528 2186 ζωῆς,
559 2114 744 2167 οὐκέτι
773 2111 1064 2184 εὐποροῦσι
1097 2112 1314 2183 λύτρον.

190 2293 488 2358 Ἐξέτεινε
531 2292 648 2361 τὴν
691 2294 860 2362 χεῖρα
898 2294 1084 2348 αὑτοῦ
1123 2294 1193 2347 ἐν
1227 2291 1306 2358 τῷ
1329 2292 1696 2347 ἀποδιδόναι.

104 2385 286 2448 Αὐτὸς
334 2385 437 2454 μὲν
489 2384 721 2448 ἐξέτεινε
755 2387 852 2456 τὴν
884 2385 1220 2457 παρεκτικὴν
1252 2388 1408 2456 χεῖρα
1435 2384 1544 2437 τῶν
1570 2386 1702 2452 ὀιγα⁵

105 2478 216 2530 ϐῶν
253 2479 337 2541 είς
363 2478 424 2530 τὸ
460 2477 781 2547 μεταλαϐεῖν
818 2479 1014 2541 αὐτοὺς
1039 2478 1136 2548 τῆς
1169 2477 1446 2545 εὐλογίας’
1476 2479 1525 2529 οἱ
1554 2476 1610 2529 δὲ
1637 2477 1696 2529 οὺ

109 2569 275 2638 μόνον
297 2568 404 2620 οὐκ
427 2565 676 2630 ἐδέξαντο
700 2584 714 2596 ·
745 2567 885 2621 ἀλλὰ.
906 2569 1001 2622 καὶ
1033 2567 1147 2636 τὴν
1170 2566 1462 2634 διαθήκην
1491 2565 1696 2632 #6861}-

105 2661 346 2718 .le'ar,
381 2656 622 2726 δηλονότι
653 2656 752 2727 τὴν
785 2657 1165 2728 εὐαγγελικήν.

175 2750 659 2816 Διεμερίσθησαν
699 2747 818 2802 ἀπὸ
865 2747 1047 2817 ὀργῆς
1089 2749 1195 2802 τοῦ
1242 2748 1565 2816 προσώπου
1589 2750 1696 2802 αὑ-

107 2841 235 2896 τοῦ.
260 2841 482 2911 Ἐπειδὴ
513 2841 808 2912 κακοῦργοι
839 2843 967 2913 περὶ
993 2842 1084 2895 τὸν
1105 2842 1398 2914 εὐεργέτην
1417 2842 1692 2911 γεγόνασι,

103 2935 285 3007 ταύτῃ
315 2951 400 2986 τοι
433 2935 525 2986 καὶ
558 2935 637 2997 εἰς
662 2934 838 2987 πάντα
871 2934 1072 3005 ἄνεμον
1103 2935 1300 2997 αὐτοὺς
1328 2935 1692 3006 διεσκόρπισε.

103 3027 217 3079 Καὶ
269 3024 535 3095 ἤγγισαν
573 3028 632 3079 αἱ
677 3025 909 3093 καρδίαι
950 3025 1168 3080 αὐτῶν.
1218 3025 1386 3080 Πάλιν
1425 3028 1554 3098 περὶ
1601 3026 1694 3079 τοῦ

113 3117 294 3170 Ἰούδα
330 3117 423 3168 τὸν
453 3115 609 3184 λόγον
631 3115 1001 3169 ἀποτείνεται·
1041 3117 1118 3187 Τῇ
1138 3116 1354 3188 καρδίᾳ,
1387 3119 1538 3188 φησὶ,
1568 3135 1696 3170 κατ-

101 3207 335 3272 εδέξατο
366 3209 426 3259 τὸ
474 3207 764 3278 προδοῦναι
795 3207 1048 3277 Χριστόν.
1084 3206 1194 3260 Καὶ
1220 3207 1283 3278 δὴ
1314 3205 1506 3274 λόγους
1541 3224 1703 3278 προσ-

102 3302 307 3371 ἔφερεν
334 3298 578 3361 ἁπαλούς
605 3316 664 3351 τε
697 3300 792 3351 καὶ
812 3297 1010 3360 λείους,
1037 3297 1151 3350 ἀλλ’
1174 3293 1314 3368 ἦσαν
1337 3298 1536 3361 κακίας
1564 3297 1704 3369 πλή-

103 3409 245 3463 ρεις.
272 3391 432 3454 Τίνες
460 3392 518 3444 δὲ
553 3392 603 3443 οἱ
629 3391 776 3459 λόγοι
806 3389 839 3461 ἢ
869 3389 951 3454 τὸ,
981 3389 1177 3458 Χαῖρε,
1210 3388 1428 3452 Ῥαϐϐὶ,
1451 3389 1542 3442 ἐπὶ
1569 3407 1702 3461 προ-

101 3485 266 3555 δοσία
294 3484 592 3553 λεγόμενον
613 3499 628 3548 ;

49 3630 58 3639 ,
189 3577 546 3645 Ἐπιζόριψον
581 3575 679 3627 ἐπὶ
704 3574 924 3642 Κύριον
963 3571 1079 3641 τὴν
1111 3573 1405 3643 μέριμνάν
1439 3588 1576 3638 σου,
1597 3574 1698 3628 καί

102 3671 294 3735 αὐτός
343 3684 419 3721 σε
464 3666 1020 3737 διαθρέψει.”ομοιον
1046 3665 1106 3718 τό
1125 3683 1138 3695 ο
1174 3667 1269 3733 Μὴ
1293 3667 1700 3736 μεριμνήσητε

103 3764 166 3816 τί
187 3761 446 3831 φάγητε,
478 3759 516 3827 ἢ
549 3760 605 3812 τί
627 3760 822 3826 πίητε,
854 3757 894 3825 ἢ
924 3757 982 3810 τί
1020 3757 1378 3824 ἐνδύσησθε.
1413 3760 1493 3812 Οὐ
1518 3759 1698 3814 δώσει

104 3852 193 3915 εἰς
219 3850 329 3901 τὸν
350 3846 538 3900 αἰῶνα
569 3845 768 3898 σάλον
801 3845 882 3909 τῷ
914 3845 1136 3909 δικαίῳ.
1157 3847 1300 3898 Ἀντὶ
1324 3847 1440 3899 τοῦ·
1461 3848 1698 3901 Ἐκσπά-

106 3957 191 3993 σει
213 3939 345 4002 τοὺς
374 3937 615 3999 δικαίους
640 3938 698 3989 ἐν
729 3935 891 3989 παντὶ
920 3935 1094 4007 καιρῷ
1126 3936 1240 3989 ἀπὸ·
1270 3938 1451 4009 πάσης
1497 3941 1694 3992 ἐπανα-

107 4029 357 4090 στάσεως
384 4026 615 4097 ἐχθρῶν.

175 4120 263 4174 Σὺ
290 4119 383 4185 δὲ,
415 4121 447 4171 ό
471 4117 634 4182 Θεὸς,
664 4114 938 4182 κατάξεις
972 4117 1193 4186 αὐτοὺς
1223 4121 1311 4186 εἱς
1352 4119 1538 4189 φρέαρ
1578 4121 1696 4175 δια-

105 4209 352 4280 φθορᾶς.
409 4208 550 4271 Τοὺς
599 4209 1005 4273 ὲπαναστάντας
1049 4209 1288 4282 δηλονότι
1332 4213 1426 4265 καὶ
1477 4214 1694 4285 σταυρῷ

105 4303 473 4374 παραδόντας.
514 4300 695 4370 Φρέαρ
727 4300 836 4372 γὰρ
868 4301 1164 4372 διαφθορᾶς
1204 4304 1296 4356 τὸν
1339 4304 1472 4375 ᾇδην
1507 4305 1690 4374 φησίν.

107 4395 352 4462 Ἄνδρες
400 4394 665 4461 αἱμάτων
693 4392 791 4444 καὶ
826 4393 1172 4460 δολιότητος
1214 4397 1286 4448 οὐ
1327 4395 1413 4464 μὴ
1447 4399 1693 4466 -ὴμισεύ-

1810 1932 2004 1985 animae
2063 1945 2194 1985 suae.
2243 1927 2377 1981 Nam
2433 1943 2558 1981 eum
2609 1928 2775 1982 semel
2827 1927 3126 1996 pretiosum
3175 1923 3381 1978 Christi

1808 2023 2125 2090 sanguinem
2149 2021 2490 2091 abnegarint,
2519 2019 2612 2088 qui
2636 2026 2893 2087 acet-plus
2925 2016 3026 2070 fuit
3049 2016 3101 2068 in
3129 2031 3378 2070 commu-

1809 2115 2065 2168 tationem
2096 2129 2193 2182 pro
2211 2113 2319 2166 vita
2344 2112 2553 2174 mundi,
2581 2125 2687 2164 non
2721 2111 2862 2164 ultra
2883 2107 3118 2178 suppetit
3143 2106 3379 2176 pretium

1807 2205 2221 2274 redemptionis.

1876 2298 1966 2350 21.
2015 2295 2264 2349 Extendit
2317 2309 2531 2347 manum
2565 2307 2720 2344 suam
2757 2292 2812 2344 in
2856 2289 3209 2344 retribuendo.
3253 2286 3378 2357 Ipsa

1806 2391 2024 2460 quidem
2074 2387 2314 2442 extendit
2355 2401 2576 2438 manum
2623 2399 2777 2437 suam
2828 2383 3109 2456 bon-orum.
3143 2379 3380 2447 largitri-

1805 2499 1920 2538 cem
1971 2489 2030 2534 ut
2077 2479 2178 2548 ipsi
2233 2477 2572 2547 perciperent
2617 2473 3046 2529 benedictionem
3081 2492 3096 2538 ;
3127 2473 3203 2526 illi
3248 2486 3379 2529 ven)

1806 2591 1912 2628 non
1951 2573 2114 2627 modo
2146 2588 2254 2626 non
2287 2579 2628 2638 receperunt,
2669 2569 2760 2622 sed
2796 2567 2956 2620 etiam
2989 2568 3379 2620 contaminave-

1805 2673 1928 2718 runt
1953 2671 2347 2724 testamentum,
2379 2659 2591 2714 scilicet
2615 2657 3010 2726 evangelicum.

1874 2759 1964 2812 Ἡ.
2007 2757 2176 2810 Divisi
2216 2767 2336 2808 sunt
2375 2753 2440 2806 ab
2482 2754 2564 2805 ira
2593 2750 2767 2804 vultus
2792 2750 2927 2816 ejus.
2971 2747 3261 2813 Quoniam,
3293 2745 3378 2798 in-

1802 2851 1940 2920 quit,
1992 2851 2046 2903 in
2090 2847 2491 2903 benefactorem
2523 2842 2755 2912 improbi
2785 2849 2841 2896 et
2882 2839 3103 2908 maligni
3137 2836 3375 2901 fuerunt,

1804 2945 1923 2998 ideo
1946 2941 2232 3010 dissipavit
2270 2939 2392 2993 illos
2435 2937 2488 2989 in
2535 2950 2751 2988 onmem
2787 2942 3030 2986 ventum.
3076 2929 3144 2982 Et
3185 2943 3377 2997 appro-

1801 3039 2185 3107 pinquaverunt
2221 3032 2383 3086 corda
2421 3029 2657 3083 illorum.
2697 3027 2931 3081 Rursum
2971 3023 3038 3077 de
3080 3021 3218 3075 Juda
3262 3035 3378 3074 ser-

1803 3145 2022 3185 monem
2058 3127 2294 3183 instituit
2323 3143 2336 3178 :
2365 3123 2562 3184 Corde,
2613 3121 2824 3190 inquit,
2873 3115 3133 3188 prodendi
3170 3111 3376 3167 Christi

1805 3221 2094 3277 consilium
2122 3218 2361 3274 admisit.
2395 3215 2460 3271 Et
2499 3215 2716 3285 quidem
2763 3211 2900 3266 lenia
2927 3218 2981 3264 et
3010 3207 3205 3262 blanda
3245 3221 3377 3274 pro-

1801 3311 2030 3374 ferebat,
2056 3311 2148 3366 scd
2174 3324 2297 3376 quze
2330 3316 2515 3361 essent
2545 3305 2751 3360 malitia
2785 3303 2962 3372 plena.
2995 3299 3128 3365 Quae
3158 3298 3321 3352 verba
3358 3297 3378 3351 ί

1802 3401 1908 3456 nisi
1957 3399 2087 3453 illud
2129 3419 2150 3452 ;
2177 3399 2304 3464 Ave,
2336 3396 2502 3450 Rabbi
2535 3397 2604 3460 τ’,
2641 3393 2784 3465 quod
2823 3391 2878 3444 in
2927 3386 3204 3459 prodendo
3249 3401 3377 3456 pro-

1801 3493 1944 3546 tulit.

1869 3584 1961 3639 25.
2004 3583 2164 3638 Jacta
2198 3597 2354 3650 super
2387 3579 2668 3633 Dominum
2703 3593 2886 3631 curam
2913 3584 3080 3639 tuam,
3106 3583 3154 3627 et
3179 3574 3290 3639 ipse
3325 3579 3374 3624 te

1798 3676 2043 3730 enutriet.
2081 3672 2270 3727 Simile
2319 3671 2451 3724 illud
2499 3689 2512 3724 :
2566 3669 2748 3723 Nolite
2795 3668 3011 3721 solliciti
3059 3681 3192 3728 esse,
3243 3663 3372 3733 quid

1799 3763 2205 3828 manducabitis,
2225 3762 2460 3831 autquid
2493 3761 2699 3824 bibetis,
2719 3769 2810 3812 aut
2837 3776 2938 3829 quo
2982 3755 3370 3826 operiemini".

1803 3852 1928 3904 Non
1992 3851 2141 3904 dabit
2196 3852 2251 3903 in
2307 3861 2559 3904 azternum
2591 3844 3371 3916 ﬂuctuationemjusto.Quasi

1797 3945 1942 3998 dicat
1978 3963 1994 3998 :
2027 3941 2187 3996 Omni
2225 3950 2467 4010 tempore
2496 3941 2678 4010 justos
2711 3941 2958 3995 extrahet
2987 3939 3054 3992 ab
3079 3939 3228 3992 omni
3263 3938 3363 3991 im-

1795 4044 1920 4105 petu
1959 4033 2328 4087 inimicorum.

1863 4125 1955 4180 24.
2009 4123 2088 4176 Tu
2115 4141 2249 4186 vero,
2289 4122 2449 4188 Deus,
2480 4121 2702 4174 deduces
2749 4135 2834 4172 eos
2871 4120 2927 4172 in
2952 4124 3165 4186 puteum
3204 4116 3368 4168 inter-

1794 4219 1922 4272 itus.
1945 4216 2050 4271 Eos
2072 4217 2276 4270 scilicet
2307 4217 2399 4284 qui
2440 4214 2803 4282 insurgerent,
2841 4219 2898 4264 ut
2937 4207 3367 4277 crueiligendum

1794 4310 2086 4363 traderent.
2126 4307 2355 4361 Puteum
2390 4306 2535 4359 enim
2579 4303 2832 4357 interitus
2879 4302 3152 4354 infernum
3187 4306 3366 4351 vocat.

1805 4399 1918 4453 Viri
1949 4400 2264 4470 sanguiaum
2287 4407 2334 4451 et
2366 4397 2538 4450 dolosi
2568 4413 2670 4448 non
2700 4392 3055 4446 dimidiabunt
3083 4391 3193 4442 dies
3219 4405 3365 4442 suos.

103 4500 260 4540 σωσι
298 4485 409 4549 τὰς
430 4483 656 4552 ἡμέρας
689 4482 1150 4556 αὑτῶν.”Ανδρας
1178 4488 1422 4557 αἱμάτων
1448 4490 1573 4552 τοὺς
1598 4489 1690 4544 τὸν

1822 4491 1954 4548 liros
1983 4493 2312 4561 sanguinum
2348 4489 2480 4543 dicit
2521 4503 2616 4542 eos
2656 4487 2749 4556 qui
2787 4487 2910 4540 vitae
2942 4484 3243 4552 principem
3277 4482 3364 4534 in-

102 4579 350 4652 ἀρχηγὸν
393 4578 492 4648 τῆς
521 4575 665 4647 ζωῆς
709 4575 1137 4640 ἀποκτείναντάς
1168 4594 1350 4649 φησιν,
1391 4580 1438 4632 οἳ
1465 4581 1556 4633 καὶ
1585 4581 1686 4650 τῆς

101 4674 248 4743 ζωῆς
281 4673 344 4724 οὐ
381 4668 778 4741 πεπληρώκασι
808 4669 896 4722 τὸν
919 4670 1130 4740 χρόνων
1165 4675 1230 4742 τῇ
1270 4673 1552 4742 Ῥωμαίων
1580 4690 1685 4726 πα·

103 4765 422 4835 ραδοθὲντες
457 4762 720 4832 μαχαίρᾳ.

100 4859 205 4924 Eli;
233 4856 301 4910 τὸ
329 4855 525 4920 τέλος,
540 4853 691 4921 ὑπὲρ
716 4852 824 4907 τοῦ
853 4851 1007 4906 λαοῦ
1027 4851 1146 4906 ἀπὸ
1165 4853 1282 4905 τῶν
1297 4854 1480 4923 ἁγίων
1497 4872 1682 4924 μεμα-

173 4946 538 5017 κρυμμένσυ,
563 4944 644 5009 τῷ
669 4944 849 4997 Δαυῒδ
876 4947 962 5010 εὶς
988 4948 1481 5016 στηλογραρίαν,ξ
1500 4949 1678 5002 ὁπότε

179 5037 528 5105 ἐκράτησαν
547 5033 734 5089 αὑτὸν
757 5037 809 5087 οί
831 5035 1170 5101 ἀλλόφυλοι
1196 5035 1266 5087 ἐν
1289 5036 1426 5090 Γέθ.
1454 5036 1586 5091 NE".

735 5125 1058 5190 Ὑπόθεσις.

99 5219 261 5274 Δαυῖδ
293 5235 513 5288 φευγων
543 5217 633 5270 τὸν
666 5215 838 5270 Σαοὺλ
881 5215 1006 5286 ἔσχε
1055 5217 1183 5280 τοὺς
1229 5219 1680 5277 συνακολουθοῦν-

165 5331 267 5375 τας
308 5310 458 5381 αὐτῷ
505 5309 703 5380 ἄνδρας
747 5307 1078 5372 ἑξακοσίους.
1112 5305 1246 5362 Εἶτα
1273 5315 1677 5382 παρερχόμενος

165 5408 248 5468 είς
271 5402 371 5456 Γὲθ
400 5402 688 5472 τετίμηται
718 5400 870 5472 παρὰ
888 5400 996 5454 τῶν
1022 5399 1360 5469 ἀλλοφύλων·
1395 5404 1675 5477 ἀφώρισαν

163 5497 277 5568 γὰρ
308 5493 459 5564 αὐτῷ
493 5494 808 5564 οἰκητήριον
852 5494 951 5548 τὴν
996 5493 1243 5548 Σικελάν.
1263 5496 1608 5568 Ἀναφέροιτο
1631 5501 1675 5554 δ’

1792 4583 2140 4645 terfecerunt,
2182 4582 2275 4652 qui
2310 4582 2470 4634 etiam
2501 4590 2715 4648 tempus
2742 4579 2864 4632 vitae
2902 4593 3014 4632 sua:
3044 4591 3151 4631 non
3192 4573 3367 4646 peric-—

1789 4683 2004 4739 cerunt,
2029 4673 2401 4726 Romanorum
2430 4669 2610 4742 gladio
2634 4668 2837 4722 traditi.

1789 4855 1841 4908 1.
1882 4852 1949 4907 1η
1980 4854 2160 4922 ﬁnem,
2208 4868 2302 4920 pro
2336 4851 2526 4920 populo
2563 4851 2653 4921 qui
2697 4867 2729 4902 a
2764 4849 2965 4903 sanctis
2992 4846 3143 4916 longe
3185 4844 3362 4914 factus

1857 4956 1958 5010 est,
1984 4947 2087 5015 ipsi
2119 4943 2288 5000 David
2312 4945 2366 4996 ia
2404 4943 2547 4996 tituli
2585 4942 3008 5010 inscriptionem,
3043 4955 3161 4993 cum
3187 4948 3365 4991 tenue-

1859 5049 1982 5095 runt
2005 5055 2122 5093 eum
2151 5037 2402 5108 allophyli
2429 5038 2482 5090 in
2513 5035 2662 5089 Geth.
2695 5033 2809 5088 ιγ.

2396 5130 2796 5199 Argumentum.

1784 5223 1954 5279 David
2004 5221 2219 5276 Saulem
2253 5220 2490 5291 fugiens,
2519 5229 2806 5275 sexcentos
2852 5217 3001 5271 viros
3038 5211 3228 5268 habuit
3270 5226 3358 5265 se-

1855 5324 2088 5386 quentes
2139 5330 2218 5370 se.
2267 5313 2471 5369 Deinde
2508 5314 2782 5367 transiens
2816 5311 2870 5364 in
2911 5309 3070 5373 Geth,
3105 5320 3228 5359 eum
3259 5303 3358 5354 ho-

1849 5423 1982 5462 nore
2004 5407 2274 5477 excipitur
2297 5407 2366 5460 ab
2395 5406 2716 5476 alienigenis
2744 5424 2755 5458 ε
2786 5421 2910 5459 nam
2931 5403 3031 5471 ipsi
3059 5397 3354 5468 separatim

1856 5501 1909 5554 in
1931 5501 2267 5555 domicilium
2301 5499 2643 5555 tradiderunt
2659 5500 2958 5555 Sicelam".
2991 5493 3202 5550 Referri
3223 5493 3353 5547 item

181 5634 201 5667 ¹
230 5631 422 5685 Matth.
461 5645 574 5692 ut,
600 5628 691 5683 '58.
767 5629 811 5659 ⁷²
847 5627 1038 5682 Matth.
1071 5644 1222 5692 xxvr.
1258 5628 1345 5684 49.
1420 5633 1466 5664 ⁷³
1491 5633 1680 5695 Matth.

1834 5640 1954 5696 3|;
1991 5638 2037 5671 ⁷⁵
2072 5635 2247 5710 lReg.
2283 5651 2451 5703 xxvu,
2479 5635 2603 5693 ἓ-ϐ.

173 5745 310 5816 (22‘)
349 5742 513 5802 Forte
549 5743 837 5814 συνῄεσαν,
868 5751 922 5799 et
952 5759 1075 5798 mox
1107 5746 1360 5816 ἐξαιρεῖν.
1393 5746 1548 5806 Εοιτ.
