3872 6216
479 363 587 422 255

1326 360 1383 417 S.
1426 360 1799 417 ATHANASII
1837 361 1986 417 OPP.
2023 361 2204 417 PARS
2239 361 2328 415 Ill.
2361 391 2432 403 —
2467 358 2879 416 EXEGETICA.

3625 361 3730 416 9.56

557 489 734 551 potest
761 481 1004 550 psalmus
1044 477 1110 532 ad
1147 494 1436 548 personam
1467 479 1741 544 Ecclesiae,
1765 495 1887 550 quae
1921 481 2042 550 qui-
2078 534 2082 543 η

2221 479 2286 533 ἂν
2313 482 2341 533 6
2373 479 2585 549 ψαλμδς
2609 480 2702 532 καὶ
2729 481 2807 540 είς
2832 477 3121 546 πρόσωπον
3148 477 3245 547 τῆς
3278 475 3607 546 Ἑκκλησίας
3635 478 3733 547 τῆς

551 574 673 627 dem
703 574 832 626 ol-ini
864 571 1051 640 procul
1081 586 1110 624 a
1153 571 1354 625 sanctis
1387 573 1561 640 posita
1593 579 1732 634 erat,
1776 586 1886 640 quo
1913 581 2053 625 tem-

553 678 683 733 pore
715 672 829 717 erat
861 662 1174 716 idololatriae
1215 663 1418 724 dedita,
1461 675 1516 718 et
1559 665 1897 718 daemonibus
1944 679 2055 718 ser-

558 755 757 807 viebat.
794 753 872 805 Eo
903 764 1082 807 autem
1116 771 1145 808 a
1187 755 1562 822 spiritualibus
1604 756 2059 823 inimiciserepta

556 855 633 900 est
663 860 905 914 pereum
939 847 1027 910 qui
1058 862 1124 899 ex
1169 847 1378 900 semine
1406 847 1573 901 David
1602 849 1903 902 secundum
1935 863 2059 902 car-

553 952 675 989 nem
703 937 921 1004 prodiit,
947 938 1037 1003 qui
1074 938 1271 990 bellum
1309 955 1406 1007 pro
1435 939 1594 992 nobis
1619 939 1808 1008 gessit,
1830 949 1881 992 et
1901 938 2058 1007 quasi

553 1024 606 1078 in
639 1025 798 1093 cippo
835 1028 1118 1080 victoriam
1157 1043 1254 1096 pro
1285 1029 1443 1083 nobis
1490 1040 1697 1097 partam
1745 1029 2056 1098 descripsit.

553 1113 707 1168 Tunc
736 1117 880 1168 enim
918 1132 1040 1168 eum
1069 1118 1385 1184 alienigenae
1412 1119 1616 1172 honore
1650 1118 1968 1183 affecerunt,
2007 1118 2059 1172 id

554 1217 661 1269 εει,
723 1205 817 1274 qui
879 1221 946 1260 ex
1009 1209 1251 1275 gentium
1313 1223 1544 1262 numero
1605 1208 1954 1274 crediderunt
2005 1209 2061 1263 in

556 1308 703 1347 eum.

553 1387 607 1440 2.
650 1385 898 1439 Miserere
934 1387 1052 1452 mei,
1100 1387 1258 1451 Deus,
1311 1392 1557 1459 quoniam
1609 1393 1930 1446 conculcavit
1982 1411 2062 1449 me

482 1474 660 1527 homo.
702 1473 811 1526 Aut
849 1475 914 1528 de
955 1474 1117 1529 Saule
1158 1478 1288 1532 illud
1341 1479 1507 1533 David
1559 1483 1655 1547 ait,
1693 1493 1786 1537 aut
1837 1495 2061 1540 sanctus

483 1567 736 1634 quilibet.
778 1568 848 1619 ob
904 1582 1180 1622 aerumnas
1228 1587 1349 1638 qua:
1391 1573 1445 1624 in
1484 1574 1583 1628 hac
1625 1576 1735 1628 vita
1781 1577 2057 1632 accidunt.

484 1655 814 1724 Plerumque
866 1666 1048 1710 autem
1116 1661 1383 1730 contingit
1446 1671 1504 1715 ut
1547 1663 1820 1719 demissus
1876 1674 2062 1720 noster

487 1748 653 1802 homo
681 1750 783 1803 hoc
811 1751 1194 1819 gravissimum
1226 1753 1418 1806 subeat
1445 1753 1668 1821 bellum,
1701 1763 1810 1809 tota
1851 1756 1938 1810 die
1965 1772 2062 1824 per

2233 573 2399 625 πάλαι
2447 575 2542 642 μὲν
2587 573 2692 624 ἀπὸ
2731 571 2837 622 τῶν
2873 569 3041 638 ἁγίων
3087 571 3579 640 μεμακρυμμένης,
3611 568 3731 624 καθ’

2233 663 2291 716 ὃν
2335 663 2705 733 εἰδωλολάτρει
2752 661 2961 730 καιρὸν,
2990 661 3082 712 καὶ
3106 659 3459 729 δουλευούσης
3490 661 3728 731 δαίμοσι.

2245 754 2559 824 Ῥυσθείσης
2591 755 2646 807 δὲ
2674 753 2782 806 τῶν
2818 753 3022 824 νοητῶν
3055 752 3262 823 ἐχθρῶν
3288 753 3374 806 διὰ
3395 753 3488 805 τοῦ
3518 755 3738 820 γεγονό-

2232 864 2324 911 τος
2353 850 2415 900 ἐκ
2446 847 2756 917 σπέρματος
2787 847 2878 898 τοῦ
2913 845 3053 898 κατὰ
3089 847 3264 916 σάρκα
3299 847 3604 908 Δαυῖδίτοῦ
3643 849 3737 899 καὶ

2233 939 2640 1009 πολεμήσαντος
2664 938 2799 1008 ὑπὲρ
2822 938 2999 1008 ἡμῶν,
3030 937 3122 989 καὶ
3151 937 3336 1006 ὥσπερ
3365 941 3419 989 ἐν
3449 940 3617 1010 στήλῃ
3640 940 3740 1008 τὴν

2233 1030 2372 1099 ὑπὲρ
2405 1032 2436 1098 ἡ
2448 1029 2562 1098 μῶν
2600 1028 2756 1096 νίκην
2789 1028 3114 1098 γράψαντος.
3151 1028 3283 1080 Τότε
3313 1029 3420 1100 γὰρ
3446 1029 3538 1082 καὶ
3570 1029 3740 1098 τιμῆς

2231 1122 2392 1175 αὐτὸν
2425 1124 2471 1174 οἱ
2504 1121 2789 1188 ἀλλόφυλοι
2823 1120 3080 1188 ἠξίωσαν,
3105 1122 3374 1174 τουτέστιν
3399 1123 3448 1173 οί
3473 1121 3532 1184 ἐξ
3567 1121 3744 1174 ἐθνῶν

2233 1213 2582 1274 πιστεύοντες
2615 1213 2694 1275 είς
2720 1211 2898 1264 αὐτόν.

2245 1379 2531 1455 Ἐλέησόν
2562 1408 2658 1457 με,
2690 1393 2723 1444 ὀ
2765 1390 2928 1454 Θεὸς,
2973 1389 3061 1442 ὅτι
3106 1389 3483 1457 κατεπάτησέ
3521 1407 3598 1459 με
3638 1390 3748 1442 ἄνη

2163 1479 2492 1546 θρωπος.”Η
2545 1479 2672 1548 περὶ
2719 1477 2812 1530 τοῦ
2859 1477 3029 1531 Σαοὺλ
3081 1480 3108 1530 6
3155 1477 3317 1530 Δαυῖδ
3358 1495 3541 1548 φησιν,
3576 1478 3610 1548 ἢ
3649 1478 3754 1530 καὶ

2162 1570 2314 1638 ἅγιος
2360 1573 2486 1632 πᾶς,
2516 1569 2602 1622 διὰ
2649 1569 2748 1632 τὰς
2794 1568 3002 1637 θλίψεις
3047 1567 3112 1632 ἃς
3162 1568 3374 1638 ἔχουσιν
3424 1572 3479 1621 ἐν
3523 1569 3601 1640 τῷ
3652 1571 3753 1622 κό-

2165 1679 2285 1732 σμῳ
2316 1660 2444 1730 (22).
2490 1660 2755 1721 Πολλάκις
2779 1659 2834 1713 δέ
2860 1661 2954 1712 καὶ
2999 1661 3026 1711 6
3057 1659 3240 1722 καθεὶς
3268 1659 3422 1730 ἡμῶν
3456 1660 3751 1730 ἄνθρωπος

2163 1753 2254 1805 τὸν
2298 1752 2534 1823 χαλεπὸν
2581 1751 2767 1804 τοῦτον
2816 1752 3108 1820 ὑφίσταται
3164 1752 3418 1822 πόλεμον,
3467 1753 3597 1823 ὃλην
3643 1753 3752 1821 τὴν

483 1837 748 1895 Satanam
796 1843 1176 1911 impugnatus,
1224 1853 1386 1912 atque
1420 1846 1489 1898 ab
1535 1819 1661 1915 ipso
1685 1819 2058 1903 conculcatus.

2185 1845 2376 1916 ξμέραν
2403 1844 2550 1914 παρὰ
2583 1843 2675 1896 τοῦ
2707 1844 2921 1896 Σατανᾶ
2946 1843 3348 1914 πολεμούμενος
3377 1844 3467 1897 καὶ
3494 1845 3626 1914 παρ’
3648 1846 3756 1897 αὐ-

485 1931 637 1987 Licet
673 1932 818 1986 enim
867 1935 1143 1988 hominem
1182 1935 1420 2004 psalmus
1461 1949 1875 2004 commemoret,
1923 1949 2064 1994 atta-

483 2039 610 2078 men
639 2025 815 2092 ipsum
842 2023 1100 2079 Satanam
1136 2027 1457 2095 plerumque
1484 2029 1536 2082 in
1564 2028 1746 2084 divina
1779 2029 2062 2101 Scriptura

483 2117 853 2177 nominatum,
899 2123 993 2170 aut
1040 2118 1277 2186 aliquem
1324 2133 1390 2172 ex
1435 2120 1554 2189 ejus
1594 2123 2063 2179 commilitonibus

485 2206 813 2262 subindicat.
849 2206 1117 2260 Caeterum
1153 2209 1266 2261 haec
1301 2210 1370 2261 ab
1405 2209 1522 2278 ipso
1546 2212 1825 2279 gentilium
1863 2215 2064 2282 populo

484 2298 863 2366 respondendo
886 2300 1093 2352 cantari
1111 2312 1540 2354 consentaneum
1568 2310 1670 2363 est,
1691 2303 1783 2372 qui
1802 2304 2064 2358 diuturno

483 2395 727 2456 tempore
774 2403 868 2457 per
915 2387 1172 2442 Satanam
1225 2390 1483 2459 deceptus
1531 2407 1594 2446 ac
1658 2394 2064 2450 circumventus

485 2478 613 2541 fuit,
647 2480 874 2549 ejusque
905 2481 1108 2534 bellum
1155 2496 1249 2550 per
1283 2483 1591 2536 daemonum
1633 2484 1862 2538 insidias
1901 2487 2067 2540 susti-

485 2577 606 2631 nuit
639 2597 651 2632 :
685 2595 824 2646 quos
849 2579 899 2630 in
928 2578 1281 2644 sequentibus
1316 2579 1560 2647 apertius
1592 2579 1924 2634 subindicat.

557 2670 610 2724 5.
647 2670 1097 2724 Conculcavernnt
1125 2687 1205 2722 me
1235 2671 1438 2724 inimici
1469 2673 1568 2725 mei
1597 2681 1705 2724 tota
1727 2672 1830 2726 die.
1851 2670 2067 2726 Sciebat

487 2761 706 2817 Saniem
766 2764 994 2818 insidias
1042 2765 1144 2818 sibi
1187 2780 1403 2833 parare,
1450 2765 1836 2834 instigantibus
1878 2765 2068 2820 invisi-

487 2857 688 2910 bilibus
739 2855 1100 2911 daemonibus.
1164 2857 1272 2910 Aut
1341 2858 1472 2909 illud
1522 2858 1724 2911 indicat
1774 2859 1939 2910 :Non
1988 2865 2066 2910 est

487 2945 635 2999 nobis
667 2961 843 3014 pugna
887 2961 1004 2996 cum
1051 2962 1206 2999 carne
1236 2931 1283 2998 et
1322 2947 1597 3014 sanguine,
1627 2945 1716 2998 sed
1758 2961 1876 2997 cum
1907 2946 2066 3013 spiri-

490 3036 720 3088 tualibus
766 3035 1010 3103 nequitia:
1053 3035 1107 3086 in
1150 3035 1444 3087 coelestibus
1485 3036 1551 3086 ⁷⁵.
1599 3036 1861 3100 Quoniam
1911 3036 2068 3089 mulli

488 3124 740 3178 bellantes
776 3127 1052 3178 adversum
1099 3143 1198 3188 me,
1253 3127 1316 3178 ab
1365 3127 1669 3180 altitudine.
1716 3126 1940 3181 Etiamsi
1989 3127 2065 3180 ir-

489 3232 766 3288 rumpant,
808 3220 1001 3288 inquit,
1037 3221 1130 3274 sed
1176 3235 1270 3288 spe
1308 3221 1384 3273 tui
1407 3221 1594 3289 giretns
1629 3237 1820 3275 omnes
1845 3235 2070 3289 supcra-

489 3311 581 3365 bo.
630 3309 755 3366 Htec
794 3313 939 3366 enim
979 3328 1100 3382 spes
1137 3321 1341 3366 tantam
1381 3315 1513 3367 mihi
1561 3315 1749 3367 tribuit
1794 3313 2068 3366 fortitudi-

491 3418 638 3469 nem,
685 3413 743 3458 ιιι
795 3421 890 3461 eos
931 3407 1025 3475 qui
1073 3408 1205 3461 mihi
1249 3407 1433 3461 hostes
1479 3406 1608 3461 olim
1651 3415 1806 3461 erant
1846 3404 2070 3458 minime

490 3494 865 3551 reformidem.

531 3585 616 3640 '5.
674 3585 737 3640 In
766 3587 870 3640 Deo
899 3585 1126 3639 laudabo
1171 3601 1434 3638 sermones
1483 3599 1644 3637 meos.
1693 3583 1775 3638 Ab
1807 3585 2067 3653 inimicis,

492 3679 687 3747 inquit,
726 3680 864 3733 bello
893 3679 1180 3747 appetitus,
1213 3687 1270 3731 ut
1302 3677 1435 3730 nihil
1456 3676 1627 3730 laedar
1656 3693 1806 3731 arma
1837 3678 2068 3746 sumpsi,

493 3783 774 3824 sermones
809 3785 958 3823 meos
991 3784 1182 3822 omnes
1225 3769 1279 3820 in
1322 3769 1533 3821 cantica
1587 3768 1827 3820 converti
1873 3776 1927 3820 et
1963 3767 2071 3821 Deo

493 3859 696 3920 obtuli,
728 3874 989 3927 spemque
1038 3860 1090 3910 in
1141 3859 1289 3911 illum
1345 3858 1610 3914 collocavi
1651 3877 1664 3912 :
1713 3858 2070 3927 quamobrem

493 3953 761 4006 universae
789 3951 969 4006 carnis
1001 3951 1251 4005 timorem
1273 3950 1432 4020 eieci.

564 4129 616 4183 6.
639 4128 770 4182 Tota
800 4127 883 4181 die
911 4130 1063 4180 verba
1083 4143 1194 4179 mea
1217 4128 1652 4179 exsecrabantur.
1690 4121 1802 4192 Ego
1827 4122 2072 4191 quidem,

495 4220 590 4274 ait.
621 4229 730 4272 tota
772 4219 859 4271 die
906 4217 1070 4271 verba
1119 4231 1238 4269 mea
1286 4218 1393 4268 Deo
1439 4214 1776 4278 olferebam;
1828 4214 1907 4266 illi
1943 4228 2074 4267 vero

495 4327 602 4364 non
629 4310 786 4363 linem
813 4309 1082 4364 faciebant
1115 4318 1226 4362 tota
1255 4310 1342 4362 die
1374 4307 1598 4362 curandi
1622 4314 1678 4359 ut
1701 4306 1904 4360 malum
1940 4307 2074 4360 mihi

493 4400 816 4473 inﬂigerent.
870 4400 1250 4454 lnltabitabunt
1298 4408 1347 4452 et
1410 4399 1749 4462 abscondent,
1799 4400 1904 4467 ipsi
1965 4399 2077 4452 cal-

2161 1934 2256 1988 τοῦ
2303 1934 2658 2004 πατούμενος.
2712 1934 2776 1986 El
2818 1933 2928 2003 γὰρ
2977 1935 3072 1987 καὶ
3120 1933 3406 2003 ἀνθρώπου
3454 1938 3484 1989 6
3529 1935 3754 2005 ψαλμὸς

2163 2027 2590 2096 ἐμνημόνευσεν,
2625 2024 2740 2078 ἀλλ’
2765 2026 2915 2095 ὅμως
2958 2025 3050 2078 τὸν
3083 2027 3325 2078 Σατανᾶν
3356 2026 3538 2086 αὐτὸν,
3568 2027 3628 2078 ἐν
3677 2030 3748 2096 τῇ

2165 2117 2286 2188 θείᾳ
2311 2118 2500 2187 Γραφῇ
2532 2116 2792 2179 πολλάκις
2826 2117 3239 2187 ὀνομαζόμενον.
3277 2118 3308 2189 ἧ
3337 2135 3457 2170 τινα
3486 2118 3595 2171 τῶν
3630 2118 3764 2170 ἐκεῖ

2167 2211 2605 2281 στρατευομένων
2653 2211 2970 2265 αἰνίττεται.
3006 2211 3151 2282 Πλὴν
3204 2211 3416 2264 καὶτὸν
3463 2211 3589 2264 λαὸν
3636 2212 3756 2263 τῶν

2165 2303 2330 2354 ἐθνῶν
2361 2301 2534 2355 ταῦτα
2558 2302 2883 2370 ὑποψάλλειν
2906 2302 3017 2373 (25)
3049 2303 3324 2374 ἁρμόδιον,
3356 2305 3535 2373 χρόνῳ
3566 2302 3754 2374 πολλῷ

2166 2392 2271 2443 ὑπὸ
2302 2390 2392 2442 τοῦ
2421 2391 2630 2444 Σατανᾶ
2659 2390 3026 2462 ἁπατηθέντα,
3059 2392 3149 2444 καὶ
3182 2393 3272 2445 τὸν
3304 2396 3434 2466 παρ’
3455 2393 3621 2446 αὑτοῦ
3655 2396 3754 2446 1v}-

2165 2481 2328 2552 λεμον
2359 2482 2446 2534 διὰ
2476 2483 2574 2554 τῆς
2604 2483 2710 2535 τῶν
2738 2483 3006 2553 δαιμόνων
3038 2484 3329 2553 ἐπιϐουλῆς
3353 2486 3748 2554 ὑπομείναντα,

2166 2573 2260 2636 οὓς
2293 2575 2350 2626 ἐν
2381 2553 2499 2635 τοῖξ
2523 2573 2650 2641 ἐξῆς
2688 2575 3021 2644 σαφέστερον
3052 2575 3250 2646 ἔφησεν
3283 2577 3674 2646 αἰνιττόμενος.

2237 2664 2672 2728 Κατεπάτησάν
2688 2683 2765 2732 με
2789 2667 2842 2718 οἱ
2880 2665 3080 2734 ἐχθροί
3112 2685 3231 2734 μου
3275 2667 3427 2733 ὅλην
3463 2667 3581 2734 τὴν
3609 2671 3751 2737 ἠμε-

2159 2756 2485 2825 ραν.¹ᾘδει,
2514 2758 2595 2809 ὅτι
2629 2759 2799 2811 Σαοὺλ
2836 2759 3226 2812 ἐπεϐούλευσεν
3270 2760 3417 2828 αὐτῷ
3450 2759 3753 2829 ἐνηχοῦμε-

2167 2862 2256 2908 νος
2309 2845 2460 2916 παρὰ
2500 2848 2607 2899 τῶν
2659 2849 2906 2918 ἀοράτων
2946 2849 3319 2918 δαιμόνων.”Η
3361 2851 3455 2902 καὶ
3500 2852 3585 2914 τὸ,
3630 2854 3751 2904 Οὐκ

2167 2937 2337 2991 ἐστιν
2379 2939 2522 3006 ἡμῖν
2565 2941 2600 3007 ἡ
2641 2939 2803 3008 πάλη
2836 2940 2982 3007 πρὸς
3009 2937 3151 3008 alga
3189 2941 3285 2992 καὶ
3330 2940 3547 3008 σάρκα,
3579 2941 3751 3010 δηλοῖ,

2167 3031 2326 3084 ἀλλὰ
2370 3030 2520 3097 πρὸς
2555 3032 2625 3086 τὰ
2667 3034 3036 3100 πνευματικὰ
3071 3032 3179 3099 τῆς
3219 3035 3510 3099 πονηρίας
3533 3033 3604 3084 ἐν
3628 3034 3755 3098 τοῖς

2169 3121 2693 3188 ἐπουρανίοις.”οτι
2738 3124 2955 3176 πολλοὶ
2983 3127 3036 3177 ol
3069 3124 3477 3193 πολεμοῦντές
3513 3142 3593 3193 με
3632 3126 3752 3178 ἀπὸ

2169 3212 2385 3279 ὕψους.
2404 3214 2570 3265 Εἰκαὶ
2584 3215 2990 3276 ἐπανίστανται,
3017 3216 3201 3284 φησιν,
3233 3214 3344 3267 ἀλλ’
3371 3216 3591 3285 ἡττήσω
3614 3216 3746 3268 πάν-

2169 3320 2267 3366 τας
2294 3305 2526 3369 ἐλπίζων
2554 3307 2647 3358 ἐπὶ
2682 3307 2759 3359 σέ.
2792 3307 2939 3376 Αὕτη
2967 3307 3072 3377 γάρ
3105 3324 3193 3377 μοι
3223 3309 3255 3376 ἡ
3291 3306 3444 3369 ἐλπὶς
3483 3306 3758 3373 τοσαύτην

2173 3397 2324 3466 ἰσχὺν
2365 3397 2655 3467 παρέσχεν,
2687 3397 2762 3460 ὡς
2795 3398 2919 3459 τοὺς
2951 3398 3118 3450 πάλαι
3159 3397 3529 3468 πολεμοῦντας
3558 3397 3637 3465 μὴ
3667 3397 3757 3451 δε-

2170 3488 2404 3541 δοικέναι
2438 3506 2526 3558 με.

2255 3581 2350 3632 Ἐν
2371 3579 2451 3645 τῷ
2489 3580 2608 3646 Θεῷ
2635 3581 2931 3635 ἐπαινέσω
2973 3581 3116 3648 τοὺς
3153 3583 3374 3651 λόγους
3406 3599 3547 3650 μου.
3591 3582 3760 3635 Πολε-

2177 3672 2444 3744 μούμενος
2477 3674 2626 3744 παρὰ
2655 3674 2761 3728 τῶν
2790 3674 3018 3746 ἐχθρῶν,
3050 3674 3203 3744 φησὶ,
3231 3671 3543 3736 καθοπλίζω
3585 3674 3762 3743 ἐμαυ-

2173 3768 2262 3820 τὸν
2293 3770 2372 3830 εἰς
2399 3769 2456 3820 τὸ
2484 3768 2645 3838 μηδὲν
2671 3768 2860 3820 παθεῖν
2888 3767 3074 3832 κακὸν,
3095 3767 3249 3829 ὅλους
3271 3768 3397 3829 τοὺς
3422 3765 3618 3832 λόγους
3654 3782 3759 3834 μου

2175 3859 2379 3930 ὕμνους
2407 3859 2575 3912 ποιῶν
2607 3861 2700 3912 καὶ
2727 3859 2998 3922 ἀνατιθεὶς
3031 3859 3107 3929 τῷ
3139 3859 3278 3930 Θεῷ,
3314 3857 3405 3911 καὶ
3432 3859 3532 3928 τὴν
3563 3857 3762 3911 ἐλπίδι

2174 3952 2259 4002 ἐπ’
2291 3950 2438 4020 αὐτῷ
2477 3951 2794 4021 ποιούμενος
2814 3969 2827 3981 ο
2866 3950 2945 4003 διὸ
2977 3950 3070 4002 καὶ
3102 3951 3280 4020 πάσης
3308 3948 3505 4020 σαρκὸς
3533 3947 3640 4012 ἔξω
3664 3948 3762 3999 τὸν

2175 4041 2336 4111 φόϐον
2372 4042 2689 4112 ἐποιούμην.

2247 4133 2434 4200 Ὅλην
2477 4133 2591 4200 τὴν
2622 4132 2846 4201 ἡμέραν
2884 4131 3028 4197 τοὺς
3057 4132 3280 4200 λόγους
3309 4147 3428 4198 μου
3469 4129 3763 4182 ὲϐδελυσ-

2175 4238 2381 4277 σοντο.
2400 4222 2540 4291 Ἐγὼ
2571 4223 2686 4293 μὲν,
2724 4223 2909 4293 φησὶν,
2941 4222 3068 4292 ὃλην
3098 4221 3195 4292 τὴν
3222 4221 3434 4292 ἡμέραν
3473 4219 3761 4275 ἁνετίθουν

2174 4314 2301 4376 τοὺς
2323 4312 2511 4380 λόγους
2549 4329 2648 4382 μου
2678 4312 2755 4382 τῷ
2779 4311 2928 4382 Θεῷ·
2963 4312 3118 4364 αὐτοὶ
3159 4311 3217 4363 δὲ
3257 4312 3317 4364 οὐ
3352 4309 3619 4364 διέλειπον
3648 4314 3760 4364 πᾶ-

2179 4421 2276 4457 σαν
2305 4403 2516 4475 ἡμέραν
2550 4404 2669 4456 κατ’
2692 4401 2824 4473 ἐμοῦ
2848 4403 2945 4474 τὴν
2977 4402 3210 4473 σπουδὴν
3241 4401 3446 4455 ἑαυτῶν
3483 4401 3763 4456 συντιθέν-

495 4509 714 4548 caneum
739 4509 911 4547 meum
941 4491 1309 4546 observabant.
1341 4489 1498 4553 lllud,
1529 4489 1928 4552 inhabitabant,
1949 4505 2066 4559 pro,

2185 4509 2264 4556 τες
2287 4495 2365 4556 εἰς
2393 4492 2557 4546 κακά.
2603 4491 3053 4562 Παροικήσουσι
3094 4492 3190 4545 καὶ
3234 4492 3760 4559 κατακρύψουσιν,

495 4588 972 4656 congregabantur,
1003 4585 1243 4655 positum
1267 4592 1369 4638 est.
1391 4581 1515 4635 Haec
1543 4591 1824 4636 estautem
1851 4591 2069 4636 sentcn-

497 4680 604 4733 tia:
638 4678 737 4742 lla,
775 4680 970 4748 inquit,
1003 4688 1113 4732 tota
1139 4677 1227 4731 die
1260 4676 1313 4730 in
1343 4690 1408 4730 eo
1429 4690 1646 4744 operam
1680 4675 1978 4744 ponebant,
2012 4681 2072 4727 ut

493 4773 637 4826 dicta
662 4772 713 4824 in
745 4787 831 4824 me
860 4777 1284 4830 commoverent,
1316 4782 1613 4836 omnesque
1641 4782 1828 4820 eorum
1862 4767 2072 4835 cogita-

493 4864 671 4919 tiones
714 4871 902 4916 contra
937 4879 1022 4916 me
1062 4863 1433 4924 vertebantur,
1469 4869 1528 4912 ut
1576 4867 1834 4913 curarent
1875 4872 2069 4911 omnes

497 4974 603 5011 una
644 4957 934 5012 convenire
977 4967 1139 5025 atque
1187 4958 1325 5011 clam
1368 4956 1420 5008 in
1468 4970 1554 5008 me
1601 4953 2067 5021 conspirationem

496 5049 750 5112 conflare,
828 5047 921 5101 sed
959 5061 1057 5101 nec
1099 5046 1362 5100 hactenus
1406 5045 1600 5099 sistere
1647 5044 1912 5113 gradum,
1958 5042 2070 5096 imo

494 5141 658 5195 etiam
691 5139 1002 5192 calcanenm
1042 5153 1242 5203 meum,
1274 5137 1324 5191 id
1361 5147 1444 5191 est
1475 5138 1601 5191 vita:
1637 5151 1772 5189 mea;
1801 5135 2069 5188 rationem

495 5233 770 5289 curiosius
801 5232 1115 5295 observare,
1135 5229 1180 5284 si
1215 5230 1492 5299 quomodo
1523 5237 1746 5298 possent
1776 5242 1863 5280 me
1887 5228 2074 5279 detur-

495 5328 643 5382 bare.
683 5329 860 5396 Atque
920 5325 1148 5394 vestigia
1183 5339 1302 5378 mea
1365 5324 1579 5378 curiose
1626 5320 2070 5386 considerabant,

495 5435 823 5489 quocunque
847 5419 968 5472 loco
992 5417 1318 5482 incederem,
1337 5425 1395 5470 ut
1419 5431 1504 5469 me
1522 5413 2070 5484 comprehenderent.

565 5597 613 5627 "
659 5597 956 5658 thes.v1,
999 5597 1084 5650 12.

565 5753 677 5825 (22)
709 5757 766 5811 ln
795 5755 858 5811 R.
892 5758 946 5824 ‘2,
975 5757 1228 5815 tribuitur
1262 5751 1546 5819 Hcsychio.

2174 4585 2343 4638 αὐτοὶ
2372 4584 2487 4653 τὴν
2518 4585 2780 4653 πτέρναν
2792 4601 2911 4654 μου
2932 4581 3294 4652 φυλάξουσι.
3338 4582 3430 4644 Τὸ,
3466 4583 3765 4650 παροική-

2175 4693 2377 4740 σουσι,
2426 4677 2546 4730 ἀντὶ
2589 4677 2705 4740 τοῦ,
2750 4675 3261 4745 συναχθήσονται,
3296 4674 3552 4729 τέθειται.
3591 4676 3653 4728 ὐ
3702 4677 3763 4728 δὲ

2175 4768 2300 4831 νοῦς
2341 4763 2494 4832 οὗτος
2514 4787 2526 4798 ·
2562 4768 2736 4828 Οὕτω,
2765 4768 2919 4839 φησὶ,
2945 4767 3032 4820 διὰ
3061 4766 3241 4835 πάσης
3275 4767 3488 4837 ἡμέρας
3526 4767 3763 4837 ἐσχόλα-

2177 4857 2270 4923 ζον
2294 4862 2419 4924 τοὺς
2454 4861 2572 4914 κατ’
2603 4861 2736 4932 ἐμοῦ
2767 4861 2959 4929 λόγους
2991 4858 3284 4922 κινοῦντες,
3317 4859 3409 4910 καὶ
3445 4859 3552 4920 πᾶς
3590 4860 3620 4910 6
3644 4858 3763 4911 6t:-

2173 4952 2428 5024 λογισμὸς
2474 4953 2651 5007 αὐτῶν
2696 4956 2814 5007 κατ’
2841 4952 2974 5024 ἐμοῦ
3031 4951 3260 5020 ἐγίνετο,
3305 4951 3380 5014 ὡς
3428 4951 3761 5014 σπουδάζειν

2175 5045 2503 5114 συνάγεσθαι
2531 5047 2728 5109 αὐτοὺς
2753 5045 2888 5115 ὁμοῦ
2917 5046 3009 5098 καὶ
3051 5045 3312 5118 λαθραίας
3354 5042 3628 5096 ποιεῖσθαι
3659 5044 3758 5106 τὰς,

2171 5139 2294 5189 κατ’
2325 5137 2457 5206 ἐμοῦ
2494 5138 2710 5200 σκευὰς,
2737 5139 2830 5191 καὶ
2864 5137 2937 5209 μὴ
2973 5138 3132 5210 μέχρι
3169 5137 3355 5190 τούτου
3380 5138 3597 5206 χωρεῖν,
3619 5135 3761 5187 ἀλλὰ

2173 5229 2266 5280 καὶ
2299 5229 2749 5300 περιεργάζεσθαί
2801 5248 2902 5300 μου
2946 5230 3042 5302 τὴν
3088 5231 3342 5300 πτέρναν,
3376 5227 3624 5280 τουτέστι
3657 5227 3762 5296 τὴ)

2177 5319 2272 5373 τοῦ
2307 5320 2419 5390 βίου
2451 5322 2693 5392 πορείαν,
2729 5323 2780 5374 εἴ
2807 5339 2921 5386 πως
2955 5323 3298 5384 σκελίσαντες
3341 5317 3619 5389 δυνηθεῖεν
3653 5335 3758 5370 κα-

2178 5412 2432 5465 ταϐαλεῖν
2463 5431 2547 5483 με.
2581 5415 2687 5466 Καὶ
2729 5414 2798 5466 τὰ
2825 5413 2942 5485 ἴχνη
2987 5415 3044 5469 δέ
3093 5432 3191 5487 μου
3223 5415 3568 5484 παρετήρουν
3597 5411 3757 5464 ὁποῖα

2240 5747 2349 5816 (25)
2383 5745 2513 5802 Vide
2545 5745 2822 5800 Onomast.
