3872 6216
126 315 233 371 257

1223 322 1591 381 EXPOSITIO
1629 326 1698 382 IN
1735 325 2067 387 PSALMUM
2107 331 2239 389 LVI.

3279 347 3385 404 258

124 439 424 510 βαδίζοιμι,
457 440 545 494 ἵνα
571 439 937 497 ἐπιλάϐωνται
984 461 1105 515 μου.
1151 445 1260 498 Καὶ
1300 445 1474 501 ταῦτα
1515 447 1613 518 μὲν
1659 465 1676 502 ι

1813 449 1879 504 Et
1911 452 2027 506 haec
2065 455 2284 523 quidem
2329 455 2368 510 ii
2412 457 2504 527 qui
2535 473 2624 513 me
2670 459 2871 515 frustra
2917 463 3382 534 persequebantur

123 532 306 602 μάτην
339 529 626 596 διώκοντες
658 536 777 587 κατ’
797 534 930 606 ἐμοῦ
959 534 1224 606 ἔπραττον
1242 553 1256 567 ’
1313 539 1376 592 σὺ
1409 538 1486 605 δὲ,
1515 539 1706 612 Κύριε,

119 625 154 694 ἡ
186 626 299 696 ἐμὴ
331 625 506 688 ἐλπὶς,
541 626 640 695 ἐμὲ
683 626 781 696 μὲν
813 627 913 697 τῆς
940 627 1124 681 ἀδίκου
1157 629 1338 682 αὐτῶν
1365 633 1708 703 κατασκευῆς

118 715 320 786 ῥῦσαιο
370 717 568 780 αὐτοὺς
613 717 672 770 δὲ
718 718 990 789 μετελθὼν
1019 722 1084 790 τῇ
1111 721 1310 774 σαυτοῦ
1355 723 1490 794 ὀργῇ
1537 726 1707 778 κατά-

115 807 275 861 ⁴ςαλε.

199 918 256 970 '0
302 919 466 984 Θεὸς,
497 918 613 988 τὴν
639 919 790 986 ζωήν
804 939 924 990 μου
963 922 1288 992 ἐπήγγειλα
1312 939 1432 978 σοι.
1480 927 1704 998 Παρρη-

117 1010 242 1062 σίαν
268 1011 440 1078 ἄγων,
477 1014 632 1082 φησὶ,
660 1014 754 1066 καὶ
783 1014 856 1086 μὴ
881 1016 1337 1086 ὲπαισχυνόμενος
1365 1021 1430 1089 τῇ
1463 1018 1698 1088 ἐμαυτοῦ

114 1099 252 1173 ζωῇ.
277 1103 484 1174 ταύτην
518 1121 600 1158 σοι
639 1107 817 1158 πᾶσαν
847 1108 1153 1178 ἐξήγγειλα.
1180 1110 1250 1162 Σὺ
1275 1109 1331 1162 δὲ
1354 1110 1702 1182 ἀποδεχόμε-

113 1212 204 1258 νος
236 1196 410 1266 αὐτὴν
435 1196 506 1250 τά
537 1197 746 1269 δάκρυά
775 1217 876 1270 μου
901 1201 1001 1254 οὐκ
1031 1199 1236 1254 ἀπώσω
1258 1217 1272 1233 ⁸
1307 1201 1441 1256 ἀλλά
1464 1203 1570 1274 πρὸ
1590 1203 1697 1257 τῶν

111 1285 224 1338 σῶν
254 1287 553 1359 ὀφθαλμῶν
575 1289 694 1342 ἔθου
717 1291 874 1354 αὐτὰ,
901 1291 1255 1361 πιστούμενος
1276 1293 1374 1364 τὴν
1399 1294 1496 1366 σὴν
1521 1296 1696 1363 ὲπαγ-

111 1378 304 1444 γελίαν
358 1379 458 1450 τὴν
514 1379 808 1449 λέγουσαν·
852 1385 973 1437 Ἔτι
1012 1385 1126 1438 σοῦ
1171 1387 1509 1453 λαλοῦντος
1551 1387 1690 1456 ἐρῶ·

123 1471 271 1526 Ἰδοὺ
308 1472 564 1543 πάρειμι.
599 1476 688 1527 Διὸ
718 1476 1051 1542 συνέϐαινεν,
1086 1478 1218 1548 ἐμοῦ
1249 1481 1690 1550 εἰσακουομένου,

107 1565 236 1625 τοὺς
272 1564 502 1633 ἐχθρούς
533 1582 635 1635 μου
667 1568 745 1629 είς
775 1567 844 1620 τὰ
875 1568 1048 1620 ὀπίσω
1075 1570 1376 1641 ἀναχωρεῖν
1395 1589 1408 1601 ο
1440 1572 1563 1625 ὅθεν
1585 1591 1691 1644 φη-

109 1652 202 1720 μί·
251 1653 357 1706 Ἔν
379 1648 419 1724 ᾗ
445 1653 522 1706 ἂν
558 1656 745 1724 ἡμέρᾳ
771 1659 1217 1730 ἐπικαλέσωμαι
1247 1679 1337 1718 σε.

1808 541 2097 597 adversum
2143 561 2230 600 me
2275 550 2682 616 perpetrabant.
2729 551 2809 606 Tu
2851 563 3068 622 autem,
3118 554 3380 624 Domine,

1809 647 1936 700 spes
1968 649 2108 697 mea,
2141 651 2229 691 me
2271 639 2490 708 quidem
2525 643 2594 695 ab
2631 658 2695 697 ea
2727 644 2927 712 injusta
2972 648 3381 714 conspiratione

1803 719 1996 788 libera,
2049 724 2197 794 ipsos
2243 738 2427 783 autem
2473 731 2720 800 adortus,
2773 743 2865 787 tua
2921 735 3097 804 ipsius
3156 738 3237 792 ira
3284 739 3382 794 de-

1803 813 1985 868 turba.

1874 925 1925 978 7.
1971 925 2132 992 Deus,
2158 929 2320 980 vitam
2353 945 2522 984 meam
2554 936 2863 988 annuntiavi
2906 937 3018 991 tibi.
3068 937 3378 1010 Fiduciam,

1798 1019 1996 1088 inquit,
2025 1020 2251 1084 habens,
2289 1035 2388 1076 nec
2433 1024 2636 1090 pudore
2669 1028 2792 1079 vitae
2818 1043 2949 1081 mete
2981 1029 3226 1095 affectus,
3254 1048 3375 1090 eam

1801 1110 1897 1164 tibi
1942 1120 2107 1165 totam
2175 1114 2503 1168 renuntiavi.
2559 1113 2639 1169 Tu
2691 1127 2868 1170 autem
2919 1135 3038 1173 eam
3097 1134 3374 1191 adeptam

1798 1203 2027 1272 habens,
2069 1205 2338 1277 lacrymas
2368 1223 2520 1264 meas
2560 1225 2668 1264 non
2709 1212 2976 1279 repulisti,
3012 1215 3105 1269 sed
3143 1218 3373 1285 posuisti

1796 1304 1921 1349 ante
1956 1299 2144 1351 oculos
2189 1308 2329 1364 tuos,
2379 1312 2522 1354 tuam
2569 1305 2902 1359 confirmans
2949 1309 3370 1375 promissionem

1794 1400 1916 1453 quae
1941 1387 2015 1440 ait
2041 1388 2086 1419 ⁷⁸
2119 1407 2132 1441 :
2167 1387 2235 1442 Te
2261 1391 2434 1445 adhuc
2473 1391 2715 1464 loquente
2741 1396 2914 1450 dicam
2945 1413 2964 1451 .'
2989 1397 3124 1452 Ecce
3157 1402 3367 1456 adsum.

1793 1476 2159 1543 Quamobrem
2192 1484 2438 1554 contigit,
2461 1495 2520 1538 ut
2551 1502 2674 1540 cum
2711 1503 2796 1542 me
2827 1490 3138 1558 exaudit-es,
3162 1492 3368 1549 inimici

1793 1569 1901 1621 mei
1935 1579 2082 1623 retro
2115 1572 2391 1628 cederent.
2456 1573 2611 1631 Unde
2642 1577 2765 1631 dico
2794 1595 2808 1632 :
2837 1579 2905 1632 In
2939 1595 3246 1652 quacunque
3283 1583 3369 1638 die
3463 1568 3472 1575 ’

1791 1662 2096 1715 invocarero
2125 1672 2192 1716 te.

193 1762 702 1834 Ἐπιστρέψουσιν
722 1773 774 1822 οἱ
798 1771 1001 1838 ἐχθροί
1013 1791 1132 1841 μου
1159 1777 1246 1841 είς
1269 1776 1341 1830 τὰ
1368 1779 1574 1832 ὀπίσω.
1593 1779 1676 1832 At)

1867 1774 1952 1827 10.
1997 1774 2375 1828 Convertentur
2417 1776 2620 1830 inimici
2676 1778 2778 1830 mei
2831 1789 3140 1838 retrorsum.
3206 1783 3364 1857 Ipsis,

104 1860 218 1919 τοῖς
265 1858 473 1928 ἔργοις,
508 1862 662 1930 φησὶ,
699 1862 1032 1933 παρείληφα,
1067 1865 1162 1917 καὶ
1207 1867 1376 1934 ἔγνων
1425 1870 1684 1941 ἀκριϐῶς,

103 1948 183 1999 δτι
219 1950 323 2002 οὐκ
353 1951 446 2003 ἐπὶ
475 1953 689 2023 ματαίῳ
707 1956 741 2024 ἡ
767 1954 954 2018 ἐλπίς·
984 1955 1120 2010 ἀλλά
1150 1957 1281 2013 Θεὸν
1306 1959 1495 2032 βοηθὸν
1523 1964 1687 2034 ἐκτη-

103 2042 311 2112 σάμην.

183 2157 286 2211 Ἐν
311 2157 464 2228 ἐμοὶ,
491 2161 525 2212 ὁ
564 2158 729 2225 Θεὸς,
752 2160 943 2229 εὐχαὶ,
978 2161 1052 2228 ἃς
1085 2164 1378 2220 ἀποδώσω
1401 2165 1686 2236 αἰνέσεώς

100 2266 238 2306 σου.
260 2252 480 2323 Ἐπειδὴ
515 2253 614 2324 τῆς
650 2253 749 2324 σῆς
779 2255 1090 2327 οἰκονομίας
1122 2257 1360 2327 ἠξίωσας
1391 2261 1422 2330 ή
1434 2262 1558 2330 μᾶς,
1591 2279 1688 2333 φη-

100 2341 172 2403 σὶ,
203 2342 302 2394 καὶ
332 2341 564 2406 ἔσωσας,
599 2343 651 2396 τί
680 2345 1130 2417 ἀνταποδώσομὲν
1163 2365 1264 2410 σοι,
1302 2349 1334 2420 ἢ
1377 2349 1564 2415 Θυσίας
1598 2356 1684 2406 αξ-

103 2431 338 2495 ιιέσεως;
377 2434 498 2486 Ὅτι
520 2434 752 2502 ἑρρὐσω
786 2436 902 2503 τὴν
921 2439 1132 2508 ψυχήν
1163 2458 1282 2508 μου
1310 2441 1378 2495 ἐκ
1403 2443 1683 2500 θανάτου.

106 2523 204 2576 Γοῦ
253 2523 474 2592 νοητοῦ,
524 2525 678 2594 φησι,
708 2528 952 2580 τουτέστι
982 2529 1081 2600 τῆς
1108 2531 1380 2598 ἀγνωσίας
1411 2533 1511 2603 τῆς
1557 2535 1684 2604 περ)⁸

99 2613 256 2666 Θεοῦ.
290 2614 404 2668 Kal
432 2615 573 2681 τοὺς
601 2616 792 2682 πόδας
815 2636 934 2686 μου
963 2617 1080 2671 ἀπὸ
1119 2618 1538 2689 ὀλισθήματος.
1572 2624 1682 2694 Τῆς

100 2705 378 2777 ἁμαρτίας
420 2705 586 2774 λέγει,
621 2706 760 2776 αὕτη
805 2709 912 2779 γὰρ
960 2709 1260 2782 κατέφερεν
1306 2713 1385 2775 εἰς
1433 2711 1679 2768 θάνατον.

100 2793 510 2863 Εὑαρεστήσω
561 2796 817 2850 ἐνώπιον
857 2796 1081 2866 Κυρίου
1127 2801 1198 2853 ἐν
1239 2801 1386 2870 φωτὶ
1431 2801 1678 2862 ζώντων.

107 2889 163 2940 ’0
202 2888 318 2962 γὰρ
348 2889 571 2959 ρυσθεὶς
607 2889 708 2960 τῆς
735 2892 1013 2962 ἁμαρτίας
1043 2894 1137 2946 κα)⁸
1164 2895 1400 2966 καθαρὸς
1428 2897 1682 2950 ἀποτελε-

99 2979 265 3044 σθεὶς,
312 2975 468 3043 οὗτος
501 2981 558 3033 ἐν
587 2980 666 3051 τῷ
692 2981 935 3051 μέλλοντι
965 2984 1120 3037 αἰῶνι
1147 2986 1205 3038 ἐν
1232 2988 1296 3056 τῇ
1325 2986 1432 3040 τῶν
1463 2987 1680 3050 ζώντων

1791 1867 1988 1937 inquit,
2021 1869 2278 1938 operibus
2318 1872 2502 1938 accepi
2543 1881 2904 1942 accurateque
2937 1878 3084 1938 novi,
3130 1894 3239 1932 non
3265 1896 3360 1934 va-

1789 1974 1915 2012 nam
1946 1976 2067 2016 esse
2093 1975 2243 2030 spem
2287 1977 2463 2014 meam
2508 1977 2520 2012 :
2567 1964 2661 2017 sed
2703 1963 2874 2019 Deum
2924 1983 3012 2022 me
3055 1970 3364 2040 adjutorem

1788 2050 2010 2104 habere.

1858 2140 2042 2223 12,13.
2077 2153 2144 2214 In
2172 2178 2250 2215 me
2267 2162 2578 2226 sunt,Deus,
2599 2175 2714 2220 vota
2739 2177 2976 2239 tua,quaz
3002 2169 3220 2224 reddam
3241 2171 3363 2227 lau-

1784 2249 2016 2304 dationis
2051 2252 2164 2304 tibi.
2192 2252 2642 2322 Quandoquidem
2679 2265 2770 2310 tua
2811 2272 2911 2311 nos
2947 2261 3250 2314 (economia
3275 2262 3360 2316 di-

1785 2349 1982 2410 gnatus
2010 2357 2087 2407 es,
2127 2343 2324 2412 inquit,
2363 2353 2416 2397 et
2462 2346 2693 2399 salutem
2743 2349 2903 2403 nobis
2931 2351 3192 2419 tribuisti,
3225 2354 3360 2423 quid

1785 2428 2148 2483 retribnemus
2181 2431 2298 2492 tibi,
2336 2431 2441 2485 nisi
2472 2432 2680 2488 hostias
2709 2435 2930 2491 laudis?
2967 2439 3228 2502 Quoniam
3253 2445 3360 2499 eri-

1781 2521 1946 2588 puisti
1989 2521 2222 2574 animam
2255 2538 2420 2575 nteant
2475 2523 2538 2576 de
2595 2535 2781 2581 morte.
2812 2525 3112 2596 Spirituali,
3150 2533 3353 2602 inquit,

1783 2627 1905 2680 qua!
1932 2622 2016 2666 est
2059 2615 2364 2683 ignorantia
2413 2613 2527 2668 Dei.
2585 2615 2654 2668 Et
2700 2617 2854 2685 pedes
2890 2635 3028 2673 meos
3073 2622 3137 2675 de
3175 2623 3353 2694 lapsu.

1781 2701 1996 2758 Peccati
2037 2707 2264 2773 scilicet,
2301 2709 2478 2776 ipsum
2525 2709 2670 2762 enim
2720 2710 2954 2779 conjecit
2998 2712 3050 2764 in
3096 2723 3352 2770 mortem.

1781 2794 2009 2849 Placebo
2053 2814 2232 2850 coram
2285 2798 2505 2852 Domino
2556 2801 2612 2853 in
2657 2802 2855 2855 lumine
2905 2804 3207 2859 viventium.
3248 2805 3353 2876 Qui

1780 2888 1924 2940 enim
1974 2903 2002 2940 a
2049 2898 2274 2958 peccato
2316 2891 2579 2945 liberatus
2613 2899 2716 2958 est,
2760 2901 2816 2947 et
2848 2895 3084 2950 mundus
3112 2905 3195 2950 est
3226 2897 3354 2952 cile-

1781 2987 1923 3042 ctus,
1966 2979 2054 3034 hic
2101 2981 2154 3034 in
2206 2981 2392 3035 futuro
2439 2982 2639 3037 saeculo
2683 2983 2736 3036 in
2786 2985 3007 3052 regione
3050 2987 3352 3046 viventium

98 3070 246 3142 χώρᾳ
294 3072 654 3142 εὐαρεστήσει
692 3073 770 3144 τῷ
806 3075 1014 3146 Κυρίῳ.
1047 3076 1151 3129 Τοῦ
1201 3077 1258 3130 δὲ
1311 3079 1572 3150 ρυσθῆναι
1614 3082 1676 3134 ἐκ

1794 3068 2013 3125 Domino
2057 3071 2309 3140 placebit.
2347 3071 2503 3138 Quod
2537 3083 2716 3127 autem
2755 3075 3051 3144 eripiamur
3083 3093 3110 3130 a
3151 3089 3348 3145 morte.

96 3141 325 3216 υανάτου
360 3141 454 3216 καὶ
480 3141 906 3237 ὲλευθερωγθῆναι
933 3141 1040 3220 ἀπὸ
1066 3168 1165 3240 τῆς
1191 3141 1483 3242 ἁμαρτίας,
1523 3175 1676 3246 μερί-

1797 3163 2074 3216 iberemur
2118 3179 2148 3218 a
2188 3175 2433 3233 peccato,
2483 3175 2690 3236 partem
2748 3166 3051 3224 habeamus
3103 3169 3156 3223 in
3207 3180 3352 3234 terra

94 3255 154 3308 Ξα
181 3256 239 3308 δὲ
272 3256 426 3325 σχεῖν
456 3256 549 3308 καὶ
593 3258 650 3308 ἐν
694 3260 759 3328 τῇ
811 3258 920 3312 τῶν
953 3257 1169 3322 ζώντων
1212 3261 1384 3334 χώρᾳ,
1417 3265 1674 3335 πρόξενος

95 3347 221 3418 ἡμῖν
256 3348 485 3416 γέγονεν
509 3350 542 3417 ἡ
565 3347 658 3400 τοῦ
681 3349 884 3419 Κυρίου
917 3353 1205 3423 παρουσία.
1232 3355 1320 3407 Διὸ
1337 3355 1429 3408 καὶ
1456 3361 1675 3425 στηλο-

92 3441 309 3508 ΙΖΡαΞ-τία
328 3438 410 3523 ζῷ
427 3439 608 3494 Δαυῒδ
634 3441 1045 3514 ἀναγέγραπται
1069 3445 1098 3496 ὁ
1128 3444 1356 3516 ψαλμός.

91 3556 191 3620 Ε’ὶς
211 3554 276 3606 τὸ
300 3553 500 3618 τέλος,
519 3553 606 3622 μὴ
629 3553 975 3624 διαφθείρῃς
993 3553 1099 3607 τὸν
1118 3555 1318 3620 Δαυῒδ,
1345 3559 1432 3623 εις
1451 3561 1672 3625 στηλο-

155 3644 440 3713 τραφίαν,
471 3644 541 3696 ἐν
570 3642 650 3709 τῷ
681 3643 1148 3713 ἀποδιδράσκειν
1189 3644 1306 3698 ἀπὸ
1346 3645 1670 3712 προσώπου

160 3736 363 3789 Σαοὺλ
392 3738 481 3801 εὶς
515 3733 581 3788 τὸ
605 3735 930 3802 σπήλαιον.
962 3739 1270 3791 ΨΑΛΜΟΣ
1303 3739 1449 3804 μετ’.

722 3824 1044 3892 Ὺπόθεσις.

85 3917 303 3987 Φεύγων
333 3919 428 3970 τδν
470 3915 643 3970 Σαοὺλ
675 3918 703 3970 ὁ
733 3916 894 3970 Δαυῒδ
921 3917 1182 3971 διώκοντα
1221 3914 1383 3990 ἦλθεν
1418 3920 1496 3983 είς
1529 3920 1668 3992 σπή-

153 4008 302 4060 λαιον
347 4005 487 4077 μετά
526 4005 736 4078 ἀνδρῶν
776 4006 1162 4076 τετρακοσίων,
1192 4008 1280 4060 ὅτε
1327 4011 1419 4062 καὶ
1466 4009 1563 4080 τὴν
1589 4009 1667 4063 δι-

154 4099 347 4153 πλοΐδα
393 4097 489 4151 τοῦ
539 4097 834 4167 πτερυγίου
878 4097 1038 4167 ἔτεμε
1084 4097 1177 4150 τοῦ
1212 4099 1401 4153 Σαούλ.
1443 4101 1574 4153 Τότε
1606 4100 1664 4154 δὲ

152 4190 250 4244 καὶ
275 4189 370 4244 τὸν
399 4188 613 4260 ψαλμὸν
641 4189 774 4260 ᾅδει.
795 4189 1150 4261 Ἀναφέρεται
1170 4190 1225 4243 δὲ
1254 4191 1346 4244 καὶ
1370 4195 1449 4255 εις
1471 4191 1540 4245 τά
1569 4211 1665 4246 πε-

152 4276 451 4348 πραγμένα
477 4277 615 4346 ὑπὲρ
641 4276 797 4347 ἡμῶν
817 4276 895 4346 τῷ
919 4278 1159 4348 Χριστῷ,
1183 4281 1270 4333 ὅτε
1305 4280 1392 4334 ἐπ’
1420 4283 1662 4352 ἐσχάτων

149 4371 260 4424 τῶν
279 4369 509 4441 ἡμερῶν
535 4369 718 4438 ὀφθεὶς
746 4371 883 4441 μετά
921 4371 1122 4442 σαρκὸς
1161 4374 1252 4426 ἐπὶ
1292 4375 1386 4444 τῆς
1415 4375 1518 4446 γῆς
1551 4377 1660 4429 ἀπ-

148 4462 351 4533 ήλασεν
379 4460 537 4532 ἡμῶν
563 4463 660 4532 τὴν
694 4462 916 4534 φθοράν.

158 4574 450 4641 Ἐλέησόν
474 4591 573 4643 με,
605 4577 638 4628 ό
664 4575 826 4641 Θεὸς,
851 4577 1114 4652 ἐλέησόν
1127 4595 1222 4648 με.
1241 4579 1335 4633 Ἐκ
1366 4579 1655 4652 προσώπου

77 4667 173 4736 τῆς
211 4666 634 4739 ἀνθρωπότητος
661 4668 758 4739 τὴν
785 4671 864 4732 είς
889 4649 1049 4722 αὺτᾏν
1080 4670 1352 4742 ὑμνῳδίαν
1391 4649 1658 4744 προσέφε-

77 4757 320 4826 ρεν.Ὄτι
363 4757 432 4809 ὲν
470 4757 569 4810 σοι
611 4757 855 4811 πέποιθε
893 4761 932 4826 ἡ
972 4759 1142 4828 ψυχή
1169 4779 1306 4829 μου,
1336 4762 1433 4815 καὶ
1474 4763 1544 4816 ἐν
1580 4761 1657 4832 τῇ

72 4848 218 4915 σκιᾷ
257 4847 380 4901 τῶν
416 4850 723 4918 πτερύγων
748 4864 864 4903 σου
884 4849 1260 4915 ὲλπιῶ.”Εθος
1283 4856 1348 4924 τῇ
1381 4853 1498 4924 θείᾳ
1520 4855 1659 4926 Γρα-

73 4944 145 5010 φῇ
180 4941 462 5012 πτέρυγας
496 4940 682 4994 καλεῖν
731 4941 830 5011 τὴν
880 4944 1241 5014 ἐπισκοπικὴν
1288 4944 1517 5016 δύναμιν
1562 4947 1656 5000 τοῦ

70 5035 228 5097 Θεοῦ,
264 5033 408 5087 κατά
442 5033 501 5086 τὸ
543 5035 863 5106 εἰρημένον·
909 5033 1175 5101 Πεσάκις
1217 5036 1488 5105 ἠθέλησα
1531 5039 1659 5091 ἐπι-

70 5125 440 5196 συναγαγεῖν
465 5126 536 5179 τὰ
572 5125 753 5179 τέκνα
785 5143 900 5180 σου
950 5125 1022 5179 ὃν
1067 5127 1289 5195 τρόπον
1336 5127 1498 5194 ὄρνις
1526 5128 1654 5180 ἑπι-

70 5224 323 5292 συνὰγει
361 5220 433 5274 τὰ
463 5220 688 5273 νοσσία
718 5218 907 5285 αὐτῆς
926 5217 1044 5271 ὑπὸ
1069 5221 1175 5282 τὰς
1199 5217 1513 5286 πτέρυγας.
1533 5218 1655 5271 Ἐπὶ

68 5320 134 5386 τῇ
180 5320 247 5386 σῇ
297 5311 393 5367 οὖν
441 5310 682 5383 βοηθείᾳ,
716 5310 869 5380 φησὶ,
903 5309 1001 5380 τὴν
1039 5308 1228 5361 ἐλπίδα
1256 5307 1546 5378 ἕχω.”Εως
1579 5305 1651 5364 οὗ

71 5399 336 5474 παρέλθῃ
375 5406 412 5472 ἠ
446 5403 682 5471 ἀνομία.
702 5401 1009 5463 Τουτέστιν,
1037 5399 1141 5463 ἓως
1169 5394 1230 5453 οὗ
1266 5399 1331 5451 ἐκ
1365 5398 1531 5469 μέσου
1563 5401 1654 5467 γὲ-

71 5515 227 5568 νηται
259 5501 290 5551 ὁ
317 5496 565 5558 Σατανᾶς
604 5493 699 5548 καὶ
727 5494 783 5546 αἱ
817 5495 913 5547 σὺν
940 5491 1091 5547 αῦτῶ
1117 5492 1373 5561 δυνάμεις
1397 5493 1454 5545 αἱ
1479 5509 1649 5563 πονη-

74 5591 176 5659 mi.

1776 3253 2094 3320 viventium,
2145 3255 2196 3308 id
2240 3256 2398 3311 nobis
2440 3258 2754 3313 conciliavit
2803 3260 3013 3312 Domini
3056 3262 3344 3319 adventus.

1774 3343 2136 3411 Quamobrem
2171 3347 2312 3402 tituli
2348 3349 2633 3420 inscriptio
2667 3351 2771 3420 ipsi
2813 3350 2982 3406 David
3024 3352 3348 3411 inscribitur

1773 3436 2039 3506 psalmus.

1772 3541 1824 3597 1.
1864 3541 1933 3596 In
1957 3545 2136 3612 ﬁnem,
2164 3562 2226 3600 ne
2250 3546 2522 3616 disperdas
2553 3547 2745 3614 David,
2776 3549 2834 3602 in
2869 3551 3012 3606 tituti
3052 3555 3347 3626 inscriptio-

1843 3653 2004 3704 nem,
2051 3654 2168 3691 cum
2213 3639 2413 3710 fugeret
2452 3656 2485 3693 α
2535 3641 2672 3710 [acie
2719 3641 2899 3697 Saulis
2920 3645 2974 3698 in
3017 3647 3340 3716 speluncam.

2299 3730 2640 3786 PSALMUS
2669 3731 2824 3786 LVI.

2352 3824 2756 3892 Argumentum.

1767 3910 1937 3966 David
1965 3911 2337 3981 insequentem
2367 3912 2586 3967 Saulem
2622 3914 2836 3984 fugiens
2859 3915 3006 3970 venit
3027 3917 3080 3971 in
3117 3932 3341 3988 speran-

1836 4019 1956 4059 cam
1989 4019 2110 4059 cum
2158 4004 2288 4059 viris
2320 4005 2756 4075 quadringentis,
2787 4009 3006 4075 quando
3033 4012 3341 4070 vestimenti

1836 4095 2016 4151 Saulis
2049 4111 2205 4150 oram
2256 4097 2567 4151 exscidit".
2599 4095 2753 4152 Tunc
2794 4107 2974 4153 autem
3008 4101 3155 4157 hunc
3194 4105 3340 4172 psal-

1839 4203 1990 4241 mum
2039 4188 2256 4253 cecinit,
2313 4189 2406 4257 qni
2461 4187 2694 4243 refertur
2739 4189 2903 4244 etiam
2963 4192 3030 4246 ad
3083 4209 3148 4248 ea
3213 4211 3336 4264 qua

1837 4287 2084 4334 nostram
2109 4279 2279 4348 gratia
2311 4278 2562 4334 Christus
2590 4282 2818 4350 peregit,
2837 4296 2978 4336 «cum
3003 4284 3057 4337 in
3093 4287 3332 4341 novissi-

1834 4371 1940 4426 mis
1983 4372 2176 4426 diebns
2209 4387 2332 4425 eum
2368 4387 2531 4426 carne
2572 4375 2720 4428 visus
2749 4373 2805 4425 in
2841 4382 2984 4429 terra
3027 4379 3334 4446 corruptio-

1686 4475 1732 4530 D
1833 4476 1952 4514 nem
1979 4461 2154 4531 abegit
2183 4477 2212 4514 a
2237 4460 2412 4516 nobis.

1839 4577 1896 4629 2.
1940 4575 2189 4630 Miserere
2225 4577 2344 4641 mei,
2370 4576 2524 4640 Deus,
2557 4577 2801 4630 miserere
2833 4576 2952 4629 mei.
2979 4576 3058 4628 Ex
3099 4590 3334 4644 persona

1765 4666 2120 4720 humanitatis
2171 4667 2443 4719 canticum
2507 4665 2608 4734 ipsi
2660 4665 2838 4719 oﬂ'srt.
2897 4665 3157 4728 Quoniam
3187 4665 3242 4716 in
3283 4675 3332 4719 te

1764 4759 1984 4827 conﬁdit
2009 4760 2189 4812 anima
2217 4775 2350 4822 utea,
2375 4767 2422 4810 et
2448 4759 2502 4812 in
2527 4759 2714 4811 umbra
2741 4760 2950 4811 alarum
2973 4767 3185 4809 tuarunt
3211 4773 3334 4826 spe-

1763 4851 1911 4904 rabo.
1941 4850 2056 4904 Mos
2083 4859 2166 4904 est
2186 4850 2380 4904 divina:
2402 4847 2697 4918 Scriptura:
2727 4850 2980 4903 virtutem
3024 4847 3115 4902 Dei
3147 4849 3334 4917 inspe-

1760 4944 1981 4997 ctricem
2030 4943 2142 4998 alas
2192 4956 2527 5010 nuncupare,
2553 4941 2708 5010 juxta
2734 4942 2936 4995 dictum
2973 4939 3102 4994 illud
3131 4957 3144 4992 :
3179 4941 3331 5006 Quo-

1760 5035 1854 5087 ties
1877 5033 2017 5087 volui
2039 5049 2354 5103 congregare
2389 5031 2528 5100 ﬁlios
2571 5042 2707 5095 tuos,
2747 5032 3186 5101 quemadmodum
3213 5029 3332 5100 gal-

1757 5124 1868 5178 lina
1916 5134 2192 5193 congregat
2241 5121 2414 5192 pullos
2461 5137 2583 5174 suos
2621 5120 2715 5174 sub
2757 5122 2871 5176 alas
2913 5122 2978 5173 ⁷⁸.
3015 5120 3068 5173 In
3103 5120 3329 5182 auxilio,

1757 5214 1952 5282 inquit,
1979 5223 2070 5267 tuo
2102 5229 2252 5282 spem
2285 5212 2479 5265 habeo.
2506 5211 2681 5264 Donec
2709 5221 2942 5266 transeat
2965 5210 3238 5280 iniquitas.
3269 5208 3328 5261 ω

1762 5315 1866 5369 est,
1904 5308 2077 5361 donec
2105 5303 2338 5359 Satanas
2366 5319 2432 5358 ex
2469 5304 2648 5360 medio
2673 5305 2911 5370 tollatur,
2943 5319 3005 5358 ac
3049 5317 3169 5372 quae
3197 5313 3325 5354 eum

1761 5398 1856 5452 illo
1889 5405 2018 5452 sunt
2044 5397 2294 5467 malignae
2320 5403 2639 5467 potestates.

141 5781 186 5813 "
211 5779 313 5835 lsa.
347 5793 502 5837 Lvin.
531 5774 584 5829 9.
663 5771 751 5826 "l
791 5771 922 5837 Reg.
955 5786 1102 5837 niv,
1130 5772 1182 5836 4,
1221 5771 1271 5826 5.
1355 5771 1401 5804 "
1431 5771 1614 5858 Matth.
1649 5784 1803 5834 xxnt,
1841 5768 1923 5825 37.
