3872 6216
521 341 628 400 259

1363 341 1421 396 8.
1457 337 1832 394 ATHANASII
1871 337 2021 394 ΟΡΡ.
2065 336 2246 392 PARS
2284 335 2372 390 lll.
2415 365 2484 375 —
2523 334 2942 392 EXEGETICA.

3655 339 3761 394 ξδο

589 460 645 514 '5.
681 457 935 512 Clamabo
959 457 1028 511 ad
1057 457 1220 510 Deum
1248 458 1592 523 altissimum,
1625 456 1793 510 Deum
1821 457 1908 525 qui
1939 456 2089 509 bene-

2258 452 2628 520 Κεκράξομαι
2662 451 2811 520 πρὸς
2856 452 2965 504 τόν
3009 453 3158 504 Θεὸν
3204 452 3313 503 τὸν
3351 451 3637 519 ὕψιστον,
3664 455 3767 506 τόν

520 551 643 618 fecit
681 550 831 604 mihi.
867 549 1197 612 Conlitebor,
1228 549 1422 618 inquit,
1453 560 1503 603 et
1540 550 1742 618 gratias
1777 549 1873 601 tibi
1923 549 2088 601 bene-

520 639 713 694 factori
748 639 985 693 reddam.
1026 639 1173 691 Misit
1213 639 1278 692 de
1322 639 1450 692 caelo
1487 650 1536 692 et
1571 639 1812 692 liberavit
1845 654 1940 690 me.
1977 636 2087 690 Do-

519 731 650 784 mini
673 730 958 783 adventum
983 737 1163 797 aperte
1189 729 1461 797 przedicat.
1491 728 1646 780 Dedit
1670 729 1723 779 in
1751 725 2086 795 opprobrium

518 819 880 872 conculcantes
913 835 1010 872 me.
1046 817 1366 888 Spirituales
1395 819 1640 872 videlicet
1668 827 1721 871 et
1743 817 2086 870 adversariae

517 919 834 978 potestates.
871 908 1222 981 [Beneﬁcium
1276 926 1408 979 ergo
1448 909 1710 978 praebeas,
1741 918 1802 963 ut
1831 908 1963 962 mihi
2005 907 2086 960 fa-

521 1001 692 1055 cultas
721 1002 792 1056 sit
821 1002 1034 1056 dicendi
1078 1019 1200 1056 cum
1236 1001 1509 1064 facultate,
1541 1011 1593 1056 te
1621 1002 1687 1056 de
1725 1003 1864 1057 caelo
1900 1011 2084 1057 nostra

518 1094 826 1162 respicere:
860 1105 912 1148 et
941 1105 1125 1148 nostra
1157 1094 1372 1161 quidem
1416 1095 1691 1149 meliorem
1727 1096 1780 1148 in
1818 1096 2084 1150 conditio-

516 1198 637 1235 nem
666 1183 976 1248 deduxisse,
1017 1201 1102 1239 res
1127 1194 1305 1239 autem
1330 1186 1768 1241 adversariorum
1805 1196 1996 1241 contra
2027 1188 2082 1241 in

515 1276 864 1344 opprobrium
895 1277 1175 1332 detulisse.
1201 1279 1308 1330 Aut
1329 1279 1395 1330 de
1431 1279 1604 1331 salute
1630 1279 1887 1347 loquitur,
1917 1295 2079 1348 quam

515 1377 842 1420 consecutus
867 1378 949 1421 est
973 1369 1028 1421 in
1055 1369 1344 1436 spelunca:
1367 1369 1584 1436 quando
1616 1369 1894 1423 inimicum
1921 1385 2080 1423 suum

514 1459 571 1512 in
597 1467 916 1528 potestatem
944 1459 1171 1526 accepit,
1189 1459 1276 1512 cui
1303 1459 1464 1511 etiam
1495 1459 1752 1527 pepercit.
1783 1457 1936 1524 Quod
1961 1459 2100 1527 qui--

516 1553 638 1602 dem
674 1549 726 1602 in
759 1531 1142 1602 contumeliam
1175 1549 1334 1601 vertit
1360 1548 1407 1599 ei
1435 1549 1525 1615 qui
1552 1549 1851 1616 periculum
1883 1548 2077 1609 evasit,

516 1649 704 1708 utpote
748 1638 838 1708 qui
891 1639 1152 1693 servatori
1202 1652 1302 1691 suo
1348 1637 1572 1691 insidias
1619 1636 1895 1707 strueret.]
1933 1635 2081 1689 Misit

515 1727 656 1782 Deus
688 1731 1102 1782 misericordiam
1128 1745 1277 1782 suam
1305 1737 1354 1780 et
1384 1729 1651 1781 veritatem
1679 1745 1849 1780 suam.
1878 1727 2083 1781 Miseri-

515 1821 697 1875 cordia
725 1830 778 1874 et
813 1821 1010 1874 veritas
1042 1820 1220 1874 Patris
1250 1820 1420 1874 Filius
1453 1829 1554 1873 est.

584 1914 637 1967 5.
671 1913 738 1965 Et
778 1915 969 1980 eripuit
1009 1915 1243 1965 animam
1276 1929 1443 1965 meam
1470 1913 1532 1964 de
1572 1911 1740 1964 medio
1785 1909 2083 1962 catulorum

515 2006 740 2057 leonum.
762 2003 992 2076 [Medius
1015 2005 1220 2058 scilicet
1237 2005 1452 2058 relictus
1474 2004 1611 2056 inter
1637 2003 1846 2056 catulos
1867 2002 2081 2056 leonum

517 2094 882 2158 Getbzeorum,
927 2110 1120 2164 nempe
1171 2095 1619 2164 alienigenarum.
1655 2092 1764 2146 Aut
1817 2103 2083 2162 quantum

517 2202 614 2254 per
643 2203 728 2240 me
755 2187 918 2252 stetit,
943 2203 1006 2240 ex
1040 2188 1274 2240 humana
1307 2187 1584 2254 impietate
1615 2185 1846 2238 dormivi
1871 2195 2088 2238 contur-

511 2279 691 2334 batus.
727 2277 924 2331 Verum
955 2278 1288 2340 Altissimus,
1321 2277 1490 2330 misso
1517 2274 1696 2329 Verbo
1731 2291 1852 2338 suo,
1885 2276 2084 2329 libera-

511 2372 588 2426 vit
621 2371 859 2424 animam
885 2386 1082 2435 meam,
1121 2370 1194 2423 ita
1225 2379 1284 2424 ut
1312 2386 1378 2424 ex
1405 2371 1710 2424 catulorum
1744 2370 1961 2423 leonum
1997 2377 2084 2422 tu-

511 2464 684 2518 multu
724 2463 857 2518 nihil
891 2463 1016 2516 laesa
1051 2463 1139 2516 sit.
1172 2462 1429 2528 Quaenam
1483 2461 1564 2515 ha;
1603 2459 1766 2515 [θναεῖ
1809 2459 1947 2513 forte
1989 2459 2085 2512 ﬁlii

511 2557 790 2610 hominum
829 2555 1066 2608 fuerint:
1101 2570 1333 2624 quorum
1385 2555 1572 2608 dentes
1603 2564 1655 2606 et
1683 2552 1910 2606 consilia
1959 2560 2086 2606 sunt

511 2664 699 2712 arma;
727 2663 790 2701 ac
820 2646 863 2701 si
887 2647 1109 2709 diceret,
1130 2644 1184 2698 ln
1218 2645 1473 2698 omnibus
1503 2644 1753 2698 damnosi
1781 2652 1928 2697 sunt.
1961 2642 2083 2696 Sic-

511 2745 572 2790 ut
606 2737 750 2790 enim
776 2736 985 2805 gladius
1010 2744 1204 2788 acutus
1237 2732 1397 2788 facile
1429 2735 1648 2802 perimit
1669 2774 1682 2796 ,
1710 2734 1792 2788 sic
1819 2740 1872 2787 et
1901 2733 2084 2803 lingua

511 2834 786 2882 attenuata
819 2837 871 2880 et
895 2837 1050 2881 acuta
1080 2827 1566 2880 obtrectationibus
1596 2824 1897 2896 interlicit.]
1924 2826 2086 2879 Catu-

510 2917 687 2971 lorum
716 2916 941 2970 leonum
988 2916 1354 2985 spiritualium
1389 2916 1662 2970 videlicet.
1690 2914 1930 2968 Dormivi
1963 2931 2086 2968 con-

513 3007 772 3061 turbatus.
798 3006 1093 3073 Quoniam,
1115 3007 1308 3076 inquit,
1328 3020 1545 3076 ereptus
1572 3022 1693 3060 sum
1725 3023 1756 3060 a
1787 3006 2084 3075 spirituali-

511 3100 612 3154 bus
632 3099 825 3153 catulis
843 3099 1082 3164 leonum,
1119 3099 1239 3152 ideo
1268 3097 1843 3166 inquit,requiescam,
1869 3095 2082 3152 etiamsi

511 3190 645 3243 olim
675 3189 744 3243 ab
775 3190 846 3243 iis
868 3190 1229 3244 conturbatus
1261 3205 1406 3244 sum.
1433 3188 1559 3242 Filii
1591 3190 1880 3252 hominum,
1905 3190 2082 3242 dentes

510 3299 690 3336 eorum
725 3301 874 3336 arma
903 3294 953 3338 et
985 3286 1214 3353 sagittte.
1248 3285 1322 3336 Ea
1353 3285 1666 3354 signiﬁcans
1695 3300 1816 3349 quae
1841 3292 2084 3351 tempore

511 3375 782 3442 passionis
813 3374 1042 3429 Domino
1071 3377 1437 3445 contigerunt,
1463 3391 1584 3430 cum
1617 3375 1682 3426 ad
1714 3373 1942 3427 Pilatum
1971 3374 2084 3428 cla-

512 3465 924 3522 mabautJudmi
952 3469 1212 3522 adversus
1237 3467 1512 3521 Christum
1545 3485 1556 3519 :
1592 3465 1756 3527 Tolle,
1788 3467 1930 3530 tolle,
1963 3483 2086 3518 cru-

512 3559 661 3628 ciﬁge
693 3575 808 3610 eum
833 3559 912 3624 ";
948 3570 1038 3612 et:
1073 3557 1131 3611 Si
1177 3575 1278 3610 non
1315 3568 1447 3611 esset
1491 3557 1576 3608 hic
1608 3556 1944 3625 male/actor,
1982 3572 2082 3609 non

514 3647 610 3702 tibi
649 3649 1048 3702 tradidissemus
1077 3664 1193 3700 eum
1215 3647 1284 3700 ⁸ο.

593 3823 646 3878 6.
700 3822 955 3876 Exultare
999 3837 1151 3890 super
1186 3819 1364 3884 caelos,
1391 3819 1554 3885 Deus,
1590 3828 1640 3873 et
1690 3835 1844 3888 super
1869 3817 2085 3885 {terram

513 3915 682 3985 gloria
725 3925 839 3968 tua.
871 3913 1118 3976 Etiamsi,
1155 3913 1349 3981 inquit,
1381 3910 1650 3966 demisisti
1686 3915 1918 3979 teipsum
1959 3925 2086 3978 pro-

515 4019 634 4077 pter
655 4019 895 4062 nostram
915 4008 1143 4061 salutem
1163 4009 1231 4060 ad
1268 4005 1628 4060 voluntariam
1657 4002 2085 4056 exinanitionem

514 4111 569 4156 et
600 4100 775 4156 factus
808 4116 867 4154 es
894 4100 1151 4154 obediens
1180 4114 1352 4167 usque
1382 4099 1448 4151 ad
1482 4107 1709 4151 mortem
1731 4097 1773 4128 ⁶¹
1800 4113 1813 4148 ;
1848 4096 1940 4150 sed
1966 4111 2087 4147 rur-

514 4209 634 4248 sum
659 4192 937 4246 ascendito
965 4191 1029 4244 ad
1053 4190 1242 4252 cados,
1273 4190 1399 4259 quia
1429 4205 1551 4243 cum
1579 4188 1887 4243 ascenderis
1919 4195 2083 4240 totam

515 4297 712 4341 terram
739 4286 911 4355 gloria
943 4283 1033 4338 tua
1062 4285 1314 4353 replebis.

583 4379 633 4430 7.
664 4377 933 4448 Laqueum
962 4384 1274 4443 paraverunt
1302 4371 1518 4441 pedibus
1543 4370 1692 4424 meis.
1716 4368 1846 4433 Eos,
1877 4368 1972 4431 ait,
1993 4365 2086 4436 qui

513 4485 602 4525 me
634 4470 843 4540 laqueis
889 4467 1236 4538 dejiciebant,
1279 4465 1482 4518 curasti
1519 4472 1578 4516 ut
1603 4463 1656 4515 in
1687 4460 1896 4515 foveam
1920 4473 2085 4528 quam

513 4564 758 4616 fecerunt
799 4560 1120 4614 inciderent.
1171 4556 1540 4622 Quamobrem
1585 4555 1687 4608 bac
1724 4568 1782 4606 re
1825 4553 2083 4622 praeclare

515 4662 633 4706 acta
658 4667 819 4720 super
851 4651 1020 4712 caelos
1055 4649 1316 4702 exaltare.

581 4743 635 4798 8.
668 4742 925 4796 Paratum
959 4757 1050 4795 cor
1082 4755 1281 4802 meum,
1305 4737 1466 4801 Deus,
1500 4745 1747 4806 paratum
1777 4752 1865 4788 cor
1886 4751 2080 4789 meum.

515 4833 686 4904 ROgat
717 4835 819 4889 sibi
850 4834 968 4888 dari
1001 4832 1262 4902 Spiritum
1291 4838 1560 4896 sanctum,
1591 4844 1751 4898 quem
1789 4830 2082 4884 missurum

513 4943 572 4983 se
613 4926 666 4979 in
703 4926 900 4980 caelum
949 4925 1246 4979 ascendens
1300 4921 1627 4992 Unigenitus
1664 4921 1938 4990 pollicitus
1977 4930 2080 4986 est,

511 5028 761 5088 paratum
797 5031 917 5070 esse
945 5032 1040 5070 cor
1073 5032 1234 5070 suum
1259 5018 1410 5070 aiens
1435 5015 1501 5068 ad
1535 5029 1657 5067 eum
1689 5014 2078 5083 recipiendum.

585 5110 638 5164 9.
667 5107 928 5176 Exsurge,
954 5107 1122 5176 gloria
1166 5123 1300 5160 utea.
1337 5106 1578 5160 Gloriam
1624 5120 1777 5158 suam
1827 5104 2080 5172 spiritum

510 5201 884 5270 propheticum
905 5199 1156 5267 appellat.
1179 5197 1436 5266 Exsurge,
1455 5196 1765 5265 psalterium
1787 5205 1834 5248 et
1853 5196 2077 5248 cithara.

509 5289 830 5344 Psalterium
870 5289 1001 5341 dicit
1041 5288 1301 5348 animam.
1343 5289 1608 5340 citharam
1649 5297 1808 5340 vocat
1857 5301 2076 5354 corpus.

511 5381 812 5452 Exsurgam
843 5380 1097 5433 diluculo.
1119 5380 1368 5446 Quando,
1404 5381 1604 5448 inquit,
1637 5379 1971 5448 spiritualem
2002 5377 2082 5431 lu-

511 5487 627 5525 cem
658 5473 913 5536 sentiam,
947 5485 1238 5540 exsurgam
1271 5471 1338 5524 ad
1373 5472 1728 5525 cantandum.

579 5649 625 5680 "
655 5646 812 5702 Joan.
844 5664 960 5717 nx,
986 5647 1076 5703 15.
1147 5649 1192 5680 ⁸ο
1220 5645 1379 5700 Joan.
1411 5663 1567 5711 an,
1601 5645 1690 5701 '50.

579 5741 716 5810 (ἰδέ)
741 5746 810 5798 El
842 5743 926 5797 δέ.
965 5741 1124 5800 Forte
1147 5736 1206 5797 οὗ
1237 5743 1354 5797 καί.
1396 5743 1560 5813 ιΕυιτ.
1738 5730 1747 5738 ’

2198 544 2345 597 Θεὸν
2372 544 2478 597 τόν
2503 542 2977 612 εὐεργετήσαντα
2999 560 3094 610 με.
3114 541 3606 613 Ἐξομολογήσομαι
3623 585 3638 606 ,
3669 563 3774 615 φη-

2197 636 2269 700 σὶ,
2298 637 2389 689 καὶ
2431 636 2779 706 εὐχαριστίας
2821 634 3074 704 ἀναθήσω
3122 651 3201 686 σοι
3231 634 3308 704 τῷ
3340 635 3604 708 εὐεργέτῃ
3641 653 3768 707 μου.

2207 726 2660 790 Ἑξαπέστειλεν
2684 726 2752 789 ἐξ
2794 725 3073 792 οἰιρανοῦ,
3102 725 3201 778 καὶ
3230 725 3426 779 ἔσωσέ
3443 743 3538 794 με.
3573 729 3773 794 Σαφῶς

2192 817 2288 890 τὴν
2315 817 2538 871 κάθοδον
2561 816 2655 869 τοῦ
2684 817 2888 887 Κυρίου
2917 815 3468 886 κηρύσσει.Ἔδωκεν
3496 820 3583 883 εὶς
3613 818 3770 870 ὄνει-

2193 909 2298 975 δος
2344 909 2484 974 τοὺς
2529 909 3020 974 καταπατοῦντάς
3039 927 3134 978 με.
3168 909 3279 972 Τὰς
3305 911 3500 980 νοητὰς
3525 912 3769 980 δηλονότι

2193 1001 2285 1054 καὶ
2319 1001 2698 1071 ἀντικειμένας
2725 1000 2999 1070 δυνάμεις.
3033 999 3470 1072 [Παράσχουοοῦν
3491 1002 3589 1072 τὴν
3618 1004 3769 1074 εὐερ-

2191 1094 2398 1162 γεσίαν,
2446 1094 2532 1146 ἵνα
2570 1093 2662 1164 ἐξῇ
2714 1111 2805 1163 μοι
2851 1093 3029 1160 λέγειν
3059 1094 3197 1164 μετά
3229 1096 3562 1166 παρρησίας,
3589 1096 3672 1148 ὃτι
3709 1097 3766 1161 ἐξ

2191 1187 2421 1258 ούρανοῦ
2456 1188 2662 1251 ἐπεῖδες
2701 1188 2768 1240 τὰ
2810 1188 2930 1240 καθ’
2966 1190 3140 1258 ἡμᾶς’
3175 1204 3269 1240 και
3295 1187 3362 1240 τὰ
3395 1187 3491 1255 μὲν
3518 1187 3767 1256 ἡμέτερα

2189 1279 2502 1351 διωρθώσω,
2526 1279 2667 1350 capt
2691 1279 2796 1332 τῶν
2812 1279 3018 1350 ἐχθρῶν
3037 1279 3171 1349 πρὸς
3199 1278 3498 1347 ὀνειδισμὸν
3528 1278 3764 1347 ἤγαγες.

2189 1373 2259 1424 Ἦ
2282 1372 2352 1442 δὴ
2377 1373 2473 1442 τὴν
2502 1371 2773 1442 σωτηρίαν
2801 1373 2986 1440 φησὶν,
3077 1369 3252 1440 ἐσώθη
3287 1371 3344 1421 ἐν
3371 1367 3450 1438 τῷ
3501 1369 3769 1438 σπηλαίῳ

2206 1463 2292 1516 ὅτε
2316 1464 2513 1534 μᾶλλον
2531 1463 2844 1526 ὑπεξούσιον
2877 1463 3035 1516 ἔλαϐε
3067 1462 3157 1514 τὸν
3195 1460 3408 1532 ἐχθρὸν,
3444 1462 3492 1512 εί
3521 1461 3577 1513 δὲ
3607 1459 3769 1528 (23'),

2189 1555 2534 1624 ὲφείσατο.“0
2561 1556 2624 1626 δὴ
2652 1557 2744 1608 καὶ
2772 1555 2972 1617 ὄνειδος
2998 1550 3064 1624 ἦν
3093 1553 3170 1624 τῷ
3197 1554 3545 1622 σεσωσμένῳ,
3563 1552 3642 1615 ὡς
3668 1553 3773 1621 μά-

2187 1662 2286 1717 την
2338 1646 2734 1700 ἐπιϐουλεύοντι
2793 1645 2870 1716 τῷ
2923 1643 3180 1716 Σωτῆρα]
3224 1642 3684 1707 Ἐξαπέστειλεν
3738 1646 3773 1696 ό

2191 1738 2334 1803 Θεὸς
2379 1739 2442 1791 τὸ
2485 1739 2656 1804 ἕλεος
2699 1738 2883 1792 αὐτοῦ
2929 1737 3026 1790 καὶ
3077 1737 3192 1804 τὴν
3229 1736 3522 1804 ἀλήθειαν
3554 1735 3766 1788 αὑτοῦ.

2116 1813 2159 1866 Β
2190 1826 2374 1889 Ἔλεος
2399 1827 2494 1880 καὶ
2519 1828 2744 1898 ἀλήθεια
2769 1827 2863 1880 τοῦ
2895 1826 3104 1896 [ἰατρὸς
3130 1828 3158 1878 ό
3188 1826 3335 1889 Υἱός.

2251 1919 2360 1971 Καὶ
2408 1920 2700 1985 ἑρῤὐσατο
2743 1917 2857 1985 τὴν
2894 1918 3104 1988 ψυχήν
3145 1936 3263 1987 μου
3303 1917 3372 1969 ἐκ
3396 1917 3592 1985 μέσου
3619 1920 3773 1970 σκύ-

2176 2027 2364 2079 μνων.
2392 2009 2598 2080 [Μέσος
2619 2011 2682 2081 δὴ
2717 2010 3069 2078 ἀπολειφθεὶς
3104 2009 3358 2078 σκύμνων
3401 2008 3507 2060 τῶν
3537 2009 3636 2079 τῆς
3665 2008 3769 2062 ΐὲθ
3847 2061 3851 2066 ,

2182 2103 2591 2170 ἀλλοφύλων.’Ἡ
2643 2103 2702 2156 τὸ
2752 2103 2874 2155 ὅσον
2929 2103 3012 2153 ἐπ’
3041 2101 3161 2171 ἐμὲ,
3196 2101 3290 2154 καὶ
3343 2103 3410 2170 τῇ
3447 2100 3772 2172 ἀνθρωπίνη
3849 2091 3851 2096 ’

2184 2197 2406 2266 ἀσεϐείᾳ
2453 2195 2754 2266 ἐκοιμήθην
2802 2194 3223 2265 τεταραγμένος.
3244 2193 3383 2245 ‘AD.’
3415 2195 3442 2245 ὁ
3477 2193 3770 2261 Ἲᾋιστος,

2182 2287 2273 2337 τὸν
2313 2286 2482 2352 Λόγον
2534 2284 2696 2336 αὐτοῦ
2741 2284 3084 2346 ἀποστείλας,
3128 2281 3395 2352 ἐρρύσατο
3444 2280 3543 2350 τὴν
3589 2281 3771 2350 ψυχήν

2187 2393 2308 2446 μου,
2357 2377 2432 2439 ὡς
2471 2376 2634 2447 μηδὲν
2667 2375 2834 2446 αὐτὴν
2869 2377 2933 2427 ὲκ
2972 2375 3072 2444 τῆς
3097 2375 3340 2444 ταραχῆς
3367 2371 3474 2424 τῶν
3508 2371 3771 2441 σκύμνων

2186 2467 2464 2538 βλαϐῆναι.
2491 2467 2626 2520 Τίνα
2653 2466 2709 2518 δὲ
2740 2466 2810 2518 τὰ
2848 2466 3013 2536 θηρία
3041 2465 3246 2527 ταῦτας
3285 2465 3390 2516 υἱοὶ
3417 2463 3526 2516 τῶν
3557 2462 3770 2532 ἀνθρώ-

2187 2576 2302 2611 πων
2332 2558 2467 2610 είσὶν
2508 2558 2604 2611 ἀν·
2657 2558 2705 2609 οἱ
2749 2557 2956 2620 ὀδόντες
2981 2557 3119 2608 ὅπλα
3153 2557 3248 2609 καὶ
3291 2557 3348 2608 al
3392 2554 3608 2624 βουλαί·
3647 2553 3768 2606 ἀντὶ

2185 2649 2303 2712 τοῦ,
2338 2648 2622 2719 βλαπτικοί
2646 2651 2751 2701 είσι
2782 2649 2870 2701 διὰ
2915 2648 3370 2718 πάντων.Ὢσπερ
3414 2649 3447 2716 ἡ
3498 2646 3764 2716 μάχαιρα,

2183 2744 2491 2812 ὴκονημένη
2521 2737 2678 2805 οὖσα,
2709 2741 2906 2810 ῥᾳδίως
2928 2741 3157 2810 ἀναιρεῖ,
3174 2739 3315 2791 οὕτω
3341 2739 3434 2790 καὶ⁵
3463 2739 3495 2806 ἡ
3521 2737 3764 2804 γλῶσσα,

2181 2833 2488 2903 τετηγμένη
2513 2829 2667 2894 οὖσα,
2686 2835 2806 2894 ταῖς
2835 2831 3184 2893 καταλαλιαῖς
3212 2828 3472 2900 ἀναιρεῖ.]
3503 2827 3768 2898 Σκύμνων

2182 2923 2290 2976 τῶν
2345 2923 2546 2992 νοητῶν
2605 2921 2868 2992 δηλονότι.
2901 2919 3254 2989 Ἐκοιμήθην
3311 2916 3764 2986 τεταραγμένος.

2197 3013 2414 3084 Ἐπειδὴ
2458 3013 2747 3085 ὲρρύσθην,
2779 3013 2965 3084 φησὶν,
2995 3015 3059 3065 ὲκ
3099 3014 3208 3066 τῶν
3252 3013 3457 3082 νοητῶν
3493 3011 3766 3081 σκύμνοι-ν,

2187 3107 2377 3161 τούτου
2413 3106 2570 3178 χάριν
2594 3107 2687 3159 καὶ
2720 3107 3124 3176 ἀναπαύσομαι,
3151 3105 3328 3159 καίτοι
3357 3105 3525 3158 πάλαι
3556 3105 3650 3157 ὑπ’
3676 3105 3768 3158 αύ-

2184 3197 2290 3249 τῶν
2327 3197 2746 3268 ταραττόμενος.
2787 3196 2903 3247 Υἱοὶ
2937 3194 3284 3262 ἀνθρώπων,
3311 3197 3364 3247 οὶ
3388 3193 3632 3259 (δόντες
3661 3195 3768 3245 αὐ-

2183 3287 2300 3340 τῶν
2327 3287 2487 3340 ὅπλα
2519 3287 2613 3339 καὶ
2643 3285 2826 3354 βέλη.
2880 3287 3064 3340 Ταῦτά
3093 3305 3224 3357 φησι
3253 3286 3678 3355 κατασημαίνων
3700 3284 3773 3336 τὰ

2183 3379 2260 3450 τῷ
2295 3380 2504 3450 Σωτῆρι
2534 3379 2816 3448 συμϐάντα
2847 3379 2988 3431 κατά
3037 3379 3128 3431 τὸν
3169 3377 3262 3431 τοῦ
3317 3377 3522 3440 πάθους
3553 3377 3769 3447 καιρὸν,

2183 3471 2347 3540 ἡνίκα
2397 3469 2531 3539 πρὸς
2577 3468 2804 3520 Πιλᾶτον
2838 3468 3067 3540 ἔκραζον
3095 3471 3145 3521 οἱ
3186 3469 3423 3521 Ἰουδαῖοι
3457 3468 3599 3520 κατά
3635 3468 3773 3538 Χρι-

2187 3561 2312 3612 στοῦ
2360 3555 2642 3625 τὸ,Ἃρον,
2691 3551 2859 3624 ἆρον,
2887 3561 3242 3627 σταύρωσον
3287 3559 3493 3621 αὐτὸν,
3539 3559 3637 3610 καὶ
3688 3559 3774 3611 ὅτι

2185 3654 2257 3704 El
2273 3650 2358 3719 μὴ
2396 3646 2475 3718 ἦν
2503 3645 2682 3714 οὗτος
2709 3649 3060 3719 κακοῦργος,
3093 3651 3202 3702 οὐκ
3248 3649 3327 3702 ἄν
3359 3664 3457 3715 σοι
3507 3649 3774 3716 παρεδώ-

2186 3762 2372 3813 καμεν
2399 3745 2604 3796 αὐτόν.

2267 3833 2554 3902 Ὺψώθητι
2599 3834 2695 3886 ἐπὶ
2741 3832 2882 3897 τοὺς
2921 3831 3236 3899 vigeat-cive,
3261 3835 3293 3886 ό
3335 3833 3500 3898 Θειί-ς,
3531 3835 3633 3888 καί
3672 3836 3769 3890 ἐπὶ

2187 3926 2395 3982 πᾶσαν
2419 3926 2533 3992 τὴν
2565 3923 2680 3995 γῆν
2724 3927 2762 3993 ἢ
2799 3925 2948 3986 δόξα
2978 3941 3116 3977 σου.
3147 3927 3208 3977 Εί
3239 3926 3330 3977 καὶ
3358 3926 3630 3995 καθῆκας,
3666 3945 3771 3996 φη-

2189 4018 2294 4079 σὶν,
2328 4014 2518 4068 ἑαυτὸν
2551 4014 2636 4066 διὰ
2669 4015 2766 4084 τὴν
2794 4013 3068 4084 ἡμετέραν
3113 4013 3384 4084 σωτηρίαν
3412 4014 3492 4075 είς
3521 4014 3773 4066 ἑκούσιον

2187 4108 2439 4169 κένωσιν,
2469 4106 2562 4159 καὶ
2607 4105 2839 4173 γέγονας
2883 4105 3122 4174 ὑπήκοος
3158 4105 3316 4176 μέχρι
3339 4104 3592 4168 θανάτου,
3633 4105 3772 4158 ἀλλὰ

2187 4199 2282 4252 καὶ
2325 4199 2484 4250 πάλιν
2514 4197 2700 4251 ἄνελθε
2732 4199 2811 4260 εἰς
2841 4199 3123 4268 οὐρανοὺς,
3152 4198 3235 4250 ὅτι
3280 4198 3374 4250 καὶ
3403 4196 3645 4249 ἀνελθὼν
3671 4198 3771 4266 τῆς

2191 4291 2289 4358 σῆς
2319 4288 2475 4354 δόξης
2510 4286 2818 4358 πληρώσεις
2854 4289 3034 4340 πᾶσαν
3061 4287 3156 4356 τὴν
3178 4287 3303 4356 γῆν.

2256 4375 2484 4444 Παγίδα
2526 4376 2860 4443 ἡτοίμασαν
2906 4375 3029 4440 τοῖς
3061 4376 3207 4428 ποσί
3237 4393 3380 4444 μου.
3411 4376 3551 4439 Τοὺς
3598 4393 3762 4429 κατα-

2118 4489 2163 4544 D
2191 4467 2481 4531 ϐάλλοντας
2514 4485 2601 4538 με,
2631 4467 2784 4537 φησὶ,
2814 4466 2902 4519 διὰ
2935 4467 3044 4519 τῶν
3080 4466 3318 4534 παγίδων
3350 4468 3773 4537 παρεσκεύασας

2188 4563 2266 4623 εἰς
2286 4559 2445 4612 αὑτὸν
2466 4559 2524 4612 ὃν
2549 4559 2761 4632 ὤρυξαν
2793 4559 2981 4629 βόθρον
3006 4561 3283 4629 ἐμπεσεῖν.
3313 4558 3404 4609 Διὸ
3432 4558 3495 4628 δὴ
3524 4559 3623 4611 καὶ
3643 4558 3775 4612 ταῦ-

2187 4668 2254 4704 τα
2288 4650 2634 4720 κατορθώσας
2662 4653 2754 4704 ἐπὶ
2782 4651 2906 4712 τοῦς
2940 4651 3201 4721 οὐρανοὺς
3227 4649 3493 4720 ὑψώθητι.

2273 4742 2499 4810 Ἑτοίμη
2526 4745 2564 4810 ἡ
2598 4743 2808 4809 καρδία
2829 4760 2969 4810 μου,
3007 4746 3038 4794 ό
3067 4741 3228 4806 Θεὸς,
3253 4742 3454 4809 ἑτοίμη
3478 4743 3515 4807 ή
3553 4741 3772 4806 καρδία

2184 4849 2323 4899 μου.
2350 4831 2661 4901 Παρακαλεῖ
2680 4830 2932 4896 δέξασθαι
2952 4830 3011 4882 τὸ
3025 4831 3245 4901 Πνεῦμα
3266 4831 3326 4882 τὺ
3348 4832 3521 4898 ἅγιον,
3548 4832 3577 4882 ὅ
3600 4833 3774 4900 enim»

2188 4921 2404 4990 γείλατο
2445 4921 2802 4993 ἀνερχόμενος
2839 4922 3072 4992 πέμψειν
3102 4926 3130 4975 ὁ
3169 4922 3499 4991 Μονογενὴς,
3542 4923 3774 4992 ἑτοίμην

2188 5014 2266 5076 είς
2288 5014 2348 5065 τὸ
2369 5013 2618 5076 δέξασθαι
2634 5013 2805 5080 λέγων
2827 5013 3153 5083 γεγενῆσθαι
3171 5016 3268 5082 τὴν
3293 5013 3486 5067 ἑαυτοῦ
3518 5013 3772 5083 καρδίαν.

2273 5103 2650 5173 Ἐξεγέρθητι,
2687 5107 2723 5171 ἢ
2751 5105 2898 5168 δόξα
2922 5124 3061 5174 μου.
3095 5105 3260 5170 Δόξαν
3291 5107 3484 5158 ἑαυτοῦ
3525 5105 3586 5157 τὸ
3619 5105 3775 5156 πνεῦ-

2191 5211 2268 5264 μα
2315 5195 2376 5248 τὸ
2425 5198 2760 5266 προφητικόν
2795 5197 3383 5268 φφινᾙΕξεγέρθητι,
3428 5197 3774 5264 ψαλτήριον

2187 5285 2283 5338 καὶ
2317 5288 2544 5354 κιθάρα.
2561 5287 2870 5358 Ψαλτήριον
2904 5289 3000 5358 μὲν
3025 5290 3122 5359 τὴν
3143 5288 3320 5358 ψυχήν
3351 5305 3503 5355 φησι,
3535 5286 3773 5357 κιθάραν

2184 5375 2241 5427 δὲ
2286 5376 2344 5427 τὸ
2388 5376 2545 5446 σῶμα
2590 5378 2762 5430 καλεῖ.
2797 5378 3282 5449 Ἐξεγερθήσομαι
3320 5378 3664 5446 ἔρθρου.Ἐν
3691 5381 3772 5429 αἰ-

2187 5467 2394 5536 σθήσει,
2439 5470 2590 5537 φησι,
2621 5469 2712 5522 τοῦ
2767 5469 2956 5541 νοητοῦ
3004 5471 3179 5539 φωτὸς
3228 5471 3519 5540 γενόμενος
3569 5469 3668 5523 ἐπὶ
3710 5468 3773 5522 τὸ

2187 5555 2373 5625 ὑμνεῖν
2404 5557 2847 5632 ὲξεγερθήσομαι.

1795 5645 1835 5678 ⁸³
1868 5643 2101 5715 Philipp.
2140 5661 2200 5712 ιι,
2234 5647 2287 5714 7,
2313 5647 2397 5702 8.‘
