3872 6216
179 329 270 384 £6l

258 439 807 510 Ἐξομολογήσομαί
844 452 943 491 σοι
991 436 1062 489 ὲν
1104 437 1297 501 λαοῖς,
1325 437 1524 504 Κύριε,
1577 434 1754 502 ψαλῶ
1783 445 1829 498 Α

177 551 272 588 σοι
298 535 366 587 ἐν
387 518 614 587 ἔθνεσι.
649 531 760 602 Τὴν
810 530 918 583 τῶν
948 530 1116 583 ἐθνῶν
1142 531 1396 584 ἁπάντων
1417 529 1749 600 ἐπιστροφὴν

178 625 584 694 εὐαγγελίζεται
630 625 698 677 δι’
727 618 801 677 ὧν
844 623 1273 698 ἐξομολογεῖται,
1308 623 1405 676 ἆτε
1441 621 1505 692 δὴ
1533 623 1750 674 πάντων

176 720 277 771 τῶν
311 717 483 772 ἐθνῶν
523 719 651 780 τοὺς
683 715 846 771 αὑτοῦ
885 715 1118 785 ᾀδόντων
1149 714 1500 784 ὕμνους.”οτι
1539 712 1750 780 ἐμεγα-

175 812 362 876 λύνθιη
393 809 506 874 ἕως
534 809 641 861 τὸν
670 806 930 874 οὐρανὸν·
960 807 1027 860 τὸ
1059 806 1231 872 ἔλεός
1259 822 1395 858 σου.
1413 805 1638 873 Ὅμοιον
1674 801 1752 872 τῷ

177 903 301 954 Ὅτι
332 901 429 953 καὶ
460 899 614 967 αὑτὴ
642 901 678 966 ἡ
711 901 908 965 κτίσις
935 898 1474 966 ἐλευθερωθήσεται
1500 896 1616 950 ἀπὸ
1641 895 1753 964 τῆς

174 991 396 1059 φθορᾶς
425 995 512 1057 είς
532 991 648 1059 τὴν
664 991 1026 1058 -ὲλευθερίαν
1054 989 1172 1042 τῶν
1193 989 1418 1042 τέκνων
1440 987 1547 1041 τοῦ
1580 987 1749 1041 Θεοῦ.

172 1081 277 1133 Καὶ
328 1080 440 1145 ἕως
486 1079 608 1132 τῶν
652 1077 926 1146 νεφελῶν
964 1079 1002 1146 ἡ
1049 1076 1299 1143 ἀλήθειά
1331 1094 1466 1130 σου.
1487 1075 1749 1145 Ἀληθείς,

173 1174 326 1244 φησὶ,
360 1174 458 1236 τὰς
487 1173 597 1226 τῶν
639 1173 896 1242 νεφελῶν,
918 1171 1163 1224 τουτέστι
1193 1170 1300 1224 τῶν
1329 1169 1642 1239 προφητῶν,
1665 1168 1755 1221 διὰ

170 1264 277 1321 τῶν
315 1264 657 1335 πραγμάτων
681 1262 971 1326 ἀπέδειξας
1000 1279 1094 1314 σου
1120 1262 1324 1330 φωνάς.

239 1355 423 1429 [”Εως
467 1355 587 1409 τῶν
631 1353 904 1423 νεφελῶν
951 1356 989 1423 ή
1042 1353 1292 1422 ἀλήθειά
1332 1367 1468 1406 σου.
1488 1350 1752 1421 Ἀληθεῖς,

171 1452 324 1520 φησὶ,
359 1450 456 1512 τὰς
483 1449 589 1502 τῶν
615 1449 875 1516 νεφελῶν,
919 1448 1162 1501 τουτέστι
1192 1447 1302 1499 τῶν
1330 1445 1642 1517 προφητῶν,
1670 1444 1757 1497 διὰ

171 1543 514 1614 πραγμάτων
557 1540 902 1606 ἐπεδείξαντο
929 1539 1286 1607 φωνάς.Ἔως
1317 1536 1436 1590 τῶν
1463 1534 1752 1603 οὐρανῶν,

167 1632 351 1699 ὅμοιον
377 1630 613 1700 τῷ·”οτι
646 1631 743 1683 καὶ
789 1627 941 1695 αὐτὴ
970 1629 1008 1695 ἡ
1044 1629 1239 1692 κτίσις
1281 1625 1754 1694 ἐλευθερωθήσε-

168 1737 260 1774 ται
312 1720 432 1774 ἀπὸ
477 1719 590 1788 τῆς
636 1718 861 1788 φθορᾶς
904 1721 992 1784 εἰς
1034 1718 1381 1787 ἐλευθερίαν
1412 1716 1524 1785 τῆς
1569 1716 1754 1784 δόξης

166 1811 287 1865 τῶν
313 1812 542 1865 τέκνων
570 1812 678 1865 τοῦ
708 1810 904 1883 Θεοῦ.]

1260 316 1631 374 EXPOSITIO
1672 315 1736 369 ΙΝ
1779 313 2110 370 PSALMUM
2148 313 2305 370 LVII.

3320 313 3428 369 262

1940 434 2027 488 lt).
2063 435 2361 503 Conﬁtebor
2409 433 2506 485 tibi
2541 433 2596 484 in
2641 431 2870 501 populis,
2913 430 3430 499 Domine,_psailam

1852 525 1945 578 tibi
1971 527 2024 578 in
2053 525 2313 594 gentibus.
2343 523 2598 576 Omnium
2629 524 2864 592 gentium
2895 521 3306 575 conversionem
3329 535 3428 574 an-

1852 616 2068 668 nuntiat
2117 630 2212 683 per
2267 615 2666 668 confessionem
2739 629 2931 678 suam,
2987 612 3116 681 quia
3166 613 3422 665 nimirum

1854 722 2045 760 omnes
2071 716 2256 776 gentes
2274 706 2506 775 hymnos
2532 706 2651 774 ejus
2675 705 2989 759 concinunt.
3020 703 3283 767 Quoniam
3313 710 3430 754 md-

1852 797 2103 866 gniﬁcata
2137 806 2214 849 est
2251 813 2412 864 usque
2434 797 2501 848 ad
2529 795 2682 848 caelos
2708 794 3072 848 misericordia
3098 803 3208 844 tua.
3241 791 3428 844 Simile

1853 887 1982 940 huic
2014 904 2026 938 ε
2061 884 2199 949 Quia
2222 895 2270 938 et
2298 887 2415 951 ipsa
2432 892 2680 938 'creatura
2698 885 3003 937 liberabitur
3020 900 3051 935 a
3071 885 3426 950 corruptione,

1851 978 1908 1028 in
1944 975 2237 1028 libertatem
2270 976 2506 1044 ﬁliorum
2532 975 2707 1029 Dei”.
2755 974 2824 1028 Et
2864 991 3024 1039 usque
3055 974 3124 1026 ad
3156 973 3314 1027 nubes
3344 989 3429 1026 ve-

1854 1067 1988 1118 ritas
2032 1075 2142 1118 tua.
2171 1064 2363 1130 Veras,
2394 1066 2592 1134 inquit,
2621 1067 2872 1130 nubium,
2917 1066 2970 1120 id
3000 1073 3104 1128 est,
3131 1066 3430 1134 propheta-

1854 1170 1976 1209 rum
2005 1170 2188 1219 voces,
2221 1171 2280 1210 re
2310 1156 2426 1224 ipsa
2459 1155 2852 1225 comprobasti.

1935 1343 2136 1415 [Usque
2169 1345 2236 1396 ad
2273 1343 2433 1395 nubes
2473 1343 2664 1396 veritas
2697 1351 2808 1393 tua.
2853 1337 2932 1392 Ex
2960 1339 3217 1406 operibus
3245 1353 3426 1404 veras,

1855 1436 2052 1504 inquit,
2070 1451 2190 1490 esse
2211 1436 2621 1490 declaraverunt
2637 1433 2886 1497 nubium,
2905 1433 3018 1485 sive
3040 1431 3426 1500 prephetarum

1857 1543 2036 1582 voces.
2061 1526 2232 1596 Usque
2258 1527 2327 1579 ad
2351 1527 2527 1589 caelos,
2557 1525 2734 1580 simile
2760 1533 2841 1578 est
2871 1523 2945 1576 illi
2979 1541 2993 1576 :
3023 1521 3287 1586 Quoniam
3310 1524 3430 1590 ipsa

1856 1628 2102 1671 creatura
2135 1618 2450 1671 liberabitur
2478 1634 2511 1670 a
2539 1617 2868 1685 corruptione
2901 1615 2956 1668 in
2988 1613 3285 1667 libertatem
3308 1612 3428 1683 glo-

1856 1709 1951 1762 ria:
1974 1708 2210 1776 ﬁliorum
2239 1705 2379 1778 Dei.)

166 1925 270 1988 E3;-
311 1922 377 1976 τό
425 1922 620 1987 τέλος,
654 1922 740 1991 μὴ
775 1922 1138 1990 διαφθείρῃς,
1166 1921 1247 1988 τῷ
1276 1922 1458 1976 Δαυῒδ
1482 1925 1570 1990 είς
1602 1937 1746 1991 στη-

1861 1909 1905 1962 I.
1935 1907 2000 1963 In
2038 1911 2219 1980 ﬁnem,
2268 1928 2330 1964 ne
2374 1912 2667 1980 disperdas,
2701 1912 2892 1965 Davidi
2953 1913 3008 1965 in
3054 1911 3196 1968 tituli
3238 1911 3419 1965 inseri.

518 2009 873 2084 λοληοαφίαν.
920 2017 1230 2068 ΨΑΛΜΟΣ
1265 2017 1399 2070 NZ'.

805 2104 1128 2169 Ὑπόθεσις.

161 2196 276 2268 Τὴν
327 2196 496 2266 αὐτὴν
527 2196 794 2250 ὑπόθεσιν
838 2196 951 2266 ἔχει
995 2194 1072 2266 τῷ
1118 2195 1442 2266 προλαϐόντι
1481 2198 1510 2248 ὁ
1560 2195 1751 2267 παρὼν

229 2289 472 2359 ψαλμὸς,
509 2288 707 2359 μᾶλλον
751 2288 807 2340 δὲ
857 2285 1045 2355 σαφῶς
1090 2286 1363 2358 ἐξηγεῖται
1413 2290 1562 2340 ποῖον
1611 2287 1752 2340 κατὰ

227 2381 346 2436 τῶν
376 2382 796 2434 ἐπαναστάντων
823 2379 902 2450 τῷ
927 2380 1140 2453 Σωτῆρι
1172 2379 1234 2433 τὸ
1265 2380 1419 2443 τέλος
1453 2380 1696 2449 γέγονεν.

227 2559 334 2614 Et;
359 2554 602 2623 ἀληθῶς
653 2554 768 2623 ἄρα
810 2553 1211 2623 δικαιοσύνην
1250 2554 1510 2608 λαλεῖτε.
1531 2554 1747 2628 Ἐπειδὴ

154 2647 461 2717 συνήγοντο
507 2643 648 2697 κατὰ
689 2643 783 2696 τοῦ
830 2643 1104 2714 Σωτῆρος,
1144 2643 1220 2706 ὡς
1269 2643 1608 2708 ἐκδικοῦντες
1660 2645 1750 2698 τὸν

150 2738 349 2809 νόμον,
407 2737 631 2799 εἰκότως
684 2736 869 2798 αὐτοῖς
922 2735 984 2787 τὸ
1044 2735 1383 2806 προφητικὸν
1447 2734 1749 2788 ἐντέλλεται

152 2831 405 2900 πνεῦμα,
451 2829 505 2882 εἴ
541 2847 605 2898 γε
649 2829 755 2900 ἄρα
787 2827 879 2881 τοῦ
913 2828 1120 2881 δικαίου
1155 2826 1550 2899 φροντίζουσιν,
1587 2827 1750 2882 εὐθέα

151 2922 390 2991 κρίνειν,
424 2920 668 2972 τουτέστι
703 2920 908 2973 δίκαια.
940 2920 1001 2972 Οἱ
1042 2918 1098 2971 δὲ
1134 2920 1234 2971 οὐκ
1280 2919 1498 2990 ἔκριναν
1543 2919 1746 2982 δίκαια,

146 3012 249 3064 τὸν
296 3010 476 3064 ἀθῶον
518 3013 613 3064 καὶ
656 3011 860 3064 δίκαιον
910 3011 1224 3064 ἀποκτεῖναι
1265 3010 1594 3081 βουλόμενοι.
1635 3010 1748 3065 Καὶ

2215 2003 2835 2070 ptionem._PSALMUS
2873 2003 3058 2059 LVII.

2424 2096 2464 2147 Α
2477 2107 2828 2164 rgumentum.

1852 2181 2112 2238 Eamdem
2158 2186 2332 2256 ipsam
2374 2203 2537 2256 quam
2575 2188 2828 2257 superior
2867 2188 2956 2242 hic
2987 2187 3232 2256 psalmus
3265 2185 3430 2240 habet

1920 2275 2354 2346 inscriptionem,
2384 2281 2496 2333 imo
2519 2281 2697 2348 potius
2727 2281 2905 2350 palam
2937 2289 3157 2334 enarrat
3183 2279 3278 2348 qui
3303 2278 3430 2332 linis

1847 2391 1861 2416 -.
1924 2381 2114 2422 eorum
2137 2368 2434 2441 l‘ucrit,qui
2460 2372 2724 2428 adversus
2749 2373 3082 2426 Salvatorem
3118 2373 3431 2426 insurrexe-

1921 2467 2071 2512 τυιιι.

1920 2551 1978 2617 2,
2006 2551 2061 2605 5.
2099 2552 2159 2606 Si
2188 2567 2301 2605 vere
2326 2552 2506 2622 utique
2525 2552 2799 2620 justitiam
2829 2552 3127 2622 loquimini.
3160 2551 3299 2618 Quia
3331 2554 3429 2606 ad-

1849 2660 2043 2699 versus
2067 2643 2412 2698 ‘Salvatorem
2455 2644 2946 2714 congregabantur,
2979 2644 3136 2713 quasi
3175 2645 3310 2714 legis
3339 2645 3429 2697 ul-

1849 2736 2114 2790 ciscendae
2143 2750 2332 2797 causa,
2348 2733 2472 2802 jure
2499 2735 2606 2787 illis
2626 2734 2975 2803 propheticus
3003 2734 3230 2803 spiritus
3249 2735 3426 2804 jubet,

1849 2835 1909 2879 ιιι
1936 2825 1981 2879 si
2017 2841 2179 2894 quam
2210 2825 2350 2893 juris
2376 2835 2430 2878 et
2457 2824 2595 2892 aequi
2627 2839 2815 2877 curam
2853 2824 3108 2890 habeant,
3135 2832 3279 2878 recta
3312 2826 3430 2879 sive

1844 2918 1993 2987 justa
2015 2917 2278 2986 judicent.
2314 2919 2383 2969 At
2414 2915 2489 2968 illi
2525 2931 2868 2984 nequaquam
2901 2916 3046 2984 justa
3085 2915 3426 2984 judicabant,

1849 3022 1972 3062 cum
1999 3008 2281 3061 innoxium
2318 3007 2596 3076 etjustum
2628 3007 2824 3060 vellent
2847 3007 3175 3061 interﬁcere.
3214 3006 3428 3061 Etenim

147 3105 268 3172 γὰρ
315 3103 386 3154 ὲν
428 3102 643 3170 καρδίᾳ
681 3103 936 3171 ἀνομίας
977 3102 1291 3172 ἐργάζεσθε
1331 3103 1401 3155 ὲν
1449 3101 1524 3170 τῇ
1684 3104 1746 3156 Εἰ

1861 3101 1904 3152 in
1939 3100 2094 3153 corde
2126 3100 2434 3170 iniquitates
2463 3100 2755 3168 operamini
2784 3101 2840 3152 in
2872 3110 3033 3166 terra.
3055 3099 3191 3166 Etsi,
3229 3101 3426 3169 inquit,

147 3163 252 3248 καὶ
285 3196 335 3246 οἱ
363 3163 532 3262 λόγοί,
564 3163 716 3264 φησὶ,
750 3163 1318 3265 χρηστοὶ,’διεκδικεῖν
1347 3163 1642 3265 προσποιόύ
1653 3212 1746 3265 με-

1861 3194 2001 3246 lenes
2047 3193 2334 3246 videantur
2382 3207 2684 3258 sermones,
2713 3206 2779 3245 ex
2815 3192 3254 3246 dissimulatione
3293 3193 3430 3246 ulci-

147 3303 235 3337 νοι
281 3285 376 3336 τὸν
423 3285 586 3354 νόμον
607 3301 619 3314 ·
652 3285 763 3337 ἀλλ’
792 3289 825 3354 ἡ
870 3285 1067 3355 καρδία
1107 3286 1332 3356 πικρίας
1363 3287 1479 3340 ἐστὶ¹
1513 3287 1745 3360 πλήρης,

147 3376 254 3428 καὶ
290 3377 347 3427 αἱ
376 3375 603 3446 πράξεις
631 3375 686 3427 δὲ
713 3376 914 3446 ὁμοίως
942 3377 1170 3446 ἀνομίας
1196 3379 1373 3447 πεπλή
1385 3395 1604 3450 ρωνται.

235 3463 841 3532 Ἀπηλλοτριώθησαν
885 3469 937 3519 οἱ
967 3467 1300 3536 ἁμαρτωλοὶ
1337 3467 1454 3521 ἀπὸ
1494 3467 1746 3536 μήτρας.

149 3555 414 3608 Δείκνυσι
443 3555 504 3607 τὸ
536 3555 804 3625 μηδεμίαν
837 3556 1033 3620 αὐτοὺς
1062 3558 1122 3610 τὸ
1158 3558 1416 3627 παράπαν
1450 3559 1750 3629 ἐσχηκότας

149 3645 341 3699 αἰτίαν
375 3647 455 3707 είς
491 3647 784 3716 σωτηρίαν.
817 3646 938 3717 [Διὰ
963 3648 1072 3720 γὰρ
1101 3648 1321 3702 Ἡσαΐου
1345 3649 1437 3702 τοῦ
1468 3651 1748 3720 προφήτου

151 3737 298 3807 πρὸς
340 3736 629 3800 Ἰουδαίους
672 3741 700 3792 ό
741 3739 872 3802 Θεὸς
925 3739 1064 3810 ἔφη’
1107 3741 1354 3808 ’Ἐγ-νων,
1397 3740 1486 3794 ὅτι
1526 3741 1751 3795 ἀθετῶν

149 3827 498 3894 ἀθετήσεις,
531 3830 629 3883 καὶ
668 3829 890 3899 ἄνομος
914 3827 986 3897 εἷ,
1021 3832 1118 3885 καὶ
1149 3833 1216 3885 ἐκ
1254 3833 1487 3898 κοιλίας
1526 3832 1750 3901 κληθή-

151 3937 239 3988 σῃ
263 3937 276 3949 ’
319 3920 528 3974 κοιλίαν
561 3921 622 3974 τὸ
656 3923 808 3990 ἆγιον
831 3923 1124 3994 βάπτισμα
1152 3923 1372 3995 λέγων.]
1404 3924 1598 3993 Θυμὸς
1640 3927 1748 3978 αὐ-

150 4013 285 4080 τοῖς
338 4013 492 4066 κατὰ
542 4014 658 4082 τὴν
685 4017 970 4084 ὁμοίωσιν
1002 4017 1110 4069 τοῦ
1145 4015 1352 4085 ὄφεως.
1399 4015 1581 4086 Θυμόν
1617 4033 1748 4086 φησι

151 4106 256 4176 τὴν
295 4105 496 4176 ψυχὴν,
534 4106 601 4177 ἢν
627 4107 720 4159 καὶ
749 4107 942 4176 ὁμοίαν
969 4103 1108 4160 εἷναί
1158 4123 1290 4177 φησι
1331 4104 1424 4158 τοῦ
1473 4108 1530 4158 ἐν
1573 4123 1750 4177 παρα-

151 4196 321 4266 δείσῳ
353 4197 562 4264 ὄφεως·
597 4198 654 4260 ὃς
692 4199 1128 4269 ὑποκρινάμενος
1167 4199 1390 4269 ῥήματα
1425 4198 1627 4265 φιλίας,
1657 4198 1749 4250 τὸν

155 4290 394 4343 Θάνατον
422 4292 735 4362 εἰσήγαγεν.
754 4293 971 4364 Ἐπειδὴ
1017 4292 1195 4345 τοίνυν
1244 4293 1336 4344 καὶ
1379 4286 1524 4346 οὗτοι
1575 4309 1751 4362 παρα-

153 4382 428 4453 πλησίως,
459 4383 678 4447 Ῥαϐϐὶ,
707 4385 802 4438 καὶ
831 4384 1190 4447 Διδάσκαλε,
1208 4383 1478 4452 λέγοντες,
1507 4384 1620 4448 καὶ,
1655 4383 1751 4436 Οἵ-

1851 3285 2066 3339 scenda:
2097 3285 2264 3354 legis;
2297 3285 2391 3338 sed
2422 3300 2516 3338 cor
2554 3286 2774 3354 plenum
2813 3286 3143 3350 acerbitate,
3174 3295 3228 3340 et
3264 3302 3430 3355 opera

1851 3377 2106 3431 similiter
2140 3376 2428 3446 iniquitate
2459 3377 2614 3446 plena
2641 3386 2790 3432 sunt.

1918 3469 1972 3534 4,
2003 3469 2056 3523 5.
2075 3467 2313 3522 Alienati
2344 3479 2460 3521 sunt
2489 3479 2786 3538 peccatores
2809 3486 2839 3521 a
2863 3468 3034 3522 vulva.
3060 3467 3311 3524 Ostendit
3333 3486 3430 3526 eos

1849 3562 2054 3616 nullam
2081 3563 2305 3617 omnino
2336 3563 2594 3617 habuisse
2627 3562 2819 3616 salutis
2847 3577 3092 3616 causam.
3122 3561 3427 3633 [Siquidem

1847 3670 1944 3725 per
1974 3655 2170 3710 Isaiam
2205 3655 2526 3724 prophetam
2569 3651 2770 3708 JUdiIBlS
2806 3653 2882 3706 ait
2919 3653 3103 3707 Deus:
3141 3653 3278 3707 Novi
3302 3655 3430 3725 quia

1849 3746 2101 3816 despicies
2139 3755 2188 3800 et
2222 3753 2548 3814 contemptor
2577 3746 2702 3809 eris,
2736 3757 2892 3813 atque
2917 3760 2981 3798 ea:
3015 3756 3186 3798 ventre
3216 3745 3431 3800 vocabe-

1851 3837 1922 3888 ris
1951 3836 2165 3903 impius.
2202 3834 2458 3889 Ventrem
2500 3842 2655 3887 vocat
2691 3844 2940 3888 sanctum
2967 3835 3278 3906 baptisma.]
3327 3834 3431 3890 Fu-

1851 3943 1940 3981 ror
1966 3925 2073 3979 illis
2099 3927 2386 3979 secundum
2412 3924 2818 3978 similitudinem
2855 3927 3132 3994 serpentis.
3165 3925 3428 3981 Furcrem

1850 4017 2090 4071 animam
2127 4016 2278 4081 dicit,
2311 4031 2478 4085 quam
2509 4015 2744 4070 similem
2771 4015 2847 4068 ait
2872 4015 3108 4084 serpenti
3145 4017 3220 4068 illi
3253 4016 3345 4085 qui
3370 4017 3428 4072 in

1849 4109 2103 4178 paradiso
2136 4108 2477 4171 versabatur,
2506 4109 2600 4178 qui
2634 4108 2906 4163 simulatis
2936 4108 3191 4161 amicitiae
3222 4109 3428 4176 verbis,

1850 4209 2079 4254 mortem
2098 4200 2329 4254 induxit.
2362 4199 2590 4266 Quando
2635 4201 2799 4270 igitur
2827 4209 2882 4256 et
2915 4200 2969 4253 hi
3003 4213 3238 4269 quoque,
3279 4199 3428 4253 Babo

1852 4294 1904 4347 bi
1919 4293 2060 4359 ⁸³⁸⁸⁸,
2075 4303 2150 4358 et,
2173 4292 2430 4364 Magister
2450 4293 2496 4332 ⁸⁵
2519 4293 2782 4360 dicentes,
2803 4301 2876 4359 et,
2895 4291 3102 4348 Scimus
3129 4292 3378 4362 quoniam
3393 4309 3429 4346 α

1851 4382 2234 4451 Deovenisti“,
2256 4384 2635 4453 ethujusmodi
2653 4385 2818 4439 verba
2835 4383 3188 4454 proferentes,
3206 4398 3426 4438 crucem

152 4473 367 4543 δίιμεν,
391 4475 480 4526 ὅτι
504 4475 622 4529 ἀπὸ
646 4477 793 4531 Θεοῦ
816 4477 1139 4546 ἐλήλυθας,
1160 4477 1254 4529 καὶ
1283 4478 1351 4530 τὰ
1372 4477 1594 4530 τοιαῦτα
1615 4495 1746 4548 προ-

1861 4474 1960 4545 ipsi
2012 4475 2512 4542 machinabantur,
2571 4476 2776 4530 idcirco
2828 4475 3068 4545 serpenti
3125 4475 3428 4545 comparati

154 4566 452 4637 φερόμενοι
487 4569 726 4638 ῥήματα,
758 4569 1102 4622 ἐϐουλεύοντο
1127 4569 1459 4640 παραδοῦναι
1495 4569 1712 4642 σταυρῷ
1733 4588 1749 4603 ο

152 4657 353 4710 τούτου
389 4659 548 4728 χάριν
593 4662 660 4731 τῇ
693 4646 950 4730 ὁμοιώσει
985 4659 1079 4712 τοῦ
1100 4659 1277 4729 ὄφεως
1301 4659 1748 4732 παρεϐλήθησαν.

168 4750 330 4804 Ὡσεὶ
358 4751 621 4818 ἀσπίδος
647 4752 854 4822 κωφῆς
873 4753 971 4806 καὶ
987 4753 1273 4820 ,θυούσης
1294 4755 1366 4807 τὰ
1390 4749 1509 4808 ὦτα
1532 4753 1744 4822 αὐτῆς.

153 4841 232 4893 οὐ
273 4841 422 4910 μόνῳ
451 4841 530 4912 τῷ
561 4841 705 4910 ὄφει,
738 4844 890 4913 φησὶ,
923 4843 1343 4914 παρεικασθεῖεν
1376 4843 1463 4907 ἂν,
1492 4843 1628 4896 ἀλλὰ
1655 4844 1749 4898 καὶ

153 4931 348 4984 ἀσπίδι
371 4932 464 4983 ἐπὶ
487 4931 846 4985 τῶνόδόντων
871 4932 1072 5004 ἐχούσῃ
1101 4933 1192 4986 τὸν
1224 4934 1322 4996 ἰὸν,
1346 4934 1418 5004 μὴ
1449 4933 1746 5003 βουλομένῃ

150 5036 216 5084 τε
242 5020 537 5074 ἐπακούειν
558 5021 666 5074 τῶν
700 5023 924 5092 ἐπῳδῶν
954 5026 1034 5087 εἰς
1062 5024 1120 5076 τὺ
1143 5024 1236 5076 τοῦ
1259 5023 1431 5095 θυμοῦ
1454 5022 1744 5077 παύεσθαι.

1855 4575 2003 4623 sunt.
2037 4567 2210 4622 Sicuti
2234 4569 2434 4634 aspidis
2468 4568 2644 4622 surda:
2681 4578 2733 4622 et
2768 4567 3066 4622 obturantis
3096 4584 3249 4621 aures
3278 4583 3426 4621 suas.

1852 4657 1972 4714 Non
2006 4660 2187 4725 modo,
2227 4660 2420 4730 inquit,
2452 4660 2687 4729 serpenti
2717 4660 3018 4728 comparari
3049 4668 3300 4729 possunt,
3332 4659 3429 4715 sed

1852 4751 2016 4805 etiam
2043 4753 2241 4821 aspidi,
2262 4768 2530 4805 venenum
2565 4753 2617 4804 in
2643 4751 2898 4806 dentibus
2923 4752 3162 4818 habenti,
3187 4767 3310 4822 qua:
3329 4767 3431 4805 no-

1850 4841 1916 4896 lit
1942 4843 2130 4897 audire
2153 4843 2518 4897 incantatores
2546 4851 2608 4897 ut
2628 4843 2870 4898 furorem
2894 4845 3064 4900 sedet.
3097 4843 3222 4900 Haec
3247 4855 3431 4900 autem

1853 4931 1975 4987 ideo
2013 4933 2165 4999 dicit,
2204 4933 2332 5002 quia
2377 4933 2454 4986 illi
2497 4933 2654 5002 juxta
2696 4932 2851 4989 Isaiae
2889 4951 3076 4990 vocem
3107 4952 3268 4991 aures
3303 4951 3433 4991 suas

1852 5033 2215 5092 aggravarunt
2246 5031 2304 5078 ut
2329 5038 2436 5077 non
2465 5026 2715 5078 audirent
2745 5041 3027 5080 sermones
3061 5027 3294 5082 Domini.

153 5114 344 5167 Ταῦτα
377 5114 436 5167 δέ
472 5132 653 5183 φησιν,
685 5115 871 5187 ἐπειδὴ
896 5118 991 5169 καὶ
1017 5117 1169 5170 αὐτοὶ
1208 5117 1349 5170 κατὰ
1386 5117 1486 5188 τὴν
1522 5116 1744 5168 Ἡσαΐου
1784 5114 1966 5186 φωνὴν
2000 5115 2270 5188 ἐδάρυναν
2299 5117 2367 5170 τὰ
2395 5112 2529 5180 ὦτα,
2581 5116 2675 5170 τοῦ
2728 5117 2802 5189 μὴ
2851 5119 3080 5173 ἀκοῦσαι
3119 5122 3244 5183 τοὺς
3283 5117 3436 5190 παρὰ

154 5209 253 5262 τοῦ
285 5211 493 5280 Κυρίου
527 5210 738 5278 λόγους.

243 5305 297 5356 Ὀ
329 5304 474 5370 Θεὸς
507 5307 826 5375 συντρίψει
859 5307 1002 5374 τοὺς
1045 5309 1300 5373 ὀδόντας
1340 5308 1538 5361 αὐτῶν
1565 5305 1638 5358 ἐν
1669 5303 1746 5370 τῷ

1929 5303 2004 5355 7-
2023 5302 2078 5356 9.
2112 5301 2255 5355 Deus
2278 5311 2506 5359 conteret
2539 5300 2719 5355 dentes
2749 5301 2941 5354 'eorum
2968 5302 3033 5354 'in
3058 5317 3144 5354 ore
3173 5304 3430 5369 ipsorum.

159 5395 414 5464 στόματι
445 5394 661 5452 αὐτῶν.
680 5398 929 5461 Ὀδόντας
955 5401 1011 5451 ἐν
1037 5399 1212 5469 τούτῳ
1248 5398 1348 5462 τὰς
1387 5396 1746 5466 συκοφαντίας

1861 5393 2050 5447 Dentes
2075 5392 2163 5446 hic
2191 5401 2350 5445 vocat
2377 5392 2766 5462 syCOphantias
2802 5407 2939 5460 quas
2969 5391 3230 5446 adversus
3259 5389 3418 5444 Domi

159 5487 230 5550 ἃς
263 5489 586 5560 πεποίηνται
632 5490 776 5543 κατὰ
821 5489 917 5542 τοῦ
961 5491 1167 5563 Κυρίου
1203 5491 1359 5562 φησὶ,
1393 5490 1487 5542 καὶ
1520 5489 1746 5560 μάλιστα

1861 5499 1986 5537 eum
2026 5492 2367 5548 struxerunt,
2410 5483 2646 5538 maxime
2681 5491 2860 5536 autem
2886 5487 2995 5537 v'eas
3030 5499 3150 5551 quae
3181 5497 3432 5537 resurre-

160 5578 262 5640 τὰς
305 5581 399 5632 ἐπὶ
435 5581 534 5648 τῆς
559 5580 907 5643 ἀναστάσεως
927 5597 939 5610 ο
968 5580 1003 5648 ἢ
1028 5580 1244 5639 ὀδόντας
1267 5580 1366 5651 τὴν
1396 5577 1624 5648 δύναμιν
1650 5595 1746 5648 φη-

1861 5579 2090 5633 ctionem
2134 5583 2477 5646 spectarent,
2509 5588 2602 5633 aut
2656 5577 2846 5634 dentes
2881 5575 3137 5631 virtutem
3175 5574 3432 5648 appellat,

238 5719 286 5752 ⁸²
318 5717 476 5775 Rom.
516 5735 636 5789 vui,
664 5721 754 5776 21.
834 5722 955 5756 ’Μ’
985 5725 1142 5779 Joan.
1179 5739 1261 5789 ιιι,
1287 5723 1342 5777 2.
1371 5791 1380 5798 _
1421 5724 1466 5758 "
1497 5720 1688 5778 Matth.
1721 5737 1746 5776 ι

1896 5721 1980 5779 l6.
2054 5722 2118 5792 ,⁸⁸
2141 5719 2295 5777 Joan.
2327 5737 2407 5789 ιιι,
2442 5721 2496 5788 2,
