3872 6216
461 324 568 380 265

1296 327 1354 382 S.
1394 323 1768 381 ATHANASII
1806 323 1956 378 OPP.
1995 321 2177 377 PARS
2217 320 2304 376 ill.
2345 350 2416 363 —-
2453 320 2868 379 EXEGETICA.

3606 325 3712 378 264

462 437 590 506 quia
629 440 846 494 leonum
881 441 964 494 vis
995 440 1050 493 in
1076 438 1328 494 dentibus
1351 447 1456 494 est.
1490 437 1572 491 Ad
1617 437 1842 490 nihilum
1886 439 2036 488 dere-

2161 450 2244 495 rtv,
2268 433 2454 504 ἐπειδὴ
2498 434 2606 486 τῶν
2654 434 2881 488 λεόντων
2925 433 2983 486 ἐν
3025 435 3138 496 τοῖς
3161 432 3372 488 ὀδοῦσιν
3401 435 3434 506 ἡ
3463 433 3710 505 δύναμις·

463 531 606 582 nient
632 539 881 600 tanquam
921 547 1058 600 aqua
1160 530 1461 584 decurrens.
1514 529 1918 597 Despieabiles,
1952 527 2036 580 in-

463 620 602 687 quit,
652 629 830 684 erunt,
866 621 1088 688 perinde
1132 630 1294 689 atque
1321 620 1492 674 elIusa
1532 635 1670 688 aqua
1702 633 2038 688 prorsusque

465 709 690 767 inutiiis.
755 710 994 766 Intendet
1042 729 1224 765 arcum
1277 729 1431 766 suum
1475 713 1638 765 donec
1679 712 2034 780 inﬁrmentur.

465 801 664 856 Arcum
698 804 784 858 hic
817 815 968 859 vocat
1001 805 1323 859 sententiam
1355 819 1520 874 quam
1556 805 1611 858 in
1640 805 1828 858 divino
1865 805 2040 858 tribu-

465 894 572 946 nali
598 895 804 949 laturus
823 905 923 950 est.
952 895 1084 949 Illud
1115 895 1513 959 autcm,donec_
1549 912 1666 965 pro,
1688 906 1759 960 et,
1787 897 1948 964 jacet,
1980 905 2040 951 ut

464 988 730 1040 sententia
768 988 858 1050 sit,
888 998 935 1040 et
958 988 1393 1056 inﬁrmabuntur.
1429 987 1785 1058 Supercecidit
1821 990 1954 1058 ignis
1989 998 2038 1042 et

465 1077 813 1130 nonviderunt
833 1079 1014 1133 solem.
1038 1081 1245 1148 lnjecti,
1267 1081 1460 1148 inquit,
1480 1081 1532 1132 in
1556 1081 1732 1150 ignem
1751 1089 2035 1144 aeternum,

463 1165 630 1218 solem
661 1167 885 1236 justiti:e
911 1187 1016 1223 non
1039 1172 1309 1224 viderunt.
1334 1169 1523 1224 Simile
1541 1180 1724 1224 autem
1759 1179 1843 1224 est
1871 1171 2034 1226 illud:

466 1248 707 1308 Tollatur
728 1258 943 1328 impius,
962 1270 1018 1312 ut
1051 1276 1152 1313 non
1176 1261 1346 1314 videat
1377 1259 1602 1330 gloriam
1625 1260 1840 1314 Domini
1860 1261 1925 1316 ⁸⁷.

540 1523 626 1576 10.
670 1524 994 1595 Priusquam
1037 1527 1380 1597 intelligerent
1442 1528 1606 1597 spinis
1650 1528 2036 1582 vestrccrlmm-

2151 525 2764 591 Ἐξουδενωθήσονται
2803 526 2946 579 ὡσεί
2991 525 3149 594 ὕδωρ
3191 525 3712 595 διαπορευόμενον.

2137 615 2633 688 Εὑκαταφρόνητοι,
2673 617 2854 687 φησὶν,
2886 615 3095 668 ἔσονται
3128 615 3279 668 ὕδατι
3320 617 3716 687 παραπλησίως

2137 705 2516 776 ἐσκεδασμένῳ
2566 706 2660 760 καὶ
2705 707 2982 770 παντελῶς
3031 708 3306 777 ἀχρήστῳ.
3339 708 3596 762 Ἐντενεῖ
3649 708 3717 760 τὸ

2136 796 2316 860 τόξον
2343 797 2528 850 αὑτοῦ
2569 797 2680 863 ἓως
2722 793 2794 852 οὗ
2837 796 3242 863 ἀσθενήσωσι.
3277 797 3438 863 Τόξον
3485 801 3543 850 ἐν
3595 798 3719 850 τού-

2136 903 2249 948 τοις
2278 886 2376 956 τὴν
2407 886 2680 954 ἀπόφασιν
2711 887 2808 958 τὴν
2843 889 2900 939 ἐν
2925 887 3002 957 τῷ
3028 887 3156 957 θείῳ
3188 887 3389 956 βήματι
3423 888 3720 958 γενησομέ-

2136 994 2235 1049 νην
2265 977 2415 1048 φησί.
2448 960 2529 1030 ’Τὸ
2559 979 2637 1042 δὲ,
2662 980 2772 1044 ἕως
2807 976 2901 1044 οὗ,
2937 981 3058 1033 ἀντὶ
3091 979 3206 1043 τοῦ,
3234 981 3353 1042 καὶ,
3383 984 3554 1033 κεῖται
3579 997 3594 1010 ο
3630 982 3719 1033 ἶνα

2136 1063 2192 1140 ᾖ,
2227 1069 2324 1121 καὶ
2350 1069 3057 1135 ἀσθενήσουσιν.Ἔπεσε
3100 1071 3165 1122 τὸ
3215 1069 3333 1138 πῦρ
3358 1069 3449 1123 ἐπ’
3469 1071 3716 1137 αὐτοὺς,

2137 1159 2238 1212 καί
2279 1161 2390 1214 οὐκ
2432 1157 2595 1214 εἶδον
2631 1160 2736 1214 τὸν
2765 1160 3383 1231 ἢ.ίιον.Ἐμ6ληθέντες,
3417 1163 3599 1232 φησὶν,
3635 1163 3719 1224 εἰς

2137 1250 2197 1302 τὸ
2240 1251 2351 1323 πῦρ
2398 1251 2460 1305 τὸ
2505 1251 2740 1314 αἰώνιον,
2773 1253 2870 1322 τῆς
2899 1253 3246 1322 δικαιοσύνης
3289 1254 3380 1306 τὸν
3423 1254 3574 1324 ἥλιον
3613 1253 3719 1306 οὐκ

2139 1341 2677 1414 ἐθεάσαντο.⁹’ομοιον
2700 1345 2756 1397 δὲ
2783 1345 2842 1396 τό
2859 1362 2874 1375 ο
2904 1344 3152 1414 Ἇρθήτω
3175 1349 3206 1400 ό
3227 1345 3470 1414 ἀσεϐὴς,
3499 1347 3600 1399 ἵνα
3624 1347 3716 1417 μὴ

2141 1431 2239 1499 ἴδῃ
2272 1433 2387 1501 τὴν
2417 1433 2606 1498 δόξαν
2630 1434 2870 1501 Κυρίου.

2209 1522 2329 1590 Πρὸ
2377 1523 2482 1576 τοῦ
2511 1524 2784 1577 συνιέναι
2821 1524 2928 1590 τὰς
2960 1524 3226 1592 ἀκάνθας
3261 1525 3426 1596 ὑμῶν
3458 1527 3572 1596 τὴν
3603 1529 3719 1597 ῥά-

465 1630 609 1670 num.
655 1615 936 1671 Rhamnus
967 1626 1049 1671 est
1097 1621 1319 1686 spinosa
1365 1620 1550 1684 arbor,
1582 1619 1826 1688 loquitur
1849 1628 2032 1672 autem

2161 1629 2308 1666 ινον.
2351 1611 2583 1684 Ῥάμνος
2617 1613 2924 1678 ἀκανθῶδες
2956 1617 3140 1684 φυτόν.
3169 1618 3329 1685 Λέγει
3348 1617 3403 1669 δὲ
3426 1618 3516 1671 τὸν
3545 1618 3721 1673 ἀκάν-

464 1706 529 1759 de
557 1709 740 1774 spinea
767 1723 992 1763 corona.
1033 1708 1380 1778 Priusquam,
1411 1709 1505 1771 ait,
1540 1695 1842 1778 augeantur
1871 1711 2038 1779 spime

2161 1707 2281 1755 itvov
2329 1705 2610 1773 στέφανον.
2644 1707 2801 1777 Πρὶν,
2837 1708 3018 1778 φησιν,
3057 1709 3284 1779 αὐξῆσαι
3329 1709 3425 1772 τὰς
3475 1711 3722 1776 ἀκάνθας

463 1807 672 1857 vestrae.
710 1798 760 1850 id
805 1807 888 1852 est
925 1807 1146 1866 peccata
1177 1809 1378 1862 vestra,
1405 1810 1458 1854 et
1496 1800 1761 1855 rhamnus
1802 1801 1952 1867 ﬁant,
1981 1802 2034 1856 id

2161 1795 2311 1864 υμῶν,
2345 1796 2588 1849 τουτέστι
2626 1798 2723 1861 τάς
2755 1799 3052 1869 ἁμαρτίας,
3081 1802 3174 1853 καὶ
3201 1801 3453 1868 γενέσθαι
3487 1804 3719 1872 ῥάμνον,

461 1898 547 1944 est
586 1889 928 1944 emerescant
964 1899 1019 1945 et
1051 1890 1286 1947 fructum
1331 1891 1540 1956 ierant,
1571 1892 1787 1948 invadet
1823 1908 1922 1949 vos
1957 1894 2037 1948 ira

461 1981 667 2035 divina.

538 2073 625 2136 Η,
654 2073 735 2126 12.
753 2071 1241 2142 Laetabiturjustus
1261 2090 1379 2127 cum
1403 2075 1588 2129 viderit
1611 2076 1916 2130 vindictam.
1941 2074 2039 2130 Ju-

459 2165 554 2230 sti,
583 2164 780 2234 inquit,
799 2180 921 2218 cum
946 2181 974 2218 e
992 2166 1168 2220 medio
1193 2166 1433 2220 sublatos
1453 2167 1728 2236 improbos
1757 2167 2036 2222 daemonas

463 2264 711 2324 tempore
736 2256 868 2325 justi
896 2257 1089 2326 judicii
1120 2257 1475 2326 conspicient,
1495 2258 1562 2311 de
1586 2259 1738 2327 justo
1775 2258 1864 2312 Dei
1887 2258 2038 2328 judi-

457 2345 548 2398 cio
597 2347 928 2414 gaudebunt.
984 2345 1123 2412 Quia
1171 2348 1377 2402 scilicet
1417 2346 1622 2400 innoxii
1651 2346 1848 2417 reperti
1887 2356 2034 2410 sunt,

460 2444 623 2502 atque
647 2436 802 2490 liberi
831 2452 862 2490 a
896 2438 1162 2508 supplicio
1191 2453 1288 2508 pro
1327 2448 1503 2494 morte
1556 2438 1867 2507 inﬂigendo.
1902 2437 2037 2492 Illud

461 2530 629 2596 enim,
655 2530 874 2595 Iuvabit,
894 2531 960 2584 de
983 2532 1272 2585 innocente
1293 2533 1688 2601 accipiendum,
1707 2532 1861 2599 juxta
1881 2530 2034 2592 illud,

461 2617 672 2673 Lavabo
712 2622 850 2674 inter
901 2624 1198 2676 innocentes
1242 2639 1428 2675 manus
1481 2638 1620 2675 meas
1637 2622 1704 2675 ⁸⁸.
1739 2620 1930 2691 Utique
1957 2629 2036 2675 est

462 2711 604 2764 Deus
639 2711 891 2780 judicans
928 2729 1015 2766 eos
1047 2715 1101 2766 in
1127 2726 1288 2766 terra.
1320 2711 1455 2767 lllud
1501 2715 1679 2783 utique
1720 2728 1818 2782 pro
1859 2729 2038 2766 revera

463 2805 700 2871 positum
723 2815 826 2859 est.
861 2805 1063 2874 Utique
1092 2815 1176 2861 est
1205 2806 1347 2861 Deus
1384 2806 1640 2875 judicans
1686 2819 1800 2860 eos.
1847 2803 2031 2859 Conﬁ-

461 2901 665 2960 tentur,
700 2909 828 2948 vere
853 2893 1063 2963 justum
1095 2910 1218 2952 esse
1237 2895 1506 2966 judicium
1527 2895 1625 2950 Dei
1647 2895 1703 2949 in
1726 2909 1821 2950 eos
1843 2895 2034 2949 latum.

2138 1888 2258 1939 ἀντὶ
2287 1886 2381 1939 τοῦ
2421 1887 2710 1957 ἐξανθῆσαι
2741 1891 2834 1943 καὶ
2863 1895 3303 1964 καρποφορῆσαι,
3331 1894 3722 1964 μετελεύσεται

2139 1979 2281 2048 ὑμᾶς
2319 1980 2351 2050 ή
2386 1978 2504 2030 θεία
2538 1979 2695 2050 ὀργή.

2206 2070 2700 2140 Εὐρρανθήσεται
2749 2070 2998 2138 δίκαιος,
3049 2073 3193 2126 ὅταν
3236 2074 3332 2143 ιδῃ
3379 2075 3720 2142 ἐκδίκησιν,

2138 2162 2200 2214 υἱ
2231 2161 2450 2225 δίκαιοι,
2487 2163 2672 2233 φησιν,
2707 2165 2771 2216 ἐκ
2803 2165 2964 2234 μέσου
2993 2166 3343 2235 γιγνομένους
3370 2167 3495 2230 τοὺς
3525 2168 3722 2239 ἀλιτη-

2142 2252 2286 2322 ρίους
2314 2251 2572 2323 θεώμενοι
2604 2253 2860 2324 δαίμονας
2897 2255 3036 2308 κατά
3075 2256 3164 2309 τὸν
3196 2257 3294 2325 τῆς
3321 2256 3721 2328 δικαιοκρισίας

2138 2343 2347 2414 καιρὸν,
2379 2345 2471 2396 ἐπὶ
2514 2344 2590 2414 τῷ
2630 2345 2820 2416 δικαίῳ
2864 2347 3092 2416 κρίματι
3123 2347 3215 2400 τοῦ
3243 2348 3376 2401 Θεοῦ
3407 2349 3722 2420 εὐφρανθή-

2140 2451 2351 2488 σονται·
2392 2435 2485 2489 ἅτε
2528 2435 2592 2507 δὴ
2639 2435 2806 2489 ἅθῶοι
2854 2438 3006 2490 αὐτοὶ
3051 2438 3361 2510 εὐρεθέντες
3392 2441 3490 2510 τῆς
3520 2441 3614 2492 ἐπὶ
3640 2440 3722 2510 τῷ

2138 2523 2352 2596 θανάτῳ
2395 2525 2686 2591 κολάσεως.
2719 2528 2791 2580 Τὸ
2814 2527 2946 2600 γὰρ,
2974 2530 3233 2596 vlg-stat,
3267 2531 3358 2582 ἐπὶ
3400 2529 3496 2582 τοῦ
3540 2530 3718 2583 ἀθὼου

2136 2614 2366 2688 ληπτέον
2399 2616 2537 2670 κατὰ
2569 2617 2657 2670 τό⁶
2688 2620 2946 2688 Νίψομαι
2997 2619 3065 2672 ὲν
3113 2619 3325 2686 ἀθώοις
3359 2621 3468 2686 τὰς
3513 2621 3721 2690 χεῖράς

2130 2724 2268 2776 μου.
2282 2709 2419 2777 Ἄρα
2459 2709 2632 2762 ἐστίν
2663 2713 2695 2763 ό
2725 2712 2868 2775 Θεὸς
2906 2711 3126 2778 κρίνων
3151 2711 3372 2776 αὐτοὺς
3401 2712 3471 2764 ἐν
3500 2712 3577 2779 τῇ
3617 2711 3715 2780 τῇ.

2138 2796 2230 2860 Τὸ,
2255 2795 2388 2864 ἆρα,
2416 2799 2537 2852 ἀντὶ
2562 2798 2677 2863 τοῦ,
2700 2799 2906 2864 ὄντως,
2932 2800 3340 2872 τέθειται.“¹Αρα
3363 2803 3508 2855 ἐστὶν
3532 2805 3560 2856 ὁ
3585 2803 3722 2868 Θεὸς

2138 2887 2338 2958 κρίνων
2385 2890 2599 2954 αὐτούς.
2629 2889 2998 2960 Ὁμολογοῦσι,
3047 2892 3231 2962 φησὶν,
3281 2891 3448 2955 ὄντως
3499 2892 3719 2946 δικαίαν

2139 2980 2402 3052 ὑπάρχειν
2457 2981 2556 3054 τὴν
2605 2983 2691 3035 ἐπ’
2721 2982 2900 3036 αὐτῶν
2963 2981 3332 3053 ἐξενεχθεῖσαν
3381 2984 3564 3054 κρίσιν
3618 2985 3716 3038 τοῦ

2138 3071 2295 3126 Θεοῦ.

463 3166 516 3216 1.
549 3162 614 3217 In
657 3165 834 3233 ﬁnem,
875 3183 937 3220 ne
981 3169 1280 3238 disperdas,
1309 3168 1525 3236 Davidi,
1557 3173 1611 3226 in
1652 3176 1796 3230 tituli
1849 3179 2039 3233 inscri-

2161 3165 2247 3228 Ξίς
2287 3162 2353 3216 τὸ
2381 3164 2571 3229 τέλος,
2604 3165 2690 3232 μὴ
2723 3164 3084 3234 διαφθείρῃς,
3112 3163 3192 3230 τῷ
3215 3164 3414 3228 Δαυῒδ,
3442 3168 3530 3231 είς
3571 3181 3720 3233 στη-

529 3255 778 3323 ptionent,
801 3256 1010 3325 quando
1035 3259 1179 3311 misit
1231 3259 1386 3326 Saul,
1418 3270 1467 3314 et
1507 3268 1787 3320 custodit-it
1830 3269 2044 3324 domum

525 3344 660 3412 ejus,
686 3353 744 3398 ut
770 3363 888 3399 eum
912 3349 1243 3416 interﬁceret.

986 3429 1224 3485 PSALM
1238 3433 1325 3488 US
1359 3434 1403 3489 L
1418 3434 1584 3492 VIII.

1059 3527 1462 3594 Argumentum.

462 3604 655 3663 Livore
680 3609 734 3664 in
767 3607 1024 3668 Davidem
1059 3613 1256 3670 ductus
1299 3615 1450 3682 Saul,
1496 3619 1712 3676 etiamsi
1754 3622 2031 3678 beneﬁcus

537 3700 641 3754 sibi
682 3711 816 3766 erat,
845 3705 1123 3772 quazrebat
1159 3706 1462 3763 interﬁcere
1487 3725 1634 3774 eum,
1667 3713 1827 3766 modo
1855 3713 2041 3783 ejacu-

535 3789 656 3846 lans
681 3792 735 3845 in
757 3809 882 3847 eum
916 3796 1124 3850 hastam
1151 3798 1216 3864 ’⁸,
1234 3801 1397 3854 modo
1420 3801 1678 3857 obsidens
1707 3805 1762 3858 in
1791 3803 2034 3858 domo”.

537 3879 791 3937 Refertur
823 3894 1004 3940 autem
1035 3888 1101 3942 ad
1139 3903 1428 3958 personam
1463 3891 1796 3960 Salvatoris,
1827 3897 1918 3964 qui
1951 3896 2036 3949 in-

525 3980 745 4038 gratum
769 3972 1021 4029 lsraelcm
1046 3976 1324 4032 beneficiis
1347 3979 1545 4046 affecit,
1569 3981 1727 4049 cujus
1749 3997 2039 4051 personam

531 4059 740 4117 ferebat
788 4063 940 4129 Saul,
983 4067 1194 4122 insidiis
1245 4078 1426 4123 autem
1479 4071 1601 4139 ejus
1633 4074 1908 4141 appetitus
1933 4086 2035 4129 est.

532 4151 868 4208 Pratnuntiat
887 4172 1104 4226 quoque
1130 4159 1376 4212 omnium
1402 4161 1644 4228 gentium
1670 4163 2034 4230 vocationem,

527 4243 698 4313 ejecto
723 4247 970 4301 videlicet
993 4249 1064 4300 ob
1093 4249 1424 4317 impietatem
1457 4249 1676 4317 lsraele,
1703 4253 1771 4306 ab
1796 4269 1862 4308 eo
1888 4256 2034 4324 quod

529 4336 828 4387 secundum
854 4333 1023 4387 Deum
1050 4345 1130 4388 est
1159 4337 1282 4390 vita:
1310 4337 1578 4390 instituto.

527 4423 582 4476 2.
623 4424 782 4496 Eripe
825 4443 904 4480 me
945 4427 1008 4479 de
1045 4428 1274 4480 inimicis
1312 4429 1460 4494 meis,
1491 4429 1628 4482 Deus
1666 4446 1826 4483 meus.
1861 4431 2035 4500 Rogat

463 4517 532 4568 ali
557 4517 794 4572 inimicis
815 4533 939 4571 cum
966 4519 1319 4572 sensibilibus
1343 4527 1454 4572 tum
1479 4520 1854 4587 spiritualibus
1876 4523 2032 4593 eripi.

456 4607 549 4663 isti
578 4609 722 4661 enim
756 4610 942 4678 iniqua
971 4619 1197 4678 agentes
1226 4609 1542 4664 invidebant
1568 4611 1688 4680 ipsi.

528 4795 582 4850 5.
621 4793 800 4865 Neque
839 4797 1092 4866 iniquitas
1137 4813 1272 4861 mea,
1317 4813 1479 4866 neque
1524 4807 1794 4866 peccatum
1836 4814 2029 4866 meum,

459 4887 699 4940 Domine.
731 4885 918 4939 Simile
953 4889 1026 4940 illi
1055 4898 1136 4941 est
1163 4908 1174 4942 :
1211 4889 1349 4952 Quia
1391 4890 1726 4959 iniquitatem
1754 4907 1853 4943 non
1880 4891 2026 4959 fecit,

459 4997 620 5048 neque
648 4981 886 5032 inventus
917 4991 991 5033 est
1019 4982 1172 5034 dolus
1203 4983 1258 5034 in
1287 4999 1375 5035 ore
1402 4983 1514 5053 ejus
1538 4984 1603 5038 “.

535 5072 588 5126 6.
615 5071 833 5124 Intende
863 5072 930 5124 ad
961 5074 1248 5127 risitandas
1277 5090 1451 5127 omnes
1486 5083 1678 5144 gentes.
1703 5074 1878 5145 Rogat
1903 5091 2030 5130 con-

458 5165 592 5218 verti
626 5163 690 5216 ad
722 5162 928 5217 Christi
974 5166 1130 5216 [idem
1172 5166 1508 5230 idololatras,
1537 5180 1590 5221 et
1620 5168 1740 5237 ejici
1772 5167 2024 5222 lsraelem

459 5255 531 5308 ob
575 5255 920 5323 iniquitatem
965 5271 1142 5308 suam.
1185 5255 1266 5308 Ne
1307 5259 1605 5310 miserearis
1650 5259 1889 5312 omnibus
1936 5261 2026 5328 qui

457 5355 741 5414 operantur
797 5345 1147 5413 iniquitatem.
1198 5343 1575 5398 Conrertentur
1616 5349 1684 5398 ad
1737 5363 2020 5416 vesperam.

455 5436 692 5488 Causam
723 5435 856 5488 dicit
887 5451 986 5488 cur
1020 5446 1267 5503 precetur
1299 5445 1355 5488 ut
1385 5453 1489 5488 non
1540 5437 1898 5491 misereantur
1924 5438 2024 5494 eis.

2217 3256 2567 3324 λογραφίαν,
2610 3259 2788 3310 ὁπότε
2830 3257 3146 3311 ἀπέστειλε
3187 3257 3406 3315 Σαοὺλ.
3433 3258 3531 3310 καὶ
3570 3257 3719 3325 ἐρύ-

2213 3346 2362 3411 λαξε
2405 3347 2510 3400 τὸν
2539 3343 2709 3402 οἷκον
2745 3349 2952 3409 αὑτοῦ,
2993 3348 3098 3402 τοῦ
3135 3347 3471 3402 θανατῶσαι
3506 3349 3719 3403 αὐτόν.

2719 3442 3025 3493 ΨΑΛΜΟΣ
3049 3440 3188 3492 NH'.

2768 3527 3092 3594 Ὑπόθεσις.

2140 3617 2513 3689 Διαφθονήσας
2544 3637 2620 3690 τῳ
2650 3619 2809 3674 Δαυῒδ
2831 3623 2860 3674 ὁ
2884 3620 3075 3683 Σαοὺλ,
3108 3619 3283 3674 καίτοι
3308 3619 3610 3692 εὐεργέτην
3628 3622 3722 3676 δν-

2210 3728 2297 3776 τα,
2315 3712 2495 3784 ἐζήτει
2520 3713 2860 3776 ἀποκτεῖναι,
2896 3712 3022 3765 ποτέ
3055 3711 3152 3782 μὲν
3180 3711 3476 3775 ἀκοντίζων
3500 3713 3565 3765 τὸ
3589 3713 3720 3784 δόρυ

2210 3808 2333 3860 κατ’
2359 3803 2546 3870 αὑτοῦ,
2577 3805 2707 3859 ποτέ
2730 3803 2787 3856 δέ
2811 3805 2870 3857 ἐν
2889 3801 2966 3873 τῷ
2989 3803 3123 3874 οἴκῳ
3144 3802 3512 3874 ἐκπολιορκῶν
3527 3804 3717 3858 αὐτόν.

2225 3895 2577 3968 Ἀναφέρεται
2620 3894 2678 3948 δὲ
2725 3895 2805 3958 είς
2854 3894 3142 3967 πρόσωπον
3185 3891 3278 3946 τοῦ
3313 3893 3589 3965 Σωτῆρος,
3623 3894 3720 3947 τοῦ

2209 3986 2622 4058 εὐεργετοῦντος
2659 3986 2755 4056 μὲν
2795 3985 2886 4038 τὸν
2913 3986 3205 4056 ἀχάριστον
3246 3983 3479 4056 Ἰσραὴλ,
3513 3978 3578 4038 οὗ
3625 3986 3723 4039 καὶ

2208 4079 2500 4150 πρόσωπον
2521 4075 2668 4150 εἶχεν
2694 4079 2722 4130 ὁ
2748 4077 2941 4141 Σαοὺλ,
2976 4075 3457 4146 ἐπιϐουλευομένου
3489 4076 3549 4129 δὲ
3585 4078 3720 4149 παρ’

2212 4170 2394 4224 αὐτοῦ.
2425 4170 2844 4239 Εὑαγγελξζεται
2875 4168 2933 4221 δὲ
2965 4167 3058 4220 καὶ
3086 4166 3185 4238 τὴν
3211 4165 3320 4219 τῶν
3351 4165 3524 4219 ἐθνῶν
3552 4166 3723 4220 ἁπάν-

2207 4277 2314 4312 των
2345 4259 2557 4330 κλῆσιν,
2590 4257 2986 4329 ἐκϐαλλομένου
3015 4255 3254 4326 δηλονότι
3281 4254 3367 4310 διὰ
3391 4253 3491 4326 τὴν
3519 4255 3718 4308 δυσσέ-

2208 4350 2358 4403 6ειαν
2382 4352 2478 4420 τῆς
2513 4351 2652 4404 κατά
2677 4351 2808 4404 Θεὸν
2842 4349 3114 4412 πολιτείας
3137 4348 3230 4401 τοῦ
3259 4348 3497 4418 Ἰσραήλ.

2221 4439 2274 4490 Ἐ
2281 4439 2460 4502 ξέλου
2486 4457 2563 4508 με
2590 4440 2658 4491 ἐκ
2691 4439 2807 4492 τῶν
2828 4436 3057 4506 ἐχθρῶν
3088 4455 3226 4505 μου,
3259 4440 3291 4489 ό
3333 4437 3496 4501 Θεός.
3539 4433 3718 4504 Εὔχε-

2138 4545 2225 4582 ται
2255 4529 2528 4600 αἰσθητῶν
2573 4546 2631 4581 τε
2674 4529 2768 4582 καὶ
2818 4527 3024 4596 νοητῶν
3075 4527 3448 4594 ἀπαλλαγῆναι
3477 4523 3718 4594 ἐχθρῶν.

2139 4615 2296 4672 Οὗτοι
2339 4620 2447 4691 γὰρ
2475 4620 2538 4691 δὴ
2580 4619 2755 4690 ἄνομα
2788 4617 3152 4690 πραττόμενοι
3181 4616 3434 4686 ἐφθόνουν
3469 4616 3589 4667 κατ’
3617 4615 3722 4668 αὑ-

2133 4711 2226 4764 τοῦ
2237 4754 2249 4768 .

2209 4804 2355 4857 Οὔτε
2377 4805 2414 4870 ἡ
2431 4802 2647 4870 ἀνομία
2667 4819 2810 4870 μου,
2834 4801 2972 4855 οὔτε
2999 4801 3036 4867 ἡ
3065 4799 3315 4868 ἁμαρτία
3342 4817 3483 4868 μου,
3508 4800 3714 4867 Κύριε.

2136 4891 2359 4960 Ὅμοιον
2375 4889 2452 4958 τῷ
2475 4907 2487 4919 ·
2510 4890 2628 4941 ’Ότι
2656 4890 2911 4958 ἀνομίαν
2930 4891 3039 4942 οὺχ
3057 4888 3360 4954 ἐποίησεν,
3383 4887 3523 4941 οὐδὲ
3551 4891 3717 4957 εὑρέ·

2134 4982 2206 5046 θη
2246 4978 2425 5044 δόλος
2453 4980 2521 5032 ἐν
2548 4978 2628 5044 τῷ
2657 4982 2904 5048 στόματι
2937 4979 3142 5032 αὑτοῦ.

2206 5071 2475 5138 Πρόσχες
2529 5071 2634 5123 τοῦ
2684 5069 3125 5137 ἐπισκέψασθαι
3173 5067 3369 5122 πάντα
3417 5069 3486 5122 τὰ
3537 5069 3712 5138 ἔθνη.

2132 5161 2362 5230 Εὖχεται
2415 5161 2748 5231 ἐπιστροψὴν
2791 5161 3044 5227 γενέσθαι
3089 5163 3180 5214 ἐπὶ
3228 5161 3326 5232 τὴν
3367 5164 3447 5225 είς
3472 5163 3714 5230 Χριστὸν

2131 5253 2313 5304 πίστιν
2331 5253 2437 5305 τῶν
2454 5252 2872 5321 εἰδωλολατρῶν,
2896 5251 3165 5322 ἀποϐολὴν
3193 5253 3248 5306 δέ
3272 5252 3364 5306 τοῦ
3382 5254 3597 5324 Ἰσραὴλ
3621 5255 3714 5309 διὰ

2130 5341 2228 5412 τὴν
2266 5343 2489 5412 ἀνομίαν
2530 5343 2728 5395 αὐτῶν.
2763 5341 2858 5409 Μὴ
2899 5342 3274 5410 οἰκτειρήσῃς
3305 5343 3532 5409 πάντας
3566 5346 3712 5411 τοὺς

2125 5432 2550 5502 ἐργαζομένους
2592 5435 2708 5499 τὴν
2751 5435 3022 5503 ἀνομίαν.
3080 5434 3578 5503 Ἐπιστρέερουσιν
3622 5440 3711 5500 εις

455 5524 638 5581 Causa
665 5541 794 5579 vero
821 5533 906 5580 est
935 5526 1064 5595 quia
1102 5526 1565 5594 conspirationem
1604 5529 1867 5583 adversus
1902 5527 2026 5582 Sal-

2161 5523 2412 5592 σπέραν.
2462 5525 2570 5596 Τὴν
2617 5525 2796 5578 αίτίαν
2836 5526 2968 5596 φησὶ
3009 5526 3073 5579 δι’
3117 5522 3185 5599 ἦς
3235 5525 3310 5597 μὴ
3343 5525 3703 5598 οἰκτείρεσθαιΙ

527 5704 575 5736 ⁸⁷
607 5702 715 5760 lsa.
748 5719 897 5771 nVI,
925 5702 990 5758 10
1021 5717 1130 5761 sec.
1151 5701 1312 5758 LXX.

1392 5702 1588 5759 “Psal.
1620 5719 1746 5769 xxv,
1779 5706 1833 5760 6.
1911 5701 2150 5776 "lReg.
2178 5719 2292 5769 nx,
2325 5702 2413 5757 10.
2489 5703 2536 5737 ⁹⁰
2570 5703 2694 5758 ibid.
2733 5703 2813 5769 l5,
2848 5702 2932 5758 l6.
3007 5704 3048 5736 ’ί
3081 5703 3098 5757 l
3129 5702 3273 5760 Petr.
3311 5717 3372 5769 ιι,
3398 5702 3492 5763 23.
