3872 6216
188 289 290 346 €265

1295 285 1656 342 EXPOSITIO
1696 286 1762 340 ΙΝ
1800 284 2132 345 PSALMUM
2171 288 2353 346 LVIII.

3327 290 3440 350 260

189 406 381 468 αὐτοὺς
405 402 628 474 ηὔξατο.
665 403 729 456 Ἠ
761 403 909 457 αἰτία
937 403 1018 464 δὲ,
1048 403 1131 456 ὅτι
1166 403 1469 474 συστροφὴν
1497 401 1637 455 κατὰ
1666 399 1760 453 τοῦ

1883 409 2104 456 ratorem
2128 400 2324 456 facturi
2347 407 2523 465 erant,
2547 415 2658 472 quo
2681 407 2926 470 tempore
2949 401 3038 457 illa
3061 402 3116 457 in
3141 405 3440 462 novissimo

191 497 434 562 Σωτῆρος
481 495 798 563 ποιήσονται
840 493 984 546 κατὰ
1020 495 1109 548 τὸν
1155 494 1347 565 καιρὸν
1381 497 1607 557 ἐκεῖνον,
1645 493 1765 547 καθ’

188 588 246 638 ὃν
294 584 381 637 ἐπ’
433 585 664 654 ἐσχάτου
709 585 818 638 τῶν
846 585 1070 656 ἡμερῶν
1119 587 1433 656 ἐπεδήμησε
1467 585 1542 654 τῷ
1579 585 1768 654 κόσμῳ

193 677 328 747 μετὰ
361 677 582 747 σαρκός.
613 677 722 730 Καὶ
751 677 1120 746 λιμώξουσιν
1145 679 1224 742 ὡς
1252 679 1439 730 κύων·
1471 675 1767 746 λιμώξουσι

195 767 290 837 μὲν
331 767 420 819 διὰ
453 767 513 818 τὸ
561 768 636 837 μὴ
670 766 925 832 δέξασθαι
960 769 1155 832 αὐτοὺς
1187 768 1276 820 τὸν
1305 768 1469 838 ἄρτον
1514 767 1603 819 τὸν
1636 767 1770 831 ζωο-

192 859 343 912 ποιὸν
366 876 378 886 ·
409 857 578 920 κύνας
617 859 674 910 δὲ
701 859 899 922 αὐτοὺς
927 859 1017 911 διὰ
1063 859 1123 912 τὸ
1163 860 1376 922 ἀναιδὲς
1409 857 1767 928 κατονομάζει

190 950 286 1020 τῆς
307 949 505 1020 ψυχῆς.
541 949 614 1001 Τὸ
651 949 706 1001 δέ
727 965 740 977 ·
769 950 1172 1004 Κίυκλώσουσι
1203 951 1403 1014 πόλιν,
1446 951 1526 1002 ὅτι
1558 950 1643 1021 δὴ,
1673 950 1768 1003 ἐκ-

192 1041 449 1103 πεσόντες
492 1040 593 1110 τῆς
640 1041 897 1111 πατρίδος
929 1041 1115 1112 νόμοις
1151 1059 1218 1094 -τε
1263 1040 1560 1110 βασιλικοῖς
1587 1041 1768 1110 εἰργό-

193 1146 342 1199 μενοι
397 1130 601 1198 αὐτῆς,
655 1129 852 1195 ἔξωθεν
907 1128 1092 1200 κύκλῳ
1149 1130 1562 1201 περιέρχονται,
1619 1130 1770 1200 μόλις

193 1221 464 1292 paxpéOsv
493 1222 655 1274 ποθὲν
688 1221 854 1292 αὐτὴν
884 1221 1169 1293 θεώμενοι.

270 1306 417 1360 Ἰδοὺ
450 1309 618 1362 αὐτοὶ
650 1309 1128 1380 ἀπορθέγξονται
1161 1310 1230 1363 er
1271 1309 1350 1375 τῷ
1385 1311 1631 1380 στόματι
1663 1312 1762 1363 αὐ-

185 1398 326 1452 τῶν.
367 1400 512 1451 Ἀντὶ
560 1399 679 1465 τοῦ,
716 1401 1192 1472 βλασφημήσουσι.
1242 1402 1352 1454 Καὶ
1391 1402 1657 1470 ῥομφαία
1703 1402 1773 1453 ἐν

185 1491 314 1556 τοῖς
342 1493 614 1560 χείλεσιν
647 1492 865 1546 αὐτῶν.
901 1493 993 1544 Τό·
1029 1489 1189 1561 Αἶρε,
1223 1488 1351 1560 αἶρε
1372 1533 1385 1555 ,
1417 1493 1771 1560 σταύρωσον

186 1585 395 1637 αὐτόν.
423 1585 531 1637 Καὶ
560 1584 663 1648 σὺ,
694 1586 890 1653 Κύριε,
930 1585 1232 1656 ἐκγελάσῃ
1261 1587 1498 1651 αὐτούς.
1517 1613 1523 1619 ·
1543 1586 1764 1638 Ἐϐλασ-

188 1677 437 1746 φήμουν,
474 1676 628 1746 φησὶ,
671 1677 764 1728 καὶ
800 1677 906 1746 μὴν
939 1678 1031 1729 καὶ
1076 1676 1236 1747 μέχρι
1272 1677 1506 1749 σταυροῦ
1540 1675 1770 1728 ἐπεϐού-

1871 493 2078 546 dierum
2112 494 2165 546 in
2201 493 2467 547 mundum
2499 507 2624 548 cum
2661 507 2827 548 carne
2875 493 3114 548 advenit.
3144 493 3216 548 Et
3247 497 3442 565 famem

1865 585 2134 650 patientur
2177 593 2233 636 ut
2266 584 2449 643 canis;
2479 581 2676 637 famem
2730 582 2951 652 quidem
2987 585 3262 653 patientur
3295 588 3440 656 quod

1866 689 2059 742 panem
2089 675 2365 728 vivilicum
2413 690 2520 727 non
2550 674 2838 742 "accepturi
2889 676 3031 741 sint,
3063 691 3226 731 canes
3259 686 3440 732 autem

1870 775 2026 821 vocat
2046 767 2167 822 illos
2188 769 2257 821 ob
2281 767 2671 837 impudentiam
2695 768 2883 821 animi.
2915 767 3047 824 Illud
3071 779 3251 824 autem
3275 786 3290 823 :
3320 768 3444 824 Cir-

1869 857 2085 911 cuibunt
2107 859 2403 922 civitatem,
2437 858 2564 926 quia
2599 857 2809 912 scilicet
2841 859 3017 928 patria
3054 857 3213 926 lapsi,
3247 867 3302 912 et
3336 860 3443 912 im-

1870 949 2143 1016 peratorio
2169 947 2389 1003 decreto
2442 949 2562 1017 ejus
2613 962 2839 1003 accessu
2880 948 3137 1018 prohibiti
3179 948 3316 1022 (‘24),
3348 965 3446 1004 ex-

1870 1041 2141 1096 trinsecus
2187 1041 2551 1106 circumeunt,
2587 1040 2788 1110 vixque
2831 1043 3020 1110 procul
3059 1057 3181 1094 eam
3227 1042 3448 1112 conspi-

1871 1151 1993 1191 cere
2020 1145 2267 1205 possunt.

1950 1315 2004 1374 8,
2022 1315 2075 1369 9.
2106 1314 2240 1368 Ecce
2257 1316 2536 1383 loquentur
2567 1314 2623 1366 in
2650 1330 2738 1367 ore
2766 1329 2881 1366 suo.
2905 1311 3076 1378 Quasi
3104 1315 3270 1381 dicat,
3300 1314 3450 1368 blas-

1872 1407 2228 1477 phemabunt.
2284 1405 2352 1460 Et
2396 1405 2689 1476 gladius-in
2722 1405 2878 1458 labiis
2905 1421 3104 1458 eorum.
3137 1405 3270 1460 Illud
3300 1405 3450 1460 scili-

1873 1507 1957 1554 cet
1987 1517 2000 1554 :
2029 1497 2196 1562 Tolle,
2235 1497 2378 1563 tolle,
2415 1498 2662 1567 cruci/ige
2708 1513 2827 1550 eum
2874 1500 2942 1550 9’.
2975 1498 3044 1551 Et
3082 1508 3159 1560 tu,
3203 1496 3448 1560 Domine,

1873 1587 2134 1644 deridebis
2175 1604 2282 1641 eos.
2323 1587 2824 1656 Blasphemabant,
2861 1587 3061 1656 inquit,
3091 1597 3145 1640 ct
3177 1601 3356 1654 usque
3382 1585 3454 1640 ad

1873 1695 2095 1736 crucem
2148 1679 2419 1744 parabant
2471 1678 2720 1742 insidias,
2769 1678 3032 1744 dicentes,
3077 1694 3183 1732 non
3229 1677 3452 1745 conspi-

185 1766 384 1820 λευσαν
429 1767 698 1834 λέγοντες,
744 1767 818 1830 ὡς
861 1769 959 1821 οὐκ
987 1767 1172 1837 ὄψεται
1214 1771 1242 1822 ὁ
1267 1768 1399 1831 Θεὸς
1428 1770 1553 1831 τοὺς
1580 1768 1770 1836 λόγους

1883 1771 2062 1826 cienua
2109 1785 2139 1824 a
2169 1770 2280 1825 Deo
2334 1769 2451 1824 fore
2476 1769 2642 1824 verba
2695 1778 2750 1823 et
2798 1783 2962 1838 opera
3011 1771 3279 1837 ipsorum.
3345 1767 3452 1822 Sed

186 1859 281 1911 καὶ
315 1859 415 1920 τὰς
450 1859 677 1930 πράξεις
721 1859 918 1913 αὐτῶν.
969 1860 1107 1912 Ἀλλ’
1143 1861 1192 1912 εἰ
1238 1861 1333 1913 καὶ
1362 1861 1532 1913 ταῦτα
1564 1860 1770 1930 διενοή-

184 1949 380 2022 θησαν,
415 1952 501 2015 σὺ,
534 1950 730 2021 Κύριε,
775 1952 928 2022 φησὶ,
966 1953 1404 2020 καταγελάστους
1433 1953 1630 2014 αὐτοὺς
1661 1971 1767 2006 πα-

185 2043 548 2114 ρασκευάσεις
580 2043 920 2110 ἐγγενέσθαι.
957 2044 1185 2098 Ἐκεῖνοι
1215 2045 1315 2115 μὲν
1337 2040 1428 2098 οὖν
1453 2046 1634 2098 ἐκεῖνα
1661 2045 1772 2097 τολ-

185 2133 357 2203 μῶσι,
383 2134 462 2190 ,σὺ
495 2133 552 2186 δὲ
581 2133 676 2188 καὶ
700 2135 938 2202 ἀκούεις,
968 2137 1062 2189 καὶ
1093 2136 1330 2206 βλέπεις,
1370 2137 1463 2189 καὶ
1484 2137 1646 2208 γελᾷς
1676 2138 1772 2189 αὐ-

181 2225 293 2277 τῶν
320 2225 418 2295 τὴν
449 2226 684 2295 ματαίαν
711 2227 928 2296 μανίαν.
974 2226 1436 2293 Ἐξουδενώσεις
1464 2229 1662 2281 πάντα
1701 2228 1773 2281 τὰ

181 2317 357 2386 ἔθνη.
410 2317 490 2371 Τά
537 2319 706 2389 νοητά
754 2305 1026 2389 δηλονότι,
1073 2321 1140 2374 τὰ
1185 2322 1278 2374 καὶ
1316 2321 1513 2384 αὐτοὺς
1560 2323 1638 2384 εἰς
1680 2320 1773 2374 τὸν

179 2409 333 2462 κατὰ
377 2409 471 2464 τοῦ
519 2411 726 2483 Κυρίου
781 2412 1068 2484 ἐγείραντα
1111 2413 1363 2483 πόλεμον.
1423 2416 1570 2466 Ἂνω
1616 2410 1771 2466 εἴπεο

177 2502 464 2572 Πρόσχες
504 2503 611 2556 τοῦ
651 2505 1098 2574 ἐπισκέψασθαι
1132 2506 1329 2560 πάντα
1363 2506 1434 2560 τὰ
1479 2507 1657 2576 ἔθνη·
1691 2510 1776 2561 ἐν-

177 2593 395 2646 ταῦθα’
437 2594 903 2662 Ἐξουδενώσεις
949 2595 1145 2650 πάντα
1194 2597 1265 2650 τὰ
1296 2597 1458 2664 ἔθα-η’
1499 2596 1664 2667 πολλῇ
1708 2596 1773 2649 δι’

177 2685 309 2738 ὅλου
356 2689 421 2755 τῇ
466 2686 616 2751 τάξει
662 2687 753 2740 τοῦ
785 2688 943 2756 λόγου
971 2690 1067 2742 καὶ
1099 2689 1186 2741 διὰ
1225 2689 1332 2742 τῶν
1363 2692 1417 2742 ἐν
1458 2690 1606 2759 μέσῳ
1643 2707 1775 2760 χρη-

180 2778 449 2848 σάμενος.
485 2779 708 2842 Δεικνὺς
744 2779 850 2848 γάρ
872 2819 886 2843 ,
913 2780 994 2832 ὅτι
1027 2780 1100 2850 μὴ
1126 2780 1312 2843 ἁπλῶς
1345 2774 1484 2834 αἰτεῖ
1518 2782 1615 2852 τὴν
1655 2784 1774 2835 κατ’

177 2871 372 2926 αὐτῶν
426 2872 730 2944 τιμωρίανξ,
783 2874 1049 2944 πρότερον
1097 2874 1299 2946 ᾔτησεν
1343 2874 1547 2928 ἐπιδεῖν
1595 2893 1652 2927 τε
1685 2875 1775 2928 τὸν

175 2962 322 3016 Θεὸν
369 2963 463 3016 καί
493 2963 743 3027 ἐξετάσαι
773 2964 840 3017 τὰ
873 2965 1189 3036 γιγνόμενα’
1225 2961 1343 3018 εἷτα
1372 2966 1666 3037 διηγήσατο
1690 2961 1778 3018 οἷα

1869 1865 2085 1920 etiamsi
2121 1864 2309 1918 istliazc
2351 1858 2751 1932 cogitaverunt,
2785 1869 2866 1926 tu,
2901 1859 3150 1925 Domine,
3183 1874 3281 1914 eos
3311 1860 3454 1915 deri-

1870 1957 1986 2012 deri
2029 1957 2266 2011 curabis.
2320 1955 2399 2008 llli
2440 1953 2662 2024 quidem
2710 1954 2826 2008 haec
2869 1953 3090 2022 aggredi
3136 1952 3361 2018 audent,
3395 1961 3456 2006 tu

1871 2056 2054 2102 autem
2119 2047 2277 2101 audis
2345 2053 2510 2114 atque
2571 2043 2759 2105 vides,
2805 2042 3060 2110 ridesque
3107 2057 3309 2096 vanum
3356 2057 3454 2096 eo-

1868 2154 1993 2193 rum
2048 2136 2311 2192 furorem.
2365 2135 2448 2188 Ad
2473 2135 2699 2188 nihilum
2741 2133 2962 2186 deduces
3020 2148 3197 2186 omnes
3252 2143 3451 2202 gentes.

1875 2231 2196 2301 Spirituales
2238 2228 2508 2294 videlicet,
2538 2242 2661 2296 qua;
2691 2237 2882 2280 contra
2915 2224 3204 2280 Dominum
3249 2225 3452 2280 bellum

1871 2325 2199 2380 excitarunt.
2251 2320 2516 2390 Superius
2559 2319 2700 2372 dixit
2743 2337 2756 2371 :
2801 2315 3024 2371 Intende
3052 2317 3120 2370 ad
3161 2316 3454 2371 visitandas

1875 2431 2048 2468 omnes
2087 2421 2300 2483 gentes;
2345 2410 2433 2464 hic
2463 2423 2630 2463 vero:
2670 2407 2751 2460 Ad
2782 2405 3005 2461 nihilum
3031 2405 3252 2459 deduces
3275 2421 3452 2461 omnes

1875 2518 2085 2577 gentes;
2116 2506 2344 2560 multum
2396 2486 2650 2558 accurato
2675 2515 2808 2555 usus
2848 2500 3039 2556 ordine
3061 2500 3326 2556 orationis
3361 2515 3455 2570 per

1873 2617 1936 2655 ea
1966 2601 2120 2670 queis
2149 2600 2201 2652 in
2235 2597 2415 2651 medio
2445 2603 2529 2650 est
2558 2610 2712 2650 usus.
2743 2592 3050 2648 Ostendens
3085 2593 3230 2648 enim
3260 2609 3319 2648 se
3343 2608 3457 2648 non

1876 2691 2194 2760 simpliciter
2241 2689 2515 2758 postulare
2555 2695 2617 2740 ut
2649 2684 2919 2754 supplicio
2970 2683 3301 2750 alliciantur,
3337 2684 3457 2754 pri-

1877 2800 2026 2838 mum
2061 2783 2268 2851 rogavit
2305 2780 2476 2834 Deum
2521 2788 2576 2833 ut
2600 2794 2662 2833 ea
2688 2777 3046 2846 perpenderet
3075 2785 3129 2831 et
3149 2784 3300 2845 gesta
3324 2790 3459 2830 exa-

1879 2879 2132 2930 minaret.
2166 2873 2376 2927 Exinde
2406 2870 2649 2926 narravit
2679 2869 2864 2939 qualia
2905 2869 3005 2937 ipsi
3040 2869 3318 2930 fecissent,
3354 2867 3459 2922 rati

1876 2967 2150 3022 neminem
2178 2980 2296 3020 esse
2318 2965 2412 3034 qui
2441 2963 2608 3017 rebus
2627 2962 2957 3031 provideret.
2978 2962 3056 3014 Ac
3083 2968 3214 3014 tunc
3236 2960 3304 3015 de
3327 2973 3461 3028 sup--

174 3040 542 3125 πρᾌττουσιν,
586 3056 704 3108 οὐδὲ
736 3052 872 3110 εἷναί
901 3074 1023 3110 τινα
1051 3058 1141 3110 τὸν
1175 3056 1506 3128 προνοοῦντα
1533 3058 1776 3127 νομίζον-

1883 3060 2042 3130 plicio
2072 3056 2338 3112 sumendo
2386 3056 2502 3109 haec
2530 3053 2812 3122 subiunxit
2842 3069 2856 3107 :
2888 3051 2982 3106 llis
3016 3052 3082 3106 de
3115 3050 3300 3106 causis
3344 3066 3464 3104 me-

173 3165 298 3209 τες.
329 3148 440 3200 Καὶ
481 3147 603 3200 τότε
641 3148 740 3217 τὴν
770 3149 1040 3220 τιμωρίαν
1071 3150 1367 3218 ἐπήγαγεν,
1399 3147 1557 3202 τοῦτο
1581 3149 1775 3218 λέγων,

173 3241 300 3293 ὅτι·
340 3239 464 3292 Ἐπὶ
489 3239 698 3303 τούτοις
721 3240 886 3304 ἀξίως
901 3240 1096 3304 αὐτοὺς
1111 3241 1379 3302 κολάσεις,
1412 3242 1506 3293 καὶ
1537 3244 1602 3312 τῇ
1631 3241 1780 3313 παρὰ

177 3332 284 3384 σοῦ
312 3333 558 3404 τιμωρίᾳ
594 3333 656 3386 τὸ
698 3333 863 3403 μηδὲν
890 3333 1212 3400 ἀποφανεῖς.

265 3426 335 3479 Ἰῖ)
366 3426 585 3493 κράτος
610 3443 730 3494 μου
774 3425 924 3494 πρὸς
954 3425 1030 3477 σὲ
1071 3424 1341 3493 φυλάξω.
1387 3425 1613 3478 Ἐκεῖνοι
1657 3424 1776 3494 μὲν,

178 3519 346 3588 φησὶ,
380 3517 450 3570 τὰ
495 3517 720 3570 τοιαῦτα
767 3516 1194 3587 δεδυσσεὸήκασι
1241 3516 1379 3570 κατὰ
1423 3515 1539 3580 σοῦ,
1584 3515 1695 3583 ἐγὼ
1723 3516 1779 3568 δὲ

176 3613 209 3665 6
249 3610 540 3682 προφήτης
573 3610 600 3660 ὁ
640 3609 814 3664 ταῦτα
847 3609 1038 3677 λέγων,
1067 3608 1145 3678 τῷ
1190 3609 1458 3680 πνεύματι
1488 3608 1586 3679 τὴν
1631 3608 1780 3677 ἰσχύν

185 3720 296 3773 μου
328 3703 425 3754 καὶ
456 3702 554 3772 τὴν
585 3701 861 3772 βασιλείαν
897 3718 998 3771 μου
1039 3700 1126 3753 διὰ
1161 3700 1254 3753 σοῦ
1296 3700 1780 3771 φυλαχθησομένην

181 3795 317 3860 ἔξω·
349 3794 431 3846 ὅτι
455 3793 520 3864 δὴ
545 3794 639 3847 καὶ
671 3792 1067 3846 συναντελάϐου
1110 3809 1235 3860 μου.
1262 3793 1354 3845 καὶ
1386 3792 1492 3863 πρὸ
1521 3791 1627 3844 τῶν
1653 3793 1780 3861 δεή-

184 3903 331 3940 σεων
367 3884 447 3954 τῷ
472 3884 610 3938 ἐλέει
645 3902 740 3937 σου
770 3886 1181 3956 περιέσφιγξας,
1214 3886 1288 3947 ὡς
1317 3884 1412 3936 καὶ
1448 3883 1546 3951 τὴν
1576 3881 1781 3935 πτῶσιν

186 3978 398 4030 ἐπιδεῖν
428 3995 497 4048 με
529 3977 636 4031 τῶν
670 3977 881 4048 ἐχθρῶν
912 3996 1037 4048 μου.

259 4157 360 4224 Μὴ
393 4157 758 4223 ἀποκτείνῃς
802 4155 1042 4220 αὐτοὺς,
1084 4153 1168 4223 μή
1210 4167 1353 4206 ποτε
1385 4150 1782 4208 ἐπιλάθωνται

188 4250 298 4304 τοῦ
328 4251 522 4318 νόμου
551 4266 686 4302 σου.
716 4247 946 4317 Εὔχεται
977 4247 1073 4317 μὲν
1109 4246 1182 4317 μὴ
1217 4248 1295 4308 εἰς
1339 4246 1399 4298 τὸ
1432 4245 1690 4308 παντελὲς
1725 4247 1784 4310 ἐξ

191 4341 504 4414 ἀνθρώπων
538 4339 902 4409 ἁφανισῧῆναι
934 4339 996 4392 τὸ
1040 4338 1194 4406 γένος
1227 4337 1334 4390 τῶν
1364 4337 1783 4390 ἐπαναστάντων

1884 3152 1987 3206 rito
2014 3152 2079 3205 de
2105 3151 2211 3204 illis
2248 3163 2439 3218 poenas
2479 3162 2688 3211 sumes,
2731 3153 2893 3215 atque
2921 3143 3189 3215 supplicio
3209 3143 3277 3199 ad
3314 3142 3463 3198 uilli-

1881 3243 1992 3297 lum
2027 3257 2122 3296 eos
2141 3241 2398 3296 deduces.

1955 3429 2041 3483 10.
2079 3424 2470 3481 Fortitudinem
2507 3441 2678 3480 meam
2706 3425 2774 3478 ad
2805 3432 2853 3478 te
2879 3423 3197 3478 custodiam.
3230 3421 3308 3478 Illi
3341 3423 3466 3494 qui-

1882 3521 2027 3586 dem,
2056 3520 2151 3586 ait,
2185 3534 2251 3575 eo
2278 3526 2438 3589 pacto
2471 3519 2763 3572 adversum
2793 3526 2844 3571 te
2869 3516 3032 3585 impie
3052 3529 3281 3587 egerunt
3313 3533 3328 3570 :
3361 3531 3465 3586 ego

1881 3627 2010 3666 vero
2038 3611 2298 3681 prOpheta
2329 3612 2423 3680 qui
2457 3611 2646 3664 isthaec
2679 3610 2897 3678 loquor,
2933 3607 3274 3678 spiritualem
3304 3604 3464 3661 forti—

1882 3707 2129 3762 tudinem
2176 3720 2355 3760 meam
2386 3713 2440 3758 et
2470 3719 2695 3774 regnum
2727 3717 2911 3758 meum
2954 3716 3052 3771 per
3087 3708 3137 3755 te
3176 3714 3470 3755 conserva-

1885 3808 1996 3851 tum
2047 3795 2314 3858 retinebo,
2363 3793 2492 3864 quia
2545 3794 2754 3849 scilicet
2792 3791 3157 3862 patrocinaris
3208 3788 3365 3855 mihi,
3413 3796 3470 3844 et

1883 3900 2171 3959 antequam
2217 3902 2493 3957 precarer,
2544 3900 2633 3940 me
2673 3882 3054 3939 misericordia
3085 3890 3194 3936 .tua
3229 3881 3469 3937 circum-

1882 3984 2074 4052 plexus
2121 3996 2218 4047 es,
2251 3988 2311 4034 ut
2339 3978 2506 4034 etiam
2545 3975 2763 4030 ruinam
2825 3973 3171 4028 inimicorum
3215 3985 3466 4026 meorum

1883 4073 2278 4142 conspicerem.

1967 4165 2054 4218 12.
2084 4162 2168 4218 Ne
2205 4163 2416 4217 occidas
2437 4176 2549 4221 eos,
2598 4177 2660 4214 ne
2689 4160 2901 4230 quando
2945 4156 3322 4212 obliviscantur
3339 4154 3468 4224 legis

1885 4254 2288 4311 tuw.Precatu1‘
2316 4261 2376 4306 ut
2397 4266 2504 4306 non
2527 4248 2776 4305 funditus
2805 4249 3050 4304 deleatur
3078 4261 3250 4318 genus
3277 4258 3469 4304 eorum

1887 4348 1980 4419 qui
2031 4352 2452 4402 insurrexerunt
2495 4343 2760 4399 adversus
2801 4341 3120 4397 Dominum.
3167 4337 3273 4393 Sed
3311 4344 3471 4407 rogat

189 4435 337 4490 κατὰ
368 4432 462 4486 τοῦ
495 4432 721 4503 Κυρίου·
762 4429 1249 4501 διασκορπισθῆναι
1281 4429 1338 4482 δὲ
1379 4429 1577 4501 μᾶλλον
1604 4429 1697 4483 καὶ
1727 4431 1776 4483 ἐν

1891 4440 2065 4509 magis
2095 4451 2154 4494 ut
2179 4438 2563 4508 dispergantur
2591 4448 2645 4493 et
2667 4438 2723 4492 in
2749 4433 3064 4506 captivitate
3083 4432 3254 4486 vitam
3280 4439 3465 4501 agant.

193 4523 549 4597 αἰχμαλωσίᾳ
578 4526 675 4595 ζῇν
707 4525 902 4587 αὐτοὺς
935 4523 1074 4587 ἀξιοῖ
1111 4521 1197 4575 διὰ
1226 4522 1338 4590 τὴν
1364 4523 1656 4592 ἁμαρτίαν
1679 4523 1785 4576 τοῦ

193 4621 498 4687 στόματος
527 4617 745 4680 αὐτῶν,
787 4617 880 4669 καὶ
912 4615 1000 4668 διὰ
1034 4618 1133 4684 τὴν
1164 4613 1544 4686 ὑπερηφανίαν
1584 4614 1784 4671 αὐτῶν.

263 4711 377 4763 Καὶ
423 4708 492 4773 ἐξ
541 4708 691 4776 ἀρᾶς
736 4709 834 4760 καὶ
878 4708 1148 4777 ψεύδους
1183 4706 1681 4777 διαγγελήσονται
1719 4709 1789 4762 ἐν

193 4802 543 4869 συντελείᾳ.
604 4800 994 4866 Ἑξάκουστος,
1045 4802 1218 4874 φησὶ,
1265 4801 1477 4870 γένοιτο
1528 4800 1707 4854 αὐτῶν
1753 4803 1786 4872 ἡ

197 4897 481 4950 συντέλεια
512 4897 602 4949 διὰ
629 4896 726 4959 τὰς
751 4896 996 4966 κατάρας
1022 4895 1086 4960 ἃς
1123 4896 1470 4968 καταρῶνται
1502 4913 1584 4960 σε,
1617 4913 1788 4950 κατα-

194 4993 517 5064 ψευδόμενοι
556 4993 653 5063 τῆς
694 4994 791 5061 σῆς
831 4993 1009 5063 δόξης.
1037 4992 1354 5046 Συντὲλειαν
1387 4993 1444 5046 δὲ
1478 4993 1540 5045 οὐ
1572 4992 1671 5064 τὴν
1706 4993 1787 5055 εἰς

197 5082 257 5135 τὺ
297 5081 560 5145 παντελὲς
611 5081 883 5134 ἀπώλειαν
930 5080 1025 5135 τοῦ
1070 5082 1257 5144 ἔθνους
1299 5082 1494 5152 φησὶν,
1526 5082 1662 5136 ἀλλὰ
1686 5083 1786 5154 τὴν

199 5174 583 5244 καταστροφὴν
631 5176 731 5244 τῆς
780 5173 935 5244 δόξης
987 5175 1186 5229 αὐτῶν.
1235 5174 1373 5238 Δόξα
1409 5175 1466 5228 δὲ
1504 5176 1682 5228 αὐτῶν
1730 5178 1786 5229 αί

199 5267 340 5320 κατὰ
395 5266 560 5335 νόμον
591 5266 857 5337 λατρεῖαι,
904 5271 933 5320 ὁ
983 5268 1122 5332 Θεῖος
1151 5268 1296 5331 ναὸς,
1331 5269 1379 5320 οἱ
1415 5268 1709 5340 προφῆται,
1739 5271 1786 5322 οἱ

200 5359 498 5430 ἀρχιερεῖς,
525 5361 574 5410 οἱ
603 5360 1068 5430 νομοδιδάσκαλοι,
1100 5363 1134 5431 ἡ
1164 5361 1455 5429 ἐπιφάνεια
1475 5361 1584 5414 τῶν
1619 5363 1786 5430 ἀγγέ-

201 5448 326 5502 λων·
360 5451 508 5520 άπερ
547 5453 759 5504 ἅπαντα
805 5451 1018 5523 ἁθρόως
1061 5453 1198 5522 μετὰ
1225 5452 1324 5524 τὴν
1359 5453 1502 5506 κατά
1539 5452 1633 5507 τοῦ
1677 5456 1788 5507 Κυ-

205 5542 320 5613 ρίου
353 5544 668 5614 μιαιφονίαν
701 5545 1131 5600 συντετέλεσται.

1886 4541 2109 4603 propter
2142 4530 2390 4584 delictum
2424 4531 2530 4585 oris
2565 4545 2767 4596 eorum,
2811 4534 2867 4582 et
2894 4533 3117 4596 propter
3145 4537 3337 4578 eorum
3375 4537 3471 4576 su-

1927 4623 2156 4677 erbiam.

1888 4639 2156 4693 permam.

1971 4712 2058 4767 1.5.
2093 4710 2162 4763 Et
2186 4715 2248 4763 de
2275 4710 2634 4764 exsecratione
2677 4717 2726 4761 et
2761 4704 3035 4759 mendacio
3077 4700 3475 4756 annuntiabun-

1893 4813 1979 4858 tur
2025 4804 2080 4857 in
2123 4802 2593 4856 consummatione.
2640 4797 2969 4866 Evulgetur,
3017 4792 3233 4864 inquit,
3280 4808 3474 4850 eorum

1895 4899 2320 4962 consummatio,
2353 4907 2575 4968 propter
2609 4893 2899 4950 maledicta
2919 4893 3120 4964 quibus
3147 4902 3198 4946 te
3220 4901 3471 4956 onerant,

1896 4994 2124 5065 gloriam
2166 5001 2314 5047 tuam
2349 4989 2767 5046 calumniantes.
2795 4984 3340 5042 Consummationem
3377 4997 3476 5035 au-

1896 5098 2027 5153 tem,
2061 5102 2169 5142 non
2198 5086 2413 5157 generis
2444 5082 2686 5137 universi
2717 5081 2970 5145 exitium,
3012 5078 3106 5134 sed
3132 5075 3473 5132 eversionem

1888 5181 2076 5254 gloriae
2123 5194 2312 5234 eorum
2357 5176 2610 5246 appellat.
2657 5174 2840 5229 Gloria
2891 5179 3073 5226 autem
3104 5182 3296 5224 eorum
3346 5173 3476 5221 sunt

1886 5275 2089 5345 legales
2135 5269 2313 5326 cultus
2340 5278 2504 5338 atque
2526 5268 2686 5328 ritus,
2725 5264 2971 5318 divinum
3023 5259 3308 5330 templum,
3338 5269 3471 5325 pro-

1885 5369 2084 5439 pbetae,
2117 5363 2394 5433 principes
2423 5359 2792 5423 sacerdotum,
2829 5355 3081 5410 doctores
3119 5348 3475 5439 legis,app_a:

1893 5431 2022 5514 ritio
2048 5431 2392 5526 angelorum,
2423 5467 2543 5522 quze
2568 5449 2856 5506 confertim
2885 5444 3069 5501 omnia
3105 5453 3227 5513 post
3255 5431 3475 5494 ϋυωωι

1890 5551 2092 5607 caedem
2123 5553 2505 5602 consummata
2533 5550 2663 5600 sunt
2692 5545 2702 5562 '

254 5655 388 5725 .(24)
418 5657 694 5711 Adrianus
736 5658 1026 5726 imperator
1063 5657 1234 5712 vetuit
1270 5656 1488 5715 Judseos
1520 5658 1918 5717 Jeros'ﬂvmam
1958 5658 2233 5715 accedere.

277 5749 323 5779 "
351 5747 513 5804 Joan.
545 5764 660 5813 xu,
701 5747 790 5802 15.

523 5844 798 5904 ΡΑΤειοι..
838 5844 958 5905 Gn.
991 5842 1255 5904 XXV”.
