3872 6216
411 301 518 358 267

487 415 576 466 Η.
601 413 669 466 Et
700 415 864 466 scient
887 413 1012 482 quia
1047 413 1181 466 Deus
1205 413 1510 466 dominatur
1533 413 1700 467 Iacob
1729 423 1778 466 et
1811 415 1996 482 ﬁnium
2027 421 2074 476 Α

415 520 589 564 teme.
639 507 802 564 Omni
829 509 998 578 gloria
1042 509 1278 576 spoliati,
1309 508 1504 578 inquit,
1543 523 1602 562 re
1628 517 1682 562 et
1708 523 1872 577 opere
1907 523 1998 562 co-

413 609 696 668 gnoscent,
741 601 886 670 quod
921 609 976 653 tu
1021 600 1098 652 sis
1133 597 1400 653 Dominus
1437 597 1630 667 Jacob,
1655 601 1746 670 qui
1781 600 1834 653 in
1863 600 1997 654 lines

417 699 574 745 terra:
607 691 896 748 extendisti
925 689 1224 744 Ecclesiam
1255 699 1426 743 tuam.

497 874 583 929 15.
621 875 995 927 Conuertentur
1037 874 1106 926 ad
1155 891 1444 944 vesperam.
1501 873 1750 930 Rcsumit
1779 889 1841 930 ea
1874 889 1996 944 quat

409 967 562 1037 prius
611 967 843 1030 dixerat,
893 974 953 1020 ut
999 968 1342 1036 prophetiam
1395 968 1658 1022 adversus
1685 983 1780 1024 eos
1810 967 1990 1022 datam

409 1061 704 1114 ﬁrmiorem
735 1059 952 1115 eiliciat.
993 1057 1286 1130 [Quoniam
1329 1059 1503 1114 dixit:
1540 1059 1606 1112 1n
1641 1060 1726 1111 ira
1750 1074 1993 1112 consum-

407 1152 680 1214 mationis,
733 1159 783 1204 et
823 1166 926 1202 non
951 1159 1143 1214 erunt;
1181 1165 1250 1204 ne
1303 1151 1428 1219 quis
1487 1149 1736 1218 opposita
1785 1148 1991 1204 dixisse

407 1243 728 1312 prophetam
776 1241 1092 1306 arbitretur,
1137 1254 1262 1294 cum
1305 1241 1386 1294 sic
1419 1239 1662 1308 loquitur
1696 1259 1706 1293 :
1741 1237 1990 1308 Disperge

403 1328 526 1388 itios
555 1336 610 1387 in
643 1335 834 1387 virtute
863 1343 998 1396 tua;
1035 1333 1228 1386 merito
1269 1335 1518 1386 eamdem
1559 1349 1745 1386 vocem
1775 1333 1986 1402 repetit,

405 1425 802 1488 Convertentur,
833 1425 980 1495 quod
1027 1423 1232 1477 dictum
1263 1424 1514 1477 nonnihil
1543 1424 1894 1479 obscuritatis
1931 1425 1986 1478 in

405 1520 653 1574 versibus
687 1519 862 1572 aﬂ‘ert.
895 1517 1026 1570 Vult
1056 1517 1201 1571 enim
1233 1531 1431 1570 canum
1466 1517 1774 1586 exemplum
1803 1518 1988 1586 expri-

405 1628 576 1676 mere,
611 1613 704 1682 qui
735 1629 859 1668 cum
891 1613 955 1666 ad
1005 1627 1190 1667 escam
1239 1623 1660 1682 congregantur,
1691 1623 1984 1683 antequam

405 1707 588 1761 cibum
621 1706 909 1775 attingant,
943 1720 1064 1760 sese
1093 1713 1286 1759 mutuo
1325 1706 1610 1770 i‘levorant,
1645 1721 1707 1760 ac
1739 1706 1981 1775 plerum-

403 1811 510 1862 que
535 1796 918 1864 discerpuntur
953 1809 1058 1848 non
1087 1805 1306 1864 sumpto
1332 1793 1504 1865 cibo.]

476 1979 564 2032 16.
611 1977 722 2047 Ipsi
765 1979 1130 2048 dispergentur
1176 1981 1244 2032 ad
1293 1979 1745 2042 manducandum,
1771 1981 1816 2031 si
1865 1995 1982 2032 vero

399 2087 503 2125 non
555 2072 750 2140 fuerint
790 2075 1044 2136 saturati,
1091 2082 1142 2126 et
1183 2073 1610 2126 murmurabunt.
1662 2071 1986 2126 Circuibunt

397 2171 702 2232 quatrentes
727 2164 954 2218 verbum
985 2163 1223 2224 Domini.
1263 2178 1366 2218 nec
1398 2163 1700 2216 invenient.
1740 2160 1900 2227 Quod
1936 2161 1982 2216 si

397 2254 617 2324 quando
640 2255 821 2324 aliqua
855 2265 1109 2324 percepta
1143 2253 1442 2324 Scripturse
1468 2253 1667 2308 divinae
1689 2253 1980 2315 sententia,

395 2346 685 2400 videantur
717 2361 779 2400 ea
821 2345 888 2399 ad
935 2347 1238 2400 satietatem
1275 2361 1446 2414 usque
1473 2343 1616 2409 frui;
1661 2345 1736 2398 ita
1764 2359 1984 2414 quoque

395 2438 838 2500 mnrmurabunt,
857 2447 1046 2506 utpote
1071 2438 1161 2508 qui
1189 2452 1405 2508 semper
1419 2444 1853 2490 murmuratores
1871 2436 1982 2490 sint

393 2538 446 2583 et
469 2531 730 2584 adversus
761 2530 930 2583 Deum
951 2530 1268 2599 loquantur.

471 2622 560 2676 Π.
615 2621 728 2692 Ego
763 2633 938 2676 autem
982 2623 1206 2676 cantabo
1256 2622 1626 2690 fortitudinem
1675 2633 1842 2678 tuam.
1875 2623 1978 2686 Illi,

392 2713 591 2782 inquit,
621 2713 726 2768 hoc
759 2714 926 2768 modo
955 2732 967 2767 :
1007 2711 1120 2784 Ego
1161 2725 1368 2777 autem,
1405 2713 1640 2783 pepulus
1666 2714 1872 2768 scilicet
1911 2731 1977 2768 ex

390 2805 642 2875 gentibus
681 2819 1003 2870 conversus,
1035 2804 1132 2874 qui
1179 2814 1326 2858 tuam
1365 2805 1488 2858 nevi
1530 2806 1812 2868 virtutem,
1840 2822 1976 2876 gan-

391 2895 532 2950 debo
555 2896 623 2950 de
649 2905 742 2950 tua
769 2895 1146 2952 misericordia
1171 2913 1296 2966 quae
1331 2898 1384 2951 in
1415 2897 1626 2952 lumine
1669 2899 1890 2954 advenit
1921 2901 1976 2953 in

389 2985 934 3042 diatresurrcctionis
975 2997 1101 3042 tuae.
1152 2987 1256 3042 Per
1280 3004 1406 3042 eum
1455 3005 1692 3058 namque
1739 2991 1980 3059 patroci-

390 3087 553 3134 natus
587 3080 744 3134 nobis
777 3095 858 3143 es,
883 3089 937 3134 et
957 3079 1228 3150 refugium
1261 3081 1316 3134 in
1353 3082 1704 3136 tribulatione
1729 3083 1971 3139 effectus.

389 3169 732 3240 Quapropter
763 3171 1007 3240 psalmos
1051 3173 1146 3226 tibi
1195 3173 1307 3228 Deo
1349 3175 1443 3243 qui
1486 3175 1588 3229 mei
1631 3176 1888 3232 misertus
1915 3193 1976 3232 es

387 3261 657 3330 persolyo.
681 3261 820 3328 Quia
843 3262 994 3331 fuisti
1015 3263 1230 3333 adjutor
1253 3281 1398 3317 meus
1423 3274 1472 3317 et
1497 3265 1758 3334 refugium
1781 3283 1971 3321 meum.

389 3353 618 3422 Semper
655 3355 802 3407 enim
841 3363 937 3408 tuo
965 3354 1172 3424 potitus
1215 3371 1336 3410 sum
1369 3357 1596 3422 auxilio,
1631 3373 1694 3411 ac
1729 3373 1826 3426 per
1852 3375 1976 3425 pro-

387 3444 680 3498 videntiam
739 3447 912 3514 tuam}
967 3455 1320 3500 occurrentes
1399 3445 1560 3517 εσυςὶ
1613 3448 1969 3502 calamitates.

385 3538 556 3606 Cujus
591 3536 672 3592 rei
703 3551 871 3594 causa
905 3545 956 3592 te
986 3537 1166 3593 solum
1194 3553 1434 3609 agnosco
1463 3538 1655 3603 Deum,
1685 3547 1736 3594 te
1765 3541 1974 3594 miseri-

385 3629 586 3684 cordiae
658 3637 713 3684 et
767 3629 1070 3684 clementia:
1125 3629 1334 3684 fontem
1388 3645 1548 3686 voco.
1607 3629 1734 3686 Haec
1781 3633 1972 3688 beatus

383 3723 552 3777 David
601 3723 762 3792 longe
805 3731 930 3776 ante
967 3720 1303 3792 propheticis
1329 3721 1523 3777 videns
1555 3721 1733 3777 oculis
1755 3720 1972 3777 Judaeo-

383 3831 504 3868 -nm
543 3814 886 3868 calamitates
923 3813 1200 3882 praedixit;
1233 3822 1400 3881 atque
1433 3827 1492 3867 se
1525 3812 1778 3883 promisit
1819 3827 1970 3868 sem-

381 3922 478 3976 per
505 3906 794 3959 Dominum
829 3905 1082 3959 laudibus
1111 3904 1510 3958 celebratnrum
1552 3923 1564 3958 :
1598 3921 1664 3960 ac
1695 3907 1966 3974 promissa

381 3999 614 4066 coinplct
641 3999 854 4066 piorum
889 4011 1124 4066 persona
1159 3997 1436 4052 canticum
1468 3997 1726 4052 offerens.

380 4089 432 4143 1.
465 4090 524 4142 In
561 4089 740 4157 ﬁnem.
787 4087 894 4140 Pro
929 4088 1010 4140 his
1043 4088 1132 4154 qui
1166 4087 1608 4142 immutabuntur.
1651 4087 1704 4140 2.
1731 4085 1796 4140 In
1823 4088 1966 4140 tituli

449 4181 866 4248 inscriptionem,
894 4179 998 4247 ipsi
1035 4177 1228 4240 Dauid,
1253 4179 1308 4230 in
1336 4179 1656 4236 doctrinam.
1692 4194 1811 4230 cum
1839 4195 1964 4230 suc-

450 4273 624 4324 cendit
669 4269 1111 4339 Mesopotamiam
1155 4268 1326 4338 Syria:
1357 4279 1406 4322 et
1449 4267 1662 4338 Syriam
1705 4268 1884 4336 Sobel,
1911 4279 1962 4322 et

450 4366 706 4418 convertit
727 4363 888 4428 Joab,
911 4373 960 4416 et
985 4364 1244 4432 percussit
1263 4367 1320 4416 in
1337 4361 1470 4416 valle
1491 4363 1802 4418 Salinarum
1825 4367 1960 4416 duo-

361 4433 364 4438 .
417 4493 422 4500 -
449 4457 613 4510 decim
643 4457 846 4511 miliia.‘
875 4451 1219 4512 PSALMUS
1253 4453 1407 4509 LIX.

979 4647 1380 4712 Argumentum.

377 4731 513 4786 Cum
565 4727 848 4804 perspicua
901 4734 971 4788 sit
1015 4735 1262 4802 historia,
1293 4733 1438 4804 quod
1485 4741 1738 4788 accurate
1773 4734 1826 4788 in
1874 4749 1961 4790 se-

443 4825 624 4878 cundo
665 4825 976 4898 Regnorum
1019 4827 1287 4897 descripta
1321 4828 1410 4890 sit,
1442 4826 1494 4880 id
1541 4825 1786 4881 dicemus
1811 4827 1958 4896 quod

447 4917 502 4969 in
542 4932 606 4970 ea
650 4919 782 4972 utile
821 4920 1059 4973 occurrit
1095 4939 1108 4974 :
1151 4934 1440 4988 personam
1485 4919 1692 4974 scilicet
1736 4919 1957 4975 Davidis

447 5009 640 5066 referri
681 5011 750 5065 ad
791 5019 1080 5081 personam
1121 5011 1360 5068 Domini.
1390 5011 1482 5080 qui
1513 5021 1568 5064 et
1597 5013 1957 5066 mutationem

447 5113 500 5158 et
527 5103 824 5157 novitatem
851 5119 1030 5156 rerum
1053 5103 1104 5154 in
1125 5103 1424 5156 novissimo
1449 5111 1754 5169 temporum
1785 5101 1956 5166 dedit,

445 5205 498 5251 et
527 5195 864 5265 alienigenas
892 5203 1080 5264 gentes
1105 5195 1396 5262 percussit,
1431 5193 1482 5247 id
1505 5203 1588 5246 est
1619 5193 1954 5261 spirituales.

446 5286 571 5345 Haec
609 5302 846 5358 namque
883 5284 1162 5355 Scriptura
1207 5285 1274 5339 ad
1303 5283 1610 5338 doctrinam
1647 5295 1701 5338 et
1738 5285 1958 5339 institu-

445 5383 649 5436 tionem
699 5389 943 5434 nostram
987 5385 1226 5430 enarrat.
1287 5377 1558 5429 Docemur
1595 5377 1799 5443 itaque,
1847 5391 1957 5442 quo

446 5484 688 5543 tempore
728 5474 822 5542 qui
852 5487 920 5525 ex
953 5469 1162 5525 semine
1201 5469 1366 5522 David
1403 5467 1704 5522 secundum
1737 5481 1954 5520 carnem

442 5575 527 5622 est
555 5567 808 5620 inimicos
833 5564 1128 5635 percussit,
1155 5571 1207 5616 et
1237 5570 1426 5631 gentes
1470 5560 1572 5614 sibi
1602 5560 1852 5628 proprias
1877 5557 1956 5612 ef-

443 5661 574 5717 fecit
593 5659 906 5714 Judazorum
933 5657 1192 5727 populus,
1211 5669 1335 5710 cum
1362 5653 1688 5723 supplicium
1713 5652 1781 5706 ob
1797 5652 1897 5705 (.‘ln
1914 5651 1957 5703 i-

439 5765 586 5813 stum
632 5751 934 5826 (necatum)
972 5751 1214 5814 sentiret,
1243 5745 1648 5818 quodammodo
1685 5753 1736 5798 et
1777 5745 1952 5814 ipsum

1271 301 1326 353 S.
1365 299 1732 354 ATHANASH
1769 299 1918 356 OPP.
1965 297 2145 353 PARS
2183 297 2270 354 Ill.
2323 329 2386 339 —
2421 299 2834 355 EXEGETICA.

1991 4471 2041 4530 ι)

3579 307 3694 360 263

2173 415 2280 468 Καὶ
2309 413 2658 483 βιώσονται,
2685 415 2772 466 ὅτι
2799 417 2832 466 0'
2863 413 3004 479 Oeric
3031 413 3302 476 δεσπόζει
3331 415 3438 470 τοῦ
3467 417 3690 471 Ἰακὼϐ,

2102 505 2200 558 καὶ
2249 504 2368 556 τῶν
2418 503 2686 571 περάτων
2733 503 2840 570 τῆς
2893 505 3024 572 γῆς.
3081 507 3326 577 ’Λπὰσης
3381 509 3480 577 τῆς
3529 509 3692 578 δόξης

2101 596 2488 668 ἀφαιρεθέντες
2509 637 2522 658 ,
2563 599 2726 666 φησιν
2747 637 2761 658 ,
2793 599 2940 667 ἔργῳ
2969 597 3287 665 γνώσονται,
3323 601 3404 652 ὅτι
3439 602 3502 668 δὴ
3535 604 3598 654 σὺ
3639 599 3694 654 εἷ

2099 690 2126 740 ὁ
2155 688 2429 758 Δεσπότης
2477 687 2572 738 τοῦ
2613 687 2806 740 Ἰακὼϐ
2827 727 2840 750 ,
2863 689 2958 740 καὶ
2991 691 3068 754 εἰς
3109 689 3178 741 τά
3209 690 3420 760 πέρατα
3453 693 3552 760 ’τῆς
3587 691 3694 762 γῆς

2099 779 2343 840 ἐκτείνας
2367 779 2463 850 τὴν
2500 781 2598 848 σὴν
2641 780 2986 850 Ἐκκλησίαν.

2179 872 2686 940 Ἐπιστρέψουσιν
2731 875 2818 938 εὶς
2863 873 3149 939 ἑσπέραν.
3205 873 3688 944 Ἐπαναλαμϐάνει

2094 964 2162 1016 τὰ
2191 965 2582 1035 προειρημένα,
2619 964 2968 1036 βεϐαιοτέραν
2999 967 3096 1035 τὴν
3127 967 3244 1018 κατ’
3271 965 3452 1018 αὐτῶν
3467 983 3691 1036 προφη-

2093 1059 2242 1109 τείαν
2295 1057 2789 1128 κατεργαζόμενος.
2842 1057 3095 1128 [Ἐπειδὴ
3145 1054 3332 1120 εἶπεν,
3379 1059 3480 1112 Ἐν
3534 1059 3690 1130 ὀργῇ

2093 1147 2482 1212 συντελείας,
2531 1149 2630 1200 καὶ
2682 1151 2752 1201 οὐ
2795 1147 2881 1216 μὴ
2929 1147 3304 1216 ὑπάρξωσιν,
3339 1149 3426 1202 ἵνα
3477 1151 3551 1220 μή
3599 1167 3694 1216 τις

2094 1241 2310 1294 ἐναντία
2344 1241 2622 1312 εἰρηκέναι
2661 1241 2860 1313 νομίσῃ
2887 1241 2979 1294 τὸν
3027 1243 3316 1312 προφήτην
3349 1242 3428 1312 τῷ
3483 1245 3692 1308 εἰπεῖν,

2091 1333 2502 1387 Διασκέδασον
2537 1335 2757 1400 αὐτοὺς
2785 1335 2856 1388 ἐν
2899 1333 2974 1402 τῇ
3005 1333 3254 1404 δυνάμει
3285 1349 3424 1389 σου⁶
3454 1335 3692 1401 εἰκότως

2089 1427 2154 1495 τῇ
2175 1425 2492 1496 ταυτολογίᾳ¹
2513 1427 2783 1498 ἐχρήσατο
2799 1425 2895 1496 τῷ,
2933 1425 3414 1492 Ἑπιστρέψουσι·
3443 1425 3588 1478 κατὰ
3619 1426 3692 1478 τὸ

2093 1518 2253 1588 ῥητὸν
2291 1519 2562 1586 ἀσάφειαν
2601 1518 2816 1588 ἔχουσιν
2855 1519 2904 1570 oi
2951 1517 3144 1586 στίχοι.
3179 1517 3438 1570 Βούλεται
3463 1519 3574 1590 γὰρ
3605 1522 3688 1572 εἱ-

2089 1614 2210 1662 πεῐν
2235 1612 2296 1662 τὸ
2323 1611 2431 1663 τῶν
2459 1611 2634 1664 κυνῶν
2663 1611 2989 1680 ὑπόδειγμα,
3017 1611 3065 1663 οἳ
3087 1650 3100 1673 ,
3131 1613 3462 1682 συνηγμένοι
3489 1611 3547 1664 ἐν
3571 1629 3688 1664 τινι.

2087 1704 2280 1771 τροφῇ,
2305 1700 2563 1770 ἀλλήλους
2589 1700 2932 1754 κατεσθίουσι
2961 1701 3088 1771 πρὶν
3115 1701 3206 1752 τοῦ
3237 1701 3526 1772 βρώματος
3545 1703 3690 1772 ἄψα-

2091 1793 2248 1846 σθαι’
2293 1793 2374 1846 διὸ
2421 1795 2515 1846 καὶ
2582 1791 2896 1864 μερίζονται
2950 1793 3416 1863 ἀποτυγχάνοντες
3468 1795 3686 1865 τροφῆς

2091 1885 2366 1947 πολλάκις.
2379 1885 2396 1956 ]

2157 1981 2335 2034 Αὐτοὶ
2365 1981 3024 2050 διασκορπισθήσονται
3053 1981 3158 2035 τοῦ
3192 1979 3426 2049 φαγεῖν·
3464 1981 3576 2036 ἐὰν
3607 1983 3682 2036 δὲ

2081 2071 2167 2140 μὴ
2225 2071 2642 2139 χορτασθῶσι,
2695 2071 2794 2124 καὶ
2845 2073 3274 2140 γογγύσοιυσιν.
3337 2071 3681 2141 Περιέλθωσι

2090 2165 2188 2234 μὲν
2222 2165 2508 2235 ζητοῦντες
2539 2165 2630 2217 τὸν
2663 2165 2818 2234 λόγον
2847 2165 2940 2218 τοῦ
2973 2165 3200 2235 Κυρίου,
3237 2165 3332 2218 καὶ
3377 2165 3437 2218 οὐ
3475 2165 3550 2236 μὴ
3585 2164 3680 2218 εὖ·

2087 2273 2270 2326 ρωσιν.
2315 2258 2438 2310 Ἐὰν
2465 2257 2521 2309 δὲ
2565 2257 2657 2310 καί
2691 2273 2844 2320 ποτε,
2873 2257 3072 2323 λέξεώς
3100 2274 3244 2320 τινος
3283 2257 3678 2326 μετειληφότες

2083 2349 2183 2418 τῆς
2213 2349 2364 2412 Θείας
2397 2349 2640 2420 Γραφῆς,
2661 2349 2885 2414 δόξωσιν
2923 2351 3004 2411 εἰς
3035 2349 3194 2419 κόρον
3223 2347 3546 2412 ἀπολαῦσαι,
3579 2351 3676 2402 καὶ

2083 2441 2226 2494 οὕτω
2255 2441 2641 2510 γογγύσουσιν,
2675 2441 2768 2494 {ire
2803 2440 2888 2492 ἀεὶ
2929 2443 3230 2508 γογγυσταὶ
3263 2439 3414 2502 ὄντες
3445 2441 3539 2492 καὶ
3577 2439 3674 2493 τοῦ

2083 2532 2214 2586 Θεοῦ
2243 2532 2691 2596 καταλαλοῦντες.

2165 2623 2312 2690 Ἐγὼ
2336 2622 2404 2675 δὲ
2435 2623 2654 2692 ᾄσομαι
2691 2621 2804 2690 τὴν
2843 2623 3102 2690 δύναμίν
3131 2639 3266 2676 σου.
3309 2623 3538 2676 Ἐκεῖνοι
3573 2624 3670 2694 μὲν

2079 2715 2269 2780 οὕτως,
2305 2715 2488 2785 φησίν·
2518 2715 2626 2784 ἐγὼ
2653 2715 2730 2776 δὲ,
2785 2719 2812 2768 ό
2851 2715 2910 2778 ἐξ
2945 2715 3112 2767 ὲθνῶν
3137 2715 3379 2784 δηλονότι
3403 2715 3552 2781 λαὸς,
3573 2716 3668 2768 ἆτε

2079 2806 2176 2874 τὴν
2207 2807 2304 2876 σὴν
2329 2807 2558 2876 δύναμιν
2603 2809 2880 2874 ἐπιγνοὺς,
2927 2808 3242 2876 χαρήσομαι
3289 2807 3382 2858 ἐπὶ
3421 2805 3502 2877 τῷ
3527 2806 3667 2860 ἐλέει

2080 2915 2172 2950 σου
2203 2897 2281 2968 τῷ
2307 2899 2580 2969 γενομένῳ
2625 2901 2680 2952 ὲν
2715 2899 2886 2968 φωτὶ,
2920 2900 3012 2950 καὶ
3060 2901 3124 2967 τῇ
3171 2898 3528 2967 ἀναστασίμορ
3571 2915 3664 2950 σου

2080 2991 2280 3061 ἡμέρα.
2315 2993 2392 3042 Δι’
2425 2991 2590 3042 αὐτοῦ
2622 2991 2730 3061 γὰρ
2761 2991 2855 3044 καὶ
2901 2989 3197 3044 ἀντελὰόου
3246 2989 3402 3060 ἡμῶν
3433 2991 3528 3042 καὶ
3557 3007 3664 3042 κα-

2077 3080 2292 3150 ταφυγὴ
2327 3081 2382 3132 ὲν
2415 3080 2586 3150 θλίψει
2615 3081 2820 3148 ἐγένου.
2847 3079 2937 3132 Διὸ
2961 3081 3052 3132 καὶ
3079 3079 3328 3150 ψαλμοὺς
3353 3079 3666 3150 ἀναπέμπω

2081 3187 2160 3222 σοι
2192 3171 2269 3240 τῷ
2299 3169 2418 3240 Θεῷ
2452 3169 2530 3240 τῷ
2573 3169 2858 3242 ἐλεήσαντί
2887 3187 2974 3241 με.
3019 3171 3140 3222 ’Ότι
3183 3170 3470 3239 ὲγενήθης
3501 3171 3668 3224 ἀντι-

2076 3261 2318 3330 λήεττωρ
2363 3281 2482 3331 μου
2529 3263 2628 3316 καὶ
2677 3261 2988 3330 καταφυγή
3027 3279 3168 3331 μου.
3211 3262 3524 3333 Ἀπήλαυσα
3555 3263 3666 3333 γὰρ

2077 3351 2176 3420 τῆς
2227 3353 2324 3423 σῆς
2373 3353 2692 3423 ἐπικουρίας
2735 3353 2842 3418 ἀεὶ,
2877 3353 2970 3404 καὶ
3003 3352 3092 3405 διὰ
3127 3353 3224 3423 τῆς
3257 3355 3357 3424 σῆς
3407 3355 3668 3422 προνοίας

2073 3441 2173 3505 τὰς
2203 3443 2619 3512 προσπεσούσας
2661 3445 2914 3512 διέφυγον
2965 3445 3268 3514 συμφοράς.
3297 3437 3370 3497 οὗ
3401 3445 3463 3516 δὴ
3499 3446 3668 3516 χάριν

2077 3535 2136 3586 σε
2167 3536 2324 3604 μόνον
2352 3531 2469 3589 οἶδα
2495 3536 2626 3588 Θεὸν
2647 3575 2660 3598 ,
2691 3537 2784 3589 καὶ
2816 3537 2876 3588 σὲ
2906 3537 3090 3608 πηγὴν
3131 3537 3315 3600 ἐλέους
3345 3541 3438 3590 καὶ¹
3473 3539 3666 3608 φιλαν-

2074 3626 2317 3697 θρωπίας
2367 3629 2534 3680 καλῶ.
2565 3627 2750 3682 Ταῦτα
2793 3630 2821 3680 ό
2867 3629 3134 3699 μακάριος
3178 3629 3342 3682 Δαυῒδ
3375 3631 3664 3702 πόρρωθεν

2073 3723 2428 3790 προφητικοίς
2457 3719 2578 3773 ἰδὼν
2603 3720 2920 3791 ὀφθαλμοῖς,
2954 3721 3048 3774 καὶ
3074 3721 3172 3784 τὰς
3223 3722 3488 3776 Ἰουδαίων
3521 3741 3660 3795 προ-

2071 3812 2260 3882 είρηκε
2281 3812 2585 3884 συμφορὰς,
2619 3814 2715 3867 καὶ
2741 3815 2904 3876 αὐτὸς
2925 3815 3188 3884 ὑμνήσειν
3217 3815 3306 3868 ἀεὶ
3335 3815 3426 3868 τὸν
3452 3819 3660 3870 Δεσπό-

2068 3919 2168 3972 την
2215 3905 2502 3974 ὑπέσχετο·
2557 3905 2652 3957 καὶ
2703 3904 2903 3975 πληροῖ
2947 3923 3010 3974 γε
3051 3908 3150 3970 τὰς
3199 3907 3540 3977 ὑποσχέσεις,
3569 3909 3659 3963 διὰ

2067 3993 2176 4048 τῶν
2205 3995 2442 4049 εὐσεϐῶν
2469 3995 2568 4066 τὴν
2602 3995 2876 4065 ὑμνῳδίαν
2903 3998 3247 4068 προσφέρων.

2069 4087 2170 4150 Εἰς
2207 4085 2398 4151 τέλος.
2441 4087 2566 4150 Τοῖς
2605 4087 3206 4155 ἀ.ῐ.1οι‹ι›οησ(ζ(ιέτι·οις,
3247 4088 3334 4142 ἐτι
3380 4093 3466 4156 εἰς
3507 4107 3658 4161 στη-

2137 4179 2470 4247 λογραφιάν
2505 4177 2584 4242 τῷ
2627 4179 2826 4242 Δαινῒδ,
2864 4183 2950 4244 εἰς
3013 4179 3292 4248 διδαχὴν,
3323 4183 3502 4236 ὁπότε
3547 4185 3650 4236 ἐν-

2133 4273 2380 4336 επύρισε
2433 4269 2547 4336 τὴν
2599 4271 3061 4338 Μεσοποταμίαν
3093 4273 3340 4338 Σηρίας,
3395 4276 3494 4328 καὶ
3537 4275 3654 4343 τὴν

2133 4356 2356 4422 Σιυοίαν
2403 4354 2631 4416 Σοϐὰλ,
2687 4355 2784 4407 καὶ
2838 4355 3214 4422 ἐπέστρεψεν
3275 4359 3476 4422 Ἴωὰϐ,
3547 4364 3648 4415 καὶ

2137 4445 2396 4509 ἐπάταξε
2429 4445 2543 4509 τὴν
2570 4445 2842 4516 φάραγγα
2875 4446 2992 4498 τῶν
3024 4447 3319 4512 ’Λλῶνηβ
3349 4450 3646 4518 χιλιάδας.

2144 4541 2454 4592 ΨΑΛΜΟΣ
2485 4538 2612 4592 ΝΘ’.

2693 4632 3018 4695 Ὑπόθεσις.

2063 4727 2274 4796 Σαφοῦς
2319 4723 2484 4796 οὔσης
2525 4725 2625 4794 τῆς
2671 4724 2930 4794 ἱστορίας,
2973 4721 3061 4775 διὰ
3107 4723 3168 4774 τὸ
3202 4723 3446 4794 ἀκριϐῶς
3481 4726 3649 4798 αὐτὴν

2131 4816 2542 4888 ἀναγεγράφθαι
2589 4817 2647 4868 ἐν
2693 4818 2757 4886 τῇ
2803 4815 3030 4886 δευτέρα
3075 4814 3184 4866 τῶν
3231 4815 3550 4882 Βασιλειῶν,
3585 4819 3648 4871 τὸ

2133 4910 2193 4973 ἐξ
2215 4909 2385 4978 αὐτῆς
2415 4909 2681 4979 χρήσιμον
2711 4906 2969 4978 ἐροῦμεν,
3001 4907 3077 4970 ὡς
3103 4908 3432 4979 ἀναφέρεται
3457 4911 3517 4962 τὸ
3547 4911 3648 4981 μὲν

2133 5003 2424 5074 πρόσωπον
2464 5000 2555 5052 τοῦ
2605 4999 2770 5053 Δαυῖδ
2819 5001 2900 5062 εἰς
2931 4999 3226 5069 πρόσωπον
3273 5001 3368 5053 τοῦ
3413 5003 3645 5075 Κυρίου,

2132 5093 2224 5144 τοῦ
2285 5091 2377 5144 καὶ
2423 5091 2521 5160 τὴν
2567 5089 2850 5143 ἀλλοίωσιν
2905 5090 2998 5142 καὶ
3058 5089 3154 5160 τὴν
3197 5092 3492 5164 καινότητα
3537 5095 3648 5146 τῶν

2133 5185 2474 5255 πραγμάτων
2503 5183 2588 5236 ἐπ’
2615 5183 2842 5252 ἐσχάτου
2868 5183 3162 5247 δεδωκότος
3187 5184 3298 5238 τῶν
3323 5187 3531 5258 καιρῶν
3551 5192 3648 5242 καὶ

2131 5275 2468 5340 πατάξαντος
2495 5275 2562 5327 τὰ
2607 5275 2878 5342 ἀλλόφυλα
2907 5273 3056 5343 ἔθνη,
3083 5277 3328 5328 τουτέστι
3363 5278 3430 5330 τὰ
3455 5281 3640 5350 νοητά.

2133 5371 2319 5422 Ταῦτα
2351 5371 2460 5439 γὰρ
2487 5371 2632 5438 ἡμᾶς
2661 5371 2694 5438 ἡ
2727 5368 2916 5438 Γραφὴ
2951 5367 3264 5420 ἐκπαιδεύει
3297 5368 3528 5436 λέγουσα
3563 5373 3646 5434 εἰς

2129 5463 2366 5532 διδαχὴν.
2415 5461 2789 5530 Διδασκόμεθα
2831 5457 2946 5524 οὖν,
3001 5461 3076 5522 ὡς
3131 5461 3272 5512 κατᾶ
3317 5461 3408 5513 τὸν
3454 5462 3646 5532 καιρὸν

2133 5555 2251 5608 καεΓ
2279 5555 2338 5606 ὃν
2365 5555 2490 5616 τοὺς
2529 5553 2628 5622 μὲν
2669 5553 2897 5623 ἐχθροὺς
2937 5549 3205 5614 ἐπάταξεν
3247 5553 3276 5603 ὁ
3303 5554 3367 5606 ἐκ
3397 5554 3646 5624 σπέραα-

2130 5665 2220 5711 τος
2254 5647 2394 5700 κατὰ
2430 5647 2607 5716 σάρκα
2637 5645 2730 5698 τοῦ
2759 5645 2940 5704 Δαυῖδ,
2979 5645 3046 5696 τὰ
3078 5643 3131 5696 δὲ
3183 5643 3308 5714 ἔθνη
3341 5647 3516 5698 οἰκεῖα
3547 5663 3646 5698 πε-

2133 5741 2352 5810 ποίηται
2399 5741 2426 5792 ὁ
2471 5738 2579 5792 τῶν
2623 5737 2888 5791 Ἰουδαίων
2937 5735 3098 5804 λαὸς,
3145 5737 3200 5788 ἐν
3241 5735 3488 5806 αἰσθήσει
3545 5737 3644 5806 τῆς
