3872 6216
219 298 328 353 269

1361 293 1722 351 EXPOSlTlO
1754 293 1820 348 IN
1858 274 2192 352 PSA‘LMUM
2237 270 2397 352 th.‘

3364 291 3467 350 ετο

289 408 378 460 διὰ
414 408 653 479 Χριστὸν
676 388 962 481 ξ’τιμωρίας
1004 408 1275 478 γεγονὼς,
1308 410 1642 481 ἐπιστροφήν
1675 425 1787 461 τινα

1970 411 2234 475 converti,
2267 407 2629 479 postulantem
2664 407 2784 464 dari
2818 407 2921 464 sibi
2948 408 3174 480 gratiam
3201 426 3293 481 per
3313 413 3468 469 Chri-

292 502 548 565 ποιεῖται,
578 501 744 554 αἰτῶν
775 501 867 552 καὶ
898 501 1060 564 αὐτὸς
1091 500 1190 570 τῆς
1219 499 1306 554 διὰ
1323 501 1553 569 Χριστὸν
1583 499 1801 570 χάριτος

289 592 608 664 ἀξιωθῆναι.
658 595 1032 647 Ἀποκλαίεται
1055 593 1110 646 δέ
1139 595 1352 664 πρῶτον
1377 593 1474 662 τὴν
1503 591 1799 660 γενομένην
1883 665 1886 668 ᾔ

288 685 437 756 αὐτῷ
464 685 552 738 διὰ
574 686 673 756 τὴν
700 689 778 750 εἰς
804 688 1036 758 Χριστὸν
1059 687 1374 739 δυσσέϐειαν
1396 683 1796 754 καταστροφὴν,

286 779 368 830 διὸ
394 780 486 831 καί
517 794 702 850 φησιν’

299 870 355 922 Ὀ
389 870 555 936 Θεὸς,
586 869 807 924 ἀπώσω
828 869 1004 940 ἡμᾶς,
1041 869 1138 922 καὶ
1183 867 1453 934 καθεῖλες
1478 863 1655 936 ἡμᾶς,
1688 865 1798 932 ὠρ-

215 962 426 1029 τίσθης
477 961 576 1014 καὶ
621 962 991 1028 ᾠκτειζρηοάς
1022 960 1202 1031 ἡμᾶς.
1239 961 1594 1032 Ἐτιμωρήσω
1627 961 1794 1029 ἡμᾶς,

213 1054 372 1125 φησὶ,
404 1053 496 1105 διὰ
523 1053 622 1123 τὴν
657 1054 737 1116 είς
774 1053 832 1105 σέ
870 1053 1246 1124 γεγενημένην
1286 1051 1798 1106 δυσσέϐειαν.Ἀλλὰ

211 1147 310 1198 καὶ
334 1145 674 1216 ᾡκτείρησας
695 1148 866 1217 ἡμᾶς’
889 1146 950 1198 τὸ
975 1145 1102 1216 γὰρ,
1131 1147 1516 1214 ᾠκτείρησας,
1539 1146 1658 1199 ἀντὶ
1679 1144 1795 1209 τοῦ,

212 1236 613 1301 οὶκτειξρησον,
653 1236 685 1305 ἢ
732 1235 905 1298 ἄλλως
947 1234 1038 1298 τὸ,
1086 1237 1476 1303 ᾠκτεῲησας,
1534 1235 1797 1296 ἐλεεινοὺς

211 1329 308 1380 καὶ
343 1327 558 1391 ἀθλίους
585 1329 894 1397 ἀπέφηνας,
931 1327 1006 1390 ὡς
1035 1327 1125 1380 διὰ
1157 1327 1256 1390 τὰς
1295 1326 1578 1399 συμφορὰς
1608 1325 1796 1397 καιρὸν

208 1416 347 1472 εἶναι
387 1419 854 1489 κατοικτείρεσθαι
887 1419 1091 1471 λοιπόν.
1119 1417 1490 1482 Συνέσεισας
1513 1416 1627 1484 τὴν
1655 1414 1792 1484 γῆν,

209 1514 309 1566 καὶ
351 1513 772 1581 συνετάραξας
813 1510 1026 1577 αὑτήν.
1079 1510 1190 1581 Τὴν
1245 1508 1598 1580 Ἰερουσαλήμ
1641 1524 1793 1578 φησι,

209 1605 298 1657 διὰ
336 1606 398 1656 τὸ
434 1603 863 1674 πολιορκηθῆναι
890 1603 1079 1674 αὐτὴν,
1111 1604 1207 1655 καὶ
1236 1603 1412 1656 τὸνέν
1453 1601 1590 1671 αὐτῇ
1622 1617 1794 1652 κατα-

212 1695 518 1765 στραφῆναι
563 1693 717 1746 νεών.
750 1694 819 1745 Ἦ
857 1693 949 1746 καὶ
980 1692 1080 1763 τὴν
1120 1693 1317 1763 νοητὴν
1348 1691 1526 1744 αὐτῶν
1556 1691 1658 1762 γῆν
1689 1707 1793 1760 φη-

1974 513 2141 556 stum.
2168 501 2424 570 Deplorat
2456 510 2636 556 autem
2660 503 2894 571 primum
2922 503 3125 556 illatam
3158 504 3258 558 sibi
3283 505 3352 558 oh
3376 506 3471 559 im-

1971 595 2226 663 pietatem
2260 595 2314 648 in
2345 593 2622 648 Christum
2650 596 2891 661 ruinam,
2921 611 3092 664 quare
3125 597 3200 650 ait
3233 615 3246 650 :

1970 851 2023 917 5,
2061 851 2119 905 4,
2157 850 2318 917 Deus,
2351 851 2591 920 repulisti
2624 868 2713 904 nos
2743 861 2790 904 et
2823 851 3131 904 destruxiin
3159 867 3273 914 nos,
3301 853 3472 903 iratus

1899 959 1951 996 es
1974 952 2022 996 et
2050 945 2295 997 misertus
2329 961 2380 996 es
2410 944 2577 998 nobis.
2607 943 2970 1014 Supplicium,
3000 944 3196 1013 inquit,
3221 947 3287 998 tle
3314 945 3474 1000 nobis

1901 1035 2183 1104 sumpsisti
2223 1035 2292 1089 ob
2333 1046 2577 1088 nostram
2604 1051 2729 1104 erga
2761 1047 2810 1089 te
2841 1036 3194 1104 impietatem.
3229 1035 3335 1090 Sed
3367 1036 3472 1089 mi—

1900 1136 2079 1182 sertus
2107 1143 2166 1181 es
2194 1128 2387 1190 nobis;
2424 1127 2554 1180 illud
2588 1131 2790 1194 autem,
2822 1130 3066 1182 misertus
3093 1145 3144 1181 es
3175 1143 3273 1197 pro
3313 1129 3472 1181 mise-

1899 1236 2012 1272 rere
2040 1219 2273 1288 positum
2306 1229 2408 1284 est,
2435 1229 2528 1272 aut
2563 1218 2669 1272 alio
2697 1220 2881 1281 modo,
2916 1214 3161 1272 misertus
3200 1237 3276 1284 es,
3311 1221 3474 1274 mise-

1901 1327 1990 1364 ros
2017 1311 2262 1375 effecisti,
2293 1313 2367 1364 ita
2394 1321 2453 1365 ut
2482 1320 2703 1381 propter
2727 1311 3068 1366 calamitates
3100 1311 3208 1380 iam
3256 1320 3472 1379 tempus

1900 1405 1992 1465 sit,
2051 1413 2112 1457 ut
2135 1404 2295 1457 nobis
2323 1405 2694 1459 misericordia
2740 1405 3102 1472 impendatur.
3134 1404 3474 1458 Commovisti

1900 1507 2096 1551 terram
2121 1507 2168 1550 et
2195 1499 2522 1551 conturbasti
2547 1515 2683 1551 eam.
2707 1496 3009 1551 Jerusalem
3038 1498 3188 1559 dicit,
3222 1496 3352 1565 quia
3381 1496 3474 1550 ob—

1898 1603 2047 1642 sessa
2079 1587 2179 1641 fuit
2207 1598 2262 1642 et
2291 1590 2550 1658 templum
2592 1589 2711 1658 ejus
2749 1590 2866 1644 solo
2897 1600 3191 1658 aquatum.
3225 1589 3334 1641 Aut
3363 1589 3476 1656 spi—

1897 1681 2150 1734 ritualem
2190 1696 2378 1734 eorum
2412 1691 2612 1734 terram
2642 1682 2796 1747 dicit,
2827 1697 2949 1750 qua!
2982 1691 3203 1750 prOpter
3231 1679 3474 1734 aversio-

212 1800 338 1844 σιν,.
366 1783 489 1853 ἥτις
536 1782 624 1836 διὰ
666 1783 765 1852 τὴν
808 1780 1157 1853 ἀποστροφὴν
1193 1781 1290 1852 τὴν
1334 1780 1632 1850 γενομένην
1672 1779 1787 1833 κατ’

1900 1786 2016 1824 nem
2039 1786 2160 1840 quae
2184 1771 2286 1840 ipsi
2305 1773 2523 1826 obvenit
2539 1783 2810 1827 commota
2833 1785 2936 1828 est.
2963 1773 3110 1828 Sana
3133 1775 3471 1827 contritiones

208 1876 391 1929 αὐτῶν
422 1875 908 1945 κατακεκλὸνηται.
931 1875 1120 1928 Ἰασαι
1155 1874 1227 1926 τὰ
1258 1872 1670 1941 συντρίμματα
1695 1873 1795 1924 αὺ-

207 1966 338 2032 τῆς,
371 1965 464 2018 ὅτι
494 1966 817 2032 ἐσαλεύθη.
848 1965 1018 2018 Πάλιν
1051 1966 1119 2018 τὰ
1152 1963 1493 2034 γεγενημένα
1519 1960 1788 2027 διέξεισιν.

284 2057 559 2123 Ἐδειξας
585 2057 665 2122 τῷ
697 2057 824 2122 λαῷ
851 2071 967 2111 σου
996 2056 1255 2124 σκληρά.
1281 2056 1370 2126 Τῷ
1396 2055 1610 2126 πλήθει,
1635 2056 1789 2127 φησὶ,

204 2151 315 2212 τῶν
350 2149 662 2220 συμφορῶν,
723 2148 974 2220 καθάπερ
1016 2148 1144 2218 οἴνῳ
1183 2148 1289 2201 τινὶ
1329 2147 1500 2216 κάρον
1543 2149 1673 2218 ἡμῖν
1708 2148 1794 2199 ἐν-

205 2243 494 2312 εποίησας,
525 2243 616 2294 καὶ
642 2241 834 2312 ὀδύνης
862 2240 1164 2311 ἐνέπλησας
1179 2239 1276 2302 τὰς
1303 2239 1577 2310 ἡμετέρας
1591 2239 1787 2309 ψυχάς.

217 2336 537 2399 Ἐπότισας
587 2331 744 2402 ’ἡμᾶς
795 2333 938 2398 οἴνῳ
980 2330 1379 2396 κατανύξεως.
1429 2328 1585 2382 Οὕτω
1627 2330 1722 2382 καὶ
1762 2331 1791 2381 6

218 2423 449 2486 Ἀκύλας
477 2424 837 2494 ἡρμήνευσεν·
880 2422 1200 2485 Ἐπότισας
1234 2416 1391 2486 ἡμᾶς
1419 2417 1561 2484 οἴνῳ
1603 2417 1790 2486 καρώ-

203 2533 382 2582 σεως.
423 2511 576 2568 Οἶνον
607 2513 949 2579 κατανύξεως
973 2513 1071 2574 τὰς
1103 2514 1159 2564 ἐν
1185 2515 1305 2574 ταῖς
1341 2511 1513 2572 θείαις
1547 2511 1790 2580 Γραφαῖς

202 2609 477 2680 τιμωρίας
506 2609 658 2679 φησὶ,
697 2606 798 2669 τὰς
839 2605 1418 2674 προανακηρυχθείσας
1468 2605 1650 2666 αὐτοῖς
1689 2603 1789 2672 τῆς

203 2704 286 2765 εἰς
320 2700 556 2772 Χριστὸν
590 2698 905 2759 δυσσεϐείας
937 2696 1120 2748 ἓνεκα.
1170 2694 1656 2762 Ἀναγινώσκοντες
1682 2695 1787 2766 γὰρ

202 2795 302 2848 καὶ
340 2796 404 2863 τῇ
438 2793 600 2864 πείρᾳ
620 2791 686 2844 τὰ
727 2789 1173 2862 προηγορευμένα
1214 2787 1591 2858 μανθάνοντες,
1619 2804 1788 2839 κατα-

201 2886 486 2938 νύττονται
531 2883 591 2935 τὸ
631 2881 888 2944 συνειδὸς.
922 2879 1190 2944 Ἕδωκας
1233 2879 1356 2943 τοῖς
1399 2877 1789 2947 φοϐουμένοις

201 2993 280 3030 σε
305 2975 639 3042 σημείωσιν
675 2973 780 3026 τοῦ
823 2971 1037 3042 φυγεῖν
1083 2970 1201 3024 ἀπὸ
1231 2970 1555 3037 προσώπου
1584 2969 1784 3032 τόξου.

198 3070 513 3140 Σημείωσις
545 3071 572 3120 6
597 3067 894 3138 φωτισμὸς,
929 3066 1048 3119 καθ’
1085 3066 1143 3118 ὃν
1166 3064 1386 3117 δύναταί
1411 3080 1493 3125 τις
1520 3063 1786 3134 διάκρισιν

1893 1863 2008 1932 ejus
2056 1866 2179 1934 quia
2225 1878 2484 1918 commota
2531 1875 2628 1920 est.
2666 1865 2905 1922 Rursum
2966 1884 3087 1938 quae
3136 1878 3288 1938 gesta
3344 1876 3474 1924 sunt

1893 1967 2134 2012 enarrat.

1972 2050 2025 2112 5,
2050 2049 2104 2104 6.
2139 2049 2430 2106 Ostendiin
2460 2053 2653 2121 populo
2685 2062 2774 2105 tuo
2805 2053 2962 2107 dura.
2991 2052 3352 2119 Multitudine,
3382 2053 3472 2109 in-

1893 2143 2032 2210 quit,
2063 2144 2459 2208 calamitatum,
2482 2146 2639 2213 quasi
2671 2148 2797 2198 vino
2824 2145 3059 2215 quodam
3089 2160 3342 2216 soporem
3370 2163 3471 2204 no—

1892 2234 1978 2288 bis
2007 2233 2253 2299 elTecisti,
2284 2251 2349 2289 ac
2380 2236 2569 2291 dolore
2597 2236 2811 2292 animas
2847 2245 3065 2292 nostras
3099 2238 3466 2308 complevisti.

1894 2323 2103 2380 Potasti
2131 2344 2222 2381 nos
2253 2330 2368 2382 t‘ino
2401 2331 2838 2398 compunctionis.
2877 2330 2951 2384 Ita
2977 2329 3176 2400 Aquila
3199 2340 3285 2386 est
3308 2332 3471 2388 inter-

1891 2425 2135 2486 pretatus
2166 2437 2179 2471 :
2211 2417 2418 2472 Potasti
2442 2437 2537 2474 nos
2567 2421 2683 2473 vino
2707 2422 2930 2490 saporis.
2967 2421 3168 2476 Vinum
3197 2438 3468 2492 compun-

1891 2509 2107 2572 ctionis,
2137 2510 2398 2578 supplicia
2419 2510 2473 2565 in
2498 2510 2798 2580 Scripturis
2819 2521 3118 2567 memorata
3138 2523 3316 2576 vocat,
3337 2530 3472 2584 pra!-

1890 2603 2137 2655 nuntiata
2167 2602 2270 2656 illis
2291 2603 2360 2656 ob
2382 2603 2626 2672 ipsorum
2661 2618 2784 2675 erga
2800 2603 3080 2660 Christum
3112 2607 3463 2677 impietatem.

1893 2687 2028 2742 Dum
2061 2690 2246 2758 legunt
2280 2693 2448 2758 enim,
2476 2698 2530 2747 et
2558 2710 2678 2762 quae
2715 2697 2971 2764 praedicta
3013 2709 3140 2752 sunt
3182 2700 3468 2769 experien-

1891 2783 1963 2834 tia
1991 2783 2260 2848 ediscunt,
2289 2785 2622 2841 conscientia
2646 2801 3108 2860 compunguntur.
3137 2791 3343 2846 Dedisti
3366 2810 3471 2847 me-

1892 2872 2154 2926 tuentibus
2190 2883 2236 2927 te
2261 2876 2699 2944 signi/irationem
2736 2890 2793 2931 ut
2823 2882 3028 2950 fugiant
3058 2900 3091 2936 a
3126 2883 3262 2952 facie
3286 2902 3462 2941 arcus.

1892 2961 2226 3032 Sigltilicatio
2253 2977 2337 3020 est
2373 2969 2700 3024 illuminatio
2725 2988 2832 3041 qua
2868 2985 3044 3043 potest
3077 2976 3334 3033 discretio
3365 2980 3468 3034 ha-

1890 3054 2004 3107 beri
2029 3056 2337 3123 spirituum,
2368 3075 2578 3114 necnon
2613 3062 2739 3116 boni
2767 3073 2820 3118 et
2843 3067 2994 3120 mali.
3024 3066 3135 3122 Hac
3155 3069 3297 3123 enim
3329 3086 3465 3139 pra:-

196 3165 350 3236 ξχειν
399 3162 746 3233 πνευμάτων,
799 3160 892 3214 καὶ
929 3159 1133 3230 ἀγαθοῦ
1181 3159 1275 3212 καὶ
1327 3157 1516 3210 κακοῦ.
1567 3155 1781 3226 Ταύτης

1900 3144 1988 3197 diti
2017 3147 2240 3214 notitia,
2271 3148 2511 3218 fugimus
2538 3168 2568 3206 a
2601 3155 2791 3217 malis,
2831 3155 3096 3226 longeque
3128 3130 3466 3217 declinamus

195 3260 311 3328 γὰρ
359 3257 459 3326 τῆς
512 3254 767 3324 γνώσεως
825 3254 1164 3325 ὑπαρξάσης,
1209 3250 1480 3320 φεύγομεν
1522 3249 1631 3302 ἀπὸ
1675 3248 1780 3300 τῶν

196 3349 484 3422 χειρόνων,
517 3347 734 3418 μακρὰν
756 3347 926 3400 κακοῦ
960 3345 1120 3416 ἔργου
1161 3344 1254 3396 καὶ
1285 3342 1591 3412 πνεύματος
1617 3358 1784 3411 πονη-

198 3440 298 3512 ροῦ
334 3439 628 3508 γινόμενοι.
663 3437 770 3491 Τοῦ
797 3437 1002 3491 αὑτοῦ.
1055 3436 1239 3506 Ἡμεῖς
1276 3433 1394 3503 μὲν,
1427 3432 1588 3501 φησι,
1615 3431 1680 3484 δι’
1714 3431 1781 3501 ἢν

195 3529 525 3602 ἐπράξαμεν
567 3529 882 3581 δυσσέϐειαν
914 3524 1368 3597 τετιμωρήμεθα·
1402 3525 1451 3576 οἱ
1493 3522 1548 3575 δέ
1589 3521 1782 3590 φοϐού-

199 3623 355 3692 μενοί
382 3639 444 3674 σε
477 3622 698 3691 σημεῖον
733 3619 980 3685 ἐδέξαντο
1010 3617 1184 3688 (δῆλον
1217 3616 1291 3678 δὲ,
1317 3617 1396 3668 ὅτι
1429 3617 1486 3667 ἐν
1588 3615 1784 3684 ἐσφραο

194 3715 365 3784 γίσθτς
376 3714 517 3785 μεν),
547 3713 693 3775 ὅπως
718 3711 782 3764 ἂν
809 3710 912 3777 ἔξω
942 3709 1122 3790 πάσης
1149 3707 1473 3775 κολαστικῆς
1521 3706 1780 3776 ἐπηρείας

195 3809 465 3877 γένοιντο.
497 3805 698 3858 Τούτου
725 3805 782 3857 δὲ
813 3802 906 3856 τοῦ
944 3802 1168 3872 σημείου
1194 3799 1364 3861 τύπος
1388 3794 1457 3868 ἦν
1488 3798 1549 3850 τὸ
1580 3800 1636 3849 ἐν
1665 3801 1781 3858 ταῖς

197 3901 388 3970 φλιαῖς
419 3897 527 3950 τῶν
553 3895 840 3966 προϐάτων
874 3895 931 3945 ἐν
955 3892 1213 3961 Αἰγύπτῳ
1237 3890 1522 3960 χριόμενον
1550 3886 1706 3959 αἷμα.

284 3992 349 4043 '0
399 3988 543 4053 Θεὸς
577 3985 888 4054 ἐλάλησεν
931 3983 1000 4036 ἐν
1030 3981 1110 4047 τῷ
1143 3982 1288 4050 ἁγίῳ
1317 3980 1525 4034 αὑτοῦ.
1558 3980 1782 4050 Ὅμοιον

193 4081 278 4152 τῷ
296 4099 310 4111 ·
363 4081 488 4133 Ἐπ’
514 4076 780 4146 ἐσχάτου
814 4075 933 4128 τῶν
960 4071 1196 4142 ἡμερῶν
1227 4072 1454 4124 τούτων
1475 4069 1782 4137 ἐλάλησεν

198 4174 347 4244 ἡμῖν
375 4173 446 4225 ἐν
487 4169 616 4235 Υὶῷ.
644 4169 813 4231 Αὐτὸς
842 4167 949 4236 γάρ
975 4167 1123 4218 ἐστιν
1154 4165 1183 4216 6
1207 4165 1359 4233 ἆγιος
1385 4162 1480 4216 τοῦ
1519 4161 1654 4216 Θεοῦ
1691 4162 1783 4216 καὶ

195 4266 436 4338 Πατρός.
486 4263 552 4315 Τί
598 4263 655 4315 δὲ
691 4262 942 4330 ἐλάλησε,
987 4259 1081 4312 καὶ
1133 4257 1268 4328 πρὸς
1313 4257 1434 4309 τίνα
1477 4255 1779 4325 ἐλάλησεν;

209 4357 432 4427 Ἐπειδὴ
485 4354 688 4426 ηὔξατο
739 4354 796 4405 ἐν
842 4351 921 4422 τῷ
966 4350 1290 4421 προλαϐόντι
1332 4347 1533 4418 ψαλμῷ
1575 4347 1776 4415 λέγων’

205 4434 498 4516 ἹἙὼθητι
541 4446 640 4498 ἐπὶ
696 4443 837 4508 τοὺς
887 4441 1210 4511 οὐρανοὺς,
1245 4443 1277 4494 ό
1312 4439 1490 4504 Θεὸς,
1541 4438 1639 4491 καὶ
1684 4437 1783 4491 ἐπὶ

195 4540 412 4595 πᾶσαν
435 4539 551 4606 τὴν
581 4537 698 4606 γῆν
722 4539 760 4604 ἠ
787 4535 937 4598 δόξα
974 4549 1110 4588 σου·
1139 4531 1327 4586 τούτου
1358 4531 1516 4602 χάριν
1551 4529 1777 4601 ἀποκρί-

195 4649 375 4695 νεται,
409 4630 486 4690 ὡς
513 4629 581 4681 τὰ
608 4628 824 4696 Σίκημα
861 4626 958 4695 μὲν
1006 4624 1298 4694 διαμεριεῖ,
1326 4621 1572 4674 τουτέστι
1593 4619 1654 4672 τὸ
1694 4619 1788 4689 βα-

200 4723 404 4777 σίλειον
452 4719 546 4774 τοῦ
596 4719 842 4791 Ἰσραήλ⁸
892 4719 951 4770 ἐν
983 4717 1248 4786 Σικήμοις
1292 4713 1399 4783 γὰρ
1442 4708 1530 4782 ἦν.
1577 4712 1786 4765 Δέδωκε

197 4813 313 4883 γὰρ
342 4811 478 4864 αὐτὸ
515 4809 829 4877 ἀλλοφύλοις
858 4807 1035 4860 ἔθνεσι
1062 4808 1174 4868 τοῖς
1213 4802 1563 4858 πιστεύσασιν
1586 4804 1665 4865 είς
1689 4802 1786 4854 αύ-

196 4898 313 4950 τόν.
360 4897 472 4950 Καὶ
515 4895 633 4962 τὴν
669 4893 919 4949 κοιλάδα
949 4893 1069 4947 τῶν
1098 4891 1347 4960 σκηνῶν
1389 4889 1782 4960 διαμετρήσω.

195 4988 444 5043 Κοιλάδα
467 4989 501 5058 ἡ
526 4987 644 5040 θεία
672 4986 862 5058 Γραφὴ
896 4986 956 5039 τὸ
982 4985 1199 5039 πάντων
1233 4982 1536 5053 ἀνθρώπων
1559 4984 1781 5054 οἰκητή-

198 5081 319 5151 ριὸν
347 5095 502 5147 φησι.
531 5079 748 5150 Ταύτην
767 5075 880 5142 οὖν,
912 5078 1063 5147 φησὶ,
1097 5077 1197 5145 τὴν
1235 5074 1458 5129 κοιλάδα
1497 5075 1676 5128 πᾶσαν
1704 5075 1784 5137 εἰς

197 5170 412 5241 σκηνὰς
457 5168 677 5239 ἐμαυτῷ
721 5169 1101 5239 διαμετρήσω·
1149 5166 1424 5219 τουτέστιν
1479 5163 1784 5233 ἐκκλησιῶν

193 5260 586 5332 πληρεστάτην
608 5259 938 5312 ἁποτελέσω.

286 5353 459 5421 Ἐμός
487 5352 619 5404 ἐστι
646 5349 914 5414 Γαλαὰδ,
942 5349 1038 5403 καὶ
1079 5349 1221 5418 ἐμός
1252 5347 1384 5400 ἐστι
1422 5343 1781 5411 Μανασσῆς.

192 5443 300 5497 Διά
330 5443 544 5496 Γαλαὰδ
576 5444 670 5496 καὶ
695 5442 962 5513 Μανασσῆ
1005 5441 1279 5512 σημαίνει,
1310 5438 1384 5501 ὡς
1409 5439 1464 5490 ἐν
1492 5439 1558 5506 τῇ
1585 5437 1782 5504 ἐπιφα-

191 5533 322 5602 νείᾳ
359 5532 526 5586 αὑτοῦ
572 5531 807 5605 πρώτοις
862 5532 1136 5596 Ἰουδαίοις
1169 5530 1434 5601 κηρύσσει
1466 5528 1564 5600 τὴν
1599 5529 1778 5600 χάριν.

308 5709 354 5742 ’³
382 5704 547 5765 Hebr.
580 5725 618 5775 ι,
650 5709 703 5763 2.

1890 3241 1958 3294 ab
2004 3241 2252 3310 improbo
2299 3259 2459 3312 opere
2494 3255 2542 3300 et
2591 3263 2621 3300 a
2656 3249 2894 3320 maligno
2941 3253 3156 3321 spiritu.
3190 3254 3461 3324 Ejusdem.

1887 3332 2020 3399 Nos,
2050 3336 2246 3405 inquit,
2279 3338 2348 3392 ob
2367 3348 2610 3393 nostram
2633 3341 2964 3412 impietatem
2995 3348 3258 3416 supplicio
3274 3365 3466 3405 sumus

1880 3427 2062 3495 allecti
2089 3446 2103 3482 :
2127 3429 2293 3498 atqui
2331 3430 2524 3485 timent
2547 3441 2617 3499 te,
2650 3433 2866 3503 signum
2899 3448 3228 3507 acceperunt
3261 3441 3462 3512 (palam

1888 3527 2067 3574 autem
2094 3529 2179 3575 est
2210 3521 2340 3575 illud
2382 3523 2597 3592 signum
2625 3539 2746 3580 esse
2781 3541 2891 3596 quo
2916 3528 3188 3600 obsignati
3223 3535 3462 3606 sumus),

1888 3619 1950 3666 ut
1999 3613 2148 3666 omni
2201 3614 2469 3683 supplicio
2519 3616 2677 3672 liberi
2709 3620 2838 3673 sint.
2880 3618 3057 3691 Hujus
3089 3633 3272 3680 autem
3321 3628 3464 3697 signi

1888 3710 2050 3773 typus
2089 3714 2206 3757 erat
2251 3705 2476 3773 sanguis
2526 3705 2708 3759 ovium
2730 3706 2786 3760 in
2813 3706 3050 3779 [Egypto
3094 3713 3344 3781 postibus
3377 3715 3464 3769 in-

1888 3811 2154 3864 spersum.

1959 3993 2013 4048 8.
2056 3992 2195 4047 Deus
2241 3994 2446 4048 locutus
2491 4005 2569 4050 est
2610 3999 2666 4052 in
2708 4009 2892 4054 sancto
2918 4017 3033 4056 suo.
3071 4001 3259 4059 Simile
3287 4006 3456 4062 huic:

1888 4084 1957 4138 In
2003 4087 2280 4139 novissimo
2322 4087 2527 4140 dierum
2570 4089 2797 4142 istorum
2843 4091 3047 4146 locutus
3080 4102 3157 4147 est
3208 4096 3358 4149 nobis
3403 4099 3460 4150 in

1892 4176 2118 4231 Filio".
2168 4176 2283 4246 Ipse
2331 4193 2568 4248 namque
2614 4190 2698 4234 est
2743 4191 2967 4238 sanctus
3005 4183 3100 4238 Dei
3149 4194 3204 4240 et
3256 4185 3456 4244 Patris.

1889 4268 2031 4336 Quid
2079 4279 2134 4324 et
2180 4271 2266 4324 cui
2313 4272 2528 4326 loeutus
2573 4274 2692 4328 est?
2720 4274 3011 4346 Postquam
3046 4279 3099 4331 in
3135 4282 3460 4348 praecedenti

1889 4364 2102 4432 psalmo
2123 4374 2375 4433 precatus
2399 4362 2573 4419 fuerat
2599 4383 2610 4418 :
2645 4365 2902 4422 Exaltare
2925 4385 3080 4438 super
3103 4375 3277 4436 caelos,
3297 4372 3457 4436 Deus,

1813 4490 1859 4544 Β
1889 4465 1937 4509 et
1965 4472 2120 4525 super
2153 4473 2355 4510 omnem
2395 4467 2588 4511 terram
2623 4461 2792 4529 gloria
2821 4471 2946 4525 tua;
2998 4462 3118 4517 ideo
3146 4466 3457 4534 respondet,

1887 4562 1947 4603 se
1969 4548 2188 4617 quidem
2216 4549 2455 4603 Sichima
2483 4550 2808 4615 divisurum,
2839 4553 2892 4606 id
2919 4562 3020 4617 est,
3056 4555 3261 4624 regiam
3285 4557 3461 4612 Israe-

1886 4640 1954 4695 lis
1989 4655 2110 4709 quae
2154 4640 2206 4693 in
2256 4639 2514 4696 Sichimis
2557 4651 2691 4696 erat.
2740 4641 2874 4696 Nam
2910 4643 3055 4698 dedit
3098 4659 3216 4698 eam
3266 4647 3460 4700 alienis

1885 4733 2157 4804 gentibus,
2191 4748 2312 4802 qua:
2335 4732 2676 4787 crediderant
2713 4733 2766 4786 in
2812 4734 3010 4802 ipsum.
3061 4733 3129 4788 Et
3168 4737 3459 4793 convallem

1888 4821 2347 4878 tabernaculorum
2371 4822 2610 4875 metibor.
2629 4821 2941 4876 Convallem
2969 4823 3150 4878 divina
3175 4824 3458 4896 Scriptura

1886 4917 2132 4970 omnium
2189 4916 2469 4969 hominum
2517 4915 2851 4970 domicilium
2884 4925 3060 4971 vocat.
3101 4915 3252 4973 Hanc
3298 4921 3460 4991 igitur

1887 5024 2104 5063 omnem
2152 5009 2450 5063 convallem
2495 5007 2548 5061 in
2592 5009 2943 5064 tabernacula
2996 5011 3128 5064 mihi
3181 5014 3454 5077 dimetiar,

1884 5101 1937 5155 id
1962 5109 2064 5164 est,
2095 5100 2446 5155 ecclesiarum
2486 5099 2852 5170 plenissimam
2886 5101 3133 5156 eiliciam.

1962 5344 2014 5398 9.
2041 5343 2189 5399 Meus
2219 5357 2296 5400 est
2327 5345 2533 5401 Galaad
2554 5358 2604 5402 et
2625 5367 2767 5404 meus
2790 5359 2865 5404 est
2901 5352 3191 5405 Manasses.
3224 5347 3329 5405 Per
3351 5350 3457 5404 Ga-

1889 5435 2011 5490 laad
2047 5449 2101 5492 et
2138 5437 2422 5494 Manassen
2476 5441 2740 5510 signiﬁcat
2772 5457 2830 5496 se
2872 5441 2927 5494 in
2956 5441 3185 5494 adventu
3220 5455 3320 5494 suo
3355 5439 3453 5492 Ju-

1890 5529 2020 5584 daeis
2069 5531 2305 5600 primum
2370 5534 2595 5602 gratiam
2645 5533 3080 5602 praedicaturum.
3130 5531 3245 5588 lmo
3293 5535 3457 5586 etiam
