3872 6216
383 342 484 398 27!
1223 333 1280 388 S.
1321 331 1688 392 ATHANASII
1727 329 1878 385 ΟΡΡ.
1921 328 2098 382 PARS
2139 325 2226 384 111.
2267 357 2336 368 —-
2375 323 2783 381 EXEGETICA.
3511 321 3620 374 272

387 459 644 533 Ephraim
679 468 732 513 et
759 457 927 512 ludas
955 454 1074 508 duae
1117 453 1278 523 regias
1321 451 1494 504 tribus
1523 447 1690 504 lsrael
1719 449 1946 520 gratiam

2064 445 2220 499 Ἀλλὰ
2249 446 2342 498 καὶ
2387 442 2642 514 Ἐφραῖμ,
2675 441 2825 510 φησὶ,
2863 439 2956 491 καὶ
2992 438 3020 490 6
3059 437 3252 500 Ἰούδας
3273 478 3285 500 ,
3315 437 3366 489 αἱ
3395 437 3488 490 δύο
3521 441 3622 507 βα-

387 553 636 610 εἰιηὶιίιει·
665 551 948 620 accipient.
995 545 1128 599 Illud
1169 553 1346 598 autem
1386 560 1398 594 :
1447 541 1725 596 Fortitudo
1758 543 1946 610 capitis

389 645 522 708 mei.
562 643 796 712 positum
831 648 913 694 est
954 653 1084 707 pro,
1141 635 1400 690 fortitudo
1439 633 1776 704 principatus
1819 633 1945 686 mei.

387 728 604 802 Imperii
629 731 772 786 enim
807 729 914 792 sui,
945 727 998 780 id
1031 733 1133 792 est,
1159 723 1375 779 Israelis
1403 723 1661 779 fortitudo
1693 723 1948 792 Ephraim

387 835 542 891 erat;
567 841 632 880 ex
659 839 723 878 eo
752 837 984 892 namque
1014 835 1237 891 regnum
1273 819 1436 876 Israel
1479 827 1612 872 erat.
1651 816 1808 870 Moab
1841 815 1950 870 olla

389 919 496 988 spei
520 934 663 972 meae.
703 913 818 970 Olla
843 925 928 969 est
952 928 1063 966 vas.
1091 912 1180 965 Ait
1205 921 1384 965 autem
1429 909 1691 964 Moabitas
1723 907 1814 978 qui
1847 923 1950 960 nu-

387 1025 481 1081 per
509 1008 650 1063 athei
690 1018 876 1069 erant,
923 1019 1070 1074 spem
1107 1003 1160 1056 in
1201 1017 1324 1056 eum
1354 1007 1668 1068 accepturos
1701 1013 1840 1052 esse.
1881 995 1948 1048 In

391 1100 680 1154 ldumwam
701 1096 978 1152 extendam
1005 1095 1412 1148 calceamentum
1444 1107 1634 1146 meum.
1659 1090 1946 1144 ldumaeam

387 1207 621 1266 quoque.
659 1191 854 1260 inquit,
885 1188 1143 1244 circuibo.
1183 1184 1416 1238 ldumma
1447 1184 1574 1237 item
1601 1181 1775 1235 aliena
1819 1193 1948 1250 gens

387 1291 521 1338 erat.
579 1279 674 1336 His
735 1287 913 1333 autem
969 1277 1127 1330 nobis
1179 1275 1503 1336 declaratur,
1551 1281 1736 1341 gentes
1787 1271 1949 1324 etiam

387 1375 515 1444 eius
535 1373 694 1426 fidem
724 1369 1068 1440 amplexuras
1092 1381 1212 1421 esse
1247 1385 1260 1418 :
1297 1380 1465 1434 quare
1493 1363 1566 1417 ait
1599 1379 1611 1413 :
1655 1362 1786 1416 Mihi
1815 1361 1950 1415 alie--

390 1442 587 1531 uigenti:
613 1459 811 1512 subditi
835 1465 977 1511 sunt.

461 1723 548 1786 Η,
585 1721 672 1774 12.
712 1719 840 1784 Quis
870 1719 1084 1770 deducet
1129 1731 1206 1768 me
1245 1717 1300 1767 in
1341 1717 1603 1768 civitatem
1649 1714 1902 1765 munitam
1927 1713 1952 1765 ?

2053 539 2245 592 σιλείαι
2275 537 2366 590 τοῦ
2415 536 2648 607 Ἰσραὴλ,
2675 533 2874 603 ὁμοίως
2921 531 3160 596 δέξονται
3199 530 3298 600 τὴν
3331 531 3510 602 χάριν.
3544 529 3622 582 Τὸ

2047 629 2124 692 δὲ,
2151 629 2514 696 Κραταίωσις
2547 623 2656 692 τῆς
2679 621 2948 692 κεφαλῆς
2969 639 3108 690 μου,
3138 621 3257 674 ἀντὶ
3287 619 3379 672 τοῦ
3399 661 3414 685 ,
3465 619 3614 690 ἰσχὺς

2049 721 2146 790 τῆς
2191 721 2364 790 ἀρχῆς
2412 733 2534 788 μου·
2577 715 2688 786 Τῆς
2733 717 2842 786 γὰρ
2881 715 3055 785 ἀρχῆς
3099 710 3261 765 αὑτοῦ
3295 705 3362 781 ἧς
3411 705 3618 780 ἦρχεν,

2048 811 2292 863 τουτέστι
2323 807 2416 860 τοῦ
2446 807 2680 880 Ἰσραὴλ,
2712 809 2740 859 6
2780 803 3016 874 Ἐιρραῒμ
3059 798 3126 872 ἦν
3159 803 3192 871 ή
3225 800 3376 870 ἰσχύς
3397 817 3409 829 ·
3437 800 3498 866 ἐξ
3525 801 3620 852 αὐ-

2049 900 2142 954 τοῦ
2168 901 2273 970 γὰρ
2301 895 2367 970 ἦν
2391 901 2424 968 ἡ
2449 897 2690 966 βασιλεία
2717 895 2810 948 τοῦ
2857 893 3087 966 Ἰσραήλ.
3109 893 3286 946 Μωὰϐ
3302 891 3484 960 λέϐης
3509 890 3620 958 τῆς

2050 992 2294 1056 ἐλπίδος
2334 1009 2472 1060 μου.
2507 989 2825 1058 Λέϐηςομὲν
2861 987 2922 1038 τὸ
2971 987 3192 1054 δοχεῖον.
3236 985 3396 1052 Λέγει
3435 985 3512 1046 δὲ,
3545 984 3622 1046 ὡς

2051 1086 2142 1138 καὶ
2171 1085 2220 1136 οἱ
2251 1081 2566 1144 Μωαϐῖται,
2625 1079 2869 1132 τουτέστι
2917 1077 2977 1130 τὸ
3005 1075 3208 1147 πρώην
3261 1076 3421 1130 ἄθεον
3469 1075 3623 1139 ἔθνος

2051 1175 2362 1246 ὑποδέχεται
2383 1173 2480 1244 τὴν
2505 1175 2585 1236 είς
2615 1171 2714 1242 ἐμὲ
2739 1170 2945 1224 ἐλπίδα.
2986 1168 3110 1220 Ἐπί
3135 1167 3249 1236 τὴν
3292 1167 3626 1236 Ἰδοι..ιμαίιιν

2049 1265 2268 1319 ἐκτενῶ
2308 1265 2372 1318 τὸ
2425 1261 2708 1332 ὑπίδημά
2751 1279 2888 1330 μου.
2931 1259 3041 1312 Καὶ
3091 1259 3148 1311 ἐν
3203 1260 3268 1328 τῇ
3314 1257 3618 1327 Ἰδουμαίᾳ,

2053 1359 2248 1429 φησὶν,
2285 1355 2734 1426 ἐμπεριπατήσω.
2781 1351 3052 1422 Ἰδουμαία
3081 1349 3138 1403 δέ
3181 1350 3339 1404 πάλιν
3385 1349 3622 1418 ἀλλοφύ-

2050 1448 2156 1502 λων
2185 1445 2251 1518 ἧν
2284 1447 2451 1510 ἔθνος.
2487 1445 2748 1516 Δηλοῦται
2783 1445 2836 1496 δέ
2876 1444 2962 1496 διὰ
3007 1442 3208 1494 τούτων
3233 1443 3382 1512 ἡμῖν,
3413 1443 3489 1504 ὡς
3522 1441 3622 1513 τὴν

2051 1543 2130 1604 είς
2159 1540 2318 1594 αὑτὸν
2353 1541 2534 1592 πίστιν
2567 1539 2662 1592 καὶ
2691 1537 2760 1590 τὰ
2805 1537 2928 1606 ἔθνη
2967 1535 3374 1606 παραδέξονται·
3405 1535 3484 1588 διό
3517 1551 3620 1604 φη-

2054 1649 2156 1684 σιν·
2201 1631 2362 1700 Ἐμοί
2389 1631 2726 1698 ἀλλόφυλοι
2755 1627 3162 1697 ὑπετάγησαν.

2125 1724 2218 1788 Τίς
2259 1721 2474 1784 ἀπάξει
2501 1737 2576 1790 με
2609 1723 2696 1786 εὶς
2743 1721 2923 1773 πόλιν
2971 1716 3294 1786 περιοχῆα
3355 1715 3620 1778 ’Λκούσας

387 1815 524 1868 Cum
553 1829 648 1883 per
673 1811 932 1882 Spiritum
955 1810 1196 1864 audisset
1221 1808 1474 1877 propheta
1501 1817 1686 1876 gentes
1713 1805 1942 1876 gratiam

2064 1813 2134 1868 Ξιὰ
2165 1813 2256 1866 τοῦ
2291 1814 2606 1883 Πνεῦμα-τος
2643 1815 2671 1864 6
2699 1812 3000 1882 προφήτης,
3045 1810 3119 1871 ὡς
3147 1808 3215 1860 τὰ
3249 1807 3374 1878 ἐθνη
3399 1808 3616 1876 δέχεται

387 1921 509 1962 esse
540 1913 884 1974 accepturas,
918 1902 993 1956 ait
1023 1919 1036 1955 :
1071 1900 1200 1966 Quis
1235 1900 1449 1953 deducet
1483 1915 1560 1952 me
1591 1901 1645 1952 in
1682 1899 1944 1952 civitatem

389 1998 689 2052 munitam?
733 1995 1016 2051 Civitatem
1066 2002 1245 2048 autem
1283 1991 1542 2046 munitam
1577 2001 1730 2044 vocat
1757 1989 1944 2043 Eccle-

387 2091 544 2156 siam,
563 2103 684 2158 quae
708 2086 803 2140 Dei
833 2085 1030 2140 virtute
1055 2082 1458 2138 circumvallata
1483 2091 1586 2136 est.
1621 2079 1742 2134 llaec
1764 2089 1944 2134 autem

387 2183 650 2251 propheta
674 2179 750 2232 ait
773 2178 928 2248 quasi
951 2192 1016 2232 ex
1040 2189 1271 2245 persona
1299 2174 1608 2244 paenitentis
1635 2172 1944 2227 .Iudaeorum

387 2271 592 2340 pOpuli,
625 2279 680 2324 et
709 2267 946 2338 optantis
977 2267 1222 2335 accipere
1247 2265 1405 2319 fidem
1431 2265 1484 2318 in
1510 2264 1808 2322 Christum.
1843 2265 1948 2316 Aut

389 2363 506 2432 quis
539 2361 756 2414 deducet
789 2375 867 2412 me
899 2373 1058 2427 usque
1105 2359 1160 2409 in
1196 2355 1527 2409 Idumaeam?
1554 2353 1798 2408 Declarat
1829 2367 1950 2422 quae

387 2454 470 2509 sit.
497 2453 686 2508 civitas
718 2450 946 2504 munita.
989 2447 1120 2514 Quae
1163 2447 1324 2518 igitur
1367 2453 1484 2512 est,
1521 2445 1624 2498 nisi
1674 2441 1950 2498 Idumam?

389 2543 492 2600 Per
519 2543 806 2598 ldumazam
848 2539 994 2594 enim
1021 2537 1292 2608 significat
1315 2551 1504 2592 omnes
1537 2541 1720 2604 gentes
1745 2549 1866 2603 qua:
1891 2533 1952 2585 ti-

387 2636 508 2690 dem
529 2641 884 2702 acceperunt.
919 2629 1104 2684 Nonne
1137 2639 1216 2694 tu,
1251 2628 1412 2690 Deus,
1441 2627 1529 2696 qui
1559 2625 1794 2692 repulisti
1821 2627 1952 2678 nos?

385 2727 522 2796 Quis
550 2727 710 2790 alius,
743 2725 860 2790 ait,
907 2738 1007 2778 nos
1037 2721 1090 2774 in
1116 2720 1388 2776 civitatem
1421 2718 1686 2772 munitam
1717 2716 1950 2781 duxerit,

389 2819 496 2874 nisi
525 2824 586 2871 tu
621 2817 734 2885 ipse
767 2813 882 2884 qui,
922 2819 1142 2882 propter
1171 2809 1482 2878 iniquitates
1517 2813 1764 2872 nostras,
1789 2821 1890 2860 nos
1921 2821 1952 2858 a

389 2919 482 2965 tua
513 2906 880 2964 familiaritate
909 2901 1190 2972 repulisti?

463 3083 547 3138 15.
589 3081 673 3136 Da
709 3080 856 3135 nobis
904 3074 1164 3131 auxilium
1189 3074 1252 3128 de
1285 3071 1638 3138 tribulatione,
1665 3071 1790 3141 quia
1823 3085 1954 3122 vana

391 3174 536 3228 salus
562 3173 808 3226 hominis.
853 3167 970 3222 Non
999 3183 1094 3238 per
1127 3167 1444 3230 humanam,
1473 3163 1668 3233 inquit,
1706 3161 1830 3216 belli
1861 3175 1952 3216 so-

391 3267 665 3328 cietatem,
695 3263 764 3317 ab
787 3259 1164 3332 ingruentibus
1201 3257 1360 3312 nobis
1389 3253 1790 3312 calamitatibus
1818 3253 1954 3321 eripi

393 3371 712 3428 speramus,
747 3353 842 3410 sed
874 3368 967 3423 per
999 3361 1149 3406 tuum
1183 3351 1358 3406 solum
1392 3349 1677 3403 auxilium.
1716 3345 1787 3400 Et
1822 3361 1956 3398 vana

393 3450 539 3506 satus
557 3449 802 3502 hominis.
821 3446 926 3512 Qui
949 3453 1130 3516 sperat
1155 3445 1210 3498 in
1238 3443 1466 3500 salutem
1499 3439 1738 3496 hominis
1760 3447 1954 3492 vanam

394 3542 498 3597 sibi
527 3555 678 3611 spem
713 3538 988 3608 proponit.
1017 3536 1272 3606 Apertius
1302 3534 1664 3606 Symmachus
1697 3534 1959 3602 interpre-

395 3641 540 3688 tatus
564 3641 670 3696 est,
705 3629 968 3700 adjiciens
999 3628 1320 3698 particulam
1349 3627 1750 3696 conjunctivam
1783 3641 1848 3679 ac
1873 3625 1958 3680 di-

393 3739 524 3782 cens
561 3739 574 3776 :
617 3723 698 3777 Da
737 3723 888 3776 nobis
925 3720 1186 3776 auxilium
1233 3721 1296 3774 de
1349 3719 1706 3774 tribulatione.
1747 3717 1956 3772 Etenim

395 3831 530 3872 uaria
558 3814 702 3868 salus
735 3813 982 3865 hominis.

466 3993 554 4050 14.
593 3991 660 4046 In
687 3991 797 4045 Deo
829 3991 1082 4060 faciemus
1117 3990 1382 4043 virtutem.
1423 3987 1724 4054 Auxiliare,
1759 3985 1953 4056 inquit,

395 4085 464 4141 iis
491 4085 580 4156 qui
616 4098 674 4138 se
704 4083 844 4137 male
871 4081 1090 4136 habent.
1126 4079 1206 4133 Tu
1237 4093 1473 4148 namque
1503 4079 1652 4133 solus
1682 4085 1836 4148 potes
1869 4092 1960 4131 ca-

395 4174 727 4231 lamitatibus
757 4173 1008 4228 liberare.
1045 4169 1335 4225 llominum
1369 4169 1512 4224 enim
1546 4169 1748 4223 auxilia
1775 4176 1826 4224 te
1849 4182 1956 4222 non

397 4277 665 4324 annuente
696 4281 834 4320 vana
866 4273 1011 4318 sunt.
1057 4261 1189 4332 Ejus
1219 4263 1399 4331 itaque
1449 4261 1838 4330 providentiam
1869 4261 1955 4314 iu-

395 4359 732 4422 vocabimus,
763 4365 816 4411 et
839 4357 895 4410 in
919 4356 1040 4425 ejus
1069 4355 1264 4408 virtute
1293 4353 1648 4409 confidemus.
1667 4351 1790 4408 llazc
1811 4353 1956 4408 enim

2047 1904 2143 1975 τὴν
2174 1903 2352 1974 χάριν,
2385 1903 2535 1972 φησί·
2573 1903 2668 1966 Τίς
2699 1917 2776 1970 με
2815 1899 3030 1964 ἀπάξει
3055 1902 3142 1964 εἰς
3172 1901 3352 1952 πόλιν
3381 1897 3494 1966 τῆς
3525 1911 3622 1951 πε-

2039 1997 2288 2067 ριοχῆς;
2329 1996 2490 2049 Πόλιν
2532 1995 2588 2048 δὲ
2629 1993 2884 2066 περιοχῆς
2935 1991 3030 2062 τὴν
3086 1989 3410 2060 Ἐκκλησίαν
3454 1991 3618 2058 φησὶ,

2046 2089 2142 2161 τὴν
2193 2085 2711 2169 περιπεφραγμένην
2741 2087 2806 2156 τῇ
2840 2081 2933 2136 τοῦ
2947 2081 3107 2169 ’Θεοῦ
3154 2083 3397 2151 δυνάμει.
3435 2079 3621 2133 Ταῦτα

2047 2179 2102 2232 δὲ
2132 2181 2160 2232 6
2205 2179 2488 2248 προφήτης
2523 2179 2599 2239 ὡς
2651 2161 2714 2226 ἐπὶ
2761 2158 3049 2243 προσώῖτου
3091 2171 3183 2224 τοῦ
3237 2171 3622 2242 μετανοοῦντος

2049 2267 2178 2320 λαοῦ
2227 2267 2336 2320 τῶν
2378 2265 2638 2318 Ἰουδαίων
2683 2264 2842 2333 φησὶ,
2883 2262 2975 2314 καὶ
3015 2259 3336 2328 ἀγαπῶντος
3367 2259 3622 2324 δέξασθαι

2047 2360 2146 2430 τὴν
2171 2358 2350 2412 πίστιν
2373 2357 2472 2426 τὴν
2499 2359 2577 2418 εἰς
2605 2354 2856 2426 Χριστόν.
2890 2353 3070 2417 Ἢοτίς
3097 2349 3382 2418 ὁδηγήσει
3406 2367 3482 2420 με
3509 2351 3624 2418 ἕως

2051 2449 2161 2516 τῆς
2199 2447 2556 2516 Ἰδουμαίας;
2593 2445 2752 2516 Δηλοῖ
2773 2445 2856 2506 τίς
2891 2445 3034 2495 ἐστιν
3063 2446 3094 2512 ἡ
3125 2442 3276 2506 πόλις
3305 2445 3404 2511 τῆς
3431 2459 3624 2512 περιο-

2052 2540 2174 2610 χῆς.
2229 2539 2324 2602 Τίς
2379 2533 2472 2592 οὖν
2525 2541 2670 2590 ἐστιν
2719 2537 2752 2608 ἢ
2799 2538 2832 2608 ἡ
2893 2535 3195 2605 Ἰδουμαία;
3249 2533 3380 2586 Ἀπὸ
3421 2534 3476 2586 δὲ
3523 2535 3624 2604 τῆς

2063 2631 2360 2702 Ἰδουμαίας
2403 2631 2578 2684 πάντα
2623 2629 2692 2682 τὰ
2739 2627 2864 2698 ἔθνη
2918 2627 3166 2697 σημαίνει
3219 2626 3286 2678 τὰ
3335 2611 3430 2696 τὴν
3461 2627 3624 2694 χάριν

2054 2722 2440 2792 ὑποδεξάμενοι.
2499 2721 2644 2789 Οὐχὶ
2713 2719 2794 2773 σὺ
2849 2723 2880 2772 d
2941 2718 3084 2784 Θεὸς
3146 2720 3178 2772 ό
3227 2717 3624 2784 ἀπωσάμενος

2053 2813 2244 2883 quae;
2273 2813 2366 2877 Τίς
2399 2813 2574 2876 ἄλλος,
2603 2810 2785 2882 φησὶν,
2816 2811 2962 2880 ἡμᾶς
3003 2811 3083 2872 εἰς
3109 2810 3207 2880 τὴν
3239 2809 3390 2862 πόλιν
3425 2808 3624 2876 ἀγάγοι

2053 2906 2150 2977 τῆς
2200 2905 2519 2977 περιοχῆςῆ
2565 2905 2626 2956 σὺ
2678 2903 2859 2970 αὐτὸς,
2893 2905 2922 2956 ὁ
2971 2904 3064 2956 καὶ
3112 2901 3199 2956 διὰ
3246 2901 3344 2966 τὰς
3395 2902 3626 2972 ἀνομίας

2055 2998 2212 3069 ἡμῶν
2240 3001 2336 3068 τῆς
2371 2997 2467 3067 σῆς
2493 2995 2812 3058 οἱκειώσεως
2839 2994 3116 3058 ἐκϐαλών;

2126 3089 2233 3156 Δὸς
2273 3089 2414 3158 ἡμῖν
2451 3087 2740 3156 ,ϐοήθειαν
2793 3087 2860 3140 ἐκ
2918 3087 3212 3153 θλίψεων,
3259 3085 3355 3138 καὶ
3401 3087 3626 3155 ματαιά

2055 3181 2314 3248 σωτηρία
2341 3178 2672 3247 ἀνθρώπου.
2698 3179 2771 3234 Οὐ
2803 3177 2890 3230 διὰ
2913 3177 3274 3248 ἀνθρωπίνης,
3299 3177 3624 3248 φησὶ,’συμ-

2059 3271 2258 3342 μαχίας
2289 3271 2395 3324 τῶν
2443 3269 2880 3340 ἐπελευσομένων
2911 3271 3038 3340 ἡμῖν
3071 3269 3298 3338 θλίψεων
3333 3268 3628 3340 ἐλπίζομεν

2058 3361 2614 3432 ἐλευθερωθήσεσθαι,
2650 3361 2762 3414 ἀλλ’
2801 3361 2832 3430 ἣ
2885 3361 2974 3414 διὰ
3017 3363 3116 3430 τῆς
3155 3360 3253 3430 σῆς
3293 3359 3458 3430 μόνης
3503 3363 3628 3414 ἑπι-

2058 3451 2298 3522 κουρίας.
2333 3449 2442 3504 Kal
2465 3451 2684 3519 ματαία
2713 3449 2976 3517 σωτηρία
3004 3449 3334 3518 ἀνθρώπου.
3371 3451 3486 3515 Πᾶς
3513 3451 3628 3520 γὰρ

2055 3542 2084 3592 6
2109 3541 2340 3604 ἐλπίζων
2373 3541 2464 3592 ἐπὶ
2505 3541 2778 3611 σωτηρίαν
2821 3539 3102 3612 ἀνθρώπου
3155 3543 3234 3605 είς
3263 3543 3496 3612 ματαίαν
3537 3543 3630 3595 ἐλ-

2057 3634 2186 3688 πίδα
2223 3633 2435 3702 ἤλπισε.
2481 3632 2817 3702 Σαφέστερον
2863 3633 2890 3686 6
2933 3632 3228 3703 Σύμμαχος
3273 3635 3624 3705 ἡρμήνευσε,

2059 3723 2308 3796 προσθεὶς
2337 3723 2429 3776 τὸν
2477 3722 2767 3793 σύνδεσμον
2801 3724 2893 3776 καὶ
2935 3723 3122 3776 εἰπών·
3151 3721 3261 3788 Δὸς
3301 3723 3447 3791 ἡμῖν
3473 3724 3622 3790 ,βοή-

2057 3819 2218 3868 θειαν
2245 3815 2314 3868 ἐκ
2361 3815 2652 3882 θλίψεως·
2682 3815 2780 3868 καὶ
2813 3814 2923 3884 τὰρ
2962 3815 3180 3883 ματαία
3220 3817 3480 3884 σωτηρία
3519 3818 3630 3872 ἀν’-ιη

2057 3908 2308 3978 θρώπου.

2157 4002 2257 4056 Ἐν
2293 3999 2374 4066 τῷ
2423 4001 2544 4066 Θεῷ
2593 3999 2922 4070 ποιήσομεν
2969 4000 3240 4070 δύναμιν.
3295 4003 3626 4074 Ἐπάμυνον,

2058 4093 2210 4164 φησὶ,
2253 4093 2609 4165 διακειμένοις
2643 4093 2844 4156 κακῶς.
2879 4095 2969 4147 Σοὶ
3014 4095 3157 4165 μόνῳ
3189 4093 3408 4150 δυνατὸν
3441 4095 3628 4148 διαλῦ-

2059 4200 2146 4236 σαι
2179 4183 2276 4248 τὰς
2307 4187 2609 4256 συμφοράς.
2638 4185 2708 4236 Αἵ
2735 4203 2792 4238 τε
2820 4185 2927 4238 τῶν
2959 4185 3262 4256 ἀνθρώπων
3293 4187 3625 4256 ἐπικουρίαι,

2061 4273 2152 4326 σοῦ
2186 4275 2258 4346 μὴ
2293 4275 2557 4340 νεύοντος,
2592 4275 2834 4346 μάταιαι.
2877 4274 2986 4344 Τὴν
3025 4275 3201 4330 τοίνυν
3233 4277 3394 4330 αὐτος
3433 4279 3629 4332 ἐπικα-

2057 4361 2323 4432 λεσόμεθα
2350 4363 2626 4434 πρόνοιαν,
2659 4361 2756 4416 καὶ
2787 4365 2850 4434 τῇ
2895 4363 3060 4416 αὐτοῦ
3091 4364 3314 4434 δυνάμει
3351 4365 3628 4436 θαρρήσο-

397 4452 510 4506 sola
531 4450 726 4506 sufﬁcit
749 4448 814 4503 ad
841 4446 1027 4518 gravia
1055 4461 1282 4516 qumque
1305 4445 1584 4510 solvenda,
1604 4451 1657 4500 ct
1679 4443 1746 4499 ad
1775 4443 1952 4498 inimi-

2064 4470 2178 4524 μεν.
2206 4453 2350 4524 Αὕτη
2375 4453 2483 4524 γὰρ
2517 4455 2675 4525 ἀρκεῖ
2703 4453 2834 4524 μόνη
2861 4453 3019 4508 λῦσαι
3049 4453 3117 4507 τὰ
3145 4455 3371 4526 χαλεπὰ,
3397 4457 3491 4508 καὶ
3517 4457 3630 4512 τῶν

396 4558 584 4598 eorum
615 4557 717 4596 nos
745 4539 1183 4610 impugnantium
1212 4537 1504 4606 potentiam
1525 4537 1957 4607 opprimendam.

397 4633 598 4688 Mutuis
632 4648 728 4688 ceu
761 4631 988 4686 vocibus
1018 4631 1420 4702 colloquuntur,
1476 4630 1772 4699 dicuntque
1810 4643 1868 4683 se
1905 4628 1961 4682 in

395 4724 516 4780 solo
545 4721 655 4776 Deo
677 4737 826 4790 spem
865 4721 1188 4790 reposuisse.
1221 4719 1584 4786 Quamobrem
1613 4719 1688 4774 ait
1717 4731 1732 4770 :
1767 4718 1904 4772 Cum
1929 4733 1960 4772 a

397 4816 516 4870 solo
531 4813 641 4869 Deo
665 4815 773 4868 vim
793 4813 1032 4868 futuram
1055 4813 1211 4869 nobis
1235 4814 1656 4884 speraverimus,
1679 4820 1809 4866 tunc
1827 4811 1960 4865 nihil

397 4923 518 4962 esse
549 4906 798 4961 inimicos
823 4913 1040 4962 nostros
1073 4907 1422 4977 reperiemus.

471 4997 524 5052 1.
564 4995 630 5049 In
660 4996 816 5065 ﬁnem
851 4999 906 5050 in
933 4997 1137 5066 hymnis
1167 4995 1358 5050 David.
1392 4993 1628 5050 PSALM
1641 4991 1729 5050 US
1768 4993 1887 5048 LX.

977 5087 1374 5156 Argumentum.

397 5175 614 5236 Gratias
657 5176 768 5234 Deo
783 5177 957 5257 refert
980 5193 1103 5233 cum
1129 5191 1228 5246 pro
1263 5177 1464 5245 seipse,
1495 5183 1608 5230 tum
1639 5189 1736 5246 pro
1761 5175 1959 5246 populo

465 5269 697 5326 salutem
728 5285 823 5340 per
855 5269 1086 5340 gratiam
1116 5271 1326 5338 adepto.
1360 5267 1650 5324 Pollicetur
1681 5279 1863 5322 autem
1901 5283 1961 5323 se

467 5379 592 5420 cum
629 5363 684 5418 in
723 5361 941 5419 aeternis
975 5361 1183 5430 degerit
1215 5359 1589 5416 mansionibus
1627 5360 1961 5416 incessanter

467 5455 655 5508 laudes
688 5455 1038 5508 emissurum.

467 5542 526 5609 Ξ,
558 5543 610 5598 5.
649 5541 884 5602 Exaudi,
921 5541 1056 5594 Beas
1081 5581 1096 5606 ,
1124 5541 1536 5608 deprecationem
1576 5558 1764 5594 meam.
1805 5541 1958 5606 Quo-

400 5633 546 5688 niam
594 5633 886 5703 potentiam
937 5648 1002 5687 ac
1049 5633 1386 5702 tyrannidem
1433 5635 1736 5688 daemonum
1785 5633 1961 5702 respi-

401 5725 574 5792 ciens,
593 5723 876 5818 enxietate
907 5723 1096 5794 plenus
1127 5741 1282 5792 sum;
1331 5725 1451 5782 ideo
1484 5727 1742 5792 obsecro,
1791 5735 1850 5782 ut
1891 5725 1960 5780 ad

2063 4545 2436 4617 πολεμούντων
2477 4547 2608 4618 ἡμῖν
2643 4545 2943 4600 καταλῦσαι
2973 4545 3070 4618 τὴν
3114 4545 3450 4602 δυναστείαν.
3503 4547 3628 4600 Ἀλ-

2059 4635 2238 4704 λήλοις
2269 4635 2457 4706 ὥσπερ
2490 4635 2849 4704 ἐπιφωνοῦσιν
2883 4635 2970 4687 ἐπὶ
2999 4635 3076 4706 τῷ
3107 4633 3226 4704 θεῷ
3267 4635 3413 4705 μόνῳ
3441 4635 3628 4690 λοιπὸν

2059 4727 2156 4788 τὰς
2189 4725 2407 4788 ἐλπίδας
2449 4725 2592 4795 ἔχειν
2631 4729 2730 4796 τῆς
2771 4725 3061 4796 σωτηρίας.
3107 4725 3198 4776 Διό
3242 4741 3423 4794 φησιν·
3457 4727 3590 4782 Ὅτα
3617 4746 3629 4768 ι

2059 4817 2152 4868 ἐπὶ
2181 4816 2259 4886 τῷ
2287 4815 2406 4886 Θεῷ
2441 4816 2804 4886 δυναμοῦσθαι
2833 4817 3160 4887 ἐλπίσωμεν,
3191 4817 3310 4869 τότε
3347 4817 3440 4870 καὶ
3475 4817 3628 4875 οὐδὲν

2058 4907 2214 4970 ὄντας
2241 4909 2366 4970 τοὺς
2390 4907 2614 4979 ἐχθροὺς
2647 4909 2680 4978 ἡ
2689 4907 2803 4978 μῶν
2835 4909 3154 4979 εὑρήσομεν.

2095 5003 2199 5067 Είς
2219 5000 2284 5054 τὸ
2315 5001 2486 5066 τέλος
2517 5001 2586 5054 ἐν
2615 5001 2826 5070 ὕμνοις
2847 4999 2927 5065 τῷ
2954 5000 3152 5055 Δαυΐδ.
3185 5003 3492 5056 ΨΑΛΜΟΣ
3513 5001 3593 5056 Ξ’.

2662 5093 2982 5159 Ὑπόθεσις.

2059 5183 2414 5254 Εὑχαριστίαν
2447 5183 2703 5254 ἀναφέρει
2743 5182 2860 5253 Θεῷ
2901 5182 3040 5254 ὑπέρ
3071 5199 3132 5235 τε
3163 5181 3354 5236 ἐαυτοῦ
3397 5183 3492 5236 καὶ
3527 5181 3620 5236 τοῦ

2131 5275 2389 5338 σωθέντος
2415 5275 2502 5346 διὰ
2533 5275 2630 5344 τῆς
2662 5275 2893 5339 πίστεως
2927 5275 3075 5329 λαοῦ.
3115 5274 3466 5343 Ἐπαγγέλλεο
3489 5271 3535 5328 ei
3563 5291 3622 5327 τε

2127 5367 2220 5418 καὶ
2251 5367 2307 5419 ἐν
2334 5369 2451 5428 ταῖς
2481 5366 2716 5429 αἰωνίοις
2754 5367 2987 5435 γεγονὼς
3023 5369 3208 5438 μοναῖς
3235 5367 3621 5440 ἀκαταλήκξηως

2128 5455 2468 5527 ἀναπέμπειν
2496 5455 2592 5528 τὴν
2615 5456 2834 5511 αῐνεσιν.

2131 5546 2532 5611 Είσάκουσον,
2574 5551 2606 5601 ὁ
2635 5547 2798 5614 Θεὸς,
2832 5547 2940 5618 τῆς
2967 5547 3231 5618 δεήσεώς
3251 5564 3389 5616 μου.
3409 5545 3622 5616 Ἐπειδὴ

2059 5639 2136 5699 εἰς
2184 5638 2282 5708 τὴν
2323 5637 2770 5692 καταδυναστείαν
2814 5640 2907 5693 καὶ
2939 5641 3017 5702 εἰς
3059 5640 3154 5710 τὴν
3183 5637 3474 5709 τυραννίδα
3516 5638 3624 5692 τῶν

2059 5728 2325 5798 δαιμόνων
2351 5729 2588 5801 ἀφορῶν,
2611 5730 2836 5802 ἀκηδίας
2863 5730 3246 5802 πεπλήρωμαι·
3263 5729 3449 5783 τούτου
3467 5711 3624 5799 χάριν
