3872 6216
266 344 380 405 275

1397 347 1760 404 EXPOSITIO
1794 348 1861 402 IN
1905 348 2238 405 PSALMUM
2284 350 2417 406 LXI.

3426 358 3530 414 274

217 505 234 518 .
271 462 528 528 ἱκετεύω,
559 464 709 528 ὅπως
751 462 1032 533 ἐπιφανεὶς
1061 460 1158 532 τῆς
1190 459 1299 514 τῶν
1341 461 1676 532 βιαζομένων
1716 462 1856 533 ἡμᾶς

1971 471 2214 518 nostrum
2259 477 2608 534 conspectum
2643 467 2864 523 veniens
2893 469 3092 539 eripias
3129 483 3228 526 nos
3266 470 3334 527 de
3365 486 3532 528 manu

267 555 424 628 ἐξέλῃ
473 557 676 629 χειρός.
712 557 788 609 Τὸ
817 557 895 620 δὲ,
938 554 1070 610 Ἀπὸ
1102 553 1219 608 τῶν
1256 553 1529 621 περάτων
1571 552 1680 622 τῆς
1723 553 1857 623 τῆς,

272 648 530 720 σημαίνει
555 649 696 713 ὑπὲρ
731 649 910 721 πάσης
935 647 1095 701 αὑτὸν
1126 647 1225 716 τῆς
1253 644 1578 715 οἰκουμένης
1604 644 1861 716 ποιούμε..

269 757 362 792 νον
393 740 494 804 τὰς
521 740 695 804 λιτάς.
727 740 861 794 Ἀπὸ
886 738 1006 793 τῶν
1035 737 1304 806 περάτων
1335 735 1443 804 τῆς
1470 734 1582 805 γῆς
1611 735 1760 806 πρὸς
1786 736 1860 790 σὲ

267 833 585 902 ἐκέκραξα.
623 833 841 904 Ἐπειδὴ
871 833 980 904 γὰρ
1013 833 1226 896 πολλοῖς
1253 832 1511 902 σταθμοῖς
1539 831 1573 902 ἡ
1605 828 1860 884 Βαϐυλὼν

269 925 374 995 τῆς
408 924 775 996 Παλαιστίνης
799 924 1098 994 ἀφέστηκε,
1126 923 1226 985 τὰς
1263 921 1520 992 ἐσχατιὰς
1547 919 1861 991 ὑπελάμϐα-

269 1035 360 1071 νον
405 1018 506 1089 τῆς
555 1016 880 1087 οἰκουμένης
936 1017 1106 1068 οἰκεῖν
1155 1015 1206 1067 οἱ
1253 1012 1856 1085 ἐξανδραποδισθέντες,

268 1109 537 1178 κάκείνην
591 1107 916 1178 τεταγμένοι
967 1106 1067 1178 τὴν
1115 1105 1220 1175 γῆν
1271 1107 1460 1160 οἰκεῖν.
1519 1105 1622 1158 Ἐν
1673 1103 1858 1173 πέτρᾳ

265 1201 526 1270 ὕψωσάς
567 1217 663 1270 με.
711 1200 989 1253 Δείκνυσιν
1041 1199 1244 1262 εὐθέως
1278 1197 1669 1261 εἰσακουσθεὶς,
1720 1197 1860 1250 κατὰ

265 1294 350 1346 τό·
389 1295 521 1347 Ἔτι
551 1291 668 1346 σοῦ
709 1291 1081 1354 λαλοῦντος,
1111 1287 1244 1358 ἐρῶ·
1287 1288 1431 1343 Ἰδοὺ
1461 1288 1715 1357 πάρειμι.
1753 1288 1858 1341 Σα-

267 1385 386 1454 φῶς
422 1402 486 1438 τε
514 1383 775 1454 κηρύττει
817 1381 906 1436 διὰ
931 1382 1135 1452 τίνοςή
1167 1381 1428 1452 σωτηρία*
1467 1380 1714 1450 ὑψῶσθαι
1749 1382 1858 1451 γάρ

266 1493 436 1548 φησιν
468 1478 527 1529 ὲν
575 1476 773 1547 πέτρᾳ.
816 1475 1111 1546 Κρείττους
1158 1473 1268 1544 γὰρ
1312 1474 1408 1527 καὶ⁹
1451 1473 1706 1545 ἀνωτέρω
1749 1473 1858 1526 τῶν

265 1567 686 1641 ἐπηρεαζόντων
723 1567 993 1638 δαιμόνων
1038 1567 1349 1638 ,γεγόναμεν
1385 1565 1476 1622 διὰ
1502 1564 1762 1637 Χριστοῦ,
1801 1564 1859 1627 ὃς

264 1659 446 1730 πέτρα
474 1658 627 1730 παρὰ
645 1658 726 1730 τῷ
757 1659 1010 1730 μακαρίῳ
1033 1658 1229 1730 Παύλῳ
1261 1658 1700 1728 κατωνόμασται.

347 1747 687 1818 Ὠδήγησάς
729 1766 825 1818 με,
857 1747 946 1802 ὅτι
971 1747 1262 1818 ἐγενήθης
1286 1746 1464 1812 ἐλπίς
1482 1764 1622 1816 μου.
1653 1746 1717 1799 Εἰ
1748 1745 1855 1816 γὰρ

266 1841 431 1906 αὐτός
461 1815 612 1895 ἐστιν
643 1844 676 1913 ἡ
705 1815 842 1906 ὁδὸς,
875 1841 970 1895 καὶ
1002 1815 1165 1904 αὐτός
1212 1815 1357 1893 ἐστιν
1401 1841 1436 1909 ἡ
1471 1838 1637 1910 θύρα,
1668 1815 1848 1908 δῆλον,
1883 1815 1928 1871 Β

265 1933 350 1985 ὅτι
375 1933 477 2004 τὴν
508 1931 721 2003 ἀγαθὴν
747 1933 894 2003 ἡμᾶς
923 1931 1160 2002 βαδίζειν
1187 1931 1388 1998 διδάξει
1418 1932 1625 2002 τρίϐον,
1655 1933 1734 1995 εἰς
1765 1930 1853 1984 αὐ-

264 2025 358 2078 τὸν
407 2023 652 2087 ἐλπίζειν
696 2023 1146 2095 παρασκευάσας.
1192 2024 1425 2093 Πύργος
1470 2023 1685 2092 ἰσχύος
1734 2021 1852 2076 ἀπὸ

265 2116 600 2186 προσώπου
632 2116 870 2186 ἐχθροῦ.
908 2116 1135 2186 Ὅμοιον
1167 2116 1241 2178 ὡς
1267 2117 1315 2168 εί
1343 2115 1512 2183 λέγοιο
1543 2116 1732 2185 Τεῖχος
1759 2115 1855 2167 καὶ

266 2208 540 2278 ἀσφάλεια
571 2208 800 2277 γέγονας
824 2208 904 2271 εἰς
929 2207 991 2260 τὸ
1020 2207 1182 2278 μηδὲν
1213 2207 1403 2261 παθεῖν
1443 2206 1854 2278 ἐπηρεαζόντων

265 2303 377 2354 τῶν
405 2301 502 2373 ὲχθ
511 2301 639 2374 ρῶν.

337 2391 700 2460 Παροικήονω
725 2392 795 2445 ἐν
823 2389 904 2455 τῷ
925 2389 1273 2458 σκηνώματι
1299 2404 1416 2440 σου
1445 2389 1532 2451 εἰς
1557 2385 1698 2452 τοὺς
1723 2385 1856 2439 alt?)—

266 2499 398 2550 νας.
447 2484 566 2552 Ἀφ’
599 2477 674 2537 ὧν
725 2483 826 2554 ἤδη
875 2483 1094 2554 εἴληφεν
1139 2480 1390 2550 ἀγαθῶν,
1435 2482 1530 2534 καὶ¹
1577 2480 1702 2549 περὶ
1749 2477 1855 2531 τῶν

268 2574 575 2647 μελλόντων
608 2575 835 2638 ἐλπίζει·
865 2577 948 2628 ὅτι
979 2575 1064 2645 δὴ,
1097 2575 1176 2638 εἰς
1208 2573 1304 2636 τὰς
1329 2572 1440 2625 ἄνω
1468 2572 1671 2641 σκηνὰς
1700 2587 1856 2639 γεγο-

264 2664 396 2731 νὼς,
423 2667 530 2720 ὑπὸ
561 2667 660 2737 τὴν
690 2667 853 2720 αὑτοῦ
883 2667 1174 2730 διαπαντὸς
1225 2660 1518 2736 γενήσεται
1551 2665 1781 2734 σκέπην.

341 2758 616 2825 Ἕδωκας
641 2759 1049 2828 κληρονομίαν
1070 2757 1194 2824 τοῖς
1221 2756 1612 2826 φοϐουμένοις
1637 2756 1703 2809 τὸ
1728 2755 1858 2808 ὅνο-

262 2849 351 2921 μά
395 2865 535 2906 σου.
581 2851 692 2902 Καὶ
740 2849 821 2914 τίς
871 2853 906 2920 ἡ
942 2849 1341 2920 κληρονομίαῆ
1387 2850 1422 2919 ἡ
1477 2847 1721 2918 βασιλεία
1749 2846 1856 2899 τῶν

264 2943 549 3016 οὐρανῶν;
599 2943 776 2997 Δεῦτε
817 2942 947 3015 γὰρ,
1003 2944 1192 3013 φησὶν,
1235 2945 1288 2995 οἱ
1331 2941 1723 3011 εὐλογημένοι
1752 2939 1856 2993 τοῦ

263 3039 500 3106 Πατρός
528 3055 678 3107 μου,
710 3035 1209 3103 κληρονομήσατε
1254 3033 1368 3102 τὴν
1410 3033 1859 3103 ἡτοιμασμένην

264 3130 414 3199 ὑμῖν
452 3128 784 3194 βασιλείαν
823 3127 940 3181 ἀπὸ
978 3125 1316 3192 καταϐολῆς
1366 3127 1618 3194 κόσμου,
1664 3125 1758 3178 καὶ
1791 3125 1856 3176 τὰ
1883 3164 1927 3222 C

265 3222 420 3292 ἑξῆς
453 3220 594 3275 ῶστε
625 3219 984 3290 κληρονομεῖν
1015 3219 1115 3288 τὴν
1152 3217 1548 3288 βασιλείαν.τοῦ
1578 3217 1734 3283 Θεοῦ,
1765 3219 1859 3271 καὶ

264 3312 524 3384 λέγεσθαι
557 3314 650 3365 ἐπὶ
680 3312 780 3382 τῆς
807 3311 910 3382 γῆς
942 3309 1320 3382 Χριστιανούς.

353 3405 610 3475 Ἡμέρας
635 3405 728 3473 ἐφ’
755 3403 980 3473 ἡμέρας
1005 3401 1111 3455 τοῦ
1135 3401 1442 3468 ,ϐασιλέως
1470 3399 1854 3470 προσθήσεις.

268 3494 542 3566 Σημαίνει
574 3496 602 3546 ὁ
633 3495 809 3562 λόγος,
853 3493 928 3556 ὼς
959 3493 1051 3547 καὶ
1079 3492 1238 3545 τοῦτο
1287 3493 1450 3563 μέρος
1477 3493 1580 3562 τῆς
1604 3492 1860 3564 κληρονο-

273 3586 406 3657 μίας
433 3588 602 3651 ὲστὶν,
636 3589 668 3655 ἡ
697 3583 810 3655 ζωὴ
843 3586 878 3654 ὴ
905 3581 1140 3647 αἰώνιος.
1172 3582 1343 3636 Τοῦτο
1367 3584 1473 3654 γάρ
1503 3585 1617 3636 ἐστι
1645 3582 1704 3636 τὸ
1727 3582 1861 3653 ἡμέ-

275 3697 373 3751 ρας
420 3679 643 3750 ἡμερῶν
691 3681 803 3741 τοῖς
849 3677 992 3730 ἔτεσι
1043 3677 1137 3728 τοῦ
1204 3675 1468 3746 βασιλέως
1523 3674 1856 3746 προσθεῖναι.

269 3773 535 3843 Σημαίνει
579 3772 686 3842 γὰρ
736 3771 826 3823 διὰ
881 3770 989 3823 τῶν
1039 3769 1259 3841 ἡμερῶν
1305 3769 1527 3840 χρόνους
1568 3767 1720 3829 τινας
1768 3766 1861 3818 καὶ

274 3865 499 3929 αἰῶνας.
527 3863 803 3934 Διαμενεῖ
831 3865 919 3929 εὶς
940 3861 1046 3916 τὸν
1069 3860 1253 3914 αἰῶνα
1277 3860 1533 3914 ἐνώπιον
1562 3858 1666 3912 τοῦ
1689 3857 1855 3912 Θεοῦ·

273 3954 449 4020 ἕλεος
503 3954 602 4006 καὶ
648 3951 941 4019 ἀλήθειαν
991 3949 1179 4004 αὐτοῦ
1228 3949 1318 4014 τίς
1367 3947 1713 4016 ἐκζητήσβω
1772 3944 1862 4010 Ἐξ

272 4047 625 4119 ἀναστροφῆς
655 4047 684 4097 ὁ
707 4045 883 4112 λόγος,
913 4045 1000 4096 ἵνα
1084 4041 1340 4105 τοιοῦτος.
1373 4040 1440 4093 Εἴ
1465 4058 1548 4104 τις
1570 4042 1860 4111 ὲκζητήσει

271 4138 334 4190 τὸ
367 4137 516 4201 ἕλεος
568 4136 732 4190 αὐτοῦ
779 4137 874 4190 καὶ
909 4137 1009 4206 τὴν
1053 4135 1312 4205 ἀλήθειαν
1363 4133 1556 4198 αὑτοῦ,
1602 4128 1754 4198 οὗτος
1803 4137 1860 4188 ὲν

268 4235 386 4294 τοῖς
423 4231 798 4300 ἀτελευτήτοις
838 4229 1000 4282 αἱῶσι
1032 4228 1276 4299 διαμένει
1309 4227 1538 4280 ἐνώπιον
1575 4227 1668 4281 τοῦ
1701 4227 1856 4281 Θεοῦ.

345 4322 538 4388 Οὕτως
571 4319 749 4390 ψαλῶ
775 4319 856 4386 τῷ
895 4320 1141 4390 ὀνόματί
1177 4334 1292 4373 σου
1329 4323 1416 4386 εἰς
1447 4319 1588 4385 τοὺς
1617 4318 1856 4386 αἰῶνας.

274 4414 499 4479 Οὕτως,
528 4413 675 4476 πῶς;
721 4414 754 4486 ἢ
791 4413 1070 4483 διαμείνας
1103 4412 1328 4467 ἐνώπιόν
1376 4430 1467 4465 σου
1509 4414 1566 4465 ἐν
1613 4412 1689 4483 τῷ
1738 4413 1861 4484 μέλ-

1960 570 2148 610 eorum
2178 555 2271 625 qui
2298 557 2406 610 vim
2436 557 2593 612 nobis
2630 557 2891 614 inferunt.
2935 560 3068 616 Illud
3099 571 3301 628 autem,
3336 565 3379 618 Α
3405 564 3533 634 ﬁni-

1961 647 2056 701 bus
2106 657 2260 703 terrae
2287 690 2302 716 ,
2345 650 2615 721 signiﬁcat
2642 667 2765 707 eum
2818 668 2916 724 pro
2948 662 3062 710 toto
3101 655 3232 710 orbe
3265 664 3534 711 terrarum

1962 741 2388 811 supplicationes
2415 743 2630 800 oﬂ'erre.
2656 746 2699 800 Α
2718 746 2912 814 ﬁnibus
2941 758 3098 802 teme
3120 749 3188 802 ad
3217 759 3266 804 te
3288 748 3531 805 clamavi.

1961 829 2229 897 Quoniam
2275 832 2599 890 stationibus
2644 837 2832 891 multis
2879 835 3114 908 Babylon
3166 852 3196 892 a
3247 837 3534 893 Palaestina

1961 921 2144 988 distat,
2173 932 2413 977 extrema
2441 925 2589 980 orbis
2619 925 2922 982 inhabitare
2953 943 3012 982 se
3036 929 3319 997 putabant,
3355 929 3449 1000 qui
3478 929 3535 984 in

1961 1012 2326 1081 captivitatem
2365 1014 2580 1070 deducti
2605 1031 2722 1070 eam
2748 1025 2945 1071 terram
2976 1019 3213 1074 incolere
3241 1020 3380 1090 jussi
3419 1019 3537 1076 lue-

1959 1113 2101 1158 rant.
2133 1103 2198 1157 In
2223 1117 2375 1174 petra
2397 1107 2650 1161 exaltasti
2681 1124 2780 1162 me.
2813 1107 3058 1163 Declarat
3085 1125 3143 1166 se
3171 1111 3280 1166 cito
3308 1112 3537 1166 exaudi-

1961 1197 2266 1266 tum,juxta
2293 1199 2460 1255 illud:
2487 1199 2672 1253 Adhuc
2702 1210 2748 1254 te
2774 1199 3012 1271 loquente
3040 1203 3251 1257 dicam:
3277 1202 3413 1256 Ecce
3435 1203 3534 1256 ad-

1959 1305 2074 1342 sum
2093 1289 2156 1342 ".
2175 1290 2369 1360 Aperte
2393 1299 2572 1346 autem
2590 1293 2848 1361 praedicat
2865 1307 2961 1363 per
2982 1309 3144 1364 quem
3171 1295 3322 1350 salus
3349 1294 3534 1350 futura

1959 1381 2050 1444 sit,
2082 1381 2377 1437 exaltatum
2403 1383 2548 1437 enim
2577 1398 2635 1437 se
2664 1383 2717 1436 in
2753 1383 2902 1453 petra
2925 1383 3098 1440 fuisse
3123 1385 3220 1439 ait.
3255 1384 3534 1442 Fortiores

1958 1487 2193 1543 namque
2235 1489 2298 1528 ac
2343 1474 2656 1543 superiores
2703 1475 2843 1530 mala
2877 1474 3232 1529 inferentibus
3267 1475 3532 1530 daemoni-

1957 1566 2060 1621 bus
2086 1581 2182 1635 per
2210 1567 2486 1622 Christum
2529 1568 2707 1624 eﬁ‘ecti
2740 1583 2952 1635 sumus,
2984 1569 3076 1638 qui
3111 1583 3142 1622 a
3171 1569 3330 1623 beato
3363 1567 3532 1624 Paulo

1957 1667 2108 1728 petra
2142 1659 2442 1727 appellatus
2465 1668 2568 1714 est.

2030 1751 2083 1804 4.
2110 1749 2386 1804 Deduxisti
2422 1767 2501 1804 me
2527 1752 2649 1821 quia
2682 1751 2855 1819 factus
2887 1768 2940 1804 es
2979 1767 3092 1824 spes
3127 1767 3262 1804 mea.
3305 1749 3362 1804 Si
3389 1749 3534 1805 enim

1957 1843 2072 1912 ipse
2103 1843 2188 1897 via
2218 1851 2337 1906 est,
2367 1853 2420 1896 et
2451 1843 2565 1912 ipse
2601 1850 2756 1912 porta
2777 1883 2789 1906 ,
2823 1843 2999 1911 palam
3043 1852 3125 1898 est
3153 1858 3280 1896 eum
3315 1856 3412 1896 nos
3437 1841 3536 1896 bo-

1956 1950 2080 1989 nam
2108 1935 2358 1990 incedere
2389 1934 2531 1989 viam
2555 1933 2901 1997 edocturum,
2927 1941 3088 2003 atque
3121 1942 3438 1987 curaturum
3475 1943 3536 1986 ut

1957 2031 2009 2082 in
2034 2044 2157 2083 eum
2187 2043 2487 2098 speremus.
2511 2026 2694 2081 Turris
2721 2025 3055 2094 fortitudinis
3078 2041 3110 2077 a
3135 2025 3271 2094 facie
3299 2025 3532 2078 inimici.

1955 2119 2124 2186 Quasi
2152 2121 2393 2175 diceret:
2433 2118 2626 2173 Turris
2664 2119 2800 2172 mihi
2837 2133 2900 2171 ac
2930 2116 3242 2186 praesidium
3278 2114 3430 2170 fuisti
3471 2124 3532 2169 ut

1957 2212 2099 2266 mala
2130 2211 2492 2266 inferentibus
2526 2209 2765 2265 inimicis
2791 2188 2929 2262 nihil
2958 2207 3144 2261 laedar.

2026 2389 2078 2444 5.
2101 2387 2412 2444 Inhabitabo
2433 2391 2487 2442 in
2506 2388 2842 2442 tabernaculo
2858 2396 2945 2440 tuo
2968 2388 3021 2439 in
3038 2383 3251 2438 scecul-a.
3272 2381 3376 2436 Per
3391 2382 3532 2437 bona

1956 2497 2078 2552 quae
2105 2482 2220 2552 jam
2251 2491 2567 2552 acceperat,
2600 2481 2804 2534 factum
2854 2487 2913 2532 ut
2945 2478 3010 2532 de
3065 2475 3266 2530 futuris
3307 2483 3483 2544 speret
3515 2493 3529 2526 :

1958 2576 2086 2644 quia
2113 2576 2166 2628 in
2198 2574 2450 2644 supernis
2492 2570 2860 2628 tabernaculis
2890 2568 3250 2633 constitutus,
3282 2567 3384 2622 sub
3412 2565 3534 2637 ejus

1959 2676 2271 2739 legumento
2295 2674 2350 2721 et
2381 2665 2633 2746 praesidio
2661 2678 2874 2733 semper
2907 2661 3082 2730 deget.

2027 2763 2080 2816 6.
2127 2759 2328 2814 Dedisti
2372 2757 2733 2812 [nereditatem
2777 2753 3077 2808 timentibus
3133 2767 3316 2805 nomen
3362 2759 3540 2803 tuum.

1959 2851 2143 2922 Ecqua
2175 2850 2463 2906 haereditas
2490 2850 2579 2903 illa
2614 2849 2717 2903 nisi
2745 2861 2971 2916 regnum
3007 2844 3318 2900 caelorum?
3354 2840 3542 2897 Venite

1959 2944 2123 3008 enim,
2171 2943 2368 3012 inquit,
2416 2941 2674 2995 benedicti
2710 2938 2894 2994 Putris
2925 2939 3045 2998 mei,
3086 2936 3347 3006 possidete
3375 2950 3535 3004 para-

1961 3044 2069 3088 tum
2097 3034 2238 3088 vobis
2267 3049 2483 3104 regnum
2501 3050 2532 3086 a
2551 3033 2919 3086 constitutione
2942 3027 3206 3090 mundi”.
3233 3036 3287 3082 et
3305 3036 3537 3093 caetera;

1961 3127 2034 3180 ita
2062 3138 2121 3180 ut
2150 3141 2379 3196 regnum
2410 3124 2505 3180 Dei
2533 3123 2872 3194 possideant,
2900 3130 2954 3176 et
2982 3119 3278 3175 Christiani
3303 3118 3357 3172 in
3393 3127 3547 3173 terra

1960 3217 2234 3273 dicantur.

2030 3395 2083 3449 7.
2111 3393 2232 3448 Dies
2259 3409 2414 3463 super
2441 3393 2550 3446 dies
2589 3391 2724 3462 regis
2757 3388 2999 3458 adjicies.
3039 3386 3385 3458 Signiﬁcatur
3407 3399 3543 3454 par-7

1961 3496 2068 3541 tem
2097 3485 2428 3541 hzereditatis
2453 3500 2573 3541 esse
2602 3485 2766 3538 vitam
2799 3491 3079 3541 aeternam.
3099 3477 3236 3532 illud
3262 3477 3406 3538 enim
3431 3484 3535 3539 est,

1960 3579 2075 3634 dies
2108 3593 2272 3648 super
2304 3577 2421 3632 dies
2453 3577 2614 3632 annis
2646 3575 2791 3644 regis
2831 3573 3016 3644 adjici.
3065 3570 3350 3643 Signiﬁcat
3389 3569 3537 3624 enim

1960 3688 2056 3742 per
2096 3671 2212 3726 dies
2245 3679 2486 3740 tempora
2520 3669 2770 3739 quredam
2811 3675 2865 3722 et
2898 3665 3117 3721 saecula.
3163 3663 3444 3717 Permanet
3481 3661 3543 3713 in.

1962 3773 2213 3818 teternum
2233 3765 2285 3816 in
2310 3773 2584 3830 conspectu
2609 3760 2730 3824 Dei,
2747 3757 3167 3812 misericordiam
3188 3764 3236 3809 et
3263 3756 3534 3809 veritatem

1960 3853 2071 3922 ejus
2106 3853 2222 3921 quis
2270 3851 2544 3920 requiret?
2588 3848 2925 3918 Prmpostere
2966 3862 3145 3901 sermo
3184 3845 3392 3915 positus
3427 3851 3535 3908 est,

1961 3957 2022 4002 ut
2045 3946 2159 4000 haec
2184 3945 2256 4000 sit
2280 3943 2576 3999 sententia:
2602 3939 2660 3995 Si
2683 3941 2808 4009 quis
2836 3939 3077 4008 requirat
3103 3935 3532 3991 misericordiam

1961 4047 2015 4093 et
2041 4037 2323 4092 veritatem
2363 4037 2506 4105 ejus,
2534 4033 2624 4087 hic
2659 4047 2755 4103 per
2787 4029 3002 4084 inﬁnita
3035 4027 3232 4083 saecula
3265 4034 3448 4080 manet
3481 4026 3549 4079 in.

1962 4143 2253 4204 conspectu
2284 4131 2399 4188 Dei.

2034 4314 2085 4369 8.
2130 4313 2222 4369 Sic
2248 4311 2510 4382 psalmum
2539 4310 2713 4363 dicam
2743 4305 2940 4360 nomini
2971 4313 3060 4356 tuo
3090 4303 3145 4356 in
3179 4299 3391 4356 swcula.
3425 4295 3544 4365 Sic,

1965 4403 2275 4476 quomodo,
2318 4403 2424 4458 nisi
2471 4399 2742 4455 manendo
2787 4397 2840 4450 in
2877 4402 3171 4464 conspectu
3223 4400 3319 4446 tuo
3359 4391 3416 4445 in
3454 4389 3541 4444 fu-

269 4507 419 4560 λοντι
446 4506 603 4560 αἰῶνι
625 4523 639 4571 ;
667 4481 799 4559 Τότε
826 4481 936 4576 γαρ
965 4507 1064 4576 τῆς
1092 4507 1365 4577 μακαρίας
1392 4505 1604 4577 ἐκείνης
1625 4481 1856 4572 στάσεως

1971 4509 2094 4555 turo
2124 4496 2368 4553 saeculo?
2410 4494 2565 4548 Tunc
2605 4493 2750 4548 enim
2799 4489 2956 4544 beata
2998 4486 3089 4540 illa
3132 4483 3415 4539 mansione
3460 4481 3542 4536 di-

269 4599 548 4665 ἀξιωθεὶς,
574 4599 930 4662 ἀδιαλείπτοις
941 4599 1248 4669 ἀναπέμψω
1268 4600 1394 4662 τοὺς
1411 4599 1632 4669 ὕμνους.
1648 4598 1855 4664 Οὕτως,

269 4690 372 4744 καὶ
401 4690 502 4743 οὐκ
533 4689 709 4753 ἄλλως
753 4688 1045 4759 δοξολογῶν
1087 4692 1115 4743 ὁ
1155 4690 1458 4761 ἄνθρωπος,
1491 4691 1552 4744 οὐ
1588 4690 1858 4745 παύσεται

270 4786 354 4848 είς
387 4782 479 4836 τὸν
520 4783 692 4837 αἰῶνα
731 4783 824 4836 τοῦ
873 4783 1163 4836 ἀποδοῦναι
1211 4784 1401 4854 Κυρίῳ
1445 4785 1540 4844 τὰς
1578 4785 1762 4855 εὐχάς.
1796 4787 1857 4840 Οἱ

271 4876 460 4928 πιστοὶ
491 4875 599 4946 γὰρ
643 4876 702 4928 οὐ
745 4875 1007 4928 παύονται
1056 4875 1267 4947 ἡμέραν
1316 4873 1375 4939 ἐξ
1420 4875 1632 4947 ἡμέρας
1676 4879 1857 4931 ὲπιτε-

269 4966 493 5031 λοῦντες
517 4967 584 5022 τὰ
607 4967 726 5021 θεῖα
753 4970 1044 5039 μυστήρια.

346 5058 451 5120 Εἷς
478 5056 762 5123 τὸτέλος.
812 5058 958 5110 ’Υπὸ
993 5057 1098 5110 τοῦ
1158 5057 1428 5128 Ἰδιθοὺμ,
1480 5063 1788 5115 ΨΑΛΜΟΣ

841 5149 917 5215 τῷ
950 5151 1146 5204 Δαυΐδ.
1174 5152 1301 5205 ΞΑἎ

907 5245 919 5261 ’
932 5246 1240 5311 Υπόθεσις.

284 5335 344 5387 Ὀ
388 5332 620 5404 Ἰδιθοὺμ
649 5329 728 5399 εἷς
754 5330 821 5406 ἦν
856 5335 963 5388 τῶν
1005 5335 1349 5407 χοροστατῶν
1391 5336 1499 5389 τῶν
1530 5339 1588 5390 ἐν
1623 5337 1698 5408 τῷ
1731 5338 1862 5409 θείῳ

346 5424 480 5496 ναῷ.
513 5419 680 5491 Οὗτος
707 5429 787 5491 εἰς
819 5429 1094 5500 ἁμαρτίαν
1119 5429 1443 5483 καταπεσὼν
1467 5430 1680 5501 δέχεται
1711 5433 1860 5503 παρὰ

343 5517 442 5569 τοῦ
469 5517 632 5572 Δαυῖδ
646 5520 736 5572 τὸν
758 5519 993 5591 ψαλμὸν,
1016 5522 1316 5594 ἀνάκλησιν
1339 5523 1486 5594 αὐτῷ
1507 5525 1859 5595 παρασκευά-

347 5608 510 5672 ζοντα
538 5611 636 5681 τῆς
659 5612 879 5682 ἀρετῆς.
907 5613 1248 5683 Προφητεύει
1279 5615 1332 5668 δὲ
1357 5617 1410 5668 ὲν
1437 5616 1584 5686 αὐτῷ
1623 5617 1711 5670 καὶ
1761 5617 1856 5686 τὴν

351 5783 398 5814 ’³
435 5783 538 5839 lsa.
571 5800 734 5852 Lvm,
768 5786 820 5840 θ.
897 5789 939 5818 νδ
973 5787 1159 5845 Matth.
1195 5806 1320 5855 xxv,
1353 5791 1438 5844 3i.

1969 4601 2188 4663 gnatus,
2221 4590 2341 4646 sine
2369 4588 2476 4642 ﬁne
2502 4587 2733 4658 hymnos
2773 4582 3039 4638 emittam.
3085 4575 3178 4634 Sic
3203 4586 3257 4632 et
3288 4592 3396 4632 non
3433 4575 3542 4631 alio

1967 4684 2151 4746 modo,
2188 4682 2414 4750 gloriam
2463 4687 2516 4733 et
2555 4677 2742 4731 laudes
2784 4672 3064 4745 proferens
3099 4671 3284 4734 homo,
3328 4684 3437 4724 non
3478 4667 3544 4722 ﬁ-

1967 4793 2090 4831 nem
2120 4775 2282 4830 faciet
2311 4775 2365 4827 in
2400 4771 2656 4826 saeculum
2699 4764 2958 4822 reddendi
2995 4763 3227 4819 Domino
3261 4769 3386 4816 vota
3420 4776 3539 4816 sua.

1965 4870 2180 4925 Fideles
2219 4884 2457 4939 namque
2497 4882 2605 4921 non
2643 4875 2859 4920 cessant
2904 4861 3150 4931 quotidie
3179 4859 3361 4914 divina
3399 4860 3545 4915 cele-

1964 4962 2125 5016 brare
2162 4959 2442 5032 mysteria.
2697 4957 2705 4966 '

1966 5075 2017 5128 1.
2065 5073 2128 5127 1η
2167 5074 2342 5143 ﬁnem.
2387 5072 2463 5125 Ab
2514 5069 2801 5192 [dit/uit?!
2819 5064 3164 5120 PSALMUS
3203 5067 3306 5135 ipsi
3344 5063 3536 5118 David.

2551 5236 2590 5287 Λ
2601 5243 2952 5304 rgumentum.

1963 5331 2196 5388 ldithum
2243 5347 2384 5385 unus
2400 5338 2518 5384 erat
2541 5345 2607 5384 ex
2633 5327 2787 5381 chori
2808 5325 3243 5382 moderatoribus
3271 5325 3323 5378 in
3354 5323 3550 5378 divino.

2041 5424 2266 5494 templo.
2311 5421 2413 5476 ilic
2445 5422 2637 5491 lapsus
2679 5419 2733 5472 in
2774 5426 3055 5488 peccatum
3097 5431 3127 5468 a
3164 5413 3365 5468 Davide
3395 5414 3542 5482 psal-

1945 5514 1954 5519 ’
2040 5535 2189 5573 mum
2238 5517 2456 5586 accipit,
2502 5515 2596 5584 qui
2628 5511 2846 5567 virtutis
2884 5509 2986 5579 ipsi
3024 5506 3540 5578 redintegrationem

2037 5622 2206 5682 paret.
2256 5610 2506 5665 Plu-dicit
2547 5619 2726 5664 autem
2780 5607 2832 5658 in
2876 5620 2939 5658 e0
2980 5602 3405 5672 redemptionem
3449 5615 3546 5670 per
