3872 6216
353 327 460 388 975

1197 334 1252 386 S.
1294 333 1662 390 ATHANASII
1695 336 1842 391 OPP.
1887 336 2066 392 PARS
2107 337 2193 393 ΙΙΙ.
2229 369 2247 378 ο
2273 369 2299 377 -
2337 335 2747 392 EXEGETICA.

3491 331 3605 387 176

429 443 728 498 Salvatoris
759 443 1121 498 oeconomiam
1159 425 1257 497 toti
1288 445 1473 512 generi
1500 445 1741 500 humano
1776 445 1921 500 futu-

2091 445 2177 499 διὰ
2203 447 2302 517 τῆς
2329 444 2423 498 τοῦ
2457 447 2708 516 Σωτῆρος
2725 443 3036 514 οἰκονομίας
3065 443 3228 498 παντὶ
3247 442 3326 514 τῷ
3363 442 3472 498 τῶν
3504 445 3605 498 ἀν-

429 551 544 588 ram
569 575 585 601 ,
620 534 1069 605 eversionemque
1122 536 1488 604 spiritualium
1530 536 1919 602 inimicorum;

426 626 976 696 adhortationemque
1008 627 1217 681 inducit
1261 643 1368 697 qua
1416 643 1449 682 a
1489 636 1712 698 peccato
1741 629 1920 683 homi-

425 732 522 771 nes
547 726 880 782 avertantur,
927 718 1223 788 subjiciens
1257 733 1324 774 ea
1357 735 1479 786 qua:
1521 720 1787 790 judicium
1827 720 1920 775 Dei

419 814 687 861 soectant.

421 822 687 877 speetant.

421 895 476 960 2,
495 895 546 948 5.
578 895 766 949 Nonne
797 896 900 949 Deo
933 896 1170 966 subjecta
1195 900 1294 951 erit
1323 900 1501 952 anima
1533 901 1688 952 mea?
1718 899 1924 955 Etiam—

351 983 396 1037 si
419 1024 434 1043 .
481 983 688 1053 inquit,
732 996 1001 1042 commota
1044 1003 1123 1051 es,
1160 1004 1194 1043 ο
1227 990 1409 1044 anima
1443 1005 1584 1056 mea,
1625 999 1679 1046 et
1714 1007 1744 1046 a
1779 1001 1922 1049 statu

351 1068 566 1124 virtutis
609 1071 778 1140 lapsa,
811 1072 904 1127 sed
937 1075 1164 1131 Domino
1192 1079 1439 1148 subjecta
1473 1089 1612 1136 esto.
1643 1080 1780 1147 Quia
1810 1085 1925 1153 ipse

351 1160 448 1214 tibi
478 1162 930 1230 patrocinabitur,
977 1176 1030 1220 et
1055 1167 1260 1222 salvam
1307 1176 1360 1222 te
1387 1168 1551 1224 faciet
1585 1180 1645 1224 ut
1683 1188 1749 1228 ne
1784 1174 1922 1229 ultra

349 1255 768 1309 commovearis.
813 1254 953 1308 Nam
997 1267 1046 1310 et
1091 1259 1200 1327 ipse
1241 1259 1384 1314 Deus
1428 1278 1591 1317 meus.
1630 1263 1842 1318 Etenim
1871 1276 1924 1322 et

349 1344 465 1414 ipse
506 1347 734 1402 salutem
771 1349 972 1404 tribuet
1020 1352 1068 1405 ei
1092 1353 1183 1420 qui
1233 1369 1261 1406 a
1311 1353 1467 1409 vobis
1509 1355 1674 1410 laesus
1718 1366 1820 1423 est,
1870 1368 1923 1414 et

349 1450 576 1503 prorsus
602 1451 632 1490 a
657 1447 833 1492 vestra
865 1440 1210 1509 improbitate
1244 1443 1514 1500 liberabit.

418 1528 472 1580 4.
516 1527 797 1599 Quousque
828 1532 1034 1586 iri-uitis
1068 1535 1122 1586 in
1149 1535 1452 1591 hominem?
1483 1535 1762 1594 Occlamat
1791 1555 1920 1596 con-

349 1629 431 1674 tra
466 1620 807 1678 adversarias
834 1633 1126 1695 potestates
1155 1643 1168 1678 :
1219 1628 1346 1697 quia
1391 1629 1446 1682 in
1487 1630 1728 1688 hominis
1759 1645 1920 1687 natu-

349 1727 466 1766 ram
493 1714 559 1769 ad
594 1715 799 1769 malum
824 1732 1152 1787 propensam
1175 1721 1412 1787 irruunt,
1437 1739 1560 1793 qua:
1582 1740 1645 1780 ea
1681 1727 1920 1782 naturali

2097 537 2326 608 θρὼπων
2353 538 2498 606 γένει
2521 537 2784 606 ἐσομένην
2808 535 3096 608 λύτρωσιν,
3137 538 3232 589 καὶ
3261 534 3370 588 τῶν
3394 536 3603 606 νοητῶν

2095 627 2300 697 ἐχθρῶν
2322 628 2420 697 τὴν
2446 629 2757 696 ἀνατροπὴν
2780 644 2793 656 ·
2825 627 2919 679 καὶ
2949 626 3266 695 παραίνεσιν
3287 626 3604 696 ἀποτροπὴν

2095 720 2290 782 κακίας
2342 720 2701 790 περιέχουσαν
2743 722 2856 781 τοῖς
2911 717 3217 789 ἀνθρώποις
3256 719 3486 786 εἰσάγει,
3534 718 3603 770 τὰ

2095 812 2222 882 περὶ
2248 810 2348 880 τῆς
2374 811 2604 880 κρίσεως
2644 811 2824 873 αὑτοῖς
2851 811 3235 880 ὑποτιθέμενος
3262 810 3356 863 τοῦ
3379 809 3534 862 Θεοῦ.

2090 904 2236 971 Οὐχὶ
2265 903 2345 968 τῷ
2398 896 2519 967 Θεῷ
2551 902 2993 971 ὑποταγήσεται
3041 904 3079 970 ἡ
3114 902 3282 971 ψυχή
3323 917 3480 971 pou;
3538 903 3602 954 Εἰ

2024 996 2118 1047 καὶ
2145 994 2490 1057 σεσάλευσαι,
2527 995 2680 1064 φησὶ,
2705 988 2750 1047 ὧ
2777 994 2942 1063 ψυχὴ,
2985 994 3080 1046 καὶ
3107 994 3206 1063 τῆς
3242 995 3364 1046 κατ’
3398 993 3600 1064 ἀρετὴν

2023 1086 2285 1150 ὲξέπεσας
2327 1087 2594 1149 στάσεως,
2625 1087 2740 1139 ἀλλ’
2782 1085 3084 1156 ὑποτάγηθι
3134 1083 3212 1154 τῷ
3238 1084 3447 1155 Κυρίῳ.
3477 1085 3600 1139 Ὀτι

2023 1179 2086 1249 δὴ
2109 1179 2268 1242 αὑτός
2309 1197 2401 1232 σου
2428 1180 2523 1232 καὶ
2557 1180 2777 1250 ἀντιλήζ
2791 1197 2929 1241 εται,
2966 1180 3059 1232 καὶ
3089 1177 3251 1230 σώσει
3274 1177 3364 1230 τοῦ
3399 1177 3473 1248 μὴ
3505 1178 3600 1229 ἐπὶ

2025 1270 2206 1323 πλεῖον
2247 1269 2587 1324 σαλεύεσθαι.
2625 1271 2733 1324 Καὶ
2766 1272 2875 1340 γὰρ
2905 1270 3084 1336 αὐτὸς
3129 1270 3273 1336 Θεός
3312 1288 3452 1339 μου.
3489 1269 3604 1322 Καὶ

2024 1358 2130 1430 γὰρ
2170 1360 2332 1423 αὐτὸς
2379 1359 2601 1432 παρέξει
2635 1361 2731 1430 τὴν
2773 1361 3044 1432 σωτηρίαν
3082 1361 3420 1432 ἀδικουμένῳ
3470 1343 3599 1430 παρ’

1950 1462 1959 1478 '
2023 1450 2197 1520 ὑμῶν,
2236 1453 2330 1504 καὶ
2361 1450 2659 1514 ἀπαλλάξει
2685 1452 2902 1514 πάντως
2925 1451 3077 1522 ὑμῶν
3099 1453 3196 1523 τῆς
3231 1452 3551 1522 μοχθηρίας.

2097 1545 2250 1609 Ἕως
2279 1545 2424 1596 πότε
2460 1544 2796 1598 ἐπιτίθεσθε
2828 1543 2919 1596 ἐπ’
2939 1544 3286 1612 ἅνθρωπον;
3310 1543 3429 1596 Τῶν
3459 1545 3602 1596 ἀντι-

2023 1635 2286 1704 κειμένων
2306 1635 2586 1705 δυνάμεων
2615 1634 2856 1705 καταΰοᾷ
2879 1651 2892 1664 ·
2917 1635 2999 1687 ὅτι
3024 1634 3088 1704 δὴ
3108 1633 3394 1703 νενευκυίᾳ
3413 1636 3481 1704 τῇ
3503 1631 3598 1685 τοῦ

2023 1726 2310 1798 ἀνθρώπου
2357 1727 2515 1796 φύσει
2574 1727 2664 1779 ἐπὶ
2719 1725 2789 1778 τὰ
2840 1725 3053 1796 πονηρὰ
3106 1723 3460 1786 ἐπιτίθενται,
3506 1724 3600 1776 καὶ

349 1806 660 1862 inlirmitate
691 1808 885 1868 simills
916 1819 999 1865 est
1027 1812 1218 1880 parieti
1273 1813 1550 1883 inclinato,
1594 1818 1763 1872 ruina:
1795 1834 1921 1887 pro-

2032 1819 2182 1888 ὁμοίᾳ
2209 1835 2324 1880 πως
2353 1816 2486 1889 οὔσῃ
2513 1816 2600 1869 διὰ
2621 1816 2717 1886 τὴν
2745 1816 2978 1886 φυσικὴν
3013 1814 3294 1867 ἀσθένειαν
3323 1814 3600 1866 κλίναντι

347 1898 513 1964 ximo,
537 1907 586 1951 et
618 1897 860 1954 maceria
887 1902 1143 1970 depulsae.

416 2081 472 2136 5.
523 2081 888 2138 Verumtamen
937 2091 1164 2156 pretium
1219 2105 1390 2142 meum
1436 2092 1794 2161 cogitaverunt
1841 2111 1925 2148 re-

346 2173 556 2241 pellere.
585 2173 784 2231 Parum
811 2179 954 2232 enim
980 2179 1156 2234 abfuit
1184 2181 1316 2251 quin
1340 2181 1456 2252 ipsa
1475 2184 1525 2236 vi
1557 2184 1922 2240 ratiocinandi

347 2279 450 2319 nos
497 2268 797 2335 privarim,
841 2281 1098 2342 cogentes
1145 2273 1373 2329 adorare
1414 2275 1558 2345 ligna
1599 2286 1654 2330 et
1691 2278 1918 2347 lapides,

348 2366 409 2411 ut
442 2357 717 2416 diceretur
749 2362 817 2416 de
860 2364 1016 2420 nobis
1050 2383 1064 2418 :
1099 2364 1271 2420 Homo
1310 2383 1430 2420 cum
1473 2369 1530 2421 in
1557 2368 1751 2423 honore
1788 2381 1920 2426 esset

346 2467 448 2504 non
476 2452 825 2507 intellexit“.
875 2454 1237 2510 Cucurrerunt
1265 2458 1320 2511 in
1349 2460 1460 2512 siti.
1493 2457 1670 2528 Hunc,
1703 2461 1917 2531 inquit,

345 2558 566 2598 cursum
599 2559 834 2600 emensa:
881 2557 1007 2602 sunt
1038 2548 1365 2604 adversaria:
1397 2560 1688 2620 potestates
1708 2593 1724 2618 ,
1763 2555 1919 2622 quasi

344 2635 592 2691 sitientes
625 2645 684 2691 ut
709 2653 796 2693 me
823 2641 1100 2708 privarent
1128 2641 1451 2696 honoribus.
1487 2642 1592 2697 Ore
1630 2661 1726 2696 suo
1763 2645 1918 2698 bene-

345 2726 586 2780 dicebant
631 2738 681 2780 et
731 2730 887 2782 corde
933 2746 1029 2783 suo
1073 2731 1474 2785 ntaledicebant.
1513 2730 1629 2787 Hoc
1671 2734 1748 2786 ait
1789 2734 1918 2802 quia

345 2819 523 2874 dulcia
547 2830 600 2874 et
623 2830 774 2890 grata
803 2822 958 2876 nobis
982 2822 1357 2892 subjicientes,
1392 2839 1488 2894 per
1515 2839 1579 2879 ea
1616 2841 1719 2881 nos
1749 2827 1918 2882 male-

345 2911 598 2967 dictionis
632 2913 774 2968 lilios
809 2913 1066 2968 eﬂiciunt.

416 3001 469 3067 ’7,
502 3002 554 3056 8.
613 3001 978 3057 Verumtamen
1011 3003 1120 3058 Deo
1142 3004 1375 3074 subjecta
1408 3015 1540 3073 esto,
1568 3009 1746 3062 anima
1779 3027 1914 3064 mea.

2026 1910 2205 1977 τοίχῳ
2219 1909 2313 1962 καὶ
2338 1908 2726 1960 καταπίπτειν
2743 1907 3051 1976 μέλλοντι,
3072 1905 3169 1958 καὶ
3191 1902 3439 1974 φραγ·μῷ
3461 1904 3602 1958 ἀνα-

2028 1999 2412 2068 τετραμμένῳ.

2095 2091 2269 2159 Πλὴν
2290 2092 2404 2159 τὴν
2427 2092 2604 2161 τιμήν
2613 2109 2732 2162 μου
2754 2090 3195 2145 ἐϐουλεύσαντο
3217 2086 3596 2142 ἀπώσασθαι.

2025 2180 2200 2232 Μόνον
2231 2181 2351 2250 οὑχὶ
2369 2180 2474 2252 γὰρ
2493 2181 2587 2233 καὶ⁸
2620 2180 2784 2233 αὑτοῦ
2802 2179 2894 2232 τοῦ
2931 2178 3150 2247 λογικοῦ
3191 2180 3339 2249 ἡμᾶς
3369 2178 3601 2230 ἀπεστέ-

2027 2289 2216 2342 ρησαν,
2271 2271 2401 2335 ξύλα
2451 2274 2544 2325 καὶ
2589 2271 2768 2335 λίθους
2807 2273 3215 2340 ἀναγκάσαντες
3247 2271 3598 2340 προσκυνεῖν,

2023 2364 2099 2427 ὡς
2119 2366 2212 2416 καὶ
2231 2363 2483 2432 λέγεσθαι
2513 2365 2642 2434 περὶ
2675 2362 2856 2435 ἡμῶν,
2881 2364 2963 2416 ὅτι
3004 2365 3338 2431 Ἀνθρωπος
3368 2363 3438 2415 ἐν
3456 2361 3600 2431 τιμῇ

2020 2456 2106 2507 ὢν
2129 2457 2200 2509 οὐ
2227 2455 2520 2524 συνῆκεν.
2556 2455 2857 2524 Ἔδραμον
2883 2455 2953 2509 ἐν
2973 2454 3154 2523 δίψει.
3187 2453 3408 2519 Τοῦτον,
3440 2455 3599 2522 φησὶ,

2021 2549 2110 2601 τὸν
2138 2549 2334 2620 δρόμον
2360 2549 2578 2620 ἔτρεχον
2608 2550 2664 2602 αἱ
2699 2548 3074 2618 ἀντικείμεναι
3116 2547 3397 2617 δυνάμεις,
3431 2545 3601 2614 διψῶ-

2024 2657 2112 2693 σαι
2137 2639 2236 2692 τοῦ
2266 2641 2641 2712 ἀποστερῆσαί
2679 2658 2744 2711 με
2775 2641 2873 2710 τῆς
2895 2641 3078 2710 τιμῆς.
3105 2639 3189 2704 Τῷ
3215 2641 3467 2708 στόματι
3491 2640 3602 2693 αὐ-

2019 2731 2137 2785 τῶν
2157 2734 2483 2802 ηῠλόγουν,
2506 2733 2606 2786 καὶ
2640 2732 2711 2801 τῇ
2740 2733 2952 2800 καρδίῃ
2989 2731 3189 2786 αὐτῶν
3229 2730 3597 2800 καττιρῶντο.

2020 2823 2190 2879 Τοῦτό
2223 2842 2408 2896 φησιν,
2435 2824 2647 2896 ἐπειδὴ,
2682 2823 2750 2876 τὰ
2781 2824 2911 2894 ἡδέα
2935 2825 3065 2894 ἡμῖν
3087 2823 3503 2886 ὑποϐάλλοντες,
3526 2821 3601 2875 δέ

2019 2918 2198 2972 αὐτῶν
2226 2919 2470 2990 κατάρας
2503 2920 2651 2988 ἡμᾶς
2682 2918 3042 2986 ἀποφαίνουσι
3069 2917 3256 2969 τέκνα.

2087 3009 2262 3077 Πλὴν
2287 3009 2367 3074 τῷ
2405 3007 2528 3073 Θεῷ
2565 3008 2914 3077 ὐποτάγηθι,
2956 3007 2994 3072 ἡ
3020 3004 3190 3074 ψυχή
3237 3022 3378 3074 μου.
3428 3002 3606 3056 Πάλιν

345 3089 584 3146 Rursum
617 3095 856 3149 animam
900 3095 1216 3165 alloquitur,
1258 3099 1325 3152 ad
1353 3099 1746 3168 subjectionem
1787 3116 1914 3171 erga

2032 3104 2083 3172 τῇ
2114 3102 2258 3172 ψυχῇ
2290 3101 2631 3169 διαλέγεται,
2662 3101 2760 3171 τὴν
2786 3099 3062 3168 ὑποταγὴν
3120 3099 3290 3167 αὐτῆς
3323 3097 3421 3167 τὴν
3462 3095 3607 3166 πρὸς

348 3183 515 3240 Deum
569 3187 886 3242 cohortans.
935 3164 1186 3242 Declarat
1230 3201 1412 3244 autem
1453 3164 1915 3262 imagnitudine'm

2032 3164 2110 3246 τδν
2303 3164 2623 3246 ἐπιτείνων.-
2649 3164 3088 3244 Ἐνδείκνυται-δὲ
3116 3189 3178 3242 τὸ
3219 3164 3449 3258 μέγεθος
3486 3164 3604 3240 τῶν

343 3277 729 3343 tentationum,
757 3277 1001 3348 illudque
1031 3278 1276 3348 Apostoli
1306 3280 1441 3334 ait"
1472 3301 1484 3335 :
1511 3279 1777 3346 Quoniam
1815 3299 1920 3337 non

342 3369 478 3420 sinet
516 3383 607 3422 vos
647 3369 844 3422 tentari
888 3385 1045 3437 super
1089 3371 1145 3423 id
1186 3371 1325 3440 quod
1367 3373 1587 3440 potestis
1633 3374 1915 3429 sustinere.

345 3456 414 3512 In
455 3457 565 3512 Deo
597 3458 832 3513 salutare
879 3477 1050 3514 meum
1091 3471 1139 3514 et
1191 3461 1361 3530 gloria
1399 3478 1537 3518 mea.
1581 3462 1637 3517 ln
1670 3479 1736 3519 eo
1766 3479 1916 3534 spem

2020 3283 2362 3354 πειρασμῶν,
2406 3282 2580 3335 καὶτὸ
2605 3281 2699 3334 τοῦ
2745 3281 3066 3334 ’Λποστόλου
3089 3280 3236 3347 λέγει
3258 3297 3270 3310 ·
3330 3281 3449 3331 Ὅτι
3485 3279 3606 3331 οὐκ

2018 3376 2186 3430 ἐάσει
2213 3375 2368 3444 ὑμᾶς
2395 3374 2791 3443 πειρασθῆναι
2811 3373 2962 3441 ὑπὲρ
2990 3373 3020 3425 ὃ
3046 3373 3311 3426 δύνασθε
3341 3374 3603 3439 ὑπενεγ-

2019 3468 2168 3522 κεῖν.
2214 3467 2345 3522 Ἐπὶ
2392 3467 2472 3532 τῷ
2497 3464 2618 3531 Θεῷ
2649 3466 2714 3519 τὸ
2743 3465 3039 3533 σωτήριόν
3078 3483 3198 3532 μου
3241 3465 3339 3516 καὶ
3376 3466 3413 3530 ἡ
3447 3462 3605 3525 δόξα

343 3551 540 3606 salutis
563 3561 618 3607 et
639 3553 822 3623 gloriae
854 3551 1084 3622 positam
1117 3554 1308 3608 habeo.
1341 3554 1398 3608 Id
1425 3563 1508 3608 est
1540 3595 1556 3620 ,
1596 3554 1711 3623 ipse
1740 3571 1826 3609 me
1863 3564 1920 3610 et

2032 3579 2152 3616 aov.
2200 3560 2322 3612 Ἐπὶ
2373 3550 2520 3629 αὑτῷ
2557 3558 2656 3627 τῆς
2691 3557 2966 3628 σωτηρίας
3007 3557 3102 3608 καὶ
3147 3555 3246 3623 τῆς
3302 3551 3459 3623 δόξης
3490 3552 3604 3621 ἔχω

343 3643 587 3710 salvum,
645 3653 700 3699 et
762 3645 1058 3714 gloriosum
1124 3645 1490 3715 victoremque
1545 3660 1735 3700 eorum
1805 3645 1917 3700 eﬁi~

341 3737 468 3792 ciet.

413 3826 814 3901 [Verumtamen
862 3831 966 3885 Deo
1011 3831 1240 3900 subjecta
1278 3842 1410 3896 esto,
1438 3835 1616 3887 anima
1640 3851 1770 3888 mea.
1809 3833 1915 3888 Pa-

340 3935 462 3973 rum
492 3920 647 3974 abest
674 3921 805 3991 quin
837 3937 938 3976 nos
967 3905 1334 3978 ratiocinandi
1357 3939 1458 3978 usu
1485 3925 1768 3994 privarim,
1789 3940 1913 3980 cum

339 4011 719 4067 necessitatem
768 4013 928 4069 nobis
979 4014 1320 4068 induxerunt
1364 4015 1624 4069 adorandi
1669 4015 1816 4086 ligna
1861 4029 1916 4071 et

337 4104 568 4174 lapides,
611 4104 684 4159 ita
715 4113 774 4158 ut
795 4105 862 4160 de
906 4107 1064 4160 nobis
1095 4107 1306 4160 dicatur
1334 4123 1348 4160 :
1388 4105 1558 4159 Homo
1584 4123 1703 4159 cum
1730 4109 1786 4160 in
1819 4107 1915 4178 lte-

339 4212 466 4250 nore
491 4206 624 4250 esset
663 4214 764 4250 non
796 4197 1078 4251 intellexit.
1129 4197 1234 4252 Sed
1271 4199 1346 4252 illi
1377 4197 1620 4266 quidem,
1663 4215 1696 4252 ο
1730 4199 1912 4252 anima

338 4302 494 4355 mea,
529 4289 842 4357 hujusmodi
873 4298 1003 4343 sunt
1032 4307 1045 4341 :
1072 4299 1126 4342 tu
1159 4299 1340 4344 autem
1378 4289 1613 4357 subjecta
1644 4300 1755 4343 esto
1799 4305 1914 4343 ser-

337 4380 497 4432 vituti
523 4380 664 4449 ejus.
692 4379 898 4436 Deinde
925 4380 1089 4434 infert
1116 4397 1128 4433 :
1156 4379 1396 4448 ldipsum
1425 4381 1494 4433 ab
1530 4380 1621 4435 illo
1647 4395 1732 4433 me
1753 4395 1913 4449 spero

2017 3651 2114 3720 τὴν
2136 3649 2347 3702 ἐλπίδα.
2377 3649 2686 3712 Τουτέστιν,
2731 3646 2894 3708 αὑτός
2932 3661 2998 3715 με
3030 3644 3122 3696 καὶ
3163 3642 3458 3714 περισὼσει
3503 3641 3602 3696 καὶ

2018 3741 2258 3805 ἐπίδοξον
2284 3743 2520 3810 ποιήσει,
2555 3738 2781 3808 νικητὴν
2808 3736 3011 3789 τούτων
3035 3735 3428 3805 ἐργασάμενος.

2089 3851 2300 3923 [Πλὴν
2317 3851 2396 3916 τῷ
2423 3849 2544 3915 Θεῷ
2576 3848 2926 3923 ὑποτάγηθι,
2959 3848 2996 3914 ἡ
3032 3847 3201 3916 ψυχή
3219 3865 3358 3914 μου.
3395 3847 3602 3899 Μονον-

2016 3946 2137 4015 ουχὶ⁴
2190 3943 2300 4014 γὰρ
2329 3944 2422 3996 καὶ⁸
2452 3941 2618 3994 αὑτοῦ
2648 3940 2740 3993 τοῦ
2769 3938 2987 4008 λογικοῦ
3018 3941 3162 4010 ἡμᾶς
3193 3939 3597 4009 ἀπεστέρησαν,

2017 4037 2151 4104 ξύλα
2180 4036 2274 4089 καὶ
2304 4034 2484 4097 λίθους
2538 4031 2948 4100 ἀναγκάσαντες
2976 4032 3303 4100 προσκυνεῖν
3328 4069 3342 4092 ,
3390 4029 3466 4090 ὡς
3503 4028 3604 4080 καὶ

2015 4129 2268 4198 λέγεσθαι
2317 4127 2445 4196 περὶ
2503 4124 2692 4195 ἡμῶν·
2726 4125 3060 4190 Ἀνθρωπος
3089 4121 3160 4173 ὲν
3207 4119 3347 4188 τιμῇ
3396 4118 3481 4171 ὢν
3516 4121 3602 4193 ,οὺ

2015 4223 2311 4291 συν-ἧκεν.
2355 4220 2490 4272 Ἀλλ’
2515 4219 2712 4270 ἐκεῖνοι
2743 4217 2860 4286 μὲν,
2893 4209 2936 4266 ὦ
2958 4214 3124 4284 ψυχὴ,
3153 4212 3412 4265 τοιοῦτοιο
3451 4213 3514 4264 σὺ
3541 4212 3604 4263 δὲ

2015 4314 2344 4380 ὑποτάγηθι
2398 4313 2497 4381 τῆς
2554 4309 2797 4370 δουλείας
2853 4307 3038 4359 αὑτοῦ.
3098 4301 3230 4358 Εἶτα
3262 4304 3477 4373 ἐπάγει,
3514 4305 3596 4356 ὅτι

2014 4408 2155 4468 Atiae
2185 4407 2344 4459 τοῦτο
2377 4405 2506 4473 παρ’
2539 4401 2702 4458 αὑτοῦ
2727 4397 2954 4464 ἐλπίζω,
2999 4399 3057 4451 τὸ
3091 4397 3594 4468 σωτηρίαςτυχεῐν.

337 4479 712 4539 accepturum,
745 4469 997 4525 videlicet
1031 4470 1260 4524 salutem
1293 4485 1378 4525 me
1408 4471 1578 4540 ipsius
1608 4470 1913 4539 patrocinio

2032 4499 2570 4567 Ξιντιλαμϐανομένου,
2596 4495 2705 4547 καὶ-
2721 4494 2792 4564 μὴ
2816 4491 3220 4563 συγχωροῦντος
3251 4489 3605 4560 μετανάστην

336 4571 802 4630 consecuturum;
858 4579 1038 4633 neque
1075 4564 1222 4618 enim
1257 4564 1400 4619 sinet
1449 4579 1534 4618 me
1579 4564 1911 4620 desertorem

336 4669 401 4709 ac
429 4654 768 4725 transfugam
795 4655 862 4709 ab
888 4655 1008 4724 ipso
1031 4670 1180 4722 esse,
1213 4656 1330 4709 sive
1355 4657 1408 4708 in
1440 4655 1586 4710 aliud
1611 4656 1913 4710 dominium

337 4746 650 4802 transferri.
675 4747 803 4802 Inde
830 4748 1032 4818 quippe
1067 4748 1297 4803 salutem
1332 4757 1590 4816 exspecto
1617 4749 1914 4802 auxilium-

337 4855 444 4908 que
480 4839 673 4907 ipsius,
705 4844 835 4910 quia
862 4841 918 4895 iu
947 4856 1012 4895 eo
1046 4855 1195 4910 spem
1232 4841 1450 4908 reposui
1487 4839 1714 4909 meam.]

410 4929 465 4983 9.
508 4925 726 4996 Sperate
774 4931 831 4981 in
879 4945 938 4982 eo
983 4931 1151 4982 omnis
1203 4930 1535 4999 congregatio
1579 4929 1912 4998 populorum.

338 5017 637 5087 Postquam
666 5018 720 5071 in
754 5019 874 5087 ipso
914 5020 1094 5086 primo
1126 5037 1350 5074 cursum
1393 5030 1678 5089 paraverat
1707 5021 1772 5074 ad
1797 5037 1916 5090 pm-

338 5109 646 5176 nitentiam,
683 5111 748 5164 ad
781 5109 1013 5179 idipsum
1050 5111 1189 5166 alios
1228 5112 1572 5177 cohortatur,
1605 5121 1768 5180 atque
1806 5127 1917 5166 una

337 5201 654 5271 prophetico
695 5217 790 5256 ore
837 5204 1080 5255 omnium
1128 5203 1368 5270 gentium
1404 5204 1746 5258 vocationem
1786 5220 1918 5273 prte-

335 5297 570 5353 nuntiat.
623 5297 896 5367 E/fundite
929 5314 1108 5350 coram
1142 5298 1236 5351 illo
1271 5300 1434 5352 corda
1467 5311 1656 5354 vestra.
1683 5299 1916 5355 Perinde

333 5397 414 5442 est
445 5405 510 5443 ac
537 5390 580 5445 si
605 5390 807 5444 diceret
834 5409 846 5444 :
881 5389 958 5442 Ne
982 5389 1221 5443 accedite
1249 5390 1316 5442 ad
1344 5405 1468 5444 eum
1491 5391 1655 5444 corde
1684 5391 1909 5460 duplici.

337 5476 441 5532 Sed
492 5488 548 5533 ut
594 5481 856 5550 scriptum
902 5479 1045 5532 est”
1093 5497 1104 5530 :
1154 5476 1354 5548 Diliges
1405 5477 1692 5530 Dominum
1741 5477 1910 5530 Deum

333 5579 485 5626 Ilum
517 5586 582 5622 ea:
608 5580 717 5624 toto
745 5571 898 5624 corde
931 5580 1020 5622 tuo
1049 5579 1096 5622 et
1121 5584 1186 5622 ea:
1214 5578 1323 5622 tota
1351 5577 1520 5622 mente
1551 5579 1662 5622 tua.

400 5775 448 5808 "
475 5771 621 5831 Psal.
656 5791 845 5843 xum,
878 5776 964 5832 2|.

2013 4587 2266 4657 γενέσθαι
2299 4588 2392 4639 καὶ
2416 4585 2630 4654 φυγάδα
2659 4585 2752 4636 ἀπ’
2781 4583 2966 4645 αὑτοῦ,
2991 4583 3107 4652 ἤτοι
3141 4579 3456 4632 δεσποτείαν
3481 4578 3604 4630 ἐτέυ

2017 4699 2114 4752 ραν
2146 4679 2498 4745 ἀλλάξασθαι.
2542 4677 2780 4730 Ἐκεῖθεν
2806 4677 2913 4747 γὰρ
2962 4673 3242 4746 προσδοκῶ
3280 4674 3373 4725 καὶ
3427 4671 3596 4736 σώζε-

2017 4773 2160 4838 σθαι,
2197 4771 2291 4824 καὶ
2324 4771 2383 4822 τὸ
2415 4768 2746 4840 βοηθεῖσθαι,
2784 4770 2846 4820 ἐκ
2872 4767 2969 4820 τοῦ
2993 4767 3078 4818 ἐπ’
3106 4765 3266 4818 αὑτὸν
3290 4759 3594 4831 ἐλπίζειν.]

2097 4932 2420 4986 Ἐλετίσατε
2447 4929 2540 4981 ἐπ’
2574 4927 2762 4982 αὐτὸν
2781 4967 2796 4989 ,
2841 4925 3009 4979 πᾶσα
3053 4919 3374 4990 συναγωγὴ
3403 4917 3589 4973 λαῶν.

2028 5023 2116 5074 Ἐν
2151 5021 2299 5090 αὑτῷ
2332 5017 2533 5090 πρώτῳ
2563 5015 2988 5088 παρασκευάσας
3043 5014 3134 5065 τὸν
3177 5013 3278 5073 εἰς·
3305 5006 3594 5080 μετάνοιαν

2013 5113 2231 5183 δρόμον,
2259 5111 2353 5164 καὶ
2379 5112 2506 5174 τοὺς
2529 5110 2719 5172 ἄλλους
2748 5112 2826 5171 εἰς
2853 5108 3009 5160 τοῦτο
3033 5103 3358 5176 παρακαλεῖ,
3396 5103 3514 5172 ἅμα
3539 5103 3595 5154 δὲ

2017 5207 2107 5258 καὶ
2143 5203 2623 5274 προφητικώτερον
2658 5201 2756 5272 τὴν
2785 5200 2890 5254 τῶν
2910 5199 3080 5252 ἐθνῶν
3108 5198 3323 5250 πάντων
3359 5212 3595 5265 προανα-

2019 5297 2188 5364 φωνεῖ
2213 5294 2424 5363 κλῆσιν.
2470 5294 2749 5363 Ἐκχέατε
2790 5290 3046 5343 ἐνώπιον
3089 5289 3274 5342 αὐτοῦ
3305 5287 3412 5352 τὰς
3461 5303 3598 5353 καρ-

2017 5386 2149 5450 δίας
2189 5385 2375 5454 ὑμῶν.
2430 5387 2652 5455 Ὅμοιον
2709 5384 3074 5451 ὡσεὶ·λέγοι·
3124 5381 3216 5451 Μὴ
3261 5379 3594 5449 προσέλθητε

2018 5477 2166 5548 αὑτῷ
2192 5480 2248 5530 ἐν
2278 5477 2475 5549 καρδίᾳ
2501 5477 2654 5548 δισσῇ
2679 5496 2689 5506 ·
2719 5477 2832 5530 ἀλλ’
2863 5475 2938 5538 ὡς
2973 5475 3282 5546 γέγραπται
3301 5489 3312 5501 ⁸
3357 5473 3596 5538 Ἀγαπη-

2019 5586 2147 5637 σεις
2181 5571 2400 5638 Κύριον
2425 5570 2533 5622 τὸν
2580 5570 2728 5622 Θεόν
2757 5585 2872 5622 σου
2903 5566 2972 5630 ἐξ
3001 5565 3147 5632 ὅλης
3187 5563 3296 5632 τῆς
3348 5563 3592 5630 καρδίας

2021 5677 2161 5726 σου,
2198 5662 2296 5716 καὶ
2329 5661 2397 5725 ἐξ
2425 5661 2572 5729 ὅλης
2596 5659 2704 5728 τῆς
2730 5659 2998 5724 διανοίας
3035 5672 3172 5710 σου.

1047 5777 1088 5808 9’
1121 5777 1137 5829 l
1168 5776 1290 5833 Cor.
1327 5795 1381 5844 ι,
1422 5777 1508 5833 ιδ.
1585 5777 1628 5810 ⁵⁸
1656 5775 1846 5832 Matth.
1884 5793 2023 5844 xxn,
2061 5777 2146 5832 ⁵57.
