3872 6216
229 345 340 400 277

310 465 490 534 Πλὴν
507 465 746 534 μάταιοι
773 469 825 520 ol
850 467 963 520 υἱοὶ
996 465 1112 519 τῶν
1140 466 1484 536 ἀνθρώπων.
1517 469 1708 533 Εἰδὼς,
1745 472 1824 523 ὅτι
1857 479 1902 532 Α

235 558 445 622 πάντες
482 555 724 622 δέξονται
756 559 854 630 τὴν
883 559 969 611 διὰ
999 558 1092 611 τοῦ
1129 560 1462 628 Εὐαγγελίου
1492 562 1706 632 κλῆσιν,
1731 581 1829 616 τα-

232 650 447 715 λανίζει
487 651 612 714 τοὺς
647 652 723 722 μὴ
751 652 1128 715 πιστεύοντας,
1165 654 1258 706 καὶ
1287 653 1523 722 μάλιστα
1568 657 1695 718 τοὺς
1720 657 1828 708 τῶν

249 742 528 796 Ἰουδαίων
554 743 895 814 καθηγητὰς,
919 745 967 796 οἳ
995 745 1089 797 καὶ
1111 745 1326 812 ψευδεῖς
1345 743 1504 817 ἦσαν,
1526 747 1619 800 ἆτε
1646 747 1708 818 δὴ
1734 749 1829 818 τὴν

236 833 501 905 ἀλήθειαν
534 835 754 888 ἀπωθού
765 854 942 906 μενοι·
975 838 1071 891 καὶ
1092 838 1150 890 οὐ
1191 838 1349 908 μόνον
1381 839 1530 910 ζυγῷ
1560 842 1652 893 καὶ
1698 858 1829 893 στα-

237 926 400 996 θμοῖς
437 927 537 998 τὴν
581 928 794 981 ὰδι-κίαν
835 929 1180 1000 ἐπετήδευον,
1212 930 1346 983 ἀλλὰ
1394 933 1486 984 καὶ
1538 934 1831 1004 συνήγοντο

237 1019 334 1071 ἐπὶ
358 1020 701 1090 ματαιότητι.
739 1023 983 1084 Mutato;
1011 1021 1119 1093 γὰρ
1159 1023 1373 1093 άληθῶς
1421 1025 1453 1092 ὴ
1487 1024 1614 1096 παρ’
1650 1023 1830 1076 αὐτῶν

237 1109 383 1162 κατὰ
413 1110 510 1163 τοῦ
535 1113 785 1184 Σωτῆρος
818 1114 1096 1185 ἐπιϐουλή.
1124 1118 1180 1167 Μ
1189 1114 1221 1182 ἡ
1264 1114 1532 1174 ἐλπίζετε
1582 1115 1675 1166 ἐπ’
1707 1115 1832 1168 ἀδι-

235 1200 381 1253 κίαν
412 1201 514 1255 καὶ
545 1204 643 1256 ἐπὶ
671 1204 951 1274 ἅρπαγμα
965 1206 1052 1273 μὴ
1074 1206 1424 1259 ἑπιποθεῖτε.
1487 1206 1657 1258 Τοῦτό
1699 1225 1831 1278 φησι

236 1293 378 1362 πρὸς
409 1296 628 1358 αὐτοὺς,
655 1297 840 1366 ἐπειδὴ
866 1299 1179 1362 πλεονεξίας
1202 1299 1388 1351 ἕνεκεν
1431 1299 1829 1352 ἐπεϐούλευσαν

237 1384 410 1455 αὐτῷ,
442 1387 755 1451 ἐλπίζοντες
777 1389 876 1453 τὰς
898 1393 961 1442 ἐκ
988 1390 1078 1442 τοῦ
1104 1390 1267 1459 νόμον
1293 1393 1672 1462 καρποφορίας
1695 1397 1829 1462 παρ’

236 1477 420 1530 αὐτῶν
447 1479 514 1531 λα
522 1480 770 1549 μ6άνειν.

310 1569 503 1635 Ἂπαξ
535 1572 844 1642 ἐλάλησεν
877 1579 909 1628 ό
948 1575 1112 1641 Θεὸς,
1155 1575 1265 1629 δύο
1312 1577 1498 1630 ταῦτα
1552 1577 1825 1645 ἥκουσα·

237 1659 325 1712 ἔτι
349 1660 413 1712 τὸ
445 1662 664 1730 κράτος
690 1667 796 1720 τοῦ
833 1667 1002 1722 Θεοῦ.
1056 1669 1418 1739 Ἀπεφήνατο,
1469 1671 1624 1740 φησι,
1673 1670 1829 1738 λόγον

235 1751 368 1822 περὶ
392 1755 494 1823 τῆς
519 1755 756 1827 κρίσεως
776 1759 802 1810 ὀ
827 1757 979 1821 Θεὸς,
1006 1759 1074 1812 δι’
1097 1753 1157 1813 οὗ
1178 1759 1350 1813 ταῦτα
1373 1761 1441 1813 τὰ
1472 1760 1564 1814 δύο
1589 1761 1824 1833 ἀκήκοα·

1369 346 1734 403 EXPOSITIO
1773 347 1838 401 IN
1878 345 2213 403 PSALMUM
2259 344 2420 400 LXII.

3405 343 3511 399 278

2003 471 2101 532 10,
2157 470 2242 522 ll.
2300 466 2664 520 Verumtamen
2713 465 2830 518 vani
2893 463 2993 532 ﬁlii
3047 463 3346 528 hominum,
3402 473 3511 519 etc.

1935 564 2150 619 Gnarus
2197 578 2388 616 omnes
2437 559 2714 630 Evangelii
2776 558 3118 612 vocationem
3172 566 3511 625 accepturos,

1933 653 2178 706 infelices
2231 651 2491 721 praedicat
2539 665 2635 704 eos
2706 648 2800 718 qui
2851 663 2960 701 non
3029 646 3292 701 credituri
3355 653 3512 710 sunt,

1934 747 2170 798 maxime
2205 759 2330 797 vero
2361 743 2675 796 Judaeorum
2725 740 3038 812 magistros,
3075 739 3170 808 qui
3203 747 3258 792 et
3291 737 3516 791 menda-

1933 854 2024 892 ces
2057 845 2234 899 erant,
2265 845 2450 904 utpote
2487 835 2579 904 qui
2616 851 2645 887 a
2677 834 2905 888 veritate
2936 832 3139 902 repulsi
3170 831 3424 886 fuissent.
3449 829 3517 883 Et

1934 946 2042 983 non
2076 930 2234 982 modo
2275 928 2581 982 bilancibus
2614 937 2666 980 et
2701 926 2920 980 statcris
2944 924 3265 994 injustiliam
3292 937 3515 978 exerce-

1935 1020 2085 1084 bant,
2111 1019 2204 1074 sed
2239 1019 2402 1072 etiam
2428 1033 2534 1087 pro
2556 1018 2794 1070 vanitate
2825 1015 3318 1085 congregabantur.
3347 1011 3513 1066 Vana:

1934 1109 2134 1180 quippe
2172 1109 2392 1163 fuerunt
2439 1124 2630 1163 eorum
2676 1109 2938 1161 adversus
2990 1105 3324 1160 Salvatorem
3375 1105 3510 1159 insi-

1933 1203 2054 1256 dia}.
2094 1200 2276 1254 Nolite
2301 1216 2511 1268 sperare
2560 1201 2614 1251 in
2650 1200 2960 1267 iniquitate,
2989 1208 3037 1249 et
3076 1198 3320 1263 rapinam
3351 1194 3511 1246 nolite

1933 1293 2316 1361 concupiscere.
2358 1289 2472 1344 Hoc
2524 1290 2599 1342 ait
2647 1289 2756 1343 illis
2786 1287 2912 1357 quia
2943 1287 3182 1340 avaritia:
3227 1300 3392 1339 causa
3429 1283 3511 1336 in-

1934 1385 2111 1440 sidiati
2143 1396 2270 1439 sunt
2293 1385 2391 1451 illi,
2422 1392 2706 1454 sperantes
2735 1382 2870 1448 legis
2893 1398 2950 1436 se
2981 1381 3218 1434 fruct—um
3251 1385 3509 1447 acceptu-

1933 1491 2024 1530 ros
2061 1477 2128 1530 ab
2153 1492 2236 1530 eo.

2005 1567 2091 1619 12-
2136 1564 2306 1619 Semel
2337 1566 2542 1620 locutus
2570 1577 2644 1619 est
2674 1565 2834 1629 Deus,
2879 1565 2982 1616 duo
3013 1563 3122 1616 hate
3147 1561 3358 1614 audivi:
3384 1560 3512 1628 quia

1932 1668 2159 1720 potestas
2201 1658 2297 1712 Dei
2338 1671 2438 1726 est,
2481 1669 2587 1714 etc.
2635 1657 2802 1722 Deus,
2843 1657 3041 1726 inquit,
3069 1653 3510 1709 declaravitser—

1931 1767 2148 1806 monem
2185 1753 2251 1806 de
2276 1753 2513 1821 judicio,
2548 1768 2613 1805 ex
2645 1767 2755 1820 quo
2794 1751 2907 1804 haec
2938 1750 3048 1802 duo
3077 1745 3260 1800 audivi
3292 1763 3306 1799 :
3342 1758 3513 1798 unum

235 1841 294 1895 ἓν
326 1844 448 1913 μὲν,
485 1846 566 1899 ὅτι
599 1852 713 1912 τοῖς
759 1850 856 1920 μὲν
903 1851 1170 1922 δεηθεῖσιν
1226 1853 1397 1923 ὀργῆς
1445 1853 1534 1906 διὰ
1571 1854 1669 1925 τὴν
1720 1855 1826 1909 τῶν

1941 1845 2170 1914 quidem,
2193 1845 2340 1912 quod
2370 1845 2436 1899 iis
2459 1845 2551 1912 qui
2580 1861 2674 1913 per
2701 1851 3048 1912 peccatorum
3078 1835 3509 1907 magnitudinem

233 1937 654 2010 ἁμαρτημάτων
696 1943 1000 2014 ὑπερϐολὴν
1053 1944 1223 2015 ὀργὴν
1269 1944 1571 1998 ἀποδώσει·
1613 1949 1726 2011 τοῖς
1771 1947 1828 2000 δὲ

231 2026 358 2091 ἄξια
388 2034 750 2102 πεποιηκόσιν
786 2034 962 2100 ἐλέου,
989 2037 1253 2107 ἁπονέμοι
1271 2035 1439 2089 ἔλεον.
1461 2037 1531 2089 Τὸ
1556 2037 1664 2108 γὰρ
1686 2038 1826 2106 κρά-

231 2136 333 2184 τος
355 2121 457 2191 τὴν
487 2122 656 2195 ὀργὴν
687 2127 1074 2197 ὑποσημαίνει,
1108 2129 1202 2181 καὶ
1234 2129 1332 2198 τὴν
1373 2129 1676 2199 ἀποτομίαν
1726 2129 1826 2200 τὴν

230 2211 380 2265 κατὰ
404 2213 515 2266 τῶν
553 2216 720 2282 ἀξίων
754 2220 926 2288 αὐτῆς
957 2220 1279 2291 γενομένην.

271 2345 355 2412 Τῷ
384 2350 569 2404 Δαυῒδ
610 2353 679 2429 ἐξις
717 2354 796 2429 τῷ
825 2352 979 2429 εἶναι
1011 2359 1200 2410 αὐτὸν
1221 2358 1290 2410 ἐν
1323 2357 1395 2425 τῇ
1443 2360 1639 2429 ἐρήμῳ
1677 2360 1788 2429 τῆς

633 2424 938 2492 Ἰουδαίας.
978 2430 1284 2482 ΨΑΛΜΟΣ
1310 2428 1437 2483 ΞΗ.

859 2541 872 2556 '
885 2543 1174 2608 Υπόθεσις
1183 2583 1197 2595 .

227 2647 343 2702 Καὶ
370 2650 560 2704 τοῦτον
593 2652 692 2722 μὲν
727 2653 844 2724 ᾅδει
873 2654 964 2706 τὸν
988 2653 1223 2724 ψαλμὸν,
1265 2655 1482 2725 φεύγων
1513 2657 1620 2710 ἀπὸ
1658 2674 1826 2729 προσ-

302 2741 456 2798 ώπου
489 2745 682 2811 Σαοὺλ,
736 2749 830 2801 καὶ
879 2748 967 2800 διὰ
998 2748 1098 2816 τῆς
1144 2749 1286 2802 κατὰ
1332 2751 1422 2802 τὸν
1472 2750 1583 2819 βίον
1623 2752 1824 2822 ἀρετῆς

303 2837 734 2909 ἐπικαλούμενος
765 2841 844 2903 εἰς
875 2839 1130 2910 βοήθειαν
1155 2843 1245 2895 τὸν
1267 2842 1418 2897 Θεὸν.
1469 2843 1824 2915 Ἀναφέρεται

301 2931 362 2985 δὲ
391 2934 484 2985 καὶ
510 2936 591 2997 είς
616 2935 714 3005 τὴν
742 2935 920 3006 ψυχὴν
954 2936 1054 3006 τὴν
1097 2936 1264 2990 πάλαι
1317 2939 1374 2989 ἐν
1407 2937 1613 3009 ἐρημίᾳ.
1659 2955 1817 3006 γεγο-

304 3026 460 3077 νυῖαν
486 3027 689 3089 παντὸς
718 3027 946 3095 ἀγαθοῦ,
982 3024 1101 3081 εἶτα
1128 3031 1562 3101 ἐπιστραφεῖσαν
1596 3034 1662 3102 τῇ
1690 3033 1822 3102 Χρι-

308 3115 437 3168 στοῦ
479 3118 684 3191 χάριτι.

1930 1935 2067 1988 iram
2103 1937 2426 2006 expeticrint
2448 1977 2462 2002 ,
2493 1937 2630 1989 iram
2663 1935 2928 1999 daturus;
2961 1934 3028 1985 iis
3063 1945 3190 1984 vero
3221 1930 3314 1998 qui
3345 1942 3512 1996 opera

1929 2028 2320 2081 misericordiae
2372 2029 2534 2097 digna
2603 2027 3008 2099 perpetrarint,
3077 2020 3510 2078 misericordiam

1928 2123 2269 2190 praestiturus
2294 2123 2384 2176 sit.
2417 2124 2550 2176 lllnd
2577 2123 2746 2186 cnim,
2776 2132 3026 2191 potestas,
3061 2120 3196 2172 iram
3243 2113 3513 2185 signilicat

1929 2221 2090 2281 atque
2124 2211 2364 2266 furorem
2401 2217 2662 2266 adversus
2715 2227 2811 2266 eos
2846 2211 2940 2280 qui
2981 2209 3186 2262 fuerint
3219 2206 3297 2258 ira
3335 2204 3506 2272 digni.

1929 2346 1982 2399 1.
2025 2345 2138 2418 Ipsi
2177 2348 2368 2413 David,
2409 2360 2685 2474 cuntjelsiseé
2711 2349 3005 2471 iltthllefet'to
3039 2346 3264 2400 Judaza’.
3303 2341 3512 2397 PSAL-

2508 2543 2908 2610 Argumentum.

1927 2659 1993 2714 Et
2026 2661 2170 2714 hunc
2198 2660 2346 2715 canit
2387 2660 2685 2730 psalmum,
2729 2659 2942 2728 fugiens
2970 2674 2999 2711 a
3031 2657 3169 2712 facie
3215 2655 3419 2719 Saulis,
3454 2663 3510 2708 et

2002 2769 2096 2821 per
2141 2753 2450 2808 institutum
2478 2753 2602 2805 vitae
2637 2768 2760 2806 cum
2798 2752 3000 2804 virtute
3050 2760 3232 2805 actum
3278 2747 3373 2803 Dei
3407 2736 3510 2800 ini-

1996 2846 2176 2914 plorat
2203 2845 2491 2898 auxilium.
2542 2843 2794 2898 Refertur
2821 2842 2984 2896 etiam
3015 2841 3084 2896 ad
3113 2841 3352 2895 animam
3388 2855 3511 2909 quae

1999 2937 2129 2991 olim
2162 2938 2314 2991 omni
2339 2951 2511 2992 vacua
2543 2938 2687 2990 bono
2713 2934 2915 2998 fuerat,
2951 2942 3005 2988 et
3031 2950 3152 3004 qua:
3186 2941 3376 3003 postea
3412 2946 3510 3001 per

1993 3029 2197 3084 Christi
2225 3029 2458 3100 gratiam
2487 3043 2753 3084 conversa
2779 3037 2881 3083 est.

319 3205 374 3256 '0
401 3179 568 3274 Θεδς,
600 3212 634 3262 ὁ
665 3211 809 3276 Θεός
821 3229 963 3280 μου,
983 3213 1132 3282 πρὸς
1161 3213 1236 3266 σὲ
1265 3214 1519 3282 ὀρθρίζω.
1552 3216 1625 3268 Τὸ
1661 3234 1824 3270 σπου-

1997 3206 2054 3266 2,
2081 3205 2134 3258 5.
2177 3205 2342 3269 Deus,
2377 3206 2513 3261 Deus
2543 3223 2712 3274 meus,
2754 3207 2823 3261 ad
2855 3218 2902 3261 te
2930 3207 2993 3260 de
3033 3207 3145 3260 luce
3188 3206 3370 3276 vigilo.
3415 3203 3512 3261 His

232 3296 384 3350 δαῖον
405 3298 507 3368 τῆς
543 3301 871 3372 προσεδρίας
909 3303 996 3356 διὰ
1017 3303 1126 3357 τῶν
1163 3305 1446 3374 παρόντων
1481 3305 1824 3375 κατασημαί-

233 3404 337 3440 νει.
387 3387 533 3459 Πρὸς
579 3391 658 3452 σὲ,
694 3392 849 3461 φησὶ,
879 3393 1224 3465 διανίσταμαι
1272 3394 1493 3466 ὄρθρου,
1546 3398 1624 3459 εἰς
1648 3395 1709 3447 τὸ
1743 3398 1824 3450 σοὶ

233 3477 365 3542 τούς
395 3496 456 3531 τε
479 3479 679 3550 ὕμνους
704 3484 799 3535 καὶ
825 3483 923 3547 τὰς
944 3486 1108 3555 εὐχὰς
1135 3486 1474 3557 ἀναπέμψαι.
1535 3487 1827 3556 Ἐδίψησέ

235 3585 313 3622 σε
341 3571 381 3638 ἡ
409 3572 582 3641 ψυχή
605 3591 744 3642 μου.
780 3576 854 3628 Οὐ
889 3577 1068 3646 μόνον,
1099 3579 1283 3648 φησὶν,
1316 3581 1348 3650 η
1387 3579 1534 3650 ψυχὴ
1570 3578 1662 3631 τοῦ
1692 3579 1827 3650 ἔρω-

235 3677 331 3724 τος
358 3663 744 3735 ἐμπέπλησται
775 3667 868 3720 τοῦ
890 3668 1057 3722 θείου·
1082 3668 1217 3722 ἀλλὰ
1240 3671 1348 3741 γὰρ
1376 3670 1567 3724 πλέον
1592 3689 1648 3724 τι
1667 3671 1765 3723 καὶ
1787 3673 1824 3739 ἢ

239 3750 428 3819 σάρξ..
449 3753 524 3806 Οὐ
559 3753 667 3826 γὰρ
701 3756 862 3832 μόνον
888 3758 987 3830 τὴν
1008 3760 1292 3814 εὐσέϐειαν
1313 3762 1464 3831 ἡμᾶς
1489 3761 1826 3831 ἐπιτηδεύειν

238 3842 342 3906 δεῖ,
381 3844 518 3898 ἀλλὰ
556 3848 651 3899 καὶ
682 3848 773 3901 διὰ
808 3849 902 3902 τοῦ
940 3849 1191 3922 σώματος
1223 3853 1480 3923 ἀρέσκειν
1522 3852 1672 3923 Θεῷ,
1717 3849 1826 3906 οἷον

239 3938 330 3992 διὰ
349 3943 627 4012 νηστείας,
650 3945 736 3998 διὰ
758 3947 1016 4017 συνεχοῦς
1044 3950 1372 4020 προσευχῆς,
1399 3949 1485 4002 διὰ
1509 3951 1823 4020 χαμευνίας,

240 4031 332 4086 διὰ
355 4035 456 4104 τῆς
487 4038 753 4107 ἐργασίας
784 4039 891 4091 τῶν
920 4041 1138 4111 χειρῶν,
1163 4043 1242 4104 εἰς
1280 4042 1340 4094 τὸ
1361 4043 1633 4112 δεομένοις
1665 4060 1829 4113 χορη-

240 4127 379 4192 γεῖν.
419 4128 522 4180 Ἐν
549 4127 624 4197 γῇ
654 4129 852 4199 ἐρήμῳ
888 4133 986 4185 καὶ
1022 4133 1236 4197 ἀϐάτῳ.
1272 4134 1546 4204 Οὐδεμίαν
1591 4135 1698 4188 ἀπὸ
1728 4135 1828 4204 τῆς

241 4219 483 4289 ἐρημίας
523 4220 728 4294 βλάϐην
769 4224 1146 4297 εἰσεδεξάμην,
1203 4227 1389 4297 φησιν,
1445 4226 1558 4280 ἀλλ’
1587 4228 1663 4291 ὡς
1699 4229 1828 4298 παρ’

238 4311 411 4381 αὐτὴν
446 4312 694 4383 ἑστηκὼς
749 4314 848 4386 τὴν
909 4317 1061 4386 ἱεράν
1115 4334 1206 4370 σου
1268 4318 1494 4388 σκηνὴν,
1554 4318 1828 4389 ὑμνῳδίαν

239 4400 558 4470 προσφέρω.
586 4403 658 4454 Τὸ
690 4403 819 4475 γάρ,
861 4405 931 4458 ἐν
954 4405 1036 4472 τῷ
1059 4407 1227 4476 ἁγίῳ,
1264 4407 1362 4478 τὴν
1407 4410 1612 4479 σκηνὴν
1655 4409 1824 4477 λέγει.

1929 3297 2204 3367 signiﬁcat
2236 3299 2638 3353 assiduitatem.
2660 3299 2739 3352 Ad
2773 3309 2843 3366 te,
2870 3299 3070 3368 inquit,
3098 3314 3256 3353 mane
3280 3313 3512 3366 surgens

1928 3391 2184 3460 respicio,
2223 3401 2283 3446 ut
2317 3393 2548 3463 hymnos
2585 3393 2680 3447 tibi
2708 3402 2763 3448 et
2789 3394 3072 3448 orationes
3100 3392 3346 3448 oﬂ‘eram.
3369 3390 3510 3446 Siti-

1928 3484 2000 3536 vit
2028 3485 2082 3537 in
2109 3493 2157 3538 te
2195 3487 2375 3539 anima
2407 3502 2541 3540 mea.
2569 3483 2689 3540 Non
2723 3487 2908 3553 modo,
2952 3486 3151 3556 inquit,
3179 3485 3364 3539 anima
3391 3498 3535 3538 mea.

1929 3578 2112 3633 divino
2142 3594 2329 3633 amore
2373 3580 2574 3648 repleta
2613 3588 2732 3646 est;
2785 3580 2879 3634 sed
2923 3581 3091 3634 etiam
3144 3577 3514 3648 multipliciter

1929 3687 2052 3724 caro
2078 3688 2211 3724 mea.
2245 3670 2366 3726 Non
2394 3672 2574 3727 solum
2605 3672 2752 3727 enim
2775 3687 2871 3741 par
2898 3681 2983 3727 est
3009 3672 3401 3741 nos’pietatem
3421 3687 3516 3725 cn-

1930 3767 2063 3831 lere,
2096 3767 2188 3820 sed
2221 3766 2386 3820 etiam
2425 3781 2654 3834 corpore
2685 3766 2904 3835 placere
2932 3768 3080 3833 Deo;
3118 3767 3394 3831 videlicet,
3421 3781 3517 3836 per

1926 3859 2218 3928 jejunium,
2251 3873 2344 3926 per
2380 3857 2723 3925 frequentem
2759 3858 3088 3923 orationem,
3117 3873 3216 3927 per
3251 3859 3514 3911 chameu-

1930 3951 2217 4018 niam,per
2241 3965 2405 4019 opera
2437 3965 2722 4013 manuum,
2757 3951 2823 4004 ad
2853 3951 3258 4018 eleemosynam
3283 3966 3516 4020 erogan-

1930 4042 2078 4096 dam.
2126 4043 2191 4096 ln
2227 4053 2368 4096 terra
2403 4045 2611 4098 deserta
2650 4053 2698 4097 et
2734 4045 2898 4098 invia.
2945 4043 3167 4099 Nullum
3198 4059 3262 4098 ex
3296 4043 3515 4099 deserto

1930 4133 2051 4189 loco
2075 4145 2463 4190 nocumentum
2493 4135 2663 4201 sensi,
2693 4127 2888 4206 iiiquit,
2941 4137 3034 4191 sed
3069 4133 3226 4205 quasi
3253 4137 3395 4206 apud
3424 4152 3515 4191 sa-

1932 4241 2088 4281 crum
2115 4227 2528 4282 tabernaculum
2569 4236 2722 4282 tuum
2755 4239 2989 4290 starem,
3019 4231 3280 4299 hymnum
3317 4228 3508 4282 offero.

1931 4316 2065 4372 Illud
2125 4319 2309 4384 enim,
2372 4321 2429 4372 in
2479 4329 2697 4385 sancto,
2751 4320 3164 4375 tabernaculum
3221 4319 3511 4390 signiﬁcat.

1934 4408 2184 4463 Nondum
2228 4410 2372 4464 enim
2418 4411 2665 4465 divinum
2713 4413 2976 4480 templum
3011 4420 3350 4466 exstructum
3400 4411 3515 4466 fue-

240 4491 412 4545 Οὖπω
439 4493 548 4564 γὰρ
596 4496 625 4546 ό
676 4494 819 4559 θεῖος
867 4497 1002 4561 νεὼς
1025 4499 1360 4569 ᾠκοδόμητο.
1400 4502 1597 4566 Οὕτως
1630 4503 1702 4555 ἐν
1751 4502 1828 4568 τῷ

1941 4510 2036 4555 rat.
2069 4500 2158 4554 Sic
2184 4503 2238 4554 in
2263 4511 2447 4556 sancto
2484 4504 2709 4573 apparui
2745 4503 2857 4555 tibi.
2892 4501 2981 4558 Sic
3003 4544 3018 4568 ,
3060 4503 3361 4572 quomodo,
3410 4504 3517 4557 nisi

240 4583 391 4650 ἁγίῳ
415 4584 621 4652 ὤφθην
653 4602 770 4641 σοι.
810 4590 1028 4656 Οὕτως,
1093 4589 1210 4654 πῶς
1263 4592 1311 4662 Ι,ἢ
1361 4593 1529 4662 διψῶν
1563 4595 1659 4647 καὶ
1712 4597 1831 4648 ἐπι-

241 4676 427 4730 ποθῶν
447 4677 546 4763 τὴν
574 4681 702 4750 περὶ
745 4683 803 4735 σέ
827 4683 918 4735 τὸν
951 4685 1106 4752 ἅγιον
1155 4685 1447 4754 συνάφειαν
1479 4704 1493 4752 ;
1546 4687 1641 4750 Τίς
1687 4687 1732 4740 δ’
1767 4688 1830 4742 ἂν

242 4765 331 4837 εἴη
365 4767 574 4839 ἆγιοςῆ
611 4772 638 4823 ὁ
670 4772 980 4842 Μονογενής
1007 4791 1020 4839 ;
1534 4825 1538 4828 .

318 4861 449 4914 "Ott
481 4862 770 4929 κρεῖσσον
797 4865 864 4917 τὸ
897 4866 1070 4932 ἔλεός
1108 4881 1224 4920 σου
1251 4867 1402 4936 ὑπὲρ
1429 4867 1592 4935 (inde.
1629 4870 1750 4923 Ὅτι
1783 4873 1830 4924 οἱ

238 4951 321 5022 τῷ
368 4952 508 5006 ἐλέει
544 4957 935 5026 προσελθόντες
972 4959 1066 5012 τοῦ
1098 4959 1254 5024 Θεοῦ,
1295 4963 1543 5015 τουτέστι
1587 4952 1828 5035 Χριστῷ,

239 5044 396 5097 οὐδὲν
428 5046 690 5115 ἡγοῦνται
712 5049 804 5101 τοῦ
835 5049 1104 5120 παρόντος
1132 5051 1248 5121 βίου
1279 5053 1380 5125 τὴν
1404 5052 1569 5124 ζωὴν,
1593 5055 1691 5126 τὴν
1718 5073 1831 5108 τοιε

242 5137 419 5206 αὐτην
443 5139 879 5209 ἀναφθέγγονται
921 5144 1141 5217 φωνήν·
1188 5144 1330 5216 ὑπὲρ
1375 5145 1609 5217 πλήθους
1663 5147 1828 5218 ζωῆς,

242 5227 348 5296 τῆς
377 5229 656 5301 παρούσης
687 5231 964 5302 δηλονότι,
994 5235 1244 5304 λέγοντες
1279 5233 1416 5290 εἶναι
1449 5238 1508 5290 τὸ
1553 5238 1832 5310 δεδομένον

243 5321 430 5384 αὐτοῖς
460 5321 549 5376 διὰ
579 5323 675 5376 τοῦ
699 5325 1041 5396 Μονογενοῦς
1075 5328 1242 5392 ἔλεος.
1285 5329 1483 5395 Οὕτως
1517 5331 1832 5400 εὐλογήσω

243 5427 320 5466 σε
342 5413 414 5465 ἐν
443 5413 518 5482 τῇ
559 5413 672 5484 ζωῇ
717 5435 856 5486 μου.
909 5417 1080 5472 Τοῦτο
1103 5419 1159 5472 δὲ
1213 5420 1363 5491 παρὰ
1397 5422 1574 5475 πάντα
1606 5440 1707 5492 μου
1742 5424 1832 5477 τὸν

247 5504 363 5573 βίον
389 5506 683 5560 διατελέσω
714 5510 902 5575 ποιῶν,
937 5511 1120 5582 ὑμνῶν
1156 5512 1252 5582 μὲν
1281 5517 1347 5584 τῇ
1379 5513 1593 5587 γλώττῃ
1611 5555 1624 5578 ,
1653 5515 1752 5578 τὰς
1779 5515 1834 5568 δέ

247 5601 438 5670 χεῖρας
482 5601 756 5666 ἐκτείνων,
794 5604 888 5655 καὶ
913 5605 1010 5674 τὴν
1049 5604 1148 5674 σὴν
1180 5604 1588 5676 φιλανθρωπίαν
1647 5608 1830 5660 αἰτῶν.

261 5693 366 5744 Ἐν
398 5690 478 5757 τῷ
509 5695 756 5762 ὀνόματί
783 5711 898 5749 σου
928 5696 1050 5764 ἀρῶ
1071 5699 1177 5762 τὰς
1212 5698 1581 5768 χεῖράς-μου.
1613 5699 1830 5762 Οὐκέτι,

249 5781 438 5851 φησὶν,
466 5780 539 5845 ὡς
571 5783 664 5836 καὶ
691 5782 904 5857 πρώην,
931 5786 1064 5854 πρδς
1081 5786 1211 5840 Θεὸν
1238 5787 1513 5859 ἀλλότριον
1540 5789 1632 5853 τὰς
1651 5792 1834 5860 χεῖρας

1934 4593 2130 4647 sitiens
2160 4604 2324 4662 atque
2357 4603 2626 4664 exaptans
2655 4603 2858 4660 tecum,
2895 4595 2988 4665 qui
3019 4604 3246 4650 sanctus
3271 4611 3351 4660 es,
3385 4611 3520 4652 con-

1929 4685 2119 4756 jungi?
2143 4686 2278 4752 Quis
2310 4703 2436 4741 vero
2466 4698 2688 4742 sanctus
2712 4688 2800 4742 ille
2831 4687 2994 4742 fuerit
3021 4689 3124 4742 nisi
3157 4686 3480 4759 Unigenitus
3499 4692 3534 4743 ί

2005 4865 2058 4926 4,
2089 4865 2141 4920 5.
2185 4866 2450 4931 Quoniam
2481 4867 2667 4921 melior
2697 4876 2774 4920 est
2816 4867 3184 4920 misericordia
3231 4876 3320 4922 tua
3367 4883 3522 4935 super

1935 4960 2089 5014 vitas.
2123 4959 2394 5026 Quoniam
2421 4961 2515 5030 qui
2545 4961 2610 5014 ad
2636 4959 2730 5014 Dei
2767 4961 3204 5017 misericordiam
3232 4961 3519 5023 accedunt,

1936 5054 1990 5109 id
2028 5064 2111 5110 est
2142 5056 2208 5110 ad
2238 5055 2551 5120 Christum,
2588 5054 2726 5108 nihil
2769 5054 2976 5108 ducunt
3017 5054 3180 5123 hujus
3217 5052 3404 5105 mundi
3441 5052 3522 5103 vi,

1940 5155 2072 5214 tam,
2104 5149 2377 5218 ejusmodi
2409 5164 2598 5204 vocem
2631 5148 2940 5217 proferunt,
2973 5146 3275 5215 dicuntque
3297 5143 3521 5196 miseri-

1937 5240 2181 5296 cordiam
2211 5242 2316 5295 sibi
2346 5257 2444 5312 per
2499 5239 2848 5311 Unigenitum
2899 5255 3218 5296 concessam
3259 5246 3524 5306 praestan-

1938 5333 2130 5386 tiorem
2176 5348 2298 5388 esse
2328 5333 2451 5388 vitm
2493 5335 2778 5404 praasentis
2808 5331 3188 5388 diuturnitate.
3235 5326 3324 5382 Sic
3371 5328 3524 5381 bene-

1938 5424 2114 5477 dicam
2147 5434 2194 5477 te
2234 5426 2288 5478 in
2325 5427 2433 5478 vita
2472 5443 2606 5480 mea.
2654 5424 2768 5480 Hoc
2813 5440 2907 5492 per
2939 5431 3107 5477 totam
3150 5421 3318 5474 vitam
3361 5436 3523 5490 agere

1936 5533 2181 5588 pergam,
2213 5519 2397 5588 lingua
2434 5520 2641 5573 scilicet
2665 5519 2899 5589 hymnos
2922 5513 3176 5580 cantabo,
3207 5528 3403 5566 manus
3428 5529 3524 5566 ex-

1940 5613 2182 5675 tendam,
2205 5622 2259 5666 et
2296 5623 2444 5667 tuam
2472 5613 2676 5682 rogabo
2709 5609 3074 5666 clementiam.
3106 5604 3169 5658 In
3199 5605 3407 5658 nomine
3433 5613 3522 5656 tuo

1939 5703 2119 5757 levabo
2151 5720 2337 5757 manus
2372 5721 2534 5757 meas.
2584 5703 2702 5757 Non
2746 5701 2887 5755 ultra
2913 5738 2925 5760 ,
2961 5697 3176 5766 inquit,
3222 5697 3365 5750 sicut
3396 5704 3522 5748 ante

1941 5790 2064 5857 feci,
2095 5809 2288 5849 manus
2315 5794 2600 5850 extendam
2631 5794 2697 5848 ad
2727 5791 2894 5848 Deum
2926 5789 3164 5843 alienum
3195 5831 3209 5858 ,
3243 5787 3337 5845 sed
3375 5784 3442 5838 ad
3472 5793 3525 5838 to
