3872 6216
403 338 512 396 979

1248 335 1306 389 s.
1347 291 1717 387 ATHANAsu
1753 326 1906 383 orp.
1944 324 2126 381 rans
2162 323 2249 381 ιιι.
2285 354 2357 362 -
2395 318 2804 377 EXEGETICA.

3546 313 3657 368 280

406 457 622 522 solum,
682 463 738 510 et
787 463 944 509 tuum
999 453 1051 507 in
1101 450 1505 522 precationibus
1562 463 1759 505 nomen
1826 447 1980 501 invo—

2082 441 2302 507 ἐκτενῶ,
2332 441 2446 494 ἀλλ’
2492 442 2526 512 ἢ
2555 440 2637 493 σοὶ
2669 438 2833 508 μόνῳ,
2877 436 2971 490 καὶ
3018 435 3080 488 τὸ
3116 433 3207 488 σὺν
3240 434 3297 488 ἐν
3322 437 3656 505 προσευχαῖς

404 563 466 603 ca
473 548 560 602 bo.

478 634 532 692 6.
558 633 710 689 Sicut
743 634 897 702 adipe
928 641 980 687 et
1002 632 1317 702 pinguedine
1348 624 1612 700 repleatur
1635 629 1814 682 anima
1838 644 1971 681 mea.

403 725 653 781 Ostendit
680 733 944 795 quantum
983 724 1053 778 sit
1101 723 1312 778 lucrum
1346 738 1537 777 eorum
1579 721 1674 790 qui
1701 721 1756 774 in
1794 720 1974 790 ipsum

403 817 581 873 solum
614 831 766 886 spem
808 816 1114 886 posuerint.
1159 813 1228 869 Et
1257 815 1415 868 labiis
1445 811 1816 868 exsultationis
1859 813 1976 865 Iau-

402 909 549 963 dabit
586 925 642 962 os
676 923 869 961 meum.
903 906 1063 973 Cum,
1113 908 1326 976 inquit,
1375 907 1429 960 in
1475 905 1795 960 memoriam
1838 904 1972 958 mihi

398 1002 550 1056 venit
591 1015 788 1056 nomen
828 1011 1018 1068 tuum,
1078 1008 1211 1055 tunc
1254 999 1453 1070 gaudio
1507 998 1785 1067 replentur
1831 997 1973 1052 labia

399 1111 541 1151 mea.

469 1185 521 1242 7.
563 1184 624 1242 Si
653 1203 852 1241 memor
891 1187 973 1256 fui
1003 1188 1081 1241 tui
1112 1203 1268 1257 super
1295 1196 1523 1240 stratum
1553 1202 1743 1240 meum.
1789 1186 1926 1239 lllud
1957 1205 1970 1239 :

397 1276 457 1331 Si
481 1293 680 1332 memor
709 1279 809 1347 fui,
841 1277 1082 1348 positum
1118 1293 1242 1348 pro,
1266 1294 1384 1331 cum
1407 1293 1606 1331 memor
1628 1293 1744 1330 sum
1761 1292 1782 1340 ;
1817 1284 1876 1330 ut
1904 1279 1975 1331 sit

395 1371 664 1426 sententia
693 1385 706 1422 :
738 1385 864 1425 cum
887 1384 1098 1426 memor
1126 1369 1203 1424 tui
1229 1384 1428 1436 essem,
1455 1367 1656 1438 inquit.
1688 1367 1973 1424 insomnes

396 1462 528 1516 duxi
558 1470 768 1528 noctes,
808 1461 1062 1516 laudibus
1093 1460 1202 1516 tuis
1230 1475 1452 1526 vacans,
1483 1469 1538 1515 et
1564 1460 1799 1515 illustria
1828 1460 1969 1515 dona

395 1562 489 1608 tua
537 1553 843 1622 accipiens,
891 1568 1015 1622 qua:
1062 1553 1441 1608 invocantibus
1475 1560 1528 1608 te
1561 1552 1777 1609 tribuis.
1831 1551 1972 1618 Quia

394 1642 546 1711 fuisti
579 1644 796 1712 adjutor
826 1659 992 1709 meus,
1025 1652 1075 1697 et
1115 1645 1170 1696 in
1197 1643 1486 1698 velamenta
1517 1642 1728 1696 alarum
1757 1650 1971 1696 tuarum

389 1733 686 1790 multabo.
708 1733 1183 1804 Quandoquidem,
1213 1735 1308 1799 ait,
1339 1745 1397 1788 tu
1424 1735 1558 1789 mihi
1583 1732 1842 1790 custodiae
1865 1743 1971 1787 tuae

391 1824 659 1880 auxilium
693 1825 966 1895 impendis
988 1867 1003 1893 ,
1033 1825 1278 1880 laetitiam
1322 1826 1553 1896 excipio.
1586 1825 1967 1881 Velamentum

392 1916 542 1971 enim
571 1917 782 1971 alarum
813 1926 972 1972 vocat
997 1916 1260 1972 custodite
1281 1918 1568 1972 auxilium.
1599 1917 1640 1972 A
1675 1927 1746 1983 te,
1770 1919 1969 1989 inquit,

390 2017 666 2078 protectus
697 2024 1041 2079 summopere
1069 2010 1333 2079 gaudebo.

464 2185 521 2243 9.
559 2186 799 2241 Adltwsit
834 2188 1014 2242 anima
1046 2206 1162 2242 mea
1187 2197 1304 2257 post
1333 2197 1398 2243 te.
1432 2187 1512 2244 Ne
1535 2190 1807 2244 tantillum
1841 2192 1966 2261 qui—

389 2279 514 2333 dem
535 2292 760 2349 possum
786 2294 816 2332 a
845 2280 1178 2351 cogitatione
1207 2297 1326 2336 mea
1365 2283 1686 2337 memoriam
1719 2284 1795 2337 tui
1819 2299 1968 2338 aver-

389 2379 526 2423 tere.
571 2367 678 2424 Sed
719 2369 927 2425 amoris
975 2369 1250 2426 incentivo
1293 2373 1557 2438 adustus,
1613 2389 1712 2428 ceu
1756 2375 1966 2444 glutino

390 2462 628 2530 quodam
677 2462 988 2530 memoriae,
1024 2462 1120 2517 tibi
1154 2463 1424 2518 desiderio
1452 2465 1776 2534 conjunctus
1819 2482 1961 2520 sum.

392 2551 480 2607 Me
514 2554 741 2623 suscepit
779 2555 997 2607 dextera
1028 2563 1142 2609 tua.
1175 2553 1359 2622 Ecqua
1387 2564 1564 2608 autem
1597 2555 1760 2610 fuerit
1789 2556 1964 2613 Patris

384 2643 627 2711 dextera,
661 2645 766 2700 nisi
795 2644 1111 2715 unigenitus
1140 2644 1263 2713 ejus
1293 2644 1498 2700 Filius?

460 2821 544 2877 10.
573 2822 687 2892 Ipsi
715 2840 833 2878 vero
859 2826 915 2878 in
940 2841 1133 2879 vanum
1157 2826 1480 2894 quasierunl
1509 2828 1744 2881 animam
1771 2846 1957 2884 meam.

385 2913 665 2971 Declamat
713 2916 933 2972 demum
985 2925 1177 2972 contra
1225 2919 1572 2974 adversarias
1636 2930 1958 2989 potestates,

387 3007 496 3060 vim
549 3007 751 3061 illatam
804 3008 910 3063 sibi
961 3007 1258 3077 objiciens,
1303 3026 1499 3081 rogans
1544 3015 1762 3066 aeternis
1813 3014 1961 3082 ipsas

388 3097 529 3152 tradi
561 3099 845 3169 suppliciis
873 3098 1008 3170 (25).

457 3189 546 3243 12.
582 3188 695 3245 Rem.
732 3206 850 3244 uero
888 3191 1157 3246 laetabitur
1200 3193 1254 3245 in
1299 3192 1427 3246 Deo.
1470 3191 1762 3264 Postquam
1796 3195 1961 3250 finem

384 3295 576 3335 eorum
609 3284 888 3338 enarravit
912 3285 1007 3354 qui
1036 3300 1162 3355 erga
1209 3284 1492 3340 Christum
1522 3287 1673 3356 impii
1709 3286 1954 3353 fuerunt,

381 3373 756 3429 etdeclaravit
780 3375 836 3430 in
867 3386 1074 3446 partem
1105 3378 1240 3448 ipsis
1256 3389 1310 3433 et
1328 3390 1529 3433 sortem
1559 3379 1675 3434 fore
1701 3380 1961 3436 inferiora

382 3470 562 3532 terrae,
607 3467 675 3521 ad
718 3468 885 3522 alium
932 3469 1218 3524 hominum
1251 3479 1450 3525 statum
1479 3481 1532 3525 et
1559 3473 1806 3526 ordinem
1839 3488 1956 3527 ser-

380 3571 598 3609 monem
629 3558 928 3624 convertit,
980 3561 1034 3615 id
1081 3570 1198 3627 est,
1248 3578 1437 3616 eorum
1467 3563 1562 3632 qui
1591 3563 1644 3616 in
1681 3562 1957 3619 Christum

379 3645 766 3716 crediderunt,
802 3649 895 3718 qui
923 3664 1049 3705 cum
1093 3667 1261 3721 reg-no
1291 3653 1553 3708 caelorum
1585 3655 1793 3723 dignati
1827 3657 1956 3724 sint,

380 3751 537 3806 reges
570 3737 695 3806 jure
726 3749 1028 3808 vocantur,
1053 3742 1210 3812 juxta
1253 3743 1383 3797 illud
1429 3743 1633 3798 dictum
1663 3744 1953 3814 Apostoli:

380 3824 451 3879 Et
485 3829 692 3882 utinam
718 3832 942 3899 regnetis
959 3832 1026 3885 ’9.
1075 3831 1174 3887 Hie
1205 3841 1388 3888 autem
1427 3843 1545 3887 erat
1587 3837 1820 3904 populus
1853 3837 1950 3907 qui

379 3917 658 3986 regnabat,
690 3920 895 3989 quique
923 3921 1209 3977 laetabatur
1249 3925 1431 3979 laetitia
1460 3925 1729 3994 spirituali
1748 3967 1764 3995 ,
1790 3943 1956 3997 quam

379 4007 482 4077 ipsi
504 4006 650 4064 Deus
673 4012 790 4079 ipse
820 4013 1048 4084 largitus
1082 4023 1186 4069 est.
1219 4014 1352 4085 Ego,
1387 4017 1582 4087 inquit,
1605 4018 1701 4088 qui
1726 4034 1958 4090 regnum

378 4100 560 4170 accepi
594 4101 662 4156 de
699 4104 906 4159 auxilio
938 4113 1066 4170 tuo,
1103 4121 1214 4160 non
1243 4107 1309 4161 de
1343 4108 1590 4176 ipsorum
1624 4118 1796 4164 morte
1827 4127 1962 4181 gau-

378 4191 499 4247 deo.
531 4191 920 4248 Laudabuntur
951 4213 1126 4252 omnes
1157 4199 1248 4267 qui
1283 4198 1472 4267 juraut
1515 4203 1569 4252 in
1599 4217 1678 4254 eo.
1720 4201 1798 4255 lta
1820 4244 1835 4266 ,
1875 4205 1959 4258 in-

377 4283 516 4351 quit,
549 4283 725 4353 gloria
754 4285 1000 4354 ipsorum
1030 4286 1290 4342 Christus
1317 4289 1441 4353 erit,
1473 4306 1667 4344 eorum
1706 4293 1960 4349 videlicet

375 4377 472 4445 qui
517 4377 858 4446 regnabunt;
893 4387 952 4432 ut
974 4378 1100 4448 jure
1129 4379 1442 4445 laudentur,
1478 4383 1609 4452 quia
1651 4398 1775 4437 eum
1803 4384 1959 4454 jura—

2076 532 2499 603 ἐπικαλούμενος
2528 531 2718 601 ὄνομα.

2155 627 2252 692 Ὠς
2268 627 2338 679 ἐκ
2390 624 2645 690 στέατος
2679 622 2782 676 καὶ
2840 621 3121 688 πιότητος
3179 619 3556 688 ἐμπλησθείη
3609 621 3651 688 ἡ

2075 716 2243 786 ψυχή
2270 735 2401 786 μου.
2436 716 2685 768 Δείκνυσι
2720 713 2885 768 πόσον
2911 711 2972 765 τὸ
3009 712 3202 784 κέρδος
3230 711 3339 766 τῶν
3384 713 3470 764 ἐπ’
3502 711 3654 782 αὐτῷ

2079 808 2224 878 μόνῳ
2248 808 2346 871 τὰς
2376 808 2598 870 ἐλπίδας
2625 806 2769 876 ἔχειν
2801 805 3112 876 ᾑρημένων.
3135 805 3244 856 Kal
3277 804 3449 871 χείλη
3471 803 3659 872 ἀγαλ-

2074 899 2332 966 λιάσεως
2358 900 2584 953 αἰνέσει
2605 899 2668 952 τὸ
2695 900 2890 968 στόμα
2911 915 3052 966 μου.
3104 896 3272 949 Ὅταν
3293 936 3306 961 ,
3353 897 3516 967 φησὶ,
3556 895 3655 948 τοῦ

2077 992 2171 1046 σοῦ
2200 994 2258 1045 ἐν
2287 994 2479 1064 μνήμῃ
2501 991 2766 1061 ὀνόματος
2788 989 3048 1060 γίνωμαι,
3070 989 3190 1042 τότε
3219 988 3283 1058 δὴ
3315 987 3436 1040 τότε
3479 989 3656 1058 χαρᾶς

2077 1085 2375 1157 πληροῦται
2405 1084 2471 1136 τά
2495 1083 2646 1154 χείλη
2676 1101 2798 1153 μου.

2143 1179 2215 1230 Εἰ
2237 1176 2646 1246 ἑμνημόνευόν
2674 1190 2790 1228 σου
2816 1174 2913 1228 ἐπὶ
2935 1171 3042 1241 τῆς
3065 1172 3381 1241 στρωμνῆς
3395 1190 3535 1241 μου.
3556 1173 3655 1238 Τὸ,

2074 1270 2144 1322 El
2167 1269 2597 1337 ἐμνημόνευον,
2626 1268 2748 1321 ἀντὶ⁹
2774 1266 2890 1330 τοῦ,
2929 1265 3342 1334 μνημονεύων,
3378 1265 3615 1317 τέθειται
3637 1279 3654 1295 ·

2077 1360 2161 1411 ἵνα
2190 1354 2245 1432 ᾗ,
2306 1357 2658 1429 μνημονεύων
2709 1374 2835 1422 σου,
2898 1357 3061 1427 φησὶν
3083 1395 3097 1420 ,
3142 1357 3344 1418 ἄϋπνος
3386 1356 3656 1426 ἐγενόμην

2076 1451 2204 1522 περὶ
2227 1450 2324 1514 τὰς
2358 1449 2457 1514 σὰς
2485 1451 2740 1516 αἱνέσεις,
2769 1448 2863 1503 καλ⁵
2891 1448 2988 1512 τὰς
3015 1451 3284 1517 φωτεινάς
3335 1465 3428 1500 σου
3486 1463 3657 1517 χορη-

2073 1540 2220 1608 γίας,
2245 1539 2311 1603 ἃς
2343 1541 2455 1603 τοῖς
2487 1538 2938 1609 ἐπικαλουμένοις
2976 1556 3034 1591 σε
3069 1539 3246 1601 δίδως.
3282 1539 3403 1591 Ὅτι
3447 1537 3658 1607 ἐγενή-

2074 1637 2185 1700 θης
2213 1633 2441 1700 βοηθός
2466 1649 2605 1700 μου,
2638 1632 2736 1685 καὶ
2768 1632 2838 1683 ἐν
2868 1630 2943 1699 τῇ
2975 1631 3172 1699 σκέπη
3202 1629 3319 1682 τῶν
3346 1631 3658 1700 πτερύγιον

2074 1738 2189 1776 σου
2223 1720 2686 1792 ἀταλλιάσομαι.
2732 1720 2949 1792 Ἐπειδὴ
2987 1719 3152 1782 αὐτός
3178 1737 3267 1790 μοι
3319 1719 3535 1790 βοηθεῖς
3583 1722 3655 1790 τῇ

2073 1816 2285 1887 φυλακῇ
2316 1816 2413 1886 τῆς
2447 1815 2547 1884 σῆς
2574 1813 2843 1885 βοηθείας,
2883 1813 2981 1884 τὴν
3017 1811 3355 1883 εὐφροσύνην
3396 1812 3648 1882 δέχομαι.

2071 1907 2286 1976 Σκέπην
2317 1906 2425 1976 γὰρ
2475 1905 2760 1977 πτερύγων
2793 1904 2949 1958 καλεῖ
2973 1903 3070 1974 τὴν
3115 1903 3222 1956 ἀπὸ
3252 1904 3350 1971 τῆς
3396 1902 3650 1972 βοηθείας

2072 1998 2337 2068 φυλακήν.
2368 1998 2733 2067 Σκεπόμενος,
2768 1995 2922 2066 φησὶ,
2958 1996 3107 2067 παρὰ
3150 1995 3244 2048 σοῦ
3285 1997 3431 2066 χαρᾷ
3470 1996 3649 2067 χαρή-

2071 2106 2252 2159 σομαι.

2151 2181 2490 2248 Ἐκολλήθη
2521 2182 2559 2248 ἡ
2590 2179 2758 2248 ψυχή
2785 2198 2904 2248 μου
2938 2181 3130 2232 ὀπίσω
3170 2195 3307 2232 σου.
3342 2177 3477 2230 Ούδὲ
3511 2176 3652 2248 πρὸς

2071 2275 2241 2345 βραχὺ
2267 2273 2357 2325 τὸν
2392 2273 2522 2341 ἐμὸν
2553 2273 2831 2343 λογισμὸν,
2879 2273 3032 2342 φησὶ,
3067 2272 3166 2341 τῆς
3213 2273 3310 2342 σῆς
3343 2271 3654 2342 ἀποστῆσαι

2066 2365 2298 2435 δύναμαι
2321 2365 2560 2434 μνήμης.
2605 2364 2764 2417 Ἀλλά
2797 2363 3214 2436 φίλτρῳηθερμῷ
3238 2364 3651 2434 πυρσευόμενος

2067 2452 2178 2510 οἷόν
2205 2475 2309 2510 τινι
2340 2457 2503 2530 κόλλῃ
2531 2459 2596 2526 τῇ
2627 2459 2836 2528 μνήμῃ,
2871 2456 2948 2527 τῷ
2977 2456 3054 2526 σῷ
3081 2456 3229 2527 πόοῳ
3263 2457 3648 2527 προσδέδεμαι.

2066 2545 2201 2603 Εἶτα
2221 2550 2456 2602 δείκνυσι
2481 2549 2572 2601 τὸν
2596 2549 2689 2600 τοῦ
2715 2549 2881 2601 πόθου
2917 2549 3144 2620 καρπόν.
3185 2549 3363 2617 Ἐμοῦ
3389 2548 3457 2601 δὲ
3509 2550 3652 2603 ἀντ-

2065 2639 2308 2694 ελάϐετο
2335 2642 2374 2708 ἡ
2401 2639 2570 2703 δεξιά
2595 2656 2731 2693 σου.
2757 2641 2865 2692 Καὶ
2893 2641 2974 2703 τίς
3007 2640 3072 2693 ἂν
3105 2639 3189 2710 εἴη
3224 2640 3372 2704 δεξιά
3404 2641 3501 2693 τοῦ
3530 2642 3647 2694 Πα-

2065 2734 2194 2804 τρὸς
2222 2733 2254 2805 ἢ
2282 2736 2310 2786 6
2346 2733 2638 2803 μονογενὴς
2670 2733 2834 2787 αὐτοῦ
2858 2734 2984 2796 Υἱός
3007 2751 3021 2797 ;

2135 2826 2314 2879 Αὐτοὶ
2335 2825 2402 2878 δὲ
2428 2827 2516 2889 εἰς
2532 2825 2731 2893 μάτην
2768 2825 3066 2892 ἐζήτησαν
3103 2826 3217 2894 τὴν
3261 2825 3476 2893 ψυχήν
3505 2842 3646 2894 μου.

2065 2915 2420 2987 Κατακράζει
2442 2917 2628 2969 λοιπὸν
2661 2917 2768 2970 τῶν
2808 2918 3200 2986 ἀντικειμένων
3235 2917 3518 2988 δυνάμεων
3539 2957 3554 2981 ,
3583 2920 3651 2988 ἣν

2067 3009 2324 3078 ὑπέμεινε
2359 3008 2792 3078 προϐαλλόμενος
2829 3009 2984 3078 βίαν,
3019 3008 3308 3078 εὐχόμενος
3358 3012 3478 3072 ταῖς
3518 3011 3648 3062 αἰω-

2064 3097 2198 3162 νίοις
2225 3101 2422 3161 αὐτοὺς
2449 3099 2813 3170 παραδοθῆναι
2843 3101 3147 3154 κολάσεσιν.
3243 3157 3246 3160 ,

2148 3190 2201 3241 '0
2231 3189 2298 3242 δὲ
2320 3191 2622 3257 ,ϐασιλεὺς
2655 3191 3134 3259 εὐφρανθήσεται
3156 3192 3256 3246 ἐπὶ
3283 3192 3364 3258 τῷ
3399 3193 3542 3260 Θεῷ.
3574 3194 3652 3248 Τδ

2063 3278 2216 3342 τέλος
2245 3280 2352 3332 τῶν
2384 3281 2461 3342 εἰς
2487 3280 2722 3351 Χριστὸν
2762 3280 3146 3352 ἀσεϐησάντων
3186 3281 3491 3347 διεξελθὼν,
3549 3283 3654 3336 καὶ

2063 3370 2262 3435 δείξας,
2304 3372 2380 3435 ὡς
2409 3373 2565 3442 μερὶς
2590 3375 2683 3425 καὶ
2707 3373 2906 3443 κλῆρος
2935 3373 3118 3437 αὐτοῖς
3153 3376 3438 3444 γενήσεται
3463 3375 3533 3428 τά
3552 3393 3652 3428 κα-

2062 3462 2282 3516 τώτατα
2312 3464 2453 3535 μέρη
2480 3465 2579 3534 τῆς
2607 3465 2732 3534 γῆς,
2773 3466 2865 3518 ἐπὶ
2897 3465 2956 3517 τὸ
2983 3465 3169 3536 ἕτερον
3194 3467 3379 3536 τάγμα
3424 3466 3516 3519 τὸν
3554 3466 3652 3519 λό-

2062 3573 2156 3624 γον
2193 3556 2475 3626 μεθίστησι
2496 3575 2508 3587 ο
2541 3558 2701 3611 τοῦτο
2723 3559 2779 3611 δέ
2804 3556 2872 3629 ἦν
2897 3560 2956 3612 τὸ
2993 3561 3101 3612 τῶν
3125 3562 3532 3614 πιστευσάντων
3561 3565 3649 3626 εἰς

2062 3651 2105 3702 Χ
2117 3650 2321 3720 ριστὸν,
2363 3651 2435 3716 οἳ,
2463 3651 2559 3704 καλ⁸
2610 3651 2884 3720 βασιλείας
2917 3652 3210 3723 ἠξιωμένοι
3234 3655 3341 3706 τῶν
3373 3655 3646 3726 οὐρανῶν,

2061 3741 2284 3803 εἰκότως
2317 3742 2409 3794 καὶ
2448 3741 2686 3811 βασιλεῖς
2707 3742 3082 3812 ὀνομάζονται,
3133 3745 3276 3798 κατὰ
3311 3746 3372 3798 τὸ
3409 3749 3646 3817 εἰρημέ-

2061 3849 2149 3884 νον
2180 3831 2331 3902 παρά
2355 3831 2432 3901 τῷ
2469 3833 2774 3903 ’Λποστόλῳ
2792 3851 2805 3864 ·
2835 3835 2945 3886 Καὶ
2972 3833 3207 3903 ὤφελόν
3232 3853 3299 3904 γε
3329 3837 3648 3890 ἐϐασαεύ-

2061 3940 2227 3978 σατε.
2269 3917 2435 3988 Οὗτος
2461 3925 2516 3976 δὲ
2540 3920 2607 3995 ἢν
2636 3927 2663 3977 6
2689 3925 2986 3994 βασιλεύων
3016 3926 3162 3990 λαὸς,
3197 3928 3256 3991 ὃς
3284 3929 3644 4000 εὐφραίνεται

2060 4015 2155 4086 τὴν
2183 4015 2378 4086 νοητὴν
2409 4016 2770 4088 εὐφροσύνην,
2799 4019 2865 4089 ἣν
2893 4020 3053 4083 αὐτὸς
3080 4019 3228 4089 αύτῷ
3261 4021 3582 4091 κεχάρισται
3615 4024 3648 4074 6

2060 4109 2209 4171 Θεός.
2253 4107 2412 4176 Ἐγὼ,
2440 4110 2624 4178 φησὶν,
2657 4112 2684 4162 6
2722 4110 2871 4180 παρὰ
2897 4111 2990 4163 σού
3010 4113 3109 4182 τὴν
3135 4112 3407 4180 βασιλείαν
3437 4113 3641 4180 λαϐὼν,

2059 4205 2124 4270 τῇ
2163 4204 2226 4272 σῇ
2255 4201 2565 4272 ἐπικουρία,
2599 4203 2659 4254 ού
2692 4202 2769 4274 τῷ
2811 4203 3024 4275 θανάτῳ
3069 4206 3310 4268 ἐκείνων,
3348 4207 3643 4277 ἑφήδομαι.

2073 4292 2555 4357 Ἐπαινεθήσεται
2583 4293 2702 4360 πᾶς
2745 4298 2778 4348 ὁ
2821 4297 3059 4364 ὀμνύων
3105 4298 3174 4348 ἐν
3201 4297 3381 4362 αὐτῷ.
3433 4298 3646 4364 Οὕτως,

2061 4386 2214 4453 φησι,
2245 4385 2340 4437 καὶ¹
2360 4383 2621 4456 καύχημα
2644 4386 2822 4440 αὐτῶν
2858 4387 3009 4441 ἔσται
3040 4388 3274 4459 Χριστὸς
3294 4429 3307 4452 ,
3338 4389 3448 4443 τῶν
3487 4389 3647 4460 βασι-

375 4468 546 4522 menti
571 4468 740 4524 Deum
771 4478 1043 4524 statuunt.
1072 4469 1345 4526 Jurabunt
1369 4473 1513 4527 enim
1543 4489 1639 4543 per
1667 4474 1837 4530 Deum
1867 4492 1956 4532 ve-

2075 4478 2365 4531 teucdwtwv
2396 4476 2674 4547 δηλονότι·
2701 4478 2777 4541 ὡς
2805 4480 2897 4531 καὶ
2935 4480 3120 4550 ὅρκιον
3168 4481 3330 4534 αὐτὸν
3378 4483 3645 4552 ποιουμέ-

375 4576 523 4627 rum,
555 4561 699 4616 sicut
731 4564 994 4632 scriptum
1029 4573 1131 4619 est.
1171 4564 1310 4629 Quia
1342 4565 1668 4620 obstructum
1697 4576 1776 4622 est
1803 4585 1861 4623 os
1887 4568 1960 4622 ιο.

375 4653 648 4722 quentium
675 4655 880 4724 iniqua.
913 4654 1216 4726 Ecquinam
1253 4667 1383 4712 sunt
1413 4658 1530 4723 illi,
1577 4659 1683 4714 nisi
1713 4660 1807 4729 qui
1839 4662 1958 4716 ausi

377 4754 507 4799 sunt
534 4746 716 4801 dicere
743 4766 755 4800 :
786 4747 929 4802 Tolle
959 4751 1022 4803 de
1048 4761 1188 4804 terra
1213 4751 1538 4818 hujusmodi,
1573 4769 1676 4805 non
1697 4755 1836 4806 enim
1867 4769 1960 4807 ex-

376 4839 519 4907 pulit
565 4847 685 4925 e’m
730 4840 968 4896 vivere‘?
1015 4842 1221 4899 Horum
1277 4845 1463 4914 itaque
1502 4860 1566 4901 os
1611 4846 1953 4900 obstructum

376 4939 462 4984 est
485 4970 507 4995 ,.
549 4938 837 5000 postquam
892 4932 1156 4989 Dominus
1201 4945 1432 4989 mortem
1479 4935 1955 4993 conculcasset'ae

376 5031 503 5092 post
544 5023 785 5078 triduum
833 5027 1242 5081 resurrexisset.
1294 5028 1649 5098 lpsarumque
1695 5030 1954 5086 adversa—
2007 5050 2009 5052 ·

375 5113 585 5169 riarum
628 5125 961 5185 potestatum
995 5133 1056 5172 os
1100 5119 1439 5174 obstructum
1478 5120 1607 5187 fuit,
1641 5123 1820 5178 ablato
1858 5141 1954 5194 per

378 5208 606 5276 gratiam
638 5217 885 5276 peccato,
919 5220 978 5264 ut
1013 5211 1140 5264 alibi
1169 5213 1374 5266 dictum
1413 5223 1534 5269 est:
1563 5215 1630 5268 El
1659 5217 1825 5269 omnis
1848 5218 1954 5270 ini-

377 5303 551 5369 quitus
581 5303 835 5372 oppilabit
857 5320 913 5357 os
943 5320 1094 5357 suum
1116 5308 1156 5360 ⁸.
1190 5305 1323 5359 Deus
1346 5308 1488 5361 enim
1520 5319 1594 5362 est
1617 5310 1950 5378 quijmlicat,

375 5405 428 5452 rt
461 5399 576 5466 quis
605 5407 682 5452 est
709 5401 799 5464 qui
833 5398 1208 5452 condemnet"?

451 5601 498 5634 ⁸⁸
524 5601 542 5655 l
567 5603 698 5662 Cor.
740 5621 811 5670 Iv,
837 5605 891 5660 8.
972 5606 988 5636 ¹
1027 5605 1147 5661 Act.
1184 5620 1324 5669 un,
1358 5603 1448 5657 ‘22.
1528 5606 1548 5635 ²
1575 5603 1723 5661 Psal.
1753 5621 1862 5670 ενι,
1892 5605 1978 5660 42.

2062 4588 2187 4633 νους
2230 4571 2569 4624 ἐπαινεῖσθαι
2616 4571 2858 4635 δικαίως.
2907 4572 3192 4642 Ὀμοῦνται
3219 4572 3324 4644 γὰρ
3345 4573 3477 4626 Θεὸν
3507 4574 3634 4646 ἁληο

2063 4661 2228 4724 θινὸν,
2260 4661 2398 4712 κατὰ
2425 4660 2486 4712 τὸ
2519 4661 2906 4732 γεγραμμένον
2928 4678 2941 4691 ·
2972 4662 3101 4714 ’Ὁτι
3122 4662 3420 4732 tit-£5:de
3445 4666 3645 4733 στόμα

2061 4754 2416 4806 λαλούντων
2440 4753 2634 4805 ἄδικα.
2669 4753 2777 4806 Καὶ
2805 4754 2950 4817 τίνες
2981 4749 3122 4809 οὗτοι
3163 4755 3195 4825 ἣ
3250 4757 3298 4807 οἱ
3335 4755 3646 4828 τολμήσανη

2061 4862 2152 4907 τες
2185 4847 2379 4906 εἰπεῖν,
2407 4841 2546 4911 Αἶρε
2565 4845 2633 4896 ἐκ
2671 4843 2779 4912 τῆς
2806 4843 2918 4912 τῆς
2943 4845 3051 4898 τὸν
3077 4846 3347 4900 τοιοῦτον
3368 4863 3381 4876 °
3423 4850 3495 4901 οὐ
3531 4848 3644 4917 γὰρ

2063 4936 2325 5003 καθῆκεν
2369 4935 2555 4989 αὑτὸν
2598 4935 2987 5004 ζῇν;Τούτων
3017 4937 3079 5008 δὴ
3126 4933 3219 4990 οὖν
3273 4940 3550 5011 ἐνεφράγη
3579 4942 3644 4993 τὸ

2065 5029 2256 5098 στόμα,
2292 5031 2631 5100 πατήσαντος
2653 5029 2746 5082 τού
2769 5031 2972 5100 Κυρίου
2995 5031 3086 5085 τὸν
3107 5031 3356 5095 θάνατον,
3375 5034 3470 5086 καὶ
3496 5053 3643 5107 τριη-

2065 5121 2232 5192 μέρου
2261 5121 2614 5184 ἀναστάντος.
2653 5122 2761 5174 Καὶ
2794 5123 2974 5174 αὐτῶν
3003 5122 3060 5175 δὲ
3097 5123 3205 5175 τῶν
3245 5125 3637 5195 ἀντικειμένων

2059 5209 2337 5280 δυνάμεων
2363 5210 2635 5282 ἐνεφράγη
2658 5210 2717 5262 τὸ
2744 5211 2936 5280 στόμα,
2961 5212 3308 5283 ἀνῃρημένης
3341 5215 3440 5285 τῆς
3456 5217 3638 5286 ἀμαρ-

2060 5303 2181 5366 τίας
2217 5302 2306 5356 διὰ
2338 5304 2436 5374 τῆς
2468 5303 2706 5374 χάριτος,
2736 5303 2877 5376 κατᾲ
2921 5305 2982 5357 τὸ
3024 5305 3309 5376 εἰρημένον
3363 5307 3636 5378 ἀλλαχοῦ·

2065 5396 2171 5449 Kal
2190 5395 2356 5449 πᾶσα
2385 5394 2599 5464 ἀνομία
2624 5395 2907 5464 ἐμμράξει
2933 5396 2999 5449 τὸ
3025 5398 3220 5466 στόμα
3247 5397 3458 5468 αὐτῆς.
3494 5399 3642 5468 Θεὸς

2063 5489 2170 5559 γὰρ
2195 5491 2228 5541 ό
2260 5487 2522 5550 δικαιῶν,
2560 5487 2656 5540 καὶ
2681 5488 2771 5554 τίς
2804 5491 2836 5542 ό
2863 5490 3268 5557 κατακρίνων;

2059 5607 2080 5638 ³
2109 5605 2267 5659 Rom.
2299 5619 2395 5658 vm
2418 5643 2431 5667 ,
2467 5603 2553 5657 5i.

451 5721 568 5798 (25)
605 5724 650 5781 Α
675 5726 934 5784 Cordcrio
969 5730 1070 5784 alia
1115 5729 1417 5786 afferuntur
1454 5745 1574 5798 quae
1621 5730 2067 5801 sunt‘Theodori.
