3872 6216
166 352 276 408 281

319 466 427 530 Είς
461 461 527 515 τὸ
557 460 751 524 τέλος,
796 455 1104 510 ΨΑΛΜΟΣ
1131 449 1210 514 τῷ
1247 450 1444 504 Δαυΐδ.
1481 449 1612 501 EI".

811 550 871 601 Ὺ
869 549 1136 612 πόθεσις.

171 649 379 704 Τοῦτον
422 647 548 718 ᾄδει·
568 643 660 696 τὸν
711 640 924 710 ψαλμὸν
975 641 1040 691 ὲκ
1087 634 1378 706 προσώπου
1422 630 1532 685 τῶν
1582 628 1754 697 ἁγίων

244 737 584 801 ἀποστόλων,
629 732 936 804 εὐχομένων
972 727 1351 797 ἀπαλλαγῆναι
1395 722 1504 776 τῶν
1546 719 1753 791 ἐχθρῶν

243 833 338 886 τοῦ
367 826 722 897 εὐαγγελικοῦ
749 824 1122 896 κηρύγματος,
1157 815 1531 889 διηγουμένων
1562 830 1620 864 τε
1657 828 1754 863 σα-

245 924 364 992 φῶς
392 921 464 973 τά
491 915 1003 972 κατασκευασθέντα
1031 913 1215 974 αὐτοῖς
1244 908 1396 980 ποιρά
1425 906 1534 959 τῶν
1558 903 1752 975 ἀρχόν-

242 1032 353 1067 των
379 1012 472 1065 τοῦ
499 1009 627 1063 λαοῦ
655 1008 763 1060 τῶν
796 1007 1088 1071 Ἰουδαίων,
1123 1005 1158 1058 ἃ
1183 1021 1244 1056 τε
1267 1000 1752 1071 ὑπομεμενήκασιν

243 1106 399 1159 αὐτοὶ
416 1143 431 1167 ,
461 1102 616 1172 δῆλον
647 1101 722 1165 δὲ,
758 1101 840 1152 ὅτι
865 1100 915 1151 οἱ
942 1095 1330 1168 προλεχθέντες
1350 1094 1630 1164 ἄρχοντες,
1656 1090 1752 1160 τῆς

244 1199 325 1259 είς
363 1193 599 1266 Χριστὸν
624 1190 884 1253 ἀσεϐείας
907 1189 1117 1242 ἕνεκεν.

243 1285 651 1346 Είσάκουσον,
693 1286 726 1336 ὁ
754 1282 918 1347 Θεὸς,
947 1280 1153 1349 φωνῆς
1169 1296 1288 1348 μου
1309 1276 1378 1328 ἐν
1406 1273 1486 1338 τῷ
1514 1271 1754 1326 δέεσθαι

165 1396 260 1446 με.
293 1376 459 1442 Δέξαι
484 1392 608 1446 μου,
631 1375 787 1444 φησὶ,
816 1373 1084 1435 Δέσποτα,
1109 1370 1208 1440 τὴν
1242 1367 1498 1432 ἱκετείαν,
1517 1362 1752 1433 καὶερῶ-

173 1467 264 1519 σόν
288 1483 391 1536 μου
417 1465 516 1533 τὴν
550 1464 808 1526 διάνοιαν,
835 1462 975 1514 ὥστε
1013 1460 1087 1530 μὴ
1122 1458 1352 1511 δεδιέναι
1376 1455 1475 1518 τὰς
1519 1450 1752 1522 προσϐο-

171 1556 290 1619 λάς.
328 1555 461 1609 Ἀπὸ
495 1556 682 1623 εοόϐου
714 1552 931 1621 ἐχθροῦ
971 1549 1186 1614 ἐξελοῦ
1233 1546 1348 1614 τὴν
1370 1542 1582 1615 ψυχήν
1608 1559 1746 1610 μου.

175 1649 400 1717 ἰιμοιον
428 1646 538 1716 τῷ·
572 1646 680 1699 Καὶ
705 1643 843 1709 νῦν,
876 1644 1072 1710 Κύριε,
1105 1639 1273 1693 ἔπιδε
1302 1637 1400 1690 ἐπὶ
1434 1637 1542 1700 τὰς
1587 1634 1752 1687 ἀπει-

169 1740 283 1804 λὰς
306 1737 528 1801 αὐτῶν,
561 1736 660 1790 καὶ
683 1735 789 1801 δὸς
833 1734 959 1798 τοῖς
989 1732 1232 1798 δούλοις
1275 1745 1390 1784 σου
1417 1725 1568 1798 μετὰ
1599 1727 1748 1792 παῤ-

163 1830 390 1897 ρησίας
416 1827 634 1881 λαλεῖν
665 1825 773 1878 τὸν
791 1826 976 1894 λόγον
1009 1837 1148 1876 σου.

242 1923 474 1985 Οἵτινες
513 1920 834 1987 ἠκόνησαν
861 1917 941 1981 ώς
974 1914 1279 1984 ῥομφαίαν
1313 1911 1419 1976 τὰς
1464 1910 1749 1980 γλώσσας

168 2012 385 2067 αὐτῶν.
419 2010 608 2064 Ταῦτά
638 2026 800 2079 φησι,
840 2008 931 2061 διὰ
960 2007 1021 2059 τὸ
1057 2003 1506 2076 βλασφημοῦντας
1554 2003 1749 2064 αὐτοὺς

165 2103 257 2157 τὸν
316 2101 523 2172 Ἰησοῦν
577 2100 756 2168 λέγειν
807 2101 919 2161 τοῖς
965 2096 1320 2158 ἀποπύλοιςο
1376 2093 1749 2162 Παραγγελίᾳ

167 2192 654 2262 παρηγηἚίλαμεν
699 2189 842 2258 ὑμῖν
885 2187 1102 2258 μηδενὶ
1134 2185 1346 2240 λαλεῖν
1367 2185 1464 2238 ἐπὶ
1494 2183 1572 2249 τῷ
1612 2183 1746 2236 ὀνό-

158 2302 300 2355 ματι
327 2285 538 2348 τούτῳ.
571 2312 642 2322 -
691 2281 1030 2335 Ἐνέτειναν
1059 2279 1240 2342 τόξον
1277 2276 1475 2331 αὐτῶν
1510 2273 1748 2343 πρᾶγμα

164 2376 398 2443 πικρόν.
438 2373 609 2439 Τόξου
641 2372 766 2444 βολῇ
788 2374 859 2424 τὰ
893 2368 1224 2448 θανατοποιὰ
1255 2369 1354 2438 τῆς
1371 2365 1621 2435 γλώσσης
1647 2366 1745 2416 αύ-

164 2468 270 2520 τῶν
296 2466 638 2537 παραϐάλλει
673 2467 914 2536 ῥήματα.
954 2463 1078 2525 Πῶς
1135 2461 1243 2543 γάρ
1303 2460 1362 2512 οὺ
1418 2455 1747 2511 θανατοποιά

163 2562 230 2614 τά
259 2560 469 2612 πείθειν
491 2555 988 2628 ὲπιχειροῦντα.μὴ
1015 2553 1147 2607 Θεὸν
1168 2551 1446 2606 πιστεύειν
1479 2545 1620 2602 εἶναι
1654 2548 1746 2600 τὸν

180 2649 390 2720 Ἰησοῦν
409 2666 424 2715 ;

244 2737 534 2803 Ἐξάπινα
557 2737 1108 2800 κατατοξεύσουσιν
1130 2732 1337 2793 αὐτὸν,
1383 2732 1482 2787 καὶ
1520 2735 1591 2785 οὐ
1639 2748 1745 2800 φο-

162 2829 546 2898 ϐηθήσονται.
572 2827 872 2898 Λοχῶντες,
901 2826 1086 2895 φησὶν,
1109 2822 1371 2892 ἐξαίφνης
1400 2821 1640 2884 ἐπίασιν,
1681 2823 1742 2874 οὑ

159 2924 393 2985 δεδιότες
418 2923 509 2975 τὸν
533 2921 815 2991 ἐφορῶντα
847 2919 997 2971 Θεόν.
1041 2915 1486 2983 Ἐκραταίωσαν
1507 2913 1744 2978 ἑαυτοῖς

159 3015 346 3083 λόγον
381 3014 650 3079 πονηρόν
684 3028 696 3040 ·
728 3011 788 3062 τὸ
817 3006 1281 3061 διαϐεϐαιοῦσθαι·
1309 3007 1424 3058 Οὐκ
1471 3005 1668 3075 ἀνέστη
1714 3007 1742 3058 ό

1303 333 1667 392 EXPOSITIO
1701 333 1768 390 IN
1809 329 2138 388 PSALMUM
2167 328 2345 384 LXIII.

1780 451 1829 507 A

3319 318 3430 383 9.82

2027 443 2080 495 1.
2121 439 2188 494 In
2212 439 2395 509 ﬁnem;
2423 432 2766 490 PSALMUS
2796 431 2990 485 Dat-id.
3027 428 3249 484 LXIII.

2435 523 2839 593 Argumentum.

1856 620 2013 676 llunc
2061 618 2208 674 canit
2235 617 2508 688 psalmum
2546 630 2611 668 ex
2651 628 2884 684 persona
2935 619 3251 667 sanctorum
3297 625 3428 680 apo-

1927 714 2224 778 stolorum,
2295 711 2388 780 qui
2450 717 2641 777 rogant
2697 705 2915 760 liberari
2965 721 3023 759 se
3074 705 3142 759 ab
3188 703 3426 758 inimicis

1927 800 2250 870 evangelica:
2277 797 2700 868 praedicationis,
2723 804 2777 849 et
2797 794 3030 848 dilucide
3058 801 3284 847 narrant
3305 808 3430 862 qua:

1927 892 2217 946 adversum
2255 904 2315 944 se
2355 903 2387 943 a
2428 887 2766 957 principibus
2811 885 2996 955 populi
3031 883 3243 938 Judaici
3279 892 3428 953 gesta

1923 984 2077 1039 sint:
2117 995 2347 1051 quaeque
2393 980 2532 1050 ipsi,
2585 977 2835 1032 videlicet
2882 976 3068 1047 populi
3112 976 3424 1046 principes,

1925 1071 2218 1142 impietatis
2249 1086 2376 1140 erga
2414 1069 2692 1124 Christum
2727 1082 2891 1123 causa
2944 1068 3056 1122 sint
3087 1066 3354 1138 perpessi.

1921 1249 1975 1301 2.
2016 1245 2253 1309 Exaudi,
2288 1245 2449 1307 Deus,
2493 1245 2782 1298 orationem
2809 1260 2977 1296 meam
3015 1259 3131 1296 cum
3157 1244 3422 1312 deprecor.

1851 1339 2068 1409 Accipe,
2104 1339 2309 1407 inquit,
2350 1337 2596 1400 Domine,
2628 1335 3080 1406 supplicationem
3128 1350 3340 1400 meam,
3373 1342 3426 1387 et

1852 1439 2086 1484 mentem
2132 1430 2394 1483 conﬁrma
2442 1444 2652 1492 meam,
2709 1437 2768 1481 ut
2811 1442 2878 1481 ne
2923 1427 3142 1479 timeam
3196 1426 3424 1494 impetus

1853 1520 2218 1576 inimicorum.
2252 1521 2291 1572 A
2325 1520 2511 1572 timore
2546 1520 2750 1572 inimici
2795 1520 2935 1589 eripe
2970 1519 3203 1571 animant
3232 1533 3420 1568 meam.

1854 1611 2040 1664 Simile
2081 1611 2158 1664 illi
2201 1625 2214 1662 :
2267 1609 2334 1663 Et
2387 1626 2561 1675 nunc,
2614 1608 2875 1676 Domine,
2917 1609 3112 1675 respice
3153 1608 3210 1659 in
3254 1606 3424 1658 minas

1852 1720 2069 1770 eorum,
2114 1713 2163 1756 et
2193 1702 2262 1755 da
2292 1703 2453 1756 servis
2497 1703 2600 1754 tuis
2628 1717 2745 1753 cum
2789 1701 2989 1770 ﬁducia
3035 1699 3177 1770 loqui
3216 1698 3424 1752 verbum

1782 1787 1822 1846 Β
1853 1803 2003 1846 tuum
2019 1792 2040 1822 ⁴
2068 1791 2202 1860 (26).

1919 1947 1972 2001 4.
2016 1946 2155 2012 Quia
2179 1955 2499 2000 emacuerunt
2534 1954 2589 1998 ut
2616 1945 2852 2015 gladium
2878 1945 3088 2014 linguas
3119 1961 3267 1997 suas.
3299 1942 3422 1998 Haec

1850 2040 1959 2107 ait,
2008 2041 2136 2109 quia
2182 2040 2501 2107 blasphema
2553 2037 2608 2090 in
2639 2035 2824 2091 Jesum
2861 2035 3006 2090 dicta
3051 2034 3418 2104 proferentes,

1847 2130 2373 2199 dicebantapostolis
2408 2147 2420 2182 :
2461 2128 2821 2196 Prwcipiendo
2837 2129 3175 2196 praecepimus
3202 2126 3422 2179 vobisne

1848 2221 2102 2274 doceretis
2133 2221 2187 2272 in
2220 2221 2425 2272 nomine
2449 2217 2607 2271 isto".
2639 2248 2699 2256 —
2736 2216 3080 2271 Intenderunt
3107 2234 3287 2271 arcum
3315 2233 3423 2270 rem

1847 2328 2106 2365 amaram.
2137 2311 2312 2365 Arcus
2340 2308 2534 2364 missili
2561 2308 2811 2363 lethil'era
2844 2309 3042 2378 linguae
3063 2324 3251 2362 eorum
3279 2307 3422 2363 dicta

1848 2412 2146 2472 comparat.
2193 2401 2479 2467 Quomodo
2531 2403 2675 2456 enim
2721 2417 2830 2455 non
2885 2400 3133 2457 lethil‘era
3185 2401 3419 2464 iuerint,

1846 2510 1968 2563 quae
2013 2495 2266 2548 nituntur
2311 2492 2643 2562 persuadere
2674 2489 2860 2547 Jesum
2895 2507 3004 2546 non
3035 2492 3183 2547 credi
3222 2491 3422 2546 debere

1847 2584 2017 2641 Deum
2033 2585 2056 2638 ?

1916 2739 1970 2794 6.
2013 2738 2200 2794 Subito
2225 2740 2552 2810 sagittabunt
2580 2756 2698 2792 eum
2733 2749 2782 2793 et
2829 2755 2934 2792 non
2976 2737 3250 2792 timebunt.
3277 2734 3417 2790 Insi-

1844 2839 2077 2904 diantes,
2115 2839 2327 2908 inquit,
2360 2838 2544 2893 subito
2585 2839 2847 2906 impetum
2877 2835 3141 2900 fecerunt,
3173 2848 3280 2888 non
3306 2845 3420 2885 me-

1843 2943 2058 2988 tuentes
2091 2936 2456 3004 inspectorem
2506 2932 2699 2986 Deum.
2744 2929 3118 2983 Firmaverunt
3160 2927 3260 2981 sibi
3303 2942 3414 2980 ser-

1844 3042 2048 3079 monem
2070 3042 2313 3095 nequam,
2338 3025 2483 3095 quod
2518 3023 2849 3078 allirmarent
2885 3021 3174 3076 Dominum
3208 3033 3238 3072 a
3271 3032 3417 3072 mor-

161 3105 366 3172 Κύριος
388 3102 451 3154 ὲκ
475 3101 704 3171 νεκρῶν.
728 3098 1103 3168 Διηγήσαντο
1125 3096 1231 3149 τοῦ
1255 3097 1480 3164 κρύψαι
1495 3095 1736 3164 παγίδα.

1858 3117 1950 3172 -ιιίε
1980 3133 2088 3172 non
2125 3117 2512 3172 resurrexisse.
2557 3113 2929 3167 Narraverunt
2960 3121 3018 3165 ut
3045 3111 3417 3165 absconderem

162 3195 311 3244 Ἀνω
335 3191 428 3243 καὶ
444 3190 613 3253 κάτω,
642 3189 828 3259 φησὶν,
858 3186 1206 3239 ἐϐουλεύοντο
1229 3186 1542 3238 ἀποκτεῖναι
1564 3185 1738 3256 λάθρα

156 3282 265 3334 τῶν
283 3280 650 3350 εύαγγελικῶν
665 3279 947 3348 δογμάτων
964 3278 1088 3338 τοὺς
1111 3278 1378 3346 κήρυκας.
1405 3276 1517 3340 Τίς,
1539 3271 1734 3337 εἶπαν,

158 3373 369 3440 ὄψεται
388 3373 643 3436 αὺτούς;
669 3369 856 3422 Ταῦτα
894 3369 1184 3438 ἔπραττον,
1222 3368 1386 3436 φησὶ,
1428 3365 1739 3436 νομίζοντες

161 3464 235 3534 μὴ
265 3464 518 3515 ἀπαιτεῖν
541 3461 739 3523 αὐτοὺς
772 3461 864 3512 τὸν
887 3459 1018 3511 Θεὸν
1056 3459 1156 3528 τῆς
1191 3458 1447 3529 τοιαύτης
1487 3458 1736 3520 ἀσεϐείας

158 3555 257 3616 τὰς
282 3553 462 3616 δίκας.

227 3646 706 3711 Προσελεύσεται
738 3642 1048 3710 ἄνθρωπος
1078 3641 1178 3695 καὶ
1235 3641 1446 3709 καρδία
1495 3643 1731 3706 βαθεῖα.

156 3738 216 3788 Ol
246 3737 346 3807 μὲν
381 3736 708 3806 παράνομοι,
738 3736 923 3806 φησὶν,
955 3735 1015 3787 ού
1049 3733 1284 3786 διέλιπον
1332 3735 1544 3806 πονηρά
1594 3738 1735 3788 κατὰ

154 3827 245 3881 τοῦ
298 3829 506 3901 Κυρίου
541 3827 956 3898 βουλευόμενοι·
1012 3826 1168 3879 τοῦτο
1196 3828 1304 3898 γάρ
1327 3829 1441 3880 ἐστι
1469 3828 1529 3880 τό
1548 3846 1560 3858 ο
1611 3829 1734 3892 Ἐξ-

153 3922 503 3988 ηρεύνησαν
516 3921 790 3990 ἀνομίαν·
810 3921 838 3972 ὀ
859 3919 916 3972 δὲ
933 3919 1025 3972 τοῦ
1046 3919 1180 3972 Θεοῦ
1197 3909 1480 3989 ἄνθρωπος
1496 3923 1523 3973 ὁ
1539 3921 1731 3973 συνετὰ

155 4010 541 4080 βουλευόμενος
575 4009 772 4080 (τοῦτο
816 4009 925 4079 γὰρ
959 4011 992 4080 ὴ
1042 4010 1231 4080 βαθεῖα
1265 4011 1458 4081 καρδία
1505 4012 1727 4081 δηλοῖ),

153 4103 247 4155 ἆτε
269 4101 520 4172 ἀκριϐῶς
552 4103 752 4172 νοήσας
778 4103 840 4155 τὸ
871 4104 1189 4173 μυστήριον,
1219 4104 1329 4166 τοῖς
1363 4103 1729 4174 προσήκουσιν

153 4190 342 4262 ὕμνοις
373 4192 735 4262 κεχρημένος,
771 4192 976 4262 ὑψώσει
1012 4194 1102 4246 τὸν
1125 4193 1274 4258 Θεὸν,
1305 4197 1444 4246 κατὰ
1486 4195 1546 4246 τὸ
1578 4197 1729 4265 εἰρη-

152 4281 311 4349 μένον
341 4281 609 4351 ἀλλαχοῦ’
659 4281 899 4350 Ὑψώσω
927 4298 1020 4345 σε,
1061 4284 1236 4350 Κύριε
1273 4287 1304 4336 ό
1341 4286 1484 4349 Θεός
1514 4303 1654 4352 μου,
1697 4288 1728 4338 ό

140 4373 445 4438 ,ϐασιλεύς
463 4390 603 4441 μου.
627 4373 816 4440 Βέλος
841 4375 1075 4441 νηπίων
1100 4373 1479 4442 ἐγενήθησαν
1499 4379 1558 4430 αἱ
1577 4380 1729 4443 πλη-

1839 3206 2068 3275 laqueos.
2105 3207 2333 3260 Sursum
2358 3204 2858 3272 deorsum,inquit,
2883 3203 3174 3258 consilium
3208 3201 3418 3256 inibant

1837 3311 1946 3366 quo
1980 3305 2138 3365 pacto
2172 3297 2497 3366 evangelicae
2544 3297 2805 3351 doctrinae
2839 3308 3114 3364 prmcones
3149 3293 3284 3346 clam
3325 3305 3417 3346 oc-

1837 3388 2097 3442 ciderent.
2149 3386 2427 3450 Dixerunt,
2471 3389 2586 3456 quis
2630 3387 2824 3441 videbit
2860 3388 2988 3439 eos?
3023 3383 3180 3448 Haec,
3207 3382 3413 3452 inquit,

1837 3480 2066 3549 agebant
2110 3480 2214 3534 rati
2264 3479 2432 3550 Deum
2477 3481 2544 3534 de
2597 3488 2745 3535 tanta
2778 3480 3054 3549 impietate
3083 3489 3272 3546 poenas
3305 3490 3412 3529 non

1836 3584 2149 3639 exposcere.

1906 3662 1958 3716 8.
1997 3661 2220 3716 Accedet
2243 3661 2394 3714 homo
2431 3671 2481 3714 et
2533 3677 2623 3714 cor
2655 3660 2849 3713 altum.
2905 3658 3082 3728 Iniqui
3137 3655 3410 3720 homines,

1835 3752 1928 3816 ait,
1962 3753 2122 3805 linem
2157 3768 2264 3805 non
2297 3753 2544 3805 fecerunt
2578 3752 2718 3804 mala
2752 3758 2939 3804 coritra
2975 3749 3262 3802 Dominum
3290 3761 3411 3800 ma—

1835 3843 2088 3897 chinandi
2136 3861 2148 3896 :
2193 3843 2244 3896 id
2299 3844 2440 3896 enim
2507 3843 2849 3911 significatur
2902 3856 2998 3909 per
3041 3841 3154 3893 haec
3202 3839 3407 3891 verba:

1835 3931 2075 3985 Scrutati
2110 3941 2231 3984 sunt
2266 3933 2619 4001 iniquitatem.
2666 3933 2731 3984 At
2784 3932 2949 3985 homo
2983 3929 3110 3994 Dei,
3155 3929 3248 3996 qui
3283 3943 3411 3996 pru-

1833 4023 2013 4077 dentia
2034 4023 2261 4076 consilia
2292 4023 2391 4076 init
2413 4023 2565 4092 (illud
2593 4023 2737 4077 enim
2762 4021 3050 4091 signiﬁcat,
3077 4037 3166 4072 cor
3189 4018 3407 4086 altum),

1832 4130 1956 4169 cum
1985 4123 2234 4169 accurate
2273 4116 2592 4184 mysterium
2624 4114 2998 4184 perpenderit,
3032 4111 3246 4183 hymnis
3276 4125 3409 4164 usus

1833 4207 2276 4277 congruentibus,
2327 4207 2498 4261 Deum
2544 4207 2833 4268 exaltabit,
2873 4206 3030 4274 juxta
3088 4204 3219 4258 illud
3261 4203 3408 4272 quod

1831 4297 1960 4350 alibi
2009 4297 2212 4352 dictum
2241 4307 2321 4352 est
2353 4317 2364 4352 :
2403 4297 2668 4352 Emaltabo
2705 4309 2775 4361 te,
2821 4297 3040 4350 Domine
3070 4295 3208 4348 Deus
3238 4311 3404 4356 meus,

1833 4404 1924 4441 rex
1967 4404 2110 4442 meus
2130 4390 2170 4442 ⁸.
2221 4387 2442 4459 Sugittw
2481 4390 2822 4458 parvulorum
2866 4388 3025 4456 [actce
3066 4395 3186 4440 sunt
3235 4385 3408 4454 plaga

144 4465 243 4533 γαί
271 4465 492 4518 αὐτῶν.
519 4465 701 4519 Εἰπὼν
736 4465 994 4518 αὐτῶντὸ
1025 4465 1168 4519 κατά
1201 4465 1308 4518 τῶν
1350 4468 1520 4534 ἁγίων
1555 4468 1724 4538 κηρύ-

1858 4495 2026 4533 orum.
2054 4479 2352 4548 Postquam
2374 4496 2565 4535 eorum
2597 4483 2859 4535 adversus
2886 4487 3103 4532 sanctos
3128 4479 3406 4546 praecones

145 4574 255 4609 κων
283 4556 532 4632 ἔπαρμα,
561 4555 898 4627 διεξέρχεται
935 4557 1027 4610 καὶ
1059 4556 1155 4627 τὴν
1180 4555 1473 4612 ἔκπτωσιν.

215 4648 327 4700 Καὶ
342 4647 607 4716 ἐφοϐήθη
641 4646 758 4713 πᾶς
783 4647 1109 4713 ἄνθρωπος.
1146 4648 1240 4711 Τίς
1271 4637 1379 4719 γὰρ
1406 4651 1504 4702 οὐκ
1536 4649 1601 4703 ἂν
1633 4667 1726 4719 φο-

143 4737 362 4808 ϐηθείη,
394 4738 700 4810 ἐπισκοπὴν
758 4741 822 4792 ὲκ
872 4739 1006 4792 Θεοῦ
1049 4739 1189 4809 ὁρῶν
1241 4741 1533 4811 γινομένην
1584 4743 1725 4796 κατά

139 4830 250 4882 τῶν
276 4829 490 4882 ἀσεϐῶν
520 4848 535 4896 ;

211 4921 712 4990 Ε-ὺφρανθήσεται
734 4923 964 4989 δίκαιος
985 4925 1055 4976 ἐν
1091 4923 1168 4989 τῷ
1222 4926 1418 4993 Κυρίῳ
1439 4965 1452 4988 ,
1495 4927 1593 4979 καὶ
1627 4927 1724 4980 ἑλ-

138 5016 268 5070 πιεῖ
285 5016 380 5069 ἐπ’
407 5013 585 5080 αὐτῷ.
604 5015 978 5086 Διαφερόντως
1005 5016 1053 5067 οἱ
1085 5014 1191 5067 τῶν
1219 5016 1376 5070 θείων
1397 5021 1574 5088 νόμων
1600 5020 1720 5070 ἐπι-

142 5107 307 5176 μελού
317 5123 469 5177 μενοι
508 5106 773 5177 θυμηδίας
805 5107 1230 5178 ἐμφορηθέντες,
1255 5107 1352 5178 τὴν
1373 5111 1452 5172 είς
1478 5109 1569 5161 τὸν
1588 5109 1718 5163 Θεὸν

137 5197 331 5249 ἐλπίδα
377 5195 600 5266 βεϐαίαν
639 5197 982 5268 ἐργάσονται.
1051 5200 1158 5251 Καὶ
1224 5199 1717 5266 ἐπαινεθήσονται

138 5287 362 5353 πάντες
387 5291 442 5341 οἱ
477 5288 671 5353 εὐθεῖς
691 5286 765 5356 τῇ
790 5288 1021 5356 καρδίᾳ.
1050 5290 1158 5342 Καὶ
1195 5291 1292 5362 τὴν
1323 5290 1472 5360 παρὰ
1509 5289 1717 5361 ἀνθρώ-

138 5396 258 5432 πων
291 5378 672 5449 καρπώσονται
699 5379 950 5432 εῦκλειαν
987 5379 1036 5433 οἱ
1073 5382 1209 5452 πρὸς
1233 5383 1365 5434 Θεὸν
1407 5381 1708 5435 διευούνονα

1830 4569 2090 4638 impetum
2124 4573 2421 4636 enarravit,
2449 4572 2558 4640 jam
2591 4585 2780 4626 eorum
2814 4570 3024 4623 ruinam
3056 4567 3332 4622 describit.

1903 4657 1990 4711 10.
2028 4657 2101 4710 Et
2150 4661 2328 4712 timuit
2381 4662 2551 4713 omnis
2598 4660 2770 4712 homo.
2821 4657 2956 4724 Quis
3001 4674 3105 4711 non
3155 4658 3402 4719 timeret,

1829 4749 2223 4840 inspectionem
2271 4759 2325 4805 et
2374 4752 2820 4821 perquisitionem
2875 4767 2904 4805 a
2975 4750 3084 4807 Deo
3141 4751 3404 4807 adversus

1829 4841 2028 4909 impios
2056 4841 2253 4896 factam
2293 4843 2560 4896 cernens?

1899 4934 1985 4987 11.
2030 4931 2324 4986 Laztabitur
2341 4931 2520 5000 justus
2551 4933 2604 4985 in
2634 4931 2859 4984 Domino
2894 4941 2940 4984 et
2968 4931 3197 5001 sperabit
3233 4948 3288 4984 ιη
3319 4947 3398 4986 co.
3445 4945 3452 4953 '

1827 5021 1930 5088 Qui
1975 5022 2188 5076 divinas
2224 5030 2420 5074 curant
2470 5022 2648 5092 leges,
2693 5022 2896 5092 ingenti
2929 5022 3128 5091 gaudio
3163 5022 3398 5090 perfusi,

1826 5127 1975 5180 spem
2026 5127 2152 5181 erga
2199 5111 2364 5165 Deum
2416 5113 2626 5166 lit-mam
2664 5113 2898 5166 ellicient
2933 5114 3068 5184 ('27).
3108 5112 3176 5164 Et
3212 5113 3401 5168 lauda-

1825 5203 2018 5256 buntur
2044 5220 2220 5257 omues
2255 5207 2380 5258 recti
2419 5205 2591 5258 corde.
2619 5204 2818 5259 Gloria:
2839 5205 3124 5275 laudisque
3156 5205 3394 5258 fructum

1823 5297 1966 5364 apud
1991 5295 2240 5350 homines
2263 5295 2455 5360 ferent,
2483 5296 2572 5365 qui
2607 5312 2634 5348 a
2668 5295 2776 5349 Deo
2801 5298 3131 5367 diriguntur,
3160 5310 3257 5348 nec
3280 5309 3398 5350 sus-

1819 5386 1989 5440 tinent
2014 5397 2165 5440 extra
2196 5387 2335 5440 viam
2372 5397 2570 5442 rectam
2607 5388 2874 5442 incedere.

135 5486 255 5532 τες,
286 5470 380 5522 καὶ
414 5471 515 5540 τῆς
537 5471 656 5525 ὀδοῦ
678 5471 780 5541 τῆς
812 5471 1026 5534 εὐθείας
1052 5472 1158 5538 ἔξω
1179 5472 1416 5542 βαδίζειν
1455 5473 1553 5525 οὐκ
1589 5473 1928 5543 ἀνεχόμενοι.

205 5586 228 5617 ⁸
258 5587 379 5641 Act.
407 5603 479 5650 Iv,
507 5588 600 5644 ‘29:
675 5589 696 5620 ⁵
729 5588 848 5644 Act.
881 5605 936 5655 ν,
978 5589 1030 5643 8.
1110 5591 1129 5622 ⁸
1155 5589 1300 5645 Psal.
1334 5607 1481 5656 XXIX,
1509 5593 1561 5644 2.

205 5677 480 5761 (26Llljc
511 5681 802 5761 Corderius
848 5685 948 5737 alia
992 5685 1173 5739 tribuit
1237 5687 1535 5744 Athanasio
1589 5703 1708 5758 qum

134 5759 265 5804 sunt
295 5751 590 5805 Theodori.

1909 5691 2016 5762 (27)
2042 5691 2137 5748 Hic
2161 5683 2264 5747 alia
2287 5693 2438 5747 affert
2459 5691 2766 5759 Corderirzs,
2795 5704 2914 5760 quae
2948 5696 3075 5742 sunt
3099 5686 3395 5744 Theodori.
