3872 6216
511 351 614 409 287

1360 349 1418 401 S.
1457 343 1834 400 ATHANASII
1872 345 2022 401 OPP.
2067 343 2249 399 PARS
2287 343 2375 398 Ill.
2415 371 2486 384 —-
2523 340 2934 398 EXEGETICA.

3673 333 3772 390 9.83

513 466 584 521 Et
611 465 776 522 ualles
819 465 1168 521 abundabunt
1198 467 1483 534 frumento.
1519 463 1628 518 Illae
1653 503 1668 527 ,
1707 463 1920 534 inquit,
1963 463 2092 518 olim
2125 519 2127 526 ,

2230 461 2307 515 ἰαί
2335 463 2396 514 al
2431 457 2708 524 κοιλάδες
2731 455 3114 524 πληθυνοῦσι
3139 453 3330 508 σῖτον.
3359 453 3424 506 Al
3451 452 3642 517 πάλαι,
3679 471 3776 522 φη-

511 555 882 626 pauperrimae
914 571 978 610 ac
1012 557 1228 612 steriles
1257 557 1500 627 gentium
1525 556 1745 620 animae,
1783 554 2090 624 spirituali-

513 647 621 702 bus
646 645 916 702 fructibus
950 647 1324 717 replebuntur.
1384 648 1742 713 Clamabunt,
1772 650 1966 702 etenim
2005 651 2098 718 Ity-

515 753 700 792 mnum
743 739 940 792 diceut.
992 739 1074 792 Ad
1107 741 1420 804 meliorem,
1471 741 1669 808 inquit,
1713 741 1960 796 deductae
1986 749 2098 796 sta-

515 835 656 892 tum,
691 827 880 893 valles,
909 843 972 883 ac
995 830 1214 899 repleta:
1246 830 1625 899 Spiritualibus
1661 829 1966 899 fructibus,
1994 832 2097 902 hy-

519 932 676 971 mnos
709 917 806 972 tibi
847 919 974 974 totis
999 921 1210 974 viribus
1244 919 1496 974 oﬂ‘erent.

519 1007 570 1062 l.
595 1006 662 1060 In
689 991 850 1077 ﬁnem
879 1011 1146 1064 canticum
1165 1009 1444 1066 PSALMI
1463 1009 1899 1067 Resurrectionis.
1921 1011 2095 1067 LXV.

1105 1101 1514 1172 Argumentum.

520 1188 872 1248 Vocationem
901 1193 1144 1262 gentium
1176 1210 1274 1264 per
1298 1196 1445 1250 hunc
1485 1195 1756 1264 psalmum
1801 1195 2095 1266 signiﬁcat,

588 1281 992 1352 annuntiatque
1039 1282 1284 1336 futuram
1361 1285 1668 1338 animarum
1741 1285 2102 1339 resurrectio-

589 1373 919 1442 nem,juxta
964 1373 1170 1428 dictum
1209 1375 1338 1428 illud
1376 1395 1386 1428 :
1425 1373 1700 1428 Suscitans
1734 1393 1764 1428 a
1802 1385 1942 1430 terra
1987 1378 2104 1430 ino—

592 1485 708 1530 pem
756 1471 822 1524 ¹¹⁵.
899 1468 1200 1526 Personam
1247 1471 1376 1525 item
1432 1470 1641 1525 inducit
1692 1471 2101 1540 apostolorum,

596 1561 972 1615 enarrantium
1003 1573 1206 1630 quanta
1235 1563 1346 1616 sint
1369 1577 1468 1632 pro
1501 1563 1812 1632 evangelica
1843 1563 2104 1633 praedica-

593 1656 744 1710 tione
769 1656 1046 1724 perpessi,
1081 1664 1135 1710 et
1165 1663 1302 1724 quot
1329 1656 1592 1710 aerumnis
1627 1657 1694 1709 ad
1729 1665 1930 1710 mter-ua
1970 1672 2104 1726 gau-

593 1744 683 1800 dia
715 1745 932 1802 deducti
979 1747 1108 1800 sint.
1149 1745 1487 1816 lnsuperque
1536 1744 1750 1800 Judaiei
1790 1747 1975 1816 pepuli
2019 1764 2100 1801 re-

595 1835 848 1904 probatio
877 1836 964 1890 hic
989 1835 1345 1907 signiﬁcatur.

595 2031 710 2084 2-4.
751 2030 993 2085 Jubilate
1023 2031 1166 2098 Deo,
1209 2037 1378 2086 omnis
1421 2043 1596 2101 terra,
1639 2034 1906 2104 psalmum
1947 2036 2107 2090 dicite

523 2122 723 2176 nomini
743 2122 876 2191 ejus.
912 2123 1178 2178 Jubilatio
1205 2136 1290 2180 est
1318 2127 1561 2180 victoriae
1593 2128 1870 2182 canticum
1895 2167 1910 2188 .
1958 2129 2106 2198 quod

523 2213 739 2266 canitur
767 2211 1066 2284 proﬂigatis
1089 2214 1352 2270 inimicis.
1385 2215 1554 2270 ϐαθεῖς
1587 2216 1774 2286 itaque
1815 2233 1911 2286 per
1941 2217 2106 2271 Chri-

521 2305 594 2360 sti
641 2305 932 2360 adventum
969 2307 1132 2376 hujus
1191 2307 1378 2362 saeculi
1423 2308 1798 2378 principibus,
1849 2310 2110 2379 jubeutur

522 2414 716 2454 omnes
786 2408 972 2470 gentes
1027 2401 1270 2454 victoria:
1333 2402 1548 2455 cantica
1611 2403 1888 2456 modulari
1967 2403 2104 2473 (‘28).

525 2489 699 2545 Dicite
721 2489 858 2546 Deo:
889 2489 1062 2556 Quam
1091 2491 1350 2545 terribilia
1381 2501 1678 2562 suntopera
1702 2501 1814 2556 tua,
1850 2493 2108 2546 Domine!

523 2581 846 2651 Cuiusmodi
885 2598 1074 2653 opera,
1115 2583 1223 2637 nisi
1256 2584 1439 2638 divina
1471 2585 1648 2654 signa,
1679 2585 1902 2653 etquod
1929 2585 2109 2652 impu-

523 2693 711 2733 rorum
739 2681 1047 2734 daemonum
1081 2689 1315 2734 catervae
1349 2679 1650 2750 proﬂigatae
1679 2679 1828 2734 sint?
1873 2679 1940 2732 In
1969 2677 2108 2732 mul-

525 2771 750 2825 titudine
775 2773 988 2825 virtutis
1027 2781 1130 2826 tute
1159 2774 1480 2826 mentiantur
1523 2773 1615 2824 tibi
1639 2772 1844 2824 inimici
1881 2774 1978 2824 tui.
2017 2771 2110 2824 Ju-

523 2862 770 2917 daeorum
803 2863 894 2918 hic
919 2874 1202 2932 stuporem
1231 2865 1516 2935 coarguit,
1566 2864 1660 2933 qui
1697 2879 1806 2916 non
1853 2865 1978 2918 sivit
2015 2879 2110 2916 eos

524 2953 918 3008 miraculorum
941 2954 1304 3023 magnitudini
1329 2954 1725 3022 obtemperare.
1755 2953 1938 3006 Omnis
1970 2965 2110 3006 terra

525 3045 711 3100 adoret
756 3055 804 3100 te
847 3055 896 3099 ct
933 3047 1128 3115 psallat
1163 3047 1278 3102 tibi.
1319 3046 1588 3112 Quoniam
1617 3085 1631 3108 ,
1669 3045 1880 3114 inquit,
1911 3044 2107 3108 iudici,

2203 554 2306 616 o‘tv,
2342 549 2682 620 ἀπορώτατοι
2711 549 2804 602 καὶ
2837 547 3019 616 ἄγονοι
3051 545 3160 598 τῶν
3203 544 3371 598 ἐθνῶν
3405 544 3578 614 ψυχαὶ
3619 561 3778 598 πνευ-

2203 642 2450 714 ματικῶν
2501 641 2732 712 καρπῶν
2783 639 2998 692 ἔσονται
3053 637 3299 708 πλήρεις.
3336 635 3776 704 Κεκράξονται’

2201 737 2300 790 καί
2323 737 2434 806 γὰρ
2451 733 2859 804 ὑμνήσουσιν.
2900 731 3024 785 Ἐπὶ
3043 732 3102 786 τὸ
3128 731 3332 800 βέλτιον
3353 727 3780 800 μεταϐαλοῦσαι,

2201 829 2385 899 φησὶν,
2415 829 2468 882 αἱ
2497 826 2742 889 κοιλάδες
2771 827 2864 878 καὶ
2883 823 3270 895 πληθυνθεῖσαι
3291 821 3500 892 νοητῶν
3527 821 3784 892 καρπῶν,

2201 921 2436 982 ἐκτενῶς
2467 937 2548 972 σοι
2573 920 2699 982 τοὺς
2729 917 2932 988 ὖμνους
2969 915 3403 986 ἀναπέμψουσιν.

2235 1017 2337 1079 Εἰς
2367 1015 2432 1066 τὸ
2467 1014 2639 1078 τέλος
2659 1011 2782 1080 ᾠδὴ
2828 1011 3146 1064 ΨΑΛΜΟΥ
3172 1007 3586 1074 ἀναστάσεως.
3615 1005 3748 1062 ΞΕ.

2839 1103 3163 1167 ’Υπόθεσις.

2204 1197 2314 1268 Τὴν
2345 1197 2535 1266 κλῆσιν
2569 1195 2677 1248 τῶν
2712 1195 2882 1248 ἐθνῶν
2913 1193 3002 1247 διά
3029 1193 3122 1246 τοῦ
3147 1191 3412 1263 παρόντος
3443 1189 3666 1261 ψαλμοῦ
3689 1207 3790 1244 κα-

2273 1287 2620 1358 τασημαίνει,
2671 1288 2766 1341 καὶ
2815 1288 2914 1357 τὴν
2953 1287 3250 1340 ἀνάστασιν
3282 1285 3380 1357 τὴν
3409 1285 3790 1356 γενησομένην

2275 1379 2383 1431 τῶν
2407 1379 2592 1450 ψυχῶν
2615 1379 2794 1433 αὐτῶν
2817 1378 3249 1447 εὐαγγελίζεται,
3286 1377 3428 1431 κατὰ
3457 1377 3519 1429 τὸ
3556 1377 3792 1448 εἰρημέ-

2280 1487 2370 1524 νον
2389 1489 2403 1502 σ
2448 1471 2510 1524 '0
2539 1469 2804 1524 ἀνιστῶν
2833 1471 2951 1524 ἀπὸ
2983 1469 3095 1539 γῆς
3127 1471 3386 1538 πτωχόν.
3419 1471 3530 1522 Καὶ
3565 1469 3678 1540 μὴν
3699 1471 3794 1521 καὶ

2277 1562 2383 1614 τῶν
2413 1563 2728 1617 ἀποστόλων
2759 1561 3002 1633 εἰσφέρει
3033 1561 3094 1613 τὸ
3131 1561 3423 1631 πρόσωπον
3444 1601 3458 1623 ,
3504 1559 3794 1614 διδασκόν-

2276 1671 2384 1706 των
2413 1655 2512 1708 ὄσα
2541 1655 2682 1726 ὑπὲρ
2711 1653 2804 1707 τοῦ
2827 1654 3181 1725 κηρύγματος
3199 1652 3498 1706 πεπόνθασι
3514 1651 3610 1708 τοῦ
3633 1653 3798 1720 εὐαγ-

2279 1743 2516 1812 γελικοῦ,
2551 1745 2644 1797 καὶ
2677 1745 2798 1796 ὅσαι
2829 1743 3036 1812 θλίψεις
3056 1745 3132 1806 εἰς
3173 1743 3424 1806 αἰωνίους
3453 1742 3798 1814 εὐφροσύνας

2281 1835 2546 1905 ἐξήγαγον
2565 1836 2780 1898 αὐτούς.
2809 1837 2928 1888 Ἔτι
2965 1835 3071 1906 μὴν
3105 1835 3200 1888 καὶ
3225 1834 3320 1886 τοῦ
3363 1835 3636 1889 Ἰουδαίων
3661 1836 3794 1890 λαοῦ

2285 1928 2608 1998 σημαίνεται
2641 1931 2672 1998 ἡ
2703 1927 2966 1998 ἀποϐολή.

2289 2046 2648 2110 Ἀλαλάξατε
2673 2043 2754 2110 τῷ
2777 2044 2898 2109 Θεῷ
2927 2042 3096 2097 πᾶσα
3123 2045 3162 2112 ἠ
3199 2042 3297 2113 γῆ,
3337 2041 3574 2111 gradata
3603 2042 3686 2110 δὴ
3717 2043 3798 2108 τῷ

2209 2142 2448 2208 ὀνόματι
2483 2127 2692 2192 αἰετοῦ.
2737 2135 3076 2206 Ἀλαλαγμός
3101 2137 3256 2214 εστιν
3297 2135 3564 2198 ὲπινίκιος
3601 2135 3795 2206 ὕμνος,

2208 2233 2465 2303 ᾀδόμενος
2503 2231 2594 2283 ἐπὶ
2623 2229 2969 2282 πεπτωκόσιν
2999 2227 3234 2298 ἐχθροῖς.
3278 2227 3364 2290 Ὡς
3393 2223 3486 2281 οὖν
3511 2229 3798 2301 ἀνῃρημέ-

2209 2345 2314 2378 νων
2345 2325 2456 2378 τῶν
2487 2325 2763 2395 ἀρχόντων
2793 2323 2888 2375 τοῦ
2919 2321 3114 2385 αἰῶνος
3141 2321 3356 2384 τούτου,
3391 2321 3479 2376 διὰ
3517 2323 3620 2392 τῆς
3653 2339 3798 2393 παρ-

2210 2418 2398 2478 ουσίας
2426 2415 2666 2486 δηλονότι
2699 2413 2959 2480 Χριστοῦ,
3003 2414 3182 2467 πάντα
3213 2414 3284 2468 τὰ
3303 2414 3430 2485 ἔθνη
3457 2415 3586 2477 τοὺς
3625 2416 3798 2468 ἐπινι-

2212 2511 2362 2572 κίους
2395 2508 2594 2577 ὕμνους
2625 2507 2970 2576 ἀναπέμπειν
3027 2506 3517 2576 παρακελεύονται.
3569 2507 3799 2560 Εἴπατε

2210 2601 2290 2666 τῷ
2323 2600 2472 2666 Θεῷο
2523 2599 2618 2664 Ὠς
2669 2616 2738 2666 φ(
2752 2597 2890 2665 (nepa
2915 2599 2988 2651 τὰ
3015 2597 3160 2667 ἔργα
3183 2615 3320 2652 σου.
3351 2599 3462 2651 Kal.
3499 2601 3628 2651 ποῖα
3659 2599 3798 2669 ἔργα

2211 2693 2243 2764 ἢ
2269 2693 2366 2756 τὰς
2396 2691 2722 2763 θεοσημείας
2753 2694 2906 2762 φησι,
2935 2691 3108 2744 καὶτὸ
3136 2691 3378 2744 ἐκποδὼν
3405 2691 3662 2760 γενέσθαι
3689 2692 3796 2744 τῶν

2213 2787 2536 2858 ἀκαθάρτων
2575 2783 2841 2854 δαιμόνων
2863 2783 2930 2836 τὰ
2962 2783 3180 2854 πλήθη;
3219 2785 3315 2836 Ἐν
3335 2783 3416 2849 τῷ
3442 2784 3660 2850 πλήθει
3687 2783 3798 2851 τῆς

2211 2877 2520 2947 δυνάμεώς
2545 2893 2661 2930 σου
2695 2876 3030 2943 ψεύσονται
3061 2891 3136 2928 σε
3165 2879 3218 2929 cl
3257 2875 3458 2943 ἐχθροί
3505 2891 3648 2929 σου.
3685 2877 3796 2944 Τῆς

2226 2973 2490 3025 Ἰουδαίων
2515 2968 2858 3039 ἀποπληξίας
2891 2966 3124 3021 ἐνταῦθα
3167 2969 3504 3037 κατηγορεῖς,
3545 2966 3622 3030 ὡς
3665 2967 3798 3036 μηδὲ

2211 3065 2320 3118 τῶν
2345 3063 2634 3134 θαυμάτων
2663 3063 2758 3134 τῆς
2783 3060 3087 3131 ὑπερϐολῆς
3114 3060 3562 3132 παρενεγκούσης
3603 3060 3798 3122 αὐτοὺς

525 3138 746 3193 etiamsi
793 3139 1034 3208 ingentia
1077 3155 1174 3209 per
1221 3149 1272 3194 te
1302 3140 1448 3194 edita
1490 3140 1646 3208 signa
1689 3148 2107 3207 conspexerant,

2230 3160 2291 3221 εἰς
2323 3157 2385 3210 τὸ
2436 3154 2736 3208 πείθεσθαι.
2777 3152 2954 3208 Πᾶσα
2991 3155 3028 3220 ἡ
3071 3151 3144 3222 γῆ
3189 3149 3800 3220 προσκυνησάτωσάν

525 3231 738 3285 mentiti
785 3241 964 3286 tamen
1001 3243 1128 3286 sunt
1153 3233 1272 3287 tibi.
1325 3233 1605 3287 Ateorum
1651 3233 1771 3286 loco
1815 3241 1865 3284 te
1913 3233 2110 3286 adora-

525 3319 610 3375 Iit
635 3322 878 3376 omnium
907 3325 1149 3393 gentium
1175 3325 1494 3380 multitudo.

571 3627 654 3706 β.
703 3627 884 3682 Venite
935 3637 986 3682 et
1043 3630 1213 3683 videte
1244 3645 1404 3698 opera
1437 3629 1553 3682 Dei.
1599 3630 1990 3698 Apostolorum
2025 3632 2114 3686 hic

526 3733 816 3791 personam
849 3721 1088 3788 inducit,
1137 3722 1230 3791 qui
1255 3733 1442 3794 gentes
1474 3723 1706 3790 docent,
1756 3737 1882 3778 eum
1924 3722 2016 3792 qui
2057 3723 2112 3776 iu

528 3830 631 3868 suo
659 3813 956 3868 secundum
985 3830 1206 3870 carnem
1247 3816 1484 3870 adventu
1516 3816 1700 3870 divina
1731 3816 1888 3886 signa
1919 3815 2109 3880 edidit,

527 3903 708 3975 ipsum
753 3919 877 3962 esse
918 3906 1012 3974 qui
1054 3907 1302 3961 Rubnum
1355 3909 1484 3962 olim
1517 3924 1670 3962 mare
1701 3908 2034 3970 exsiccavit,
2062 3917 2116 3962 et

527 3997 624 4066 qui
671 3995 928 4053 Iordanis
959 3997 1161 4054 ﬂuenta
1191 4001 1378 4056 divisit
1405 4043 1419 4068 ,
1458 4013 1513 4056 ut
1545 4001 1640 4055 lilii
1669 4001 1840 4056 lsrael
1885 3999 2115 4070 pedibus

529 4089 986 4144 transmitterem.

599 4289 649 4343 6.
691 4289 796 4354 Qui
823 4290 1076 4344 convertit
1106 4305 1251 4342 mare
1279 4290 1332 4342 in
1367 4289 1600 4344 aridam.
1635 4291 1875 4359 Hujusce
1913 4293 1990 4345 rei
2029 4307 2115 4344 ar-
2173 4279 2178 4282 ’

527 4391 846 4452 gtunentum
883 4391 968 4435 est
999 4381 1145 4450 quod
1175 4381 1304 4434 olim
1333 4391 1544 4450 gestum
1583 4382 1850 4446 fuit,cum
1888 4399 2117 4437 convcrc

527 4473 594 4524 tit
633 4487 783 4526 mare
827 4473 882 4526 in
917 4461 1152 4526 aridam.
1213 4471 1290 4526 lta
1325 4471 1692 4543 Symmachus
1726 4475 1845 4529 ait:
1885 4475 2124 4530 Mutavit

527 4581 675 4618 mare
707 4565 764 4618 in
811 4565 1058 4618 aridam:
1099 4565 1296 4634 ﬂumen
1335 4567 1759 4634 pertransierunt
1810 4568 1958 4636 pede.
2015 4567 2114 4624 Hic

527 4657 698 4722 enim,
736 4657 936 4728 inquit,
971 4657 1118 4712 Deus
1149 4667 1233 4712 est
1263 4658 1357 4727 qui
1383 4657 1615 4712 reditum
1639 4659 1799 4714 nobis
1820 4661 2110 4726 concessit,

527 4759 580 4802 et
613 4749 842 4804 salutem
887 4750 1072 4804 dedit:
1105 4739 1208 4818 qui
1232 4750 1362 4803 olim
1393 4765 1543 4804 mare
1587 4760 1638 4805 et
1667 4751 1870 4806 ﬂumen
1905 4754 2109 4820 divisit,

526 4847 581 4890 ct
612 4853 843 4907 proavos
872 4850 1093 4894 nostros
1119 4841 1326 4910 absque
1353 4842 1598 4910 periculo
1629 4843 1882 4912 trajicere
1924 4845 2108 4914 jussit.

525 4927 614 4980 Ibi
643 4926 948 4981 lwtabimur
993 4931 1046 4982 in
1071 4930 1208 4996 ipso.
1247 4929 1407 4996 lllud,
1466 4931 1562 4996 ibi,
1614 4941 1830 5002 tempus
1881 4934 2106 4987 indicat.

521 5019 619 5074 Ait
657 5018 824 5089 igitur
855 5039 866 5072 :
893 5017 1013 5085 Quo
1063 5029 1306 5092 tempore
1365 5023 1456 5076 ille
1491 5024 1544 5076 in
1586 5041 1788 5079 novum
1847 5027 2106 5080 saeculum

530 5111 816 5181 regnabit,
866 5129 968 5168 nos
999 5129 1108 5168 una
1135 5130 1260 5168 cum
1294 5115 1414 5185 ipso
1443 5117 1798 5186 regnabimus
1827 5129 1882 5173 et
1917 5119 2108 5172 inclia-

526 5205 619 5258 bili
650 5203 853 5273 gaudio
881 5203 1295 5274 perfundcmur.

2217 3267 2314 3304 σοι
2347 3249 2442 3303 καί
2473 3247 2848 3316 ψίινίιίτωσάν
2875 3261 2994 3300 σοι.
3045 3247 3262 3316 Ἐπειδὴ
3325 3245 3604 3310 Ἰουδαῖοι,
3641 3245 3798 3316 φησὶ,

2215 3341 2392 3394 καίτοι
2449 3329 2750 3409 ὑπερϐολὰς
2795 3337 3032 3407 ὁρῶντες
3079 3339 3465 3408 πραττομένας
3529 3338 3796 3408 σημείων,

2215 3431 2556 3502 ἐψεύσθησαν
2587 3446 2690 3482 σοι.
2731 3428 2872 3480 Ἀλλ’
2903 3423 2996 3480 οὖν
3023 3429 3136 3482 ἀντ’
3167 3429 3392 3482 ἐκείνων
3428 3431 3798 3499 προσκυνήσει

2217 3537 2296 3573 σοι
2325 3521 2474 3572 πᾶσα
2495 3517 2602 3570 τῶν
2635 3517 2802 3570 ἐθνῶν
2829 3519 2861 3586 ἡ
2899 3515 3126 3579 πληθύς.

2285 3631 2460 3684 Δεῦτε
2495 3629 2592 3682 καί
2621 3627 2774 3680 ἴδετε
2801 3629 2874 3679 τὰ
2901 3626 3046 3694 ἔργα
3075 3626 3182 3679 τοῦ
3215 3627 3385 3680 Θεοῦ.
3419 3626 3540 3678 Τῶν
3569 3627 3802 3680 ἀποστό-

2214 3723 2320 3775 λων
2349 3720 2580 3776 ὲνταῦθα
2609 3719 2890 3786 εἰσάγεται
2918 3719 2978 3770 τὸ
3003 3718 3316 3789 πρόσωπον,
3339 3717 3704 3774 διδασκόντων
3737 3718 3802 3772 τὰ

2217 3815 2365 3884 ἔθνη,
2392 3813 2468 3876 ὡς
2501 3813 2608 3883 ἄρα
2633 3811 2796 3874 αὐτὸς
2833 3805 2986 3873 οὗτος
3014 3811 3042 3862 ό
3075 3811 3134 3862 ὲν
3170 3813 3236 3881 τῇ
3289 3809 3428 3862 κατά
3453 3810 3635 3880 σάρκα
3663 3829 3802 3881 παρ-

2215 3907 2372 3977 ουσίᾳ
2401 3906 2500 3968 τὰς
2533 3901 2861 3974 θεοσημείας
2902 3899 3271 3972 ἐργαζόμενος
3303 3903 3466 3964 αὑτός
3495 3904 3614 3955 ἐστι
3645 3905 3740 3956 καὶ
3775 3905 3802 3954 ὁ

2217 3999 2384 4052 πάλαι
2411 3997 2511 4067 τὴν
2553 3994 2817 4066 Ἐρυθρὰν
2849 3993 3090 4065 ξηράνας
3113 3991 3406 4056 θάλασσαν,
3443 3995 3540 4046 καὶ
3573 3995 3681 4065 μὴν
3711 3997 3802 4046 καὶ

2213 4087 2309 4142 τοῦ
2353 4086 2616 4159 Ἰορδάνου
2649 4083 2896 4154 ποταμοῦ
2956 4084 3237 4152 ἀνακόψας
3295 4084 3362 4136 τὰ
3415 4085 3690 4155 ῥεύματα,
3731 4085 3803 4148 ὡς

2217 4181 2340 4236 ποδὶ
2371 4178 2660 4251 παρελθεῖν
2693 4177 2818 4240 τοὺς
2841 4175 2992 4240 υἱοὺς
3031 4177 3268 4246 Ἰσραήλ.

2303 4286 2354 4338 '0
2380 4286 2808 4356 μεταστρέφων
2831 4287 2944 4355 τὴν
2974 4286 3298 4344 adducam:
3321 4289 3406 4353 εἰς
3443 4287 3660 4356 ξηράν.
3699 4288 3802 4342 Καὶ

2216 4379 2408 4433 τούτου
2432 4380 2708 4444 ἀπόδειξις
2740 4381 2808 4432 τὰ
2837 4380 2938 4451 ἤδη
2967 4379 3256 4448 γενόμενα,
3293 4381 3442 4442 ὅπως
3475 4379 3574 4450 τὴν
3609 4380 3804 4434 θάλασ-

2221 4491 2318 4526 σαν
2351 4473 2646 4543 μετέϐαλεν
2695 4477 2775 4538 είς
2829 4473 3019 4545 ξηράν.
3055 4474 3354 4544 Σύμμαχος
3408 4473 3585 4537 οὕτως
3619 4475 3766 4544 λέγει
3791 4493 3802 4504 ·

2220 4565 2520 4621 Μετέὄαλε
2560 4569 2885 4622 θάλασσαν
2922 4570 3010 4633 εἰς
3039 4565 3264 4634 ξηράν-ο
3317 4567 3586 4636 ποταμὸν
3615 4567 3805 4636 διέϐη⁴

2220 4675 2340 4713 σαν
2389 4659 2549 4712 ποδί.
2611 4655 2779 4722 Οὗτος
2834 4659 2943 4730 γάρ
2987 4661 3135 4711 ἐστιν
3165 4661 3191 4711 ὁ
3243 4657 3394 4720 Θεὸς,
3429 4659 3620 4729 φησιν,
3656 4661 3684 4712 ὁ
3715 4661 3806 4712 καὶ

2220 4755 2350 4821 ἡμῖν
2376 4753 2472 4822 τὴν
2501 4751 2756 4804 ἐπάνοδον
2786 4752 2880 4804 καὶ
2916 4754 3049 4821 ἡμῖν
3078 4750 3351 4819 σωτηρίαν
3375 4750 3722 4819 δωρούμενος
3741 4768 3756 4781 ·
3777 4753 3806 4802 ό

2221 4845 2384 4897 πάλαι
2417 4845 2514 4897 καὶ
2534 4843 2804 4896 θάλατταν
2827 4845 2920 4896 καὶ
2949 4844 3189 4913 ποταμὸν
3215 4843 3530 4913 διαστήσας,
3561 4845 3660 4896 καὶ
3681 4845 3803 4906 τοὺς

2217 4934 2520 5006 ἡμετέρους
2557 4935 2856 5006 προγόνους
2895 4934 3190 4996 ἀκινδύνως
3226 4933 3478 5004 διαϐῆναι
3515 4933 3798 4998 κελεύσας.

2230 5023 2391 5078 Ἐκεῖ
2416 5025 2952 5092 εὐφρανθησόμεθα
2999 5025 3090 5076 ἐπ’
3125 5023 3304 5089 αὐτῷ.
3340 5024 3414 5076 Τὸ
3456 5023 3584 5077 ἐκεῖ
3609 5027 3804 5094 χρόνου

2217 5117 2334 5169 ἐστὶ
2371 5115 2724 5186 σημαντικόν.
2787 5117 2944 5184 Λέγει
2983 5111 3098 5180 οὖν,
3135 5118 3216 5169 ὅτι
3269 5115 3411 5170 κατά
3467 5116 3560 5169 τὸν
3611 5119 3804 5186 και-ρον

2211 5211 2416 5261 ἐκεῖνον
2455 5205 2576 5260 καθ’
2601 5206 2659 5260 ὃν
2694 5203 2786 5258 τοῦ
2813 5205 2934 5260 νέου
2977 5205 3171 5270 αἰῶνος
3205 5206 3534 5280 βασιλεύσει,
3558 5209 3678 5262 ἐκεῖ
3705 5211 3804 5262 σὺν

526 5299 674 5369 αὐτῷ
722 5300 1246 5372 συμϐασιλεύσομεν,
1291 5305 1384 5356 καὶ
1411 5307 1476 5374 τῇ
1513 5307 1654 5376 χαρᾷ
1682 5309 1744 5376 τῇ
1781 5306 2131 5375 ἀνεκλαλήτῳ
2163 5301 2676 5374 εὐφρανθησόμεθα.

599 5413 651 5466 7.
697 5412 853 5469 Oculi
879 5415 992 5484 ejus
1031 5432 1187 5484 super
1224 5428 1398 5484 gentes
1433 5421 1720 5487 respiciunt
1745 5421 1878 5492 (29).
1929 5419 2110 5472 luteu-

531 5511 622 5560 tus
649 5516 734 5560 est
759 5509 1038 5573 omnibus,
1077 5509 1262 5563 omnia
1291 5522 1440 5582 gesta
1472 5513 1692 5582 inspicit
1723 5523 1778 5567 et
1806 5513 2102 5568 examinat.

611 5619 651 5650 ¹⁸
685 5615 832 5672 Psal.
863 5635 996 5684 cm,
1025 5621 1078 5674 7.

2283 5419 2348 5469 Οἱ
2373 5417 2668 5483 ὀφθαλμοὶ
2726 5417 2912 5469 αὐτοῦ
2961 5417 3060 5470 ἐπὶ
3087 5418 3158 5470 τὰ
3195 5419 3340 5486 ἔθνη
3379 5420 3794 5478 ἐπιϐλέπευσι.

2217 5511 2358 5564 Πᾶσι
2399 5510 2676 5580 προσέχει,
2715 5511 2806 5563 καί
2837 5511 3014 5566 πάντα
3046 5512 3290 5577 ἐξετάζει
3311 5513 3378 5567 τὰ
3409 5515 3702 5587 γενόμενα.
3735 5519 3796 5568 Ui

612 5713 726 5782 (‘28)
779 5711 910 5778 Qua:
953 5716 1114 5770 habet
1147 5717 1440 5776 Corderius
1473 5721 1534 5774 ad
1581 5720 1724 5774 hunc
1767 5721 1950 5775 locum
1992 5731 2114 5776 sunt
2157 5720 2448 5778 Theodori.

609 5785 725 5856 (‘19)
755 5783 880 5840 Hec
912 5797 1037 5840 sunt
1071 5787 1112 5841 Τ
1121 5791 1362 5846 hcodori.
