3872 6216
128 313 247 370 289

1245 319 1606 375 EXPOSITIO
1647 319 1713 375 IN
1749 321 2085 378 PSALMUM
2132 323 2290 377 LXV.

3284 332 3392 388 290

128 428 716 498 παραπικραίνοντες
728 429 807 499 μὴ
831 430 1242 498 ὐψούσθωσαν
1254 435 1324 486 ἐν
1340 435 1591 500 ἑαυτοῖς.
1613 435 1710 488 Καὶ

1827 435 1931 500 Qui
1952 448 2266 507 exasperant
2303 455 2404 492 non
2433 440 2733 494 cxaltentur
2762 443 2815 495 in
2845 444 3160 514 semetipsis.
3188 444 3391 517 Ecqui-

130 524 280 584 τίνες
303 520 372 574 ἂν
403 516 514 574 εἶεν
567 522 615 572 oi
652 521 1179 592 παραπικραίνοντες
1219 522 1419 594 ἢ’περὶ
1461 518 1535 577 ὧν
1566 526 1714 596 εἴρη-

125 628 226 664 ται
249 651 265 675 ,
303 609 404 665 Υἱὲ
424 609 759 677 ἀνθρώπου,
788 612 1104 680 πορεύθητι
1123 612 1271 680 πρὸς
1295 614 1401 667 τὸν
1425 610 1593 667 οἷκον
1612 614 1714 668 τὸν

128 701 688 770 παραπικραίνοντά
707 718 813 770 με;
844 703 953 756 Καὶ
976 703 1102 771 μὴν
1128 705 1578 772 παρεπίκραναν
1605 709 1714 759 αὺ-

128 793 239 847 τὸν
269 794 344 846 ἐν
365 792 441 860 τῇ
464 791 661 860 ἐρήμῳ
679 810 692 824 ο
727 793 820 846 καὶ
846 792 1005 846 πάλιν
1025 811 1038 822 ·
1077 793 1174 861 Μὴ
1202 796 1585 862 σκληρύνητε
1608 797 1712 861 τὰς

127 883 387 950 καρδίας
419 882 589 951 ὑμῶν
613 884 694 947 ὡς
720 884 789 936 ἐν·
811 882 889 948 τῷ
934 885 1426 955 παραπικρασμῷ.

206 975 552 1042 Εὐλογεῒτε,
584 977 750 1044 ἔθνη,
777 975 884 1029 τὸν
913 978 1080 1030 Θεόν.
1110 979 1315 1041 Πάντες
1341 979 1396 1031 δὲ
1420 980 1561 1032 κατά
1591 998 1714 1033 ταυυ

127 1065 222 1116 τὸν
251 1066 559 1136 γενόμενοι,
600 1065 798 1136 μᾶλλον
847 1066 1010 1120 αὑτὸν
1059 1069 1330 1120 ἐπαινεῖτε
1379 1069 1470 1121 καὶ
1500 1069 1712 1139 θαυμά-

127 1158 276 1220 ζετε.

205 1245 347 1317 [Τοῦ
380 1248 633 1316 θεμένου
660 1247 773 1316 τὴν
795 1247 1009 1317 ψυχήν
1023 1266 1141 1318 μου
1169 1251 1255 1314 εὶς
1278 1247 1445 1315 ζωήν.
1466 1250 1714 1322 Εὐφραν-

127 1336 375 1406 θήσομαι
421 1337 478 1389 δὲ
510 1341 567 1390 ἐν
605 1340 720 1400 τοῖς
767 1337 1029 1400 τοιούτοις
1082 1337 1424 1407 θαυμασίοις,
1487 1341 1580 1391 καὶ
1635 1338 1712 1408 τῷ

125 1426 304 1479 ταῦτα
343 1429 688 1498 πεποιηκότι,
722 1429 802 1493 ὃς,
835 1430 931 1482 ἅτε
980 1430 1254 1499 Δεσπότης
1278 1430 1373 1482 καὶ
1404 1430 1588 1483 πάντα.
1619 1432 1713 1498 ἐφ-

124 1517 297 1589 ορῶν,
332 1519 604 1590 διάκρισιν
635 1523 866 1572 ποιεῖται
887 1520 994 1573 τῶν
1027 1520 1118 1572 ἐπὶ
1139 1520 1261 1589 γῆς,
1289 1522 1380 1572 καὶ
1413 1519 1706 1591 τιμωρίαις

124 1611 451 1682 περιϐάλλει
484 1614 606 1676 τοὺς
639 1612 909 1677 ἀναξίους.
958 1611 1296 1683 Ὀφθαλμοὺς
1323 1615 1450 1677 τοὺς
1479 1613 1712 1665 ἀποστό-

123 1703 257 1767 λους
289 1703 490 1774 λέγει.]

206 1796 337 1848 Ὀτι
365 1796 732 1864 ἐδοκιζιιασας
758 1795 935 1865 ἡμᾶς,
972 1799 1147 1861 Θεὸς,
1188 1797 1504 1864 ἑπύρωσας
1537 1798 1713 1866 ἡμᾶς.
1750 1795 1790 1850 Β

124 1888 243 1950 Τὰς
269 1887 483 1956 θλίψεις
513 1887 612 1951 τὰς
642 1888 1013 1958 γενησομένας
1047 1889 1136 1941 διὰ
1177 1889 1238 1941 τὸ
1289 1891 1551 1960 κήρυγμα
1600 1893 1712 1952 τοῖς

123 1979 455 2040 ἀποστόλοις
482 1981 863 2049 προαναφωνεῖ
884 1979 946 2030 τὸ
979 1977 1201 2048 Πνεῦμα
1233 1978 1294 2031 τὸ
1337 1981 1676 2050 προφητικὸν
1695 1997 1712 2013 ο

122 2073 189 2123 ἐκ
242 2069 544 2142 προσώπου
577 2070 756 2124 αὐτῶν
817 2070 1115 2139 καταλέγον
1175 2073 1269 2124 καὶ
1300 2072 1398 2134 τὰς
1455 2073 1710 2140 παγίδας,

120 2163 248 2233 ἤτοι
281 2162 354 2216 τά
387 2163 756 2233 δεσμωτήρια,
786 2162 912 2225 τούς
968 2179 1025 2213 τε
1080 2163 1420 2233 πειρασμοὺς
1448 2165 1576 2226 τοὺς
1625 2163 1713 2215 διὰ

123 2252 302 2322 πυρὸς
326 2252 422 2304 καὶ
456 2251 647 2315 ὓδατος
677 2253 1096 2322 κατασημαίνει.

190 2343 637 2410 Εἱσελεύσομαι
661 2345 748 2407 εὶς
776 2342 882 2396 τὸν
913 2337 1082 2394 οἶκόν
1112 2357 1229 2396 σου
1268 2343 1338 2397 ἐν
1378 2343 1712 2397 ὁλοκαυτώ-

112 2446 298 2500 μασι.
329 2429 432 2481 Τὸν
473 2431 792 2500 ἐπουράνιον
826 2430 1104 2500 δηλονότι·
1152 2431 1306 2493 ὅλους
1353 2431 1461 2502 γὰρ
1489 2433 1714 2495 ἑαυτοὺς

118 2520 406 2590 ἀνέθηκαν
448 2521 522 2592 τῷ
555 2522 673 2592 Θεῷ
701 2524 758 2575 ἐν
809 2523 956 2588 τάξει
993 2525 1478 2594 ὁλοκαυτωμάτων.
1531 2522 1715 2594 [Ὀλο-

120 2611 457 2683 καυτώμασι
494 2613 550 2666 δὲ
581 2616 815 2684 νοητοῖς.
855 2615 1015 2670 Ἀλλὰ
1037 2617 1106 2670 τὰ
1151 2617 1247 2687 μὲν
1290 2616 1392 2679 σά,
1422 2615 1576 2687 φησὶ,
1613 2616 1713 2668 Δέ-

121 2719 329 2766 σποτα,
363 2702 617 2756 τοιαῦτα·
651 2703 717 2756 τά
741 2704 798 2757 δὲ
826 2705 1092 2776 ἡμέτερα,
1129 2706 1192 2758 τὸ
1220 2702 1309 2758 οἷα
1337 2705 1600 2758 εἰσελθεῖν
1634 2705 1714 2768 εἰς

115 2793 214 2846 τὸν
253 2792 385 2846 ναὸν
412 2794 506 2846 καὶ
531 2791 690 2846 θῦσαί
717 2811 798 2847 σοι
831 2796 1180 2866 χαριστήρια,
1221 2794 1282 2847 τὸ
1310 2795 1440 2848 αὐτὸ
1483 2794 1539 2848 δὲ
1568 2793 1713 2862 λέγει

115 2882 424 2936 διέστειλε
445 2881 539 2935 καὶ
568 2881 814 2954 ἐλάλησε.
843 2881 1010 2937 Τοῦτο
1033 2882 1090 2935 δὲ
1121 2883 1268 2951 λέγει
1294 2884 1391 2936 ὅσα
1416 2883 1713 2956 ηὐξάμην.]

127 2974 455 3029 Ἄποδὼσω
486 2988 587 3028 σοι
615 2976 720 3038 τὰς
747 2973 934 3042 εὐχάς
955 2987 1096 3042 μου.
1137 2975 1200 3025 "A
1234 2973 1507 3044 ηὐξάμην,
1557 2977 1710 3046 φησὶ,

116 3067 451 3137 θλιϐόμενος
484 3065 749 3119 ἀποδώσω
779 3082 881 3118 σοι.
915 3065 1180 3135 Ηύξάμην
1222 3067 1298 3131 δὲ,
1333 3067 1408 3129 ὡς
1457 3067 1558 3137 τῆς
1597 3068 1710 3120 θλί-

116 3157 278 3194 rhenu-
308 3159 409 3194 0;!
439 3157 718 3194 mann;er
745 3156 959 3194 Ᾱιὶντθςλρ·
985 3157 1276 3194 διηηηιιπλρ
1299 3156 1604 3194 Auneéntiun
1631 3177 1709 3194 Rhl

1825 3065 1934 3092 ...ιη
1978 3065 2176 3096 ...ιιυιη
2217 3065 2280 3080 ι...
2311 3065 2432 3096 ,μιν
2471 3065 2582 3081 ,υη
2869 3065 3174 3084 cumam...
3204 3065 3389 3086 νυιῡιι-

1825 3134 1922 3173 rer.
1958 3118 2094 3173 Vovi
2118 3129 2299 3174 autem
2327 3137 2414 3175 me
2435 3162 2449 3187 ,
2481 3137 2605 3176 cum
2642 3122 2998 3190 prmscntibus
3038 3123 3297 3178 :erumnis
3322 3122 3389 3176 li-

1909 3159 1922 3172 I
1976 3159 1988 3172 V
2007 3159 2094 3173 U'l
2118 3159 2299 3174 αυουιιι
2327 3159 2414 3175 ιιιυ
2435 3162 2449 3187 ,
2481 3159 2605 3176 υυιιι
2644 3159 2693 3187 Pl
2708 3159 2811 3175 mut.-

113 3157 278 3226 ψεως
308 3159 409 3227 τῆς
439 3157 718 3228 παρούσης
743 3156 959 3227 pucea;
985 3157 1276 3220 διαπαντὸς
1297 3156 1604 3227 ἀναπέμψω
1631 3177 1712 3213 σοι

113 3247 226 3310 τὰς
261 3247 517 3309 αἰνέσεις.

209 3335 708 3406 Ὀλοκαυτώματα
741 3339 1179 3407 μεμυαλωμένα
1204 3338 1432 3392 ἀνοίσω
1465 3355 1585 3394 σοι.
1631 3342 1714 3394 Ὀ-

117 3430 276 3483 πόσα
305 3427 734 3500 σοιπροσφέρειν
762 3426 1120 3499 προσέταξας,
1147 3428 1376 3498 ἱερεύσω
1397 3428 1712 3500 προθύμως.

120 3517 582 3588 Μεμυαλωμὲνα
620 3517 676 3570 δὲ
702 3517 942 3587 κέκληκε
985 3516 1054 3570 τὰ
1087 3517 1336 3588 εὐτραφῆ
1391 3519 1486 3571 καὶ
1519 3520 1710 3573 πίοναο

120 3609 273 3663 οὕτω
310 3608 421 3680 γὰρ
447 3609 541 3662 καὶ
567 3609 596 3661 ὁ
625 3609 788 3679 νόμος
818 3610 1150 3680 προσφέρειν
1177 3609 1464 3666 ἐκέλευσεν
1507 3611 1714 3682 ἄμωμά

121 3718 186 3754 τε
216 3702 320 3755 -καὶ
349 3682 532 3773 ἄρτια.
598 3701 901 3772 Ἐπαρᾶται
930 3700 986 3752 δὲ
1026 3701 1119 3754 καὶ
1147 3703 1175 3754 ὁ
1206 3702 1490 3772 προφήτης
1523 3701 1712 3754 Μαλα-

122 3794 253 3864 χίας
281 3797 395 3857 τοῖς
425 3797 494 3848 τά
525 3792 745 3847 τοιαῦτα
777 3794 876 3863 μὲν
903 3792 1141 3863 ἔχουσιν,
1170 3794 1430 3866 ἀνάπηρα
1453 3794 1509 3847 δὲ
1541 3811 1712 3866 προσ-

124 3887 407 3958 φέρουσιν.
434 3886 580 3958 Αῦτη
625 3887 682 3940 δὲ
721 3887 815 3940 καὶ
866 3886 945 3956 τῷ
970 3887 1108 3940 Κάϊν
1131 3887 1346 3954 ἐγένετο
1386 3887 1492 3939 τῶν
1523 3886 1710 3940 κακῶν

120 3979 354 4031 ἐκείνων
380 3979 412 4048 ὴ
435 3979 599 4049 ἀρχή.
617 3977 990 4047 Διδασκόμεθα
1008 3978 1064 4031 δὲ
1091 3979 1184 4031 καὶ
1203 3981 1363 4049 ἡμεῖς
1386 3981 1498 4041 τοῖς
1513 3996 1709 4049 τιμιω-

121 4067 306 4137 τέροις
333 4059 409 4120 ὧν
450 4066 646 4137 ἔχομεν
684 4067 744 4120 τὸ
795 4067 936 4120 θεῖον
989 4068 1313 4139 γεραίρειν.,
1340 4069 1580 4122 Ἀνοίσω
1611 4083 1710 4122 σοι

115 4157 280 4222 ,ϐόας
295 4156 449 4226 μετὰ
471 4155 751 4225 χιμάρων.
780 4157 1131 4226 Πνευματικά
1151 4158 1208 4210 δὲ
1231 4159 1425 4222 πάντα,
1452 4155 1526 4220 ὡς
1550 4157 1706 4228 ἔφην,

123 4250 221 4302 καὶ
250 4248 320 4301 τά
354 4247 780 4319 ὁλοκαυτώματα
801 4251 893 4301 καὶ
923 4250 971 4302 οἱ
1003 4249 1124 4320 βόες
1149 4252 1243 4303 καὶ¹
1265 4253 1312 4302 οἱ
1346 4250 1592 4321 χίμαροι,
1615 4250 1709 4315 οὓς

124 4345 429 4398 ἀποδώσειν
457 4343 872 4413 ἐπαγγέλλεται.

191 4436 394 4500 Δεῦτε,
435 4435 533 4488 καὶ
565 4435 882 4498 ἀκούσατε,
919 4433 1016 4487 καὶ
1043 4433 1420 4503 διηγήσομαι.
1452 4435 1560 4486 Καὶ
1586 4434 1705 4486 τίνα

123 4527 290 4599 ἕτερα
316 4525 643 4598 διηγεῖταιῆ
675 4525 710 4578 ἂ
745 4525 956 4595 φθάσας
982 4525 1305 4596 ἐξηγήσατο,
1329 4526 1409 4590 τὸ,
1445 4527 1525 4579 ὅτι
1562 4526 1708 4579 Ἐδοο

123 4617 392 4686 κίμασας
425 4614 604 4684 ἡμᾶς,
635 4616 732 4669 καὶ
767 4616 835 4670 τὰ
861 4616 1062 4683 λοιπά;

207 4709 470 4763 Ἀδικίαν
504 4710 557 4762 εὶ
584 4707 876 4776 ἐθεώρουν
915 4709 984 4760 ἐν
1032 4707 1247 4774 καρδίᾳ
1283 4726 1402 4776 μου
1427 4748 1440 4770 ,
1470 4707 1555 4777 μὴ
1583 4711 1705 4761 εἱσ-

120 4802 447 4858 ακουσὰτω
467 4819 586 4871 μου
611 4802 845 4869 Κύριος.
880 4801 1064 4871 ᾜδειν
1093 4799 1170 4866 δὲ,
1196 4801 1275 4853 ὅτι
1308 4801 1406 4853 οὐκ
1435 4799 1520 4864 ἂν,
1570 4801 1702 4872 ἐμοῦ

123 4895 258 4966 περὶ
284 4893 498 4946 ἀδικίαν
529 4893 761 4963 ἔχοντος,
790 4891 1019 4944 ἀκοῦσαί
1053 4907 1153 4962 μου
1189 4892 1288 4961 τῆς
1319 4893 1628 4964 προσευχῆς
1675 4896 1704 4945 ὁ

122 4986 258 5050 Θεὸς
285 4986 548 5056 ἀνέχοιτο.
585 4985 842 5048 Ἀκύλας’
883 4983 1203 5054 Ἆνωφελὲς
1237 4982 1377 5038 ἰδὼν
1403 4984 1472 5036 ἐν
1495 4985 1705 5052 καρδίᾳ

119 5097 264 5147 μου,
296 5079 407 5132 οὐκ
440 5081 859 5131 εἷσακούσεται
888 5077 1123 5145 Κύριος.
1148 5074 1407 5127 Βούλεται
1429 5074 1485 5126 δὲ
1509 5077 1700 5139 εἰπεῖν,

123 5174 230 5235 ὅτι,
258 5171 359 5234 τὰς
402 5173 646 5243 αἰτήσεις
678 5170 756 5241 τῷ
787 5169 904 5240 Θεῷ
954 5169 1268 5240 προσάγων,
1324 5167 1702 5237 ἐπεμελούμην

124 5261 220 5316 τοῦ
252 5263 576 5334 πρέποντος,
612 5261 768 5325 εἰδὼς
791 5304 806 5326 ,
835 5261 908 5325 ὡς
945 5260 1095 5313 οὐδέν
1155 5276 1245 5329 μοι
1303 5258 1403 5326 τῆς
1439 5258 1703 5326 αἰτήσεως

122 5353 335 5422 ὄφελος,
373 5354 448 5425 μὴ
477 5353 716 5407 ποιοῦντι
744 5352 812 5405 τὰ
846 5352 1050 5404 δέοντα.
1087 5350 1198 5404 Καὶ
1231 5349 1415 5419 ἕτερόν
1464 5366 1514 5401 τι
1566 5347 1700 5401 καύο-

197 5553 242 5584 ¹⁶
280 5551 482 5609 Ezech.
515 5567 662 5620 των,
690 5551 742 5606 6.

185 5714 309 5787 (39)
338 5714 437 5774 Hic
470 5717 578 5774 alia
618 5711 1094 5773 habct'Corderius
1116 5730 1238 5784 qua!
1260 5722 1386 5769 sunt
1405 5712 1694 5768 Theodori.

1825 540 1949 578 nam
1987 524 2188 579 fuerint
2230 528 2266 580 ii
2296 529 2387 594 qui
2416 540 2774 600 exasperant,
2821 535 2929 588 nisi
2971 535 3038 589 de
3065 536 3267 605 quibus
3303 539 3390 593 di-

1823 617 1998 670 citur:
2037 616 2147 671 Fili
2170 620 2427 684 hominis,
2467 622 2594 674 vade
2626 622 2694 674 ad
2741 624 2957 677 domum
2993 642 3391 696 exasperantem

1821 724 1900 761 me
1933 709 2015 762 ‘5?
2056 709 2124 764 Et
2160 712 2292 766 illud
2324 729 2337 765 :
2372 712 2441 764 Et
2479 715 2919 769 exacerbaverunt
2959 734 3074 773 eum
3119 721 3174 773 in
3218 721 3391 774 deser-

1822 810 1874 854 to
1910 803 1952 832 ¹⁷
1989 821 2002 855 :
2052 812 2106 856 et
2147 819 2363 859 rursum
2409 824 2422 858 :
2482 805 2666 860 Nolite
2705 807 2967 862 obdurare
3022 813 3183 866 corda
3214 823 3388 868 vestra

1820 896 1956 947 sicut
1993 896 2047 947 in
2079 896 2480 950 exacerbatione
2515 899 2578 954 ¹⁸.

1889 985 1941 1038 8.
1980 985 2300 1054 Benedicite,
2351 999 2546 1058 gentes,
2576 991 2740 1044 Deum
2774 1005 3028 1049 nostrum.
3081 995 3282 1053 Omnes
3334 999 3388 1053 in

1819 1092 1989 1130 unum
2015 1079 2187 1133 coacti
2218 1080 2395 1148 ipsum
2421 1081 2635 1136 laudate
2664 1098 2727 1138 ac
2753 1088 3036 1154 suspicite.

1894 1229 1967 1301 [9.
1990 1232 2093 1296 Qui
2114 1234 2287 1300 posuit
2302 1235 2533 1286 animam
2554 1251 2720 1288 meam
2746 1239 2813 1289 ad
2832 1240 3010 1291 vitam.
3041 1239 3296 1297 Gaudebo
3323 1243 3390 1298 de

1823 1320 2137 1390 hujusmodi
2181 1323 2544 1389 mirabilibus,
2573 1324 2747 1394 deque
2788 1341 2977 1379 eorum
3009 1329 3199 1396 opilice
3225 1347 3239 1383 :
3270 1332 3388 1400 qui,

1822 1421 2006 1482 utpote
2034 1414 2298 1468 Dominus
2347 1417 2702 1487 omniumque
2733 1418 3032 1488 inspector,
3064 1422 3131 1476 de
3160 1425 3391 1480 terrenis

1820 1509 2080 1562 discernit
2109 1518 2162 1562 et
2187 1509 2417 1576 judicat,
2450 1511 2808 1582 indignosque
2838 1513 3091 1568 homines
3114 1517 3392 1586 suppliciis

1821 1601 2196 1656 circumvenit.
2223 1600 2422 1656 Oculos
2449 1617 2605 1658 vocat
2628 1605 2954 1678 apostolos.]

1895 1756 1980 1810 10.
2017 1756 2278 1822 Quoniam
2302 1761 2540 1828 probasti
2562 1777 2677 1825 nos,
2719 1761 2881 1828 Deus,
2917 1764 3034 1833 igne
3069 1782 3162 1819 nos
3191 1767 3394 1823 exami-

1821 1851 1996 1911 nasti,
2047 1860 2151 1903 etc.
2215 1848 2512 1905 IErumnas
2550 1852 2811 1920 apostolis
2848 1853 2918 1906 ob
2953 1856 3390 1923 praedicationem

1817 1941 2030 1995 futuras
2061 1943 2389 2011 praenuntiat
2425 1944 2662 2012 Spiritus
2704 1946 3056 2014 propheticus
3085 1967 3097 2002 :
3137 1961 3298 2018 atque
3324 1965 3391 2004 ex

1815 2048 2048 2102 persona
2089 2049 2280 2087 eorum
2332 2044 2578 2089 recenset
2624 2036 2884 2105 laqueos,.
2945 2039 3059 2094 sive
3104 2056 3387 2107 carceres;

1817 2126 2252 2196 tenta’tionesque
2292 2142 2388 2196 per
2424 2127 2604 2197 ignem
2638 2138 2691 2182 et
2724 2145 2920 2199 aquam
2955 2131 3225 2201 signiﬁcat
3253 2134 3388 2204 (⁸50).

1886 2296 1972 2349 15.
2006 2293 2247 2348 Introibo
2281 2298 2336 2349 in
2375 2298 2592 2350 dornum
2632 2308 2774 2351 luam
2805 2301 2860 2351 in
2889 2301 3232 2358 holocaustis.
3267 2305 3390 2360 Cre-

1814 2386 2004 2440 lestem
2029 2387 2320 2441 videlicet;
2355 2404 2478 2440 nam
2508 2404 2565 2442 se
2602 2398 2747 2442 totos
2781 2389 2890 2444 Deo
2932 2407 3030 2446 ceu
3065 2393 3387 2450 holocausta

1815 2479 2148 2532 obtulerunt.
2201 2477 2568 2549 [Holocaustis
2599 2481 2806 2535 scilicet
2833 2482 3232 2550 spiritualibus.
3282 2484 3386 2538 Sed

1815 2583 1937 2637 quae
1965 2576 2054 2622 tua
2090 2577 2256 2632 sunt,
2293 2568 2554 2631 Domine,
2595 2569 2913 2637 hujusmodi
2946 2590 2958 2625 :
2997 2582 3183 2626 nostra
3207 2583 3386 2628 autem

1815 2660 2040 2724 isthmc,
2096 2659 2306 2728 ingredi
2359 2659 2416 2713 in
2463 2661 2723 2729 templum
2774 2662 2983 2731 tibique
3017 2663 3298 2719 immolare
3330 2664 3387 2720 in

1815 2752 2108 2820 gratiarum
2139 2752 2438 2818 actionem,
2481 2751 2718 2821 idipsum
2760 2761 2938 2807 autem
2979 2755 3247 2824 signiﬁcat
3273 2758 3388 2809 dis-

1817 2836 2084 2898 tinxerunt
2118 2843 2283 2914 (labia
2327 2843 2463 2914 mea)
2506 2852 2670 2913 atque
2715 2844 2892 2898 locuta
2942 2855 3087 2902 sunt.
3115 2846 3260 2911 lltec,
3303 2848 3389 2901 in-

1814 2935 1952 3005 quit,
1980 2943 2233 3004 precatus
2267 2923 2435 3008 sum.]
2457 2935 2694 2989 Reddam
2718 2937 2811 2990 tibi
2841 2947 2960 2991 vota
2988 2955 3121 2991 mea.
3148 2937 3387 2993 Reddam

1817 3027 1934 3092 tibi,
1978 3027 2176 3096 inquit,
2216 3042 2280 3080 ea
2311 3044 2432 3096 qua:
2465 3028 2582 3081 vovi
2613 3027 2741 3082 dum
2780 3028 2834 3082 in
2869 3030 3174 3084 calamitate
3198 3046 3389 3086 versa-

1813 3211 2036 3265 beratus
2065 3227 2180 3278 ero,
2211 3212 2400 3268 laudes
2430 3228 2642 3282 semper
2668 3213 3003 3268 redditurum
3043 3214 3163 3270 tibi.

1883 3305 1973 3359 15.
2011 3303 2342 3359 Ilolocausta
2375 3305 2666 3360 medullata
2697 3307 2917 3375 offeram
2950 3308 3066 3360 tibi.
3130 3305 3262 3372 Quze
3303 3305 3386 3361 0f-

1813 3397 1942 3450 ferri
1967 3396 2064 3450 tibi
2089 3396 2304 3466 jussisti
2335 3397 2931 3455 alacriterimmolaho.
2964 3397 3265 3451 Medullata
3295 3412 3386 3451 au-

1811 3498 1916 3544 tem
1945 3533 1959 3556 ,
2013 3505 2200 3544 crassa
2239 3501 2293 3545 et
2326 3491 2548 3561 pinguia
2591 3502 2780 3557 vocat;
2826 3491 2899 3544 ita
2934 3490 3079 3544 enim
3111 3490 3195 3543 lex
3221 3489 3383 3559 jussit

1811 3581 1995 3636 oﬂerri
2029 3581 2381 3635 immaculata
2424 3590 2478 3635 et
2514 3580 2776 3650 perfecta.
2827 3579 3160 3635 Exsecratur
3201 3589 3384 3634 autem

1808 3673 2105 3728 Malachias
2150 3673 2412 3742 propheta
2441 3687 2534 3727 eos
2565 3673 2659 3741 qui
2693 3688 2815 3727 cum
2843 3672 2970 3726 talia
2998 3686 3165 3742 penes
3201 3686 3261 3726 se
3287 3670 3384 3725 ha-

1809 3765 1993 3828 beant,
2039 3764 2230 3817 mutila
2265 3763 2590 3817 oﬂ'erunt".
2635 3762 2748 3817 Hoc
2801 3763 2980 3832 ipsum
3034 3762 3163 3815 olim
3211 3760 3386 3815 Caino

1809 3854 1912 3910 fuit
1933 3854 2202 3908 malorum
2243 3854 2549 3909 exordium.
2613 3852 2724 3908 Nos
2771 3862 2952 3908 autem
2994 3853 3288 3907 edocemur
3318 3867 3383 3907 ea

1808 3963 1930 4018 quae
1959 3946 2284 4016 pretiosiora
2320 3955 2449 4001 sunt
2483 3945 2697 4000 numini
2745 3944 2959 3998 oll‘crre.
3015 3942 3247 4011 Olferam
3284 3942 3382 3996 tibi

1810 4040 1958 4093 boves
1994 4054 2114 4090 cum
2157 4037 2338 4092 hircis.
2398 4036 2714 4108 Spiritualia
2740 4037 2925 4090 omnia
2961 4041 3121 4098 sunt,
3184 4040 3242 4086 ut
3265 4033 3380 4102 jam

1807 4133 1941 4197 dixi,
1974 4132 2326 4200 holocausta,
2364 4130 2564 4200 boves,
2599 4130 2778 4196 hirci,
2810 4143 2948 4199 quos
2978 4126 3287 4180 oblaturum
3322 4138 3383 4180 se

1806 4224 2116 4293 pollicetur.

1880 4427 1967 4483 16.
2011 4423 2212 4490 Venite,
2243 4433 2290 4476 et
2324 4422 2523 4488 audite,
2550 4427 2599 4473 et
2624 4417 2868 4472 narrabo.
2904 4416 3088 4487 Ecqua
3121 4417 3226 4471 alia
3254 4431 3382 4471 nar--

1811 4529 2031 4573 raturus
2064 4524 2168 4581 est,
2200 4515 2307 4568 nisi
2342 4530 2404 4568 ea
2428 4529 2550 4582 quae
2576 4511 2830 4580 superius
2862 4508 3172 4574 enarravit,
3215 4507 3379 4564 nimi-

1812 4625 1931 4664 rum
1964 4628 1975 4662 :
2013 4606 2262 4660 Probasti
2296 4601 2410 4668 nos,
2447 4603 2610 4665 Deus,
2640 4602 2784 4656 etc.?

1886 4699 1972 4755 l8.
2010 4698 2351 4768 Iniquitatem
2375 4696 2420 4747 si
2449 4698 2629 4762 aspexi
2663 4694 2718 4746 in
2745 4692 2900 4745 corde
2930 4707 3062 4755 meo,
3088 4706 3191 4744 non
3218 4705 3376 4744 erat»

1811 4796 1923 4848 diat
1953 4809 2032 4847 me
2065 4792 2342 4845 Dominus.
2378 4787 2626 4843 Sciebam
2653 4785 2928 4854 equidem,
2964 4783 3009 4838 si
3044 4798 3144 4853 ego
3176 4783 3379 4852 iniqui-

1809 4887 1905 4942 tati
1939 4887 2173 4940 lneream
2199 4925 2216 4952 ,
2258 4896 2368 4937 non
2398 4878 2796 4935 cxaudiendam
2827 4892 2855 4931 a
2887 4875 2998 4931 Deo
3038 4875 3155 4930 fore
3186 4875 3378 4945 depre-

1808 4981 2081 5034 cationem
2123 4992 2323 5031 meam.
2385 4973 2580 5044 Aquila
2611 4991 2627 5028 :
2658 4971 2860 5025 Inutile
2902 4970 3078 5024 videns
3125 4970 3180 5022 in
3224 4967 3378 5021 corde

1808 5088 1939 5134 meo,
1976 5086 2078 5123 non
2107 5067 2352 5122 exaudiet
2385 5065 2665 5118 Dominus.
2706 5062 2820 5117 Hoc
2859 5071 3040 5116 autem
3076 5061 3177 5116 sibi
3212 5060 3328 5114 vult
3357 5076 3372 5113 :

1805 5161 2098 5231 petitiones
2126 5157 2236 5212 Deo
2266 5155 2501 5211 offerens
2525 5197 2540 5221 ,
2576 5162 2634 5209 ut
2656 5153 2723 5208 de
2745 5152 2918 5223 probo
2951 5168 3013 5206 ac
3046 5152 3245 5206 decoro
3271 5165 3370 5203 cu-

1803 5269 1918 5308 rem
1956 5265 2180 5307 necesse
2227 5257 2332 5314 est,
2392 5263 2594 5318 gnarus
2645 5245 2780 5300 nihil
2821 5245 2957 5298 mihi
3003 5241 3254 5297 utilitatis
3304 5255 3372 5293 cx

1804 5344 2066 5416 petitione
2096 5342 2483 5408 obventurum,
2513 5338 2620 5394 nisi
2645 5353 2766 5408 quae
2797 5336 2990 5391 decent
3035 5346 3210 5403 agam.
3243 5327 3373 5385 Glu-

825 5553 868 5583 "
893 5550 1037 5606 Psal.
1078 5566 1284 5614 Lxxvu,
1315 5548 1403 5601 40.
1479 5548 1520 5578 ³⁸
1546 5545 1692 5602 Psal.
1721 5561 1865 5612 χειν,
1903 5545 1957 5603 8.
2031 5547 2071 5579 ¹⁹
2103 5543 2336 5600 Malach.
2365 5560 2403 5612 ι,
2429 5544 2482 5596 7.
