3872 6216
503 305 604 360 291

1375 306 1430 362 S.
1473 308 1842 364 ATIIANAS"
1883 309 2032 365 OPP.
2073 309 2252 366 PARS
2291 313 2466 368 lll.—
2505 315 2916 372 EXEGETICA.

3667 325 3770 378 29?.

509 431 684 482 riatur
709 429 1116 499 quodammodo
1164 429 1304 498 apud
1337 429 1540 494 Deum,
1585 434 1728 500 quod
1771 443 1922 486 extra
1977 434 2073 487 ini-

2189 453 2334 506 χημα
2358 437 2654 507 προσφέρει
2679 438 2754 506 τῷ
2781 437 2900 508 Θέᾧ
2931 437 2992 490 τὸ
3019 438 3122 502 ἔξω
3157 440 3340 512 πάσης
3366 441 3578 506 ἀδικίας
3611 445 3769 512 γενέ-

509 521 772 587 quitatem
820 535 1036 572 onmem
1087 529 1366 586 versetur,
1429 525 1790 589 quamobrem
1838 538 1894 577 se
1926 540 2087 578 exau-

509 609 769 663 dicndum
803 607 918 664 fore
950 610 1197 663 conlidit.

649 703 700 754 1.
744 699 812 756 In
853 703 1031 771 ﬁnem,
1078 702 1424 758 PSALMUS
1469 708 1523 759 in
1560 708 1791 773 hymnis,
1841 708 1942 775 ipsi

1068 794 1260 848 David.
1305 795 1401 848 LX
1419 796 1515 850 VI.

1099 887 1504 956 Argumentum.

505 978 748 1034 Rursum
786 981 878 1035 hic
923 983 1298 1050 apostolorum
1349 999 1664 1051 personam,
1698 985 1926 1050 inducit,
1987 986 2082 1056 qui

574 1072 819 1124 doctrina
851 1082 1039 1140 gentes
1097 1073 1380 1136 imbuunt,
1420 1085 1472 1128 et
1509 1084 1701 1144 regant
1753 1077 1970 1130 liberari
2014 1080 2082 1132 ab

573 1164 644 1218 iis
675 1165 767 1234 qui
801 1166 1064 1220 doctrina:
1092 1183 1204 1222 suae
1231 1169 1636 1222 contradicunt.
1687 1168 1810 1240 [Hic
1835 1171 2080 1239 psalmus

572 1257 899 1325 praecedenti
930 1267 1330 1314 consentaneus
1357 1271 1440 1314 est
1483 1279 1494 1313 :
1549 1262 1764 1330 proprie
1793 1263 1938 1315 enim
1971 1265 2080 1332 agit

570 1343 636 1396 de
673 1344 1048 1398 benedictione
1076 1360 1384 1412 sacrorum,
1440 1357 1602 1418 atque
1649 1359 1756 1404 tota
1789 1366 1926 1420 pene
1955 1341 2079 1405 ora-

571 1434 646 1485 tio
673 1433 726 1486 in
753 1433 894 1488 libro
927 1432 1182 1490 Judicum
1213 1437 1380 1506 jacet.
1423 1441 1499 1492 Ac
1527 1441 1574 1494 si
1617 1441 1781 1508 igitur
1829 1441 2074 1496 futurum

568 1527 645 1580 sit
669 1536 726 1580 ut
751 1527 856 1582 hoc
882 1528 1118 1594 eveniat,
1153 1541 1442 1600 postquam
1478 1533 1712 1586 reditum
1745 1533 2075 1589 vaticinatus

567 1630 682 1686 cst,
723 1621 984 1688 praedicat
1027 1622 1268 1677 divinam
1306 1626 1743 1681 incarnationem
1789 1637 1843 1682 et
1871 1629 2075 1682 adven-

569 1719 709 1774 tum,
739 1719 902 1779 atque
927 1711 1164 1766 futuram
1207 1716 1448 1784 gentium
1479 1718 1735 1772 salutem.
1773 1719 2073 1789 lnscriptus

569 1810 752 1854 autem
781 1810 883 1867 est,
917 1800 980 1855 In
1015 1803 1244 1872 hymnis,
1283 1807 1412 1873 quia
1438 1806 1530 1861 Dei
1568 1817 1648 1862 est
1679 1811 1895 1880 hymnis
1931 1812 2070 1865 cele-

568 1891 737 1956 brari,
779 1895 1062 1948 hominum
1099 1907 1281 1950 autem
1313 1907 1398 1951 est
1426 1899 1680 1954 laudibus
1705 1900 1940 1972 ornari.]

567 2071 621 2126 2.
661 2069 801 2124 Deus
839 2076 1144 2126 misereatur
1171 2077 1338 2128 nostri
1380 2086 1428 2129 et
1466 2077 1734 2131 benedicat
1767 2077 1934 2143 nobis,
1959 2089 2064 2132 etc.

496 2161 691 2226 Tuam,
727 2164 926 2232 inquit,
955 2165 1364 2220 miserationem
1399 2169 1776 2232 obsecramus,
1817 2169 2062 2233 Domine,

493 2266 860 2321 rogamusque
902 2261 962 2306 ut
1004 2254 1267 2309 exhibeas
1315 2258 1524 2310 vultum
1575 2267 1730 2312 tuum
1763 2261 1955 2322 nobis,
2007 2270 2066 2313 ut

489 2341 634 2394 viam
667 2343 842 2396 sancti
871 2340 1151 2410 Evangelii
1183 2346 1257 2398 lui
1293 2350 1546 2415 gentibus
1581 2349 1836 2402 omnibus
1875 2352 2066 2418 prmdi-

489 2447 616 2486 care
657 2433 951 2501 possimus.
1017 2431 1266 2488 Saluture
1314 2439 1498 2503 enim,
1557 2439 1729 2506 ipsius
1770 2425 2060 2494 adventum

491 2525 692 2592 ubique
719 2507 1006 2593 significat.

558 2615 611 2667 4.
645 2615 1010 2683 Conﬁteantur
1043 2617 1138 2668 tibi
1165 2617 1365 2686 populi,
1405 2615 1561 2670 Deus.
1611 2616 1861 2674 Praedicit
1903 2621 2060 2677 Chri-

485 2706 555 2760 sti
592 2706 989 2761 confessionem
1017 2708 1084 2762 ab
1114 2709 1370 2762 omnibus
1404 2710 1656 2778 gentibus
1701 2713 2056 2768 emittendam

486 2797 624 2852 fore.
655 2797 921 2852 Lwteutur
952 2811 1000 2852 et
1025 2801 1285 2854 exsultent
1315 2810 1507 2870 gentes.
1546 2801 1681 2854 Cum
1707 2807 2058 2874 propheticus

487 2889 723 2960 Spiritus
751 2893 816 2946 de
843 2893 1016 2946 salute
1045 2895 1192 2948 orbis
1227 2909 1574 2963 summopere
1601 2896 1916 2965 delectetur,
1949 2903 2058 2972 ple-

483 2999 716 3051 rumque
745 2985 934 3038 eadem
967 2987 1080 3053 ipsa
1117 2987 1328 3055 repetit,
1355 3001 1420 3040 ex
1448 2985 1719 3056 frequenti
1739 2995 2056 3050 narratione

483 3077 683 3145 gaudio
712 3075 958 3132 aﬂ‘ectus.

555 3168 606 3222 6.
643 3167 1006 3237 Conﬁteantur
1032 3171 1125 3222 tibi
1151 3169 1350 3238 populi,
1381 3169 1542 3238 Deus,
1575 3174 1927 3242 conﬁteantur
1956 3179 2051 3232 tibi

479 3263 662 3334 pOpuli
695 3279 869 3316 omnes
896 3263 1029 3332 (51).
1080 3261 1198 3316 Νοη
1244 3265 1362 3318 sine
1393 3280 1560 3318 causa
1597 3267 1825 3335 repetit,
1875 3271 1966 3324 sed
1995 3281 2052 3325 ut

481 3355 776 3408 alacriores
819 3353 1012 3408 reddat
1062 3355 1359 3408 auditores.
1419 3355 1583 3408 Terra
1633 3358 1776 3410 dedit
1817 3359 2050 3428 fructum

481 3461 659 3497 suum.
718 3443 1030 3513 Spiritualis
1078 3445 1348 3499 videlicet.
1408 3445 1640 3502 Fructus
1692 3457 1872 3502 autem
1925 3463 2053 3504 sunt

479 3537 598 3606 ejus
633 3538 685 3590 in
711 3538 912 3606 pietate
935 3536 1236 3606 profectus.

547 3713 935 3785 [Conﬁteantur
979 3717 1072 3769 tibi
1123 3718 1326 3787 populi,
1379 3717 1540 3773 Deus.
1576 3719 2045 3786 Quemadmodum

473 3805 557 3860 bis
580 3814 767 3874 gentes
809 3806 874 3860 ad
927 3807 1160 3877 hymnos
1211 3809 1583 3864 concinendos
1637 3813 1928 3876 excitavit,
1970 3814 2044 3868 ita

469 3896 555 3950 bis
587 3897 735 3964 ipsas
755 3896 830 3950 ad
857 3897 1291 3954 benedictionem
1323 3902 1573 3969 qmesivit
1604 3920 1616 3955 :
1653 3919 1775 3956 cum
1813 3903 1897 3958 bis
1936 3905 2044 3958 sci-

367 4005 375 4012 ·
469 3988 596 4042 licet
636 4003 756 4041 eam
801 3988 1236 4044 benedictionem
1267 3994 1588 4062 accepisset.
1641 3997 1748 4049 Aut
1783 3997 1911 4064 quia
1939 3997 2042 4052 illa!

467 4079 843 4134 benedictione
869 4082 1085 4150 repletae
1106 4097 1214 4136 non
1249 4083 1502 4152 ignorant
1536 4085 1705 4138 Deum
1752 4088 1844 4156 qui
1875 4104 2040 4158 super

467 4173 652 4224 omnia
689 4182 803 4236 est,
849 4173 942 4227 sed
981 4174 1364 4228 dulcissimum
1411 4177 1514 4246 ipsi
1554 4177 1788 4232 offerunt
1823 4181 2037 4250 pietatis

463 4263 704 4318 fructum
737 4285 748 4319 :
779 4282 941 4334 quem
995 4268 1040 4320 si
1091 4268 1186 4320 tibi
1244 4267 1535 4323 offeramus
1562 4310 1576 4332 ,
1633 4271 1682 4323 id
1711 4281 1794 4326 est
1820 4273 2036 4328 virtutis

465 4357 704 4410 studium
753 4369 1099 4424 accuratum,
1155 4375 1184 4412 a
1226 4367 1276 4412 te
1329 4359 1760 4416 benedictionem
1804 4365 2035 4434 accipie-

463 4447 634 4520 mus]

537 4539 842 4613 [Benedicut
891 4558 982 4594 nos
1029 4541 1184 4596 Deus.
1243 4541 1536 4598 Sciendum
1567 4545 1822 4602 homines
1857 4549 2028 4602 Deum

461 4632 862 4696 benedicentes,
892 4633 994 4702 ipsi
1023 4635 1188 4688 verba
1216 4635 1392 4689 solum
1427 4636 1668 4705 proferre
1689 4679 1703 4702 ,
1748 4640 1840 4694 sed
1865 4655 2028 4708 Opere

458 4724 564 4792 ipsi
602 4723 862 4778 beneﬁcia
891 4725 1202 4793 impendere
1237 4743 1343 4781 non
1383 4743 1566 4798 posse.
1605 4731 1675 4784 At
1714 4730 1858 4786 Deus
1901 4750 2025 4789 cum

457 4815 731 4869 benedicit
753 4854 768 4880 ,
807 4817 1065 4884 operibus
1100 4817 1260 4870 verba
1291 4821 1613 4886 conlirmat,
1665 4837 1730 4876 ac
1755 4821 2022 4879 bonorum

459 4909 704 4960 omnium
771 4907 982 4977 cepiam
1040 4911 1108 4963 iis
1161 4911 1360 4980 quibus
1411 4913 1681 4969 benedicit
1733 4916 2016 4988 elargitur.

457 4997 660 5051 Deinde
676 4997 833 5052 docet.
868 4999 1194 5071 quomodo.]

610 5091 660 5142 1.
734 5089 800 5142 In
851 5090 1041 5160 ﬁnem,
1093 5089 1432 5149 PSALMUS
1479 5099 1707 5162 cantici,
1761 5099 1861 5166 ipsi

992 5181 1186 5236 David.
1243 5183 1338 5237 LX
1355 5185 1484 5239 VII.

1031 5275 1436 5344 Argumentum.

451 5363 504 5415 lu
535 5365 638 5419 hoc
663 5366 876 5435 psalmo
915 5367 1204 5422 adventum
1239 5369 1448 5422 Domini
1487 5371 1774 5441 signiﬁcat,
1803 5389 2012 5427 necnon

516 5457 880 5524 spiritualium
908 5459 1144 5513 hostium
1177 5461 1570 5531 depulsionem,
1605 5453 2011 5534 spirit'ltalisquc

514 5551 842 5618 captivitatis
879 5552 1222 5606 solutionem.
1270 5553 1435 5610 Docet
1464 5555 1686 5625 insuper
1737 5571 1794 5610 se
1829 5559 2006 5626 ipsum

512 5713 625 5787 (5|)
663 5715 720 5772 ln
747 5715 814 5773 Β.
849 5735 929 5785 m,
969 5719 1084 5775 inec
1109 5719 1362 5776 dicuntur
1391 5720 1736 5776 Theodoreti.

2197 527 2345 578 σθαι’
2381 526 2460 578 διὸ
2487 530 2580 580 καὶ
2607 529 2984 582 εἰσακούεσθαι
3013 530 3228 602 θαρρεῖ.

2186 712 2291 775 Εἰς
2318 709 2385 762 τὸ
2410 709 2604 776 τέλος,
2635 711 2704 763 ἐν
2729 711 2938 780 ὕμνοις
2959 712 3280 776 ΨΑΑΜΟΣ,
3301 713 3382 779 τῷ
3405 715 3606 770 Δαυΐδ.
3625 717 3770 783 EG".

2815 843 2828 861 ‘
2842 845 3149 910 Υπόθεσις.

2185 977 2352 1030 Πάλιν
2378 977 2654 1030 κάνταῦθα
2675 979 2782 1031 τῶν
2809 982 3122 1034 ἀποστόλων
3151 982 3211 1034 τὸ
3237 983 3530 1054 πρόσωπον
3553 985 3772 1054 εἰσάγε-

2252 1085 2376 1128 ται,
2408 1069 2752 1122 διδασκαλίαν
2785 1071 3107 1142 ποιούμενον
3159 1073 3265 1126 τῶν
3312 1075 3482 1142 ἐθνῶν
3507 1117 3521 1140 ,
3559 1079 3769 1149 ῥυσθῆ-

2255 1159 2344 1210 ναί
2401 1177 2461 1210 τε
2515 1161 2806 1232 εὐχόμενον
2833 1163 2943 1215 τῶν
2977 1165 3365 1232 ἀντιλεγόντων
3411 1170 3476 1237 τῇ
3511 1167 3770 1221 διδασκα-

2249 1251 2338 1322 λίᾳ
2371 1253 2568 1304 αὐτῶν.
2617 1253 2636 1324 [
2673 1255 2990 1319 ’Λκόλουθος
3017 1257 3110 1308 καὶ
3138 1253 3290 1320 οὗτος
3317 1257 3392 1327 τῷ
3424 1259 3530 1329 πρὸ
3563 1261 3732 1312 αὑτοῦ
3753 1278 3766 1288 ⁸

2252 1344 2446 1413 ἰδίωμα
2474 1346 2582 1416 γὰρ
2609 1346 2720 1416 ἔχει
2743 1347 2842 1417 τῆς
2863 1348 2970 1401 τῶν
2997 1351 3154 1418 ἱερῶν
3175 1351 3444 1418 εὐλογίας,
3469 1352 3564 1404 καὶ
3589 1357 3768 1406 κεῖται

2250 1439 2306 1490 ἐν
2345 1440 2456 1502 τοῖς
2485 1441 2716 1508 Κριταῖς
2744 1441 2775 1510 ὴ
2803 1441 2934 1512 εὐχὴ
2969 1443 3117 1494 πᾶσα
3145 1443 3347 1513 σχεδόν.
3396 1446 3484 1507 Ὠς
3511 1441 3606 1498 οὖν
3640 1447 3768 1516 μέλ-

2247 1528 2428 1592 λοντος
2477 1532 2570 1582 καὶ
2625 1531 2816 1583 τούτου
2861 1533 3146 1599 γίνεσθαι,
3202 1535 3340 1604 μετὰ
3367 1537 3466 1605 τὴν
3499 1538 3766 1591 ἐπάνοδον

2252 1622 2630 1694 προεφητεύθη
2651 1665 2666 1688 ,
2711 1624 2970 1694 κηρύττει
3015 1624 3072 1677 δὲ
3112 1625 3206 1677 καὶ
3234 1627 3332 1696 τὴν
3360 1626 3510 1680 θείαν
3545 1627 3763 1698 ἀνθρώ--

2243 1727 2410 1779 πησιν
2447 1713 2537 1764 καί¹
2583 1714 2920 1780 ἐπιφάνειαν,
2958 1715 3054 1768 καὶ
3095 1717 3192 1785 τὴν
3237 1717 3344 1768 τῶν
3379 1717 3549 1770 ἐθνῶν
3587 1737 3764 1788 σωτη-

2251 1807 2388 1874 ρίαν.
2438 1806 2532 1859 Ἐν
2560 1807 2770 1875 ὕμνοις
2797 1808 2852 1860 δὲ
2879 1809 3280 1880 ἐπιγέγραπται
3305 1852 3320 1874 ,
3371 1813 3494 1862 ἐπεὶ
3528 1812 3666 1864 Θεόῦ
3701 1813 3762 1864 τὸ

2245 1897 2563 1966 ὑμνεῖσθαι,
2608 1899 2912 1970 ἀνθρώπων
2939 1903 2994 1954 δέ
3028 1901 3090 1954 τὸ
3115 1903 3181 1955 δι’
3209 1904 3444 1958 ἐπαίνων
3478 1905 3762 1976 ἐγκωμιά-

2101 1977 2144 2034 Β
2243 1989 2490 2061 ζεσθαι.]

2256 2079 2310 2129 '0
2385 2080 2528 2146 Θεὸς
2601 2082 2963 2150 οὶκτειρήσαι
3021 2085 3179 2154 ἡμᾶς
3249 2087 3348 2140 καὶ
3425 2090 3756 2159 εὐλογήσω

2173 2169 2348 2238 ἡμᾶς.
2383 2172 2503 2224 Τῶν
2539 2173 2646 2226 σῶν
2671 2175 2968 2246 οἰκτιρμῶν
2995 2177 3226 2248 δεόμεθα
3244 2218 3258 2242 ,
3291 2181 3420 2250 φησί
3442 2221 3455 2242 ,
3483 2180 3750 2240 Δέσποτα,

2171 2263 2262 2313 καὶ
2291 2262 2390 2332 τῆς
2422 2265 2740 2332 ἐπιφανείας
2763 2267 2856 2318 τοῦ
2899 2267 3192 2338 προσώπου
3226 2287 3340 2334 σου,
3411 2274 3546 2344 πρὸς
3573 2273 3636 2327 τό
3661 2275 3752 2328 δύο

2170 2351 2363 2404 νασθαι
2410 2355 2645 2426 φανερὰν
2685 2358 2788 2427 τὴν
2823 2358 2943 2412 ὁδὸν
2973 2359 3064 2411 τοῦ
3093 2361 3248 2428 ἁγίου
3280 2381 3371 2414 σου
3419 2365 3750 2435 Εὐαγγελίου

2170 2444 2304 2494 πᾶσι
2337 2447 2447 2507 τοῖς
2495 2445 2670 2500 ἔθνεσι
2710 2449 2962 2519 κηρύξαι.
3008 2451 3307 2519 Σωτήρων
3333 2454 3444 2526 γὰρ
3472 2460 3748 2530 πανταχοῦ

2167 2535 2264 2602 τὴν
2295 2539 2597 2607 παρουσίαν
2625 2540 2790 2593 αὐτοῦ
2823 2559 3008 2613 φησιν.

2253 2629 2952 2700 Ἐξομολογησάσθωσάν
2972 2653 3068 2690 σοι
3098 2639 3254 2703 λαοὶ,
3279 2642 3312 2693 ὁ
3341 2642 3500 2706 Θεός.
3523 2641 3746 2697 Πάντων

2163 2719 2271 2772 τῶν
2316 2721 2486 2774 ἐθνῶν
2537 2723 2632 2794 τὴν
2663 2726 2743 2788 είς
2789 2727 3022 2798 Χριστὸν
3054 2732 3343 2801 ὁμολογίαν
3391 2737 3740 2805 προφητεύει.

2165 2815 2688 2882 Εὐφρανθήτωσαν
2712 2819 2810 2872 καὶ
2839 2807 3347 2890 ἁγαλλιάσθωσαν
3383 2828 3546 2898 ἔθνη.
3593 2830 3744 2884 Ἦδό-

2166 2922 2325 2976 μενον
2382 2908 2443 2959 τὸ
2503 2912 2842 2981 προφητικὸν
2913 2915 3138 2986 Πνεῦμα
3199 2922 3263 2989 τῇ
3335 2923 3577 2994 σωτηρίᾳ
3643 2925 3742 2996 τῆς

2161 2998 2519 3070 οἰκουμένης,
2571 3002 2829 3068 πολλάκις
2875 3005 2942 3058 τὰ
2982 3008 3118 3060 αὐτὰ
3151 3009 3464 3080 φθέγγεται,
3499 3017 3566 3085 τῇ
3615 3033 3740 3070 συν-

2159 3095 2273 3162 εχεῖ
2305 3095 2550 3166 διηγήσει
2583 3097 2917 3169 εὐφροσύνης
2943 3101 3231 3157 ἀπολαῦον.

2241 3185 2941 3256 Ἐξομολογησάσθωσάν
2966 3207 3064 3244 σοι
3092 3195 3228 3247 λαοὶ
3255 3235 3271 3260 ,
3317 3199 3350 3250 ὁ
3413 3199 3556 3266 Θεὸς
3577 3241 3593 3264 ,
3639 3201 3738 3266 ἐξ-

2157 3275 2750 3344 ομολογησάσθωσὰν
2786 3296 2884 3332 σοι
2927 3281 3064 3334 λαοὶ
3121 3283 3359 3350 πάντες.
3390 3287 3502 3358 Οὐχ
3553 3290 3741 3354 ἁπλῶς

2107 3371 2119 3388 ⁴
2152 3365 2248 3434 τὴν
2282 3367 2630 3435 ταυτολογίαν
2658 3369 2931 3435 τέθεικεν,
2964 3373 3098 3427 ἀλλὰ
3133 3375 3580 3450 προθυμοτέρους
3610 3384 3738 3446 τοὺς

2155 3453 2449 3519 ἀκούοντας
2479 3457 2860 3528 ἐργαζόμενος.
2895 3461 2984 3530 Γῆ
3025 3463 3210 3518 ἔδωκε
3237 3465 3345 3519 τὸν
3367 3471 3602 3536 καρπὸν
3627 3475 3735 3526 αὐ-

2153 3545 2282 3614 τῆς.
2335 3547 2400 3598 Ἦ
2451 3549 2615 3619 νοητὴ
2640 3549 2899 3618 δηλονότι.
2967 3557 3192 3624 Καρπὸς
3229 3559 3286 3612 δὲ
3315 3561 3484 3631 αὐτῆς
3514 3563 3573 3616 αἰ
3611 3565 3734 3617 κατ’

2149 3634 2433 3689 εὐσέϐειαν
2463 3642 2756 3706 προκοπαί.

2211 3725 2230 3798 [
2247 3728 2610 3802 Ἐξομολογιη
2617 3722 2947 3790 σάσθωσάν
2957 3753 3054 3792 σοι
3067 3745 3120 3794 οἱ
3131 3743 3286 3808 λαοὶ,
3301 3748 3334 3798 ὁ
3347 3749 3508 3813 Θεός.
3519 3751 3692 3806 ’Ὡσπε
3701 3773 3731 3826 ρ

2145 3817 2229 3882 δὶς
2249 3819 2316 3873 τὰ
2338 3821 2463 3892 ἔθνη
2493 3823 2628 3896 πρὸς
2651 3827 2922 3897 ὑμνῳδίαν
2949 3831 3239 3904 διήγειρεν,
3269 3837 3409 3890 οὕτω
3434 3840 3515 3904 δὶς
3543 3817 3731 3910 αὐτοῖς

2145 3913 2244 3981 τὴν
2281 3913 2526 3984 εὐλογίαν
2573 3917 2862 3990 ἐζήτησεν·
2903 3923 3282 3981 ἀπολαύσαντα
3334 3931 3578 4002 δηλονότι
3633 3940 3728 3990 καὶ

2145 4003 2314 4073 αὐτῆς
2343 4005 2613 4074 εὐλογίας.
2647 4011 2716 4062 Ἦ
2743 4011 2824 4064 ὅτι
2853 4015 2975 4067 ἐπεὶ
3007 4017 3108 4070 οὐκ
3140 4020 3423 4087 ἀγνοοῦσιν
3454 4027 3503 4078 οἱ
3541 4027 3602 4094 ἐξ
3630 4031 3728 4082 αὐ-

2141 4095 2240 4164 τῆς
2280 4096 2370 4150 τὸν
2404 4100 2495 4151 ἐπὶ
2543 4102 2760 4156 πάντων
2791 4105 2948 4172 Θεὸν,
3000 4110 3136 4164 ἀλλὰ
3183 4115 3274 4168 τὸν
3315 4103 3542 4187 ’ἥδιστον
3574 4125 3726 4196 αὐτῷ

2141 4189 2506 4260 προσφέρουσι
2530 4194 2628 4264 τῆς
2659 4197 2937 4264 εὐσεϐείας
2966 4205 3176 4274 καρπόν
3195 4224 3208 4237 ·
3244 4207 3302 4262 ὃν
3333 4213 3380 4264 εἰ
3414 4189 3720 4288 προσφέροζ

2141 4280 2240 4379 μέν
2273 4298 2388 4349 σοι,
2425 4285 2544 4356 ἤτοι
2571 4289 2668 4359 τὴν
2694 4292 2792 4361 τῆς
2823 4295 3022 4366 ἀρετῆς
3055 4299 3396 4372 ἐπιτήδευσιν
3417 4345 3432 4370 ,
3455 4280 3720 4379 -εὐλὸγὸύ-

2138 4371 2275 4442 μεθα
2305 4377 2454 4446 παρὰ
2485 4378 2626 4451 σοῦ]

2203 4555 2574 4658 [Εὐλογῄσαι
2611 4563 2768 4633 ἡμᾶς
2796 4569 2830 4620 d
2857 4569 3019 4634 Θεός.
3060 4571 3269 4629 Εἰδέναι
3297 4579 3396 4648 μὲν
3421 4587 3712 4658 προσήκει,

2061 4686 2105 4739 D
2132 4645 2586 4720 ὡς,¹εὐλογοῦντες
2606 4657 2702 4710 ἄνθ
2711 4675 2878 4728 ρωποι
2905 4661 2994 4715 τὸν
3005 4663 3154 4731 Θεὸν,
3173 4645 3361 4736 λόγους
3380 4645 3528 4746 αὐτῷ

2135 4741 2356 4813 φέρουσι
2405 4747 2599 4816 μόνους
2625 4787 2638 4810 ,
2690 4750 2835 4821 ἔργῳ
2858 4753 2914 4805 δέ
2945 4755 3108 4809 αὐτὸν
3139 4741 3709 4830 εὐεργετῆσαινούὸύ-

2131 4851 2338 4890 νανται.
2416 4839 2472 4891 Ὀ
2501 4839 2558 4891 δὲ
2587 4841 2716 4905 Θεὸς
2743 4883 2757 4906 ,
2800 4845 3035 4914 εὐλογῶν
3057 4888 3071 4912 ,
3110 4851 3319 4921 βεϐαιοῖ
3352 4859 3479 4922 τοὺς
3518 4860 3710 4930 λόγους

2128 4925 2204 4995 τῷ
2236 4926 2401 4998 ἔργῳ,
2432 4933 2524 4982 καὶ
2547 4934 2902 4988 παντοδαπῶν
2922 4941 3142 5007 ἀγαθῶν
3167 4947 3390 5018 παρέχει
3414 4954 3524 5015 τοῖς
3551 4953 3703 5006 εὐλο-

2126 5019 2410 5096 γουμένοις
2446 5024 2635 5094 φοράν.
2670 5022 2799 5080 Εἶτα
2825 5029 3063 5085 διδάσκει
3087 5035 3222 5099 πῶς.
3249 5037 3266 5108 ]

2178 5159 2280 5219 Εἰς
2311 5161 2376 5209 τὸ
2401 5165 2592 5224 τέλος,
2636 5162 2741 5229 τῆς
2767 5164 2926 5234 ᾠδῆς
2957 5169 3138 5223 Δαυῒδ
3174 5175 3496 5230 ΨΑΑΜΟΣ.
3532 5179 3628 5234 ΞΖ
3634 5188 3668 5234 '.

2751 5273 3070 5346 Ὑπόθεσις.

2130 5379 2216 5430 Ἐν
2250 5381 2422 5451 τούτῳ
2449 5384 2524 5453 τῷ
2552 5385 2750 5458 ψαλμῷ
2775 5389 2872 5460 τὴν
2906 5395 3206 5463 παρουσίαν
3236 5397 3327 5450 τοῦ
3355 5399 3559 5470 Κυρίου
3601 5421 3694 5472 οη-

2195 5471 2404 5539 μαίνει,
2453 5478 2545 5529 καὶ
2586 5480 2694 5530 τῶν
2726 5483 2928 5552 νοητῶν
2977 5485 3186 5557 ἐχθρῶν
3215 5488 3564 5560 καθαίρεσιν,
3599 5495 3692 5547 καὶ

2190 5561 2288 5632 τῆς
2312 5567 2505 5637 νοητῆς
2531 5571 2904 5640 αἰχμαλωσίας
2931 5575 3026 5646 τὴν
3047 5578 3320 5632 ἀπόλυσιν.
3353 5583 3470 5634 Ἔτι
3495 5601 3556 5652 γε
3585 5586 3692 5656 μὴν
