3872 6216
123 283 246 341 2‘35

198 405 468 468 διδάσκει,
531 404 607 466 ῶς
637 404 796 468 αὐτὸς
827 404 912 477 εἴη
975 406 1002 456 ὁ
1058 403 1149 458 και
1185 405 1351 458 πάλαι
1404 408 1529 468 τοὺς
1577 407 1723 467 υἱοὺς
1756 410 1799 466 Α

209 493 432 565 Ἰσραὴλ
473 493 532 558 ἐξ
575 494 850 561 Αἰγύπτου
892 494 1196 564 ἐξαγαγών.
1232 497 1374 566 Πρὸς
1407 496 1463 547 δὲ
1495 496 1722 560 τούτοις,

198 577 629 657 ὑποδεξαμένοις
656 587 716 640 τὸ
756 588 1038 658 κήρυγμα,
1067 587 1206 640 Πνεύ
1217 605 1382 657 ματος
1407 587 1559 655 ἁγίου
1585 588 1726 639 δόσιν

198 679 625 749 ἐπαγγέλλεται.
664 681 772 732 Καὶ
797 681 900 750 μὴν
923 682 1016 732 καὶ
1039 683 1149 742 τοῖς
1176 680 1492 742 ἀποστόλοις
1518 680 1726 747 εἰσάγει

196 773 555 843 παράκλησιν
579 811 593 836 9
631 775 695 824 ἐκ
732 773 911 843 πάσης
948 773 1178 842 Θλίψεως
1211 772 1431 841 ῥύεσθαι
1459 773 1727 839 ἐπαγγελ-

196 865 452 936 λόμενος,
488 865 589 936 τῆς
617 868 914 938 γενομένης
949 866 1189 938 δηλονότι
1219 865 1308 918 διά
1343 865 1406 918 τὸ
1443 867 1722 936 κήρυγμα.

213 941 519 1030 Ἀλλάμὴν
553 961 646 1012 καὶ
695 958 1046 1031 ἐπιστρέφειν
1075 959 1140 1010 ἐκ
1187 959 1293 1011 τῶν
1343 975 1725 1028 παραπικραι-

185 1040 395 1105 νόντών
443 1053 781 1122 ὑπισχνεῖται
817 1052 1072 1116 πολλοὺς,
1106 1052 1199 1104 καὶ
1230 1051 1336 1122 μὴν
1370 1052 1462 1104 καὶ
1511 1053 1575 1103 ἐκ
1619 1051 1725 1105 τῶν

192 1141 623 1194 καταπεσόντων
674 1143 753 1204 είς
778 1142 838 1194 τὸ
865 1141 974 1194 τῶν
1003 1140 1203 1212 ἡδονῶν
1237 1142 1491 1210 πέλαγος.
1561 1141 1724 1193 Οὐδὲν

190 1233 254 1285 δὲ
284 1228 448 1304 ἦττον
482 1233 577 1286 καὶ
605 1233 712 1286 τῶν
750 1233 1061 1287 ἀποστόλων
1089 1233 1346 1304 κηρύττει
1377 1234 1475 1304 τὴν
1509 1233 1722 1286 ἀνάδει-

187 1324 303 1390 ξιν,
328 1325 583 1387 καὶτίνες
604 1326 699 1378 καὶ
717 1326 881 1378 πόθεν
901 1322 1062 1397 ἦσαν.
1087 1327 1311 1378 Πάντων
1335 1343 1393 1377 τε
1423 1325 1528 1376 τῶν
1555 1323 1722 1376 ἐθνῶν

186 1416 297 1487 τὴν
320 1419 401 1479 είς
421 1416 513 1470 τὸν
537 1417 742 1488 Κύριον
764 1417 946 1471 πίστιν
969 1419 1400 1486 εὐαγγελίζεται.
1441 1417 1554 1483 Ἐφ’
1583 1417 1723 1469 ἀπα-

187 1525 248 1560 σι
281 1508 339 1560 δὲ
372 1508 584 1572 τούτοις
605 1509 701 1579 τὴν
730 1511 811 1573 εἰς
841 1511 1105 1580 οὐρανοὺς
1143 1510 1329 1562 ἄνοδον
1380 1508 1474 1560 τοῦ
1513 1509 1720 1578 Κυρίου

183 1599 506 1653 ἐκδιδάσκει
537 1599 745 1669 σαφῶς.
809 1598 1025 1664 Ἔξεστι
1054 1599 1110 1651 δὲ
1143 1599 1316 1651 ταῦτα
1360 1598 1540 1650 πάντα
1578 1597 1721 1650 κατὰ

189 1689 364 1760 μέρος
407 1691 518 1752 τοῖς
545 1692 750 1760 στίχοις
780 1689 1106 1743 ἐπιϐαλόντα
1139 1690 1385 1760 θεωρεῖν.

197 1747 553 1846 ζΑίιτιστήτω
584 1785 616 1834 ὀ
635 1747 820 1846 "6864‘,
855 1781 952 1834 καὶ
987 1747 1635 1850 διασκορίτισθήτωσαν
1665 1784 1717 1834 οἱ
1749 1747 1791 1801 Β

108 1871 326 1940 ἐχθροὶ
359 1873 566 1926 αὑτοῦ.
621 1873 734 1944 Τὴν
756 1875 836 1936 εἰς
869 1865 928 1925 τὸ
972 1875 1176 1944 κρίνειν
1222 1875 1348 1936 τοὺς
1377 1872 1718 1944 ἀκαθάρτους

107 1964 384 2033 δαίμονας
412 1965 704 2035 παρορμὴν
737 1963 829 2017 τοῦ
859 1965 991 2017 Θεοῦ
1037 1967 1064 2017 ὁ
1108 1964 1264 2033 λόγος
1293 1967 1566 2036 σημαίνει.
1636 1967 1712 2037 Τῇ

107 2056 225 2125 γάρ
258 2054 431 2108 αὐτοῦ
469 2056 739 2127 παρουσίᾳ
765 2056 866 2125 τῆς
914 2057 1020 2109 τῶν
1056 2055 1358 2127 ἀνθρώπων
1399 2057 1716 2129 τυραννίδος

104 2143 486 2215 ἐξηλάθησαν.

193 2235 635 2302 Ὀδοποιήσατε
665 2235 743 2302 τῷ
770 2238 1140 2305 ἐπιϐεϐηκότι
1164 2239 1262 2293 ἐπὶ
1296 2239 1564 2310 δυσμῶν.
1609 2242 1715 2294 Εύ-

101 2330 352 2398 πρεττεῖς
391 2328 614 2396 γένεσθε
639 2373 652 2394 ,
693 2331 888 2399 φησὶν,
925 2332 1006 2393 είς
1059 2331 1122 2383 τὸ
1175 2335 1294 2395 ταῖς
1334 2333 1474 2396 ὁδοῖς
1504 2335 1713 2387 ἐκείνου

103 2419 484 2490 πορεύεσθαι,
518 2421 612 2473 τοῦ
647 2421 732 2473 ἐπ’
769 2422 999 2492 ἐσχάτου
1045 2423 1153 2476 τῶν
1203 2426 1410 2495 χρόνων
1462 2427 1716 2495 ὀφθέντος

101 2515 162 2566 ἐν
189 2513 369 2585 σαρκὶ
397 2515 509 2575 τοῖς
536 2513 629 2564 ἐπὶ
659 2513 789 2582 γῆς.
829 2514 901 2565 ’Ἡ
925 2554 940 2577 ,
973 2513 1051 2579 τῷ
1079 2516 1448 2582 ἐπιϐεϐηκότι
1480 2518 1577 2569 ἐπὶ
1613 2518 1714 2570 δυ-

101 2604 314 2674 σμῶν,
345 2604 426 2674 τῷ
457 2605 650 2676 μέχρις
684 2603 810 2674 ᾅδου
841 2607 1195 2677 πεποιημένῳ
1227 2607 1322 2678 τὴν
1348 2609 1590 2662 κάθοδον.
1621 2614 1716 2662 Ta-

94 2696 520 2764 ραχθήτωσαν
545 2696 665 2750 ἀπὸ
693 2697 1018 2764 προσώπου
1057 2697 1266 2751 αὑτοῦ.
1333 2701 1414 2752 Τὰ
1445 2701 1570 2770 ἔθνη
1605 2701 1714 2753 τῶν

95 2783 386 2854 δαιμόνων
434 2784 696 2855 δηλονότι.
756 2785 864 2837 Τοῦ
894 2787 1119 2854 πατρὸς
1147 2787 1427 2856 ὀρφανῶν
1455 2792 1551 2842 καὶ
1589 2809 1708 2857 κρι-

97 2876 207 2932 τοῦ
244 2875 377 2930 τῶν
404 2876 627 2946 χηρῶν.
675 2877 956 2948 Ὀρφανῶν
989 2879 1087 2948 μὲν
1119 2880 1228 2932 τῶν
1260 2881 1714 2951 άπροστατεύτων

96 2969 276 3038 λέγει,
308 2969 496 3040 χηρῶν
523 2969 579 3022 δὲ
604 2969 711 3022 τῶν
734 2970 942 3041 ψυχῶν,
967 2971 1074 3024 τῶν
1103 2972 1176 3042 μὴ
1202 2973 1439 3042 ἐχουσῶν
1463 2973 1554 3024 τὸν
1586 2992 1646 3026 νυ
1655 2993 1714 3044 μ-

98 3062 220 3131 φίον
259 3062 465 3130 Λόγον.
525 3063 844 3135 Προστάτης
887 3065 996 3136 γάρ
1038 3067 1156 3117 ἐστι
1205 3065 1312 3117 τῶν
1342 3065 1583 3118 ἀσθενῶν
1618 3069 1708 3119 καὶ
1738 3081 1777 3134 C

96 3152 194 3221 τὴν
227 3150 594 3223 ἀνθρωπίνην
626 3153 725 3205 οὐκ
756 3153 988 3224 ἐχόντων
1032 3153 1283 3226 βοήθειαν
1304 3194 1317 3217 ,
1368 3151 1479 3208 οἷον
1529 3159 1708 3226 ἡμεῖς.

101 3241 199 3304 Τίς
227 3241 298 3294 δὲ
335 3233 494 3304 οὗτος
527 3241 620 3294 καὶ
647 3236 794 3306 οἷος;

179 3333 250 3386 '0
281 3332 433 3397 Θεὸς
460 3333 530 3384 ἐν
558 3334 716 3398 τόπῳ
743 3334 887 3404 ἁγίῳ
918 3333 1129 3388 αὐτοῦ.
1176 3335 1394 3407 Ἐπειδὴ
1428 3334 1580 3390 εἶπεν
1615 3337 1710 3388 αύ-

98 3423 189 3477 τδν
225 3423 610 3492 ἐπιϐεϐηκότα
653 3427 772 3487 ταῖς
805 3425 1070 3496 δυσμαῖς,
1115 3429 1362 3480 τουτέστι
1399 3428 1561 3500 μέχρι
1603 3430 1712 3482 τῶν

99 3515 229 3586 ᾅδου
277 3514 471 3586 μυχῶν
495 3557 510 3581 ,
549 3512 790 3569 διδάσκει
825 3517 988 3570 πάλιν
1008 3559 1022 3582 ,
1053 3518 1128 3581 ὡς
1173 3517 1409 3573 ἀνελθὼν
1435 3521 1515 3582 εἰς
1548 3521 1712 3591 ούρα-

100 3605 223 3669 νοὺς
260 3607 326 3658 ἐν
355 3607 470 3668 τοῖς
503 3605 652 3668 ἰδίοις
689 3607 875 3674 γέγονε
906 3608 1125 3670 τόποις·
1160 3611 1206 3661 εί
1255 3609 1348 3663 καὶ
1379 3609 1447 3662 τὰ
1479 3610 1711 3681 μάλιστα

101 3695 370 3748 οὐδέποτε
419 3696 739 3767 ἀφειστήκει
771 3699 949 3752 αύτῶν
979 3703 1045 3771 τῇ
1075 3701 1175 3770 τῆς
1223 3700 1476 3770 θεότητος
1527 3701 1702 3770 φύσει.

110 3785 176 3837 '0
211 3777 368 3850 Θεὸς
416 3786 728 3846 κατοικίζει
754 3791 1168 3858 μονοτρόπους
1199 3790 1268 3842 ἐν
1299 3791 1460 3854 οἴκῳ.
1532 3793 1707 3843 Μονο-

100 3880 348 3950 τῷπους
373 3881 508 3949 φησι
528 3880 650 3943 τοὺς
672 3882 820 3951 αύτῷ
842 3885 934 3935 καὶ
962 3883 1107 3952 μόνῳ
1130 3883 1424 3946 ἀναθέντας
1447 3883 1544 3954 τὴν
1573 3884 1707 3936 ἰδίαν

105 3974 279 4045 ζωὴν,
313 3975 410 4026 καὶ
440 3974 620 4044 πάσης
651 3975 967 4045 διχοῲυχίας
993 3978 1086 4029 καὶ
1121 3979 1392 4048 κοσμικῆς
1415 3977 1706 4048 ἐπιθυμίας

104 4067 278 4136 αὐτὴν
302 4065 791 4135 ἀλλοτριὼσαντας.
818 4068 1048 4131 Τούτους
1069 4068 1131 4139 δὴ
1158 4065 1250 4122 οὖν
1279 4071 1372 4121 καὶ
1395 4072 1452 4121 ἐν
1478 4069 1553 4139 τῷ
1575 4070 1707 4141 οἴκῳ

107 4158 276 4211 αὐτοῦ
315 4160 381 4228 τῇ
417 4159 722 4228 ἐπουρανίῳ
753 4159 904 4212 πόλει
931 4160 1261 4223 κατοικίζειν
1286 4160 1703 4227 ἐπαγγέλλεται·

120 4252 394 4319 Ἐξίὶγων
435 4251 885 4319 πεπεδημένους
928 4252 998 4304 ἐν
1041 4252 1303 4319 ἀνδρείᾳ.
1373 4255 1595 4322 Ὅμοιον
1628 4252 1705 4319 τῷ

109 4343 392 4413 εἰρημένῳ
416 4360 426 4370 ·
472 4342 596 4408 Τ-ἠῗς
625 4343 693 4394 ἐν
718 4342 958 4411 δεσμοῖς
980 4383 994 4406 ,
1024 4343 1296 4407 ἐξέλθετε
1317 4362 1329 4373 ·
1360 4343 1456 4396 καὶ
1483 4343 1606 4408 τοῖς
1637 4344 1706 4395 ἑν

108 4432 186 4496 τῷ
217 4434 451 4493 σκότει,
484 4432 966 4498 ἀνακίιλύφθητε.
1026 4433 1268 4501 Δεσμους
1297 4432 1352 4483 δὲ
1389 4432 1480 4484 καὶ
1517 4431 1704 4494 σκότος
1737 4436 1781 4489 D

108 4523 204 4593 τὴν
239 4522 351 4574 τῶν
386 4521 656 4591 δαιμόνων
705 4522 958 4594 λατρείαν
1015 4524 1200 4593 φησίν.

110 4615 698 4680 παραπικραίνοντας
728 4613 868 4679 τοὺς
912 4615 1341 4680 κατοικοῦντας
1371 4614 1440 4666 ἐν
1477 4613 1704 4682 τάφοις.

110 4705 284 4757 Τοῦτό
317 4720 483 4774 φησιν
505 4743 518 4767 ,
573 4705 652 4756 ὅτι
673 4744 686 4766 ,
741 4706 836 4756 καὶ
866 4704 924 4756 ἐν
958 4703 1084 4774 ᾅδου
1125 4704 1439 4776 πορευθεὶς,
1475 4706 1568 4756 καὶ
1598 4706 1708 4766 τοῖς

110 4799 227 4850 ἐκεῖ
264 4797 570 4866 πνεύμασιν
603 4795 888 4867 ἐκήρυξεν,
918 4796 1250 4868 ἀπειθήσασί
1281 4814 1429 4849 ποτε.
1470 4797 1541 4848 Τὸ
1575 4795 1703 4866 γὰρ,

112 4890 744 4958 παραπικραίνοντίις,
792 4888 912 4940 ἀντὶ
965 4888 1097 4950 τοῦ,
1156 4888 1699 4958 παραπικράναντας,

1284 4524 1518 4591 Ὁμοίως
1568 4523 1710 4587 τοὺς

113 4984 379 5036 τέθεικεν.

197 5080 262 5130 '0
294 5077 439 5142 (ὶεὶῗις
459 5120 471 5138 ,
523 5077 592 5129 ἐν
624 5075 701 5140 τῷ
731 5074 1158 5141 ἑκπορεύεσθαί
1195 5087 1268 5124 σε
1296 5072 1548 5125 ἐνώπιον
1596 5072 1702 5125 τοῦ

116 5170 270 5222 λαοῦ
305 5187 444 5229 σου,
469 5169 538 5220 ἐν
561 5168 641 5232 τῷ
666 5167 990 5219 διαϐαίνειν
1015 5180 1087 5217 σε
1117 5165 1184 5217 ὲν
1211 5163 1285 5233 τῇ
1318 5164 1533 5232 ἐρήμῳ.
1586 5164 1702 5215 Δεί-

119 5278 306 5312 κνυσιν
329 5303 342 5324 ,
396 5260 470 5322 ὡς
495 5262 588 5313 καὶ
615 5262 642 5312 ὁ
679 5259 872 5329 μέχρις
900 5257 1025 5328 ᾅδου
1055 5255 1298 5319 καταϐάς
1318 5295 1331 5317 ,
1365 5255 1525 5317 αὑτός
1555 5256 1700 5306 ἐστιν

120 5353 148 5402 ὁ
179 5351 273 5404 καὶ
300 5350 466 5402 πάλαι
494 5350 582 5401 διὰ
611 5348 849 5409 Μωσέως
881 5346 1166 5414 ἐξαγαγὼν
1215 5345 1271 5410 ἐξ
1303 5343 1577 5412 Αἰγύπτου
1610 5343 1701 5395 τὸν

134 5441 368 5512 Ἰσραήλ.
405 5441 565 5506 Λέγει
597 5436 707 5502 οὖν,
739 5440 840 5500 ὅτι,
871 5440 928 5490 ἐν
959 5438 1036 5508 τῷ
1065 5434 1495 5514 προπορεύεσθαί
1525 5452 1583 5488 σε
1608 5434 1700 5487 τοῦ

124 5533 499 5604 ἐξεληλυθότος
519 5549 609 5584 σου
631 5531 687 5597 ἐξ
711 5532 984 5600 Αἰγύπτου
1012 5529 1163 5598 λαοῦ,
1184 5529 1255 5598 γῆ
1281 5528 1522 5600 ἐσείσθη,
1553 5545 1714 5580 τουτ-

203 5723 251 5758 ²⁶
275 5723 382 5780 lsa.
412 5740 558 5791 nix,
593 5723 645 5776 9.

1255 281 1620 338 EXPOSITIO
1653 283 1728 335 'lN
1768 281 2099 338 PSAIMUM
2136 285 2322 339 LXVI.

3299 289 3404 344 9M

1900 421 2042 468 esse,
2080 408 2171 475 qu-i
2214 407 2344 460 olim
2380 407 2519 460 ﬁlios
2557 405 2720 460 Israel
2752 425 2815 461 ex
2854 408 3090 478 Egypto
3127 410 3398 465 eduxerit.

1901 499 1979 550 Ad
2015 501 2130 553 lucc
2161 500 2343 552 omnia
2377 501 2442 551 iis
2475 500 2566 568 qui
2605 501 3043 568 prmdh-ationeni
3095 491 3403 570 acceperint

1903 588 2140 656 Spiritus
2164 590 2333 642 sancti
2371 590 2573 641 donum
2609 590 2914 658 po‘llicctur.
2943 590 3236 658 Apostolos
3275 594 3400 644 item

1901 681 2236 744 consolatur,
2274 681 2548 748 pollicilus
2568 697 2784 734 onmem
2811 682 3216 750 praidicat-ionis
3237 697 3402 736 causa

1900 783 2207 840 susceptam
2239 772 2648 825 tribulationem
2683 773 3066 826 removendam
3102 773 3236 828 fore.
3272 773 3406 827 Pro-

1897 864 2490 930 mittitquemultorum
2521 879 2584 916 ex
2619 864 2686 916 iis
2719 865 2810 932 qui
2852 872 2976 917 ante
3010 863 3076 916 ad
3113 865 3248 918 iram
3273 881 3405 919 con-

1898 955 2140 1007 citabant
2186 954 2425 1007 futuram
2475 955 2912 1019 conversionem,
2951 971 3162 1010 necnon
3212 972 3402 1010 eorum

1898 1047 1991 1115 qui
2028 1047 2079 1099 in
2115 1047 2445 1115 profundum
2472 1048 2767 1114 voluptatis
2816 1049 3037 1117 pelagus
3066 1049 3297 1103 demersi
3326 1066 3406 1104 es-

1895 1150 2038 1193 sent.
2084 1139 2455 1193 Nihilominus
2492 1151 2669 1192 autem
2721 1141 3094 1204 apostolorum
3135 1142 3402 1194 delectum

1895 1239 2136 1294 enarrat,
2182 1240 2236 1283 ct
2264 1232 2488 1299 quinam
2537 1231 2787 1298 undeque
2820 1231 3043 1284 fuerint.
3099 1231 3405 1285 Annunliat

1894 1320 2024 1374 item
2081 1321 2322 1374 futuram
2367 1320 2613 1372 omnium
2647 1319 2890 1388 gentium
2931 1320 2982 1372 in
3013 1303 3302 1373 Dinninum
3338 1322 3401 1374 li-

1897 1414 2041 1467 dcm.
2080 1413 2160 1466 Ad
2194 1414 2309 1467 haec
2339 1413 2523 1466 omnia
2556 1411 2769 1464 Domini
2806 1414 2855 1465 in
2892 1413 3061 1466 cmlos
3106 1429 3394 1468 ascensum

1899 1505 2077 1574 palam
2121 1505 2330 1558 edocet.
2366 1503 2516 1556 Licet
2557 1513 2737 1557 autem
2781 1503 2894 1557 haec
2943 1506 3124 1556 omnia
3160 1505 3400 1570 cuilibet,

1893 1599 2147 1652 versibus
2177 1598 2406 1664 singulis
2438 1597 2743 1661 insistenti,
2783 1597 3236 1652 animadvertere.

1891 1778 1944 1830 2.
1999 1777 2264 1845 Exsurgat
2318 1776 2478 1839 Deus,
2527 1784 2576 1828 et
2624 1776 2951 1843 dissipentur
3008 1777 3218 1828 inimici
3263 1777 3398 1845 ejus.

1821 1872 1913 1926 Dei
1946 1871 2012 1925 ad
2057 1869 2387 1938 judicandos
2424 1870 2668 1936 impuros
2698 1870 2974 1920 dmmones
3013 1877 3194 1922 motus
3228 1870 3401 1937 signiv

1818 1963 2033 2016 licatur.
2065 1958 2200 2012 Nam
2228 1959 2346 2027 ejus
2373 1959 2606 2011 adventu
2639 1974 2667 2011 a
2699 1958 2987 2028 tyrannide
3014 1975 3119 2028 qua
3150 1960 3400 2016 homines

1818 2053 2202 2123 opprimebant
2237 2051 2449 2120 expulsi
2482 2059 2628 2104 sunt.

1889 2230 1941 2294 5,
1973 2228 2023 2282 6.
2082 2227 2195 2281 Iter
2227 2228 2389 2297 facile
2435 2230 2483 2282 ei
2529 2230 2617 2298 qui
2649 2230 2887 2283 ascendit
2937 2247 3393 2298 superoceasum.

1816 2321 2012 2385 Probe,
2044 2321 2242 2388 inquit,
2277 2321 2451 2390 parati
2495 2330 2702 2382 estote,
2743 2330 2800 2374 ut
2833 2322 2884 2374 in
2925 2323 3025 2375 viis
3047 2324 3167 2390 ejus
3203 2326 3398 2376 ambu-

1818 2413 1961 2474 letis,
1996 2413 2089 2481 qui
2125 2415 2179 2464 in
2218 2413 2518 2465 novissimo
2564 2421 2870 2480 temporum
2907 2414 2974 2468 iis
3005 2415 3096 2482 qui
3143 2415 3194 2466 in
3250 2425 3394 2468 terra

1817 2504 2082 2573 degebant
2107 2505 2261 2556 visus
2305 2512 2389 2556 est
2431 2504 2482 2555 in
2521 2518 2706 2556 carne.
2765 2503 2873 2556 Aut
2897 2544 2910 2568 ,
2960 2505 3007 2556 ei
3040 2505 3130 2572 qui
3157 2505 3394 2557 ascendit

1815 2612 1970 2664 super
2011 2612 2252 2648 occasum
2277 2634 2292 2658 ,
2345 2595 2436 2663 qui
2469 2611 2641 2662 usque
2686 2595 2750 2647 ad
2786 2595 3060 2648 infernum
3102 2596 3396 2649 descende-

1817 2692 1920 2736 rat.
1958 2682 2259 2736 Turbeutur
2283 2701 2314 2735 a
2342 2684 2477 2751 [acie
2503 2684 2638 2752 ejus.
2697 2684 3012 2739 Dwmonum
3044 2687 3252 2739 scilicet
3277 2696 3396 2739 tur-

1816 2776 1916 2830 hie.
1956 2776 2137 2828 Patris
2162 2777 2519 2845 orplianorum
2551 2787 2598 2828 et
2621 2777 2822 2844 judicis
2847 2778 3149 2829 viduarum.
3182 2778 3396 2846 Orpha-

1816 2882 2011 2920 norum
2035 2907 2050 2932 ,
2081 2867 2132 2920 id
2159 2879 2270 2932 est,
2296 2882 2485 2920 eorum
2517 2869 2717 2935 quibus
2750 2869 2958 2920 nullum
2991 2871 3391 2937 patrocinium;

1817 2959 2100 3010 viduarum
2131 2969 2310 3012 autem
2337 3001 2350 3021 ,
2389 2959 2435 3010 id
2475 2966 2559 3011 est
2613 2959 2956 3021 animarum,
3005 2960 3204 3027 quibus
3263 2964 3392 3013 Ver-

1817 3048 1945 3102 bum
1984 3065 2220 3118 sponsus
2255 3065 2361 3101 non
2391 3057 2506 3104 est.
2540 3048 2812 3103 Patronus
2843 3052 2986 3104 enim
3032 3060 3116 3104 est
3145 3051 3392 3104 infirmo-

1817 3155 1972 3194 rum.
2015 3142 2106 3209 qui
2141 3142 2433 3193 humanum
2465 3142 2729 3194 auxilium
2771 3157 2878 3195 non
2912 3143 3149 3207 habent,
3204 3146 3392 3213 quales

1816 3250 1914 3288 nos
1949 3250 2161 3286 sumus.
2198 3234 2330 3299 Quis
2362 3245 2541 3287 autem
2569 3245 2621 3287 et
2651 3236 2828 3302 qualis
2859 3244 2940 3289 est
2981 3236 3109 3289 hic?

1886 3324 1936 3376 7.
1981 3323 2116 3389 Deus
2144 3326 2197 3376 in
2226 3326 2338 3376 loco
2363 3335 2545 3377 sancto
2573 3342 2689 3378 suo.
2715 3325 3011 3394 Postquam
3034 3327 3172 3380 dixit
3213 3327 3388 3396 ipsum

1812 3417 2104 3470 ascendere
2155 3432 2319 3484 super
2357 3432 2611 3470 occasum
2641 3456 2655 3478 ,
2709 3417 2760 3469 id
2806 3425 2890 3471 est
2924 3433 3099 3486 usque
3130 3421 3193 3472 ad
3230 3429 3389 3473 antra

1813 3505 2055 3558 inferni:
2089 3507 2245 3558 docet
2275 3507 2492 3568 iterum,
2546 3522 2670 3559 cum
2712 3520 2834 3558 cum
2878 3509 2931 3559 in
2982 3510 3149 3562 malos
3193 3526 3388 3563 ascen-

1810 3595 1981 3648 disset
2022 3595 2075 3646 in
2120 3597 2359 3664 prepriis
2402 3597 2538 3650 locis
2593 3595 2800 3658 fuisse,
2861 3598 3074 3651 etiamsi
3108 3617 3388 3668 nunquam

1811 3687 1880 3740 ab
1911 3687 2018 3740 illis
2050 3698 2292 3740 remotus
2326 3687 2426 3740 fuit
2451 3696 2646 3740 natura
2689 3688 3014 3743 divinitatis.
3058 3689 3196 3743 Deus
3234 3693 3389 3744 iulia-

1813 3778 1979 3830 bitare
2009 3776 2138 3844 facit
2163 3778 2318 3828 unius
2347 3778 2508 3829 moris
2538 3779 2592 3828 in
2615 3778 2792 3830 domo.
2837 3777 3001 3830 Unius
3035 3781 3196 3832 moris
3235 3792 3390 3835 vocat

1809 3884 1904 3924 eos
1929 3872 2021 3940 qui
2056 3870 2160 3937 ipsi
2193 3870 2292 3923 soli
2322 3870 2486 3922 vitam
2520 3886 2674 3922 suam
2722 3871 3076 3934 obtulerunt,
3113 3882 3164 3925 et
3192 3890 3388 3941 quam-

1810 3961 1941 4016 libet
1983 3961 2181 4015 mentis
2223 3961 2596 4029 duplicitatem
2639 3971 2693 4013 et
2748 3962 3078 4014 mundanam
3123 3968 3388 4034 concupi-

1809 4056 2071 4112 scentiam
2120 4054 2456 4122 ahjecerunt.
2507 4052 2903 4120 Polliccturque
2953 4053 3198 4107 futurum
3244 4065 3303 4108 ut
3347 4057 3385 4109 ii

1808 4149 1860 4200 iu
1892 4150 2055 4200 domo
2094 4146 2300 4213 ipsius,
2355 4143 2408 4196 id
2454 4151 2537 4196 est
2572 4142 2624 4194 in
2654 4143 2860 4195 coeli-sti
2913 4144 3132 4195 civitate
3164 4144 3384 4197 inhabi-

1808 4247 1939 4292 tent.
1987 4237 2090 4302 Qui
2131 4237 2308 4290 educit
2351 4237 2548 4288 vinctos
2579 4236 2632 4287 iu
2689 4235 3031 4302 fortitudine.
3089 4235 3276 4288 Simile
3301 4245 3387 4289 est

1807 4331 1935 4394 huic
1959 4330 2106 4382 dicto
2135 4347 2147 4382 :
2176 4328 2252 4381 Iis
2287 4329 2374 4398 qui
2401 4329 2561 4380 vincti
2599 4336 2721 4378 sunt
2741 4368 2754 4390 ,
2802 4327 2940 4378 exite
2965 4343 2982 4379 .·
3014 4335 3062 4378 et
3095 4327 3174 4379 his
3211 4328 3300 4395 qui
3327 4331 3383 4381 in

1809 4421 2029 4472 tenebris
2055 4459 2069 4482 ,
2114 4417 2416 4471 rerelamini
2457 4417 2523 4468 ²⁰.
2566 4415 2794 4468 Vincula
2832 4425 3012 4469 autem
3044 4425 3096 4469 et
3130 4417 3384 4470 tenebras

1811 4511 2115 4566 daemonum
2151 4511 2356 4564 cultum
2388 4518 2565 4562 vocat.
2621 4507 2882 4562 Similiter
2923 4524 3007 4560 eos
3035 4509 3125 4575 qui
3165 4523 3385 4577 exaspe-

1811 4612 1967 4668 rant,
2020 4604 2109 4672 qui
2141 4603 2382 4654 habitant
2422 4603 2476 4653 in
2506 4602 2780 4669 sepulcris.
2813 4599 2926 4653 Hoc
2954 4599 3030 4651 ait
3056 4601 3183 4669 quia
3213 4600 3267 4652 in
3296 4600 3384 4652 in-

1808 4692 2022 4745 fernum
2053 4691 2348 4760 profectus,
2384 4692 2669 4758 spiritibus
2704 4691 2827 4743 istic
2867 4690 3214 4742 versantibus
3246 4704 3386 4758 prte-

1808 4787 2008 4841 dicavit
2034 4785 2125 4854 qui
2161 4785 2425 4837 increduli
2467 4784 2597 4836 olim
2627 4782 2860 4835 fuerant.
2904 4782 3036 4835 Illud
3075 4783 3254 4847 enim,
3293 4782 3384 4851 qui

1809 4891 2145 4948 exasperant,
2183 4878 2418 4947 positum
2453 4886 2533 4931 est
2555 4891 2682 4944 pro,
2719 4876 2810 4944 qui
2841 4883 3327 4943 exasperaverunt.

1880 5058 1934 5121 8,
1968 5055 2020 5111 9.
2059 5055 2227 5120 Deus,
2278 5068 2397 5105 eum
2440 5050 2754 5121 egredereris
2801 5051 2855 5102 in
2897 5061 3173 5119 conspectu
3203 5050 3384 5117 populi

1810 5153 1908 5216 tui,
1944 5165 2061 5202 cum
2084 5147 2432 5215 pertransires
2465 5146 2517 5197 in
2550 5143 2775 5198 deserto.
2811 5143 3057 5197 Declarat
3083 5184 3096 5207 ,
3139 5161 3261 5195 eum
3289 5145 3384 5211 qui

1809 5243 1875 5298 ad
1915 5240 2184 5295 infernum
2213 5252 2386 5308 usque
2431 5236 2746 5294 descendit.
2781 5237 3028 5290 eumdem
3064 5236 3234 5303 ipsum
3261 5250 3384 5289 esse

1804 5335 1896 5404 qui
1939 5333 2067 5387 olim
2115 5346 2210 5399 per
2252 5329 2453 5382 Mosem
2507 5327 2696 5380 eduxit
2743 5326 2993 5380 lsraelem
3033 5341 3098 5378 ex
3124 5324 3379 5394 IEgyptO.

1802 5429 1893 5480 Ait
1923 5427 2087 5497 igitur
2118 5442 2130 5477 :
2163 5423 2298 5477 Cum
2330 5420 2589 5491 populum
2634 5428 2784 5473 tuum
2826 5433 2889 5472 ex
2917 5417 3151 5487 Aigypto
3192 5432 3379 5485 egres-

1807 5535 1928 5575 sum
1963 5517 2316 5580 praecederes,
2353 5524 2496 5568 terra
2540 5521 2684 5567 mota
2718 5521 2818 5576 est,
2845 5511 2897 5565 id
2924 5519 3024 5577 est,
3047 5524 3140 5579 per
3161 5523 3376 5563 omnem
