3872 6216
469 257 580 312 295

1295 253 1350 307 S.
1391 249 1763 308 ATHANASII
1800 249 1952 307 OPP.
1985 246 2166 305 PARS
2201 245 2288 304 ΙΙΙ.
2323 248 2399 288 ’--
2433 247 2850 303 EXEGETICA.‘

3626 253 3734 308 296

475 382 672 424 terram
695 368 930 438 pervasit
958 367 1102 424 fama
1130 369 1307 424 exitus
1328 383 1540 423 eorum.
1587 367 1752 422 Terra
1775 377 1918 421 mota
1939 376 2038 434 est,

2142 366 2290 418 ἐστιν
2339 367 2421 428 εἰς
2471 369 2651 419 πᾶσαν
2683 368 2781 436 τὴν
2809 369 2911 438 γῆν
2935 365 3262 432 ἐξάκουστος
3289 370 3322 438 ἠ
3359 368 3537 434 ἔξοδος
3565 371 3732 424 αὑτοῦ

474 463 665 516 etenim
693 462 810 516 mli
832 462 1246 516 distillaverunt.
1293 459 1702 514 Distillaverunt
1735 459 1854 514 coeli
1882 459 2042 526 spiri—

478 553 677 608 tualem
705 568 886 607 escam
911 553 1195 614 videlicet,
1241 551 1294 606 id
1323 561 1408 606 est
1437 568 1657 606 manna.
1701 550 1743 602 Α
1785 550 1920 618 facie
1945 550 2042 602 Dei

475 642 652 698 Sirmi.
683 642 740 696 ld
769 652 854 698 est
874 684 890 708 ,
939 642 1036 696 Dei
1073 644 1166 713 qui
1201 647 1254 698 in
1293 655 1478 698 monte
1509 644 1640 697 Sina
1671 644 1840 712 legem
1871 643 2036 696 dedit.

473 734 520 786 Δ
548 735 683 804 facie
713 733 812 787 Dei
841 730 1036 787 Israel.
1062 731 1228 790 Israel
1255 745 1339 790 est
1375 751 1529 788 mens
1557 734 1725 788 Deum
1752 734 1963 788 videns.

541 986 629 1041 10.
667 985 915 1041 Pluviam
958 987 1314 1042 voluntariam
1343 989 1669 1058 segregabis,
1711 989 1850 1043 Deus
1875 1033 1888 1055 ,
1930 990 2040 1044 liae-

468 1077 686 1131 reditati
713 1087 839 1132 ture.
905 1077 1147 1132 Pluviam
1183 1081 1337 1138 dicit.
1384 1082 1752 1150 evangelicum
1788 1083 2035 1144 verbum,

461 1171 615 1239 juxta
645 1171 810 1226 illud:
849 1171 1140 1225 Descendet
1166 1173 1303 1225 sicut
1331 1173 1510 1240 pluvia
1543 1175 1598 1224 in
1629 1172 1790 1224 uellus
1822 1173 1886 1226 ἰ.
1937 1171 2039 1224 Vo-

465 1260 761 1315 luntariam
787 1272 967 1316 autem
993 1302 1006 1325 ,
1047 1263 1112 1316 ad
1147 1263 1442 1316 discrimen
1487 1264 1676 1332 legalis
1707 1265 1908 1317 cultus.
1945 1262 2038 1316 llle

465 1351 612 1407 enim
643 1367 751 1405 non
781 1354 1123 1408 voluntarius
1149 1364 1266 1407 erat
1291 1355 1445 1422 juxta
1488 1355 1590 1408 hoc
1625 1354 1830 1408 dictum
1859 1373 1872 1408 :
1907 1354 2036 1418 Quis

463 1444 604 1497 enim
631 1445 902 1514 requisivit
941 1445 1056 1513 ipsa
1093 1446 1156 1498 de
1187 1448 1427 1499 manibus
1465 1447 1651 1500 vestris
1669 1447 1753 1498 "?
1782 1457 1835 1500 et
1861 1447 1991 1500 illud
2020 1465 2032 1500 :

467 1532 800 1587 Holocausta
852 1547 1024 1588 vestra
1074 1552 1174 1588 non
1220 1545 1342 1587 sunt
1395 1548 1632 1606 accepta,
1679 1547 1728 1590 et
1766 1538 2036 1606 sacriﬁcia

464 1633 638 1679 vestra
669 1641 770 1678 non
787 1627 1102 1696 placuerunt
1127 1627 1251 1679 milii
1273 1627 1338 1681 ’³.
1369 1659 1440 1667 -
1461 1629 1526 1682 Et
1556 1629 1826 1698 inﬁrmata
1856 1639 1953 1692 est,
1978 1639 2034 1682 tu

2143 455 2452 524 γεγένηται.
2547 455 2637 522 Γῆ
2697 456 2978 523 ἑσείσθηε
3045 457 3142 509 καὶ
3201 457 3312 526 γὰρ
3371 461 3426 510 οἱ
3485 461 3732 526 οιὶιρίινοι

2143 543 2426 606 ἕστιιξαν.
2465 545 2733 610 ’Ἐσταξαν
2758 547 2804 596 οἱ
2835 545 3052 614 οὐρανοὶ
3073 544 3172 614 τὴν
3205 547 3582 616 πνευματικὴν
3611 565 3736 616 τρο-

2143 633 2248 702 φὴν
2280 634 2560 704 δηλονότι·
2591 635 2740 702 λέγει
2774 636 2831 687 δὲ
2867 635 2960 688 καὶ
3015 637 3077 687 τὸ
3115 636 3312 706 μάννα.
3365 638 3496 689 Ἀπὸ
3541 654 3734 705 προσ-

2139 723 2305 778 ώπου
2330 725 2435 778 τοῦ
2477 726 2622 778 Θεοῦ
2665 725 2770 778 τοῦ
2797 723 2961 778 Σινά.
3011 725 3156 778 Ἀντὶ
3203 726 3295 778 τοῦ
3319 769 3332 791 ,
3369 729 3425 779 ἐν
3453 727 3571 798 ὄρει
3603 729 3734 782 Σινὰ

2141 815 2230 867 τὸν
2277 815 2440 885 νόμον
2505 817 2809 888 ὁρίσαντος.
2851 817 2995 870 Ἀπὸ
3047 818 3373 884 προσώπου
3423 819 3532 872 τοῦ
3579 821 3731 874 Θεοῦ

2154 905 2408 974 Ἰσραήλ.
2463 908 2678 978 Ἰσραὴλ
2704 907 2828 971 νοῦς
2860 910 2999 978 ὁρῶν
3034 910 3187 964 Θεὸν.

2208 998 2446 1066 Βδοοχὴν
2468 999 2759 1070 ἑκουσίαν
2789 1001 3073 1070 ἁςεοριεῖς,
3113 1005 3147 1054 ό
3179 1003 3322 1068 Θεὸς
3344 1043 3358 1067 ,
3391 1003 3466 1070 τῆ
3507 1008 3732 1071 κληρο-

2138 1089 2315 1157 νομίᾳ
2342 1103 2478 1144 σου.
2508 1090 2718 1162 Βροχὴν
2751 1092 2850 1163 μὲν
2879 1094 2969 1146 τὸν
2997 1093 3348 1162 εὐαγγελικὸν
3381 1095 3541 1164 λόγον
3565 1097 3727 1167 φησι.

2139 1181 2282 1232 κατὰ
2307 1181 2367 1232 τό
2387 1197 2398 1209 ·
2423 1183 2832 1250 Καταϐήσεται
2863 1186 2943 1250 ὡς
2969 1187 3141 1250 ὑετὸς
3161 1187 3257 1238 ἐπὶ.
3281 1188 3489 1240 πόκον.
3527 1189 3731 1242 Ἑκοιῖι-

2138 1287 2276 1324 σιοιι·
2314 1274 2370 1326 δὲ
2403 1274 2538 1345 πρὸς
2588 1277 2993 1346 ἁντιδιαστολὴν
3039 1278 3138 1348 τῆς
3170 1279 3402 1350 νομικῆς
3447 1281 3726 1350 λατρείας.

2151 1362 2362 1416 Ἐκεῖνα
2396 1369 2503 1436 γὰρ
2535 1366 2634 1418 οὐκ
2663 1361 2729 1436 ἦν
2781 1369 2930 1439 αὐτῷ
2960 1369 3183 1423 ἑκούσια
3215 1370 3358 1424 κατὰ
3405 1372 3466 1424 τὸ
3500 1375 3730 1444 εἰρημέ-

2137 1473 2258 1508 νον·
2321 1457 2416 1522 Τίς
2464 1457 2572 1526 γὰρ
2621 1457 2980 1528 ἐξεζιξτησεν
3021 1461 3174 1515 αὐτὰ
3224 1463 3292 1516 ἑκ
3339 1463 3458 1516 τῶν
3509 1465 3731 1532 χειρῶν

2135 1544 2341 1612 ὺμῶνξ
2381 1547 2476 1600 καὶ
2502 1548 2562 1600 τό
2586 1565 2599 1578 ·
2658 1552 2735 1602 Τὰ
2787 1552 3248 1621 ὀλοκιῑυτώμιιτά
3291 1571 3408 1607 σου
3462 1559 3571 1608 οὐκ
3605 1557 3726 1608 εἶσὶ

2135 1633 2332 1698 δεκτὰ,
2353 1636 2452 1688 καὶ
2481 1641 2540 1690 αἱ
2571 1640 2775 1693 θυσίαι
2807 1641 2973 1710 ὑμῶν
3005 1645 3117 1712 οὐχ
3150 1644 3384 1709 ﬁam-(ir
3403 1651 3720 1715 you—Kal

464 1733 582 1770 vero
633 1719 902 1787 perfecisti
954 1736 1091 1774 eam.
1155 1719 1467 1784 lntirmata,
1523 1721 1720 1790 inquit,
1770 1730 1854 1776 est
1905 1723 2032 1776 olim

2140 1725 2461 1794 ἠσθένησε,
2489 1729 2571 1782 σὺ
2601 1731 2669 1782 δὲ
2693 1735 3022 1801 κατηρτίσω
3047 1735 3257 1805 αὑτήν.
3299 1713 3594 1808 Ἦσὸένησε
3625 1741 3726 1808 μὲν

463 1823 588 1862 cum
635 1810 776 1864 idola
821 1812 1036 1866 coleret.
1061 1811 1344 1868 Perlecisti
1387 1829 1550 1882 porro
1574 1829 1716 1879 eam,
1744 1829 1840 1883 per
1867 1830 2036 1870 evan-

463 1898 695 1965 gelicum
727 1901 953 1954 verbum
995 1904 1238 1956 vocando
1262 1903 1457 1970 ipsam.

534 1991 622 2044 Η.
655 1991 929 2046 Animalia
959 2001 1050 2046 tua
1077 1993 1389 2046 habitabant
1424 1997 1478 2046 in
1505 2011 1586 2047 ea.
1639 1995 1906 2048 Animalia
1947 1995 2038 2050 hic

461 2089 622 2134 vocat
653 2096 746 2136 eos
772 2083 864 2152 qui
892 2084 1160 2138 viviticam
1193 2099 1373 2138 escam
1423 2085 1802 2154 degustarunt.
1845 2085 1912 2138 In
1949 2103 2033 2150 ea,

463 2171 518 2224 in
551 2187 680 2242 qua,
716 2175 822 2229 nisi
855 2174 909 2228 in
939 2175 1256 2230 hzereditate
1291 2175 1498 2243 ipsius?
1529 2178 1751 2230 Parasti
1783 2179 1837 2230 in
1858 2177 2036 2230 dulce-

460 2262 581 2316 dine
612 2273 701 2317 tua
730 2268 972 2336 pauperi,
1011 2266 1172 2320 Deus.
1209 2268 1410 2336 Ecquid
1455 2269 1701 2338 paravit,
1755 2268 1856 2322 nisi
1897 2268 2034 2336 quod

463 2353 644 2405 oculus
673 2371 774 2407 non
804 2355 954 2421 vidit,
987 2375 1076 2411 nec
1113 2363 1258 2413 auris
1288 2361 1489 2412 audivit
1510 2359 1590 2412 “‘i
1641 2357 1773 2424 Quis
1809 2375 2031 2428 pauper,

462 2444 567 2498 nisi
597 2445 662 2499 de
702 2462 810 2516 quo
847 2449 984 2502 dixit
1010 2469 1022 2503 :
1057 2449 1206 2504 Beati
1244 2467 1495 2521 pauperes
1525 2451 1716 2520 spiritu
1738 2493 1752 2517 ,
1784 2453 2030 2521 quoniam

2139 1819 2342 1881 πάλαι,
2387 1821 2474 1872 ὅτε
2517 1821 2930 1894 ἐἰδωλολάτρει’
2973 1827 3286 1896 κατηρτίσω
3313 1829 3368 1881 δὲ
3400 1832 3599 1902 αὐτὴν,
3635 1832 3728 1884 διὰ

2135 1907 2229 1959 τοῦ
2261 1909 2612 1976 εὐαγγελικοῢ
2647 1911 2882 1975 καλέσας
2914 1916 3290 1986 κηρύγματος.

2133 2009 2152 2067 ί
2213 1998 2288 2051 Τὰ
2315 1997 2426 2057 ζῶά
2453 2016 2568 2054 σου
2599 2005 2982 2057 κατοικοῦσιν
3008 2008 3079 2059 ἐν
3107 2007 3281 2076 αὐτῇ.
3325 2011 3449 2063 Ζῶα
3482 2013 3724 2068 ἐνταῦθα

2137 2105 2268 2158 φησι
2301 2089 2425 2152 τοὺς
2455 2089 2558 2158 τῆς
2601 2091 2862 2154 ζωοποιοῦ
2895 2097 3100 2167 τροφῆς
3129 2100 3540 2171 μετειληφότας.
3619 2107 3724 2158 Ἐν

2133 2179 2288 2248 αὐτῇ
2315 2182 2391 2242 δὲ,
2447 2183 2612 2253 τίνιῆ
2649 2187 2714 2254 τῇ
2749 2183 3083 2260 κληρονομία
3119 2190 3316 2254 αὐτοῦ;
3359 2191 3714 2263 ’Πτοιξμασας

2132 2273 2203 2324 ἐν
2227 2272 2302 2340 τῇ
2327 2275 2692 2342 χρηστότητι
2723 2293 2840 2329 σου
2865 2277 2946 2342 τῷ
2977 2280 3211 2348 πτωχῷ,
3246 2285 3278 2334 ό
3309 2284 3472 2347 Θεός.
3533 2287 3644 2338 Καὶ
3669 2289 3720 2338 τί

2135 2363 2427 2432 ἡτοίμασεν
2489 2364 2521 2433 ἢ
2562 2363 2600 2417 ἃ
2635 2367 2942 2436 ὀφθαλμὸς
2975 2373 3084 2424 οὐκ
3143 2368 3264 2424 εἶδε
3315 2375 3412 2426 καὶ
3446 2370 3558 2440 οὖς
3605 2381 3718 2430 οὐκ

2133 2451 2396 2519 ἤκουσε;
2427 2453 2523 2518 Τίς
2549 2454 2605 2507 δὲ
2627 2457 2656 2507 6
2677 2456 2891 2526 πτωχὸς
2919 2457 2952 2529 ἢ
2983 2462 3111 2530 περὶ
3163 2455 3238 2514 ὧν
3265 2462 3450 2534 εἴρηκε
3472 2505 3488 2529 ,
3512 2468 3720 2520 Μακά-

459 2539 693 2606 ipsorum
722 2550 798 2593 est
826 2557 1039 2611 regnum
1065 2543 1308 2595 rectorum
1334 2545 1377 2574 ’⁵
1401 2543 1424 2595 ?

2140 2560 2246 2606 piat
2277 2547 2331 2597 οἱ
2359 2545 2580 2614 πτωχοὶ
2615 2544 2694 2612 τῷ
2741 2551 3032 2619 πνεύματι
3051 2591 3066 2616 ,
3125 2554 3214 2606 ὅτι
3243 2555 3441 2608 αὐτῶν
3470 2559 3509 2626 ἡ
3537 2559 3722 2621 ,βασι-

2129 2635 2266 2688 λειά
2289 2635 2408 2688 τῶν
2435 2637 2744 2708 οἰ·ριινῶν;

2203 2729 2418 2795 Κύριος
2448 2727 2628 2782 δώσει
2659 2731 2826 2800 ῥῆμα
2855 2733 2980 2799 τοῖς
3029 2738 3581 2809 εὐαγγελιζομένοις
3613 2743 3719 2797 δυ-

461 2823 570 2866 tute
599 2816 787 2868 multa.
819 2814 958 2884 Ipse,
990 2818 1186 2884 inquit,
1220 2817 1422 2870 sanctis
1457 2818 1717 2885 apostolis
1743 2817 1855 2870 suis
1885 2816 2030 2869 dabit

2140 2816 2302 2886 νάμει
2329 2819 2550 2888 πολλῇ.
2598 2821 2771 2886 Αὐτὸς
2791 2865 2805 2888 ,
2848 2827 2981 2895 φησὶ
3007 2865 3021 2888 ,
3053 2831 3163 2891 τοῖς
3193 2830 3368 2898 ἁγίοις
3397 2833 3720 2900 ἀποστόλοις

457 2907 695 2970 verbum,
736 2915 796 2960 ut
823 2907 1029 2976 possint
1059 2906 1412 2974 livangelium
1465 2910 1778 2976 przedicare.
1841 2907 2031 2963 Simile

2140 2906 2294 2959 αὑτοῦ
2317 2907 2494 2961 δώσει
2519 2909 2704 2980 ῥῆμα,
2735 2917 2814 2975 εἰς
2837 2915 2898 2969 τὸ
2922 2916 3178 2972 δύνασθαι
3205 2921 3436 2992 κηρύξαι
3457 2925 3518 2976 τὺ
3541 2927 3721 2996 Εὐαγ-

458 3007 641 3051 autem
677 3009 760 3052 est
792 2999 923 3052 illud
955 3015 970 3051 ι
1006 2997 1186 3051 Nolite
1229 3000 1462 3068 cogitare
1491 3002 1752 3069 quomodo
1786 3011 1878 3052 aut
1902 3003 2027 3069 quid

2140 2999 2331 3102 γέλων.
2367 3001 2586 3072 Ὅμοιον
2613 3005 2670 3058 δὲ
2693 3009 2784 3060 τό·
2831 3008 2926 3077 Μὴ
2956 3013 3366 3082 μεριμνήσητε
3397 3017 3456 3069 τί
3485 3019 3720 3086 εἴπητε,

459 3090 750 3158 loquamini
777 3105 797 3142 :
826 3090 1042 3144 dabitur
1071 3093 1209 3145 enim
1235 3095 1376 3146 vobis
1408 3096 1464 3145 in
1497 3093 1594 3146 illa
1625 3096 1755 3146 liora
1788 3093 1912 3163 quid
1945 3095 2028 3145 lo-

2140 3089 2168 3182 i‘j
2193 3092 2252 3143 τί
2280 3094 2592 3163 λαλήσητε
2613 3115 2626 3127 ·
2661 3098 2982 3165 δοθήσεται
3003 3103 3114 3172 γὰρ
3143 3106 3285 3174 ὑμῖν
3314 3109 3384 3162 ἐν
3412 3111 3616 3180 ἐκείνῃ
3647 3113 3722 3182 τῇ

458 3180 715 3246 quamini.
749 3179 872 3254 Non
897 3181 1034 3234 enim
1060 3197 1147 3233 vos
1180 3181 1306 3235 estis
1335 3184 1423 3250 qui
1456 3181 1753 3252 loquimini,
1790 3185 1878 3236 sed
1912 3183 2034 3254 Spi-

2140 3181 2252 3252 ὧρᾳ
2275 3186 2332 3238 τί
2365 3187 2587 3255 εἴπητε.
2619 3191 2725 3244 Καὶ
2756 3195 2868 3261 οὐχ
2904 3195 3074 3262 ὑμεῖς
3106 3197 3247 3250 ἐστε
3275 3202 3328 3252 οὶ
3359 3179 3721 3271 lado-{aerem

532 2722 619 2776 12.
665 2723 922 2778 Dominus
951 2726 1098 2779 dabit
1148 2727 1354 2778 verbum
1385 2727 1864 2797 erangelizdntibus
1929 2727 2032 2779 rir—

459 3271 596 3323 ritus
627 3271 806 3324 Patris
835 3272 935 3324 mei
967 3273 1056 3342 qui
1087 3273 1320 3344 loquitur
1358 3275 1414 3327 in
1439 3276 1580 3328 vobis
1597 3276 1663 3328 ’⁸.
1717 3277 1851 3330 illud
1875 3318 1887 3342 ε
1925 3280 2032 3331 vir-

461 3369 569 3414 tute
598 3362 764 3414 multa
785 3405 799 3426 ,
855 3362 1087 3418 refertur
1113 3366 1180 3420 ad
1223 3367 1336 3421 haec
1366 3367 1529 3421 verba
1550 3409 1564 3432 ,
1599 3367 1854 3421 Dominus
1883 3371 2033 3422 dabit

458 3451 670 3505 verbum
691 3494 705 3518 ,
753 3469 860 3507 non
885 3463 1065 3509 autem
1095 3457 1162 3510 ad
1197 3457 1365 3522 illud,
1417 3461 1894 3528 euangelizantibus
1921 3503 1934 3527 ,
1973 3471 2033 3515 ut

458 3545 676 3614 quidam
708 3547 1065 3602 aestimarunt.
1122 3549 1403 3619 Signiﬁcat
1432 3551 1573 3605 enim
1595 3593 1610 3618 ,
1656 3554 1801 3622 quod
1835 3570 2029 3624 magna

456 3636 657 3689 virtute
687 3633 830 3689 Deus
855 3637 1078 3690 verbum
1125 3638 1351 3693 daturus
1399 3639 1469 3694 sit
1512 3641 2028 3710 evangelizantibus,

457 3725 513 3779 id
544 3733 658 3788 est,
711 3726 778 3780 iis
826 3727 920 3796 qui
961 3728 1230 3783 voluerint
1265 3731 1406 3784 bona
1451 3739 1636 3785 nostra
1685 3735 2028 3796 annuntiare,

457 3816 576 3884 ipse
607 3831 913 3872 sermonem
941 3820 1176 3889 przebet,
1218 3823 1313 3891 qui
1347 3823 1752 3892 evangelizandi
1783 3827 2028 3880 occasio—

457 3923 581 3963 nem
611 3909 779 3965 dedit.

525 3999 613 4054 13.
656 3999 768 4054 Rea:
791 4001 1046 4055 virtutum
1091 3999 1292 4058 dilecti.
1359 4002 1475 4073 Ipse.
1522 4005 1729 4058 scilicet
1764 4005 2030 4060 Dominus

457 4089 550 4160 qui
579 4090 726 4145 dedit
749 4094 972 4146 verbum
1006 4093 1346 4148 initiantibus
1375 4115 1386 4148 :
1421 4097 1537 4164 ipse
1567 4113 1801 4165 namque
1824 4107 1906 4152 est.
1933 4113 2028 4151 rex

457 4183 640 4238 dilecti
689 4185 915 4253 populi:
959 4185 1074 4253 ipse
1113 4187 1241 4238 item
1274 4195 1360 4239 est
1405 4189 1578 4240 virtus
1623 4186 1759 4255 ejus.
1827 4185 2030 4256 Speciei

456 4273 644 4328 domus
677 4274 908 4328 dividere
939 4275 1130 4342 spolia.
1156 4275 1362 4330 Domus
1395 4285 1524 4331 sunt
1547 4293 1642 4348 qm
1669 4279 1720 4330 in
1745 4278 2024 4332 Christum

2131 3277 2292 3327 ἀλλὰ
2319 3276 2386 3328 τὸ
2417 3279 2658 3347 Πνεῦμα
2706 3281 2811 3335 τοῦ
2845 3287 3074 3352 Πατρός
3099 3305 3220 3355 μου
3261 3289 3329 3342 τὸ
3367 3295 3604 3348 λαλοῦν
3652 3298 3724 3350 ἐν

2131 3363 2291 3432 ὑμῖν.
2335 3365 2406 3417 Τὸ
2425 3407 2438 3430 ,
2472 3367 2720 3429 δυνάμει
2749 3374 2973 3442 πολλῇ,
3001 3377 3136 3448 πρὸς
3162 3379 3244 3444 τὸ,
3277 3382 3493 3450 Κύριος
3541 3385 3724 3440 δώσει

2123 3453 2310 3524 ῥῆμα,
2345 3459 2406 3510 οὐ
2438 3461 2572 3530 πρὸς
2596 3461 2678 3527 τὸ,
2719 3465 3286 3538 εὐαγγελιζομένοις,
3321 3471 3396 3536 ὥς
3425 3491 3575 3540 τινες
3601 3479 3719 3530 ἐνὸ-

2135 3565 2317 3616 μισαν.
2343 3551 2599 3605 Βούλεται
2633 3553 2741 3625 γὰρ
2769 3557 2962 3622 εἰπεῖν,
2993 3560 3075 3612 ὅτι
3101 3562 3237 3630 μετὰ
3273 3565 3476 3634 πολλῆς
3519 3571 3548 3619 6
3585 3569 3724 3632 Θεὸς

2131 3639 2230 3708 τῆς
2265 3642 2447 3710 ἰσχύος
2475 3643 2636 3695 δώσει
2665 3647 2814 3716 ῥῆμα
2843 3651 2954 3713 τοῖς
2985 3651 3520 3726 εὐαγγελιζομένοις,
3559 3675 3720 3712 τουτ-

2131 3728 2270 3821 έστι,
2304 3731 2398 3783 τοῦ
2430 3733 2765 3802 διαγγέλλειν
2791 3737 2859 3792 τὰ
2877 3741 3117 3811 ἡμέτερα
3139 3745 3322 3813 ἀγαθὰ
3343 3747 3718 3821 βουλομένοις,

2131 3819 2293 3914 αὐτὸς
2314 3821 2544 3893 παρέχει
2566 3825 2658 3878 τὸν
2679 3825 2854 3895 λόγον,
2873 3832 2901 3882 6
2923 3831 3016 3884 καὶ
3044 3833 3139 3904 τὴν
3162 3835 3416 3910 ἀφορμὴν
3435 3819 3530 3893 rei:
3556 3819 3721 3914 εὐαγέ

2130 3909 2472 3978 γελίσασοαι.

2212 4003 2274 4055 '0
2295 4004 2596 4072 βασιλεὺς
2620 4007 2738 4063 τῶν
2757 4009 3068 4082 δυνάμεων
3093 4016 3199 4070 τοῦ
3226 4019 3560 4088 ἀγαπητοῦ.
3609 4026 3718 4079 Αὑ-

2129 4095 2218 4159 τὺς
2249 4097 2456 4168 Κύριος
2483 4101 2510 4152 6
2541 4101 2716 4165 διδοὺς
2750 4105 2899 4173 ῥῆμα
2937 4109 3048 4170 τοῖς
3081 4103 3499 4180 μυσταγωγοίς’
3551 4117 3716 4182 αὐτὸς

2129 4189 2235 4260 γάρ
2283 4191 2428 4243 ἐστιν
2455 4193 2484 4244 6
2519 4192 2771 4262 βασιλεὺς
2799 4197 2892 4249 τοῦ
2921 4201 3207 4270 ἀγαπητοῦ
3238 4202 3366 4256 λαοῦ
3389 4221 3404 4235 ⁸
3459 4206 3626 4272 αὐτὸς
3655 4209 3716 4262 δέ

2129 4281 2243 4333 ἐστι
2262 4281 2474 4354 πάλινή
2502 4283 2730 4355 δύναμις
2751 4287 2936 4341 αὐτοῦ.
2973 4291 3054 4358 Τῇ
3073 4294 3380 4362 ὡραιότητι
3409 4299 3516 4351 τοῦ
3541 4301 3714 4355 οἴκου

457 4367 802 4421 crediderunt
831 4387 844 4420 :
882 4368 1090 4436 species
1113 4375 1294 4420 autem
1334 4369 1530 4424 domus
1550 4409 1564 4432 ,
1599 4369 1772 4424 sancti
1796 4369 1914 4438 ejus
1941 4370 2026 4423 di-

2140 4371 2432 4428 θιελέσθαι
2477 4377 2701 4432 σκύλα.
2749 4377 2912 4443 Οἶκος
2963 4383 3061 4451 μὲν
3102 4387 3150 4436 ol
3191 4387 3582 4454 πιστεύσαντες
3635 4395 3718 4456 εἰς

458 4457 650 4528 scipuli
681 4465 735 4512 et
765 4458 1015 4528 apostoli.
1054 4459 1144 4512 Ait
1178 4458 1362 4528 igitur,
1398 4475 1522 4514 eum
1552 4461 1902 4532 evangelistis
1928 4463 2026 4516 da-

456 4557 637 4602 turum
665 4564 787 4604 esse
825 4549 1085 4612 verbum,
1141 4559 1201 4603 ut
1238 4549 1480 4604 dividant
1506 4551 1680 4620 spolia
1705 4589 1720 4615 ,
1773 4551 1826 4605 id
1852 4561 1937 4607 est
1971 4561 2029 4605 ut

457 4641 674 4694 trahant
699 4650 885 4708 gentes
914 4641 980 4695 ad
1009 4641 1188 4705 Iidem,
1230 4649 1283 4694 et
1307 4635 1607 4710 exspolient
1632 4641 1911 4697 Satanam.

529 4905 615 4959 M.
659 4903 717 4960 Si
742 4906 1015 4961 dormiatis
1052 4911 1188 4963 inter
1225 4914 1422 4964 medios
1454 4912 1641 4967 cleros.
1693 4915 1772 4967 Ad
1807 4927 2025 4972 sanctos

458 4999 733 5067 apostolos
759 5013 938 5052 sermo
965 5000 1216 5056 refertur.
1268 5001 1358 5068 Si,
1391 5004 1600 5073 inquit,
1634 5021 1733 5060 vos
1757 5009 2027 5077 accipiant

457 5088 609 5142 cieri.
639 5087 826 5144 Cieros
851 5099 1031 5144 autem
1055 5101 1209 5146 vocat
1234 5109 1327 5146 eos
1371 5095 1464 5162 qui
1500 5111 1566 5148 ex
1594 5095 1810 5152 duobus
1847 5115 2024 5168 popu-

457 5183 525 5236 lis
547 5181 820 5236 credidere
847 5199 860 5233 :
893 5182 939 5235 si
975 5183 1024 5235 in
1065 5184 1198 5252 ipsis
1227 5185 1470 5254 requiem
1503 5187 1746 5242 habeatis
1768 5229 1782 5252 ,
1808 5191 2023 5244 dabun-

458 5283 546 5327 tur
573 5274 651 5328 eis
671 5288 850 5340 penna:
881 5272 1157 5339 columbaz,
1191 5275 1339 5344 cujus
1361 5279 1659 5345 posteriora
1693 5279 1840 5332 dorsi
1866 5283 2028 5335 deau-

2127 4464 2387 4534 Χριστόν’
2434 4466 2702 4540 ὡραιότης
2737 4469 2792 4522 δὲ
2819 4471 2916 4524 τοῦ
2951 4475 3097 4528 οἴκου
3128 4478 3175 4530 οἱ
3211 4477 3352 4546 ἅγιοι
3387 4481 3554 4534 αὐτοῦ
3613 4502 3718 4554 μα-

2129 4554 2287 4626 Θηταὶ
2314 4559 2409 4612 καὶ
2431 4561 2740 4616 ἀπόστολοι.
2769 4564 2931 4634 Λέγει
2960 4563 3072 4631 οὖν,
3093 4571 3174 4622 ὅτι
3199 4574 3264 4643 τῇ
3293 4573 3589 4646 ὡραιότητι
3618 4577 3715 4631 τοῦ

2129 4647 2277 4699 οἴκου
2301 4687 2316 4712 ,
2367 4652 2612 4704 τουτέστι
2641 4656 2752 4718 τοῖς
2785 4656 3217 4726 εὐαγγελισταίς,
3244 4663 3405 4726 αὐτὸς
3427 4664 3590 4720 δώσει
3621 4670 3718 4740 (5?;-

2133 4757 2238 4808 μα,
2272 4740 2405 4811 πρὸς
2437 4744 2497 4796 τὸ
2547 4745 2813 4802 διελέσθαι
2849 4749 3018 4804 σκύλα
3039 4791 3054 4810 ,
3087 4755 3364 4808 τουτέστιν
3394 4757 3620 4813 ἐλκῦσαι
3647 4761 3716 4814 τὰ

2129 4829 2256 4901 ἔθνη
2283 4835 2348 4903 τῇ
2381 4835 2580 4899 πίστει,
2611 4839 2703 4892 καὶ
2734 4841 3024 4896 σκυλεῦσαι
3056 4846 3148 4899 τὸν
3179 4849 3444 4902 Σατανᾶν.

2213 4923 2354 4978 Ἐὰν
2385 4930 2705 4997 κοιμηθῆτε
2731 4934 2845 4987 ἀνὰ
2871 4935 3068 5003 μέσον
3097 4937 3216 4991 τῶν
3237 4939 3497 5007 κλήρων.
3569 4943 3716 5014 Πρὸς

2125 5016 2252 5079 τοὺς
2281 5017 2466 5084 ἁγίους
2486 5022 2814 5088 ἀποστόλους
2843 5027 2870 5078 6
2895 5026 3070 5095 λόγος.
3101 5029 3245 5094 Ἐὰν,
3277 5033 3432 5102 φησὶ,
3453 5033 3714 5098 δέξωνται

2127 5108 2271 5176 ὑμᾶς
2301 5109 2351 5161 οἱ
2383 5110 2594 5181 κλῆροι.
2654 5115 2768 5185 Κλή
2781 5131 2903 5187 ρους
2945 5119 3000 5171 δὲ
3031 5120 3158 5182 τοὺς
3201 5123 3265 5174 ἐκ
3303 5123 3410 5174 τῶν
3442 5123 3537 5176 δύο
3567 5125 3713 5178 λαῶν

2126 5199 2519 5266 πιστεύσαντας
2547 5203 2671 5274 ἔφη.
2711 5207 2836 5258 Ἐὰν
2869 5203 2982 5271 οὖν,
3016 5211 3199 5280 φησὶν,
3233 5213 3622 5284 ἀναπαύσησθε
3655 5219 3712 5269 ἐν

2125 5290 2326 5352 αὐτοῖς,
2361 5290 2672 5362 δοθήσονται
2699 5297 2878 5362 αὐτοῖς
2921 5300 3210 5370 πτέρυγες
3238 5305 3614 5374 περιστερᾶς,
3641 5310 3711 5362 τὰ

457 5373 578 5417 rata
609 5375 782 5418 erunt.
815 5364 904 5420 Ait
941 5373 1117 5417 autem
1160 5365 1424 5435 Spiritum
1469 5382 1721 5424 sanctum
1773 5385 2027 5442 acceptu-

2140 5379 2456 5446 ιετάφρενιι
2488 5383 2752 5452 ἐχούσης
2796 5364 3378 5463 περικεγξρυσωμέφία.
3432 5364 3708 5475 Λεγενιψιὸὲ,

458 5471 548 5509 ros
570 5469 689 5511 esse
715 5456 806 5525 qui
831 5455 1105 5526 apostolos
1133 5458 1456 5526 receperint.
1507 5460 1840 5531 Μετάφρενα
1875 5479 2023 5530 vero,

2124 5469 2196 5531 ὡς
2215 5471 2354 5523 Πνεύ
2363 5490 2530 5541 ματος
2553 5477 2704 5544 ἁγίου
2729 5477 3118 5552 ἁξιωΟήσονται
3145 5487 3191 5538 οἱ
3215 5489 3339 5552 τοὺς
3363 5490 3554 5558 ἁγὶους
3577 5493 3710 5544 ἀπο-

527 5639 568 5670 ¹¹
599 5637 912 5702 Psal.r.x-xr,
958 5639 1010 5693 6.
1069 5643 1114 5674 ³³
1143 5643 1250 5696 lsa.
1291 5657 1332 5706 ι,
1366 5643 1452 5696 12.
1522 5645 1567 5675 ²¹
1595 5643 1796 5698 Jerem.
1835 5663 1909 5710 γι,
1951 5647 2041 5704 20.

2143 5651 2222 5705 ³⁵1
2249 5651 2372 5708 Cor.
2407 5671 2464 5720 ιι,
2497 5657 2550 5712 9.
2621 5663 2665 5693 ²³
2702 5663 2884 5720 Matth.
2919 5683 2972 5732 ν,
3003 5668 3054 5724 5.
3128 5671 3172 5702 ’⁸
3203 5670 3389 5727 Matth.
3426 5691 3478 5734 ιι,
3507 5675 3706 5740 ιιιεθ.
