  <div class='ocr_page' id='page_1' title='image "/cluster/home/n/w/nwhite01/storage/ocr_20150623/27/nnc1.0046978631/162.png"; bbox 0 0 3872 6216; ppageno 0'>
   <div class='ocr_carea' id='block_1_1' title="bbox 173 273 286 327">
    <p class='ocr_par' dir='ltr' id='par_1_1' title="bbox 173 273 286 327">
     <span class='ocr_line' id='line_1_1' title="bbox 173 273 286 327; baseline 0 0"><span class='ocrx_word' id='word_1_1' title='bbox 173 273 286 327; x_wconf 63' lang='grc'><strong>30⁵1</strong></span> 
     </span>
    </p>
   </div>
   <div class='ocr_carea' id='block_1_2' title="bbox 1255 270 2339 329">
    <p class='ocr_par' dir='ltr' id='par_1_2' title="bbox 1255 270 2339 329">
     <span class='ocr_line' id='line_1_2' title="bbox 1255 270 2339 329; baseline -0.001 -4"><span class='ocrx_word' id='word_1_2' title='bbox 1255 272 1617 329; x_wconf 74' lang='lat' dir='ltr'><strong>EXPOSITIO</strong></span> <span class='ocrx_word' id='word_1_3' title='bbox 1656 272 1721 326; x_wconf 84' lang='lat' dir='ltr'><strong>IN</strong></span> <span class='ocrx_word' id='word_1_4' title='bbox 1762 270 2094 327; x_wconf 72' lang='lat' dir='ltr'><strong>PSALMUI</strong></span> <span class='ocrx_word' id='word_1_5' title='bbox 2134 270 2339 325; x_wconf 72' lang='lat' dir='ltr'><strong>LXVII.</strong></span> 
     </span>
    </p>
   </div>
   <div class='ocr_carea' id='block_1_3' title="bbox 3331 271 3437 327">
    <p class='ocr_par' dir='ltr' id='par_1_3' title="bbox 3331 271 3437 327">
     <span class='ocr_line' id='line_1_3' title="bbox 3331 271 3437 327; baseline 0 -1"><span class='ocrx_word' id='word_1_6' title='bbox 3331 271 3437 327; x_wconf 79' lang='lat'><strong>&#39;298</strong></span> 
     </span>
    </p>
   </div>
   <div class='ocr_carea' id='block_1_4' title="bbox 175 376 1766 468">
    <p class='ocr_par' dir='ltr' id='par_1_4' title="bbox 175 376 1765 464">
     <span class='ocr_line' id='line_1_4' title="bbox 175 376 1765 464; baseline 0.001 -21"><span class='ocrx_word' id='word_1_7' title='bbox 175 388 401 452; x_wconf 76' lang='grc' dir='ltr'><strong>στόλους</strong></span> <span class='ocrx_word' id='word_1_8' title='bbox 452 376 757 459; x_wconf 77' lang='grc' dir='ltr'><strong>δεξάμενοι.</strong></span> <span class='ocrx_word' id='word_1_9' title='bbox 816 389 1142 463; x_wconf 78' lang='grc' dir='ltr'><strong>Μετάφρενα</strong></span> <span class='ocrx_word' id='word_1_10' title='bbox 1180 392 1237 444; x_wconf 78' lang='grc' dir='ltr'><strong>δὲ</strong></span> <span class='ocrx_word' id='word_1_11' title='bbox 1290 392 1387 463; x_wconf 80' lang='grc' dir='ltr'><strong>τῆς</strong></span> <span class='ocrx_word' id='word_1_12' title='bbox 1436 394 1765 464; x_wconf 75' lang='grc' dir='ltr'><strong>περιστερᾶς</strong></span> 
     </span>
    </p>
   </div>
   <div class='ocr_carea' id='block_1_5' title="bbox 1880 376 3434 468">
    <p class='ocr_par' dir='ltr' id='par_1_5' title="bbox 1880 390 3434 462">
     <span class='ocr_line' id='line_1_5' title="bbox 1880 390 3434 462; baseline 0.001 -16"><span class='ocrx_word' id='word_1_13' title='bbox 1880 394 1999 459; x_wconf 80' lang='lat' dir='ltr'><strong>tive,</strong></span> <span class='ocrx_word' id='word_1_14' title='bbox 2056 393 2354 462; x_wconf 77' lang='lat' dir='ltr'><strong>posteriora</strong></span> <span class='ocrx_word' id='word_1_15' title='bbox 2406 390 2557 446; x_wconf 79' lang='lat' dir='ltr'><strong>tlorsi</strong></span> <span class='ocrx_word' id='word_1_16' title='bbox 2611 391 2920 459; x_wconf 62' lang='lat' dir='ltr'><strong>columbas,</strong></span> <span class='ocrx_word' id='word_1_17' title='bbox 2974 392 3232 449; x_wconf 71' lang='lat' dir='ltr'><strong>deaurata</strong></span> <span class='ocrx_word' id='word_1_18' title='bbox 3279 393 3434 459; x_wconf 84' lang='lat' dir='ltr'><strong>dicit,</strong></span> 
     </span>
    </p>
   </div>
   <div class='ocr_carea' id='block_1_6' title="bbox 174 477 1767 553">
    <p class='ocr_par' dir='ltr' id='par_1_6' title="bbox 174 477 1767 553">
     <span class='ocr_line' id='line_1_6' title="bbox 174 477 1767 553; baseline 0.004 -25"><span class='ocrx_word' id='word_1_19' title='bbox 174 478 575 549; x_wconf 76' lang='grc' dir='ltr'><strong>κεχρυσωμένα</strong></span> <span class='ocrx_word' id='word_1_20' title='bbox 596 478 749 547; x_wconf 71' lang='grc' dir='ltr'><strong>φησὶ,</strong></span> <span class='ocrx_word' id='word_1_21' title='bbox 778 477 913 531; x_wconf 88' lang='grc' dir='ltr'><strong>διότι</strong></span> <span class='ocrx_word' id='word_1_22' title='bbox 945 479 1137 549; x_wconf 68' lang='grc' dir='ltr'><strong>τιμίας</strong></span> <span class='ocrx_word' id='word_1_23' title='bbox 1154 481 1273 551; x_wconf 72' lang='grc' dir='ltr'><strong>ἦτοι</strong></span> <span class='ocrx_word' id='word_1_24' title='bbox 1309 481 1476 551; x_wconf 83' lang='grc' dir='ltr'><strong>σοφὰς</strong></span> <span class='ocrx_word' id='word_1_25' title='bbox 1504 480 1603 545; x_wconf 85' lang='grc' dir='ltr'><strong>τὰς</strong></span> <span class='ocrx_word' id='word_1_26' title='bbox 1636 482 1767 553; x_wconf 81' lang='grc' dir='ltr'><strong>φρέ-</strong></span> 
     </span>
    </p>
   </div>
   <div class='ocr_carea' id='block_1_7' title="bbox 172 568 943 640">
    <p class='ocr_par' dir='ltr' id='par_1_7' title="bbox 172 568 943 640">
     <span class='ocr_line' id='line_1_7' title="bbox 172 568 943 640; baseline 0.003 -19"><span class='ocrx_word' id='word_1_27' title='bbox 172 586 273 632; x_wconf 85' lang='grc' dir='ltr'><strong>νας</strong></span> <span class='ocrx_word' id='word_1_28' title='bbox 304 569 412 622; x_wconf 85' lang='grc' dir='ltr'><strong>τῶν</strong></span> <span class='ocrx_word' id='word_1_29' title='bbox 443 568 752 640; x_wconf 79' lang='grc' dir='ltr'><strong>δεξαμένων</strong></span> <span class='ocrx_word' id='word_1_30' title='bbox 780 572 943 625; x_wconf 86' lang='grc' dir='ltr'><strong>ποιεῖ.</strong></span> 
     </span>
    </p>
   </div>
   <div class='ocr_carea' id='block_1_8' title="bbox 262 659 1767 734">
    <p class='ocr_par' dir='ltr' id='par_1_8' title="bbox 262 659 1767 734">
     <span class='ocr_line' id='line_1_8' title="bbox 262 659 1767 734; baseline 0.005 -21"><span class='ocrx_word' id='word_1_31' title='bbox 262 661 367 714; x_wconf 85' lang='grc' dir='ltr'><strong>Ἐν</strong></span> <span class='ocrx_word' id='word_1_32' title='bbox 399 659 479 726; x_wconf 84' lang='grc' dir='ltr'><strong>τῷ</strong></span> <span class='ocrx_word' id='word_1_33' title='bbox 508 659 893 716; x_wconf 68' lang='grc' dir='ltr'><strong>διαστέλλειν</strong></span> <span class='ocrx_word' id='word_1_34' title='bbox 924 661 1032 716; x_wconf 80' lang='grc' dir='ltr'><strong>τὸν</strong></span> <span class='ocrx_word' id='word_1_35' title='bbox 1080 662 1440 733; x_wconf 78' lang='grc' dir='ltr'><strong>ἐπουράνιον</strong></span> <span class='ocrx_word' id='word_1_36' title='bbox 1483 665 1767 734; x_wconf 80' lang='grc' dir='ltr'><strong>,ϐασιλεῖς</strong></span> 
     </span>
    </p>
   </div>
   <div class='ocr_carea' id='block_1_9' title="bbox 169 750 1766 825">
    <p class='ocr_par' dir='ltr' id='par_1_9' title="bbox 169 750 1766 825">
     <span class='ocr_line' id='line_1_9' title="bbox 169 750 1766 825; baseline 0.006 -23"><span class='ocrx_word' id='word_1_37' title='bbox 169 751 269 802; x_wconf 71' lang='grc' dir='ltr'><strong>ἐπ’</strong></span> <span class='ocrx_word' id='word_1_38' title='bbox 299 750 513 819; x_wconf 85' lang='grc' dir='ltr'><strong>αὐτῆς.</strong></span> <span class='ocrx_word' id='word_1_39' title='bbox 573 752 822 816; x_wconf 84' lang='grc' dir='ltr'><strong>Βασιλεῖς</strong></span> <span class='ocrx_word' id='word_1_40' title='bbox 852 753 954 824; x_wconf 86' lang='grc' dir='ltr'><strong>μὲν</strong></span> <span class='ocrx_word' id='word_1_41' title='bbox 982 755 1109 817; x_wconf 80' lang='grc' dir='ltr'><strong>τοὺς</strong></span> <span class='ocrx_word' id='word_1_42' title='bbox 1138 754 1409 825; x_wconf 79' lang='grc' dir='ltr'><strong>ἄρξαντας</strong></span> <span class='ocrx_word' id='word_1_43' title='bbox 1436 756 1766 822; x_wconf 80' lang='grc' dir='ltr'><strong>ἀποστόλους</strong></span> 
     </span>
    </p>
   </div>
   <div class='ocr_carea' id='block_1_10' title="bbox 169 842 1765 916">
    <p class='ocr_par' dir='ltr' id='par_1_10' title="bbox 169 842 1765 916">
     <span class='ocr_line' id='line_1_10' title="bbox 169 842 1765 916; baseline 0.006 -24"><span class='ocrx_word' id='word_1_44' title='bbox 169 842 275 910; x_wconf 76' lang='grc' dir='ltr'><strong>τῆς</strong></span> <span class='ocrx_word' id='word_1_45' title='bbox 328 842 695 914; x_wconf 75' lang='grc' dir='ltr'><strong>κληρονομίας</strong></span> <span class='ocrx_word' id='word_1_46' title='bbox 736 844 900 898; x_wconf 82' lang='grc' dir='ltr'><strong>αὐτοῦ</strong></span> <span class='ocrx_word' id='word_1_47' title='bbox 953 861 1106 915; x_wconf 86' lang='grc' dir='ltr'><strong>φησι.</strong></span> <span class='ocrx_word' id='word_1_48' title='bbox 1158 847 1640 916; x_wconf 81' lang='grc' dir='ltr'><strong>Χιονωθήσονται</strong></span> <span class='ocrx_word' id='word_1_49' title='bbox 1684 849 1765 912; x_wconf 88' lang='grc' dir='ltr'><strong>δὲ,</strong></span> 
     </span>
    </p>
   </div>
   <div class='ocr_carea' id='block_1_11' title="bbox 172 932 1767 1006">
    <p class='ocr_par' dir='ltr' id='par_1_11' title="bbox 172 932 1767 1006">
     <span class='ocr_line' id='line_1_11' title="bbox 172 932 1767 1006; baseline 0.007 -24"><span class='ocrx_word' id='word_1_50' title='bbox 172 932 301 983; x_wconf 81' lang='grc' dir='ltr'><strong>ἀντὶ</strong></span> <span class='ocrx_word' id='word_1_51' title='bbox 327 932 441 996; x_wconf 76' lang='grc' dir='ltr'><strong>τοῦ,</strong></span> <span class='ocrx_word' id='word_1_52' title='bbox 458 934 1022 1006; x_wconf 82' lang='grc' dir='ltr'><strong>ἀποκαθαρθήσονται.</strong></span> <span class='ocrx_word' id='word_1_53' title='bbox 1062 936 1164 990; x_wconf 86' lang='grc' dir='ltr'><strong>Ἑν</strong></span> <span class='ocrx_word' id='word_1_54' title='bbox 1183 936 1427 1006; x_wconf 80' lang='grc' dir='ltr'><strong>Σελμὼν</strong></span> <span class='ocrx_word' id='word_1_55' title='bbox 1453 938 1530 1003; x_wconf 86' lang='grc' dir='ltr'><strong>δὲ,</strong></span> <span class='ocrx_word' id='word_1_56' title='bbox 1556 941 1614 993; x_wconf 75' lang='grc' dir='ltr'><strong>ἐν</strong></span> <span class='ocrx_word' id='word_1_57' title='bbox 1639 940 1767 993; x_wconf 88' lang='grc' dir='ltr'><strong>ἀντ-</strong></span> 
     </span>
    </p>
   </div>
   <div class='ocr_carea' id='block_1_12' title="bbox 172 1024 1766 1102">
    <p class='ocr_par' dir='ltr' id='par_1_12' title="bbox 172 1024 1766 1102">
     <span class='ocr_line' id='line_1_12' title="bbox 172 1024 1766 1102; baseline 0.005 -26"><span class='ocrx_word' id='word_1_58' title='bbox 172 1026 453 1091; x_wconf 84' lang='grc' dir='ltr'><strong>αποδόσει,</strong></span> <span class='ocrx_word' id='word_1_59' title='bbox 513 1027 893 1098; x_wconf 74' lang='grc' dir='ltr'><strong>ἑρμηνεύεται.</strong></span> <span class='ocrx_word' id='word_1_60' title='bbox 947 1027 1109 1096; x_wconf 84' lang='grc' dir='ltr'><strong>Λέγει</strong></span> <span class='ocrx_word' id='word_1_61' title='bbox 1138 1024 1250 1093; x_wconf 75' lang='grc' dir='ltr'><strong>οὖν,</strong></span> <span class='ocrx_word' id='word_1_62' title='bbox 1287 1029 1368 1081; x_wconf 86' lang='grc' dir='ltr'><strong>ὅτι</strong></span> <span class='ocrx_word' id='word_1_63' title='bbox 1403 1031 1453 1082; x_wconf 78' lang='grc' dir='ltr'><strong>οἱ</strong></span> <span class='ocrx_word' id='word_1_64' title='bbox 1482 1030 1766 1102; x_wconf 78' lang='grc' dir='ltr'><strong>δεξάμενοι</strong></span> 
     </span>
    </p>
   </div>
   <div class='ocr_carea' id='block_1_13' title="bbox 172 1122 1765 1197">
    <p class='ocr_par' dir='ltr' id='par_1_13' title="bbox 172 1122 1765 1197">
     <span class='ocr_line' id='line_1_13' title="bbox 172 1122 1765 1197; baseline 0.002 -22"><span class='ocrx_word' id='word_1_65' title='bbox 172 1124 302 1185; x_wconf 78' lang='grc' dir='ltr'><strong>τοὺς</strong></span> <span class='ocrx_word' id='word_1_66' title='bbox 334 1124 525 1190; x_wconf 81' lang='grc' dir='ltr'><strong>ἁγίους</strong></span> <span class='ocrx_word' id='word_1_67' title='bbox 569 1124 899 1187; x_wconf 83' lang='grc' dir='ltr'><strong>ἀποστόλους</strong></span> <span class='ocrx_word' id='word_1_68' title='bbox 943 1123 1043 1185; x_wconf 83' lang='grc' dir='ltr'><strong>τὰς</strong></span> <span class='ocrx_word' id='word_1_69' title='bbox 1095 1122 1247 1193; x_wconf 83' lang='grc' dir='ltr'><strong>παρὰ</strong></span> <span class='ocrx_word' id='word_1_70' title='bbox 1295 1124 1390 1177; x_wconf 81' lang='grc' dir='ltr'><strong>τοῦ</strong></span> <span class='ocrx_word' id='word_1_71' title='bbox 1445 1126 1765 1197; x_wconf 81' lang='grc' dir='ltr'><strong>ἐπουρανίου</strong></span> 
     </span>
    </p>
   </div>
   <div class='ocr_carea' id='block_1_14' title="bbox 174 1216 1767 1289">
    <p class='ocr_par' dir='ltr' id='par_1_14' title="bbox 174 1216 1767 1289">
     <span class='ocr_line' id='line_1_14' title="bbox 174 1216 1767 1289; baseline 0.003 -21"><span class='ocrx_word' id='word_1_72' title='bbox 174 1216 444 1285; x_wconf 86' lang='grc' dir='ltr'><strong>βασιλέως</strong></span> <span class='ocrx_word' id='word_1_73' title='bbox 468 1217 887 1282; x_wconf 78' lang='grc' dir='ltr'><strong>ἀνταποδόσεις,</strong></span> <span class='ocrx_word' id='word_1_74' title='bbox 924 1218 1042 1288; x_wconf 72' lang='grc' dir='ltr'><strong>ἦτοι</strong></span> <span class='ocrx_word' id='word_1_75' title='bbox 1084 1216 1320 1287; x_wconf 85' lang='grc' dir='ltr'><strong>ἀμοιϐὰς</strong></span> <span class='ocrx_word' id='word_1_76' title='bbox 1341 1257 1356 1283; x_wconf 93' lang='grc'><strong>,</strong></span> <span class='ocrx_word' id='word_1_77' title='bbox 1401 1216 1640 1283; x_wconf 80' lang='grc' dir='ltr'><strong>δέξονται</strong></span> <span class='ocrx_word' id='word_1_78' title='bbox 1669 1218 1767 1289; x_wconf 81' lang='grc' dir='ltr'><strong>τῆς</strong></span> 
     </span>
    </p>
   </div>
   <div class='ocr_carea' id='block_1_15' title="bbox 1869 482 3433 553">
    <p class='ocr_par' dir='ltr' id='par_1_15' title="bbox 1869 482 3433 553">
     <span class='ocr_line' id='line_1_15' title="bbox 1869 482 3433 553; baseline 0.001 -15"><span class='ocrx_word' id='word_1_79' title='bbox 1869 485 1998 553; x_wconf 87' lang='lat' dir='ltr'><strong>quia</strong></span> <span class='ocrx_word' id='word_1_80' title='bbox 2028 482 2293 553; x_wconf 86' lang='lat' dir='ltr'><strong>pretiosas</strong></span> <span class='ocrx_word' id='word_1_81' title='bbox 2331 491 2388 537; x_wconf 89' lang='lat' dir='ltr'><strong>et</strong></span> <span class='ocrx_word' id='word_1_82' title='bbox 2432 484 2703 552; x_wconf 73' lang='lat' dir='ltr'><strong>sapientes</strong></span> <span class='ocrx_word' id='word_1_83' title='bbox 2729 483 2931 553; x_wconf 82' lang='grc' dir='ltr'><strong>φρένας</strong></span> <span class='ocrx_word' id='word_1_84' title='bbox 2966 498 3064 539; x_wconf 85' lang='lat' dir='ltr'><strong>seu</strong></span> <span class='ocrx_word' id='word_1_85' title='bbox 3103 494 3314 540; x_wconf 88' lang='lat' dir='ltr'><strong>mentes</strong></span> <span class='ocrx_word' id='word_1_86' title='bbox 3341 500 3433 539; x_wconf 85' lang='lat' dir='ltr'><strong>eo-</strong></span> 
     </span>
    </p>
   </div>
   <div class='ocr_carea' id='block_1_16' title="bbox 1872 572 2753 643">
    <p class='ocr_par' dir='ltr' id='par_1_16' title="bbox 1872 572 2753 643">
     <span class='ocr_line' id='line_1_16' title="bbox 1872 572 2753 643; baseline 0.001 -15"><span class='ocrx_word' id='word_1_87' title='bbox 1872 590 1993 629; x_wconf 85' lang='lat' dir='ltr'><strong>rum</strong></span> <span class='ocrx_word' id='word_1_88' title='bbox 2023 573 2117 643; x_wconf 88' lang='lat' dir='ltr'><strong>qui</strong></span> <span class='ocrx_word' id='word_1_89' title='bbox 2144 574 2453 643; x_wconf 85' lang='lat' dir='ltr'><strong>acceperint</strong></span> <span class='ocrx_word' id='word_1_90' title='bbox 2494 572 2753 629; x_wconf 86' lang='lat' dir='ltr'><strong>elliciunt.</strong></span> 
     </span>
    </p>
   </div>
   <div class='ocr_carea' id='block_1_17' title="bbox 1930 664 3439 736">
    <p class='ocr_par' dir='ltr' id='par_1_17' title="bbox 1930 664 3439 736">
     <span class='ocr_line' id='line_1_17' title="bbox 1930 664 3439 736; baseline 0 -16"><span class='ocrx_word' id='word_1_91' title='bbox 1930 666 2019 722; x_wconf 74' lang='lat'><strong>15.</strong></span> <span class='ocrx_word' id='word_1_92' title='bbox 2058 666 2197 719; x_wconf 90' lang='lat' dir='ltr'><strong>Dum</strong></span> <span class='ocrx_word' id='word_1_93' title='bbox 2226 667 2471 719; x_wconf 90' lang='lat' dir='ltr'><strong>discernit</strong></span> <span class='ocrx_word' id='word_1_94' title='bbox 2498 668 2717 720; x_wconf 71' lang='lat' dir='ltr'><strong>caelestis</strong></span> <span class='ocrx_word' id='word_1_95' title='bbox 2752 680 2892 735; x_wconf 90' lang='lat' dir='ltr'><strong>reges</strong></span> <span class='ocrx_word' id='word_1_96' title='bbox 2925 681 3081 735; x_wconf 88' lang='lat' dir='ltr'><strong>super</strong></span> <span class='ocrx_word' id='word_1_97' title='bbox 3100 681 3239 720; x_wconf 87' lang='lat' dir='ltr'><strong>eam.</strong></span> <span class='ocrx_word' id='word_1_98' title='bbox 3265 664 3439 736; x_wconf 85' lang='lat' dir='ltr'><strong>Reges</strong></span> 
     </span>
    </p>
   </div>
   <div class='ocr_carea' id='block_1_18' title="bbox 1866 758 3440 828">
    <p class='ocr_par' dir='ltr' id='par_1_18' title="bbox 1866 758 3440 828">
     <span class='ocr_line' id='line_1_18' title="bbox 1866 758 3440 828; baseline -0.003 -14"><span class='ocrx_word' id='word_1_99' title='bbox 1866 768 2026 814; x_wconf 86' lang='lat' dir='ltr'><strong>vocat</strong></span> <span class='ocrx_word' id='word_1_100' title='bbox 2063 760 2339 828; x_wconf 70' lang='lat' dir='ltr'><strong>apostolos</strong></span> <span class='ocrx_word' id='word_1_101' title='bbox 2398 759 2697 814; x_wconf 69' lang='lat' dir='ltr'><strong>haereditati</strong></span> <span class='ocrx_word' id='word_1_102' title='bbox 2741 774 2856 814; x_wconf 69' lang='lat' dir='ltr'><strong>suae</strong></span> <span class='ocrx_word' id='word_1_103' title='bbox 2905 760 3253 828; x_wconf 79' lang='lat' dir='ltr'><strong>imperantes.</strong></span> <span class='ocrx_word' id='word_1_104' title='bbox 3307 758 3440 811; x_wconf 84' lang='lat' dir='ltr'><strong>Nive</strong></span> 
     </span>
    </p>
   </div>
   <div class='ocr_carea' id='block_1_19' title="bbox 1867 850 3437 922">
    <p class='ocr_par' dir='ltr' id='par_1_19' title="bbox 1867 850 3437 922">
     <span class='ocr_line' id='line_1_19' title="bbox 1867 850 3437 922; baseline 0.001 -18"><span class='ocrx_word' id='word_1_105' title='bbox 1867 850 2272 916; x_wconf 87' lang='lat' dir='ltr'><strong>dealbabuntur,</strong></span> <span class='ocrx_word' id='word_1_106' title='bbox 2310 854 2465 921; x_wconf 80' lang='lat' dir='ltr'><strong>quasi</strong></span> <span class='ocrx_word' id='word_1_107' title='bbox 2500 852 2644 907; x_wconf 86' lang='lat' dir='ltr'><strong>dicat</strong></span> <span class='ocrx_word' id='word_1_108' title='bbox 2675 852 3054 922; x_wconf 89' lang='lat' dir='ltr'><strong>purgabuntur</strong></span> <span class='ocrx_word' id='word_1_109' title='bbox 3084 870 3098 907; x_wconf 92' lang='lat'><strong>:</strong></span> <span class='ocrx_word' id='word_1_110' title='bbox 3131 851 3197 906; x_wconf 86' lang='lat' dir='ltr'><strong>In</strong></span> <span class='ocrx_word' id='word_1_111' title='bbox 3227 850 3437 906; x_wconf 80' lang='lat' dir='ltr'><strong>Selmon</strong></span> 
     </span>
    </p>
   </div>
   <div class='ocr_carea' id='block_1_20' title="bbox 1867 942 3440 1013">
    <p class='ocr_par' dir='ltr' id='par_1_20' title="bbox 1867 942 3440 1013">
     <span class='ocr_line' id='line_1_20' title="bbox 1867 942 3440 1013; baseline 0 -16"><span class='ocrx_word' id='word_1_112' title='bbox 1867 944 2254 1013; x_wconf 74' lang='lat' dir='ltr'><strong>interpretatur</strong></span> <span class='ocrx_word' id='word_1_113' title='bbox 2278 946 2334 996; x_wconf 84' lang='lat' dir='ltr'><strong>in</strong></span> <span class='ocrx_word' id='word_1_114' title='bbox 2366 944 2727 997; x_wconf 76' lang='lat' dir='ltr'><strong>retributione.</strong></span> <span class='ocrx_word' id='word_1_115' title='bbox 2748 943 2840 996; x_wconf 86' lang='lat' dir='ltr'><strong>Ait</strong></span> <span class='ocrx_word' id='word_1_116' title='bbox 2871 942 3034 1013; x_wconf 84' lang='lat' dir='ltr'><strong>igitur</strong></span> <span class='ocrx_word' id='word_1_117' title='bbox 3055 958 3151 997; x_wconf 87' lang='lat' dir='ltr'><strong>eos</strong></span> <span class='ocrx_word' id='word_1_118' title='bbox 3186 943 3280 1013; x_wconf 88' lang='lat' dir='ltr'><strong>qui</strong></span> <span class='ocrx_word' id='word_1_119' title='bbox 3313 958 3440 999; x_wconf 87' lang='lat' dir='ltr'><strong>san-</strong></span> 
     </span>
    </p>
   </div>
   <div class='ocr_carea' id='block_1_21' title="bbox 1868 1035 3436 1106">
    <p class='ocr_par' dir='ltr' id='par_1_21' title="bbox 1868 1035 3436 1106">
     <span class='ocr_line' id='line_1_21' title="bbox 1868 1035 3436 1106; baseline 0.001 -18"><span class='ocrx_word' id='word_1_120' title='bbox 1868 1043 1986 1089; x_wconf 89' lang='lat' dir='ltr'><strong>ctos</strong></span> <span class='ocrx_word' id='word_1_121' title='bbox 2016 1036 2293 1104; x_wconf 73' lang='lat' dir='ltr'><strong>apostolos</strong></span> <span class='ocrx_word' id='word_1_122' title='bbox 2319 1036 2641 1105; x_wconf 89' lang='lat' dir='ltr'><strong>receperint,</strong></span> <span class='ocrx_word' id='word_1_123' title='bbox 2684 1050 2715 1090; x_wconf 85' lang='lat' dir='ltr'><strong>a</strong></span> <span class='ocrx_word' id='word_1_124' title='bbox 2741 1035 2945 1089; x_wconf 81' lang='lat' dir='ltr'><strong>caelesti</strong></span> <span class='ocrx_word' id='word_1_125' title='bbox 2979 1052 3103 1106; x_wconf 87' lang='lat' dir='ltr'><strong>rege</strong></span> <span class='ocrx_word' id='word_1_126' title='bbox 3123 1036 3436 1091; x_wconf 88' lang='lat' dir='ltr'><strong>retributio-</strong></span> 
     </span>
    </p>
   </div>
   <div class='ocr_carea' id='block_1_22' title="bbox 1868 1126 3436 1199">
    <p class='ocr_par' dir='ltr' id='par_1_22' title="bbox 1868 1126 3436 1199">
     <span class='ocr_line' id='line_1_22' title="bbox 1868 1126 3436 1199; baseline 0.002 -23"><span class='ocrx_word' id='word_1_127' title='bbox 1868 1139 1988 1190; x_wconf 90' lang='lat' dir='ltr'><strong>nes,</strong></span> <span class='ocrx_word' id='word_1_128' title='bbox 2018 1126 2134 1179; x_wconf 83' lang='lat' dir='ltr'><strong>sive</strong></span> <span class='ocrx_word' id='word_1_129' title='bbox 2180 1126 2401 1194; x_wconf 71' lang='lat' dir='ltr'><strong>praemia</strong></span> <span class='ocrx_word' id='word_1_130' title='bbox 2444 1136 2782 1197; x_wconf 88' lang='lat' dir='ltr'><strong>accepturos,</strong></span> <span class='ocrx_word' id='word_1_131' title='bbox 2826 1128 3032 1183; x_wconf 88' lang='lat' dir='ltr'><strong>scilicet</strong></span> <span class='ocrx_word' id='word_1_132' title='bbox 3064 1129 3436 1199; x_wconf 82' lang='lat' dir='ltr'><strong>purgationem</strong></span> 
     </span>
    </p>
   </div>
   <div class='ocr_carea' id='block_1_23' title="bbox 1868 1228 2238 1286">
    <p class='ocr_par' dir='ltr' id='par_1_23' title="bbox 1868 1228 2238 1286">
     <span class='ocr_line' id='line_1_23' title="bbox 1868 1228 2238 1286; baseline -0.003 -15"><span class='ocrx_word' id='word_1_133' title='bbox 1868 1228 2238 1286; x_wconf 84' lang='lat' dir='ltr'><strong>peccatorum.</strong></span> 
     </span>
    </p>
   </div>
   <div class='ocr_carea' id='block_1_24' title="bbox 172 1308 1376 1382">
    <p class='ocr_par' dir='ltr' id='par_1_24' title="bbox 172 1308 1376 1382">
     <span class='ocr_line' id='line_1_24' title="bbox 172 1308 1376 1382; baseline 0.002 -21"><span class='ocrx_word' id='word_1_134' title='bbox 172 1309 468 1379; x_wconf 83' lang='grc' dir='ltr'><strong>ὑποδοχῆς,</strong></span> <span class='ocrx_word' id='word_1_135' title='bbox 503 1309 594 1362; x_wconf 84' lang='grc' dir='ltr'><strong>τὸν</strong></span> <span class='ocrx_word' id='word_1_136' title='bbox 626 1308 908 1380; x_wconf 73' lang='grc' dir='ltr'><strong>καθαρμὸν</strong></span> <span class='ocrx_word' id='word_1_137' title='bbox 938 1308 1048 1364; x_wconf 84' lang='grc' dir='ltr'><strong>τῶν</strong></span> <span class='ocrx_word' id='word_1_138' title='bbox 1074 1310 1376 1382; x_wconf 86' lang='grc' dir='ltr'><strong>ἁμαρτιῶν.</strong></span> 
     </span>
    </p>
   </div>
   <div class='ocr_carea' id='block_1_25' title="bbox 248 1399 1765 1473">
    <p class='ocr_par' dir='ltr' id='par_1_25' title="bbox 248 1399 1765 1473">
     <span class='ocr_line' id='line_1_25' title="bbox 248 1399 1765 1473; baseline 0.003 -22"><span class='ocrx_word' id='word_1_139' title='bbox 248 1400 431 1467; x_wconf 88' lang='grc' dir='ltr'><strong>Ὀρος</strong></span> <span class='ocrx_word' id='word_1_140' title='bbox 472 1399 578 1453; x_wconf 86' lang='grc' dir='ltr'><strong>τοῦ</strong></span> <span class='ocrx_word' id='word_1_141' title='bbox 614 1400 762 1453; x_wconf 86' lang='grc' dir='ltr'><strong>Θεοῦ</strong></span> <span class='ocrx_word' id='word_1_142' title='bbox 797 1399 935 1468; x_wconf 85' lang='grc' dir='ltr'><strong>ὄρος</strong></span> <span class='ocrx_word' id='word_1_143' title='bbox 969 1400 1128 1455; x_wconf 77' lang='grc' dir='ltr'><strong>πῖον.</strong></span> <span class='ocrx_word' id='word_1_144' title='bbox 1168 1403 1330 1472; x_wconf 90' lang='grc' dir='ltr'><strong>Ὄρος</strong></span> <span class='ocrx_word' id='word_1_145' title='bbox 1366 1403 1465 1472; x_wconf 86' lang='grc' dir='ltr'><strong>μὲν</strong></span> <span class='ocrx_word' id='word_1_146' title='bbox 1496 1402 1595 1473; x_wconf 84' lang='grc' dir='ltr'><strong>τὴν</strong></span> <span class='ocrx_word' id='word_1_147' title='bbox 1641 1403 1765 1455; x_wconf 85' lang='grc' dir='ltr'><strong>Ἐκ-</strong></span> 
     </span>
    </p>
   </div>
   <div class='ocr_carea' id='block_1_26' title="bbox 169 1490 1762 1565">
    <p class='ocr_par' dir='ltr' id='par_1_26' title="bbox 169 1490 1762 1565">
     <span class='ocr_line' id='line_1_26' title="bbox 169 1490 1762 1565; baseline 0.003 -22"><span class='ocrx_word' id='word_1_148' title='bbox 169 1490 405 1561; x_wconf 82' lang='grc' dir='ltr'><strong>κλησίαν</strong></span> <span class='ocrx_word' id='word_1_149' title='bbox 431 1490 719 1561; x_wconf 77' lang='grc' dir='ltr'><strong>ὀνομάζει,</strong></span> <span class='ocrx_word' id='word_1_150' title='bbox 753 1495 873 1545; x_wconf 85' lang='grc' dir='ltr'><strong>πῖον</strong></span> <span class='ocrx_word' id='word_1_151' title='bbox 910 1494 967 1547; x_wconf 79' lang='grc' dir='ltr'><strong>δὲ</strong></span> <span class='ocrx_word' id='word_1_152' title='bbox 988 1533 1002 1557; x_wconf 92' lang='grc'><strong>,</strong></span> <span class='ocrx_word' id='word_1_153' title='bbox 1030 1495 1111 1546; x_wconf 85' lang='grc' dir='ltr'><strong>ὅτι</strong></span> <span class='ocrx_word' id='word_1_154' title='bbox 1153 1494 1447 1565; x_wconf 80' lang='grc' dir='ltr'>εὐτραφεῖς</span> <span class='ocrx_word' id='word_1_155' title='bbox 1476 1496 1570 1547; x_wconf 73' lang='grc' dir='ltr'><strong>καὶ</strong></span> <span class='ocrx_word' id='word_1_156' title='bbox 1596 1494 1762 1548; x_wconf 81' lang='grc' dir='ltr'><strong>λιπα-</strong></span> 
     </span>
    </p>
   </div>
   <div class='ocr_carea' id='block_1_27' title="bbox 173 1580 1766 1657">
    <p class='ocr_par' dir='ltr' id='par_1_27' title="bbox 173 1582 1760 1657">
     <span class='ocr_line' id='line_1_27' title="bbox 173 1582 1760 1657; baseline 0.003 -21"><span class='ocrx_word' id='word_1_157' title='bbox 173 1583 275 1651; x_wconf 84' lang='grc' dir='ltr'><strong>ράς</strong></span> <span class='ocrx_word' id='word_1_158' title='bbox 298 1582 412 1634; x_wconf 83' lang='grc' dir='ltr'><strong>τῶν</strong></span> <span class='ocrx_word' id='word_1_159' title='bbox 442 1584 501 1635; x_wconf 84' lang='grc' dir='ltr'><strong>ὲν</strong></span> <span class='ocrx_word' id='word_1_160' title='bbox 526 1584 661 1654; x_wconf 81' lang='grc' dir='ltr'><strong>αὐτῇ</strong></span> <span class='ocrx_word' id='word_1_161' title='bbox 690 1584 787 1644; x_wconf 76' lang='grc' dir='ltr'><strong>τὰς</strong></span> <span class='ocrx_word' id='word_1_162' title='bbox 811 1583 989 1655; x_wconf 77' lang='grc' dir='ltr'><strong>ψυχὰς</strong></span> <span class='ocrx_word' id='word_1_163' title='bbox 1018 1584 1414 1657; x_wconf 79' lang='grc' dir='ltr'><strong>ἀπεργάζεται.</strong></span> <span class='ocrx_word' id='word_1_164' title='bbox 1468 1588 1644 1654; x_wconf 85' lang='grc' dir='ltr'><strong>Ὄρος</strong></span> <span class='ocrx_word' id='word_1_165' title='bbox 1670 1603 1760 1639; x_wconf 84' lang='grc' dir='ltr'><strong>τε·</strong></span> 
     </span>
    </p>
   </div>
   <div class='ocr_carea' id='block_1_28' title="bbox 1880 1580 3434 1657">
    <p class='ocr_par' dir='ltr' id='par_1_28' title="bbox 1880 1580 3434 1653">
     <span class='ocr_line' id='line_1_28' title="bbox 1880 1580 3434 1653; baseline 0.001 -20"><span class='ocrx_word' id='word_1_166' title='bbox 1880 1580 1948 1635; x_wconf 74' lang='lat' dir='ltr'><strong>iit</strong></span> <span class='ocrx_word' id='word_1_167' title='bbox 1985 1581 2196 1636; x_wconf 87' lang='lat' dir='ltr'><strong>animas</strong></span> <span class='ocrx_word' id='word_1_168' title='bbox 2228 1598 2349 1652; x_wconf 70' lang='lat' dir='ltr'><strong>qua:</strong></span> <span class='ocrx_word' id='word_1_169' title='bbox 2388 1583 2440 1637; x_wconf 89' lang='lat' dir='ltr'><strong>in</strong></span> <span class='ocrx_word' id='word_1_170' title='bbox 2489 1583 2580 1637; x_wconf 89' lang='lat' dir='ltr'><strong>illa</strong></span> <span class='ocrx_word' id='word_1_171' title='bbox 2621 1583 2843 1653; x_wconf 85' lang='lat' dir='ltr'><strong>degunt.</strong></span> <span class='ocrx_word' id='word_1_172' title='bbox 2892 1582 3047 1636; x_wconf 81' lang='lat' dir='ltr'><strong>Mons</strong></span> <span class='ocrx_word' id='word_1_173' title='bbox 3092 1585 3434 1652; x_wconf 85' lang='lat' dir='ltr'><strong>coagulatus,</strong></span> 
     </span>
    </p>
   </div>
   <div class='ocr_carea' id='block_1_29' title="bbox 169 1673 1766 1747">
    <p class='ocr_par' dir='ltr' id='par_1_29' title="bbox 169 1673 1762 1747">
     <span class='ocr_line' id='line_1_29' title="bbox 169 1673 1762 1747; baseline 0.003 -21"><span class='ocrx_word' id='word_1_174' title='bbox 169 1673 548 1743; x_wconf 77' lang='grc' dir='ltr'><strong>τυρωμένον;</strong></span> <span class='ocrx_word' id='word_1_175' title='bbox 585 1674 720 1742; x_wconf 81' lang='grc' dir='ltr'><strong>ὅρος</strong></span> <span class='ocrx_word' id='word_1_176' title='bbox 747 1674 886 1729; x_wconf 80' lang='grc' dir='ltr'><strong>πῖον</strong></span> <span class='ocrx_word' id='word_1_177' title='bbox 905 1693 918 1706; x_wconf 88' lang='grc'><strong>·</strong></span> <span class='ocrx_word' id='word_1_178' title='bbox 951 1677 1051 1730; x_wconf 78' lang='grc' dir='ltr'><strong>ἵνα</strong></span> <span class='ocrx_word' id='word_1_179' title='bbox 1088 1678 1147 1730; x_wconf 81' lang='grc' dir='ltr'><strong>τί</strong></span> <span class='ocrx_word' id='word_1_180' title='bbox 1176 1678 1626 1747; x_wconf 78' lang='grc' dir='ltr'><strong>ὑπολαμϐάνετε</strong></span> <span class='ocrx_word' id='word_1_181' title='bbox 1659 1678 1762 1747; x_wconf 82' lang='grc' dir='ltr'><strong>ὄρη</strong></span> 
     </span>
    </p>
   </div>
   <div class='ocr_carea' id='block_1_30' title="bbox 1880 1673 3438 1747">
    <p class='ocr_par' dir='ltr' id='par_1_30' title="bbox 1880 1675 3438 1746">
     <span class='ocr_line' id='line_1_30' title="bbox 1880 1675 3438 1746; baseline 0.002 -21"><span class='ocrx_word' id='word_1_182' title='bbox 1880 1689 2018 1726; x_wconf 84' lang='lat' dir='ltr'><strong>mons</strong></span> <span class='ocrx_word' id='word_1_183' title='bbox 2074 1675 2303 1744; x_wconf 87' lang='lat' dir='ltr'><strong>pinguis,</strong></span> <span class='ocrx_word' id='word_1_184' title='bbox 2336 1675 2519 1744; x_wconf 83' lang='lat' dir='ltr'><strong>utquid</strong></span> <span class='ocrx_word' id='word_1_185' title='bbox 2564 1677 2904 1745; x_wconf 83' lang='lat' dir='ltr'><strong>suspicamini</strong></span> <span class='ocrx_word' id='word_1_186' title='bbox 2949 1685 3146 1730; x_wconf 84' lang='lat' dir='ltr'><strong>montes</strong></span> <span class='ocrx_word' id='word_1_187' title='bbox 3192 1677 3438 1746; x_wconf 85' lang='lat' dir='ltr'><strong>coagula-</strong></span> 
     </span>
    </p>
   </div>
   <div class='ocr_carea' id='block_1_31' title="bbox 170 1765 1766 1841">
    <p class='ocr_par' dir='ltr' id='par_1_31' title="bbox 170 1765 1761 1841">
     <span class='ocr_line' id='line_1_31' title="bbox 170 1765 1761 1841; baseline 0.002 -21"><span class='ocrx_word' id='word_1_188' title='bbox 170 1765 583 1836; x_wconf 76' lang='grc' dir='ltr'><strong>τετυρωμένα;</strong></span> <span class='ocrx_word' id='word_1_189' title='bbox 645 1768 755 1819; x_wconf 77' lang='grc' dir='ltr'><strong>Καὶ</strong></span> <span class='ocrx_word' id='word_1_190' title='bbox 804 1767 909 1839; x_wconf 84' lang='grc' dir='ltr'><strong>μὴν</strong></span> <span class='ocrx_word' id='word_1_191' title='bbox 959 1769 1054 1822; x_wconf 73' lang='grc' dir='ltr'><strong>καὶ</strong></span> <span class='ocrx_word' id='word_1_192' title='bbox 1082 1771 1493 1841; x_wconf 85' lang='grc' dir='ltr'><strong>τετυρωμένον,</strong></span> <span class='ocrx_word' id='word_1_193' title='bbox 1518 1772 1761 1824; x_wconf 82' lang='grc' dir='ltr'><strong>τουτέστι</strong></span> 
     </span>
    </p>
   </div>
   <div class='ocr_carea' id='block_1_32' title="bbox 1880 1765 3433 1841">
    <p class='ocr_par' dir='ltr' id='par_1_32' title="bbox 1880 1765 3433 1837">
     <span class='ocr_line' id='line_1_32' title="bbox 1880 1765 3433 1837; baseline 0.001 -18"><span class='ocrx_word' id='word_1_194' title='bbox 1880 1769 1986 1819; x_wconf 62' lang='lat' dir='ltr'><strong>Eos?</strong></span> <span class='ocrx_word' id='word_1_195' title='bbox 2013 1765 2394 1836; x_wconf 83' lang='lat' dir='ltr'><strong>Coagulatunt,</strong></span> <span class='ocrx_word' id='word_1_196' title='bbox 2422 1775 2506 1821; x_wconf 89' lang='lat' dir='ltr'><strong>est</strong></span> <span class='ocrx_word' id='word_1_197' title='bbox 2548 1766 2687 1821; x_wconf 87' lang='lat' dir='ltr'><strong>lacte</strong></span> <span class='ocrx_word' id='word_1_198' title='bbox 2716 1769 2955 1837; x_wconf 87' lang='lat' dir='ltr'><strong>plenum,</strong></span> <span class='ocrx_word' id='word_1_199' title='bbox 2984 1768 3318 1837; x_wconf 86' lang='lat' dir='ltr'><strong>simpliciore</strong></span> <span class='ocrx_word' id='word_1_200' title='bbox 3356 1770 3433 1819; x_wconf 87' lang='lat' dir='ltr'><strong>vi-</strong></span> 
     </span>
    </p>
   </div>
   <div class='ocr_carea' id='block_1_33' title="bbox 170 1854 1766 1932">
    <p class='ocr_par' dir='ltr' id='par_1_33' title="bbox 170 1858 1761 1932">
     <span class='ocr_line' id='line_1_33' title="bbox 170 1858 1761 1932; baseline 0.003 -20"><span class='ocrx_word' id='word_1_201' title='bbox 170 1858 448 1926; x_wconf 75' lang='grc' dir='ltr'><strong>γάλακτος</strong></span> <span class='ocrx_word' id='word_1_202' title='bbox 498 1859 693 1928; x_wconf 81' lang='grc' dir='ltr'><strong>μεστὸν</strong></span> <span class='ocrx_word' id='word_1_203' title='bbox 713 1897 726 1920; x_wconf 92' lang='grc'><strong>,</strong></span> <span class='ocrx_word' id='word_1_204' title='bbox 756 1858 1126 1931; x_wconf 84' lang='grc' dir='ltr'><strong>ἁπλουστέρου</strong></span> <span class='ocrx_word' id='word_1_205' title='bbox 1156 1860 1355 1932; x_wconf 78' lang='grc' dir='ltr'><strong>δηλαδὴ</strong></span> <span class='ocrx_word' id='word_1_206' title='bbox 1386 1861 1542 1930; x_wconf 89' lang='grc' dir='ltr'><strong>λόγου</strong></span> <span class='ocrx_word' id='word_1_207' title='bbox 1563 1903 1577 1926; x_wconf 97' lang='grc'><strong>,</strong></span> <span class='ocrx_word' id='word_1_208' title='bbox 1618 1862 1761 1916; x_wconf 77' lang='grc' dir='ltr'><strong>κατὰ</strong></span> 
     </span>
    </p>
   </div>
   <div class='ocr_carea' id='block_1_34' title="bbox 1880 1854 3441 1932">
    <p class='ocr_par' dir='ltr' id='par_1_34' title="bbox 1880 1854 3441 1925">
     <span class='ocr_line' id='line_1_34' title="bbox 1880 1854 3441 1925; baseline -0.003 -14"><span class='ocrx_word' id='word_1_209' title='bbox 1880 1856 2065 1911; x_wconf 78' lang='lat' dir='ltr'><strong>ielicet</strong></span> <span class='ocrx_word' id='word_1_210' title='bbox 2100 1871 2374 1923; x_wconf 88' lang='lat' dir='ltr'><strong>sermone,</strong></span> <span class='ocrx_word' id='word_1_211' title='bbox 2399 1855 2555 1925; x_wconf 83' lang='lat' dir='ltr'><strong>juxta</strong></span> <span class='ocrx_word' id='word_1_212' title='bbox 2598 1856 2731 1911; x_wconf 90' lang='lat' dir='ltr'><strong>illud</strong></span> <span class='ocrx_word' id='word_1_213' title='bbox 2761 1875 2774 1909; x_wconf 85' lang='lat'><strong>:</strong></span> <span class='ocrx_word' id='word_1_214' title='bbox 2804 1854 2965 1909; x_wconf 81' lang='lat' dir='ltr'><strong>Lacte</strong></span> <span class='ocrx_word' id='word_1_215' title='bbox 2989 1872 3075 1908; x_wconf 86' lang='lat' dir='ltr'><strong>vos</strong></span> <span class='ocrx_word' id='word_1_216' title='bbox 3107 1855 3305 1923; x_wconf 86' lang='lat' dir='ltr'><strong>potavi,</strong></span> <span class='ocrx_word' id='word_1_217' title='bbox 3338 1870 3441 1907; x_wconf 78' lang='lat' dir='ltr'><strong>non</strong></span> 
     </span>
    </p>
   </div>
   <div class='ocr_carea' id='block_1_35' title="bbox 169 1946 1766 2021">
    <p class='ocr_par' dir='ltr' id='par_1_35' title="bbox 169 1946 1763 2021">
     <span class='ocr_line' id='line_1_35' title="bbox 169 1946 1763 2021; baseline 0.002 -20"><span class='ocrx_word' id='word_1_218' title='bbox 169 1950 260 2001; x_wconf 83' lang='grc' dir='ltr'><strong>τό·</strong></span> <span class='ocrx_word' id='word_1_219' title='bbox 294 1946 473 2002; x_wconf 86' lang='grc' dir='ltr'><strong>Γάλα</strong></span> <span class='ocrx_word' id='word_1_220' title='bbox 495 1946 652 2017; x_wconf 83' lang='grc' dir='ltr'><strong>ὑμᾶς</strong></span> <span class='ocrx_word' id='word_1_221' title='bbox 686 1948 969 2012; x_wconf 80' lang='grc' dir='ltr'><strong>ἐπότισα,</strong></span> <span class='ocrx_word' id='word_1_222' title='bbox 999 1950 1071 2002; x_wconf 93' lang='grc' dir='ltr'><strong>οὐ</strong></span> <span class='ocrx_word' id='word_1_223' title='bbox 1094 1948 1325 2018; x_wconf 80' lang='grc' dir='ltr'><strong>βρῶμα.</strong></span> <span class='ocrx_word' id='word_1_224' title='bbox 1385 1951 1643 2021; x_wconf 78' lang='grc' dir='ltr'><strong>Ἐπιτιμᾷ</strong></span> <span class='ocrx_word' id='word_1_225' title='bbox 1670 1947 1763 2004; x_wconf 81' lang='grc' dir='ltr'><strong>οὖν</strong></span> 
     </span>
    </p>
   </div>
   <div class='ocr_carea' id='block_1_36' title="bbox 1880 1946 3441 2021">
    <p class='ocr_par' dir='ltr' id='par_1_36' title="bbox 1880 1947 3441 2018">
     <span class='ocr_line' id='line_1_36' title="bbox 1880 1947 3441 2018; baseline -0.001 -17"><span class='ocrx_word' id='word_1_226' title='bbox 1880 1948 1977 2002; x_wconf 69' lang='lat' dir='ltr'><strong>ribo</strong></span> <span class='ocrx_word' id='word_1_227' title='bbox 2000 1949 2066 2003; x_wconf 72' lang='grc'><strong>’⁷.</strong></span> <span class='ocrx_word' id='word_1_228' title='bbox 2093 1947 2354 2017; x_wconf 85' lang='lat' dir='ltr'><strong>Objurgat</strong></span> <span class='ocrx_word' id='word_1_229' title='bbox 2392 1949 2574 2017; x_wconf 85' lang='lat' dir='ltr'><strong>itaque</strong></span> <span class='ocrx_word' id='word_1_230' title='bbox 2603 1962 2698 2001; x_wconf 89' lang='lat' dir='ltr'><strong>eos</strong></span> <span class='ocrx_word' id='word_1_231' title='bbox 2735 1948 2829 2018; x_wconf 89' lang='lat' dir='ltr'><strong>qui</strong></span> <span class='ocrx_word' id='word_1_232' title='bbox 2863 1949 3245 2002; x_wconf 63' lang='lat' dir='ltr'><strong>haereticorum</strong></span> <span class='ocrx_word' id='word_1_233' title='bbox 3271 1947 3441 2001; x_wconf 88' lang='lat' dir='ltr'><strong>eccle-</strong></span> 
     </span>
    </p>
   </div>
   <div class='ocr_carea' id='block_1_37' title="bbox 169 2037 1766 2111">
    <p class='ocr_par' dir='ltr' id='par_1_37' title="bbox 169 2038 1764 2111">
     <span class='ocr_line' id='line_1_37' title="bbox 169 2038 1764 2111; baseline 0.001 -20"><span class='ocrx_word' id='word_1_234' title='bbox 169 2043 282 2103; x_wconf 87' lang='grc' dir='ltr'><strong>τοῖς</strong></span> <span class='ocrx_word' id='word_1_235' title='bbox 314 2039 418 2103; x_wconf 70' lang='grc' dir='ltr'><strong>τὰς</strong></span> <span class='ocrx_word' id='word_1_236' title='bbox 458 2038 567 2092; x_wconf 86' lang='grc' dir='ltr'><strong>τῶν</strong></span> <span class='ocrx_word' id='word_1_237' title='bbox 618 2038 906 2109; x_wconf 80' lang='grc' dir='ltr'><strong>αἱρετικῶν</strong></span> <span class='ocrx_word' id='word_1_238' title='bbox 962 2039 1257 2110; x_wconf 75' lang='grc' dir='ltr'><strong>ἐκκλησίας</strong></span> <span class='ocrx_word' id='word_1_239' title='bbox 1293 2040 1764 2111; x_wconf 81' lang='grc' dir='ltr'><strong>ὑπολαμϐάνουσιν</strong></span> 
     </span>
    </p>
   </div>
   <div class='ocr_carea' id='block_1_38' title="bbox 1880 2037 3442 2111">
    <p class='ocr_par' dir='ltr' id='par_1_38' title="bbox 1880 2037 3442 2109">
     <span class='ocr_line' id='line_1_38' title="bbox 1880 2037 3442 2109; baseline -0.003 -14"><span class='ocrx_word' id='word_1_240' title='bbox 1880 2042 1977 2095; x_wconf 67' lang='lat' dir='ltr'><strong>tias</strong></span> <span class='ocrx_word' id='word_1_241' title='bbox 2000 2041 2314 2109; x_wconf 86' lang='lat' dir='ltr'><strong>coagulatas</strong></span> <span class='ocrx_word' id='word_1_242' title='bbox 2344 2054 2463 2094; x_wconf 84' lang='lat' dir='ltr'><strong>esse</strong></span> <span class='ocrx_word' id='word_1_243' title='bbox 2488 2038 2860 2108; x_wconf 87' lang='lat' dir='ltr'><strong>suspicantur.</strong></span> <span class='ocrx_word' id='word_1_244' title='bbox 2888 2037 3034 2093; x_wconf 84' lang='lat' dir='ltr'><strong>Nihil</strong></span> <span class='ocrx_word' id='word_1_245' title='bbox 3061 2038 3258 2109; x_wconf 83' lang='lat' dir='ltr'><strong>quippe</strong></span> <span class='ocrx_word' id='word_1_246' title='bbox 3299 2039 3442 2092; x_wconf 84' lang='lat' dir='ltr'><strong>inest</strong></span> 
     </span>
    </p>
   </div>
   <div class='ocr_carea' id='block_1_39' title="bbox 168 2127 1766 2203">
    <p class='ocr_par' dir='ltr' id='par_1_39' title="bbox 168 2128 1763 2203">
     <span class='ocr_line' id='line_1_39' title="bbox 168 2128 1763 2203; baseline 0.001 -20"><span class='ocrx_word' id='word_1_247' title='bbox 168 2128 315 2187; x_wconf 73' lang='grc' dir='ltr'><strong>εἶναι</strong></span> <span class='ocrx_word' id='word_1_248' title='bbox 347 2130 753 2203; x_wconf 85' lang='grc' dir='ltr'><strong>τετυρωμένας.</strong></span> <span class='ocrx_word' id='word_1_249' title='bbox 805 2131 970 2185; x_wconf 77' lang='grc' dir='ltr'><strong>Οὐδὲν</strong></span> <span class='ocrx_word' id='word_1_250' title='bbox 1003 2132 1112 2202; x_wconf 79' lang='grc' dir='ltr'><strong>γὰρ</strong></span> <span class='ocrx_word' id='word_1_251' title='bbox 1137 2132 1196 2185; x_wconf 82' lang='grc' dir='ltr'><strong>ὲν</strong></span> <span class='ocrx_word' id='word_1_252' title='bbox 1226 2132 1416 2194; x_wconf 72' lang='grc' dir='ltr'><strong>αὑταῖς</strong></span> <span class='ocrx_word' id='word_1_253' title='bbox 1444 2132 1506 2184; x_wconf 86' lang='grc' dir='ltr'><strong>τὸ</strong></span> <span class='ocrx_word' id='word_1_254' title='bbox 1528 2132 1763 2203; x_wconf 78' lang='grc' dir='ltr'><strong>δυνάμε-</strong></span> 
     </span>
    </p>
   </div>
   <div class='ocr_carea' id='block_1_40' title="bbox 1880 2127 3442 2203">
    <p class='ocr_par' dir='ltr' id='par_1_40' title="bbox 1880 2127 3442 2201">
     <span class='ocr_line' id='line_1_40' title="bbox 1880 2127 3442 2201; baseline -0.001 -15"><span class='ocrx_word' id='word_1_255' title='bbox 1880 2134 1946 2187; x_wconf 69' lang='lat' dir='ltr'><strong>ais</strong></span> <span class='ocrx_word' id='word_1_256' title='bbox 1984 2131 2130 2201; x_wconf 88' lang='lat' dir='ltr'><strong>quod</strong></span> <span class='ocrx_word' id='word_1_257' title='bbox 2178 2132 2321 2186; x_wconf 86' lang='lat' dir='ltr'><strong>alere</strong></span> <span class='ocrx_word' id='word_1_258' title='bbox 2367 2131 2542 2201; x_wconf 86' lang='lat' dir='ltr'><strong>possit</strong></span> <span class='ocrx_word' id='word_1_259' title='bbox 2572 2130 2637 2183; x_wconf 85' lang='lat' dir='ltr'><strong>ad</strong></span> <span class='ocrx_word' id='word_1_260' title='bbox 2686 2130 3023 2198; x_wconf 81' lang='lat' dir='ltr'><strong>spiritualem</strong></span> <span class='ocrx_word' id='word_1_261' title='bbox 3070 2131 3256 2183; x_wconf 88' lang='lat' dir='ltr'><strong>vitam.</strong></span> <span class='ocrx_word' id='word_1_262' title='bbox 3296 2127 3442 2185; x_wconf 79' lang='lat' dir='ltr'><strong>Heus</strong></span> 
     </span>
    </p>
   </div>
   <div class='ocr_carea' id='block_1_41' title="bbox 168 2218 1766 2293">
    <p class='ocr_par' dir='ltr' id='par_1_41' title="bbox 168 2218 1766 2293">
     <span class='ocr_line' id='line_1_41' title="bbox 168 2218 1766 2293; baseline 0.002 -21"><span class='ocrx_word' id='word_1_263' title='bbox 168 2238 264 2272; x_wconf 81' lang='grc' dir='ltr'><strong>νον</strong></span> <span class='ocrx_word' id='word_1_264' title='bbox 294 2220 516 2291; x_wconf 83' lang='grc' dir='ltr'><strong>τρέφειν</strong></span> <span class='ocrx_word' id='word_1_265' title='bbox 543 2222 622 2284; x_wconf 83' lang='grc' dir='ltr'><strong>εὶς</strong></span> <span class='ocrx_word' id='word_1_266' title='bbox 643 2218 754 2285; x_wconf 76' lang='grc' dir='ltr'><strong>’έξιν</strong></span> <span class='ocrx_word' id='word_1_267' title='bbox 776 2222 1174 2293; x_wconf 83' lang='grc' dir='ltr'><strong>πνευματικήν.</strong></span> <span class='ocrx_word' id='word_1_268' title='bbox 1208 2221 1325 2274; x_wconf 85' lang='grc' dir='ltr'><strong>Ἵνα</strong></span> <span class='ocrx_word' id='word_1_269' title='bbox 1352 2222 1403 2273; x_wconf 89' lang='grc' dir='ltr'><strong>τί</strong></span> <span class='ocrx_word' id='word_1_270' title='bbox 1427 2223 1605 2275; x_wconf 85' lang='grc' dir='ltr'><strong>τοίνυν</strong></span> <span class='ocrx_word' id='word_1_271' title='bbox 1634 2223 1766 2275; x_wconf 81' lang='grc' dir='ltr'><strong>ὑπο-</strong></span> 
     </span>
    </p>
   </div>
   <div class='ocr_carea' id='block_1_42' title="bbox 1880 2218 3441 2293">
    <p class='ocr_par' dir='ltr' id='par_1_42' title="bbox 1880 2219 3441 2291">
     <span class='ocr_line' id='line_1_42' title="bbox 1880 2219 3441 2291; baseline 0.001 -18"><span class='ocrx_word' id='word_1_272' title='bbox 1880 2237 1985 2285; x_wconf 77' lang='lat' dir='ltr'><strong>vos,</strong></span> <span class='ocrx_word' id='word_1_273' title='bbox 2004 2222 2135 2291; x_wconf 88' lang='lat' dir='ltr'><strong>quid</strong></span> <span class='ocrx_word' id='word_1_274' title='bbox 2167 2221 2521 2290; x_wconf 87' lang='lat' dir='ltr'><strong>suspicamini</strong></span> <span class='ocrx_word' id='word_1_275' title='bbox 2543 2220 2679 2275; x_wconf 89' lang='lat' dir='ltr'><strong>alios</strong></span> <span class='ocrx_word' id='word_1_276' title='bbox 2706 2230 2860 2275; x_wconf 85' lang='lat' dir='ltr'><strong>extra</strong></span> <span class='ocrx_word' id='word_1_277' title='bbox 2893 2219 3192 2276; x_wconf 90' lang='lat' dir='ltr'><strong>Ecclesiam</strong></span> <span class='ocrx_word' id='word_1_278' title='bbox 3226 2230 3441 2275; x_wconf 82' lang='lat' dir='ltr'><strong>montes</strong></span> 
     </span>
    </p>
   </div>
   <div class='ocr_carea' id='block_1_43' title="bbox 165 2303 1766 2383">
    <p class='ocr_par' dir='ltr' id='par_1_43' title="bbox 165 2303 1766 2382">
     <span class='ocr_line' id='line_1_43' title="bbox 165 2303 1766 2382; baseline -0.001 -19"><span class='ocrx_word' id='word_1_279' title='bbox 165 2310 505 2381; x_wconf 75' lang='grc' dir='ltr'><strong>λαμϐάνετε,</strong></span> <span class='ocrx_word' id='word_1_280' title='bbox 527 2303 573 2363; x_wconf 81' lang='grc' dir='ltr'><strong>ὦ</strong></span> <span class='ocrx_word' id='word_1_281' title='bbox 603 2304 770 2375; x_wconf 72' lang='grc' dir='ltr'><strong>οὗτοι,</strong></span> <span class='ocrx_word' id='word_1_282' title='bbox 800 2311 964 2382; x_wconf 76' lang='grc' dir='ltr'><strong>ἕτερα</strong></span> <span class='ocrx_word' id='word_1_283' title='bbox 986 2310 1084 2382; x_wconf 80' lang='grc' dir='ltr'><strong>ὄρη</strong></span> <span class='ocrx_word' id='word_1_284' title='bbox 1115 2307 1254 2363; x_wconf 83' lang='grc' dir='ltr'><strong>εἶναι</strong></span> <span class='ocrx_word' id='word_1_285' title='bbox 1282 2310 1387 2376; x_wconf 74' lang='grc' dir='ltr'><strong>ἔξω</strong></span> <span class='ocrx_word' id='word_1_286' title='bbox 1406 2311 1505 2381; x_wconf 84' lang='grc' dir='ltr'><strong>τῆς</strong></span> <span class='ocrx_word' id='word_1_287' title='bbox 1536 2311 1766 2382; x_wconf 82' lang='grc' dir='ltr'><strong>Ἐκκλη-</strong></span> 
     </span>
    </p>
   </div>
   <div class='ocr_carea' id='block_1_44' title="bbox 1880 2303 3435 2383">
    <p class='ocr_par' dir='ltr' id='par_1_44' title="bbox 1880 2312 3435 2383">
     <span class='ocr_line' id='line_1_44' title="bbox 1880 2312 3435 2383; baseline -0.003 -15"><span class='ocrx_word' id='word_1_288' title='bbox 1880 2329 1989 2369; x_wconf 69' lang='lat' dir='ltr'><strong>esse</strong></span> <span class='ocrx_word' id='word_1_289' title='bbox 2011 2314 2349 2383; x_wconf 86' lang='lat' dir='ltr'><strong>coagulatos,</strong></span> <span class='ocrx_word' id='word_1_290' title='bbox 2383 2323 2435 2368; x_wconf 90' lang='lat' dir='ltr'><strong>et</strong></span> <span class='ocrx_word' id='word_1_291' title='bbox 2468 2327 2574 2367; x_wconf 91' lang='lat' dir='ltr'><strong>non</strong></span> <span class='ocrx_word' id='word_1_292' title='bbox 2606 2313 2787 2383; x_wconf 86' lang='lat' dir='ltr'><strong>potius</strong></span> <span class='ocrx_word' id='word_1_293' title='bbox 2808 2321 3049 2367; x_wconf 87' lang='lat' dir='ltr'><strong>montem</strong></span> <span class='ocrx_word' id='word_1_294' title='bbox 3083 2312 3236 2367; x_wconf 89' lang='lat' dir='ltr'><strong>illum</strong></span> <span class='ocrx_word' id='word_1_295' title='bbox 3260 2313 3435 2366; x_wconf 88' lang='lat' dir='ltr'><strong>solum</strong></span> 
     </span>
    </p>
   </div>
   <div class='ocr_carea' id='block_1_45' title="bbox 169 2401 1766 2474">
    <p class='ocr_par' dir='ltr' id='par_1_45' title="bbox 169 2401 1763 2474">
     <span class='ocr_line' id='line_1_45' title="bbox 169 2401 1763 2474; baseline -0.001 -19"><span class='ocrx_word' id='word_1_296' title='bbox 169 2403 297 2467; x_wconf 83' lang='grc' dir='ltr'><strong>σίας</strong></span> <span class='ocrx_word' id='word_1_297' title='bbox 318 2402 691 2474; x_wconf 86' lang='grc' dir='ltr'><strong>τετυρωμένα,</strong></span> <span class='ocrx_word' id='word_1_298' title='bbox 717 2404 813 2456; x_wconf 78' lang='grc' dir='ltr'><strong>καὶ</strong></span> <span class='ocrx_word' id='word_1_299' title='bbox 837 2402 912 2474; x_wconf 76' lang='grc' dir='ltr'><strong>μὴ</strong></span> <span class='ocrx_word' id='word_1_300' title='bbox 942 2403 1139 2474; x_wconf 77' lang='grc' dir='ltr'><strong>μᾶλλον</strong></span> <span class='ocrx_word' id='word_1_301' title='bbox 1166 2401 1323 2455; x_wconf 75' lang='grc' dir='ltr'><strong>τοῦτο</strong></span> <span class='ocrx_word' id='word_1_302' title='bbox 1348 2402 1508 2471; x_wconf 80' lang='grc' dir='ltr'><strong>μόνον</strong></span> <span class='ocrx_word' id='word_1_303' title='bbox 1531 2402 1593 2456; x_wconf 83' lang='grc' dir='ltr'><strong>τὸ</strong></span> <span class='ocrx_word' id='word_1_304' title='bbox 1618 2402 1763 2473; x_wconf 80' lang='grc' dir='ltr'><strong>ὅρος,</strong></span> 
     </span>
    </p>
   </div>
   <div class='ocr_carea' id='block_1_46' title="bbox 1880 2401 3442 2474">
    <p class='ocr_par' dir='ltr' id='par_1_46' title="bbox 1880 2402 3442 2473">
     <span class='ocr_line' id='line_1_46' title="bbox 1880 2402 3442 2473; baseline -0.003 -15"><span class='ocrx_word' id='word_1_305' title='bbox 1880 2404 2183 2472; x_wconf 79' lang='lat' dir='ltr'><strong>suspicitis,</strong></span> <span class='ocrx_word' id='word_1_306' title='bbox 2221 2404 2276 2457; x_wconf 85' lang='lat' dir='ltr'><strong>in</strong></span> <span class='ocrx_word' id='word_1_307' title='bbox 2313 2420 2414 2473; x_wconf 85' lang='lat' dir='ltr'><strong>quo</strong></span> <span class='ocrx_word' id='word_1_308' title='bbox 2459 2404 2839 2472; x_wconf 87' lang='lat' dir='ltr'><strong>beneplacitum</strong></span> <span class='ocrx_word' id='word_1_309' title='bbox 2871 2412 2949 2456; x_wconf 85' lang='lat' dir='ltr'><strong>est</strong></span> <span class='ocrx_word' id='word_1_310' title='bbox 2985 2402 3093 2455; x_wconf 89' lang='lat' dir='ltr'><strong>Deo</strong></span> <span class='ocrx_word' id='word_1_311' title='bbox 3121 2402 3357 2455; x_wconf 82' lang='lat' dir='ltr'><strong>habitare</strong></span> <span class='ocrx_word' id='word_1_312' title='bbox 3385 2402 3442 2454; x_wconf 67' lang='lat' dir='ltr'><strong>in</strong></span> 
     </span>
    </p>
   </div>
   <div class='ocr_carea' id='block_1_47' title="bbox 165 2489 1766 2563">
    <p class='ocr_par' dir='ltr' id='par_1_47' title="bbox 165 2489 1766 2563">
     <span class='ocr_line' id='line_1_47' title="bbox 165 2489 1766 2563; baseline -0.001 -14"><span class='ocrx_word' id='word_1_313' title='bbox 165 2497 243 2549; x_wconf 76' lang='grc' dir='ltr'><strong>ἐν</strong></span> <span class='ocrx_word' id='word_1_314' title='bbox 291 2489 342 2562; x_wconf 79' lang='grc' dir='ltr'>ᾦ</span> <span class='ocrx_word' id='word_1_315' title='bbox 393 2499 426 2549; x_wconf 90' lang='grc' dir='ltr'><strong>ό</strong></span> <span class='ocrx_word' id='word_1_316' title='bbox 464 2494 610 2560; x_wconf 82' lang='grc' dir='ltr'><strong>Θεὸς</strong></span> <span class='ocrx_word' id='word_1_317' title='bbox 659 2494 1008 2563; x_wconf 84' lang='grc' dir='ltr'><strong>ηὐδόκησεν</strong></span> <span class='ocrx_word' id='word_1_318' title='bbox 1042 2493 1400 2561; x_wconf 81' lang='grc' dir='ltr'><strong>κατοικῆσαι</strong></span> <span class='ocrx_word' id='word_1_319' title='bbox 1448 2494 1519 2547; x_wconf 83' lang='grc' dir='ltr'><strong>ἐν</strong></span> <span class='ocrx_word' id='word_1_320' title='bbox 1570 2493 1766 2559; x_wconf 86' lang='grc' dir='ltr'><strong>αὐτῷ;</strong></span> 
     </span>
    </p>
   </div>
   <div class='ocr_carea' id='block_1_48' title="bbox 1880 2489 3442 2563">
    <p class='ocr_par' dir='ltr' id='par_1_48' title="bbox 1880 2490 3442 2563">
     <span class='ocr_line' id='line_1_48' title="bbox 1880 2490 3442 2563; baseline -0.002 -14"><span class='ocrx_word' id='word_1_321' title='bbox 1880 2496 1965 2549; x_wconf 78' lang='lat' dir='ltr'><strong>eo?</strong></span> <span class='ocrx_word' id='word_1_322' title='bbox 1991 2495 2144 2561; x_wconf 87' lang='lat' dir='ltr'><strong>Quod</strong></span> <span class='ocrx_word' id='word_1_323' title='bbox 2162 2496 2306 2549; x_wconf 89' lang='lat' dir='ltr'><strong>enim</strong></span> <span class='ocrx_word' id='word_1_324' title='bbox 2329 2497 2381 2548; x_wconf 92' lang='lat' dir='ltr'><strong>in</strong></span> <span class='ocrx_word' id='word_1_325' title='bbox 2410 2495 2646 2549; x_wconf 83' lang='lat' dir='ltr'><strong>Ecclesia</strong></span> <span class='ocrx_word' id='word_1_326' title='bbox 2672 2493 2896 2559; x_wconf 85' lang='lat' dir='ltr'><strong>habitet,</strong></span> <span class='ocrx_word' id='word_1_327' title='bbox 2928 2493 3103 2563; x_wconf 83' lang='lat' dir='ltr'><strong>palam</strong></span> <span class='ocrx_word' id='word_1_328' title='bbox 3131 2502 3296 2548; x_wconf 80' lang='lat' dir='ltr'><strong>estex</strong></span> <span class='ocrx_word' id='word_1_329' title='bbox 3322 2490 3442 2562; x_wconf 84' lang='lat' dir='ltr'><strong>ejus</strong></span> 
     </span>
    </p>
   </div>
   <div class='ocr_carea' id='block_1_49' title="bbox 169 2578 1766 2658">
    <p class='ocr_par' dir='ltr' id='par_1_49' title="bbox 169 2578 1766 2658">
     <span class='ocr_line' id='line_1_49' title="bbox 169 2578 1766 2658; baseline -0.002 -18"><span class='ocrx_word' id='word_1_330' title='bbox 169 2589 300 2640; x_wconf 76' lang='grc' dir='ltr'><strong>’Ὁτι</strong></span> <span class='ocrx_word' id='word_1_331' title='bbox 325 2586 435 2658; x_wconf 84' lang='grc' dir='ltr'><strong>γὰρ</strong></span> <span class='ocrx_word' id='word_1_332' title='bbox 471 2590 528 2639; x_wconf 80' lang='grc' dir='ltr'><strong>έν</strong></span> <span class='ocrx_word' id='word_1_333' title='bbox 554 2590 621 2658; x_wconf 80' lang='grc' dir='ltr'><strong>τῇ</strong></span> <span class='ocrx_word' id='word_1_334' title='bbox 668 2585 966 2657; x_wconf 54' lang='grc' dir='ltr'><strong>Ἐκκλησία</strong></span> <span class='ocrx_word' id='word_1_335' title='bbox 997 2587 1260 2649; x_wconf 80' lang='grc' dir='ltr'><strong>κατοικεῖ,</strong></span> <span class='ocrx_word' id='word_1_336' title='bbox 1296 2584 1453 2655; x_wconf 85' lang='grc' dir='ltr'><strong>δῆλον</strong></span> <span class='ocrx_word' id='word_1_337' title='bbox 1480 2585 1538 2651; x_wconf 78' lang='grc' dir='ltr'><strong>ἐξ</strong></span> <span class='ocrx_word' id='word_1_338' title='bbox 1567 2578 1642 2639; x_wconf 84' lang='grc' dir='ltr'><strong>ὧν</strong></span> <span class='ocrx_word' id='word_1_339' title='bbox 1668 2585 1766 2638; x_wconf 81' lang='grc' dir='ltr'><strong>αὐ-</strong></span> 
     </span>
    </p>
   </div>
   <div class='ocr_carea' id='block_1_50' title="bbox 1880 2578 3177 2658">
    <p class='ocr_par' dir='ltr' id='par_1_50' title="bbox 1880 2584 3177 2655">
     <span class='ocr_line' id='line_1_50' title="bbox 1880 2584 3177 2655; baseline -0.001 -16"><span class='ocrx_word' id='word_1_340' title='bbox 1880 2586 2053 2642; x_wconf 83' lang='lat' dir='ltr'><strong>verbis</strong></span> <span class='ocrx_word' id='word_1_341' title='bbox 2079 2604 2092 2641; x_wconf 91' lang='lat'>:</span> <span class='ocrx_word' id='word_1_342' title='bbox 2123 2586 2226 2640; x_wconf 82' lang='lat' dir='ltr'><strong>Hic</strong></span> <span class='ocrx_word' id='word_1_343' title='bbox 2257 2586 2506 2639; x_wconf 84' lang='lat' dir='ltr'><strong>habitabo</strong></span> <span class='ocrx_word' id='word_1_344' title='bbox 2534 2587 2782 2655; x_wconf 88' lang='lat' dir='ltr'><strong>quoniam</strong></span> <span class='ocrx_word' id='word_1_345' title='bbox 2812 2587 2941 2655; x_wconf 81' lang='lat' dir='ltr'><strong>elegi</strong></span> <span class='ocrx_word' id='word_1_346' title='bbox 2971 2601 3087 2638; x_wconf 88' lang='lat' dir='ltr'><strong>eam</strong></span> <span class='ocrx_word' id='word_1_347' title='bbox 3110 2584 3177 2638; x_wconf 78' lang='lat'><strong>&quot;.</strong></span> 
     </span>
    </p>
   </div>
   <div class='ocr_carea' id='block_1_51' title="bbox 163 2670 1766 2747">
    <p class='ocr_par' dir='ltr' id='par_1_51' title="bbox 163 2670 1766 2747">
     <span class='ocr_line' id='line_1_51' title="bbox 163 2670 1766 2747; baseline 0 -15"><span class='ocrx_word' id='word_1_348' title='bbox 163 2680 268 2743; x_wconf 77' lang='grc' dir='ltr'><strong>τὸς</strong></span> <span class='ocrx_word' id='word_1_349' title='bbox 304 2678 409 2747; x_wconf 75' lang='grc' dir='ltr'><strong>ἔφη</strong></span> <span class='ocrx_word' id='word_1_350' title='bbox 432 2694 447 2709; x_wconf 87' lang='grc'><strong>·</strong></span> <span class='ocrx_word' id='word_1_351' title='bbox 472 2670 611 2731; x_wconf 81' lang='grc' dir='ltr'><strong>Ὧδε</strong></span> <span class='ocrx_word' id='word_1_352' title='bbox 639 2676 977 2743; x_wconf 83' lang='grc' dir='ltr'><strong>κατοικήσω</strong></span> <span class='ocrx_word' id='word_1_353' title='bbox 999 2719 1014 2742; x_wconf 91' lang='grc'><strong>,</strong></span> <span class='ocrx_word' id='word_1_354' title='bbox 1043 2676 1134 2729; x_wconf 86' lang='grc' dir='ltr'><strong>ὅτι</strong></span> <span class='ocrx_word' id='word_1_355' title='bbox 1164 2674 1530 2745; x_wconf 75' lang='grc' dir='ltr'><strong>ὴρετισάμην</strong></span> <span class='ocrx_word' id='word_1_356' title='bbox 1554 2676 1766 2742; x_wconf 85' lang='grc' dir='ltr'><strong>αὐτήν.</strong></span> 
     </span>
    </p>
   </div>
   <div class='ocr_carea' id='block_1_52' title="bbox 253 2750 1769 2841">
    <p class='ocr_par' dir='ltr' id='par_1_52' title="bbox 253 2750 1769 2841">
     <span class='ocr_line' id='line_1_52' title="bbox 253 2750 1769 2841; baseline -0.003 -16"><span class='ocrx_word' id='word_1_357' title='bbox 253 2772 325 2825; x_wconf 85' lang='grc' dir='ltr'><strong>Τὸ</strong></span> <span class='ocrx_word' id='word_1_358' title='bbox 354 2771 511 2841; x_wconf 84' lang='grc' dir='ltr'><strong>ἅρμα</strong></span> <span class='ocrx_word' id='word_1_359' title='bbox 534 2770 640 2824; x_wconf 84' lang='grc' dir='ltr'><strong>τοῦ</strong></span> <span class='ocrx_word' id='word_1_360' title='bbox 674 2750 821 2824; x_wconf 75' lang='grc' dir='ltr'><strong>Θεοῦ</strong></span> <span class='ocrx_word' id='word_1_361' title='bbox 849 2768 1300 2840; x_wconf 78' lang='grc' dir='ltr'><strong>μυριοπλάσιον</strong></span> <span class='ocrx_word' id='word_1_362' title='bbox 1323 2809 1336 2833; x_wconf 92' lang='grc'><strong>,</strong></span> <span class='ocrx_word' id='word_1_363' title='bbox 1369 2766 1633 2837; x_wconf 83' lang='grc' dir='ltr'><strong>χιλιάδες</strong></span> <span class='ocrx_word' id='word_1_364' title='bbox 1672 2771 1769 2821; x_wconf 86' lang='grc' dir='ltr'><strong>εὐ-</strong></span> 
     </span>
    </p>
   </div>
   <div class='ocr_carea' id='block_1_53' title="bbox 167 2859 1766 2935">
    <p class='ocr_par' dir='ltr' id='par_1_53' title="bbox 167 2859 1766 2935">
     <span class='ocr_line' id='line_1_53' title="bbox 167 2859 1766 2935; baseline -0.003 -19"><span class='ocrx_word' id='word_1_365' title='bbox 167 2865 547 2932; x_wconf 74' lang='grc' dir='ltr'><strong>θηνούντων.</strong></span> <span class='ocrx_word' id='word_1_366' title='bbox 621 2864 811 2935; x_wconf 75' lang='grc' dir='ltr'><strong>’Ἄρμα</strong></span> <span class='ocrx_word' id='word_1_367' title='bbox 850 2861 942 2915; x_wconf 79' lang='grc' dir='ltr'><strong>τοῦ</strong></span> <span class='ocrx_word' id='word_1_368' title='bbox 970 2861 1105 2915; x_wconf 82' lang='grc' dir='ltr'><strong>Θεοῦ</strong></span> <span class='ocrx_word' id='word_1_369' title='bbox 1132 2861 1231 2925; x_wconf 86' lang='grc' dir='ltr'><strong>τὰς</strong></span> <span class='ocrx_word' id='word_1_370' title='bbox 1277 2860 1628 2931; x_wconf 81' lang='grc' dir='ltr'><strong>ὲπουρανίους</strong></span> <span class='ocrx_word' id='word_1_371' title='bbox 1672 2859 1766 2911; x_wconf 80' lang='grc' dir='ltr'><strong>καὶ</strong></span> 
     </span>
    </p>
   </div>
   <div class='ocr_carea' id='block_1_54' title="bbox 164 2951 1764 3029">
    <p class='ocr_par' dir='ltr' id='par_1_54' title="bbox 164 2951 1764 3029">
     <span class='ocr_line' id='line_1_54' title="bbox 164 2951 1764 3029; baseline -0.004 -19"><span class='ocrx_word' id='word_1_372' title='bbox 164 2956 376 3029; x_wconf 79' lang='grc' dir='ltr'><strong>νοητὰς</strong></span> <span class='ocrx_word' id='word_1_373' title='bbox 397 2956 654 3026; x_wconf 85' lang='grc' dir='ltr'><strong>δυνάμεις</strong></span> <span class='ocrx_word' id='word_1_374' title='bbox 678 2956 864 3025; x_wconf 72' lang='grc' dir='ltr'><strong>φησὶν,</strong></span> <span class='ocrx_word' id='word_1_375' title='bbox 896 2951 984 3017; x_wconf 78' lang='grc' dir='ltr'><strong>αἷς</strong></span> <span class='ocrx_word' id='word_1_376' title='bbox 1008 2956 1284 3025; x_wconf 82' lang='grc' dir='ltr'><strong>ἐποχεῖται</strong></span> <span class='ocrx_word' id='word_1_377' title='bbox 1300 2955 1329 3005; x_wconf 90' lang='lat'><strong>6</strong></span> <span class='ocrx_word' id='word_1_378' title='bbox 1354 2952 1505 3015; x_wconf 85' lang='grc' dir='ltr'><strong>Θεός.</strong></span> <span class='ocrx_word' id='word_1_379' title='bbox 1540 2953 1764 3021; x_wconf 84' lang='grc' dir='ltr'><strong>Ὅμοιον</strong></span> 
     </span>
    </p>
   </div>
   <div class='ocr_carea' id='block_1_55' title="bbox 163 3045 1763 3122">
    <p class='ocr_par' dir='ltr' id='par_1_55' title="bbox 163 3045 1763 3122">
     <span class='ocr_line' id='line_1_55' title="bbox 163 3045 1763 3122; baseline -0.005 -18"><span class='ocrx_word' id='word_1_380' title='bbox 163 3050 228 3105; x_wconf 81' lang='grc' dir='ltr'><strong>δὲ</strong></span> <span class='ocrx_word' id='word_1_381' title='bbox 253 3050 333 3122; x_wconf 82' lang='grc' dir='ltr'><strong>τῷ</strong></span> <span class='ocrx_word' id='word_1_382' title='bbox 354 3049 658 3122; x_wconf 74' lang='grc' dir='ltr'><strong>εἰρημένῳ·</strong></span> <span class='ocrx_word' id='word_1_383' title='bbox 688 3049 885 3102; x_wconf 86' lang='grc' dir='ltr'><strong>Χίλιαι</strong></span> <span class='ocrx_word' id='word_1_384' title='bbox 908 3046 1174 3116; x_wconf 83' lang='grc' dir='ltr'><strong>χιλιάδες</strong></span> <span class='ocrx_word' id='word_1_385' title='bbox 1204 3046 1625 3114; x_wconf 73' lang='grc' dir='ltr'><strong>ἐλειτούργουν</strong></span> <span class='ocrx_word' id='word_1_386' title='bbox 1659 3045 1763 3097; x_wconf 80' lang='grc' dir='ltr'><strong>αὐ-</strong></span> 
     </span>
    </p>
   </div>
   <div class='ocr_carea' id='block_1_56' title="bbox 164 3135 1762 3211">
    <p class='ocr_par' dir='ltr' id='par_1_56' title="bbox 164 3135 1762 3211">
     <span class='ocr_line' id='line_1_56' title="bbox 164 3135 1762 3211; baseline -0.004 -15"><span class='ocrx_word' id='word_1_387' title='bbox 164 3140 286 3207; x_wconf 79' lang='grc' dir='ltr'><strong>τῷ,</strong></span> <span class='ocrx_word' id='word_1_388' title='bbox 338 3142 437 3195; x_wconf 81' lang='grc' dir='ltr'><strong>καὶ</strong></span> <span class='ocrx_word' id='word_1_389' title='bbox 478 3142 683 3211; x_wconf 86' lang='grc' dir='ltr'><strong>μύριαι</strong></span> <span class='ocrx_word' id='word_1_390' title='bbox 710 3139 997 3210; x_wconf 83' lang='grc' dir='ltr'><strong>μυριάδες</strong></span> <span class='ocrx_word' id='word_1_391' title='bbox 1042 3136 1553 3207; x_wconf 79' lang='grc' dir='ltr'><strong>παρειστήκεισαν</strong></span> <span class='ocrx_word' id='word_1_392' title='bbox 1582 3135 1762 3202; x_wconf 78' lang='grc' dir='ltr'><strong>αὐτῷ.</strong></span> 
     </span>
    </p>
   </div>
   <div class='ocr_carea' id='block_1_57' title="bbox 165 3228 1765 3302">
    <p class='ocr_par' dir='ltr' id='par_1_57' title="bbox 165 3228 1765 3302">
     <span class='ocr_line' id='line_1_57' title="bbox 165 3228 1765 3302; baseline -0.004 -15"><span class='ocrx_word' id='word_1_393' title='bbox 165 3229 339 3288; x_wconf 72' lang='grc' dir='ltr'><strong>Οὗτοι</strong></span> <span class='ocrx_word' id='word_1_394' title='bbox 368 3231 424 3285; x_wconf 83' lang='grc' dir='ltr'><strong>δέ</strong></span> <span class='ocrx_word' id='word_1_395' title='bbox 451 3232 557 3285; x_wconf 81' lang='grc' dir='ltr'><strong>εἰσι</strong></span> <span class='ocrx_word' id='word_1_396' title='bbox 589 3232 681 3285; x_wconf 82' lang='grc' dir='ltr'><strong>καὶ</strong></span> <span class='ocrx_word' id='word_1_397' title='bbox 707 3230 1082 3302; x_wconf 76' lang='grc' dir='ltr'><strong>εὐθηνούντες,</strong></span> <span class='ocrx_word' id='word_1_398' title='bbox 1112 3230 1209 3284; x_wconf 74' lang='grc' dir='ltr'><strong>ἅτε</strong></span> <span class='ocrx_word' id='word_1_399' title='bbox 1236 3228 1641 3300; x_wconf 81' lang='grc' dir='ltr'><strong>ἀπηλλαγμένοι</strong></span> <span class='ocrx_word' id='word_1_400' title='bbox 1667 3232 1765 3299; x_wconf 78' lang='grc' dir='ltr'><strong>τῆς</strong></span> 
     </span>
    </p>
   </div>
   <div class='ocr_carea' id='block_1_58' title="bbox 165 3318 1767 3396">
    <p class='ocr_par' dir='ltr' id='par_1_58' title="bbox 165 3318 1767 3396">
     <span class='ocr_line' id='line_1_58' title="bbox 165 3318 1767 3396; baseline -0.004 -17"><span class='ocrx_word' id='word_1_401' title='bbox 165 3325 475 3396; x_wconf 83' lang='grc' dir='ltr'><strong>ἁμαρτίας.</strong></span> <span class='ocrx_word' id='word_1_402' title='bbox 530 3325 587 3377; x_wconf 82' lang='grc'><strong>’0</strong></span> <span class='ocrx_word' id='word_1_403' title='bbox 629 3327 685 3377; x_wconf 81' lang='grc' dir='ltr'><strong>ἐν</strong></span> <span class='ocrx_word' id='word_1_404' title='bbox 710 3323 885 3393; x_wconf 86' lang='grc' dir='ltr'><strong>τούτῳ</strong></span> <span class='ocrx_word' id='word_1_405' title='bbox 912 3318 1006 3377; x_wconf 78' lang='grc' dir='ltr'><strong>οὖν</strong></span> <span class='ocrx_word' id='word_1_406' title='bbox 1048 3322 1126 3394; x_wconf 84' lang='grc' dir='ltr'><strong>τῷ</strong></span> <span class='ocrx_word' id='word_1_407' title='bbox 1161 3322 1369 3393; x_wconf 69' lang='grc' dir='ltr'><strong>ἅρματι</strong></span> <span class='ocrx_word' id='word_1_408' title='bbox 1402 3321 1767 3392; x_wconf 78' lang='grc' dir='ltr'><strong>ἐποχούμενος</strong></span> 
     </span>
    </p>
   </div>
   <div class='ocr_carea' id='block_1_59' title="bbox 167 3408 1766 3486">
    <p class='ocr_par' dir='ltr' id='par_1_59' title="bbox 167 3408 1766 3486">
     <span class='ocr_line' id='line_1_59' title="bbox 167 3408 1766 3486; baseline -0.004 -18"><span class='ocrx_word' id='word_1_409' title='bbox 167 3415 287 3468; x_wconf 84' lang='grc' dir='ltr'><strong>τῶν</strong></span> <span class='ocrx_word' id='word_1_410' title='bbox 323 3414 602 3486; x_wconf 74' lang='grc' dir='ltr'><strong>μυριάδων</strong></span> <span class='ocrx_word' id='word_1_411' title='bbox 640 3413 801 3476; x_wconf 83' lang='grc' dir='ltr'><strong>αὐτός</strong></span> <span class='ocrx_word' id='word_1_412' title='bbox 845 3414 991 3465; x_wconf 77' lang='grc' dir='ltr'><strong>ἐστιν</strong></span> <span class='ocrx_word' id='word_1_413' title='bbox 1023 3414 1051 3466; x_wconf 97' lang='lat'><strong>6</strong></span> <span class='ocrx_word' id='word_1_414' title='bbox 1094 3413 1330 3483; x_wconf 83' lang='grc' dir='ltr'><strong>Κύριος,</strong></span> <span class='ocrx_word' id='word_1_415' title='bbox 1375 3414 1403 3465; x_wconf 92' lang='lat'><strong>6</strong></span> <span class='ocrx_word' id='word_1_416' title='bbox 1452 3413 1546 3464; x_wconf 78' lang='grc' dir='ltr'><strong>καὶ</strong></span> <span class='ocrx_word' id='word_1_417' title='bbox 1600 3413 1658 3464; x_wconf 81' lang='grc' dir='ltr'><strong>ὲν</strong></span> <span class='ocrx_word' id='word_1_418' title='bbox 1688 3408 1766 3480; x_wconf 82' lang='grc' dir='ltr'><strong>τῷ</strong></span> 
     </span>
    </p>
   </div>
   <div class='ocr_carea' id='block_1_60' title="bbox 1941 1397 3437 1471">
    <p class='ocr_par' dir='ltr' id='par_1_60' title="bbox 1941 1397 3437 1471">
     <span class='ocr_line' id='line_1_60' title="bbox 1941 1397 3437 1471; baseline 0 -17"><span class='ocrx_word' id='word_1_419' title='bbox 1941 1399 2027 1454; x_wconf 82' lang='grc'><strong>16.</strong></span> <span class='ocrx_word' id='word_1_420' title='bbox 2067 1400 2218 1454; x_wconf 81' lang='lat' dir='ltr'><strong>Mons</strong></span> <span class='ocrx_word' id='word_1_421' title='bbox 2252 1400 2379 1466; x_wconf 85' lang='lat' dir='ltr'><strong>Dei,</strong></span> <span class='ocrx_word' id='word_1_422' title='bbox 2412 1417 2558 1454; x_wconf 84' lang='lat' dir='ltr'><strong>mons</strong></span> <span class='ocrx_word' id='word_1_423' title='bbox 2605 1402 2838 1471; x_wconf 82' lang='lat' dir='ltr'><strong>pinguis.</strong></span> <span class='ocrx_word' id='word_1_424' title='bbox 2872 1399 3108 1455; x_wconf 82' lang='lat' dir='ltr'><strong>Montem</strong></span> <span class='ocrx_word' id='word_1_425' title='bbox 3152 1409 3309 1455; x_wconf 85' lang='lat' dir='ltr'><strong>vocat</strong></span> <span class='ocrx_word' id='word_1_426' title='bbox 3336 1397 3437 1454; x_wconf 83' lang='lat' dir='ltr'><strong>Ec-</strong></span> 
     </span>
    </p>
   </div>
   <div class='ocr_carea' id='block_1_61' title="bbox 1868 1490 3437 1563">
    <p class='ocr_par' dir='ltr' id='par_1_61' title="bbox 1868 1490 3437 1563">
     <span class='ocr_line' id='line_1_61' title="bbox 1868 1490 3437 1563; baseline 0 -19"><span class='ocrx_word' id='word_1_427' title='bbox 1868 1490 2121 1545; x_wconf 68' lang='lat' dir='ltr'><strong>clesium:</strong></span> <span class='ocrx_word' id='word_1_428' title='bbox 2155 1492 2408 1563; x_wconf 80' lang='lat' dir='ltr'><strong>pinguem</strong></span> <span class='ocrx_word' id='word_1_429' title='bbox 2429 1492 2581 1557; x_wconf 89' lang='lat' dir='ltr'><strong>dicit,</strong></span> <span class='ocrx_word' id='word_1_430' title='bbox 2616 1493 2744 1561; x_wconf 87' lang='lat' dir='ltr'><strong>quia</strong></span> <span class='ocrx_word' id='word_1_431' title='bbox 2767 1492 2994 1561; x_wconf 82' lang='lat' dir='ltr'><strong>pingues</strong></span> <span class='ocrx_word' id='word_1_432' title='bbox 3012 1502 3064 1545; x_wconf 88' lang='lat' dir='ltr'><strong>et</strong></span> <span class='ocrx_word' id='word_1_433' title='bbox 3085 1492 3295 1561; x_wconf 84' lang='lat' dir='ltr'><strong>Opimas</strong></span> <span class='ocrx_word' id='word_1_434' title='bbox 3316 1492 3437 1545; x_wconf 86' lang='lat' dir='ltr'><strong>red—</strong></span> 
     </span>
    </p>
   </div>
   <div class='ocr_carea' id='block_1_62' title="bbox 1950 2765 3441 2837">
    <p class='ocr_par' dir='ltr' id='par_1_62' title="bbox 1950 2765 3441 2837">
     <span class='ocr_line' id='line_1_62' title="bbox 1950 2765 3441 2837; baseline -0.003 -15"><span class='ocrx_word' id='word_1_435' title='bbox 1950 2768 2036 2834; x_wconf 75' lang='grc'><strong>18,</strong></span> <span class='ocrx_word' id='word_1_436' title='bbox 2066 2769 2151 2823; x_wconf 82' lang='grc'><strong>19.</strong></span> <span class='ocrx_word' id='word_1_437' title='bbox 2178 2766 2378 2824; x_wconf 86' lang='lat' dir='ltr'><strong>Curras</strong></span> <span class='ocrx_word' id='word_1_438' title='bbox 2407 2769 2502 2823; x_wconf 87' lang='lat' dir='ltr'><strong>Dei</strong></span> <span class='ocrx_word' id='word_1_439' title='bbox 2527 2768 2702 2823; x_wconf 86' lang='lat' dir='ltr'><strong>decem</strong></span> <span class='ocrx_word' id='word_1_440' title='bbox 2732 2767 2962 2821; x_wconf 80' lang='lat' dir='ltr'><strong>millibus</strong></span> <span class='ocrx_word' id='word_1_441' title='bbox 2991 2766 3288 2837; x_wconf 73' lang='lat' dir='ltr'><strong>multiplex,</strong></span> <span class='ocrx_word' id='word_1_442' title='bbox 3316 2765 3441 2818; x_wconf 87' lang='lat' dir='ltr'><strong>mil-</strong></span> 
     </span>
    </p>
   </div>
   <div class='ocr_carea' id='block_1_63' title="bbox 1868 2859 3437 2925">
    <p class='ocr_par' dir='ltr' id='par_1_63' title="bbox 1868 2859 3437 2925">
     <span class='ocr_line' id='line_1_63' title="bbox 1868 2859 3437 2925; baseline 0 -12"><span class='ocrx_word' id='word_1_443' title='bbox 1868 2860 1944 2913; x_wconf 86' lang='lat' dir='ltr'><strong>lia</strong></span> <span class='ocrx_word' id='word_1_444' title='bbox 1986 2861 2303 2925; x_wconf 75' lang='lat' dir='ltr'><strong>laztantium,</strong></span> <span class='ocrx_word' id='word_1_445' title='bbox 2334 2871 2437 2917; x_wconf 87' lang='lat' dir='ltr'><strong>etc.</strong></span> <span class='ocrx_word' id='word_1_446' title='bbox 2475 2860 2710 2916; x_wconf 88' lang='lat' dir='ltr'><strong>Currum</strong></span> <span class='ocrx_word' id='word_1_447' title='bbox 2747 2860 2842 2915; x_wconf 89' lang='lat' dir='ltr'><strong>Dei</strong></span> <span class='ocrx_word' id='word_1_448' title='bbox 2887 2867 3047 2914; x_wconf 90' lang='lat' dir='ltr'><strong>vocat</strong></span> <span class='ocrx_word' id='word_1_449' title='bbox 3090 2859 3342 2914; x_wconf 71' lang='lat' dir='ltr'><strong>cmlestes</strong></span> <span class='ocrx_word' id='word_1_450' title='bbox 3371 2873 3437 2913; x_wconf 85' lang='lat' dir='ltr'><strong>ac</strong></span> 
     </span>
    </p>
   </div>
   <div class='ocr_carea' id='block_1_64' title="bbox 1870 2949 3437 3024">
    <p class='ocr_par' dir='ltr' id='par_1_64' title="bbox 1870 2949 3437 3024">
     <span class='ocr_line' id='line_1_64' title="bbox 1870 2949 3437 3024; baseline -0.002 -18"><span class='ocrx_word' id='word_1_451' title='bbox 1870 2953 2179 3022; x_wconf 89' lang='lat' dir='ltr'><strong>spirituales</strong></span> <span class='ocrx_word' id='word_1_452' title='bbox 2204 2956 2451 3020; x_wconf 84' lang='lat' dir='ltr'><strong>virtutes,</strong></span> <span class='ocrx_word' id='word_1_453' title='bbox 2486 2954 2686 3024; x_wconf 85' lang='lat' dir='ltr'><strong>quibus</strong></span> <span class='ocrx_word' id='word_1_454' title='bbox 2714 2953 2927 3007; x_wconf 83' lang='lat' dir='ltr'><strong>vehitur</strong></span> <span class='ocrx_word' id='word_1_455' title='bbox 2951 2951 3114 3006; x_wconf 89' lang='lat' dir='ltr'><strong>Deus.</strong></span> <span class='ocrx_word' id='word_1_456' title='bbox 3141 2949 3330 3004; x_wconf 89' lang='lat' dir='ltr'><strong>Simile</strong></span> <span class='ocrx_word' id='word_1_457' title='bbox 3353 2958 3437 3005; x_wconf 87' lang='lat' dir='ltr'><strong>est</strong></span> 
     </span>
    </p>
   </div>
   <div class='ocr_carea' id='block_1_65' title="bbox 1870 3041 3438 3108">
    <p class='ocr_par' dir='ltr' id='par_1_65' title="bbox 1870 3041 3438 3108">
     <span class='ocr_line' id='line_1_65' title="bbox 1870 3041 3438 3108; baseline -0.003 -9"><span class='ocrx_word' id='word_1_458' title='bbox 1870 3046 1947 3100; x_wconf 90' lang='lat' dir='ltr'><strong>illi</strong></span> <span class='ocrx_word' id='word_1_459' title='bbox 1977 3063 1991 3100; x_wconf 91' lang='lat'><strong>:</strong></span> <span class='ocrx_word' id='word_1_460' title='bbox 2026 3044 2204 3100; x_wconf 84' lang='lat' dir='ltr'><strong>Millia</strong></span> <span class='ocrx_word' id='word_1_461' title='bbox 2229 3046 2457 3100; x_wconf 86' lang='lat' dir='ltr'><strong>millium</strong></span> <span class='ocrx_word' id='word_1_462' title='bbox 2487 3043 2859 3098; x_wconf 83' lang='lat' dir='ltr'><strong>ministrabant</strong></span> <span class='ocrx_word' id='word_1_463' title='bbox 2884 3045 2952 3108; x_wconf 87' lang='lat' dir='ltr'><strong>ei,</strong></span> <span class='ocrx_word' id='word_1_464' title='bbox 2980 3052 3029 3097; x_wconf 86' lang='lat' dir='ltr'><strong>et</strong></span> <span class='ocrx_word' id='word_1_465' title='bbox 3059 3045 3227 3097; x_wconf 82' lang='lat' dir='ltr'><strong>decies</strong></span> <span class='ocrx_word' id='word_1_466' title='bbox 3248 3041 3438 3095; x_wconf 82' lang='lat' dir='ltr'><strong>millies</strong></span> 
     </span>
    </p>
   </div>
   <div class='ocr_carea' id='block_1_66' title="bbox 1870 3140 3443 3212">
    <p class='ocr_par' dir='ltr' id='par_1_66' title="bbox 1870 3140 3443 3212">
     <span class='ocr_line' id='line_1_66' title="bbox 1870 3140 3443 3212; baseline -0.002 -17"><span class='ocrx_word' id='word_1_467' title='bbox 1870 3142 2004 3196; x_wconf 86' lang='lat' dir='ltr'><strong>dena</strong></span> <span class='ocrx_word' id='word_1_468' title='bbox 2034 3143 2208 3197; x_wconf 87' lang='lat' dir='ltr'><strong>millia</strong></span> <span class='ocrx_word' id='word_1_469' title='bbox 2258 3143 2575 3196; x_wconf 80' lang='lat' dir='ltr'><strong>assistebant</strong></span> <span class='ocrx_word' id='word_1_470' title='bbox 2609 3143 2655 3194; x_wconf 89' lang='lat' dir='ltr'><strong>ei</strong></span> <span class='ocrx_word' id='word_1_471' title='bbox 2684 3142 2750 3193; x_wconf 80' lang='lat'><strong>&quot;.</strong></span> <span class='ocrx_word' id='word_1_472' title='bbox 2790 3140 2854 3194; x_wconf 86' lang='lat' dir='ltr'><strong>Hi</strong></span> <span class='ocrx_word' id='word_1_473' title='bbox 2890 3149 3018 3196; x_wconf 87' lang='lat' dir='ltr'><strong>sunt</strong></span> <span class='ocrx_word' id='word_1_474' title='bbox 3057 3141 3148 3212; x_wconf 86' lang='lat' dir='ltr'><strong>qui</strong></span> <span class='ocrx_word' id='word_1_475' title='bbox 3190 3141 3443 3197; x_wconf 73' lang='lat' dir='ltr'><strong>laetantur</strong></span> 
     </span>
    </p>
   </div>
   <div class='ocr_carea' id='block_1_67' title="bbox 1868 3232 3440 3305">
    <p class='ocr_par' dir='ltr' id='par_1_67' title="bbox 1868 3232 3440 3305">
     <span class='ocr_line' id='line_1_67' title="bbox 1868 3232 3440 3305; baseline -0.002 -17"><span class='ocrx_word' id='word_1_476' title='bbox 1868 3243 2052 3304; x_wconf 92' lang='lat' dir='ltr'><strong>utpote</strong></span> <span class='ocrx_word' id='word_1_477' title='bbox 2083 3250 2113 3289; x_wconf 88' lang='lat' dir='ltr'><strong>a</strong></span> <span class='ocrx_word' id='word_1_478' title='bbox 2144 3246 2367 3305; x_wconf 88' lang='lat' dir='ltr'><strong>peccato</strong></span> <span class='ocrx_word' id='word_1_479' title='bbox 2398 3234 2637 3288; x_wconf 78' lang='lat' dir='ltr'><strong>liberati.</strong></span> <span class='ocrx_word' id='word_1_480' title='bbox 2662 3232 2764 3299; x_wconf 88' lang='lat' dir='ltr'><strong>Qui</strong></span> <span class='ocrx_word' id='word_1_481' title='bbox 2796 3234 2898 3287; x_wconf 90' lang='lat' dir='ltr'><strong>hoc</strong></span> <span class='ocrx_word' id='word_1_482' title='bbox 2922 3233 3186 3288; x_wconf 89' lang='lat' dir='ltr'><strong>denorum</strong></span> <span class='ocrx_word' id='word_1_483' title='bbox 3213 3232 3440 3286; x_wconf 87' lang='lat' dir='ltr'><strong>millium</strong></span> 
     </span>
    </p>
   </div>
   <div class='ocr_carea' id='block_1_68' title="bbox 1868 3325 3443 3395">
    <p class='ocr_par' dir='ltr' id='par_1_68' title="bbox 1868 3325 3443 3395">
     <span class='ocr_line' id='line_1_68' title="bbox 1868 3325 3443 3395; baseline -0.001 -15"><span class='ocrx_word' id='word_1_484' title='bbox 1868 3342 2034 3381; x_wconf 88' lang='lat' dir='ltr'><strong>curru</strong></span> <span class='ocrx_word' id='word_1_485' title='bbox 2060 3327 2297 3395; x_wconf 87' lang='lat' dir='ltr'><strong>vehitur,</strong></span> <span class='ocrx_word' id='word_1_486' title='bbox 2334 3325 2602 3381; x_wconf 89' lang='lat' dir='ltr'><strong>Dominus</strong></span> <span class='ocrx_word' id='word_1_487' title='bbox 2629 3335 2733 3393; x_wconf 88' lang='lat' dir='ltr'><strong>est,</strong></span> <span class='ocrx_word' id='word_1_488' title='bbox 2758 3326 2853 3394; x_wconf 88' lang='lat' dir='ltr'><strong>qui</strong></span> <span class='ocrx_word' id='word_1_489' title='bbox 2879 3333 2933 3379; x_wconf 89' lang='lat' dir='ltr'><strong>et</strong></span> <span class='ocrx_word' id='word_1_490' title='bbox 2960 3326 3014 3379; x_wconf 90' lang='lat' dir='ltr'><strong>in</strong></span> <span class='ocrx_word' id='word_1_491' title='bbox 3042 3334 3226 3381; x_wconf 86' lang='lat' dir='ltr'><strong>monte</strong></span> <span class='ocrx_word' id='word_1_492' title='bbox 3254 3333 3443 3379; x_wconf 82' lang='lat' dir='ltr'><strong>sancto</strong></span> 
     </span>
    </p>
   </div>
   <div class='ocr_carea' id='block_1_69' title="bbox 1870 3418 3440 3491">
    <p class='ocr_par' dir='ltr' id='par_1_69' title="bbox 1870 3418 3440 3491">
     <span class='ocr_line' id='line_1_69' title="bbox 1870 3418 3440 3491; baseline -0.003 -16"><span class='ocrx_word' id='word_1_493' title='bbox 1870 3421 2023 3475; x_wconf 89' lang='lat' dir='ltr'><strong>Sinai</strong></span> <span class='ocrx_word' id='word_1_494' title='bbox 2060 3420 2232 3491; x_wconf 87' lang='lat' dir='ltr'><strong>legem</strong></span> <span class='ocrx_word' id='word_1_495' title='bbox 2279 3420 2449 3474; x_wconf 86' lang='lat' dir='ltr'><strong>dedit.</strong></span> <span class='ocrx_word' id='word_1_496' title='bbox 2493 3421 2546 3474; x_wconf 88' lang='lat' dir='ltr'><strong>Is</strong></span> <span class='ocrx_word' id='word_1_497' title='bbox 2588 3419 2706 3490; x_wconf 87' lang='lat' dir='ltr'><strong>ipse</strong></span> <span class='ocrx_word' id='word_1_498' title='bbox 2738 3418 2865 3472; x_wconf 88' lang='lat' dir='ltr'><strong>item</strong></span> <span class='ocrx_word' id='word_1_499' title='bbox 2909 3426 2992 3472; x_wconf 90' lang='lat' dir='ltr'><strong>est</strong></span> <span class='ocrx_word' id='word_1_500' title='bbox 3028 3418 3122 3488; x_wconf 91' lang='lat' dir='ltr'><strong>qui</strong></span> <span class='ocrx_word' id='word_1_501' title='bbox 3156 3418 3209 3471; x_wconf 85' lang='lat' dir='ltr'><strong>in</strong></span> <span class='ocrx_word' id='word_1_502' title='bbox 3250 3418 3440 3484; x_wconf 88' lang='lat' dir='ltr'><strong>altum,</strong></span> 
     </span>
    </p>
   </div>
   <div class='ocr_carea' id='block_1_70' title="bbox 1870 3508 3442 3580">
    <p class='ocr_par' dir='ltr' id='par_1_70' title="bbox 1870 3508 3442 3580">
     <span class='ocr_line' id='line_1_70' title="bbox 1870 3508 3442 3580; baseline -0.004 -13"><span class='ocrx_word' id='word_1_503' title='bbox 1870 3513 1985 3567; x_wconf 89' lang='lat' dir='ltr'><strong>sive</strong></span> <span class='ocrx_word' id='word_1_504' title='bbox 2012 3512 2065 3565; x_wconf 93' lang='lat' dir='ltr'><strong>in</strong></span> <span class='ocrx_word' id='word_1_505' title='bbox 2103 3527 2321 3567; x_wconf 91' lang='lat' dir='ltr'><strong>crucem</strong></span> <span class='ocrx_word' id='word_1_506' title='bbox 2355 3511 2688 3576; x_wconf 87' lang='lat' dir='ltr'><strong>ascendens,</strong></span> <span class='ocrx_word' id='word_1_507' title='bbox 2722 3510 2989 3580; x_wconf 88' lang='lat' dir='ltr'><strong>captivam</strong></span> <span class='ocrx_word' id='word_1_508' title='bbox 3028 3508 3183 3563; x_wconf 80' lang='lat' dir='ltr'><strong>duxit</strong></span> <span class='ocrx_word' id='word_1_509' title='bbox 3216 3509 3442 3578; x_wconf 85' lang='lat' dir='ltr'><strong>captivi-</strong></span> 
     </span>
    </p>
   </div>
   <div class='ocr_carea' id='block_1_71' title="bbox 1793 3108 1836 3165">
    <p class='ocr_par' dir='ltr' id='par_1_71' title="bbox 1793 3108 1836 3165">
     <span class='ocr_line' id='line_1_71' title="bbox 1793 3108 1836 3165; baseline 0 0"><span class='ocrx_word' id='word_1_510' title='bbox 1793 3108 1836 3165; x_wconf 90' lang='lat' dir='ltr'><strong><em>C</em></strong></span> 
     </span>
    </p>
   </div>
   <div class='ocr_carea' id='block_1_72' title="bbox 169 3502 1767 3579">
    <p class='ocr_par' dir='ltr' id='par_1_72' title="bbox 169 3502 1767 3579">
     <span class='ocr_line' id='line_1_72' title="bbox 169 3502 1767 3579; baseline -0.003 -18"><span class='ocrx_word' id='word_1_511' title='bbox 169 3508 312 3579; x_wconf 84' lang='grc' dir='ltr'><strong>Σινᾷ</strong></span> <span class='ocrx_word' id='word_1_512' title='bbox 339 3506 420 3577; x_wconf 84' lang='grc' dir='ltr'><strong>τῷ</strong></span> <span class='ocrx_word' id='word_1_513' title='bbox 444 3506 585 3576; x_wconf 82' lang='grc' dir='ltr'><strong>ἁγίῳ</strong></span> <span class='ocrx_word' id='word_1_514' title='bbox 618 3506 733 3576; x_wconf 82' lang='grc' dir='ltr'><strong>ὄρει</strong></span> <span class='ocrx_word' id='word_1_515' title='bbox 763 3504 856 3557; x_wconf 80' lang='grc' dir='ltr'><strong>τὸν</strong></span> <span class='ocrx_word' id='word_1_516' title='bbox 883 3506 1046 3576; x_wconf 90' lang='grc' dir='ltr'><strong>νόμον</strong></span> <span class='ocrx_word' id='word_1_517' title='bbox 1074 3504 1219 3567; x_wconf 89' lang='grc' dir='ltr'><strong>δούς.</strong></span> <span class='ocrx_word' id='word_1_518' title='bbox 1270 3504 1440 3566; x_wconf 82' lang='grc' dir='ltr'><strong>Αὐτὸς</strong></span> <span class='ocrx_word' id='word_1_519' title='bbox 1468 3503 1523 3556; x_wconf 80' lang='grc' dir='ltr'><strong>δὲ</strong></span> <span class='ocrx_word' id='word_1_520' title='bbox 1550 3502 1711 3556; x_wconf 78' lang='grc' dir='ltr'><strong>πάλιν</strong></span> <span class='ocrx_word' id='word_1_521' title='bbox 1738 3505 1767 3556; x_wconf 90' lang='lat'><strong>6</strong></span> 
     </span>
    </p>
   </div>
   <div class='ocr_carea' id='block_1_73' title="bbox 169 3594 1767 3669">
    <p class='ocr_par' dir='ltr' id='par_1_73' title="bbox 169 3594 1767 3669">
     <span class='ocr_line' id='line_1_73' title="bbox 169 3594 1767 3669; baseline -0.004 -16"><span class='ocrx_word' id='word_1_522' title='bbox 169 3602 257 3663; x_wconf 78' lang='grc' dir='ltr'><strong>εἰς</strong></span> <span class='ocrx_word' id='word_1_523' title='bbox 285 3598 421 3669; x_wconf 73' lang='grc' dir='ltr'><strong>ὕψος</strong></span> <span class='ocrx_word' id='word_1_524' title='bbox 447 3598 675 3660; x_wconf 82' lang='grc' dir='ltr'><strong>ἀναϐὰς,</strong></span> <span class='ocrx_word' id='word_1_525' title='bbox 698 3597 846 3665; x_wconf 85' lang='grc' dir='ltr'><strong>λέγει</strong></span> <span class='ocrx_word' id='word_1_526' title='bbox 874 3596 930 3649; x_wconf 84' lang='grc' dir='ltr'><strong>δὲ</strong></span> <span class='ocrx_word' id='word_1_527' title='bbox 958 3596 1019 3648; x_wconf 84' lang='grc' dir='ltr'><strong>τὸ</strong></span> <span class='ocrx_word' id='word_1_528' title='bbox 1041 3594 1135 3649; x_wconf 82' lang='grc' dir='ltr'><strong>τοῦ</strong></span> <span class='ocrx_word' id='word_1_529' title='bbox 1163 3594 1418 3666; x_wconf 81' lang='grc' dir='ltr'><strong>σταυροῦ,</strong></span> <span class='ocrx_word' id='word_1_530' title='bbox 1448 3595 1543 3648; x_wconf 74' lang='grc' dir='ltr'><strong>καὶ</strong></span> <span class='ocrx_word' id='word_1_531' title='bbox 1566 3596 1767 3665; x_wconf 80' lang='grc' dir='ltr'><strong>αἰχμα-</strong></span> 
     </span>
    </p>
   </div>
   <div class='ocr_carea' id='block_1_74' title="bbox 171 3687 1762 3761">
    <p class='ocr_par' dir='ltr' id='par_1_74' title="bbox 171 3687 1762 3761">
     <span class='ocr_line' id='line_1_74' title="bbox 171 3687 1762 3761; baseline -0.004 -16"><span class='ocrx_word' id='word_1_532' title='bbox 171 3693 457 3754; x_wconf 78' lang='grc' dir='ltr'><strong>Αωτεύσας</strong></span> <span class='ocrx_word' id='word_1_533' title='bbox 482 3689 875 3761; x_wconf 81' lang='grc' dir='ltr'><strong>αἰχμαλωσίαν,</strong></span> <span class='ocrx_word' id='word_1_534' title='bbox 906 3688 1152 3741; x_wconf 85' lang='grc' dir='ltr'><strong>τουτέστι</strong></span> <span class='ocrx_word' id='word_1_535' title='bbox 1178 3687 1277 3751; x_wconf 74' lang='grc' dir='ltr'><strong>τὰς</strong></span> <span class='ocrx_word' id='word_1_536' title='bbox 1308 3687 1762 3758; x_wconf 73' lang='grc' dir='ltr'><strong>αἰχμαλωτισθεῖ-</strong></span> 
     </span>
    </p>
   </div>
   <div class='ocr_carea' id='block_1_75' title="bbox 172 3776 1763 3851">
    <p class='ocr_par' dir='ltr' id='par_1_75' title="bbox 172 3776 1763 3851">
     <span class='ocr_line' id='line_1_75' title="bbox 172 3776 1763 3851; baseline -0.003 -17"><span class='ocrx_word' id='word_1_537' title='bbox 172 3799 280 3845; x_wconf 82' lang='grc' dir='ltr'><strong>σας</strong></span> <span class='ocrx_word' id='word_1_538' title='bbox 335 3779 516 3851; x_wconf 72' lang='grc' dir='ltr'><strong>ψυχὰς</strong></span> <span class='ocrx_word' id='word_1_539' title='bbox 571 3778 723 3848; x_wconf 82' lang='grc' dir='ltr'><strong>παρὰ</strong></span> <span class='ocrx_word' id='word_1_540' title='bbox 766 3778 860 3831; x_wconf 79' lang='grc' dir='ltr'><strong>τοῦ</strong></span> <span class='ocrx_word' id='word_1_541' title='bbox 913 3778 1160 3831; x_wconf 89' lang='grc' dir='ltr'><strong>διαϐόλου</strong></span> <span class='ocrx_word' id='word_1_542' title='bbox 1191 3776 1763 3847; x_wconf 85' lang='grc' dir='ltr'><strong>ἀνταιχμαλωτεύσας.</strong></span> 
     </span>
    </p>
   </div>
   <div class='ocr_carea' id='block_1_76' title="bbox 174 3866 1767 3941">
    <p class='ocr_par' dir='ltr' id='par_1_76' title="bbox 174 3866 1767 3941">
     <span class='ocr_line' id='line_1_76' title="bbox 174 3866 1767 3941; baseline -0.003 -16"><span class='ocrx_word' id='word_1_543' title='bbox 174 3871 352 3925; x_wconf 68' lang='grc' dir='ltr'><strong>Τοῦτο</strong></span> <span class='ocrx_word' id='word_1_544' title='bbox 373 3873 482 3941; x_wconf 82' lang='grc' dir='ltr'><strong>γὰρ</strong></span> <span class='ocrx_word' id='word_1_545' title='bbox 501 3870 664 3933; x_wconf 77' lang='grc' dir='ltr'><strong>αὐτὸς</strong></span> <span class='ocrx_word' id='word_1_546' title='bbox 692 3870 1059 3940; x_wconf 76' lang='grc' dir='ltr'><strong>ἐπηγγέλλετο</strong></span> <span class='ocrx_word' id='word_1_547' title='bbox 1080 3869 1253 3937; x_wconf 87' lang='grc' dir='ltr'><strong>λέγων</strong></span> <span class='ocrx_word' id='word_1_548' title='bbox 1280 3886 1294 3898; x_wconf 75' lang='grc' dir='ltr'><strong><em>ο</em></strong></span> <span class='ocrx_word' id='word_1_549' title='bbox 1324 3870 1440 3922; x_wconf 78' lang='grc' dir='ltr'><strong>Ὄτ⁹</strong></span> <span class='ocrx_word' id='word_1_550' title='bbox 1469 3868 1535 3921; x_wconf 84' lang='grc' dir='ltr'><strong>ἂν</strong></span> <span class='ocrx_word' id='word_1_551' title='bbox 1566 3866 1767 3937; x_wconf 76' lang='grc' dir='ltr'><strong>ὑψωθῶ</strong></span> 
     </span>
    </p>
   </div>
   <div class='ocr_carea' id='block_1_77' title="bbox 1871 3601 3441 3672">
    <p class='ocr_par' dir='ltr' id='par_1_77' title="bbox 1871 3601 3441 3672">
     <span class='ocr_line' id='line_1_77' title="bbox 1871 3601 3441 3672; baseline -0.003 -12"><span class='ocrx_word' id='word_1_552' title='bbox 1871 3614 2036 3660; x_wconf 85' lang='lat' dir='ltr'><strong>tatem</strong></span> <span class='ocrx_word' id='word_1_553' title='bbox 2064 3606 2132 3672; x_wconf 75' lang='grc'><strong>⁸⁸),</strong></span> <span class='ocrx_word' id='word_1_554' title='bbox 2168 3604 2223 3659; x_wconf 83' lang='lat' dir='ltr'><strong>id</strong></span> <span class='ocrx_word' id='word_1_555' title='bbox 2262 3612 2346 3659; x_wconf 88' lang='lat' dir='ltr'><strong>est</strong></span> <span class='ocrx_word' id='word_1_556' title='bbox 2386 3606 2600 3660; x_wconf 88' lang='lat' dir='ltr'><strong>animas</strong></span> <span class='ocrx_word' id='word_1_557' title='bbox 2653 3620 2682 3657; x_wconf 90' lang='lat' dir='ltr'><strong>a</strong></span> <span class='ocrx_word' id='word_1_558' title='bbox 2710 3602 2926 3658; x_wconf 88' lang='lat' dir='ltr'><strong>diabolo</strong></span> <span class='ocrx_word' id='word_1_559' title='bbox 2972 3603 3027 3656; x_wconf 91' lang='lat' dir='ltr'><strong>in</strong></span> <span class='ocrx_word' id='word_1_560' title='bbox 3074 3601 3441 3671; x_wconf 88' lang='lat' dir='ltr'><strong>captivitatem</strong></span> 
     </span>
    </p>
   </div>
   <div class='ocr_carea' id='block_1_78' title="bbox 1870 3694 3444 3767">
    <p class='ocr_par' dir='ltr' id='par_1_78' title="bbox 1870 3694 3444 3767">
     <span class='ocr_line' id='line_1_78' title="bbox 1870 3694 3444 3767; baseline -0.004 -15"><span class='ocrx_word' id='word_1_561' title='bbox 1870 3697 2061 3752; x_wconf 90' lang='lat' dir='ltr'><strong>ductas</strong></span> <span class='ocrx_word' id='word_1_562' title='bbox 2088 3698 2203 3767; x_wconf 91' lang='lat' dir='ltr'><strong>ipse</strong></span> <span class='ocrx_word' id='word_1_563' title='bbox 2236 3696 2431 3750; x_wconf 87' lang='lat' dir='ltr'><strong>iterum</strong></span> <span class='ocrx_word' id='word_1_564' title='bbox 2474 3696 2637 3766; x_wconf 88' lang='lat' dir='ltr'><strong>cepit.</strong></span> <span class='ocrx_word' id='word_1_565' title='bbox 2663 3694 2717 3748; x_wconf 92' lang='lat' dir='ltr'><strong>ld</strong></span> <span class='ocrx_word' id='word_1_566' title='bbox 2744 3694 3038 3763; x_wconf 32' lang='lat' dir='ltr'><strong>enimripse</strong></span> <span class='ocrx_word' id='word_1_567' title='bbox 3067 3694 3339 3764; x_wconf 90' lang='lat' dir='ltr'><strong>pollicitus</strong></span> <span class='ocrx_word' id='word_1_568' title='bbox 3361 3702 3444 3749; x_wconf 76' lang='lat' dir='ltr'><strong>est</strong></span> 
     </span>
    </p>
   </div>
   <div class='ocr_carea' id='block_1_79' title="bbox 1869 3784 3440 3859">
    <p class='ocr_par' dir='ltr' id='par_1_79' title="bbox 1869 3784 3440 3859">
     <span class='ocr_line' id='line_1_79' title="bbox 1869 3784 3440 3859; baseline -0.004 -16"><span class='ocrx_word' id='word_1_569' title='bbox 1869 3790 2089 3859; x_wconf 85' lang='lat' dir='ltr'><strong>quando</strong></span> <span class='ocrx_word' id='word_1_570' title='bbox 2133 3787 2270 3841; x_wconf 82' lang='lat' dir='ltr'><strong>dixit</strong></span> <span class='ocrx_word' id='word_1_571' title='bbox 2300 3805 2314 3841; x_wconf 88' lang='lat'><strong>:</strong></span> <span class='ocrx_word' id='word_1_572' title='bbox 2350 3784 2482 3839; x_wconf 87' lang='lat' dir='ltr'><strong>Cum</strong></span> <span class='ocrx_word' id='word_1_573' title='bbox 2524 3786 2789 3840; x_wconf 77' lang='lat' dir='ltr'><strong>exaltatus</strong></span> <span class='ocrx_word' id='word_1_574' title='bbox 2827 3785 2977 3854; x_wconf 77' lang='lat' dir='ltr'><strong>fuero</strong></span> <span class='ocrx_word' id='word_1_575' title='bbox 3005 3801 3037 3837; x_wconf 91' lang='lat' dir='ltr'><strong>a</strong></span> <span class='ocrx_word' id='word_1_576' title='bbox 3069 3793 3230 3850; x_wconf 88' lang='lat' dir='ltr'><strong>terra,</strong></span> <span class='ocrx_word' id='word_1_577' title='bbox 3259 3786 3440 3837; x_wconf 82' lang='lat' dir='ltr'><strong>omnia</strong></span> 
     </span>
    </p>
   </div>
   <div class='ocr_carea' id='block_1_80' title="bbox 1872 3872 3439 3941">
    <p class='ocr_par' dir='ltr' id='par_1_80' title="bbox 1872 3872 3439 3941">
     <span class='ocr_line' id='line_1_80' title="bbox 1872 3872 3439 3941; baseline -0.002 -13"><span class='ocrx_word' id='word_1_578' title='bbox 1872 3874 2081 3928; x_wconf 83' lang='lat' dir='ltr'><strong>traham</strong></span> <span class='ocrx_word' id='word_1_579' title='bbox 2106 3873 2175 3926; x_wconf 88' lang='lat' dir='ltr'><strong>ad</strong></span> <span class='ocrx_word' id='word_1_580' title='bbox 2206 3874 2457 3941; x_wconf 88' lang='lat' dir='ltr'><strong>meipsum</strong></span> <span class='ocrx_word' id='word_1_581' title='bbox 2483 3873 2549 3925; x_wconf 81' lang='grc'><strong>³¹.</strong></span> <span class='ocrx_word' id='word_1_582' title='bbox 2574 3874 2835 3941; x_wconf 83' lang='lat' dir='ltr'><strong>Accepisti</strong></span> <span class='ocrx_word' id='word_1_583' title='bbox 2864 3872 3001 3925; x_wconf 88' lang='lat' dir='ltr'><strong>dona</strong></span> <span class='ocrx_word' id='word_1_584' title='bbox 3036 3873 3091 3925; x_wconf 92' lang='lat' dir='ltr'><strong>in</strong></span> <span class='ocrx_word' id='word_1_585' title='bbox 3124 3874 3439 3926; x_wconf 83' lang='lat' dir='ltr'><strong>hominibus.</strong></span> 
     </span>
    </p>
   </div>
   <div class='ocr_carea' id='block_1_81' title="bbox 1869 3964 3440 4033">
    <p class='ocr_par' dir='ltr' id='par_1_81' title="bbox 1869 3964 3440 4033">
     <span class='ocr_line' id='line_1_81' title="bbox 1869 3964 3440 4033; baseline -0.001 -15"><span class='ocrx_word' id='word_1_586' title='bbox 1869 3967 1914 4018; x_wconf 82' lang='grc' dir='ltr'><strong>Δ</strong></span> <span class='ocrx_word' id='word_1_587' title='bbox 1940 3979 2179 4033; x_wconf 86' lang='lat' dir='ltr'><strong>quonam</strong></span> <span class='ocrx_word' id='word_1_588' title='bbox 2218 3964 2424 4032; x_wconf 89' lang='lat' dir='ltr'><strong>accepit</strong></span> <span class='ocrx_word' id='word_1_589' title='bbox 2459 3964 2597 4019; x_wconf 84' lang='lat' dir='ltr'><strong>dona</strong></span> <span class='ocrx_word' id='word_1_590' title='bbox 2634 3964 2948 4018; x_wconf 84' lang='lat' dir='ltr'><strong>hominibus</strong></span> <span class='ocrx_word' id='word_1_591' title='bbox 2994 3964 3302 4032; x_wconf 62' lang='lat' dir='ltr'><strong>praebenda,</strong></span> <span class='ocrx_word' id='word_1_592' title='bbox 3332 3965 3440 4017; x_wconf 83' lang='lat' dir='ltr'><strong>nisi</strong></span> 
     </span>
    </p>
   </div>
   <div class='ocr_carea' id='block_1_82' title="bbox 1869 4055 3441 4127">
    <p class='ocr_par' dir='ltr' id='par_1_82' title="bbox 1869 4055 3441 4127">
     <span class='ocr_line' id='line_1_82' title="bbox 1869 4055 3441 4127; baseline -0.001 -17"><span class='ocrx_word' id='word_1_593' title='bbox 1869 4072 1899 4110; x_wconf 88' lang='lat' dir='ltr'><strong>a</strong></span> <span class='ocrx_word' id='word_1_594' title='bbox 1926 4055 2084 4110; x_wconf 82' lang='lat' dir='ltr'><strong>Patre</strong></span> <span class='ocrx_word' id='word_1_595' title='bbox 2112 4058 2206 4127; x_wconf 90' lang='lat' dir='ltr'><strong>qui</strong></span> <span class='ocrx_word' id='word_1_596' title='bbox 2237 4056 2372 4110; x_wconf 77' lang='lat' dir='ltr'><strong>dixit</strong></span> <span class='ocrx_word' id='word_1_597' title='bbox 2397 4056 2445 4088; x_wconf 82' lang='grc'><strong>³⁸</strong></span> <span class='ocrx_word' id='word_1_598' title='bbox 2473 4074 2484 4109; x_wconf 94' lang='lat'><strong>:</strong></span> <span class='ocrx_word' id='word_1_599' title='bbox 2514 4055 2740 4109; x_wconf 80' lang='lat' dir='ltr'><strong>Postulo</strong></span> <span class='ocrx_word' id='word_1_600' title='bbox 2758 4073 2789 4108; x_wconf 89' lang='lat' dir='ltr'><strong>a</strong></span> <span class='ocrx_word' id='word_1_601' title='bbox 2816 4072 2894 4109; x_wconf 86' lang='lat' dir='ltr'><strong>nte</strong></span> <span class='ocrx_word' id='word_1_602' title='bbox 2923 4065 2971 4107; x_wconf 88' lang='lat' dir='ltr'><strong>et</strong></span> <span class='ocrx_word' id='word_1_603' title='bbox 2989 4058 3122 4109; x_wconf 87' lang='lat' dir='ltr'><strong>dabo</strong></span> <span class='ocrx_word' id='word_1_604' title='bbox 3152 4058 3247 4111; x_wconf 86' lang='lat' dir='ltr'><strong>tibi</strong></span> <span class='ocrx_word' id='word_1_605' title='bbox 3268 4067 3441 4113; x_wconf 74' lang='lat' dir='ltr'><strong>centes</strong></span> 
     </span>
    </p>
   </div>
   <div class='ocr_carea' id='block_1_83' title="bbox 1869 4147 2460 4202">
    <p class='ocr_par' dir='ltr' id='par_1_83' title="bbox 1869 4147 2460 4202">
     <span class='ocr_line' id='line_1_83' title="bbox 1869 4147 2460 4202; baseline -0.002 0"><span class='ocrx_word' id='word_1_606' title='bbox 1869 4147 2229 4202; x_wconf 78' lang='lat' dir='ltr'><strong>hwreditatem</strong></span> <span class='ocrx_word' id='word_1_607' title='bbox 2266 4157 2410 4200; x_wconf 86' lang='lat' dir='ltr'><strong>tuam</strong></span> <span class='ocrx_word' id='word_1_608' title='bbox 2436 4148 2460 4201; x_wconf 83' lang='lat'><strong>.’</strong></span> 
     </span>
    </p>
   </div>
   <div class='ocr_carea' id='block_1_84' title="bbox 177 3959 1769 4034">
    <p class='ocr_par' dir='ltr' id='par_1_84' title="bbox 177 3959 1769 4034">
     <span class='ocr_line' id='line_1_84' title="bbox 177 3959 1769 4034; baseline -0.004 -18"><span class='ocrx_word' id='word_1_609' title='bbox 177 3966 242 4016; x_wconf 82' lang='grc' dir='ltr'><strong>ὲκ</strong></span> <span class='ocrx_word' id='word_1_610' title='bbox 276 3964 378 4034; x_wconf 80' lang='grc' dir='ltr'><strong>τῆς</strong></span> <span class='ocrx_word' id='word_1_611' title='bbox 406 3962 533 4032; x_wconf 79' lang='grc' dir='ltr'><strong>γῆς,</strong></span> <span class='ocrx_word' id='word_1_612' title='bbox 565 3962 771 4023; x_wconf 81' lang='grc' dir='ltr'><strong>πάντας</strong></span> <span class='ocrx_word' id='word_1_613' title='bbox 794 3959 1008 4013; x_wconf 75' lang='grc' dir='ltr'><strong>ἑλκύσω</strong></span> <span class='ocrx_word' id='word_1_614' title='bbox 1038 3960 1175 4030; x_wconf 82' lang='grc' dir='ltr'><strong>πρὸς</strong></span> <span class='ocrx_word' id='word_1_615' title='bbox 1209 3960 1466 4029; x_wconf 80' lang='grc' dir='ltr'><strong>ἐμαυτόν.</strong></span> <span class='ocrx_word' id='word_1_616' title='bbox 1520 3960 1769 4023; x_wconf 83' lang='grc' dir='ltr'><strong>Ἕλαϐες</strong></span> 
     </span>
    </p>
   </div>
   <div class='ocr_carea' id='block_1_85' title="bbox 175 4049 1769 4123">
    <p class='ocr_par' dir='ltr' id='par_1_85' title="bbox 175 4049 1769 4123">
     <span class='ocr_line' id='line_1_85' title="bbox 175 4049 1769 4123; baseline -0.003 -17"><span class='ocrx_word' id='word_1_617' title='bbox 175 4054 407 4123; x_wconf 82' lang='grc' dir='ltr'><strong>δόματα</strong></span> <span class='ocrx_word' id='word_1_618' title='bbox 428 4053 499 4105; x_wconf 87' lang='grc' dir='ltr'><strong>ἐν</strong></span> <span class='ocrx_word' id='word_1_619' title='bbox 516 4050 867 4120; x_wconf 83' lang='grc' dir='ltr'><strong>ἀνθρώποις.</strong></span> <span class='ocrx_word' id='word_1_620' title='bbox 904 4053 1014 4105; x_wconf 72' lang='grc' dir='ltr'><strong>Καὶ</strong></span> <span class='ocrx_word' id='word_1_621' title='bbox 1044 4049 1194 4122; x_wconf 82' lang='grc' dir='ltr'><strong>παρὰ</strong></span> <span class='ocrx_word' id='word_1_622' title='bbox 1216 4052 1358 4114; x_wconf 84' lang='grc' dir='ltr'><strong>τίνος</strong></span> <span class='ocrx_word' id='word_1_623' title='bbox 1381 4050 1540 4104; x_wconf 80' lang='grc' dir='ltr'><strong>ἔλαϐε</strong></span> <span class='ocrx_word' id='word_1_624' title='bbox 1562 4049 1769 4120; x_wconf 87' lang='grc' dir='ltr'><strong>δόματα</strong></span> 
     </span>
    </p>
   </div>
   <div class='ocr_carea' id='block_1_86' title="bbox 174 4140 1769 4218">
    <p class='ocr_par' dir='ltr' id='par_1_86' title="bbox 174 4140 1769 4218">
     <span class='ocr_line' id='line_1_86' title="bbox 174 4140 1769 4218; baseline -0.006 -17"><span class='ocrx_word' id='word_1_625' title='bbox 174 4145 484 4218; x_wconf 85' lang='grc' dir='ltr'><strong>ἀνθρώπων</strong></span> <span class='ocrx_word' id='word_1_626' title='bbox 509 4146 543 4216; x_wconf 84' lang='grc' dir='ltr'>ἢ</span> <span class='ocrx_word' id='word_1_627' title='bbox 576 4143 729 4217; x_wconf 75' lang='grc' dir='ltr'><strong>παρὰ</strong></span> <span class='ocrx_word' id='word_1_628' title='bbox 750 4144 845 4197; x_wconf 82' lang='grc' dir='ltr'><strong>τοῦ</strong></span> <span class='ocrx_word' id='word_1_629' title='bbox 875 4143 1086 4215; x_wconf 80' lang='grc' dir='ltr'><strong>Πατρὸς</strong></span> <span class='ocrx_word' id='word_1_630' title='bbox 1118 4142 1211 4196; x_wconf 82' lang='grc' dir='ltr'><strong>τοῦ</strong></span> <span class='ocrx_word' id='word_1_631' title='bbox 1246 4142 1526 4213; x_wconf 74' lang='grc' dir='ltr'><strong>εἰρηκότος</strong></span> <span class='ocrx_word' id='word_1_632' title='bbox 1547 4157 1560 4169; x_wconf 90' lang='grc'><strong>·</strong></span> <span class='ocrx_word' id='word_1_633' title='bbox 1596 4140 1769 4208; x_wconf 77' lang='grc' dir='ltr'><strong>Αἴτη-</strong></span> 
     </span>
    </p>
   </div>
   <div class='ocr_carea' id='block_1_87' title="bbox 176 4231 1766 4303">
    <p class='ocr_par' dir='ltr' id='par_1_87' title="bbox 176 4231 1766 4303">
     <span class='ocr_line' id='line_1_87' title="bbox 176 4231 1766 4303; baseline -0.003 -14"><span class='ocrx_word' id='word_1_634' title='bbox 176 4250 283 4289; x_wconf 89' lang='grc' dir='ltr'><strong>σαι</strong></span> <span class='ocrx_word' id='word_1_635' title='bbox 306 4234 444 4303; x_wconf 77' lang='grc' dir='ltr'><strong>παρ’</strong></span> <span class='ocrx_word' id='word_1_636' title='bbox 473 4233 620 4303; x_wconf 83' lang='grc' dir='ltr'><strong>ἐμοῦ</strong></span> <span class='ocrx_word' id='word_1_637' title='bbox 642 4271 659 4299; x_wconf 88' lang='grc'><strong>,</strong></span> <span class='ocrx_word' id='word_1_638' title='bbox 686 4232 784 4286; x_wconf 81' lang='grc' dir='ltr'><strong>καὶ</strong></span> <span class='ocrx_word' id='word_1_639' title='bbox 810 4231 982 4286; x_wconf 84' lang='grc' dir='ltr'><strong>δώσω</strong></span> <span class='ocrx_word' id='word_1_640' title='bbox 1018 4245 1118 4286; x_wconf 87' lang='grc' dir='ltr'><strong>σοι</strong></span> <span class='ocrx_word' id='word_1_641' title='bbox 1149 4231 1293 4299; x_wconf 81' lang='grc' dir='ltr'><strong>ἔθνη</strong></span> <span class='ocrx_word' id='word_1_642' title='bbox 1321 4231 1436 4300; x_wconf 84' lang='grc' dir='ltr'><strong>τὴν</strong></span> <span class='ocrx_word' id='word_1_643' title='bbox 1472 4234 1766 4299; x_wconf 81' lang='grc' dir='ltr'><strong>κληρονο-</strong></span> 
     </span>
    </p>
   </div>
   <div class='ocr_carea' id='block_1_88' title="bbox 172 4330 517 4397">
    <p class='ocr_par' dir='ltr' id='par_1_88' title="bbox 172 4330 517 4397">
     <span class='ocr_line' id='line_1_88' title="bbox 172 4330 517 4397; baseline -0.003 -15"><span class='ocrx_word' id='word_1_644' title='bbox 172 4330 323 4397; x_wconf 63' lang='grc' dir='ltr'><strong>μίαν</strong></span> <span class='ocrx_word' id='word_1_645' title='bbox 356 4341 475 4382; x_wconf 86' lang='grc' dir='ltr'><strong>σου</strong></span> <span class='ocrx_word' id='word_1_646' title='bbox 497 4342 517 4391; x_wconf 86' lang='grc'><strong><em>;</em></strong></span> 
     </span>
    </p>
   </div>
   <div class='ocr_carea' id='block_1_89' title="bbox 249 4400 1766 4501">
    <p class='ocr_par' dir='ltr' id='par_1_89' title="bbox 249 4407 1763 4489">
     <span class='ocr_line' id='line_1_89' title="bbox 249 4407 1763 4489; baseline -0.007 -13"><span class='ocrx_word' id='word_1_647' title='bbox 249 4421 363 4476; x_wconf 73' lang='grc' dir='ltr'><strong>Καὶ</strong></span> <span class='ocrx_word' id='word_1_648' title='bbox 391 4421 503 4489; x_wconf 82' lang='grc' dir='ltr'><strong>γὰρ</strong></span> <span class='ocrx_word' id='word_1_649' title='bbox 532 4419 931 4483; x_wconf 75' lang='grc' dir='ltr'><strong>ἀπειθοῦντας</strong></span> <span class='ocrx_word' id='word_1_650' title='bbox 976 4416 1082 4470; x_wconf 86' lang='grc' dir='ltr'><strong>τοῦ</strong></span> <span class='ocrx_word' id='word_1_651' title='bbox 1128 4414 1614 4483; x_wconf 77' lang='grc' dir='ltr'><strong>κατασκηνῶσαι.</strong></span> <span class='ocrx_word' id='word_1_652' title='bbox 1660 4407 1763 4467; x_wconf 54' lang='lat' dir='ltr'><strong>Oi»</strong></span> 
     </span>
    </p>
   </div>
   <div class='ocr_carea' id='block_1_90' title="bbox 1880 4400 3442 4501">
    <p class='ocr_par' dir='ltr' id='par_1_90' title="bbox 1944 4400 3442 4475">
     <span class='ocr_line' id='line_1_90' title="bbox 1944 4400 3442 4475; baseline 0.002 -18"><span class='ocrx_word' id='word_1_653' title='bbox 1944 4401 2037 4457; x_wconf 67' lang='lat'><strong>20.</strong></span> <span class='ocrx_word' id='word_1_654' title='bbox 2068 4400 2280 4456; x_wconf 77' lang='lat' dir='ltr'><strong>Etenim</strong></span> <span class='ocrx_word' id='word_1_655' title='bbox 2323 4418 2426 4455; x_wconf 88' lang='lat' dir='ltr'><strong>non</strong></span> <span class='ocrx_word' id='word_1_656' title='bbox 2470 4402 2732 4456; x_wconf 63' lang='lat' dir='ltr'><strong>caedentes</strong></span> <span class='ocrx_word' id='word_1_657' title='bbox 2775 4403 3087 4458; x_wconf 85' lang='lat' dir='ltr'><strong>inhabitare.</strong></span> <span class='ocrx_word' id='word_1_658' title='bbox 3121 4402 3209 4473; x_wconf 83' lang='lat' dir='ltr'><strong>Hi,</strong></span> <span class='ocrx_word' id='word_1_659' title='bbox 3244 4404 3442 4475; x_wconf 82' lang='lat' dir='ltr'><strong>inquit,</strong></span> 
     </span>
    </p>
   </div>
   <div class='ocr_carea' id='block_1_91' title="bbox 178 4494 1766 4585">
    <p class='ocr_par' dir='ltr' id='par_1_91' title="bbox 178 4505 1766 4585">
     <span class='ocr_line' id='line_1_91' title="bbox 178 4505 1766 4585; baseline -0.005 -19"><span class='ocrx_word' id='word_1_660' title='bbox 178 4531 290 4578; x_wconf 84' lang='grc' dir='ltr'><strong>τοι,</strong></span> <span class='ocrx_word' id='word_1_661' title='bbox 319 4512 521 4585; x_wconf 75' lang='grc' dir='ltr'><strong>φησὶν,</strong></span> <span class='ocrx_word' id='word_1_662' title='bbox 560 4514 609 4565; x_wconf 75' lang='lat' dir='ltr'><strong>oi</strong></span> <span class='ocrx_word' id='word_1_663' title='bbox 647 4510 954 4582; x_wconf 82' lang='grc' dir='ltr'><strong>ἄνθρωποι,</strong></span> <span class='ocrx_word' id='word_1_664' title='bbox 984 4508 1076 4573; x_wconf 83' lang='grc' dir='ltr'><strong>οὒς</strong></span> <span class='ocrx_word' id='word_1_665' title='bbox 1103 4508 1293 4572; x_wconf 68' lang='grc' dir='ltr'><strong>ἔλαϐες</strong></span> <span class='ocrx_word' id='word_1_666' title='bbox 1317 4508 1525 4578; x_wconf 88' lang='grc' dir='ltr'><strong>δόματα</strong></span> <span class='ocrx_word' id='word_1_667' title='bbox 1547 4546 1562 4571; x_wconf 91' lang='grc'><strong>,</strong></span> <span class='ocrx_word' id='word_1_668' title='bbox 1600 4505 1766 4560; x_wconf 79' lang='grc' dir='ltr'><strong>πάλαι</strong></span> 
     </span>
    </p>
   </div>
   <div class='ocr_carea' id='block_1_92' title="bbox 1880 4494 3439 4585">
    <p class='ocr_par' dir='ltr' id='par_1_92' title="bbox 1880 4494 3439 4563">
     <span class='ocr_line' id='line_1_92' title="bbox 1880 4494 3439 4563; baseline 0.003 -15"><span class='ocrx_word' id='word_1_669' title='bbox 1880 4495 2144 4561; x_wconf 90' lang='lat' dir='ltr'><strong>homines,</strong></span> <span class='ocrx_word' id='word_1_670' title='bbox 2192 4509 2330 4563; x_wconf 89' lang='lat' dir='ltr'><strong>quos</strong></span> <span class='ocrx_word' id='word_1_671' title='bbox 2372 4494 2631 4563; x_wconf 90' lang='lat' dir='ltr'><strong>accepisti</strong></span> <span class='ocrx_word' id='word_1_672' title='bbox 2669 4495 2721 4548; x_wconf 92' lang='lat' dir='ltr'><strong>in</strong></span> <span class='ocrx_word' id='word_1_673' title='bbox 2753 4494 2918 4560; x_wconf 85' lang='lat' dir='ltr'><strong>dona,</strong></span> <span class='ocrx_word' id='word_1_674' title='bbox 2962 4496 3092 4551; x_wconf 91' lang='lat' dir='ltr'><strong>olim</strong></span> <span class='ocrx_word' id='word_1_675' title='bbox 3129 4504 3285 4551; x_wconf 87' lang='lat' dir='ltr'><strong>erant</strong></span> <span class='ocrx_word' id='word_1_676' title='bbox 3328 4513 3439 4552; x_wconf 89' lang='lat' dir='ltr'><strong>non</strong></span> 
     </span>
    </p>
   </div>
   <div class='ocr_carea' id='block_1_93' title="bbox 176 4584 1766 4678">
    <p class='ocr_par' dir='ltr' id='par_1_93' title="bbox 176 4600 1766 4678">
     <span class='ocr_line' id='line_1_93' title="bbox 176 4600 1766 4678; baseline -0.006 -18"><span class='ocrx_word' id='word_1_677' title='bbox 176 4603 319 4678; x_wconf 72' lang='grc' dir='ltr'><strong>ἦσαν</strong></span> <span class='ocrx_word' id='word_1_678' title='bbox 338 4603 709 4667; x_wconf 77' lang='grc' dir='ltr'><strong>ἀπειθοῦντες.</strong></span> <span class='ocrx_word' id='word_1_679' title='bbox 748 4602 907 4655; x_wconf 80' lang='grc' dir='ltr'><strong>Ἀλλά</strong></span> <span class='ocrx_word' id='word_1_680' title='bbox 934 4603 1029 4654; x_wconf 79' lang='grc' dir='ltr'><strong>καὶ</strong></span> <span class='ocrx_word' id='word_1_681' title='bbox 1055 4601 1286 4666; x_wconf 83' lang='grc' dir='ltr'><strong>τούτοις,</strong></span> <span class='ocrx_word' id='word_1_682' title='bbox 1318 4600 1471 4670; x_wconf 78' lang='grc' dir='ltr'><strong>φησὶ,</strong></span> <span class='ocrx_word' id='word_1_683' title='bbox 1500 4600 1766 4669; x_wconf 81' lang='grc' dir='ltr'><strong>κατεσκή-</strong></span> 
     </span>
    </p>
   </div>
   <div class='ocr_carea' id='block_1_94' title="bbox 1880 4584 3445 4678">
    <p class='ocr_par' dir='ltr' id='par_1_94' title="bbox 1880 4584 3445 4661">
     <span class='ocr_line' id='line_1_94' title="bbox 1880 4584 3445 4661; baseline 0.001 -21"><span class='ocrx_word' id='word_1_684' title='bbox 1880 4586 2172 4641; x_wconf 77' lang='lat' dir='ltr'><strong>credentes.</strong></span> <span class='ocrx_word' id='word_1_685' title='bbox 2195 4585 2300 4639; x_wconf 89' lang='lat' dir='ltr'><strong>Sed</strong></span> <span class='ocrx_word' id='word_1_686' title='bbox 2329 4584 2383 4639; x_wconf 91' lang='lat' dir='ltr'><strong>in</strong></span> <span class='ocrx_word' id='word_1_687' title='bbox 2408 4587 2533 4653; x_wconf 90' lang='lat' dir='ltr'><strong>illis,</strong></span> <span class='ocrx_word' id='word_1_688' title='bbox 2556 4586 2650 4653; x_wconf 85' lang='lat' dir='ltr'><strong>ait,</strong></span> <span class='ocrx_word' id='word_1_689' title='bbox 2670 4587 3005 4642; x_wconf 88' lang='lat' dir='ltr'><strong>inhabitasti.</strong></span> <span class='ocrx_word' id='word_1_690' title='bbox 3033 4588 3188 4656; x_wconf 85' lang='lat' dir='ltr'><strong>Quod</strong></span> <span class='ocrx_word' id='word_1_691' title='bbox 3218 4604 3314 4660; x_wconf 88' lang='lat' dir='ltr'><strong>per</strong></span> <span class='ocrx_word' id='word_1_692' title='bbox 3344 4589 3445 4661; x_wconf 82' lang='lat' dir='ltr'><strong>hy-</strong></span> 
     </span>
    </p>
   </div>
   <div class='ocr_carea' id='block_1_95' title="bbox 178 4678 1766 4762">
    <p class='ocr_par' dir='ltr' id='par_1_95' title="bbox 178 4688 1766 4762">
     <span class='ocr_line' id='line_1_95' title="bbox 178 4688 1766 4762; baseline -0.003 -17"><span class='ocrx_word' id='word_1_693' title='bbox 178 4710 379 4755; x_wconf 83' lang='grc' dir='ltr'><strong>νωσας.</strong></span> <span class='ocrx_word' id='word_1_694' title='bbox 419 4693 576 4745; x_wconf 83' lang='grc' dir='ltr'><strong>Ἐστι</strong></span> <span class='ocrx_word' id='word_1_695' title='bbox 608 4693 665 4745; x_wconf 82' lang='grc' dir='ltr'><strong>δὲ</strong></span> <span class='ocrx_word' id='word_1_696' title='bbox 702 4692 770 4744; x_wconf 89' lang='grc' dir='ltr'><strong>δι’</strong></span> <span class='ocrx_word' id='word_1_697' title='bbox 804 4690 1117 4762; x_wconf 79' lang='grc' dir='ltr'><strong>ὑπερϐατοῦ</strong></span> <span class='ocrx_word' id='word_1_698' title='bbox 1152 4693 1185 4762; x_wconf 78' lang='grc' dir='ltr'>ὴ</span> <span class='ocrx_word' id='word_1_699' title='bbox 1220 4689 1449 4743; x_wconf 83' lang='grc' dir='ltr'><strong>διάνοια.</strong></span> <span class='ocrx_word' id='word_1_700' title='bbox 1512 4688 1766 4754; x_wconf 74' lang='grc' dir='ltr'><strong>Ἕλαϐες</strong></span> 
     </span>
    </p>
   </div>
   <div class='ocr_carea' id='block_1_96' title="bbox 1880 4678 3448 4762">
    <p class='ocr_par' dir='ltr' id='par_1_96' title="bbox 1880 4678 3448 4748">
     <span class='ocr_line' id='line_1_96' title="bbox 1880 4678 3448 4748; baseline 0.001 -16"><span class='ocrx_word' id='word_1_701' title='bbox 1880 4678 2153 4748; x_wconf 80' lang='lat' dir='ltr'><strong>perbaton,</strong></span> <span class='ocrx_word' id='word_1_702' title='bbox 2172 4678 2286 4732; x_wconf 88' lang='lat' dir='ltr'><strong>sive</strong></span> <span class='ocrx_word' id='word_1_703' title='bbox 2314 4678 2804 4747; x_wconf 82' lang='lat' dir='ltr'><strong>transgressionem</strong></span> <span class='ocrx_word' id='word_1_704' title='bbox 2826 4679 3115 4734; x_wconf 86' lang='lat' dir='ltr'><strong>verborum</strong></span> <span class='ocrx_word' id='word_1_705' title='bbox 3142 4680 3448 4748; x_wconf 80' lang='lat' dir='ltr'><strong>intelligen—</strong></span> 
     </span>
    </p>
   </div>
   <div class='ocr_carea' id='block_1_97' title="bbox 177 4768 1766 4854">
    <p class='ocr_par' dir='ltr' id='par_1_97' title="bbox 177 4780 1766 4854">
     <span class='ocr_line' id='line_1_97' title="bbox 177 4780 1766 4854; baseline -0.003 -15"><span class='ocrx_word' id='word_1_706' title='bbox 177 4783 408 4854; x_wconf 73' lang='grc' dir='ltr'><strong>δόματα</strong></span> <span class='ocrx_word' id='word_1_707' title='bbox 448 4785 519 4838; x_wconf 82' lang='grc' dir='ltr'><strong>ἐν</strong></span> <span class='ocrx_word' id='word_1_708' title='bbox 546 4784 912 4854; x_wconf 78' lang='grc' dir='ltr'><strong>ἀνθρώποις,</strong></span> <span class='ocrx_word' id='word_1_709' title='bbox 944 4783 1086 4838; x_wconf 85' lang='grc' dir='ltr'><strong>ὥστε</strong></span> <span class='ocrx_word' id='word_1_710' title='bbox 1122 4780 1544 4854; x_wconf 87' lang='grc' dir='ltr'><strong>κατασκηνῶσαι</strong></span> <span class='ocrx_word' id='word_1_711' title='bbox 1581 4782 1638 4834; x_wconf 82' lang='grc' dir='ltr'><strong>ὲν</strong></span> <span class='ocrx_word' id='word_1_712' title='bbox 1669 4782 1766 4835; x_wconf 86' lang='grc' dir='ltr'><strong>αὐ-</strong></span> 
     </span>
    </p>
   </div>
   <div class='ocr_carea' id='block_1_98' title="bbox 1880 4768 3446 4854">
    <p class='ocr_par' dir='ltr' id='par_1_98' title="bbox 1880 4768 3446 4838">
     <span class='ocr_line' id='line_1_98' title="bbox 1880 4768 3446 4838; baseline 0.003 -14"><span class='ocrx_word' id='word_1_713' title='bbox 1880 4772 2025 4825; x_wconf 84' lang='lat' dir='ltr'><strong>dum.</strong></span> <span class='ocrx_word' id='word_1_714' title='bbox 2065 4769 2317 4838; x_wconf 75' lang='lat' dir='ltr'><strong>Accepisti</strong></span> <span class='ocrx_word' id='word_1_715' title='bbox 2349 4768 2492 4822; x_wconf 89' lang='lat' dir='ltr'><strong>dona</strong></span> <span class='ocrx_word' id='word_1_716' title='bbox 2533 4770 2590 4821; x_wconf 87' lang='lat' dir='ltr'><strong>in</strong></span> <span class='ocrx_word' id='word_1_717' title='bbox 2630 4768 2950 4835; x_wconf 85' lang='lat' dir='ltr'><strong>hominibus,</strong></span> <span class='ocrx_word' id='word_1_718' title='bbox 2979 4770 3050 4824; x_wconf 86' lang='lat' dir='ltr'><strong>ita</strong></span> <span class='ocrx_word' id='word_1_719' title='bbox 3086 4779 3146 4823; x_wconf 88' lang='lat' dir='ltr'><strong>ut</strong></span> <span class='ocrx_word' id='word_1_720' title='bbox 3174 4770 3446 4828; x_wconf 75' lang='lat' dir='ltr'><strong>inhabiles</strong></span> 
     </span>
    </p>
   </div>
   <div class='ocr_carea' id='block_1_99' title="bbox 176 4858 1766 4948">
    <p class='ocr_par' dir='ltr' id='par_1_99' title="bbox 176 4865 1766 4948">
     <span class='ocr_line' id='line_1_99' title="bbox 176 4865 1766 4948; baseline -0.003 -17"><span class='ocrx_word' id='word_1_721' title='bbox 176 4881 311 4941; x_wconf 83' lang='grc' dir='ltr'><strong>τοῖς,</strong></span> <span class='ocrx_word' id='word_1_722' title='bbox 339 4876 581 4947; x_wconf 84' lang='grc' dir='ltr'><strong>δηλονότι</strong></span> <span class='ocrx_word' id='word_1_723' title='bbox 613 4879 725 4940; x_wconf 86' lang='grc' dir='ltr'><strong>τοῖς</strong></span> <span class='ocrx_word' id='word_1_724' title='bbox 750 4875 1067 4948; x_wconf 85' lang='grc' dir='ltr'><strong>διδομένοις.</strong></span> <span class='ocrx_word' id='word_1_725' title='bbox 1103 4876 1266 4929; x_wconf 75' lang='grc' dir='ltr'><strong>Αὐτοὶ</strong></span> <span class='ocrx_word' id='word_1_726' title='bbox 1297 4875 1356 4930; x_wconf 84' lang='grc' dir='ltr'><strong>δὲ</strong></span> <span class='ocrx_word' id='word_1_727' title='bbox 1376 4865 1545 4936; x_wconf 72' lang='grc' dir='ltr'><strong>οὗτοι,</strong></span> <span class='ocrx_word' id='word_1_728' title='bbox 1580 4873 1766 4943; x_wconf 79' lang='grc' dir='ltr'><strong>φησὶν,</strong></span> 
     </span>
    </p>
   </div>
   <div class='ocr_carea' id='block_1_100' title="bbox 1880 4858 3446 4948">
    <p class='ocr_par' dir='ltr' id='par_1_100' title="bbox 1880 4858 3446 4933">
     <span class='ocr_line' id='line_1_100' title="bbox 1880 4858 3446 4933; baseline 0 -16"><span class='ocrx_word' id='word_1_729' title='bbox 1880 4863 1929 4917; x_wconf 90' lang='lat' dir='ltr'><strong>in</strong></span> <span class='ocrx_word' id='word_1_730' title='bbox 1955 4861 2058 4927; x_wconf 89' lang='lat' dir='ltr'><strong>eis,</strong></span> <span class='ocrx_word' id='word_1_731' title='bbox 2082 4860 2330 4915; x_wconf 83' lang='lat' dir='ltr'><strong>videlicet</strong></span> <span class='ocrx_word' id='word_1_732' title='bbox 2375 4858 2427 4913; x_wconf 90' lang='lat' dir='ltr'><strong>in</strong></span> <span class='ocrx_word' id='word_1_733' title='bbox 2458 4858 2540 4914; x_wconf 88' lang='lat' dir='ltr'><strong>eis</strong></span> <span class='ocrx_word' id='word_1_734' title='bbox 2570 4860 2664 4929; x_wconf 93' lang='lat' dir='ltr'><strong>qui</strong></span> <span class='ocrx_word' id='word_1_735' title='bbox 2691 4858 2807 4913; x_wconf 88' lang='lat' dir='ltr'><strong>dati</strong></span> <span class='ocrx_word' id='word_1_736' title='bbox 2846 4872 2994 4915; x_wconf 90' lang='lat' dir='ltr'><strong>sunt.</strong></span> <span class='ocrx_word' id='word_1_737' title='bbox 3028 4861 3068 4916; x_wconf 92' lang='lat' dir='ltr'><strong>li</strong></span> <span class='ocrx_word' id='word_1_738' title='bbox 3108 4871 3289 4917; x_wconf 88' lang='lat' dir='ltr'><strong>autem</strong></span> <span class='ocrx_word' id='word_1_739' title='bbox 3320 4863 3446 4933; x_wconf 80' lang='lat' dir='ltr'><strong>ipsi,</strong></span> 
     </span>
    </p>
   </div>
   <div class='ocr_carea' id='block_1_101' title="bbox 178 4950 1766 5038">
    <p class='ocr_par' dir='ltr' id='par_1_101' title="bbox 178 4962 1766 5038">
     <span class='ocr_line' id='line_1_101' title="bbox 178 4962 1766 5038; baseline -0.004 -16"><span class='ocrx_word' id='word_1_740' title='bbox 178 4968 274 5031; x_wconf 82' lang='grc' dir='ltr'><strong>οὓς</strong></span> <span class='ocrx_word' id='word_1_741' title='bbox 298 4967 496 5032; x_wconf 69' lang='grc' dir='ltr'><strong>ἔλαϐες</strong></span> <span class='ocrx_word' id='word_1_742' title='bbox 513 5008 528 5032; x_wconf 90' lang='grc'><strong>,</strong></span> <span class='ocrx_word' id='word_1_743' title='bbox 564 4967 730 5021; x_wconf 83' lang='grc' dir='ltr'><strong>πάλαι</strong></span> <span class='ocrx_word' id='word_1_744' title='bbox 765 4962 904 5038; x_wconf 79' lang='grc' dir='ltr'><strong>ἦσαν</strong></span> <span class='ocrx_word' id='word_1_745' title='bbox 928 4966 1192 5029; x_wconf 85' lang='grc' dir='ltr'><strong>ἀπειθεῖς.</strong></span> <span class='ocrx_word' id='word_1_746' title='bbox 1221 4963 1388 5035; x_wconf 81' lang='grc' dir='ltr'><strong>Δῆλον</strong></span> <span class='ocrx_word' id='word_1_747' title='bbox 1413 4962 1468 5016; x_wconf 71' lang='grc' dir='ltr'><strong>δὲ</strong></span> <span class='ocrx_word' id='word_1_748' title='bbox 1484 5003 1500 5029; x_wconf 90' lang='grc'><strong>,</strong></span> <span class='ocrx_word' id='word_1_749' title='bbox 1526 4964 1607 5016; x_wconf 82' lang='grc' dir='ltr'><strong>ὅτι</strong></span> <span class='ocrx_word' id='word_1_750' title='bbox 1630 5002 1645 5029; x_wconf 90' lang='grc'><strong>,</strong></span> <span class='ocrx_word' id='word_1_751' title='bbox 1677 4963 1766 5016; x_wconf 82' lang='grc' dir='ltr'><strong>ὅτε</strong></span> 
     </span>
    </p>
   </div>
   <div class='ocr_carea' id='block_1_102' title="bbox 1880 4950 3449 5038">
    <p class='ocr_par' dir='ltr' id='par_1_102' title="bbox 1880 4950 3449 5027">
     <span class='ocr_line' id='line_1_102' title="bbox 1880 4950 3449 5027; baseline 0.001 -19"><span class='ocrx_word' id='word_1_752' title='bbox 1880 4954 1970 5019; x_wconf 88' lang='lat' dir='ltr'><strong>ait,</strong></span> <span class='ocrx_word' id='word_1_753' title='bbox 2002 4968 2142 5023; x_wconf 87' lang='lat' dir='ltr'><strong>quos</strong></span> <span class='ocrx_word' id='word_1_754' title='bbox 2190 4950 2470 5020; x_wconf 80' lang='lat' dir='ltr'><strong>accepisti,</strong></span> <span class='ocrx_word' id='word_1_755' title='bbox 2502 4952 2633 5005; x_wconf 90' lang='lat' dir='ltr'><strong>olim</strong></span> <span class='ocrx_word' id='word_1_756' title='bbox 2670 4966 2777 5007; x_wconf 92' lang='lat' dir='ltr'><strong>non</strong></span> <span class='ocrx_word' id='word_1_757' title='bbox 2818 4953 3101 5008; x_wconf 87' lang='lat' dir='ltr'><strong>credentes</strong></span> <span class='ocrx_word' id='word_1_758' title='bbox 3125 4967 3282 5011; x_wconf 86' lang='lat' dir='ltr'><strong>erant</strong></span> <span class='ocrx_word' id='word_1_759' title='bbox 3307 4973 3321 5010; x_wconf 92' lang='lat'><strong>:</strong></span> <span class='ocrx_word' id='word_1_760' title='bbox 3350 4971 3449 5027; x_wconf 87' lang='lat' dir='ltr'><strong>pa-</strong></span> 
     </span>
    </p>
   </div>
   <div class='ocr_carea' id='block_1_103' title="bbox 164 5043 1766 5132">
    <p class='ocr_par' dir='ltr' id='par_1_103' title="bbox 164 5055 1391 5132">
     <span class='ocr_line' id='line_1_103' title="bbox 164 5055 1391 5132; baseline -0.003 -20"><span class='ocrx_word' id='word_1_761' title='bbox 164 5062 246 5132; x_wconf 70' lang='grc' dir='ltr'><strong>-τῇ</strong></span> <span class='ocrx_word' id='word_1_762' title='bbox 274 5058 452 5113; x_wconf 81' lang='grc' dir='ltr'><strong>κτίσει</strong></span> <span class='ocrx_word' id='word_1_763' title='bbox 485 5058 637 5129; x_wconf 76' lang='grc' dir='ltr'><strong>παρὰ</strong></span> <span class='ocrx_word' id='word_1_764' title='bbox 665 5058 760 5111; x_wconf 80' lang='grc' dir='ltr'><strong>τὸν</strong></span> <span class='ocrx_word' id='word_1_765' title='bbox 792 5056 1055 5111; x_wconf 83' lang='grc' dir='ltr'><strong>κτίσαντα</strong></span> <span class='ocrx_word' id='word_1_766' title='bbox 1078 5055 1391 5127; x_wconf 79' lang='grc' dir='ltr'><strong>ὲλάτρευον.</strong></span> 
     </span>
    </p>
   </div>
   <div class='ocr_carea' id='block_1_104' title="bbox 1880 5043 3447 5132">
    <p class='ocr_par' dir='ltr' id='par_1_104' title="bbox 1880 5043 3447 5115">
     <span class='ocr_line' id='line_1_104' title="bbox 1880 5043 3447 5115; baseline 0.003 -16"><span class='ocrx_word' id='word_1_767' title='bbox 1880 5047 1983 5100; x_wconf 86' lang='lat' dir='ltr'><strong>lam</strong></span> <span class='ocrx_word' id='word_1_768' title='bbox 2016 5053 2197 5099; x_wconf 86' lang='lat' dir='ltr'><strong>autem</strong></span> <span class='ocrx_word' id='word_1_769' title='bbox 2226 5053 2310 5098; x_wconf 90' lang='lat' dir='ltr'><strong>est</strong></span> <span class='ocrx_word' id='word_1_770' title='bbox 2350 5043 2405 5097; x_wconf 90' lang='lat' dir='ltr'><strong>id</strong></span> <span class='ocrx_word' id='word_1_771' title='bbox 2438 5051 2553 5098; x_wconf 85' lang='lat' dir='ltr'><strong>tum</strong></span> <span class='ocrx_word' id='word_1_772' title='bbox 2591 5045 2858 5110; x_wconf 88' lang='lat' dir='ltr'><strong>evenisse,</strong></span> <span class='ocrx_word' id='word_1_773' title='bbox 2891 5046 3110 5115; x_wconf 88' lang='lat' dir='ltr'><strong>quando</strong></span> <span class='ocrx_word' id='word_1_774' title='bbox 3139 5053 3447 5103; x_wconf 84' lang='lat' dir='ltr'><strong>creaturam</strong></span> 
     </span>
    </p>
   </div>
   <div class='ocr_carea' id='block_1_105' title="bbox 1876 5133 2953 5206">
    <p class='ocr_par' dir='ltr' id='par_1_105' title="bbox 1876 5133 2953 5206">
     <span class='ocr_line' id='line_1_105' title="bbox 1876 5133 2953 5206; baseline -0.002 -14"><span class='ocrx_word' id='word_1_775' title='bbox 1876 5136 2057 5206; x_wconf 86' lang='lat' dir='ltr'><strong>potius</strong></span> <span class='ocrx_word' id='word_1_776' title='bbox 2084 5150 2247 5206; x_wconf 86' lang='lat' dir='ltr'><strong>quam</strong></span> <span class='ocrx_word' id='word_1_777' title='bbox 2276 5133 2588 5189; x_wconf 87' lang='lat' dir='ltr'><strong>Creatorem</strong></span> <span class='ocrx_word' id='word_1_778' title='bbox 2619 5135 2868 5190; x_wconf 87' lang='lat' dir='ltr'><strong>colebant</strong></span> <span class='ocrx_word' id='word_1_779' title='bbox 2889 5138 2953 5190; x_wconf 84' lang='grc'><strong>³³.</strong></span> 
     </span>
    </p>
   </div>
   <div class='ocr_carea' id='block_1_106' title="bbox 1956 5226 3448 5294">
    <p class='ocr_par' dir='ltr' id='par_1_106' title="bbox 1956 5226 3448 5294">
     <span class='ocr_line' id='line_1_106' title="bbox 1956 5226 3448 5294; baseline 0.001 -12"><span class='ocrx_word' id='word_1_780' title='bbox 1956 5228 2209 5282; x_wconf 85' lang='lat' dir='ltr'><strong>Dominus</strong></span> <span class='ocrx_word' id='word_1_781' title='bbox 2245 5226 2384 5281; x_wconf 85' lang='lat' dir='ltr'><strong>Deus</strong></span> <span class='ocrx_word' id='word_1_782' title='bbox 2412 5226 2732 5294; x_wconf 83' lang='lat' dir='ltr'><strong>benedictus,</strong></span> <span class='ocrx_word' id='word_1_783' title='bbox 2768 5228 3065 5283; x_wconf 84' lang='lat' dir='ltr'><strong>benedictus</strong></span> <span class='ocrx_word' id='word_1_784' title='bbox 3089 5227 3338 5283; x_wconf 82' lang='lat' dir='ltr'><strong>Dominus</strong></span> <span class='ocrx_word' id='word_1_785' title='bbox 3362 5229 3448 5284; x_wconf 87' lang='lat' dir='ltr'><strong>die</strong></span> 
     </span>
    </p>
   </div>
   <div class='ocr_carea' id='block_1_107' title="bbox 1876 5310 3451 5392">
    <p class='ocr_par' dir='ltr' id='par_1_107' title="bbox 1876 5310 3451 5392">
     <span class='ocr_line' id='line_1_107' title="bbox 1876 5310 3451 5392; baseline 0.002 -18"><span class='ocrx_word' id='word_1_786' title='bbox 1876 5310 2131 5392; x_wconf 82' lang='lat' dir='ltr'><strong>quotidie.</strong></span> <span class='ocrx_word' id='word_1_787' title='bbox 2174 5319 2259 5375; x_wconf 89' lang='lat' dir='ltr'><strong>0b</strong></span> <span class='ocrx_word' id='word_1_788' title='bbox 2295 5335 2411 5375; x_wconf 89' lang='lat' dir='ltr'><strong>rem</strong></span> <span class='ocrx_word' id='word_1_789' title='bbox 2454 5321 2713 5389; x_wconf 62' lang='lat' dir='ltr'><strong>praeclare</strong></span> <span class='ocrx_word' id='word_1_790' title='bbox 2750 5332 2957 5391; x_wconf 87' lang='lat' dir='ltr'><strong>gestam</strong></span> <span class='ocrx_word' id='word_1_791' title='bbox 2986 5324 3244 5392; x_wconf 84' lang='lat' dir='ltr'><strong>hymnum</strong></span> <span class='ocrx_word' id='word_1_792' title='bbox 3292 5322 3451 5377; x_wconf 72' lang='lat' dir='ltr'><strong>oﬂ‘ert</strong></span> 
     </span>
    </p>
   </div>
   <div class='ocr_carea' id='block_1_108' title="bbox 1880 5412 3450 5483">
    <p class='ocr_par' dir='ltr' id='par_1_108' title="bbox 1880 5412 3450 5483">
     <span class='ocr_line' id='line_1_108' title="bbox 1880 5412 3450 5483; baseline -0.003 -14"><span class='ocrx_word' id='word_1_793' title='bbox 1880 5415 1990 5469; x_wconf 89' lang='lat' dir='ltr'><strong>Deo</strong></span> <span class='ocrx_word' id='word_1_794' title='bbox 2016 5413 2238 5479; x_wconf 87' lang='lat' dir='ltr'><strong>chorus,</strong></span> <span class='ocrx_word' id='word_1_795' title='bbox 2270 5421 2330 5466; x_wconf 90' lang='lat' dir='ltr'><strong>ut</strong></span> <span class='ocrx_word' id='word_1_796' title='bbox 2363 5413 2538 5483; x_wconf 89' lang='lat' dir='ltr'><strong>palam</strong></span> <span class='ocrx_word' id='word_1_797' title='bbox 2567 5420 2670 5478; x_wconf 88' lang='lat' dir='ltr'><strong>est,</strong></span> <span class='ocrx_word' id='word_1_798' title='bbox 2699 5414 3090 5481; x_wconf 89' lang='lat' dir='ltr'><strong>apostolorum.</strong></span> <span class='ocrx_word' id='word_1_799' title='bbox 3126 5412 3450 5481; x_wconf 86' lang='lat' dir='ltr'><strong>Prosperum</strong></span> 
     </span>
    </p>
   </div>
   <div class='ocr_carea' id='block_1_109' title="bbox 1878 5503 3451 5574">
    <p class='ocr_par' dir='ltr' id='par_1_109' title="bbox 1878 5503 3451 5574">
     <span class='ocr_line' id='line_1_109' title="bbox 1878 5503 3451 5574; baseline -0.002 -15"><span class='ocrx_word' id='word_1_800' title='bbox 1878 5507 1979 5559; x_wconf 87' lang='lat' dir='ltr'><strong>iter</strong></span> <span class='ocrx_word' id='word_1_801' title='bbox 2033 5504 2191 5574; x_wconf 77' lang='lat' dir='ltr'><strong>faciet</strong></span> <span class='ocrx_word' id='word_1_802' title='bbox 2236 5503 2384 5557; x_wconf 78' lang='lat' dir='ltr'><strong>nobis</strong></span> <span class='ocrx_word' id='word_1_803' title='bbox 2438 5504 2577 5557; x_wconf 86' lang='lat' dir='ltr'><strong>Deus</strong></span> <span class='ocrx_word' id='word_1_804' title='bbox 2613 5504 2934 5559; x_wconf 72' lang='lat' dir='ltr'><strong>salutarium</strong></span> <span class='ocrx_word' id='word_1_805' title='bbox 2977 5514 3295 5562; x_wconf 77' lang='lat' dir='ltr'><strong>nostrorum.</strong></span> <span class='ocrx_word' id='word_1_806' title='bbox 3346 5504 3451 5566; x_wconf 85' lang='lat' dir='ltr'><strong>Tu,</strong></span> 
     </span>
    </p>
   </div>
   <div class='ocr_carea' id='block_1_110' title="bbox 249 5230 1768 5306">
    <p class='ocr_par' dir='ltr' id='par_1_110' title="bbox 249 5230 1768 5306">
     <span class='ocr_line' id='line_1_110' title="bbox 249 5230 1768 5306; baseline -0.007 -14"><span class='ocrx_word' id='word_1_807' title='bbox 249 5238 466 5306; x_wconf 77' lang='grc' dir='ltr'><strong>Κύριος</strong></span> <span class='ocrx_word' id='word_1_808' title='bbox 493 5240 527 5290; x_wconf 83' lang='grc' dir='ltr'><em>ὁ</em></span> <span class='ocrx_word' id='word_1_809' title='bbox 579 5236 727 5301; x_wconf 81' lang='grc' dir='ltr'><strong>Θεὸς</strong></span> <span class='ocrx_word' id='word_1_810' title='bbox 774 5233 1105 5304; x_wconf 77' lang='grc' dir='ltr'><strong>εὐλογητὸς</strong></span> <span class='ocrx_word' id='word_1_811' title='bbox 1130 5272 1144 5297; x_wconf 95' lang='grc'><strong>,</strong></span> <span class='ocrx_word' id='word_1_812' title='bbox 1178 5230 1511 5301; x_wconf 74' lang='grc' dir='ltr'><strong>εὐλογητὸς</strong></span> <span class='ocrx_word' id='word_1_813' title='bbox 1555 5230 1768 5299; x_wconf 84' lang='grc' dir='ltr'><strong>Κύριος</strong></span> 
     </span>
    </p>
   </div>
   <div class='ocr_carea' id='block_1_111' title="bbox 179 5320 1769 5398">
    <p class='ocr_par' dir='ltr' id='par_1_111' title="bbox 179 5320 1769 5398">
     <span class='ocr_line' id='line_1_111' title="bbox 179 5320 1769 5398; baseline -0.016 0"><span class='ocrx_word' id='word_1_814' title='bbox 179 5328 411 5398; x_wconf 75' lang='grc' dir='ltr'><strong>ἡμέραν</strong></span> <span class='ocrx_word' id='word_1_815' title='bbox 448 5330 576 5383; x_wconf 63' lang='grc' dir='ltr'><strong>καθ’</strong></span> <span class='ocrx_word' id='word_1_816' title='bbox 608 5327 861 5397; x_wconf 69' lang='grc' dir='ltr'><strong>ἡμέραν.</strong></span> <span class='ocrx_word' id='word_1_817' title='bbox 934 5327 1059 5380; x_wconf 78' lang='grc' dir='ltr'><strong>Ἐπὶ</strong></span> <span class='ocrx_word' id='word_1_818' title='bbox 1114 5323 1337 5396; x_wconf 83' lang='grc' dir='ltr'><strong>μεγάλῳ</strong></span> <span class='ocrx_word' id='word_1_819' title='bbox 1383 5320 1769 5393; x_wconf 84' lang='grc' dir='ltr'><strong>κατορθώματι</strong></span> 
     </span>
    </p>
   </div>
   <div class='ocr_carea' id='block_1_112' title="bbox 180 5412 1771 5491">
    <p class='ocr_par' dir='ltr' id='par_1_112' title="bbox 180 5412 1771 5491">
     <span class='ocr_line' id='line_1_112' title="bbox 180 5412 1771 5491; baseline -0.006 -17"><span class='ocrx_word' id='word_1_820' title='bbox 180 5420 352 5489; x_wconf 75' lang='grc' dir='ltr'><strong>ὕμνον</strong></span> <span class='ocrx_word' id='word_1_821' title='bbox 383 5420 698 5489; x_wconf 62' lang='grc' dir='ltr'><strong>ἀναπέμπει</strong></span> <span class='ocrx_word' id='word_1_822' title='bbox 729 5418 822 5489; x_wconf 66' lang='grc' dir='ltr'><strong>τῷ</strong></span> <span class='ocrx_word' id='word_1_823' title='bbox 858 5418 976 5491; x_wconf 78' lang='grc' dir='ltr'><strong>Θεῷ</strong></span> <span class='ocrx_word' id='word_1_824' title='bbox 998 5458 1013 5481; x_wconf 93' lang='grc'><strong>,</strong></span> <span class='ocrx_word' id='word_1_825' title='bbox 1053 5420 1083 5470; x_wconf 89' lang='lat'><strong>6</strong></span> <span class='ocrx_word' id='word_1_826' title='bbox 1114 5416 1278 5489; x_wconf 81' lang='grc' dir='ltr'><strong>χορὸς</strong></span> <span class='ocrx_word' id='word_1_827' title='bbox 1305 5417 1365 5470; x_wconf 66' lang='grc' dir='ltr'><strong>δὲ</strong></span> <span class='ocrx_word' id='word_1_828' title='bbox 1392 5414 1633 5486; x_wconf 86' lang='grc' dir='ltr'><strong>δηλονότι</strong></span> <span class='ocrx_word' id='word_1_829' title='bbox 1661 5412 1771 5466; x_wconf 86' lang='grc' dir='ltr'><strong>τῶν</strong></span> 
     </span>
    </p>
   </div>
   <div class='ocr_carea' id='block_1_113' title="bbox 177 5508 1772 5578">
    <p class='ocr_par' dir='ltr' id='par_1_113' title="bbox 177 5508 1772 5578">
     <span class='ocr_line' id='line_1_113' title="bbox 177 5508 1772 5578; baseline -0.004 -14"><span class='ocrx_word' id='word_1_830' title='bbox 177 5512 496 5565; x_wconf 70' lang='grc' dir='ltr'><strong>ἀποστόλων</strong></span> <span class='ocrx_word' id='word_1_831' title='bbox 563 5508 974 5566; x_wconf 82' lang='grc' dir='ltr'><strong>Κατευοδώσει</strong></span> <span class='ocrx_word' id='word_1_832' title='bbox 1004 5508 1153 5578; x_wconf 78' lang='grc' dir='ltr'><strong>ἡμῖν</strong></span> <span class='ocrx_word' id='word_1_833' title='bbox 1182 5511 1216 5562; x_wconf 82' lang='grc' dir='ltr'><em>ὁ</em></span> <span class='ocrx_word' id='word_1_834' title='bbox 1256 5508 1401 5573; x_wconf 77' lang='grc' dir='ltr'><strong>Θεὸς</strong></span> <span class='ocrx_word' id='word_1_835' title='bbox 1430 5508 1549 5560; x_wconf 87' lang='grc' dir='ltr'><strong>τῶν</strong></span> <span class='ocrx_word' id='word_1_836' title='bbox 1577 5519 1772 5576; x_wconf 86' lang='grc' dir='ltr'><strong>σωτη-</strong></span> 
     </span>
    </p>
   </div>
   <div class='ocr_carea' id='block_1_114' title="bbox 110 5586 1766 5755">
    <p class='ocr_par' dir='ltr' id='par_1_114' title="bbox 110 5586 1741 5755">
     <span class='ocr_line' id='line_1_114' title="bbox 110 5586 1741 5691; baseline 0.008 -13"><span class='ocrx_word' id='word_1_837' title='bbox 110 5602 115 5607; x_wconf 46' lang='grc'><strong>’</strong></span> <span class='ocrx_word' id='word_1_838' title='bbox 252 5631 295 5660; x_wconf 77' lang='grc'><strong>’⁷</strong></span> <span class='ocrx_word' id='word_1_839' title='bbox 324 5628 345 5683; x_wconf 94' lang='grc' dir='ltr'><strong>ι</strong></span> <span class='ocrx_word' id='word_1_840' title='bbox 370 5626 499 5683; x_wconf 87' lang='lat' dir='ltr'><strong>Cor.</strong></span> <span class='ocrx_word' id='word_1_841' title='bbox 538 5644 619 5690; x_wconf 83' lang='lat' dir='ltr'><strong>Ill,</strong></span> <span class='ocrx_word' id='word_1_842' title='bbox 651 5626 705 5682; x_wconf 75' lang='grc'><strong>2.</strong></span> <span class='ocrx_word' id='word_1_843' title='bbox 773 5627 818 5658; x_wconf 80' lang='grc'><strong>⁸⁸</strong></span> <span class='ocrx_word' id='word_1_844' title='bbox 848 5586 1206 5691; x_wconf 47' lang='grc' dir='ltr'><strong>θεειοῦται,</strong></span> <span class='ocrx_word' id='word_1_845' title='bbox 1235 5622 1320 5682; x_wconf 74' lang='grc' dir='ltr'><strong>Η.</strong></span> <span class='ocrx_word' id='word_1_846' title='bbox 1404 5625 1447 5658; x_wconf 79' lang='grc'><strong>⁸³</strong></span> <span class='ocrx_word' id='word_1_847' title='bbox 1479 5623 1613 5679; x_wconf 79' lang='lat' dir='ltr'><strong>Dan-</strong></span> <span class='ocrx_word' id='word_1_848' title='bbox 1647 5640 1741 5691; x_wconf 72' lang='grc' dir='ltr'><strong>νη»</strong></span> 
     </span>
     <span class='ocr_line' id='line_1_115' title="bbox 184 5697 614 5755; baseline 0.012 -2"><span class='ocrx_word' id='word_1_849' title='bbox 184 5700 227 5735; x_wconf 83' lang='grc'><strong>⁸³</strong></span> <span class='ocrx_word' id='word_1_850' title='bbox 254 5699 419 5755; x_wconf 72' lang='lat' dir='ltr'><strong>Rem.</strong></span> <span class='ocrx_word' id='word_1_851' title='bbox 456 5712 495 5755; x_wconf 87' lang='lat' dir='ltr'><strong>I.</strong></span> <span class='ocrx_word' id='word_1_852' title='bbox 521 5697 614 5752; x_wconf 63' lang='lat' dir='ltr'><strong>25o</strong></span> 
     </span>
    </p>
   </div>
   <div class='ocr_carea' id='block_1_115' title="bbox 1880 5586 3449 5755">
    <p class='ocr_par' dir='ltr' id='par_1_115' title="bbox 1952 5613 3449 5691">
     <span class='ocr_line' id='line_1_116' title="bbox 1952 5613 3449 5691; baseline -0.005 -14"><span class='ocrx_word' id='word_1_853' title='bbox 1952 5624 1995 5655; x_wconf 80' lang='lat'><strong>&#39;°</strong></span> <span class='ocrx_word' id='word_1_854' title='bbox 2017 5619 2219 5691; x_wconf 85' lang='lat' dir='ltr'><strong>Ephes.</strong></span> <span class='ocrx_word' id='word_1_855' title='bbox 2255 5636 2327 5685; x_wconf 86' lang='lat' dir='ltr'><strong>tv,</strong></span> <span class='ocrx_word' id='word_1_856' title='bbox 2357 5619 2409 5673; x_wconf 91' lang='lat'><strong>8.</strong></span> <span class='ocrx_word' id='word_1_857' title='bbox 2498 5618 2540 5650; x_wconf 83' lang='grc'><strong>⁸¹</strong></span> <span class='ocrx_word' id='word_1_858' title='bbox 2570 5617 2728 5674; x_wconf 81' lang='lat' dir='ltr'><strong>Joan.</strong></span> <span class='ocrx_word' id='word_1_859' title='bbox 2757 5636 2871 5686; x_wconf 77' lang='lat' dir='ltr'><strong>xm,</strong></span> <span class='ocrx_word' id='word_1_860' title='bbox 2902 5619 2989 5674; x_wconf 70' lang='lat'><strong>32.</strong></span> <span class='ocrx_word' id='word_1_861' title='bbox 3074 5618 3121 5651; x_wconf 76' lang='lat'><strong>&quot;</strong></span> <span class='ocrx_word' id='word_1_862' title='bbox 3148 5618 3289 5674; x_wconf 85' lang='lat' dir='ltr'><strong>Psal.</strong></span> <span class='ocrx_word' id='word_1_863' title='bbox 3312 5631 3373 5682; x_wconf 84' lang='lat' dir='ltr'><strong>tt,</strong></span> <span class='ocrx_word' id='word_1_864' title='bbox 3396 5613 3449 5671; x_wconf 85' lang='lat'><strong>8.</strong></span> 
     </span>
    </p>
   </div>
   <div class='ocr_carea' id='block_1_116' title="bbox 307 5712 614 5757">
    <p class='ocr_par' dir='ltr' id='par_1_116' title="bbox 307 5712 614 5757">
     <span class='ocr_line' id='line_1_117' title="bbox 307 5712 614 5757; baseline -0.007 -3"><span class='ocrx_word' id='word_1_865' title='bbox 307 5714 419 5757; x_wconf 77' lang='grc' dir='ltr'><strong>θω.</strong></span> <span class='ocrx_word' id='word_1_866' title='bbox 456 5712 495 5757; x_wconf 84' lang='grc'><strong>1.</strong></span> <span class='ocrx_word' id='word_1_867' title='bbox 521 5712 614 5752; x_wconf 70' lang='grc'><strong>25.</strong></span> 
     </span>
    </p>
   </div>
   <div class='ocr_carea' id='block_1_117' title="bbox 481 5738 3174 5858">
    <p class='ocr_par' dir='ltr' id='par_1_117' title="bbox 481 5738 3174 5858">
     <span class='ocr_line' id='line_1_118' title="bbox 481 5738 3174 5858; baseline -0.003 -9"><span class='ocrx_word' id='word_1_868' title='bbox 481 5738 495 5764; x_wconf 39' lang='grc' dir='ltr'><strong><em>ν</em></strong></span> <span class='ocrx_word' id='word_1_869' title='bbox 525 5738 901 5858; x_wconf 48' lang='grc' dir='ltr'><strong>’Ἥβη-ποι..</strong></span> <span class='ocrx_word' id='word_1_870' title='bbox 935 5787 1055 5850; x_wconf 78' lang='lat' dir='ltr'><strong>Gn.</strong></span> <span class='ocrx_word' id='word_1_871' title='bbox 1084 5785 1347 5849; x_wconf 78' lang='lat' dir='ltr'><strong>XXVI].</strong></span> <span class='ocrx_word' id='word_1_872' title='bbox 3104 5782 3174 5841; x_wconf 89' lang='lat'><strong>10</strong></span> 
     </span>
    </p>
   </div>
  </div>
