3872 6216
429 273 538 330 299

1272 266 1328 320 5.
1370 261 1744 320 ATHANASII
1779 260 1931 318 OPP.
1974 257 2271 319 PARSJII.
2311 286 2381 299 -—
2416 254 2826 313 EXEGETICA.

3553 248 3662 306 300

429 384 627 457 inquit,
666 381 912 447 Domine,
940 379 1151 452 speries
1183 378 1334 434 verbi
1363 377 1610 450 januam,
1635 385 1695 432 ut
1735 377 1820 431 via
1855 391 1988 446 pra»
2020 429 2021 432 η

2116 373 2234 425 ›ίων
2263 371 2448 440 ἡμῶν.
2483 372 2554 424 Σὺ
2579 411 2593 434 ,
2634 370 2797 440 φησιν
2817 408 2832 432 ,
2867 360 2912 420 ὦ
2942 365 3208 428 Δέσποτα,
3233 345 3466 429 ἀνοίξεις
3492 361 3668 433 θύραν

430 475 718 532 dicationis
741 488 998 544 prospera
1022 472 1095 529 sit
1117 470 1294 526 nobis.

498 656 589 710 2i.
635 655 770 709 Deus
809 663 1001 719 noster,
1033 651 1174 706 Deus
1205 651 1378 706 salvos
1411 651 1664 721 faciendi,
1697 662 1748 706 et
1781 651 1993 706 Domini

2091 462 2183 516 τοῦ
2209 463 2386 532 λόγου,
2418 463 2499 524 είς
2525 461 2585 514 τὸ
2613 461 2708 531 τὴν
2729 459 2846 512 ὁδὸν
2865 457 2960 510 τοῦ
2984 455 3341 528 κηρύγματος
3361 455 3669 510 κατευοδω-

2093 555 2251 625 θῆναι
2284 557 2438 626 ἡμῖν.

2181 647 2243 700 '0
2273 647 2416 712 Θεὸς
2447 645 2636 715 ἡμῶν,
2663 647 2694 696 ὁ
2719 642 2861 708 Θεὸς
2896 641 3000 696 τοῦ
3033 640 3260 703 σῶσαι,
3291 638 3390 692 καί
3423 636 3531 691 τοῦ
3563 641 3675 692 Κυι-

431 748 646 802 Domini
677 749 846 801 exitus
898 747 1100 799 mortis.
1146 745 1344 814 Aperte
1385 745 1656 800 conlidere
1695 760 1753 800 se
1793 746 1996 800 indicat

2116 739 2222 791 >ίου
2253 737 2472 804 Κυρίου
2496 739 2554 789 al
2582 733 2835 798 διέξοδοι
2864 731 2968 785 τοῦ
3004 729 3284 787 θανάτου.
3333 729 3541 800 Θαρσεῖ
3580 746 3677 781 σαι

430 857 525 896 eos
550 841 640 910 qui
670 849 885 910 propter
907 837 1342 907 praadicationem
1373 837 1637 905 ad'usque
1659 846 1886 892 mortem
1911 853 1994 892 ac-

429 933 715 998 cesserint,
745 931 1067 984 educturum
1118 944 1178 984 se
1233 943 1516 999 generose.
1549 927 1690 983 Suos
1729 929 1874 982 enim
1921 929 1996 983 ait

429 1040 550 1079 esse
572 1024 749 1078 exitus
776 1021 987 1076 mortis.

503 1115 591 1169 22.
632 1113 996 1168 Verumtamen
1029 1111 1164 1166 Deus
1193 1112 1486 1191 confringet
1532 1113 1709 1182 capita
1748 1113 1991 1166 inimico-

429 1223 546 1258 rum
573 1206 705 1274 ejus,
735 1205 784 1258 id
815 1213 896 1258 est
927 1186 1210 1272 apostolici
1237 1186 1409 1257 chori.
1446 1205 1598 1272 Ipsos
1626 1204 1772 1257 enim
1803 1204 1997 1256 libera-

428 1293 526 1360 bit,
560 1292 1138 1347 iuimicorum'scilicet
1160 1292 1335 1358 capita
1368 1291 1738 1361 confringens.
1764 1292 1996 1345 Assum-

427 1396 581 1456 ptum
627 1394 808 1442 autem
855 1395 937 1442 est
965 1385 1175 1440 dictum
1212 1385 1348 1439 illud
1390 1400 1458 1438 ex
1499 1385 1852 1448 similitudine
1879 1399 1996 1438 ser-

427 1491 670 1551 pentum,
695 1482 788 1552 qui
819 1497 942 1535 cum
967 1479 1362 1534 insurrexerint
1387 1478 1440 1532 in
1464 1478 1721 1546 aliquem,
1744 1477 1799 1529 in
1822 1477 1998 1544 capite

427 1571 673 1640 percussi
709 1571 1000 1624 intereunt.
1043 1569 1285 1638 Respicit
1331 1569 1460 1622 item
1502 1583 1683 1622 sermo
1727 1567 1996 1636 principes

427 1661 637 1715 Judaici
667 1661 870 1730 p0puli.
913 1659 1167 1714 Ve-rticem
1214 1659 1394 1728 capilli
1435 1657 1913 1728 perambulantium
1943 1660 1998 1712 in

428 1753 632 1806 delictis
667 1754 796 1806 suis.
824 1751 1089 1806 Vcrticem
1117 1751 1314 1820 capilli,
1343 1758 1505 1819 caput
1528 1758 1712 1816 vocat;
1739 1751 1813 1803 ait
1835 1764 2012 1819 porro-

429 1860 489 1900 δε
515 1845 689 1913 capita
711 1859 898 1918 eorum
925 1841 1352 1906 confracturum,
1377 1842 1471 1911 qui
1495 1849 1619 1912 post
1639 1849 1860 1913 peccata
1881 1856 1999 1912 pa:-

429 1937 711 1992 nitentiam
746 1950 855 1988 non
883 1935 1116 2005 egerint.

504 2105 592 2160 23.
622 2105 768 2158 Dixit
797 2103 1050 2158 Dominus
1077 2119 1096 2156 :
1129 2102 1212 2156 Ex
1250 2102 1431 2156 Basan
1463 2111 1778 2155 convertam.
1823 2099 1998 2155 Basan

427 2198 733 2269 explicatur
781 2197 1102 2261 amaritudo,
1133 2196 1246 2251 sive
1291 2195 1644 2249 exacerbatio.
1680 2195 1770 2246 Ait
1796 2195 1996 2264 igitur:

428 2303 497 2341 ex
529 2289 693 2342 domo
725 2286 1123 2351 exacerbautis,
1149 2285 1201 2339 id
1230 2293 1313 2339 est
1343 2282 1581 2349 lsraelis,
1608 2293 1897 2337 convertar
1931 2283 2000 2338 ad

430 2378 720 2448 meipsum.
746 2376 1056 2432 Convertam
1074 2377 1130 2428 in
1153 2375 1477 2445 profundum
1495 2376 1678 2429 maris.
1704 2373 1878 2428 Etiam
1904 2387 2001 2428 eos

429 2473 524 2544 qui
557 2473 610 2526 in
640 2471 968 2542 profundum
999 2471 1336 2541 voluptatum
1358 2469 1592 2524 demersi
1615 2468 1850 2532 fuerant,
1869 2483 2002 2522 con—

430 2572 634 2620 vertam
663 2563 729 2618 ad
757 2564 1048 2634 meipsum.

507 2740 600 2797 24.
637 2738 704 2794 Ut
726 2741 1025 2811 intingatur
1044 2721 1128 2808 pes
1156 2745 1275 2790 tuus
1307 2735 1364 2788 in
1394 2734 1666 2803 sanguine.
1701 2731 1868 2786 Docet
1893 2747 2000 2801 qua

436 2836 646 2890 ratione
667 2841 1007 2890 convertant.
1040 2831 1108 2884 Et
1137 2829 1414 2901 quomodo
1445 2834 1780 2893 convertent,
1799 2826 1906 2879 nisi
1935 2825 2003 2878 de

435 2927 613 2984 medio
655 2925 883 2982 sublatis
915 2921 1168 2991 malignis
1213 2917 1619 2990 potestatibus?
1655 2916 2003 2971 Deduxcrunt

435 3020 579 3075 enim
603 3016 922 3086 sanguinem
955 3013 1196 3083 ipsorum
1233 3011 1288 3064 in
1315 3019 1536 3073 terram,
1563 3007 1717 3077 juxta
1746 3007 1899 3060 Isaia
1917 3020 2004 3058 vo-

435 3127 573 3177 cem,
606 3110 681 3165 ita
711 3115 769 3161 ut
810 3121 906 3176 pes
931 3105 1052 3176 ejus
1086 3105 1445 3173 intingeretur
1476 3102 1531 3155 in
1566 3099 1848 3170 sanguine.
1878 3097 2004 3152 “me

432 3209 617 3255 autem
658 3196 903 3252 historia:
936 3209 1088 3248 more
1129 3192 1532 3248 describuntur.
1575 3187 1784 3258 Lingua
1812 3204 2003 3240 canum

436 3300 646 3343 tuorum
676 3302 739 3340 ea:
778 3285 1009 3338 inimicis
1043 3285 1106 3336 ab
1152 3284 1288 3352 ipso.
1322 3280 1500 3336 Canes
1534 3279 1666 3335 dicit
1705 3278 2003 3348 spiritualis

437 3381 596 3436 ovilis
621 3379 895 3443 custodes,
927 3386 1146 3432 sanctos
1181 3374 1587 3445 praedicatores.
1625 3371 1867 3437 Quorum
1901 3371 2005 3423 lin-

437 3486 542 3540 gua
577 3479 786 3523 tantum
827 3484 934 3522 non
978 3467 1226 3537 degustat
1271 3464 1591 3534 sanguinem
1642 3462 2004 3531 spiritualium

438 3563 804 3616 inimicorum.
829 3558 969 3614 Dicit
992 3559 1171 3628 itaque
1191 3557 1559 3627 apostolorum
1587 3571 1774 3609 vocem
1797 3562 2005 3607 tantum

438 3669 549 3708 non
578 3652 695 3708 fore
719 3666 941 3706 causam
969 3650 1159 3704 mortis
1191 3649 1550 3718 malignorum
1581 3647 1912 3701 damnouum.

524 3846 614 3900 25.
662 3843 770 3899 Visi
802 3853 924 3898 sunt
955 3845 1221 3914 ingressus
1257 3845 1356 3909 tui,
1394 3841 1554 3897 Deus.
1599 3845 1886 3911 Ingressus
1914 3841 2008 3896 Dei

439 3937 516 3992 ait
559 3952 647 3991 res
701 3935 756 3988 in
796 3935 1100 3989 (economia
1146 3931 1350 3987 Christi
1383 3943 1604 4002 gestas:
1645 3933 1826 4001 qualia
1857 3940 2005 3995 sunt,

440 4036 626 4100 partus
644 4041 738 4096 per
762 4023 1062 4096 Virginem,
1091 4027 1373 4093 signorum
1403 4025 1794 4093 Operationem,
1815 4038 2008 4078 ascen-

440 4118 648 4173 sionem
678 4116 732 4169 in
767 4129 1006 4176 crucem,
1030 4123 1258 4166 mortem
1289 4127 1410 4182 qua:
1437 4127 1530 4181 per
1553 4112 2012 4181 dispensationem

441 4209 693 4280 contigit,
735 4206 1192 4262 resurrectionem
1234 4221 1265 4260 a
1309 4206 1564 4269 mortuis,
1613 4221 1900 4260 ascensum
1944 4205 2011 4259 ad

441 4307 630 4362 caelos.
657 4301 768 4359 llos
799 4301 1080 4371 ingressus
1109 4296 1433 4352 manifestos
1456 4296 1628 4352 fuisse
1657 4297 1734 4350 ait
1758 4315 1771 4351 :
1804 4295 2014 4366 Ingres-

2095 828 2230 896 φῶς,
2254 828 2334 891 ὡς
2366 827 2460 880 καὶ
2489 827 2648 898 μέχρι
2675 824 2902 878 Θανάτου
2930 822 3178 884 ἐλθόντας
3203 820 3291 874 διὰ
3318 822 3377 874 τὸ
3407 821 3675 891 κήρυγμα.

2093 921 2272 985 ἐξάξει
2305 920 2584 987 γενναίως.
2649 916 2822 970 Αὑτοῦ
2858 915 2967 986 γὰρ
2994 909 3132 967 εἶναί
3172 931 3301 984 φησι
3325 913 3424 976 τὰς
3455 911 3676 976 ἐξόδους

2092 1011 2186 1063 τοῦ
2218 1011 2466 1064 Θανάτου.

2165 1103 2337 1171 Πλὴν
2358 1107 2390 1157 ὁ
2413 1103 2555 1169 Θεὸς
2575 1101 2908 1157 συνθλὰσει
2932 1101 3196 1170 κεφαλὰς
3209 1097 3437 1168 ἐχθρῶν
3450 1097 3641 1152 αὑτοῦ
3654 1112 3672 1127 ⁸

2091 1179 2259 1250 ἀὑτοῦ
2311 1196 2408 1266 μέν
2445 1195 2539 1248 τοῦ
2591 1194 2944 1249 ἀποστολικοῦ
2981 1193 3165 1264 χοροῦ.
3222 1192 3510 1261 Ῥυόμενος
3562 1191 3678 1261 γὰρ

2096 1288 2290 1349 αὐτοὺς
2321 1287 2560 1359 ῥύσεται,
2586 1286 2694 1338 τῶν
2721 1285 2928 1357 ἐχθρῶν
2957 1285 3194 1354 δηλονότι
3224 1282 3539 1354 συνθραύων
3573 1283 3680 1345 τὰς

2096 1378 2355 1448 κεφαλάς.
2391 1378 2624 1448 Ἐλήφθη
2649 1377 2704 1430 δέ
2725 1382 2758 1448 ἡ
2781 1377 2920 1442 λέξις
2942 1377 2998 1443 ἐξ
3019 1376 3327 1447 ὁμοιώσεως
3345 1377 3454 1430 τῶν
3473 1377 3677 1446 ὄφεων,

2096 1471 2166 1532 οἳ,
2203 1470 2422 1524 ἐπειδὰν
2447 1469 2654 1541 ἀρθῶσι
2689 1471 2828 1522 κατὰ
2861 1469 3034 1532 τινὸς,
3071 1470 3191 1522 τότε
3221 1470 3313 1522 ἐπὶ
3359 1471 3426 1540 τῇ
3461 1470 3676 1539 κεφαλῇ

2098 1561 2454 1632 πληττόμενοι
2479 1561 2743 1613 ὅλλυνται.
2783 1560 2935 1630 Ἔχει
2963 1561 3018 1612 δὲ
3049 1563 3077 1613 ὁ
3099 1561 3254 1628 λόγος
3281 1559 3558 1630 ἀναφορὰν
3582 1561 3681 1613 καὶ

2100 1652 2178 1712 εἰς
2207 1651 2330 1712 τοὺς
2361 1649 2624 1721 ἄρχοντας
2655 1649 2749 1702 τοῦ
2784 1649 3050 1702 Ἰουδαίων
3071 1649 3220 1702 λαοῦ.
3247 1649 3532 1718 Κορυφὴν
3555 1667 3680 1718 τρι-

2099 1740 2207 1810 χὸς
2272 1739 2783 1808 διαπορευομένων
2845 1740 2915 1793 ἐν
2966 1741 3396 1808 πλημμελείαις
3450 1741 3676 1795 αὐτῶν.

2099 1830 2358 1904 Κορυφῆν
2395 1834 2488 1902 μέν
2513 1833 2696 1901 τριχὸς
2733 1831 2894 1884 πάλιν
2931 1831 3028 1901 τὴν
3054 1832 3291 1902 κεφαλήν
3325 1849 3478 1901 φησι.
3510 1833 3679 1902 Λέγει

2097 1924 2174 1986 δὲ,
2203 1923 2277 1987 ὡς
2304 1923 2505 1976 τούτων
2534 1922 2818 1976 συνθλάσει
2843 1922 2939 1988 τὰς
2961 1923 3221 1991 κεφαλὰς,
3245 1923 3354 1978 τῶν
3380 1925 3680 1995 ἀμετανόη-

2033 2056 2038 2061 .
2098 2033 2166 2068 τα
2195 2015 2632 2085 ἁμαρτανόντων.

2169 2103 2355 2160 Εἶπεν
2383 2106 2622 2173 Κύριος·
2697 2105 2797 2159 Ἐκ
2829 2104 3038 2159 Βασὰν
3068 2105 3427 2174 ἐπιστρέψω.
3495 2105 3679 2158 Βασὰν

2100 2198 2459 2270 ἑρμηνεύεται
2503 2199 2709 2266 πικρία
2732 2239 2746 2261 ,
2785 2199 2902 2268 ἦτοι
2935 2200 3454 2268 παραπικρασμ-ός.
3514 2198 3681 2265 Λέγει

2099 2284 2214 2351 οὖν,
2242 2288 2317 2351 ὡς
2344 2289 2407 2340 ἐκ
2434 2286 2526 2340 τοῦ
2553 2288 2701 2340 οἴκου
2730 2287 2824 2340 τοῦ
2854 2287 3407 2359 παραπικραίνοντος,
3431 2286 3684 2339 τουτέστι

2099 2379 2195 2433 τοῦ
2237 2378 2478 2451 Ἰσραὴλ,
2511 2378 2822 2450 ἐπιστρέψω
2851 2379 2986 2450 πρὸς
3018 2379 3272 2449 ἐμαυτόν,
3313 2377 3685 2445 Ἑπιστρέψω

2100 2471 2171 2524 ἐν
2215 2470 2428 2536 ,βυθοῖς
2465 2469 2799 2537 θαλάσσης.
2890 2470 2999 2523 Καὶ
3053 2469 3180 2534 τοὺς
3237 2470 3680 2539 κατενεχθέντας,

2103 2562 2288 2632 φησὶν,
2333 2564 2412 2626 είς
2453 2561 2544 2614 τὸν
2574 2560 2681 2613 τῶν
2727 2560 2928 2631 ἡδονῶν
2979 2559 3138 2631 βυθὸν
3187 2560 3498 2632 ἐπιστρέψω
3545 2559 3685 2632 πρὸς

2102 2655 2127 2706 ἐ
2136 2653 2360 2724 μαυτόν.

2176 2746 2366 2811 Ὅπως
2392 2741 2470 2798 ἂν·
2487 2743 2663 2812 βαφῇ
2690 2747 2722 2798 ὁ
2746 2744 2898 2810 ποῦς
2923 2753 3038 2798 σου
3068 2744 3138 2797 ἐν
3162 2745 3381 2813 αἵματι.
3412 2744 3536 2808 Πῶς
3561 2746 3686 2798 ἐπι-

2104 2833 2393 2904 στρέφουσι
2424 2833 2682 2887 διδάσκει.
2743 2835 2868 2898 Πῶς
2895 2835 2951 2887 δέ
2983 2833 3404 2904 ἐπιστρέφουσιν
3437 2836 3468 2905 ἢ
3501 2834 3685 2889 αὐτῶν
3757 2826 3761 2828 ’

2103 2923 2490 2994 ἀναιρεθεισῶν
2515 2923 2878 2994 δηλονότιτῶν
2906 2925 3158 2995 πονηρῶν
3186 2925 3502 2996 δυνάμεων;
3537 2927 3688 2979 Κατ-

2105 3017 2308 3085 ήγαγον
2330 3013 2438 3083 γὰρ
2456 3015 2634 3067 αὐτῶν
2656 3015 2716 3067 τὸ
2752 3009 2888 3083 αἷμα
2913 3017 2994 3077 είς
3024 3017 3148 3085 γῆν,
3176 3017 3316 3069 κατὰ
3335 3017 3434 3086 τὴν
3459 3017 3686 3071 Ἡσαΐου

2106 3105 2287 3175 φωνὴν
2307 3146 2320 3170 ,
2373 3106 2448 3169 ῶς
2481 3105 2688 3158 καὶτὸν
2723 3105 2858 3158 πόδα
2890 3107 3056 3159 αὑτοῦ
3090 3107 3326 3176 βαφῆναι
3353 3110 3425 3160 -ἐν
3470 3109 3685 3178 αἵματι.

2115 3197 2154 3249 Ὶ
2160 3196 2452 3266 στορικὼτε
2462 3213 2550 3266 ρον
2570 3197 2624 3249 δὲ
2648 3195 2715 3249 τὰ
2735 3197 2912 3249 τοιάδε
2933 3199 3132 3268 γράφει
3155 3201 3183 3252 ὁ
3205 3199 3378 3266 λόγος.
3414 3200 3473 3252 Ἠ
3492 3199 3690 3268 γλῶσ-

2103 3302 2187 3340 σα
2210 3284 2330 3338 τῶν
2356 3284 2558 3339 κυνῶν
2581 3301 2696 3339 σου
2723 3285 2790 3349 ἐξ
2819 3285 3048 3354 ἐχθρῶν
3079 3289 3214 3354 παρ’
3247 3289 3456 3342 αὐτοῦ.
3499 3289 3688 3354 Κύνας

2108 3379 2207 3448 μὲν
2260 3379 2385 3441 τοὺς
2436 3379 2535 3448 τῆς
2563 3378 2758 3448 νοητῆς
2811 3377 3046 3450 ποίμνης
3079 3379 3319 3447 φύλακάς
3356 3397 3521 3452 φησι,
3559 3384 3693 3446 τοὺς

2106 3469 2292 3538 ἁγίους
2322 3471 2566 3540 κήρυκας
2585 3485 2598 3498 ·
2626 3463 2701 3522 ὧν
2729 3469 2785 3521 δέ
2824 3471 2918 3522 καὶ
2949 3472 2982 3541 ὴ
3022 3471 3240 3537 γλῶσσα
3271 3473 3550 3542 μονονουχὶ
3592 3473 3691 3526 τοῦ

2106 3565 2336 3635 αἵματος
2369 3565 2474 3618 τῶν
2512 3565 2718 3636 νοητῶν
2749 3566 2954 3636 ἐχθρῶν
2978 3566 3323 3635 ἀπογεύεται.
3378 3568 3541 3635 Λέγει
3574 3566 3692 3634 οὖν,

2105 3656 2181 3719 ὡς
2234 3659 2514 3726 μονονουχὶ
2543 3655 2774 3710 θανάτου
2819 3657 2967 3710 αἰτία
3000 3657 3107 3710 τῶν
3141 3658 3394 3730 πονηρῶν
3417 3659 3694 3729 δαιμόνων

2107 3749 2396 3818 γενήσεται
2431 3749 2463 3818 ἡ
2494 3748 2600 3800 τῶν
2643 3748 2955 3802 ἀποστόλων
2985 3752 3155 3820 φωνή.

2191 3839 2643 3916 Ἐθεωρήθησαν
2674 3841 2736 3892 αἱ
2773 3841 3004 3908 πορεῖαί
3032 3858 3170 3908 σου,
3199 3845 3232 3895 ό
3260 3843 3422 3908 Θεός.
3458 3844 3697 3913 Πορείας

2107 3931 2240 3983 Θεοῦ
2281 3949 2414 4001 φησι
2451 3931 2548 3993 τὰς
2577 3933 2633 3984 ἐν
2662 3934 2729 4002 τῇ
2765 3932 3044 4002 οἰκονομίᾳ
3078 3932 3306 4003 πράξεις
3356 3935 3696 4005 γενομέναςο

2107 4018 2219 4076 οἷον
2243 4023 2340 4092 τὴν
2364 4023 2451 4076 διὰ
2480 4022 2753 4093 Παρθένου
2783 4022 3056 4087 ἀπότεξιν,
3087 4026 3188 4095 τήν
3220 4042 3278 4077 τε
3305 4025 3413 4078 τῶν
3447 4027 3701 4096 σημείων

2111 4113 2404 4184 ἐργασίαν,
2433 4114 2532 4183 τήν
2559 4130 2618 4166 τε
2645 4113 2907 4166 ἀνάϐασιν
2937 4113 3034 4185 τὴν
3063 4115 3156 4168 ἐπὶ
3179 4115 3276 4169 τοῦ
3305 4117 3570 4188 σταυροῦ,
3605 4118 3702 4172 τόν

2110 4222 2168 4258 τε
2201 4205 2430 4259 θάνατον
2462 4206 2553 4258 τὸν
2581 4205 2870 4275 γενόμενον
2893 4207 3270 4278 οἰκονομικῶς,
3302 4211 3399 4279 τήν
3425 4226 3483 4262 τε
3515 4212 3580 4263 ἐκ
3607 4227 3701 4264 νε-

2113 4296 2260 4367 κρῶν
2291 4296 2584 4349 ἀναϐίωσιν
2603 4337 2618 4360 ,
2657 4299 2751 4351 καὶ
2777 4297 2874 4367 τὴν
2899 4301 2978 4362 εἰς
3004 4300 3268 4370 οὐρανοὺς
3292 4300 3496 4356 ἄνοδον.
3556 4301 3701 4356 Ταύ-

443 4414 530 4454 sus
560 4395 652 4456 Dei
678 4395 800 4456 mei,
826 4392 962 4462 regis
987 4390 1088 4443 mei
1113 4390 1203 4459 qui
1239 4396 1318 4443 est
1354 4389 1410 4441 in
1438 4398 1642 4442 sancto.
1677 4385 1808 4442 Vide
1841 4402 2006 4456 quam

2116 4405 2210 4451 τας
2247 4389 2344 4452 τὰς
2375 4391 2598 4459 πορείας
2632 4392 2869 4462 φανεράς
2901 4391 3230 4461 γεγενῆσθαί
3260 4408 3450 4462 φησιν’
3492 4396 3561 4446 Αἱ
3593 4409 3702 4448 πο-

443 4495 622 4557 aperte
646 4499 772 4539 eum
803 4482 896 4552 qui
931 4481 1029 4534 hos
1063 4481 1344 4548 ingressus
1377 4477 1524 4540 facit,
1557 4487 1610 4530 et
1637 4475 1803 4530 Deum
1833 4487 1885 4531 ct
1922 4494 2009 4532 re-

443 4592 562 4647 gem
593 4590 712 4630 esse
741 4587 903 4627 suum
934 4569 1086 4624 dicit.
1119 4568 1410 4638 Ipsumque
1440 4568 1695 4637 praedicat
1729 4568 1784 4621 in
1820 4577 2010 4623 sancto

444 4681 586 4731 esse,
611 4664 660 4717 id
687 4670 771 4716 est
793 4661 847 4714 in
881 4667 1064 4713 monte
1099 4656 1250 4723 Sina,
1290 4657 1445 4726 juxta
1478 4657 1530 4711 id
1561 4658 1704 4726 quod
1739 4667 1895 4712 antea
1926 4658 2013 4710 di-

446 4768 591 4813 ctum
621 4762 736 4809 est:
766 4751 1016 4806 Dominus
1053 4752 1106 4804 in
1127 4751 1222 4815 eis,
1249 4750 1304 4802 in
1335 4746 1484 4812 Sina,
1514 4749 1568 4802 in
1597 4759 1800 4802 sancto.

521 5020 610 5075 26.
637 5019 1006 5078 Prwvenerunt
1038 5019 1297 5089 principes
1333 5017 1600 5086 conjuncti
1643 5015 2017 5084 psallentibus.

452 5111 729 5182 Principes
753 5119 911 5164 vocat
931 5119 1150 5164 sanctos
1171 5108 1468 5178 apostolos,
1495 5109 1561 5162 de
1586 5108 1786 5176 quibus
1810 5107 2018 5162 dictum

450 5213 535 5261 est
552 5204 598 5236 "'
617 5223 629 5236 ο
659 5203 958 5258 Constitues
985 5218 1071 5256 eos
1087 5201 1345 5271 principes
1371 5216 1527 5266 super
1551 5215 1755 5252 onmem
1781 5209 2015 5258 terram;

450 5296 742 5368 psallentes
785 5303 996 5357 autem,
1039 5307 1134 5347 eos
1167 5291 1259 5360 qui
1305 5290 1586 5344 rationalia
1627 5290 1893 5344 sacrilicia
1927 5304 2022 5357 per

451 5393 640 5447 laudes
682 5388 938 5444 offerunt.
987 5389 1078 5440 Ait
1119 5387 1313 5458 igitur,
1340 5395 1695 5452 praevenerunt
1735 5385 2017 5452 principes,

452 5488 505 5544 id
547 5496 632 5540 est
675 5486 886 5556 priores
932 5484 1252 5552 inceperunt
1297 5480 1670 5546 adoratiunem
1720 5479 1774 5532 in
1823 5477 2018 5548 spiritu

526 5659 572 5695 “
598 5646 742 5720 νέαι.
776 5680 916 5731 XLIV,
951 5666 1030 5720 l7.

2105 4481 2262 4549 ρεῖαι
2285 4480 2389 4533 τοῦ
2428 4482 2574 4535 Θεοῦ
2593 4501 2734 4551 μου,
2765 4483 2870 4536 τοῦ
2889 4482 3194 4549 βασιλέως
3221 4502 3340 4553 μου
3367 4485 3473 4537 τοῦ
3522 4485 3595 4538 ἐν
3619 4484 3704 4551 τῷ

2117 4574 2281 4642 ἁγίῳ.
2304 4573 2466 4643 Ὅρα,
2489 4573 2564 4637 ὡς
2589 4576 2774 4642 σαφῶς
2791 4574 2976 4627 τοῦτον
2997 4575 3088 4626 τὸν
3110 4575 3208 4638 τὰς
3231 4575 3455 4646 πορείας
3477 4593 3706 4647 πεποιη-

2126 4666 2285 4736 μένον
2313 4665 2408 4717 καὶ
2441 4664 2573 4718 Θεὸν
2613 4661 2751 4718 εἷναί
2777 4683 2933 4736 φησι,
2959 4665 3055 4718 καὶ
3091 4665 3312 4736 βασιλέα
3337 4666 3556 4721 ἐαυτοῦ.
3589 4670 3703 4722 Καὶ

2123 4754 2285 4807 αὐτὸν
2322 4755 2581 4825 κηρύττει
2612 4755 2740 4810 ὄντα
2768 4757 2857 4809 τὸν
2904 4759 2961 4810 ἐν
2993 4755 3070 4826 τῷ
3117 4757 3285 4828 ἁγίῳ,
3335 4759 3614 4811 τουτέστιν
3643 4762 3702 4811 ἐν

2123 4847 2201 4915 τῷ
2227 4845 2342 4916 ὄρει
2372 4847 2520 4916 Σινᾷ,
2568 4847 2710 4900 κατὰ
2734 4848 2797 4901 τὸ
2825 4847 3000 4900 ὀπίσω
3036 4847 3353 4918 εερηιιένον·
3381 4849 3603 4916 Κύριος
3633 4851 3705 4902 ἐν

2123 4936 2352 5002 αὐτοῖς,
2381 4939 2450 4991 ἐν
2473 4936 2646 5005 Σινᾷ,
2673 4939 2741 4992 ἐν
2769 4939 2932 5008 ἁγίῳ.

2193 5027 2590 5096 Προέφθασαν
2655 5027 2941 5098 ἄρχοντες
3006 5030 3279 5100 ἐχόμενοι
3315 5033 3699 5099 ’φαλλόν-τιον.

2128 5120 2424 5190 Ἀρχοντας
2457 5119 2556 5190 μὲν
2584 5121 2710 5182 τοὺς
2756 5120 2945 5188 ἁγίους
2991 5121 3321 5184 ἀποστόλους
3368 5123 3502 5192 φησὶ
3526 5161 3542 5183 ,
3575 5123 3704 5192 περὶ

2126 5203 2201 5263 ὧν
2246 5209 2486 5281 εἴρηται·
2539 5211 2953 5278 Καταστήσεις
3003 5213 3225 5278 αὐτοὺς
3260 5212 3557 5282 ἄρχοντας
3607 5213 3705 5265 ἐπὶ

2126 5300 2332 5358 πᾶσαν
2356 5304 2470 5371 τὴν
2497 5302 2614 5372 τῆν
2631 5319 2644 5334 ·
2687 5303 2986 5374 ψάλλοντας
3013 5306 3070 5359 δέ
3095 5307 3217 5369 τοὺς
3234 5306 3332 5368 τὰς
3355 5305 3422 5358 δι’
3447 5306 3706 5368 αἰνέσεως

2126 5391 2549 5462 ἀναπέμποντας
2575 5392 2799 5461 λογικὰς
2828 5393 3038 5458 θυσίας.
3089 5394 3254 5463 Λέγει
3285 5391 3376 5448 οὖν
3410 5394 3488 5458 ὼς
3518 5397 3572 5447 οἱ
3604 5393 3706 5460 ἆρ-

2126 5499 2337 5552 κοντες
2363 5483 2658 5553 ἔφθασαν,
2689 5484 2806 5555 ἤτοι
2836 5483 3071 5556 ήρξαντο
3099 5485 3303 5557 πρῶτοι
3330 5486 3432 5558 τῆς
3455 5486 3516 5540 ἐν
3543 5483 3706 5538 meo-
