3872 6216
434 352 541 409 303

1268 339 1325 392 S.
1367 334 1734 390 ATilANASll
1775 332 1921 389 OPP.
1964 333 2145 388 PARS
2183 332 2270 389 lll.
2314 364 2381 373 —
2419 331 2828 388 EXEGETICA.

3573 360 3677 409 504

516 450 903 520 Ἐπιτίμησον
928 452 1051 517 τοῖς
1081 452 1308 521 θηρίοις
1354 452 1461 506 τοῦ
1489 450 1783 521 καλάμου.
1829 451 2006 506 Ἐπει-

2178 453 2266 508 51.
2297 452 2519 523 lncrepa
2552 454 2691 523 feras
2717 452 3015 506 arundinis.
3048 450 3317 518 Quoniam
3364 449 3521 504 multi
3551 460 3681 504 sunt

432 541 496 613 δὴ
522 542 703 595 πολλοὶ
727 544 777 596 οἰ
808 547 874 615 τῇ
906 546 1044 597 κατὰ
1068 545 1200 599 Θεὸν
1244 546 1489 616 πολιτείᾳ
1542 544 1652 598 τῶν
1680 545 2008 613 ἁγίωνιδυσ-

438 634 799 704 μεναίνοντες,
846 638 937 690 καὶ
991 638 1221 708 μάλιστα
1275 640 1324 691 οἱ
1383 638 1681 709 ἀκάθαρτοι
1736 638 2004 708 δαίμονες,

432 725 622 778 τούτου
681 728 839 797 χάριν
891 727 1105 799 εὔχεται
1150 728 1540 800 ἐπιτιμηθῆναι
1592 729 1790 791 αὐτοὺς
1846 727 2009 796 θηρία

433 817 589 881 ὄντας
608 819 874 889 καλάμου.
907 820 1165 891 Κάλαμος
1188 822 1243 874 δέ
1292 822 1456 886 τόπος
1518 820 1665 873 ἐστὶν
1693 822 1750 872 ἐν
1800 820 1865 888 τῇ
1901 820 2011 871 Πα-

434 906 777 980 λαιστίνῃ,ὃν
827 909 1076 963 διώδευον
1128 912 1177 964 οἰ
1212 912 1452 974 ἀνιόντες
1502 913 1580 974 εἰς
1630 908 2006 980 Ἰερουσαλήμ.

434 991 603 1061 Οὗτος
626 998 681 1050 δὲ
729 999 792 1071 δὴ
842 1002 870 1051 ὁ
909 1002 1154 1072 κάλαμος
1202 1003 1297 1056 καὶ
1356 1002 1552 1073 μεστὸς
1595 1001 1822 1053 λεόντων
1864 1000 2009 1052 ἐστὶν

433 1089 457 1139 ἐ
467 1089 856 1158 μφωλευόντων
886 1092 1035 1162 παρὰ
1060 1093 1120 1145 τὸ
1144 1093 1283 1156 ἐλος·
1308 1092 1356 1145 οἳ
1390 1094 1488 1147 καὶ
1525 1091 1879 1145 ἐπεϐούλευον
1900 1092 2010 1153 τοῖς

433 1178 671 1233 ἀνιοῦσιν
702 1182 783 1242 είς
846 1182 1224 1254 Ἰερουσαλήμ.
1285 1185 1493 1256 Ὠσπερ
1544 1180 1635 1237 οὖν
1678 1185 1789 1245 τοῖς
1825 1184 1882 1234 ἐν
1942 1185 2007 1253 τῇ

445 1271 795 1343 Ἰερουσαλὴμ
818 1274 1056 1326 ἀνιοῦσιν
1099 1275 1452 1328 ἐπεϐούλευον
1479 1278 1528 1328 οἰ
1579 1274 1809 1337 λέοντες.
1841 1273 2011 1335 οὕτως

432 1365 528 1416 καὶ
578 1367 692 1427 τοῖς
719 1366 776 1417 ἐν
808 1368 873 1435 τῇ
907 1369 1069 1437 νοητῇ
1129 1367 1477 1439 Ἰερουσαλὴμ
1522 1365 1761 1420 ἀνιοῦσιν
1796 1365 2012 1418 ἐπιϐου-

431 1452 678 1506 λεύουσιν
707 1456 754 1506 οἱ
785 1457 965 1524 νοητοὶ
1012 1456 1242 1519 λέοντες.
1292 1458 1354 1512 Ἠ
1381 1455 1700 1525 συναγωγὴ
1730 1454 1849 1507 τῶν
1875 1456 2014 1507 ταύ-

430 1564 551 1614 ρων
579 1547 649 1599 ἐν
670 1547 798 1612 ταῖς
845 1547 1139 1615 δαμάλεσι
1172 1547 1291 1601 τῶν
1333 1548 1518 1602 λαῶν.
1571 1547 1820 1619 Ἑτέρους
1854 1549 2008 1599 ἐναν-

431 1638 580 1702 τίους
600 1638 678 1710 τῷ
714 1640 1030 1711 κηρύγματι
1058 1658 1207 1711 φησι.
1262 1641 1419 1704 Τίνες
1470 1641 1525 1693 δὲ
1566 1634 1729 1701 οὗτοι,
1766 1640 1798 1709 ἢ
1834 1639 1882 1691 οἱ
1915 1639 2013 1708 ἄρ-

432 1745 616 1797 χοντες
644 1728 737 1783 τοῦ
770 1729 877 1783 τῶν
905 1730 1169 1783 Ἰουδαίων
1194 1730 1389 1802 δήμου,
1416 1731 1465 1783 οἳ
1498 1731 1593 1783 καὶ
1621 1730 1811 1802 ταῦροι
1840 1746 2010 1800 προσ-

430 1819 803 1891 ηγορεύθησαν
824 1837 839 1887 ;

433 1909 555 1963 Ὅτι
578 1910 634 1963 δὲ
665 1911 857 1985 ταῦροι
882 1913 1423 1985 προσηγορεύθησαν,
1459 1915 1614 1986 δῆλον
1637 1915 1701 1967 ἐκ
1752 1911 1868 1966 τοῦ·
1903 1916 2013 1965 Πε-

428 2001 846 2067 ριεκύκλωσὰν
888 2020 966 2073 με
1009 2006 1231 2073 μόσχοι
1279 2005 1520 2069 πολλοὶ,
1579 2003 1781 2071 ταῦροι
1808 2003 2012 2069 πίονες

430 2090 756 2161 περιέσχον
774 2110 873 2162 με,
930 2094 1124 2158 οἵτινες
1153 2096 1247 2148 καὶ
1274 2095 1334 2149 τὸ
1392 2094 1591 2165 πλῆθος
1619 2096 1699 2157 εἰς
1728 2094 1819 2147 τὸν
1868 2094 2011 2147 κατὰ

428 2182 536 2235 τῶν
560 2182 816 2254 κηρύκων
846 2184 1064 2257 ἔγειραν
1096 2187 1350 2257 πόλεμον.
1410 2188 1518 2241 Τοῦ
1584 2187 2011 2256 ὲκκλεισθῆναι

428 2272 571 2339 τοὺς
598 2272 1145 2345 δεδοκιμασμένους
1164 2276 1245 2342 τῷ
1265 2278 1543 2346 ἀργυρίῳ.
1580 2277 1867 2349 Ἀργύριον
1912 2280 2010 2349 μὲν

426 2365 496 2419 τὰ
527 2365 647 2419 θεῖα
690 2365 864 2435 λόγια.
919 2368 1085 2436 Λέγει
1110 2368 1186 2421 δέ·
1212 2369 1311 2422 Διὰ
1336 2368 1494 2421 τοῦτο
1536 2370 1858 2441 ἐπιτίμησον
1902 2374 2013 2435 τοῖς

427 2459 636 2529 νοητοῖς
660 2460 755 2511 καὶ
786 2460 1063 2530 αἰσθητοῖς
1112 2460 1347 2532 ἐχθροῖς,
1397 2463 1547 2525 ὅπως
1576 2461 1642 2514 ἂν
1704 2462 1777 2533 μὴ
1820 2463 1868 2516 οἱ
1917 2462 2011 2515 τοῦ

428 2548 759 2620 Εὑαγγελίου
784 2553 1025 2623 κήρυκες
1070 2552 1461 2621 συγκλεισθῶσι
1486 2552 1579 2605 τοῦ
1618 2551 1690 2624 μὴ
1722 2553 2013 2624 κηρύττειν

427 2638 528 2695 ἐτι.
568 2641 639 2694 Ἢ
666 2642 761 2694 καὶ
805 2641 994 2706 οὕτως·
1060 2643 1434 2714 Ἐπιτίμησον,
1487 2644 1642 2713 φησι,
1692 2645 1900 2708 τούτοις
1953 2662 2012 2698 τε

426 2732 724 2797 κάκείνοιςο
755 2733 903 2795 ὃπως
936 2733 1002 2787 ἂν
1028 2734 1101 2805 μὴ
1132 2733 1488 2787 ἐκκλεισθῶσι
1520 2735 1611 2787 τοῦ
1642 2735 1931 2806 κηρύττειν
1962 2738 2011 2789 οἰ

427 2827 688 2899 κήρυκες.
729 2827 1178 2893 Διασκόρπισον
1216 2826 1361 2894 ἔθνη
1408 2826 1480 2879 τὰ
1513 2825 1656 2891 τοὺς
1712 2826 2013 2896 πολέμους

428 2916 706 2973 θέλοντα.
761 2916 844 2970 Τὰ
882 2916 1049 2989 νοητὰ
1103 2916 1365 2988 δηλονότι·
1430 2917 1738 2988 πολέμους
1787 2918 1845 2971 δέ
1886 2919 2013 2982 τοὺς

424 3008 568 3061 κατὰ
598 3007 706 3062 τῶν
726 3007 914 3077 ἁγίων.

500 3099 747 3164 Ἡξουσι
779 3098 1057 3167 πρέσϐεις
1098 3098 1167 3163 ἐξ
1204 3098 1525 3167 Αἰγύπτου,
1559 3100 1833 3154 Αἰθιοπία
1865 3116 2010 3168 προ-

2107 544 2179 609 ei,
2213 545 2358 614 quod
2398 546 2697 601 secundum
2740 544 2911 598 Deum
2954 553 3058 611 est,
3084 554 3396 598 sanctorum
3424 542 3679 597 instituto

2108 636 2346 699 inimici,
2391 636 2737 706 maximeque
2779 636 2978 705 impuri
3024 636 3337 698 daemones;
3367 632 3490 686 ideo
3524 642 3683 700 rogat

2108 744 2204 785 eos
2249 744 2347 783 ceu
2392 729 2535 784 feras
2579 730 2849 798 increpari
2894 727 3183 782 arundine.
3212 726 3469 780 Calamus
3499 733 3679 776 autem

2112 820 2225 874 sive
2271 820 2503 882 arundo,
2533 820 2683 873 locus
2716 827 2801 873 est
2828 818 2882 872 in
2908 816 3214 877 Palaestina.
3264 829 3367 885 qua
3404 823 3685 883 pertrans-

2110 911 2262 965 ibant
2313 911 2406 981 qui
2460 910 2827 965 ascendebant
2861 909 2915 962 in
2960 906 3283 962 Jerusalem.
3316 903 3451 971 Ipsae
3497 913 3683 955 autem

2111 1002 2408 1057 arundines
2438 1002 2610 1071 plenae
2636 1001 2887 1055 leonibus
2913 1008 3087 1061 erant,
3124 999 3217 1065 qui
3249 996 3477 1050 latibula
3508 995 3561 1048 in
3588 1009 3687 1063 pa-

2111 1093 2329 1146 ludibus
2376 1093 2666 1158 habebant,
2702 1092 2794 1161 qui
2827 1090 3249 1145 ascendentibus
3292 1088 3345 1141 in
3376 1085 3685 1140 Jerusalem

2112 1185 2524 1241 insidiabantur.
2558 1183 3026 1251 Quemadmodum
3064 1183 3227 1251 igitur
3260 1177 3688 1233 ascendentibus

2110 1275 2166 1329 in
2199 1274 2501 1330 Jerusalem
2535 1276 2718 1329 leones
2752 1273 3194 1336 insidiabantur;
3231 1270 3305 1322 ita
3340 1266 3691 1321 ascendenti-

2110 1367 2212 1422 bus
2226 1367 2387 1422 etiam
2410 1367 2463 1419 in
2487 1366 2821 1435 spiritualem
2837 1364 3139 1420 Jerusalem
3165 1360 3473 1431 spirituales
3499 1359 3691 1412 leones

2113 1456 2459 1510 insidiantur.
2490 1454 2834 1524 Congregatio
2879 1448 3152 1507 taurorum
3184 1452 3235 1504 in
3267 1450 3436 1502 vaccis
3463 1446 3691 1516 populo-

2113 1567 2250 1604 rum.
2294 1550 2444 1605 Alios
2491 1548 2865 1619 praedicationi
2897 1547 3249 1601 adversantes
3292 1543 3515 1597 indicat.
3545 1540 3690 1607 Qui-

2112 1656 2237 1695 nam
2264 1641 2340 1693 illi
2370 1640 2477 1695 nisi
2506 1638 2779 1710 principes
2803 1637 3012 1693 Judaici
3037 1636 3238 1707 populi,
3259 1640 3351 1704 qui
3371 1633 3516 1688 tauri
3544 1648 3693 1685 nun-

2113 1731 2296 1801 cupati
2318 1731 2480 1786 sunt?
2503 1746 2680 1786 vaccae
2711 1740 2891 1785 autem
2918 1728 3113 1799 plebeji
3143 1726 3503 1796 appellantur.
3525 1723 3689 1789 Quod

931 1820 1217 1892 δαμάλεων
1262 1822 1663 1893 ὠνομασμένων
1708 1820 1802 1874 τοῦ
1857 1819 2009 1877 λαοῦ.

2116 1832 2294 1877 autem
2327 1822 2403 1876 illi
2435 1823 2576 1877 tauri
2606 1821 2901 1890 nuncupati
2932 1819 3155 1883 fuerint,
3184 1817 3360 1887 palam
3390 1824 3473 1869 est
3502 1829 3567 1867 ex
3598 1813 3688 1867 Δία·

2112 1926 2198 1970 cto
2230 1914 2323 1969 illo
2349 1934 2360 1969 :
2394 1915 2864 1969 Circumdederunt
2894 1930 2975 1968 me
3000 1912 3150 1967 vituli
3188 1911 3364 1975 mulli,
3394 1912 3537 1964 tauri
3566 1911 3691 1979 pin-

2110 2013 2233 2073 gues
2279 2005 2586 2058 obsederunt
2614 2021 2694 2057 me
2723 2005 2790 2069 “,
2816 2005 2909 2075 qui
2945 2003 3349 2058 multitudinem
3382 2001 3564 2072 populi
3616 2001 3687 2055 ad

2110 2096 2308 2149 bellum
2334 2105 2524 2151 contra
2548 2097 2933 2166 praedicatores
2952 2096 3279 2151 excitarunt.
3306 2094 3373 2149 Ut
3395 2093 3686 2148 excludant

2110 2202 2196 2239 eos
2225 2187 2316 2255 qui
2341 2186 2549 2255 probati
2583 2196 2705 2240 sunt
2733 2194 2971 2257 argento.
3021 2186 3319 2256 Argentum
3353 2185 3537 2239 divina
3567 2185 3689 2237 elo-

2111 2277 2238 2344 quia
2270 2286 2417 2331 sunt.
2446 2277 2537 2331 Ait
2567 2285 2782 2332 autem:
2812 2275 3035 2345 lncrepa
3061 2285 3175 2329 tum
3202 2275 3535 2345 spirituales,
3566 2283 3686 2328 tum

2112 2370 2396 2424 sensibiles
2424 2370 2694 2435 inimicos,
2725 2380 2785 2424 ut
2810 2387 2877 2426 ne
2907 2384 3185 2441 praecones
3208 2367 3487 2437 Evangelii
3515 2367 3690 2419 inter-

2112 2460 2401 2514 cludantur
2422 2475 2451 2513 a
2476 2460 2877 2529 praedicatione.
2904 2462 3010 2515 Aut
3032 2462 3136 2515 hoc
3158 2459 3322 2513 modo
3347 2477 3359 2512 :
3386 2456 3497 2512 Hos
3522 2468 3691 2526 atque

2112 2552 2256 2617 illos,
2298 2553 2394 2615 ait,
2444 2553 2694 2622 increpa;
2729 2568 2796 2607 ne
2848 2552 3282 2607 intercludantur
3328 2565 3612 2621 prascones
3656 2567 3688 2605 ιι

2111 2644 2515 2713 praedicatione.
2548 2643 2763 2714 Dissipa
2790 2657 2961 2716 gemes
2993 2661 3110 2715 grue
3144 2644 3281 2697 bella
3319 2644 3523 2697 volunt.
3562 2641 3689 2713 Spi-

2112 2736 2338 2791 rituales
2371 2736 2597 2801 scilicet,
2637 2736 2831 2790 bellum
2876 2747 3059 2793 autem
3103 2746 3295 2792 contra
3330 2745 3554 2792 sanctos
3583 2751 3686 2790 ex-

2112 2825 2337 2880 citatum
2370 2826 2703 2898 intelligitur.

2191 3082 2279 3137 52.
2322 3080 2535 3137 Veniant
2575 3083 2737 3153 legati
2768 3099 2831 3137 ea:
2864 3084 3096 3155 Eggpro
3116 3127 3131 3151 ,
3162 3085 3443 3155 zEthiopia
3481 3106 3689 3159 prtere-

422 3188 642 3259 φθάσει
670 3190 842 3260 χεῖρα
868 3188 1060 3258 αὐτῆς
1092 3188 1172 3254 τῷ
1228 3187 1370 3254 Θεῷ.
1418 3190 1507 3253 Ὠς
1557 3191 2008 3263 διασκορπισθέν-

2116 3175 2216 3228 niet
2242 3192 2454 3228 manum
2475 3176 2586 3243 ejus
2612 3176 2737 3229 Deo.
2772 3174 2965 3245 Utpote
2998 3177 3278 3247 dissipatis
3308 3192 3471 3250 atque
3501 3182 3690 3252 ligatis

422 3295 534 3332 των
557 3279 649 3332 καὶ
688 3278 947 3331 δεθέντων
993 3277 1101 3331 τῶν
1134 3278 1343 3348 ἐχθρῶν
1395 3279 1502 3331 τῶν
1543 3280 1771 3349 νοητῶν,
1823 3280 2008 3334 λοιπὸν

425 3368 520 3420 ἐπὶ
557 3366 618 3420 τὸ
672 3369 933 3439 κήρυγμα
990 3368 1318 3439 δραμοῦνται
1376 3370 1663 3438 Αἰγύπτιοί
1706 3390 1764 3425 τε
1796 3374 1890 3425 καὶ
1917 3375 2011 3425 Αἰ-

423 3459 632 3522 θίοπες,
696 3460 956 3529 Σημαίνει
1002 3460 1058 3512 δέ
1088 3460 1174 3513 διὰ
1226 3461 1324 3530 μὲν
1374 3461 1484 3515 τῶν
1518 3464 1829 3532 Αἰγυπτίων
1884 3465 2009 3528 τοὺς

425 3552 565 3620 ἄγαν
603 3550 993 3622 εἰδωλολάτρας
1044 3552 1141 3604 καὶ
1198 3551 1473 3616 ἐναντίους
1504 3557 1569 3624 τῇ
1618 3554 1863 3627 πολιτείᾳ
1914 3556 2008 3609 τοῦ

439 3641 677 3719 Ἰσραὴλ,
709 3642 797 3695 διὰ
846 3643 903 3696 δὲ
938 3642 1044 3697 τῶν
1074 3644 1346 3698 Αἰθιόπων
1397 3646 1466 3699 τὰ
1502 3648 1712 3719 πέρατα
1752 3649 1851 3719 τῆς
1882 3649 2006 3719 γῆς.

427 3713 552 3797 Πῶς
583 3733 639 3787 δὲ
696 3735 1073 3806 προσέδραμεν
1122 3736 1154 3806 ὴ
1204 3736 1458 3790 Αἰθιοπία
1506 3713 1589 3802 εἰς
1637 3739 1696 3791 τὸ
1727 3713 2007 3813 κήρυγμα,

426 3825 633 3893 ἔξεστιν
658 3826 768 3880 ἀπὸ
787 3826 881 3880 τοῦ
908 3827 1162 3899 εὐνούχου
1186 3829 1440 3893 Αἰθίοπος
1470 3830 1614 3885 ἰδεῖν.

495 3920 565 3972 Αἱ
587 3918 894 3983 ,ϐασιλεῖαι
945 3918 1056 3987 τῆς
1101 3919 1232 3990 γῆς,
1289 3920 1478 3989 ᾷσατε
1523 3922 1604 3988 τῷ
1644 3922 1784 3988 Θεῷ.
1814 3925 2007 3995 Δηλοῖ,

427 4009 505 4072 ὡς
532 4010 626 4063 καὶ
674 4010 743 4062 τὰ
772 4009 906 4063 ἄλλα
931 4008 1147 4064 ἅπαντα
1187 4011 1314 4082 ἔθνη
1369 4013 1506 4084 μετὰ
1535 4014 1645 4067 τῶν
1681 4015 1826 4068 ἰδίων
1856 4016 2011 4086 βασι-

424 4098 562 4156 λέων
592 4100 1074 4164 πιστεύσουσιν⁶εἰς
1101 4102 1354 4173 Χριστόν.

502 4192 740 4247 Ψάλατε
800 4191 881 4258 τῷ
939 4194 1135 4259 Κυρίῳ
1187 4192 1268 4259 τῷ
1338 4196 1704 4263 ἐπιϐεϐηκότι
1757 4195 1857 4250 ἐπὶ
1903 4197 2011 4251 τὸν

424 4286 685 4356 οὐρανὸν
707 4286 814 4340 τοῦ
846 4284 1128 4352 οὐρανοῦ.
1183 4285 1398 4357 Ἐπειδὴ
1431 4286 1491 4339 τὸ
1540 4287 1710 4350 πάθος
1742 4286 2008 4358 ἐκήρυξεν

426 4383 486 4434 ἐν
506 4383 616 4445 τοῖς
647 4380 823 4434 ὀπίσω
850 4379 944 4433 τοῦ
970 4377 1209 4451 Χριστοῦ
1237 4379 1333 4432 καὶ
1360 4378 1462 4450 τὴν
1493 4377 1684 4451 μέχρις
1728 4379 1854 4450 ᾅδου
1906 4396 2007 4433 κα-

423 4472 673 4539 τάϐασιν,
707 4472 898 4526 τούτου
932 4470 1092 4544 χάριν
1113 4471 1209 4526 καὶ
1257 4471 1357 4542 τὴν
1411 4471 1492 4534 εἰς
1546 4472 1806 4543 οὐρανοὺς
1840 4471 2004 4525 αὐτοῦ

425 4564 685 4635 κηρύττει
712 4564 1089 4634 ἀναφοίτησιν.
1122 4562 1197 4616 Τὸ
1223 4561 1302 4625 δὲ,
1342 4565 1471 4616 κατ’
1488 4562 1809 4629 ἀνατολὰς,
1836 4580 2007 4633 παρα-

426 4655 638 4709 ϐολικόν
667 4656 835 4709 ἐστιν.
865 4655 1077 4726 Ὠσπερ
1126 4653 1237 4725 γὰρ
1268 4655 1297 4707 ὁ
1331 4654 1477 4725 ἥλιος
1526 4654 1635 4707 ἀπὸ
1664 4654 1883 4725 δυσμῶν
1916 4656 2002 4709 ἐπ’

424 4746 688 4811 ἀνατολὰς
740 4748 934 4811 ἄνεισι,
974 4748 1065 4803 τὸν
1113 4746 1277 4802 αὑτὸν
1324 4745 1525 4819 τρόπον
1572 4745 1668 4799 καὶ
1726 4747 1755 4799 ὁ
1800 4744 2004 4817 Κύριος

424 4840 586 4895 οἱονεὶ
613 4840 721 4893 ἀπὸ
738 4841 842 4893 τῶν
872 4839 967 4894 τοῦ
996 4840 1122 4911 ᾅδου
1181 4839 1369 4911 μυχῶν
1422 4838 1593 4909 ἐπέϐη
1644 4838 1739 4891 τοῦ
1773 4837 2001 4910 ούρανοῦ

425 4932 517 4985 τὸν
545 4930 791 5002 οὐρανόν.
835 4930 988 4985 Ἰδοὺ
1037 4931 1214 4986 δώσει
1245 4930 1321 4999 τῇ
1357 4929 1526 5000 φωνῇ
1574 4930 1759 4985 αὐτοῦ
1795 4929 2005 4999 φωνὴν

425 5020 751 5092 δυνάμεως.
779 5022 964 5093 Φωνὴν
1004 5023 1282 5093 δυνάμεώς
1340 5039 1472 5093 φησι
1526 5023 1626 5094 τὴν
1685 5023 2003 5093 ἐγείρουσαν

427 5114 633 5177 πάντας
691 5115 818 5178 τοὺς
865 5114 1124 5186 νεκρούς·
1172 5114 1308 5169 καθὸ
1344 5116 1402 5167 ἐν
1455 5113 1785 5184 κελεύσματι
1834 5114 2000 5169 αὐτοῦ

426 5206 837 5277 ἀναστήσονται.

496 5298 637 5351 Δότε
662 5298 852 5362 δόξαν
882 5296 962 5363 τῷ
1008 5295 1149 5363 Θεῷ.
1209 5296 1364 5349 Οὕτω
1414 5295 1509 5349 καὶ
1554 5295 1785 5359 Παῦλος·
1818 5294 2002 5360 Δοξά-

425 5403 591 5452 σατε,
619 5389 772 5458 φησὶ,
817 5387 924 5441 τὸν
951 5386 1099 5441 Θεὸν
1149 5386 1219 5439 ἐν
1273 5384 1352 5450 τῷ
1403 5384 1629 5454 σώματι
1674 5384 1862 5453 ὑμῶν,
1907 5385 2005 5438 καὶ

424 5481 494 5532 ἐν
524 5478 604 5545 τῷ
646 5481 937 5549 πνεύματι
964 5476 1133 5547 ὑμῶν
1165 5495 1179 5509 ·
1214 5478 1372 5532 ἅτινά
1396 5480 1543 5531 ἐστιν
1572 5478 1761 5531 αὐτοῦ.
1787 5478 2003 5529 Δίκαιον

425 5572 534 5644 γὰρ
556 5571 646 5623 τὸν
664 5571 955 5642 εὐεργέτην
987 5570 1075 5624 διὰ
1132 5570 1354 5625 πάντων
1405 5568 1669 5636 δοξάζειν.
1720 5570 1852 5622 Ἐπὶ
1895 5569 2004 5622 τὸν

412 5775 423 5785 .
514 5713 557 5743 δ’
587 5710 731 5766 Psal.
761 5727 871 5775 XXI,
898 5714 983 5768 i3.

2112 3265 2347 3322 inimicis
2376 3267 2765 3335 spiritualibus,
2794 3269 3012 3322 demum
3036 3270 3101 3323 ad
3122 3273 3562 3340 praedicationem
3592 3290 3691 3330 ac-

2111 3368 2339 3411 currunt
2370 3358 2608 3430 .‘Egyptii
2639 3369 2694 3414 et
2728 3357 3035 3431 Ethiopes.
3061 3362 3345 3434 Signiﬁcat
3371 3377 3552 3421 autem
3587 3383 3691 3437 per

2111 3448 2415 3521 IEgyptios,
2453 3468 2549 3507 eos
2576 3453 2670 3522 qui
2701 3453 2972 3508 idolorum
3000 3456 3172 3509 cultui
3204 3472 3551 3527 summopere
3585 3460 3691 3515 de-

2111 3542 2208 3596 diti
2254 3552 2383 3597 sunt
2415 3544 2820 3614 adversariique
2858 3546 3109 3601 instituto
3141 3547 3549 3613 lsraelitarum;
3588 3568 3691 3621 per

2111 3630 2398 3702 Ethiopes
2423 3643 2625 3699 autem,
2655 3636 2917 3692 terminos
2945 3645 3120 3693 terrae.
3146 3638 3435 3705 Quomodo
3463 3641 3691 3697 Ethio-

2109 3726 2195 3793 pia
2212 3729 2275 3778 ad
2297 3727 2727 3795 pradicationem
2747 3730 3060 3797 accurrerit,
3080 3746 3145 3789 ex
3160 3735 3411 3789 eunucho
3428 3734 3692 3808 Ethiopc

2109 3818 2423 3886 conspicere
2453 3819 2577 3873 licet
2595 3819 2659 3871 ει.

2165 3908 2251 3962 35.
2272 3906 2447 3979 Regna
2475 3918 2645 3974 terra,
2678 3919 2885 3964 cantate
2912 3913 3038 3968 Deo.
3065 3914 3309 3970 Declarat
3336 3917 3470 3972 alias
3496 3934 3693 3977 omnes

2109 4010 2295 4068 gentes
2346 4015 2472 4055 cum
2527 4001 2746 4071 regibus
2796 4002 2912 4058 suis
2958 4005 3014 4057 in
3049 4003 3331 4061 Christum
3379 4010 3691 4065 credituras

2108 4105 2249 4144 esse.

2186 4182 2275 4235 54.
2304 4180 2531 4237 Psallite
2576 4176 2685 4238 Deo
2720 4185 2810 4252 qui
2853 4188 3089 4241 ascendit
3111 4205 3268 4257 super
3307 4190 3495 4243 coelum
3545 4194 3687 4248 cali.

2109 4270 2377 4338 Quoniam
2408 4274 2460 4327 in
2493 4278 2866 4344 superioribus
2895 4278 3101 4333 Christi
3146 4282 3455 4351 passionem
3489 4286 3690 4353 praedi-

2108 4364 2271 4428 cavit,
2303 4373 2356 4418 et
2388 4365 2708 4421 descensura
2746 4369 2812 4422 ad
2858 4370 3154 4435 infernum,
3192 4372 3311 4427 ideo
3336 4373 3447 4441 jam
3472 4375 3595 4443 ejus
3619 4379 3687 4428 ad

2112 4455 2279 4508 cmlos
2307 4470 2591 4511 ascensum
2619 4460 2892 4527 praulicat.
2911 4460 3041 4515 illud
3065 4473 3242 4518 autem
3271 4467 3688 4531 :Adorientem,

2112 4545 2483 4614 parabolicum
2526 4558 2629 4603 est.
2667 4552 3141 4615 Quemadmodum
3184 4556 3329 4608 enim
3367 4557 3449 4610 sol
3485 4558 3555 4612 ab
3591 4574 3689 4613 oc:

2110 4636 2323 4692 cidente
2348 4640 2414 4692 ad
2442 4640 2703 4695 orientem
2729 4644 2993 4710 ascendit,
3023 4646 3095 4699 ita
3119 4656 3173 4700 et
3197 4627 3463 4704 Ddtninus
3488 4666 3588 4705 ceu
3620 4656 3691 4705 ab

2111 4728 2308 4782 inferni
2341 4732 2649 4786 recessibus
2680 4735 2927 4789 ascendit
2961 4753 3123 4806 super
3149 4740 3347 4793 caelum
3379 4743 3523 4795 caeli.
3552 4742 3693 4798 Ecce

2111 4822 2257 4876 dabit
2281 4825 2390 4876 voci
2417 4841 2526 4879 sua
2556 4842 2730 4879 vorem
2756 4829 2988 4882 uirtutis.
3020 4828 3216 4885 Vocem
3250 4833 3466 4888 virtutis
3502 4839 3691 4907 appel-

2111 4913 2186 4967 lat
2225 4928 2346 4968 eam
2384 4931 2506 4985 qua:
2543 4928 2792 4975 mortuos
2834 4936 3025 4978 omnes
3068 4923 3368 4980 excitabit:
3406 4941 3533 4981 cum
3567 4929 3691 4998 ejus

2107 5008 2267 5078 jussu
2299 5009 2727 5068 suscitabuntur.

2182 5294 2271 5360 5,5.
2302 5295 2436 5349 Date
2465 5296 2688 5366 gloriam
2718 5296 2843 5352 Deo.
2883 5298 2958 5353 Ita
2988 5307 3042 5353 et
3069 5298 3271 5355 Paulus
3299 5319 3312 5355 :
3348 5299 3683 5373 Cloriﬁcale,

2110 5389 2287 5460 inquit
2308 5391 2374 5457 “,
2402 5390 2566 5444 Deum
2594 5392 2650 5445 in
2676 5408 2891 5461 corpore
2920 5401 3087 5446 vestro
3114 5405 3160 5446 el
3189 5396 3243 5447 in
3274 5398 3466 5464 spiritu
3494 5416 3682 5463 ινεδινυ,

2111 5497 2233 5550 quae
2263 5492 2397 5537 sunt
2423 5482 2562 5551 ejus.
2599 5482 2839 5552 [Equum
2875 5485 3018 5537 enim
3049 5494 3133 5540 est
3160 5487 3564 5545 bent-factorem
3595 5510 3637 5560 με
3662 5509 3685 5543 r

2111 5578 2291 5632 omnia.
2323 5577 2647 5649 gloriﬁcare.
2682 5576 2849 5647 Super
2900 5576 3069 5633 Israel
3112 5583 3504 5650 magniﬁcentia
3546 5584 3691 5654 ejus.

1068 5712 1121 5744 “'
1146 5713 1265 5767 Act.
1299 5728 1419 5776 Vill,
1442 5712 1497 5775 2,
1526 5727 1676 5776 seqq.
1720 5710 1765 5743 “
1794 5709 1815 5765 Ι
1852 5712 1974 5768 CUP-
2007 5729 2079 5774 Vl.
2113 5712 2203 5769 20·
