  <div class='ocr_page' id='page_1' title='image "/cluster/home/n/w/nwhite01/storage/ocr_20150623/27/nnc1.0046978631/166.png"; bbox 0 0 3872 6216; ppageno 0'>
   <div class='ocr_carea' id='block_1_1' title="bbox 241 318 359 374">
    <p class='ocr_par' dir='ltr' id='par_1_1' title="bbox 241 318 359 374">
     <span class='ocr_line' id='line_1_1' title="bbox 241 318 359 374; baseline 0.017 -2"><span class='ocrx_word' id='word_1_1' title='bbox 241 318 359 374; x_wconf 74' lang='lat'><strong><em>305</em></strong></span> 
     </span>
    </p>
   </div>
   <div class='ocr_carea' id='block_1_2' title="bbox 1296 324 2405 385">
    <p class='ocr_par' dir='ltr' id='par_1_2' title="bbox 1296 324 2405 385">
     <span class='ocr_line' id='line_1_2' title="bbox 1296 324 2405 385; baseline 0.005 -7"><span class='ocrx_word' id='word_1_2' title='bbox 1296 324 1669 383; x_wconf 74' lang='lat' dir='ltr'><strong><em>EXPOSITIO</em></strong></span> <span class='ocrx_word' id='word_1_3' title='bbox 1699 324 1767 380; x_wconf 83' lang='lat' dir='ltr'><strong><em>IN</em></strong></span> <span class='ocrx_word' id='word_1_4' title='bbox 1805 324 2145 385; x_wconf 70' lang='lat' dir='ltr'><strong><em>PSALNUM</em></strong></span> <span class='ocrx_word' id='word_1_5' title='bbox 2176 327 2405 384; x_wconf 75' lang='lat' dir='ltr'><strong><em>LXVIII.</em></strong></span> 
     </span>
    </p>
   </div>
   <div class='ocr_carea' id='block_1_3' title="bbox 3392 331 3497 387">
    <p class='ocr_par' dir='ltr' id='par_1_3' title="bbox 3392 331 3497 387">
     <span class='ocr_line' id='line_1_3' title="bbox 3392 331 3497 387; baseline -0.01 0"><span class='ocrx_word' id='word_1_6' title='bbox 3392 331 3497 387; x_wconf 70' lang='lat'><strong><em>506</em></strong></span> 
     </span>
    </p>
   </div>
   <div class='ocr_carea' id='block_1_4' title="bbox 256 435 1815 515">
    <p class='ocr_par' dir='ltr' id='par_1_4' title="bbox 256 435 1815 514">
     <span class='ocr_line' id='line_1_4' title="bbox 256 435 1815 514; baseline 0.007 -26"><span class='ocrx_word' id='word_1_7' title='bbox 256 435 501 503; x_wconf 76' lang='grc' dir='ltr'>Ἰσραὴλ</span> <span class='ocrx_word' id='word_1_8' title='bbox 523 436 561 502; x_wconf 78' lang='grc' dir='ltr'><strong><em>ἠ</em></strong></span> <span class='ocrx_word' id='word_1_9' title='bbox 580 439 1058 506; x_wconf 72' lang='grc' dir='ltr'><strong><em>μεγαλοπρέπεια</em></strong></span> <span class='ocrx_word' id='word_1_10' title='bbox 1071 441 1277 508; x_wconf 84' lang='grc' dir='ltr'>αὐτοῦ,</span> <span class='ocrx_word' id='word_1_11' title='bbox 1302 442 1404 498; x_wconf 77' lang='grc' dir='ltr'><strong><em>καί</em></strong></span> <span class='ocrx_word' id='word_1_12' title='bbox 1419 445 1457 512; x_wconf 75' lang='grc' dir='ltr'><strong><em>ὴ</em></strong></span> <span class='ocrx_word' id='word_1_13' title='bbox 1474 444 1725 514; x_wconf 81' lang='grc' dir='ltr'>δύναμις</span> <span class='ocrx_word' id='word_1_14' title='bbox 1741 445 1815 498; x_wconf 87' lang='grc' dir='ltr'>αὐ</span> 
     </span>
    </p>
   </div>
   <div class='ocr_carea' id='block_1_5' title="bbox 1942 435 3500 515">
    <p class='ocr_par' dir='ltr' id='par_1_5' title="bbox 1942 444 3500 515">
     <span class='ocr_line' id='line_1_5' title="bbox 1942 444 3500 515; baseline 0.004 -17"><span class='ocrx_word' id='word_1_15' title='bbox 1942 454 1987 498; x_wconf 74' lang='lat' dir='ltr'><strong><em>et</em></strong></span> <span class='ocrx_word' id='word_1_16' title='bbox 2015 447 2180 499; x_wconf 79' lang='lat' dir='ltr'><strong><em>virtus</em></strong></span> <span class='ocrx_word' id='word_1_17' title='bbox 2207 446 2320 515; x_wconf 83' lang='lat' dir='ltr'><strong><em>ejus</em></strong></span> <span class='ocrx_word' id='word_1_18' title='bbox 2360 447 2412 500; x_wconf 87' lang='lat' dir='ltr'><strong><em>in</em></strong></span> <span class='ocrx_word' id='word_1_19' title='bbox 2454 444 2698 501; x_wconf 85' lang='lat' dir='ltr'><strong><em>nubibus.</em></strong></span> <span class='ocrx_word' id='word_1_20' title='bbox 2730 445 2997 501; x_wconf 81' lang='lat' dir='ltr'><strong><em>Mirabilis</em></strong></span> <span class='ocrx_word' id='word_1_21' title='bbox 3040 445 3178 502; x_wconf 88' lang='lat' dir='ltr'><strong><em>Deus</em></strong></span> <span class='ocrx_word' id='word_1_22' title='bbox 3212 448 3270 501; x_wconf 86' lang='lat' dir='ltr'><strong><em>in</em></strong></span> <span class='ocrx_word' id='word_1_23' title='bbox 3302 452 3500 504; x_wconf 84' lang='lat' dir='ltr'><strong><em>sanctis</em></strong></span> 
     </span>
    </p>
   </div>
   <div class='ocr_carea' id='block_1_6' title="bbox 239 526 1815 608">
    <p class='ocr_par' dir='ltr' id='par_1_6' title="bbox 239 526 1815 604">
     <span class='ocr_line' id='line_1_6' title="bbox 239 526 1815 604; baseline 0.007 -24"><span class='ocrx_word' id='word_1_24' title='bbox 239 526 359 581; x_wconf 81' lang='grc' dir='ltr'><strong><em>τοῦ</em></strong></span> <span class='ocrx_word' id='word_1_25' title='bbox 394 529 464 583; x_wconf 82' lang='grc' dir='ltr'><strong><em>ἐν</em></strong></span> <span class='ocrx_word' id='word_1_26' title='bbox 490 529 620 595; x_wconf 86' lang='grc' dir='ltr'>ταῖς</span> <span class='ocrx_word' id='word_1_27' title='bbox 652 529 950 599; x_wconf 74' lang='grc' dir='ltr'><strong><em>νεφέλαις.</em></strong></span> <span class='ocrx_word' id='word_1_28' title='bbox 985 534 1337 604; x_wconf 82' lang='grc' dir='ltr'><strong><em>Θαυμαστὸς</em></strong></span> <span class='ocrx_word' id='word_1_29' title='bbox 1366 539 1399 590; x_wconf 83' lang='grc' dir='ltr'><strong><em>ό</em></strong></span> <span class='ocrx_word' id='word_1_30' title='bbox 1432 536 1575 601; x_wconf 84' lang='grc' dir='ltr'><strong><em>Θεὸς</em></strong></span> <span class='ocrx_word' id='word_1_31' title='bbox 1611 537 1682 591; x_wconf 82' lang='grc' dir='ltr'><strong><em>ἐν</em></strong></span> <span class='ocrx_word' id='word_1_32' title='bbox 1710 536 1815 603; x_wconf 61' lang='grc' dir='ltr'><strong><em>τοᾷ</em></strong></span> 
     </span>
    </p>
   </div>
   <div class='ocr_carea' id='block_1_7' title="bbox 1942 526 3503 608">
    <p class='ocr_par' dir='ltr' id='par_1_7' title="bbox 1942 535 3503 608">
     <span class='ocr_line' id='line_1_7' title="bbox 1942 535 3503 608; baseline 0.003 -20"><span class='ocrx_word' id='word_1_33' title='bbox 1942 535 2070 604; x_wconf 80' lang='lat' dir='ltr'><strong><em>ejus,</em></strong></span> <span class='ocrx_word' id='word_1_34' title='bbox 2100 536 2236 590; x_wconf 84' lang='lat' dir='ltr'><strong><em>Deus</em></strong></span> <span class='ocrx_word' id='word_1_35' title='bbox 2272 535 2451 591; x_wconf 66' lang='lat' dir='ltr'><strong><em>Israel</em></strong></span> <span class='ocrx_word' id='word_1_36' title='bbox 2470 538 2579 606; x_wconf 83' lang='lat' dir='ltr'><strong><em>ipse</em></strong></span> <span class='ocrx_word' id='word_1_37' title='bbox 2612 538 2759 592; x_wconf 87' lang='lat' dir='ltr'><strong><em>dabit</em></strong></span> <span class='ocrx_word' id='word_1_38' title='bbox 2795 540 3040 593; x_wconf 77' lang='lat' dir='ltr'><strong><em>virtutem</em></strong></span> <span class='ocrx_word' id='word_1_39' title='bbox 3065 547 3113 593; x_wconf 91' lang='lat' dir='ltr'><strong><em>et</em></strong></span> <span class='ocrx_word' id='word_1_40' title='bbox 3139 540 3503 608; x_wconf 74' lang='lat' dir='ltr'><strong><em>fortitudinem</em></strong></span> 
     </span>
    </p>
   </div>
   <div class='ocr_carea' id='block_1_8' title="bbox 240 617 1815 698">
    <p class='ocr_par' dir='ltr' id='par_1_8' title="bbox 240 617 1815 698">
     <span class='ocr_line' id='line_1_8' title="bbox 240 617 1815 698; baseline 0.008 -29"><span class='ocrx_word' id='word_1_41' title='bbox 240 617 441 687; x_wconf 74' lang='grc' dir='ltr'>ἁγίοις</span> <span class='ocrx_word' id='word_1_42' title='bbox 460 621 668 684; x_wconf 86' lang='grc' dir='ltr'><strong><em>αὐτοῦ,</em></strong></span> <span class='ocrx_word' id='word_1_43' title='bbox 696 625 729 674; x_wconf 84' lang='grc' dir='ltr'><strong><em>ό</em></strong></span> <span class='ocrx_word' id='word_1_44' title='bbox 759 622 903 686; x_wconf 76' lang='grc' dir='ltr'><em>Θεὸς</em></span> <span class='ocrx_word' id='word_1_45' title='bbox 926 624 1161 693; x_wconf 78' lang='grc' dir='ltr'>Ἰσραὴλ</span> <span class='ocrx_word' id='word_1_46' title='bbox 1183 626 1365 692; x_wconf 83' lang='grc' dir='ltr'>αὐτὸς</span> <span class='ocrx_word' id='word_1_47' title='bbox 1381 627 1558 682; x_wconf 84' lang='grc' dir='ltr'>δώσει</span> <span class='ocrx_word' id='word_1_48' title='bbox 1579 628 1815 698; x_wconf 60' lang='grc' dir='ltr'>δύναμιν</span> 
     </span>
    </p>
   </div>
   <div class='ocr_carea' id='block_1_9' title="bbox 1942 617 3501 698">
    <p class='ocr_par' dir='ltr' id='par_1_9' title="bbox 1942 622 3501 697">
     <span class='ocr_line' id='line_1_9' title="bbox 1942 622 3501 697; baseline 0.005 -22"><span class='ocrx_word' id='word_1_49' title='bbox 1942 622 2067 683; x_wconf 81' lang='lat' dir='ltr'><strong><em>plebi</em></strong></span> <span class='ocrx_word' id='word_1_50' title='bbox 2094 640 2225 687; x_wconf 70' lang='lat' dir='ltr'><strong><em>suae,</em></strong></span> <span class='ocrx_word' id='word_1_51' title='bbox 2270 626 2564 679; x_wconf 84' lang='lat' dir='ltr'><strong><em>benedictus</em></strong></span> <span class='ocrx_word' id='word_1_52' title='bbox 2616 624 2773 680; x_wconf 83' lang='lat' dir='ltr'><strong><em>Deus.</em></strong></span> <span class='ocrx_word' id='word_1_53' title='bbox 2803 624 3076 691; x_wconf 85' lang='lat' dir='ltr'><strong><em>Quoniam</em></strong></span> <span class='ocrx_word' id='word_1_54' title='bbox 3121 626 3345 681; x_wconf 86' lang='lat' dir='ltr'><strong><em>secundi</em></strong></span> <span class='ocrx_word' id='word_1_55' title='bbox 3383 626 3501 697; x_wconf 85' lang='lat' dir='ltr'><strong><em>ejus</em></strong></span> 
     </span>
    </p>
   </div>
   <div class='ocr_carea' id='block_1_10' title="bbox 238 712 1816 789">
    <p class='ocr_par' dir='ltr' id='par_1_10' title="bbox 238 712 1816 789">
     <span class='ocr_line' id='line_1_10' title="bbox 238 712 1816 789; baseline 0.008 -25"><span class='ocrx_word' id='word_1_56' title='bbox 238 712 349 765; x_wconf 80' lang='grc' dir='ltr'>καὶ</span> <span class='ocrx_word' id='word_1_57' title='bbox 374 714 737 780; x_wconf 81' lang='grc' dir='ltr'>κραταίωσιν</span> <span class='ocrx_word' id='word_1_58' title='bbox 760 712 837 779; x_wconf 85' lang='grc' dir='ltr'><strong><em>τῷ</em></strong></span> <span class='ocrx_word' id='word_1_59' title='bbox 864 714 991 780; x_wconf 79' lang='grc' dir='ltr'>λαῷ</span> <span class='ocrx_word' id='word_1_60' title='bbox 1012 717 1221 782; x_wconf 83' lang='grc' dir='ltr'>αὑτοῦ,</span> <span class='ocrx_word' id='word_1_61' title='bbox 1259 721 1585 789; x_wconf 77' lang='grc' dir='ltr'><strong><em>εὐλογητὸς</em></strong></span> <span class='ocrx_word' id='word_1_62' title='bbox 1600 725 1634 775; x_wconf 89' lang='grc' dir='ltr'><em>ὀ</em></span> <span class='ocrx_word' id='word_1_63' title='bbox 1657 723 1816 787; x_wconf 84' lang='grc' dir='ltr'>Θεός.</span> 
     </span>
    </p>
   </div>
   <div class='ocr_carea' id='block_1_11' title="bbox 254 804 1828 884">
    <p class='ocr_par' dir='ltr' id='par_1_11' title="bbox 254 804 1828 884">
     <span class='ocr_line' id='line_1_11' title="bbox 254 804 1828 884; baseline 0.006 -27"><span class='ocrx_word' id='word_1_64' title='bbox 254 804 478 874; x_wconf 84' lang='grc' dir='ltr'><strong><em>Ἐπειδὴ</em></strong></span> <span class='ocrx_word' id='word_1_65' title='bbox 492 804 591 874; x_wconf 80' lang='grc' dir='ltr'><strong><em>τῆς</em></strong></span> <span class='ocrx_word' id='word_1_66' title='bbox 603 804 861 876; x_wconf 75' lang='grc' dir='ltr'><strong><em>δευτέρας</em></strong></span> <span class='ocrx_word' id='word_1_67' title='bbox 877 806 1040 859; x_wconf 80' lang='grc' dir='ltr'>αὑτοῦ</span> <span class='ocrx_word' id='word_1_68' title='bbox 1062 809 1366 879; x_wconf 70' lang='grc' dir='ltr'><strong><em>παρουσίας</em></strong></span> <span class='ocrx_word' id='word_1_69' title='bbox 1390 812 1609 884; x_wconf 82' lang='grc' dir='ltr'>μνήμην</span> <span class='ocrx_word' id='word_1_70' title='bbox 1629 816 1657 867; x_wconf 88' lang='grc' dir='ltr'><strong><em>ό</em></strong></span> <span class='ocrx_word' id='word_1_71' title='bbox 1672 812 1828 882; x_wconf 82' lang='grc' dir='ltr'><em>λόγος</em></span> 
     </span>
    </p>
   </div>
   <div class='ocr_carea' id='block_1_12' title="bbox 238 894 1827 974">
    <p class='ocr_par' dir='ltr' id='par_1_12' title="bbox 238 894 1827 974">
     <span class='ocr_line' id='line_1_12' title="bbox 238 894 1827 974; baseline 0.007 -28"><span class='ocrx_word' id='word_1_72' title='bbox 238 894 563 964; x_wconf 78' lang='grc' dir='ltr'>πεποίηται,</span> <span class='ocrx_word' id='word_1_73' title='bbox 596 895 718 950; x_wconf 82' lang='grc' dir='ltr'>καθ’</span> <span class='ocrx_word' id='word_1_74' title='bbox 763 898 829 967; x_wconf 83' lang='grc' dir='ltr'><strong><em>ῆν</em></strong></span> <span class='ocrx_word' id='word_1_75' title='bbox 876 898 1081 962; x_wconf 84' lang='grc' dir='ltr'><strong><em>πάντας</em></strong></span> <span class='ocrx_word' id='word_1_76' title='bbox 1109 900 1401 973; x_wconf 80' lang='grc' dir='ltr'><strong><em>ἀναστήσει</em></strong></span> <span class='ocrx_word' id='word_1_77' title='bbox 1425 905 1552 966; x_wconf 84' lang='grc' dir='ltr'>τοὺς</span> <span class='ocrx_word' id='word_1_78' title='bbox 1580 906 1827 974; x_wconf 83' lang='grc' dir='ltr'>νεκροὺς,</span> 
     </span>
    </p>
   </div>
   <div class='ocr_carea' id='block_1_13' title="bbox 236 985 1827 1063">
    <p class='ocr_par' dir='ltr' id='par_1_13' title="bbox 236 985 1827 1063">
     <span class='ocr_line' id='line_1_13' title="bbox 236 985 1827 1063; baseline 0.006 -25"><span class='ocrx_word' id='word_1_79' title='bbox 236 985 436 1040; x_wconf 74' lang='grc' dir='ltr'>τούτου</span> <span class='ocrx_word' id='word_1_80' title='bbox 464 986 623 1060; x_wconf 84' lang='grc' dir='ltr'><strong>χάριν</strong></span> <span class='ocrx_word' id='word_1_81' title='bbox 654 988 747 1040; x_wconf 72' lang='grc' dir='ltr'><strong><em>καὶ</em></strong></span> <span class='ocrx_word' id='word_1_82' title='bbox 780 988 887 1052; x_wconf 62' lang='grc' dir='ltr'><strong><em>τάςε</em></strong></span> <span class='ocrx_word' id='word_1_83' title='bbox 920 990 1191 1062; x_wconf 84' lang='grc' dir='ltr'><strong><em>διαφόρως</em></strong></span> <span class='ocrx_word' id='word_1_84' title='bbox 1215 992 1689 1063; x_wconf 83' lang='grc' dir='ltr'>ἀποδοθησομένας</span> <span class='ocrx_word' id='word_1_85' title='bbox 1714 998 1827 1059; x_wconf 88' lang='grc' dir='ltr'><em>τοῖς</em></span> 
     </span>
    </p>
   </div>
   <div class='ocr_carea' id='block_1_14' title="bbox 233 1077 1826 1156">
    <p class='ocr_par' dir='ltr' id='par_1_14' title="bbox 233 1077 1826 1156">
     <span class='ocr_line' id='line_1_14' title="bbox 233 1077 1826 1156; baseline 0.006 -28"><span class='ocrx_word' id='word_1_86' title='bbox 233 1077 421 1145; x_wconf 78' lang='grc' dir='ltr'><strong><em>ἁγίοις</em></strong></span> <span class='ocrx_word' id='word_1_87' title='bbox 480 1080 645 1149; x_wconf 83' lang='grc' dir='ltr'>τιμὰς</span> <span class='ocrx_word' id='word_1_88' title='bbox 696 1082 846 1150; x_wconf 80' lang='grc' dir='ltr'>ἡμᾶς</span> <span class='ocrx_word' id='word_1_89' title='bbox 890 1081 1152 1147; x_wconf 83' lang='grc' dir='ltr'><strong><em>διδάσκει,</em></strong></span> <span class='ocrx_word' id='word_1_90' title='bbox 1209 1084 1300 1136; x_wconf 78' lang='grc' dir='ltr'><strong><em>καὶ</em></strong></span> <span class='ocrx_word' id='word_1_91' title='bbox 1348 1083 1415 1137; x_wconf 86' lang='grc' dir='ltr'><strong><em>τὰ</em></strong></span> <span class='ocrx_word' id='word_1_92' title='bbox 1466 1084 1695 1156; x_wconf 79' lang='grc' dir='ltr'>διάφορα</span> <span class='ocrx_word' id='word_1_93' title='bbox 1719 1086 1826 1139; x_wconf 90' lang='grc' dir='ltr'><strong><em>τῶν</em></strong></span> 
     </span>
    </p>
   </div>
   <div class='ocr_carea' id='block_1_15' title="bbox 236 1168 1824 1246">
    <p class='ocr_par' dir='ltr' id='par_1_15' title="bbox 236 1168 1824 1246">
     <span class='ocr_line' id='line_1_15' title="bbox 236 1168 1824 1246; baseline 0.006 -26"><span class='ocrx_word' id='word_1_94' title='bbox 236 1168 417 1236; x_wconf 79' lang='grc' dir='ltr'>ἁγίων</span> <span class='ocrx_word' id='word_1_95' title='bbox 467 1170 744 1242; x_wconf 82' lang='grc' dir='ltr'><strong><em>τάγματα.</em></strong></span> <span class='ocrx_word' id='word_1_96' title='bbox 797 1173 909 1227; x_wconf 74' lang='grc' dir='ltr'><strong><em>Καὶ</em></strong></span> <span class='ocrx_word' id='word_1_97' title='bbox 957 1172 1027 1225; x_wconf 85' lang='grc' dir='ltr'><strong><em>τά</em></strong></span> <span class='ocrx_word' id='word_1_98' title='bbox 1068 1174 1165 1243; x_wconf 85' lang='grc' dir='ltr'><strong><em>μὲν</em></strong></span> <span class='ocrx_word' id='word_1_99' title='bbox 1225 1174 1482 1246; x_wconf 79' lang='grc' dir='ltr'><strong>τάγματα</strong></span> <span class='ocrx_word' id='word_1_100' title='bbox 1513 1176 1604 1229; x_wconf 90' lang='grc' dir='ltr'><strong><em>διά</em></strong></span> <span class='ocrx_word' id='word_1_101' title='bbox 1646 1194 1706 1230; x_wconf 89' lang='grc' dir='ltr'><strong><em>τε</em></strong></span> <span class='ocrx_word' id='word_1_102' title='bbox 1730 1176 1824 1229; x_wconf 85' lang='grc' dir='ltr'><strong><em>τοῦ</em></strong></span> 
     </span>
    </p>
   </div>
   <div class='ocr_carea' id='block_1_16' title="bbox 251 1262 1823 1335">
    <p class='ocr_par' dir='ltr' id='par_1_16' title="bbox 251 1262 1823 1335">
     <span class='ocr_line' id='line_1_16' title="bbox 251 1262 1823 1335; baseline 0.004 -20"><span class='ocrx_word' id='word_1_103' title='bbox 251 1262 492 1333; x_wconf 84' lang='grc' dir='ltr'>Ἰσραὴλ,</span> <span class='ocrx_word' id='word_1_104' title='bbox 528 1263 617 1317; x_wconf 83' lang='grc' dir='ltr'><strong><em>διά</em></strong></span> <span class='ocrx_word' id='word_1_105' title='bbox 636 1282 697 1316; x_wconf 90' lang='grc' dir='ltr'><strong><em>τε</em></strong></span> <span class='ocrx_word' id='word_1_106' title='bbox 719 1264 825 1316; x_wconf 89' lang='grc' dir='ltr'><strong><em>τῶν</em></strong></span> <span class='ocrx_word' id='word_1_107' title='bbox 854 1264 1113 1333; x_wconf 80' lang='grc' dir='ltr'><strong><em>νεφελῶν,</em></strong></span> <span class='ocrx_word' id='word_1_108' title='bbox 1146 1265 1236 1319; x_wconf 90' lang='grc' dir='ltr'><strong><em>διά</em></strong></span> <span class='ocrx_word' id='word_1_109' title='bbox 1274 1284 1335 1319; x_wconf 90' lang='grc' dir='ltr'><strong><em>τε</em></strong></span> <span class='ocrx_word' id='word_1_110' title='bbox 1379 1267 1487 1320; x_wconf 91' lang='grc' dir='ltr'><strong><em>τῶν</em></strong></span> <span class='ocrx_word' id='word_1_111' title='bbox 1515 1268 1707 1335; x_wconf 81' lang='grc' dir='ltr'>ἁγίων,</span> <span class='ocrx_word' id='word_1_112' title='bbox 1735 1267 1823 1321; x_wconf 90' lang='grc' dir='ltr'><strong><em>διά</em></strong></span> 
     </span>
    </p>
   </div>
   <div class='ocr_carea' id='block_1_17' title="bbox 232 1353 1823 1428">
    <p class='ocr_par' dir='ltr' id='par_1_17' title="bbox 232 1353 1823 1428">
     <span class='ocr_line' id='line_1_17' title="bbox 232 1353 1823 1428; baseline 0.003 -23"><span class='ocrx_word' id='word_1_113' title='bbox 232 1369 299 1405; x_wconf 82' lang='grc' dir='ltr'>τε</span> <span class='ocrx_word' id='word_1_114' title='bbox 330 1353 425 1405; x_wconf 78' lang='grc' dir='ltr'><strong><em>τοῦ</em></strong></span> <span class='ocrx_word' id='word_1_115' title='bbox 451 1353 581 1408; x_wconf 83' lang='grc' dir='ltr'>λαοῦ</span> <span class='ocrx_word' id='word_1_116' title='bbox 612 1355 1033 1425; x_wconf 76' lang='grc' dir='ltr'>κατασημαίνειο</span> <span class='ocrx_word' id='word_1_117' title='bbox 1096 1357 1194 1420; x_wconf 83' lang='grc' dir='ltr'><strong><em>τὰς</em></strong></span> <span class='ocrx_word' id='word_1_118' title='bbox 1223 1358 1280 1411; x_wconf 90' lang='grc' dir='ltr'>δὲ</span> <span class='ocrx_word' id='word_1_119' title='bbox 1311 1359 1479 1428; x_wconf 81' lang='grc' dir='ltr'>τιμὰς</span> <span class='ocrx_word' id='word_1_120' title='bbox 1509 1358 1598 1411; x_wconf 90' lang='grc' dir='ltr'><strong><em>διά</em></strong></span> <span class='ocrx_word' id='word_1_121' title='bbox 1637 1375 1694 1411; x_wconf 88' lang='grc' dir='ltr'><strong><em>τε</em></strong></span> <span class='ocrx_word' id='word_1_122' title='bbox 1721 1357 1823 1427; x_wconf 84' lang='grc' dir='ltr'><strong><em>τῆς</em></strong></span> 
     </span>
    </p>
   </div>
   <div class='ocr_carea' id='block_1_18' title="bbox 236 1446 1819 1520">
    <p class='ocr_par' dir='ltr' id='par_1_18' title="bbox 236 1446 1819 1520">
     <span class='ocr_line' id='line_1_18' title="bbox 236 1446 1819 1520; baseline 0.002 -21"><span class='ocrx_word' id='word_1_123' title='bbox 236 1446 737 1518; x_wconf 77' lang='grc' dir='ltr'><strong><em>μεγαλοπρεπείας,</em></strong></span> <span class='ocrx_word' id='word_1_124' title='bbox 761 1448 850 1503; x_wconf 87' lang='grc' dir='ltr'><strong><em>διά</em></strong></span> <span class='ocrx_word' id='word_1_125' title='bbox 881 1465 941 1500; x_wconf 90' lang='grc' dir='ltr'>τε</span> <span class='ocrx_word' id='word_1_126' title='bbox 969 1447 1070 1517; x_wconf 81' lang='grc' dir='ltr'><strong><em>τῆς</em></strong></span> <span class='ocrx_word' id='word_1_127' title='bbox 1111 1449 1411 1520; x_wconf 87' lang='grc' dir='ltr'>δυνάμεως,</span> <span class='ocrx_word' id='word_1_128' title='bbox 1468 1450 1559 1504; x_wconf 89' lang='grc' dir='ltr'><strong><em>διά</em></strong></span> <span class='ocrx_word' id='word_1_129' title='bbox 1616 1467 1676 1503; x_wconf 88' lang='grc' dir='ltr'><strong><em>τε</em></strong></span> <span class='ocrx_word' id='word_1_130' title='bbox 1726 1449 1819 1502; x_wconf 80' lang='grc' dir='ltr'><strong><em>τοῦ</em></strong></span> 
     </span>
    </p>
   </div>
   <div class='ocr_carea' id='block_1_19' title="bbox 234 1536 1822 1614">
    <p class='ocr_par' dir='ltr' id='par_1_19' title="bbox 234 1536 1822 1614">
     <span class='ocr_line' id='line_1_19' title="bbox 234 1536 1822 1614; baseline 0.003 -25"><span class='ocrx_word' id='word_1_131' title='bbox 234 1536 537 1607; x_wconf 78' lang='grc' dir='ltr'><strong><em>θαύματος,</em></strong></span> <span class='ocrx_word' id='word_1_132' title='bbox 583 1537 673 1590; x_wconf 91' lang='grc' dir='ltr'><strong><em>διά</em></strong></span> <span class='ocrx_word' id='word_1_133' title='bbox 722 1556 781 1591; x_wconf 91' lang='grc' dir='ltr'><strong><em>τε</em></strong></span> <span class='ocrx_word' id='word_1_134' title='bbox 830 1540 925 1593; x_wconf 83' lang='grc' dir='ltr'>τοῦ</span> <span class='ocrx_word' id='word_1_135' title='bbox 974 1541 1208 1614; x_wconf 82' lang='grc' dir='ltr'><strong><em>κράτους</em></strong></span> <span class='ocrx_word' id='word_1_136' title='bbox 1260 1541 1638 1597; x_wconf 84' lang='grc' dir='ltr'>διαδείκνυσιν.</span> <span class='ocrx_word' id='word_1_137' title='bbox 1701 1540 1822 1595; x_wconf 81' lang='grc' dir='ltr'><strong><em>Ἐπὶ</em></strong></span> 
     </span>
    </p>
   </div>
   <div class='ocr_carea' id='block_1_20' title="bbox 230 1631 1818 1706">
    <p class='ocr_par' dir='ltr' id='par_1_20' title="bbox 230 1631 1818 1706">
     <span class='ocr_line' id='line_1_20' title="bbox 230 1631 1818 1706; baseline 0.003 -24"><span class='ocrx_word' id='word_1_138' title='bbox 230 1632 375 1683; x_wconf 73' lang='grc' dir='ltr'>πᾶσι</span> <span class='ocrx_word' id='word_1_139' title='bbox 408 1631 465 1683; x_wconf 83' lang='grc' dir='ltr'>δὲ</span> <span class='ocrx_word' id='word_1_140' title='bbox 488 1631 698 1694; x_wconf 83' lang='grc' dir='ltr'><em>τούτοις</em></span> <span class='ocrx_word' id='word_1_141' title='bbox 745 1632 1033 1703; x_wconf 76' lang='grc' dir='ltr'>εὐλογητὸν</span> <span class='ocrx_word' id='word_1_142' title='bbox 1059 1634 1149 1687; x_wconf 84' lang='grc' dir='ltr'>τὸν</span> <span class='ocrx_word' id='word_1_143' title='bbox 1175 1633 1306 1688; x_wconf 86' lang='grc' dir='ltr'><strong><em>Θεὸν</em></strong></span> <span class='ocrx_word' id='word_1_144' title='bbox 1333 1652 1496 1706; x_wconf 86' lang='grc' dir='ltr'>φησιν</span> <span class='ocrx_word' id='word_1_145' title='bbox 1521 1631 1681 1688; x_wconf 78' lang='grc' dir='ltr'>εἶναι.</span> <span class='ocrx_word' id='word_1_146' title='bbox 1710 1633 1818 1703; x_wconf 80' lang='grc' dir='ltr'><strong><em>Δῆ-</em></strong></span> 
     </span>
    </p>
   </div>
   <div class='ocr_carea' id='block_1_21' title="bbox 1932 713 3504 785">
    <p class='ocr_par' dir='ltr' id='par_1_21' title="bbox 1932 713 3504 785">
     <span class='ocr_line' id='line_1_21' title="bbox 1932 713 3504 785; baseline 0.002 -18"><span class='ocrx_word' id='word_1_147' title='bbox 1932 714 2196 769; x_wconf 88' lang='lat' dir='ltr'><strong><em>adventus</em></strong></span> <span class='ocrx_word' id='word_1_148' title='bbox 2213 715 2416 768; x_wconf 82' lang='lat' dir='ltr'><strong><em>mentio</em></strong></span> <span class='ocrx_word' id='word_1_149' title='bbox 2440 713 2583 769; x_wconf 85' lang='lat' dir='ltr'><strong><em>facta</em></strong></span> <span class='ocrx_word' id='word_1_150' title='bbox 2613 723 2717 779; x_wconf 87' lang='lat' dir='ltr'><strong><em>est,</em></strong></span> <span class='ocrx_word' id='word_1_151' title='bbox 2749 731 2858 785; x_wconf 91' lang='lat' dir='ltr'><strong><em>quo</em></strong></span> <span class='ocrx_word' id='word_1_152' title='bbox 2888 724 3132 785; x_wconf 87' lang='lat' dir='ltr'><strong><em>tempore</em></strong></span> <span class='ocrx_word' id='word_1_153' title='bbox 3151 731 3341 772; x_wconf 88' lang='lat' dir='ltr'><strong><em>omnes</em></strong></span> <span class='ocrx_word' id='word_1_154' title='bbox 3363 731 3504 770; x_wconf 89' lang='lat' dir='ltr'><strong><em>mor-</em></strong></span> 
     </span>
    </p>
   </div>
   <div class='ocr_carea' id='block_1_22' title="bbox 1928 806 3500 869">
    <p class='ocr_par' dir='ltr' id='par_1_22' title="bbox 1928 806 3500 869">
     <span class='ocr_line' id='line_1_22' title="bbox 1928 806 3500 869; baseline 0 -8"><span class='ocrx_word' id='word_1_155' title='bbox 1928 816 2054 861; x_wconf 87' lang='lat' dir='ltr'><strong><em>tuos</em></strong></span> <span class='ocrx_word' id='word_1_156' title='bbox 2100 806 2404 869; x_wconf 89' lang='lat' dir='ltr'><strong><em>suscitabit,</em></strong></span> <span class='ocrx_word' id='word_1_157' title='bbox 2439 806 2561 861; x_wconf 89' lang='lat' dir='ltr'><strong><em>ideo</em></strong></span> <span class='ocrx_word' id='word_1_158' title='bbox 2606 807 2844 862; x_wconf 85' lang='lat' dir='ltr'><strong><em>honores</em></strong></span> <span class='ocrx_word' id='word_1_159' title='bbox 2888 808 3094 863; x_wconf 90' lang='lat' dir='ltr'><strong><em>sanctis</em></strong></span> <span class='ocrx_word' id='word_1_160' title='bbox 3140 807 3295 862; x_wconf 88' lang='lat' dir='ltr'><strong><em>vario</em></strong></span> <span class='ocrx_word' id='word_1_161' title='bbox 3336 806 3500 861; x_wconf 92' lang='lat' dir='ltr'><strong><em>modo</em></strong></span> 
     </span>
    </p>
   </div>
   <div class='ocr_carea' id='block_1_23' title="bbox 1927 898 3498 969">
    <p class='ocr_par' dir='ltr' id='par_1_23' title="bbox 1927 898 3498 969">
     <span class='ocr_line' id='line_1_23' title="bbox 1927 898 3498 969; baseline -0.001 -14"><span class='ocrx_word' id='word_1_162' title='bbox 1927 898 2302 955; x_wconf 89' lang='lat' dir='ltr'><strong><em>concedendos</em></strong></span> <span class='ocrx_word' id='word_1_163' title='bbox 2356 914 2455 953; x_wconf 86' lang='lat' dir='ltr'><strong><em>nos</em></strong></span> <span class='ocrx_word' id='word_1_164' title='bbox 2499 898 2722 964; x_wconf 80' lang='lat' dir='ltr'><strong><em>edocet,</em></strong></span> <span class='ocrx_word' id='word_1_165' title='bbox 2770 909 2933 969; x_wconf 88' lang='lat' dir='ltr'><strong><em>atque</em></strong></span> <span class='ocrx_word' id='word_1_166' title='bbox 2984 900 3226 955; x_wconf 87' lang='lat' dir='ltr'><strong><em>diversos</em></strong></span> <span class='ocrx_word' id='word_1_167' title='bbox 3279 908 3498 955; x_wconf 89' lang='lat' dir='ltr'><strong><em>sancto-</em></strong></span> 
     </span>
    </p>
   </div>
   <div class='ocr_carea' id='block_1_24' title="bbox 1925 990 3499 1061">
    <p class='ocr_par' dir='ltr' id='par_1_24' title="bbox 1925 990 3499 1061">
     <span class='ocr_line' id='line_1_24' title="bbox 1925 990 3499 1061; baseline -0.001 -16"><span class='ocrx_word' id='word_1_168' title='bbox 1925 1007 2047 1046; x_wconf 86' lang='lat' dir='ltr'><strong><em>rum</em></strong></span> <span class='ocrx_word' id='word_1_169' title='bbox 2077 992 2315 1046; x_wconf 85' lang='lat' dir='ltr'><strong><em>ordines.</em></strong></span> <span class='ocrx_word' id='word_1_170' title='bbox 2348 990 2461 1046; x_wconf 86' lang='lat' dir='ltr'><strong><em>Hos</em></strong></span> <span class='ocrx_word' id='word_1_171' title='bbox 2486 1002 2669 1046; x_wconf 88' lang='lat' dir='ltr'><strong><em>autem</em></strong></span> <span class='ocrx_word' id='word_1_172' title='bbox 2701 992 2942 1056; x_wconf 84' lang='lat' dir='ltr'><strong><em>ordines,</em></strong></span> <span class='ocrx_word' id='word_1_173' title='bbox 2979 1007 3075 1061; x_wconf 91' lang='lat' dir='ltr'><strong><em>per</em></strong></span> <span class='ocrx_word' id='word_1_174' title='bbox 3105 992 3378 1057; x_wconf 86' lang='lat' dir='ltr'><strong><em>lsraelem,</em></strong></span> <span class='ocrx_word' id='word_1_175' title='bbox 3404 1007 3499 1060; x_wconf 89' lang='lat' dir='ltr'><strong><em>per</em></strong></span> 
     </span>
    </p>
   </div>
   <div class='ocr_carea' id='block_1_25' title="bbox 1925 1080 3497 1153">
    <p class='ocr_par' dir='ltr' id='par_1_25' title="bbox 1925 1080 3497 1153">
     <span class='ocr_line' id='line_1_25' title="bbox 1925 1080 3497 1153; baseline -0.001 -15"><span class='ocrx_word' id='word_1_176' title='bbox 1925 1084 2120 1147; x_wconf 89' lang='lat' dir='ltr'><strong><em>nubes,</em></strong></span> <span class='ocrx_word' id='word_1_177' title='bbox 2153 1098 2248 1153; x_wconf 84' lang='lat' dir='ltr'><strong><em>per</em></strong></span> <span class='ocrx_word' id='word_1_178' title='bbox 2277 1092 2496 1138; x_wconf 88' lang='lat' dir='ltr'><strong><em>sanctos</em></strong></span> <span class='ocrx_word' id='word_1_179' title='bbox 2522 1089 2576 1137; x_wconf 87' lang='lat' dir='ltr'><strong><em>et</em></strong></span> <span class='ocrx_word' id='word_1_180' title='bbox 2607 1097 2703 1151; x_wconf 90' lang='lat' dir='ltr'><strong><em>per</em></strong></span> <span class='ocrx_word' id='word_1_181' title='bbox 2745 1083 3003 1152; x_wconf 86' lang='lat' dir='ltr'><strong><em>populum</em></strong></span> <span class='ocrx_word' id='word_1_182' title='bbox 3056 1083 3346 1153; x_wconf 86' lang='lat' dir='ltr'><strong><em>signiﬁcat.</em></strong></span> <span class='ocrx_word' id='word_1_183' title='bbox 3383 1080 3497 1137; x_wconf 84' lang='lat' dir='ltr'><strong><em>llo-</em></strong></span> 
     </span>
    </p>
   </div>
   <div class='ocr_carea' id='block_1_26' title="bbox 1925 1172 3517 1245">
    <p class='ocr_par' dir='ltr' id='par_1_26' title="bbox 1925 1172 3517 1245">
     <span class='ocr_line' id='line_1_26' title="bbox 1925 1172 3517 1245; baseline 0 -17"><span class='ocrx_word' id='word_1_184' title='bbox 1925 1190 2087 1230; x_wconf 88' lang='lat' dir='ltr'><strong><em>nores</em></strong></span> <span class='ocrx_word' id='word_1_185' title='bbox 2116 1182 2294 1228; x_wconf 87' lang='lat' dir='ltr'><strong><em>autem</em></strong></span> <span class='ocrx_word' id='word_1_186' title='bbox 2326 1189 2422 1243; x_wconf 89' lang='lat' dir='ltr'><strong><em>per</em></strong></span> <span class='ocrx_word' id='word_1_187' title='bbox 2456 1172 2937 1243; x_wconf 74' lang='lat' dir='ltr'><strong><em>magniﬁcentiam,</em></strong></span> <span class='ocrx_word' id='word_1_188' title='bbox 2963 1188 3057 1242; x_wconf 90' lang='lat' dir='ltr'><strong><em>per</em></strong></span> <span class='ocrx_word' id='word_1_189' title='bbox 3090 1175 3368 1239; x_wconf 85' lang='lat' dir='ltr'><strong><em>virtutem,</em></strong></span> <span class='ocrx_word' id='word_1_190' title='bbox 3402 1188 3517 1245; x_wconf 89' lang='lat' dir='ltr'><strong><em>per_</em></strong></span> 
     </span>
    </p>
   </div>
   <div class='ocr_carea' id='block_1_27' title="bbox 1926 1264 3497 1335">
    <p class='ocr_par' dir='ltr' id='par_1_27' title="bbox 1926 1264 3497 1335">
     <span class='ocr_line' id='line_1_27' title="bbox 1926 1264 3497 1335; baseline 0.001 -15"><span class='ocrx_word' id='word_1_191' title='bbox 1926 1266 2253 1321; x_wconf 87' lang='lat' dir='ltr'><strong><em>miraculum</em></strong></span> <span class='ocrx_word' id='word_1_192' title='bbox 2280 1273 2335 1319; x_wconf 87' lang='lat' dir='ltr'><strong><em>et</em></strong></span> <span class='ocrx_word' id='word_1_193' title='bbox 2362 1282 2457 1335; x_wconf 88' lang='lat' dir='ltr'><strong><em>per</em></strong></span> <span class='ocrx_word' id='word_1_194' title='bbox 2488 1264 2861 1320; x_wconf 80' lang='lat' dir='ltr'><strong><em>fortitudinem</em></strong></span> <span class='ocrx_word' id='word_1_195' title='bbox 2898 1265 3121 1321; x_wconf 89' lang='lat' dir='ltr'><strong><em>indicat.</em></strong></span> <span class='ocrx_word' id='word_1_196' title='bbox 3151 1266 3232 1319; x_wconf 84' lang='lat' dir='ltr'><strong><em>Ad</em></strong></span> <span class='ocrx_word' id='word_1_197' title='bbox 3257 1268 3372 1322; x_wconf 69' lang='lat' dir='ltr'><strong><em>haec</em></strong></span> <span class='ocrx_word' id='word_1_198' title='bbox 3395 1282 3497 1322; x_wconf 80' lang='lat' dir='ltr'><strong><em>au—</em></strong></span> 
     </span>
    </p>
   </div>
   <div class='ocr_carea' id='block_1_28' title="bbox 1929 1356 3497 1425">
    <p class='ocr_par' dir='ltr' id='par_1_28' title="bbox 1929 1356 3497 1425">
     <span class='ocr_line' id='line_1_28' title="bbox 1929 1356 3497 1425; baseline -0.001 -12"><span class='ocrx_word' id='word_1_199' title='bbox 1929 1367 2037 1413; x_wconf 91' lang='lat' dir='ltr'><strong><em>tem</em></strong></span> <span class='ocrx_word' id='word_1_200' title='bbox 2090 1358 2310 1425; x_wconf 87' lang='lat' dir='ltr'><strong><em>omnia,</em></strong></span> <span class='ocrx_word' id='word_1_201' title='bbox 2357 1357 2702 1413; x_wconf 84' lang='lat' dir='ltr'><strong><em>benedictum</em></strong></span> <span class='ocrx_word' id='word_1_202' title='bbox 2745 1357 2879 1412; x_wconf 89' lang='lat' dir='ltr'><strong><em>dicit</em></strong></span> <span class='ocrx_word' id='word_1_203' title='bbox 2923 1356 3115 1412; x_wconf 91' lang='lat' dir='ltr'><strong><em>Deum.</em></strong></span> <span class='ocrx_word' id='word_1_204' title='bbox 3146 1356 3497 1412; x_wconf 81' lang='lat' dir='ltr'><strong><em>Manifestum</em></strong></span> 
     </span>
    </p>
   </div>
   <div class='ocr_carea' id='block_1_29' title="bbox 1928 1448 3497 1507">
    <p class='ocr_par' dir='ltr' id='par_1_29' title="bbox 1928 1448 3497 1507">
     <span class='ocr_line' id='line_1_29' title="bbox 1928 1448 3497 1507; baseline -0.001 -3"><span class='ocrx_word' id='word_1_205' title='bbox 1928 1449 2073 1504; x_wconf 90' lang='lat' dir='ltr'><strong><em>enim</em></strong></span> <span class='ocrx_word' id='word_1_206' title='bbox 2114 1458 2196 1504; x_wconf 89' lang='lat' dir='ltr'><strong><em>est</em></strong></span> <span class='ocrx_word' id='word_1_207' title='bbox 2252 1458 2472 1505; x_wconf 73' lang='lat' dir='ltr'><strong><em>sanctos</em></strong></span> <span class='ocrx_word' id='word_1_208' title='bbox 2511 1448 2563 1502; x_wconf 92' lang='lat' dir='ltr'><strong><em>in</em></strong></span> <span class='ocrx_word' id='word_1_209' title='bbox 2614 1449 2928 1504; x_wconf 79' lang='lat' dir='ltr'><strong><em>coeleSIibus</em></strong></span> <span class='ocrx_word' id='word_1_210' title='bbox 2967 1450 3071 1507; x_wconf 87' lang='lat' dir='ltr'><strong><em>illis</em></strong></span> <span class='ocrx_word' id='word_1_211' title='bbox 3116 1449 3497 1504; x_wconf 88' lang='lat' dir='ltr'><strong><em>mansionibus</em></strong></span> 
     </span>
    </p>
   </div>
   <div class='ocr_carea' id='block_1_30' title="bbox 1929 1537 3498 1603">
    <p class='ocr_par' dir='ltr' id='par_1_30' title="bbox 1929 1537 3498 1603">
     <span class='ocr_line' id='line_1_30' title="bbox 1929 1537 3498 1603; baseline -0.001 -9"><span class='ocrx_word' id='word_1_212' title='bbox 1929 1539 2277 1603; x_wconf 83' lang='lat' dir='ltr'><strong><em>constitutos,</em></strong></span> <span class='ocrx_word' id='word_1_213' title='bbox 2318 1540 2436 1594; x_wconf 90' lang='lat' dir='ltr'><strong><em>sine</em></strong></span> <span class='ocrx_word' id='word_1_214' title='bbox 2463 1538 2570 1594; x_wconf 89' lang='lat' dir='ltr'><strong><em>ﬁne</em></strong></span> <span class='ocrx_word' id='word_1_215' title='bbox 2613 1539 2994 1595; x_wconf 91' lang='lat' dir='ltr'><strong><em>benedicturos</em></strong></span> <span class='ocrx_word' id='word_1_216' title='bbox 3025 1554 3145 1594; x_wconf 84' lang='lat' dir='ltr'><strong><em>esse</em></strong></span> <span class='ocrx_word' id='word_1_217' title='bbox 3186 1537 3376 1603; x_wconf 90' lang='lat' dir='ltr'><strong><em>Deum,</em></strong></span> <span class='ocrx_word' id='word_1_218' title='bbox 3405 1554 3498 1592; x_wconf 90' lang='lat' dir='ltr'><strong><em>su-</em></strong></span> 
     </span>
    </p>
   </div>
   <div class='ocr_carea' id='block_1_31' title="bbox 1929 1631 3104 1700">
    <p class='ocr_par' dir='ltr' id='par_1_31' title="bbox 1929 1631 3104 1700">
     <span class='ocr_line' id='line_1_31' title="bbox 1929 1631 3104 1700; baseline -0.002 -16"><span class='ocrx_word' id='word_1_219' title='bbox 1929 1645 2215 1700; x_wconf 89' lang='lat' dir='ltr'><strong><em>pernorum</em></strong></span> <span class='ocrx_word' id='word_1_220' title='bbox 2243 1631 2525 1699; x_wconf 86' lang='lat' dir='ltr'><strong><em>spirituum</em></strong></span> <span class='ocrx_word' id='word_1_221' title='bbox 2563 1632 2810 1687; x_wconf 87' lang='lat' dir='ltr'><strong><em>ordinem</em></strong></span> <span class='ocrx_word' id='word_1_222' title='bbox 2845 1631 3104 1686; x_wconf 88' lang='lat' dir='ltr'><strong><em>imitatos.</em></strong></span> 
     </span>
    </p>
   </div>
   <div class='ocr_carea' id='block_1_32' title="bbox 231 1717 3497 1794">
    <p class='ocr_par' dir='ltr' id='par_1_32' title="bbox 231 1717 3497 1794">
     <span class='ocr_line' id='line_1_32' title="bbox 231 1717 3497 1794; baseline -0.001 -22"><span class='ocrx_word' id='word_1_223' title='bbox 231 1719 330 1773; x_wconf 90' lang='grc' dir='ltr'><strong><em>λον</em></strong></span> <span class='ocrx_word' id='word_1_224' title='bbox 394 1720 525 1792; x_wconf 90' lang='grc' dir='ltr'><strong><em>γάρ,</em></strong></span> <span class='ocrx_word' id='word_1_225' title='bbox 573 1721 655 1774; x_wconf 86' lang='grc' dir='ltr'>ὅτι</span> <span class='ocrx_word' id='word_1_226' title='bbox 702 1724 760 1774; x_wconf 83' lang='grc' dir='ltr'><strong><em>ἐν</em></strong></span> <span class='ocrx_word' id='word_1_227' title='bbox 809 1722 1044 1786; x_wconf 79' lang='grc' dir='ltr'>ἐκείναις</span> <span class='ocrx_word' id='word_1_228' title='bbox 1105 1723 1383 1794; x_wconf 87' lang='grc' dir='ltr'>γενόμενοι</span> <span class='ocrx_word' id='word_1_229' title='bbox 1435 1725 1485 1776; x_wconf 77' lang='grc' dir='ltr'><strong><em>οἱ</em></strong></span> <span class='ocrx_word' id='word_1_230' title='bbox 1545 1724 1689 1793; x_wconf 76' lang='grc' dir='ltr'>ἅγιοι</span> <span class='ocrx_word' id='word_1_231' title='bbox 1740 1724 1858 1784; x_wconf 84' lang='grc' dir='ltr'>ταῖς</span> <span class='ocrx_word' id='word_1_232' title='bbox 1900 1721 2118 1791; x_wconf 81' lang='grc' dir='ltr'>μοναῖς,</span> <span class='ocrx_word' id='word_1_233' title='bbox 2170 1721 2290 1783; x_wconf 83' lang='grc' dir='ltr'>ταῖς</span> <span class='ocrx_word' id='word_1_234' title='bbox 2337 1720 2677 1792; x_wconf 78' lang='grc' dir='ltr'>ἐπουρανίοις</span> <span class='ocrx_word' id='word_1_235' title='bbox 2732 1720 2788 1773; x_wconf 85' lang='grc' dir='ltr'>δὲ</span> <span class='ocrx_word' id='word_1_236' title='bbox 2842 1719 3103 1790; x_wconf 88' lang='grc' dir='ltr'>δηλονότι,</span> <span class='ocrx_word' id='word_1_237' title='bbox 3143 1717 3497 1782; x_wconf 69' lang='grc' dir='ltr'>ἀδιαλείπτως</span> 
     </span>
    </p>
   </div>
   <div class='ocr_carea' id='block_1_33' title="bbox 230 1813 2199 1889">
    <p class='ocr_par' dir='ltr' id='par_1_33' title="bbox 230 1813 2199 1889">
     <span class='ocr_line' id='line_1_33' title="bbox 230 1813 2199 1889; baseline 0.002 -23"><span class='ocrx_word' id='word_1_238' title='bbox 230 1813 588 1885; x_wconf 73' lang='grc' dir='ltr'>εὐλογήσουστ</span> <span class='ocrx_word' id='word_1_239' title='bbox 612 1814 702 1868; x_wconf 81' lang='grc' dir='ltr'><strong><em>τὸν</em></strong></span> <span class='ocrx_word' id='word_1_240' title='bbox 733 1816 884 1882; x_wconf 79' lang='grc' dir='ltr'>Θεὸν,</span> <span class='ocrx_word' id='word_1_241' title='bbox 918 1816 1014 1888; x_wconf 81' lang='grc' dir='ltr'>τὴν</span> <span class='ocrx_word' id='word_1_242' title='bbox 1039 1818 1145 1870; x_wconf 90' lang='grc' dir='ltr'>τῶν</span> <span class='ocrx_word' id='word_1_243' title='bbox 1169 1819 1629 1889; x_wconf 56' lang='grc' dir='ltr'>ἀνωηπνευμάτων</span> <span class='ocrx_word' id='word_1_244' title='bbox 1664 1816 1815 1883; x_wconf 79' lang='grc' dir='ltr'>τάξιν</span> <span class='ocrx_word' id='word_1_245' title='bbox 1857 1814 2199 1886; x_wconf 81' lang='grc' dir='ltr'>μιμούμενοι.</span> 
     </span>
    </p>
   </div>
   <div class='ocr_carea' id='block_1_34' title="bbox 231 1906 1815 1984">
    <p class='ocr_par' dir='ltr' id='par_1_34' title="bbox 231 1909 1814 1984">
     <span class='ocr_line' id='line_1_34' title="bbox 231 1909 1814 1984; baseline 0.002 -20"><span class='ocrx_word' id='word_1_246' title='bbox 231 1910 344 1977; x_wconf 63' lang='lat' dir='ltr'><strong><em>Eli;</em></strong></span> <span class='ocrx_word' id='word_1_247' title='bbox 404 1910 473 1963; x_wconf 81' lang='grc' dir='ltr'><strong><em>τὸ</em></strong></span> <span class='ocrx_word' id='word_1_248' title='bbox 516 1910 692 1977; x_wconf 80' lang='grc' dir='ltr'><em>τέλος</em></span> <span class='ocrx_word' id='word_1_249' title='bbox 736 1910 888 1979; x_wconf 81' lang='grc' dir='ltr'>ὑπὲρ</span> <span class='ocrx_word' id='word_1_250' title='bbox 939 1912 1058 1965; x_wconf 82' lang='grc' dir='ltr'><strong><em>τῶν</em></strong></span> <span class='ocrx_word' id='word_1_251' title='bbox 1080 1912 1679 1984; x_wconf 77' lang='grc' dir='ltr'>ἀλλοιωθησομένων,</span> <span class='ocrx_word' id='word_1_252' title='bbox 1734 1909 1814 1982; x_wconf 73' lang='grc' dir='ltr'><strong><em>τῷ</em></strong></span> 
     </span>
    </p>
   </div>
   <div class='ocr_carea' id='block_1_35' title="bbox 1942 1906 3494 1984">
    <p class='ocr_par' dir='ltr' id='par_1_35' title="bbox 1953 1906 3494 1980">
     <span class='ocr_line' id='line_1_35' title="bbox 1953 1906 3494 1980; baseline -0.002 -16"><span class='ocrx_word' id='word_1_253' title='bbox 1953 1950 1967 1964; x_wconf 96' lang='grc'><strong><em>.</em></strong></span> <span class='ocrx_word' id='word_1_254' title='bbox 1998 1913 2065 1964; x_wconf 78' lang='lat' dir='ltr'><strong><em>In</em></strong></span> <span class='ocrx_word' id='word_1_255' title='bbox 2092 1910 2248 1978; x_wconf 87' lang='lat' dir='ltr'><strong><em>ﬁnem</em></strong></span> <span class='ocrx_word' id='word_1_256' title='bbox 2278 1925 2372 1979; x_wconf 86' lang='lat' dir='ltr'><strong><em>pro</em></strong></span> <span class='ocrx_word' id='word_1_257' title='bbox 2412 1911 2480 1963; x_wconf 84' lang='lat' dir='ltr'><strong><em>iis</em></strong></span> <span class='ocrx_word' id='word_1_258' title='bbox 2515 1910 2605 1980; x_wconf 86' lang='lat' dir='ltr'><strong><em>qui</em></strong></span> <span class='ocrx_word' id='word_1_259' title='bbox 2645 1908 3127 1979; x_wconf 74' lang='lat' dir='ltr'><strong><em>commutabantur,</em></strong></span> <span class='ocrx_word' id='word_1_260' title='bbox 3165 1909 3266 1978; x_wconf 86' lang='lat' dir='ltr'><strong><em>ipsi</em></strong></span> <span class='ocrx_word' id='word_1_261' title='bbox 3303 1906 3494 1961; x_wconf 68' lang='lat' dir='ltr'><strong><em>David.</em></strong></span> 
     </span>
    </p>
   </div>
   <div class='ocr_carea' id='block_1_36' title="bbox 646 2001 1399 2057">
    <p class='ocr_par' dir='ltr' id='par_1_36' title="bbox 646 2001 1399 2057">
     <span class='ocr_line' id='line_1_36' title="bbox 646 2001 1399 2057; baseline 0.003 -2"><span class='ocrx_word' id='word_1_262' title='bbox 646 2001 848 2055; x_wconf 85' lang='grc' dir='ltr'>Δαυΐδ.</span> <span class='ocrx_word' id='word_1_263' title='bbox 909 2004 1218 2057; x_wconf 83' lang='grc' dir='ltr'><strong><em>ΨΑΛΜΟΣ</em></strong></span> <span class='ocrx_word' id='word_1_264' title='bbox 1268 2003 1399 2057; x_wconf 75' lang='lat' dir='ltr'><strong><em>EH’.</em></strong></span> 
     </span>
    </p>
   </div>
   <div class='ocr_carea' id='block_1_37' title="bbox 876 2091 1210 2159">
    <p class='ocr_par' dir='ltr' id='par_1_37' title="bbox 876 2091 1210 2159">
     <span class='ocr_line' id='line_1_37' title="bbox 876 2091 1210 2159; baseline 0 -14"><span class='ocrx_word' id='word_1_265' title='bbox 876 2091 891 2112; x_wconf 81' lang='lat'><strong>&#39;</strong></span> <span class='ocrx_word' id='word_1_266' title='bbox 902 2092 1210 2159; x_wconf 82' lang='grc' dir='ltr'>Υπόθεσις.</span> 
     </span>
    </p>
   </div>
   <div class='ocr_carea' id='block_1_38' title="bbox 231 2179 1829 2258">
    <p class='ocr_par' dir='ltr' id='par_1_38' title="bbox 231 2179 1829 2258">
     <span class='ocr_line' id='line_1_38' title="bbox 231 2179 1829 2258; baseline 0.002 -26"><span class='ocrx_word' id='word_1_267' title='bbox 231 2179 492 2251; x_wconf 87' lang='grc' dir='ltr'>Περιεχει</span> <span class='ocrx_word' id='word_1_268' title='bbox 523 2183 552 2235; x_wconf 87' lang='grc' dir='ltr'>ὁ</span> <span class='ocrx_word' id='word_1_269' title='bbox 601 2181 813 2254; x_wconf 78' lang='grc' dir='ltr'>ψαλμὸς</span> <span class='ocrx_word' id='word_1_270' title='bbox 857 2182 1164 2258; x_wconf 80' lang='grc' dir='ltr'>προσευχὴν</span> <span class='ocrx_word' id='word_1_271' title='bbox 1212 2182 1363 2254; x_wconf 82' lang='grc' dir='ltr'>παρὰ</span> <span class='ocrx_word' id='word_1_272' title='bbox 1416 2182 1523 2237; x_wconf 20' lang='grc' dir='ltr'>τοῦ..</span> <span class='ocrx_word' id='word_1_273' title='bbox 1568 2183 1829 2255; x_wconf 76' lang='grc' dir='ltr'><strong><em>Σωτῆρος·</em></strong></span> 
     </span>
    </p>
   </div>
   <div class='ocr_carea' id='block_1_39' title="bbox 304 2269 1830 2347">
    <p class='ocr_par' dir='ltr' id='par_1_39' title="bbox 304 2269 1830 2347">
     <span class='ocr_line' id='line_1_39' title="bbox 304 2269 1830 2347; baseline 0.005 -26"><span class='ocrx_word' id='word_1_274' title='bbox 304 2271 372 2322; x_wconf 80' lang='grc' dir='ltr'>ὲκ</span> <span class='ocrx_word' id='word_1_275' title='bbox 404 2269 704 2340; x_wconf 85' lang='grc' dir='ltr'>προσώπου.</span> <span class='ocrx_word' id='word_1_276' title='bbox 729 2273 828 2347; x_wconf 80' lang='grc' dir='ltr'><strong><em>τῆς</em></strong></span> <span class='ocrx_word' id='word_1_277' title='bbox 870 2271 1286 2345; x_wconf 85' lang='grc' dir='ltr'>ἀνθρωπότητος</span> <span class='ocrx_word' id='word_1_278' title='bbox 1343 2274 1830 2345; x_wconf 76' lang='grc' dir='ltr'>προσφερομένην,</span> 
     </span>
    </p>
   </div>
   <div class='ocr_carea' id='block_1_40' title="bbox 302 2361 1816 2438">
    <p class='ocr_par' dir='ltr' id='par_1_40' title="bbox 302 2361 1816 2438">
     <span class='ocr_line' id='line_1_40' title="bbox 302 2361 1816 2438; baseline 0.003 -24"><span class='ocrx_word' id='word_1_279' title='bbox 302 2361 406 2424; x_wconf 81' lang='grc' dir='ltr'>τάς</span> <span class='ocrx_word' id='word_1_280' title='bbox 437 2379 497 2415; x_wconf 86' lang='grc' dir='ltr'><strong><em>τε</em></strong></span> <span class='ocrx_word' id='word_1_281' title='bbox 526 2363 704 2426; x_wconf 83' lang='grc' dir='ltr'>αἰτίας</span> <span class='ocrx_word' id='word_1_282' title='bbox 761 2364 826 2416; x_wconf 85' lang='grc' dir='ltr'>δι’</span> <span class='ocrx_word' id='word_1_283' title='bbox 879 2363 946 2427; x_wconf 78' lang='grc' dir='ltr'><strong><em>ἃς</em></strong></span> <span class='ocrx_word' id='word_1_284' title='bbox 999 2365 1147 2436; x_wconf 85' lang='grc' dir='ltr'>αὑτῷ</span> <span class='ocrx_word' id='word_1_285' title='bbox 1186 2366 1279 2419; x_wconf 85' lang='grc' dir='ltr'><strong><em>τὸν</em></strong></span> <span class='ocrx_word' id='word_1_286' title='bbox 1307 2366 1400 2427; x_wconf 76' lang='grc' dir='ltr'>ἐπὶ</span> <span class='ocrx_word' id='word_1_287' title='bbox 1458 2366 1552 2420; x_wconf 80' lang='grc' dir='ltr'><strong><em>τοῦ</em></strong></span> <span class='ocrx_word' id='word_1_288' title='bbox 1584 2366 1816 2438; x_wconf 80' lang='grc' dir='ltr'>σταυροῦ</span> 
     </span>
    </p>
   </div>
   <div class='ocr_carea' id='block_1_41' title="bbox 303 2454 1819 2525">
    <p class='ocr_par' dir='ltr' id='par_1_41' title="bbox 303 2454 1819 2525">
     <span class='ocr_line' id='line_1_41' title="bbox 303 2454 1819 2525; baseline 0.003 -20"><span class='ocrx_word' id='word_1_289' title='bbox 303 2457 689 2525; x_wconf 80' lang='grc' dir='ltr'>προσήνεγκαν</span> <span class='ocrx_word' id='word_1_290' title='bbox 734 2454 981 2516; x_wconf 72' lang='grc' dir='ltr'>θάνατον.</span> <span class='ocrx_word' id='word_1_291' title='bbox 1044 2457 1165 2509; x_wconf 86' lang='grc' dir='ltr'><strong><em>Ἔτι</em></strong></span> <span class='ocrx_word' id='word_1_292' title='bbox 1217 2474 1277 2509; x_wconf 88' lang='grc' dir='ltr'><strong><em>τε</em></strong></span> <span class='ocrx_word' id='word_1_293' title='bbox 1333 2457 1464 2512; x_wconf 81' lang='grc' dir='ltr'>αὐτὸ</span> <span class='ocrx_word' id='word_1_294' title='bbox 1529 2457 1590 2510; x_wconf 80' lang='grc' dir='ltr'><strong><em>τὸ</em></strong></span> <span class='ocrx_word' id='word_1_295' title='bbox 1649 2457 1819 2520; x_wconf 84' lang='grc' dir='ltr'><em>πάθος</em></span> 
     </span>
    </p>
   </div>
   <div class='ocr_carea' id='block_1_42' title="bbox 298 2544 1818 2619">
    <p class='ocr_par' dir='ltr' id='par_1_42' title="bbox 298 2544 1818 2619">
     <span class='ocr_line' id='line_1_42' title="bbox 298 2544 1818 2619; baseline 0.001 -21"><span class='ocrx_word' id='word_1_296' title='bbox 298 2544 573 2615; x_wconf 86' lang='grc' dir='ltr'>διηγεῖται</span> <span class='ocrx_word' id='word_1_297' title='bbox 636 2546 842 2615; x_wconf 89' lang='grc' dir='ltr'>σαφῶς,</span> <span class='ocrx_word' id='word_1_298' title='bbox 899 2547 997 2600; x_wconf 74' lang='grc' dir='ltr'>καὶ</span> <span class='ocrx_word' id='word_1_299' title='bbox 1056 2547 1155 2611; x_wconf 85' lang='grc' dir='ltr'>τὰς</span> <span class='ocrx_word' id='word_1_300' title='bbox 1206 2546 1347 2619; x_wconf 87' lang='grc' dir='ltr'><strong><em>μετά</em></strong></span> <span class='ocrx_word' id='word_1_301' title='bbox 1385 2549 1446 2602; x_wconf 83' lang='grc' dir='ltr'>τὸ</span> <span class='ocrx_word' id='word_1_302' title='bbox 1506 2548 1675 2611; x_wconf 83' lang='grc' dir='ltr'><em>πάθος</em></span> <span class='ocrx_word' id='word_1_303' title='bbox 1707 2552 1818 2611; x_wconf 86' lang='grc' dir='ltr'><em>τοῖς</em></span> 
     </span>
    </p>
   </div>
   <div class='ocr_carea' id='block_1_43' title="bbox 319 2635 1817 2716">
    <p class='ocr_par' dir='ltr' id='par_1_43' title="bbox 319 2635 1817 2716">
     <span class='ocr_line' id='line_1_43' title="bbox 319 2635 1817 2716; baseline 0.001 -28"><span class='ocrx_word' id='word_1_304' title='bbox 319 2635 595 2699; x_wconf 82' lang='grc' dir='ltr'>Ἰουδαίοις</span> <span class='ocrx_word' id='word_1_305' title='bbox 628 2636 1045 2709; x_wconf 79' lang='grc' dir='ltr'>συμϐησομένας</span> <span class='ocrx_word' id='word_1_306' title='bbox 1079 2638 1383 2716; x_wconf 81' lang='grc' dir='ltr'>συμφοράς·</span> <span class='ocrx_word' id='word_1_307' title='bbox 1440 2639 1578 2708; x_wconf 83' lang='grc' dir='ltr'>πρὸς</span> <span class='ocrx_word' id='word_1_308' title='bbox 1610 2638 1665 2691; x_wconf 82' lang='grc' dir='ltr'>δὲ</span> <span class='ocrx_word' id='word_1_309' title='bbox 1693 2636 1817 2690; x_wconf 85' lang='grc' dir='ltr'>τού-</span> 
     </span>
    </p>
   </div>
   <div class='ocr_carea' id='block_1_44' title="bbox 304 2728 1818 2800">
    <p class='ocr_par' dir='ltr' id='par_1_44' title="bbox 304 2728 1818 2800">
     <span class='ocr_line' id='line_1_44' title="bbox 304 2728 1818 2800; baseline 0.002 -21"><span class='ocrx_word' id='word_1_310' title='bbox 304 2744 422 2791; x_wconf 80' lang='grc' dir='ltr'>τοις</span> <span class='ocrx_word' id='word_1_311' title='bbox 440 2728 534 2781; x_wconf 75' lang='grc' dir='ltr'>καὶ</span> <span class='ocrx_word' id='word_1_312' title='bbox 561 2728 864 2799; x_wconf 72' lang='grc' dir='ltr'>εἰσαγωγὴν</span> <span class='ocrx_word' id='word_1_313' title='bbox 883 2729 985 2798; x_wconf 78' lang='grc' dir='ltr'><strong><em>τῆς</em></strong></span> <span class='ocrx_word' id='word_1_314' title='bbox 1010 2730 1373 2799; x_wconf 83' lang='grc' dir='ltr'>εὐαγγελικῆς</span> <span class='ocrx_word' id='word_1_315' title='bbox 1404 2729 1697 2793; x_wconf 85' lang='grc' dir='ltr'>πολιτείας,</span> <span class='ocrx_word' id='word_1_316' title='bbox 1719 2729 1818 2800; x_wconf 83' lang='grc' dir='ltr'><strong><em>τῆς</em></strong></span> 
     </span>
    </p>
   </div>
   <div class='ocr_carea' id='block_1_45' title="bbox 300 2817 1820 2891">
    <p class='ocr_par' dir='ltr' id='par_1_45' title="bbox 300 2817 1820 2891">
     <span class='ocr_line' id='line_1_45' title="bbox 300 2817 1820 2891; baseline 0.002 -21"><span class='ocrx_word' id='word_1_317' title='bbox 300 2834 367 2870; x_wconf 85' lang='grc' dir='ltr'><strong><em>τε</em></strong></span> <span class='ocrx_word' id='word_1_318' title='bbox 399 2820 459 2870; x_wconf 85' lang='grc' dir='ltr'>ἐν</span> <span class='ocrx_word' id='word_1_319' title='bbox 488 2817 758 2888; x_wconf 83' lang='grc' dir='ltr'>πνεύματι</span> <span class='ocrx_word' id='word_1_320' title='bbox 791 2821 884 2872; x_wconf 82' lang='grc' dir='ltr'><strong><em>καὶ</em></strong></span> <span class='ocrx_word' id='word_1_321' title='bbox 908 2819 1133 2890; x_wconf 79' lang='grc' dir='ltr'>ἀληθείᾳ</span> <span class='ocrx_word' id='word_1_322' title='bbox 1164 2819 1413 2891; x_wconf 79' lang='grc' dir='ltr'>λατρείας</span> <span class='ocrx_word' id='word_1_323' title='bbox 1443 2819 1540 2891; x_wconf 80' lang='grc' dir='ltr'><strong><em>τὴν</em></strong></span> <span class='ocrx_word' id='word_1_324' title='bbox 1573 2819 1820 2891; x_wconf 83' lang='grc' dir='ltr'>διδασκα-</span> 
     </span>
    </p>
   </div>
   <div class='ocr_carea' id='block_1_46' title="bbox 298 2908 1815 2982">
    <p class='ocr_par' dir='ltr' id='par_1_46' title="bbox 298 2908 1815 2982">
     <span class='ocr_line' id='line_1_46' title="bbox 298 2908 1815 2982; baseline 0 -19"><span class='ocrx_word' id='word_1_325' title='bbox 298 2908 447 2974; x_wconf 85' lang='grc' dir='ltr'>λίαν,</span> <span class='ocrx_word' id='word_1_326' title='bbox 476 2912 556 2972; x_wconf 71' lang='lat' dir='ltr'><strong><em>ei;</em></strong></span> <span class='ocrx_word' id='word_1_327' title='bbox 598 2913 663 2980; x_wconf 79' lang='grc' dir='ltr'><strong><em>ῆν</em></strong></span> <span class='ocrx_word' id='word_1_328' title='bbox 691 2910 785 2964; x_wconf 73' lang='grc' dir='ltr'><strong><em>καὶ</em></strong></span> <span class='ocrx_word' id='word_1_329' title='bbox 809 2912 1143 2982; x_wconf 84' lang='grc' dir='ltr'>περιγράφει</span> <span class='ocrx_word' id='word_1_330' title='bbox 1180 2911 1269 2964; x_wconf 82' lang='grc' dir='ltr'><strong><em>τὸν</em></strong></span> <span class='ocrx_word' id='word_1_331' title='bbox 1318 2910 1553 2982; x_wconf 78' lang='grc' dir='ltr'>ψαλμὸν.</span> <span class='ocrx_word' id='word_1_332' title='bbox 1589 2912 1711 2965; x_wconf 88' lang='grc' dir='ltr'><strong><em>Ὅτι</em></strong></span> <span class='ocrx_word' id='word_1_333' title='bbox 1757 2911 1815 2964; x_wconf 82' lang='grc' dir='ltr'><strong><em>δὲ</em></strong></span> 
     </span>
    </p>
   </div>
   <div class='ocr_carea' id='block_1_47' title="bbox 302 3000 1816 3075">
    <p class='ocr_par' dir='ltr' id='par_1_47' title="bbox 302 3000 1816 3075">
     <span class='ocr_line' id='line_1_47' title="bbox 302 3000 1816 3075; baseline 0.001 -21"><span class='ocrx_word' id='word_1_334' title='bbox 302 3003 490 3055; x_wconf 80' lang='grc' dir='ltr'>πᾶσαν</span> <span class='ocrx_word' id='word_1_335' title='bbox 512 3002 579 3071; x_wconf 80' lang='grc' dir='ltr'>ἢν</span> <span class='ocrx_word' id='word_1_336' title='bbox 604 3000 803 3072; x_wconf 74' lang='grc' dir='ltr'>ηὔξατο</span> <span class='ocrx_word' id='word_1_337' title='bbox 820 3005 847 3056; x_wconf 84' lang='grc' dir='ltr'>ὁ</span> <span class='ocrx_word' id='word_1_338' title='bbox 870 3003 1058 3074; x_wconf 82' lang='grc' dir='ltr'>Σωτὴρ</span> <span class='ocrx_word' id='word_1_339' title='bbox 1084 3004 1409 3075; x_wconf 79' lang='grc' dir='ltr'>προσευχὴν,</span> <span class='ocrx_word' id='word_1_340' title='bbox 1434 3005 1499 3057; x_wconf 82' lang='grc' dir='ltr'>ὲκ</span> <span class='ocrx_word' id='word_1_341' title='bbox 1524 3002 1816 3075; x_wconf 85' lang='grc' dir='ltr'>προσώπου</span> 
     </span>
    </p>
   </div>
   <div class='ocr_carea' id='block_1_48' title="bbox 302 3092 1817 3166">
    <p class='ocr_par' dir='ltr' id='par_1_48' title="bbox 302 3092 1817 3166">
     <span class='ocr_line' id='line_1_48' title="bbox 302 3092 1817 3166; baseline 0.001 -19"><span class='ocrx_word' id='word_1_342' title='bbox 302 3095 405 3163; x_wconf 81' lang='grc' dir='ltr'><strong><em>τῆς</em></strong></span> <span class='ocrx_word' id='word_1_343' title='bbox 437 3092 722 3164; x_wconf 86' lang='grc' dir='ltr'>ἀνθρώπου</span> <span class='ocrx_word' id='word_1_344' title='bbox 758 3094 974 3164; x_wconf 78' lang='grc' dir='ltr'>φύσεως</span> <span class='ocrx_word' id='word_1_345' title='bbox 1005 3094 1230 3164; x_wconf 75' lang='grc' dir='ltr'>ηΰξατο,</span> <span class='ocrx_word' id='word_1_346' title='bbox 1256 3094 1416 3148; x_wconf 82' lang='grc' dir='ltr'>τοῦτο</span> <span class='ocrx_word' id='word_1_347' title='bbox 1465 3095 1817 3166; x_wconf 78' lang='grc' dir='ltr'>ἐπισημαίνει</span> 
     </span>
    </p>
   </div>
   <div class='ocr_carea' id='block_1_49' title="bbox 300 3184 1819 3258">
    <p class='ocr_par' dir='ltr' id='par_1_49' title="bbox 300 3184 1819 3258">
     <span class='ocr_line' id='line_1_49' title="bbox 300 3184 1819 3258; baseline 0.004 -23"><span class='ocrx_word' id='word_1_348' title='bbox 300 3186 403 3243; x_wconf 65' lang='grc' dir='ltr'><strong><em>ἐπὶ</em></strong></span> <span class='ocrx_word' id='word_1_349' title='bbox 447 3184 525 3256; x_wconf 83' lang='grc' dir='ltr'>τῷ</span> <span class='ocrx_word' id='word_1_350' title='bbox 573 3184 717 3238; x_wconf 81' lang='grc' dir='ltr'>τέλει</span> <span class='ocrx_word' id='word_1_351' title='bbox 754 3185 849 3238; x_wconf 77' lang='grc' dir='ltr'><strong><em>τοῦ</em></strong></span> <span class='ocrx_word' id='word_1_352' title='bbox 891 3186 1137 3256; x_wconf 77' lang='grc' dir='ltr'>ψαλμοῦ,</span> <span class='ocrx_word' id='word_1_353' title='bbox 1186 3187 1279 3240; x_wconf 91' lang='grc' dir='ltr'><strong><em>καί</em></strong></span> <span class='ocrx_word' id='word_1_354' title='bbox 1313 3204 1496 3257; x_wconf 86' lang='grc' dir='ltr'>φησιν,</span> <span class='ocrx_word' id='word_1_355' title='bbox 1530 3189 1660 3241; x_wconf 80' lang='grc' dir='ltr'><strong><em>’Ὁτι</em></strong></span> <span class='ocrx_word' id='word_1_356' title='bbox 1703 3188 1819 3258; x_wconf 74' lang='grc' dir='ltr'><strong><em>ἐξή</em></strong></span> 
     </span>
    </p>
   </div>
   <div class='ocr_carea' id='block_1_50' title="bbox 2390 1997 3053 2056">
    <p class='ocr_par' dir='ltr' id='par_1_50' title="bbox 2390 1997 3053 2056">
     <span class='ocr_line' id='line_1_50' title="bbox 2390 1997 3053 2056; baseline -0.002 -3"><span class='ocrx_word' id='word_1_357' title='bbox 2390 1998 2727 2055; x_wconf 86' lang='lat' dir='ltr'><strong><em>PSALMUS</em></strong></span> <span class='ocrx_word' id='word_1_358' title='bbox 2773 1997 3053 2056; x_wconf 82' lang='lat' dir='ltr'><strong><em>LXVIII.</em></strong></span> 
     </span>
    </p>
   </div>
   <div class='ocr_carea' id='block_1_51' title="bbox 2511 2091 2911 2162">
    <p class='ocr_par' dir='ltr' id='par_1_51' title="bbox 2511 2091 2911 2162">
     <span class='ocr_line' id='line_1_51' title="bbox 2511 2091 2911 2162; baseline 0 -18"><span class='ocrx_word' id='word_1_359' title='bbox 2511 2091 2911 2162; x_wconf 84' lang='lat' dir='ltr'><strong><em>Argumentum.</em></strong></span> 
     </span>
    </p>
   </div>
   <div class='ocr_carea' id='block_1_52' title="bbox 1918 2180 3494 2256">
    <p class='ocr_par' dir='ltr' id='par_1_52' title="bbox 1918 2180 3494 2256">
     <span class='ocr_line' id='line_1_52' title="bbox 1918 2180 3494 2256; baseline -0.003 -17"><span class='ocrx_word' id='word_1_360' title='bbox 1918 2182 2173 2240; x_wconf 75' lang='lat' dir='ltr'><strong><em>Continet</em></strong></span> <span class='ocrx_word' id='word_1_361' title='bbox 2211 2184 2457 2254; x_wconf 89' lang='lat' dir='ltr'><strong><em>psalmus</em></strong></span> <span class='ocrx_word' id='word_1_362' title='bbox 2505 2184 2874 2256; x_wconf 88' lang='lat' dir='ltr'><strong><em>precationem</em></strong></span> <span class='ocrx_word' id='word_1_363' title='bbox 2918 2180 3239 2246; x_wconf 88' lang='lat' dir='ltr'><strong><em>Salvatoris,</em></strong></span> <span class='ocrx_word' id='word_1_364' title='bbox 3272 2195 3336 2235; x_wconf 83' lang='lat' dir='ltr'><strong><em>ex</em></strong></span> <span class='ocrx_word' id='word_1_365' title='bbox 3368 2196 3494 2252; x_wconf 85' lang='lat' dir='ltr'><strong><em>pcr-</em></strong></span> 
     </span>
    </p>
   </div>
   <div class='ocr_carea' id='block_1_53' title="bbox 1990 2278 3497 2344">
    <p class='ocr_par' dir='ltr' id='par_1_53' title="bbox 1990 2278 3497 2344">
     <span class='ocr_line' id='line_1_53' title="bbox 1990 2278 3497 2344; baseline -0.002 -13"><span class='ocrx_word' id='word_1_366' title='bbox 1990 2291 2124 2331; x_wconf 89' lang='lat' dir='ltr'><strong><em>sona</em></strong></span> <span class='ocrx_word' id='word_1_367' title='bbox 2176 2278 2537 2333; x_wconf 88' lang='lat' dir='ltr'><strong><em>humanitatis</em></strong></span> <span class='ocrx_word' id='word_1_368' title='bbox 2578 2278 2849 2343; x_wconf 80' lang='lat' dir='ltr'><strong><em>oblatam,</em></strong></span> <span class='ocrx_word' id='word_1_369' title='bbox 2870 2284 2926 2331; x_wconf 91' lang='lat' dir='ltr'><strong><em>et</em></strong></span> <span class='ocrx_word' id='word_1_370' title='bbox 2954 2284 3140 2329; x_wconf 88' lang='lat' dir='ltr'><strong><em>narrat</em></strong></span> <span class='ocrx_word' id='word_1_371' title='bbox 3164 2289 3286 2344; x_wconf 69' lang='lat' dir='ltr'><strong><em>quae</em></strong></span> <span class='ocrx_word' id='word_1_372' title='bbox 3315 2289 3497 2329; x_wconf 74' lang='lat' dir='ltr'><strong><em>causa:</em></strong></span> 
     </span>
    </p>
   </div>
   <div class='ocr_carea' id='block_1_54' title="bbox 1989 2365 3495 2438">
    <p class='ocr_par' dir='ltr' id='par_1_54' title="bbox 1989 2365 3495 2438">
     <span class='ocr_line' id='line_1_54' title="bbox 1989 2365 3495 2438; baseline 0 -19"><span class='ocrx_word' id='word_1_373' title='bbox 1989 2365 2191 2422; x_wconf 85' lang='lat' dir='ltr'><strong><em>fuerint</em></strong></span> <span class='ocrx_word' id='word_1_374' title='bbox 2214 2369 2359 2438; x_wconf 90' lang='lat' dir='ltr'><strong><em>quod</em></strong></span> <span class='ocrx_word' id='word_1_375' title='bbox 2385 2369 2433 2423; x_wconf 90' lang='lat' dir='ltr'><strong><em>ei</em></strong></span> <span class='ocrx_word' id='word_1_376' title='bbox 2461 2367 2897 2423; x_wconf 76' lang='lat' dir='ltr'><strong><em>mortem-crucis</em></strong></span> <span class='ocrx_word' id='word_1_377' title='bbox 2923 2365 3239 2422; x_wconf 87' lang='lat' dir='ltr'><strong><em>obtulerint.</em></strong></span> <span class='ocrx_word' id='word_1_378' title='bbox 3270 2365 3495 2437; x_wconf 83' lang='lat' dir='ltr'><strong><em>Insuper</em></strong></span> 
     </span>
    </p>
   </div>
   <div class='ocr_carea' id='block_1_55' title="bbox 1989 2456 3495 2528">
    <p class='ocr_par' dir='ltr' id='par_1_55' title="bbox 1989 2456 3495 2528">
     <span class='ocr_line' id='line_1_55' title="bbox 1989 2456 3495 2528; baseline -0.001 -16"><span class='ocrx_word' id='word_1_379' title='bbox 1989 2458 2162 2527; x_wconf 87' lang='lat' dir='ltr'><strong><em>ipsam</em></strong></span> <span class='ocrx_word' id='word_1_380' title='bbox 2188 2460 2497 2528; x_wconf 84' lang='lat' dir='ltr'><strong><em>passionem</em></strong></span> <span class='ocrx_word' id='word_1_381' title='bbox 2523 2459 2669 2513; x_wconf 89' lang='lat' dir='ltr'><strong><em>clare</em></strong></span> <span class='ocrx_word' id='word_1_382' title='bbox 2690 2466 2897 2525; x_wconf 89' lang='lat' dir='ltr'><strong><em>narrat,</em></strong></span> <span class='ocrx_word' id='word_1_383' title='bbox 2920 2472 3131 2512; x_wconf 88' lang='lat' dir='ltr'><strong><em>necnon</em></strong></span> <span class='ocrx_word' id='word_1_384' title='bbox 3157 2456 3495 2511; x_wconf 84' lang='lat' dir='ltr'><strong><em>calamitates</em></strong></span> 
     </span>
    </p>
   </div>
   <div class='ocr_carea' id='block_1_56' title="bbox 1990 2545 3491 2618">
    <p class='ocr_par' dir='ltr' id='par_1_56' title="bbox 1990 2545 3491 2618">
     <span class='ocr_line' id='line_1_56' title="bbox 1990 2545 3491 2618; baseline -0.001 -17"><span class='ocrx_word' id='word_1_385' title='bbox 1990 2564 2129 2618; x_wconf 88' lang='lat' dir='ltr'><strong><em>quas</em></strong></span> <span class='ocrx_word' id='word_1_386' title='bbox 2163 2556 2285 2615; x_wconf 90' lang='lat' dir='ltr'><strong><em>post</em></strong></span> <span class='ocrx_word' id='word_1_387' title='bbox 2321 2549 2629 2618; x_wconf 81' lang='lat' dir='ltr'><strong><em>passionem</em></strong></span> <span class='ocrx_word' id='word_1_388' title='bbox 2669 2547 2870 2604; x_wconf 70' lang='lat' dir='ltr'><strong><em>Iudaeis</em></strong></span> <span class='ocrx_word' id='word_1_389' title='bbox 2905 2547 3219 2618; x_wconf 76' lang='lat' dir='ltr'><strong><em>contingere</em></strong></span> <span class='ocrx_word' id='word_1_390' title='bbox 3249 2545 3491 2601; x_wconf 87' lang='lat' dir='ltr'><strong><em>futurum</em></strong></span> 
     </span>
    </p>
   </div>
   <div class='ocr_carea' id='block_1_57' title="bbox 1987 2637 3493 2707">
    <p class='ocr_par' dir='ltr' id='par_1_57' title="bbox 1987 2637 3493 2707">
     <span class='ocr_line' id='line_1_57' title="bbox 1987 2637 3493 2707; baseline -0.001 -14"><span class='ocrx_word' id='word_1_391' title='bbox 1987 2646 2089 2693; x_wconf 86' lang='lat' dir='ltr'><strong><em>est.</em></strong></span> <span class='ocrx_word' id='word_1_392' title='bbox 2128 2638 2209 2693; x_wconf 85' lang='lat' dir='ltr'><strong><em>Ad</em></strong></span> <span class='ocrx_word' id='word_1_393' title='bbox 2245 2638 2361 2693; x_wconf 59' lang='lat' dir='ltr'><strong><em>hate</em></strong></span> <span class='ocrx_word' id='word_1_394' title='bbox 2406 2639 2573 2693; x_wconf 86' lang='lat' dir='ltr'><strong><em>etiam</em></strong></span> <span class='ocrx_word' id='word_1_395' title='bbox 2610 2637 3066 2692; x_wconf 87' lang='lat' dir='ltr'><strong><em>introduceudum</em></strong></span> <span class='ocrx_word' id='word_1_396' title='bbox 3108 2652 3231 2692; x_wconf 90' lang='lat' dir='ltr'><strong><em>esse</em></strong></span> <span class='ocrx_word' id='word_1_397' title='bbox 3254 2651 3493 2707; x_wconf 79' lang='lat' dir='ltr'><strong><em>evange-</em></strong></span> 
     </span>
    </p>
   </div>
   <div class='ocr_carea' id='block_1_58' title="bbox 1990 2728 3491 2800">
    <p class='ocr_par' dir='ltr' id='par_1_58' title="bbox 1990 2728 3491 2800">
     <span class='ocr_line' id='line_1_58' title="bbox 1990 2728 3491 2800; baseline -0.001 -15"><span class='ocrx_word' id='word_1_398' title='bbox 1990 2730 2154 2785; x_wconf 90' lang='lat' dir='ltr'><strong><em>licum</em></strong></span> <span class='ocrx_word' id='word_1_399' title='bbox 2196 2731 2528 2794; x_wconf 89' lang='lat' dir='ltr'><strong><em>institutum,</em></strong></span> <span class='ocrx_word' id='word_1_400' title='bbox 2561 2738 2725 2800; x_wconf 87' lang='lat' dir='ltr'><strong><em>atque</em></strong></span> <span class='ocrx_word' id='word_1_401' title='bbox 2762 2729 3068 2784; x_wconf 84' lang='lat' dir='ltr'><strong><em>doctrinam</em></strong></span> <span class='ocrx_word' id='word_1_402' title='bbox 3108 2729 3290 2784; x_wconf 90' lang='lat' dir='ltr'><strong><em>cultus</em></strong></span> <span class='ocrx_word' id='word_1_403' title='bbox 3315 2728 3409 2799; x_wconf 89' lang='lat' dir='ltr'><strong><em>qui</em></strong></span> <span class='ocrx_word' id='word_1_404' title='bbox 3435 2730 3491 2784; x_wconf 89' lang='lat' dir='ltr'><strong><em>in</em></strong></span> 
     </span>
    </p>
   </div>
   <div class='ocr_carea' id='block_1_59' title="bbox 1989 2820 3491 2891">
    <p class='ocr_par' dir='ltr' id='par_1_59' title="bbox 1989 2820 3491 2891">
     <span class='ocr_line' id='line_1_59' title="bbox 1989 2820 3491 2891; baseline -0.001 -15"><span class='ocrx_word' id='word_1_405' title='bbox 1989 2820 2181 2891; x_wconf 85' lang='lat' dir='ltr'><strong><em>spiritu</em></strong></span> <span class='ocrx_word' id='word_1_406' title='bbox 2203 2828 2254 2875; x_wconf 90' lang='lat' dir='ltr'><strong><em>et</em></strong></span> <span class='ocrx_word' id='word_1_407' title='bbox 2282 2822 2511 2876; x_wconf 83' lang='lat' dir='ltr'><strong><em>veritate</em></strong></span> <span class='ocrx_word' id='word_1_408' title='bbox 2535 2821 2666 2883; x_wconf 84' lang='lat' dir='ltr'><strong><em>erit,</em></strong></span> <span class='ocrx_word' id='word_1_409' title='bbox 2687 2820 2741 2874; x_wconf 90' lang='lat' dir='ltr'><strong><em>in</em></strong></span> <span class='ocrx_word' id='word_1_410' title='bbox 2768 2820 2924 2890; x_wconf 72' lang='lat' dir='ltr'><strong><em>cujus</em></strong></span> <span class='ocrx_word' id='word_1_411' title='bbox 2946 2821 3021 2875; x_wconf 89' lang='lat' dir='ltr'><strong><em>rei</em></strong></span> <span class='ocrx_word' id='word_1_412' title='bbox 3050 2820 3314 2874; x_wconf 90' lang='lat' dir='ltr'><strong><em>limitibus</em></strong></span> <span class='ocrx_word' id='word_1_413' title='bbox 3343 2820 3491 2890; x_wconf 84' lang='lat' dir='ltr'><strong><em>psal-</em></strong></span> 
     </span>
    </p>
   </div>
   <div class='ocr_carea' id='block_1_60' title="bbox 1988 2910 3489 2976">
    <p class='ocr_par' dir='ltr' id='par_1_60' title="bbox 1988 2910 3489 2976">
     <span class='ocr_line' id='line_1_60' title="bbox 1988 2910 3489 2976; baseline -0.001 -12"><span class='ocrx_word' id='word_1_414' title='bbox 1988 2926 2137 2964; x_wconf 87' lang='lat' dir='ltr'><strong><em>mum</em></strong></span> <span class='ocrx_word' id='word_1_415' title='bbox 2168 2910 2586 2966; x_wconf 86' lang='lat' dir='ltr'><strong><em>circumscribit.</em></strong></span> <span class='ocrx_word' id='word_1_416' title='bbox 2606 2910 2760 2976; x_wconf 84' lang='lat' dir='ltr'><strong><em>Quod</em></strong></span> <span class='ocrx_word' id='word_1_417' title='bbox 2780 2921 2958 2973; x_wconf 85' lang='lat' dir='ltr'><strong><em>autem</em></strong></span> <span class='ocrx_word' id='word_1_418' title='bbox 2985 2911 3289 2966; x_wconf 89' lang='lat' dir='ltr'><strong><em>orationem</em></strong></span> <span class='ocrx_word' id='word_1_419' title='bbox 3317 2918 3489 2964; x_wconf 88' lang='lat' dir='ltr'><strong><em>totam</em></strong></span> 
     </span>
    </p>
   </div>
   <div class='ocr_carea' id='block_1_61' title="bbox 1992 3001 3487 3075">
    <p class='ocr_par' dir='ltr' id='par_1_61' title="bbox 1992 3001 3487 3075">
     <span class='ocr_line' id='line_1_61' title="bbox 1992 3001 3487 3075; baseline 0 -20"><span class='ocrx_word' id='word_1_420' title='bbox 1992 3001 2247 3057; x_wconf 85' lang='lat' dir='ltr'><strong><em>Salvator</em></strong></span> <span class='ocrx_word' id='word_1_421' title='bbox 2290 3017 2356 3056; x_wconf 81' lang='lat' dir='ltr'><strong><em>ex</em></strong></span> <span class='ocrx_word' id='word_1_422' title='bbox 2386 3002 2642 3057; x_wconf 72' lang='lat' dir='ltr'><strong><em>humana:</em></strong></span> <span class='ocrx_word' id='word_1_423' title='bbox 2691 3012 2901 3056; x_wconf 84' lang='lat' dir='ltr'><strong><em>naturae</em></strong></span> <span class='ocrx_word' id='word_1_424' title='bbox 2949 3016 3179 3075; x_wconf 89' lang='lat' dir='ltr'><strong><em>persona</em></strong></span> <span class='ocrx_word' id='word_1_425' title='bbox 3206 3001 3487 3066; x_wconf 86' lang='lat' dir='ltr'><strong><em>obtulerit,</em></strong></span> 
     </span>
    </p>
   </div>
   <div class='ocr_carea' id='block_1_62' title="bbox 1996 3081 3489 3162">
    <p class='ocr_par' dir='ltr' id='par_1_62' title="bbox 1996 3081 3489 3162">
     <span class='ocr_line' id='line_1_62' title="bbox 1996 3081 3489 3162; baseline -0.002 -16"><span class='ocrx_word' id='word_1_426' title='bbox 1996 3092 2051 3146; x_wconf 88' lang='lat' dir='ltr'><strong><em>id</em></strong></span> <span class='ocrx_word' id='word_1_427' title='bbox 2085 3092 2138 3145; x_wconf 89' lang='lat' dir='ltr'><strong><em>in</em></strong></span> <span class='ocrx_word' id='word_1_428' title='bbox 2170 3081 2275 3146; x_wconf 81' lang='lat' dir='ltr'><strong><em>ﬁne</em></strong></span> <span class='ocrx_word' id='word_1_429' title='bbox 2303 3092 2497 3162; x_wconf 86' lang='lat' dir='ltr'><strong><em>psalmi</em></strong></span> <span class='ocrx_word' id='word_1_430' title='bbox 2526 3092 2817 3162; x_wconf 82' lang='lat' dir='ltr'><strong><em>signiﬁcat,</em></strong></span> <span class='ocrx_word' id='word_1_431' title='bbox 2849 3092 3069 3161; x_wconf 87' lang='lat' dir='ltr'><strong><em>aitque:</em></strong></span> <span class='ocrx_word' id='word_1_432' title='bbox 3105 3093 3367 3157; x_wconf 87' lang='lat' dir='ltr'><strong><em>Quoniam</em></strong></span> <span class='ocrx_word' id='word_1_433' title='bbox 3394 3107 3489 3144; x_wconf 78' lang='lat' dir='ltr'><strong><em>ex-</em></strong></span> 
     </span>
    </p>
   </div>
   <div class='ocr_carea' id='block_1_63' title="bbox 1991 3182 3490 3253">
    <p class='ocr_par' dir='ltr' id='par_1_63' title="bbox 1991 3182 3490 3253">
     <span class='ocr_line' id='line_1_63' title="bbox 1991 3182 3490 3253; baseline 0 -18"><span class='ocrx_word' id='word_1_434' title='bbox 1991 3182 2191 3237; x_wconf 85' lang='lat' dir='ltr'><strong><em>audivit</em></strong></span> <span class='ocrx_word' id='word_1_435' title='bbox 2215 3198 2468 3253; x_wconf 83' lang='lat' dir='ltr'><strong><em>pauperes</em></strong></span> <span class='ocrx_word' id='word_1_436' title='bbox 2498 3182 2779 3249; x_wconf 78' lang='lat' dir='ltr'><strong><em>Dominus,</em></strong></span> <span class='ocrx_word' id='word_1_437' title='bbox 2814 3192 2863 3236; x_wconf 86' lang='lat' dir='ltr'><strong><em>et</em></strong></span> <span class='ocrx_word' id='word_1_438' title='bbox 2887 3184 3084 3237; x_wconf 86' lang='lat' dir='ltr'><strong><em>vinctos</em></strong></span> <span class='ocrx_word' id='word_1_439' title='bbox 3111 3199 3231 3237; x_wconf 85' lang='lat' dir='ltr'><strong><em>suos</em></strong></span> <span class='ocrx_word' id='word_1_440' title='bbox 3266 3199 3368 3235; x_wconf 86' lang='lat' dir='ltr'><strong><em>non</em></strong></span> <span class='ocrx_word' id='word_1_441' title='bbox 3399 3182 3490 3235; x_wconf 88' lang='lat' dir='ltr'><strong><em>de-</em></strong></span> 
     </span>
    </p>
   </div>
   <div class='ocr_carea' id='block_1_64' title="bbox 302 3258 2178 3347">
    <p class='ocr_par' dir='ltr' id='par_1_64' title="bbox 302 3258 2178 3347">
     <span class='ocr_line' id='line_1_64' title="bbox 302 3258 2178 3347; baseline 0 -17"><span class='ocrx_word' id='word_1_442' title='bbox 302 3290 495 3333; x_wconf 81' lang='grc' dir='ltr'>κουσε</span> <span class='ocrx_word' id='word_1_443' title='bbox 525 3274 646 3329; x_wconf 75' lang='grc' dir='ltr'><strong><em>τῶν</em></strong></span> <span class='ocrx_word' id='word_1_444' title='bbox 672 3274 946 3343; x_wconf 72' lang='grc' dir='ltr'><strong><em>πενήτων</em></strong></span> <span class='ocrx_word' id='word_1_445' title='bbox 964 3280 997 3330; x_wconf 81' lang='grc' dir='ltr'><strong><em>ό</em></strong></span> <span class='ocrx_word' id='word_1_446' title='bbox 1008 3278 1243 3344; x_wconf 83' lang='grc' dir='ltr'>Κύριος,</span> <span class='ocrx_word' id='word_1_447' title='bbox 1264 3278 1360 3330; x_wconf 80' lang='grc' dir='ltr'>καὶ</span> <span class='ocrx_word' id='word_1_448' title='bbox 1387 3277 1528 3343; x_wconf 82' lang='grc' dir='ltr'><em>τοὺς</em></span> <span class='ocrx_word' id='word_1_449' title='bbox 1554 3275 1812 3347; x_wconf 80' lang='grc' dir='ltr'>πὲπεδη-</span> <span class='ocrx_word' id='word_1_450' title='bbox 1841 3258 1883 3317; x_wconf 72' lang='lat' dir='ltr'><strong>C</strong></span> <span class='ocrx_word' id='word_1_451' title='bbox 1987 3276 2178 3343; x_wconf 72' lang='lat' dir='ltr'><strong><em>spexit.</em></strong></span> 
     </span>
    </p>
   </div>
   <div class='ocr_carea' id='block_1_65' title="bbox 292 3365 1357 3435">
    <p class='ocr_par' dir='ltr' id='par_1_65' title="bbox 292 3365 1357 3435">
     <span class='ocr_line' id='line_1_65' title="bbox 292 3365 1357 3435; baseline 0.002 -16"><span class='ocrx_word' id='word_1_452' title='bbox 292 3365 522 3435; x_wconf 79' lang='grc' dir='ltr'><em>μένους</em></span> <span class='ocrx_word' id='word_1_453' title='bbox 544 3366 732 3420; x_wconf 85' lang='grc' dir='ltr'>αὐτοῦ</span> <span class='ocrx_word' id='word_1_454' title='bbox 770 3370 881 3422; x_wconf 83' lang='grc' dir='ltr'><strong><em>οὐκ</em></strong></span> <span class='ocrx_word' id='word_1_455' title='bbox 930 3367 1357 3433; x_wconf 73' lang='grc' dir='ltr'>ἐξουδένωσεν.</span> 
     </span>
    </p>
   </div>
   <div class='ocr_carea' id='block_1_66' title="bbox 304 3456 1817 3529">
    <p class='ocr_par' dir='ltr' id='par_1_66' title="bbox 304 3456 1817 3529">
     <span class='ocr_line' id='line_1_66' title="bbox 304 3456 1817 3529; baseline 0.001 -18"><span class='ocrx_word' id='word_1_456' title='bbox 304 3456 520 3511; x_wconf 86' lang='grc' dir='ltr'>Σῶσόν</span> <span class='ocrx_word' id='word_1_457' title='bbox 533 3474 629 3528; x_wconf 83' lang='grc' dir='ltr'><strong><em>με,</em></strong></span> <span class='ocrx_word' id='word_1_458' title='bbox 673 3460 707 3512; x_wconf 85' lang='grc' dir='ltr'><em>ὀ</em></span> <span class='ocrx_word' id='word_1_459' title='bbox 740 3458 906 3526; x_wconf 82' lang='grc' dir='ltr'>Θεὸς,</span> <span class='ocrx_word' id='word_1_460' title='bbox 958 3458 1046 3512; x_wconf 84' lang='grc' dir='ltr'><strong><em>ὅτι</em></strong></span> <span class='ocrx_word' id='word_1_461' title='bbox 1078 3459 1452 3529; x_wconf 76' lang='grc' dir='ltr'>εἰσήλθοσαν</span> <span class='ocrx_word' id='word_1_462' title='bbox 1476 3459 1665 3515; x_wconf 82' lang='grc' dir='ltr'>ὕδατα</span> <span class='ocrx_word' id='word_1_463' title='bbox 1706 3460 1817 3528; x_wconf 77' lang='grc' dir='ltr'>ἕως</span> 
     </span>
    </p>
   </div>
   <div class='ocr_carea' id='block_1_67' title="bbox 229 3548 1814 3623">
    <p class='ocr_par' dir='ltr' id='par_1_67' title="bbox 229 3548 1814 3623">
     <span class='ocr_line' id='line_1_67' title="bbox 229 3548 1814 3623; baseline 0.002 -21"><span class='ocrx_word' id='word_1_464' title='bbox 229 3548 450 3619; x_wconf 61' lang='grc' dir='ltr'><strong><em>¹ψυχῆς</em></strong></span> <span class='ocrx_word' id='word_1_465' title='bbox 490 3568 630 3619; x_wconf 83' lang='grc' dir='ltr'>μου.</span> <span class='ocrx_word' id='word_1_466' title='bbox 674 3552 891 3623; x_wconf 82' lang='grc' dir='ltr'>Ἐπειδὴ</span> <span class='ocrx_word' id='word_1_467' title='bbox 936 3551 1032 3616; x_wconf 88' lang='grc' dir='ltr'><strong><em>τάς</em></strong></span> <span class='ocrx_word' id='word_1_468' title='bbox 1064 3551 1339 3623; x_wconf 86' lang='grc' dir='ltr'>ἁμαρτίας</span> <span class='ocrx_word' id='word_1_469' title='bbox 1380 3552 1538 3622; x_wconf 82' lang='grc' dir='ltr'>ἡμῶν</span> <span class='ocrx_word' id='word_1_470' title='bbox 1564 3552 1814 3619; x_wconf 75' lang='grc' dir='ltr'>ἀνέλαϐε,</span> 
     </span>
    </p>
   </div>
   <div class='ocr_carea' id='block_1_68' title="bbox 232 3641 1816 3714">
    <p class='ocr_par' dir='ltr' id='par_1_68' title="bbox 232 3641 1816 3714">
     <span class='ocr_line' id='line_1_68' title="bbox 232 3641 1816 3714; baseline 0.003 -21"><span class='ocrx_word' id='word_1_471' title='bbox 232 3641 365 3713; x_wconf 81' lang='grc' dir='ltr'>περὶ</span> <span class='ocrx_word' id='word_1_472' title='bbox 432 3642 590 3713; x_wconf 82' lang='grc' dir='ltr'>ἡμῶν</span> <span class='ocrx_word' id='word_1_473' title='bbox 647 3642 929 3697; x_wconf 83' lang='grc' dir='ltr'>όδυνᾶται·</span> <span class='ocrx_word' id='word_1_474' title='bbox 998 3643 1222 3707; x_wconf 76' lang='grc' dir='ltr'>εἰκότως</span> <span class='ocrx_word' id='word_1_475' title='bbox 1290 3643 1386 3696; x_wconf 73' lang='grc' dir='ltr'><strong><em>καὶ</em></strong></span> <span class='ocrx_word' id='word_1_476' title='bbox 1455 3644 1816 3714; x_wconf 84' lang='grc' dir='ltr'>προσεύχεται</span> 
     </span>
    </p>
   </div>
   <div class='ocr_carea' id='block_1_69' title="bbox 233 3731 1817 3807">
    <p class='ocr_par' dir='ltr' id='par_1_69' title="bbox 233 3731 1817 3807">
     <span class='ocr_line' id='line_1_69' title="bbox 233 3731 1817 3807; baseline 0.004 -23"><span class='ocrx_word' id='word_1_477' title='bbox 233 3731 502 3804; x_wconf 76' lang='grc' dir='ltr'>ῥυσθῆναι</span> <span class='ocrx_word' id='word_1_478' title='bbox 524 3735 590 3787; x_wconf 80' lang='grc' dir='ltr'><strong><em>ἐκ</em></strong></span> <span class='ocrx_word' id='word_1_479' title='bbox 611 3734 720 3787; x_wconf 88' lang='grc' dir='ltr'><strong><em>τῶν</em></strong></span> <span class='ocrx_word' id='word_1_480' title='bbox 749 3734 1092 3806; x_wconf 83' lang='grc' dir='ltr'>πειρασμῶν,</span> <span class='ocrx_word' id='word_1_481' title='bbox 1112 3734 1414 3807; x_wconf 75' lang='grc' dir='ltr'>χειμάρρου</span> <span class='ocrx_word' id='word_1_482' title='bbox 1437 3734 1591 3805; x_wconf 87' lang='grc' dir='ltr'>δίκην</span> <span class='ocrx_word' id='word_1_483' title='bbox 1613 3736 1817 3791; x_wconf 78' lang='grc' dir='ltr'>κυκλω·</span> 
     </span>
    </p>
   </div>
   <div class='ocr_carea' id='block_1_70' title="bbox 233 3822 990 3895">
    <p class='ocr_par' dir='ltr' id='par_1_70' title="bbox 233 3822 990 3895">
     <span class='ocr_line' id='line_1_70' title="bbox 233 3822 990 3895; baseline 0.003 -19"><span class='ocrx_word' id='word_1_484' title='bbox 233 3822 449 3876; x_wconf 87' lang='grc' dir='ltr'>σάντων</span> <span class='ocrx_word' id='word_1_485' title='bbox 469 3824 631 3877; x_wconf 82' lang='grc' dir='ltr'>αὐτοῦ</span> <span class='ocrx_word' id='word_1_486' title='bbox 659 3824 758 3895; x_wconf 78' lang='grc' dir='ltr'><strong><em>τὴν</em></strong></span> <span class='ocrx_word' id='word_1_487' title='bbox 791 3824 990 3895; x_wconf 78' lang='grc' dir='ltr'>ψυχήν.</span> 
     </span>
    </p>
   </div>
   <div class='ocr_carea' id='block_1_71' title="bbox 315 3915 1813 3984">
    <p class='ocr_par' dir='ltr' id='par_1_71' title="bbox 315 3915 1813 3984">
     <span class='ocr_line' id='line_1_71' title="bbox 315 3915 1813 3984; baseline 0.003 -15"><span class='ocrx_word' id='word_1_488' title='bbox 315 3915 653 3984; x_wconf 74' lang='grc' dir='ltr'><strong><em>Ἐνεπάγ-ην</em></strong></span> <span class='ocrx_word' id='word_1_489' title='bbox 671 3918 759 3982; x_wconf 82' lang='grc' dir='ltr'>είς</span> <span class='ocrx_word' id='word_1_490' title='bbox 780 3916 937 3984; x_wconf 76' lang='grc' dir='ltr'><strong><em>ὕλην</em></strong></span> <span class='ocrx_word' id='word_1_491' title='bbox 951 3916 1169 3982; x_wconf 76' lang='grc' dir='ltr'>βυθοῦ,</span> <span class='ocrx_word' id='word_1_492' title='bbox 1196 3916 1297 3970; x_wconf 75' lang='grc' dir='ltr'>καὶ</span> <span class='ocrx_word' id='word_1_493' title='bbox 1322 3919 1432 3971; x_wconf 84' lang='grc' dir='ltr'><strong><em>οὐκ</em></strong></span> <span class='ocrx_word' id='word_1_494' title='bbox 1460 3917 1633 3972; x_wconf 74' lang='grc' dir='ltr'>ἐστιν</span> <span class='ocrx_word' id='word_1_495' title='bbox 1663 3920 1813 3974; x_wconf 80' lang='grc' dir='ltr'>ὑπό-</span> 
     </span>
    </p>
   </div>
   <div class='ocr_carea' id='block_1_72' title="bbox 228 4003 1810 4077">
    <p class='ocr_par' dir='ltr' id='par_1_72' title="bbox 228 4003 1810 4077">
     <span class='ocr_line' id='line_1_72' title="bbox 228 4003 1810 4077; baseline 0.002 -21"><span class='ocrx_word' id='word_1_496' title='bbox 228 4018 472 4069; x_wconf 84' lang='grc' dir='ltr'>στασις.</span> <span class='ocrx_word' id='word_1_497' title='bbox 498 4003 684 4057; x_wconf 79' lang='grc' dir='ltr'>Ταῦτα</span> <span class='ocrx_word' id='word_1_498' title='bbox 712 4005 820 4076; x_wconf 84' lang='grc' dir='ltr'>γὰρ</span> <span class='ocrx_word' id='word_1_499' title='bbox 850 4007 883 4076; x_wconf 81' lang='grc' dir='ltr'><strong>ἡ</strong></span> <span class='ocrx_word' id='word_1_500' title='bbox 943 4005 1259 4077; x_wconf 85' lang='grc' dir='ltr'>ἀνθρωπεία</span> <span class='ocrx_word' id='word_1_501' title='bbox 1273 4005 1444 4074; x_wconf 67' lang='grc' dir='ltr'>,φύσις</span> <span class='ocrx_word' id='word_1_502' title='bbox 1497 4006 1810 4072; x_wconf 74' lang='grc' dir='ltr'>ἐπεπόνθει,</span> 
     </span>
    </p>
   </div>
   <div class='ocr_carea' id='block_1_73' title="bbox 229 4095 1814 4169">
    <p class='ocr_par' dir='ltr' id='par_1_73' title="bbox 229 4095 1814 4169">
     <span class='ocr_line' id='line_1_73' title="bbox 229 4095 1814 4169; baseline 0.005 -23"><span class='ocrx_word' id='word_1_503' title='bbox 229 4095 619 4165; x_wconf 82' lang='grc' dir='ltr'>κατενεχθεῖσα</span> <span class='ocrx_word' id='word_1_504' title='bbox 654 4097 757 4149; x_wconf 76' lang='grc' dir='ltr'>ὑπὸ</span> <span class='ocrx_word' id='word_1_505' title='bbox 784 4097 881 4169; x_wconf 84' lang='grc' dir='ltr'><strong><em>τῆς</em></strong></span> <span class='ocrx_word' id='word_1_506' title='bbox 912 4097 1185 4169; x_wconf 74' lang='grc' dir='ltr'>ἁμαρτίας</span> <span class='ocrx_word' id='word_1_507' title='bbox 1235 4099 1315 4162; x_wconf 87' lang='grc' dir='ltr'>εἰς</span> <span class='ocrx_word' id='word_1_508' title='bbox 1340 4098 1587 4166; x_wconf 88' lang='grc' dir='ltr'>θάνατον,</span> <span class='ocrx_word' id='word_1_509' title='bbox 1619 4101 1710 4154; x_wconf 75' lang='grc' dir='ltr'><strong><em>καὶ</em></strong></span> <span class='ocrx_word' id='word_1_510' title='bbox 1734 4103 1814 4165; x_wconf 85' lang='grc' dir='ltr'><strong><em>είς</em></strong></span> 
     </span>
    </p>
   </div>
   <div class='ocr_carea' id='block_1_74' title="bbox 228 4187 1813 4261">
    <p class='ocr_par' dir='ltr' id='par_1_74' title="bbox 228 4187 1813 4261">
     <span class='ocr_line' id='line_1_74' title="bbox 228 4187 1813 4261; baseline 0.001 -19"><span class='ocrx_word' id='word_1_511' title='bbox 228 4188 393 4242; x_wconf 63' lang='grc' dir='ltr'>αὑτὸν</span> <span class='ocrx_word' id='word_1_512' title='bbox 425 4187 517 4240; x_wconf 80' lang='grc' dir='ltr'><strong><em>τὸν</em></strong></span> <span class='ocrx_word' id='word_1_513' title='bbox 547 4187 642 4240; x_wconf 83' lang='grc' dir='ltr'><strong><em>τοῦ</em></strong></span> <span class='ocrx_word' id='word_1_514' title='bbox 698 4188 824 4259; x_wconf 75' lang='grc' dir='ltr'>ᾅδου</span> <span class='ocrx_word' id='word_1_515' title='bbox 849 4188 1042 4260; x_wconf 90' lang='grc' dir='ltr'>χῶρον·</span> <span class='ocrx_word' id='word_1_516' title='bbox 1079 4190 1147 4242; x_wconf 61' lang='grc' dir='ltr'>ὂνι</span> <span class='ocrx_word' id='word_1_517' title='bbox 1188 4190 1280 4243; x_wconf 78' lang='grc' dir='ltr'><strong><em>καὶ</em></strong></span> <span class='ocrx_word' id='word_1_518' title='bbox 1339 4188 1470 4261; x_wconf 78' lang='grc' dir='ltr'>ὓλην</span> <span class='ocrx_word' id='word_1_519' title='bbox 1525 4190 1687 4261; x_wconf 83' lang='grc' dir='ltr'>βυθοῦ</span> <span class='ocrx_word' id='word_1_520' title='bbox 1717 4193 1813 4246; x_wconf 79' lang='grc' dir='ltr'>καὶ</span> 
     </span>
    </p>
   </div>
   <div class='ocr_carea' id='block_1_75' title="bbox 228 4278 1507 4351">
    <p class='ocr_par' dir='ltr' id='par_1_75' title="bbox 228 4278 1507 4351">
     <span class='ocr_line' id='line_1_75' title="bbox 228 4278 1507 4351; baseline -0.001 -15"><span class='ocrx_word' id='word_1_521' title='bbox 228 4280 510 4351; x_wconf 83' lang='grc' dir='ltr'>θαλάσσης</span> <span class='ocrx_word' id='word_1_522' title='bbox 534 4279 696 4350; x_wconf 88' lang='grc' dir='ltr'>βάθος</span> <span class='ocrx_word' id='word_1_523' title='bbox 716 4282 775 4334; x_wconf 82' lang='grc' dir='ltr'>ὲν</span> <span class='ocrx_word' id='word_1_524' title='bbox 804 4282 917 4343; x_wconf 87' lang='grc' dir='ltr'><strong><em>τοῖς</em></strong></span> <span class='ocrx_word' id='word_1_525' title='bbox 948 4278 1214 4350; x_wconf 81' lang='grc' dir='ltr'>παροῦσιν</span> <span class='ocrx_word' id='word_1_526' title='bbox 1234 4278 1507 4351; x_wconf 74' lang='grc' dir='ltr'>ὀνομάζει.</span> 
     </span>
    </p>
   </div>
   <div class='ocr_carea' id='block_1_76' title="bbox 313 4370 1815 4445">
    <p class='ocr_par' dir='ltr' id='par_1_76' title="bbox 313 4370 1815 4445">
     <span class='ocr_line' id='line_1_76' title="bbox 313 4370 1815 4445; baseline 0 -18"><span class='ocrx_word' id='word_1_527' title='bbox 313 4373 649 4427; x_wconf 76' lang='grc' dir='ltr'>Ἐκοπίασα</span> <span class='ocrx_word' id='word_1_528' title='bbox 720 4370 967 4441; x_wconf 78' lang='grc' dir='ltr'>κράζων,</span> <span class='ocrx_word' id='word_1_529' title='bbox 1029 4374 1428 4443; x_wconf 79' lang='grc' dir='ltr'>ἑϐραγχίασεν</span> <span class='ocrx_word' id='word_1_530' title='bbox 1482 4377 1516 4428; x_wconf 81' lang='grc' dir='ltr'><em>ὀ</em></span> <span class='ocrx_word' id='word_1_531' title='bbox 1576 4373 1815 4445; x_wconf 55' lang='grc' dir='ltr'>λάρυγξ.</span> 
     </span>
    </p>
   </div>
   <div class='ocr_carea' id='block_1_77' title="bbox 222 4460 1809 4537">
    <p class='ocr_par' dir='ltr' id='par_1_77' title="bbox 222 4460 1809 4537">
     <span class='ocr_line' id='line_1_77' title="bbox 222 4460 1809 4537; baseline 0.003 -21"><span class='ocrx_word' id='word_1_532' title='bbox 222 4482 363 4535; x_wconf 80' lang='grc' dir='ltr'>μου.</span> <span class='ocrx_word' id='word_1_533' title='bbox 392 4464 527 4517; x_wconf 88' lang='grc' dir='ltr'>Τίνα</span> <span class='ocrx_word' id='word_1_534' title='bbox 555 4460 623 4535; x_wconf 79' lang='grc' dir='ltr'>ἦν</span> <span class='ocrx_word' id='word_1_535' title='bbox 652 4463 688 4517; x_wconf 80' lang='grc' dir='ltr'>ἃ</span> <span class='ocrx_word' id='word_1_536' title='bbox 721 4463 940 4534; x_wconf 77' lang='grc' dir='ltr'>ἔκραξε,</span> <span class='ocrx_word' id='word_1_537' title='bbox 969 4465 1063 4517; x_wconf 72' lang='grc' dir='ltr'><strong><em>καὶ</em></strong></span> <span class='ocrx_word' id='word_1_538' title='bbox 1082 4465 1183 4517; x_wconf 72' lang='grc' dir='ltr'>ἐπὶ</span> <span class='ocrx_word' id='word_1_539' title='bbox 1238 4466 1403 4530; x_wconf 90' lang='grc' dir='ltr'>τίσιν,</span> <span class='ocrx_word' id='word_1_540' title='bbox 1448 4468 1506 4519; x_wconf 86' lang='grc' dir='ltr'>ἐν</span> <span class='ocrx_word' id='word_1_541' title='bbox 1532 4470 1646 4531; x_wconf 85' lang='grc' dir='ltr'>τοῖς</span> <span class='ocrx_word' id='word_1_542' title='bbox 1678 4468 1809 4537; x_wconf 82' lang='grc' dir='ltr'>ἑξῆς</span> 
     </span>
    </p>
   </div>
   <div class='ocr_carea' id='block_1_78' title="bbox 227 4554 1808 4628">
    <p class='ocr_par' dir='ltr' id='par_1_78' title="bbox 227 4554 1808 4628">
     <span class='ocr_line' id='line_1_78' title="bbox 227 4554 1808 4628; baseline 0.003 -19"><span class='ocrx_word' id='word_1_543' title='bbox 227 4555 417 4626; x_wconf 86' lang='grc' dir='ltr'>σαφῶς</span> <span class='ocrx_word' id='word_1_544' title='bbox 444 4555 695 4622; x_wconf 77' lang='grc' dir='ltr'>ἐδίδαξεν,</span> <span class='ocrx_word' id='word_1_545' title='bbox 725 4554 913 4609; x_wconf 77' lang='grc' dir='ltr'>εἰπών’</span> <span class='ocrx_word' id='word_1_546' title='bbox 963 4556 1272 4625; x_wconf 79' lang='grc' dir='ltr'>Ῥυσθείην</span> <span class='ocrx_word' id='word_1_547' title='bbox 1304 4558 1373 4611; x_wconf 81' lang='grc' dir='ltr'>ἐκ</span> <span class='ocrx_word' id='word_1_548' title='bbox 1407 4557 1527 4613; x_wconf 76' lang='grc' dir='ltr'><strong><em>τῶν</em></strong></span> <span class='ocrx_word' id='word_1_549' title='bbox 1557 4560 1808 4628; x_wconf 49' lang='lat' dir='ltr'><strong><em>pudori??-</em></strong></span> 
     </span>
    </p>
   </div>
   <div class='ocr_carea' id='block_1_79' title="bbox 224 4646 1801 4717">
    <p class='ocr_par' dir='ltr' id='par_1_79' title="bbox 224 4646 1801 4717">
     <span class='ocr_line' id='line_1_79' title="bbox 224 4646 1801 4717; baseline 0.002 -16"><span class='ocrx_word' id='word_1_550' title='bbox 224 4664 347 4701; x_wconf 78' lang='grc' dir='ltr'><strong><em>των</em></strong></span> <span class='ocrx_word' id='word_1_551' title='bbox 372 4664 472 4716; x_wconf 81' lang='grc' dir='ltr'><strong><em>με,</em></strong></span> <span class='ocrx_word' id='word_1_552' title='bbox 495 4646 595 4700; x_wconf 77' lang='grc' dir='ltr'>καὶ</span> <span class='ocrx_word' id='word_1_553' title='bbox 621 4647 690 4700; x_wconf 87' lang='grc' dir='ltr'>ἐκ</span> <span class='ocrx_word' id='word_1_554' title='bbox 709 4647 816 4700; x_wconf 86' lang='grc' dir='ltr'><strong><em>τοῦ</em></strong></span> <span class='ocrx_word' id='word_1_555' title='bbox 841 4646 1073 4713; x_wconf 77' lang='grc' dir='ltr'>βάθους</span> <span class='ocrx_word' id='word_1_556' title='bbox 1112 4647 1229 4701; x_wconf 78' lang='grc' dir='ltr'><strong><em>τῶν</em></strong></span> <span class='ocrx_word' id='word_1_557' title='bbox 1253 4648 1505 4714; x_wconf 78' lang='grc' dir='ltr'>ὑδάτων,</span> <span class='ocrx_word' id='word_1_558' title='bbox 1538 4650 1651 4715; x_wconf 75' lang='grc' dir='ltr'>καὶ,</span> <span class='ocrx_word' id='word_1_559' title='bbox 1704 4650 1801 4717; x_wconf 82' lang='grc' dir='ltr'><strong><em>Μή</em></strong></span> 
     </span>
    </p>
   </div>
   <div class='ocr_carea' id='block_1_80' title="bbox 219 4737 1804 4811">
    <p class='ocr_par' dir='ltr' id='par_1_80' title="bbox 219 4737 1804 4811">
     <span class='ocr_line' id='line_1_80' title="bbox 219 4737 1804 4811; baseline 0.003 -21"><span class='ocrx_word' id='word_1_560' title='bbox 219 4753 300 4808; x_wconf 79' lang='grc' dir='ltr'><strong><em>με</em></strong></span> <span class='ocrx_word' id='word_1_561' title='bbox 323 4737 814 4791; x_wconf 74' lang='grc' dir='ltr'>καταποντισάτω</span> <span class='ocrx_word' id='word_1_562' title='bbox 860 4737 1127 4807; x_wconf 81' lang='grc' dir='ltr'>καταιγὶς</span> <span class='ocrx_word' id='word_1_563' title='bbox 1169 4738 1409 4805; x_wconf 80' lang='grc' dir='ltr'>ὕδατος,</span> <span class='ocrx_word' id='word_1_564' title='bbox 1442 4740 1535 4792; x_wconf 75' lang='grc' dir='ltr'><strong><em>καὶ</em></strong></span> <span class='ocrx_word' id='word_1_565' title='bbox 1576 4742 1642 4793; x_wconf 86' lang='grc' dir='ltr'><strong><em>τά</em></strong></span> <span class='ocrx_word' id='word_1_566' title='bbox 1678 4738 1804 4811; x_wconf 78' lang='grc' dir='ltr'><strong><em>ἑξῆς</em></strong></span> 
     </span>
    </p>
   </div>
   <div class='ocr_carea' id='block_1_81' title="bbox 224 4826 1803 4902">
    <p class='ocr_par' dir='ltr' id='par_1_81' title="bbox 224 4826 1803 4902">
     <span class='ocr_line' id='line_1_81' title="bbox 224 4826 1803 4902; baseline 0.003 -22"><span class='ocrx_word' id='word_1_567' title='bbox 224 4828 608 4899; x_wconf 79' lang='grc' dir='ltr'>ἐπιλεγόμενα.</span> <span class='ocrx_word' id='word_1_568' title='bbox 648 4826 858 4899; x_wconf 78' lang='grc' dir='ltr'>Ηῠχετο</span> <span class='ocrx_word' id='word_1_569' title='bbox 913 4827 1042 4900; x_wconf 79' lang='grc' dir='ltr'>γὰρ,</span> <span class='ocrx_word' id='word_1_570' title='bbox 1095 4829 1171 4893; x_wconf 83' lang='grc' dir='ltr'>ὡς</span> <span class='ocrx_word' id='word_1_571' title='bbox 1202 4828 1358 4901; x_wconf 79' lang='grc' dir='ltr'>ἔφην,</span> <span class='ocrx_word' id='word_1_572' title='bbox 1398 4831 1537 4901; x_wconf 82' lang='grc' dir='ltr'>ὑπὲρ</span> <span class='ocrx_word' id='word_1_573' title='bbox 1572 4831 1670 4902; x_wconf 83' lang='grc' dir='ltr'><strong><em>τῆς</em></strong></span> <span class='ocrx_word' id='word_1_574' title='bbox 1708 4832 1803 4885; x_wconf 89' lang='grc' dir='ltr'>ἀν-</span> 
     </span>
    </p>
   </div>
   <div class='ocr_carea' id='block_1_82' title="bbox 224 4921 1825 4993">
    <p class='ocr_par' dir='ltr' id='par_1_82' title="bbox 224 4921 1825 4993">
     <span class='ocr_line' id='line_1_82' title="bbox 224 4921 1825 4993; baseline 0.002 -19"><span class='ocrx_word' id='word_1_575' title='bbox 224 4921 447 4993; x_wconf 84' lang='grc' dir='ltr'>θρώπου</span> <span class='ocrx_word' id='word_1_576' title='bbox 508 4921 739 4990; x_wconf 74' lang='grc' dir='ltr'>φύσεωςο</span> <span class='ocrx_word' id='word_1_577' title='bbox 805 4922 952 4985; x_wconf 80' lang='grc' dir='ltr'>ὅπως</span> <span class='ocrx_word' id='word_1_578' title='bbox 1008 4921 1444 4993; x_wconf 71' lang='grc' dir='ltr'>καταργηθῇτοῦ</span> <span class='ocrx_word' id='word_1_579' title='bbox 1486 4922 1714 4977; x_wconf 90' lang='grc' dir='ltr'>θανάτου</span> <span class='ocrx_word' id='word_1_580' title='bbox 1741 4924 1825 4977; x_wconf 55' lang='grc' dir='ltr'><strong><em>τὸ¹</em></strong></span> 
     </span>
    </p>
   </div>
   <div class='ocr_carea' id='block_1_83' title="bbox 223 5012 1801 5085">
    <p class='ocr_par' dir='ltr' id='par_1_83' title="bbox 223 5012 1801 5085">
     <span class='ocr_line' id='line_1_83' title="bbox 223 5012 1801 5085; baseline 0.002 -20"><span class='ocrx_word' id='word_1_581' title='bbox 223 5012 448 5084; x_wconf 82' lang='grc' dir='ltr'>κράτος,</span> <span class='ocrx_word' id='word_1_582' title='bbox 500 5014 573 5084; x_wconf 85' lang='grc' dir='ltr'><strong><em>μὴ</em></strong></span> <span class='ocrx_word' id='word_1_583' title='bbox 630 5013 1005 5082; x_wconf 88' lang='grc' dir='ltr'>συγκλείοντος</span> <span class='ocrx_word' id='word_1_584' title='bbox 1043 5015 1162 5066; x_wconf 75' lang='grc' dir='ltr'>κατ’</span> <span class='ocrx_word' id='word_1_585' title='bbox 1204 5014 1376 5084; x_wconf 79' lang='grc' dir='ltr'>αὐτῆς</span> <span class='ocrx_word' id='word_1_586' title='bbox 1407 5013 1466 5066; x_wconf 82' lang='grc' dir='ltr'>τὸ</span> <span class='ocrx_word' id='word_1_587' title='bbox 1498 5015 1671 5085; x_wconf 85' lang='grc' dir='ltr'>στόμα</span> <span class='ocrx_word' id='word_1_588' title='bbox 1707 5013 1801 5068; x_wconf 81' lang='grc' dir='ltr'><strong><em>τοῦ</em></strong></span> 
     </span>
    </p>
   </div>
   <div class='ocr_carea' id='block_1_84' title="bbox 221 5102 1805 5174">
    <p class='ocr_par' dir='ltr' id='par_1_84' title="bbox 221 5102 1805 5174">
     <span class='ocr_line' id='line_1_84' title="bbox 221 5102 1805 5174; baseline 0.001 -18"><span class='ocrx_word' id='word_1_589' title='bbox 221 5104 375 5171; x_wconf 70' lang='grc' dir='ltr'>ᾅδου·</span> <span class='ocrx_word' id='word_1_590' title='bbox 406 5103 486 5156; x_wconf 78' lang='grc' dir='ltr'><strong><em>διὸ</em></strong></span> <span class='ocrx_word' id='word_1_591' title='bbox 517 5102 610 5156; x_wconf 72' lang='grc' dir='ltr'><strong><em>καὶ</em></strong></span> <span class='ocrx_word' id='word_1_592' title='bbox 643 5103 809 5173; x_wconf 84' lang='grc' dir='ltr'>λέγει·</span> <span class='ocrx_word' id='word_1_593' title='bbox 861 5102 1029 5172; x_wconf 81' lang='grc' dir='ltr'><strong><em>Μηδὲ</em></strong></span> <span class='ocrx_word' id='word_1_594' title='bbox 1047 5105 1328 5172; x_wconf 82' lang='grc' dir='ltr'>συσχέτω</span> <span class='ocrx_word' id='word_1_595' title='bbox 1368 5105 1459 5157; x_wconf 76' lang='grc' dir='ltr'><strong><em>ἐπ’</em></strong></span> <span class='ocrx_word' id='word_1_596' title='bbox 1493 5105 1597 5174; x_wconf 79' lang='grc' dir='ltr'><strong><em>ἐμὲ</em></strong></span> <span class='ocrx_word' id='word_1_597' title='bbox 1621 5105 1805 5174; x_wconf 63' lang='grc' dir='ltr'>φρέαρ</span> 
     </span>
    </p>
   </div>
   <div class='ocr_carea' id='block_1_85' title="bbox 221 5194 745 5263">
    <p class='ocr_par' dir='ltr' id='par_1_85' title="bbox 221 5194 745 5263">
     <span class='ocr_line' id='line_1_85' title="bbox 221 5194 745 5263; baseline 0 -15"><span class='ocrx_word' id='word_1_598' title='bbox 221 5194 288 5248; x_wconf 80' lang='grc' dir='ltr'>τό</span> <span class='ocrx_word' id='word_1_599' title='bbox 318 5197 516 5263; x_wconf 82' lang='grc' dir='ltr'>στόμα</span> <span class='ocrx_word' id='word_1_600' title='bbox 531 5196 681 5251; x_wconf 79' lang='grc' dir='ltr'>αὐτο</span> <span class='ocrx_word' id='word_1_601' title='bbox 690 5195 745 5248; x_wconf 85' lang='grc' dir='ltr'>ὗ.</span> 
     </span>
    </p>
   </div>
   <div class='ocr_carea' id='block_1_86' title="bbox 304 5284 1806 5357">
    <p class='ocr_par' dir='ltr' id='par_1_86' title="bbox 304 5284 1806 5357">
     <span class='ocr_line' id='line_1_86' title="bbox 304 5284 1806 5357; baseline 0.004 -17"><span class='ocrx_word' id='word_1_602' title='bbox 304 5287 812 5354; x_wconf 75' lang='grc' dir='ltr'><strong><em>Ἐπληθύνθησαν</em></strong></span> <span class='ocrx_word' id='word_1_603' title='bbox 846 5284 999 5355; x_wconf 81' lang='grc' dir='ltr'><strong><em>ὑπὲρ</em></strong></span> <span class='ocrx_word' id='word_1_604' title='bbox 1021 5288 1127 5353; x_wconf 80' lang='grc' dir='ltr'><strong><em>τὰς</em></strong></span> <span class='ocrx_word' id='word_1_605' title='bbox 1166 5288 1375 5357; x_wconf 83' lang='grc' dir='ltr'>τρίχας</span> <span class='ocrx_word' id='word_1_606' title='bbox 1402 5286 1511 5355; x_wconf 84' lang='grc' dir='ltr'><strong><em>τῆς</em></strong></span> <span class='ocrx_word' id='word_1_607' title='bbox 1535 5288 1806 5357; x_wconf 72' lang='grc' dir='ltr'>κεφαλῆς</span> 
     </span>
    </p>
   </div>
   <div class='ocr_carea' id='block_1_87' title="bbox 214 5376 1804 5449">
    <p class='ocr_par' dir='ltr' id='par_1_87' title="bbox 214 5376 1804 5449">
     <span class='ocr_line' id='line_1_87' title="bbox 214 5376 1804 5449; baseline 0.002 -20"><span class='ocrx_word' id='word_1_608' title='bbox 214 5395 333 5447; x_wconf 80' lang='grc' dir='ltr'><strong><em>μου</em></strong></span> <span class='ocrx_word' id='word_1_609' title='bbox 364 5379 420 5431; x_wconf 83' lang='grc' dir='ltr'><strong><em>οἱ</em></strong></span> <span class='ocrx_word' id='word_1_610' title='bbox 445 5377 772 5446; x_wconf 81' lang='grc' dir='ltr'>μισοῦντές</span> <span class='ocrx_word' id='word_1_611' title='bbox 817 5394 895 5447; x_wconf 82' lang='grc' dir='ltr'>με</span> <span class='ocrx_word' id='word_1_612' title='bbox 955 5376 1201 5444; x_wconf 77' lang='grc' dir='ltr'>δωρεάν.</span> <span class='ocrx_word' id='word_1_613' title='bbox 1250 5378 1445 5431; x_wconf 77' lang='grc' dir='ltr'>Πολλοὶ</span> <span class='ocrx_word' id='word_1_614' title='bbox 1488 5378 1597 5449; x_wconf 88' lang='grc' dir='ltr'><strong><em>γὰρ</em></strong></span> <span class='ocrx_word' id='word_1_615' title='bbox 1624 5380 1673 5431; x_wconf 90' lang='grc' dir='ltr'><strong><em>οἱ</em></strong></span> <span class='ocrx_word' id='word_1_616' title='bbox 1704 5379 1804 5449; x_wconf 81' lang='grc' dir='ltr'><strong><em>τῆς</em></strong></span> 
     </span>
    </p>
   </div>
   <div class='ocr_carea' id='block_1_88' title="bbox 219 5465 1801 5539">
    <p class='ocr_par' dir='ltr' id='par_1_88' title="bbox 219 5465 1801 5539">
     <span class='ocr_line' id='line_1_88' title="bbox 219 5465 1801 5539; baseline -0.001 -19"><span class='ocrx_word' id='word_1_617' title='bbox 219 5466 570 5537; x_wconf 85' lang='grc' dir='ltr'>ἀνθρωπείας</span> <span class='ocrx_word' id='word_1_618' title='bbox 633 5465 850 5534; x_wconf 68' lang='grc' dir='ltr'>φύσεως</span> <span class='ocrx_word' id='word_1_619' title='bbox 908 5466 1183 5519; x_wconf 75' lang='grc' dir='ltr'>ἐπίϐουλοι</span> <span class='ocrx_word' id='word_1_620' title='bbox 1231 5466 1504 5537; x_wconf 86' lang='grc' dir='ltr'>δαίμονες,</span> <span class='ocrx_word' id='word_1_621' title='bbox 1538 5470 1586 5521; x_wconf 78' lang='lat' dir='ltr'><strong><em>oi</em></strong></span> <span class='ocrx_word' id='word_1_622' title='bbox 1638 5467 1801 5539; x_wconf 82' lang='grc' dir='ltr'>μηδὲν</span> 
     </span>
    </p>
   </div>
   <div class='ocr_carea' id='block_1_89' title="bbox 216 5557 1796 5634">
    <p class='ocr_par' dir='ltr' id='par_1_89' title="bbox 216 5557 1796 5634">
     <span class='ocr_line' id='line_1_89' title="bbox 216 5557 1796 5634; baseline 0.001 -23"><span class='ocrx_word' id='word_1_623' title='bbox 216 5557 540 5628; x_wconf 63' lang='grc' dir='ltr'>ἠδικημένοι</span> <span class='ocrx_word' id='word_1_624' title='bbox 595 5557 724 5629; x_wconf 86' lang='grc' dir='ltr'>παρ’</span> <span class='ocrx_word' id='word_1_625' title='bbox 770 5557 964 5634; x_wconf 80' lang='grc' dir='ltr'>ἡμῶν,</span> <span class='ocrx_word' id='word_1_626' title='bbox 1027 5559 1121 5611; x_wconf 82' lang='grc' dir='ltr'><strong><em>καὶ</em></strong></span> <span class='ocrx_word' id='word_1_627' title='bbox 1191 5558 1511 5623; x_wconf 77' lang='grc' dir='ltr'>σπεύδοντες</span> <span class='ocrx_word' id='word_1_628' title='bbox 1570 5559 1796 5613; x_wconf 85' lang='grc' dir='ltr'>ἀνελεῖν.</span> 
     </span>
    </p>
   </div>
   <div class='ocr_carea' id='block_1_90' title="bbox 1988 3450 3489 3521">
    <p class='ocr_par' dir='ltr' id='par_1_90' title="bbox 1988 3450 3489 3521">
     <span class='ocr_line' id='line_1_90' title="bbox 1988 3450 3489 3521; baseline -0.003 -14"><span class='ocrx_word' id='word_1_629' title='bbox 1988 3453 2041 3507; x_wconf 75' lang='lat'><strong><em>2.</em></strong></span> <span class='ocrx_word' id='word_1_630' title='bbox 2061 3453 2389 3509; x_wconf 82' lang='lat' dir='ltr'><strong><em>Salvum-me</em></strong></span> <span class='ocrx_word' id='word_1_631' title='bbox 2406 3453 2514 3521; x_wconf 86' lang='lat' dir='ltr'><strong><em>fac,</em></strong></span> <span class='ocrx_word' id='word_1_632' title='bbox 2539 3450 2702 3517; x_wconf 86' lang='lat' dir='ltr'><strong><em>Deus,</em></strong></span> <span class='ocrx_word' id='word_1_633' title='bbox 2720 3451 2968 3521; x_wconf 85' lang='lat' dir='ltr'><strong><em>quoniam</em></strong></span> <span class='ocrx_word' id='word_1_634' title='bbox 2994 3450 3319 3503; x_wconf 85' lang='lat' dir='ltr'><strong><em>intraverunt</em></strong></span> <span class='ocrx_word' id='word_1_635' title='bbox 3340 3463 3489 3519; x_wconf 69' lang='lat' dir='ltr'><strong><em>aqua</em></strong></span> 
     </span>
    </p>
   </div>
   <div class='ocr_carea' id='block_1_91' title="bbox 1918 3540 3489 3614">
    <p class='ocr_par' dir='ltr' id='par_1_91' title="bbox 1918 3540 3489 3614">
     <span class='ocr_line' id='line_1_91' title="bbox 1918 3540 3489 3614; baseline -0.001 -18"><span class='ocrx_word' id='word_1_636' title='bbox 1918 3560 2077 3614; x_wconf 80' lang='lat' dir='ltr'><strong><em>usque</em></strong></span> <span class='ocrx_word' id='word_1_637' title='bbox 2125 3543 2194 3596; x_wconf 86' lang='lat' dir='ltr'><strong><em>ad</em></strong></span> <span class='ocrx_word' id='word_1_638' title='bbox 2232 3546 2467 3596; x_wconf 78' lang='lat' dir='ltr'><strong><em>animum</em></strong></span> <span class='ocrx_word' id='word_1_639' title='bbox 2500 3558 2690 3596; x_wconf 89' lang='lat' dir='ltr'><strong><em>meam.</em></strong></span> <span class='ocrx_word' id='word_1_640' title='bbox 2732 3540 3001 3607; x_wconf 87' lang='lat' dir='ltr'><strong><em>Quoniam</em></strong></span> <span class='ocrx_word' id='word_1_641' title='bbox 3046 3549 3266 3610; x_wconf 89' lang='lat' dir='ltr'><strong><em>peccata</em></strong></span> <span class='ocrx_word' id='word_1_642' title='bbox 3299 3548 3489 3594; x_wconf 87' lang='lat' dir='ltr'><strong><em>nostra</em></strong></span> 
     </span>
    </p>
   </div>
   <div class='ocr_carea' id='block_1_92' title="bbox 1917 3630 3488 3707">
    <p class='ocr_par' dir='ltr' id='par_1_92' title="bbox 1917 3630 3488 3707">
     <span class='ocr_line' id='line_1_92' title="bbox 1917 3630 3488 3707; baseline -0.004 -16"><span class='ocrx_word' id='word_1_643' title='bbox 1917 3636 2175 3707; x_wconf 89' lang='lat' dir='ltr'><strong><em>suscepit,</em></strong></span> <span class='ocrx_word' id='word_1_644' title='bbox 2208 3650 2307 3704; x_wconf 91' lang='lat' dir='ltr'><strong><em>pro</em></strong></span> <span class='ocrx_word' id='word_1_645' title='bbox 2335 3635 2494 3689; x_wconf 91' lang='lat' dir='ltr'><strong><em>nobis</em></strong></span> <span class='ocrx_word' id='word_1_646' title='bbox 2518 3634 2793 3689; x_wconf 86' lang='lat' dir='ltr'><strong><em>cruciatur</em></strong></span> <span class='ocrx_word' id='word_1_647' title='bbox 2815 3632 2898 3686; x_wconf 59' lang='grc' dir='ltr'><strong><em>⁸⁸ης</em></strong></span> <span class='ocrx_word' id='word_1_648' title='bbox 2930 3647 2994 3687; x_wconf 90' lang='lat' dir='ltr'><strong><em>ac</em></strong></span> <span class='ocrx_word' id='word_1_649' title='bbox 3018 3632 3142 3701; x_wconf 87' lang='lat' dir='ltr'><strong><em>jure</em></strong></span> <span class='ocrx_word' id='word_1_650' title='bbox 3175 3641 3328 3701; x_wconf 84' lang='lat' dir='ltr'><strong><em>rogat</em></strong></span> <span class='ocrx_word' id='word_1_651' title='bbox 3351 3630 3488 3699; x_wconf 87' lang='lat' dir='ltr'><strong><em>eripi</em></strong></span> 
     </span>
    </p>
   </div>
   <div class='ocr_carea' id='block_1_93' title="bbox 1916 3723 3486 3794">
    <p class='ocr_par' dir='ltr' id='par_1_93' title="bbox 1916 3723 3486 3794">
     <span class='ocr_line' id='line_1_93' title="bbox 1916 3723 3486 3794; baseline -0.005 -12"><span class='ocrx_word' id='word_1_652' title='bbox 1916 3742 1975 3783; x_wconf 82' lang='lat' dir='ltr'><strong><em>se</em></strong></span> <span class='ocrx_word' id='word_1_653' title='bbox 2024 3744 2055 3781; x_wconf 92' lang='lat' dir='ltr'><strong><em>a</em></strong></span> <span class='ocrx_word' id='word_1_654' title='bbox 2108 3726 2520 3791; x_wconf 88' lang='lat' dir='ltr'><strong><em>tentationibus,</em></strong></span> <span class='ocrx_word' id='word_1_655' title='bbox 2553 3741 2675 3794; x_wconf 70' lang='lat' dir='ltr'><strong><em>qua:</em></strong></span> <span class='ocrx_word' id='word_1_656' title='bbox 2724 3723 2985 3778; x_wconf 84' lang='lat' dir='ltr'><strong><em>torrentis</em></strong></span> <span class='ocrx_word' id='word_1_657' title='bbox 3028 3724 3205 3778; x_wconf 88' lang='lat' dir='ltr'><strong><em>instar</em></strong></span> <span class='ocrx_word' id='word_1_658' title='bbox 3249 3724 3486 3776; x_wconf 88' lang='lat' dir='ltr'><strong><em>animam</em></strong></span> 
     </span>
    </p>
   </div>
   <div class='ocr_carea' id='block_1_94' title="bbox 1915 3814 2564 3885">
    <p class='ocr_par' dir='ltr' id='par_1_94' title="bbox 1915 3814 2564 3885">
     <span class='ocr_line' id='line_1_94' title="bbox 1915 3814 2564 3885; baseline -0.005 -15"><span class='ocrx_word' id='word_1_659' title='bbox 1915 3815 2036 3885; x_wconf 91' lang='lat' dir='ltr'><strong><em>ejus</em></strong></span> <span class='ocrx_word' id='word_1_660' title='bbox 2069 3814 2564 3869; x_wconf 84' lang='lat' dir='ltr'><strong><em>circumdederunt.</em></strong></span> 
     </span>
    </p>
   </div>
   <div class='ocr_carea' id='block_1_95' title="bbox 1984 3903 3489 3977">
    <p class='ocr_par' dir='ltr' id='par_1_95' title="bbox 1984 3903 3489 3977">
     <span class='ocr_line' id='line_1_95' title="bbox 1984 3903 3489 3977; baseline -0.005 -14"><span class='ocrx_word' id='word_1_661' title='bbox 1984 3910 2038 3965; x_wconf 79' lang='lat'><strong><em>5.</em></strong></span> <span class='ocrx_word' id='word_1_662' title='bbox 2070 3908 2277 3977; x_wconf 74' lang='lat' dir='ltr'><strong><em>Inﬁxus</em></strong></span> <span class='ocrx_word' id='word_1_663' title='bbox 2305 3922 2421 3960; x_wconf 85' lang='lat' dir='ltr'><strong><em>sum</em></strong></span> <span class='ocrx_word' id='word_1_664' title='bbox 2448 3907 2503 3959; x_wconf 89' lang='lat' dir='ltr'><strong><em>in</em></strong></span> <span class='ocrx_word' id='word_1_665' title='bbox 2535 3906 2661 3958; x_wconf 90' lang='lat' dir='ltr'><strong><em>limo</em></strong></span> <span class='ocrx_word' id='word_1_666' title='bbox 2686 3903 2969 3974; x_wconf 79' lang='lat' dir='ltr'><strong><em>profundi,</em></strong></span> <span class='ocrx_word' id='word_1_667' title='bbox 3010 3911 3062 3957; x_wconf 91' lang='lat' dir='ltr'><strong><em>et</em></strong></span> <span class='ocrx_word' id='word_1_668' title='bbox 3109 3920 3210 3957; x_wconf 87' lang='lat' dir='ltr'><strong><em>non</em></strong></span> <span class='ocrx_word' id='word_1_669' title='bbox 3242 3913 3321 3958; x_wconf 80' lang='lat' dir='ltr'><strong><em>est</em></strong></span> <span class='ocrx_word' id='word_1_670' title='bbox 3366 3904 3489 3957; x_wconf 80' lang='lat' dir='ltr'><strong><em>sub-</em></strong></span> 
     </span>
    </p>
   </div>
   <div class='ocr_carea' id='block_1_96' title="bbox 1915 3995 3484 4066">
    <p class='ocr_par' dir='ltr' id='par_1_96' title="bbox 1915 3995 3484 4066">
     <span class='ocr_line' id='line_1_96' title="bbox 1915 3995 3484 4066; baseline -0.004 -13"><span class='ocrx_word' id='word_1_671' title='bbox 1915 4000 2137 4066; x_wconf 86' lang='lat' dir='ltr'><strong><em>stantia,</em></strong></span> <span class='ocrx_word' id='word_1_672' title='bbox 2170 4008 2276 4053; x_wconf 88' lang='lat' dir='ltr'><strong><em>etc.</em></strong></span> <span class='ocrx_word' id='word_1_673' title='bbox 2325 3996 2446 4053; x_wconf 72' lang='lat' dir='ltr'><strong><em>Haec</em></strong></span> <span class='ocrx_word' id='word_1_674' title='bbox 2473 3997 2618 4050; x_wconf 89' lang='lat' dir='ltr'><strong><em>enim</em></strong></span> <span class='ocrx_word' id='word_1_675' title='bbox 2654 3995 2960 4064; x_wconf 88' lang='lat' dir='ltr'><strong><em>patiebatur</em></strong></span> <span class='ocrx_word' id='word_1_676' title='bbox 2998 3995 3233 4048; x_wconf 89' lang='lat' dir='ltr'><strong><em>humana</em></strong></span> <span class='ocrx_word' id='word_1_677' title='bbox 3268 4004 3484 4058; x_wconf 83' lang='lat' dir='ltr'><strong><em>natura,</em></strong></span> 
     </span>
    </p>
   </div>
   <div class='ocr_carea' id='block_1_97' title="bbox 1914 4089 3487 4162">
    <p class='ocr_par' dir='ltr' id='par_1_97' title="bbox 1914 4089 3487 4162">
     <span class='ocr_line' id='line_1_97' title="bbox 1914 4089 3487 4162; baseline -0.005 -14"><span class='ocrx_word' id='word_1_678' title='bbox 1914 4094 2142 4148; x_wconf 87' lang='lat' dir='ltr'><strong><em>deducta</em></strong></span> <span class='ocrx_word' id='word_1_679' title='bbox 2190 4108 2284 4162; x_wconf 85' lang='lat' dir='ltr'><strong><em>per</em></strong></span> <span class='ocrx_word' id='word_1_680' title='bbox 2327 4099 2610 4161; x_wconf 87' lang='lat' dir='ltr'><strong><em>peccatum</em></strong></span> <span class='ocrx_word' id='word_1_681' title='bbox 2650 4090 2704 4143; x_wconf 85' lang='lat' dir='ltr'><strong><em>in</em></strong></span> <span class='ocrx_word' id='word_1_682' title='bbox 2733 4098 3063 4153; x_wconf 27' lang='lat' dir='ltr'><strong><em>mortem,,et</em></strong></span> <span class='ocrx_word' id='word_1_683' title='bbox 3093 4090 3146 4142; x_wconf 90' lang='lat' dir='ltr'><strong><em>in</em></strong></span> <span class='ocrx_word' id='word_1_684' title='bbox 3185 4089 3363 4157; x_wconf 90' lang='lat' dir='ltr'><strong><em>ipsum</em></strong></span> <span class='ocrx_word' id='word_1_685' title='bbox 3403 4089 3487 4141; x_wconf 89' lang='lat' dir='ltr'><strong><em>in-</em></strong></span> 
     </span>
    </p>
   </div>
   <div class='ocr_carea' id='block_1_98' title="bbox 1912 4178 3482 4252">
    <p class='ocr_par' dir='ltr' id='par_1_98' title="bbox 1912 4178 3482 4252">
     <span class='ocr_line' id='line_1_98' title="bbox 1912 4178 3482 4252; baseline -0.006 -13"><span class='ocrx_word' id='word_1_686' title='bbox 1912 4184 2052 4240; x_wconf 87' lang='lat' dir='ltr'><strong><em>ferni</em></strong></span> <span class='ocrx_word' id='word_1_687' title='bbox 2078 4184 2280 4248; x_wconf 92' lang='lat' dir='ltr'><strong><em>locum,</em></strong></span> <span class='ocrx_word' id='word_1_688' title='bbox 2300 4197 2470 4252; x_wconf 86' lang='lat' dir='ltr'><strong><em>quem</em></strong></span> <span class='ocrx_word' id='word_1_689' title='bbox 2492 4182 2690 4234; x_wconf 86' lang='lat' dir='ltr'><strong><em>1imum</em></strong></span> <span class='ocrx_word' id='word_1_690' title='bbox 2720 4178 2989 4250; x_wconf 76' lang='lat' dir='ltr'><strong><em>profundi.</em></strong></span> <span class='ocrx_word' id='word_1_691' title='bbox 3012 4188 3067 4233; x_wconf 86' lang='lat' dir='ltr'><strong><em>et</em></strong></span> <span class='ocrx_word' id='word_1_692' title='bbox 3100 4179 3269 4232; x_wconf 90' lang='lat' dir='ltr'><strong><em>maris</em></strong></span> <span class='ocrx_word' id='word_1_693' title='bbox 3299 4178 3482 4232; x_wconf 81' lang='lat' dir='ltr'><strong><em>altitu—</em></strong></span> 
     </span>
    </p>
   </div>
   <div class='ocr_carea' id='block_1_99' title="bbox 1912 4274 2425 4330">
    <p class='ocr_par' dir='ltr' id='par_1_99' title="bbox 1912 4274 2425 4330">
     <span class='ocr_line' id='line_1_99' title="bbox 1912 4274 2425 4330; baseline -0.01 0"><span class='ocrx_word' id='word_1_694' title='bbox 1912 4276 2093 4330; x_wconf 89' lang='lat' dir='ltr'><strong><em>dinem</em></strong></span> <span class='ocrx_word' id='word_1_695' title='bbox 2128 4274 2217 4327; x_wconf 77' lang='lat' dir='ltr'><strong><em>ltic</em></strong></span> <span class='ocrx_word' id='word_1_696' title='bbox 2246 4281 2425 4328; x_wconf 89' lang='lat' dir='ltr'><strong><em>vocat.</em></strong></span> 
     </span>
    </p>
   </div>
   <div class='ocr_carea' id='block_1_100' title="bbox 1984 4364 3479 4435">
    <p class='ocr_par' dir='ltr' id='par_1_100' title="bbox 1984 4364 3479 4435">
     <span class='ocr_line' id='line_1_100' title="bbox 1984 4364 3479 4435; baseline -0.005 -11"><span class='ocrx_word' id='word_1_697' title='bbox 1984 4370 2037 4424; x_wconf 72' lang='grc'>4.</span> <span class='ocrx_word' id='word_1_698' title='bbox 2060 4368 2323 4423; x_wconf 84' lang='lat' dir='ltr'><strong><em>Laboravi</em></strong></span> <span class='ocrx_word' id='word_1_699' title='bbox 2345 4370 2605 4433; x_wconf 84' lang='lat' dir='ltr'><strong><em>clamans,</em></strong></span> <span class='ocrx_word' id='word_1_700' title='bbox 2622 4383 2796 4421; x_wconf 75' lang='lat' dir='ltr'><strong><em>rauca:</em></strong></span> <span class='ocrx_word' id='word_1_701' title='bbox 2816 4366 2972 4435; x_wconf 70' lang='lat' dir='ltr'><strong><em>factae</em></strong></span> <span class='ocrx_word' id='word_1_702' title='bbox 2994 4373 3115 4418; x_wconf 86' lang='lat' dir='ltr'><strong><em>sunt</em></strong></span> <span class='ocrx_word' id='word_1_703' title='bbox 3137 4364 3313 4433; x_wconf 78' lang='lat' dir='ltr'><strong><em>fauces</em></strong></span> <span class='ocrx_word' id='word_1_704' title='bbox 3331 4379 3479 4417; x_wconf 77' lang='lat' dir='ltr'><strong><em>mete.</em></strong></span> 
     </span>
    </p>
   </div>
   <div class='ocr_carea' id='block_1_101' title="bbox 1911 4455 3482 4527">
    <p class='ocr_par' dir='ltr' id='par_1_101' title="bbox 1911 4455 3482 4527">
     <span class='ocr_line' id='line_1_101' title="bbox 1911 4455 3482 4527; baseline -0.002 -16"><span class='ocrx_word' id='word_1_705' title='bbox 1911 4458 2169 4526; x_wconf 61' lang='lat' dir='ltr'><strong><em>Quasnam</em></strong></span> <span class='ocrx_word' id='word_1_706' title='bbox 2207 4459 2494 4514; x_wconf 90' lang='lat' dir='ltr'><strong><em>clamando</em></strong></span> <span class='ocrx_word' id='word_1_707' title='bbox 2530 4460 2730 4513; x_wconf 85' lang='lat' dir='ltr'><strong><em>dixerit</em></strong></span> <span class='ocrx_word' id='word_1_708' title='bbox 2776 4469 2829 4512; x_wconf 91' lang='lat' dir='ltr'><strong><em>et</em></strong></span> <span class='ocrx_word' id='word_1_709' title='bbox 2862 4458 3063 4527; x_wconf 90' lang='lat' dir='ltr'><strong><em>quibus</em></strong></span> <span class='ocrx_word' id='word_1_710' title='bbox 3093 4457 3158 4511; x_wconf 88' lang='lat' dir='ltr'><strong><em>de</em></strong></span> <span class='ocrx_word' id='word_1_711' title='bbox 3187 4455 3392 4519; x_wconf 90' lang='lat' dir='ltr'><strong><em>causis,</em></strong></span> <span class='ocrx_word' id='word_1_712' title='bbox 3426 4455 3482 4508; x_wconf 91' lang='lat' dir='ltr'><strong><em>in</em></strong></span> 
     </span>
    </p>
   </div>
   <div class='ocr_carea' id='block_1_102' title="bbox 1911 4542 3481 4625">
    <p class='ocr_par' dir='ltr' id='par_1_102' title="bbox 1911 4542 3481 4625">
     <span class='ocr_line' id='line_1_102' title="bbox 1911 4542 3481 4625; baseline -0.004 -15"><span class='ocrx_word' id='word_1_713' title='bbox 1911 4542 2266 4625; x_wconf 75' lang='lat' dir='ltr'><strong><em>sequentibUs</em></strong></span> <span class='ocrx_word' id='word_1_714' title='bbox 2301 4563 2483 4624; x_wconf 90' lang='lat' dir='ltr'><strong><em>aperte</em></strong></span> <span class='ocrx_word' id='word_1_715' title='bbox 2512 4556 2670 4609; x_wconf 74' lang='lat' dir='ltr'><strong><em>(locet</em></strong></span> <span class='ocrx_word' id='word_1_716' title='bbox 2698 4554 2928 4608; x_wconf 88' lang='lat' dir='ltr'><strong><em>dicendo</em></strong></span> <span class='ocrx_word' id='word_1_717' title='bbox 2955 4571 2969 4606; x_wconf 92' lang='lat'><strong>:</strong></span> <span class='ocrx_word' id='word_1_718' title='bbox 3002 4551 3192 4606; x_wconf 85' lang='lat' dir='ltr'><strong><em>Libera</em></strong></span> <span class='ocrx_word' id='word_1_719' title='bbox 3226 4568 3307 4604; x_wconf 89' lang='lat' dir='ltr'><strong><em>me</em></strong></span> <span class='ocrx_word' id='word_1_720' title='bbox 3327 4550 3391 4604; x_wconf 90' lang='lat' dir='ltr'><strong><em>ab</em></strong></span> <span class='ocrx_word' id='word_1_721' title='bbox 3414 4550 3481 4603; x_wconf 87' lang='lat' dir='ltr'><strong><em>iis</em></strong></span> 
     </span>
    </p>
   </div>
   <div class='ocr_carea' id='block_1_103' title="bbox 1908 4648 3483 4722">
    <p class='ocr_par' dir='ltr' id='par_1_103' title="bbox 1908 4648 3483 4722">
     <span class='ocr_line' id='line_1_103' title="bbox 1908 4648 3483 4722; baseline -0.002 -17"><span class='ocrx_word' id='word_1_722' title='bbox 1908 4652 1997 4722; x_wconf 86' lang='lat' dir='ltr'><strong><em>qui</em></strong></span> <span class='ocrx_word' id='word_1_723' title='bbox 2019 4651 2236 4706; x_wconf 88' lang='lat' dir='ltr'><strong><em>oderunt</em></strong></span> <span class='ocrx_word' id='word_1_724' title='bbox 2251 4667 2329 4705; x_wconf 89' lang='lat' dir='ltr'><strong><em>me</em></strong></span> <span class='ocrx_word' id='word_1_725' title='bbox 2352 4661 2400 4705; x_wconf 90' lang='lat' dir='ltr'><strong><em>et</em></strong></span> <span class='ocrx_word' id='word_1_726' title='bbox 2422 4652 2485 4704; x_wconf 87' lang='lat' dir='ltr'><strong><em>de</em></strong></span> <span class='ocrx_word' id='word_1_727' title='bbox 2501 4652 2776 4721; x_wconf 82' lang='lat' dir='ltr'><strong><em>profundis</em></strong></span> <span class='ocrx_word' id='word_1_728' title='bbox 2798 4649 3231 4721; x_wconf 73' lang='lat' dir='ltr'><strong><em>aquarum“,et:</em></strong></span> <span class='ocrx_word' id='word_1_729' title='bbox 3262 4648 3379 4702; x_wconf 87' lang='lat' dir='ltr'><strong><em>Non</em></strong></span> <span class='ocrx_word' id='word_1_730' title='bbox 3402 4666 3483 4702; x_wconf 88' lang='lat' dir='ltr'><strong><em>me</em></strong></span> 
     </span>
    </p>
   </div>
   <div class='ocr_carea' id='block_1_104' title="bbox 1908 4742 3480 4815">
    <p class='ocr_par' dir='ltr' id='par_1_104' title="bbox 1908 4742 3480 4815">
     <span class='ocr_line' id='line_1_104' title="bbox 1908 4742 3480 4815; baseline -0.005 -13"><span class='ocrx_word' id='word_1_731' title='bbox 1908 4748 2173 4815; x_wconf 75' lang='lat' dir='ltr'><strong><em>demerget</em></strong></span> <span class='ocrx_word' id='word_1_732' title='bbox 2203 4754 2477 4814; x_wconf 86' lang='lat' dir='ltr'><strong><em>tempestas</em></strong></span> <span class='ocrx_word' id='word_1_733' title='bbox 2506 4761 2656 4814; x_wconf 72' lang='lat' dir='ltr'><strong><em>aqua:</em></strong></span> <span class='ocrx_word' id='word_1_734' title='bbox 2681 4744 2749 4807; x_wconf 68' lang='grc'><strong><em>⁸⁷,</em></strong></span> <span class='ocrx_word' id='word_1_735' title='bbox 2776 4753 2881 4797; x_wconf 88' lang='lat' dir='ltr'><strong><em>etc.</em></strong></span> <span class='ocrx_word' id='word_1_736' title='bbox 2914 4743 3161 4813; x_wconf 81' lang='lat' dir='ltr'><strong><em>Rogabat</em></strong></span> <span class='ocrx_word' id='word_1_737' title='bbox 3187 4742 3480 4811; x_wconf 88' lang='lat' dir='ltr'><strong><em>siquidem,</em></strong></span> 
     </span>
    </p>
   </div>
   <div class='ocr_carea' id='block_1_105' title="bbox 1910 4832 3480 4905">
    <p class='ocr_par' dir='ltr' id='par_1_105' title="bbox 1910 4832 3480 4905">
     <span class='ocr_line' id='line_1_105' title="bbox 1910 4832 3480 4905; baseline -0.002 -17"><span class='ocrx_word' id='word_1_738' title='bbox 1910 4835 1989 4888; x_wconf 90' lang='lat' dir='ltr'><strong><em>uti</em></strong></span> <span class='ocrx_word' id='word_1_739' title='bbox 2035 4834 2149 4905; x_wconf 87' lang='lat' dir='ltr'><strong><em>jam</em></strong></span> <span class='ocrx_word' id='word_1_740' title='bbox 2200 4834 2339 4897; x_wconf 85' lang='lat' dir='ltr'><strong><em>dixi,</em></strong></span> <span class='ocrx_word' id='word_1_741' title='bbox 2367 4850 2466 4904; x_wconf 91' lang='lat' dir='ltr'><strong><em>pro</em></strong></span> <span class='ocrx_word' id='word_1_742' title='bbox 2496 4834 2747 4888; x_wconf 87' lang='lat' dir='ltr'><strong><em>hominis</em></strong></span> <span class='ocrx_word' id='word_1_743' title='bbox 2768 4843 2985 4895; x_wconf 86' lang='lat' dir='ltr'><strong><em>natura,</em></strong></span> <span class='ocrx_word' id='word_1_744' title='bbox 3019 4842 3078 4886; x_wconf 93' lang='lat' dir='ltr'><strong><em>ut</em></strong></span> <span class='ocrx_word' id='word_1_745' title='bbox 3112 4832 3480 4886; x_wconf 87' lang='lat' dir='ltr'><strong><em>destrueretur</em></strong></span> 
     </span>
    </p>
   </div>
   <div class='ocr_carea' id='block_1_106' title="bbox 1910 4924 3477 4996">
    <p class='ocr_par' dir='ltr' id='par_1_106' title="bbox 1910 4924 3477 4996">
     <span class='ocr_line' id='line_1_106' title="bbox 1910 4924 3477 4996; baseline -0.002 -17"><span class='ocrx_word' id='word_1_746' title='bbox 1910 4928 2103 4981; x_wconf 90' lang='lat' dir='ltr'><strong><em>mortis</em></strong></span> <span class='ocrx_word' id='word_1_747' title='bbox 2139 4926 2452 4996; x_wconf 90' lang='lat' dir='ltr'><strong><em>imperium,</em></strong></span> <span class='ocrx_word' id='word_1_748' title='bbox 2482 4925 2696 4980; x_wconf 91' lang='lat' dir='ltr'><strong><em>inferno</em></strong></span> <span class='ocrx_word' id='word_1_749' title='bbox 2719 4941 2780 4980; x_wconf 79' lang='lat' dir='ltr'><strong><em>os</em></strong></span> <span class='ocrx_word' id='word_1_750' title='bbox 2808 4940 2967 4979; x_wconf 92' lang='lat' dir='ltr'><strong><em>suum</em></strong></span> <span class='ocrx_word' id='word_1_751' title='bbox 3000 4933 3123 4995; x_wconf 89' lang='lat' dir='ltr'><strong><em>post</em></strong></span> <span class='ocrx_word' id='word_1_752' title='bbox 3162 4924 3338 4994; x_wconf 89' lang='lat' dir='ltr'><strong><em>ipsum</em></strong></span> <span class='ocrx_word' id='word_1_753' title='bbox 3373 4940 3477 4978; x_wconf 83' lang='lat' dir='ltr'><strong><em>non</em></strong></span> 
     </span>
    </p>
   </div>
   <div class='ocr_carea' id='block_1_107' title="bbox 1910 5015 3478 5087">
    <p class='ocr_par' dir='ltr' id='par_1_107' title="bbox 1910 5015 3478 5087">
     <span class='ocr_line' id='line_1_107' title="bbox 1910 5015 3478 5087; baseline -0.003 -15"><span class='ocrx_word' id='word_1_754' title='bbox 1910 5018 2227 5083; x_wconf 87' lang='lat' dir='ltr'><strong><em>claudente,</em></strong></span> <span class='ocrx_word' id='word_1_755' title='bbox 2280 5017 2635 5087; x_wconf 87' lang='lat' dir='ltr'><strong><em>quamobrem</em></strong></span> <span class='ocrx_word' id='word_1_756' title='bbox 2663 5017 2828 5085; x_wconf 88' lang='lat' dir='ltr'><strong><em>dicit,</em></strong></span> <span class='ocrx_word' id='word_1_757' title='bbox 2860 5032 3021 5087; x_wconf 86' lang='lat' dir='ltr'><strong><em>neque</em></strong></span> <span class='ocrx_word' id='word_1_758' title='bbox 3058 5015 3276 5069; x_wconf 84' lang='lat' dir='ltr'><strong><em>claudat</em></strong></span> <span class='ocrx_word' id='word_1_759' title='bbox 3327 5029 3478 5084; x_wconf 85' lang='lat' dir='ltr'><strong><em>super</em></strong></span> 
     </span>
    </p>
   </div>
   <div class='ocr_carea' id='block_1_108' title="bbox 1910 5108 2569 5179">
    <p class='ocr_par' dir='ltr' id='par_1_108' title="bbox 1910 5108 2569 5179">
     <span class='ocr_line' id='line_1_108' title="bbox 1910 5108 2569 5179; baseline 0.003 -18"><span class='ocrx_word' id='word_1_760' title='bbox 1910 5124 1990 5162; x_wconf 89' lang='lat' dir='ltr'><strong><em>me</em></strong></span> <span class='ocrx_word' id='word_1_761' title='bbox 2012 5120 2196 5179; x_wconf 85' lang='lat' dir='ltr'><strong><em>puteus</em></strong></span> <span class='ocrx_word' id='word_1_762' title='bbox 2224 5125 2279 5163; x_wconf 88' lang='lat' dir='ltr'><strong><em>os</em></strong></span> <span class='ocrx_word' id='word_1_763' title='bbox 2306 5126 2460 5165; x_wconf 85' lang='lat' dir='ltr'><strong><em>suum</em></strong></span> <span class='ocrx_word' id='word_1_764' title='bbox 2493 5108 2569 5163; x_wconf 63' lang='lat'><strong><em>‘8.</em></strong></span> 
     </span>
    </p>
   </div>
   <div class='ocr_carea' id='block_1_109' title="bbox 1980 5282 3476 5355">
    <p class='ocr_par' dir='ltr' id='par_1_109' title="bbox 1980 5282 3476 5355">
     <span class='ocr_line' id='line_1_109' title="bbox 1980 5282 3476 5355; baseline -0.003 -16"><span class='ocrx_word' id='word_1_765' title='bbox 1980 5284 2034 5339; x_wconf 84' lang='lat'><strong><em>5.</em></strong></span> <span class='ocrx_word' id='word_1_766' title='bbox 2067 5283 2415 5355; x_wconf 82' lang='lat' dir='ltr'><strong><em>Multiplicati</em></strong></span> <span class='ocrx_word' id='word_1_767' title='bbox 2446 5293 2569 5339; x_wconf 78' lang='lat' dir='ltr'><strong><em>sunt</em></strong></span> <span class='ocrx_word' id='word_1_768' title='bbox 2595 5300 2753 5355; x_wconf 89' lang='lat' dir='ltr'><strong><em>super</em></strong></span> <span class='ocrx_word' id='word_1_769' title='bbox 2783 5284 3004 5354; x_wconf 85' lang='lat' dir='ltr'><strong><em>capillos</em></strong></span> <span class='ocrx_word' id='word_1_770' title='bbox 3034 5283 3224 5352; x_wconf 84' lang='lat' dir='ltr'><strong><em>capitis</em></strong></span> <span class='ocrx_word' id='word_1_771' title='bbox 3251 5282 3353 5334; x_wconf 88' lang='lat' dir='ltr'><strong><em>mei</em></strong></span> <span class='ocrx_word' id='word_1_772' title='bbox 3386 5286 3476 5352; x_wconf 87' lang='lat' dir='ltr'><strong><em>qui</em></strong></span> 
     </span>
    </p>
   </div>
   <div class='ocr_carea' id='block_1_110' title="bbox 1910 5371 3476 5446">
    <p class='ocr_par' dir='ltr' id='par_1_110' title="bbox 1910 5371 3476 5446">
     <span class='ocr_line' id='line_1_110' title="bbox 1910 5371 3476 5446; baseline -0.001 -17"><span class='ocrx_word' id='word_1_773' title='bbox 1910 5377 2134 5431; x_wconf 87' lang='lat' dir='ltr'><strong><em>oderunt</em></strong></span> <span class='ocrx_word' id='word_1_774' title='bbox 2160 5393 2239 5431; x_wconf 90' lang='lat' dir='ltr'><strong><em>me</em></strong></span> <span class='ocrx_word' id='word_1_775' title='bbox 2265 5378 2455 5446; x_wconf 82' lang='lat' dir='ltr'><strong><em>gratis.</em></strong></span> <span class='ocrx_word' id='word_1_776' title='bbox 2486 5376 2638 5431; x_wconf 84' lang='lat' dir='ltr'><strong><em>Multi</em></strong></span> <span class='ocrx_word' id='word_1_777' title='bbox 2663 5392 2898 5446; x_wconf 87' lang='lat' dir='ltr'><strong><em>namque</em></strong></span> <span class='ocrx_word' id='word_1_778' title='bbox 2920 5376 3194 5430; x_wconf 71' lang='lat' dir='ltr'><strong><em>daemones</em></strong></span> <span class='ocrx_word' id='word_1_779' title='bbox 3224 5371 3476 5428; x_wconf 59' lang='lat' dir='ltr'><strong><em>humanm</em></strong></span> 
     </span>
    </p>
   </div>
   <div class='ocr_carea' id='block_1_111' title="bbox 1904 5463 3473 5537">
    <p class='ocr_par' dir='ltr' id='par_1_111' title="bbox 1904 5463 3473 5537">
     <span class='ocr_line' id='line_1_111' title="bbox 1904 5463 3473 5537; baseline -0.003 -17"><span class='ocrx_word' id='word_1_780' title='bbox 1904 5478 2112 5522; x_wconf 65' lang='lat' dir='ltr'><strong><em>naturae</em></strong></span> <span class='ocrx_word' id='word_1_781' title='bbox 2151 5468 2497 5532; x_wconf 88' lang='lat' dir='ltr'><strong><em>insidiantur,</em></strong></span> <span class='ocrx_word' id='word_1_782' title='bbox 2536 5468 2629 5537; x_wconf 89' lang='lat' dir='ltr'><strong><em>qui</em></strong></span> <span class='ocrx_word' id='word_1_783' title='bbox 2674 5468 2810 5521; x_wconf 87' lang='lat' dir='ltr'><strong><em>nihil</em></strong></span> <span class='ocrx_word' id='word_1_784' title='bbox 2844 5481 2874 5519; x_wconf 92' lang='lat' dir='ltr'><strong><em>a</em></strong></span> <span class='ocrx_word' id='word_1_785' title='bbox 2910 5466 3066 5520; x_wconf 91' lang='lat' dir='ltr'><strong><em>nobis</em></strong></span> <span class='ocrx_word' id='word_1_786' title='bbox 3092 5464 3205 5519; x_wconf 61' lang='lat' dir='ltr'><strong><em>laesi</em></strong></span> <span class='ocrx_word' id='word_1_787' title='bbox 3237 5463 3473 5527; x_wconf 89' lang='lat' dir='ltr'><strong><em>fuerant,</em></strong></span> 
     </span>
    </p>
   </div>
   <div class='ocr_carea' id='block_1_112' title="bbox 1902 5556 3471 5630">
    <p class='ocr_par' dir='ltr' id='par_1_112' title="bbox 1902 5556 3471 5630">
     <span class='ocr_line' id='line_1_112' title="bbox 1902 5556 3471 5630; baseline -0.004 -16"><span class='ocrx_word' id='word_1_788' title='bbox 1902 5569 1956 5615; x_wconf 89' lang='lat' dir='ltr'><strong><em>et</em></strong></span> <span class='ocrx_word' id='word_1_789' title='bbox 1981 5570 2161 5614; x_wconf 90' lang='lat' dir='ltr'><strong><em>tamen</em></strong></span> <span class='ocrx_word' id='word_1_790' title='bbox 2212 5575 2398 5616; x_wconf 87' lang='lat' dir='ltr'><strong><em>necem</em></strong></span> <span class='ocrx_word' id='word_1_791' title='bbox 2448 5559 2751 5615; x_wconf 86' lang='lat' dir='ltr'><strong><em>moliuntur</em></strong></span> <span class='ocrx_word' id='word_1_792' title='bbox 2792 5559 2967 5614; x_wconf 89' lang='lat' dir='ltr'><strong><em>nobis.</em></strong></span> <span class='ocrx_word' id='word_1_793' title='bbox 3009 5556 3310 5630; x_wconf 84' lang='lat' dir='ltr'><strong><em>Confortati</em></strong></span> <span class='ocrx_word' id='word_1_794' title='bbox 3353 5564 3471 5609; x_wconf 84' lang='lat' dir='ltr'><strong><em>sunt</em></strong></span> 
     </span>
    </p>
   </div>
   <div class='ocr_carea' id='block_1_113' title="bbox 295 5699 1923 5771">
    <p class='ocr_par' dir='ltr' id='par_1_113' title="bbox 295 5699 1923 5771">
     <span class='ocr_line' id='line_1_113' title="bbox 295 5699 1923 5771; baseline 0.004 -18"><span class='ocrx_word' id='word_1_795' title='bbox 295 5700 340 5731; x_wconf 79' lang='grc'><strong><em>⁸⁸</em></strong></span> <span class='ocrx_word' id='word_1_796' title='bbox 367 5699 474 5753; x_wconf 86' lang='lat' dir='ltr'><strong><em>lsa.</em></strong></span> <span class='ocrx_word' id='word_1_797' title='bbox 511 5714 627 5765; x_wconf 79' lang='lat' dir='ltr'>LIII,</span> <span class='ocrx_word' id='word_1_798' title='bbox 650 5700 685 5755; x_wconf 76' lang='grc'><strong>4</strong></span> <span class='ocrx_word' id='word_1_799' title='bbox 719 5716 833 5771; x_wconf 91' lang='lat' dir='ltr'><strong><em>seq.</em></strong></span> <span class='ocrx_word' id='word_1_800' title='bbox 891 5702 938 5734; x_wconf 77' lang='lat'>&quot;</span> <span class='ocrx_word' id='word_1_801' title='bbox 969 5700 1117 5758; x_wconf 84' lang='lat' dir='ltr'><strong><em>Vers.</em></strong></span> <span class='ocrx_word' id='word_1_802' title='bbox 1153 5703 1237 5759; x_wconf 82' lang='lat' dir='ltr'><strong><em>l5.</em></strong></span> <span class='ocrx_word' id='word_1_803' title='bbox 1300 5705 1344 5735; x_wconf 81' lang='lat'><strong>&quot;</strong></span> <span class='ocrx_word' id='word_1_804' title='bbox 1372 5702 1527 5761; x_wconf 77' lang='lat' dir='ltr'><strong><em>Vers.</em></strong></span> <span class='ocrx_word' id='word_1_805' title='bbox 1567 5703 1651 5761; x_wconf 79' lang='grc'><strong><em>16.</em></strong></span> <span class='ocrx_word' id='word_1_806' title='bbox 1718 5704 1763 5737; x_wconf 65' lang='grc'><strong><em>⁸⁸</em></strong></span> <span class='ocrx_word' id='word_1_807' title='bbox 1787 5702 1923 5760; x_wconf 86' lang='lat' dir='ltr'><strong><em>Ibid.</em></strong></span> 
     </span>
    </p>
   </div>
  </div>
