3872 6216
227 338 327 392 309
1280 343 1643 401 EXPOSITIO
1682 345 1759 400 ΙΝ
1786 345 2115 403 PSALMUM
2154 344 2385 402 LXVIII.
3350 341 3454 398 5w

227 459 311 506 νος
343 446 666 516 προσευχάς.
714 449 823 503 Καὶ
854 447 1010 504 τοῦτο
1064 451 1221 521 δῆλον
1272 454 1331 519 ἐξ
1366 448 1441 508 ὧν
1479 454 1786 527 παρέθηκεν

1896 458 1998 512 hoc
2047 459 2395 512 manifestum
2440 464 2551 521 est,
2581 456 2727 527 quod
2778 455 3106 527 evangelista
3132 468 3254 509 eum
3295 452 3456 508 nobis

222 533 375 635 αύτδν
406 537 434 588 6
460 537 870 610 εύαγγελιστὴς,
920 543 1012 594 καὶ
1056 543 1207 625 παρά
1272 544 1349 614 τῷ
1400 546 1616 617 σταυρῷ
1646 548 1785 617 ὑπὲρ

1892 551 1941 603 in
1988 566 2150 605 cruce
2188 565 2287 620 pro
2331 548 2773 619 cruciﬁgentibus
2816 558 3057 604 orantem
3086 552 3451 616 repraesentet.

223 631 322 677 τῶν
344 631 714 699 σταυροῦντων
742 633 1049 703 εὐχόμενον.
1084 635 1297 703 Καιρὸς
1340 639 1634 704 εὐδοκίας,
1658 640 1785 692 Ὅτε

220 713 359 784 ἦλθε
389 718 456 770 τὸ
488 719 780 789 πλήρωμα
833 724 940 777 τοῦ
994 728 1241 792 χρόνου,
1277 726 1708 791 ἐξαπέστειλεν
1752 733 1785 782 ό

224 808 359 873 Θεὸς
375 811 483 862 τὸν
520 812 655 865 Υἱὸν
682 814 869 867 αὑτοῦ
913 817 1240 884 γενόμενον
1262 818 1330 870 ἑκ
1356 823 1661 886 γυναικὸς,
1693 839 1785 891 γε·

220 900 467 967 νόμενον
492 903 610 955 ὑπὸ
642 906 850 973 νόμον,
883 906 982 958 ἵνα
1038 909 1181 974 τοὺς
1210 910 1326 963 ὑπὸ
1365 912 1554 979 νόμον
1580 912 1785 983 ἐξαγο-

220 987 388 1055 ράσῃ.
430 990 493 1046 Ὀ»
521 994 601 1055 είς
626 993 783 1050 τοῦτο
840 994 1008 1049 ἐλθών
1056 1013 1209 1068 (Mar
1241 999 1457 1068 Καιρός
1484 1001 1781 1067 εὐδοκίας,

221 1081 251 1131 d
279 1080 434 1145 Θεός.

282 1170 583 1242 Σῶσόνιμε
608 1174 724 1229 ἀπὸ
780 1178 1000 1245 πηλοῦ,
1032 1178 1132 1231 ἵνα
1163 1180 1249 1248 μὴ
1299 1181 1563 1251 ἐμπαγιῖ),
1597 1184 1785 1239 Ταῦτα

217 1256 279 1331 ἦν
305 1262 336 1315 ἃ
393 1266 482 1317 καὶ
528 1270 961 1339 προσευχόμενος
1017 1272 1154 1344 ὑπὲρ
1202 1273 1304 1343 τῆς
1368 1274 1784 1348 ἀνθρωπότητος

221 1351 460 1421 ἔκραζεν,
502 1359 580 1421 ὡς
628 1360 731 1413 καὶ
768 1361 946 1430 λέγειν
1008 1364 1200 1417 αὐτόν’
1267 1367 1698 1437 Ἐϐραγχίασεν
1751 1373 1784 1424 ὁ

216 1444 436 1515 λάρυγξ
483 1467 627 1517 μου.
662 1452 734 1505 Τὸ
783 1454 861 1517 δὲ,
908 1454 1286 1525 ἑϐραγχτασε,
1309 1459 1369 1511 τὸ
1423 1461 1638 1525 ἐκτενὲς
1685 1464 1782 1534 τῆς

220 1541 510 1611 προσευχῆς
549 1559 759 1614 καταση
770 1546 968 1615 μαίνει.

283 1630 371 1699 Μή
394 1650 472 1700 με
501 1640 997 1692 καταποντισάτω
1044 1641 1312 1711 καταιγὶς
1336 1642 1574 1711 ὕδατος,
1628 1647 1783 1715 μηδὲ

217 1723 531 1777 καταπιέτω
564 1743 645 1795 με
684 1729 899 1795 βυθός.
930 1731 1097 1803 ’Όρου
1135 1735 1231 1786 καὶ
1273 1736 1516 1805 κατάρας
1550 1740 1780 1809 φρικτῆς

217 1815 595 1885 προκειμένης,
628 1817 713 1871 ἵνα
747 1819 849 1873 κᾶν
881 1797 1111 1889 ἄγγελος
1136 1797 1663 1897 εὐαγγελίσηταιΐῆ
1813 1797 1854 1851 Β

356 1908 502 1999 ἡμᾶς
526 1912 660 1982 παρ’
693 1913 725 1964 ὃ·
754 1915 781 1966 6
810 1914 1018 1979 Παῦλος
1051 1916 1306 1982 ἐδίδαξεν,
1341 1914 1588 1989 ἀνάθεμα
1619 1919 1777 1974 ἔστω.

218 1994 304 2058 Τίς
326 1994 469 2053 ἐστιν
508 2001 545 2053 ὁ¹
577 2002 1024 2075 ὑπερκεφαλῆσαι
1060 2006 1301 2070 Παῦλον,
1339 2008 1538 2077 μᾶλλον
1588 2010 1643 2063 δὲ
1689 2012 1780 2064 τὸν

218 2090 271 2140 ἐν
292 2090 431 2161 αὐτῷ
454 2091 723 2148 λαλοῦντα
778 2097 1010 2167 Χριστὸν
1071 2098 1391 2169 δυνάμενος;
1454 2102 1661 2155 Οὐκοῦν
1689 2105 1783 2157 καὶ

218 2180 289 2243 είς
327 2183 512 2237 ἑαυτὸν
546 2187 648 2257 τὴν
669 2189 924 2259 τοιαύτην
985 2190 1147 2260 εὐχὴν
1200 2192 1476 2261 ἀναφέρει,
1506 2195 1600 2246 καὶ
1641 2212 1783 2264 μαρο

216 2272 358 2339 τυρεί
384 2270 651 2340 λέ-γων.ὲν
702 2278 765 2347 τῇ
812 2277 951 2348 πρὸς
1008 2279 1288 2350 Ἑϐραίους
1345 2282 1651 2353 Ἐπιστολῇ,
1701 2286 1781 2337 ὃτι

214 2356 278 2409 ἐγ
300 2360 422 2427 ταῖς
456 2364 707 2433 ἡμέραις
731 2367 840 2436 τῆς
872 2368 1097 2437 σαρκὸς
1130 2371 1336 2435 αὐτοῦ,
1390 2375 1664 2427 τουτέστιν
1690 2376 1783 2428 ἐπὶ

214 2448 297 2501 τὸν
330 2454 554 2523 σταυρὸν
595 2457 906 2527 ἐρχόμενος,
959 2460 1199 2530 δεήσεις
1237 2480 1300 2516 τε
1350 2465 1448 2517 καὶ
1487 2467 1783 2534 ἱκετηρίας

216 2540 339 2610 πρὸς
367 2544 455 2596 τὸν
486 2547 786 2618 δυνάμενον
809 2550 1000 2615 σώζειν
1024 2554 1185 2607 αὑτὸν
1245 2558 1310 2608 ὲκ
1356 2555 1607 2621 Θανάτου,
1631 2575 1785 2610 τουτ-

216 2630 321 2684 έστι
350 2636 481 2706 πρὸς
525 2638 623 2691 τὸν
656 2641 894 2712 Πατέρα,
921 2643 1069 2712 μετὰ
1102 2645 1368 2714 κραυγῆς
1403 2646 1658 2715 ἰσχυρᾶς
1684 2648 1783 2701 καὶ

214 2722 471 2794 ὃακρύὶιιν
503 2729 869 2803 προσήνεγκε,
910 2737 1007 2792 καὶ
1064 2740 1481 2805 εἰσακουσθεὶς
1526 2741 1643 2794 ἀπὸ
1676 2740 1784 2810 τῆς

217 2822 540 2890 εὐλαϐείας·
582 2826 786 2897 καίπερ
826 2827 901 2880 ὢν
962 2829 1109 2893 Υἱὸς,
1156 2830 1354 2902 ἔμαθεν
1390 2832 1482 2899 ἀφ’
1514 2825 1587 2886 ὧν
1613 2832 1780 2887 ἔπαθε

219 2909 309 2995 τὴν
330 2912 599 2986 ὑπακοήν.
633 2918 900 2971 Ἐνταῦθα
930 2920 1159 2985 Παῦλος,
1187 2921 1385 2991 μᾶλλον
1419 2923 1475 2975 δὲ
1498 2925 1526 2976 6
1549 2926 1606 2976 ὲν
1637 2923 1783 2995 αύτῷ

217 2994 381 3052 λαλῶν
413 3002 673 3072 Χριστὸς,
699 3006 793 3058 καὶ
822 3006 893 3060 τὰ
924 3025 1109 3080 σεσιγη
1120 3011 1253 3081 μένα
1279 3012 1372 3064 καὶ
1395 3012 1645 3067 λείποντα
1670 2994 1782 3078 τοῖς

1889 642 2111 712 Tempus
2148 642 2475 712 beneplaciti,
2503 642 2660 695 Deus.
2704 640 2801 694 Ubi
2840 641 2972 695 venit
3014 637 3285 708 plenitudo
3326 647 3456 689 tem-

1884 736 2050 803 poris,
2082 737 2224 787 misit
2262 735 2399 787 Deus
2453 733 2654 787 Filium
2698 749 2853 786 suum
2896 734 3097 801 factum
3123 744 3187 783 ex
3216 726 3450 789 muliere,

1885 828 2089 896 factum
2140 827 2236 879 sub
2280 827 2422 895 lege,
2472 834 2529 878 ut
2572 841 2658 879 eos
2702 826 2792 893 qui
2843 822 2935 877 sub
2976 823 3083 893 lege
3119 828 3268 874 erant
3314 816 3456 871 redi-

1885 924 2044 967 meret
2072 915 2139 968 5'.
2176 914 2278 981 Qui
2313 915 2378 969 ad
2406 915 2509 970 hoc
2538 915 2684 969 venit
2711 914 2785 967 ait
2821 932 2833 967 :
2867 912 3089 981 Tempus
3120 908 3452 980 beneplaciti,

1884 1002 2045 1057 Deus.

1952 1176 2040 1230 15,
2072 1174 2231 1236 Eripe
2262 1191 2342 1229 me
2364 1176 2428 1230 de
2451 1176 2579 1230 luto.
2605 1184 2662 1229 ut
2696 1192 2800 1230 non
2837 1176 3047 1245 inﬁgar.
3093 1172 3219 1227 Haec
3243 1171 3451 1226 clama-

1883 1266 1977 1321 bat
2004 1282 2127 1322 cum
2160 1283 2259 1336 pro
2289 1269 2522 1321 humana
2551 1277 2745 1322 natura
2772 1274 3110 1336 precaretur,
3147 1266 3220 1318 ita
3265 1272 3325 1317 ut
3364 1262 3450 1317 di-

1883 1370 2029 1414 ceret
2069 1379 2081 1413 :
2114 1359 2309 1414 Rauca:
2354 1361 2508 1429 factae
2536 1370 2658 1414 sunt
2698 1360 2874 1429 fauces
2901 1374 3047 1412 mere.
3080 1357 3212 1410 lllud
3245 1364 3448 1417 autem,

1881 1450 2078 1508 Rauca:
2122 1454 2279 1522 facta:
2323 1462 2466 1521 sunt,
2530 1452 2927 1507 vehementiam
2977 1449 3239 1504 orationis
3285 1446 3452 1517 signi-

1880 1541 2023 1595 ﬁcat.
3414 1584 3417 1589 .

1950 1634 2037 1699 16,
2070 1633 2158 1686 17.
2200 1631 2321 1687 Non
2351 1649 2430 1687 me
2470 1633 2736 1702 demergat
2779 1641 3056 1701 tempestas
3098 1645 3266 1701 aquae,
3291 1643 3454 1698 neque

1884 1722 2155 1777 absorbeat
2181 1740 2263 1777 me
2280 1723 2623 1792 profundum.
2652 1722 2788 1777 Cum
2828 1723 3102 1777 decretum
3135 1728 3190 1775 et
3228 1718 3455 1773 maledi-

1883 1813 1990 1867 ctio
2020 1813 2296 1883 proposita
2328 1813 2457 1879 sint,
2481 1821 2540 1866 ut
2566 1813 2613 1867 si
2637 1813 2720 1867 vel
2753 1812 2978 1881 angelus
3003 1809 3337 1881 evangelizet
3359 1816 3455 1862 aut

1882 1908 2076 1959 doceat
2103 1919 2203 1959 nos
2242 1913 2434 1974 praeter
2461 1918 2523 1957 ea
2545 1918 2663 1975 quae
2684 1902 2886 1957 Paulus
2919 1902 3126 1967 docuit,
3163 1899 3453 1954 anathema

1883 1996 1974 2061 sit,
2008 1996 2133 2066 quis
2156 2005 2243 2052 est
2270 1996 2363 2065 qui
2384 1995 2554 2049 Paulo
2587 1995 2701 2051 sive
2724 1996 2908 2065 potius
2932 1994 3151 2048 Christo
3182 1994 3236 2045 in
3266 2006 3332 2047 eo
3368 1992 3451 2045 lo-

1883 2089 2070 2156 quenti
2105 2088 2354 2157 superior
2399 2102 2521 2141 esse
2565 2086 2774 2155 possit?
2798 2084 2877 2139 Ad
2919 2099 3039 2139 sese
3072 2084 3236 2153 igitur
3267 2082 3451 2148 (Chri-

1883 2178 2020 2249 stus)
2051 2180 2187 2232 hanc
2236 2176 2604 2246 precationem
2635 2173 2821 2239 refert,
2854 2182 2913 2228 ut
2956 2174 3273 2227 testiﬁcatur
3307 2174 3452 2240 Apo-

1884 2272 2055 2326 stolus
2083 2271 2137 2323 in
2169 2267 2411 2339 Epistola
2442 2267 2510 2321 ad
2547 2265 2824 2330 Hebraeos,
2857 2265 3001 2336 quod
3034 2267 3087 2318 in
3113 2267 3295 2319 diebus
3334 2281 3451 2317 car-

1883 2368 1965 2418 nis
1991 2380 2122 2426 sate,
2159 2364 2263 2417 hoc
2292 2369 2376 2416 est
2404 2376 2529 2415 cum
2559 2360 2626 2414 ad
2656 2374 2871 2414 crucem
2906 2358 3178 2421 venisset,
3213 2360 3452 2411 obsecra-

1886 2458 2049 2510 tiones
2080 2464 2129 2509 et
2153 2453 2560 2523 supplicationes
2584 2468 2700 2506 cum
2724 2450 2899 2503 valido
2942 2450 3169 2503 clamore
3198 2460 3347 2518 atque
3371 2448 3453 2502 la-

1884 2547 2074 2615 crymis
2125 2544 2375 2613 o/Terebat
2420 2543 2471 2596 ei
2521 2541 2616 2611 qui
2672 2550 2884 2609 poterat
2926 2542 3105 2609 ipsum
3156 2539 3386 2593 liberare
3421 2554 3452 2592 a

1883 2646 2078 2700 morte,
2113 2636 2165 2689 id
2214 2643 2298 2690 est.
2327 2634 2492 2701 Patri,
2521 2641 2575 2688 et
2614 2633 2898 2686 exauditus
2934 2644 3011 2685 est
3039 2648 3131 2700 pro
3173 2647 3269 2684 sua
3315 2646 3454 2683 reve-

1883 2732 2055 2785 rentia
2076 2729 2152 2783 5’:
2181 2730 2306 2783 licet
2329 2727 2504 2781 Filius
2531 2736 2694 2790 esset,
2726 2725 2948 2779 edidicit
2975 2740 3040 2779 ex
3064 2723 3325 2795 passione
3353 2738 3451 2777 sua

1884 2821 2272 2877 obedientiam.
2307 2817 2407 2872 Hic
2442 2817 2675 2880 Paulus,
2712 2816 2822 2870 imo
2866 2816 3049 2885 potius
3099 2814 3190 2883 qui
3244 2815 3297 2867 in
3333 2813 3453 2883 ipso

1883 2914 2204 2985 loquebatur
2228 2911 2498 2975 Christus,
2523 2925 2645 2979 quae
2669 2909 2724 2963 in
2746 2908 3050 2978 Evangeliis
3082 2907 3296 2961 silentio
3316 2919 3455 2975 prae—

1884 3008 2136 3062 termissa
2166 3013 2317 3073 sunt,
2353 3019 2455 3058 nos
2488 3003 2723 3066 edocuit,
2757 3002 2979 3072 quando
3007 3000 3163 3066 dixit,
3198 3016 3315 3053 cum
3344 2997 3457 3052 cla-

217 3086 615 3180 εὖαγγελισταῖς
641 3096 787 3164 ἡμᾶς
818 3098 1043 3166 ἐδίδαξε,
1063 3102 1213 3170 μετὰ
1235 3103 1501 3173 κραυγῆς
1531 3106 1781 3174 ἰσχυρᾶς

1892 3117 2027 3154 more
2069 3099 2243 3153 valido
2276 3108 2325 3152 et
2355 3098 2603 3167 lacrymis
2648 3097 2908 3152 emissam
2952 3095 3123 3149 fuisse
3150 3094 3455 3148 orationem

217 3177 308 3230 καὶ
343 3179 619 3251 δακρύων
662 3186 835 3256 λέγων
864 3192 1115 3259 γενέσθαι
1144 3193 1243 3264 τὴν
1298 3197 1624 3268 προσευχὴν,
1664 3197 1780 3261 τοῦ,

216 3269 412 3341 Πάτερ,
453 3278 797 3345 παρελθέτω
855 3284 950 3337 ἀπ’
988 3285 1133 3353 ἐμοῦ
1159 3286 1224 3339 τὸ
1248 3288 1532 3357 ποτήριον
1585 3289 1779 3355 τοῦτο,

218 3362 308 3462 οἰκ
329 3367 383 3462 εν
412 3368 722 3441 ὑποκρίσει,
747 3374 847 3427 οὐκ
877 3376 967 3427 ἐπὶ
1000 3376 1061 3429 τὸ
1091 3377 1339 3431 δελεάσαι
1380 3380 1469 3432 τὸν
1516 3382 1781 3446 Σατανᾶν,

217 3453 283 3504 οὔ
304 3454 360 3507 τὸ
392 3459 481 3512 τοῦ
500 3459 708 3531 κόσμου
738 3464 1102 3535 οἰκειούμενος
1123 3467 1247 3540 θέλη
1258 3486 1350 3539 μα’
1369 3470 1480 3523 ἀλλ’
1498 3472 1556 3538 ἐξ
1584 3474 1783 3526 οἰκείου

221 3548 493 3614 προσώπου
553 3555 583 3605 6
616 3554 849 3624 Χριστὸς
873 3559 1225 3629 οἰκονομικῶς
1258 3563 1517 3625 ἑκουσίως
1547 3567 1783 3634 προσεύ-

221 3653 359 3705 χεται
389 3644 525 3711 μετά
557 3646 825 3716 κραυγῆς,
861 3649 999 3719 μετά
1046 3650 1317 3721 δακρύων,
1376 3654 1515 3725 μετὰ
1545 3655 1781 3727 ἱδρώτων

223 3731 305 3782 καὶ
329 3732 561 3805 Θρόμϐου
599 3739 849 3809 αἵματος,
880 3742 1019 3812 μετά
1041 3743 1273 3812 ἀγγέλου
1300 3746 1654 3817 ἐνισχύοντος,
1688 3750 1783 3803 καὶ

222 3827 368 3880 οἱονεὶ
398 3833 840 3904 παρακαλοῦντος
869 3837 961 3889 καὶ
994 3838 1431 3911 παρηγοροῦντος
1455 3842 1634 3906 αὐτὸν,
1659 3844 1782 3897 καί·

223 3933 319 3989 περ
366 3921 489 3988 Υἱὸς
544 3924 683 3978 Θεοῦ
750 3927 964 3997 ἀληθῶς
1038 3930 1318 4002 ὑπάρχων.
1362 3934 1523 3988 Ἀλλά
1570 3939 1665 3991 καλ⁸
1714 3940 1785 3993 ἐν

222 4008 428 4080 ἀγωνίᾳ
460 4018 785 4086 γενόμενος
820 4020 1178 4092 προσηύχετο,
1230 4022 1307 4087 ὥς
1358 4029 1572 4095 φησινό
1625 4029 1785 4097 εὐαγ-

222 4100 479 4176 γελιστὴς,
513 4107 653 4161 ἀλλὰ
678 4111 770 4162 καὶ
791 4111 1228 4181 ἐκτενέστερον,
1254 4114 1389 4168 ἀλλὰ
1416 4118 1507 4169 καὶ
1541 4119 1641 4182 δὶς,
1690 4120 1784 4172 καὶ

225 4191 330 4260 τρὶς
351 4196 443 4266 τὴν
474 4199 642 4269 εὐχὴν
674 4200 752 4269 τῷ
782 4202 954 4274 Πατρ“ι
985 4205 1270 4274 προσάγει.
1303 4206 1407 4258 Τοῦ
1431 4203 1520 4261 οὖν
1546 4209 1782 4276 Παύλου,

228 4282 410 4350 μᾶλλον
442 4288 497 4340 δὲ
522 4290 687 4343 πάλιν
708 4292 850 4361 λέγω
871 4292 964 4346 τοῦ
986 4296 1243 4365 Χριστοῦ,
1279 4296 1373 4349 τοῦ
1425 4301 1482 4351 ἐν
1536 4300 1682 4370 αὐτῷ
1714 4300 1792 4371 τῷ

1886 3194 2031 3249 illam
2062 3213 2075 3246 :
2110 3191 2291 3254 Pater,
2321 3200 2551 3244 transeat
2580 3207 2612 3243 a
2643 3206 2723 3243 me
2762 3189 2905 3242 calix
2927 3189 3023 3241 iste
3046 3186 3111 3252 ⁵⁸,
3141 3201 3249 3240 ιιοιι
3276 3185 3331 3239 in
3360 3184 3459 3254 hy-

1885 3285 2109 3356 pocrisi,
2134 3299 2245 3337 non
2275 3290 2332 3336 ut
2362 3282 2620 3337 Satanam
2645 3282 2914 3337 inescaret
2947 3288 3000 3333 ct
3025 3277 3317 3346 deciperet,
3348 3290 3459 3329 non

1884 3377 2029 3447 quod
2065 3376 2255 3430 mundi
2300 3376 2634 3429 voluntatem
2682 3381 2742 3427 ut
2793 3371 3066 3441 propriam
3096 3369 3330 3433 ell‘erret,
3362 3366 3457 3422 sed

1885 3485 1954 3523 ex
1996 3467 2215 3538 propria
2261 3480 2495 3535 persona
2541 3463 2815 3527 Christus,
2847 3477 2942 3532 per
2974 3457 3456 3529 dispensationem,

1891 3568 2081 3629 sponte
2104 3567 2374 3628 precatur,
2409 3571 2533 3612 cum
2571 3555 2830 3619 clamore,
2873 3567 2995 3607 cum
3027 3550 3304 3622 lacrymis,
3331 3562 3455 3603 cum

1890 3653 2088 3707 sudore
2132 3660 2185 3705 et
2230 3658 2380 3719 gutta
2435 3647 2739 3718 sanguinis,
2769 3643 3112 3709 confortante
3158 3640 3371 3711 angelo,
3406 3646 3461 3692 et

1889 3746 2047 3816 quasi
2072 3743 2389 3799 consolante
2436 3741 2611 3805 illum,
2641 3738 2855 3793 etiamsi
2890 3752 3017 3790 vere
3045 3733 3214 3789 Filius
3249 3732 3341 3786 Dei
3371 3746 3459 3785 es-

1890 3833 2125 3892 set.'Sed
2167 3832 2329 3888 etiam
2378 3830 2550 3899 factus
2583 3830 2637 3882 in
2670 3828 2857 3897 agonia
2896 3825 3250 3894 precabatur,
3285 3830 3345 3875 ut
3385 3822 3463 3873 ait

1888 3924 2216 3995 evangelista
2240 3924 2309 3987 ⁸⁸,
2339 3921 2600 3975 imovero
2635 3918 2916 3987 prolixius,
2948 3924 3001 3971 ct
3038 3929 3212 3984 usque
3236 3913 3322 3967 bis
3349 3922 3458 3966 ter-

1890 4035 1997 4091 que
2026 4017 2337 4074 orationem.
2369 4013 2515 4069 Patri
2550 4011 2728 4066 oll‘ert.
2762 4009 2930 4063 Paulo
2977 4008 3179 4077 itaque,
3212 4005 3324 4058 imo
3359 4018 3458 4073 po-

1890 4115 2000 4169 tius
2028 4114 2147 4182 ipso
2173 4109 2390 4164 Christo
2423 4106 2515 4173 qui
2544 4105 2597 4157 in
2629 4102 2800 4156 Paulo
2825 4099 3170 4169 loquebatur,
3190 4111 3308 4150 eam
3333 4109 3461 4149 ora-

1893 4206 2097 4259 tionem
2135 4198 2203 4253 ad
2242 4213 2299 4253 se
2338 4195 2644 4251 referente:
2677 4192 2800 4262 quis
2827 4189 3036 4259 est~qui
3062 4203 3125 4243 ea
3156 4188 3461 4242 adulterare

1894 4293 2069 4366 possit
2089 4307 2210 4361 quae
2246 4290 2359 4359 ipse
2380 4286 2629 4343 Christus
2648 4284 2714 4339 de
2738 4298 2796 4338 se
2819 4281 3144 4336 testiﬁcatus
3169 4280 3289 4334 est?

225 4375 407 4449 Παύλῳ
450 4380 757 4447 λαλοῦντος,
791 4386 871 4447 εἰς
924 4387 1112 4442 ἑαυτὸν
1155 4384 1517 4460 ἀναφέροντος
1567 4367 1665 4464 τὴν
1716 4367 1970 4459 τοιαύτην
2016 4383 2323 4456 προσευχήν
2354 4396 2367 4409 “
2440 4378 2525 4441 τίς
2590 4378 2735 4430 ἐστιν
2776 4377 2804 4427 ὁ
2859 4371 3239 4445 παραχαράξαι
3302 4367 3463 4423 δυνάο

229 4483 401 4536 μενος,
451 4472 487 4525 ἃ
542 4473 704 4537 αὐτὸς
747 4477 775 4527 6
816 4476 1051 4546 Χριστὸς
1112 4479 1241 4550 περὶ
1283 4479 1474 4532 ἑαυτοῦ
1536 4481 1941 4553 ὲμαρτύρησεν;

281 4563 371 4631 Μὴ
418 4567 809 4637 ἀποστρέψῃς
856 4569 922 4623 τὸ
981 4571 1303 4639 πρόσωπόν
1352 4588 1468 4627 σου
1518 4575 1634 4628 ἀπὸ
1680 4574 1786 4629 τοῦ

1965 4568 2053 4625 18.
2076 4566 2159 4620 Ne
2185 4571 2390 4619 avertas
2414 4560 2602 4631 faciem
2624 4568 2765 4612 tuam
2787 4574 2817 4610 a
2834 4572 2992 4626 puero
3025 4565 3133 4609 tuo.
3159 4554 3295 4621 Quia
3318 4554 3462 4611 Deus

228 4654 422 4721 παιδός
450 4672 586 4712 σου.
636 4659 851 4730 Ἐπειδὴ
904 4662 1275 4732 ἀποστραφεὶς
1336 4659 1403 4736 ἦν
1442 4668 1470 4718 6
1507 4666 1637 4730 Θεὸς
1694 4669 1796 4721 καὶ·

229 4743 403 4819 Πατὴρ
427 4749 512 4803 διὰ
538 4752 639 4821 τὴν
676 4753 734 4804 ὲν
793 4752 964 4823 Ἀδὰμ
1012 4755 1321 4825 παράϐασιν
1370 4757 1469 4828 τὴν
1502 4758 1790 4830 ἀνθρώπου

230 4834 395 4901 φύσιν,
446 4841 636 4895 τούτου
685 4843 843 4914 χάριν
875 4844 1035 4898 πάλιν
1078 4846 1234 4900 αὐτὸν
1299 4847 1791 4919 ὲπιστρέψαιμπρὸς

230 4924 383 4998 αὐτὴν
408 4930 466 4983 τὸ
504 4932 792 5002 πρόσωπον
818 4935 1146 5004 παρακαλεῖ.

293 5022 554 5091 Πρόσχες
606 5024 683 5092 τῇ
727 5025 901 5095 ψυχῇ
919 5045 1059 5095 μου,
1102 5028 1200 5081 καὶ
1230 5029 1533 5098 λύτρωσαι
1575 5030 1789 5099 αὐτήνο

232 5108 289 5162 ἐκ
310 5113 396 5166 τοῦ
421 5119 801 5188 κατασχόντος,
854 5119 1097 5190 δηλονότι
1160 5121 1254 5175 τοῦ
1297 5122 1543 5176 θανάτου.
1573 5124 1793 5177 ’Ἕνεκα

232 5202 339 5256 τῶν
362 5207 585 5277 ἐχθρῶν
628 5230 748 5280 μου
793 5213 985 5280 ῥῦσαί
1042 5230 1140 5282 με.
1204 5213 1295 5279 Ἐξ
1335 5211 1406 5287 ἦς
1447 5214 1792 5285 πεπόνθαμεν

232 5293 427 5363 ἀδικίας
452 5302 600 5372 παρά
634 5303 744 5356 τῶν
773 5304 981 5375 νοητῶν
1032 5305 1263 5378 ἐχθρῶν,
1308 5306 1434 5359 ἀπὸ·
1456 5306 1655 5377 ταύτης
1696 5308 1792 5359 ἐπὶ

231 5386 312 5443 τὸν
337 5391 477 5447 ἔλεον
502 5396 591 5449 τὸν
614 5396 882 5468 ἡμέτερον
909 5398 1160 5469 διεγείρει
1186 5398 1276 5451 τὸν
1302 5398 1544 5469 Πατέρα.

298 5481 373 5534 Σὺ
403 5485 508 5553 γὰρ
540 5485 850 5557 γινώσκεις
888 5488 993 5541 τὸν
1026 5487 1367 5556 ὀνειδισμόν
1400 5506 1540 5557 μου.
1568 5488 1791 5559 Ὅμοιον

233 5568 304 5639 τῷ
346 5574 631 5648 εἰρημένῳ*
678 5579 797 5631 Ὅτι
852 5578 1062 5632 ἕνεκέν
1097 5593 1214 5632 σου
1263 5577 1575 5645 ὑπήνεγκα
1636 5580 1789 5632 ὀνει-

307 5727 347 5761 ⁸¹
379 5729 549 5790 Galat.
577 5750 651 5803 iv,
685 5735 738 5794 5.
812 5736 856 5769 ⁵³
885 5734 1048 5793 Hebr.
1076 5753 1128 5803 v,
1196 5735 1248 5791 7'.
1319 5737 1364 5768 ⁵⁸
1388 5734 1577 5792 Matth.
1616 5749 1765 5802 χχιιι,
1792 5733 1881 5790 55.

1886 4674 1939 4719 et
1964 4661 2143 4727 Pater,
2178 4663 2400 4727 propter
2424 4652 2553 4706 Adae
2596 4648 3123 4720 transgressionem,
3162 4649 3460 4703 humanam

1886 4764 2138 4810 naturam
2166 4747 2541 4812 aversabatur,
2565 4744 2688 4798 ideo
2712 4752 2868 4814 rogat
2888 4750 2945 4797 ut
2964 4750 3245 4797 convertat
3267 4741 3461 4797 faciem

1889 4862 2045 4903 suam
2074 4845 2141 4900 ad
2171 4856 2314 4898 eam.

1960 5024 2048 5079 19.
2082 5021 2301 5077 Intende
2334 5020 2525 5074 animus
2550 5034 2679 5072 mea:
2700 5027 2748 5071 et
2773 5015 2941 5070 libera
2971 5032 3108 5083 eam,
3135 5031 3163 5069 a
3190 5023 3365 5069 morte
3387 5014 3447 5069 vi-

1893 5115 2089 5170 delicet
2114 5120 2434 5183 occupante.
2479 5111 2703 5178 Propter
2743 5110 2984 5163 inimicos
3026 5122 3162 5161 meos
3192 5108 3333 5174 eripe
3363 5122 3454 5162 me.

1894 5208 1969 5262 Ex
2003 5206 2206 5276 injuria
2249 5204 2405 5258 nobis
2432 5218 2529 5273 per
2556 5202 2810 5257 inimicos
2844 5200 3157 5270 Spirituales
3194 5198 3365 5259 illata,
3396 5195 3466 5251 ad

1894 5294 2328 5353 misericordiam
2358 5293 2543 5348 nostri
2563 5292 2777 5347 Patrem
2810 5291 3030 5346 excitat.

1967 5477 2163 5533 20-2“).
2227 5475 2305 5529 Tu
2349 5476 2455 5529 scis
2500 5472 2871 5541 improperimn
2914 5482 3105 5521 meum.
3156 5460 3345 5517 Simile
3385 5471 3470 5517 est

1893 5569 2039 5625 dicto
2062 5568 2139 5623 illi
2162 5585 2174 5621 :
2202 5564 2469 5633 Quoniam
2490 5570 2703 5629 propter
2727 5569 2773 5613 te
2790 5556 3020 5612 sustinui
3043 5550 3381 5623 opprobrium
3398 5551 3467 5605 ".

1970 5732 2013 5764 "
2045 5730 2176 5786 Luc.
2203 5743 2338 5793 xx",
2368 5725 2451 5781 45.
2534 5725 2579 5755 ⁸⁸
2613 5721 2768 5776 Vcrs.
2811 5720 2864 5774 8.
