3872 6216
369 287 465 344 3H

1192 286 1249 339 S.
1281 281 1650 340 ATHANASII
1686 282 1837 338 OPP.
1878 280 2059 338 PARS
2095 281 2183 336 Ill.
2214 312 2286 324 --
2321 281 2726 339 EXEGETICA.

371 402 755 472 lmproperium
778 400 1088 470 exspectavit
1119 416 1209 454 cor
1238 416 1410 454 meum
1430 410 1477 453 et
1496 400 1782 454 miseriam.
1806 396 1943 454 Hinc

2051 397 2280 467 δισμόν.
2327 397 2691 467 Ὀνειδισμὸν
2710 398 3165 467 προσεδόκησεν
3199 400 3237 467 ἡ
3269 399 3441 469 ψυχή
3465 418 3613 470 μου.

374 493 530 548 nobis
552 493 862 563 passionem
890 507 1042 546 suam
1067 499 1312 547 recenset
1335 509 1350 547 :
1375 505 1540 561 quam
1564 499 1746 561 aperte
1772 506 1937 545 evan-

373 586 578 655 gelista!
605 574 988 640 narraverunt.‘

436 673 527 741 25,
550 674 641 728 2t.
663 673 788 728 Fiat
813 690 989 728 mensa
1015 690 1196 728 eorum
1221 690 1399 728 coram
1429 675 1555 743 ipsis
1586 676 1641 729 in
1669 674 1934 746 laqueum.

374 762 468 820 His
506 749 772 833 signiﬁcat
812 778 878 818 ea
918 780 1041 833 qua:
1084 763 1284 820 Judaeis
1319 775 1443 835 post
1486 765 1794 835 passionem
1841 765 1938 821 ob-

375 866 600 910 ventura
645 865 820 910 erant.
873 855 1103 912 Perinde
1154 868 1335 913 autem
1386 867 1470 914 est
1512 874 1578 914 ac
1625 860 1670 912 si
1697 859 1934 913 diceret:

376 942 583 997 Similia
610 944 915 1000 sustineant
946 946 1015 1002 iis
1035 962 1155 1016 quae
1186 963 1271 1002 me
1301 948 1535 1017 experiri
1559 957 1839 1006 curarunt.
1852 947 1939 1003 Vae

371 1035 513 1087 enim
544 1034 811 1105 improbo,
842 1036 972 1106 quia
1001 1038 1144 1090 mala
1168 1037 1270 1107 ipsi
1305 1036 1602 1093 secundum
1635 1054 1800 1107 opera
1821 1054 1938 1092 ma-

372 1141 539 1180 nuum
565 1127 683 1196 ejus
715 1129 985 1184 evenient.
1018 1128 1376 1185 Obscurentur
1403 1130 1543 1185 oculi
1572 1148 1753 1185 eorum
1775 1148 1837 1185 ne
1858 1133 1937 1185 vi-

377 1217 558 1272 deant.
588 1217 877 1284 Quomodo
906 1220 1052 1274 enim
1088 1236 1196 1275 non
1240 1222 1477 1276 tenebris
1517 1221 1677 1276 otfusi
1715 1221 1937 1288 fuerint,

374 1325 499 1365 cum
525 1310 754 1380 iustitiae
781 1311 952 1366 solem
996 1328 1103 1368 non
1135 1311 1564 1382 acceperint?Et
1597 1312 1813 1366 dorsum
1852 1329 1940 1366 eo-

372 1418 491 1455 rum
532 1418 732 1471 semper
761 1403 997 1457 incurva.
1031 1401 1149 1458 Non
1180 1405 1324 1458 enim
1358 1406 1684 1475 temporaria
1726 1420 1938 1471 eorum,

373 1494 829 1562 quemadmodum
854 1495 1203 1566 Babylonica,
1225 1497 1508 1568 captivitas
1536 1497 1690 1564 fuit.:

437 1671 529 1726 26.
562 1671 692 1727 Fiat
717 1672 978 1729 habitatio
1007 1691 1187 1729 eorum
1218 1675 1445 1731 deserta.
1471 1676 1589 1739 Hoc
1619 1678 1694 1733 ait
1720 1688 1941 1751 propter

2054 489 2327 543 Ἐντεῦθεν
2352 491 2488 559 ἡμῖν
2508 489 2567 541 τὸ
2603 490 2773 554 πάθος
2802 490 3090 562 διηγεῖται’
3140 492 3170 544 ὃ
3223 493 3406 561 σαφῶς
3440 495 3537 548 καὶ
3562 495 3615 547 οε

2038 577 2419 646 εὐαγγελισταὶ
2445 578 2792 649 διηγήσαντο.

2110 668 2429 740 Γενηθήτω
2474 671 2514 736 ἡ
2564 668 2816 736 τράπεζα
2876 668 3075 723 αὐτῶν
3122 671 3378 727 ἐνώπιον
3413 672 3618 727 αὐτῶν

2037 762 2123 826 εις
2150 761 2388 830 παγίδα.
2437 763 2715 817 Ἐντεῦθεν
2765 764 2835 818 τά
2881 765 3271 835 συμϐησόμενα
3316 768 3429 829 τοῖς
3478 766 3618 818 ἰου-

2037 850 2205 914 δαῑοις
2240 852 2377 922 μετὰ
2403 853 2465 906 τὸ
2497 854 2666 917 πάθος
2693 855 3109 925 κατασημαίνει.
3146 855 3369 924 Ὅμοιον
3392 856 3451 908 δὲ
3480 855 3619 907 ὡσεὶ

2040 943 2209 1012 λέγοι·
2240 945 2320 998 Ta
2376 946 2727 1017 παραπλήσια
2754 948 3094 1018 ὐπομείνοιεν
3131 941 3205 1000 ὧν
3256 951 3451 1019 πεῖραν
3477 965 3622 1019 παρ-

2038 1033 2338 1089 εσκεύασάν
2392 1052 2459 1105 με
2506 1034 2710 1088 λαϐεῖν.
2761 1037 2896 1089 Οὐαὶ
2942 1037 3049 1105 γάρ
3096 1036 3337 1108 πονηρῷ,
3377 1038 3460 1090 ὅτι
3518 1054 3621 1090 πο-

2037 1124 2177 1195 νηρά
2210 1125 2352 1179 κατά
2390 1126 2458 1179 τὰ
2493 1125 2629 1196 ἔργα
2670 1126 2779 1180 τῶν
2826 1128 3023 1199 χειρῶν
3065 1129 3230 1183 αὐτοῦ
3276 1128 3617 1199 συμϐήσεται

2036 1216 2203 1287 αὐτῷ.
2231 1219 2729 1287 Σκοτισθήτωσαν
2751 1224 2804 1273 οἱ
2839 1221 3131 1289 ὀφθαλμοὶ
3168 1221 3367 1275 αὐτῶν
3394 1222 3502 1303 τοῦ
3524 1222 3617 1291 μὴ

2031 1309 2309 1372 βλέπειν.
2339 1308 2462 1373 Πῶς
2495 1309 2604 1381 γὰρ
2636 1311 2735 1364 οὐκ
2768 1311 3180 1382 ὲσκοτίσθησαν,
3225 1313 3297 1382 μὴ
3332 1312 3619 1383 δεξάμενοι

2046 1400 2135 1453 τὸν
2162 1400 2262 1469 τῆς
2287 1400 2629 1470 δικαιοσύνης
2662 1400 2845 1471 ἧλιον;
2871 1403 2979 1455 Καὶ
3029 1403 3136 1455 τὸν
3190 1402 3380 1457 νῶτον
3417 1403 3624 1457 αὐτῶν

2039 1491 2362 1557 διαπαντὸς
2388 1494 2771 1561 σύγκαμψον.
2804 1496 2878 1547 Οὐ
2908 1495 3017 1565 γάρ
3047 1495 3381 1567 πρόσκαιρος
3406 1497 3619 1561 αὐτοῖς,

2038 1581 2225 1654 ὥσπερ
2247 1585 2339 1636 ἐπὶ
2386 1584 2758 1651 Βαϐυλωνίων,
2787 1587 3005 1654 γέγονεν
3032 1589 3065 1656 ἡ
3107 1588 3467 1659 αἰχμαλωσία.

2112 1672 2425 1740 Γενηθήτω
2457 1676 2495 1741 ἡ
2522 1675 2776 1741 ἔπαυλις
2802 1674 2998 1731 αὐτῶν
3032 1678 3406 1745 ἠρημωμένη.
3443 1677 3622 1731 Τοῦτό

372 1761 728 1818 vastationem
751 1780 872 1835 quae
900 1764 1287 1838 Hierosolyma:
1317 1766 1561 1837 contigit.
1590 1767 1659 1822 Et
1677 1769 1732 1822 in
1762 1770 1936 1824 taber-

2051 1780 2168 1833 ρησι
2206 1764 2293 1817 διὰ
2314 1763 2412 1834 τὴν
2440 1765 2698 1836 πόρθησιν
2736 1766 2834 1837 τὴν
2894 1766 3185 1837 συμϐᾶσαν
3230 1771 3296 1839 τῇ
3340 1768 3617 1840 Ἰερουσα-

371 1855 575 1909 naculis
601 1872 780 1911 eorum
810 1873 909 1911 non
940 1858 1009 1911 sit
1042 1862 1133 1929 qui
1174 1860 1446 1915 inhabitet.
1489 1860 1565 1916 Ex
1595 1862 1729 1931 ipsis
1756 1862 1939 1918 videli-

370 1955 456 2002 cet
482 1945 712 2016 Judaais;
736 1964 897 2004 nemo
924 1951 1066 2006 enim
1101 1967 1290 2007 eorum
1314 1953 1425 2023 jam
1444 1952 1832 2027 Hierosolyma
1854 1962 1939 2010 ta-

294 2113 303 2119 .
370 2037 661 2093 bernacula
687 2039 972 2113 inhabitat.

443 2125 532 2178 27.
564 2126 827 2192 Quoniam
864 2146 1014 2205 quem
1057 2140 1112 2183 tu
1148 2133 1452 2203 percussisti
1488 2134 1747 2203 persecuti
1790 2144 1937 2191 sunt.

370 2215 603 2272 Causam
646 2218 800 2273 aﬂ'ert
832 2237 930 2275 cur
959 2222 1088 2275 talia
1132 2224 1350 2291 passuri
1380 2224 1509 2279 sint.
1546 2225 1737 2279 Simile
1757 2234 1934 2279 autem

371 2318 452 2363 cst
476 2310 634 2365 huic:
654 2310 959 2366 Percutiam
979 2326 1264 2383 pastorem,
1286 2324 1335 2369 et
1351 2316 1715 2386 dispergentur
1736 2333 1851 2371 oves
1865 2317 1934 2374 ⁸⁷.

371 2398 528 2456 Hunc
558 2402 742 2471 igitur,
773 2404 869 2471 ait,
895 2406 988 2475 qui
1026 2406 1181 2475 juxta
1218 2408 1476 2476 placitum
1515 2416 1665 2462 tuum
1707 2408 1761 2462 in
1806 2423 1934 2478 pas-

368 2496 525 2550 sione
557 2511 849 2565 percussus
884 2507 989 2564 est,
1015 2498 1117 2567 ipsi
1150 2514 1258 2553 non
1287 2497 1611 2567 recipientcs
1633 2508 1784 2553 extra
1817 2515 1938 2569 pro-

368 2589 544 2657 priam
574 2588 802 2645 salutem
852 2606 973 2646 sese
1004 2591 1346 2659 expulerunt.
1382 2590 1453 2643 Et
1503 2606 1657 2659 super
1702 2591 1935 2646 dolorem

371 2679 642 2735 vulnerum
682 2697 916 2736 meorum
958 2682 1298 2737 addiderunt.
1346 2682 1461 2738 Hoc
1506 2684 1603 2749 ait,
1648 2683 1776 2753 quia
1820 2685 1936 2755 ipse

370 2773 589 2841 quidem
626 2773 930 2828 humiliavit
962 2776 1334 2844 semetipsum,
1369 2774 1449 2829 illi
1478 2788 1613 2829 vero
1637 2773 1801 2828 morti
1825 2783 1936 2829 tra-

370 2864 642 2920 diderunt.

442 2955 537 3011 28.
577 2958 787 3028 Appone
813 2958 1141 3028 iniquitatem
1187 2975 1341 3029 super
1376 2959 1705 3029 iniquitatem
1732 2976 1937 3021 eorum.

371 3045 489 3103 Hoc
538 3051 634 3112 ait,
685 3051 942 3119 quoniam
991 3061 1116 3120 post
1141 3067 1359 3106 crucem
1388 3061 1441 3105 et
1480 3051 1931 3106 resurrectionem

371 3140 550 3209 ipsum
573 3140 861 3201 calumniis
894 3141 1237 3211 impetierunt
1268 3142 1403 3212 (52).
1430 3141 1499 3194 Ει
1522 3158 1622 3194 ηοη
1658 3143 1849 3196 intrent
1878 3143 1930 3194 in

364 3231 633 3300 justitiam
656 3242 822 3292 tuam.
847 3232 1042 3289 Procul
1068 3244 1228 3289 erunt
1254 3235 1447 3291 remoti
1471 3249 1501 3288 a
1531 3234 1806 3303 voluptate
1825 3249 1933 3302 qua

370 3324 502 3392 justi
538 3323 904 3381 donabunlur.

400 3452 416 3483 ι
439 3416 531 3474 29.
558 3415 845 3475 Deleantur
866 3417 927 3471 de
952 3417 1084 3471 libro
1109 3418 1409 3472 viventium.
1441 3418 1558 3497 Etsi
1579 3417 1722 3472 enim
1748 3418 1936 3472 inseri-

376 3508 454 3577 pti
484 3507 706 3574 fuerint,
733 3511 828 3574 ait,
861 3511 988 3579 quia
1014 3510 1080 3563 ad
1102 3510 1249 3579 ipsos
1276 3511 1668 3580 promissiones
1697 3510 1935 3580 pertine-

374 3600 545 3669 bant;
583 3602 677 3657 sed
718 3604 975 3679 quoniam
1023 3603 1137 3658 haec
1186 3608 1349 3675 atque
1385 3603 1479 3657 illa
1532 3611 1933 3673 perpetrarunt,

373 3693 569 3749 merito
601 3694 940 3750 delebuntur.
1482 3687 1508 3715 ‘

442 3785 628 3841 50-52.
654 3785 765 3857 Ego
795 3803 910 3840 sum
938 3804 1136 3858 pauper
1153 3796 1202 3843 et
1229 3788 1430 3852 dolens,
1458 3787 1602 3843 salus
1634 3798 1745 3854 tua,
1775 3790 1937 3851 Deus,

374 3880 598 3946 suscepit
613 3896 713 3948 me,
734 3889 838 3936 etc.
861 3879 1021 3936 lliscc
1037 3882 1404 3953 evangelicum
1424 3882 1728 3937 institutum
1753 3882 1941 3950 praedi-

375 3980 552 4038 catur,
576 3974 663 4029 cui
686 3974 969 4043 imperavit
992 3975 1080 4030 ille
1104 3976 1196 4044 qui
1221 3964 1518 4029 secundum
1545 3974 1712 4029 Deum
1737 3991 1939 4044 pauper

377 4066 807 4131 est,cuidictum
837 4067 977 4121 est"
1022 4085 1034 4120 :
1081 4066 1235 4120 Beati
1258 4082 1509 4136 pauperes
1532 4068 1741 4136 spiritu.
1765 4070 1943 4141 Ingre-

373 4159 520 4215 ditur
536 4166 714 4219 autem
732 4159 821 4213 ille
846 4174 1049 4235 pauper
1064 4159 1264 4214 chorus
1280 4158 1481 4227 gratias
1506 4174 1671 4227 agens
1687 4159 1753 4212 de
1769 4159 1941 4213 salute

371 4249 477 4303 sibi
500 4259 651 4323 parta
679 4250 747 4303 ab
775 4248 1085 4320 Unigenito.
1118 4247 1239 4318 Ipse
1281 4263 1517 4317 namque
1543 4258 1627 4302 est
1651 4248 1815 4303 facies
1834 4246 1939 4303 Pa-

370 4341 489 4395 tris.
519 4338 793 4398 Promittit
816 4355 979 4410 porro
1009 4354 1067 4394 se
1095 4353 1203 4393 non
1234 4338 1462 4393 ulterius
1485 4347 1708 4392 cruenta
1732 4337 1937 4394 sacriﬁ—

2037 1857 2167 1926 λήμ.
2194 1856 2305 1909 Καὶ
2335 1857 2403 1910 ὲν
2446 1858 2570 1924 τοῖς
2602 1858 2995 1927 σκηνώμασιν
3026 1858 3224 1912 αὐτῶν
3242 1860 3327 1928 μὴ
3369 1861 3523 1914 ἔστω
3584 1864 3618 1913 ό

2035 1930 2341 2005 κατοικῶν.
2384 1948 2472 2013 Ἐξ
2504 1948 2683 2001 αὐτῶν
2709 1949 2972 2021 δηλονότι·
3007 1950 3068 2002 οὐ
3090 1951 3196 2020 γάρ
3223 1967 3307 2015 τις
3338 1950 3445 2002 τῶν
3482 1951 3620 2004 Ἰου-

2033 2036 2197 2111 δαίων
2222 2036 2300 2091 ἕτι
2326 2039 2427 2101 τὰς
2453 2042 2509 2092 ὲν
2542 2039 2893 2111 Ἰερουσαλὴμ
2922 2044 3165 2094 κατοικεῖ
3197 2042 3419 2112 σκηνάς.

2106 2130 2235 2183 Ὀτι
2266 2130 2338 2187 ὃν
2361 2132 2441 2185 σὺ
2469 2132 2774 2200 ἐπάταξας
2799 2133 2967 2188 αὐτοὶ
2998 2134 3379 2199 κατεδίωξαν.
3414 2134 3609 2198 Aleia;

2036 2219 2336 2290 παράθεσις
2355 2220 2422 2273 δι’
2444 2221 2510 2293 ἢν
2533 2222 2600 2275 τὰ
2622 2221 2847 2278 τοιαῦτα
2876 2224 3171 2277 πείσονται.
3195 2225 3416 2293 Ὅμοιον
3436 2224 3491 2276 δὲ
3509 2224 3612 2294 sq.-

2036 2310 2285 2375 Πατάξω
2313 2310 2419 2364 τὸν
2478 2313 2751 2382 ποιμένα,
2799 2315 2896 2367 καὶ
2955 2314 3616 2383 διασκορπισθήσονται

2035 2402 2107 2455 τὰ
2131 2404 2410 2469 πρόϐατα.
2429 2404 2628 2458 Τοῦτον
2651 2401 2762 2471 οὖν,
2792 2406 2945 2474 φησὶ,
2967 2406 3058 2459 τὸν
3080 2408 3220 2461 κατά
3244 2409 3341 2479 σὴν
3368 2408 3618 2463 εὐδοκίαν

2036 2496 2094 2546 ὲν
2129 2494 2403 2565 παταγμῷ
2435 2494 2521 2547 διὰ
2552 2495 2613 2547 τὸ
2642 2495 2813 2559 πάθος
2841 2496 3127 2568 γενόμενον
3166 2498 3319 2551 αὐτοὶ
3350 2499 3410 2551 οὐ
3438 2517 3617 2568 παρα-

2033 2584 2335 2655 δεξάμενοι,
2385 2585 2487 2653 ἔξω
2514 2603 2615 2639 που
2640 2587 2736 2658 τῆς
2760 2587 2969 2641 ἑαυτῶν
3006 2590 3280 2660 σωτηρίας
3301 2590 3609 2660 ἀπήλασαν.
3688 2626 3698 2634 .

2035 2681 2142 2734 Καὶ
2172 2678 2270 2733 ein
2290 2680 2356 2733 τὸ
2383 2682 2570 2750 ἄλγος
2591 2679 2709 2734 τῶν
2730 2682 3075 2751 τραυμάτων
3098 2702 3216 2751 μου
3244 2683 3612 2751 παρέθηκαν.

2035 2770 2203 2823 Τοῦτό
2226 2788 2411 2841 φησιν,
2443 2773 2628 2844 ἐπειδὴ
2652 2774 2812 2836 αὐτὸς
2860 2773 2959 2843 μὲν
3014 2775 3374 2828 ἐταπείνωσεν
3397 2776 3613 2839 ἑαυτὸν,

2034 2865 2082 2915 oi
2111 2863 2167 2914 δὲ
2189 2864 2281 2915 καὶ
2308 2864 2519 2935 θανάτῳ
2555 2865 2893 2936 περιέῢαλον.

2105 2953 2372 3019 Πρόσθες
2421 2953 2679 3022 ἀνομίαν
2737 2954 2837 3009 ἐπὶ
2905 2953 3020 3023 τὴν
3083 2956 3340 3025 ἀνομίαν
3392 2955 3609 3011 αὐτῶν.

2036 3044 2146 3096 Καὶ
2169 3044 2324 3098 τοῦτο
2352 3044 2517 3113 λέγει,
2561 3047 2748 3117 ἐπειδὴ
2800 3046 2936 3117 μετά
2967 3048 3057 3100 τὸν
3122 3048 3351 3119 σταυρὸν
3380 3049 3474 3101 καὶ
3515 3049 3616 3118 τὴν

2034 3135 2325 3189 ἀνάστασιν
2382 3138 2543 3190 αὐτὸν
2596 3140 3062 3208 ὲσυκοφάντησαν.
3116 3140 3226 3192 Καὶ
3270 3139 3358 3208 μὴ
3412 3142 3611 3193 εἰσελ-

2035 3227 2300 3282 θέτωσαν
2350 3230 2420 3282 ἐν
2476 3229 2829 3298 δικαιοσύνῃ
2862 3247 2998 3286 σου.
3042 3231 3240 3305 Πόρῤω
3272 3229 3617 3302 γενήσονταιι

2036 3322 2187 3391 φησὶ,
2225 3324 2323 3392 τῆς
2349 3325 2458 3385 τοῖς
2488 3322 2711 3386 δικαίοις
2744 3322 3217 3394 ἀποδοθησομένης
3238 3324 3469 3396 τρυφῆς.

2121 3411 2674 3480 Ἐξαλειφθήτῶσαν
2729 3412 2795 3465 ἐκ
2829 3414 3051 3478 βίϐλου
3108 3413 3353 3475 ζώντων.
3411 3417 3475 3468 Εἰ
3518 3414 3614 3468 καὶ

2036 3493 2616 3578 ἐνεγράφησανξφησὶ,
2670 3507 2810 3559 κατὰ
2838 3506 2899 3558 τὸ
2932 3507 3108 3560 αὐτῶν
3138 3503 3275 3561 εἶναι
3305 3509 3405 3573 τὰς
3436 3513 3610 3581 ἐπαγ-

2036 3598 2239 3665 γελίας,
2285 3598 2397 3650 ἀλλ’
2429 3598 2618 3669 ἐπειδὴ
2674 3598 2745 3651 τὰ
2781 3599 2875 3651 καὶ
2928 3598 2998 3652 τὰ
3042 3600 3323 3670 ἐποίησαν,
3389 3604 3613 3669 εἰκότως

2038 3689 2531 3759 ὲξαλειφθήσονται.

2108 3781 2348 3849 Πτωχὸς
2374 3781 2473 3834 καὶ
2501 3779 2704 3849 ἀλγῶν
2732 3782 2847 3850 ειμι
2881 3780 3016 3850 ἐγὼ,
3048 3783 3085 3851 ἡ
3120 3785 3385 3852 σωτηριά
3411 3802 3548 3849 σου,
3579 3792 3613 3840 ὁ

2040 3870 2204 3936 Θεὸς,
2227 3869 2584 3924 ἀντελάϐετό
2589 3888 2730 3939 μου,
2749 3872 2915 3925 κ.τ.λ.
2933 3872 3262 3944 Ἐντεῦθενή
3283 3876 3611 3946 εὐαγγελικὴ

2040 3963 2279 4016 πολιτεία
2309 3959 2738 4036 κηρύττεται,ἦς
2768 3960 2932 4036 ἦρξεν
2964 3967 2993 4017 ὁ
3029 3966 3170 4019 κατὰ
3211 3968 3343 4019 Θεὸν
3380 3968 3613 4038 πτωχόςη

2038 4047 2082 4121 ᾧ
2108 4055 2200 4107 καὶ
2232 4054 2466 4125 εἴρηται·
2488 4054 2776 4123 Μακάριοι
2805 4059 2858 4109 οὶ
2908 4057 3129 4126 πτωχοὶ
3163 4057 3244 4122 τῷ
3297 4060 3613 4127 πνεύματι.

2040 4144 2357 4214 Εἰσέρχεται
2407 4144 2463 4195 δὲ
2488 4136 2640 4208 οὗτος
2664 4148 2693 4197 ὁ
2722 4144 2937 4215 πτωχὸς
2962 4146 3121 4216 χορὸς
3150 4147 3488 4217 εὐχαριστῶν
3520 4149 3614 4199 ἐπὶ

2039 4239 2104 4305 τῇ
2134 4235 2399 4307 γενομένῃ
2435 4235 2583 4305 αὐτῷ
2614 4236 2859 4307 σωτηρία
2898 4236 3050 4307 παρὰ
3105 4236 3199 4289 τοῦ
3252 4237 3609 4305 Μονογενοῦς.

2039 4326 2210 4395 ᾼύτὸς
2244 4328 2351 4397 γάρ
2396 4329 2511 4380 ἐστι
2565 4327 2623 4380 τὸ
2680 4328 2968 4399 πρόσωπον
2991 4327 3086 4380 τοῦ
3136 4328 3365 4399 Πατρός.
3414 4329 3613 4398 Ἐπαγ-

368 4432 453 4487 cia
487 4406 940 4497 oblaturum—sed
973 4430 1152 4506 potius
1195 4431 1521 4487 sacriﬁcium
1546 4430 1721 4489 laudis
1757 4439 1811 4485 et
1830 4430 1939 4498 spi-

2051 4418 2291 4488 γὲλλεται
2318 4418 2375 4471 δὲ
2411 4417 2606 4488 μηκέτι
2641 4406 2745 4481 τὰς
2770 4419 2836 4471 δι’
2862 4418 3108 4490 αἱμάτων
3156 4420 3486 4492 προσφέρειν
3515 4420 3609 4475 θυ-

366 4523 580 4580 ritualis
611 4526 833 4587 cantici.

435 4693 523 4747 55.
578 4691 807 4745 Videant
834 4707 1088 4760 pauperes
1114 4699 1163 4745 et
1200 4690 1464 4755 (tutentur,
1498 4697 1605 4751 etc.
1651 4688 1777 4744 Haec
1806 4704 1936 4753 eun,

368 4786 549 4841 nOrint
603 4784 640 4838 ii
690 4785 785 4854 qui
841 4794 968 4839 sunt
1014 4799 1279 4854 pauperes
1313 4784 1529 4852 spiritu,
1562 4782 1929 4837 exsultabant.

368 4878 494 4933 Haec
525 4885 705 4931 autem
734 4877 923 4931 dicunt
952 4877 1180 4946 apostoli
1205 4884 1424 4946 propter
1444 4891 1539 4932 eos
1564 4875 1657 4946 qui
1686 4876 1927 4944 ipsorum

368 4984 533 5041 opera
563 4968 619 5023 in
644 4968 923 5023 Christum
965 4968 1335 5023 crediderunt.

437 5060 525 5114 54.
575 5058 837 5123 Quoniam
882 5058 1153 5113 exaudivit
1198 5074 1450 5128 pauperes
1495 5056 1774 5112 Dominus.
1830 5056 1932 5112 Ec-

367 5166 532 5223 quam
564 5150 869 5206 orationem
912 5148 1190 5205 exaudivit
1218 5149 1325 5203 nisi
1373 5164 1492 5204 eam
1518 5165 1681 5220 quam
1720 5164 1821 5219 pro
1864 5149 1931 5205 iis

366 5244 627 5301 oﬂerebat
660 5241 1033 5312 Unigenitus?
1071 5239 1212 5307 Quid
1252 5241 1563 5310 postulabat
1603 5250 1782 5297 autem
1821 5240 1927 5296 nisi

366 5347 428 5391 ut
451 5338 552 5408 ipsi
578 5337 938 5393 liberarentur
956 5350 1024 5390 ex
1054 5333 1290 5389 vinculis
1318 5335 1541 5391 mortis?
1563 5334 1925 5401 Quamobrem

445 5518 484 5548 ’τ
504 5516 673 5571 Zach.
700 5531 818 5583 xm,
850 5516 911 5582 7;
942 5514 1130 5571 Matth.
1152 5532 1299 5583 xxvr,
1318 5517 1407 5572 51.
1442 5517 1486 5549 ⁵³
1513 5515 1703 5571 Matth.
1723 5531 1778 5581 v,
1804 5517 1857 5571 ὅ.

441 5669 554 5743 (52)
573 5670 671 5728 Hic
690 5675 933 5746 quaedam
954 5675 1112 5732 habet
1124 5674 1418 5732 Corderius
1441 5691 1560 5746 quae
1580 5683 1709 5731 sunt
1732 5672 2023 5730 Theodori.

2041 4510 2181 4574 σίας·
2227 4509 2325 4577 τὰς
2359 4510 2427 4563 δι’
2463 4510 2720 4574 αἰνέσεως
2757 4512 2814 4565 δὲ
2851 4510 3049 4581 μᾶλλον
3101 4512 3195 4565 καὶ
3238 4515 3607 4585 πνευματικῆς

2035 4604 2196 4674 ᾡδῆςο

2117 4694 2421 4749 Ἰδέτωσαν
2448 4694 2690 4763 πτωχοὶ,
2726 4694 2824 4749 καὶ
2870 4693 3378 4762 εὐφρανθήτωσαν
3396 4713 3453 4749 κ.
3476 4712 3527 4749 τ.
3557 4696 3605 4751 λ.

2033 4788 2217 4842 Ταῦτα
2235 4789 2469 4857 γνόντες,
2496 4791 2680 4858 φησὶν,
2707 4792 2757 4843 οἱ
2793 4790 2869 4860 τῷ
2892 4790 3162 4862 πνεύματι
3196 4792 3418 4861 πτωχοὶ,
3443 4793 3607 4861 ἀγαλ-

2029 4882 2220 4951 λιασθή
2265 4898 2467 4934 σονται.
2505 4882 2740 4950 Λέγουσι
2783 4882 2840 4934 δὲ
2874 4880 3046 4950 ταῦτα
3091 4885 3141 4936 oi.
3185 4882 3474 4936 ἀπόστολοι
3522 4885 3608 4937 διὰ

2030 4976 2167 5036 τοὺς
2183 4973 2247 5025 δι’
2278 4974 2456 5027 αὐτῶν
2482 4974 2874 5040 πιστεύσαντας
2900 4977 2979 5037 εἰς
3006 4975 3256 5046 Χριστόν.

2111 5066 2237 5117 Ὅτι
2292 5065 2617 5133 εὶσήκουσε
2651 5066 2770 5120 τῶν
2820 5066 3092 5133 πενήτων
3138 5070 3171 5121 ό
3214 5068 3448 5135 Κύριος.
3498 5070 3603 5122 Καὶ

2034 5157 2191 5220 ποίας
2217 5157 2402 5228 εὐχῆς,
2427 5158 2460 5228 ἧ
2491 5152 2558 5228 ἧς
2591 5158 2730 5229 ὑπὲρ
2755 5158 2939 5223 αὐτῶνΔ
2988 5157 3232 5230 ηὔχετοὸ
3258 5161 3601 5228 Μονογενής;
3672 5168 3677 5171 ’

2035 5248 2168 5318 Περὶ
2195 5248 2339 5311 τινος
2365 5248 2421 5301 δὲ
2440 5248 2668 5319 ηὔχετο,
2693 5249 2725 5319 ἢ
2758 5249 3018 5320 ῥυσθῆναι
3050 5251 3247 5317 αὐτοὺς
3272 5252 3337 5303 ὲκ
3363 5251 3473 5304 τῶν
3511 5252 3603 5305 τοῦ

2035 5337 2265 5400 θανάτου
2296 5338 2507 5409 δεσμῶν
2529 5355 2544 5405 ;
2570 5339 2658 5394 Διό
2684 5357 2835 5410 (mar
2858 5342 2965 5397 Καὶ
2990 5342 3131 5419 τοὺς
3156 5340 3604 5427 πεπεδηιιένους

3505 282 3617 342 519
3710 316 3715 319 -
