3872 6216
225 335 324 391 315

1252 330 1619 388 EXPOSITIO
1652 331 1720 386 ΙΝ
1759 329 2087 390 PSALMUM
2128 335 2314 391 LXIX.

3328 360 3431 414 3N

223 448 397 504 αὐτοῦ
440 449 551 504 οὐκ
576 448 964 513 ἐξουδένωσε.
1006 449 1267 523 Διέῥρηξε
1305 451 1416 523 γὰρ
1454 450 1671 505 πάντων
1703 448 1772 502 τὰ

1890 451 1986 506 tit:
2021 451 2090 507 Et
2138 456 2338 510 vinctos
2389 474 2511 512 suos
2562 477 2667 517 non
2713 463 2970 533 despexit.
3014 467 3246 540 Diripuit
3288 476 3433 530 enim

222 538 405 611 δεσμὰ,
434 539 667 612 εἰρηκὼς
702 541 819 607 τοῖς
870 540 941 594 ἐν
979 540 1244 611 δεσμοῖς,
1306 542 1625 607 Ἐξέλθετε·
1675 543 1773 595 καὶ

225 631 337 697 τοῖς
374 632 443 684 ἐν
491 631 571 697 τῷ
610 633 848 698 σκότει,
898 633 1403 703 Ἀνακαλύφθητε.
1462 635 1575 688 Καὶ
1633 634 1775 700 τοὺς

224 721 654 792 πεπεδημένους
699 724 885 779 αὐτοῦ
932 727 1046 779 οὐκ
1098 724 1489 791 ἐξουδένωσε.
1551 726 1664 779 Καὶ
1713 725 1773 777 οὐ

222 815 487 869 διέπτυσεν
520 817 661 887 ἡμᾶς
691 816 750 870 ὲν
778 820 1081 890 συμφοραῖς
1131 819 1308 882 ὄντας,
1362 818 1544 882 καλῶς
1588 819 1644 871 δὲ
1676 819 1775 871 αὐ-

223 909 337 969 τοὺς
357 907 757 979 πεπεδημένους
794 905 914 962 εἰπε
949 909 1013 963 δι’
1037 905 1111 963 ὧν
1163 909 1397 981 ἔπασχον
1422 910 1612 967 ταῦτα.

285 997 700 1057 Αἰνεσὰτωσαν
726 998 914 1053 αὐτὸν
941 1002 997 1054 οἰ
1023 1002 1268 1068 οὐρανοὶ
1321 1001 1419 1054 καί
1471 1002 1511 1069 ἠ
1572 1001 1669 1070 γνῆ.
1711 1002 1776 1054 Εἰ

224 1088 353 1159 χαρὰ
399 1089 606 1156 γίνεται
650 1091 708 1143 ὲν
759 1090 974 1162 οὐρανῷ
1028 1092 1121 1145 ἐπὶ
1171 1094 1252 1147 ὲνὶ
1285 1092 1588 1164 ἁμαρτωλῷ
1619 1110 1778 1163 μετα-

224 1177 435 1239 νοοῦντι,
475 1177 654 1249 πολλῷ
682 1179 841 1233 πλέον
872 1182 1202 1252 χαρήσονται
1227 1182 1519 1253 συμπάσης
1569 1182 1779 1235 ἐλευθε-

227 1269 474 1340 ρωθείσης
499 1270 598 1339 τῆς
624 1271 748 1341 γῆς.
809 1273 874 1325 Εἰ
923 1273 981 1326 δὲ
1026 1274 1250 1344 οὐρανὸς
1295 1274 1389 1326 ἐπὶ
1443 1276 1509 1344 τῇ
1551 1272 1657 1326 τῶν
1686 1275 1778 1324 ἁν-

224 1358 438 1429 θρὼπων
467 1362 650 1433 χαίρει
703 1364 982 1435 σωτηρίᾳ,
1027 1365 1122 1417 καὶ
1151 1366 1291 1418 αἰνεῖ
1328 1365 1419 1417 ἐπὶ
1455 1363 1628 1435 τούτῳ
1688 1363 1777 1415 τὸν

223 1451 363 1505 Θεόν·
395 1453 572 1523 πολλῷ
608 1454 806 1525 μᾶλλον
840 1457 934 1509 καὶ
975 1457 1127 1510 αὐτοὶ
1153 1458 1200 1510 οἱ
1251 1455 1512 1518 σωθέντες
1538 1456 1630 1508 ἐπὶ
1678 1456 1778 1526 τῆς

222 1545 315 1613 γῆς
334 1545 599 1599 αἰνέσουσι
620 1547 711 1600 τὸν
741 1546 1011 1601 σώσαντα·
1034 1547 1113 1601 διὸ
1140 1546 1467 1619 προσέθηκε’
1487 1546 1777 1600 Θάλασσα

223 1636 309 1688 καί
331 1636 520 1690 πάντα
567 1637 642 1690 τὰ
677 1637 937 1705 ἕρποντα
985 1639 1055 1692 ἐν
1099 1639 1321 1704 αὐτοῖς.
1376 1637 1545 1691 Τοῦτό
1591 1655 1773 1710 φησιν,

222 1727 388 1798 ἐπειδὴ
413 1728 506 1782 καὶ
540 1729 601 1781 ὲν
638 1732 757 1793 ταῖς
795 1730 980 1799 νήσοις
1010 1729 1233 1799 ἔμελλον
1260 1729 1323 1783 τὸ
1364 1732 1625 1801 σωτήριον
1681 1729 1775 1782 τοῦ

1890 1745 2119 1801 Futurum
2156 1761 2272 1803 erat
2306 1760 2367 1803 ut
2399 1752 2560 1805 etiam
2602 1753 2655 1805 in
2686 1754 2887 1820 insulis

223 1818 345 1871 Θεοῦ
370 1820 789 1891 παραδέχεσθαι.
821 1821 904 1875 Τὸ
924 1821 1002 1886 δὲ,
1033 1822 1105 1875 ἐν
1127 1821 1352 1888 αὐτοῖς,
1386 1822 1480 1874 καὶ
1529 1822 1587 1873 ὲν
1610 1822 1678 1891 τῇ
1704 1822 1774 1890 γῇ

221 1903 384 1963 καϊὲν
408 1910 471 1978 τῇ
506 1907 774 1994 equm.

283 1995 401 2048 Ὀτι
443 1998 475 2049 ὁ
526 1996 677 2062 Θεὸς
723 1995 909 2051 σώσει
938 1997 1053 2063 τὴν
1092 1997 1266 2061 Σιὼν,
1308 1998 1407 2050 καί
1465 1995 1776 2065 οἰκοδομη-

220 2087 487 2155 θήσονται
533 2091 599 2142 αἰ
663 2091 871 2154 πόλεις
934 2088 1043 2156 τῆς
1085 2089 1388 2154 Ἰουδαίας.
1437 2089 1570 2141 Τίνα
1616 2089 1778 2159 φησὶν

219 2176 479 2250 ε’ναιτὴν
508 2178 713 2248 Σιὼνῆ
752 2180 852 2249 τὴν
876 2178 1039 2247 ἁγίαν
1078 2179 1422 2249 Ἐκκλησίαν,
1462 2172 1529 2248 ἧς
1576 2178 1668 2230 καὶ
1723 2178 1778 2229 αἱ

221 2270 383 2334 πόλεις
412 2269 862 2341 ᾠκοδομήθησαν,
893 2272 948 2322 αἰ
975 2268 1390 2341 διεγηγερμέναι
1415 2267 1652 2339 δηλονότι
1672 2267 1779 2319 τῶν

219 2357 499 2427 ἀνθρώπων
534 2356 746 2427 dav/ai;
789 2356 1057 2409 Πεσοῦσαι
1099 2358 1206 2427 γὰρ
1266 2353 1404 2428 ἦσαν
1437 2358 1524 2409 ὅτε
1551 2355 1778 2425 ήγνόουν

216 2449 298 2501 τὸν
321 2448 465 2502 Θεόν.
509 2440 681 2501 Αὗται
708 2447 766 2500 δέ
810 2449 946 2501 εἰσιν
986 2449 1039 2499 αἰ
1070 2447 1157 2500 διὰ
1198 2448 1295 2518 τῆς
1342 2447 1780 2516 ὲξομολογήσεως

217 2536 600 2609 ἀνεγερθεῖσαι.
681 2535 910 2589 Ἰουδαία
978 2537 1085 2608 γάρ
1156 2535 1540 2607 ἐξομολόγησις
1607 2535 1779 2605 ἑρμη-

218 2645 431 2681 νευεται.
884 2650 891 2661 '

280 2720 381 2773 Καὶ
416 2717 896 2787 κατοικήσουσιν
922 2717 1067 2783 ἐκεῖ,
1090 2716 1186 2770 καί
1215 2713 1780 2785 κληρονομήσουσιν

217 2808 410 2875 αὐτήν.
461 2810 524 2862 Οἰ
583 2808 698 2872 νῦν,
734 2809 915 2878 φησιν,
974 2806 1330 2876 αἰχμάλωτοι,
1364 2806 1461 2876 τῆς
1522 2805 1777 2857 ἐπανόδου

215 2899 469 2966 τυχόντες,
509 2898 609 2951 καὶ
639 2896 736 2959 τὰς
761 2896 965 2957 οἰκείας
1002 2894 1413 2966 οἰκοδομήσουσι
1448 2894 1650 2957 πόλεις,
1686 2894 1780 2947 καὶ

217 2993 621 3064 κατοικήσουσιν
648 2988 839 3052 αὐτάς.
869 2989 985 3041 Οὐκ
1012 2988 1166 3062 αὐτοὶ
1218 2987 1275 3039 δὲ
1308 2986 1478 3058 μόνοι,
1508 2986 1643 3039 ἀλλὰ
1684 2985 1780 3037 καὶ

1873 546 2118 601 omnium
2162 548 2381 606 vincula
2432 568 2558 607 cum
2606 555 2746 611 dixit
2789 558 2858 614 iis
2906 563 2997 628 qui
3055 564 3215 618 vincti
3289 584 3434 626 sunt.

1877 636 2030 692 Exite
2125 649 2174 694 et
2223 643 2288 695 iis
2347 645 2437 712 qui
2483 648 2540 699 in
2584 648 2847 715 tenebris,
2903 652 3227 710 Reuelamini
3266 659 3332 711 ".
3365 659 3432 713 Et

1872 730 2071 784 uinctos
2119 748 2242 786 suos
2281 736 2384 788 n'on
2419 737 2677 807 despexit.
2730 741 2797 796 Et
2840 759 2945 799 non
2994 751 3201 816 respuit
3249 768 3348 807 nos
3382 754 3434 807 in

1874 823 2270 881 calamitatibus
2312 830 2671 899 constitutos;
2695 833 2818 902 jure
2865 846 3043 893 autem
3087 857 3183 897 eos
3227 844 3437 900 vinctos

1875 915 2111 983 appellat
2139 919 2282 986 quod
2314 920 2438 974 talia
2468 931 2803 991 paterentur.

1946 1006 2035 1060 55.
2080 1006 2320 1063 Laudent
2362 1011 2513 1065 illum
2546 1015 2661 1068 caeli
2688 1025 2736 1068 et
2770 1026 2929 1085 terra.
2965 1016 3021 1071 Si
3057 1020 3313 1089 gaudium
3354 1031 3439 1076 est

1876 1098 1931 1152 in
1962 1100 2101 1154 coelo
2137 1116 2300 1171 super
2329 1119 2440 1158 uno
2485 1116 2772 1174 peccatore
2814 1111 3185 1177 paenitentiam
3221 1124 3432 1184 agente,

1876 1192 2049 1245 multo
2085 1193 2256 1263 magis
2301 1196 2615 1265 gaudebunt
2649 1199 2723 1252 illi
2760 1215 2882 1253 cum
2913 1211 3057 1256 totus
3085 1205 3236 1259 orbis
3265 1216 3438 1260 terra-

1876 1300 1996 1338 rum
2050 1285 2311 1342 liberatus
2362 1287 2547 1345 fuerit.
2598 1289 2754 1357 Quod
2802 1294 2848 1348 si
2894 1296 3092 1349 coalum
3143 1299 3342 1367 gaudet
3370 1299 3437 1353 de

1878 1378 2158 1434 hominum
2193 1381 2389 1445 salute,
2422 1384 2560 1438 etde
2594 1386 2697 1441 hac
2732 1403 2789 1442 re
2815 1390 2999 1443 laudat
3032 1390 3240 1459 Deum;
3267 1393 3438 1447 multo

1877 1472 2049 1541 magis
2087 1473 2123 1526 ii
2168 1474 2267 1543 ipsi
2310 1476 2401 1544 qui
2437 1478 2666 1532 salutem
2712 1491 3120 1549 consequuntur
3167 1485 3221 1538 in
3272 1494 3437 1550 terra,

1873 1563 2172 1620 laudabunt
2216 1582 2339 1622 eum
2411 1570 2505 1638 qui
2563 1572 2789 1626 salutem
2858 1574 3060 1629 dedit:
3110 1584 3441 1646 quapropter

1875 1658 2024 1711 addit
2057 1677 2069 1713 :
2103 1659 2250 1714 Mare
2293 1673 2343 1715 et
2373 1665 2549 1716 omnia
2578 1664 2785 1732 reptilia
2817 1667 2869 1719 in
2911 1668 3007 1719 eis.
3052 1666 3166 1723 Hoc
3208 1668 3284 1722 ait
3313 1670 3437 1738 quia

2933 1757 3268 1825 reciperetur
3296 1759 3442 1812 salu-

1879 1847 1992 1892 tare
2026 1838 2140 1895 Dei.
2176 1841 2310 1897 Illud
2343 1854 2547 1909 autem,
2587 1847 2641 1899 in
2675 1849 2771 1909 eis,
2801 1848 2852 1902 id
2892 1857 2977 1903 est
3007 1849 3061 1902 in
3102 1857 3249 1904 terra
3291 1858 3345 1904 et
3387 1851 3440 1903 in

1879 1931 2035 1984 mari.

1946 2024 2035 2079 56.
2083 2023 2345 2089 Quoniam
2386 2026 2526 2081 Deus
2566 2028 2766 2082 salvam
2802 2029 2959 2098 faciet
3000 2028 3155 2094 Sion,
3190 2041 3236 2085 et
3265 2033 3440 2102 aedi/i-

1877 2114 2135 2166 cabuntur
2176 2115 2411 2170 civitates
2443 2116 2609 2169 Juda.
2646 2116 2819 2182 Quam
2856 2133 2977 2173 esse
3019 2120 3095 2173 ait
3137 2118 3290 2185 Sion,
3335 2123 3441 2176 nisi

1876 2213 2120 2258 sanctam
2154 2203 2474 2268 Ecclesiam,
2508 2207 2665 2275 cujus
2698 2208 2945 2263 civitates
2978 2210 3257 2264 aediﬁcatae
3290 2218 3440 2273 sunt,

1876 2296 2124 2348 excitatre
2179 2296 2386 2350 scilicet
2454 2297 2736 2351 hominum
2808 2299 3061 2354 animae?
3124 2300 3441 2356 Ceciderant

1877 2384 2020 2437 enim
2067 2386 2287 2452 quando
2345 2387 2668 2456 ignorabant
2727 2387 3040 2445 Dominum.
3092 2393 3228 2462 Ipsae
3274 2408 3442 2463 porro

1878 2489 1973 2543 per
2013 2474 2412 2530 confessionem
2461 2478 2709 2534 excitata:
2758 2489 2905 2536 sunt.
2963 2480 3148 2538 Judwa
3206 2501 3442 2556 namque

1878 2564 2135 2634 confessio
2164 2565 2571 2637 interpretatur.

1948 2738 2036 2794 '57.
2096 2738 2164 2793 Et
2210 2740 2580 2797 inhabitabant
2613 2744 2708 2809 ibi,
2748 2754 2797 2799 et
2832 2744 3137 2801 Itarreditate
3170 2750 3440 2819 nequirent

1876 2846 2014 2885 eam.
2051 2830 2285 2900 Captivi,
2327 2832 2525 2902 inquit,
2570 2836 2664 2905 qui
2712 2852 2856 2891 nunc
2912 2839 3146 2893 reditum
3192 2840 3440 2895 obtinue-

1878 2928 2023 2985 runt,
2056 2921 2304 2991 proprias
2362 2923 2527 2980 urbes
2569 2925 2915 2981 aediﬁcabunt
2961 2937 3014 2982 et
3059 2929 3440 2984 inhabitabant

1878 3024 1992 3066 eas.
2019 3009 2130 3065 Nec
2155 3011 2258 3080 ipsi
2288 3014 2411 3080 soli,
2447 3015 2540 3070 sed
2567 3024 2622 3070 et
2651 3030 2843 3072 eorum
2879 3018 2976 3072 lilii
3005 3028 3059 3074 et
3086 3029 3308 3091 nepotes
3341 3040 3359 3091 ;
3388 3022 3439 3076 id

214 3084 257 3134 οἱ
282 3082 474 3135 τούτων
526 3083 721 3144 παῖδες
758 3080 852 3133 καὶ
909 3079 960 3132 οἰ
1026 3077 1257 3155 ἔκγονοι·
1313 3078 1472 3131 τοῦτο
1516 3078 1626 3149 γὰρ
1677 3078 1776 3128 ἐπ-

1890 3103 2024 3157 enim
2052 3077 2350 3175 subjungit.

215 3174 476 3319 ήγῗίῗῖτὸ
502 3264 746 3334 σπέρμα
768 3261 885 3318 τῶν
909 3262 1146 3317 δούλων
1193 3260 1377 3315 αὐτοῦ
1421 3259 1781 3324 καθέξουσιν

215 3354 414 3423 αὐτὴν,
445 3356 545 3410 καί
591 3359 646 3410 οἰ
703 3353 1047 3424 ἀγαπῶντες
1097 3352 1164 3406 τὸ
1203 3350 1392 3420 ὄνομά
1437 3366 1553 3405 σου
1602 3367 1780 3404 κατα-

217 3445 632 3511 σκηνώσουσιν
679 3447 749 3500 ἐν
779 3446 954 3515 αὐτῇ.
990 3444 1174 3498 Δοῦλοι
1218 3444 1314 3515 μὲν
1345 3441 1508 3496 αὑτοῦ
1555 3445 1602 3495 οἱ
1637 3442 1779 3510 ἆγιοι

215 3536 502 3601 ἀπόστολοι,
569 3537 647 3601 ὡς
720 3537 965 3602 Παῦλος,
1030 3536 1215 3598 δοῦλος
1289 3534 1461 3605 Ἰησοῦ
1521 3534 1775 3607 Χριστοῦ·

218 3627 422 3697 σπέρμα
451 3628 509 3681 δὲ
544 3628 725 3681 αὐτῶν
753 3630 802 3681 οἰ
824 3628 890 3682 δι’
944 3625 1122 3681 αὐτῶν
1170 3627 1250 3688 εἰς
1276 3624 1506 3697 Χριστὸν
1556 3624 1778 3678 πιστεύ-

218 3733 411 3783 σαντες.

403 3813 504 3878 Εἰς
535 3809 731 3877 τέλος,
770 3811 1080 3864 ΨΑΛΜΟΣ
1101 3806 1184 3873 τῷ
1211 3805 1409 3870 Δαυῒδ,
1442 3806 1569 3862 ΞΘ.

337 3900 435 3965 Εἰς
477 3899 827 3970 ἀνάμνησιν
850 3902 938 3966 εἰς
964 3898 1030 3954 τὸ
1067 3897 1264 3954 σῶσαι
1296 3914 1373 3967 με
1402 3898 1638 3965 Κύριον.

824 4079 1145 4145 Ύπόθεσις.

220 4166 401 4221 Τοῦτον
431 4169 544 4241 ᾅδει
568 4170 659 4221 τὸν
677 4168 886 4238 ψαλμὸν
911 4170 974 4221 ὲκ
1002 4167 1292 4239 προσώπου
1312 4166 1410 4236 τῆς
1426 4162 1776 4234 ἀνθρωπότη-

278 4273 385 4321 τος,
410 4258 670 4329 ἀξιούσης
703 4260 782 4321 εἰς
808 4258 869 4310 τὸ
904 4257 1117 4328 βοηθεῖν
1160 4258 1295 4327 αὐτῇ
1320 4255 1667 4325 διαναστῆναι
1688 4253 1779 4304 τὸν

279 4350 423 4404 Θεόν.
458 4351 617 4404 Οὕτω
646 4351 755 4421 γὰρ
775 4350 1087 4418 συνέϐαινεν
1120 4349 1453 4420 έντραπῆναι
1517 4346 1615 4417 μὲν
1654 4346 1778 4407 τοὺς

1950 3277 2019 3331 Et
2042 3294 2214 3332 semen
2242 3296 2508 3334 seruorum
2529 3282 2643 3351 ejus
2666 3284 2949 3353 possidebit
2973 3302 3111 3354 eam,
3134 3298 3182 3342 ct
3202 3290 3292 3359 qui
3315 3290 3440 3344 diti-

1879 3378 2004 3438 gunt
2027 3385 2213 3422 nomen
2248 3370 2359 3438 ejus
2398 3371 2709 3428 habitabant
2740 3375 2795 3428 in
2842 3392 2924 3432 ea.
2971 3375 3121 3431 Servi
3161 3380 3278 3447 ejus
3316 3392 3436 3435 sunt

1880 3460 2053 3515 sancti
2099 3462 2351 3530 apostoli,
2384 3472 2446 3516 ut
2491 3462 2715 3530 Paulus,
2767 3481 2959 3523 servus
3015 3467 3139 3523 Jesu
3194 3470 3439 3527 Christi:

1879 3567 2059 3605 semen
2088 3561 2267 3606 autem
2292 3568 2482 3608 eorum
2510 3564 2639 3610 sunt
2666 3557 2704 3611 ii
2732 3558 2825 3627 qui
2856 3572 2952 3628 per
2980 3559 3131 3628 ipsos
3186 3560 3243 3616 in
3277 3565 3441 3619 Chri-

1879 3652 2024 3697 stum
2051 3646 2414 3701 crediderunt.

2074 3806 2141 3858 In
2184 3807 2360 3876 ﬁnem,
2415 3806 2753 3865 PSALMUS
2800 3809 2994 3877 David,
3039 3811 3246 3869 LXIX.

1985 3902 2036 3955 l.
2080 3901 2143 3957 In
2185 3907 2667 3961 rememorationem
2711 3908 2851 3977 quod
2893 3909 3098 3964 salvum
3145 3913 3323 3982 fecerit

2463 4014 2543 4051 me
2570 3997 2851 4054 Dominus.

2455 4089 2858 4160 Argumentum.

1881 4172 2037 4228 Hunc
2065 4175 2213 4228 canit
2238 4175 2507 4244 psalmum
2543 4195 2610 4234 ex
2641 4196 2874 4250 persona
2916 4182 3169 4238 humanae
3210 4193 3440 4249 naturae,

1949 4265 2188 4334 rogantis
2226 4264 2391 4320 Deum
2428 4277 2487 4322 ut
2518 4279 2770 4340 exsurgal
2801 4271 2867 4324 ad
2902 4272 3164 4327 auxilium
3208 4274 3331 4344 ipsi.
3367 4276 3443 4330 Ita

1949 4357 2093 4409 enim
2158 4358 2382 4428 contigit
2443 4360 2650 4429 pudore
2714 4360 2855 4417 allici
2910 4363 3252 4420 adversarios
3324 4367 3443 4437 ejus

278 4443 675 4515 ἀντικειμένους
712 4443 849 4514 αὐτῇ
892 4440 1182 4512 πολεμίους
1219 4441 1496 4510 δαίμονας,
1547 4438 1776 4508 εὐφραν-

1948 4448 2221 4506 daemones
2265 4452 2332 4505 ad
2372 4444 2569 4508 bellum
2632 4454 2927 4511 instructos
2966 4475 2981 4523 ;
3037 4457 3206 4513 laetari
3257 4471 3440 4515 autem

283 4532 427 4605 θῆναι
446 4536 502 4589 δὲ
519 4537 647 4599 τοὺς
675 4536 788 4588 ὅσοι
819 4534 1098 4606 χαίρουσιν
1122 4533 1213 4586 ἐπὶ
1238 4536 1302 4605 τῇ
1327 4531 1569 4602 σωτηρίᾳ
1589 4530 1776 4600 αὐτῆς.

291 4626 348 4678 '0
371 4627 531 4693 Θεὸς,
553 4630 640 4694 εἰς
668 4626 783 4693 τὴν
804 4624 1098 4693 ,βοήθειάν
1122 4643 1242 4695 μου
1270 4626 1554 4693 πρόσχες,
1575 4640 1629 4677 κ.
1652 4640 1704 4676 τ.
1725 4622 1774 4674 λ.

287 4717 786 4786 Αἰσχυνθήτωσαν
842 4717 941 4771 καί
991 4715 1474 4785 ἑντραπήτωσαν.
1536 4714 1777 4785 Διαμάρ-

218 4821 368 4872 τοιεν,
403 4810 583 4879 φησὶν,
607 4810 659 4861 οἱ
688 4809 785 4880 τῆς
828 4809 968 4878 ἐμῆς
993 4808 1209 4878 σφαγῆς
1235 4806 1532 4879 ἐφιέμενοι,
1557 4808 1651 4861 καὶ
1678 4806 1776 4877 τὴν

221 4896 448 4953 ἐντεῦθεν
477 4899 736 4971 αἰσχύνην
771 4898 1174 4970 καρπώσαιντο.

293 4989 1034 5059 Ἀποστραφήτωσανείςτά
1055 4989 1269 5053 ὀπίσω,
1283 5006 1396 5049 uxr.
1413 4988 1463 5042 λ.
1481 4989 1591 5055 Καὶ
1612 4988 1770 5041 πάλιν

223 5079 477 5135 κάνταῦθα
506 5084 564 5137 ἐν
596 5086 707 5146 τοῖς
730 5084 962 5155 παροῦσι
1000 5083 1204 5153 στίχοις
1229 5083 1503 5154 ἐπαρᾶται
1539 5082 1634 5153 μὲν
1661 5083 1781 5144 τοῖς

222 5172 367 5223 αὑτὸν
398 5174 823 5239 ἐπιϐουλεύουσι,
860 5177 953 5228 καὶ
993 5175 1234 5228 θέλουσιν
1263 5175 1423 5228 αὑτὸν
1451 5173 1638 5236 κακῶς
1670 5192 1772 5226 πα-

223 5260 338 5314 θεῖν·
372 5265 466 5318 καὶ
507 5266 651 5334 λέγει
681 5267 816 5337 πρὸς
849 5268 1061 5331 αὐτούς·
1095 5269 1160 5321 Οἰ
1206 5271 1318 5331 τοῖς
1376 5268 1527 5338 ἐμοῖς
1583 5269 1772 5329 κακοῖς

222 5352 525 5425 ὲφηδὸμενοι
545 5359 836 5430 τράποιντο
878 5361 957 5423 εἰς
989 5361 1166 5431 φυγὴν
1197 5358 1337 5430 μετὰ
1365 5358 1644 5430 αἰσχύνης,
1675 5358 1772 5430 τὴν

224 5444 348 5517 ἐμὴν
379 5449 606 5519 ὁρῶντες
632 5452 953 5523 μεταϐολήν.
1003 5451 1579 5521 Ἀποστραέρήτωσαν
1626 5464 1773 5518 παρ-

223 5537 421 5592 αυτίκα
470 5543 908 5612 αἰσχυνόμενοι.
940 5544 1002 5596 Oi
1029 5543 1120 5596 ἐπὶ
1141 5541 1218 5613 τῷ
1236 5541 1511 5611 γενομένῳ
1541 5559 1630 5611 μοι
1664 5541 1768 5594 πά-

1944 4553 2039 4595 eos
2068 4540 2159 4608 qui
2186 4542 2420 4610 gaudent
2441 4544 2506 4598 de
2528 4544 2704 4599 salute
2728 4547 2921 4615 ipsius.

1946 4629 2001 4683 2.
2038 4628 2202 4697 Deus,
2226 4632 2281 4685 in
2310 4632 2638 4701 adjutorium
2671 4653 2841 4691 meum
2864 4641 3090 4704 intende,
3123 4649 3224 4696 etc.

1947 4720 1999 4775 5.
2033 4721 2444 4792 Confundantur
2465 4734 2513 4779 et
2532 4738 2886 4783 revereantur.
2912 4728 3017 4796 Qui
3046 4748 3223 4786 meam
3255 4750 3441 4791 necem

1874 4821 2130 4880 exoptant
2174 4816 2454 4884 proposito
2487 4817 2771 4887 .labantur,
2813 4829 2977 4892 atque
3023 4823 3151 4878 hinc
3181 4825 3439 4894 pudorem

1876 4913 2302 4970 consequantur.

1945 4992 2359 5063 4.!Avertantur
2390 5008 2678 5053 retrorsum
2717 5010 2766 5052 et
2808 5001 3137 5073 erubescant,
3165 5014 3268 5061 etc.
3298 5006 3444 5061 Rur-

1846 5098 1997 5139 sum
2037 5083 2092 5139 in
2136 5090 2499 5156 praesentibus
2536 5090 2824 5146 versiculis
2855 5104 3173 5149 exsecratur
3217 5112 3310 5151 eos
3350 5096 3441 5163 qui

1877 5173 2103 5234 insidias
2142 5178 2243 5247 ipsi
2290 5188 2506 5249 parant,
2547 5189 2602 5235 et
2641 5182 2833 5236 volunt
2874 5200 2998 5237 eum
3059 5186 3218 5239 malis
3266 5185 3439 5249 allici,

1875 5275 1929 5319 et
1961 5266 2035 5319 ait
2065 5266 2205 5333 illis:
2235 5267 2337 5334 Qui
2362 5271 2428 5325 de
2453 5271 2612 5326 malis
2641 5273 2778 5328 meis
2805 5275 3041 5344 gaudent
3071 5283 3351 5329 vertantur
3386 5276 3441 5329 in

1877 5357 2058 5429 fugam
2091 5377 2213 5416 cum
2232 5365 2459 5433 pudore,
2479 5374 2761 5422 cernentes
2790 5364 3220 5419 immutationem
3240 5380 3437 5418 meam.

1880 5453 2199 5517 Avertantur
2235 5457 2413 5509 statim
2463 5459 2837 5512 erubescentes.
2885 5456 2988 5524 Qui
3036 5457 3103 5510 de
3144 5472 3264 5513 mea
3311 5457 3439 5512 olim

1876 5545 2118 5613 pernicie
2136 5556 2189 5603 et
2219 5547 2284 5605 de
2314 5548 2603 5609 maledicto
2633 5550 2822 5607 mortis
2852 5548 3178 5622 gaudebant.

225 5627 303 5681 λοι
333 5634 573 5705 πτώματι
624 5640 709 5694 διὰ
759 5642 856 5714 τὴν
885 5642 978 5698 τοῦ
1016 5642 1241 5697 θανάτου
1287 5639 1530 5711 κατάραν
1578 5640 1949 5711 ἔπιχαρέντες.

289 5727 330 5757 "
370 5730 470 5787 lea.
502 5748 645 5801 χιιι,
677 5736 729 5790 9.
