3872 6216
383 311 494 370 515

1221 308 1279 364 S.
1321 307 1694 364 ATHANASII
1731 305 1882 364 ΟΡΡ.
1917 305 2098 362 PARS
2135 307 2222 361 111.
2253 338 2322 350 -
2351 277 2761 364 EXEGETICA.

3517 295 3630 366 ais

455 427 510 483 6.
553 424 664 496 E90
707 433 882 479 autem
930 422 1195 478 mendicus
1246 441 1364 478 sum
1414 433 1463 478 et
1517 441 1732 494 pauper.
1783 423 1992 490 Q‘uasit

2139 423 2277 492 Ἐγὼ
2299 421 2366 474 δὲ
2393 423 2627 491 πτωχός
2647 423 2762 490 ειμι
2799 419 2896 474 καὶ
2937 418 3144 488 πένης.
3195 421 3338 474 Ἀντῦ.
3363 419 3479 484 τοῦ,
3517 424 3634 494 Τῆς

386 516 532 570 dicat
563 513 816 568 :Justitia
843 528 1030 568 eorum
1061 513 1154 582 qui
1189 513 1342 581 prius
1369 515 1654 567 memorati
1683 523 1812 568 sunt
1843 515 1956 584 pri—

387 617 547 660 vatus
573 621 716 668 sum,
766 619 829 658 ac
851 605 906 657 in
933 613 1246 673 paupertate
1277 603 1489 674 vivens,
1519 605 1830 659 divitiarum
1859 606 1954 674 ju-

391 697 555 752 stitiie
577 711 770 766 expers
797 711 918 750 sum
949 714 963 749 :
1000 703 1325 764 quapropter
1343 703 1495 750 tuum
1539 697 1770 766 imploro
1797 697 1954 751 auxi-

391 789 548 842 lium.
579 788 808 856 Adjutor
837 803 980 840 meus
1006 799 1054 841 et
1087 787 1340 842 liberator
1361 806 1503 842 meus
1533 806 1586 842 es
1611 801 1688 856 tu,
1713 789 1955 857 Domine,

389 894 455 932 ne
489 878 725 930 moreris.
765 875 938 929 Tuam
983 877 1128 930 enim
1182 879 1579 946 providentiam
1631 889 1958 935 consecutus

393 985 534 1024 sum.
573 967 776 1021 Exaudi
812 984 973 1036 quam
1005 969 1296 1035 citissime,
1332 978 1385 1025 et
1410 985 1478 1024 ue
1512 969 1731 1026 diﬂeras
1765 979 1959 1040 postu-

395 1062 560 1113 latum
595 1061 916 1114 concedere.

397 1152 447 1204 1.
493 1149 732 1204 ιιειιωι
745 1149 830 1204 US
853 1149 1064 1216 Davidi,
1091 1151 1142 1203 in
1165 1151 1342 1219 ﬁnem,
1377 1152 1611 1220 ﬁliorum
1637 1151 1882 1206 Ionadab
1911 1161 1961 1208 et

462 1243 698 1311 priorum
725 1243 1073 1309 captivorum.
1106 1241 1264 1298 Caret
1298 1245 1642 1314 inscriptione
1678 1246 1820 1316 apud
1849 1245 1961 1300 He-

467 1333 657 1386 bra'os.
689 1332 864 1387 LXX.
1749 1345 1754 1348 '

985 1425 1378 1495 Argumentum.

395 1510 520 1566 l'ilii
549 1510 796 1566 Jonadab
831 1513 932 1566 viri
959 1512 1108 1568 fuere
1143 1515 1217 1582 pii
1239 1525 1292 1568 et
1315 1514 1466 1583 justi,
1503 1514 1594 1583 qui
1629 1517 1800 1584 patris
1825 1530 1964 1584 pra:-

469 1611 622 1670 cepta
672 1617 921 1658 accurate
963 1605 1274 1669 servabant,
1323 1615 1486 1674 atque
1525 1606 1599 1659 ita
1639 1606 1876 1676 religiosi
1911 1616 1966 1661 et

470 1694 718 1748 moribus
750 1695 1040 1758 mansueti,
1074 1703 1135 1748 ut
1171 1710 1360 1749 eorum
1399 1697 1613 1751 virtutis
1658 1698 1814 1751 testis
1853 1697 1966 1766 ipse

467 1782 634 1846 Deus,
667 1787 982 1853 prophetam
1019 1783 1308 1838 Jeremiam
1345 1787 1650 1854 alloquens,
1697 1762 1962 1840 fuerit“.
1997 1762 2040 1816 Β

475 1873 676 1927 Eorum
727 1883 968 1942 tempore
1007 1876 1157 1944 prior
1202 1877 1489 1944 captivitas
1523 1875 1826 1931 Jerusalem
1865 1877 1968 1931 sub

472 1966 743 2020 Chaldaeis
771 1965 892 2020 fuit.
925 1965 990 2018 l-li
1021 1965 1259 2020 fortasse
1285 1983 1572 2036 personam
1615 1979 1804 2037 gerant
1837 1983 1968 2038 apo-

480 2059 746 2114 stolorum
783 2060 960 2124 chori,
991 2060 1082 2127 qui
1125 2061 1334 2113 naviter
1362 2060 1598 2114 cmlcstis
1629 2061 1804 2114 Patris
1833 2077 1970 2130 pra:-

473 2161 626 2219 cepta
674 2151 944 2214 servavit,
985 2159 1040 2204 et
1085 2151 1338 2205 laudibus
1386 2153 1692 2206 celebratus
1748 2166 1832 2206 est
1875 2167 1970 2222 per

473 2243 836 2298 heatitudiues
867 2259 1005 2312 quas
1039 2243 1352 2296 audierunt.
1391 2243 1653 2297 Similiter
1675 2251 1728 2298 et
1757 2255 1973 2312 aposto-

469 2337 646 2392 lorum
673 2346 913 2405 tcmpore
943 2337 1090 2404 prior
1129 2335 1516 2406 Hierosolyma:
1555 2338 1839 2404 captivitas
1869 2337 1974 2392 sub

475 2425 738 2488 Romanis
765 2429 980 2482 accidit.
1015 2427 1439 2480 Introducuutur
1474 2429 1658 2497 itaque
1697 2429 1798 2497 ipsi
1845 2430 1974 2484 reli-

467 2520 606 2589 giosi
639 2520 764 2583 viri,
793 2519 1000 2574 scilicet
1040 2520 1413 2588 apostolorum
1478 2521 1701 2582 chorus,
1741 2522 1834 2589 qui
1875 2535 1973 2590 per

479 2621 796 2680 praesentem
818 2613 1082 2680 psalmum
1106 2613 1404 2668 orationem
1425 2621 1474 2666 et
1491 2615 1785 2679 gratiarum
1806 2613 1974 2666 actio-

475 2717 730 2772 nem-pro
753 2703 944 2770 seipsis
963 2701 1070 2756 Deo
1103 2701 1358 2765 oﬂ‘crunt,
1385 2704 1530 2770 quod
1569 2718 1627 2754 se
1657 2717 1972 2771 oppressos,

477 2811 657 2848 cuma
693 2795 1134 2864 persecutoribus
1180 2795 1250 2848 ob
1295 2793 1661 2862 evangelieam
1712 2793 1976 2862 praedica-

479 2887 703 2950 tionem,
737 2895 846 2938 tum
882 2902 908 2938 a
935 2885 1310 2954 spiritualibus
1333 2877 1744 2938 insidiatoribus
1770 2883 1975 2936 dmino--

391 3021 394 3023 λ
477 2979 664 3041 nibus,
691 2976 964 3030 liberarii.
995 2975 1328 3045 lusuperque
1359 2975 1682 3044 promittunt
1717 2989 1774 3028 se
1809 2976 1976 3028 sacri-

475 3070 594 3123 ﬁcia
623 3070 800 3124 laudis
828 3070 1004 3124 solum
1030 3069 1330 3133 oblaturos,
1367 3068 1525 3137 legali
1557 3067 1804 3122 videlicet
1825 3069 1972 3123 cultu
1998 3090 2046 3151 ο

481 3163 756 3216 liberatos.

2055 516 2161 568 τῶν
2187 514 2599 586 προειρημένων
2639 511 2987 582 δικαιοσύνης
3017 513 3336 584 ἐστέρημαι,
3371 513 3466 566 καὶ
3495 530 3638 568 πτω-

2057 605 2148 676 χίᾳ
2183 606 2376 670 συζῶν,
2423 605 2524 674 τῆς
2571 603 2916 674 δικαιοσύνης
2947 605 3046 657 οὐκ
3100 603 3207 673 ἔχω
3259 604 3348 657 τὸν
3379 604 3632 659 πλοῦτον·

2057 695 2135 748 διὸ
2157 698 2254 766 τῆς
2285 699 2382 767 σῆς
2413 697 2732 768 ἐπικουρίας
2763 696 2989 749 ἱκετεύω
3026 699 3227 766 τυχεῖν.
3258 699 3488 763 Βοηθός
3513 715 3638 766 μου

2059 788 2156 840 καὶ
2171 789 2406 855 ptiath
2425 806 2542 856 μου
2569 785 2628 841 εἷ
2675 787 2777 850 σὺ,
2811 791 3005 857 Κύριε,
3043 787 3128 856 μὴ
3176 790 3490 856 χρονίσῃς.
3524 789 3640 858 Τῆς

2061 881 2158 950 σῆς
2187 881 2295 951 γὰρ
2327 881 2666 951 προμηθείας
2699 881 2992 953 τετύχηκα.
3046 882 3378 936 Ἐπὰκουσον
3428 883 3514 935 ὅτι
3545 883 3644 936 τά-

2059 991 2238 1044 χιστα,
2273 974 2365 1027 καὶ
2402 973 2476 1045 μὴ
2507 974 2748 1048 ἀναϐάλῃ
2769 973 2865 1045 τὴν
2917 973 3150 1044 αἴτησιν.

2067 1144 2151 1208 Τῷ
2177 1144 2358 1198 Διιυῒδ
2390 1147 2718 1210 ΨΑΛΜΟΣ,
2739 1147 2828 1211 εἷς
2869 1144 2935 1198 τὸ
2963 1143 3158 1211 τέλος,
3195 1144 3314 1198 τῶν
3349 1143 3497 1198 vltor
3529 1145 3646 1199 Ἰω-

2135 1235 2344 1299 ναδὰϐ,
2409 1235 2508 1288 καὶ
2563 1235 2682 1288 τῶν
2733 1236 2976 1302 πρώτων
3025 1235 3646 1304 αἰχμαλωτισθέντων.

2146 1327 2571 1396 Ἀνεπίπραφος
2617 1326 2754 1392 παρ’
2801 1326 3104 1392 Ἑϐραίοις.
3141 1329 3220 1379 0’.

2705 1418 3032 1482 Ύπόθεσις.

2063 1511 2126 1564 Oi
2154 1512 2260 1563 υἱοὶ
2289 1511 2383 1564 τοῦ
2429 1510 2684 1564 ’ῐωναδὶϐ
2715 1511 3002 1578 γεγόνασιν
3050 1511 3238 1582 ἄνδρες
3284 1511 3536 1574 εὐλαϐεῖς
3587 1529 3654 1564 τε

2135 1605 2229 1656 καὶ
2253 1603 2469 1668 δίκαιοι,
2498 1603 2593 1655 καὶ
2622 1603 2730 1655 τῶν
2762 1601 2858 1655 τοῦ
2905 1604 3110 1674 πατρὸς
3157 1603 3384 1656 ἐντολῶν
3410 1603 3654 1672 φύλακες

2143 1697 2408 1767 ἀκριϐεῖς,
2436 1697 2530 1748 καὶ
2560 1695 2699 1748 οὓτω
2726 1695 2996 1758 θεοσεϐεῖς
3039 1696 3132 1748 καὶ
3161 1695 3220 1748 τὸ
3245 1691 3374 1766 ἦθος
3397 1695 3652 1766 χρηστοὶ,

2137 1788 2212 1851 ὡς
2233 1787 2327 1840 καὶ
2356 1787 2605 1858 μάρτυρα
2626 1787 2723 1858 τῆς
2767 1787 2944 1838 αὐτῶν
2985 1787 3185 1859 ἀρετῆς
3231 1787 3483 1856 γενέσθαι
3517 1785 3656 1838 Θεὸν

2137 1879 2214 1950 τῷ
2235 1881 2488 1952 προφήτῃ
2521 1879 2902 1950 διαλεγόμενον
2953 1879 3209 1950 Ἱερεμίᾳ.
3275 1878 3398 1931 Ἐπὶ
3445 1878 3656 1933 τούτων

2137 1973 2316 2026 δὲκαὶ
2347 1975 2378 2043 ή
2409 1971 2599 2042 πρώτη
2652 1973 2750 2041 τῆς
2811 1971 3164 2041 Ἰερουσαλὴμ
3219 1969 3325 2023 ὑπὸ
3367 1969 3657 2022 Χαλδαίων

2139 2065 2485 2134 αἱχμαλωσία
2517 2063 2828 2134 γεγένηται.
2865 2065 3049 2134 Σχοῖεν
3105 2063 3150 2114 δ’
3195 2061 3259 2116 ἂν
3299 2057 3442 2116 οὗτοι
3485 2063 3656 2134 πρόσ-

2137 2173 2286 2210 ωπον
2312 2155 2404 2208 τοῦ
2458 2151 2814 2207 ἀποστολικοῦ
2842 2153 3026 2226 χοροῦ,
3055 2151 3147 2207 τοῦ
3176 2153 3269 2207 καὶ
3310 2153 3514 2224 σφόδρα
3553 2153 3656 2216 τὰς

2139 2247 2233 2301 τοῦ
2267 2247 2588 2317 ἐπουρανίου
2629 2243 2842 2316 Πατρός
2883 2245 3217 2314 φυλάξαντος
3265 2245 3504 2308 ἐντολὰς,
3559 2245 3658 2298 καὶ

2137 2340 2265 2401 τοὺς
2295 2339 2548 2402 ἐπαίνους
2582 2337 2863 2408 εἰληφότος
2889 2337 2976 2389 διὰ
3032 2337 3138 2388 τῶν
3169 2339 3304 2407 πρὸς
3347 2339 3542 2400 αὐτοὺς
3575 2339 3658 2390 ει-

2145 2449 2210 2504 ρη
2223 2431 2394 2501 μένων
2427 2429 2807 2500 μακαρισμῶν.
2871 2427 3102 2498 Ὁμοίως
3130 2428 3258 2496 γοῦν
3284 2429 3378 2481 καὶ
3412 2430 3505 2480 ἐπὶ
3533 2429 3658 2481 τού-

2139 2541 2250 2576 των
2283 2521 2390 2574 τῶν
2415 2521 2746 2582 ἀποστόλων,
2791 2521 2953 2590 φημὶ,
3007 2521 3040 2590 ἡ
3099 2519 3286 2590 πρώτη
3317 2521 3417 2591 τῆς
3455 2521 3658 2592 Ἰερου-

2145 2616 2326 2686 σαλὴμ
2363 2613 2707 2683 αἰχμαλωσία
2763 2612 2866 2664 ὑπὸ
2917 2613 3200 2682 Ῥωμαίων
3243 2613 3476 2680 ἐγένετο.
3529 2613 3656 2665 Εἰσ-

2143 2709 2365 2775 άγονται
2397 2701 2486 2757 οὗν
2515 2699 2656 2757 οὗτοι
2679 2705 2726 2755 οἱ
2757 2701 3039 2770 θεοφιλεῖς,
3062 2703 3336 2754 τουτέστιν
3363 2705 3391 2756 ό
3423 2703 3656 2756 ἀποστο-

2145 2797 2292 2860 λικδς
2323 2796 2502 2866 χορὸς,
2567 2795 2654 2848 διὰ
2685 2792 2780 2846 τοῦ
2816 2793 3179 2864 προκειμένου
3241 2793 3457 2864 ψαλμοῦ
3488 2795 3658 2864 εὐχήν

2145 2908 2204 2942 τε
2241 2889 2334 2942 καὶ
2365 2887 2712 2959 εὐχαριστίαν
2747 2886 2886 2956 ὑπὲρ
2933 2886 3140 2939 ἑαυτῶν
3167 2885 3530 2958 ἀναφέροντες
3563 2884 3659 2957 ’τῷ

2141 2979 2279 3050 Θεῷ,
2330 2981 2412 3048 ἐφ’
2446 2973 2526 3040 οἷς
2553 2977 2901 3046 θλιϐομένους
2929 2977 3124 3040 αὐτοὺς
3171 2977 3279 3030 ἀπό
3306 2995 3366 3029 τε
3399 2977 3508 3030 τῶν
3541 2977 3648 3030 διω

2151 3073 2356 3124 κόντων
2397 3069 2484 3123 διὰ
2523 3069 2615 3122 τοῦ
2637 3068 2987 3136 εὐαγγελικοῦ
3030 3068 3404 3138 κηρύγματος,
3439 3068 3544 3122 ἀπό
3597 3084 3660 3121 τε

2149 3163 2257 3217 τῶν
2285 3161 2489 3232 νοητῶν
2521 3159 2820 3216 ὲπιόούλων
2849 3161 2948 3229 τῆς
2973 3160 3151 3213 αὐτῶν
3189 3160 3367 3230 ψυχῆς
3389 3159 3661 3231 δαιμόνων

475 3253 752 3308 διέσωσεν·
802 3253 881 3306 ἔτι
917 3270 978 3305 τε
1007 3252 1421 3324 ὑπισχνούμενοι
1463 3253 1629 3324 μόνας
1665 3253 1763 3316 τὰς
1788 3253 1855 3307 δι’
1893 3257 2150 3322 αἰνέσεως
2183 3255 2526 3326 ἀναπέμπειν
2568 3253 2789 3318 θυσίας,
2839 3252 3245 3323 ἀπηλλαγμένοι
3283 3252 3524 3322 δηλονότι
3557 3253 3659 3322 τῆς

479 3344 620 3397 κατὰ
651 3344 812 3414 νόμον
842 3344 1115 3414 λατρείας.

477 3439 532 3494 2.
571 3438 638 3492 In
661 3449 727 3503 te,
763 3439 1004 3504 Domine,
1024 3439 1247 3506 sperari,
1275 3455 1376 3492 non
1405 3437 1704 3507 confundar
1736 3441 1788 3492 in
1817 3449 1974 3495 aeter—

409 3547 556 3585 num.
593 3529 866 3599 lugentem
919 3529 1168 3583 ﬁduciam
1219 3531 1456 3593 exhibet,
1495 3546 1686 3598 nempe
1718 3545 1866 3600 spem
1920 3533 1975 3584 in

413 3624 604 3677 Deum.
634 3621 701 3676 In
723 3621 942 3692 justitia
973 3633 1064 3674 tua
1099 3619 1266 3675 libera
1299 3637 1399 3675 me.
1429 3619 1646 3676 Justitia
1681 3619 1862 3676 Patris
1897 3631 1978 3676 est

411 3713 604 3780 Filius,
631 3728 728 3781 per
763 3729 923 3781 quem
960 3713 1172 3767 liberati
1206 3727 1397 3768 sumus
1425 3728 1457 3768 a
1495 3723 1744 3790 peccato,
1779 3729 1889 3783 quo
1923 3713 1974 3766 in

411 3807 759 3875 corruptione
781 3805 1182 3860 detinebamur.

477 3983 534 4039 3.
583 3981 711 4038 Esto
736 3984 864 4036 mihi
909 3983 964 4035 in
1003 3981 1164 4036 Deum
1205 3989 1567 4052 protectorem.
1603 3980 1816 4036 Gnarus
1851 3997 1980 4052 apo—

411 4075 638 4130 stolicus
665 4075 866 4128 chorus
893 4073 1195 4143 pollicitum
1230 4089 1350 4128 esse
1376 4073 1566 4136 Deum,
1599 4073 1740 4141 quod
1771 4075 1885 4141 ipse
1923 4073 1978 4130 in

412 4181 629 4220 murum
663 4161 805 4234 ignis
835 4164 888 4216 in
914 4164 1144 4217 circuitu
1179 4161 1394 4216 futurus
1423 4163 1494 4215 sit
1526 4163 1592 4216 iis
1625 4162 1716 4230 qui
1743 4162 1982 4215 credide-

411 4257 592 4312 rintin
623 4258 826 4326 ipsum,
855 4263 1012 4325 rogat
1049 4269 1166 4308 eam
1193 4253 1618 4322 promissionem
1671 4267 1728 4304 re
1770 4251 1882 4324 jam
1924 4251 1978 4306 in

413 4363 473 4402 se
501 4347 781 4416 compleri.
818 4345 1080 4410 Quoniam
1113 4345 1508 4413 ﬁrmamentum
1549 4358 1719 4394 meum
1759 4351 1806 4394 et
1834 4341 1979 4410 refu-

411 4437 555 4506 gium
581 4453 747 4490 meum
777 4452 830 4490 es
858 4447 934 4489 tu.
967 4435 1084 4504 Ipse
1112 4449 1345 4502 namque
1363 4442 1444 4486 est
1471 4441 1620 4500 petra
1639 4447 1799 4502 supra
1818 4447 1980 4500 quam

413 4527 663 4582 aediﬁcati
694 4528 1107 4582 fundamentum
1145 4526 1407 4580 habemus
1433 4543 1445 4590 ;
1476 4533 1530 4577 et
1550 4524 1664 4592 ipse
1695 4539 1884 4578 murus
1899 4529 1982 4577 est

415 4621 510 4690 qui
544 4621 786 4674 continet
815 4635 936 4682 nos,
978 4628 1038 4673 ut
1071 4618 1292 4670 nihilex
1323 4617 1544 4670 incursu
1593 4614 1858 4667 malorum
1887 4615 1980 4666 lte-

2161 3437 2288 3491 Ἑπὶ
2329 3437 2448 3500 σοὶ,
2485 3437 2681 3503 Κύριε,
2723 3433 2977 3502 ἤλπισα,
3017 3433 3103 3503 μὴ
3149 3436 3662 3504 καταισχυνθείηγ

2077 3535 2163 3598 εὶς
2195 3532 2299 3584 τὸν
2323 3528 2526 3582 αἰῶνα.
2571 3529 2729 3595 Μέγα
2754 3527 2955 3598 θάρσος
2978 3527 3078 3596 τῆς
3101 3527 3476 3596 πεποιθήσεως
3511 3528 3662 3598 αὐτῷ

2080 3621 2462 3693 προϐάλλεται,
2493 3619 2589 3690 τὴν
2614 3620 2705 3671 ἐπὶ
2748 3618 2825 3688 τῷ
2863 3617 2981 3687 Θεῷ
3035 3618 3242 3672 ἐλπίδα.
3299 3620 3400 3672 Ἔν
3443 3618 3518 3688 τῇ
3577 3619 3658 3672 δι-

2080 3713 2374 3780 καιοσὺνῃ
2401 3727 2517 3765 σου
2543 3711 2732 3778 ῥῦσαί
2749 3728 2845 3779 με.
2905 3709 3222 3780 Δικαιοσύνη
3253 3711 3348 3763 τοῦ
3391 3711 3606 3780 Πατρδς
3635 3713 3665 3764 ό

2080 3807 2228 3870 Υἱὸς,
2261 3806 2325 3858 δι’
2364 3797 2424 3858 οὗ
2453 3803 2793 3877 ὲρῤύσθημεν
2823 3804 2920 3874 τῆς
2947 3802 3283 3874 κατεχούσης
3304 3803 3454 3874 ἡμᾶς
3483 3803 3664 3874 ἀμαρ-

2079 3897 2198 3961 τίας
2255 3900 2334 3960 εἰς
2379 3897 2601 3969 φθοράν.

2151 3989 2341 4056 Γενοῦ
2399 4003 2501 4055 μοι
2553 3988 2640 4050 εἰς
2683 3983 2830 4038 Θεὸν
2885 3980 3367 4051 ὑπερασπιστήν.
3415 3981 3590 4046 Εἰδὼς
3639 3984 3668 4035 ό

2083 4077 2438 4140 ἀποστολικὺς
2465 4075 2644 4146 χορὸς,
2692 4074 2766 4138 ὡς
2806 4074 2967 4137 αὐτὸς
3031 4073 3368 4144 ἐπήγγελται
3421 4077 3536 4136 τοῖς
3589 4077 3668 4138 εἰς

2083 4172 2244 4227 αὐτὸν
2275 4167 2622 4222 πιστεύουσιν
2671 4166 2888 4219 ἔσεσθαι
2937 4168 3116 4235 τεῖχος
3173 4165 3344 4235 πυρὸς
3379 4165 3668 4230 κυκλόθεν,

2082 4265 2178 4334 τὴν
2210 4261 2459 4323 τοιαύτην
2487 4259 2778 4328 ὑπόσχεσιν
2812 4257 2957 4328 ἔργῳ
2991 4258 3071 4320 εἰς
3101 4256 3290 4310 ἑαυτὸν
3323 4255 3670 4326 πληροῦσθαι

2085 4352 2412 4424 παρακαλεῖ.
2477 4346 2935 4415 ’Ὀτιστερέωμά
3007 4364 3126 4416 μου
3191 4346 3290 4399 καὶ
3351 4345 3670 4416 καταφυγή

2080 4461 2196 4512 μου
2234 4439 2292 4496 εἷ
2321 4441 2420 4494 σύ.
2470 4439 2641 4502 Αὐτὸς
2671 4440 2778 4508 γάρ
2813 4439 2958 4490 ἐστιν
2987 4440 3018 4508 ἡ
3059 4438 3252 4508 πέτρα,
3299 4437 3384 4505 ἐφ’
3411 4437 3479 4507 ἢν
3508 4439 3560 4489 οἱ
3589 4439 3672 4490 ot-

2087 4534 2474 4605 κοδομηθέντες
2503 4533 2592 4585 τὸν
2617 4531 2864 4600 θεμέλιον
2896 4530 3111 4600 ἔχομεν·
3151 4531 3246 4582 καὶ
3279 4528 3442 4592 αὐτὸς
3465 4529 3528 4580 τὸ
3557 4531 3672 4580 τεῖ-

2085 4645 2178 4698 χος
2205 4627 2264 4680 τὸ
2295 4624 2512 4695 συνέ-χον
2547 4625 2712 4694 ἡμᾶς,
2747 4622 2882 4692 πρὸς
2928 4621 2988 4674 τὸ
3020 4620 3187 4692 μηδὲν
3217 4619 3408 4672 παθεῖν
3461 4618 3522 4684 ἐξ
3553 4622 3674 4672 ἐπι-

414 4714 632 4768 damur.
681 4711 874 4765 Libera
921 4727 1026 4774 me,
1075 4711 1274 4779 inquit,
1323 4708 1388 4760 ab
1419 4708 1484 4761 iis
1531 4705 1845 4758 hominibus
1887 4703 1980 4776 qui

2108 4720 2290 4792 ἐρομῆς
2343 4716 2550 4772 κακῶν.
2599 4712 2930 4778 Ἀπάλλαξόν
2989 4731 3077 4783 με,
3142 4713 3296 4783 φησι,
3319 4711 3528 4764 τούτων
3560 4713 3674 4765 τῶν

417 4805 706 4874 imperium
747 4803 1013 4866 obtinent,
1050 4813 1104 4856 et
1149 4817 1248 4856 ceu
1295 4816 1460 4854 manu
1507 4797 1744 4867 quadam
1779 4811 1880 4849 nos
1925 4795 1980 4848 in

417 4898 735 4953 servitutem
777 4903 962 4964 agunt,
989 4895 1123 4950 viris
1159 4893 1366 4950 scilicet
1401 4899 1752 4962 peccatorum
1779 4887 1979 4957 plenis,

418 4989 644 5058 iniquis,
673 4987 912 5054 injuslis.

487 5079 542 5133 4.
589 5077 728 5132 Deus
764 5093 928 5140 meus,
959 5075 1099 5143 eripe
1125 5089 1202 5125 me
1231 5071 1292 5124 de
1320 5089 1480 5125 manu
1504 5069 1814 5142 peccatoris,
1845 5075 1894 5122 et
1920 5067 1982 5121 de

417 5189 580 5226 manu
613 5180 798 5223 contra
832 5167 996 5232 legem
1027 5165 1226 5235 agentis
1249 5174 1298 5218 et
1327 5165 1515 5234 iniqui.
1547 5161 1856 5218 Peccatoris
1890 5175 1984 5213 no-

413 5264 566 5317 mine
605 5261 824 5315 Judznos
857 5257 1122 5326 Intelligit,
1169 5256 1270 5324 ipsi
1323 5255 1465 5308 enim
1513 5261 1661 5307 erant
1705 5261 1758 5307 et
1792 5257 1982 5305 contra

418 5353 591 5424 legem
641 5362 858 5423 agentes
909 5359 964 5406 et
1015 5349 1221 5418 iniqui:
1266 5361 1455 5403 contra
1509 5349 1680 5419 legem
1741 5353 1980 5416 agentes,

420 5447 549 5514 quia
576 5445 826 5499 innoxios
856 5441 1189 5498 damnabant
1222 5459 1236 5504 ;
1271 5439 1446 5510 iniqui
1478 5447 1682 5501 autem,
1715 5438 1844 5506 quia
1871 5432 1987 5486 nul-

423 5539 528 5592 lam
569 5535 832 5590 haberent
869 5534 1133 5588 adversus
1177 5533 1301 5590 illos
1340 5529 1984 5602 ratiouiconsentaneam

423 5629 786 5686 occasionem.

497 5743 540 5774 ‘°
573 5739 683 5796 Jer.
710 5755 872 5806 xxxv,
904 5737 1064 5794 5-l9‘

2087 4811 2448 4884 κρατούντων,
2478 4809 2572 4862 καὶ
2619 4808 2722 4860 ὑπὸ
2773 4805 2870 4877 τὴν
2893 4805 3134 4858 δουλείαν
3163 4804 3349 4876 ῶσπερ
3392 4805 3673 4876 χειρίετινι

2087 4905 2326 4972 ἀγόντων
2381 4899 2608 4972 ἀνδρῶν,
2633 4898 2908 4970 ἁμαρτίας
2949 4895 3422 4966 πεπληρωμένων,
3449 4895 3672 4967 ἀνόμων

2086 5012 2146 5046 τε
2179 4995 2270 5046 καὶ
2289 4992 2505 5044 ἀδίκων.

2171 5083 2231 5135 '0
2267 5083 2407 5148 Θεός
2444 5099 2583 5151 μου,
2613 5079 2802 5147 ῥῦσαί
2827 5095 2905 5147 με
2933 5077 3002 5130 ἑκ
3035 5075 3229 5146 χειρὸς
3293 5075 3670 5145 ἀμῳτωλοῦ,

2087 5176 2185 5228 καὶ
2241 5176 2308 5229 ἐκ
2359 5173 2555 5244 χειρὸς
2607 5171 3094 5242 παρανομοῦντος
3143 5169 3242 5224 καί
3295 5168 3668 5233 ἀδικοῦντος.

2089 5265 2191 5319 Τοῦ
2231 5263 2580 5336 ἁμαρτωλοῦ,
2641 5262 2748 5316 τῶν
2791 5261 3066 5316 Ἰουδαίων,
3105 5273 3292 5330 φησιντ
3352 5258 3534 5320 αὐτὸς·
3559 5258 3671 5330 γὰρ

2086 5355 2154 5430 ἦν
2174 5361 2206 5412 ὁ
2224 5359 2316 5411 καὶ
2345 5357 2658 5430 παράνομος
2687 5355 2781 5408 καὶ
2825 5354 3026 5416 ἄδικος·
3079 5351 3396 5422 παράνομος
3437 5349 3558 5420 μὲν,
3587 5351 3672 5404 ὅτι

2086 5451 2214 5511 τοὺς
2238 5447 2446 5510 ἀθώους
2481 5446 2820 5516 κατέκρινεν·
2847 5443 3029 5505 ἄδικος
3061 5441 3137 5508 δὲ,
3179 5440 3262 5494 ὅτι
3300 5438 3672 5510 ούδεμίοιν,είς

2094 5540 2289 5602 αὐτοὺς
2316 5533 2457 5610 εἶχεν
2483 5537 2701 5604 εὔλογον
2734 5534 3040 5614 πρόφασιν..
