3872 6216
154 361 251 412 517

1219 360 1584 417 EXPOSITIO
1613 359 1680 414 IN
1715 356 2052 419 PSALMUM
2091 363 2252 419 LXX.

3282 360 3387 416 518

222 478 340 532 ὀτι
359 476 441 532 σὺ
465 473 525 532 εἴ
543 477 582 545 ἡ
608 479 880 547 ὑπομονὴ
899 497 1041 549 μου,
1085 481 1280 548 Κύριε,
1309 481 1505 548 Κύριε,
1537 482 1574 548 ἡ
1605 480 1706 532 ἐλ-

1885 481 1936 533 5.
1972 481 2236 546 Quoniam
2255 492 2310 536 tu
2334 500 2388 537 es
2413 483 2674 549 patientia
2703 497 2837 546 mea,
2871 479 3109 543 Domine,
3147 477 3386 532 Domine.

155 571 245 634 τίς
269 585 383 638 μου
427 568 498 621 ἐκ
549 569 828 636 νεότητός
889 587 1029 638 μου.
1071 569 1260 623 Ῥῦσαί
1305 588 1393 640 με,
1436 571 1619 640 φησὶν,
1651 568 1710 635 ἐξ

155 656 303 711 αὑτοῦ
336 655 426 710 τοῦ
458 659 769 728 παρανόμου
802 657 955 720 λαοῦ,
990 659 1121 712 διότι
1167 661 1261 712 καὶ
1292 660 1378 712 διὰ
1404 661 1462 712 σὲ
1494 661 1566 712 τὰ
1595 676 1709 711 τοι-

155 751 279 803 αῦτα
301 750 552 818 ὑπομένω
574 751 666 802 καὶ
685 749 772 801 διὰ
797 749 894 820 τὴν
922 752 1002 812 είς
1033 751 1091 803 σὲ
1121 751 1330 808 ἐλπίδα.
1351 753 1417 821 ἢν
1443 751 1711 821 ἐδεξάμην

155 842 212 895 ὲκ
235 842 325 912 τῆς
349 841 567 913 πρώτης
595 842 689 894 καὶ
722 841 779 907 ἐξ
803 841 976 912 ἀρχῆς
1006 859 1108 910 μου
1147 842 1232 895 διὰ
1257 843 1350 895 σοῦ
1386 845 1707 911 γεννήσεως,

158 933 281 986 κατὰ
331 934 390 985 τὸ
437 933 744 1004 εἰρημένον·
782 933 958 985 ’Ὅσοι
990 933 1212 986 ἔλαϐον
1252 933 1458 997 αὑτὸν,
1490 932 1713 986 ἔδωκεν

156 1022 339 1088 αὐτοῖς
367 1023 656 1086 ἐξουσίαν
687 1023 868 1076 τέκνα
917 1023 1065 1076 Θεοῦ
1095 1023 1390 1092 γενέσθαι.

229 1113 348 1167 Ἐπί
385 1113 459 1165 σὲ
506 1113 951 1180 ἑπεστηρίχθ-ην
1001 1113 1118 1166 ἀπὸ
1167 1115 1444 1180 γαστρός.
1495 1113 1711 1166 Δείκνυ-

159 1223 251 1268 σιν,
275 1207 343 1268 ὠς
374 1207 402 1257 ό
426 1205 660 1275 Χριστὸς
683 1204 748 1256 δι’
779 1205 837 1256 ὃν
866 1205 933 1257 τὰ
973 1204 1198 1257 τοιαῦτα
1231 1206 1519 1275 ὑπέμενον,
1551 1208 1712 1270 αὑτός

158 1295 288 1345 ἐστιν
316 1293 342 1342 ὁ
375 1291 466 1343 καὶ
509 1291 590 1342 ἐτι
633 1291 930 1360 κυομένους
962 1292 1158 1354 αὐτοὺς
1191 1294 1248 1345 ἐν
1279 1296 1476 1364 γαστρὶ
1501 1299 1564 1366 τῇ
1617 1295 1712 1365 δη-

161 1384 426 1452 μιουργικῇ
475 1380 670 1434 ἑαυτοῦ
710 1381 934 1452 προνοίᾳ.
972 1381 1252 1450 ἐξαγαγὼν
1305 1387 1384 1448 εἰς
1428 1385 1562 1454 φῶς.
1617 1388 1712 1439 Ἐκ

159 1475 366 1538 κοιλίας
390 1476 614 1542 μητρός
640 1491 758 1541 μου
790 1475 869 1527 σύ
893 1491 1012 1542 μου
1034 1471 1091 1528 εἴ
1116 1475 1490 1546 σκεπαστής.
1535 1479 1714 1530 Ἐπει-

158 1565 233 1636 δὴ,
257 1566 397 1636 φησὶ,
454 1566 518 1618 σὺ
569 1565 730 1628 αὑτὸς
783 1567 811 1618 ὁ
839 1565 1061 1636 Κύριος,
1098 1567 1192 1620 καὶ
1221 1569 1278 1620 ὲν
1310 1572 1374 1639 τῇ
1413 1569 1588 1640 κοιλίᾳ
1613 1569 1712 1639 τῆς

163 1658 344 1728 μητρὸς
370 1676 468 1728 μου
495 1658 578 1711 ἔτι
633 1659 764 1710 ὄντα
799 1657 1031 1722 ἕσκεπες
1071 1663 1136 1730 τῇ
1184 1659 1304 1732 θείᾳ
1337 1679 1430 1714 σου
1465 1662 1710 1732 δυνάμει,

160 1751 240 1804 καὶ
269 1751 472 1822 ἐρρύσω
497 1755 562 1806 ὲκ
585 1752 680 1805 τοῦ
713 1751 1155 1824 παρανομοῦντος
1211 1751 1360 1806 λαοῦ·
1399 1752 1585 1807 τούτου
1617 1755 1713 1824 χά-

1817 587 1930 637 spcs
1962 589 2074 624 mea
2101 590 2132 626 a
2164 574 2434 641 juventute
2464 590 2599 626 mea.
2630 571 2822 625 Libera
2865 585 2970 635 me,
3008 569 3203 637 inquit,
3235 585 3264 621 a
3287 582 3388 636 po-

1816 662 1943 730 pulo
1990 663 2096 716 isto
2151 663 2282 733 legis
2325 673 2752 731 transgressore,
2796 659 2922 728 quia
2974 669 3194 726 propter
3215 665 3288 721 te,
3337 664 3390 708 et

1817 761 2036 820 propter
2061 767 2211 820 spem
2249 768 2411 821 quam
2453 753 2506 804 in
2551 760 2601 803 te
2637 750 2800 804 habui
2828 750 2896 802 ab
2926 749 3102 810 initio,
3131 756 3183 800 et
3215 761 3244 798 a
3270 759 3389 798 mea

1818 858 1913 911 per
1945 854 1996 895 te
2019 841 2504 910 generatione,'illa
2537 841 2803 900 sustineo,
2829 839 2980 906 juxta
3018 837 3185 890 illud:
3219 833 3388 899 Quot-

1816 943 1941 1005 quot
1973 941 2271 1002 receperunt
2313 949 2428 985 eum
2469 933 2613 984 dedit
2653 933 2726 984 eis
2767 940 3078 999 potestatem
3119 927 3260 997 ﬁlios
3294 924 3388 980 Dei

1818 1025 1932 1092 fieri
1965 1024 2027 1076 θ’.

1888 1106 1943 1166 6.
1998 1111 2063 1164 In
2093 1120 2139 1164 te
2165 1111 2510 1179 conﬁrmatus
2535 1127 2648 1163 sum
2679 1125 2744 1164 ea:
2766 1117 2930 1162 utero.
2957 1107 3203 1161 Declarat
3233 1105 3391 1159 Chn-

1819 1219 1962 1262 stum
1997 1217 2217 1277 propter
2239 1220 2398 1273 quem
2434 1205 2522 1256 illa
2548 1204 2911 1263 sustinebant,
2942 1203 3118 1270 ipsum
3145 1215 3265 1253 esse
3297 1197 3388 1267 qui

1819 1302 1997 1354 adhuc
2035 1314 2129 1352 eos
2155 1297 2206 1350 in
2240 1305 2395 1350 utero
2422 1305 2660 1363 gestatus
2687 1296 2885 1346 virtute
2916 1308 3012 1346 sua
3043 1291 3307 1345 ereatrice
3336 1289 3390 1340 in

1819 1392 1994 1445 lucem
2027 1390 2231 1443 eduxit.
2259 1388 2334 1440 De
2364 1399 2538 1440 ventre
2567 1387 2755 1438 matris
2789 1400 2916 1438 mea:
2951 1392 3004 1435 tu
3035 1400 3088 1435 es
3131 1391 3393 1450 protector

1820 1499 1982 1536 meus.
2033 1479 2504 1548 Quandoquidem,
2562 1479 2658 1543 ait,
2707 1487 2762 1531 tu
2822 1478 2937 1546 ipse
2987 1475 3247 1528 Dominus
3281 1487 3390 1536 tne,

1820 1575 1948 1629 dum
1977 1575 2154 1627 adhuc
2191 1575 2243 1624 in
2273 1579 2460 1626 ventre
2499 1571 2690 1624 matris
2719 1583 2918 1630 essem,
2946 1565 3269 1636 protegebas
3304 1561 3391 1614 di-

1819 1667 1944 1720 vina
1982 1674 2072 1718 tua
2092 1665 2312 1730 virtute,
2360 1674 2413 1717 et
2455 1661 2700 1716 liberasti
2748 1676 2834 1713 me
2864 1675 2928 1712 ex
2966 1657 3167 1728 populo
3203 1663 3393 1708 contra

1824 1759 1992 1828 legem
2020 1767 2250 1828 agente;
2279 1758 2398 1811 ideo
2423 1772 2547 1826 ego,
2587 1761 2774 1822 utpote
2807 1753 2900 1821 qui
2933 1762 3040 1804 tam
3088 1749 3395 1816 frequenter

164 1860 235 1912 ριν
257 1843 344 1896 καὶ
372 1843 530 1907 αὐτὸς
559 1842 691 1912 ἐγὼ.
713 1844 807 1898 ἆτε
831 1845 930 1915 τῆς
965 1842 1107 1898 οὕτω
1134 1843 1392 1915 συνεχοῦς
1417 1846 1718 1916 ᾐσθημένος

1833 1859 1913 1904 Lua
1973 1849 2238 1903 senserim
2287 1849 2568 1914 beneﬁcia,
2640 1861 2921 1916 nunquam
2969 1859 3122 1898 cesso
3163 1843 3394 1913 hymnos

160 1935 466 2005 εὐεργεσίας,
486 1937 550 1989 οὑ
596 1936 846 2009 παύομαι
882 1937 1009 2000 τοὺς
1042 1938 1124 1999 εἰς
1155 1936 1214 1989 σὲ
1239 1935 1441 2007 ὑμνους
1467 1939 1718 2010 ἁναπέμ·

162 2044 260 2080 πων
286 2026 560 2099 διηνεκῶς.

230 2119 324 2172 Ἐν
367 2121 461 2174 σοὶ
494 2123 533 2190 ἡ
586 2121 850 2190 ὕμνησίς
887 2137 1002 2188 μου
1052 2120 1393 2187 διαπαντός.
1438 2122 1504 2174 Σὲ
1535 2123 1722 2193 ὑμνῶν

161 2211 242 2264 καὶ
277 2211 505 2277 δοξάζων
535 2212 790 2277 διατελῶ,
819 2213 914 2266 καὶ
943 2213 1030 2266 διά
1058 2213 1156 2284 τῆς
1188 2213 1288 2283 σῆς
1317 2214 1572 2284 προνοίας
1600 2216 1724 2282 ἐγεο

161 2303 310 2374 νόμην
336 2323 398 2358 πε
407 2306 717 2373 ρίὸλεπτος.
736 2305 890 2359 Ὡσεὶ
920 2304 1095 2373 τέρας
1121 2306 1416 2375 ἐγενήθην
1434 2306 1558 2373 τοῖς
1577 2310 1722 2360 πολ-

159 2396 291 2463 λοῖς.
324 2398 492 2470 Τέρας
529 2399 633 2469 μὲν
661 2399 722 2452 τὸ
755 2397 1055 2470 παράδοξον
1085 2399 1181 2451 καὶ
1217 2399 1358 2469 μέγα
1387 2416 1440 2451 τι
1470 2399 1630 2468 φησίν
1650 2415 1662 2428 ι
1693 2397 1722 2451 ὃ

161 2491 207 2542 δὲ
238 2491 372 2559 λέγει
422 2491 668 2546 τοιοῦτόν
720 2494 898 2545 εστιν·
932 2493 995 2545 Εἰ
1024 2494 1118 2546 καὶ
1163 2493 1334 2564 ἤρθην
1378 2492 1534 2562 ὑψοῦ,
1567 2493 1718 2562 φησὶ,

162 2579 242 2632 καὶ
274 2581 436 2650 μέγας
456 2598 541 2644 τις
570 2582 665 2632 καὶ
688 2580 965 2653 ἐξαίρετος
989 2583 1046 2634 ἐν
1074 2583 1186 2644 τοῖς
1220 2581 1434 2645 πολλοῖς
1457 2581 1724 2652 τεθάρση-

165 2688 250 2740 μαι
300 2671 535 2726 ἔθνεσιν·
595 2671 708 2725 ἀλλ’
737 2673 837 2725 οὑκ
885 2673 1062 2745 οἰκείᾳ
1104 2672 1328 2744 δυνάμει
1379 2674 1440 2726 τὸ
1485 2672 1722 2726 τοιοῦτον

161 2763 300 2833 ἔσχον
329 2764 548 2833 ἀγαθόν.
590 2764 662 2816 Σὺ
692 2763 802 2836 γὰρ
829 2760 897 2834 ἦς
923 2765 1085 2827 αὑτὸς
1123 2767 1151 2818 ὁ
1185 2764 1472 2836 κράτιστόν
1518 2782 1586 2836 με
1628 2766 1722 2819 καί.

161 2857 382 2920 γενναῖον
409 2855 496 2908 διὰ
523 2855 628 2925 τῆς
658 2854 856 2909 σαυτοῦ
889 2854 1144 2927 βοηθείας
1176 2854 1366 2910 ποιῶν.

218 3031 580 3099 Πληρωθήτω
641 3032 706 3085 τὸ
769 3031 964 3101 στόμα
1012 3048 1132 3100 μου
1187 3030 1507 3096 αἰνέσεως,
1561 3029 1722 3095 ὅπως

162 3124 390 3194 ὑμνήσω
446 3127 564 3195 τὴν
633 3125 823 3188 δόξαν
871 3142 1011 3180 σου.
1053 3124 1269 3196 Ἐπειδὴ
1313 3124 1420 3176 τῶν
1466 3122 1720 3176 τοιούτων

164 3217 522 3290 ὑπαρχθεισῶν
555 3234 647 3288 μοι
667 3216 1019 3287 εὑερείεσιῶν,
1051 3214 1336 3285 ἄνθρωπος
1358 3214 1454 3280 ὢν,
1475 3215 1534 3267 οὑ
1562 3215 1721 3268 δύνα-

167 3327 251 3375 μαι
296 3310 391 3373 τάς
433 3309 595 3376 ἀξίας
626 3308 915 3362 ἀποδοῦναι
948 3307 1182 3378 ἀμοιϐάς
1203 3324 1215 3336 ·
1248 3305 1437 3360 τούτου
1471 3307 1627 3378 χάριν
1659 3310 1722 3360 ὲκ

162 3398 250 3468 τῆς
281 3401 373 3467 σῆς
403 3400 604 3469 σοφίας
645 3396 902 3461 αἰνέσεως
943 3415 1045 3468 μου
1076 3397 1138 3450 τὸ
1172 3399 1346 3468 στόμα
1373 3398 1723 3469 πληρωθῆναι

164 3490 307 3556 ἀξιῶ·
341 3491 480 3546 οὕτω
511 3491 627 3561 γάρ
667 3491 762 3544 καὶ
799 3490 950 3561 μόλις
994 3490 1095 3561 τὴν
1143 3491 1240 3562 σὴν
1284 3489 1440 3556 δόξαν
1484 3489 1724 3560 ὑμνῆσαι

165 3582 650 3654 δυνήσομαι.⁰’0.1ην
672 3581 788 3650 τὴν
815 3580 1046 3650 ἡμέραν
1073 3579 1190 3648 τὴν
1207 3580 1726 3650 μεγαλοπρέπειαν

165 3689 284 3728 σου.
300 3676 565 3740 Ἐπειδὰν,
607 3674 986 3745 πληρωθέντος
1029 3692 1131 3746 μου
1164 3673 1256 3726 τοῦ
1289 3672 1551 3744 στόματος
1585 3673 1727 3726 αἰνέ-

168 3782 305 3830 σεως,
335 3769 484 3838 φησὶ,
522 3768 627 3837 τὴν
656 3768 752 3838 σὴν
786 3765 944 3831 δόξαν
990 3765 1239 3838 ἄρξωμαι
1261 3766 1470 3834 ὑμνεῖν,
1503 3766 1726 3836 ὑμνήσω

168 3856 248 3908 καὶ
268 3856 350 3910 διὰ
378 3858 559 3928 πάσης
593 3855 809 3927 ἡμέρας
831 3856 930 3925 τὴν
960 3853 1439 3926 μεγαλοπρέπειαν
1476 3869 1588 3904 σου.
1632 3853 1728 3905 Δό-

171 3943 252 4006 ξαν
278 3945 330 3998 δὲ
361 3946 424 4017 ἥν
458 3948 552 4000 ἐπὶ
586 3947 690 4015 γῆς
722 3947 1016 4016 ἐποιήσατο
1039 3943 1352 4014 οἰκονομίαν
1382 3943 1536 4014 φησὶ,
1569 3943 1634 3996 δι’
1660 3938 1730 4014 ἧς

169 4036 432 4108 ἐπλήρωσε
456 4039 556 4108 τὴν
587 4038 693 4106 γῆν
716 4039 814 4108 τῆς
836 4037 994 4108 δόξης
1020 4035 1729 4106 αὑτοῦ.ζΜεγαλοπρέπειαν

169 4127 218 4180 δὲ
247 4129 336 4201 τὴν
367 4130 596 4204 θεότητα
628 4130 798 4199 λέγει,
832 4131 896 4184 δι’
927 4125 995 4200 ἧς
1027 4129 1203 4183 πάντα
1230 4130 1414 4182 ἐκεῖνα
1444 4127 1729 4198 άνομαλῶς

172 4224 460 4292 εἰργάσατο.

232 4298 614 4387 [Πνίηρωθήτω
647 4316 712 4370 τὸ
756 4316 951 4385 στόμα
987 4333 1106 4385 μου
1152 4315 1456 4380 αἰνέσεως.
1499 4313 1731 4366 Δυνατδν

177 4408 261 4475 μὲν
297 4403 580 4473 διαπαντὸς
607 4411 776 4462 αἰνεῖν
799 4409 890 4462 τὸν
925 4409 1077 4472 Θεὸν,
1121 4410 1215 4462 καὶ
1258 4408 1550 4470 διαπαντὸς
1583 4407 1733 4458 εὐλο-

1823 1942 1918 1997 tibi
1953 1941 2168 1996 olIerre.

1895 2121 1948 2174 7.
1990 2119 2055 2173 In
2084 2129 2132 2172 te
2161 2115 2400 2171 cantatio
2432 2127 2547 2166 mea
2574 2127 2793 2178 semper.
2833 2107 2890 2162 In
2933 2108 3152 2179 hymnis
3179 2117 3232 2160 et
3273 2107 3394 2160 lau—

1823 2214 1986 2268 dibus
2009 2212 2118 2266 tuis
2153 2207 2498 2280 proferendis
2543 2215 2850 2273 persevero,
2886 2210 2938 2254 et
2975 2214 3070 2268 per
3110 2199 3396 2268 providen-

1822 2308 1951 2362 tiam
1993 2315 2141 2360 tuam
2187 2301 2485 2373 prteclarus
2547 2295 2720 2350 evasi.
2781 2291 3054 2361 Tanquam
3096 2290 3396 2359 prodigium

1823 2401 1997 2469 factus
2037 2411 2153 2450 sum
2191 2393 2400 2446 multis.
2441 2389 2781 2457 Prodigium.
2815 2382 3311 2451 obstupescendum
3339 2392 3397 2434 et

1821 2505 2079 2558 magmnn
2135 2485 2339 2554 aliquid
2391 2480 2684 2552 signiﬁcat.
2732 2474 3059 2544 Hnjusmodi
3107 2485 3284 2526 autem
3313 2481 3397 2526 est

1821 2582 1966 2654 quod
2000 2581 2076 2634 ait
2105 2598 2118 2633 :
2151 2575 2376 2632 Etiamsi
2411 2576 2463 2628 in
2489 2573 2721 2628 sublime
2752 2570 2994 2623 elevatus
3022 2581 3165 2628 sum,
3198 2564 3395 2634 inquit,

1820 2685 1874 2729 et
1907 2687 2137 2743 magnus
2163 2669 2589 2740 praeclarusque,
2618 2663 2760 2732 apud
2799 2660 2998 2714 multas
3035 2667 3224 2730 gentes
3256 2657 3397 2710 ﬁdu-

1822 2770 1906 2825 cia
1937 2769 2131 2839 plenus
2159 2781 2280 2820 sum
2311 2783 2322 2817 :
2353 2765 2446 2818 sed
2485 2778 2591 2816 non
2639 2759 2858 2830 propria
2898 2771 3018 2812 mea
3051 2760 3251 2810 virtute
3278 2763 3398 2806 tan-

1822 2870 1936 2916 tum
1978 2860 2106 2913 boni
2153 2859 2379 2925 adeptus
2415 2871 2558 2909 sum.
2595 2853 2674 2907 Tu
2717 2853 2860 2904 enim
2892 2866 3016 2905 eras
3063 2849 3155 2918 qui
3192 2861 3276 2901 me
3301 2854 3398 2900 tuo

1822 2952 2026 3007 auxilio
2055 2959 2110 3006 et
2138 2949 2500 3004 fortissimum
2524 2955 2577 3000 et
2606 2959 2928 3016 generosum
2965 2940 3232 2995 clﬁciehas

1895 3043 1948 3096 8.
2003 3041 2284 3111 Repleatur
2332 3057 2388 3094 os
2437 3054 2610 3094 meum
2653 3037 2809 3090 laude
2849 3045 2905 3089 ut
2937 3045 3140 3087 cantem
3173 3031 3398 3102 gloriam

1825 3143 1991 3186 tuam.
2043 3132 2312 3198 Quoniam
2364 3129 2533 3184 tantis
2577 3126 2854 3181 beneﬁciis
2915 3123 3182 3186 allectus,
3231 3123 3396 3173 homo

1825 3241 1948 3280 cum
1973 3224 2099 3290 sim,
2140 3239 2247 3277 non
2291 3237 2512 3291 possum
2549 3220 2747 3290 dignas
2775 3217 3164 3272 retributiones
3205 3229 3400 3281 repen-

1823 3315 1949 3370 dere
1983 3332 1998 3381 ;
2045 3314 2164 3368 ideo
2189 3329 2255 3367 ex
2292 3321 2380 3366 tua
2418 3310 2687 3380 sapientia
2729 3322 2863 3377 rogo
2914 3321 2974 3360 os
3014 3319 3195 3358 meum
3243 3301 3400 3356 laude

1823 3405 2042 3474 repleri,
2065 3415 2225 3474 atque
2245 3405 2318 3456 ita
2344 3403 2432 3456 vix
2456 3410 2642 3470 potero
2668 3399 2894 3468 gloriam
2923 3396 3197 3450 celebrare
3227 3403 3395 3445 tuam.

1827 3500 1959 3554 Tota
1991 3501 2073 3552 die
2098 3497 2548 3567 magniﬁcentiam
2593 3505 2758 3548 tuam.
2790 3491 3108 3562 Postquam,
3143 3503 3237 3544 ore
3272 3503 3396 3542 meo

1825 3591 1985 3646 laude
2029 3592 2254 3661 repleto,
2304 3599 2454 3643 tuam
2509 3588 2786 3642 celebrare
2827 3585 3054 3655 gloriam
3103 3584 3396 3650 inetepero,

1827 3694 1937 3738 tota
1965 3684 2053 3737 die
2094 3681 2555 3751 magnilicentiam
2597 3692 2816 3747 quoque
2850 3685 2999 3728 tuam
3049 3673 3350 3728 decantaho
3385 3689 3396 3700 ο

1827 3778 2053 3847 gloriam
2079 3785 2260 3829 autem
2289 3783 2466 3836 vocat,
2498 3771 2856 3826 (economiam
2887 3784 3050 3838 quam
3079 3767 3326 3822 exhibuit
3346 3765 3398 3818 in

1829 3876 1992 3930 terra,
2040 3881 2146 3936 qua
2199 3873 2397 3918 terram
2445 3861 2614 3932 gloria
2644 3876 2740 3914 sua
2778 3859 3020 3928 replevit.
3059 3857 3402 3936 Magniﬁcen-

1828 3959 1959 4014 tiam
2001 3969 2183 4012 autem
2221 3966 2380 4011 vocat
2423 3956 2700 4018 deitatem,
2736 3967 2834 4022 per
2874 3965 3038 4021 quam
3083 3933 3267 4004 omnia
3309 3948 3400 4002 illa

1829 4051 1996 4105 variis
2025 4049 2202 4104 modis
2234 4048 2430 4103 eﬁ‘ecit.

1905 4307 2226 4383 [Replcatur
2275 4322 2333 4359 os
2385 4319 2558 4358 meum
2607 4299 2780 4355 laude.
2835 4298 3137 4354 Possumus
3183 4297 3400 4368 quidem

1833 4405 2057 4458 laudare
2090 4415 2304 4469 semper
2340 4396 2531 4458 Deum,
2570 4408 2786 4462 semper
2814 4391 3155 4457 benedicere,
3193 4404 3406 4457 semper

175 4501 292 4563 γεῖν,
322 4501 411 4552 καὶ
437 4499 732 4562 διαπαντὸς
763 4501 1058 4570 σωφρονεῖν
1079 4515 1092 4529 ο
1133 4498 1250 4561 πῶς
1281 4499 1336 4550 δὲ
1367 4497 1589 4550 δυνατὸν
1616 4497 1722 4549 δια-

1840 4503 2203 4564 temperanter
2236 4506 2334 4545 nos
2381 4505 2568 4560 gerere
2607 4507 2620 4542 :
2649 4497 2705 4541 at
2735 4485 2827 4556 qui
2859 4483 3114 4555 possibile
3145 4494 3228 4536 est
3263 4497 3406 4535 sem-

177 4589 355 4652 παντὸς
395 4589 674 4652 ἐλπίζειν;
721 4587 779 4640 Ὀ
822 4585 929 4658 γὰρ
977 4587 1212 4652 ἐλπίζων
1237 4586 1550 4650 διαπαντὸς,
1577 4585 1728 4638 οὐδέ-

177 4692 290 4730 ποτε
331 4682 586 4750 τυγχάνει
631 4676 724 4732 τοῦ
768 4678 1089 4749 πράγματος
1133 4678 1365 4741 ἐκείνου,
1410 4671 1470 4731 οὗ
1523 4677 1729 4741 ἐλπίζει

175 4773 357 4840 τυχεῖν.
383 4775 490 4827 Καὶ
535 4777 564 4828 ό
615 4774 712 4844 μὲν
740 4775 855 4843 ὲρεῖ
878 4771 959 4836 τὸ,
990 4771 1336 4838 διαπαντὸς,
1367 4773 1428 4824 οὑ
1459 4771 1598 4824 κατὰ
1633 4769 1728 4822 τοῦ

178 4861 390 4926 πλάτους
419 4865 526 4917 τῶν
560 4864 770 4918 αἰώνων
802 4862 1094 4924 τεθεῖσθαι,
1117 4862 1254 4915 ἀλλὰ
1287 4862 1426 4916 κατὰ
1454 4863 1554 4932 τῆς
1584 4861 1729 4931 ζωῆς

177 4951 263 5020 τῆς
289 4954 543 5025 αἰσθητῆς
567 4972 581 4986 ο
613 4955 799 5023 ἕτερος
831 4952 888 5006 δὲ
922 4953 1014 5006 καὶ
1040 4951 1182 5005 κατὰ
1222 4951 1313 5006 τοῦ
1361 4952 1593 5014 πλάτους
1621 4951 1730 5004 τῶν

178 5044 366 5100 αἰώνων
395 5049 456 5101 τὸ
491 5048 781 5109 διαπαντὸς
807 5045 1122 5116 ἐπιλήψεται,
1150 5047 1235 5098 ἵνα
1328 5047 1388 5098 τὸ
1418 5046 1589 5117 πέρας
1633 5045 1734 5115 τῆς

181 5134 370 5200 ἐλπίδος
399 5141 431 5208 ἠ
456 5139 654 5206 γνῶσις
679 5139 779 5208 τῆς
806 5137 968 5206 ἁγίας
995 5136 1276 5211 Τριάδος.]

240 5229 328 5298 Μὴ
353 5232 692 5301 ἀπορῤίψῃς
726 5249 803 5301 με
843 5235 930 5298 εἰς
963 5230 1170 5298 καιρὸν
1191 5229 1401 5300 γήρως.
1433 5229 1615 5300 Γῆρας
1648 5230 1734 5282 ἐν-

183 5319 335 5376 ταῦθα
355 5325 449 5395 τὴν
475 5325 755 5378 ἀσθένειάν
778 5342 931 5396 φησι.
961 5323 1124 5392 Λέγει
1147 5319 1259 5388 οὖν,
1281 5323 1361 5375 ὄτι
1385 5321 1474 5394 Μὴ
1498 5323 1729 5390 γένοιτο,

184 5402 222 5460 ὦ
244 5413 490 5479 Δέσποτα,
522 5417 711 5487 καιρὸς
732 5416 853 5470 καθ’
884 5415 943 5468 ὃν
970 5413 1202 5487 ἀσθενὴς
1234 5413 1309 5467 ὢν
1336 5414 1693 5485 ἐπιδειχθείην
1716 5416 1737 5486 ἰι

188 5499 398 5571 Εὖχεται
421 5502 513 5560 οὖν
546 5507 812 5578 μηδέποτε
839 5505 938 5575 τῆς
971 5507 1051 5568 εἰς
1079 5503 1312 5576 Χριστὸν
1334 5502 1542 5566 ἐλπίδος
1569 5502 1732 5554 ἐκπε-

190 5597 305 5646 σεῖν.
329 5597 492 5662 Αὐτὸς
528 5599 634 5671 γάρ
670 5600 818 5653 ἐστιν
854 5600 888 5670 ἡ
924 5599 1075 5669 ἰσχῦς
1108 5596 1396 5668 quam???
1437 5593 1516 5660 τῷ
1544 5597 1736 5650 exists

253 5777 287 5810 ⁶¹
318 5776 465 5840 ἰοεη.
493 5798 531 5848 ι,
553 5784 635 5839 l2.

1838 4604 1932 4658 per
1957 4584 2234 4656 asperare?
2285 4581 2420 4636 Nam
2469 4582 2564 4651 qui
2619 4593 2832 4647 semper
2877 4585 3078 4646 sperat,
3125 4588 3402 4645 nunquam

1837 4691 1954 4732 rem
1988 4690 2152 4745 quam
2199 4681 2382 4742 sperat
2431 4670 2804 4739 consequitur.
2853 4667 3006 4720 Alius
3058 4665 3275 4736 quidem
3307 4666 3402 4729 ait,

1838 4770 1966 4825 illud
1999 4785 2219 4838 semper,
2251 4782 2358 4820 non
2393 4765 2714 4819 saeculorum
2747 4762 2980 4831 spatium
3007 4770 3270 4829 spectare,
3312 4761 3404 4813 sed

1836 4865 2002 4918 vitam
2029 4863 2203 4924 solum
2233 4861 2390 4913 istam
2437 4857 2745 4911 sensibilem
2777 4871 2790 4907 :
2829 4854 2964 4907 alter
2992 4852 3226 4921 spatium
3270 4865 3408 4920 quoa

1835 4969 1943 5023 que
1991 4951 2312 5006 szeculorum
2354 4947 2484 5000 illud
2521 4961 2719 5012 semper
2763 4951 3006 5012 spectare
3050 4942 3162 5005 ait,
3195 4948 3254 4994 ut
3294 4939 3407 5010 spei

1835 5043 2101 5108 terminus
2125 5040 2195 5095 sit
2221 5037 2459 5108 cognitio
2482 5043 2682 5090 sancta:
2717 5029 3047 5103 Trinitatis.]

1911 5221 1965 5276 9.
2019 5219 2103 5274 Ne
2148 5217 2400 5288 projicias
2443 5230 2524 5268 me
2560 5215 2616 5267 in
2649 5221 2877 5279 tempore
2905 5207 3202 5263 senectutis.
3240 5203 3409 5259 Sene—

1838 5322 2042 5369 ctutem
2081 5310 2168 5364 hic
2203 5316 2362 5363 vocat
2400 5305 2794 5360 inﬁrmitatem.
2848 5303 2939 5356 Ait
2985 5301 3188 5369 igitur:
3227 5295 3404 5358 Absit,

1839 5405 2090 5470 Domine,
2113 5401 2477 5470 tempusillud
2509 5414 2616 5469 quo
2655 5396 2903 5451 inﬁrmus
2933 5404 3218 5462 appaream
3247 5389 3260 5441 ἰ
3294 5387 3406 5440 lto-

1840 5505 1932 5570 gat
1956 5498 2121 5568 igitur
2139 5503 2199 5549 ut
2225 5507 2505 5562 nunquam
2533 5505 2631 5544 sua
2661 5489 2716 5542 in
2746 5486 3024 5541 Christum
3054 5495 3149 5549 spe
3171 5478 3403 5532 labatur.

1843 5591 1960 5662 Ipse
1995 5603 2230 5660 namque
2260 5595 2343 5646 est
2369 5586 2541 5641 virtus
2571 5593 2776 5639 nostra.
2810 5579 2942 5636 Cum
2971 5573 3217 5644 defecerit
3240 5570 3407 5625 virtus
