3872 6216
450 330 556 388 519

1259 331 1316 386 s.
1362 330 1728 389 ATHANASH
1769 331 1919 389 opp.
1960 298 2138 387 PARS
2175 331 2264 387 ιιι.
2306 362 2374 378 -.-
2414 328 2827 387 EXEGETICA.

3585 326 3701 382 σεο

452 463 567 502 mea
590 463 651 502 ne
685 444 1017 514 derelinquas
1055 461 1152 498 me.
1193 442 1417 500 Etiamsi
1445 444 1734 516 contigerit
1769 445 1901 499 mihi
1929 454 2008 510 ut,

2127 458 2247 498 metr
2281 443 2400 512 τὴν
2436 444 2621 512 ἰσχύν
2655 462 2774 512 μου
2815 440 2902 512 μὴ
2947 440 3352 510 ἐγκαταλίπῃς
3369 457 3467 508 με.
3500 441 3568 494 Εἰ
3600 439 3698 496 κα).

453 541 616 594 homo
643 553 768 593 cum
791 537 915 600 sim,
946 538 1001 590 in
1038 544 1317 605 peceatum
1346 537 1556 601 cadam,
1586 552 1654 590 ne
1678 551 1764 589 me
1794 547 2016 605 propter

453 637 732 698 peccatum
772 627 1013 691 deseras,
1047 624 1293 692 Domine,
1328 627 1426 682 sed
1447 642 1532 681 me
1563 627 1760 680 iterum
1796 640 2014 692 revoca,

453 719 692 772 clemens
721 733 842 772 cum
875 717 966 771 sis.

523 811 612 865 10.
636 809 772 874 Quia
801 808 1048 862 dixerunt
1086 806 1295 859 inimici
1324 805 1423 859 mei
1455 805 1604 858 mihi.
1645 805 1782 860 Illud
1818 823 1830 858 :
1875 804 2017 871 Quia

453 904 723 966 dixerunt,
779 901 1018 970 positum
1067 914 1163 968 pro
1211 918 1224 952 :
1271 898 1346 952 Ne
1393 898 1534 954 forte
1583 899 1768 954 dicant
1810 899 2017 954 inimici

455 995 558 1048 mei
592 1012 604 1048 :
629 991 1001 1060 lrrumpamus
1023 991 1078 1043 in
1098 1005 1247 1056 eum,
1271 990 1374 1046 erit
1393 991 1592 1061 quippe
1623 989 1782 1044 nobis
1806 989 1859 1043 in
1886 1003 2018 1058 pra:-

451 1084 598 1146 dam,
624 1081 730 1136 Deo
761 1096 868 1134 non
893 1082 1216 1150 Opilulante.

521 1172 608 1227 12.
655 1171 790 1224 Deus
813 1186 975 1234 meus,
1018 1186 1080 1222 ne
1119 1167 1375 1237 elongeris
1417 1184 1448 1220 a
1483 1183 1581 1220 me.
1615 1166 1882 1234 Quoniam
1917 1167 2022 1238 igi-.

450 1269 539 1315 tur
567 1261 617 1315 id
642 1260 716 1313 illi
744 1259 952 1320 dicunt,
987 1274 1054 1312 ne
1082 1257 1288 1311 diutius
1318 1255 1536 1312 dideras
1561 1259 1844 1315 auxilium.
1877 1257 2016 1316 Deus

450 1372 618 1419 meus,
651 1356 706 1407 in
731 1352 988 1406 auxilium
1021 1367 1190 1404 meum
1219 1351 1432 1419 respice.

525 1525 609 1578 15.
660 1523 1062 1593 Confundantur
1101 1533 1149 1576 et
1182 1524 1428 1592 deﬁciant
1459 1525 1787 1580 detrahentes
1826 1527 2018 1580 anima:

451 1628 599 1666 mete.
646 1611 1094 1682 Quandoquidem
1139 1613 1262 1682 ipsi,
1304 1613 1501 1682 inquit,
1538 1615 1799 1684 impetum
1848 1615 1900 1668 in
1933 1631 2019 1670 mc

452 1703 715 1770 fecerunt,
752 1704 852 1758 rati
896 1720 982 1759 me
1028 1720 1056 1758 a
1091 1713 1143 1759 te
1176 1704 1490 1760 derelictum
1527 1725 1542 1774 ;
1583 1711 1626 1762 si
1666 1708 1925 1762 auxilium
1946 1707 2022 1762 af-

2120 534 2315 607 συνέϐη
2348 534 2632 606 ἄνθρωπον
2662 535 2812 598 ὄντα,
2847 532 3001 602 φησὶ,
3029 532 3158 586 ποτέ
3189 533 3474 603 ἁμαρτεῖν,
3509 531 3586 602 μὴ
3606 531 3698 586 διὰ

2115 625 2214 696 τὴν
2245 625 2518 697 ἁμαρτίαν
2557 625 2928 697 ἐγκαταλίπῃς
2962 643 3056 696 με,
3075 623 3250 695 Κύριε
3271 641 3284 654 ο
3319 623 3456 678 ἀλλὰ
3481 626 3696 678 ἀνακά-

2117 717 2270 770 λεσαι
2299 718 2465 775 πάλιν.
2486 717 2562 782 ὼς
2586 717 2982 788 φιλάνθρωπος.

2191 811 2310 862 Ὅτι
2341 805 2514 863 εἷπον
2544 811 2599 863 οἱ
2629 810 2830 878 ἐχθροί
2866 827 2986 878 μου
3041 809 3192 878 ἐμοί.
3227 808 3456 873 Ἱ’δ,”οτι
3496 803 3697 870 εἷπον,

2117 901 2238 955 ἀντὶ
2261 899 2354 952 τοῦ
2375 917 2387 929 ·
2416 900 2642 970 Μήποτε
2674 899 2879 953 εἴποιεν
2909 901 2958 953 oi
2989 899 3170 970 ἐχθροί
3207 898 3701 968 μου,Ἑπιθὼμεθα

2117 993 2268 1064 αὐτῷ
2289 1011 2301 1024 ·
2327 993 2479 1047 ἔσται
2510 993 2620 1065 γὰρ
2640 995 2776 1064 ἡμῖν.
2795 994 2875 1058 είς
2905 992 3205 1065 προνομὴν,
3237 990 3311 1062 μὴ
3334 989 3701 1061 ἐπικουροῦν-

2114 1103 2208 1150 τος
2230 1086 2386 1140 Θεοῦ.

2197 1177 2261 1230 ’0
2301 1177 2444 1242 Θεός
2488 1194 2630 1245 μου,
2673 1176 2760 1245 μὴ
2803 1175 3117 1245 μακρύνῃς
3158 1173 3259 1228 ἀπ’
3293 1171 3700 1242 ἐμοῦ.Ἐπειδὴ

2115 1267 2293 1321 τοίνυν
2329 1270 2526 1321 ἐκεῖνοι
2548 1267 2722 1322 ταῦτά
2746 1284 2900 1336 φασι,
2944 1265 3017 1336 μὴ
3061 1266 3416 1336 ἐπιμήκιστον
3448 1262 3705 1334 ὑπερθῇς

2115 1357 2213 1428 τὴν
2248 1357 2590 1429 βοήθειαν.έο
2636 1358 2780 1423 Θεός
2817 1373 2958 1426 μου,
2997 1357 3085 1420 είς
3112 1354 3226 1422 τὴν
3248 1352 3541 1422 ,ϐοήθειάν
3575 1370 3702 1421 μου

2117 1451 2400 1518 πρόσχες.

2188 1538 2702 1608 Αἰσχυνθήτωσαν
2726 1536 2822 1590 καὶ
2851 1533 3290 1594 ἐωεατέτωσαν
3309 1537 3361 1589 ol
3381 1532 3703 1587 ἐνδιαϐάλ-

2117 1635 2329 1697 λοντες
2357 1629 2471 1698 τὴν
2500 1627 2712 1698 ψυχήν
2739 1645 2879 1696 μου.
2897 1625 3166 1688 Ἐπειδὰν,
3201 1627 3421 1679 ἐκείνων
3453 1623 3703 1679 ἐπιτιθεέ

2123 1720 2324 1792 μένων,
2354 1721 2508 1791 φησὶ,
2535 1718 2622 1772 διὰ
2644 1719 2706 1771 τὸ
2729 1717 2877 1790 δόξαι
2913 1735 2979 1788 με
3017 1715 3509 1786 ἐγκαταλειφθῆναι
3542 1716 3701 1787 παρὰ

452 1793 616 1860 feras,
641 1811 750 1864 pra:
787 1795 992 1864 pudore
1049 1796 1152 1864 ipsi
1199 1796 1497 1864 discedent,
1549 1814 1675 1852 cum
1725 1815 1894 1882 vanas
1917 1799 2013 1854 de-

2127 1791 2236 1874 σοῦ,
2270 1813 2318 1863 εἰ
2343 1810 2617 1882 βοηθήσῃς
2641 1807 2823 1871 αὐτὸς,
2845 1808 2996 1867 αὐτοὶ
3021 1809 3100 1870 είς
3130 1807 3390 1878 αἰσχύνην
3416 1809 3701 1878 ἀποστραι

452 1887 838 1955 prehenderint
876 1887 1181 1942 calumnias
1202 1887 1256 1940 in
1286 1889 1521 1943 animam
1554 1905 1729 1950 meam
1756 1875 2014 1947 siructas.

451 1977 582 2043 Quae
602 1990 780 2032 autem
809 1978 913 2035 illae
947 1979 1236 2034 calumniae
1285 1991 1430 2046 sunt,
1467 1983 1574 2037 nisi
1607 1998 1728 2052 qua:
1764 1981 2018 2037 dicebant

451 2071 526 2123 illi
553 2088 565 2123 :
595 2069 734 2124 Deus
754 2070 1028 2140 dereliquit
1060 2087 1177 2125 eum
1208 2075 1233 2128 ?

531 2162 620 2216 ii.
664 2160 774 2232 Ego
796 2171 972 2216 autem
997 2179 1198 2232 semper
1240 2162 1540 2231 speraboin,
1562 2172 1628 2217 te.
1655 2162 1771 2218 Non
1801 2175 2018 2220 cessant

449 2255 592 2310 enim
633 2271 728 2324 per
774 2257 972 2325 scripta
1018 2271 1114 2310 sua
1157 2273 1306 2326 spem
1367 2272 1494 2328 erga
1538 2255 1816 2316 Christum
1859 2271 2014 2310 suam

447 2345 714 2400 confiteri.
756 2345 824 2400 Et
863 2347 1111 2416 adjiciam
1159 2364 1315 2416 super
1355 2362 1559 2400 onmem
1599 2338 1810 2398 laudem
1844 2354 2010 2399 tuam.

449 2437 550 2491 Per
591 2438 821 2509 hymnos
871 2452 1060 2494 eorum
1119 2440 1211 2509 qui
1263 2440 1508 2510 ipsorum
1568 2452 1730 2507 opera
1785 2437 2012 2491 salutem

448 2529 728 2586 consecuti
762 2538 910 2586 sunt.

519 2617 609 2672 15.
658 2617 729 2672 0s
787 2635 957 2672 meum
1000 2616 1340 2671 annuntiabit
1383 2617 1656 2686 justitiam
1688 2625 1855 2670 tuam.
1896 2614 2012 2670 Non

447 2722 622 2774 cesso,
674 2708 873 2778 inquit,
926 2709 1172 2772 Domine,
1207 2723 1421 2778 semper
1475 2707 1745 2777 justitiam
1779 2717 1929 2764 tuam
1959 2709 2011 2762 in

445 2816 542 2856 ore
575 2817 815 2856 versare.
861 2799 1070 2860 Etenim
1106 2801 1319 2870 justitia
1357 2799 1535 2854 Patris
1570 2809 1653 2853 est
1691 2799 2014 2870 Unigenitus

445 2891 584 2961 ejus.
617 2890 747 2945 Nam
772 2892 950 2962 genita
984 2891 1141 2945 nobis
1169 2902 1250 2944 est
1277 2891 1489 2960 juSIitia
1526 2906 1555 2944 a
1595 2889 1704 2943 Deo
1739 2890 1894 2960 juxta
1928 2906 2015 2944 sa-

446 2998 598 3036 crum
638 2983 956 3053 Apostolum
989 2985 1054 3038 ⁶².
1097 2982 1228 3036 Tota
1267 2983 1350 3036 die
1381 2978 1623 3036 salutare'
1652 2993 1822 3037 tuum.
1855 2981 2011 3036 Sem-

447 3089 560 3143 per,
592 3075 787 3145 inquit,
816 3090 1023 3130 memor
1057 3090 1152 3129 ero
1194 3074 1513 3130 oeconomia:
1540 3089 1648 3143 qua
1674 3074 1831 3128 nobis
1866 3072 2013 3127 salu-

447 3175 553 3220 tem
590 3167 849 3237 elargitus
886 3183 966 3222 cs.
1015 3167 1278 3234 Quoniam
1333 3183 1436 3221 non
1485 3166 1709 3236 cognovi.
1741 3167 2010 3219 litteratu-

446 3274 582 3310 ram.
612 3256 713 3311 Per
735 3259 1097 3313 litteraturam
1145 3269 1241 3314 aut
1269 3275 1435 3314 vanas
1468 3269 1524 3314 et
1557 3259 1864 3328 implicatas
1889 3257 2012 3312 vitae

445 3349 827 3404 distractiones
872 3349 1146 3420 intelligit,
1190 3358 1286 3404 aut
1328 3351 1482 3405 varia
1528 3366 1648 3420 qua:
1705 3351 1788 3404 lex
1817 3347 2012 3403 oli‘erre

441 3438 668 3507 jubebat
699 3439 991 3495 sacriﬁcia.
1017 3440 1267 3519 Quando,
1309 3441 1504 3510 inquit,
1533 3455 1627 3496 eas
1652 3455 1843 3496 omnes
1864 3440 2013 3510 abje-

445 3531 517 3597 ci,
563 3529 619 3584 in
663 3543 926 3600 supernas
967 3532 1210 3588 introibo
1236 3532 1572 3597 mansiones,
1640 3531 1871 3585 Domino
1909 3531 2013 3584 vir-

445 3627 618 3676 tutem
663 3623 795 3676 mihi
837 3623 905 3677 ad
942 3639 1063 3678 eam
1105 3640 1218 3678 rem
1258 3625 1548 3695 praebente.
1600 3624 1787 3678 Simile
1829 3631 2010 3677 autem

443 3724 528 3768 est
550 3714 695 3769 dicto
734 3715 863 3771 huic
901 3735 913 3771 :
955 3715 1090 3770 Ecce
1137 3735 1226 3771 nos
1262 3719 1567 3788 reliquimus
1613 3718 1809 3782 omnia,
1843 3725 1893 3770 et
1931 3731 2011 3770 se.-

446 3808 558 3860 cuti
600 3824 784 3862 sumus
830 3819 898 3875 te,
926 3810 1052 3880 quid
1077 3827 1194 3881 ergo
1211 3811 1310 3864 erit
1340 3812 1488 3864 nobis
1508 3810 1551 3841 ⁵³
1572 3811 1593 3862 ?
1613 3809 1748 3864 Cum
1781 3809 2011 3877 hujusce

444 3898 522 3954 rei
551 3912 715 3953 causa
742 3901 1159 3970 promissionem
1187 3901 1336 3972 regni
1362 3901 1625 3956 ccelorum
1661 3906 2006 3968 acceperunt.

511 4180 598 4235 16.
641 4177 879 4234 lntroibo
911 4178 966 4231 in
998 4179 1262 4247 potentias
1306 4176 1540 4233 Domini.
1590 4177 1705 4236 Tua
1731 4179 1927 4235 virtute
1956 4190 2018 4240 et.

440 4272 644 4326 auxilio
666 4274 971 4344 ingressum
992 4273 1265 4328 inveniam
1295 4272 1360 4324 ad
1385 4279 1581 4324 terram
1606 4272 2007 4339 promissionis.

441 4362 687 4429 Domine,
715 4363 1045 4418 memorabor
1073 4361 1304 4431 justitia:
1345 4369 1450 4414 tuae
1498 4360 1684 4413 solius.
1732 4360 2010 4418 Praedictis

2119 1903 2402 1972 (θήσονται,
2431 1901 2527 1962 ἅτε
2564 1900 2798 1971 ματαίας
2827 1900 3100 1970 εὑρόντες,
3128 1899 3194 1964 ἃς
3226 1899 3368 1954 κατὰ
3389 1901 3488 1971 τῆς
3513 1899 3701 1969 ψυχῆς

2121 2011 2221 2064 μου
2265 1994 2589 2063 ἐποιήσαντο
2618 1990 2886 2054 διαϐολάς.
2918 1990 3076 2052 Τίνες
3107 1989 3167 2042 δὲ·
3208 1991 3262 2042 αί
3304 1989 3606 2061 διαὸολαὶῆ
3635 1990 3696 2042 αλ

2115 2083 2402 2153 λέγουσαι·
2449 2083 2501 2134 Ὀ
2533 2081 2675 2146 Θεὸς
2698 2080 3088 2151 ἐγκατέλιπεν
3113 2081 3335 2143 αὐτόν;

2201 2173 2340 2242 Ἐγὼ
2386 2171 2454 2225 δὲ
2497 2169 2822 2236 διαπαντὸς
2847 2167 3033 2224 ἐλπιῶ
3063 2169 3164 2224 ἐπὶ
3191 2168 3296 2229 σέ.¹
3315 2168 3391 2222 Οὐ
3424 2167 3697 2222 παύονται

2115 2256 2223 2335 γὰρ
2248 2262 2336 2316 διὰ
2373 2261 2494 2323 τῶν,
2522 2262 2671 2332 ἰδίων
2706 2260 3154 2332 συγγραμμάτων
3177 2258 3565 2330 ὁμολογοῦντες
3592 2258 3696 2328 τὴν

2101 2355 2304 2418 ἐλπίδα
2329 2354 2425 2424 τὴν
2455 2355 2534 2418 είς
2563 2353 2818 2425 Χριστόν.
2858 2353 2969 2412 Kal
2996 2351 3321 2421 προσθήσω
3351 2351 3453 2404 ἐπὶ
3485 2349 3698 2406 πᾶσαν

2115 2447 2229 2516 τὴν
2252 2447 2490 2500 αῖνεσιν
2516 2460 2653 2500 σου.
2684 2445 2784 2500 Διὰ
2812 2446 2910 2518 τῆς
2936 2444 3260 2516 ύμνολογίας
3285 2444 3394 2497 τῶν
3418 2443 3485 2496 δι’
3511 2443 3695 2497 αὐτῶν

2117 2539 2457 2610 σωζομένων.

2192 2633 2259 2685 Τὸ
2290 2632 2483 2698 στόμα
2499 2646 2618 2699 μου
2647 2625 2971 2697 ἀναγγελεῖ
2994 2625 3108 2693 τὴν
3133 2625 3531 2694 δικαιοσύνην
3551 2640 3688 2683 σου.

2127 2721 2247 2773 Ἐπὶ
2292 2720 2552 2790 στόματος
2580 2717 2688 2781 ἀεὶ,
2722 2718 2907 2788 φησὶν,
2938 2711 2983 2770 ὦ
3006 2716 3274 2779 Δέσποτα,
3305 2716 3406 2786 τὴν
3454 2716 3554 2786 σὴν
3596 2717 3694 2786 φέο

2117 2829 2229 2883 ρειν
2262 2810 2607 2881 δικαιοσύνην
2659 2810 2722 2862 ού
2772 2809 3036 2880 παύομαι.
3072 2808 3396 2880 Δικαιοσύνη
3443 2809 3552 2880 γὰρ
3597 2805 3690 2863 τοῖν

2114 2900 2326 2974 Πατρδς
2350 2903 2378 2953 ὁ
2403 2900 2714 2971 Μονογενὴς
2762 2899 2949 2952 αὑτοῦ.
2968 2897 3259 2970 Ἐγεννήθη
3290 2899 3398 2970 γὰρ
3437 2900 3567 2968 ἡμῖν
3612 2897 3691 2951 δι-

2113 2992 2372 3062 καιοσύνη
2403 2993 2510 3046 ἀπὸ
2539 2992 2672 3045 Θεοῦ
2701 2991 2842 3044 κατὰ
2865 2991 2956 3044 τὸν
2990 2991 3134 3064 ἱερὸν
3162 2990 3693 3058 Ἀπόστολονῖθλην

2113 3083 2228 3150 τὴν
2259 3082 2486 3153 ἡμέραν
2533 3082 2649 3152 τὴν
2680 3083 2986 3152 σωτηρίαν
3034 3097 3170 3137 σου.
3221 3083 3521 3145 Διαπαντὸς
3551 3100 3690 3154 μνη-

2115 3169 2404 3240 σθήσομαι,
2437 3168 2590 3239 φησὶ,
2625 3169 2724 3239 τῆς
2757 3169 3069 3239 οἰκονομίας
3101 3168 3167 3222 δι’
3197 3161 3264 3238 ἦς
3287 3169 3416 3238 ἡμῖν
3446 3166 3546 3238 τὴν
3587 3183 3694 3220 σω-

2111 3261 2304 3332 τηρίαν
2370 3259 2631 3330 ἐχαρίσω.
2659 3259 2780 3311 ’Ὁτι
2841 3259 2952 3312 οὐκ
3015 3257 3211 3327 ἐτνων
3270 3258 3687 3328 γραμματείας.

2109 3352 2499 3424 Γραμματείας
2529 3351 2562 3422 ἢ
2594 3351 2721 3416 τοὺς
2757 3350 3017 3422 ματαίους
3049 3351 3142 3404 καὶ
3187 3350 3558 3412 πολυπλόκους
3596 3349 3690 3402 τοῦ

2113 3443 2231 3514 βίου
2275 3442 2695 3515 περισπασμούς
2739 3460 2924 3512 φησιν,
2955 3443 2989 3514 ἢ
3020 3441 3119 3506 τὰς
3145 3442 3235 3494 διὰ
3264 3439 3359 3495 τοῦ
3392 3441 3560 3512 νόμου
3599 3457 3693 3494 κε-

2111 3536 2474 3607 κελευσμένας
2496 3535 2867 3607 πολυτρόπους
2892 3534 3259 3606 προσάγεσθαι
3283 3533 3492 3597 θυσίας.
3511 3534 3692 3607 Ἐπει-

2109 3628 2173 3700 δὴ
2217 3629 2418 3693 ταύτας
2472 3628 2784 3700 συμπάσας,
2816 3627 3003 3698 φησὶν,
3045 3625 3410 3696 ἐπεϐαλόμην,
3462 3627 3542 3688 είς
3590 3624 3690 3687 τὰς

2109 3719 2222 3776 ἄνω
2264 3719 2641 3791 εἰσελεύσομαι
2695 3721 2882 3792 μονὰς,
2917 3721 2996 3783 είς
3021 3718 3178 3771 τοῦτο
3202 3716 3430 3788 δύναμίν
3467 3733 3558 3786 μοι
3595 3715 3691 3769 τοῦ

2109 3811 2316 3882 Κυρίου
2362 3812 2948 3882 παρέχοντος.⁹’ομοιον
2985 3809 3042 3862 δὲ
3083 3809 3162 3880 τῷ
3199 3807 3508 3885 εζρημένῳ·
3545 3805 3692 3860 Ἰδοὺ

2107 3903 2280 3971 ἡμεῖς
2305 3901 2621 3971 ἀφήκαμεν
2649 3899 2865 3963 πάντα,
2899 3901 2999 3954 καὶ
3029 3898 3534 3968 ἠκολουθήσαμέν
3555 3911 3689 3952 σο)

2107 3995 2165 4047 τί
2190 3993 2335 4062 ἡμῖν
2359 3992 2562 4056 satas;
2588 3993 2718 4045 Ὅτε
2748 3992 2842 4046 καὶ
2873 3993 2972 4063 τῆς
2999 3992 3106 4046 τῶν
3139 3990 3383 4063 οὐρανῶν
3411 3989 3693 4062 βασιλείας

2109 4082 2208 4154 τεὴν
2237 4081 2533 4152 ὑπόσχεσιν
2559 4079 2649 4133 διὰ
2672 4080 2845 4133 ταῦτα
2883 4081 3145 4152 ἐδέχοντο.

2179 4174 2613 4242 Είσελεύσομαι
2651 4172 2721 4226 ἐν
2745 4171 3073 4239 δυναστείᾳ
3104 4171 3346 4239 Κιιρίου.
3377 4171 3456 4242 Τῇ
3488 4173 3554 4241 σῇ
3593 4169 3691 4224 δυ-

2107 4267 2270 4338 νάμει
2307 4268 2402 4320 καὶ
2435 4265 2658 4336 βοηθείᾳ
2686 4265 2946 4337 τεύξομαι
2975 4265 3074 4334 τῆς
3108 4264 3318 4318 εἰσόδου
3355 4265 3455 4335 τῆς
3487 4266 3566 4328 εἷς
3593 4249 3692 4336 τὴν

2108 4359 2212 4429 γῆν
2235 4357 2336 4428 τῆς
2365 4356 2714 4425 ἐπαγγελίας.
2749 4357 2943 4425 Κύριε,
2963 4353 3392 4426 μνησθήσομαι
3439 4353 3552 4423 τῆς
3591 4353 3694 4408 δι-

440 4456 695 4510 omnibus
721 4455 989 4520 dimissis,
1021 4454 1219 4523 inquit,
1237 4451 1647 4520 soliusjustitia:
1671 4460 1775 4506 tua:
1801 4468 2008 4507 memor

2127 4452 2439 4519 ῑαιοσύνης
2472 4465 2588 4507 σου
2614 4450 2830 4518 μόνου.
2871 4448 3054 4504 Πάντα
3100 4447 3166 4500 τὰ
3207 4447 3470 4520 εἰρημένα
3511 4447 3691 4515 ἀφεὶς,

438 4560 554 4612 ero,
587 4562 694 4618 qua
725 4562 824 4602 nos
859 4561 889 4600 a
915 4556 1136 4616 peccato
1159 4544 1422 4599 liberasti.

511 4724 598 4779 17.
634 4723 775 4779 Deus
806 4742 970 4791 meus,
1005 4741 1120 4796 quae
1148 4724 1377 4779 docuisti
1408 4741 1488 4778 me
1517 4741 1548 4778 a
1569 4724 1841 4794 juventute
1871 4742 2006 4781 mea.

437 4815 485 4868 A
512 4816 706 4885 prima,
747 4826 802 4871 ut
841 4819 914 4872 ita
943 4816 1141 4884 dicam,
1173 4817 1262 4872 die
1297 4832 1403 4886 qua
1445 4817 1594 4886 ipsos
1637 4817 1820 4885 elegit,
1860 4818 2008 4873 dedit

441 4907 549 4961 illis
581 4921 643 4960 ea
679 4922 800 4976 quae
833 4921 1059 4978 regnum
1105 4909 1368 4962 ccelorum
1419 4916 1682 4977 spectant.
1732 4907 1802 4962 Et
1847 4925 2008 4980 usque

441 5015 578 5052 nunc
595 4999 947 5098 pronuntiabo
977 5000 1246 5053 mirabilia
1283 5011 1395 5054 tua.
1437 4998 1552 5055 Non
1587 5003 1893 5065 immemor,
1927 5003 2010 5055 in-

440 5088 581 5156 quit,
599 5087 788 5143 Tactus
824 5103 944 5143 sum
973 5103 1161 5142 eorum
1199 5103 1321 5158 qum
1344 5087 1538 5144 doctus
1565 5088 1641 5142 lui
1673 5107 1686 5142 :
1723 5088 1816 5143 sed
1845 5087 2008 5142 etiam

439 5197 503 5237 ea
535 5196 656 5252 qua:
685 5180 874 5247 didici,
903 5180 1026 5236 aliis
1052 5181 1394 5235 annuntiavi.

514 5357 708 5425 18,19.
741 5358 811 5414 Et
839 5378 1001 5432 usque
1034 5363 1090 5415 in
1114 5369 1376 5416 senectam
1409 5370 1458 5416 et
1489 5363 1714 5416 senium.
1739 5360 2009 5427 Quoniam

444 5449 559 5521 ipse
589 5451 842 5509 Christus
876 5463 1165 5525 postquam
1196 5454 1496 5509 resurrexit
1541 5470 1572 5507 a
1618 5455 1848 5508 mortuis
1881 5469 2010 5524 pro-

446 5543 595 5598 misit
620 5544 701 5598 eis
725 5545 912 5602 dicens
942 5546 1008 5602 "‘.
1042 5545 1173 5600 Ecce
1196 5545 1459 5600 uobiscum
1499 5561 1614 5599 sum
1641 5546 1878 5600 omnibus
1897 5546 2010 5598 die-

2118 4542 2270 4614 φησι,
2292 4541 2459 4613 μόνης
2482 4539 2840 4612 μνημονεύσω
2865 4539 2964 4610 τῆς
2985 4538 3351 4609 δικαιοσύνης,
3374 4538 3438 4593 δι’
3459 4533 3526 4611 ἧς
3544 4539 3693 4608 ἡμᾶς

2115 4633 2212 4702 τῆς
2238 4633 2511 4703 ἁμαρτίας
2536 4631 2930 4703 ἡλευθέρωσας.

2197 4724 2251 4775 Ὁ
2287 4725 2429 4789 Θεός
2452 4741 2592 4792 μου,
2625 4723 2662 4778 ἀ
2703 4720 2983 4787 ἐδίδαξάς
3016 4737 3117 4791 μοι
3146 4719 3215 4774 ἐκ
3244 4719 3528 4785 νεότητός
3548 4737 3690 4790 μου.

2126 4816 2258 4869 Ἀπὸ
2287 4816 2394 4887 γὰρ
2425 4815 2668 4887 πρώτης,
2697 4816 2771 4879 ὡς
2795 4816 2991 4879 εἰπεῖν,
3019 4813 3254 4885 ἡμέρας,
3279 4809 3346 4883 ἦς
3375 4813 3575 4874 αὐτοὺς
3615 4812 3696 4876 ἐξ·

2114 4906 2677 4978 ελέξατο,παρέδωκεν
2704 4909 2884 4970 αὐτοῖς
2913 4906 2981 4958 τὰ
3012 4923 3078 4959 πε
3089 4907 3140 4976 pl.
3168 4904 3266 4974 τῆς
3289 4903 3566 4974 βασιλείας
3587 4905 3694 4955 τῶν

2113 4998 2377 5072 οὐρανῶν.
2411 4999 2521 5054 Καὶ
2550 4999 2728 5069 μέχρι
2761 4999 2866 5053 τοῦ
2890 4998 3006 5052 νῦν
3038 4995 3352 5067 ἀπαγγελῶ
3381 4996 3454 5049 τὰ
3481 4994 3697 5063 θαυμά-

2115 5089 2220 5146 σιά
2250 5104 2385 5144 σου.
2425 5090 2538 5144 Ούκ
2569 5091 2859 5165 ἀμνήμων,
2900 5089 3084 5159 φησὶν,
3119 5082 3193 5142 ὧν
3227 5086 3510 5157 ἐδιδάχθην
3536 5084 3694 5153 γεγέ-

2114 5200 2313 5252 νημαι·
2365 5182 2480 5241 ἀλλ’
2512 5182 2663 5254 ὃίπερ¹
2683 5181 2844 5244 αὐτὸς
2878 5180 3100 5253 ἔμαθον,
3131 5179 3304 5234 ταῦτα
3337 5181 3430 5232 καὶ
3458 5181 3569 5242 τοῖς
3598 5178 3695 5232 ἀλ·

2114 5272 2226 5336 λοις
2251 5273 2582 5346 ἀπήγγειλα.

2188 5365 2295 5418 Καὶ
2327 5365 2436 5431 ἕως
2476 5364 2669 5434 γήρως
2710 5366 2807 5420 καὶ
2855 5363 3194 5434 πρεσϐείου.
3214 5361 3430 5432 Ἐπειδὴ
3473 5359 3636 5424 αὐτὸς
3661 5359 3693 5412 ό

2118 5455 2356 5528 Χριστὸς
2384 5457 2518 5525 μετὰ
2549 5456 2645 5528 τὴν
2667 5460 2731 5511 ἐκ
2755 5458 2964 5530 νεκρῶν
2995 5455 3288 5512 ἀναϐίωσιν
3318 5454 3584 5524 ὑπέσχετο
3612 5451 3695 5505 λέ-

2118 5565 2229 5616 γων
2262 5549 2445 5613 αὐτοῖς
2465 5566 2477 5578 ·
2516 5548 2669 5604 Ἰδοὺ
2691 5551 2818 5618 μεθ’
2840 5549 3005 5618 ὑμῶν
3026 5551 3140 5618 εἰμι
3177 5545 3378 5611 πάσας
3407 5543 3512 5610 τὰς
3548 5542 3693 5612 ἡμέ-

517 5707 609 5761 ⁶³ι
644 5705 937 5775 (Zor.t,50.
1015 5707 1058 5740 ”
1112 5705 1301 5763 Matth.
1362 5707 1585 5774 x1x,27.
1664 5705 1707 5739 “
1749 5705 1952 5775 Matth.
1987 5722 2171 5766 xxvm.
2198 5708 2286 5766 20.
