3872 6216
190 350 281 407 521
1196 350 1575 407 EXPOSITIO
1615 344 1684 405 IN
1724 345 2055 405 PSALMUM
2096 344 2256 403 LXX.

3319 340 3427 397 3‘23

181 479 287 532 ρας
309 459 415 525 ἕως
443 457 553 527 τῆς
574 464 925 529 συντελείας
952 463 1059 517 τοῦ
1088 464 1302 532 αἰῶνος
1319 483 1332 496 ·
1361 467 1550 519 τούτου
1590 467 1748 538 χάριν

1861 466 1945 520 ius
1974 482 2132 535 usque
2172 465 2241 518 ad
2287 465 2793 517 consummationem
2835 461 3057 529 swculi,
3100 460 3223 516 ideo
3270 470 3427 530 rogat

186 556 321 607 αἰτεῖ
367 553 574 625 ταύτην
630 552 781 625 αὐτῷ
822 554 1177 627 πληρωθῆναι
1227 557 1326 629 τὴν
1365 559 1747 628 ὑπόσχεσιν.’0

187 645 322 712 Θεός
346 664 488 715 μου,
518 644 598 715 μὴ
630 645 1071 715 ἐγκαταλείπῃς
1096 665 1192 717 με,
1222 648 1333 715 ἕως
1358 648 1435 702 ἂν
1471 650 1752 719 ἀπαγγεί-

184 742 263 791 λω
308 737 413 791 τὸν
454 732 756 807 βραχίονα
799 755 934 795 σου.
954 740 1079 794 Ἐὰν
1113 741 1187 812 μὴ
1220 742 1619 814 ὲγκαταλείπῃς
1659 758 1748 812 με,

184 830 330 900 φησὶ,
358 831 499 883 κατὰ
528 832 625 900 τὴν
654 830 751 901 σὴν
774 832 1087 902 ὑπόσχεσιν,
1132 826 1177 885 ὦ
1208 835 1474 899 Δέσποτα,
1499 836 1620 888 τότε
1661 852 1753 903 γε-

182 923 394 989 νήσεται
434 920 660 975 δυνατὸν
688 921 778 974 τὸν
810 923 901 975 σὺν
941 924 1275 992 ἀπαγγεῖλαι
1307 925 1568 996 βραχίονα
1597 928 1661 997 τῇ
1695 924 1753 992 ἐξ

183 1010 341 1063 ἐθνῶν
370 1012 606 1084 έσομένῃ
650 1015 814 1084 πιστῇ
848 1016 1031 1085 γενεᾷ.
1059 1016 1154 1079 Τίς
1188 1016 1244 1068 δὲ
1287 1018 1314 1068 ὁ
1355 1016 1594 1087 βραχίων
1631 1018 1753 1069 ὲπι-

185 1103 329 1174 φέρει
353 1103 524 1173 λέγων
546 1122 559 1135 σ
599 1104 717 1171 Τὴν
745 1105 1110 1161 δυναστείαν
1136 1123 1252 1162 σου
1280 1110 1377 1161 καὶ
1405 1109 1519 1176 τὴν
1542 1108 1755 1162 δικαιο-

184 1196 372 1262 σύνην
398 1209 536 1248 σου.
568 1196 679 1249 Καὶ
721 1196 1038 1250 δυναστείαν
1080 1199 1197 1267 μὲν,
1245 1198 1332 1251 διὰ
1364 1199 1426 1251 τὸ
1455 1199 1614 1269 δῆσαι
1662 1198 1753 1250 τὸν

188 1287 394 1356 ἰσχυρόν
420 1303 578 1356 φησι,
607 1288 701 1339 καὶ
722 1286 1019 1359 διαρπάσαι
1043 1288 1112 1342 τὰ
1139 1288 1308 1359 σκεύη
1330 1287 1493 1342 αὐτοῦ
1516 1290 1757 1343 ὀδικαιο-

186 1380 338 1449 σύνην
360 1379 437 1441 δὲ,
468 1380 551 1431 ὅτι
586 1378 783 1442 ἀδίκως
809 1381 957 1451 ἡμᾶς
985 1380 1330 1453 αἰχμαλωσίᾳ
1359 1382 1754 1452 κατεχομένους

185 1470 521 1543 λελύτρωται.
541 1471 597 1522 Ὀ
634 1471 777 1538 Θεὸς
812 1472 923 1538 ἕως
954 1472 1073 1525 τῶν
1096 1474 1388 1541 ὺψίστων.
1409 1474 1751 1543 Ἀπαγγελῶ,

186 1563 359 1633 φησὶν,
392 1563 573 1636 ὅτε,οὐ
605 1564 762 1634 μόνον
796 1564 863 1618 τὰ
895 1565 988 1617 ἐπὶ
1027 1564 1151 1634 γῆς,
1184 1564 1321 1618 ἀλλά
1354 1567 1446 1619 καὶ
1476 1567 1545 1619 τά
1570 1569 1627 1620 ἐν
1662 1569 1755 1621 οὐ-

184 1656 355 1723 ρανοῖς
404 1654 491 1707 διὰ
538 1654 636 1707 τοῦ
689 1654 815 1708 ίδίου
857 1655 1144 1727 ἐλυτρώσω
1190 1658 1671 1729 αἵματος.”()μοιον
1698 1660 1755 1713 δὲ

184 1742 284 1812 effr
319 1744 432 1796 Ὀτι
462 1743 562 1797 καὶ
596 1744 748 1813 αὑτὴ
788 1747 826 1814 ἡ
856 1746 1051 1812 κτίσις
1076 1747 1608 1815 ἐλευθερωθήσεται
1637 1748 1754 1803 ἀπὸ

1850 572 1970 611 eam
1998 556 2416 626 promissionem
2447 570 2576 624 erga
2620 570 2679 610 se
2708 554 2941 624 impleri.
2992 552 3128 607 Deus
3171 568 3335 618 meus,
3362 568 3425 604 ne

1851 646 2183 716 derelinquas
2218 663 2318 708 me,
2346 646 2508 699 donec
2532 646 2838 699 annuntiem
2868 644 3141 699 brachium
3170 653 3339 697 tuum.
3367 643 3425 697 Si

1852 756 1961 806 me,
1989 742 2184 809 inquit,
2209 738 2363 809 juxta
2390 739 2811 808 promissionem
2852 748 3001 791 tuam
3043 751 3152 790 non
3185 735 3423 790 derelin-

1852 848 2011 902 quas,
2037 830 2284 897 Domine,
2320 841 2449 885 tunc
2478 829 2720 885 futurum
2758 839 2841 885 est
2883 838 2943 884 ut
2975 828 3295 883 annuntiem
3331 841 3424 880 “o-

1854 925 2073 978 bustum
2106 924 2389 978 brachium
2426 933 2576 977 tuum
2622 922 2762 977 fideli
2796 921 3129 993 generationi
3159 935 3224 975 ex
3248 919 3426 989 genti-

1854 1015 1957 1071 bus
1981 1016 2194 1070 futui-re.
2231 1014 2371 1082 Quid
2400 1023 2581 1069 autem
2617 1015 2688 1069 sit
2718 1014 3003 1068 brachium
3036 1012 3308 1068 subinfert
3338 1012 3425 1066 his

1853 1108 2073 1162 verbis:
2103 1106 2404 1161 Potentiam
2454 1116 2596 1159 tuam
2634 1116 2683 1160 et
2721 1107 2987 1175 justitiam
3022 1115 3188 1161 tuam.
3223 1104 3426 1159 Potcuv

1854 1201 1986 1255 tiam
2009 1201 2161 1265 dicit,
2187 1201 2315 1269 quia
2350 1200 2533 1269 ligavit
2558 1198 2751 1254 fortem
2778 1199 2928 1253 illum
2960 1207 3014 1253 et
3042 1198 3271 1267 diripuit
3296 1213 3422 1252 vasa

1854 1293 1975 1363 ejus
2006 1311 2021 1359 ;
2048 1294 2319 1363 justitiam
2356 1307 2509 1359 vero,
2558 1292 2685 1361 quia
2732 1308 2831 1345 nos
2864 1291 3175 1361 captivitate
3220 1291 3425 1360 injuste

1854 1386 2102 1441 detentos
2136 1385 2383 1440 redemit.
2419 1385 2555 1439 Deus
2591 1402 2752 1455 usque
2787 1386 2842 1437 in
2886 1384 3171 1437 altissima.
3199 1385 3428 1438 Annuu-

1854 1478 2026 1540 tiabo,
2071 1478 2269 1546 inquit,
2312 1477 2455 1546 quod
2498 1492 2604 1531 non
2641 1475 2802 1531 modo
2852 1485 3086 1541 terrena,
3122 1476 3217 1530 sed
3260 1476 3424 1529 etiam

1856 1570 2098 1625 caelestia
2116 1585 2209 1639 per
2232 1570 2510 1639 prOprium
2541 1568 2860 1639 sanguinem
2894 1567 3215 1622 redemeris.
3241 1565 3427 1621 Simile

1855 1673 2035 1717 autem
2070 1674 2151 1717 est
2182 1663 2257 1716 illi
2290 1682 2301 1717 :
2337 1660 2600 1727 Quoniam
2622 1672 2670 1715 et
2695 1662 2810 1731 ipsa
2841 1670 3085 1714 creatura
3119 1658 3429 1713 liberabitur

1860 1772 1891 1807 a
1934 1756 2179 1808 servitute
2220 1756 2567 1823 corruptionis
2602 1754 2670 1835 f5.
2721 1746 2861 1807 Heus
2903 1757 3022 1826 quis
3056 1754 3247 1808 similis
3286 1753 3429 1809 ttbi.’

188 1833 287 1900 τῆς
304 1833 589 1901 δουλείας
617 1834 725 1903 τῆς
750 1836 994 1905 φθορᾶς.
1014 1838 1076 1891 Ὀ
1099 1839 1261 1905 Θεὸς,
1290 1841 1381 1906 τίς
1408 1840 1607 1910 ὅμοιός
1636 1858 1754 1907 σου

1861 1845 2074 1901 Gratias
2091 1846 2221 1916 agit,
2241 1845 2408 1915 quod,
2426 1819 2639 1900 etiamsi
2663 1845 2792 1899 olim
2820 1846 3014 1899 merito
3034 1845 3239 1915 peccati
3262 1860 3428 1900 causa

186 1927 501 1997 Εὐχαριστεῖ
540 1928 629 1996 ἐφ’
659 1923 760 1994 οἷς,
798 1930 973 1982 καίτοι
1003 1930 1168 1985 πάλαι
1212 1931 1299 1985 διὰ
1346 1932 1443 2003 τὴν
1487 1934 1757 2006 ἁμαρτίαν

186 2021 395 2085 δικαίως
438 2022 973 2093 καταδεδικασμένος
1011 2024 1244 2096 Θανάτῳ,
1274 2027 1373 2080 οὐκ
1401 2028 1757 2099 ὲναπέμεινεν

186 2112 256 2183 τῷ
287 2112 527 2184 θανάτων
555 2113 693 2167 άλλά
723 2117 788 2185 τῇ
814 2113 907 2167 τοῦ
934 2115 1070 2169 Θεοῦ
1102 2116 1479 2190 φιλανθρωπίᾳ
1500 2118 1758 2172 ἀπολέλυ-

188 2222 268 2258 ται
290 2204 372 2258 διὰ
394 2205 637 2277 Χριστοῦ
666 2206 763 2277 τῆς
789 2206 1017 2278 φθορᾶς.
1332 2222 1335 2223 ⁷

280 2302 437 2364 Οσας
474 2298 719 2364 ἔδειξας
748 2317 851 2368 μοι
900 2301 1137 2369 θλίψεις
1178 2300 1451 2369 πολλάς;
1480 2304 1620 2357 Οἴων
1649 2304 1756 2375 γάρ

190 2407 249 2460 με
297 2391 386 2443 καὶ
434 2391 580 2443 ὅσων
632 2394 824 2461 πεῖραν
874 2391 1058 2445 λαϐεῖν
1102 2393 1360 2464 ἐποίησας
1393 2395 1612 2461 κακῶν;
1645 2397 1756 2451 Καὶ

185 2481 539 2551 ἐπιστρέψας
569 2482 972 2549 ἐζωοποίησάς
990 2500 1087 2552 με,
1124 2485 1221 2539 καὶ
1242 2485 1309 2538 ἐκ
1329 2485 1445 2539 τῶν
1471 2488 1758 2543 ἀϐύσσων

186 2567 288 2636 τῆς
322 2570 433 2639 γῆς
475 2568 781 2641 ἀνήγαγεές
824 2588 921 2640 με.
940 2572 1345 2637 Ἑπλεόνασας
1373 2572 1465 2624 ἐπ’
1496 2572 1598 2641 ἐμὲ
1642 2573 1759 2642 τὴν

183 2664 603 2730 μεταλοσύνην
636 2679 772 2725 σου,
809 2664 907 2716 καὶ
939 2662 1307 2731 ἐπιστρέψας
1342 2663 1757 2731 παρεκάλεσάς

182 2769 268 2821 με.
286 2754 339 2807 '0
361 2753 763 2824 διπλασιασμὸς
794 2753 936 2807 ἔοικε
968 2754 1250 2825 σημαίνειν
1278 2755 1375 2825 τὴν
1405 2757 1496 2808 ἐπὶ
1523 2758 1635 2819 τοῖς
1663 2774 1747 2827 με·

187 2845 249 2899 τὰ
277 2846 334 2899 τὸ
364 2846 651 2917 βάπτισμα
683 2847 1116 2918 πλημμελήμασι
1150 2848 1440 2920 γινομένην
1470 2849 1757 2919 μετάνοιαν

187 2935 365 3010 δεκτὴν
408 2940 679 3008 ὑπάρχειν
732 2938 830 3009 τῷ,
872 2940 947 3003 ὡς
994 2939 1232 3011 εἴρηται,
1268 2940 1619 2993 πλεονάσαντι
1671 2942 1755 3010 ἐφ’

188 3032 324 3101 ἡμᾶς
360 3032 456 3104 τὴν
492 3031 662 3085 αὑτοῦ
692 3033 1002 3102 ἁγαθὸτητά
1040 3050 1098 3085 τε
1140 3033 1232 3086 καὶ
1271 3033 1632 3104 δικαιοσύνην.
1667 3034 1757 3086 Διὸ

1859 1948 2034 1991 morte
2070 1938 2364 1992 damnatus
2398 1940 2489 2003 sit,
2514 1953 2619 1991 non
2648 1938 2701 1990 in
2729 1941 2901 1991 morte
2930 1938 3256 1991 remanserit
3286 1953 3300 2000 ;
3334 1939 3427 1992 sed

1856 2028 1953 2085 Dei
1983 2031 2267 2085 clementia
2299 2046 2395 2101 per
2426 2030 2705 2085 Christum
2740 2029 3003 2085 liberatus
3045 2028 3116 2085 sit
3165 2043 3197 2083 a
3238 2044 3430 2084 corru—

1856 2123 2061 2190 ptione.

1926 2295 2017 2362 20,
2041 2297 2129 2351 2|.
2174 2295 2411 2361 Quantas
2434 2297 2709 2349 ostendisti
2736 2296 2864 2349 mihi
2896 2294 3264 2349 tribulationes
3286 2294 3427 2350 mul-

1859 2399 1940 2445 tas
1968 2393 1992 2444 ἱ)
2017 2391 2272 2456 Qualium
2311 2406 2397 2445 me
2435 2399 2879 2459 quantorumque
2904 2390 3173 2443 malorum
3205 2390 3427 2459 experi—

1858 2492 2099 2536 mentum
2159 2498 2373 2535 sumere
2422 2480 2653 2535 fecisti?
2695 2479 2763 2533 Et
2823 2497 3099 2534 conversus
3146 2481 3427 2549 viviﬁcasti

1860 2590 1961 2638 me,
1990 2582 2040 2627 et
2072 2573 2133 2626 de
2171 2572 2371 2641 abyssis
2403 2582 2555 2625 terra:
2592 2571 2783 2624 iterum
2811 2566 3067 2624 reduxisti
3106 2587 3205 2625 me.
3240 2570 3429 2624 Multi-

1859 2665 2070 2735 plicasti
2099 2665 2547 2734 magniﬁcentiam
2582 2674 2750 2728 tuam,
2782 2674 2831 2718 et
2867 2682 3143 2719 conversus
3184 2653 3426 2719 consola-

1860 2767 1943 2810 tus
1969 2773 2022 2810 es
2050 2773 2149 2811 me.
2182 2756 2447 2825 Repetitio
2470 2756 2681 2810 videtur
2702 2756 3024 2826 signiﬁcare,
3052 2757 3428 2827 pcenitentiam

1856 2849 1923 2902 de
1953 2850 2188 2918 peccatis
2221 2856 2344 2918 post
2385 2848 2713 2918 baptismum
2760 2848 3014 2902 admissis
3066 2859 3342 2918 acceptam
3377 2850 3425 2902 ei

1858 2956 1998 3004 esse,
2039 2942 2154 3010 qui,
2203 2950 2263 2994 ut
2301 2941 2504 2996 dictum
2531 2949 2635 3001 est,
2687 2941 3068 3011 multiplicavit
3113 2957 3275 3011 super
3325 2956 3429 2997 nos

1856 3034 2151 3087 bonitatem
2204 3044 2257 3086 et
2304 3033 2569 3103 justitiam
2619 3049 2793 3089 suam.
2856 3032 3195 3103 QuaprOpter
3250 3033 3426 3103 prius,

189 3124 440 3196 πρότερον
474 3127 578 3194 μὲν
608 3124 689 3187 τὸ,
717 3122 1121 3192 ἐζωοποίησάς
1149 3140 1245 3192 με,
1290 3124 1365 3188 ὡς
1403 3125 1494 3176 ἐπὶ
1524 3125 1754 3192 ἀναγενο

1861 3126 2138 3193 viviﬁcasti
2173 3141 2271 3185 me,
2312 3127 2466 3195 quasi
2502 3126 2569 3179 de
2610 3126 3022 3196 regeneratione
3067 3126 3272 3180 dictum
3300 3136 3381 3180 est
3411 3144 3425 3177 :

188 3216 381 3285 νήσεως
428 3219 685 3289 εἴρηται·
722 3215 972 3286 δεύτερον
1009 3216 1065 3269 δὲ
1108 3222 1190 3279 τὸ,
1219 3216 1656 3285 παρεκάλεσας,
1683 3215 1757 3279 ὡς

188 3306 271 3358 ἐπὶ
314 3308 795 3378 καταπονουμένου
846 3310 911 3378 τῇ
943 3306 1053 3361 τῶν
1086 3307 1495 3378 ἁμαρτημάτων
1529 3306 1754 3376 ἀθυμίᾳ.

193 3399 334 3450 Ἐστι
364 3399 546 3469 μέντοι
572 3400 666 3451 καὶ
694 3399 785 3451 ἐπὶ
813 3399 909 3469 τῆς
932 3399 990 3462 ἐξ
1014 3398 1285 3466 Αἰγύπτου
1316 3398 1412 3469 μὲν
1438 3396 1758 3468 λυτρώσεως

188 3490 249 3542 τὰ
276 3492 511 3562 πρότερα
558 3491 657 3561 μὲν
693 3490 1033 3555 ἐκδέξασθαι,
1062 3492 1163 3567 ἐπὶ.
1190 3492 1287 3561 τῆς
1320 3490 1412 3543 τοῦ
1456 3490 1659 3562 Κυρίου
1701 3489 1758 3543 δὲ

192 3583 480 3653 παρουσίας
522 3583 595 3636 τὰ
640 3582 867 3654 δεύτερα
908 3583 1118 3653 νοῆσαι,
1152 3584 1240 3636 ὅτε
1280 3584 1373 3636 καὶ
1414 3584 1447 3654 ἡ
1490 3582 1757 3653 παντελὴς

192 3658 309 3744 ἡμῖν
340 3676 527 3744 γέγονε
567 3676 932 3748 παράκλησις.
961 3678 1023 3729 Oi
1052 3675 1158 3748 γὰρ
1186 3674 1245 3739 ἐξ
1272 3676 1545 3744 Αἰγύπτου
1575 3674 1757 3745 ἐξελη-

192 3765 415 3833 λυθότες,
446 3772 494 3823 εί
530 3771 629 3822 καὶ
656 3769 999 3841 ὲρῤύσθησαν
1021 3767 1114 3822 τοῦ
1143 3768 1476 3839 προσκαίρου
1504 3767 1755 3828 θανάτου,

192 3860 294 3912 ἀλλ’
320 3862 627 3915 ὑπέπιπτον
662 3861 741 3932 τῷ
773 3863 996 3934 αἰωνίῳ,
1027 3862 1102 3926 ὡς
1138 3861 1360 3932 μηδέπω
1401 3860 1496 3930 τῆς
1524 3860 1759 3914 ἀναστά-

194 3968 318 4015 σεως
348 3947 553 4026 δεδωρη
564 3955 755 4026 μένης.

255 4045 357 4096 Καὶ
389 4045 498 4112 γὰρ
535 4044 653 4114 ἐγὼ
691 4043 1208 4114 ἐξομολογήσομαί
1258 4060 1355 4098 σοι
1396 4045 1465 4096 ἐν
1510 4044 1759 4097 σκεύεσι

193 4136 420 4204 ψαλμοῦ
450 4137 569 4205 τὴν
600 4137 892 4203 ἀλήθειάν
932 4154 1070 4198 σου,
1110 4141 1142 4191 ὁ
1170 4138 1333 4202 Θεός.
1365 4135 1539 4199 Οὕτω,
1572 4136 1756 4205 φησιν,

194 4226 410 4295 ἐμαυτὸν
458 4231 867 4301 παρασκευάσω
896 4230 986 4283 διὰ
1028 4231 1126 4300 τῆς
1164 4229 1599 4300 ἐξομολογήσεως
1640 4229 1759 4279 ὲπι-

194 4318 383 4388 τήδειον
406 4324 701 4393 γενηθῆναι
732 4323 868 4391 πρὸς
896 4320 958 4373 τὸ
992 4320 1182 4383 σκεῦος
1208 4318 1526 4390 ὑμνολογίας
1554 4317 1758 4388 κληθῆ-

194 4426 290 4464 ναι.
323 4414 380 4467 Et
406 4415 461 4467 δὲ
497 4416 689 4479 σκεῦος
723 4414 985 4485 κληθῆναι
1017 4412 1247 4483 ἐκλογῆς
1276 4412 1542 4472 λέλεκται,
1569 4411 1754 4480 δηλον-

1861 3217 2102 3272 secundo
2132 3226 2334 3283 autem,
2374 3217 2671 3271 consolatus
2717 3235 2769 3271 es
2808 3234 2906 3283 me,
2946 3220 3103 3287 quasi
3132 3218 3198 3272 de
3242 3234 3308 3272 eo
3346 3216 3429 3271 di-

1862 3320 2010 3364 ctum
2042 3312 2246 3379 estqui
2283 3310 2505 3365 admissi
2543 3312 2748 3380 peccati
2781 3311 2998 3365 tristitia
3022 3310 3255 3364 laborat.
3290 3309 3428 3364 Pos-

1865 3411 1995 3457 sunt
2020 3404 2183 3455 etiam
2209 3402 2388 3471 priora
2413 3402 2479 3455 de
2509 3401 2833 3456 liberatione
2855 3417 2921 3456 ex
2958 3400 3193 3472 Egypto
3225 3402 3427 3455 intelli-

1859 3495 1933 3565 gi,
1967 3504 2019 3548 et
2041 3495 2277 3549 secunda
2302 3494 2365 3547 de
2399 3492 2610 3546 Domini
2642 3494 2873 3547 adventu
2897 3494 3177 3562 explicari,
3209 3493 3428 3562 quando

1859 3587 2018 3640 nobis
2043 3587 2199 3655 plena
2238 3584 2541 3639 consolatio
2583 3583 2704 3637 fuit.
2737 3583 2841 3649 Qui
2885 3585 3031 3638 enim
3078 3600 3146 3639 ex
3190 3584 3428 3656 Egypto

1859 3679 2064 3749 egressi
2114 3686 2273 3740 sunt,
2336 3678 2436 3730 etsi
2493 3676 2704 3729 liberati
2744 3676 2963 3731 fuerunt
3007 3692 3037 3730 a
3080 3686 3426 3746 temporanea

1860 3782 2055 3835 morte,
2086 3780 2141 3824 at
2164 3771 2475 3824 inciderunt
2506 3770 2558 3823 in
2589 3781 2871 3836 :eternam,
2906 3786 3031 3825 cum
3065 3771 3309 3825 nondum
3342 3786 3425 3823 re-

1860 3866 2213 3921 surrectionis
2240 3865 2407 3933 gratia
2437 3864 2557 3918 data
2582 3873 2726 3917 esset

1926 4044 2018 4097 2'3.
2065 4041 2206 4095 Nam
2256 4048 2305 4093 et
2351 4054 2442 4107 ego
2489 4037 2772 4105 conﬁtebor
2826 4036 2922 4090 tibi
2960 4038 3016 4090 in
3055 4036 3196 4089 vasis
3233 4036 3428 4104 psalmi

1858 4140 2128 4190 veritatem
2162 4143 2329 4196 tuam,
2362 4131 2524 4186 Deus.
2554 4130 2656 4195 Me,
2684 4130 2879 4199 inquit,
2904 4145 3000 4199 per
3026 4127 3427 4183 confessionem

1858 4231 1931 4284 ita
1977 4227 2275 4293 adornabo,
2319 4234 2379 4279 ut
2431 4237 2589 4293 aptus
2630 4223 2732 4278 sim
2783 4223 2872 4292 qui
2914 4238 3011 4277 vas
3070 4221 3431 4292 hymnologiee

1859 4323 2114 4392 appellor.
2162 4319 2317 4386 Quod
2362 4319 2407 4372 si
2440 4318 2618 4371 dictus
2654 4325 2736 4371 est
2772 4333 2866 4373 vas
2895 4316 3197 4381 electionis,
3250 4316 3429 4370 dictus

1858 4423 1942 4468 est
1974 4413 2138 4467 etiam
2171 4428 2265 4466 vas
2291 4412 2675 4482 hymnologize.
2709 4409 2948 4463 Psallam
2982 4409 3076 4462 tibi
3115 4409 3168 4462 in
3195 4408 3425 4463 cithara.

193 4503 267 4556 ότι
291 4507 380 4559 καὶ⁹
412 4508 604 4571 σκεῦος
636 4507 976 4579 ὑμνολογίας.
1003 4504 1182 4561 Ψαλῶ
1212 4522 1309 4559 σοι
1337 4505 1406 4557 ἐν
1432 4502 1754 4573 κιθάρᾳ.Τῇ

1861 4506 2089 4565 Animas,
2123 4502 2324 4571 inquit,
2351 4512 2639 4556 concentu.
2684 4500 2820 4553 Cum
2854 4499 2998 4553 enim
3031 4498 3120 4551 illa
3157 4498 3291 4551 nihil
3323 4496 3428 4550 sibi

195 4596 284 4666 τῆς
324 4598 498 4671 ψυχῆς
549 4601 782 4671 ἁρμονίᾳ
828 4600 1023 4670 φησίν⁶
1066 4600 1233 4651 Ὅταν
1264 4597 1373 4669 γὰρ
1406 4597 1570 4667 μηδὲν
1605 4598 1757 4649 ἐναν-

194 4688 294 4741 τίον
322 4692 480 4763 ἑαυτῇ
514 4694 651 4763 μήτε
680 4691 821 4745 κατά
852 4692 1077 4762 τὸνξβίον
1106 4692 1241 4762 μήτε
1268 4691 1397 4761 περὶ
1422 4691 1490 4742 τά
1513 4690 1755 4758 δόγματα

197 4782 311 4849 ποιῇ
358 4782 602 4854 ἣπάσχῃ
633 4784 667 4852 ἡ
702 4781 869 4853 ψυχὴ,
904 4782 1025 4835 τότε
1071 4782 1137 4854 δὴ
1181 4784 1301 4836 τότε
1349 4781 1513 4851 νοητὴ
1553 4778 1756 4850 κιθάρα

197 4870 403 4945 κληθείη
430 4874 674 4938 δικαίως.

271 4965 750 5039 Ἀ’ραλλιάσονται
780 4967 852 5021 τὰ
876 4968 1050 5036 χείλη
1072 4984 1212 5037 μου,
1254 4965 1399 5019 ὅταν
1434 4964 1609 5034 ψαλῶ
1633 4982 1751 5019 σοι.

199 5052 353 5108 Τοῦτο
394 5060 527 5129 πρὸς
560 5059 965 5130 ἀντιδιαστολὴν
997 5056 1090 5112 τοῦ
1139 5059 1305 5129 νόμου
1348 5057 1626 5111 λέλεκταιο
1675 5058 1758 5110 ὅτι

200 5145 365 5202 ἐκεῖνα
389 5151 483 5220 μὲν
510 5152 576 5205 τὰ
604 5153 953 5223 ἐπιτάγματα
982 5148 1050 5223 ἦν
1081 5152 1332 5223 φορτικὰ,
1368 5151 1443 5214 ὡς
1472 5150 1760 5221 δυσκατόρ-

200 5236 350 5303 θωτα,
378 5243 545 5297 ταῦτα
570 5245 625 5298 δὲ
659 5245 874 5317 χρηστά
905 5262 963 5297 τε
1007 5246 1099 5298 καὶ
1140 5242 1369 5314 ἐλαφρὰ,
1402 5242 1476 5305 ὡς
1522 5243 1614 5296 καὶ
1639 5242 1758 5313 ἡδο·

202 5330 286 5399 ν’ἡς
330 5334 745 5408 ἀποπληροῦντα
788 5338 915 5401 τοὺς
954 5336 1282 5404 ἀξιωθέντας
1329 5334 1528 5389 αὐτῶν.
1581 5334 1690 5388 Καὶ
1717 5335 1757 5402 ἠ

203 5424 355 5490 Ψυχή
388 5444 505 5494 μου
556 5427 637 5496 ἣν
684 5427 1033 5497 ἑλυτρώσω,
1060 5428 1161 5499 τῆς
1200 5427 1469 5499 ἁμαρτίας
1503 5426 1602 5495 τῆς
1632 5424 1759 5496 φθο-

205 5515 315 5583 ρᾶς,
343 5519 437 5589 τῆς
465 5521 703 5585 δουλείας
728 5523 821 5576 τοῦ
858 5524 1094 5589 Σατανᾶ,
1123 5520 1215 5576 τοῦ
1242 5519 1471 5574 θανάτου
1498 5517 1682 5572 αὑτοῦ.

266 5786 310 5819 ⁸⁵
352 5788 504 5847 Rom.
538 5806 722 5856 xxvm,
751 5790 841 5845 21.

1860 4597 2220 4661 contrarium,
2265 4595 2379 4651 sive
2412 4595 2711 4649 secundum
2752 4593 2939 4655 vitam,
2979 4593 3093 4646 sive
3128 4590 3428 4646 secundum

1860 4690 2163 4744 doctrinam
2188 4687 2379 4741 fecerit
2406 4695 2499 4739 aut
2532 4701 2691 4755 passa
2724 4684 2908 4750 fuerit,
2947 4693 3077 4740 tunc
3107 4701 3240 4740 sane
3268 4684 3430 4754 spiri-

1863 4782 2025 4835 tualis
2054 4780 2259 4835 cithara
2287 4778 2409 4848 jure
2436 4777 2757 4847 appelletur.

1862 4962 1877 4976 ’
1932 4960 2022 5013 25.
2070 4957 2425 5012 Essultabunt
2475 4957 2620 5010 labia
2659 4974 2775 5011 mea
2817 4974 2935 5011 cum
2987 4967 3267 5012 cantavero
3316 4959 3429 5014 tibi.

1865 5050 1976 5105 Hoc
2003 5051 2079 5105 ait
2103 5050 2169 5103 ad
2201 5048 2495 5104 discrimen
2527 5048 2681 5120 legis,
2719 5048 2847 5118 quia
2880 5048 3001 5118 ejus
3041 5049 3261 5118 quidem
3295 5064 3431 5117 prm-

1864 5152 2018 5213 cepta
2066 5157 2295 5197 onerosa
2344 5152 2499 5196 erant
2543 5150 2597 5197 et
2645 5142 2937 5196 observata
2991 5140 3247 5197 dillicilia.
3309 5138 3435 5196 "me

1865 5245 2046 5291 autem
2080 5242 2365 5289 mansueta
2395 5250 2459 5289 ac
2498 5234 2633 5288 levia
2658 5244 2805 5299 sunt,
2845 5236 2918 5288 ita
2958 5245 3017 5288 ut
3062 5249 3157 5288 eos
3188 5232 3280 5301 qui
3325 5232 3432 5285 illis

1865 5330 2071 5401 dignati
2104 5337 2232 5384 sunt
2252 5331 2524 5397 voluptate
2556 5328 2815 5398 repleant.
2839 5329 2906 5382 Et
2931 5328 3109 5379 anima
3131 5342 3244 5378 mea
3274 5340 3431 5393 quam

1865 5422 2152 5489 redemisti,
2182 5436 2211 5474 a
2243 5429 2464 5490 peccato
2497 5420 2883 5491 corruptionis,
2913 5434 2943 5474 a
2977 5418 3238 5474 servitute
3278 5416 3431 5470 Sata-

1866 5531 1969 5574 ηαξ.
1999 5514 2066 5571 ab
2092 5514 2206 5585 ipsa
2239 5523 2427 5569 morte.

2624 5654 2704 5715 71/
