3872 6216
399 290 504 344 525
1211 287 1270 342 S.
1313 287 1684 341 ATHANASII
1723 285 1875 342 OPP.
1921 286 2105 343 PARS
2146 289 2234 343 Ill.
2279 319 2347 329 —
2385 287 2804 346 EXEGETICA.
3557 291 3664 345 524

467 404 558 458 24.
601 404 706 458 bed
745 413 795 457 et
835 403 1017 474 lingua
1053 419 1164 455 mea
1197 411 1308 454 tota
1332 403 1416 454 die
1455 400 1798 453 meditabitur
1819 401 1981 470 justi-

2156 403 2284 454 Ἔτι
2326 401 2395 454 δὲ
2440 403 2533 454 καὶ
2582 404 2620 470 ἠ
2659 401 2914 470 γλῶσσά
2936 419 3055 472 μου
3101 402 3257 471 ὅλην
3287 402 3402 471 τὴν
3439 404 3670 474 ἡμέραν

405 497 540 550 tiam
571 505 738 560 tuam,
771 513 888 548 cum
929 495 1134 561 confusi
1173 504 1219 548 el
1254 494 1462 547 reveriti
1488 493 1682 562 fuerint
1716 493 1804 560 qui
1834 503 1934 561 qua

2142 494 2397 561 ιλετήσει
2426 494 2538 562 τὴν
2561 495 2956 562 δικαιοσύνην
2994 513 3132 559 σου,
3164 496 3310 550 ὅταν
3333 498 3671 568 αἰσχυνθῶ-

399 599 523 643 rant
542 584 685 642 mala
702 589 852 642 milii.
879 588 1014 642 Cum
1049 587 1361 657 spirituales
1386 587 1592 641 inimici
1621 585 1746 647 mei,
1773 584 1922 652 inqui

2138 595 2181 652 r,‘
2213 588 2312 642 καὶ
2355 588 2733 656 ἐντραπῶσιν
2778 592 2830 643 ol
2868 588 3184 657 ζητοῦντες
3233 590 3307 644 τὰ
3354 590 3507 645 κακὰ
3549 610 3667 659 μοι.

398 681 467 734 de
513 679 693 734 medio
737 679 958 744 sublati,
995 688 1050 733 ct
1083 680 1176 748 qui
1212 679 1264 731 in
1311 678 1509 748 abysso
1551 677 1802 730 habitant
1836 674 1927 728 inf:

2138 679 2250 728 ιταν
2299 679 2362 728 ὲκ
2421 677 2586 746 μέσου
2635 677 2926 747 γένωνται,
2973 679 3161 748 φησὶν,
3231 681 3280 733 οἱ
3336 681 3518 752 νοητοί
3566 700 3667 754 μου

398 773 509 827 mia
544 782 598 827 et
631 773 834 841 pudore
863 770 1039 826 aﬂ‘ecti
1075 771 1277 825 fuerint
1302 789 1314 824 :
1344 780 1492 832 tunc,
1529 779 1717 839 utpote
1758 769 1927 822 nemit

2143 766 2286 837 θροὶ,
2319 770 2412 819 καὶ
2443 767 2540 838 τὴν
2568 767 2798 822 ἄϐυσσον
2833 768 3110 832 οἰκοῦντες
3144 768 3549 840 περιϐάλωντοῖι
3586 775 3672 826 αξ-

402 863 542 918 ultra
584 865 974 932 praepediente,
1022 878 1299 934 nunquam
1339 862 1590 925 cessabo,
1647 861 1894 924 Domine,
1929 867 1931 880 '

2139 859 2314 930 ξύνηνο
2365 861 2484 913 τότε
2513 861 2597 932 δὴ,
2628 862 2703 925 ὡς
2753 862 2978 934 μηδενὸς
3021 862 3101 915 ἔτι
3145 864 3668 935 παρεμποδίζοντος,

400 954 620 1026 hymnis
641 957 852 1010 celebra
865 971 942 1008 rc.

2082 951 2485 1022 ἁκαταλήκτοις
2520 952 2709 1022 ὕμνοις
2742 953 2942 1007 αἰνέσω
2978 970 3058 1017 σε,
3084 953 3344 1011 Δέσποτα.

503 1049 556 1102 1.
587 1047 653 1102 In
679 1043 1107 1117 ﬁnem,PS.-1LM
1115 1042 1203 1098 US
1236 1043 1406 1097 David
1432 1045 1486 1096 in
1517 1041 1870 1098 Salomonem.
1956 1102 1978 1112 η

2137 1045 2186 1110 ἱς
2219 1043 2284 1096 τὸ
2306 1042 2499 1108 τέλος,
2539 1047 2846 1098 ΨΑΛΜΟΣ
2874 1044 2954 1110 τῷ
2985 1045 3167 1099 Δαυῖὃ
3194 1050 3280 1112 εἰς
3312 1044 3666 1118 Σαλομῶνα.

1085 1135 1298 1192 LXXI.
2810 1141 2936 1190 OA'.

609 1303 612 1306 .
990 1233 1398 1301 Argumentum.
1433 1251 1437 1256 ·

2709 1229 3032 1296 Ὑπόθεσις.

398 1329 682 1384 Adventus
715 1325 923 1381 Christi
986 1324 1140 1378 hisce
1210 1322 1570 1391 signiﬁcatur,
1603 1335 1816 1375 necnon
1851 1335 1927 1390 get

2141 1318 2361 1389 αρουσία
2388 1316 2622 1389 Χριστοῦ
2661 1319 2750 1372 διὰ
2793 1318 2900 1373 τῶν
2941 1321 3223 1392 παρόντων
3265 1323 3670 1394 κατασημαίνε-

470 1421 608 1475 tium
650 1419 886 1473 vocatio.
943 1415 1000 1471 In
1043 1415 1394 1470 Salomonem
1440 1425 1619 1468 autem
1665 1414 1981 1470 inscribitur

2151 1428 2261 1473 ται,
2303 1411 2399 1463 καὶ
2433 1411 2621 1482 κλῆσις
2652 1411 2840 1465 ἐθνῶν.
2872 1411 2964 1476 Εἰς
2997 1411 3256 1484 Σαλομὼν
3282 1413 3339 1468 δὲ
3369 1417 3671 1488 ἐπιγέγρα-

471 1511 742 1580 psalmus.
789 1505 887 1562 llic
919 1507 1064 1561 cnim
1099 1522 1261 1560 verus
1283 1516 1366 1558 cst
1408 1503 1662 1558 Salomon
1700 1505 1976 1572 pacilicus,

2153 1521 2282 1556 πται
2309 1506 2336 1557 6
2367 1503 2598 1574 ψαλμός.
2627 1499 2791 1568 Οὗτος
2839 1505 2946 1576 γάρ
2979 1507 3125 1558 ἐστιν
3158 1507 3364 1578 ἀληθὴς
3403 1509 3669 1580 Σαλομὼν

473 1605 602 1674 quia
639 1602 769 1656 fecit
809 1611 1042 1670 utraque
1096 1615 1266 1654 unum
1289 1640 1304 1666 ,
1341 1607 1396 1653 et
1426 1598 1664 1668 medium
1716 1597 1978 1667 parietem

2151 1594 2180 1645 6
2213 1596 2502 1666 εἰρηναῖος,
2525 1595 2658 1648 διότι
2688 1594 2780 1649 καὶ
2815 1598 3114 1666 πεποίηκεν
3144 1598 3201 1650 ἓν
3227 1599 3538 1672 ἀμφότερα,
3571 1605 3669 1656 καὶ

472 1696 723 1749 maceria;
750 1695 914 1748 δοινίι
946 1693 1013 1746 ιϐ,
2151 1685 2214 1737 τὸ
2246 1687 2561 1756 μεσότοιχον
2587 1689 2681 1740 τοῦ
2714 1689 2971 1760 φραγμοῦ
3003 1690 3178 1744 ἕλυσει

472 1786 506 1805 (_\
569 1786 605 1805 n
645 1804 650 1805 ,
687 1804 692 1805 ,
755 1758 1000 1805 3.__‘l.‘_f___--
1041 1793 1183 1805 ι-.-----
1219 1783 1327 1805 ..-..3
1381 1783 1442 1805 ,1.-
1511 1782 1805 1805 “--_--.!--!
1890 1781 1938 1805 ἓ..
2011 1750 2052 1805 Β
2165 1779 2227 1805 'n
2263 1779 2403 1805 n-.\-
2432 1781 2496 1805 -1
2530 1778 2703 1805 -.-τ..,ι
2732 1798 2840 1805 α---
2864 1781 2936 1805 -.Ἴ
2973 1784 3178 1805 ο---.ιι-

471 1786 526 1841 2.
558 1785 1004 1854 Deus,judicium
1038 1793 1186 1836 tuum
1217 1783 1327 1853 regi
1373 1783 1463 1836 da.
1511 1782 1830 1848 Decreristi,
1890 1781 1974 1836 in-

2165 1779 2227 1831 Ὀ
2261 1779 2404 1845 Θεὸς
2432 1781 2497 1834 τὸ
2527 1778 2704 1849 κρῖμά
2726 1798 2840 1835 σου
2861 1781 2940 1846 τῷ
2955 1783 3211 1846 ,ϐασιλεῖ
3236 1784 3362 1851 δός.
3394 1786 3667 1859 Κέκριταί

403 1879 541 1948 quit,
579 1893 611 1931 0
649 1876 832 1943 Pater,
877 1886 936 1930 ut
967 1874 1294 1945 Unigenitus
1327 1885 1454 1929 tuus
1480 1875 1713 1929 illustret
1761 1890 1857 1928 eos
1879 1891 1932 1944 qt

2136 1890 2181 1938 ll,
2213 1873 2395 1943 φησὶν,
2425 1868 2470 1926 ὦ
2499 1874 2700 1944 Πάτερ,
2727 1875 2816 1926 τὸν
2853 1879 3115 1946 μονογενῆ
3153 1897 3245 1931 σου
3273 1878 3402 1931 Υἰὸν
3426 1879 3665 1950 ἐπιλάμ-

403 1979 533 2024 ευιιι
567 1971 618 2022 ιιι
657 1979 822 2022 terra.
867 1965 924 2021 1d
984 1968 1148 2037 igitur
1171 1967 1284 2035 jam
1327 1967 1456 2020 olim
1491 1982 1519 2019 a
1554 1977 1603 2019 te
1645 1967 1932 2035 judicatuu

2133 1982 2175 2017 ιι
2196 1969 2308 2028 τοῖς
2341 1966 2435 2019 ἐπὶ
2460 1967 2582 2035 γῆς.
2615 1964 2786 2019 Τοῦτο
2813 1963 2926 2032 οὖν,
2955 1970 3107 2039 φησὶ,
3136 1969 3195 2022 16
3234 1972 3404 2024 πάλαι
3450 1973 3662 2043 κριθὲν,

400 2078 548 2116 nunc
579 2075 897 2129 exsequere.
932 2059 999 2113 Et
1027 2061 1302 2129 justitiam
1333 2068 1477 2110 tuam
1507 2058 1620 2125 ﬁlio
1654 2059 1806 2127 regis.
1839 2058 1929 2111 Cut

2135 2075 2158 2120 ς
2191 2057 2366 2130 πέρας
2405 2058 2641 2126 ἀγέσθω.
2675 2059 2782 2112 Καὶ
2833 2061 2948 2130 τὴν
2995 2061 3392 2130 δικαιοσύνην
3432 2057 3516 2128 τῷ
3557 2065 3664 2129 υἱῷ

403 2153 522 2215 ipse
557 2152 627 2205 sit
653 2152 870 2219 justitia
899 2149 1095 2215 Patris,
1125 2157 1345 2218 propter
1379 2149 1677 2201 humanam
1723 2159 1932 2202 natural

2130 2149 2184 2202 >ῦ
2207 2149 2531 2216 βασιλέως.
2560 2152 2730 2213 Αὐτὸς
2757 2150 2830 2202 ὢν
2873 2153 2906 2222 ἡ
2950 2151 3266 2225 δικαιοσύνη
3297 2153 3390 2206 τοῦ
3421 2155 3659 2226 Πατρδς,

401 2244 603 2297 dicitur
629 2243 898 2312 justitiam
939 2242 1237 2310 accepisse.
1275 2239 1394 2309 Ipse
1441 2249 1623 2293 autem
1689 2249 1772 2294 est
1817 2238 1928 2292 Chr

2131 2239 2421 2310 καιοσύνην
2465 2239 2680 2308 λέγεται
2727 2241 3005 2314 εἰληφέναι
3054 2244 3142 2297 διὰ
3189 2245 3251 2297 τὸ
3297 2245 3659 2317 ἀνθρώπινον.

400 2344 520 2385 stus
549 2329 664 2384 Rex
693 2341 746 2384 et
777 2330 921 2385 lilius
946 2332 1108 2401 regis.
1165 2327 1420 2382 Judicare
1461 2329 1709 2398 populum
1749 2339 1896 2380 tuum
1922 2346 1929 2381 ι

2136 2331 2250 2394 ὒτὸς
2279 2331 2334 2384 δέ
2364 2334 2510 2384 ἐστιν
2557 2335 2586 2385 6
2630 2332 2865 2405 Χριστὸς
2897 2337 2990 2388 καὶ
3019 2338 3046 2389 6
3075 2336 3349 2406 βασιλεὺς,
3378 2339 3472 2392 καὶ
3496 2339 3524 2392 6
3549 2334 3665 2402 υίὸς

391 2423 633 2496 justitia.
664 2421 790 2476 Haec
823 2431 907 2477 cst
941 2437 1108 2476 causa
1165 2421 1560 2475 incarnationis
1611 2421 1677 2474 ad
1725 2421 1920 2489 jlldlcal

2136 2421 2172 2474 ιῦ
2205 2422 2487 2491 βασιλέως.
2521 2424 2760 2491 Κρίνειν
2798 2425 2903 2478 τὸν
2929 2429 3084 2480 λαόν
3110 2444 3227 2480 σου
3255 2430 3325 2482 ὲν
3359 2425 3665 2484 δικαιοσύά

401 2514 526 2570 dam
573 2516 782 2571 scilicet
833 2515 1050 2569 Satanae
1095 2514 1384 2567 adversum
1437 2528 1538 2566 nos
1576 2514 1930 2582 arrogantiant

2131 2535 2175 2582 τ.
2204 2515 2353 2585 Αὕτη
2377 2517 2475 2586 τῆς
2506 2517 2970 2590 ὲνανθρωπήσεως
3000 2521 3032 2590 ἡ
3065 2520 3213 2573 αἰτία
3255 2521 3316 2574 16
3351 2527 3534 2594 κρῖναι
3565 2524 3660 2594 τὴν

399 2623 570 2678 quare
597 2623 720 2662 cum
753 2607 1066 2677 propediem
1096 2606 1498 2677 cruciligendus
1534 2615 1700 2669 esset,
1761 2606 1928 2659 aiebat

2132 2608 2198 2660 ιϐ’
2227 2608 2384 2678 ήμῶν
2438 2608 2748 2676 πλεονεξίαν
2793 2612 2884 2664 τοῦ
2930 2613 3170 2666 Σατανᾶ·
3217 2613 3415 2668 διὸκαὶ
3451 2616 3661 2686 μέλλων

400 2699 557 2755 Nunc
572 2701 836 2768 judicium
860 2710 935 2753 est
953 2697 1109 2768 hujus
1136 2699 1342 2764 mundi,
1381 2714 1518 2751 nunc
1547 2698 1789 2767 princeps
1817 2697 1929 2765 liujt

2130 2697 2440 2768 ταυροῦσθαι
2474 2699 2676 2768 ἔφασκε
2701 2717 2713 2729 ·
2746 2700 2875 2754 Νῦν
2910 2702 2947 2768 ἡ
2975 2702 3174 2770 κρίσις
3225 2704 3356 2757 ἐστὶ
3407 2706 3514 2761 τοῦ
3556 2724 3659 2760 κο-

397 2796 582 2849 mundi
607 2794 855 2864 ejicietur
877 2793 1026 2861 [oras
1060 2791 1130 2846 ⁵⁷.

2131 2804 2235 2851 μου
2279 2789 2522 2841 τούτου’
2571 2791 2604 2842 ὁ
2650 2787 2850 2858 ἅρχων
2889 2790 2992 2844 τοῦ
3036 2791 3268 2862 κόσμου
3309 2795 3525 2850 τούτου
3560 2795 3660 2850 ἐλ-

2079 2879 2188 2945 mn
2200 2878 2442 2946 θήσεται
2465 2879 2534 2944 ἐξ
2539 2900 2601 2933 ω.

467 2973 524 3028 5.
557 2971 863 3041 Suscipiant
890 2980 1090 3024 montes
1128 2985 1312 3040 pacem
1359 2968 1575 3040 populo,
1607 2976 1655 3022 et
1682 2969 1842 3023 colles
1882 2969 1978 3038 ju-

2162 2970 2517 3025 Ἀναλαϐἐτω
2563 2973 2633 3026 τὰ
2685 2973 2789 3043 ὅρη
2843 2975 3090 3044 εἰρήνην
3136 2971 3216 3043 τῷ
3266 2977 3413 3045 λαῷ,
3460 2982 3560 3035 καὶ
3606 2980 3659 3036 oi

402 3065 628 3117 stitiam.
675 3063 886 3117 Montes
914 3071 966 3116 et
991 3061 1160 3115 colles
1213 3061 1302 3115 hic
1349 3061 1693 3130 evangelicas
1742 3061 1931 3114 virtute

2130 3063 2288 3116 ουνοὶ
2320 3063 2880 3138 δικαιοσύνην.”υρη
2924 3069 3016 3120 καὶ
3047 3068 3268 3138 βουνοὺς
3297 3071 3529 3126 ἐνταῦθα
3557 3075 3659 3138 τάς

399 3167 576 3218 vocat,
605 3172 726 3226 qua:
783 3157 936 3220 olim,
974 3155 1044 3208 ob
1085 3153 1312 3208 eﬂ‘usam
1365 3154 1722 3222 impietatem,
1768 3161 1928 3206 torrat

2130 3155 2436 3223 ιαγγελικὰς
2481 3156 2735 3227 δυνάμεις
2764 3162 2916 3228 φησι,
2947 3161 3043 3224 τὰς
3080 3161 3246 3214 πάλαι
3278 3165 3396 3234 μὲν,
3430 3165 3518 3218 διὰ
3557 3169 3659 3238 τὴν

397 3263 506 3302 non
530 3247 858 3311 incolebant,
885 3261 1041 3320 nunc.
1061 3256 1242 3299 autem
1267 3243 1438 3314 jussu:
1459 3253 1588 3299 sunt
1622 3258 1815 3312 pacem
1845 3259 1926 3298 ου]

2129 3247 2380 3319 εχυμένην
2419 3249 2692 3314 ἀσέϐειαν,
2724 3251 2797 3322 μὴ
2845 3250 3312 3324 ὲπιχωριαζούσας
3339 3260 3404 3328 τῇ
3437 3261 3531 3330 γῇ,
3561 3259 3658 3312 νῦν

397 3341 720 3398 hominibus
758 3337 1138 3392 reconciliare.

2157 3342 2377 3411 εἰρήνην
2406 3343 2541 3414 πρὸς
2570 3344 2775 3412 πάντας
2799 3343 3115 3418 ἀνθρώπους
3142 3350 3542 3422 ἀναλαμϐάνειν
3567 3371 3659 3406 κε-

2075 3430 2392 3502 λευομὲνας.

463 3540 580 3595 4-6.
608 3539 879 3593 Judicabit
897 3555 1148 3610 pauperes
1174 3539 1376 3608 populi.
1405 3537 1690 3608 Paupercs
1725 3537 1974 3592 diciteos

2143 3525 2350 3592 Κρινεῖ
2394 3527 2536 3594 τοὺς
2581 3530 2854 3598 πτωχοὺς
2899 3531 3004 3586 τοῦ
3045 3534 3219 3587 λαοῦ.
3261 3533 3505 3607 Πένητας
3546 3537 3657 3590 τῶν

396 3633 492 3702 qui
529 3631 943 3685 idololatrurum
997 3632 1092 3683 lilii
1123 3639 1300 3692 erant,
1339 3638 1389 3683 et
1436 3639 1593 3682 erant
1627 3623 1776 3681 omni
1829 3628 1925 3681 b0n

2128 3618 2134 3682 ξ
2157 3619 2555 3690 εἰδωλολατρῶν
2580 3623 2831 3696 πατέρων
2855 3625 2988 3696 φησὶ
3008 3625 3115 3678 τῶν
3138 3630 3523 3698 πτωχευύντων
3548 3628 3657 3684 ἀπὸ

393 3725 573 3792 egeni.
596 3724 706 3776 Aut
730 3724 1046 3777 universum
1081 3721 1362 3775 hominum
1391 3737 1583 3790 genus.
1612 3718 1746 3772 Nam
1782 3735 1922 3774 omne

2129 3711 2275 3774 ιντὺς
2307 3711 2494 3776 καλοῦ,
2523 3713 2617 3766 καὶ
2651 3713 2881 3767 καθόλου
2916 3717 3130 3770 πάντων
3159 3717 3462 3790 ἀνθρώπων
3487 3721 3548 3774 τὸ
3572 3720 3658 3790 γέ-

395 3815 841 3878 declinaverunt,
879 3813 1035 3882 juxta
1084 3812 1276 3882 psalmi
1329 3827 1520 3865 vocem
1547 3811 1592 3843 “
1629 3827 1640 3862 :
1681 3810 1747 3866 Et
1799 3812 1921 3864 Itum

2126 3821 2181 3867 ις.
2215 3803 2420 3869 Πάντες
2464 3805 2572 3875 γὰρ
2618 3806 2969 3861 ὲκκεκλίκασι
2999 3810 3140 3863 κατὰ
3169 3809 3269 3883 τὴν
3311 3812 3403 3865 τοῦ
3437 3812 3655 3884 ψαλμοῦ

399 3907 550 3961 Iiabit
583 3906 1044 3960 calumniatorem.
1075 3905 1364 3958 Diabolum
1412 3904 1566 3958 dicit.
1604 3903 1669 3956 Et
1698 3921 1928 3972 permant

2127 3901 2279 3966 υνήν.
2308 3894 2419 3948 Kal
2453 3896 2802 3954 ταπεινώσει
2835 3900 3248 3970 συκοφάντην.
3280 3901 3384 3956 Τὸν
3409 3901 3656 3956 διάϐολόν

396 3999 472 4051 bit
522 4015 640 4051 cum
687 3998 814 4051 sole.
877 3995 934 4050 In
982 3998 1166 4050 omnia
1226 3997 1447 4061 szecula,
1512 3996 1710 4065 inquit,
1745 4011 1925 4065 regnut

2125 4004 2259 4057 ησιν.
2309 3986 2419 4040 Καὶ
2453 3991 2910 4059 συμπαραμενεῖ
2949 3991 3030 4057 τῷ
3080 3995 3244 4061 ἡλίῳ.
3293 3995 3386 4058 Εἰς
3430 3997 3654 4061 αἰῶνας,

393 4091 514 4160 ejus
561 4092 902 4144 extendetur.
938 4087 1004 4140 Et
1030 4099 1151 4140 ante
1183 4087 1366 4140 lauant
1393 4089 1450 4140 in
1477 4090 1869 4158 generationem

2128 4080 2257 4147 ησὶν,
2295 4078 2325 4149 ὴ
2361 4079 2604 4149 βασιλεία
2633 4079 2796 4134 αὑτοῦ
2825 4080 3207 4155 ἐκταθήσεται.
3248 4085 3362 4138 Kal
3394 4086 3505 4154 πρὸ
3546 4085 3657 4154 τῆς

393 4185 798 4250 generationem.
834 4179 960 4241 Iste,
994 4180 1195 4248 inquit,
1237 4179 1331 4246 qui
1382 4179 1436 4231 in
1485 4179 1720 4232 adventu
1758 4193 1859 4232 suo
1915 4179 1922 4231 ι

2128 4171 2340 4239 ελιξνης
2368 4174 2576 4242 γενεὰς
2595 4174 2832 4243 γενεῶν.
2857 4173 3043 4241 Οὗτος,
3071 4180 3257 4248 φησὶν,
3283 4183 3310 4232 6
3334 4179 3657 4250 βασιλεύσας

393 4285 606 4328 terrena
640 4290 865 4344 regnum
885 4273 1143 4335 obtinuit,
1181 4273 1295 4340 ipse
1329 4282 1412 4326 est
1440 4282 1564 4325 ante
1589 4272 1788 4324 smcula
1819 4287 1922 4325 crc:

2127 4284 2132 4308 ν
2158 4269 2222 4336 τῇ
2257 4267 2529 4338 παρουσίᾳ
2559 4266 2666 4320 τῶν
2697 4267 2788 4320 ἐπὶ
2822 4268 2921 4338 τῆς
2964 4269 3087 4338 γῆς,
3115 4271 3276 4334 αὑτός
3303 4274 3449 4325 ἐστιν
3495 4274 3524 4325 6
3563 4277 3656 4326 καὶ

394 4373 481 4418 tor
508 4365 774 4420 omnium.
811 4363 1095 4416 Descendet
1121 4365 1258 4414 sicut
1310 4361 1490 4430 pluvia
1525 4362 1576 4414 in
1601 4362 1786 4415 t'ellus.
1844 4363 1923 4416 Sir

2127 4359 2179 4428 p6
2207 4358 2416 4410 αἰώνων
2448 4359 2553 4411 τῶν
2587 4359 2722 4412 ὅλων
2745 4361 3097 4433 δημιουργός.
3127 4359 3540 4430 Καταόἠσεται
3575 4367 3656 4429 ὡς

395 4458 620 4525 strepitu
648 4454 860 4510 uitzsic
921 4465 1104 4508 autem
1144 4453 1390 4522 loquitur
1444 4453 1514 4507 ob
1565 4453 1924 4509 clandestinut

2126 4449 2254 4517 ςτός
2279 4449 2376 4501 ἐπὶ
2403 4452 2614 4503 πόλιον.
2635 4451 2915 4522 ’Λψοφητὶ,
2948 4451 3078 4522 φησί
3103 4468 3116 4481 ·
3147 4451 3307 4504 τοῦτο
3334 4451 3390 4504 δὲ
3413 4447 3536 4504 εἷπε
3566 4452 3655 4505 διὰ

393 4549 685 4604 adventum
710 4548 854 4616 ejus.
1715 4573 1722 4580 -

1715 4573 1722 4580 -
2076 4547 2173 4615 τὴν
2211 4545 2467 4616 λαθραίαν
2495 4544 2657 4597 αὐτοῦ
2689 4545 3010 4617 παρουσίαν.

466 4639 516 4694 7.
540 4639 753 4696 Orietur
778 4641 832 4692 in
853 4639 1034 4692 diebus
1068 4639 1181 4708 ejus
1203 4637 1450 4704 justitia.
1507 4633 1775 4706 Tempore
1813 4653 1969 4692 nam-

2159 4639 2451 4694 Ἆνατελεῐ
2491 4638 2560 4689 ἐν
2602 4637 2730 4704 ταῖς
2775 4636 3019 4706 ἡμέραις
3049 4635 3236 4690 αὑτοῦ
3275 4635 3651 4703 δικαιοσύνη.

391 4747 497 4802 que
528 4734 794 4786 adventus
826 4733 964 4800 ejus,
994 4746 1156 4786 omne
1186 4731 1425 4800 gentium
1451 4731 1653 4785 bellum
1689 4733 1920 4786 sublatut

2131 4733 2232 4787 ατὰ
2257 4733 2365 4803 γὰρ
2392 4731 2478 4785 τὸν
2511 4731 2701 4803 καιρὸν
2729 4731 2828 4801 τῆς
2858 4729 3160 4802 παρουσίας
3189 4729 3354 4783 αὐτοῦ
3384 4731 3527 4794 ἅπας
3554 4732 3652 4784 πό-

391 4833 497 4879 est.
548 4822 615 4876 Et
671 4823 999 4877 abundantia
1057 4822 1203 4891 pacis
1251 4822 1411 4874 donec
1474 4823 1754 4891 auferatur
1815 4822 1920 4876 lunt

2125 4841 2238 4894 :p.0;
2276 4824 2541 4895 ἀνῄρηται
2577 4819 2844 4892 [Αιιιὺιόδ.
2878 4817 3138 4892 ἀνῄρητο]
3177 4819 3284 4873 τῶν
3316 4819 3504 4872 ἐθνῶν.
3539 4819 3654 4874 Kal

394 4915 568 4971 Tanta
593 4916 717 4980 erit,
756 4917 955 4986 inquit,
990 4915 1043 4968 in
1085 4913 1322 4967 adventu
1364 4914 1485 4983 ejus
1531 4915 1812 4984 plenitudo
1870 4931 1923 4985 p2

2120 4915 2304 4984 λῆθος
2335 4915 2576 4982 εὶρήνης
2615 4914 2725 4979 ἕως
2770 4910 2840 4969 οὗ
2889 4911 3283 4980 ἁνταναιρεθῇ
3327 4913 3366 4980 ἡ
3395 4912 3649 4981 σελήνη.

393 5009 496 5072 eis,
547 5016 606 5062 ut
637 5009 799 5062 etiam
853 5007 921 5061 ad
974 5004 1157 5059 futura
1191 5019 1365 5073 usque
1409 5005 1772 5074 protendatur
1823 5014 1922 5059 tem

2122 5010 2332 5063 οσοῦτον
2367 5009 2537 5072 ἔσται,
2570 5009 2721 5077 φησὶ,
2751 5007 2846 5077 τῆς
2876 5007 3097 5077 εἰρήνης
3117 5005 3177 5058 τὸ
3210 5005 3413 5075 πλῆθος
3438 5006 3466 5059 ὃ
3492 5009 3651 5074 γενή-

394 5119 548 5173 pora,
590 5103 792 5173 quibus
839 5101 921 5155 sol
968 5098 1359 5165 obscurabitur,
1393 5108 1443 5151 et
1501 5097 1629 5152 luna
1685 5116 1790 5153 non
1813 5099 1916 5152 dab

2122 5119 2221 5153 εται
2253 5103 2307 5152 ἐν
2341 5101 2406 5169 τῇ
2435 5097 2598 5151 αὑτοῦ
2625 5097 2918 5168 παρουσίᾳ,
2955 5094 3029 5157 ὡς
3051 5093 3144 5146 καὶ
3171 5095 3250 5156 εἰς
3273 5094 3400 5156 τοὺς
3433 5092 3651 5163 μέλλον-

391 5198 559 5253 lucem
579 5214 735 5252 suam
759 5197 898 5250 ηδ’.
1431 5261 1438 5268 ,
2072 5211 2171 5258 τας
2197 5191 2490 5262 ἐκταθῆναι
2520 5189 2768 5261 χρόνους,
2795 5187 2915 5240 καθ’
2945 5185 3037 5248 οὓς
3071 5187 3102 5240 ό
3129 5185 3303 5252 ἥλιος
3325 5183 3649 5252 σκοτισθή-

2073 5301 2262 5346 σεται,
2287 5284 2384 5337 καὶ
2412 5285 2450 5351 ἡ
2479 5279 2710 5349 σελήνη
2737 5282 2807 5333 οὐ
2831 5277 3007 5332 δώσει
3038 5277 3104 5330 τὸ
3128 5276 3347 5346 φέγγος
3381 5273 3588 5341 αὐτῆς.

459 5381 514 5439 8.
544 5380 615 5435 Et
636 5379 998 5436 dominabitur
1024 5398 1057 5435 a
1081 5382 1216 5434 mari
1239 5396 1401 5450 usque
1425 5382 1492 5432 ad
1541 5395 1704 5431 mare.
1743 5377 1858 5432 Hoc
1885 5378 1964 5432 a'it

2139 5374 2252 5428 Kal
2291 5374 2742 5441 κατακυριεύσει
2786 5372 2904 5426 ἀπὸ
2937 5368 3253 5436 θαλάσσης
3281 5368 3392 5434 ἕως
3423 5366 3643 5421 θαλάσ-

388 5473 517 5544 quia
543 5488 734 5530 omnes
763 5483 952 5543 gentes
980 5473 1184 5531 Christi
1214 5472 1375 5526 fidem
1407 5482 1764 5540 receperunt:
1799 5485 1917 5539 qua:

2114 5486 2205 5536 ης.
2232 5466 2402 5520 Τοῦτό
2436 5483 2568 5537 φησι
2597 5463 2687 5518 διὰ
2709 5463 2769 5518 16
2796 5463 2973 5550 πάντα
2997 5461 3067 5514 τὰ
3089 5460 3217 5531 ἔθνη
3239 5459 3643 5531 παραδέξασθαι

387 5567 556 5634 dicat,
594 5566 859 5626 Omnibus
884 5577 1044 5625 terrae
1069 5567 1275 5624 linibus
1305 5565 1615 5635 imperabit.
1637 5563 1777 5630 Quia
1801 5563 1916 5618 enix

2113 5567 2162 5633 ‘qv
2195 5563 2273 5624 et;
2295 5559 2457 5614 αὐτὸν
2484 5557 2664 5611 πίστιν
2686 5575 2699 5587 ·
2727 5555 2847 5610 ἀντὶ
2871 5548 2985 5622 τοῦ,
3007 5555 3229 5609 Πάντων
3250 5556 3515 5623 κρατήσει
3534 5548 3642 5602 τῶν

457 5722 504 5753 ⁸⁴
538 5721 733 5781 thes.
764 5739 824 5787 ιι,
855 5725 937 5779 H.
1016 5725 1060 5756 ⁸⁷
1086 5723 1241 5779 Joan.
1276 5738 1378 5785 xu,
1419 5722 1502 5777 51.
1586 5721 1629 5751 ⁸⁸
1657 5718 1800 5774 Psal.
1829 5734 1948 5785 xm,

1230 5764 1241 5779 .
1276 5738 1378 5785 xu,
1419 5722 1502 5777 51.
1586 5721 1629 5751 ⁸⁸
1657 5718 1800 5774 Psal.
1829 5734 1948 5785 xm,
1990 5720 2042 5773 3.
2126 5719 2234 5756 “9-”
2267 5715 2454 5772 Matth.
2492 5731 2638 5779 utr,
2670 5714 2759 5771 29.
