3872 6216
197 284 311 340 5¹ιῑ5

1247 287 1616 345 EXPOSITIO
1655 289 1720 344 IN
1762 288 2095 345 PSALMUM
2135 285 2323 347 LXXI.

3353 302 3462 350 320

203 401 486 473 τερμάτων
533 401 638 472 τῆς
686 401 1032 474 οἰκουμένης.
1049 403 1270 477 Ἐπειδὴ
1303 407 1414 478 γὰρ
1465 408 1640 479 πέραν
1685 407 1772 478 τῆς

1889 407 2033 461 ultra
2080 407 2215 464 ﬁnes
2267 416 2428 463 terrae
2459 424 2658 479 magna
2686 418 2740 464 et
2784 410 3057 466 immensa
3110 413 3284 467 maria
3313 423 3462 481 sunt,

206 492 303 562 τῆς
350 492 421 546 τὰ
472 493 685 563 μεγάλοι
735 494 831 547 καὶ
888 494 1096 550 ἄπλετοι
1145 497 1378 569 πελάγη,
1437 499 1595 554 ἅτινά
1645 517 1789 563 τινες

207 579 533 635 Ἀτλαντικὰ
581 582 858 649 καλοῦσιν,
877 586 1149 652 Ὠκεανὸν,
1193 588 1446 659 ἑσπέριον
1477 592 1572 642 καὶ
1619 589 1786 662 ἑῷονο

198 672 424 737 εἰκότως
458 675 558 744 τῆς
591 676 916 748 οἰκουμένης
961 678 1023 730 τὺ
1066 680 1268 750 κράτος
1310 685 1430 746 ταῖς
1464 683 1660 749 ἔξωθεν
1688 703 1787 737 κυ-

195 765 456 830 κλούσαις
486 767 786 832 θαλάσσαις
827 770 1063 842 ἐδήλωσε
1083 789 1096 802 ·
1133 774 1228 826 καὶ
1262 774 1423 828 τοῦτο
1455 776 1786 848 σαφέστερον

193 857 222 909 6
255 858 396 926 μετὰ
424 859 628 913 τούτων
655 861 880 932 ἐποίησε
909 863 1110 934 στίχος.

262 945 384 1000 Καὶ
413 952 469 1002 οἱ
492 949 692 1018 ἐχθροὶ
715 951 902 1005 αὑτοῦ
923 954 1079 1022 χοῦν
1102 955 1399 1020 λείξουσι.
1427 958 1637 1031 Σφόδρα
1661 959 1786 1012 ὑπο-

191 1042 526 1111 ταγήσονται
564 1044 613 1094 οἱ
655 1044 921 1115 πολέμιοι,
957 1046 1032 1109 ὡς
1067 1047 1140 1119 μὴ
1175 1050 1400 1120 ὁρᾶσθαι
1435 1052 1613 1123 μάχην
1645 1055 1785 1125 πρὸς

191 1131 377 1197 αὐτὸν,
405 1135 468 1187 ἐκ
497 1134 808 1206 μεταφορᾶς
837 1137 945 1190 τῶν
968 1140 1062 1192 ἐπὶ
1093 1140 1197 1210 γῆς
1223 1144 1531 1197 πιπτόντων
1561 1144 1656 1199 καὶ
1684 1147 1782 1218 τὴν

192 1224 477 1297 ὑποταγὴν
507 1244 570 1298 ση
581 1229 902 1298 μαινόντων.

269 1317 406 1370 ’Ὅτι
435 1319 726 1386 ἑῤῥύσατο
752 1320 989 1389 πτωχὸν
1008 1322 1076 1376 ἐκ
1095 1322 1420 1380 δυνάστου.
1440 1327 1558 1380 Ἀπ’
1574 1329 1779 1401 ἄκρων,

191 1408 353 1476 φησὶ,
389 1412 640 1481 περάτων
680 1411 781 1482 τῆς
815 1415 1139 1486 οἰκουμένης
1166 1417 1268 1481 ἕως
1308 1417 1492 1489 ἄκρων
1537 1439 1780 1493 προσκυ-

190 1497 450 1566 νήσουσιν
496 1498 641 1569 αὐτῷ
693 1501 762 1554 τά
811 1519 872 1553 τε
911 1503 1036 1574 ἔθνη
1069 1507 1163 1558 καὶ
1195 1508 1244 1558 οί
1269 1506 1525 1577 βασιλεῖς,
1561 1513 1783 1582 εὐχαρι-

194 1587 452 1651 στοῦντες
485 1591 568 1658 ἐφ’
602 1585 684 1654 οἷς
709 1593 805 1662 τῆς
834 1594 1292 1660 καταδυναστείας
1321 1601 1519 1664 αὐτοὺς
1547 1601 1782 1674 ἐλυτρώ-

191 1694 326 1734 αατο
351 1681 444 1734 τοῦ
473 1683 703 1736 Σατανᾶ.
723 1685 824 1739 Ἐκ
855 1688 1036 1740 τόκου
1067 1689 1165 1741 καί
1191 1689 1258 1753 ἐξ
1281 1691 1518 1758 ἀδικίας
1558 1694 1781 1761 λυτρώ-

192 1787 364 1824 σεται
393 1771 500 1838 τὰς
542 1775 746 1844 ψυχὰς
772 1777 988 1832 αὐτῶν.
1009 1777 1335 1849 Ἐξαλείιρων
1363 1783 1426 1835 τὸ
1455 1786 1574 1836 κατ’
1600 1785 1780 1840 αὐτῶν

195 1865 560 1936 χειρόγραφον
591 1871 684 1922 καὶ
710 1870 1068 1941 χαριζόμενος
1107 1875 1202 1928 καὶ
1243 1875 1320 1945 τῷ
1347 1875 1416 1928 τὰ
1450 1880 1780 1932 πεντακόσια

192 1958 282 2010 καὶ
335 1957 408 2028 τῷ
447 1958 517 2012 τὰ
558 1963 897 2034 πεντήκοντα
939 1966 1224 2036 ὀφείλοντι.
1274 1967 1381 2022 Καὶ
1431 1968 1674 2039 ἔντιμον
1712 1972 1778 2025 τὸ

192 2047 386 2118 ὄνομα
441 2052 649 2106 αὐτοῦ.
687 2055 1009 2128 Σεϐάσμιος,
1052 2061 1236 2131 φησιν,
1272 2060 1424 2114 ἔσται
1458 2062 1610 2134 παρὰ
1641 2065 1778 2118 πᾶσι

191 2141 289 2193 καὶ
316 2141 543 2208 ἔνδοξος.

263 2232 378 2286 Kal
406 2234 664 2302 ζήσεται,
705 2241 800 2293 καὶ
832 2240 1149 2308 δοθήσεται
1175 2245 1335 2310 αὐτῷ
1373 2248 1443 2301 ἐκ
1488 2249 1594 2302 τοῦ
1638 2268 1780 2319 χρυ-

189 2327 337 2380 σίου
357 2327 468 2396 τῆς
503 2330 984 2399 ἎραΰίαςἹαῦτὰ
1006 2355 1136 2409 φησι
1158 2339 1246 2393 διὰ
1277 2340 1367 2392 τὸν
1387 2342 1778 2397 ἀποστείλαντα

200 2418 701 2491 Ἦρὼδην¹ἀνελεῖν
727 2425 795 2478 τὰ
831 2425 1027 2500 βρέφη,
1081 2431 1241 2499 Λέγει
1275 2428 1387 2498 οὖν,
1420 2434 1496 2497 ὡς
1537 2437 1598 2487 οὐ
1641 2453 1780 2507 συμ-

185 2511 660 2583 περιληφθήσεται
709 2521 819 2582 τοῖς
866 2521 1281 2592 ἀναιρουμένοις
1311 2526 1564 2590 παιδίοις.
1600 2529 1671 2581 Τὸ
1696 2530 1775 2594 δὲ,
1817 2565 1826 2575 -

188 2601 309 2656 Kal
335 2605 655 2672 δοθήσεται
675 2608 833 2676 αὐτῷ
853 2614 1112 2679 χρυσίον
1146 2616 1468 2682 Ἀραϐικὸν,
1499 2619 1648 2688 δηλοῖ
1679 2639 1776 2674 σα-

186 2696 310 2764 φῶς
341 2697 377 2750 ἃ
406 2702 788 2770 προσήνεγκαν
833 2705 882 2756 οἱ
935 2705 1099 2775 μάγοι
1141 2707 1310 2778 δῶρα.
1352 2708 1466 2762 Καὶ
1515 2716 1776 2779 προσεύ-

184 2788 398 2852 ξονται
449 2794 581 2860 περὶ
626 2794 808 2848 αὑτοῦ
842 2795 1186 2862 διαπαντός.
1223 2800 1395 2853 Αὐτὸν
1420 2803 1777 2870 ὀνομάζοντες

180 2881 246 2931 ὲν
286 2887 638 2954 προσευχαῖς,
670 2887 762 2939 καὶ
791 2887 856 2940 δι’
891 2888 1055 2942 αὐτοῦ
1085 2890 1266 2944 δοῦναι
1308 2893 1398 2946 τὸν
1425 2895 1646 2967 Πατέρα
1677 2900 1776 2950 αὐ-

178 2976 300 3036 τοῖς
327 2973 604 3040 ἀξιοῦντες
630 2977 739 3031 τῶν
766 2979 986 3048 ἀγαθῶν
1014 2981 1111 3053 τὴν
1143 2983 1312 3039 δόσιν.

263 3067 480 3120 Ἔσται
510 3068 806 3139 στήριγμα
827 3072 896 3124 ἑν
926 3071 1002 3141 τῇ
1026 3073 1119 3144 γῇ.
1145 3076 1256 3148 Τῆς
1297 3078 1643 3151 Ἐκκλησίας,
1672 3101 1776 3155 φη-

181 3157 263 3221 σὶ,
300 3159 396 3210 καὶ
424 3159 523 3228 τῆς
550 3162 891 3232 οἰκουμένης.
911 3167 1036 3220 Ἐπ’
1059 3167 1256 3236 ἄκρων
1288 3170 1406 3224 τῶν
1434 3170 1634 3240 ὀρέων,
1667 3177 1772 3230 τῶν

179 3247 502 3302 ἀποστόλων
529 3251 623 3304 καὶ
649 3256 962 3326 προφητῶν.
982 3259 1473 3330 Ὑπεραρθήσεται
1501 3265 1652 3334 ὑπὲρ
1675 3266 1779 3322 τὸν

178 3340 456 3394 Λίϐανον
493 3345 526 3395 ὁ
543 3345 780 3412 ’καρπὸς
807 3350 1013 3403 αὑτοῦ.
1040 3351 1272 3416 Λίϐανος
1305 3354 1402 3424 μὲν
1429 3357 1460 3426 ή
1507 3358 1776 3429 Ἰερουσα-

178 3429 332 3501 λήμ·
369 3435 581 3503 καρπὸς
630 3435 686 3488 δὲ
734 3439 898 3492 αὐτοῦ
942 3442 970 3492 ό
1015 3443 1372 3512 εὐαγγελικὸς
1405 3447 1578 3516 λόγος.
1611 3450 1774 3519 Λέγει

180 3517 302 3587 οὖν,
327 3523 404 3587 ὡς
432 3525 573 3597 ὑπὲρ
602 3527 698 3598 τὴν
728 3529 871 3582 κατὰ
902 3531 1067 3602 νόμον
1101 3533 1356 3604 λατρείαν
1386 3537 1538 3592 ἔσται
1577 3540 1636 3592 τὸ
1675 3542 1776 3612 κή-

186 3630 378 3684 ρυγμα
421 3615 482 3668 τὸ
529 3618 900 3686 εὐαγγελικόν.
935 3621 1048 3676 Καὶ
1087 3625 1538 3694 ἐξανθήσουσιν
1564 3631 1633 3685 ἐκ
1669 3634 1774 3686 πό-

177 3707 342 3772 λεως
383 3707 528 3761 ὡσεὶ
572 3711 783 3778 χόρτος
810 3712 922 3782 τῆς
950 3714 1082 3783 γῆς.
1117 3718 1277 3771 Πόλιν
1307 3719 1404 3791 τὴν
1445 3723 1771 3794 Ἐκκλησίαν

182 3796 464 3867 σημαίνει,
500 3801 628 3870 περὶ
651 3796 720 3872 ἧς
740 3801 1051 3872 γέγραπται
1069 3823 1080 3832 ·
1112 3807 1531 3880 Δεδοξασμένα
1551 3814 1772 3882 ἐλαλή-

181 3891 258 3955 θη
289 3889 426 3956 περὶ
453 3890 590 3954 σοῦ,
616 3894 654 3960 ἡ
685 3895 862 3960 πόλις
887 3895 993 3948 τοῦ
1025 3898 1193 3952 Θεοῦ.

253 3979 379 4049 Πρὸ
403 3981 508 4034 τοῦ
532 3983 709 4051 ’ἡλίου
738 3984 998 4055 διαμένει
1026 3987 1092 4042 τὸ
1117 3989 1305 4060 ὄνομα
1329 3993 1534 4050 αὑτοῦ.
1556 3997 1771 4053 Δείκνυ-

182 4087 292 4132 σιν,
327 4071 404 4135 ὡς
437 4068 591 4137 οὗτος
624 4077 651 4128 ὁ
699 4075 772 4147 μὴ
806 4078 1168 4145 ἀποκτανθεὶς
1209 4083 1346 4153 μετὰ
1395 4085 1502 4139 τῶν
1552 4087 1767 4160 βρεφῶν

179 4162 331 4216 ἐστιν
374 4165 403 4216 6
451 4165 558 4237 πρὸ
604 4167 910 4240 καταϐολῆς
959 4171 1166 4242 κόσμου
1200 4175 1459 4247 ὑπάρχων
1495 4181 1632 4249 μετὰ
1671 4183 1764 4236 τοῦ

180 4255 423 4326 Πατρός.

251 4346 602 4416 Εὐλογητὸς
643 4349 678 4401 ό
712 4346 931 4417 Κύριος
961 4351 990 4404 ὁ
1031 4351 1174 4418 Θεὸς
1207 4354 1466 4424 Ἰσραὴλ,
1503 4362 1536 4411 ὀ
1577 4359 1764 4416 ποιῶν

1889 515 2011 568 quae
2037 501 2308 555 Atlantica
2337 501 2561 571 quidam
2589 513 2812 570 vocant,
2847 502 3149 572 Oceanum,
3199 509 3458 563 occiden-

1889 591 1995 644 tale
2031 600 2084 645 et
2127 592 2426 656 orientale;
2469 592 2595 661 jure
2639 594 2793 649 orbis
2850 595 3141 664 imperium
3189 598 3468 654 ambiente

1886 683 2078 752 pelago
2124 684 2569 739 circumscribit:
2620 688 2768 756 quod
2817 690 3063 758 apertius
3107 685 3467 760 subsequcnti

1884 774 2157 828 versiculo
2173 776 2509 831 exolicatur.

1956 929 2010 984 9.
2052 929 2119 984 Et
2151 933 2351 985 inimici
2374 935 2486 1002 ejus
2538 944 2734 989 terram
2762 936 2984 1008 fingent.
3037 938 3284 1008 Subjecti
3311 939 3466 1008 peni-

1885 1029 1973 1076 tus
2008 1021 2059 1076 ei
2091 1032 2251 1077 erunt
2279 1025 2510 1094 inimici,
2538 1037 2599 1082 ut
2627 1030 2764 1082 nihil
2806 1046 3002 1102 pugna;
3041 1032 3304 1086 adversus
3334 1047 3461 1086 eum

1884 1114 2152 1179 videatur,
2182 1133 2249 1170 ex
2277 1120 2591 1188 metaphora
2620 1136 2809 1174 eorum
2858 1122 2952 1192 qui
2991 1121 3045 1176 in
3100 1133 3300 1177 terram
3330 1138 3462 1193 pro-

1885 1206 2074 1259 cidunt
2105 1207 2156 1260 in
2185 1209 2558 1277 obsequentia'
2589 1213 2826 1282 signum.

1953 1297 2143 1352 12-14.
2181 1299 2320 1364 Quia
2378 1303 2623 1357 liberabit
2671 1322 2951 1374 pauperem
3011 1324 3044 1360 a
3102 1317 3330 1378 potente.
3367 1309 3461 1381 .Ab

1881 1393 2142 1446 extremis
2165 1394 2232 1447 ad
2274 1403 2548 1451 extremos
2591 1413 2765 1467 usque
2794 1401 2926 1453 lines
2966 1407 3123 1453 terrae
3153 1400 3462 1453 adorabunt

1881 1494 2004 1533 eum
2048 1473 2233 1550 gentes
2265 1493 2426 1553 atque
2466 1502 2638 1555 reges,
2668 1489 2872 1556 gratias
2905 1500 3149 1558 agentes,
3183 1490 3328 1559 quod
3361 1504 3458 1544 eos

1880 1585 1910 1623 a
1942 1574 2224 1642 tyrannide
2257 1574 2470 1630 Satanae
2493 1578 2822 1636 liberaverit.
2869 1580 2953 1634 E1:
2984 1583 3157 1634 usuris
3180 1592 3227 1634 et
3259 1581 3458 1651 iniqui—

1883 1671 1989 1717 tate
2031 1668 2248 1720 redimet
2305 1668 2513 1724 anintas
2540 1687 2740 1725 eorum.
2777 1665 2976 1728 Delens
3030 1676 3458 1744 chirographum

1814 1768 1854 1821 Β
1881 1756 2146 1813 adversus
2173 1774 2269 1814 eos
2331 1763 2618 1832 scriptum,
2675 1774 2729 1818 et
2762 1766 2932 1833 gratis
2965 1768 3210 1820 debitum
3264 1768 3458 1822 remit-

1885 1857 2004 1904 tens
2040 1853 2089 1905 ei
2137 1853 2232 1922 qui
2282 1856 2579 1925 quingenta
2617 1868 2778 1926 atque
2827 1859 2877 1912 ei
2926 1859 3019 1928 qui
3056 1861 3456 1929 quinquaginta

1881 1940 2131 1998 debebat.
2181 1943 2252 1998 Et
2283 1949 2592 2002 Itonorubile
2621 1967 2809 2004 nomen
2877 1968 3059 2004 eorum
3105 1969 3286 2005 coram
3339 1953 3456 2008 illo.

1881 2029 2261 2101 Venerandus,
2312 2037 2510 2108 inquit,
2548 2049 2602 2094 et
2635 2041 2910 2110 gloriosus
2948 2043 3090 2111 apud
3123 2045 3456 2098 omneserit.

1957 2209 2048 2263 l5.
2077 2209 2146 2263 Et
2174 2213 2305 2266 vivet
2339 2225 2387 2268 et
2437 2215 2653 2270 dabitur
2689 2220 2737 2272 ei
2787 2219 2852 2272 de
2887 2236 3016 2273 auro
3067 2223 3296 2276 Arabian
3333 2221 3458 2280 ΠιΒο

1879 2300 2202 2372 aitpropter
2229 2303 2497 2360 Herodem
2556 2298 2650 2378 qui
2703 2311 2856 2364 misit
2903 2312 3150 2367 occisum
3194 2314 3453 2371 infantes.

1877 2392 1967 2445 Ait
2008 2394 2176 2465 igitur
2234 2412 2358 2450 eum
2420 2414 2529 2453 non
2577 2416 2684 2454 una
2742 2418 2866 2456 cum
2909 2405 3096 2473 pueris
3149 2409 3448 2462 enecandis

1878 2489 2450 2555 comprehendendum
2480 2490 2618 2546 fore.
2653 2493 2788 2548 lllud
2827 2505 3007 2549 autem
3037 2516 3051 2550 :
3108 2497 3178 2552 Et
3244 2500 3457 2553 dabitur

1877 2576 1926 2626 ei
1956 2593 2147 2630 aurum
2177 2581 2485 2646 Arabicum,
2515 2585 2754 2638 declarat
2801 2587 3093 2643 manifeste
3142 2605 3265 2659 quae
3313 2591 3453 2661 Magi

1877 2663 2020 2719 dona
2058 2667 2370 2723 obtulerunt
2399 2673 2464 2725 ⁷³.
2509 2671 2579 2725 Et
2627 2675 2922 2730 adorabunt
2970 2679 3033 2732 de
3089 2681 3203 2750 ipso
3231 2698 3446 2752 semper.

1878 2755 2061 2824 Ipsum
2096 2761 2486 2828 compellantes
2519 2765 2574 2818 in
2622 2768 2986 2834 orationibus,
3015 2780 3070 2824 et
3119 2788 3214 2841 per
3263 2789 3390 2829 eum
3421 2790 3455 2830 a

1877 2845 2039 2904 Patre
2064 2849 2185 2904 dari
2217 2853 2322 2907 sibi
2353 2854 2626 2911 bonorum
2656 2874 2886 2916 munera
2920 2875 3196 2934 rogantes.

1949 3073 2162 3131 16.Erit
2187 3079 2580 3147 ﬁrmamentum
2608 3087 2662 3139 in
2702 3095 2861 3142 terra.
2892 3087 3150 3146 Ecclesiae
3182 3103 3235 3148 et
3265 3094 3448 3150 orbis:

1881 3165 1934 3217 in
1956 3171 2172 3222 summis
2212 3175 2502 3240 montium,
2537 3180 2910 3244 apostolorum
2941 3191 2996 3236 et
3034 3186 3446 3254 prophetarum.

1879 3256 2332 3327 Superextolletur
2355 3283 2512 3336 super
2533 3269 2790 3324 Libanum
2812 3274 3016 3342 fructus
3051 3278 3186 3347 ejus.
3209 3273 3449 3338 Libanns

1877 3345 2322 3417 estJerusaletn;
2376 3356 2585 3412 fructus
2619 3371 2800 3415 autem
2833 3364 2953 3432 ejus
2980 3372 3448 3439 estevangelicttm

1875 3440 2124 3496 verbum.
2163 3445 2256 3498 Ait
2287 3447 2452 3516 igitur
2481 3452 2927 3518 praedicationem
2956 3464 3325 3531 evangelicam
3356 3483 3446 3521 su-

1873 3531 2141 3598 periorem
2179 3535 2294 3592 fore
2323 3539 2480 3607 legali
2509 3542 2676 3596 cultu.
2721 3544 2784 3597 Et
2813 3547 3080 3616 ﬂorebunt
3122 3554 3186 3607 de
3228 3558 3443 3612 civitate

1873 3623 2008 3676 sicut
2044 3625 2223 3694 fenum
2286 3637 2460 3685 terrte.
2501 3633 2604 3688 Per
2659 3638 2936 3695 civitatem
2990 3645 3238 3714 designat
3261 3647 3444 3704 Eccle-

1871 3715 2030 3780 siam,
2062 3719 2130 3773 de
2161 3736 2266 3788 qua
2300 3725 2566 3794 scriptum
2596 3738 2712 3784 est:
2744 3731 2991 3788 Gloriosa
3045 3737 3191 3792 dicta
3229 3753 3355 3795 sunt
3381 3744 3444 3797 de

1872 3816 1940 3876 te,
1975 3812 2160 3864 civitas
2189 3812 2288 3868 Dei
2321 3815 2369 3847 ⁷³

1942 3984 2030 4040 17.
2055 3987 2192 4040 Ante
2244 4005 2404 4045 εοιεηι
2458 4005 2729 4062 permanet
2776 4012 2965 4055 nomen
3023 4003 3160 4072 ejus.
3193 4003 3437 4070 Declarat

1866 4090 1992 4130 eum
2021 4078 2113 4146 qui
2148 4095 2256 4134 non
2297 4098 2404 4136 una
2439 4100 2562 4139 cum
2627 4087 2928 4146 infantibus
2983 4093 3304 4154 interfectus
3335 4112 3438 4166 est,

1866 4170 2121 4225 eumdem
2156 4188 2279 4228 esse
2304 4177 2400 4246 qui
2430 4188 2556 4234 ante
2587 4183 2776 4238 mundi
2824 4187 3278 4244 constitutionem
3309 4208 3435 4248 cur.)

1864 4256 2024 4313 Patre
2059 4261 2293 4318 exsistit.

1934 4351 2020 4405 18.
2056 4353 2372 4410 Benedictus
2424 4358 2683 4415 Dominus
2731 4363 2870 4418 Deus
2918 4364 3108 4433 Israel,
3164 4373 3255 4436 qui
3304 4373 3435 4443 facit

177 4437 485 4507 θαυμάσια
505 4439 711 4507 μόνος.
743 4441 1037 4506 Διεξελοὼν
1077 4445 1256 4499 πάντα
1279 4446 1314 4500 ἃ.
1340 4449 1675 4520 κατορθώσει
1702 4454 1759 4504 ἐν

1883 4444 2136 4498 nirabilia
2194 4450 2358 4505 solus.
2408 4451 2704 4523 Postquam
2763 4462 3038 4514 recensuit
3097 4465 3436 4535 omniaquae

173 4533 242 4602 τῇ
267 4531 553 4602 οἰκονομίᾳ
572 4534 684 4595 τοῖς
709 4534 800 4586 ἐπὶ
822 4535 918 4604 τῆς
941 4535 1063 4605 γῆς,
1090 4535 1256 4606 ὕμνον
1276 4539 1588 4610 ἀναπέμπει
1612 4545 1760 4615 αὑτῷ

173 4623 372 4691 λέγων,
397 4622 474 4685 ὡς
512 4623 676 4686 αὐτὸς
722 4625 805 4696 εἴη
845 4627 874 4677 6
906 4625 1038 4688 Θεὸς
1080 4628 1312 4699 Ἰσραὴλ,
1355 4632 1383 4683 6
1414 4632 1572 4702 μόνος
1602 4634 1761 4707 δυνη-

174 4715 288 4778 θεὶς
314 4714 489 4768 ταῦτα
528 4716 750 4786 ποιῆσαι
781 4717 848 4770 τὰ
879 4717 1177 4789 θαυμάσια.
1218 4722 1353 4775 Ποῖα
1377 4723 1434 4776 δὲ
1460 4723 1756 4796 θαυμάσια,

170 4805 204 4875 ἢ
250 4805 315 4856 τὸ
356 4804 700 4875 καταργῆσαι
745 4805 844 4876 τὴν
891 4807 1209 4863 δυναστείαν
1260 4811 1351 4864 τοῦ
1395 4814 1628 4879 Σατανᾶ,
1665 4817 1759 4870 καὶ

170 4894 456 4960 ἐξελέσθαι
481 4897 606 4960 τοὺς
635 4897 1152 4970 ἐπιϐουλευομένους
1195 4903 1296 4972 τῆς
1338 4903 1445 4959 τῶν
1491 4906 1760 4978 δαιμόνων

170 4980 517 5053 τυραννίδοςς
539 4982 738 5038 Σκόπει
758 4985 835 5051 δὲ,
864 4987 939 5050 ὡς
965 4990 1062 5059 οὐχ
1092 4991 1324 5062 ἁρμόσει
1345 4994 1421 5065 τῷ
1451 4996 1757 5068 Σολομῶντι

171 5074 247 5144 τῷ
286 5077 352 5127 ὲκ
381 5075 481 5144 τῆς
527 5076 619 5129 τοῦ
654 5079 853 5151 Οὐρίου
884 5081 1034 5134 οὐδὲν
1069 5083 1175 5137 τῶν
1221 5088 1525 5158 εἰρημένων
1569 5093 1626 5143 ὲν
1677 5092 1755 5162 τῷ

172 5165 371 5237 ψαλμῷ
395 5183 408 5196 ·
438 5165 560 5220 οὕτε
586 5169 648 5222 τό
670 5187 683 5200 ⁸
721 5172 842 5240 Πρό
867 5174 971 5228 τοῦ
1002 5175 1179 5242 ἡλίου
1205 5178 1269 5230 τὸ
1306 5178 1493 5248 ὄνομα
1532 5182 1717 5235 αὐτοῦ
1736 5200 1750 5212 ·

171 5258 294 5313 οὔτε
317 5259 380 5312 τό
399 5275 414 5288 ·
448 5259 650 5314 Πάντα
679 5264 751 5316 τὰ
778 5264 926 5333 ἔθνη
949 5267 1397 5323 δουλεύσουσιν
1420 5271 1578 5337 αὐτῷ
1593 5290 1606 5303 υ
1635 5275 1756 5328 οὐδὲ

168 5352 262 5405 τό·
299 5352 423 5420 Πρὸ
464 5352 574 5422 τῆς
617 5354 885 5424 σελήνης
918 5361 1128 5428 γενεὰς
1154 5362 1394 5432 γενεῶν.
1412 5365 1506 5418 Ἐκ
1538 5366 1754 5420 πάντων

167 5437 263 5499 οὖν
281 5444 493 5498 τούτων
528 5445 703 5517 δῆλον,
735 5447 816 5500 ὅτι
855 5451 936 5514 είς
973 5453 1063 5506 τὸν
1101 5454 1307 5526 Κύριον
1347 5455 1504 5528 ἡμῶν
1546 5458 1750 5528 Ἰησοῦν

171 5534 405 5606 Χριστὸν
430 5538 694 5596 λέλεκται.

255 5716 307 5752 ⁵³
328 5715 519 5775 Matth.
549 5735 612 5784 tl.
645 5723 728 5778 Η.
820 5726 865 5758 ⁷³
889 5725 1032 5783 Psal.
1067 5743 1290 5795 LXXXVI,
1319 5728 1373 5784 5.

1865 4545 2104 4605 tempore
2148 4545 2470 4599 (economire
2501 4547 2761 4603 beneﬁcia
2829 4553 3119 4622 terrigenis
3166 4560 3432 4627 conferet,

1863 4627 2124 4697 hymnum
2160 4633 2318 4687 oti‘ert
2347 4635 2479 4699 Deo,
2542 4639 2693 4694 aiens
2724 4657 2845 4694 eum
2877 4659 2999 4699 esse
3044 4646 3213 4702 Deum
3243 4652 3429 4719 lsrael,

1862 4721 1954 4786 qui
1980 4722 2131 4775 solus
2161 4727 2336 4792 potttit
2367 4728 2479 4783 haec
2504 4732 2775 4786 mirabilia
2801 4733 2998 4790 facere.
3068 4739 3200 4805 Quae
3259 4746 3428 4800 mira-

1861 4812 2013 4878 bilia,
2048 4815 2151 4868 nisi
2184 4817 2464 4874 destruere
2505 4822 2793 4892 imperium
2832 4827 3068 4894 Satanae,
3115 4845 3166 4890 et
3197 4837 3432 4894 liberare

1858 4919 1954 4961 eos
1985 4909 2078 4976 qui
2114 4909 2330 4966 insidiis
2357 4925 2686 4982 appetuntur
2714 4935 2743 4972 a
2775 4920 3084 4980 daemonum
3108 4933 3432 5000 tyrannide!

1855 4994 2239 5054 Animadverte
2270 5018 2430 5070 porro
2465 5005 2598 5058 nihil
2631 5023 2819 5064 eorum
2853 5029 2974 5081 quae
3016 5017 3070 5069 in
3103 4994 3316 5087 psalmo
3344 5024 3429 5076 di-

1861 5098 2061 5142 cuntur
2098 5089 2374 5147 Salomoni
2407 5097 2594 5151 uxoris
2642 5097 2784 5156 Uriae
2833 5103 2947 5159 tilio
2979 5113 3305 5166 convenire:
3337 5130 3428 5169 ne-

1861 5193 1966 5247 que
1989 5181 2118 5234 illud
2148 5199 2162 5236 :
2197 5182 2330 5236 Ante
2358 5184 2517 5239 solem
2547 5201 2815 5256 permanet
2855 5210 3039 5249 nomen
3070 5199 3221 5267 ejus;
3253 5217 3428 5270 neque

1859 5269 2027 5324 illud:
2058 5261 2248 5325 Omnes
2278 5285 2451 5344 gentes
2501 5281 2724 5334 servient
2777 5285 2862 5348 ei;
2925 5302 3140 5356 neque:
3177 5292 3310 5344 Ante
3345 5294 3425 5345 Iu-

1858 5379 1985 5417 nam
2023 5364 2076 5416 in
2100 5368 2486 5434 generationem
2518 5379 2565 5423 et
2588 5377 2997 5442 generationem.
3027 5378 3105 5432 Ex
3133 5379 3219 5436 'nis
3245 5383 3423 5449 itaque

1859 5455 2116 5510 omnibus
2143 5457 2318 5525 palam
2345 5469 2429 5513 est
2459 5461 2525 5515 de
2559 5462 2790 5522 Domino
2813 5476 3003 5522 nostro
3039 5467 3172 5525 Jesu
3201 5473 3422 5530 Christo

1858 5545 2061 5602 dictum
2095 5547 2266 5604 fuisse
2287 5553 2577 5621 psalmum.
