3872 6216
439 277 544 333 59.7

1296 279 1354 334 S.
1394 278 1767 336 ATUANASH
1819 279 1970 338 ΟΡΡ.
2011 278 2192 333 PARS
2227 278 2313 335 lll.
2357 279 2843 337 —EXEGETICA.

3598 286 3699 342 3‘23

514 390 582 443 Et
615 390 944 446 benedictum
975 408 1158 445 nomen
1194 392 1773 463 glorieﬂuamobrem
1812 402 2006 463 pari-st

2182 390 2293 445 Kal
2314 392 2728 461 εὐλογημένον
2747 392 2815 446 τὸ
2841 393 3029 462 ὄνομα
3055 393 3162 463 τῆς
3184 394 3393 462 δόξης.
3415 397 3507 451 Διδ
3535 416 3703 471 προσ-

428 494 555 534 eum
576 496 742 551 super
766 483 951 536 omnia
982 483 1199 554 hymnis
1246 484 1544 539 celebrare.
1586 484 1816 537 Etiamsi
1859 484 2005 537 enim

428 571 549 642 ejus
571 584 845 639 naturam,
881 584 1066 644 utpote
1094 576 1911 648 iuaccessibilem,ignoramus,
1957 584 2013 631 at

429 666 672 720 salutare
696 668 815 735 ejus
849 682 1049 720 nomen
1095 667 1273 722 edocti
1298 684 1512 723 sumus.

644 758 695 813 1.
722 757 1039 826 Defecerunt
1071 757 1253 811 laudes
1283 758 1456 813 David
1478 759 1578 828 ﬁlii
1604 758 1792 814 Jessm.

794 846 1136 903 PSALMUS
1161 850 1360 919 Asaph.
1393 849 1640 906 LXXII.

1020 942 1423 1012 Argumentum.

428 1025 484 1083 ln
529 1029 633 1083 hoc
673 1030 887 1100 psalmo
923 1044 1109 1087 narrat
1144 1050 1309 1102 quam
1338 1034 1448 1089 sint
1475 1035 1711 1103 impares
1757 1033 2007 1088 homines

496 1123 562 1177 ad
587 1125 846 1193 capienda
866 1124 960 1179 Dei
982 1125 1211 1196 judicia.
1240 1127 1357 1197 Ipsa
1378 1128 1525 1182 enim
1556 1126 1825 1197 profunda
1850 1136 1979 1183 sunt

499 1214 881 1271 inscrutabilia
935 1232 999 1272 ac
1045 1233 1275 1287 prorsus
1328 1220 1907 1289 incomprehensibilia
1935 1220 1983 1251 ⁷⁸

498 1306 602 1374 Qui
646 1323 812 1378 porro
858 1310 1113 1379 ignorant
1161 1312 1432 1382 cujusque
1467 1314 1791 1367 (nconomite
1840 1313 2009 1367 ratio-

496 1415 617 1465 nes,
647 1401 701 1484 in
747 1401 1014 1456 absurdas
1067 1403 1427 1473 cogitationes
1477 1403 1745 1460 incidunt.
1804 1403 2005 1471 Quam-

491 1492 679 1546 obrem
706 1493 1001 1562 propositis
1036 1495 1213 1564 primo
1266 1495 1534 1565 ejusmodi
1557 1497 2004 1567 cogitationibus,

492 1598 615 1652 quae
649 1598 873 1653 propter
904 1586 1279 1654 improborum
1340 1588 1625 1642 hominum
1688 1587 2002 1643 felicitatem

492 1672 836 1740 acciderant;
880 1691 1027 1739 nam,
1060 1674 1195 1729 Ecce
1234 1677 1337 1746 ipsi
1380 1688 1676 1744 peccatores
1732 1688 1781 1732 et
1835 1680 2003 1732 abun-

489 1764 709 1827 dantes;
740 1764 900 1818 docet
936 1775 1142 1834 postea,
1189 1768 1368 1835 qualis
1419 1768 1664 1837 ipsorum
1709 1769 1999 1837 impiorum
2035 1781 2076 1835 Β

485 1853 611 1908 ﬁnis
642 1854 860 1910 futurus
884 1856 988 1922 sit;
1016 1864 1074 1909 ut
1099 1872 1162 1912 ea
1184 1860 1471 1928 perspicue
1512 1860 1712 1924 edocti,
1749 1875 1858 1914 non
1887 1876 2003 1913 ino-

492 1947 626 2000 lcste
668 1943 930 2010 feramus,
971 1963 1149 2017 neque
1178 1950 1329 2003 anxii
1352 1951 1527 2006 simus
1548 1953 1618 2007 ob
1666 1952 2004 2022 inaequalita-

490 2046 597 2090 tem
626 2051 809 2091 rerum
833 2037 997 2107 hujus
1038 2039 1184 2093 vitae.

487 2213 542 2266 2.
574 2212 747 2278 Quam
801 2213 963 2268 bonus
1005 2214 1181 2270 Israel
1220 2217 1361 2271 Deus
1419 2218 1501 2272 his
1560 2220 1651 2289 qui
1691 2229 1832 2273 recto
1876 2228 2000 2272 sunt

417 2305 613 2359 corde!
640 2303 974 2361 Narraturus
1000 2308 1419 2376 prosperitatem
1470 2310 1755 2363 hominum
1803 2310 1858 2363 in
1896 2311 2000 2363 im-

417 2397 625 2467 pietate
654 2396 990 2465 degentium,
1024 2407 1079 2451 et
1107 2400 1365 2452 acerbum
1403 2400 1536 2468 ipsis
1596 2411 1785 2470 postea
1828 2416 1992 2470 para-

416 2499 531 2544 tum
562 2490 888 2559 supplicium
914 2509 927 2556 ;
964 2492 1242 2559 praemittit
1267 2493 1593 2556 illud,rectis
1610 2496 1774 2549 corde
1793 2496 1995 2549 bonum

418 2597 543 2638 esse
587 2582 779 2645 Deum,
816 2592 872 2636 ut
904 2593 1240 2652 cognoscant
1275 2584 1367 2653 qui
1408 2585 1626 2653 pietatis
1662 2587 1767 2640 sibi
1816 2598 1995 2655 partes

417 2682 730 2741 assumunt,
765 2674 899 2729 solis
933 2676 1099 2729 rectis
1131 2676 1294 2730 corde
1360 2675 1531 2730 Deum
1590 2677 1840 2732 futurum
1876 2695 1996 2735 esse

416 2765 645 2833 bonum,
676 2765 771 2820 sed
826 2779 935 2819 non
966 2764 1034 2820 iis
1077 2768 1171 2835 qui
1221 2766 1465 2836 improbe
1517 2777 1765 2837 peccant.
1812 2769 1996 2838 Itaque

416 2857 634 2911 etiamsi
686 2856 973 2910 videantur
1015 2871 1275 2926 prospere
1330 2874 1529 2927 agere,
1582 2860 1779 2930 inquit,
1831 2877 1992 2915 nemo

415 2956 472 3001 tu
484 2948 875 3011 rbetur,secum
898 2956 1155 3017 reputans
1179 2959 1444 3019 quantum
1464 2951 1587 3007 illos
1610 2954 1775 3022 paulo
1802 2963 1991 3023 postea

415 3039 744 3108 supplicium
779 3046 1080 3107 exspectet.

489 3222 620 3296 [Mei
644 3233 823 3278 autem
860 3240 985 3293 pene
1027 3225 1157 3279 moti
1187 3233 1310 3279 sunt
1340 3226 1516 3295 pedes.
1566 3225 1764 3282 Narrat
1803 3230 1996 3300 hujus.

415 3316 565 3370 modi
592 3324 822 3369 mortem
874 3315 979 3383 piis
1031 3317 1162 3370 viris
1190 3317 1529 3387 contingere,
1584 3328 1644 3373 ut
1680 3320 1726 3374 si
1756 3321 1877 3390 quis
1905 3338 1992 3376 ro-

416 3417 575 3476 getur
601 3421 670 3460 an
700 3407 825 3461 velit
846 3407 1006 3461 talem
1066 3417 1298 3462 mortem
1327 3409 1504 3475 obire,
1554 3411 1874 3482 neutiquam
1900 3414 1995 3467 ab-

415 3507 570 3553 nuat.
596 3500 613 3571 j

486 3592 596 3646 5-5.
625 3591 762 3656 Quia
787 3590 953 3646 celavi
982 3607 1139 3661 super
1162 3592 1390 3663 iniquos,
1430 3608 1613 3662 pacem
1654 3606 1991 3665 peccatorum

414 3682 616 3749 videns,
646 3692 752 3738 etc.
782 3682 1018 3737 Enarrat
1050 3698 1114 3739 ea
1159 3699 1281 3752 quae
1317 3684 1421 3754 ipsi
1473 3686 1673 3738 mentis
1703 3689 1988 3753 perturba-

413 3774 618 3826 tionem
652 3774 916 3828 excitant.
957 3772 1081 3828 Haec
1108 3784 1286 3828 autem
1336 3785 1499 3837 sunt,
1531 3777 1790 3844 primum,
1845 3780 1992 3847 quod

421 3864 478 3917 in
512 3865 619 3918 alta
648 3880 781 3934 pace
813 3865 964 3935 impii
990 3865 1221 3936 degant;
1286 3866 1547 3932 secundo,
1590 3868 1735 3937 quod
1785 3884 1881 3937 per
1911 3880 1992 3925 to-

412 3963 525 4008 tam
559 3955 725 4009 vitam
754 3970 1014 4025 prospere
1037 3964 1238 4025 agant;
1267 3956 1340 4009 ita
1376 3966 1437 4011 ut
1475 3959 1540 4011 ad
1561 3970 1790 4013 mortem
1812 3976 1987 4030 usque

420 4047 659 4103 felicitas
724 4049 1074 4112 extendatur,
1134 4055 1189 4102 et
1248 4049 1355 4101 tale
1382 4063 1554 4117 genus
1592 4051 1786 4104 mortis
1838 4051 1989 4123 impii

413 4139 668 4203 subeant,
704 4139 864 4207 quale
887 4153 1049 4193 nemo
1078 4137 1262 4192 subire
1284 4139 1490 4192 abnuat
1511 4138 1557 4192 si
1593 4140 1717 4209 quis
1750 4157 1875 4195 eum
1903 4157 1991 4196 ro-

412 4240 522 4300 get,
557 4246 626 4284 an
648 4231 778 4283 velit
846 4230 1160 4300 hujusmodi
1220 4239 1452 4285 mortem
1507 4231 1678 4285 obire.
1724 4232 1803 4285 Ad
1846 4234 1988 4299 hinc,

414 4321 559 4388 quod
593 4321 639 4376 si
670 4336 778 4391 qua
804 4320 938 4389 ipsis
962 4329 1182 4389 propter
1209 4330 1489 4390 peccatum
1530 4320 1743 4388 punitio
1780 4321 1990 4391 inﬂiga-

416 4424 525 4481 tur,
549 4431 658 4485 qua
698 4416 764 4467 ad
795 4413 1211 4467 conversionem
1252 4420 1601 4478 revocentur,
1662 4427 1725 4466 ea
1774 4428 1884 4467 non
1918 4415 1989 4469 sit

414 4503 733 4569 gravis,'setl
766 4502 901 4557 levis
926 4510 979 4556 et
1008 4501 1330 4556 tolerabilis.
1361 4501 1537 4570 Super
1590 4501 1675 4556 his
1705 4502 1985 4567 omnibus,

412 4601 555 4667 quod
582 4611 690 4649 non
706 4596 979 4649 humanos
1003 4595 1218 4648 labores
1248 4594 1623 4664 experiantur,
1656 4609 1756 4647 nec
1785 4595 1986 4649 diurno

414 4697 628 4759 quiestu
651 4698 844 4758 egeant
890 4704 990 4758 pro
1040 4686 1300 4757 parandis
1358 4686 1651 4740 alimentis.
1699 4685 1797 4740 Hic
1838 4688 1982 4740 enim

413 4781 571 4834 labor
599 4794 884 4842 manuum,
920 4778 1115 4849 ﬂagelli
1145 4778 1542 4849 etpunitionis
1578 4778 1700 4831 loco
1744 4778 1985 4833 homini-

414 4872 520 4929 bus
549 4870 868 4940 imponitur.

484 5040 536 5095 6.
576 5037 705 5092 Ideo
738 5038 903 5091 tenuit
934 5054 1021 5091 eos
1049 5037 1317 5108 superbia,
1352 5045 1406 5092 et
1435 5045 1652 5091 caetera.
1687 5034 1828 5102 Quia
1861 5052 1981 5091 om-

414 5133 577 5188 nibus
603 5131 860 5185 fruuntur
882 5130 1063 5196 bonis,
1088 5130 1237 5184 nullo
1265 5129 1442 5183 aﬂ‘ecti
1487 5127 1653 5201 malo,
1687 5130 1809 5182 ideo
1842 5130 1984 5183 into-

412 5221 783 5277 lerantissime
805 5220 1150 5290 superbiant,
1179 5227 1345 5288 atque
1393 5219 1468 5272 ita
1523 5218 1698 5287 iniqui
1744 5230 1799 5272 et
1828 5219 1981 5287 impii

412 5315 669 5377 evadunt,
701 5321 760 5367 ut
788 5311 1040 5381 impietas
1070 5324 1259 5364 eorum
1279 5325 1378 5364 ceu
1403 5310 1621 5380 pinguis
1637 5319 1689 5363 et
1706 5310 1869 5365 obesa
1888 5311 1978 5365 sit.

2114 486 2233 555 ήκει
2268 485 2417 554 παρά
2450 486 2666 538 πάντων
2698 485 2861 538 αὐτὸν
2908 486 3216 556 ὑμνεῖσθαι.
3248 489 3313 541 Εἰ
3339 490 3448 562 γὰρ
3475 492 3572 545 καὶ
3603 494 3701 567 τὴν

2114 573 2275 643 φύσιν
2299 572 2464 626 αὐτοῦ
2500 574 2576 637 ὡς
2606 574 2895 643 ἀνέφικτον
2924 577 3246 648 ἀγνοοῦμεν,
3272 578 3410 632 ἀλλά
3433 582 3495 635 τὸ
3524 588 3702 655 σωτήο

2114 681 2227 734 ριον
2261 665 2425 717 αὐτοῦ
2457 665 2814 737 ἐδιδάχθημεν
2847 667 3037 738 ὄνομα.

2213 756 2527 821 Ἐξέλιπον
2546 760 2599 810 οὶ
2623 757 2799 827 ὕμνοι
2829 760 3014 814 Δαυῒδ
3044 761 3151 816 τοῦ
3175 764 3308 817 υἱοῦ
3349 766 3603 822 Ἰεσσαί.

2483 851 2634 906 ΨΑΛ
2658 859 2689 905 υ
2701 856 2793 906 ΟΣ
2825 852 2907 918 τῷ
2942 853 3148 923 Ἀσάφ.
3186 859 3313 910 OB’.

2743 946 3069 1012 Ὑπόθεσις.

2122 1028 2209 1083 Ἑν
2232 1031 2402 1104 τούτῳ
2431 1034 2507 1105 τῷ
2530 1034 2730 1107 ψαλμῷ
2754 1037 2853 1109 τὴν
2881 1038 3199 1109 ἀνωμαλίαν
3240 1040 3348 1093 τῶν
3387 1042 3695 1112 ἀνθρώπιον

2180 1126 2245 1195 ἢν
2273 1124 2456 1196 ἔχουσι
2480 1128 2607 1197 περὶ
2629 1129 2697 1181 τὰ
2716 1129 2812 1181 τοῦ
2843 1129 2979 1183 Θεοῦ
3007 1130 3251 1202 κρίματα
3272 1131 3570 1203 ἐξηγεῖται.
3590 1137 3699 1187 Αὐ-

2179 1217 2249 1269 τά
2294 1218 2393 1288 μὲν
2433 1220 2543 1290 γάρ
2581 1222 2697 1273 ἐστι
2731 1220 2900 1291 βαθέα
2935 1240 2994 1275 τε
3026 1224 3122 1277 καὶ
3148 1224 3565 1297 ἀνεξερεύνητα,
3604 1229 3701 1282 καὶ

2179 1309 2558 1381 ἀκαταληψίας
2594 1312 2835 1381 γέμοντα
2883 1314 3115 1386 πολλῆς·
3148 1318 3195 1368 oi
3238 1316 3295 1369 δὲ
3327 1317 3454 1380 τοὺς
3502 1318 3700 1387 λόγους

2177 1402 2273 1472 τῆς
2307 1404 2364 1454 ἐν
2393 1404 2609 1473 ἑκάστῳ
2656 1406 2985 1476 γιγνομένης
3027 1407 3339 1477 οἰκονομίας
3373 1407 3485 1479 (54)
3528 1409 3701 1477 ἀγνο-

2177 1489 2363 1552 οῦντες
2404 1493 2484 1554 είς
2528 1492 2843 1561 ἀμηχάνους
2881 1494 3208 1547 ἐκπίπτουσι
3248 1494 3563 1563 λογισμούς.
3604 1495 3702 1549 Διὸ

2175 1584 2258 1655 δὴ,
2285 1585 2549 1654 πρότερον
2576 1585 2773 1647 αὐτοὺς
2809 1586 3030 1655 προθεὶς
3064 1588 3195 1657 ἡμῖν
3223 1586 3351 1649 τοὺς
3375 1585 3694 1657 λογισμοὺς,

2177 1667 2322 1725 οὗτοι
2369 1673 2425 1725 δὲ
2468 1668 2607 1744 ἦσαν
2642 1672 2686 1723 ol
2733 1671 2823 1725 διὰ
2859 1672 2956 1744 τὴν
2982 1673 3289 1743 εὐπραγίαν
3327 1672 3437 1725 τῶν
3479 1673 3699 1725 ἀσεϐῶν

2176 1762 2475 1835 ἀνθρώπων
2526 1761 3043 1832 τὲπισυμϐαίνοντες⁸
3087 1762 3232 1817 Ἰδοὺ
3272 1762 3381 1835 γὰρ
3426 1765 3699 1832 ἀμαρτω-

2176 1857 2298 1919 λοὶ,
2335 1856 2487 1926 φησὶ,
2520 1855 2619 1909 καὶ
2652 1855 3073 1922 εὐθηνοῦντες,
3096 1855 3336 1909 διδάσκει
3365 1855 3502 1925 μετά
3534 1856 3696 1909 τοῦτο

2177 1948 2271 2000 καὶ
2307 1950 2456 2001 ποῖον
2488 1946 2666 2001 αὐτῶν
2686 1946 2792 2001 τῶν
2824 1946 3037 2000 ἀσεϐῶν
3058 1946 3209 1999 ἔσται
3232 1946 3293 1999 τὸ
3321 1946 3474 2011 τέλος
3496 1963 3509 1976 ⁸
3543 1948 3695 2011 ὅπως

2174 2038 2260 2101 ἂν,
2288 2038 2355 2091 τὰ
2386 2036 2609 2093 τοιαῦτα
2644 2038 2864 2107 γνόντες
2913 2038 3121 2106 σαφῶς,
3160 2036 3236 2108 μὴ
3282 2037 3580 2109 ἀπορῶμεν
3632 2041 3694 2091 ὲν

2173 2132 2290 2192 ταῖς
2326 2130 2663 2199 ἀνωμαλίαις
2686 2129 2793 2182 τῶν
2822 2132 2878 2182 έν
2904 2128 3040 2199 τῷδε
3069 2128 3146 2198 τῷ
3175 2128 3276 2199 βίῳ
3318 2130 3687 2201 πραγμάτων.

2120 2224 2123 2227 ’
2183 2218 2275 2285 Ὡς
2314 2219 2535 2288 ἀγαθὸς
2574 2222 2606 2272 ό
2647 2218 2791 2284 Θεὸς
2827 2216 2907 2284 τῷ
2945 2216 3191 2284 Ἰσραὴλ
3232 2216 3355 2283 τοῖς
3385 2215 3593 2271 εὐθέσι
3616 2216 3693 2284 τῇ

2101 2310 2333 2379 καρδίᾳ.
2368 2311 2592 2365 Μέλλων
2629 2310 2930 2382 διηγεῖσθαι
2956 2309 3052 2380 τὴν
3100 2310 3206 2363 τῶν
3256 2310 3315 2362 ἐν
3358 2310 3585 2379 ἀσεϐείᾳ
3611 2310 3691 2363 διο

2100 2403 2338 2470 αγόντων
2354 2401 2651 2473 ἀνθρώπων
2668 2402 2955 2473 γινομένην
2973 2402 3289 2472 εὐημερίαν,
3314 2402 3407 2453 καὶ
3427 2400 3526 2472 τὴν
3550 2402 3689 2470 μετά

2098 2493 2271 2547 ταῦτα
2317 2493 2501 2555 αὐτοῖς
2543 2493 2914 2563 ἀποκειμένην
2945 2492 3167 2544 κόλασιν
3201 2490 3424 2562 πικρὰν,
3453 2493 3688 2560 προτάτ-

2097 2603 2178 2638 τει
2218 2585 2278 2637 τὸ
2306 2588 2417 2648 τοῖς
2445 2584 2659 2638 εὐθέσιν
2688 2583 2893 2652 ἀγαθὸν
2923 2581 3059 2637 εἶναι
3112 2582 3202 2636 τὸν
3245 2582 3406 2636 Θεόν⁶
3436 2583 3587 2645 ὅπως
3620 2582 3684 2635 ἂν

2097 2680 2273 2745 γνοῖεν
2321 2678 2370 2729 οἱ
2413 2676 2513 2747 τὴν
2558 2678 2756 2748 εὐσεϐῆ
2800 2658 3115 2747 αἱρούμενοι
3148 2677 3359 2748 μερίδα,
3383 2675 3459 2738 ὡς
3502 2676 3684 2746 μόνοις

2095 2771 2203 2832 τοῖς
2243 2768 2426 2821 εὐθέσι
2467 2772 2533 2840 τῇ
2590 2769 2789 2839 καρδία
2820 2768 2971 2821 ἔσται
3004 2768 3205 2836 ἀγαθὸς
3224 2768 3262 2820 ’ὁ
3294 2768 3454 2832 Θεός·
3483 2769 3543 2821 οὐ
3578 2769 3683 2839 μὴν

2097 2855 2176 2908 ἔτι
2206 2858 2441 2921 καὶτοῖς
2472 2857 2783 2927 φαυλότατα
2831 2858 3447 2927 ἀμαρτάνουσιν.”Ωστε,
3496 2859 3545 2909 εί
3589 2858 3682 2909 καὶ

2095 2947 2344 3001 δοκοῦσιν
2394 2950 2705 3019 εὐημερεῖν,
2757 2950 2911 3018 φησι,
2956 2949 3308 3019 ταραττέσθω
3359 2949 3567 3020 μηδεὶς,
3621 2948 3683 3001 τὸ

2099 3039 2293 3110 μικρὸν
2324 3038 2550 3110 ὕστερον
2577 3040 2773 3102 αὐτοὺς
2802 3038 3150 3109 ὲκδεξόμενον
3197 3038 3552 3110 κολαστήριον
3592 3040 3680 3090 ὲν-

2022 3117 2063 3173 C
2099 3130 2254 3183 νοῶν.

2171 3217 2383 3289 [Ἐμοῦ
2406 3218 2474 3270 δὲ
2497 3218 2656 3285 παρὰ
2674 3216 2892 3286 μικρὸν
2924 3218 3351 3286 ἐσαλεύθησαν
3390 3220 3443 3271 οἱ
3476 3217 3677 3285 πόδες.

2097 3310 2379 3379 Διηγεῖται
2403 3310 2642 3361 τοιοῦτον
2670 3310 2794 3371 τοὺς
2819 3309 3062 3373 εὐσεϐεῖς
3087 3309 3377 3379 ὑπομένειν
3403 3308 3493 3362 τὸν
3516 3309 3677 3363 θάνα-

2095 3418 2207 3465 τον,
2239 3402 2315 3464 ὡς
2348 3403 2421 3473 μή
2456 3419 2579 3455 τινα
2609 3402 2893 3455 ἀνανεύειν
2917 3402 3052 3466 εἴτις
3078 3403 3238 3455 αὐτὸν
3262 3401 3458 3473 ἔροιτο,
3483 3403 3532 3454 εί
3558 3402 3678 3471 βού-

2094 3493 2236 3546 λοιτο
2269 3495 2511 3547 τοιούτου
2547 3493 2777 3547 θανάτου
2814 3494 3043 3566 τυχεῖν.]

2169 3586 2297 3638 Ὅτι
2329 3584 2597 3651 ἐζήλωσα
2625 3585 2723 3638 ἐπὶ
2758 3584 2882 3650 τοῖς
2916 3587 3182 3653 ἀνόμοις,
3206 3583 3456 3651 εἰρήνην
3496 3584 3678 3653 ἀμαρ-

2094 3678 2300 3732 τωλῶν
2322 3678 2495 3746 ὀρῶν,
2530 3697 2585 3736 κ.
2619 3698 2668 3732 τ.
2696 3678 2745 3733 λ.
2766 3680 2845 3733 Τὰ
2867 3678 2962 3730 τὸν
2984 3678 3169 3730 κλόνον
3199 3676 3349 3747 αὐτῷ
3376 3677 3676 3747 ποιήσαντα

2093 3770 2193 3839 τῆς
2218 3768 2393 3841 ψυχῆς
2411 3772 2723 3841 ἀφηγεῐται.
2744 3770 2927 3823 Ταῦτα
2949 3770 3006 3822 δέ
3023 3771 3158 3836 ἐστι,
3179 3769 3240 3822 τὸ
3260 3767 3477 3841 πρῶτον
3497 3769 3594 3839 μὲν
3620 3774 3677 3824 ἐν

2093 3863 2281 3933 εἰρήνῃ
2320 3862 2515 3925 αὐτοὺς
2557 3860 2747 3933 βαθείᾳ
2793 3862 3089 3915 διατελεῖνο
3143 3862 3333 3915 ἔπειτα
3383 3862 3678 3927 διαπαντὸς

2091 3953 2382 4023 εὐημερεῖν
2408 3951 2498 4004 τοῦ
2536 3953 2673 4022 βίου,
2705 3953 2780 4015 ὡς
2828 3953 2920 4005 καὶ
2981 3952 3141 4022 μέχρι
3181 3951 3410 4006 θανάτου
3456 3953 3557 4022 τὴν
3588 3954 3677 4005 εὐο

2091 4042 2326 4114 ημερίαν
2375 4042 2828 4105 συνεκτείνεσθαι,
2874 4042 2968 4095 καὶ
3008 4042 3245 4095 τοιοῦτον
3294 4043 3419 4106 τοὺς
3460 4042 3674 4107 ἀσεϐεῖς

2090 4135 2380 4206 ὑπομένειν
2415 4135 2599 4200 αὐτὸν,
2627 4134 2702 4197 ὼς
2735 4136 2807 4205 μή
2847 4150 2967 4186 τινα
3014 4134 3295 4187 ἀνανεύειν
3327 4133 3486 4197 εἴτις
3512 4135 3674 4188 αὐτὶν

2090 4226 2285 4298 ἔροιτο,
2309 4229 2357 4279 εἰ
2386 4226 2630 4297 βούλοιτο
2649 4225 2742 4278 τοῦ
2769 4225 3009 4278 τοιούτου
3033 4226 3262 4280 θανάτου
3291 4229 3471 4296 τυχεῖν
3491 4242 3507 4259 ο
3537 4226 3673 4297 πρὸς

2088 4320 2144 4371 δὲ
2177 4320 2335 4371 τοῦτο
2380 4320 2474 4371 καὶ
2524 4319 2573 4370 εἰ
2623 4317 2732 4388 ἄρα
2762 4317 2961 4388 συνέϐη
2996 4319 3087 4370 ἐπὶ
3116 4322 3182 4389 τῇ
3216 4317 3461 4389 ἁμαρτία
3493 4316 3673 4371 αὐτῶν

2095 4411 2290 4481 μάστιξ
2320 4408 2731 4481 ἐπιστρεπτικὴ,
2753 4408 2961 4478 ταύτην
2988 4409 3062 4480 μὴ
3087 4404 3226 4463 εἶναι
3251 4410 3516 4482 χαλεπὴν,
3559 4408 3673 4462 ἀλλ’

2091 4504 2329 4575 ἐλαφράν
2362 4521 2419 4556 τε
2450 4503 2542 4556 καὶ
2580 4502 3085 4573 εὐπαρακόμιστον·
3119 4503 3203 4571 ἐφ’
3234 4504 3404 4557 ἀπασι
3450 4504 3508 4557 δὲ
3549 4505 3676 4558 τού-

2089 4612 2201 4658 τοις
2248 4593 2307 4646 τὸ
2356 4594 2431 4666 μὴ
2474 4593 2583 4645 τῶν
2622 4594 2979 4665 ἀνθρωπίνων
3034 4594 3430 4648 συναπολαύειν
3467 4594 3670 4658 κόπων,

2091 4686 2226 4756 μηδὲ
2253 4684 2468 4738 δέεσθαι
2511 4686 2610 4755 τῆς
2646 4684 2771 4737 καθ’
2800 4685 3014 4757 ἡμέραν
3048 4686 3310 4755 ἐργασίας
3341 4686 3421 4747 εἰς
3456 4684 3675 4755 διατρο-

2089 4774 2191 4847 φὴν
2221 4775 2531 4843 ἀναγκαίων
2555 4775 2792 4846 τροφῶν.
2826 4771 2991 4838 Οὗτος
3034 4776 3141 4847 γὰρ
3182 4775 3361 4829 αὐτῶν
3391 4779 3419 4829 ό
3442 4775 3529 4829 διά
3556 4793 3674 4845 χειο

2089 4863 2199 4935 ρῶν
2224 4864 2390 4927 κόπος
2420 4860 2530 4917 οἷον
2571 4865 2691 4918 ἀντὶ
2732 4866 3013 4936 μαστίγων
3046 4868 3159 4929 τοῖς
3190 4865 3495 4937 ἀνθρώποις
3526 4864 3674 4918 δέδου

2092 4972 2203 5008 ται.
3349 5006 3382 5017 .,

2162 5039 2264 5094 Διὰ
2289 5041 2465 5096 τοῦτο
2493 5042 2826 5112 ἐκράτησεν
2849 5045 3073 5111 αὐτοὺς
3105 5048 3143 5113 ἡ
3169 5048 3568 5117 ὑπερηφανία,
3594 5048 3674 5110 εἰς

2093 5132 2265 5196 τέλος.
2299 5133 2513 5207 Ἐπειδὴ
2548 5138 2763 5189 πάντων
2797 5137 2894 5208 μὲν
2924 5138 3257 5193 ἀπολαύουσι
3287 5141 3395 5192 τῶν
3426 5139 3669 5208 ἀγαθῶν,

2090 5225 2259 5278 κακού
2287 5226 2343 5279 δὲ
2369 5227 2601 5293 οὐδενὸς,
2638 5229 2827 5281 τούτου
2874 5231 3033 5303 χάριν
3071 5230 3345 5303 περισσῶς
3378 5232 3672 5302 ἐπετήδευ-

2090 5331 2188 5368 σαν
2215 5316 2313 5387 τὴν
2346 5318 2727 5389 ὑπερηφανίαν
2746 5336 2758 5348 ·
2797 5320 2919 5389 ἥτις
2959 5322 3053 5375 καὶ
3089 5321 3305 5385 ἀδίκους
3336 5322 3431 5374 καὶ
3457 5322 3673 5385 ἀσεϐεῖς

410 5408 607 5469 αὐτοὺς
653 5404 966 5469 ἀπετέλεσε,
995 5401 1087 5456 καὶ
1129 5402 1221 5453 ἐπὶ
1271 5402 1543 5467 τοσοῦτον,
1594 5402 1669 5466 ὡς
1727 5401 1819 5455 καὶ
1879 5402 1976 5466 τὰς
2010 5404 2264 5471 ἀσεϐείας
2289 5408 2466 5462 αὐτῶν
2501 5413 2690 5481 παχεῖς
2713 5407 2848 5465 εἶναι
2882 5414 2975 5466 καὶ
2997 5413 3158 5466 οἱονεὶ
3182 5414 3491 5485 εὐτραφεῖς.

510 5496 558 5527 ⁷⁸
592 5494 753 5549 Rom.
782 5510 859 5559 Si,
900 5492 989 5549 55.

487 5612 766 5690 (541N931-
787 5610 1062 5681 οἰκονομία
1112 5626 1253 5680 saepe
1299 5624 1397 5679 pro
1440 5609 1814 5665 incarnatione
1861 5624 1961 5664 usu
1999 5613 2160 5671 venit.
2198 5614 2481 5687 Vulgatius
2505 5623 2687 5672 autem
2720 5617 2990 5690 signiﬁcat
3017 5626 3186 5675 totam
3240 5615 3440 5675 seriem
3494 5613 3673 5670 actio-

414 5700 546 5739 num
568 5682 792 5739 Christi.
