3872 6216
221 282 312 337 32E

1269 277 1634 334 EXPOSITIO
1672 278 1739 334 lN
1777 277 2110 336 PSALMUM
2146 278 2355 335 LXXII.

3323 285 3431 342 330

284 394 617 458 Διήλθοσαν
639 394 726 458 εὶς
751 390 1018 446 διάθεσιν
1043 391 1311 461 καρδίας.
1361 394 1424 445 Ἡ
1464 394 1751 465 παράνομοι

1907 430 1911 435 -
1949 393 2003 448 7.
2041 392 2383 448 Transierunt
2403 393 2455 446 in
2475 392 2720 462 affectum
2772 391 2966 446 cordis.
2998 389 3187 463 Iniqua
3233 392 3320 447 illa
3352 393 3434 450 fe-

217 484 495 554 εὑημερία,
523 485 704 554 φησὶν,
732 484 843 549 ἕξιν
868 484 1050 546 αὐτοῖς
1071 483 1313 554 πονηρὰν
1334 483 1624 554 εἰργάσατο
1649 483 1777 554 περὶ

215 578 308 646 τὴν
333 576 530 645 ψυχήν.
564 577 665 629 Καὶ
702 575 865 629 πόθεν
890 575 1047 646 δῆλον
1075 576 1107 645 ἢ
1131 577 1195 629 ἐκ
1217 575 1310 628 τοῦ
1326 575 1647 631 διανοεῖσθαι
1677 576 1774 629 αὑ-

214 668 333 728 τοὺς
351 668 443 720 καὶ
469 667 646 720 λαλεῖν
677 669 934 738 πονηρίαν
960 683 974 731 ;

288 778 541 832 Ἀδικίαν
575 781 661 843 εἰς
688 777 752 831 τὸ
783 779 942 848 ὕψος
980 777 1312 846 ἐλάλησαν.
1367 779 1644 832 Ἐπίτασιν
1676 778 1774 849 τῆς

212 869 464 940 πονηρίας
497 869 673 922 αὐτῶν
701 869 971 940 σημαίνει,
1006 869 1082 932 ὡς
1115 868 1303 921 λοιπὸν
1349 868 1442 921 καί⁸
1492 869 1574 929 εἰς
1611 866 1772 920 αὐτὸν

211 962 294 1016 τὸν
330 961 458 1014 Θεὸν
504 960 792 1032 ἀναφέρειν
837 959 934 1030 τὴν
978 959 1343 1031 βλασφημίαν.
1397 960 1634 1012 Ἔθεντο
1686 959 1773 1022 εἰς

210 1052 459 1122 οὐρανὸν
501 1051 570 1104 τό
617 1053 810 1120 στόμα
834 1050 1050 1106 αὐτῶν.
1085 1051 1415 1121 Βλάσφημα,
1449 1049 1601 1121 φησὶ,
1637 1065 1770 1120 προ-

210 1142 393 1213 ἐφερον
423 1141 567 1194 κατὰ
597 1139 690 1193 τοῦ
733 1139 869 1193 Θεοῦ
910 1142 1150 1211 ῥήματα,
1192 1140 1288 1192 καὶ
1325 1137 1498 1192 ταῦτα
1529 1137 1772 1191 ταπεινοί

207 1232 349 1295 ὅντες
385 1233 478 1286 καί¹
507 1233 604 1303 τὴν
633 1233 883 1302 γλῶσσαν
912 1233 1004 1284 ἐπὶ
1034 1231 1139 1301 γῆς
1160 1231 1392 1302 ἔχοντες.

271 1345 369 1397 Διά
383 1344 559 1398 τοῦτο
586 1343 935 1410 ἐπιστρέψει
959 1345 990 1396 ὁ
1014 1346 1163 1408 λαός
1183 1360 1320 1411 μου.
1348 1343 1447 1396 Διὰ
1470 1343 1626 1397 τοῦτο
1652 1344 1769 1416 μέν·

204 1454 279 1489 τοι
311 1437 644 1508 ἐπαρθέντας
691 1437 887 1499 αὐτοὺς
928 1436 1356 1506 καταϐληθῆναι.
1393 1441 1411 1460 ⁶
1453 1438 1511 1490 '0
1551 1438 1607 1490 δὲ
1645 1437 1769 1502 νοῦς

205 1526 399 1588 οὕτως·
448 1527 700 1596 Ὠφέλειά
731 1544 836 1592 τις,
880 1527 1031 1597 φησὶ,
1069 1528 1162 1579 καὶ
1195 1529 1495 1600 ἐπιστροφὴ
1537 1529 1615 1599 τῷ
1650 1529 1766 1600 ἐμῷ

204 1616 310 1688 λαῷ
335 1619 642 1688 γενήσεται.
675 1620 706 1689 ή
745 1618 947 1670 τούτων
984 1619 1244 1689 τιμωρία.
1290 1619 1624 1689 Ἑωρακότες
1659 1620 1765 1692 γὰρ

1876 485 2073 546 licitas.
2109 487 2305 556 inquit,
2341 484 2542 538 malum
2569 483 2705 553 ipsis
2742 483 2986 537 habitum
3036 483 3089 537 in
3123 483 3301 537 anima
3337 499 3429 553 pe-

1874 575 2033 645 perit.
2077 573 2143 628 Et
2197 575 2464 628 undenam
2506 574 2557 627 id
2608 573 2960 627 manifestum
3006 573 3130 639 erit,
3162 572 3271 628 nisi
3316 574 3434 645 vitia

1874 664 2114 734 cogitant
2146 673 2200 718 et
2226 665 2520 734 loquuntur
2553 662 2936 733 iniquitatem?
3027 671 3031 675 '

1942 777 1995 839 8,
2020 777 2074 832 9.
2102 775 2444 848 Iniquitatem
2474 778 2528 830 in
2564 775 2768 831 excelso
2800 777 2963 830 locuti
2994 786 3141 832 sunt.
3168 775 3434 846 Augmen-

1873 875 1985 920 tum
2017 867 2322 936 iniquitatis
2350 883 2536 922 eorum
2579 867 2870 939 signiﬁcat,
2923 867 2996 921 ita
3045 875 3105 922 ut
3134 869 3218 922 vel
3247 869 3300 921 in
3354 869 3434 936 ip-

1871 974 1991 1013 sum
2029 958 2197 1012 Deum
2224 960 2538 1029 hlasphema
2571 960 2711 1014 dicta
2739 958 2983 1028 proferre
3023 959 3281 1014 audeant.
3320 957 3428 1012 Po-

1871 1059 2087 1103 suerunt
2116 1051 2172 1102 in
2203 1049 2389 1103 caelum
2413 1065 2470 1102 os
2498 1066 2672 1116 suum,
2701 1058 2806 1103 etc.
2844 1047 3186 1117 Blasphema,
3228 1049 3424 1119 inquit,

1869 1141 2032 1194 verba
2094 1140 2146 1193 in
2198 1139 2366 1194 Deum
2402 1139 2764 1209 proferebant,
2818 1140 2942 1193 licet
2990 1139 3122 1194 viles
3164 1149 3346 1194 essent
3373 1148 3429 1194 et

1868 1232 2107 1302 linguam
2144 1233 2196 1288 in
2228 1242 2366 1287 terra
2391 1232 2673 1286 haberent.

1941 1339 2029 1394 10.
2068 1321 2205 1392 Μεθ’
2231 1348 2554 1394 convertatur
2582 1342 2804 1411 populus
2837 1360 2980 1397 meus
3023 1344 3128 1399 hic.
3172 1343 3297 1398 Ideo
3328 1358 3424 1396 eos

1867 1430 2118 1499 superbia
2156 1430 2328 1484 elatos
2359 1431 2515 1500 dejici
2549 1433 2840 1503 continget.
2891 1433 3095 1490 Sensus
3127 1441 3307 1488 autem
3339 1434 3426 1488 hic

1865 1530 1984 1576 est:
2019 1521 2318 1576 Utilitatem
2348 1523 2636 1591 quamdam
2696 1534 2749 1578 et
2778 1507 3188 1580 conversidnem
3226 1527 3426 1595 populo

1865 1627 1987 1665 meo
2018 1611 2205 1667 aﬂ‘eret
2231 1629 2419 1668 eorum
2447 1615 2794 1684 supplicium.
2832 1614 2968 1669 Cum
3004 1615 3236 1670 viderint
3280 1617 3427 1669 enim

205 1701 305 1759 οἷον
345 1707 467 1770 τοὺς
499 1708 720 1770 ἀσεϐεῖς
757 1707 1053 1774 διαδέξεται
1085 1708 1269 1772 τέλος,
1307 1710 1406 1762 οὐκ
1431 1710 1494 1764 ἄν
1525 1728 1651 1764 ποτε
1686 1714 1751 1774 εἰς

1865 1702 1955 1770 qui
1979 1704 2103 1758 linis
2131 1689 2362 1774 excipiet
2393 1704 2609 1773 impios,
2645 1720 2924 1772 nunquam
2978 1705 3044 1759 ad
3077 1705 3207 1775 quid
3249 1704 3425 1758 simile

204 1793 348 1848 τοῦτο
378 1795 603 1861 ἔλθοιεν,
637 1798 838 1868 ἐφορᾷν
866 1796 935 1849 τὰ
965 1795 1276 1866 ἀνθρώπινα
1313 1799 1496 1867 σαφῶς
1526 1800 1762 1869 ἐγνωκός

203 1903 284 1949 τες
311 1885 458 1939 θεόν.
485 1887 599 1940 Καὶ
623 1887 835 1956 ἡμέραι
857 1887 1106 1956 πλήρεις
1128 1889 1551 1956 εὑρεθήσονται
1572 1890 1641 1943 ἐν
1658 1892 1763 1944 αὺ-

202 1977 329 2043 τοῖς.
363 1979 549 2041 Ὅταν,
587 1980 740 2049 φησὶ,
771 1979 870 2048 τὴν
901 1978 1152 2048 τοιαύτην
1179 1981 1482 2050 κτήσωνται
1515 1979 1758 2051 γνώμην,

199 2067 308 2120 τότε
326 2068 388 2138 δὴ
411 2069 532 2121 τότε
571 2069 671 2138 τῆς
695 2068 839 2139 ζωῆς
869 2068 1048 2122 αὐτῶν
1080 2069 1170 2121 τὸν
1204 2069 1390 2140 χρόνον
1422 2069 1601 2134 καλῶς
1633 2071 1761 2123 ἀνα-

201 2157 569 2228 πληρώσουσι,
620 2159 759 2211 κατά
819 2158 880 2210 τὸ
935 2158 1221 2230 εἰρημένον
1273 2159 1386 2210 ὅτι·
1449 2161 1758 2229 Ἐκοιμήθη

198 2246 420 2314 πλήρης
442 2246 684 2316 ἡμερῶν
702 2265 717 2281 ο
744 2248 990 2302 τουτέστι
1017 2249 1244 2319 πλήρεις
1276 2252 1330 2302 αἰ
1360 2251 1557 2324 ἡμέραι
1583 2251 1758 2306 αὐτῶν

198 2338 382 2400 παντὸς
416 2339 708 2406 γεγόνασιν
741 2339 966 2408 ἀγαθοῦ.

257 2450 356 2502 Kal
379 2449 582 2514 εἶπαν,
610 2451 735 2516 πῶς
762 2451 914 2521 ἔγνω
949 2455 980 2505 ὀ
1009 2454 1189 2518 Θεός;
1220 2453 1276 2507 '0
1318 2455 1414 2525 μέν
1441 2454 1571 2525 ἐμὸς
1608 2454 1753 2522 λαὸς,

192 2540 343 2610 φησὶν
366 2581 380 2605 ,
408 2543 472 2593 ἐκ
509 2542 609 2594 τοῦ
641 2542 1040 2615 καταϐληθῆναι
1076 2547 1202 2608 τοὺς
1235 2546 1446 2609 ἀσεϐεῖς
1475 2546 1756 2617 ὠφεληθή-

194 2647 349 2683 σεται.
383 2635 443 2685 Οἱ
476 2633 534 2685 δὲ
566 2633 956 2704 προλεχθέντες
988 2637 1266 2699 δυσσεϐεῖς
1289 2638 1382 2689 καὶ
1405 2637 1553 2690 ἄθεοι
1584 2637 1755 2701 οὕτως

191 2719 430 2787 ἠσέϐουν,
460 2721 538 2785 ὡς
573 2722 865 2776 σκάνδαλον
894 2723 1146 2791 γενέσθαι
1186 2728 1295 2787 τοῖς
1325 2725 1490 2798 ὁρῶσι
1517 2726 1608 2780 τὸν
1641 2726 1753 2796 βίον

189 2812 373 2876 αὐτῶν,
401 2814 494 2866 καὶ
516 2814 822 2884 ἀμηχανεῖν
851 2816 943 2868 καὶ
976 2815 1156 2885 λέγειν
1187 2833 1200 2846 ·
1231 2818 1294 2869 Εἰ
1344 2813 1452 2888 ἆρα
1488 2820 1656 2889 ἐφορᾷ
1685 2818 1753 2872 τὰ

189 2902 488 2974 ανθρὼπινα
527 2907 558 2958 ὁ
599 2905 762 2972 Θεὸς;
793 2906 865 2959 Τὸ
912 2907 1041 2975 γὰρ,
1078 2909 1209 2973 Πὼς
1252 2907 1404 2978 ἔγνω
1427 2949 1442 2972 ,
1472 2910 1592 2962 ἀντὶ
1633 2909 1748 2974 τοῦ,

188 2993 301 3057 Πῶς
333 2995 625 3064 γινώσκειν
669 2997 736 3050 τὰ
783 2997 903 3051 καθ’
935 2999 1080 3069 ήμᾶς
1113 2999 1205 3051 καί
1244 2998 1462 3052 διοικεῖν
1511 3000 1746 3069 λέγεται,

188 3086 272 3138 καί
299 3087 411 3151 πῶς
437 3089 644 3158 γνῶσιν
669 3088 780 3159 ἔχει
808 3089 915 3143 τῶν
942 3089 1258 3161 ἡμετέρων;

260 3288 398 3343 Ἰδοὺ
424 3284 598 3344 οὗτοι
622 3288 956 3357 ἁμαρτωλοί
989 3289 1088 3342 καὶ
1124 3289 1520 3357 εὐθηνοῦντες
1537 3290 1620 3354 εὶς
1645 3290 1750 3342 τὸν

185 3377 355 3433 αἰῶνα
377 3381 681 3450 κατέσχον
714 3382 1003 3434 πλούτου.
1033 3381 1106 3433 Τὸ
1135 3381 1302 3434 αἴτιον
1329 3379 1423 3433 τοῦ
1452 3380 1746 3434 σκανδάλου

184 3470 280 3522 τῶν
320 3472 574 3544 ὁρώντων
622 3472 1047 3543 εὐθηνουμένους
1093 3475 1218 3536 τοὺς
1255 3472 1469 3536 ἀσεϐεῖς
1519 3473 1748 3543 παρατί-

185 3560 340 3616 θεται.
381 3563 555 3617 Τοῦτο
591 3563 648 3616 δέ
676 3565 791 3616 ἐστι
823 3563 882 3616 τὸ
918 3563 1240 3627 διαιωνίζειν
1268 3562 1462 3625 αὐτοὺς
1493 3562 1634 3616 κατά
1650 3563 1748 3617 τὸν

185 3656 413 3725 παρόντα
445 3656 562 3727 βίον
591 3659 655 3727 τῇ
692 3657 980 3729 εὐημερίᾳ.
1006 3656 1114 3711 Kal
1136 3652 1274 3709 εἶπα
1293 3672 1305 3684 ·
1340 3648 1454 3722 ἆρα
1484 3657 1746 3724 ματαίως

183 3744 488 3802 ἐδικαίωσα
532 3747 650 3816 τὴν
687 3749 939 3818 καρδίαν
961 3765 1100 3818 μου.
1137 3745 1308 3816 Κάγὼ
1333 3787 1347 3811 ,
1378 3749 1542 3818 φησί,
1574 3745 1744 3800 ταῦτα

183 3834 330 3904 ὀρῶν,
364 3837 740 3909 ἐθορυϐούμην
769 3842 881 3902 τοῖς
913 3839 1210 3909 λογισμοῖς,
1245 3837 1363 3890 κατ’
1392 3837 1626 3907 ἐμαυτὸν
1661 3838 1744 3889 ἐν-

183 3923 304 3978 νοῶν
328 3969 344 3993 ,
380 3929 579 3999 μήπως
612 3929 717 4000 ἄρα
751 3931 778 3982 ὁ
812 3930 951 3998 ὑπὲρ
999 3929 1200 3998 ἀρετῆς
1246 3930 1405 3991 πόνος
1455 3927 1604 3982 ἔσται
1655 3945 1742 3998 μοι

186 4015 412 4085 μάταιος.
449 4017 560 4072 Ἦν
599 4019 655 4072 δὲ
695 4022 723 4072 ὁ
753 4020 910 4084 πόνος
941 4021 1002 4074 τὸ
1036 4021 1378 4090 δικαιοσύνην
1408 4021 1615 4083 ἀσκεῖν,
1650 4021 1742 4074 καὶ

183 4106 236 4160 τὸ
262 4109 582 4184 καθαρεύειν
632 4113 816 4165 ἀδίκου
866 4111 1152 4183 πράξεως,
1198 4115 1292 4168 καὶ
1335 4114 1398 4167 τὸ
1447 4112 1588 4182 ὑπὲρ
1632 4111 1740 4165 τῶν

185 4199 446 4270 προτέρων
476 4203 889 4274 ἁμαρτημάτων
922 4205 1113 4257 ἑαυτὸν
1148 4204 1428 4276 μαστίζειν
1459 4207 1523 4275 τῇ
1555 4203 1742 4274 ἐξομο-

184 4287 404 4362 λογήσει,
438 4294 532 4347 καὶ
567 4296 645 4357 εἰς
670 4294 826 4347 τοῦτο
849 4295 1032 4369 ὥσπερ
1060 4298 1123 4349 ἐκ
1152 4297 1337 4368 κοίτης
1374 4295 1738 4349 διανίστασθαι

185 4381 254 4443 εἰς
275 4383 330 4434 τὸ
357 4384 496 4454 ὑπὲρ
523 4385 630 4438 τῶν
660 4386 1068 4457 ἁμαρτημάτων
1097 4385 1300 4440 κακοῦν
1326 4385 1537 4440 ἑαυτόν.

245 4475 311 4526 Εἰ
345 4475 581 4547 ἔλεγον·
620 4477 985 4546 Διηγήσομαι
1020 4478 1239 4544 οὕτως’
1275 4477 1401 4531 ὶδοὺ
1443 4476 1518 4544 τῇ
1565 4475 1740 4545 γενεᾷ

184 4563 316 4617 vlim
345 4583 458 4622 σου
509 4568 912 4636 ἠσυνθέτηκα.
970 4569 1189 4637 Ταῦτα,
1254 4570 1441 4641 φησὶν,
1500 4569 1740 4622 ἐνενόουν

169 4657 292 4707 κατ’
322 4659 577 4727 ἐμαυτὸν,
607 4659 702 4722 ὡς,
736 4662 782 4712 εἰ
811 4659 1032 4723 τούτους
1055 4662 1180 4725 τοὺς
1207 4661 1624 4724 ὑπεισελθόντας
1650 4677 1738 4730 μοι

185 4743 457 4820 λογισμοὺς
506 4751 714 4824 ἑτέροις
761 4753 1072 4822 ὲπαγγείλω
1122 4747 1304 4824 (οὗτοι
1348 4755 1406 4808 δὲ
1451 4751 1591 4826 ἦσαν
1640 4754 1734 4806 τόο

183 4831 313 4908 *Αρα
332 4844 592 4909 ματαίως
619 4843 937 4899 ἐδικαίωσα
960 4845 1074 4915 τὴν
1091 4847 1342 4916 καρδίαν
1353 4849 1516 4917 μου),
1537 4847 1737 4908 παντὸς

189 4932 465 4986 σκανδάλου
511 4937 697 4994 αὐτοῖς
737 4936 994 5008 γενοίμην
1041 4938 1230 5002 αἴτιος.
1271 4938 1440 4991 Τοῦτο
1471 4938 1526 4990 δὲ
1570 4938 1738 4991 ποιῶν

188 5022 495 5090 παρέϐαινον
528 5025 634 5079 τῶν
673 5026 780 5080 σῶν
832 5029 964 5080 ulth
1011 5027 1110 5092 τὰς
1158 5028 1458 5099 συνθήκας,
1495 5027 1604 5080 τῶν
1656 5028 1737 5081 δι-

187 5111 340 5165 καίων
375 5116 578 5188 ἀνδρῶν
615 5117 837 5189 δηλαδή.
872 5114 1037 5174 Αὗται
1062 5119 1116 5172 δὲ
1142 5117 1280 5191 ἦσαν
1319 5119 1426 5173 τῶν
1466 5120 1634 5188 ἁγίων
1678 5120 1736 5174 αἱ

190 5202 454 5274 συνθῆκαι.
477 5209 538 5261 τὺ
563 5209 636 5280 μὴ
665 5209 912 5280 ἀλλήλοις
941 5211 1232 5264 σκανδάλου
1267 5211 1436 5274 αἴτιος
1466 5209 1732 5280 γίνεσθαι.

252 5295 351 5349 Kal
386 5300 688 5354 ὑπέλαϐον
713 5301 819 5354 τοῦ
854 5285 1074 5370 γνῶναι
1124 5303 1319 5367 τοῦτο,
1346 5303 1532 5367 κόπος
1568 5301 1738 5355 ἐστίν

189 5379 424 5439 ἐνώπιόν
453 5407 588 5457 μου.
656 5391 1031 5464 Ὑπονοήσας,
1073 5393 1239 5463 φησί,
1275 5391 1344 5445 τὰ
1386 5391 1526 5444 οὕτω
1569 5391 1735 5462 βαθέα

191 5472 372 5538 γνῶναι
413 5479 683 5550 κρίματα,
732 5485 790 5536 ἐν
826 5483 978 5553 κόπῳ
1014 5483 1299 5539 ἐνέϐαλλον
1350 5482 1603 5554 ἐμαυτὸν,
1640 5481 1734 5537 ἆτε

271 5628 313 5660 ’⁵
344 5629 476 5686 Gen.
499 5649 620 5702 xxv,
647 5635 701 5690 8.

411 5723 671 5789 ΡΑτιιυι.
710 5728 829 5791 Gn.
879 5729 1140 5793 XXVII.

1864 1795 2133 1863 agendum
2187 1797 2536 1861 accesserint,
2565 1796 2717 1865 gnari
2776 1797 2944 1850 Deum
2972 1796 3211 1850 humana
3243 1797 3425 1850 omnia

1863 1887 2197 1955 conspicere.
2226 1885 2293 1940 Et
2320 1885 2433 1939 dies
2489 1887 2634 1955 pleni
2663 1887 2996 1939 invenientur
3048 1887 3103 1939 in
3153 1886 3252 1940 eis.
3279 1885 3417 1940 Cum

1862 1977 1954 2031 tali
1975 1989 2154 2043 erunt,
2217 1979 2414 2048 inquit,
2449 1987 2627 2032 mente
2675 1977 2952 2044 instructi,
2989 1985 3120 2031 tunc
3152 1977 3273 2031 vita:
3310 1991 3423 2032 sua:

1863 2077 2074 2138 tempus
2104 2070 2272 2140 probe
2309 2070 2624 2130 conﬁcient,
2648 2070 2801 2140 juxta
2840 2069 2972 2122 illud
3013 2069 3248 2123 dictum:
3283 2067 3421 2121 Dor-

1860 2163 2005 2215 mivit
2037 2163 2220 2230 plenus
2243 2163 2446 2216 dierum
2475 2163 2523 2194 ⁷⁸
2547 2181 2562 2229 ;
2588 2163 2643 2217 id
2681 2173 2785 2228 est,
2818 2176 3009 2218 omnes
3055 2175 3246 2216 eorum
3299 2159 3416 2214 dies

1859 2253 2011 2308 omni
2037 2254 2182 2308 bono
2209 2253 2354 2324 pleni
2376 2252 2548 2308 fuere.

1927 2465 2012 2520 11,
2049 2462 2120 2517 Et
2148 2464 2433 2519 dixerunt:
2487 2465 2756 2530 Quomodo
2803 2467 2903 2520 scit
2965 2465 3143 2522 Deus?
3181 2464 3419 2533 Populus

1855 2572 2031 2622 meus,
2066 2557 2263 2626 inquit,
2295 2573 2418 2612 eum
2451 2559 2643 2628 deject—i
2669 2567 2724 2614 et
2759 2559 3028 2613 deturbati
3082 2558 3285 2613 fuerint
3310 2559 3417 2611 im-

1855 2649 1950 2717 pii,
1970 2648 2391 2702 bincutilitatem
2410 2649 2654 2718 accipiet.
2673 2649 2953 2704 llliautem
2983 2649 3282 2716 supradicti
3313 2649 3417 2703 im-

1853 2741 1928 2810 pii
1957 2748 2007 2794 et
2041 2741 2184 2794 athei
2217 2749 2366 2795 tanta
2405 2741 2678 2810 impietate
2706 2731 2948 2806 fuerunt,
2994 2749 3055 2794 ut
3109 2740 3418 2795 videntibus

1853 2845 2041 2886 eorum
2075 2832 2240 2885 vitam
2269 2832 2592 2888 oﬁ'endi‘culo
2619 2841 2822 2896 essent,
2858 2833 2932 2887 ita
2977 2841 3035 2886 ut
3073 2833 3127 2887 lii
3175 2833 3418 2887 dicereut

1853 2923 1998 2976 anxii
2027 2931 2079 2977 et
2103 2923 2287 2978 dubii:
2321 2921 2461 2978 Num
2491 2923 2632 2979 Deus
2683 2924 2906 2994 respicit
2951 2925 3222 2978 humana?
3278 2923 3416 2978 lllud

1852 3014 2019 3076 enim,
2052 3012 2322 3078 Quomodo
2355 3018 2477 3080 scit,
2512 3016 2564 3070 id
2589 3023 2692 3082 est,
2716 3016 2828 3070 Cur
2850 3016 3050 3071 dicitur
3072 3031 3132 3070 ea
3164 3030 3284 3085 qua:
3308 3030 3410 3070 nos

1851 3117 2094 3174 spectant
2125 3123 2454 3177 cognoscere
2506 3120 2559 3164 et
2596 3110 3008 3174 administrare,‘
3033 3117 3088 3164 et
3118 3123 3231 3179 quo
3255 3118 3414 3180 pacto

1850 3214 2029 3252 rerum
2058 3213 2368 3254 nostrarum
2398 3201 2681 3256 scientiam
2705 3203 2906 3257 habet?

1919 3309 2031 3363 12-1
2047 3311 2100 3364 4.
2145 3309 2278 3364 Ecce
2311 3312 2414 3380 ipsi
2439 3323 2734 3381 peccatores
2761 3321 2810 3366 et
2851 3312 3176 3367 abundantes
3226 3311 3280 3365 in
3313 3326 3413 3364 stc-

1848 3395 1965 3448 culo
1989 3395 2326 3450 obtinuerunt
2359 3397 2598 3451 divitias.
2661 3398 2894 3454 Causam
2946 3398 3186 3452 declarat
3235 3395 3406 3450 oﬁeu-

1847 3489 2011 3543 dieuli
2054 3489 2354 3544 videntium
2408 3491 2608 3559 impios
2655 3492 2708 3544 in
2745 3492 3078 3544 abundantia
3120 3505 3261 3545 esse.
3294 3487 3410 3542 l-loc

1847 3588 2024 3631 autem
2053 3579 2126 3634 ita
2161 3579 2377 3645 dicitur,
2425 3581 2552 3650 quia
2583 3582 2896 3635 diuturnam
2924 3582 3063 3636 hanc
3084 3582 3249 3635 vitam
3283 3595 3407 3634 cum

1845 3665 2100 3722 felicitate
2121 3668 2347 3723 ducunt.
2370 3668 2438 3722 Et
2462 3671 2576 3723 dixi
2601 3688 2618 3723 :
2644 3670 2784 3740 Ergo
2805 3671 2916 3724 sine
2938 3686 3101 3724 causa
3119 3667 3409 3738 justiﬁcavi

1844 3775 1934 3811 cor
1964 3776 2153 3826 meum,
2181 3769 2286 3814 etc.
2307 3759 2440 3829 Ego,
2468 3761 2667 3829 inquit,
2721 3763 2802 3816 bis
2835 3762 3167 3830 conspectis,
3228 3768 3407 3814 mento

1843 3851 2194 3920 perturbatus
2224 3867 2392 3916 eram,
2428 3868 2639 3906 mecum
2683 3863 2942 3922 reputans
2987 3869 3052 3906 ne
3082 3868 3180 3922 pro
3207 3854 3405 3905 virtute

1844 3952 2126 4011 susceptus
2147 3941 2298 3995 labor
2326 3943 2534 3998 inutilis
2553 3952 2698 3998 esset
2747 3943 2904 3997 mibi.
2935 3943 3064 3997 Erat
3109 3928 3290 3996 autem
3321 3941 3404 3994 la-

1842 4033 2299 4101 borbuiusmodi,
2336 4032 2609 4102 justitiam
2659 4049 2948 4099 exercere,
3002 4033 3152 4087 omni
3206 4031 3402 4098 iniquo

1842 4139 2005 4193 opere
2032 4139 2228 4192 purum
2267 4137 2408 4190 esse,
2437 4139 2537 4193 pro
2564 4125 2858 4194 praztcritis
2881 4123 3120 4194 peccatis
3151 4136 3272 4176 sese
3302 4120 3400 4174 ﬁa-

1843 4216 2043 4287 gellare
2066 4215 2116 4268 in
2142 4213 2508 4282 confessione,
2543 4224 2596 4270 et
2626 4215 2692 4270 ad
2724 4230 2844 4270 eam
2879 4229 2993 4268 rem
3020 4213 3158 4267 lecto
3183 4227 3276 4267 sur
3293 4225 3405 4265 vere

1841 4320 2022 4369 mane,
2075 4304 2141 4357 ad
2192 4319 2311 4359 sese
2348 4303 2554 4375 peccati
2604 4320 2768 4359 causa
2816 4301 3228 4358 macerandum.

1915 4475 1998 4529 lii.
2028 4474 2088 4530 Si
2117 4476 2350 4530 dicebam
2376 4494 2394 4530 :
2428 4477 2673 4532 Narrabo
2704 4478 2817 4542 sic;
2846 4485 3242 4532 eccenattonem
3267 4474 3404 4545 ﬁlio-

1843 4581 1959 4617 runt
1984 4575 2193 4619 tuorum
2229 4568 2516 4637 reprobavi.
2546 4568 2691 4637 Haec,
2744 4569 2941 4639 inquit,
2991 4580 3204 4620 mecum
3249 4565 3400 4632 cogi-

1839 4643 2042 4718 tabam,
2099 4655 2144 4711 si
2198 4670 2291 4711 eas
2345 4658 2704 4727 cogitationes
2767 4672 2856 4712 me
2911 4654 3224 4709 invadentes
3280 4653 3403 4706 aliis

1841 4745 2222 4800 renuntiavero
2273 4755 2463 4816 (erant
2511 4760 2689 4803 autem
2723 4749 2828 4803 illa:
2868 4766 2882 4803 :
2916 4746 3055 4818 Ergo
3109 4745 3222 4800 sine
3274 4761 3402 4797 cau-

1839 4849 1898 4886 sa
1933 4833 2215 4902 iustiﬁcavi
2233 4853 2322 4891 cor
2352 4841 2566 4911 meum),
2602 4840 2908 4895 oﬁendiculi
2931 4841 3066 4911 ipsis
3089 4854 3252 4896 causa
3281 4854 3396 4896 ero.

1840 4921 1954 4978 lloc
1979 4935 2160 4980 autem
2223 4924 2390 4997 agens
2448 4938 2604 4999 pacta
2649 4931 2883 4986 ﬁliorum
2915 4939 3132 4987 tuorum
3171 4939 3400 5002 praeter-

1839 5031 2060 5084 gressus
2081 5033 2224 5084 sum,
2249 5019 2522 5088 justorum
2545 5021 2795 5078 videlicet
2820 5023 3082 5077 virorum.
3141 5019 3268 5076 Haec
3296 5037 3398 5075 au-

1838 5117 1945 5162 tem
1973 5119 2129 5164 erant
2150 5121 2307 5180 pacta
2339 5124 2676 5181 sanctorum,
2709 5126 2769 5172 ut
2809 5133 2914 5172 non
2950 5117 3053 5173 sibi
3078 5124 3267 5170 mutuo
3317 5116 3404 5170 οἷς.

1837 5199 2092 5253 iendieuli
2121 5215 2286 5256 causa
2317 5212 2519 5259 essent.

1909 5292 1994 5348 16.
2031 5293 2421 5350 Existimabam
2446 5307 2505 5351 ut
2551 5316 2908 5372 cognoscerem
2960 5299 3076 5362 hoc,
3135 5295 3284 5350 labor
3321 5305 3398 5347 est

1837 5393 1959 5437 ante
1989 5401 2088 5440 me.
2127 5386 2262 5442 Cum
2294 5389 2686 5460 existimarem,
2740 5393 2939 5462 inquit,
2973 5399 3082 5444 tam
3132 5384 3396 5458 profunda

1834 5474 2038 5546 judicia
2088 5493 2176 5536 me
2236 5495 2589 5553 cognoscere,
2640 5484 2694 5538 in
2755 5483 2996 5538 laborem
3046 5494 3133 5534 me
3167 5475 3395 5548 conieci,

3037 5737 3111 5800 11
