3872 6216
433 250 532 304 551

1269 247 1324 302 S.
1367 247 1738 302 ATHANASII
1779 247 1930 304 OPP.
1973 247 2154 304 PARS
2193 248 2286 302 Ill.
2325 275 2392 290 υ-
2435 245 2843 302 EXEGETICA.

3575 250 3682 304 35'!

431 375 558 414 cum
599 373 662 412 ea
695 357 830 428 sint?
854 357 1124 428 profunda
1175 367 1228 412 et
1289 359 1682 412 inscrutabilia.
1726 359 1992 412 Caeterum

2101 357 2305 427 βαθέων
2349 357 2517 409 ὄντων
2557 357 2649 409 καὶ
2683 357 3142 428 ἀνεξερευνήτων.
3178 359 3326 430 Πλὴν
3359 360 3454 413 τὸν
3489 360 3685 416 δέοντα

433 460 797 520 opportunum
828 453 962 506 mihi
1003 452 1069 506 ad
1093 466 1209 505 eam
1267 449 1632 520 cognitionem
1657 462 1868 520 tempus
1905 467 1992 506 as-

432 542 674 612 signari:
701 549 782 598 est
802 557 981 597 autem
1035 543 1184 606 illud,
1213 551 1430 610 tempus
1473 541 1642 596 divini
1679 542 1990 606 tribunalis,

431 633 650 700 quando
673 633 863 688 reddes
915 634 1206 702 unicuique
1258 633 1556 687 secundum
1605 649 1766 699 opera
1801 649 1902 688 sua
1923 635 1990 688 ⁷⁵.

503 725 593 788 18,
626 725 711 779 19.
731 723 1095 778 Verumtamen
1117 733 1326 794 propter
1346 725 1493 778 dolos
1531 726 1752 793 posuisti
1780 727 1854 778 eis
1883 742 1994 778 ma-

433 817 506 879 la,
527 825 630 870 etc.
657 815 787 885 Ego,
811 816 1005 886 inquit,
1024 824 1390 886 Opportunum
1413 816 1550 870 mihi
1583 817 1650 869 ad
1681 825 1992 870 accuratam

431 921 618 960 earum
655 923 836 960 rerum
892 907 1259 976 cognitionem
1316 907 1586 976 assignavi
1631 905 1873 960 futurum
1913 908 1992 960 vi-

431 999 624 1053 delicet
671 1009 916 1070 tempus;
953 1015 1017 1054 ac
1049 999 1364 1068 prophetico
1400 999 1594 1068 spiritu
1649 998 1830 1052 futura
1857 1015 1995 1068 prae-

431 1105 664 1146 noscens
748 1090 870 1145 dico
948 1091 1166 1144 dolosas
1269 1105 1450 1144 mores
1547 1091 1992 1160 gravissimorum

430 1183 565 1252 ipsis
599 1181 990 1251 suppliciorum
1017 1182 1070 1236 in
1121 1197 1284 1236 causa
1317 1181 1548 1236 futuros.
1591 1181 1706 1235 Erit
1757 1196 1994 1250 namque

431 1275 536 1328 illis
557 1273 815 1328 exaltatio
877 1275 931 1326 in
981 1274 1216 1326 ruinam.
1267 1275 1444 1343 Atque
1495 1273 1658 1341 hujus
1692 1273 1816 1326 vitae
1851 1272 1992 1326 divi-

429 1367 517 1420 tia:
549 1365 770 1436 perinde
823 1365 930 1420 illis
956 1365 1366 1435 iudicabuntur,
1397 1376 1558 1435 atque
1595 1365 1991 1421 somniantium

427 1458 576 1522 visa,
620 1457 805 1512 inania
854 1465 907 1511 et
957 1457 1149 1511 umbra
1195 1459 1311 1528 ipsa
1354 1459 1675 1512 inﬁrmiora.

492 1547 581 1602 9.0.
621 1548 688 1600 Et
705 1549 758 1601 in
797 1547 1002 1601 civitate
1060 1557 1152 1602 tua
1202 1551 1483 1620 imaginem
1527 1547 1760 1618 ipsorum
1814 1549 1882 1602 ad
1910 1549 1993 1601 ni-

429 1639 595 1692 hilum
624 1639 843 1708 rediges.
872 1637 1077 1694 Civitas
1105 1639 1314 1694 Domini
1351 1655 1586 1710 superna
1643 1649 1726 1695 est
1778 1639 1994 1694 Jerusa-

429 1731 558 1794 lem,
597 1729 876 1799 imaginem
922 1729 1176 1798 ipsorum,
1227 1731 1280 1783 id
1331 1741 1434 1796 est,
1493 1733 1714 1786 terreni.
1755 1727 1881 1785 Haec
1913 1741 1994 1786 cst
2027 1715 2065 1767 Β

429 1837 608 1882 autem
639 1827 926 1883 sententia.
982 1825 1454 1892 Quandoquidem,
1488 1825 1586 1888 ait,
1623 1825 1821 1877 terreni
1853 1824 1992 1876 ima-

428 1921 606 1990 ginem
635 1927 936 1990 gestarum,
969 1925 1022 1971 et
1049 1933 1156 1970 non
1179 1915 1640 1979 coelestis",idco
1665 1914 1727 1967 ad
1761 1914 1992 1967 nihilum

428 2011 758 2082 redigentur,
777 2011 999 2066 audient
1019 2010 1162 2063 enim
1187 2023 1251 2062 eo
1270 2018 1512 2076 tempore
1537 2023 1550 2061 :
1577 2005 1769 2060 Nescio
1797 2024 1884 2062 vos
1909 2007 1989 2072 ⁷⁷;

428 2113 615 2172 utpote
648 2103 741 2172 qui
791 2117 898 2156 non
924 2110 1114 2172 gerant
1146 2099 1382 2155 cmlestis
1417 2099 1728 2171 imaginem.

510 2273 688 2328 21-24.
746 2271 884 2338 Quia
911 2273 1300 2341 inﬂammatum
1329 2283 1406 2326 est
1451 2287 1540 2324 cor
1571 2287 1740 2324 meum
1762 2280 1810 2324 et
1847 2287 1991 2326 renes

429 2365 529 2416 mei
551 2363 855 2418 commutati
873 2370 1014 2424 sunt,
1041 2371 1088 2414 et
1119 2378 1208 2430 ego
1228 2362 1295 2413 ad
1327 2361 1550 2414 nihilum
1583 2361 1826 2414 reductus
1853 2377 1990 2425 sum,

423 2464 474 2504 et
499 2453 714 2518 nescivi,
739 2461 845 2508 etc.
901 2451 1172 2517 Quoniam
1212 2451 1324 2504 zelo
1363 2451 1564 2504 κείαται
1599 2467 1716 2504 sum
1751 2469 1845 2521 pro
1879 2451 1990 2504 Do-

425 2546 570 2598 mino
602 2544 670 2610 ",
699 2545 770 2599 ita
799 2553 858 2598 ut
891 2559 1049 2600 renes
1089 2545 1193 2597 mei
1256 2545 1614 2612 implerentur
1655 2544 1772 2598 zelo
1824 2543 1986 2613 ignis,

425 2637 546 2690 ideo
567 2635 761 2706 dignus
807 2635 1022 2689 habitus
1074 2649 1194 2689 sum
1257 2635 1350 2703 qui
1381 2634 1742 2698 illuminarer,
1789 2642 1842 2686 et
1895 2647 1990 2686 co—

423 2743 740 2798 gnoscerem
767 2743 888 2796 quze
921 2728 976 2780 in
1033 2727 1252 2780 civitate
1309 2735 1398 2780 tua
1453 2735 1741 2795 geruntur,
1783 2732 1838 2778 et
1871 2737 1992 2792 quae

427 2816 713 2884 imaginem
761 2816 1055 2884 impiorum
1111 2824 1378 2882 spectant.
1435 2813 1540 2869 Sed
1578 2823 1738 2868 antea
1801 2823 1860 2868 ut
1901 2814 1990 2882 ju-

427 2915 668 2960 mentum
697 2905 959 2975 insipiens
989 2907 1098 2959 vixi
1135 2906 1202 2970 7°,
1241 2921 1364 2960 cum
1399 2921 1506 2959 non
1545 2921 1762 2975 possem
1793 2905 1992 2959 divinat

429 2995 780 3067 providentia:
807 2999 1046 3052 rationes
1102 2999 1390 3068 attingere.
1423 2999 1672 3051 Attamen
1709 3013 1816 3051 non
1871 3013 1900 3050 a
1939 3005 1990 3050 te

429 3091 566 3144 Deus
601 3105 774 3154 meus,
805 3089 1100 3144 derelictus
1125 3105 1246 3144 sum
1267 3132 1280 3156 ,
1315 3105 1492 3158 neque
1527 3090 1706 3144 excidi
1740 3105 1834 3159 spe
1861 3103 1988 3158 erga

429 3189 478 3235 te
509 3197 652 3245 mea,
675 3181 768 3236 sed
791 3198 992 3250 semper
1017 3191 1184 3236 tecum
1215 3198 1386 3238 eram.
1415 3185 1580 3254 quue
1611 3199 1719 3238 non
1741 3200 1858 3238 mea
1887 3186 1992 3237 vir-

423 3281 558 3336 tute,
595 3273 688 3326 sed
721 3287 786 3326 ex
819 3282 910 3326 tua
943 3273 1112 3342 gratia
1149 3275 1322 3329 eﬂeci.
1351 3275 1432 3328 Tu
1463 3277 1606 3328 enim
1646 3276 1760 3344 ipse
1790 3293 1856 3330 ex
1883 3277 1990 3330 cle-

425 3356 624 3410 mentia
655 3365 748 3411 tua
779 3372 952 3411 meam
998 3359 1276 3413 dexteram
1327 3362 1764 3429 apprehendens,
1811 3365 1990 3418 tenui-

423 3447 494 3501 sti
549 3461 618 3502 ne
649 3457 971 3502 moveantur
1005 3451 1229 3518 vestigia
1263 3465 1405 3516 mea,
1455 3466 1634 3520 neque
1677 3453 1844 3520 pedes
1881 3453 1988 3509 mei

417 3546 634 3600 nutent,
679 3552 782 3593 nec
821 3538 1056 3608 amplius
1095 3547 1276 3594 tecum
1320 3540 1622 3596 consistere
1647 3544 1876 3611 possint.

499 3687 590 3752 25,
631 3687 722 3742 26.
753 3687 894 3752 Quid
919 3690 1058 3742 enim
1103 3690 1234 3743 mihi
1253 3701 1328 3743 est
1359 3691 1413 3744 in
1441 3691 1588 3757 caelo,
1639 3701 1689 3746 et
1711 3709 1742 3745 a
1773 3703 1820 3748 te
1863 3697 1986 3765 quia

421 3776 563 3830 volui
608 3793 764 3846 super
821 3781 1068 3835 terram?
1098 3789 1201 3835 etc.
1261 3779 1554 3848 Quoniam,
1611 3783 1808 3852 inquit,
1853 3788 1986 3840 nihil

424 3867 553 3922 mihi
579 3869 634 3922 in
669 3870 808 3923 calo
838 3879 922 3926 est
951 3880 1145 3940 praeter
1167 3881 1216 3926 te
1248 3873 1448 3938 solum,
1481 3875 1608 3930 hinc
1635 3891 1983 3946 consequen—

421 3965 503 4012 ter
525 3958 674 4012 nolui
700 3959 975 4030 quidpiam
1005 3971 1340 4016 terrenorum
1383 3965 1852 4036 acciperc,utpote
1867 3983 1988 4036 qua:

425 4051 793 4119 corruptibilia
815 4053 998 4106 omnia
1015 4053 1124 4107 sint
1151 4063 1206 4107 et
1229 4065 1596 4124 temporanea.
1620 4053 1797 4112 Unum
1813 4061 1987 4114 solum

422 4138 678 4207 consequi
709 4147 855 4207 opto,
877 4141 1033 4210 cujus
1052 4141 1322 4196 desiderio
1340 4147 1552 4198 memeti
1561 4161 1718 4215 psum
1751 4165 1988 4204 macera-

425 4229 548 4280 iiam
575 4229 629 4281 in
689 4240 861 4284 terra:
893 4231 1024 4286 illud
1049 4241 1228 4286 autem
1259 4241 1364 4300 est,
1401 4245 1460 4288 ut
1503 4243 1562 4288 tu
1621 4238 1772 4294 solus
1805 4243 1981 4310 portio

425 4333 542 4372 mea
569 4331 663 4372 SIS.

498 4406 589 4460 28.
623 4407 764 4474 Quia
786 4424 898 4462 ecce
927 4410 1016 4478 qui
1037 4409 1281 4479 elongaut
1325 4427 1380 4464 se
1425 4421 1530 4466 ate
1567 4415 1832 4482 peribunt,
1875 4428 1979 4471 etc.

418 4497 540 4553 Tibi
582 4500 800 4554 assidue
841 4501 1246 4570 conjungimur,
1293 4517 1326 4556 ο
1387 4502 1634 4572 Domine,
1689 4508 1851 4578 idque
1889 4510 1980 4580 ju-

415 4605 476 4644 re
522 4605 586 4644 ac
663 4591 880 4656 merito,
934 4593 1089 4662 gnari
1133 4593 1341 4648 scilicet
1407 4610 1505 4650 eos
1564 4597 1654 4665 qui
1712 4609 1866 4654 extra
1929 4612 1980 4656 te

414 4679 721 4734 consistunt
755 4681 808 4734 in
845 4683 1138 4750 perniciem
1175 4683 1348 4738 ituros
1380 4684 1434 4738 in
1485 4685 1612 4742 (ine.
1647 4686 1750 4754 Qui
1799 4697 1978 4744 autem

413 4779 591 4824 tecum
619 4779 747 4824 sunt
777 4771 976 4826 bonam
1013 4775 1318 4842 portionem
1371 4791 1794 4846 consequentur.
1833 4781 1980 4836 Con-

411 4861 584 4930 tinget
636 4861 780 4914 enim
829 4861 935 4916 illis
987 4862 1040 4915 in
1085 4863 1290 4919 caelesti
1335 4863 1632 4922 Jerusalem
1679 4873 1964 4940 pulchram

413 4957 714 5026 portionem
750 4955 1015 5011 obtinere.
1050 4955 1176 5012 Haec
1209 4967 1390 5014 autem
1445 4971 1552 5026 est,
1612 4973 1674 5018 ut
1715 4967 1825 5022 tuis
1887 4984 1980 5024 ca-

409 5045 604 5100 nendis
655 5045 871 5116 hymnis
901 5061 1114 5116 semper
1159 5049 1518 5105 delectentur.

725 5133 778 5188 1.
818 5134 1123 5189 Intellectus
1145 5141 1342 5208 Asaph.
1381 5141 1660 5200 LXXIII.

995 5229 1394 5300 Argumentum.

407 5314 868 5384 Supplicationem
911 5317 1060 5372 hisce
1094 5321 1240 5374 canit
1265 5319 1552 5392 Propheta,
1585 5342 1810 5384 cernens
1849 5347 1977 5401 pos-

485 5421 711 5465 tremam
725 5411 939 5486 lsraelis
954 5413 1322 5482 captivitatem
1343 5436 1354 5468 :
1383 5433 1448 5470 ne
1471 5435 1699 5488 prorsus
1716 5439 1807 5478 eos
1827 5440 1854 5478 a
1875 5441 1974 5480 sua

475 5501 810 5567 protectione
833 5501 1067 5571 rejiciat,
1091 5505 1182 5558 sed
1221 5505 1498 5576 relinquat
1541 5509 1676 5578 ipsis
1729 5513 1972 5584 aliquam

493 5630 542 5666 ”
581 5631 736 5689 llom.
777 5651 839 5702 ιι,
872 5635 924 5693 6.
993 5639 1082 5693 ⁷⁸1
1116 5640 1236 5696 Cor.
1272 5657 1358 5710 xv,
1401 5642 1490 5698 49.
1567 5647 1610 5677 "
1650 5645 1838 5704 Matth.
1883 5669 2002 5723 xxv,

2101 5657 2141 5712 Ο.
2195 5629 2263 5694 ’⁷⁸
2293 5663 2358 5718 Ill
2397 5667 2526 5738 ch.
2561 5673 2772 5736 nx,10.

2017 3045 2056 3102 C

2093 453 2172 512 εἰς
2205 450 2301 519 τὴν
2331 448 2532 502 τούτων
2561 449 2761 515 γνῶσιν
2811 448 3148 519 πεπόρισμαι
3181 449 3402 520 ἐμαυτῷ
3443 453 3638 523 καιρόν
3661 469 3678 484 ·

2091 537 2243 603 οὗτος
2270 540 2324 593 δὲ
2355 536 2420 610 ἧν
2446 541 2475 591 ό
2503 539 2596 591 τοῦ
2626 539 2766 592 θείου
2797 539 3148 610 δικαστηρίου
3183 542 3393 614 καιρὸς,
3417 543 3510 594 ὅτε
3545 545 3686 598 ἁπο-

2091 630 2280 693 δώσεις
2309 631 2521 699 ἑκάστῳ
2541 629 2681 682 κατὰ
2703 629 2770 682 τὰ
2791 629 2925 700 ἔργα
2958 629 3146 683 αὐτοῦ.

2161 721 2336 790 Πλὴν
2375 721 2472 774 διὰ
2513 720 2619 786 τὰς
2661 720 3010 788 δολιότητας
3051 720 3250 774 αὐτῶν
3288 721 3427 776 ἔθου
3471 723 3686 788 αὐτοῖς

2093 813 2272 878 κακά,
2291 833 2344 869 κ.
2359 832 2406 866 τ.
2423 814 2472 870 λ.
2493 813 2630 882 Ἐγὼ
2646 813 2762 884 μὲν,
2779 813 2961 882 φησιν,
2981 813 3284 881 ἐπιτήδειον
3297 813 3397 883 τῆς
3411 813 3684 885 ἀκριϐοῦς

2094 905 2450 976 περὶτούτων
2494 906 2744 975 γνώσεως
2779 905 2979 975 ἐθέμην
3023 903 3245 975 ἐμαυτῷ
3287 905 3376 957 τὸν
3413 905 3686 976 μέλὶοντα

2093 999 2301 1070 καιρόν·
2335 1000 2502 1062 ὅπως,
2535 997 2612 1068 τῷ
2642 998 2962 1070 προφητικῷ
2987 997 3256 1067 πνεύματι
3275 999 3434 1068 γνοὺς
3464 997 3532 1048 τὰ
3565 996 3688 1048 ἐσό-

2096 1112 2250 1164 μενα,
2281 1094 2442 1163 φημὶ,
2470 1093 2544 1156 ὡς
2571 1092 2719 1144 αἰτία
2753 1091 2963 1162 πικρῶν
2997 1091 3269 1144 κολάσεων
3301 1091 3482 1152 αὐτοῖς
3509 1091 3546 1159 ἡ
3577 1089 3684 1142 τοῦ

2093 1186 2292 1255 τρόπου
2337 1183 2579 1253 δολιότης
2630 1183 2939 1254 γενήσεται.
2989 1183 3182 1234 Ἔσται
3227 1181 3333 1252 γὰρ
3381 1181 3564 1234 αὐτῶν
3593 1183 3684 1244 εις

2093 1273 2297 1328 πτῶσιν
2325 1274 2387 1327 τὸ
2416 1273 2636 1343 ὕψωμα.
2657 1265 2936 1334 Καὶοῦτος
2967 1274 2995 1324 ό
3025 1269 3214 1342 παρὼν
3241 1272 3424 1334 αὐτοῖς
3459 1269 3686 1340 κριθείη

2093 1365 2324 1430 πλοῦτος
2352 1365 2538 1437 ὥσπερ
2579 1365 2642 1419 ἂν
2681 1366 2773 1418 καὶ
2821 1366 2926 1417 τῶν
2960 1363 3388 1434 όνειρωττόντων
3431 1365 3500 1415 τὰ
3539 1363 3688 1430 φάσ-

2095 1477 2240 1531 ματα
2271 1460 2618 1513 ἀνυπόστατα
2647 1461 2740 1512 καὶ
2773 1459 2952 1528 πάσης
2983 1459 3139 1520 σκιᾶς
3166 1457 3552 1526 ἀσθενέστερα.

2161 1551 2273 1604 Καὶ
2305 1551 2374 1602 ἐν
2401 1547 2476 1616 τῇ
2513 1552 2684 1603 πόλει
2717 1563 2832 1602 σου
2865 1547 2976 1614 τὴν
3023 1547 3228 1600 εἰκόνα
3273 1547 3474 1599 αὐτῶν
3501 1547 3686 1610 ἐξου-

2093 1641 2394 1708 δενώσεις.
2419 1641 2578 1704 Πόλις
2611 1641 2706 1711 μὲν
2735 1639 2827 1692 τοῦ
2854 1639 3060 1709 Κυρίου
3090 1640 3124 1707 ή
3157 1637 3268 1691 ἄνω
3297 1637 3686 1709 Ἰερουσαλὴμ,

2094 1733 2270 1786 εἰκὼν
2306 1732 2362 1784 δὲ
2409 1730 2606 1784 αὐτῶν
2637 1733 2670 1800 ὴ
2703 1730 2796 1782 τοῦ
2829 1727 3036 1798 χοϊκοῦ.
3077 1730 3141 1777 Ὃ
3171 1727 3226 1779 δὲ
3255 1719 3402 1794 λέγει
3433 1727 3688 1780 τοιοῦτόν

2095 1825 2239 1876 ἐστιν
2260 1839 2273 1853 ·
2319 1820 2535 1890 Ἐπειδὴ
2567 1820 2662 1890 τὴν
2690 1819 2782 1872 τοῦ
2813 1817 2998 1888 χοϊκοῦ
3021 1860 3034 1884 ,
3079 1818 3212 1886 φησι
3237 1859 3250 1884 ,
3293 1819 3684 1889 πεφορὴκασιν

2093 1893 2312 1978 εἰκόνα,
2346 1913 2438 1964 καὶ
2478 1911 2538 1962 οὺ
2571 1910 2668 1980 τὴν
2711 1908 2804 1961 τοῦ
2849 1910 3188 1980 ἐπουρανίου,
3238 1910 3413 1980 ταύτῃ
3449 1925 3532 1960 τοι
3585 1907 3688 1960 καὶ

2093 2003 2634 2074 ἐξουδενωθήσονται³
2671 2000 2990 2054 ἀκούσονται
3037 1999 3146 2070 γὰρ
3193 2001 3312 2052 κατ’
3352 2003 3530 2052 ἐκεῖνο
3557 2017 3686 2052 και-

2095 2095 2188 2166 ροῦ
2217 2112 2230 2124 ·
2265 2096 2385 2146 Οὐκ
2428 2089 2562 2146 οἶδα
2596 2091 2750 2160 ὑμᾶς
2775 2110 2788 2122 ·
2819 2093 2911 2146 ἆτε
2943 2091 3018 2164 μὴ
3045 2091 3337 2162 φοροῦντες
3369 2092 3469 2162 τὴν
3510 2091 3684 2144 αὑτοῦ

2091 2185 2184 2239 τοῦ
2215 2185 2538 2256 ἐπουρανίου
2569 2185 2771 2237 εἰκόνα.

2165 2279 2282 2329 ’Ότι
2305 2276 2596 2342 ἐξεκαύθη
2635 2275 2672 2341 ἠ
2709 2274 2921 2342 καρδία
2935 2292 3073 2342 μου,
3103 2274 3202 2327 καὶ
3230 2277 3284 2328 οὶ
3313 2261 3525 2343 νεφροί
3555 2292 3682 2344 μου

2091 2361 2533 2429 ἠλλοιώθησαν,
2567 2363 2724 2431 κάγὼ
2765 2361 3243 2432 ἑξουδενωμένος
3265 2404 3279 2427 ,
3328 2363 3426 2416 καὶ
3451 2365 3682 2434 οὐκέτ·-

2091 2471 2228 2518 νων,
2251 2471 2300 2508 κ.
2317 2469 2366 2508 τ.
2379 2454 2428 2508 λ.
2447 2453 2660 2524 Ἐπειδὴ
2673 2452 2864 2522 ζὴλῶν
2881 2453 3144 2522 ἐζήλωκα
3163 2455 3242 2520 τῷ
3255 2457 3468 2524 Κιζρίῳ,
3484 2457 3562 2521 ὡς
3584 2458 3684 2512 καὶ

2091 2544 2188 2614 τὴν
2219 2545 2443 2616 καρδίαν
2472 2545 2565 2597 καὶ
2596 2546 2720 2608 τοὺς
2751 2547 2982 2616 νεφροὺς
3013 2547 3365 2618 πληρωθῆναι
3400 2549 3550 2619 ζήλῳ
3581 2567 3680 2602 πυ-

2094 2634 2206 2706 ρὸς,
2241 2633 2427 2688 τούτου
2475 2635 2632 2706 χάριν
2661 2635 2898 2705 ἠξιώθην
2939 2637 3274 2707 φωτισθῆναι
3325 2640 3419 2692 καὶ
3469 2639 3678 2708 γνῶναι

2091 2725 2158 2778 τὰ
2183 2729 2310 2798 περὶ
2333 2719 2442 2796 τῆς
2459 2729 2556 2798 σῆς
2587 2727 2794 2790 πόλεως
2821 2730 3182 2800 πεποιημένα,
3205 2732 3299 2782 καὶ
3325 2731 3394 2784 τὰ
3417 2734 3550 2802 περὶ
3577 2733 3676 2800 τῆς

2093 2817 2298 2878 είκόνος
2337 2818 2444 2870 τῶν
2495 2818 2730 2874 ἀσεϐῶν.
2774 2819 2934 2872 Ἀλλὰ
2981 2819 3139 2891 δίκην
3195 2823 3426 2892 κτήνους
3475 2823 3674 2888 ἀλόγου

2091 2907 2364 2960 διετέλεσα
2395 2909 2678 2979 πρότερον,
2714 2909 2786 2980 μὴ
2811 2909 3106 2980 δυνάμενος
3133 2912 3412 2964 ἐπιϐαλεῖν
3435 2915 3548 2978 τοῖς
3577 2915 3674 2984 τῆς

2093 2999 2354 3067 Προνοίας
2401 2999 2600 3066 λόγοις.
2656 3001 2844 3070 Ὅμως
2889 3003 2989 3054 οὐκ
3032 3002 3379 3074 ἀπελιπόμην
3435 3006 3532 3058 σοῦ
3578 3007 3672 3058 τοῦ

2092 3088 2246 3150 Θεοῦ,
2276 3089 2396 3141 οὐδὲ
2445 3089 2731 3154 ἐξέπιπτον
2782 3095 2879 3164 τῆς
2922 3093 3014 3146 ἐπὶ
3049 3094 3107 3147 σὲ
3139 3095 3349 3159 ἐλπίδος
3373 3111 3392 3128 ⁸
3425 3101 3556 3168 συνὴ
3567 3117 3674 3168 μην

2089 3181 2144 3234 δέ
2177 3199 2275 3235 σοι
2304 3181 2650 3248 διαπαντός.
2681 3186 2790 3238 Καὶ
2821 3187 2977 3239 τοῦτο
3003 3187 3269 3258 ἔπραττον
3301 3190 3402 3242 οῦκ
3443 3190 3502 3256 ἐξ
3533 3192 3674 3262 ἐμῆς

2089 3273 2368 3341 δυνάμεως
2393 3315 2407 3338 ,
2443 3273 2556 3326 ἀλλ’
2585 3278 2648 3328 ἐκ
2677 3277 2776 3341 τῆς
2812 3277 2910 3346 σῆς
2955 3279 3194 3350 χάριτος.
3231 3279 3302 3332 Σὺ
3347 3281 3454 3352 γὰρ
3485 3281 3670 3345 αὐτὸς,

2089 3365 2154 3432 τῇ
2189 3364 2382 3416 σαυτοῦ
2417 3365 2794 3438 φιλανθρωπίᾳ
2833 3369 2934 3437 τῆς
2963 3371 3102 3440 ἐμῆς
3141 3369 3321 3436 δεξιᾶς
3349 3371 3674 3442 ἐπιλαϐόμε-

2089 3468 2198 3513 νος,
2229 3455 2470 3522 συνεῖχες
2504 3455 2598 3506 xui.
2629 3457 2976 3528 συνεκράτεις
3000 3460 3134 3530 πρὸς
3165 3461 3226 3512 τὸ
3263 3459 3336 3530 μὴ
3367 3461 3673 3533 διασεισθῆ-

2090 3542 2174 3592 ναί
2217 3559 2318 3612 μου
2349 3544 2416 3596 τὰ
2445 3544 2774 3616 διαδήματα,
2809 3550 2940 3620 μηδὲ
2972 3551 3097 3615 τοὺς
3127 3552 3294 3616 πόδας
3319 3571 3420 3623 μου
3447 3555 3674 3609 σαλεύε-

2093 3633 2214 3685 σθαι
2239 3635 2338 3702 τῆς
2365 3637 2514 3705 παρὰ
2543 3638 2624 3690 σοὶ
2655 3641 2917 3704 στάσεως.

2165 3725 2226 3776 Τί
2255 3724 2364 3792 γάρ
2379 3745 2478 3794 μοι
2497 3729 2744 3798 ὑπάρχει
2759 3733 2828 3784 ἐν
2851 3734 2928 3799 τῷ
2947 3735 3200 3804 οὐρανῷ,
3233 3741 3327 3792 καὶ
3358 3741 3520 3810 παρὰ
3551 3743 3668 3797 σσῦ

2089 3814 2146 3866 τί
2159 3815 2430 3882 ἠθέλησα
2445 3818 2540 3871 ἐπὶ
2571 3818 2698 3888 γῆς,
2717 3824 2901 3878 κ.τ.λ.
2935 3827 3134 3899 Επειδὴ
3159 3829 3306 3882 οὐδέν
3339 3849 3451 3902 μοι,
3481 3835 3668 3904 φησὶν,

2091 3907 2322 3977 ὑπάρχει
2355 3911 2412 3962 ὲν
2451 3910 2526 3979 τῷ
2559 3913 2788 3984 οὐρανῷ,
2821 3915 2959 3988 πλὴν
2989 3920 3084 3972 σοῦ
3127 3921 3310 3990 μόνου,
3351 3925 3672 3991 ἀναγκαίως

2088 3997 2206 4088 οὐδέ
2237 4015 2290 4051 τι
2315 3999 2422 4052 τῶν
2456 4003 2547 4054 ἐπὶ
2581 4003 2685 4072 γῆς
2725 4005 2964 4078 ἠθέλησα
2988 4009 3240 4076 δέξασθαι
3273 4013 3366 4066 ἅτε
3407 4015 3672 4088 φθαρτῶν

2089 4087 2254 4141 ὕντων
2297 4091 2549 4146 ἁπάντων
2579 4098 2670 4148 καὶ
2698 4099 3064 4172 προσκαίρων.
3109 4105 3256 4168 Ἑνὸς
3283 4107 3338 4158 δὲ
3377 4087 3542 4175 μόνου
3575 4109 3672 4180 ηὑ-

2090 4179 2260 4249 χόμην
2293 4186 2492 4252 τυχεῖν,
2523 4186 2716 4256 καὶτῷ
2741 4187 2928 4242 τούτου
2963 4191 3112 4261 πόοῳ
3141 4193 3473 4265 κατέτρυχον
3501 4199 3669 4267 ἐμαυ-

2087 4269 2178 4320 τὸν
2209 4271 2300 4322 ἐπὶ
2333 4271 2432 4339 τῆς
2457 4273 2588 4342 γῆς·
2625 4276 2780 4328 τοῦτο
2807 4277 2860 4330 δέ
2895 4280 3008 4332 ἐστι
3043 4281 3101 4332 τὸ
3127 4283 3183 4333 σὲ
3220 4285 3412 4354 μερίδα
3449 4303 3540 4354 μοι
3571 4289 3666 4339 καὶ

2017 4376 2061 4430 D
2094 4357 2258 4426 μόνην
2289 4360 2560 4426 γενέσθαι.

2173 4448 2314 4501 Ἰδοὺ
2341 4449 2428 4502 ὅτι
2454 4455 2506 4504 οἱ
2531 4457 2940 4522 pauper-ortae
2963 4459 3215 4527 ἑαυτοὺς
3241 4462 3359 4516 ἀπὸ
3399 4463 3515 4516 σοῦ
3561 4465 3668 4517 ἀπ-

2088 4539 2386 4605 ολοῦνται,
2403 4559 2454 4595 κ.
2473 4559 2518 4594 ν.
2539 4543 2586 4599 λ.
2603 4545 2712 4614 Τῆς
2727 4547 2822 4615 σῆς
2837 4549 3155 4620 ἀντεχόμην,
3168 4547 3212 4604 ὦ
3225 4553 3485 4616 Δέσποτα,
3505 4572 3668 4608 συνα-

2091 4632 2266 4698 φείας,
2305 4633 2456 4702 φησί’
2485 4637 2578 4688 καὶ
2604 4637 2759 4690 τοῦτο
2785 4640 2950 4702 καλῶ,
2984 4641 3158 4708 εἰδὼς,
3189 4645 3264 4708 ὼς
3289 4644 3396 4700 τῶν
3427 4645 3532 4710 ἔξω
3567 4647 3664 4700 σοῦ

2087 4723 2456 4790 τυγχανόντων
2491 4725 2710 4798 ὄλεθρος
2738 4729 2888 4784 ἔσται
2923 4732 2984 4784 τὸ
3007 4735 3200 4805 πέρας.
3221 4737 3282 4788 0i
3317 4737 3376 4788 δὲ
3410 4739 3668 4802 συνόντες

2089 4807 2298 4877 ἀγαθὴν
2342 4809 2518 4875 ἕξουσι
2573 4817 2786 4884 μερίδα.
2825 4821 3170 4892 Συμῆήσεται
3204 4825 3312 4895 γὰρ
3349 4827 3534 4891 αὐτοῖς
3559 4869 3572 4888 ,
3603 4830 3664 4881 ἐν

2089 4897 2152 4965 τῇ
2207 4898 2508 4970 ἐπουρανίῳ
2552 4907 2860 4975 γενομένοις
2903 4911 3288 4984 Ἰερουσαλὴμ,
3344 4917 3440 4986 τὴν
3491 4921 3662 4990 καλὴν

2092 4986 2284 5054 μερίδα
2313 4989 2686 5063 κληρονομεῖν.
2713 4999 2857 5070 Αὕτη
2884 5002 2942 5058 δέ

2090 5081 2356 5149 ἐντρυφᾷν
2387 5083 2496 5136 ἀεί.

2447 5173 2757 5244 Συνέσεως
2793 5182 2872 5245 τῷ
2915 5185 3120 5254 Ἀσάφ.
3167 5188 3295 5242 01".

2706 5269 3027 5339 ’Υπόθεσις.

2095 5349 2392 5443 Ίκετηρίαν
2433 5355 2490 5406 ὲν
2523 5356 2734 5424 τούτοις
2755 5364 2782 5412 ό
2816 5373 3100 5438 προφήτης
3129 5369 3264 5440 ᾅδει,
3301 5371 3399 5442 τὴν
3433 5373 3659 5443 ἔσχατον

2151 5441 2293 5510 ὀρῶν
2315 5445 2688 5515 αἰχμαλωσίαν
2711 5453 2804 5505 τοῦ
2847 5456 3090 5528 Ἰσραήλ·
3121 5461 3268 5525 ὅπως
3291 5461 3358 5524 ἂν
3392 5466 3466 5534 μὴ
3499 5469 3578 5528 εἰς
3599 5467 3660 5516 τὸ

2155 5531 2410 5596 παντελὲς
2431 5536 2624 5600 αὐτοὺς
2647 5541 2802 5614 ἐξέλῃ
2829 5546 2928 5616 τῆς
2957 5549 3092 5618 πρὸς
3121 5553 3282 5605 αὐτὸν
3307 5532 3654 5620 οἱκειὼσεωξ,

2967 5003 3082 5056 ἐστι
3109 5006 3168 5058 τὸ
3191 5011 3302 5070 τοῖς
3331 5013 3443 5072 σοῖς
3471 5011 3662 5082 ῦμνοις

2853 5678 2897 5712 ⁷⁸
2933 5679 3076 5734 Psal.
3099 5698 3242 5736 ut"
3295 5685 3386 5740 25.
