3872 6216
235 339 330 394 333

292 542 584 612 Διαγράφει
616 541 672 592 δὲ
701 540 794 592 καὶ
830 541 928 612 τὴν
965 542 1164 595 ἅλωσιν
1197 544 1296 614 τὴν
1339 545 1621 615 συμϐᾶσαν
1653 548 1786 617 αὐτῇ

290 646 348 681 τε
377 633 440 699 τῇ
478 630 623 682 πόλει
655 631 746 682 καὶ
770 629 848 700 τῷ
879 629 1008 701 θείῳ
1042 632 1175 704 ναῷ.

291 723 409 774 Ἵνα
437 726 513 787 τί,
544 725 575 774 ό
618 721 780 787 Θεὸς,
815 722 1035 775 ἀπώσω
1065 727 1152 788 εἰς
1185 725 1392 791 τέλος;
1423 727 1646 799 Ὅμοιον
1676 729 1752 800 τῷ
1771 747 1786 760 θ

228 811 496 880 Ἐφθασεν
541 812 624 864 ἐπ’
661 813 856 876 αὐτοὺς
885 816 916 883 ἡ
945 815 1079 886 ὀργὴ
1110 816 1210 885 ἤδη
1251 820 1329 880 εἰς
1363 817 1531 882 τέλος.
1578 821 1651 873 Οὐ
1685 822 1791 893 γὰρ

220 900 296 954 ἔτι
323 902 637 954 ἀνάπαυλαν
672 902 880 966 ἕξονται
909 904 1017 956 τῶν
1053 905 1258 960 κακῶν.

286 993 594 1060 Μνήσθ-ητι
625 991 736 1062 τῆς
774 996 1136 1066 συναγωγῆς
1178 1015 1275 1051 σοι
1306 993 1382 1068 ἧς
1413 999 1647 1066 ἐκτήσω
1687 1002 1790 1054 ἀπ’

216 1084 424 1153 ἀρχῆς.
476 1085 576 1137 Διὰ
613 1086 720 1138 τῶν
773 1082 1024 1158 Ἀϐραὰμ
1071 1091 1163 1142 καὶ
1198 1090 1381 1144 Ἰσαὰκ
1427 1091 1518 1143 καὶ⁹
1573 1092 1786 1146 Ἰακώϐ.

230 1176 815 1244 Ἐλυτρώσω-ῥὰϐδῳ
863 1178 979 1246 τὴν
1023 1182 1426 1248 κληρονομίαν
1468 1198 1604 1236 σου.
1657 1184 1788 1236 Ἀπὸ

215 1269 388 1321 κοινοῦ
417 1269 498 1320 eo"
543 1269 827 1339 Μνήσθητι
863 1265 930 1341 ἧς
976 1269 1266 1342 ὲλυτρώσω
1314 1272 1494 1343 ῥάϐδῳ
1540 1275 1789 1345 κληρονο-

217 1357 341 1427 μίας
371 1374 462 1409 σου
487 1375 501 1387 ·
537 1359 783 1410 τουτέστι
813 1359 1176 1429 κληρονομίας
1202 1362 1278 1422 εἰς
1303 1360 1568 1428 βασίλειον
1595 1364 1788 1433 ηὐτρε-

213 1449 493 1519 πισμένης,
531 1448 652 1502 καθ’
676 1449 704 1500 ὃ
747 1450 880 1520 πρὸς
912 1451 1105 1514 αὐτοὺς
1137 1452 1369 1523 εἴρηται·
1428 1453 1655 1506 Ἔσεσθέ
1697 1471 1786 1524 μοι

215 1540 270 1604 ἐξ
308 1541 563 1593 ἁπάντων
612 1541 717 1594 τῶν
769 1541 939 1594 ἐθνῶν
984 1543 1138 1610 γένος
1179 1543 1464 1608 ἐκλεκτὸν,
1519 1545 1785 1614 βασίλειον

215 1627 525 1698 ἱεράτευμα.
583 1630 754 1696 Ὄρος
806 1628 962 1682 Σιὼν
1011 1631 1186 1684 τοῦτο
1241 1631 1272 1685 ὃ
1319 1633 1784 1700 κατεσκήνωσας

210 1717 276 1768 ἐν
299 1715 474 1782 αὐτῷ.
508 1718 612 1772 Διὰ
649 1722 709 1772 τὸ
755 1719 1132 1788 ἐπιφαίνεσθαι
1171 1724 1227 1775 ὲν
1263 1723 1340 1794 τῷ
1386 1724 1514 1794 θείῳ
1546 1726 1656 1796 ναῷ
1695 1728 1783 1780 τὸν

208 1807 356 1863 Θεόν.
987 1849 990 1852 η

280 1901 540 1970 Ἐπαρον
571 1903 676 1968 τὰς
707 1903 909 1971 χεῖράς
940 1918 1055 1957 σου
1092 1904 1190 1958 ἐπὶ
1227 1905 1333 1971 τὰς
1365 1909 1776 1976 ὑπερηφανίας

203 1990 395 2044 αὐτῶν
419 1996 507 2058 εὶς
547 1994 744 2059 τέλος,
786 1993 907 2048 Τῶν
955 1997 1586 2068 καταστρατευσαμένων
1635 1998 1775 2051 κατὰ

204 2079 295 2133 τοῦ
325 2080 466 2133 θείου
493 2080 653 2134 ναοῦ.

283 2174 391 2224 Καὶ
420 2171 921 2239 ἑνεκαυχήσαντο
968 2177 1022 2228 οἱ
1071 2174 1398 2243 μισοῦντές
1421 2191 1495 2230 σε
1521 2177 1590 2228 ἐν
1607 2178 1774 2246 μέσῳ

1270 341 1635 398 EXPOSITIO
1675 343 1742 396 IN
1782 343 2108 400 PSALMUM
2147 346 2377 402 LXXIII.

296 450 593 523 καταλείπῃ
621 450 677 502 δέ
719 467 840 503 τινα
885 451 1068 512 αὐτοῖς
1105 453 1184 515 είς
1215 455 1486 525 σωτηρίαν
1513 457 1786 526 ἀφορμήν.
1820 467 1869 520 Α

1806 1812 1850 1866 Β

206 2261 307 2330 τῆς
327 2263 543 2331 ἑορτῆς
585 2280 723 2318 σου.
751 2264 968 2335 Ἐπειδὴ
999 2267 1056 2317 ἐν
1085 2265 1163 2336 τῷ
1193 2266 1386 2335 Πάσχα
1404 2269 1468 2338 τῇ
1502 2269 1660 2339 ἑορτῇ
1682 2270 1773 2322 τὸν
1819 2311 1827 2319 .

204 2354 336 2405 κατά
368 2353 462 2406 τοῦ
509 2354 721 2425 Κυρίου
753 2356 956 2425 ἤραντο
1000 2356 1254 2427 πόλεμον,
1288 2357 1478 2410 τούτου
1525 2359 1682 2430 χάριν
1714 2361 1772 2412 ὲν

204 2445 345 2516 αὐτῷ
385 2445 463 2516 τῷ
518 2445 699 2517 καιρῷ
744 2451 854 2511 τοῖς
914 2449 1194 2520 πολεμίοις
1244 2451 1635 2521 παρεδόθησαν.
1683 2451 1772 2522 Τῷ

201 2535 304 2605 γὰρ
338 2536 532 2606 Πάσχα
583 2537 932 2608 συνηγμένων
981 2539 1122 2592 κατὰ
1173 2539 1264 2594 τὸν
1305 2541 1466 2611 νόμον
1499 2541 1610 2593 τῶν
1642 2543 1772 2596 Ἰου-

198 2625 354 2680 δαίων
387 2629 671 2691 ἁπάντων,
709 2629 744 2695 ἡ
791 2629 1074 2700 πολιορκία
1115 2631 1404 2702 γεγένηται
1445 2633 1666 2696 δικαίως
1713 2635 1769 2686 ἐν

198 2710 241 2783 ᾧ
271 2718 444 2788 καιρῷ
478 2719 577 2771 καλ.
718 2719 935 2790 σταυρῷ
960 2721 1049 2773 τὸν
1078 2723 1305 2791 Σωτῆρα
1338 2723 1715 2794 προσήλωσαν.

271 2810 507 2864 Ἔθεντο
544 2809 620 2862 τὰ
654 2810 870 2878 σημεῖα
899 2811 1098 2865 αὐτῶν
1130 2813 1366 2881 σημεῖα.
1403 2814 1483 2867 Τὰ
1529 2813 1770 2885 σύμϐολά

198 2917 323 2970 φησι
352 2899 442 2954 τοῦ
481 2901 754 2970 πολέμου·
784 2902 933 2971 λέγει
970 2903 1027 2956 δὲ
1050 2903 1118 2956 τὰ
1142 2905 1450 2975 καλούμενα
1484 2907 1632 2970 παρὰ
1657 2909 1769 2970 τοῖς

200 2990 570 3061 στρατεύμασι
607 2991 784 3058 σίγνα,
817 2992 898 3044 ὅτι
938 2992 1121 3045 ἔθεντο
1153 2996 1232 3056 είς
1263 2994 1361 3063 τὴν
1394 2991 1508 3046 ὁδὸν
1544 2994 1642 3064 τῆς
1669 2994 1766 3047 πό-

193 3081 341 3146 λεως.
388 3084 498 3136 Καὶ
550 3084 615 3136 οὔ
677 3084 840 3154 μέχρι
897 3085 1102 3137 τούτων
1155 3085 1428 3156 ἔστησαν⁸
1488 3087 1624 3140 ἀλλὰ
1674 3088 1766 3139 καὶ

194 3173 554 3244 ὑπερήλαντο,
599 3175 752 3243 φησὶ,
781 3174 1027 3228 τουτέστι
1059 3176 1153 3227 καὶ
1198 3177 1278 3239 είς
1309 3176 1468 3229 αὐτὸν
1509 3177 1601 3230 τὸν
1630 3179 1768 3232 θεῖον

194 3263 314 3315 ναὸν
353 3266 742 3334 εἰσεπήδησαν,
781 3267 840 3318 οὐ
877 3265 1234 3334 γινώσκοντες
1259 3307 1272 3331 ,
1317 3269 1398 3320 ὅτι
1449 3267 1580 3332 Θεὸς
1625 3266 1692 3340 ἦν
1741 3272 1770 3323 ὁ

197 3354 518 3424 παραδιδοὺς
549 3357 649 3426 τὴν
679 3357 830 3410 πόλιν
864 3359 1046 3420 αὐτοῖς
1079 3357 1167 3410 διὰ
1204 3358 1302 3429 τὴν
1348 3359 1456 3412 τῶν
1499 3360 1768 3414 ἐνοικούν-

195 3461 296 3499 των
323 3447 600 3501 ἀσέϐειαν.
645 3449 776 3501 ”Ατε
813 3451 875 3520 δὴ
910 3449 1066 3503 τοῦτο
1098 3451 1463 3521 ἀγνοήσαντες
1489 3493 1504 3516 ,
1542 3453 1639 3524 τὴν
1672 3454 1767 3524 μὲν

193 3538 391 3590 οἰκείαν
419 3539 823 3610 ἀπεθαύμασαν
849 3542 1098 3612 δύναμιν,
1127 3541 1410 3596 ἀσθένειαν
1439 3544 1495 3595 δὲ
1526 3544 1766 3615 κατεψη-

197 3629 402 3696 φίζοντο
451 3631 548 3685 τοῦ
591 3633 647 3685 ἐν
679 3633 756 3703 τῷ
798 3634 927 3704 θείῳ
955 3634 1066 3704 ναῷ
1094 3635 1568 3705 προσκυνουμένου
1607 3635 1762 3689 Θεοῦ.

196 3721 282 3773 Διὸ
326 3723 533 3794 προϊών
581 3741 743 3794 φησιν
771 3741 783 3752 ·
823 3726 971 3790 Ἕως
1019 3727 1191 3791 πότε,
1229 3729 1427 3794 Κύριε,
1466 3729 1706 3782 ὀνειδιεῖ
1732 3733 1766 3784 ὁ

195 3813 431 3883 ἐχθρός;
477 3817 556 3870 Τὸ
598 3817 654 3869 δὲ
691 3816 1142 3870 ἀναδιπλασιάσαι
1179 3819 1236 3870 ὲν
1268 3818 1344 3889 τῷ
1376 3820 1766 3890 κατονομάζειν

195 3904 259 3956 τὰ
285 3910 484 3976 σημεῖα
518 3906 1000 3977 ἀποθαυμάζοντος
1025 3908 1109 3981 εἴη
1138 3908 1254 3974 πῶς
1276 3913 1304 3964 ὁ
1332 3907 1472 3974 θεῖος
1495 3912 1620 3974 ναὸς
1646 3915 1766 3975 ταῖς

193 3993 294 4044 τῶν
324 3995 604 4066 πολεμίων
629 3995 896 4067 παρεδόθη
927 3995 1133 4067 χερσίν.

270 4085 358 4151 Ὡς
391 4087 462 4140 ὲν
505 4085 711 4155 δρυμῷ
761 4085 962 4150 ξύλων
1015 4087 1250 4153 ἀξίναις
1301 4087 1604 4156 ἐξέκοψαν
1658 4087 1764 4153 τὰς

194 4179 370 4246 θύρας
401 4178 619 4246 αὐτῆς,
639 4197 689 4231 κ.
710 4197 760 4232 τ.
781 4179 840 4232 λ.’
863 4181 1162 4250 Διαγράφει
1189 4181 1760 4251 ὲντοῖςπροκειμένοις

192 4267 284 4337 τῆς
320 4287 378 4321 τε
422 4270 634 4332 πόλεως
659 4268 752 4321 τοῦ
785 4286 844 4321 τε
887 4268 1030 4322 θείου
1065 4270 1192 4322 ναοῦ
1224 4269 1319 4340 τὴν
1354 4271 1756 4340 καταστροφήν.

203 4362 571 4435 ’Υλοτομικοῖς
622 4362 717 4415 καὶ
769 4367 1099 4426 τεκτονικοῖς
1157 4364 1407 4434 ὀργάνοις
1451 4362 1754 4432 χρώμενοι,

193 4456 280 4507 καὶ
311 4455 435 4518 τοὺς
469 4453 790 4524 περιϐόλους
836 4454 1096 4507 κατέλυον
1115 4495 1129 4519 ,
1158 4454 1253 4506 καὶ

194 4545 352 4615 θύρας
405 4544 759 4609 συνέκοπτον,
787 4543 856 4596 τά
903 4541 960 4598 εὖ
1006 4544 1098 4598 καὶ
1137 4543 1316 4607 καλῶς
1361 4545 1644 4614 ἠσκημένα
1675 4543 1750 4605 ὡς

193 4633 383 4703 δρυμὸν
413 4631 838 4701 διαφθείροντες.

269 4722 661 4790 Ἐνεπύρισαν
673 4719 742 4771 ἐν
760 4719 900 4789 πυρὶ
923 4718 988 4772 τὸ
1006 4718 1390 4787 ἁγιαστήριόν
1404 4735 1538 4782 σου,
1555 4736 1608 4770 κ.
1628 4736 1677 4770 τ.
1695 4717 1744 4771 λ.

195 4814 338 4867 Μετά
369 4814 573 4884 πολλῆς
613 4812 927 4888 ἐπελθόντες
970 4815 1099 4882 ἡμῖν
1134 4812 1232 4882 τῆς
1273 4813 1552 4882 συμφορᾶς
1578 4851 1592 4873 ,
1655 4811 1750 4864 ἕνα

194 4907 383 4959 σκοπὸν
412 4903 580 4977 εἶχον,
601 4905 690 4958 τὸν
709 4905 812 4958 ὑπὸ
835 4903 926 4956 σοῦ
948 4904 1224 4974 δεδομένον
1247 4903 1546 4956 καταλῦσαι
1563 4902 1744 4972 νόμον.

193 4996 281 5049 Διὰ
296 4997 400 5068 γὰρ
417 4996 540 5050 τῶν
549 4994 768 5065 ἑορτῶν
782 4997 879 5068 τὴν
896 4996 1033 5050 κατὰ
1050 4997 1210 5065 νόμον
1222 4994 1316 5047 λατ
1327 5012 1380 5064 ρε
1391 4994 1473 5046 ίαν
1490 4993 1743 5063 ἐδήλωσε.

191 5088 364 5141 Ταῦτα
390 5090 466 5148 δὲ,
503 5090 687 5158 φησιν,
715 5088 976 5158 ἐτόλμων,
1009 5089 1144 5158 μήτε
1170 5086 1268 5149 τὰς
1298 5084 1517 5139 ἐπὶτῶν
1551 5084 1749 5155 προγό-

191 5194 288 5229 νων
321 5179 477 5250 ἡμῶν
522 5179 752 5248 ὁρῶντες
795 5179 1250 5260 θαυματουργίας,
1283 5180 1417 5247 μήτε
1461 5176 1565 5228 ὑπὸ
1611 5192 1746 5246 προ-

192 5270 419 5340 φητικῆς
459 5270 800 5340 ἐλεγχόμενοι
841 5271 1080 5341 χάριτος.
1115 5269 1328 5322 Τούτων
1362 5267 1469 5337 γὰρ
1497 5267 1747 5319 ἁπάντων

191 5359 435 5430 ἐξαίφνης
466 5363 805 5433 κατέστησαν
852 5363 1066 5433 ἔρημοι.
1102 5362 1276 5414 Πάλαι
1320 5359 1428 5430 γὰρ
1473 5359 1566 5411 καὶ
1611 5358 1748 5429 μετὰ

189 5451 281 5520 τὴν
310 5453 563 5506 ἐπάνοδον
593 5453 748 5524 ἔσχον
772 5456 1076 5526 προῳήτας,
1106 5454 1198 5505 τὸν
1234 5454 1502 5520 Ἀγγαῖον,
1530 5450 1618 5504 τὸν
1644 5452 1747 5502 Ζα-

189 5543 374 5612 χαρίαν
394 5587 407 5608 ,
436 5543 529 5596 τὸν
558 5545 862 5618 Μαλαχίαν.
893 5547 1001 5601 Καὶ
1030 5563 1078 5599 οι
1111 5545 1310 5599 τούτων
1351 5544 1405 5597 δὲ
1448 5542 1746 5614 πρεσϐύτε-

253 5748 296 5778 '°
319 5748 340 5801 l
365 5747 507 5804 Petr.
539 5765 594 5817 tt,
630 5752 682 5806 9.

1796 3161 1838 3218 C

3359 348 3464 403 534

1964 459 2155 515 salutis
2186 459 2350 513 viam.
2381 457 2648 516 Describit
2672 458 2838 530 perro
2881 460 3152 516 excidium
3193 445 3352 516 urbis
3390 476 3456 515 ac

1966 551 2133 604 divini
2163 548 2368 621 templi.

1963 723 2031 777 Ut
2080 726 2224 795 quid,
2275 726 2437 793 Deus,
2491 723 2730 798 repulisti
2774 725 2829 782 in
2882 729 3083 798 ﬁnem?
3135 727 3325 783 Simile
3372 737 3455 785 est

1889 813 2013 867 illi:
2070 812 2321 868 Pervenit
2371 816 2438 869 ad
2493 831 2588 872 eos
2629 817 2710 870 ira
2760 818 2874 887 jam
2932 834 3103 888 usque
3159 820 3213 872 in
3258 819 3445 875 ﬁnem.

1890 901 2007 957 Non
2058 903 2202 956 enim
2246 904 2480 973 amplius
2526 907 2768 975 requiem
2814 907 3345 964 habebuntamalis.

1959 995 2012 1048 2.
2053 995 2254 1049 Memor
2277 1008 2386 1050 esto
2421 1001 2840 1068 congregationis
2876 1011 2980 1055 tute
3001 1018 3157 1070 quam
3212 1003 3452 1071 possedi-

1889 1089 1958 1140 sti
1993 1087 2056 1140 ab
2087 1089 2259 1143 initio.
2295 1089 2396 1142 Per
2416 1089 2711 1156 Abraham,
2742 1092 2891 1147 Isaac
2936 1104 2990 1148 et
3040 1092 3232 1148 Jacob.
3280 1093 3448 1148 Rede-

1888 1180 2031 1231 misti
2059 1180 2203 1248 virga
2243 1182 2604 1234 [nereditatem
2655 1195 2821 1237 tuam.
2863 1184 2919 1237 In
2947 1201 3238 1248 commune
3293 1187 3450 1256 poni—

1887 1277 1974 1322 tur
1994 1269 2158 1324 illud:
2191 1270 2397 1326 Memor
2426 1282 2544 1328 esto
2573 1274 2900 1329 lucreditatis
2947 1285 3072 1339 tute,
3108 1293 3270 1347 quam
3299 1279 3447 1347 virga

1885 1361 2196 1428 redemisti;
2225 1362 2276 1415 id
2313 1371 2416 1426 est,
2441 1364 2774 1420 haereditatis
2795 1367 2862 1421 ad
2889 1383 3113 1438 regnum
3150 1370 3446 1434 adornatae,

1886 1459 1945 1505 ut
1961 1452 2161 1507 dictum
2186 1463 2270 1508 est
2291 1455 2398 1509 illis
2418 1456 2463 1487 ⁸ο
2483 1473 2496 1508 :
2514 1455 2678 1512 Eritis
2697 1459 2826 1511 mihi
2847 1475 2910 1513 ex
2926 1461 3182 1515 omnibus
3200 1462 3448 1532 gentibus

1886 1560 2053 1613 genus
2070 1544 2322 1612 electum,
2343 1547 2521 1616 regale
2537 1549 2924 1604 sacerdotium.
2951 1550 3103 1606 Mons
3123 1550 3253 1605 Sion
3271 1553 3323 1606 in
3340 1569 3442 1623 quo

1884 1632 2137 1687 liabitasti
2190 1636 2245 1688 in
2292 1653 2371 1691 eo.
2427 1635 2566 1703 Quia
2605 1637 2748 1695 Deus
2785 1639 2840 1694 in
2893 1641 3076 1695 divino
3115 1644 3313 1712 templo
3353 1658 3442 1714 ap-

1885 1735 2088 1793 parun.

1951 1926 2006 1982 '5.
2031 1926 2169 1981 Leva
2200 1943 2385 1983 manus
2419 1938 2539 1984 tuas
2568 1934 2624 1983 in
2656 1933 2924 2000 superbius
2950 1949 3130 1988 eorum
3183 1937 3237 1988 in
3263 1937 3441 2005 ﬁnem.

1882 2012 2078 2068 Eorum
2113 2016 2208 2084 qui
2241 2025 2429 2070 contra
2463 2018 2710 2073 divinum
2759 2021 3019 2090 templum
3071 2023 3274 2078 bellum
3310 2041 3433 2094 ges-

1881 2115 2088 2160 serunt.

1948 2198 2000 2252 4.
2021 2197 2087 2251 Ει
2111 2200 2326 2267 gloriati
2354 2211 2473 2255 sunt
2498 2203 2586 2272 qui
2614 2201 2833 2256 oderunt
2863 2214 2910 2256 te
2930 2205 2982 2256 in
3013 2204 3181 2258 medio
3194 2205 3443 2260 solemni-

1879 2289 2004 2340 tatis
2035 2298 2156 2342 tuae.
2175 2288 2312 2355 Quia
2333 2291 2388 2345 in
2422 2291 2763 2346 solemnitate
2786 2291 3008 2348 Paschae
3030 2295 3227 2350 bellum
3255 2306 3443 2352 contra

1878 2377 2168 2432 Dominum
2208 2382 2538 2446 excitarunt,
2573 2383 2693 2436 ideo
2725 2398 2791 2437 eo
2817 2383 2935 2452 ipso
2971 2393 3212 2454 tempore
3261 2387 3443 2440 inimi-

1879 2471 1956 2524 cis
1987 2473 2100 2526 suis
2120 2473 2302 2527 traditi
2337 2482 2484 2529 sunt.
2507 2473 2644 2529 Nam
2692 2476 2747 2529 in
2785 2475 3048 2533 Pasebate
3102 2477 3442 2551 congregatis

1877 2564 2176 2617 secundum
2232 2565 2405 2635 legem
2460 2566 2661 2622 Judaeis
2708 2569 2982 2634 omnibus,
3020 2571 3231 2627 obsidio
3258 2575 3438 2642 posita

1874 2661 1979 2716 est,
2009 2663 2062 2707 et
2079 2654 2200 2722 jure
2225 2655 2464 2723 quidem,
2495 2670 2561 2709 eo
2594 2656 2711 2726 ipso
2770 2666 3016 2726 tempore
3043 2674 3153 2729 quo
3197 2657 3442 2716 Salvato-

1873 2756 1988 2796 rem
2024 2745 2171 2798 cruci
2201 2744 2502 2800 aﬂixerunt.

1946 2834 1998 2888 5.
2034 2833 2330 2890 Posuerunt
2358 2838 2508 2906 signa
2538 2851 2633 2892 sua
2667 2856 2836 2909 signa.
2865 2835 2996 2894 Belli
3021 2857 3262 2913 symnma
3287 2845 3436 2912 dicit,

1874 2942 1995 2996 quae
2027 2928 2081 2980 in
2111 2930 2437 2984 exercitibus
2462 2931 2616 3000 signa
2659 2943 2946 2998 vocantur,
2989 2951 3111 3003 qua:
3139 2949 3442 3006 posuerunt

1875 3015 1931 3067 in
1956 3015 2042 3068 via
2075 3017 2327 3071 civitatis.
2387 3015 2572 3087 Neque
2618 3019 2707 3074 hic
2738 3023 3124 3090 constiterunt,
3157 3024 3254 3079 sed
3305 3025 3441 3082 inui-

1874 3106 2092 3172 lierunt,
2130 3109 2182 3162 id
2209 3118 2292 3164 est
2319 3109 2374 3164 in
2406 3111 2584 3180 ipsum
2633 3113 2877 3168 divinum
2932 3117 3188 3186 templum
3225 3119 3438 3192 iri-nge-

1869 3208 2017 3265 runt,
2044 3201 2217 3268 ignari
2252 3201 2420 3256 Deum
2455 3219 2576 3259 esse
2607 3206 2702 3274 qui
2745 3207 2980 3263 traderet
3011 3209 3118 3265 illis
3149 3211 3338 3266 urbem
3369 3213 3438 3268 ob

1869 3292 2200 3362 impietatem
2265 3296 2486 3350 citium.
2553 3297 2749 3368 Utpote
2799 3301 2914 3355 hac
2967 3301 3280 3372 ignorantes
3311 3321 3438 3376 pro-

1868 3384 2040 3452 priam
2069 3385 2320 3440 virtutem
2365 3389 2725 3455 mirabantur,
2787 3403 2839 3446 et
2875 3394 3207 3452 infirmitatis
3245 3414 3438 3469 argue-

1867 3474 2000 3529 bant
2028 3470 2196 3532 Deum
2225 3479 2318 3547 qui
2351 3479 2405 3533 in
2436 3482 2622 3535 divino
2653 3485 2854 3552 templo
2875 3486 3225 3544 adorabatur.
3254 3489 3436 3556 Quare

1868 3565 2008 3619 ultra
2031 3582 2370 3637 progressus,
2398 3571 2473 3625 ait
2499 3590 2511 3624 :
2569 3571 2864 3643 Usquequo,
2896 3574 3135 3643 Domine,
3169 3581 3433 3651 imprope-

1867 3658 2006 3710 rabit
2034 3659 2318 3713 inimicus?
2360 3659 2514 3727 Quod
2561 3673 2741 3717 autem
2777 3676 2983 3734 repetat
3020 3683 3230 3736 vocem,
3255 3675 3431 3742 signa.

1866 3749 2114 3804 mirantis
2145 3765 2267 3804 esse
2293 3753 2527 3816 videtur,
2574 3755 2717 3823 quod
2772 3757 3015 3812 divinum
3044 3763 3301 3832 templum
3326 3765 3434 3818 ini-

1866 3839 2131 3894 micorum
2172 3843 2425 3898 manibus
2457 3845 2715 3900 traditum
2754 3847 2938 3904 fuerit.

1932 4119 1984 4173 6.
2009 4118 2176 4183 Quasi
2225 4121 2280 4174 in
2330 4120 2464 4174 silva
2509 4115 2774 4191 lignorum
2803 4123 3072 4178 securibus
3118 4128 3427 4182 exciderunt

1859 4213 2049 4279 ianuas
2078 4213 2211 4282 ejus,
2237 4222 2339 4268 etc.
2372 4213 2643 4269 Describit
2670 4217 2725 4268 in
2772 4217 3132 4286 praesentibus
3158 4219 3312 4274 urbis
3361 4237 3428 4276 ac

1861 4305 2044 4373 templi
2107 4305 2400 4359 excidium.
2459 4299 2768 4361 Fabrilibus
2811 4308 3194 4364 instrumentis
3234 4310 3341 4376 usi,
3370 4321 3427 4366 et

1859 4404 2011 4463 septa
2041 4395 2346 4458 diruerunt,
2414 4405 2468 4450 et
2513 4398 2708 4452 aedium
2762 4398 2960 4468 januas
3019 4401 3422 4472 confregerunt,

1301 4453 1408 4505 τῶν
1443 4452 1628 4506 οἰκιῶν
1655 4451 1753 4514 τὰς

1368 4546 1384 4562 ι
1411 4560 1477 4562 κ--.
1515 4561 1539 4562 η
1560 4545 1641 4562 1ημ
1680 4543 1714 4562 ,9.
1735 4559 1748 4562 Α

1884 4451 1978 4554 [ιι-δε
2007 4487 2230 4555 pulchre
2263 4496 2319 4542 et
2343 4487 2543 4542 aifabre
2595 4451 2868 4544 elaborata
2904 4503 3078 4558 erant,
3135 4451 3294 4562 quasi
3331 4495 3426 4550 sil-

1852 4592 1974 4632 vam
1997 4578 2322 4633 excidentes.

1932 4753 1974 4816 7,
2037 4753 2088 4808 8.
2142 4753 2488 4808 lncenderunt
2540 4773 2646 4827 tgm
2680 4767 3042 4810 sanctuarium
3077 4747 3246 4826 tuum,
3311 4772 3418 4819 etc.

1849 4844 1984 4899 Cum
2017 4862 2211 4916 magna
2240 4849 2544 4903 calamitate
2594 4860 2780 4904 n051ra
2822 4852 3206 4921 irrumpentes,
3247 4871 3415 4911 unum

1851 4950 2074 5006 secpum
2115 4939 2406 5004 habebant,
2433 4941 2604 5010 legem
2641 4942 2851 4996 scilicet
2879 4959 2911 4996 a
2952 4952 3004 4998 te
3047 4945 3226 4999 datam
3252 4948 3414 5002 abro-

1849 5043 1996 5096 gare.
2021 5027 2156 5083 Nam
2181 5045 2275 5098 per
2307 5032 2418 5085 dies
2445 5033 2604 5100 festos
2628 5033 2834 5087 cultum
2889 5034 3113 5105 legalem
3139 5037 3416 5105 signiﬁca-

1847 5120 1944 5172 vit.
1965 5118 2088 5174 Haec
2113 5132 2292 5175 autem
2319 5135 2654 5193 perpetrare,
2683 5127 2778 5192 ait,
2814 5127 2933 5181 ausi
2965 5137 3114 5191 sunt,
3149 5129 3277 5197 quia
3313 5145 3413 5182 nec

1846 5211 2116 5265 mirabilia
2149 5222 2389 5282 tempore
2449 5225 2663 5283 patrum
2726 5228 3038 5272 nostrormn
3097 5219 3236 5272 edita
3268 5219 3415 5272 vide-

1847 5311 1992 5367 rant,
2028 5318 2203 5370 neque
2234 5305 2550 5374 prophetica
2575 5309 2749 5376 gratia
2812 5309 3079 5375 redarguti
3111 5317 3258 5362 sunt.
3304 5306 3414 5362 lio-

1845 5410 1966 5448 rum
2046 5410 2283 5464 namque
2357 5399 2600 5452 omnium
2665 5400 2846 5454 subito
2921 5407 3170 5467 expertes
3240 5399 3408 5454 fuere.

1848 5485 2123 5555 Siquidem
2168 5471 2316 5542 ~olim
2385 5491 2550 5545 etiam
2609 5500 2733 5560 post
2799 5490 3032 5545 reditum
3109 5505 3176 5544 ex
3241 5493 3413 5560 capti-

1803 5578 2030 5646 -vitatc,
2058 5581 2355 5650 pr0phetas
2407 5582 2681 5651 habuere,
2739 5583 3019 5655 Aggaeum,
3067 5580 3413 5647 Zachariam,
