3872 6216
422 294 528 350 355

1265 285 1322 342 S.
1364 285 1732 340 ATHANASII
1774 288 1922 342 UPP.
1961 287 2139 342 PARS
2179 289 2268 344 Ill.
2315 318 2378 330 -—
2413 285 2821 342 EKEGETICA.

3549 285 3654 340 5.36

421 407 760 462 Malacltiam.
781 405 846 459 Et
878 405 968 474 qui
1003 405 1120 460 istis
1147 405 1482 474 antiquiores
1507 413 1662 458 erant
1681 407 1974 475 prophetae,

2083 424 2164 478 ροι
2194 407 2464 477 προφῆται
2494 405 2568 474 τῷ
2617 401 2731 472 λαῷ
2768 401 2860 454 καὶ
2895 403 3007 464 τοῖς
3036 399 3317 470 βασιλεῦσι
3354 399 3656 472 προῦλεγον

421 501 622 571 populo
649 508 810 568 atque
839 499 1056 568 regibus
1081 497 1262 551 futura
1295 497 1751 565 praenuntiabant,
1788 507 1842 552 et
1873 499 1980 551 ini-

419 593 688 648 micorum
711 590 935 646 insidias
959 591 1136 660 palam
1171 589 1461 645 faciebant.
1511 587 1668 656 Quod
1700 605 1765 644 ει
1811 589 1982 644 histo—

421 685 498 739 ria
521 683 760 740 ediscere
792 683 845 736 in
875 691 1122 752 promptu
1146 690 1246 736 est.

490 774 546 828 9.
578 773 742 844 Signa
792 781 972 826 nostra
1003 788 1106 824 non
1151 771 1393 825 vidimus.
1425 771 1504 825 llli
1528 772 1744 842 quidem
1769 788 1828 827 se
1859 789 1980 828 mu-

419 874 514 921 tuo
539 864 905 928 concitabant,
941 873 998 918 ut
1023 862 1304 933 quiescere
1335 863 1574 918 facerent
1601 864 1772 920 festos
1799 865 1983 919 Domi-

419 951 494 1018 ni,
525 951 619 1021 qui
650 950 830 1004 adhuc
854 951 1288 1005 celebrabantur.
1325 950 1388 1006 Et
1412 967 1538 1006 vero
1567 954 1725 1008 verba
1763 955 1814 1008 in
1843 971 1980 1024 opus

415 1041 770 1096 deducebant.
803 1038 914 1095 Nos
954 1049 1156 1106 autem,
1191 1041 1318 1094 dum
1349 1041 1462 1097 haec
1515 1051 1820 1111 agerentur,
1870 1049 1976 1098 nun

415 1133 650 1188 vidimus
685 1134 837 1204 signa
869 1133 960 1186 illa
983 1147 1214 1201 quorum
1248 1133 1569 1202 plerumque
1601 1135 1654 1188 in
1705 1135 1978 1204 prioribus

415 1225 570 1280 bellis
594 1234 758 1280 testes
786 1224 983 1280 oculati
1014 1223 1234 1278 fuimus.
1273 1223 1378 1278 lsta
1404 1233 1583 1278 autem
1613 1226 1766 1294 signa
1800 1226 1853 1279 in
1884 1241 1976 1280 au-

419 1315 610 1370 xilium
649 1315 806 1372 nobis
826 1324 980 1370 erant
1007 1315 1264 1370 adversus
1315 1315 1578 1371 instantes
1623 1317 1973 1374 calamitates.

411 1405 780 1474 Quamobrem
809 1415 994 1475 utpote
1019 1405 1111 1474 qui
1136 1420 1197 1460 ea
1226 1421 1336 1459 non
1371 1407 1666 1461 viderimus
1697 1408 1930 1463 dicimus
1959 1426 1974 1462 :

417 1498 482 1553 Ut
512 1499 658 1569 quid,
693 1498 850 1563 Deus,
886 1499 1123 1568 repulisti
1149 1500 1204 1552 in
1226 1499 1381 1568 ﬁnem
1402 1501 1426 1555 ?
1447 1498 1570 1552 Jam
1615 1516 1716 1554 non
1753 1511 1828 1554 est
1854 1517 1978 1570 pro-

411 1589 592 1658 pheta,
625 1597 674 1642 ει
707 1605 800 1642 nos
826 1607 927 1643 non
957 1599 1226 1659 cognoscet
1244 1589 1491 1658 amplius.
1517 1589 1582 1643 Et
1605 1591 1708 1644 llOC
1739 1590 1976 1645 maxime

411 1681 466 1734 in
501 1695 666 1735 causa
695 1687 777 1735 est
809 1681 954 1750 quod
977 1681 1043 1734 de
1074 1681 1249 1735 salute
1281 1680 1652 1750 desperemus,
1684 1683 1827 1752 quod
1865 1699 1972 1736 non

2083 499 2150 549 τὰ
2180 497 2429 567 ἐσόμενα,
2471 498 2561 548 καὶ
2587 495 2694 546 τῶν
2729 493 2998 562 πολεμίων
3027 492 3125 555 τὰς
3163 492 3452 555 ἐπιῆουλάς
3484 510 3657 546 κατα-

2082 587 2270 659 δήλους
2306 587 2536 640 ἐποίουν.
2569 587 2678 638 Καὶ
2710 585 2865 638 τοῦτο
2892 586 2956 636 ἐκ
2985 583 3085 654 τῆς
3119 583 3367 650 ίστορίας
3403 601 3658 654 καταμα-

2083 677 2194 730 θεῖν
2223 677 2470 742 εὐπετές.

2158 769 2232 822 Τὰ
2267 768 2482 837 σημεῖα
2505 765 2673 836 ἡμῶν
2704 768 2814 819 οὐκ
2843 765 3094 835 εἷδομεν.
3129 763 3354 818 Ἐκεῖνοι
3385 765 3484 834 μὲν
3511 782 3654 859 πειρέ

2079 858 2282 926 ώξυνον
2329 859 2590 930 ἀλλήλους
2617 898 2632 922 ,
2693 861 2770 921 εἰς
2813 857 2872 910 τὸ
2918 856 3270 919 παύσειν,ἐτι
3325 855 3657 926 τελουμένας

2077 949 2176 1012 τὰς
2203 949 2395 1020 ἑορτὰς
2422 949 2516 1002 τοῦ
2545 948 2770 1019 Κυρίου,
2803 949 2896 1000 καὶ
2923 949 2986 1018 δὴ
3021 949 3132 1010 τοῖς
3161 947 3338 1015 λόγοις
3365 949 3652 1018 προσήγα-

2077 1056 2172 1107 γον
2206 1039 2275 1092 τὰ
2317 1040 2454 1112 ἔργα
2478 1058 2490 1070 ·
2523 1042 2684 1110 ἡμεῖς
2715 1039 2770 1091 δὲ
2799 1039 2919 1091 καθ’
2945 1039 3003 1091 ὃν
3030 1039 3202 1091 ταῦτα
3245 1037 3562 1108 ἐπράττετο,
3587 1041 3654 1091 οὗ

2077 1132 2379 1202 γεγόναμεν
2404 1132 2593 1184 θεαταὶ
2623 1131 2730 1184 τῶν
2764 1131 3001 1202 σημείων
3029 1132 3251 1183 ἐκείνων
3281 1124 3354 1183 ὧν
3389 1131 3652 1195 πολλάκις

2078 1225 2169 1275 ἐπὶ
2195 1225 2478 1296 προτέροις
2503 1226 2756 1296 πολέμοις
2788 1225 3050 1278 αὐτόπται
3079 1205 3440 1296 γέγενήμεθα.
3463 1227 3656 1280 Ταῦτα.

2075 1317 2131 1367 δὲ
2163 1310 2230 1386 ἦν
2255 1315 2323 1368 τὰ
2363 1320 2583 1386 σημεῖα,
2613 1317 2904 1388 ἐπικουρία
2933 1317 3040 1370 τῶν
3079 1319 3406 1389 συνεχόντων
3437 1321 3650 1375 δεινῶν.

2077 1406 2166 1458 Διὸ
2192 1406 2256 1477 δὴ
2281 1407 2356 1470 ὡς
2385 1406 2590 1460 τούτων
2620 1408 2692 1478 μὴ
2731 1408 3008 1477 γενόμενοι
3044 1408 3230 1462 θεαταί
3276 1427 3451 1480 φαμεν
3476 1427 3487 1438 ·
3526 1413 3656 1464 Ἵνα

2075 1502 2131 1553 τί
2159 1503 2192 1554 ὀ
2220 1501 2362 1566 Θεὸς
2389 1501 2608 1555 ἀπώσω
2640 1504 2727 1568 εις
2761 1501 2980 1568 eahinc;
3025 1505 3146 1555 Οὐκ
3185 1503 3358 1556 ἐστιν
3391 1503 3476 1556 ἔτι
3509 1515 3655 1570 προ-

2075 1590 2288 1659 φήτης,
2313 1593 2410 1646 καὶ
2440 1594 2596 1661 ’ἡμᾶς
2622 1596 2693 1647 οὐ
2727 1593 3012 1664 γνώσεται
3037 1595 3142 1648 ἔτι.
3177 1593 3287 1646 Καὶ
3311 1595 3468 1648 τοῦτο
3501 1598 3654 1666 ἡμᾶς

2079 1682 2312 1751 μάλιστα
2351 1684 2670 1737 ἀπευδοκεῖν
2715 1685 2813 1756 τῆς
2847 1685 3115 1756 σωτηρίας
3156 1672 3330 1752 ποιεῖ,
3359 1685 3419 1740 τὸ
3452 1685 3652 1757 μηκέτι

411 1769 643 1838 amplius
665 1769 980 1837 prophetam
1007 1769 1287 1824 videamus
1350 1770 1405 1824 in
1439 1781 1594 1843 gente
1637 1781 1844 1836 nostra,
1877 1773 1969 1842 qui

2080 1776 2132 1825 ἐν
2291 1775 2432 1828 ἔθνει
2489 1776 2770 1847 προφήτην
2824 1776 2958 1847 ὁρᾷν
3009 1776 3100 1829 τὸν
3151 1777 3448 1847 δυνάμενον
3506 1778 3654 1848 ὑπὲρ

409 1859 582 1928 possit
605 1859 760 1912 nobis
793 1861 1006 1928 placare
1039 1857 1230 1914 Deum.

483 1949 568 2004 10.
610 1946 898 2018 Usquequo,
927 1947 1087 2012 Deus,
1119 1949 1488 2019 improperabit
1515 1949 1757 2003 inimicus
1774 1949 1970 2006 ?Post-

411 2055 574 2112 quam
606 2041 836 2096 absolvit
863 2042 1057 2096 excidii
1086 2041 1506 2111 descriptionem
1541 2057 1571 2096 a
1627 2041 1763 2097 faeie
1789 2041 1971 2096 inimi-

410 2145 620 2198 corum,
651 2133 816 2187 Deum
875 2142 1033 2187 vocat
1091 2133 1158 2186 ad
1199 2132 1658 2199 misericordiam,
1712 2141 1768 2187 et
1815 2141 1970 2203 rogat

408 2223 856 2291 animadvertere,
892 2225 1008 2279 haec
1055 2223 1238 2280 omnia
1295 2225 1360 2278 ad
1424 2223 1518 2280 Dei
1582 2226 1966 2280 contumeliam

407 2325 670 2385 spectare.
705 2317 838 2370 Cum
864 2317 1016 2379 dicit,
1049 2315 1115 2370 In
1147 2319 1318 2371 medio
1356 2317 1704 2372 sotemnitatis
1738 2327 1859 2382 tua’,
1893 2327 1966 2381 et,

407 2405 782 2461 Sanctuarium
813 2417 981 2472 tuum,
1030 2417 1103 2472 et,
1137 2407 1558 2461 Tabernaculum
1602 2409 1828 2461 nominis
1863 2409 1966 2472 tui,

404 2507 476 2564 et,
509 2498 626 2552 Dies
646 2499 804 2568 festos
821 2498 1056 2564 Domini,
1075 2509 1147 2566 et,
1164 2497 1370 2553 Nomen
1395 2507 1542 2552 tuum
1565 2499 1620 2551 in
1649 2499 1825 2567 ﬁnem.

474 2699 562 2752 Η.
621 2695 816 2767 thuid
845 2698 1034 2751 avertis
1085 2714 1300 2752 manum
1350 2710 1515 2764 tuam,
1555 2707 1660 2754 etc.
1713 2697 1784 2754 Ut
1838 2700 1966 2769 quid

404 2786 742 2859 prmscindis,
782 2786 980 2856 inquit,
1015 2787 1281 2840 bonorum
1309 2787 1471 2854 dona,
1501 2803 1623 2857 quae
1651 2789 1778 2842 olim
1810 2790 1964 2858 quasi

403 2895 467 2934 ex
503 2877 626 2934 sinu
657 2886 753 2932 tuo
783 2877 1107 2948 largiebaris
1142 2878 1320 2932 nobis.

473 2969 561 3026 12.
594 2969 733 3024 Deus
762 2977 937 3024 autem
967 2985 1058 3023 rex
1076 2977 1252 3022 noster
1273 2980 1392 3023 ante
1419 2969 1634 3024 sarcula.
1660 2967 1836 3038 Nunc,
1866 2971 1961 3036 ait,

403 3064 559 3118 nobis
585 3063 854 3117 bonorum
876 3063 1086 3132 copiam
1122 3062 1438 3132 praescindis
1478 3081 1490 3116 :
1526 3064 1655 3118 olim
1688 3081 1816 3119 vero
1841 3081 1964 3120 cum

401 3167 454 3209 et
485 3153 628 3209 Deus
656 3163 840 3208 noster
861 3163 913 3208 et
937 3169 1030 3209 rex
1081 3165 1264 3210 noster
1295 3155 1479 3210 vocari
1525 3155 1848 3226 diguareris,
1881 3165 1965 3212 ta-
1992 3130 2034 3153 ι’

403 3245 502 3299 lem
533 3245 691 3299 nobis
722 3243 951 3299 salutem
993 3255 1248 3314 operatus
1293 3261 1373 3312 es,
1432 3255 1492 3301 ut
1537 3249 1743 3302 nemini
1777 3249 1968 3306 lateret

401 3335 454 3388 in
479 3342 641 3389 terra.
671 3333 928 3404 Operatus
958 3347 1034 3390 est
1060 3335 1282 3391 salutem
1320 3338 1375 3390 in
1417 3339 1588 3392 medio
1627 3349 1800 3394 terrae.
1831 3338 1968 3397 Hinc

401 3425 692 3480 occasione
743 3436 993 3495 accepta,
1053 3427 1272 3497 quidam
1321 3429 1707 3487 existimarunt
1751 3431 1970 3488 ieroso-

403 3513 598 3584 lymam
626 3530 747 3571 esse
776 3525 931 3572 terrae
961 3517 1203 3572 oculum.

473 3693 560 3748 15.
589 3693 668 3747 Tu
697 3695 1024 3764 conﬁrmasti
1055 3696 1109 3749 in
1141 3697 1332 3751 virtute
1361 3709 1453 3752 tua
1480 3715 1642 3764 mare,
1675 3700 1966 3754 contrivisti

402 3785 579 3848 capita
598 3786 887 3840 draconum
916 3789 971 3840 in
1024 3789 1199 3858 aquis.
1236 3789 1504 3845 Describit
1530 3792 1615 3846 his
1654 3775 1832 3846 verbis
1858 3806 1966 3861 quo

403 3877 718 3945 pacto'olim
748 3891 938 3932 eorum
970 3879 1199 3934 salutem
1245 3891 1499 3950 operatus
1530 3890 1633 3948 est.
1683 3880 1748 3936 Et
1789 3883 1964 3952 primo

403 3971 618 4040 quidem
653 3973 794 4042 quod
846 3973 1196 4028 consolidata:
1242 3975 1352 4028 sint
1397 3989 1552 4044 aquae
1610 3975 1776 4029 maris
1807 3977 1965 4045 quasi

403 4077 613 4127 murus,
641 4063 858 4131 quando
880 4079 944 4118 ex
975 4063 1209 4135 Egypto
1234 4067 1438 4135 egressi
1469 4075 1614 4120 sunt.
1658 4065 1723 4120 Et
1755 4066 1858 4120 hoc
1893 4067 1966 4122 si-

401 4151 622 4222 gniﬁcat
651 4153 1155 4221 illud,Con/irmasti
1178 4171 1340 4208 mare.
1371 4154 1639 4221 Secundo,
1661 4157 1804 4226 quod
1834 4171 1966 4210 con-

401 4245 524 4299 trita
549 4246 660 4301 sint
684 4246 860 4315 capita
893 4243 1267 4316 Egyptiorum
1305 4247 1358 4300 in
1381 4248 1558 4317 aquis,
1591 4263 1728 4316 quos
1757 4248 1826 4301 ob
1858 4265 1965 4302 ma-

403 4337 702 4406 lignitatem
737 4337 933 4408 lingua:
958 4337 1222 4392 dracones
1255 4351 1429 4392 vocat.
1469 4337 1546 4393 Ac
1576 4354 1699 4392 cum
1746 4339 1853 4394 illis
1883 4356 1966 4394 re-

402 4425 484 4494 gis
504 4425 636 4495 ipsis
663 4425 982 4496 imperantis
1038 4435 1220 4495 caput,
1265 4442 1426 4495 quem
1483 4443 1662 4497 regem
1711 4429 1960 4483 similiter
1993 4441 2041 4501 ι)

401 4517 691 4572 draconem
732 4518 982 4589 appellat.

471 4750 592 4824 [Tu
648 4751 976 4819 conﬁrmasti
1021 4751 1074 4803 in
1141 4752 1333 4804 uirtute
1385 4761 1477 4805 tua
1535 4771 1700 4810 mare.
1734 4755 1962 4821 Quando

399 4841 740 4898 Pharaonem
773 4855 900 4897 cum
947 4841 1178 4896 ducibus
1209 4855 1263 4897 et
1305 4844 1559 4899 curribus
1610 4847 1681 4900 ob
1737 4861 1957 4916 pravam

401 4943 636 4989 mentem
686 4917 756 4988 ac.
798 4933 1138 5002 pr0positum
1201 4936 1506 4992 contrivisti
1561 4939 1719 5008 quasi
1783 4941 1960 5011 capita

399 5026 696 5080 draconum
719 5023 777 5078 in
805 5039 945 5094 aqua
981 5041 993 5077 :
1020 5023 1098 5079 sic
1128 5024 1416 5097 Egyptios
1443 5027 1793 5100 Etltiopibus
1825 5047 1960 5088 con—

401 5116 647 5172 terminis
679 5114 874 5170 dedisti
915 5115 968 5192 in
997 5129 1200 5180 escam,
1231 5118 1381 5188 ipsos
1407 5133 1472 5174 ac
1501 5136 1680 5192 regem
1717 5123 1958 5194 ipsorum

399 5207 577 5267 vicisti
605 5223 638 5264 a
669 5207 809 5265 facie
825 5205 1192 5281 Ethiopumj

473 5381 560 5435 Η.
592 5379 798 5436 Dedisti
815 5397 935 5435 eum
956 5397 1128 5436 escam
1159 5387 1364 5454 populis
1413 5387 1746 5458 AithiOpum.
1781 5391 1959 5460 Ipsum

399 5469 760 5536 Pharaonem,
789 5483 842 5526 et
866 5474 1082 5543 quidem
1117 5487 1237 5544 post
1255 5479 1504 5534 bellicam
1541 5483 1956 5550 expeditionem.

399 5558 638 5630 Populos
667 5573 846 5620 autem
877 5566 1008 5622 dicit
1038 5569 1218 5623 avium
1271 5579 1538 5636 catervas,
1561 5588 1682 5640 quae
1711 5575 1849 5642 apud
1877 5573 1962 5629 ln-

401 5654 500 5706 dos
529 5663 656 5707 sunt
683 5673 695 5707 :
727 5673 847 5726 quae
871 5657 1246 5732 Egyptiorum
1269 5679 1495 5734 corpora
1527 5681 1621 5734 per
1669 5668 1834 5720 maris
1865 5667 1962 5723 ilu-

401 5749 520 5799 ctus
553 5745 618 5800 ad
649 5745 798 5803 littus
823 5749 1019 5820 rejecta
1045 5764 1322 5808 vorarunt.

2073 1865 2103 1934 ἡ
2113 1863 2226 1934 μῶν
2255 1865 2584 1918 ἐκδυσωπεῖν
2607 1865 2696 1918 τὸν
2733 1865 2886 1922 Θεόν.

2142 1957 2288 2022 Ἕως
2309 1958 2473 2020 πότε,
2501 1960 2532 2011 ό
2559 1957 2722 2022 Θεὸς,
2751 1957 2992 2012 ὀνειδιεῖ
3019 1962 3052 2012 ὁ
3071 1959 3316 2028 ἐχθρός;
3341 1959 3648 2032 Πληρώσας

2071 2047 2166 2118 τὴν
2195 2047 2496 2118 διαγραφὴν
2526 2047 2626 2117 τῆς
2659 2047 2910 2112 ἁλώσεως
2941 2049 3048 2102 ἀπὸ
3083 2050 3176 2102 τοῦ
3211 2050 3508 2121 προσώπου
3537 2050 3649 2104 τῶν

2069 2137 2278 2208 ἐχθρῶν
2303 2177 2318 2201 ,
2369 2139 2448 2200 είς
2497 2137 2644 2203 ἕλεος
2681 2138 2993 2192 ἐκκαλεῖται
3033 2140 3123 2194 τὸν
3166 2141 3332 2204 Θεὸν,
3367 2143 3462 2194 καὶ
3495 2129 3644 2206 θὲιῖν,

2071 2231 2186 2292 πῶς
2229 2229 2296 2282 τὰ
2332 2230 2591 2300 γινόμενα
2621 2231 2798 2284 πάντα
2829 2233 2910 2294 εἰς
2943 2231 3100 2303 ὕϐριν
3133 2232 3226 2285 τοῦ
3267 2233 3402 2286 Θεοῦ
3423 2251 3435 2262 ·
3479 2234 3558 2305 τῷ
3587 2252 3646 2287 τε

2069 2318 2242 2369 εἰπεῖν
2271 2331 2284 2345 ⁸
2331 2317 2426 2368 Ἐν
2457 2317 2624 2385 μέσῳ
2657 2315 2763 2386 τῆς
2789 2319 3005 2388 ἑορτῆς
3043 2335 3182 2383 σου,
3218 2323 3312 2374 καὶ
3341 2323 3422 2385 τὸ,
3462 2323 3648 2392 Ἀγια-

2067 2405 2318 2472 στήριόν
2339 2421 2477 2470 σου,
2503 2407 2597 2460 καὶ
2625 2408 2705 2472 τὸ,
2735 2409 3024 2479 Σκήνωμα
3051 2411 3156 2464 τοῦ
3183 2413 3476 2482 ὀνόματός
3505 2430 3646 2476 σου,

2069 2493 2181 2557 καὶ,
2219 2493 2330 2560 Τὰς
2366 2494 2574 2562 ἑορτὰς
2615 2497 2725 2549 τοῦ
2771 2499 3014 2566 Κυρίου,
3049 2501 3163 2564 καὶ,
3207 2500 3276 2554 Τὸ
3314 2501 3502 2572 ὄνομά
3529 2497 3650 2558 ὄόυ

2069 2586 2155 2648 είς
2189 2583 2380 2650 τέλος.

2139 2676 2263 2728 "Ira
2305 2678 2358 2729 τί
2391 2677 2788 2751 ἀποστρέφεις
2819 2678 2932 2746 τὴν
2976 2681 3142 2750 χεῖρά
3189 2697 3324 2742 σου,
3363 2701 3416 2737 κ.
3447 2701 3503 2737 τ.
3547 2685 3644 2750 λ.;

2069 2769 2185 2820 Ἵνα
2211 2767 2282 2832 τί,
2315 2770 2498 2840 φησὶν,
2533 2771 2858 2834 ἀνακόπτεις
2881 2772 2988 2825 τῶν
3021 2773 3238 2842 ἀγαθῶν
3255 2775 3352 2846 τὴν
3377 2775 3546 2842 δόσιν,
3571 2771 3649 2830 ὧν

2068 2860 2235 2912 πάλαι
2271 2858 2456 2931 ὥσπερ
2489 2862 2554 2914 ὲκ
2581 2860 2776 2916 κόλπου
2814 2867 3071 2933 παρεῖχες
3103 2867 3254 2936 ἡμῖν.

2150 2947 2204 3001 '0
2233 2949 2300 3001 δὲ
2347 2949 2489 3015 Θεὸς
2531 2951 2831 3018 βασιλεὺς
2880 2951 3048 3020 ἡμῶν
3091 2955 3204 3023 πρὸ
3259 2955 3494 3022 αὲὧνος.
3531 2957 3648 3010 Νῦν

2071 3041 2188 3109 μὲν,
2231 3041 2415 3111 φησὶν,
2459 3043 2786 3106 ὰνακόπτεις
2827 3043 2884 3108 ἐξ
2937 3043 3090 3114 ἡμῶν
3132 3047 3242 3098 τῶν
3289 3049 3510 3115 ἀγαθῶν
3545 3051 3648 3118 τὴν

2069 3131 2344 3201 ἀναφοράν
2365 3149 2378 3161 ⁸
2409 3131 2575 3184 πάλαι
2603 3133 2680 3194 δὲ,
2709 3135 2802 3186 καὶ
2835 3135 2967 3198 Θεὸς
2995 3137 3026 3206 ἡ
3037 3134 3152 3206 μῶν
3179 3137 3342 3203 ἀξιῶν
3365 3155 3644 3208 προσαγο-

2070 3219 2322 3290 ρεύεσθαι
2360 3220 2452 3272 καὶ
2483 3219 2752 3290 βασιλεὺς,
2789 3221 3044 3294 τοιαύτην
3081 3223 3236 3294 ήμῶν
3275 3227 3515 3296 ἐποιήσω
3543 3228 3644 3298 τὴν

2069 3308 2340 3377 σωτηρίαν
2369 3309 2443 3372 ὡς
2475 3309 2680 3380 μηδένα
2709 3311 2888 3364 λαθεῖν
2913 3312 3021 3365 τῶν
3043 3313 3134 3366 ἐπὶ
3158 3315 3280 3385 γῆς.
3307 3317 3646 3384 Είργάσατο

2065 3399 2364 3468 σωτηρίαν
2407 3401 2478 3453 ἐν
2522 3399 2690 3470 μέσῳ
2733 3402 2844 3469 τῆς
2891 3403 3022 3472 γῆς.
3071 3405 3346 3460 Ἐντεῦθεν
3385 3408 3646 3474 λαϐόντες

2067 3488 2206 3550 τινὲς
2257 3489 2604 3560 ἀπεφήναντο
2666 3489 2733 3543 τὰ
2785 3491 3130 3562 Ἱεροσόλυμα
3175 3491 3450 3564 ὀφθαλμὸν
3499 3493 3644 3551 εἶναι

2065 3578 2166 3648 τῆς
2190 3579 2314 3648 γῆς.

2136 3673 2219 3724 Σὺ
2259 3671 2662 3740 ἐκραταὶωσας
2707 3675 2774 3726 ἐν·
2817 3673 2891 3743 τῇ
2925 3674 3172 3744 δυνάμει
3217 3691 3334 3729 σου
3383 3677 3501 3746 τὴν
3537 3681 3645 3734 θά-

2065 3761 2330 3823 λασσον,
2375 3761 2456 3814 σὺ
2499 3763 2869 3832 συνέτριψας
2902 3765 3008 3832 τὰς
3053 3770 3322 3836 κεφαλὰς
3357 3769 3476 3822 τῶν
3511 3770 3644 3838 δραρ

2066 3852 2292 3904 πόντων
2325 3851 2424 3905 ἐπὶ
2468 3854 2574 3908 τοῦ
2623 3853 2860 3922 ὕδατος.
2906 3859 3206 3929 Διαγράφει
3236 3859 3314 3929 τῷ
3353 3859 3500 3932 λόγῳ
3533 3864 3643 3914 τίνι

2065 3945 2247 4022 τρόπῳ
2278 3945 2377 4015 τὴν
2422 3947 2587 3999 πάλαι
2635 3948 2813 4002 αὐτῶν
2872 3952 3146 4022 σωτηρίαν
3179 3952 3494 4022 εἰργάσατο.
3529 3957 3644 4008 Καὶ

2065 4020 2279 4108 πρῶτον
2317 4039 2414 4108 μὲν
2465 4040 2526 4092 τὸ
2576 4041 2816 4112 παγῆναι
2850 4044 2982 4095 ὡσεὶ
3005 4020 3205 4115 Ητεῖχος
3234 4020 3330 4116 τῆς
3361 4045 3642 4120 θαλάσσης

2064 4127 2132 4179 τὰ
2157 4127 2340 4196 ὕδατα,
2375 4130 2462 4183 ὅτε
2486 4129 2545 4195 ἐξ
2573 4132 2846 4200 Αἰγύπτου
2889 4135 3116 4206 ἐξῄεσαν
3146 4155 3158 4166 ·
3195 4140 3290 4192 καὶ
3329 4141 3487 4194 τοῦτό
3523 4143 3644 4196 ἐστι

2063 4217 2142 4283 τὸ,
2177 4219 2606 4287 Ἐκραταίωσας
2649 4222 2763 4290 τὴν
2807 4225 3158 4281 θάλασσαν·
3187 4229 3440 4300 δεύτερον
3471 4231 3552 4295 δὲ,
3579 4233 3646 4286 τὸ

2066 4311 2412 4383 συντριϐῆναι
2439 4315 2538 4384 τὴν
2575 4316 2886 4382 Αἰγυπτίων
2930 4321 3022 4373 ἐπὶ
3065 4321 3174 4375 τῶν
3220 4323 3428 4376 ὑδάτων
3469 4342 3644 4394 κεφα-

2066 4400 2181 4472 λὴν,
2207 4401 2298 4465 οὓς
2325 4404 2419 4456 καὶ
2461 4405 2757 4474 δράκοντας
2789 4409 2876 4461 διὰ
2912 4411 2974 4462 τὸ
3002 4413 3236 4482 πονηρὸν
3261 4415 3358 4484 τῆς
3385 4415 3640 4488 γλώσσης

2066 4491 2318 4562 ὀνομάζει
2340 4508 2356 4524 ’
2389 4489 2509 4547 εἶτα
2537 4497 2650 4566 μετ’
2678 4497 2857 4552 αὐτῶν
2889 4500 2982 4554 καὶ
3011 4503 3173 4555 αὐτοῦ
3197 4503 3288 4556 τοῦ
3319 4505 3642 4577 ἐξάρχοντος

2067 4581 2244 4636 αὐτῶν
2275 4582 2556 4652 βασιλέως,
2581 4585 2640 4638 ὃν
2661 4587 2754 4641 καὶ
2779 4590 2935 4644 αὐτὸν
2958 4593 3157 4662 ὁμοίως
3176 4593 3445 4666 δράκοντα
3468 4615 3642 4669 προσ-

2067 4673 2338 4744 αγορεύει.

2139 4763 2246 4835 [Σὺ
2267 4766 2670 4836 ἐκραταίωσας
2683 4771 2752 4824 ἐν
2769 4772 2842 4842 τῇ
2861 4772 3110 4843 δυνάμει
3135 4791 3253 4832 σου
3271 4777 3386 4846 τὴν
3411 4780 3642 4834 θάλασ-

2066 4871 2204 4912 σαν.
2219 4857 2321 4911 Τὸν
2338 4859 2532 4929 Φαραὼ
2555 4862 2649 4914 σὺν
2665 4868 2978 4932 τριστάταις
2993 4867 3087 4918 καὶ
3110 4867 3318 4938 ἅρμασι
3340 4874 3643 4943 συντρίψας

2067 4947 2140 5011 ὡς
2158 4947 2503 5019 δρακοντείας
2528 4953 2788 5021 κεφαλάς,
2805 4955 2894 5007 διὰ
2914 4955 2974 5008 τὸ
3002 4957 3238 5029 πονηρὸν
3259 4961 3358 5029 τῆς
3386 4962 3636 5033 γνώμης,

2068 5039 2158 5114 ἐπὶ
2186 5037 2278 5090 τοῦ
2309 5039 2521 5103 ὕδατος
2559 5043 2634 5106 ὼς
2676 5046 2802 5108 τοὺς
2851 5046 3180 5113 Αἰγυπτίους
3225 5050 3633 5123 πλησιοχώρους

2068 5131 2308 5200 Αἰθίοψιν
2345 5133 2500 5198 ὄντας
2538 5135 2858 5206 παρέδωκας
2901 5139 3084 5202 αὐτοῖς
3129 5143 3210 5202 εἰς
3253 5143 3628 5215 κατάϐρωμα,

2067 5221 2259 5286 αὐτοὺς
2297 5223 2389 5276 καὶ
2429 5224 2518 5277 τὸν
2549 5223 2772 5310 βασιλέα
2804 5227 2982 5283 αὐτῶν
3025 5231 3268 5304 ἦττησας
3311 5235 3420 5288 ἀπὸ
3467 5253 3632 5308 προσ-

2066 5310 2214 5364 ώπου
2247 5313 2564 5385 Αίθιόπων.]

2139 5403 2397 5469 Ἔδωκας
2437 5408 2626 5460 αὐτὸν
2663 5409 2876 5478 ,ϐρῶμα
2927 5414 3101 5482 λαοῖς
3131 5419 3430 5486 Αἰθίοψιν.
3465 5419 3636 5473 Αὐτὸν

2065 5491 2155 5542 τὸν
2186 5491 2401 5562 Φαραὼ,
2437 5497 2574 5564 μετὰ
2613 5499 2711 5568 τῆς
2757 5505 3043 5571 στρατείας
3073 5505 3130 5560 δὲ
3161 5505 3420 5576 δηλονότι.
3461 5511 3638 5572 Aac-bs

2065 5582 2121 5633 δὲ
2171 5584 2400 5639 ἐνταῦθα
2452 5589 2550 5652 τὰς
2595 5593 2702 5644 τῶν
2755 5596 2904 5666 παρά
2947 5599 3128 5662 Ἰνδοῖς
3183 5601 3385 5671 ὀρνέων
3434 5581 3634 5668 ἀγέλας

2065 5673 2228 5741 φησίν
2248 5690 2260 5702 ·
2293 5677 2345 5727 αἲ
2379 5679 2472 5730 καὶ
2506 5681 2611 5734 τῶν
2654 5683 2964 5753 Αἰγυπτίων
2993 5689 3284 5762 κατήσθιον
3319 5691 3389 5744 τὰ
3418 5691 3630 5765 σκηνώ-

2071 5779 2214 5830 ματα
2245 5765 2532 5837 ἐκριφέντα
2559 5773 2666 5826 ἀπὸ
2699 5776 2798 5846 τῆς
2835 5777 3108 5852 θαλάσσης
3138 5784 3194 5836 ἐν
3216 5785 3281 5856 τῇ
3317 5787 3410 5857 γῇ.
