3872 6216
196 367 293 420 557

1221 324 1584 424 Esposmo
1624 365 1689 420 lN
1729 361 2059 419 essenon
2099 361 2329 417 Lxxw.

3318 358 3422 415 338

260 481 339 534 Σὺ
365 479 678 549 διέῤῥηξας
697 470 891 549 inrdic-
933 480 1030 534 καί
1088 481 1461 550 χειμὰρῤους.
1492 483 1572 535 Τά
1604 484 1662 535 ὲν
1688 484 1745 550 τῇ

1929 483 2016 536 15.
2045 481 2124 536 Τιι
2156 479 2406 548 dirupisti
2431 479 2599 548 fontes
2629 486 2678 532 et
2715 486 2988 532 torrentes.
3047 475 3315 548 Loquitur
3346 479 3413 532 de

195 575 376 645 ἐρήμῳ
400 573 582 642 φησὶν,
608 573 694 625 ὅτε
731 573 946 627 ὲπότισε
989 573 1080 626 τὸν
1111 572 1237 626 λαὸν
1293 576 1356 626 ὲκ
1414 575 1638 642 πέτρας.
1671 574 1754 627 Σὺ

190 665 480 733 ἑξιῖρανας
530 666 831 734 ποταμοὺς
895 665 1090 736 Ἠθάμ.
1147 666 1326 738 Ἠθάμ
1392 665 1754 738 ἑρμηνεύεται

191 758 372 820 νότος·
415 757 498 818 εἰς
525 756 672 810 νότον
733 757 842 828 γὰρ
893 757 993 828 τῆς
1037 758 1301 812 Ἰουδαίων
1322 758 1504 830 χώρας
1559 759 1588 811 6
1627 757 1756 827 Ἰορ-

189 847 342 915 δάνης
366 850 562 902 κεῖται.

256 937 335 1004 Eri
362 939 532 992 ἐστιν
563 940 600 1007 ἡ
631 937 820 1007 ἡμέρα
845 940 940 996 καί
963 939 1046 1008 σὴ
1070 941 1108 1009 ἡ
1139 939 1274 1004 νύξ.
1293 940 1366 993 Οὐ
1403 938 1580 1010 μόνον,
1601 955 1753 1008 φησι,

191 1028 290 1081 τῶν
316 1031 370 1081 ὲν
421 1029 656 1100 Ἐρυθρᾷ
683 1029 929 1096 θαλάσσῃ
953 1031 1050 1085 καὶ
1083 1029 1188 1082 τῶν
1237 1032 1294 1083 ὲν
1319 1031 1384 1099 τῇ
1424 1030 1616 1100 ἐρήμῳ
1659 1027 1722 1096 γέ
1748 1059 1752 1064 -

189 1135 340 1185 γονας
387 1119 544 1189 ἡμῶν
593 1121 842 1190 χορηγός·
871 1120 1008 1174 ἀλλά
1055 1122 1147 1174 καὶ
1205 1120 1477 1190 σύμπαντι
1525 1119 1632 1171 τῶν
1661 1119 1755 1170 ἀν-

189 1208 409 1281 θρώπων
437 1211 581 1278 γένει
615 1210 834 1279 ἀγαθῶν
858 1212 1150 1283 γεγένησαι
1169 1209 1446 1282 πρόξενος
1468 1209 1624 1262 τοῦτο
1657 1209 1754 1278 μὲν

188 1305 386 1374 ἡμέραν
416 1304 510 1356 καὶ
544 1304 715 1357 νύκτα
743 1304 1177 1376 δημιουργήσας,
1214 1303 1368 1358 τοῦτο
1391 1304 1448 1357 δὲ
1477 1303 1628 1374 ἥλιον
1659 1302 1754 1355 καὶ

188 1398 424 1468 σελήνην,
459 1398 616 1450 τοῦτο
639 1399 696 1451 δὲ
729 1398 882 1470 θέρος
902 1400 996 1452 καὶ
1019 1399 1142 1470 ἔαρ,
1171 1398 1328 1452 τοῦτο
1353 1399 1408 1452 δὲ
1431 1398 1608 1469 πήξας
1630 1397 1753 1465 ὅρια

185 1491 237 1540 ὲν
262 1492 324 1560 τῇ
356 1492 444 1559 γῇ.
478 1489 663 1542 Ταῦτα
688 1491 744 1544 δὲ
767 1490 860 1544 νῦν
896 1508 1026 1561 φησι
1056 1492 1151 1544 καὶ
1180 1492 1260 1554 εἰς
1297 1490 1396 1562 τὴν
1419 1489 1513 1544 νῦν
1541 1492 1754 1542 ἐπικου-

187 1584 298 1651 ρίαν
325 1584 482 1637 αὑτὸν
515 1583 965 1654 ἐπικαλούμενος.
1002 1585 1092 1636 Διό
1122 1602 1272 1656 φησι·
1306 1585 1588 1656 Μνήσθητι
1619 1584 1753 1637 ταύ-

183 1691 273 1744 της
304 1675 397 1744 τῆς
420 1673 654 1738 κτίσεώς
693 1692 806 1728 σου.
833 1676 895 1727 Εἰ
926 1675 1010 1728 διὰ
1042 1676 1167 1740 τοὺς
1220 1675 1558 1747 ἀνθρώπους,
1595 1677 1748 1748 φησὶ,

182 1763 270 1834 τὴν
296 1764 465 1817 κτίσιν
486 1765 776 1835 ἐποίησας,
836 1766 1119 1837 παράσχου
1185 1765 1280 1838 τὴν
1318 1768 1632 1838 ἐπικουρίαν
1682 1769 1749 1820 δι’

179 1855 262 1919 οὓς
292 1859 322 1926 ἡ
351 1855 524 1920 κτίσις
548 1856 783 1924 ἐγένετο.

239 1947 550 2016 Μνήσθητι
580 1949 820 2016 ταύτης,
854 1952 888 2003 ὁ
935 1948 1148 2018 ἐχθρὸς
1193 1948 1468 2004 ὠνείδισέ
1496 1965 1590 2015 σε,
1635 1950 1748 2004 Κύ-

177 2057 274 2105 ριε.
309 2041 810 2112 Ἑπικαλεσαμένου
850 2041 937 2094 διὰ
972 2042 1068 2112 τῆς
1093 2042 1322 2106 κτίσεως
1348 2044 1426 2105 εἰς
1452 2037 1629 2095 οἶκτον
1653 2041 1747 2095 τοῦ

178 2130 292 2183 λαοῦ
329 2133 419 2184 τὸν
442 2132 602 2185 Θεόν·
635 2133 797 2186 πάλιν
827 2133 1000 2204 ἑτέρῳ
1026 2133 1214 2204 τρόπῳ
1251 2133 1412 2186 αὐτὸν
1445 2135 1525 2196 εἰς
1570 2128 1748 2187 οἶκτον

178 2220 521 2276 ἐπικαλεῖται.
569 2217 737 2286 Οὗτος
779 2223 838 2276 δέ
869 2226 1016 2276 ἐστιν
1067 2226 1096 2276 6
1123 2224 1322 2296 τρόπος
1354 2224 1414 2277 τὸ
1453 2225 1595 2295 μέγα
1623 2241 1749 2297 φρο-

175 2314 273 2363 νεῖν
324 2313 413 2365 τὸν
467 2312 687 2383 ἐχθρόν.
743 2313 853 2367 Καὶ
889 2311 1040 2378 λαὸς
1091 2312 1295 2382 ἄφρων
1339 2312 1653 2381 παρώξυνε
1681 2313 1748 2367 τὸ

175 2402 344 2473 όνομί
373 2421 513 2460 σου.
548 2407 689 2476 Ὅρα
746 2405 907 2459 πάλιν
950 2405 1135 2476 ἕτερον
1190 2406 1475 2478 οἰκτιρμοῦ
1525 2407 1745 2478 τρόπον,

171 2493 250 2546 δὲ
281 2496 335 2548 τὺ
361 2498 487 2560 τοὺς
510 2495 742 2566 ἐχθροὺς
775 2493 1073 2567 παροξῦναι
1121 2495 1181 2549 τὸ
1201 2495 1369 2567 ὄνομα
1393 2496 1578 2550 αὐτοῦ.

234 2673 326 2745 Μὴ
356 2672 642 2742 παραδῷς
667 2673 791 2740 τοῖς
833 2672 1057 2742 θηρίοις
1094 2672 1307 2743 ψυχὴν
1351 2673 1747 2745 ἐξομολογου-

171 2765 345 2834 μένην
371 2783 491 2821 σοι.
527 2766 877 2820 Ἐπανέτεινε
915 2766 1005 2820 τὸν
1033 2765 1232 2838 τρόπον
1275 2764 1384 2819 τῶν
1421 2767 1742 2838 οἰκτιρμῶν,

171 2854 323 2926 θηρία
350 2857 476 2921 τοὺς
509 2856 742 2928 ἐχθροὺς
771 2857 1135 2920 ἀποκαλέσας·
1177 2857 1252 2922 ὡς
1298 2858 1519 2928 ἔχοντάς
1540 2877 1592 2912 τι
1620 2859 1746 2924 τοὺς

171 2949 552 3021 ἡμαρτηκότας
608 2949 934 3020 συγγνώμης
987 2951 1074 3004 διά
1135 2951 1235 3020 τῆς
1285 2950 1740 3023 ἐξομολογήσεως.

169 3036 325 3090 Τοῦτο
385 3039 442 3091 δὲ
513 3037 735 3108 εὔχεται
802 3039 876 3110 μὴ
940 3039 1256 3112 ὁμοτρόπως
1309 3039 1604 3094 ἀπολέσθαι
1651 3041 1743 3096 τὸν

179 3125 404 3198 Ἰσραὴλ,
430 3127 460 3180 ὂ
501 3127 720 3195 γέγονε.
770 3127 969 3181 Πολλαὶ
997 3131 1106 3200 γὰρ
1132 3131 1225 3182 καὶ
1259 3129 1367 3182 τῶν
1396 3131 1742 3202 σταυρωσάνο

169 3232 264 3272 tm
292 3219 553 3290 μυριάδες
579 3218 924 3283 ἐπίστευσαν,
958 3221 1049 3273 καὶ
1083 3220 1385 3288 ἐσώθησαν.

241 3310 611 3379 Ἐπίϐλεψον
635 3313 723 3376 εἰς
747 3299 862 3379 τὴν
885 3311 1179 3379 διαθήκην
1207 3326 1344 3366 σου.
1385 3313 1612 3384 Ἕτερος
1647 3313 1744 3366 πά-

167 3401 241 3453 λιν
263 3402 552 3474 οἰκτιρμοῦ
612 3401 830 3474 τρόποςο
862 3402 952 3471 ἀφ’
980 3395 1054 3454 ὧν
1099 3402 1207 3474 γὰρ
1248 3403 1448 3469 ἀγαθὸς
1495 3405 1623 3475 περὶ
1648 3405 1744 3457 αὐ-

167 3496 281 3557 τοὺς
315 3496 537 3562 ἐγένετο
584 3494 899 3564 διαθέμενος
935 3493 1200 3565 διαθήκην
1231 3495 1434 3558 αὐτοῖς,
1467 3495 1576 3548 ἀπὺ
1622 3494 1745 3548 τού-

166 3600 262 3637 των
294 3585 641 3638 ἐπισπῶνται
686 3584 777 3637 τὸν
834 3584 1001 3637 ἔλεον.
1059 3585 1188 3639 ’Ότι
1219 3584 1656 3653 ἐπληρώθησαν
1687 3589 1742 3640 οι

166 3675 576 3746 ὲσιιοτισμένοι
631 3674 742 3743 τῆς
790 3675 903 3745 γῆς
949 3676 1130 3729 οἴκων
1157 3675 1441 3746 ἀνομιῶν.
1481 3679 1548 3730 Ὃ
1591 3677 1740 3746 λέγει

167 3765 391 3820 τοιοῦτόν
445 3769 620 3822 ἐστιν’
665 3769 728 3820 Εἰ
782 3768 875 3821 καὶ
905 3767 1130 3838 πλήρεις
1185 3769 1408 3832 σκότους
1457 3770 1742 3837 γεγόνασιν

167 3853 294 3911 οἶκοι
324 3860 508 3913 πολλοὶ
529 3858 622 3911 διά
645 3858 743 3922 τὰς
770 3861 848 3921 εἰς
882 3859 960 3923 σε,
989 3858 1182 3930 Κύριε,
1218 3861 1589 3931 γεγενημένας
1611 3861 1740 3930 παρ’

169 3948 332 4002 αὐτῶν
366 3950 624 4020 ἀνομίας·
663 3948 798 4001 ἀλλὰ
841 3949 915 4019 μὴ
965 3951 1071 4013 πᾶς
1131 3953 1160 4003 ὁ
1218 3950 1346 4014 λαὸς
1393 3952 1739 4023 ἀποστραφῇ,

173 4042 293 4112 μηδὲ
322 4043 559 4116 αὶηύνῃ
586 4041 886 4113 παραδοθῇ.
919 4038 1075 4111 Εἶχον
1114 4043 1221 4113 γάρ
1249 4061 1392 4107 τινες
1434 4047 1491 4097 ὲν
1531 4047 1741 4108 ἑαυτοῖς

172 4135 431 4205 σωτηρίας
455 4134 671 4196 ἐλπίδα,
726 4135 774 4186 οἳ
817 4135 910 4186 καὶ
948 4134 1035 4186 διὰ
1063 4135 1169 4187 τῶν
1200 4136 1509 4189 ἀποστόλων
1535 4137 1742 4208 ἐσώθη-

174 4240 278 4284 σαν,
311 4227 403 4278 καὶ
423 4225 662 4294 μάλιστα
692 4225 778 4277 διὰ
795 4225 1000 4296 Πέτρου
1022 4227 1078 4278 ὲν
1109 4229 1226 4289 ταῖς
1251 4225 1742 4298 πρώταιςδημηγο-

173 4313 322 4381 ρίαις,
351 4315 426 4379 ὡς
457 4310 601 4368 κατᾶ
632 4315 966 4386 τρισχιλίους
1013 4315 1109 4369 καὶ
1133 4317 1612 4387 πεντακισχιλίους
1649 4319 1740 4372 καὶ

173 4407 418 4476 μυριάδας
448 4408 648 4470 αὐτοὺς
671 4407 943 4474 γενέσθαι.

234 4579 508 4651 [Πτωχὸς
559 4583 655 4635 καὶ
701 4582 891 4650 πένης
926 4583 1240 4637 αἰνέοόυσι
1269 4587 1334 4638 τὸ
1366 4586 1554 4656 ὄνομά
1598 4604 1736 4644 σου.

170 4670 465 4736 Σωθέντων,
534 4674 690 4744 φησι,
736 4673 846 4725 τῶν
889 4674 1160 4744 σωτηρίας
1217 4675 1402 4738 ἀξίων,
1451 4680 1479 4729 6
1529 4682 1740 4750 πτωχὸς

172 4760 450 4829 πνεύματι,
473 4761 752 4814 τουτέστιν
783 4763 812 4814 6
845 4761 948 4814 τῶν
1002 4761 1315 4814 ἀποστόλων
1377 4765 1556 4836 χορὸς,
1600 4767 1738 4820 κατά

168 4852 241 4911 τό,
269 4855 555 4923 Μακάριοι
585 4858 639 4908 οἱ
667 4853 890 4921 πτωχοὶ
927 4852 1023 4918 τῴο
1039 4856 1349 4924 πνεύματι,
1372 4857 1468 4920 τάς
1493 4875 1572 4911 σοι
1610 4877 1740 4930 πρε-

173 4945 362 5010 πούσας
392 4947 776 5017 ἀναπέμπουσι
799 4945 1150 5018 δοξολογίας.]
1573 5003 1578 5006 .

245 5039 513 5101 Ἀνάστα,
554 5043 585 5093 ό
612 5040 778 5104 Θεὸς,
811 5039 1066 5093 δίκασον
1098 5041 1212 5108 τὴν
1264 5042 1443 5110 δίκην
1480 5058 1614 5097 σου.
1647 5044 1741 5107 Εἰς

171 5131 261 5198 τ’ςν
292 5131 395 5184 τῶν
425 5132 944 5202 ἀπατησάντωντὸν
990 5133 1117 5185 λαὸν
1159 5135 1428 5205 τιμωρίαν
1486 5137 1740 5188 ἱκετεύων

171 5217 457 5289 διανίστησι
488 5221 575 5273 τὸν
593 5220 744 5273 Θεόν.
764 5221 1074 5287 Μνήσθητι
1100 5223 1204 5276 τοῦ
1231 5223 1574 5293 ὁνειδισμοῦ
1601 5242 1733 5280 σου.

175 5308 328 5362 Πάλιν
359 5309 448 5362 διά
487 5310 579 5362 τοῦ
616 5311 778 5364 αὐτὸν
813 5312 1162 5376 ὀνειδίζεσθαι
1205 5315 1284 5377 εἰς
1334 5309 1512 5367 οἶκτον
1545 5317 1738 5369 ἐπικα-

171 5396 331 5451 λεῖται
352 5400 444 5452 τὸν
485 5401 636 5456 Θεόν.

172 5486 269 5552 Εἰς
331 5487 396 5542 τό
468 5491 676 5558 τέλος,
748 5493 834 5561 μὴ
906 5493 1288 5562 διαφθείρῃς,

692 5587 1017 5640 ΨΑΛΜΟΣ.
1075 5590 1193 5639 ΟΔ⁹.

782 5675 1102 5742 Ὑπόθεσις.

186 5757 265 5810 Ἐν
299 5762 467 5820 τοῦτο)
509 5765 563 5818 τὸ
589 5768 874 5829 πρόσωπον
925 5767 1027 5820 τῶν
1062 5769 1370 5824 ἀποστόλων
1406 5772 1734 5841 εἰσφέρεται,

1371 5495 1449 5561 τῷ
1533 5498 1734 5567 Ἀσάφ.

1856 574 2022 643 gestis
2059 574 2113 626 in
2154 571 2390 632 deserto,
2422 569 2638 638 quando
2691 570 2949 638 pOpulum
2991 583 3054 622 ex
3086 574 3237 636 petra
3267 577 3423 638 pota-

1855 665 1953 718 vit.
1981 662 2059 716 Tu
2082 661 2296 715 siccasti
2325 660 2513 729 ﬂuvios
2545 658 2757 713 Etlzam.
2809 659 3000 713 Eth‘am
3040 659 3426 730 interpretatur

1856 768 2070 822 auster;
2099 773 2223 811 nam
2250 757 2314 810 ad
2340 767 2584 810 austrum
2619 753 2929 810 Iudaeorum
2959 753 3198 824 regionis
3236 750 3425 806 Jorda-

1855 853 1941 908 nis
1961 852 2098 907 situs
2134 860 2234 905 est.

1927 941 2014 1002 16.
2045 941 2131 994 17.
2167 939 2306 994 Tuus
2341 949 2414 993 est
2439 938 2548 992 dies
2588 945 2636 991 et
2671 947 2761 990 tua
2804 945 2881 991 est
2926 949 3051 989 nox.
3098 931 3212 987 Non
3242 933 3415 989 solum

1857 1033 2053 1102 inquit,
2088 1033 2142 1086 in
2179 1031 2314 1086 mari
2341 1029 2526 1084 Rubro
2556 1039 2610 1082 et
2664 1029 2716 1082 in
2765 1029 2982 1082 deserto
3022 1028 3159 1081 bona
3195 1025 3418 1094 largitus

1857 1146 1915 1184 es
1955 1129 2148 1193 nobis;
2195 1127 2288 1183 sed
2335 1126 2497 1181 etiam
2549 1124 2646 1178 toti
2696 1121 2974 1176 hominum
3032 1120 3213 1191 generi
3276 1119 3417 1173 bona

1855 1220 2048 1274 tribuis
2077 1238 2088 1273 :
2131 1219 2244 1273 sive
2266 1217 2408 1272 diem
2439 1225 2602 1285 atque
2638 1221 2875 1277 noctem,
2923 1213 3037 1266 sive
3060 1211 3229 1265 solem
3267 1218 3320 1263 et
3344 1209 3420 1262 lu-

1855 1326 1979 1365 nam
2004 1310 2278 1376 condens;
2339 1308 2453 1364 sive
2500 1317 2764 1369 azstatem,
2801 1315 2854 1359 et
2890 1317 3114 1356 vernum
3167 1310 3416 1370 tempus,

1854 1401 1967 1455 sive
1992 1401 2254 1455 terminos
2285 1400 2338 1454 in
2375 1410 2517 1454 terra
2540 1398 2898 1454 constituens.
2927 1393 3040 1448 Hoc
3065 1403 3245 1447 autem
3275 1405 3420 1444 nunc

1853 1495 2016 1550 aitad
2051 1508 2285 1564 praesens
2311 1491 2573 1545 auxilium
2635 1504 2887 1544 evocans.
2921 1487 3100 1553 Quare
3131 1486 3206 1540 ait
3242 1505 3253 1540 :
3311 1482 3421 1536 Me-

1853 1604 1972 1642 mor
1991 1596 2111 1642 esto
2158 1584 2385 1656 hujusce
2428 1591 2690 1638 creaturae
2715 1589 2842 1634 tuae.
2894 1579 2948 1633 Si
2982 1587 3201 1648 propter
3243 1575 3418 1630 homi-

1853 1695 1968 1744 nes,
1997 1677 2194 1746 inquit,
2251 1682 2530 1730 ereaturas
2568 1669 2882 1733 condidisti,
2931 1667 3109 1738 praebe
3153 1665 3416 1720 auxilium

1852 1773 1919 1827 iis
1949 1785 2180 1841 quorum
2216 1783 2381 1825 causa
2414 1774 2678 1823 creaturae
2703 1763 2932 1819 conditae
2963 1769 3107 1817 sunt.

1922 1950 2008 2005 18.
2047 1950 2247 2006 Memor
2272 1957 2379 2003 esto
2402 1947 2580 2016 hujus,
2607 1947 2852 1999 inimicus
2893 1943 3262 2014 improperavit
3300 1942 3414 2007 tibi,

1848 2043 2091 2099 Domine.
2124 2040 2417 2109 Postquam
2481 2055 2576 2107 per
2607 2045 2869 2092 creaturae
2903 2043 3106 2089 statum
3160 2034 3226 2088 ad
3255 2034 3418 2088 mise-

1848 2135 2111 2190 rationem
2135 2131 2316 2202 populi
2355 2129 2520 2182 Deum
2551 2127 2818 2191 evocavit,
2848 2126 2956 2180 alio
2989 2141 3205 2180 rursum
3253 2125 3416 2179 modo

1847 2226 1912 2280 ad
1970 2223 2401 2279 misericordiam
2465 2227 2645 2274 vocat.
2686 2218 2786 2274 Hic
2849 2227 3032 2272 autem
3090 2217 3286 2272 modus
3334 2229 3417 2272 est

1846 2317 1990 2388 quod
2018 2314 2271 2369 inimicus
2328 2311 2612 2383 magniﬁce
2664 2310 2881 2367 sentiat.
2919 2307 2985 2362 Et
3035 2307 3258 2378 populus
3283 2309 3415 2360 insi-

1843 2407 2257 2481 piensincitavit
2312 2421 2498 2459 nomen
2561 2413 2730 2458 tuum.
2790 2400 2924 2455 Vide
2978 2416 3198 2456 rursum
3252 2399 3412 2454 aliam

1846 2495 2340 2553 commiserationis
2367 2495 2656 2556 rationem,
2695 2493 2823 2563 quia
2859 2492 3064 2548 scilicet
3091 2489 3297 2544 inimici
3327 2489 3415 2543 in-

1844 2588 2081 2641 citarunt
2107 2599 2303 2639 nomen
2336 2584 2475 2653 ejus.

1918 2676 2004 2730 19.
2039 2674 2122 2729 Ne
2177 2674 2362 2727 tradas
2417 2672 2594 2727 bestiis
2640 2672 2875 2726 animam
2918 2671 3244 2741 conﬁtentem
3295 2667 3409 2721 tibi.

1844 2767 2102 2823 Extendit
2157 2764 2656 2820 eommiserationis
2713 2779 2960 2830 causam,
3012 2762 3264 2816 inimicos
3311 2776 3411 2814 vo-

1844 2875 1980 2926 cans.
1996 2857 2220 2913 bestias.
2256 2855 2393 2923 Quia
2433 2857 2524 2927 qui
2559 2865 2856 2926 peccarunt
2887 2871 2983 2926 per
3010 2852 3410 2909 confessionem

1842 2952 2055 3008 veniam
2079 2957 2506 3020 consequuntur.
2531 2947 2707 3018 Rogat
2729 2956 2908 3001 autem
2937 2957 2996 3002 ut
3019 2953 3086 3001 ne
3109 2944 3223 3014 pari
3251 2945 3413 2998 modo

1843 3045 2021 3100 omnis
2056 3041 2222 3099 Israel
2246 3050 2448 3112 pereat,
2477 3040 2622 3112 quod
2652 3040 2816 3094 etiam
2845 3038 3046 3094 factum
3073 3047 3178 3092 est.
3234 3035 3413 3090 Multa:

1845 3151 2078 3205 namque
2126 3133 2396 3205 myriades
2441 3146 2632 3187 eorum
2662 3131 2755 3201 qui
2810 3130 3088 3185 Christum
3125 3129 3413 3184 crucitixe-

1843 3234 1992 3289 runt,
2013 3234 2197 3295 postea
2227 3223 2576 3278 crediderunt
2594 3228 2648 3276 et
2671 3221 2898 3275 salutem
2931 3228 3237 3276 consecutae
3263 3231 3408 3275 sunt.

1911 3318 2001 3372 20.
2035 3317 2250 3387 Ῑίεδρὶοε
2300 3317 2354 3369 in
2391 3324 2756 3368 testamentum
2803 3325 2970 3367 tuum.
3007 3312 3159 3369 Alius
3214 3312 3410 3368 iterum

1843 3405 2335 3478 commiserationis
2381 3403 2580 3458 modus
2609 3403 2852 3466 aiiertur,
2888 3403 3036 3474 quod
3065 3403 3210 3458 enim
3270 3401 3412 3458 Deus

1843 3513 1970 3566 erga
1998 3496 2120 3552 illos
2173 3496 2353 3550 bonus
2394 3502 2447 3550 et
2502 3495 2742 3550 clemens
2792 3493 2974 3560 fuerit,
3028 3502 3410 3550 testamentum

1842 3587 1979 3641 dans
2002 3586 2133 3650 illis,
2167 3586 2296 3639 hinc
2317 3573 2742 3640 misericordiam
2771 3585 2872 3639 sibi
2919 3587 3192 3640 attrahere
3213 3600 3416 3640 conan-

1843 3687 1952 3732 tur.
1987 3669 2128 3743 Q'uia
2155 3676 2338 3746 repleti
2394 3685 2516 3729 sunt
2543 3676 2633 3746 qui
2661 3670 2937 3730 °obscurati
2965 3686 3086 3729 sunt
3138 3684 3291 3730 terra:
3317 3677 3414 3730 do-

1843 3771 2009 3825 mibus
2041 3770 2403 3839 im‘quitatum.
2437 3767 2592 3834 Quod
2632 3767 2706 3822 ait
2731 3768 2998 3837 ejusmodi
3031 3775 3150 3822 est:
3187 3767 3411 3824 Etiamsi

1844 3862 2027 3916 multae
2075 3860 2273 3916 domus
2298 3860 2368 3914 ob
2396 3859 2736 3929 iniquitatem
2771 3873 2898 3931 erga
2924 3867 2977 3913 te
3019 3860 3281 3928 ipsarum,
3333 3869 3416 3914 te-

1842 3952 2026 4008 nebris
2054 3952 2225 4021 plenae
2256 3950 2499 4005 fuerunt:
2561 3959 2617 4005 at
2651 3964 2837 4019 quteso
2878 3964 2946 4005 ne
2974 3950 3153 4005 omnis
3180 3951 3412 4019 populus

1842 4044 2150 4114 abjiciatur,
2203 4051 2259 4097 et
2304 4040 2543 4097 infamiae
2591 4042 2860 4096 tradatur.
2898 4039 3221 4095 Habuerunt
3264 4043 3409 4095 enim

1841 4133 2061 4204 quidam
2089 4133 2143 4186 in
2170 4133 2364 4202 seipsis
2391 4147 2542 4202 spem
2578 4131 2794 4208 salutis,
2830 4131 2925 4200 qui
2979 4130 3143 4184 etiam
3195 4141 3414 4200 aposto-

1842 4223 2020 4276 lorum
2051 4235 2216 4292 opera
2270 4223 2500 4277 salutem
2551 4219 2697 4275 nacti
2743 4227 2870 4274 sunt
2927 4235 2940 4272 :
3002 4218 3244 4274 maxime
3285 4235 3412 4274 vero

1841 4314 2118 4385 prioribus
2168 4311 2314 4366 Petri
2369 4312 2748 4378 concionibus,
2781 4310 2874 4364 ubi
2908 4309 3068 4364 modo
3113 4318 3194 4364 ter
3244 4311 3410 4375 mille,

1841 4405 2006 4460 modo
2039 4405 2332 4475 quinquies
2361 4404 2526 4471 mille,
2551 4404 2714 4458 modo
2741 4401 2905 4456 etiam
2931 4401 3201 4472 myriades
3231 4417 3413 4456 acces-

1769 4508 1814 4562 ι)
1840 4510 1958 4550 sere
1982 4495 2047 4549 ad
2087 4495 2267 4549 iidem.

1913 4585 2036 4658 [21.
2093 4585 2305 4654 Pauper
2347 4595 2395 4640 et
2443 4587 2590 4654 inops
2644 4587 2937 4642 laudabunt
2989 4603 3176 4642 nomen
3239 4595 3410 4641 tuum.

1841 4679 2160 4749 Postquam,
2221 4679 2418 4747 inquit,
2480 4679 2709 4733 salutem
2740 4682 3020 4735 consecuti
3065 4689 3194 4735 sunt
3218 4679 3308 4749 qui
3345 4695 3408 4732 ea

1839 4769 1988 4839 digni
2023 4777 2172 4834 sunt,
2233 4783 2440 4838 pauper
2495 4770 2719 4838 spiritu,
2769 4771 2980 4827 scilicet
3035 4773 3409 4842 apostolorum

1839 4861 2075 4927 chorus,
2115 4860 2417 4915 secundum
2443 4860 2597 4926 illud,
2649 4862 2806 4916 Beati
2852 4880 3104 4934 pauperes
3126 4865 3319 4932 spiritu
3341 4865 3410 4929 ⁶¹,

1838 4959 2198 5019 congruentes
2228 4950 2322 5005 tibi
2353 4951 2543 5006 laudes
2563 4952 2808 5024 emittit.]

1907 5040 1996 5094 22.
2046 5039 2304 5113 Exsurge,
2362 5041 2525 5109 Deus,
2584 5043 2776 5113 judica
2827 5063 3046 5101 causam
3087 5056 3254 5101 tuam.
3297 5047 3412 5102 Hac

1839 5133 2236 5202 supplicatione
2289 5133 2457 5188 Deum
2499 5135 2703 5190 excitat
2749 5137 2813 5208 ad
2870 5139 3198 5209 supplicium
3244 5140 3310 5192 de
3343 5139 3409 5192 iis

1840 5223 2160 5278 sumendum
2191 5224 2285 5294 qui
2351 5227 2609 5294 populum
2659 5227 3010 5298 deceperunt.
3069 5229 3270 5283 Memor
3299 5243 3409 5284 esto

1839 5316 2142 5384 improperii
2196 5316 2292 5369 tui.
2357 5315 2595 5371 Rursum
2650 5319 2778 5387 quia
2857 5320 2972 5389 ipse
3013 5321 3410 5389 impmperatus

1841 5405 1942 5459 fuit
1970 5408 2035 5460 ad
2071 5408 2498 5463 misericordiam
2535 5407 2703 5463 Deum
2734 5420 2911 5465 vocat.

1843 5499 1890 5550 1.
1927 5496 1994 5550 In
2045 5498 2225 5566 ﬁnem,
2281 5516 2340 5552 ne
2413 5517 2739 5568 corrumpas.
2813 5500 3152 5556 PSkiLMUS
3206 5502 3404 5571 Asuph.

2489 5591 2676 5645 LXXI
2695 5592 2752 5646 V.

2412 5684 2810 5754 Argumentum.

1841 5773 1897 5828 In
1956 5774 2060 5830 hoc
2102 5775 2314 5846 psalmo
2365 5791 2595 5846 persona
2665 5777 3037 5846 apostolorum
3096 5778 3406 5838 inducitur,
