  <div class='ocr_page' id='page_1' title='image "/cluster/home/n/w/nwhite01/storage/ocr_20150623/27/nnc1.0046978631/183.png"; bbox 0 0 3872 6216; ppageno 0'>
   <div class='ocr_carea' id='block_1_1' title="bbox 427 323 534 406">
    <p class='ocr_par' dir='ltr' id='par_1_1' title="bbox 427 323 534 406">
     <span class='ocr_line' id='line_1_1' title="bbox 427 323 534 406; baseline 0 -26"><span class='ocrx_word' id='word_1_1' title='bbox 427 323 534 406; x_wconf 74' lang='lat' dir='ltr'><strong>sse</strong></span> 
     </span>
    </p>
   </div>
   <div class='ocr_carea' id='block_1_2' title="bbox 498 529 1981 598">
    <p class='ocr_par' dir='ltr' id='par_1_2' title="bbox 498 529 1981 598">
     <span class='ocr_line' id='line_1_2' title="bbox 498 529 1981 598; baseline 0.005 -17"><span class='ocrx_word' id='word_1_2' title='bbox 498 543 562 582; x_wconf 91' lang='lat' dir='ltr'><strong>ac</strong></span> <span class='ocrx_word' id='word_1_3' title='bbox 593 538 990 598; x_wconf 76' lang='lat' dir='ltr'><strong>repraesentans</strong></span> <span class='ocrx_word' id='word_1_4' title='bbox 1024 529 1156 584; x_wconf 87' lang='lat' dir='ltr'><strong>insis</strong></span> <span class='ocrx_word' id='word_1_5' title='bbox 1204 530 1532 585; x_wconf 90' lang='lat' dir='ltr'><strong>horrendum</strong></span> <span class='ocrx_word' id='word_1_6' title='bbox 1587 532 1722 587; x_wconf 90' lang='lat' dir='ltr'><strong>illud</strong></span> <span class='ocrx_word' id='word_1_7' title='bbox 1751 548 1815 588; x_wconf 88' lang='lat' dir='ltr'><strong>ac</strong></span> <span class='ocrx_word' id='word_1_8' title='bbox 1843 534 1981 588; x_wconf 90' lang='lat' dir='ltr'><strong>divi-</strong></span> 
     </span>
    </p>
   </div>
   <div class='ocr_carea' id='block_1_3' title="bbox 493 621 908 674">
    <p class='ocr_par' dir='ltr' id='par_1_3' title="bbox 493 621 908 674">
     <span class='ocr_line' id='line_1_3' title="bbox 493 621 908 674; baseline 0 0"><span class='ocrx_word' id='word_1_9' title='bbox 493 635 626 674; x_wconf 89' lang='lat' dir='ltr'><strong>num</strong></span> <span class='ocrx_word' id='word_1_10' title='bbox 655 621 908 674; x_wconf 78' lang='lat' dir='ltr'><strong>tribunal.</strong></span> 
     </span>
    </p>
   </div>
   <div class='ocr_carea' id='block_1_4' title="bbox 496 708 1985 778">
    <p class='ocr_par' dir='ltr' id='par_1_4' title="bbox 496 708 1985 778">
     <span class='ocr_line' id='line_1_4' title="bbox 496 708 1985 778; baseline 0.006 -17"><span class='ocrx_word' id='word_1_11' title='bbox 496 709 552 772; x_wconf 72' lang='lat'><strong>2,</strong></span> <span class='ocrx_word' id='word_1_12' title='bbox 587 711 639 762; x_wconf 81' lang='grc'><strong>5.</strong></span> <span class='ocrx_word' id='word_1_13' title='bbox 666 709 1041 778; x_wconf 80' lang='lat' dir='ltr'><strong>Conﬁtebimur</strong></span> <span class='ocrx_word' id='word_1_14' title='bbox 1064 710 1182 777; x_wconf 87' lang='lat' dir='ltr'><strong>tibi,</strong></span> <span class='ocrx_word' id='word_1_15' title='bbox 1217 708 1355 763; x_wconf 89' lang='lat' dir='ltr'><strong>Deus</strong></span> <span class='ocrx_word' id='word_1_16' title='bbox 1380 751 1394 766; x_wconf 95' lang='lat'><strong>.</strong></span> <span class='ocrx_word' id='word_1_17' title='bbox 1431 753 1444 766; x_wconf 92' lang='lat'><strong>.</strong></span> <span class='ocrx_word' id='word_1_18' title='bbox 1483 752 1495 764; x_wconf 97' lang='lat'><strong>.</strong></span> <span class='ocrx_word' id='word_1_19' title='bbox 1534 711 1781 768; x_wconf 87' lang='lat' dir='ltr'><strong>Narrabo</strong></span> <span class='ocrx_word' id='word_1_20' title='bbox 1811 717 1985 770; x_wconf 81' lang='lat' dir='ltr'><strong>omnia</strong></span> 
     </span>
    </p>
   </div>
   <div class='ocr_carea' id='block_1_5' title="bbox 427 801 1988 876">
    <p class='ocr_par' dir='ltr' id='par_1_5' title="bbox 427 801 1988 876">
     <span class='ocr_line' id='line_1_5' title="bbox 427 801 1988 876; baseline 0.004 -23"><span class='ocrx_word' id='word_1_21' title='bbox 427 801 694 854; x_wconf 75' lang='lat' dir='ltr'><strong>mirabilia</strong></span> <span class='ocrx_word' id='word_1_22' title='bbox 724 811 835 854; x_wconf 87' lang='lat' dir='ltr'><strong>tua.</strong></span> <span class='ocrx_word' id='word_1_23' title='bbox 867 802 962 856; x_wconf 89' lang='lat' dir='ltr'><strong>Dei</strong></span> <span class='ocrx_word' id='word_1_24' title='bbox 1013 801 1284 856; x_wconf 82' lang='lat' dir='ltr'><strong>mirabilia</strong></span> <span class='ocrx_word' id='word_1_25' title='bbox 1313 813 1693 858; x_wconf 88' lang='lat' dir='ltr'><strong>enarraturum</strong></span> <span class='ocrx_word' id='word_1_26' title='bbox 1739 821 1796 860; x_wconf 91' lang='lat' dir='ltr'><strong>se</strong></span> <span class='ocrx_word' id='word_1_27' title='bbox 1831 807 1988 876; x_wconf 90' lang='lat' dir='ltr'><strong>polli-</strong></span> 
     </span>
    </p>
   </div>
   <div class='ocr_carea' id='block_1_6' title="bbox 425 893 1984 966">
    <p class='ocr_par' dir='ltr' id='par_1_6' title="bbox 425 893 1984 966">
     <span class='ocr_line' id='line_1_6' title="bbox 425 893 1984 966; baseline 0.004 -21"><span class='ocrx_word' id='word_1_28' title='bbox 425 902 578 945; x_wconf 90' lang='lat' dir='ltr'><strong>cetur</strong></span> <span class='ocrx_word' id='word_1_29' title='bbox 604 893 933 961; x_wconf 76' lang='lat' dir='ltr'><strong>apostolicus</strong></span> <span class='ocrx_word' id='word_1_30' title='bbox 957 895 1156 948; x_wconf 89' lang='lat' dir='ltr'><strong>chorus</strong></span> <span class='ocrx_word' id='word_1_31' title='bbox 1179 910 1210 949; x_wconf 91' lang='lat' dir='ltr'><strong>a</strong></span> <span class='ocrx_word' id='word_1_32' title='bbox 1237 896 1684 966; x_wconf 65' lang='lat' dir='ltr'><strong>persequentibus</strong></span> <span class='ocrx_word' id='word_1_33' title='bbox 1705 898 1984 954; x_wconf 86' lang='lat' dir='ltr'><strong>liberatus.</strong></span> 
     </span>
    </p>
   </div>
   <div class='ocr_carea' id='block_1_7' title="bbox 425 967 1986 1060">
    <p class='ocr_par' dir='ltr' id='par_1_7' title="bbox 425 967 1986 1060">
     <span class='ocr_line' id='line_1_7' title="bbox 425 967 1986 1060; baseline 0.008 -27"><span class='ocrx_word' id='word_1_34' title='bbox 425 979 538 1050; x_wconf 85' lang='lat' dir='ltr'><strong>Ego</strong></span> <span class='ocrx_word' id='word_1_35' title='bbox 561 983 802 1049; x_wconf 83' lang='lat' dir='ltr'><strong>justitias</strong></span> <span class='ocrx_word' id='word_1_36' title='bbox 822 984 1096 1052; x_wconf 86' lang='lat' dir='ltr'><strong>judicabo.</strong></span> <span class='ocrx_word' id='word_1_37' title='bbox 1130 967 1256 1050; x_wconf 66' lang='lat' dir='ltr'><strong>Haec</strong></span> <span class='ocrx_word' id='word_1_38' title='bbox 1281 986 1356 1040; x_wconf 90' lang='lat' dir='ltr'><strong>ait</strong></span> <span class='ocrx_word' id='word_1_39' title='bbox 1383 986 1628 1054; x_wconf 77' lang='lat' dir='ltr'><strong>salvator</strong></span> <span class='ocrx_word' id='word_1_40' title='bbox 1656 993 1986 1060; x_wconf 88' lang='lat' dir='ltr'><strong>respondens</strong></span> 
     </span>
    </p>
   </div>
   <div class='ocr_carea' id='block_1_8' title="bbox 422 1073 1000 1141">
    <p class='ocr_par' dir='ltr' id='par_1_8' title="bbox 422 1073 1000 1141">
     <span class='ocr_line' id='line_1_8' title="bbox 422 1073 1000 1141; baseline 0.01 -17"><span class='ocrx_word' id='word_1_41' title='bbox 422 1085 608 1124; x_wconf 88' lang='lat' dir='ltr'><strong>eorum</strong></span> <span class='ocrx_word' id='word_1_42' title='bbox 631 1073 1000 1141; x_wconf 82' lang='lat' dir='ltr'><strong>promissioni.</strong></span> 
     </span>
    </p>
   </div>
   <div class='ocr_carea' id='block_1_9' title="bbox 494 1255 1984 1332">
    <p class='ocr_par' dir='ltr' id='par_1_9' title="bbox 494 1255 1984 1332">
     <span class='ocr_line' id='line_1_9' title="bbox 494 1255 1984 1332; baseline 0.006 -22"><span class='ocrx_word' id='word_1_43' title='bbox 494 1257 545 1310; x_wconf 73' lang='grc'>4.</span> <span class='ocrx_word' id='word_1_44' title='bbox 577 1255 886 1327; x_wconf 81' lang='lat' dir='ltr'><strong>Liquefacta</strong></span> <span class='ocrx_word' id='word_1_45' title='bbox 928 1269 1002 1313; x_wconf 89' lang='lat' dir='ltr'><strong>est</strong></span> <span class='ocrx_word' id='word_1_46' title='bbox 1039 1271 1180 1314; x_wconf 88' lang='lat' dir='ltr'><strong>terra</strong></span> <span class='ocrx_word' id='word_1_47' title='bbox 1220 1269 1270 1315; x_wconf 87' lang='lat' dir='ltr'><strong>et</strong></span> <span class='ocrx_word' id='word_1_48' title='bbox 1316 1279 1489 1316; x_wconf 86' lang='lat' dir='ltr'><strong>omnes</strong></span> <span class='ocrx_word' id='word_1_49' title='bbox 1523 1266 1611 1332; x_wconf 96' lang='lat' dir='ltr'><strong>qui</strong></span> <span class='ocrx_word' id='word_1_50' title='bbox 1653 1265 1889 1319; x_wconf 85' lang='lat' dir='ltr'><strong>habitant</strong></span> <span class='ocrx_word' id='word_1_51' title='bbox 1933 1269 1984 1320; x_wconf 87' lang='lat' dir='ltr'><strong>in</strong></span> 
     </span>
    </p>
   </div>
   <div class='ocr_carea' id='block_1_10' title="bbox 422 1349 1984 1424">
    <p class='ocr_par' dir='ltr' id='par_1_10' title="bbox 422 1349 1984 1424">
     <span class='ocr_line' id='line_1_10' title="bbox 422 1349 1984 1424; baseline 0.007 -24"><span class='ocrx_word' id='word_1_52' title='bbox 422 1365 503 1400; x_wconf 86' lang='lat' dir='ltr'><strong>ea.</strong></span> <span class='ocrx_word' id='word_1_53' title='bbox 537 1349 836 1418; x_wconf 86' lang='lat' dir='ltr'><strong>Cumjusta</strong></span> <span class='ocrx_word' id='word_1_54' title='bbox 857 1353 1152 1420; x_wconf 84' lang='lat' dir='ltr'><strong>judicares,</strong></span> <span class='ocrx_word' id='word_1_55' title='bbox 1185 1354 1380 1424; x_wconf 86' lang='lat' dir='ltr'><strong>inquit,</strong></span> <span class='ocrx_word' id='word_1_56' title='bbox 1411 1356 1730 1424; x_wconf 69' lang='lat' dir='ltr'><strong>liquefecisti</strong></span> <span class='ocrx_word' id='word_1_57' title='bbox 1763 1367 1984 1424; x_wconf 75' lang='lat' dir='ltr'><strong>terram,</strong></span> 
     </span>
    </p>
   </div>
   <div class='ocr_carea' id='block_1_11' title="bbox 423 1440 1982 1516">
    <p class='ocr_par' dir='ltr' id='par_1_11' title="bbox 423 1440 1982 1516">
     <span class='ocr_line' id='line_1_11' title="bbox 423 1440 1982 1516; baseline 0.009 -26"><span class='ocrx_word' id='word_1_58' title='bbox 423 1440 670 1495; x_wconf 77' lang='lat' dir='ltr'><strong>videlicet</strong></span> <span class='ocrx_word' id='word_1_59' title='bbox 697 1441 1088 1514; x_wconf 84' lang='lat' dir='ltr'><strong>Jerosolymam</strong></span> <span class='ocrx_word' id='word_1_60' title='bbox 1108 1485 1123 1508; x_wconf 87' lang='lat'><strong>,</strong></span> <span class='ocrx_word' id='word_1_61' title='bbox 1159 1456 1206 1498; x_wconf 88' lang='lat' dir='ltr'><strong>et</strong></span> <span class='ocrx_word' id='word_1_62' title='bbox 1241 1462 1413 1500; x_wconf 83' lang='lat' dir='ltr'><strong>omnes</strong></span> <span class='ocrx_word' id='word_1_63' title='bbox 1438 1449 1526 1516; x_wconf 89' lang='lat' dir='ltr'><strong>qui</strong></span> <span class='ocrx_word' id='word_1_64' title='bbox 1550 1448 1788 1500; x_wconf 84' lang='lat' dir='ltr'><strong>habitant</strong></span> <span class='ocrx_word' id='word_1_65' title='bbox 1817 1451 1871 1500; x_wconf 91' lang='lat' dir='ltr'><strong>in</strong></span> <span class='ocrx_word' id='word_1_66' title='bbox 1901 1465 1982 1505; x_wconf 91' lang='lat' dir='ltr'><strong>ea.</strong></span> 
     </span>
    </p>
   </div>
   <div class='ocr_carea' id='block_1_12' title="bbox 421 1527 1985 1606">
    <p class='ocr_par' dir='ltr' id='par_1_12' title="bbox 421 1527 1985 1606">
     <span class='ocr_line' id='line_1_12' title="bbox 421 1527 1985 1606; baseline 0.006 -24"><span class='ocrx_word' id='word_1_67' title='bbox 421 1527 609 1584; x_wconf 87' lang='lat' dir='ltr'><strong>Potest</strong></span> <span class='ocrx_word' id='word_1_68' title='bbox 633 1539 811 1584; x_wconf 90' lang='lat' dir='ltr'><strong>autem</strong></span> <span class='ocrx_word' id='word_1_69' title='bbox 846 1532 974 1586; x_wconf 89' lang='lat' dir='ltr'><strong>illud</strong></span> <span class='ocrx_word' id='word_1_70' title='bbox 1023 1533 1224 1602; x_wconf 90' lang='lat' dir='ltr'><strong>duplici</strong></span> <span class='ocrx_word' id='word_1_71' title='bbox 1255 1536 1416 1590; x_wconf 87' lang='lat' dir='ltr'><strong>modo</strong></span> <span class='ocrx_word' id='word_1_72' title='bbox 1459 1537 1703 1606; x_wconf 83' lang='lat' dir='ltr'><strong>intelligi,</strong></span> <span class='ocrx_word' id='word_1_73' title='bbox 1739 1545 1897 1606; x_wconf 89' lang='lat' dir='ltr'><strong>atque</strong></span> <span class='ocrx_word' id='word_1_74' title='bbox 1933 1541 1985 1592; x_wconf 91' lang='lat' dir='ltr'><strong>in</strong></span> 
     </span>
    </p>
   </div>
   <div class='ocr_carea' id='block_1_13' title="bbox 425 1620 1988 1694">
    <p class='ocr_par' dir='ltr' id='par_1_13' title="bbox 425 1620 1988 1694">
     <span class='ocr_line' id='line_1_13' title="bbox 425 1620 1988 1694; baseline 0.006 -20"><span class='ocrx_word' id='word_1_75' title='bbox 425 1620 627 1674; x_wconf 84' lang='lat' dir='ltr'><strong>bonam</strong></span> <span class='ocrx_word' id='word_1_76' title='bbox 675 1631 904 1688; x_wconf 88' lang='lat' dir='ltr'><strong>partem,</strong></span> <span class='ocrx_word' id='word_1_77' title='bbox 938 1623 1144 1678; x_wconf 83' lang='lat' dir='ltr'><strong>scilicet</strong></span> <span class='ocrx_word' id='word_1_78' title='bbox 1189 1624 1473 1694; x_wconf 77' lang='lat' dir='ltr'><strong>liquefacta</strong></span> <span class='ocrx_word' id='word_1_79' title='bbox 1507 1636 1604 1692; x_wconf 82' lang='lat' dir='ltr'><strong>est,</strong></span> <span class='ocrx_word' id='word_1_80' title='bbox 1649 1628 1700 1680; x_wconf 89' lang='lat' dir='ltr'><strong>id</strong></span> <span class='ocrx_word' id='word_1_81' title='bbox 1735 1638 1838 1692; x_wconf 88' lang='lat' dir='ltr'><strong>est,</strong></span> <span class='ocrx_word' id='word_1_82' title='bbox 1871 1645 1988 1683; x_wconf 89' lang='lat' dir='ltr'><strong>ma-</strong></span> 
     </span>
    </p>
   </div>
   <div class='ocr_carea' id='block_1_14' title="bbox 426 1711 1988 1794">
    <p class='ocr_par' dir='ltr' id='par_1_14' title="bbox 426 1711 1988 1794">
     <span class='ocr_line' id='line_1_14' title="bbox 426 1711 1988 1794; baseline 0.007 -31"><span class='ocrx_word' id='word_1_83' title='bbox 426 1711 555 1767; x_wconf 69' lang='lat' dir='ltr'><strong>litia:</strong></span> <span class='ocrx_word' id='word_1_84' title='bbox 581 1715 935 1780; x_wconf 81' lang='lat' dir='ltr'><strong>condonavit;</strong></span> <span class='ocrx_word' id='word_1_85' title='bbox 971 1723 1024 1769; x_wconf 90' lang='lat' dir='ltr'><strong>et</strong></span> <span class='ocrx_word' id='word_1_86' title='bbox 1069 1717 1122 1769; x_wconf 92' lang='lat' dir='ltr'><strong>in</strong></span> <span class='ocrx_word' id='word_1_87' title='bbox 1155 1719 1374 1784; x_wconf 87' lang='lat' dir='ltr'><strong>malam,</strong></span> <span class='ocrx_word' id='word_1_88' title='bbox 1406 1727 1466 1772; x_wconf 91' lang='lat' dir='ltr'><strong>ut</strong></span> <span class='ocrx_word' id='word_1_89' title='bbox 1510 1720 1744 1774; x_wconf 87' lang='lat' dir='ltr'><strong>declaret</strong></span> <span class='ocrx_word' id='word_1_90' title='bbox 1783 1722 1988 1794; x_wconf 88' lang='lat' dir='ltr'><strong>suppli-</strong></span> 
     </span>
    </p>
   </div>
   <div class='ocr_carea' id='block_1_15' title="bbox 426 1785 2058 1877">
    <p class='ocr_par' dir='ltr' id='par_1_15' title="bbox 426 1785 2058 1877">
     <span class='ocr_line' id='line_1_15' title="bbox 426 1785 2058 1877; baseline 0.005 -21"><span class='ocrx_word' id='word_1_91' title='bbox 426 1801 569 1856; x_wconf 89' lang='lat' dir='ltr'><strong>cium</strong></span> <span class='ocrx_word' id='word_1_92' title='bbox 617 1803 684 1856; x_wconf 91' lang='lat' dir='ltr'><strong>de</strong></span> <span class='ocrx_word' id='word_1_93' title='bbox 737 1804 804 1858; x_wconf 91' lang='lat' dir='ltr'><strong>iis</strong></span> <span class='ocrx_word' id='word_1_94' title='bbox 853 1813 1147 1874; x_wconf 84' lang='lat' dir='ltr'><strong>sumptum.</strong></span> <span class='ocrx_word' id='word_1_95' title='bbox 1200 1805 1312 1876; x_wconf 87' lang='lat' dir='ltr'><strong>Ego</strong></span> <span class='ocrx_word' id='word_1_96' title='bbox 1360 1809 1662 1877; x_wconf 71' lang='lat' dir='ltr'><strong>confirmavi</strong></span> <span class='ocrx_word' id='word_1_97' title='bbox 1715 1811 1983 1864; x_wconf 80' lang='lat' dir='ltr'><strong>columnas</strong></span> <span class='ocrx_word' id='word_1_98' title='bbox 2015 1785 2058 1848; x_wconf 80' lang='lat' dir='ltr'><strong>B-</strong></span> 
     </span>
    </p>
   </div>
   <div class='ocr_carea' id='block_1_16' title="bbox 424 1891 1979 1969">
    <p class='ocr_par' dir='ltr' id='par_1_16' title="bbox 424 1891 1979 1969">
     <span class='ocr_line' id='line_1_16' title="bbox 424 1891 1979 1969; baseline 0.006 -25"><span class='ocrx_word' id='word_1_99' title='bbox 424 1893 558 1958; x_wconf 86' lang='lat' dir='ltr'><strong>ejus.</strong></span> <span class='ocrx_word' id='word_1_100' title='bbox 610 1891 890 1948; x_wconf 80' lang='lat' dir='ltr'><strong>Columnae</strong></span> <span class='ocrx_word' id='word_1_101' title='bbox 942 1893 1240 1950; x_wconf 87' lang='lat' dir='ltr'><strong>Jerusalem</strong></span> <span class='ocrx_word' id='word_1_102' title='bbox 1293 1906 1420 1951; x_wconf 88' lang='lat' dir='ltr'><strong>sunt</strong></span> <span class='ocrx_word' id='word_1_103' title='bbox 1483 1899 1656 1953; x_wconf 87' lang='lat' dir='ltr'><strong>sancti</strong></span> <span class='ocrx_word' id='word_1_104' title='bbox 1716 1901 1979 1969; x_wconf 87' lang='lat' dir='ltr'><strong>apostoli,</strong></span> 
     </span>
    </p>
   </div>
   <div class='ocr_carea' id='block_1_17' title="bbox 421 1981 1982 2057">
    <p class='ocr_par' dir='ltr' id='par_1_17' title="bbox 421 1981 1982 2057">
     <span class='ocr_line' id='line_1_17' title="bbox 421 1981 1982 2057; baseline 0.006 -24"><span class='ocrx_word' id='word_1_105' title='bbox 421 1981 576 2048; x_wconf 85' lang='lat' dir='ltr'><strong>juxta</strong></span> <span class='ocrx_word' id='word_1_106' title='bbox 611 1981 664 2035; x_wconf 89' lang='lat' dir='ltr'><strong>id</strong></span> <span class='ocrx_word' id='word_1_107' title='bbox 699 1985 842 2052; x_wconf 89' lang='lat' dir='ltr'><strong>quod</strong></span> <span class='ocrx_word' id='word_1_108' title='bbox 881 1985 1082 2038; x_wconf 88' lang='lat' dir='ltr'><strong>dictum</strong></span> <span class='ocrx_word' id='word_1_109' title='bbox 1123 1994 1205 2039; x_wconf 87' lang='lat' dir='ltr'><strong>est</strong></span> <span class='ocrx_word' id='word_1_110' title='bbox 1238 2003 1249 2037; x_wconf 91' lang='lat'>:</span> <span class='ocrx_word' id='word_1_111' title='bbox 1279 1985 1536 2041; x_wconf 82' lang='lat' dir='ltr'><strong>Columna</strong></span> <span class='ocrx_word' id='word_1_112' title='bbox 1586 1997 1635 2041; x_wconf 88' lang='lat' dir='ltr'><strong>et</strong></span> <span class='ocrx_word' id='word_1_113' title='bbox 1675 1989 1982 2057; x_wconf 82' lang='lat' dir='ltr'><strong>ﬁrmamen-</strong></span> 
     </span>
    </p>
   </div>
   <div class='ocr_carea' id='block_1_18' title="bbox 426 2079 1982 2152">
    <p class='ocr_par' dir='ltr' id='par_1_18' title="bbox 426 2079 1982 2152">
     <span class='ocr_line' id='line_1_18' title="bbox 426 2079 1982 2152; baseline 0.005 -24"><span class='ocrx_word' id='word_1_114' title='bbox 426 2086 532 2129; x_wconf 84' lang='lat' dir='ltr'><strong>tum</strong></span> <span class='ocrx_word' id='word_1_115' title='bbox 560 2079 797 2142; x_wconf 69' lang='lat' dir='ltr'><strong>veritatis</strong></span> <span class='ocrx_word' id='word_1_116' title='bbox 816 2079 882 2132; x_wconf 73' lang='grc' dir='ltr'>εί.</span> <span class='ocrx_word' id='word_1_117' title='bbox 904 2079 1351 2152; x_wconf 77' lang='lat' dir='ltr'><strong>[AitApostolus:</strong></span> <span class='ocrx_word' id='word_1_118' title='bbox 1388 2081 1456 2135; x_wconf 88' lang='lat' dir='ltr'><strong>Et</strong></span> <span class='ocrx_word' id='word_1_119' title='bbox 1485 2099 1604 2135; x_wconf 85' lang='lat' dir='ltr'><strong>cum</strong></span> <span class='ocrx_word' id='word_1_120' title='bbox 1632 2085 1982 2152; x_wconf 80' lang='lat' dir='ltr'><strong>cognovissent</strong></span> 
     </span>
    </p>
   </div>
   <div class='ocr_carea' id='block_1_19' title="bbox 424 2172 1982 2246">
    <p class='ocr_par' dir='ltr' id='par_1_19' title="bbox 424 2172 1982 2246">
     <span class='ocr_line' id='line_1_19' title="bbox 424 2172 1982 2246; baseline 0.004 -24"><span class='ocrx_word' id='word_1_121' title='bbox 424 2172 652 2239; x_wconf 84' lang='lat' dir='ltr'><strong>gratiam</strong></span> <span class='ocrx_word' id='word_1_122' title='bbox 699 2190 814 2240; x_wconf 74' lang='lat' dir='ltr'><strong>qua:</strong></span> <span class='ocrx_word' id='word_1_123' title='bbox 861 2174 986 2226; x_wconf 87' lang='lat' dir='ltr'><strong>data</strong></span> <span class='ocrx_word' id='word_1_124' title='bbox 1035 2185 1110 2227; x_wconf 86' lang='lat' dir='ltr'><strong>est</strong></span> <span class='ocrx_word' id='word_1_125' title='bbox 1161 2176 1290 2227; x_wconf 85' lang='lat' dir='ltr'><strong>mihi</strong></span> <span class='ocrx_word' id='word_1_126' title='bbox 1332 2175 1561 2228; x_wconf 84' lang='lat' dir='ltr'><strong>Jacobus</strong></span> <span class='ocrx_word' id='word_1_127' title='bbox 1592 2187 1638 2229; x_wconf 89' lang='lat' dir='ltr'><strong>et</strong></span> <span class='ocrx_word' id='word_1_128' title='bbox 1684 2175 1883 2246; x_wconf 73' lang='lat' dir='ltr'><strong>Cep/zas</strong></span> <span class='ocrx_word' id='word_1_129' title='bbox 1933 2185 1982 2228; x_wconf 86' lang='lat' dir='ltr'><strong>et</strong></span> 
     </span>
    </p>
   </div>
   <div class='ocr_carea' id='block_1_20' title="bbox 422 2257 1668 2336">
    <p class='ocr_par' dir='ltr' id='par_1_20' title="bbox 422 2257 1668 2336">
     <span class='ocr_line' id='line_1_20' title="bbox 422 2257 1668 2336; baseline 0.007 -25"><span class='ocrx_word' id='word_1_130' title='bbox 422 2257 672 2324; x_wconf 83' lang='lat' dir='ltr'><strong>Joannes,</strong></span> <span class='ocrx_word' id='word_1_131' title='bbox 703 2263 792 2326; x_wconf 82' lang='lat' dir='ltr'><strong>qui</strong></span> <span class='ocrx_word' id='word_1_132' title='bbox 823 2263 1128 2316; x_wconf 81' lang='lat' dir='ltr'><strong>videbantur</strong></span> <span class='ocrx_word' id='word_1_133' title='bbox 1155 2264 1411 2319; x_wconf 73' lang='lat' dir='ltr'><strong>columna:</strong></span> <span class='ocrx_word' id='word_1_134' title='bbox 1439 2282 1546 2318; x_wconf 86' lang='lat' dir='ltr'><strong>esse</strong></span> <span class='ocrx_word' id='word_1_135' title='bbox 1575 2263 1668 2336; x_wconf 80' lang='grc'>⁸².]</span> 
     </span>
    </p>
   </div>
   <div class='ocr_carea' id='block_1_21' title="bbox 494 2352 1985 2424">
    <p class='ocr_par' dir='ltr' id='par_1_21' title="bbox 494 2352 1985 2424">
     <span class='ocr_line' id='line_1_21' title="bbox 494 2352 1985 2424; baseline 0.003 -19"><span class='ocrx_word' id='word_1_136' title='bbox 494 2353 545 2406; x_wconf 76' lang='grc' dir='ltr'><strong>ὅ.</strong></span> <span class='ocrx_word' id='word_1_137' title='bbox 577 2352 705 2405; x_wconf 65' lang='lat' dir='ltr'><strong>Dixi</strong></span> <span class='ocrx_word' id='word_1_138' title='bbox 741 2355 934 2422; x_wconf 84' lang='lat' dir='ltr'><strong>iniquis</strong></span> <span class='ocrx_word' id='word_1_139' title='bbox 967 2369 984 2406; x_wconf 91' lang='lat'><em>:</em></span> <span class='ocrx_word' id='word_1_140' title='bbox 1018 2352 1196 2407; x_wconf 78' lang='lat' dir='ltr'><strong>Nolite</strong></span> <span class='ocrx_word' id='word_1_141' title='bbox 1229 2356 1401 2416; x_wconf 85' lang='lat' dir='ltr'><strong>inique</strong></span> <span class='ocrx_word' id='word_1_142' title='bbox 1434 2373 1600 2424; x_wconf 84' lang='lat' dir='ltr'><strong>agere.</strong></span> <span class='ocrx_word' id='word_1_143' title='bbox 1643 2355 1740 2410; x_wconf 91' lang='lat' dir='ltr'><strong>llic</strong></span> <span class='ocrx_word' id='word_1_144' title='bbox 1769 2365 1985 2424; x_wconf 84' lang='lat' dir='ltr'><strong>aposto-</strong></span> 
     </span>
    </p>
   </div>
   <div class='ocr_carea' id='block_1_22' title="bbox 425 2445 1986 2516">
    <p class='ocr_par' dir='ltr' id='par_1_22' title="bbox 425 2445 1986 2516">
     <span class='ocr_line' id='line_1_22' title="bbox 425 2445 1986 2516; baseline 0.003 -18"><span class='ocrx_word' id='word_1_145' title='bbox 425 2445 600 2498; x_wconf 85' lang='lat' dir='ltr'><strong>lorum</strong></span> <span class='ocrx_word' id='word_1_146' title='bbox 645 2461 876 2514; x_wconf 84' lang='lat' dir='ltr'><strong>perSOna</strong></span> <span class='ocrx_word' id='word_1_147' title='bbox 915 2446 1164 2508; x_wconf 75' lang='lat' dir='ltr'><strong>cll&#39;ertlir,</strong></span> <span class='ocrx_word' id='word_1_148' title='bbox 1193 2463 1313 2516; x_wconf 78' lang='lat' dir='ltr'><strong>quze</strong></span> <span class='ocrx_word' id='word_1_149' title='bbox 1355 2447 1603 2501; x_wconf 86' lang='lat' dir='ltr'><strong>homines</strong></span> <span class='ocrx_word' id='word_1_150' title='bbox 1649 2449 1898 2502; x_wconf 78' lang='lat' dir='ltr'><strong>hortatur</strong></span> <span class='ocrx_word' id='word_1_151' title='bbox 1929 2459 1986 2502; x_wconf 89' lang='lat' dir='ltr'><strong>ut</strong></span> 
     </span>
    </p>
   </div>
   <div class='ocr_carea' id='block_1_23' title="bbox 424 2537 1980 2608">
    <p class='ocr_par' dir='ltr' id='par_1_23' title="bbox 424 2537 1980 2608">
     <span class='ocr_line' id='line_1_23' title="bbox 424 2537 1980 2608; baseline 0.003 -20"><span class='ocrx_word' id='word_1_152' title='bbox 424 2537 706 2604; x_wconf 86' lang='lat' dir='ltr'><strong>quiescant</strong></span> <span class='ocrx_word' id='word_1_153' title='bbox 731 2538 798 2590; x_wconf 88' lang='lat' dir='ltr'><strong>ab</strong></span> <span class='ocrx_word' id='word_1_154' title='bbox 829 2538 1120 2606; x_wconf 85' lang='lat' dir='ltr'><strong>impietate.</strong></span> <span class='ocrx_word' id='word_1_155' title='bbox 1167 2537 1449 2608; x_wconf 82' lang='lat' dir='ltr'><strong>[Humiliat</strong></span> <span class='ocrx_word' id='word_1_156' title='bbox 1481 2548 1658 2592; x_wconf 88' lang='lat' dir='ltr'><strong>autem</strong></span> <span class='ocrx_word' id='word_1_157' title='bbox 1697 2538 1980 2593; x_wconf 85' lang='lat' dir='ltr'><strong>Judaicum</strong></span> 
     </span>
    </p>
   </div>
   <div class='ocr_carea' id='block_1_24' title="bbox 425 2627 1982 2699">
    <p class='ocr_par' dir='ltr' id='par_1_24' title="bbox 425 2627 1982 2699">
     <span class='ocr_line' id='line_1_24' title="bbox 425 2627 1982 2699; baseline 0.003 -21"><span class='ocrx_word' id='word_1_158' title='bbox 425 2627 681 2696; x_wconf 85' lang='lat' dir='ltr'><strong>populum</strong></span> <span class='ocrx_word' id='word_1_159' title='bbox 718 2627 786 2681; x_wconf 93' lang='lat' dir='ltr'><strong>ob</strong></span> <span class='ocrx_word' id='word_1_160' title='bbox 811 2629 928 2696; x_wconf 89' lang='lat' dir='ltr'><strong>ejus</strong></span> <span class='ocrx_word' id='word_1_161' title='bbox 955 2629 1261 2696; x_wconf 85' lang='lat' dir='ltr'><strong>superbiam</strong></span> <span class='ocrx_word' id='word_1_162' title='bbox 1295 2645 1307 2679; x_wconf 93' lang='lat'><strong>:</strong></span> <span class='ocrx_word' id='word_1_163' title='bbox 1343 2629 1543 2682; x_wconf 86' lang='lat' dir='ltr'><strong>exaltat</strong></span> <span class='ocrx_word' id='word_1_164' title='bbox 1566 2645 1694 2683; x_wconf 86' lang='lat' dir='ltr'><strong>vero</strong></span> <span class='ocrx_word' id='word_1_165' title='bbox 1727 2631 1982 2699; x_wconf 90' lang='lat' dir='ltr'><strong>populum</strong></span> 
     </span>
    </p>
   </div>
   <div class='ocr_carea' id='block_1_25' title="bbox 423 2717 1438 2789">
    <p class='ocr_par' dir='ltr' id='par_1_25' title="bbox 423 2717 1438 2789">
     <span class='ocr_line' id='line_1_25' title="bbox 423 2717 1438 2789; baseline -0.002 -18"><span class='ocrx_word' id='word_1_166' title='bbox 423 2731 487 2771; x_wconf 84' lang='lat' dir='ltr'><strong>ex</strong></span> <span class='ocrx_word' id='word_1_167' title='bbox 515 2717 763 2786; x_wconf 80' lang='lat' dir='ltr'><strong>gentibus</strong></span> <span class='ocrx_word' id='word_1_168' title='bbox 789 2719 860 2771; x_wconf 83' lang='lat' dir='ltr'><strong>ob</strong></span> <span class='ocrx_word' id='word_1_169' title='bbox 889 2717 1247 2770; x_wconf 83' lang='lat' dir='ltr'><strong>humilitatem</strong></span> <span class='ocrx_word' id='word_1_170' title='bbox 1273 2717 1438 2789; x_wconf 85' lang='lat' dir='ltr'><strong>ejus.]</strong></span> 
     </span>
    </p>
   </div>
   <div class='ocr_carea' id='block_1_26' title="bbox 494 2807 1983 2871">
    <p class='ocr_par' dir='ltr' id='par_1_26' title="bbox 494 2807 1983 2871">
     <span class='ocr_line' id='line_1_26' title="bbox 494 2807 1983 2871; baseline 0.001 -9"><span class='ocrx_word' id='word_1_171' title='bbox 494 2807 544 2862; x_wconf 87' lang='lat'><strong>6.</strong></span> <span class='ocrx_word' id='word_1_172' title='bbox 578 2807 756 2866; x_wconf 78' lang='lat' dir='ltr'><strong>Nolite</strong></span> <span class='ocrx_word' id='word_1_173' title='bbox 780 2809 1028 2862; x_wconf 79' lang='lat' dir='ltr'><strong>extollere</strong></span> <span class='ocrx_word' id='word_1_174' title='bbox 1069 2809 1124 2871; x_wconf 79' lang='lat' dir='ltr'><strong>in</strong></span> <span class='ocrx_word' id='word_1_175' title='bbox 1160 2809 1327 2862; x_wconf 89' lang='lat' dir='ltr'><strong>altum</strong></span> <span class='ocrx_word' id='word_1_176' title='bbox 1372 2825 1532 2862; x_wconf 87' lang='lat' dir='ltr'><strong>cornu</strong></span> <span class='ocrx_word' id='word_1_177' title='bbox 1564 2821 1810 2863; x_wconf 82' lang='lat' dir='ltr'><strong>vestrum.</strong></span> <span class='ocrx_word' id='word_1_178' title='bbox 1847 2809 1983 2863; x_wconf 90' lang='lat' dir='ltr'><strong>Nam</strong></span> 
     </span>
    </p>
   </div>
   <div class='ocr_carea' id='block_1_27' title="bbox 425 2898 1981 2969">
    <p class='ocr_par' dir='ltr' id='par_1_27' title="bbox 425 2898 1981 2969">
     <span class='ocr_line' id='line_1_27' title="bbox 425 2898 1981 2969; baseline 0.002 -18"><span class='ocrx_word' id='word_1_179' title='bbox 425 2908 652 2952; x_wconf 80' lang='lat' dir='ltr'><strong>cornuta</strong></span> <span class='ocrx_word' id='word_1_180' title='bbox 691 2898 943 2966; x_wconf 80' lang='lat' dir='ltr'><strong>animalia</strong></span> <span class='ocrx_word' id='word_1_181' title='bbox 992 2899 1219 2952; x_wconf 86' lang='lat' dir='ltr'><strong>multum</strong></span> <span class='ocrx_word' id='word_1_182' title='bbox 1250 2898 1316 2952; x_wconf 89' lang='lat' dir='ltr'><strong>de</strong></span> <span class='ocrx_word' id='word_1_183' title='bbox 1364 2899 1622 2953; x_wconf 86' lang='lat' dir='ltr'><strong>cornibus</strong></span> <span class='ocrx_word' id='word_1_184' title='bbox 1662 2900 1981 2969; x_wconf 84' lang='lat' dir='ltr'><strong>gloriantur.</strong></span> 
     </span>
    </p>
   </div>
   <div class='ocr_carea' id='block_1_28' title="bbox 423 2987 1985 3058">
    <p class='ocr_par' dir='ltr' id='par_1_28' title="bbox 423 2987 1985 3058">
     <span class='ocr_line' id='line_1_28' title="bbox 423 2987 1985 3058; baseline 0.002 -18"><span class='ocrx_word' id='word_1_185' title='bbox 423 2987 652 3048; x_wconf 80' lang='lat' dir='ltr'><strong>Jubetur</strong></span> <span class='ocrx_word' id='word_1_186' title='bbox 699 2997 877 3056; x_wconf 86' lang='lat' dir='ltr'><strong>autem</strong></span> <span class='ocrx_word' id='word_1_187' title='bbox 931 2989 1149 3057; x_wconf 90' lang='lat' dir='ltr'><strong>iniquis,</strong></span> <span class='ocrx_word' id='word_1_188' title='bbox 1185 3001 1340 3043; x_wconf 88' lang='lat' dir='ltr'><strong>utne</strong></span> <span class='ocrx_word' id='word_1_189' title='bbox 1387 2991 1694 3058; x_wconf 77' lang='lat' dir='ltr'><strong>arrogantia</strong></span> <span class='ocrx_word' id='word_1_190' title='bbox 1729 2991 1985 3058; x_wconf 88' lang='lat' dir='ltr'><strong>iniquita-</strong></span> 
     </span>
    </p>
   </div>
   <div class='ocr_carea' id='block_1_29' title="bbox 427 3083 1983 3152">
    <p class='ocr_par' dir='ltr' id='par_1_29' title="bbox 427 3083 1983 3152">
     <span class='ocr_line' id='line_1_29' title="bbox 427 3083 1983 3152; baseline 0.002 -18"><span class='ocrx_word' id='word_1_191' title='bbox 427 3091 531 3134; x_wconf 80' lang='lat' dir='ltr'><strong>tem</strong></span> <span class='ocrx_word' id='word_1_192' title='bbox 581 3091 845 3151; x_wconf 88' lang='lat' dir='ltr'><strong>augeant,</strong></span> <span class='ocrx_word' id='word_1_193' title='bbox 893 3096 1066 3151; x_wconf 89' lang='lat' dir='ltr'><strong>neque</strong></span> <span class='ocrx_word' id='word_1_194' title='bbox 1125 3090 1378 3136; x_wconf 83' lang='lat' dir='ltr'><strong>moveant</strong></span> <span class='ocrx_word' id='word_1_195' title='bbox 1425 3083 1660 3152; x_wconf 81' lang='lat' dir='ltr'><strong>linguam</strong></span> <span class='ocrx_word' id='word_1_196' title='bbox 1723 3083 1983 3137; x_wconf 86' lang='lat' dir='ltr'><strong>adversus</strong></span> 
     </span>
    </p>
   </div>
   <div class='ocr_carea' id='block_1_30' title="bbox 429 3172 614 3226">
    <p class='ocr_par' dir='ltr' id='par_1_30' title="bbox 429 3172 614 3226">
     <span class='ocr_line' id='line_1_30' title="bbox 429 3172 614 3226; baseline 0.005 -1"><span class='ocrx_word' id='word_1_197' title='bbox 429 3172 614 3226; x_wconf 89' lang='lat' dir='ltr'><strong>Deum.</strong></span> 
     </span>
    </p>
   </div>
   <div class='ocr_carea' id='block_1_31' title="bbox 496 3263 1984 3338">
    <p class='ocr_par' dir='ltr' id='par_1_31' title="bbox 496 3263 1984 3338">
     <span class='ocr_line' id='line_1_31' title="bbox 496 3263 1984 3338; baseline 0.003 -22"><span class='ocrx_word' id='word_1_198' title='bbox 496 3265 549 3332; x_wconf 74' lang='grc' dir='ltr'><strong>Ἰ.</strong></span> <span class='ocrx_word' id='word_1_199' title='bbox 585 3263 722 3328; x_wconf 85' lang='lat' dir='ltr'><strong>Quia</strong></span> <span class='ocrx_word' id='word_1_200' title='bbox 763 3281 923 3332; x_wconf 84' lang='lat' dir='ltr'><strong>neque</strong></span> <span class='ocrx_word' id='word_1_201' title='bbox 971 3265 1034 3319; x_wconf 81' lang='lat' dir='ltr'><strong>ab</strong></span> <span class='ocrx_word' id='word_1_202' title='bbox 1086 3268 1334 3332; x_wconf 79' lang='lat' dir='ltr'><strong>exitibus,</strong></span> <span class='ocrx_word' id='word_1_203' title='bbox 1379 3285 1539 3338; x_wconf 83' lang='lat' dir='ltr'><strong>neque</strong></span> <span class='ocrx_word' id='word_1_204' title='bbox 1585 3269 1650 3321; x_wconf 87' lang='lat' dir='ltr'><strong>ab</strong></span> <span class='ocrx_word' id='word_1_205' title='bbox 1701 3268 1984 3334; x_wconf 82' lang='lat' dir='ltr'><strong>occidente,</strong></span> 
     </span>
    </p>
   </div>
   <div class='ocr_carea' id='block_1_32' title="bbox 428 3356 1988 3424">
    <p class='ocr_par' dir='ltr' id='par_1_32' title="bbox 428 3356 1988 3424">
     <span class='ocr_line' id='line_1_32' title="bbox 428 3356 1988 3424; baseline 0.003 -16"><span class='ocrx_word' id='word_1_206' title='bbox 428 3369 589 3424; x_wconf 80' lang='lat' dir='ltr'><strong>neque</strong></span> <span class='ocrx_word' id='word_1_207' title='bbox 617 3371 648 3408; x_wconf 88' lang='lat' dir='ltr'><strong>a</strong></span> <span class='ocrx_word' id='word_1_208' title='bbox 674 3356 890 3410; x_wconf 83' lang='lat' dir='ltr'><strong>desertis</strong></span> <span class='ocrx_word' id='word_1_209' title='bbox 921 3359 1198 3413; x_wconf 77' lang='lat' dir='ltr'><strong>montibus.</strong></span> <span class='ocrx_word' id='word_1_210' title='bbox 1240 3359 1399 3414; x_wconf 81' lang='lat' dir='ltr'><strong>llisce</strong></span> <span class='ocrx_word' id='word_1_211' title='bbox 1437 3370 1608 3414; x_wconf 87' lang='lat' dir='ltr'><strong>totum</strong></span> <span class='ocrx_word' id='word_1_212' title='bbox 1653 3362 1837 3414; x_wconf 89' lang='lat' dir='ltr'><strong>orbem</strong></span> <span class='ocrx_word' id='word_1_213' title='bbox 1879 3367 1988 3414; x_wconf 89' lang='lat' dir='ltr'><strong>ter-</strong></span> 
     </span>
    </p>
   </div>
   <div class='ocr_carea' id='block_1_33' title="bbox 429 3447 1986 3516">
    <p class='ocr_par' dir='ltr' id='par_1_33' title="bbox 429 3447 1986 3516">
     <span class='ocr_line' id='line_1_33' title="bbox 429 3447 1986 3516; baseline 0 -14"><span class='ocrx_word' id='word_1_214' title='bbox 429 3461 611 3502; x_wconf 87' lang='lat' dir='ltr'><strong>rarum</strong></span> <span class='ocrx_word' id='word_1_215' title='bbox 663 3447 948 3516; x_wconf 82' lang='lat' dir='ltr'><strong>signiﬁcat.</strong></span> <span class='ocrx_word' id='word_1_216' title='bbox 999 3447 1189 3505; x_wconf 83' lang='lat' dir='ltr'><strong>Exitus</strong></span> <span class='ocrx_word' id='word_1_217' title='bbox 1241 3460 1418 3505; x_wconf 88' lang='lat' dir='ltr'><strong>autem</strong></span> <span class='ocrx_word' id='word_1_218' title='bbox 1465 3450 1596 3506; x_wconf 85' lang='lat' dir='ltr'><strong>dicit</strong></span> <span class='ocrx_word' id='word_1_219' title='bbox 1639 3452 1921 3515; x_wconf 84' lang='lat' dir='ltr'><strong>orientem,</strong></span> <span class='ocrx_word' id='word_1_220' title='bbox 1956 3465 1986 3503; x_wconf 88' lang='lat' dir='ltr'><strong>a</strong></span> 
     </span>
    </p>
   </div>
   <div class='ocr_carea' id='block_1_34' title="bbox 428 3543 1982 3614">
    <p class='ocr_par' dir='ltr' id='par_1_34' title="bbox 428 3543 1982 3614">
     <span class='ocr_line' id='line_1_34' title="bbox 428 3543 1982 3614; baseline 0.003 -20"><span class='ocrx_word' id='word_1_221' title='bbox 428 3559 538 3612; x_wconf 86' lang='lat' dir='ltr'><strong>quo</strong></span> <span class='ocrx_word' id='word_1_222' title='bbox 574 3543 655 3598; x_wconf 90' lang='lat' dir='ltr'><strong>sol</strong></span> <span class='ocrx_word' id='word_1_223' title='bbox 693 3545 837 3610; x_wconf 81' lang='lat' dir='ltr'><strong>exit;</strong></span> <span class='ocrx_word' id='word_1_224' title='bbox 883 3546 1215 3600; x_wconf 88' lang='lat' dir='ltr'><strong>occidentem</strong></span> <span class='ocrx_word' id='word_1_225' title='bbox 1252 3557 1430 3600; x_wconf 90' lang='lat' dir='ltr'><strong>autem</strong></span> <span class='ocrx_word' id='word_1_226' title='bbox 1461 3547 1734 3614; x_wconf 87' lang='lat' dir='ltr'><strong>vesperias</strong></span> <span class='ocrx_word' id='word_1_227' title='bbox 1771 3555 1982 3614; x_wconf 79' lang='lat' dir='ltr'><strong>partes;</strong></span> 
     </span>
    </p>
   </div>
   <div class='ocr_carea' id='block_1_35' title="bbox 426 3635 1986 3704">
    <p class='ocr_par' dir='ltr' id='par_1_35' title="bbox 426 3635 1986 3704">
     <span class='ocr_line' id='line_1_35' title="bbox 426 3635 1986 3704; baseline 0.002 -19"><span class='ocrx_word' id='word_1_228' title='bbox 426 3642 668 3687; x_wconf 83' lang='lat' dir='ltr'><strong>uesertos</strong></span> <span class='ocrx_word' id='word_1_229' title='bbox 709 3643 940 3696; x_wconf 84' lang='lat' dir='ltr'><strong>montes,</strong></span> <span class='ocrx_word' id='word_1_230' title='bbox 981 3635 1400 3704; x_wconf 89' lang='lat' dir='ltr'><strong>septentrionem</strong></span> <span class='ocrx_word' id='word_1_231' title='bbox 1431 3645 1483 3690; x_wconf 91' lang='lat' dir='ltr'><strong>et</strong></span> <span class='ocrx_word' id='word_1_232' title='bbox 1521 3635 1836 3700; x_wconf 89' lang='lat' dir='ltr'><strong>meridiem;</strong></span> <span class='ocrx_word' id='word_1_233' title='bbox 1867 3650 1986 3704; x_wconf 68' lang='lat' dir='ltr'><strong>quae</strong></span> 
     </span>
    </p>
   </div>
   <div class='ocr_carea' id='block_1_36' title="bbox 426 3723 1982 3800">
    <p class='ocr_par' dir='ltr' id='par_1_36' title="bbox 426 3723 1982 3800">
     <span class='ocr_line' id='line_1_36' title="bbox 426 3723 1982 3800; baseline -0.001 -23"><span class='ocrx_word' id='word_1_234' title='bbox 426 3733 605 3800; x_wconf 86' lang='lat' dir='ltr'><strong>partes</strong></span> <span class='ocrx_word' id='word_1_235' title='bbox 652 3723 720 3778; x_wconf 93' lang='lat' dir='ltr'><strong>ob</strong></span> <span class='ocrx_word' id='word_1_236' title='bbox 764 3726 1158 3780; x_wconf 82' lang='lat' dir='ltr'><strong>vehementiam</strong></span> <span class='ocrx_word' id='word_1_237' title='bbox 1207 3725 1422 3796; x_wconf 82' lang='lat' dir='ltr'><strong>frigoris</strong></span> <span class='ocrx_word' id='word_1_238' title='bbox 1455 3733 1507 3779; x_wconf 90' lang='lat' dir='ltr'><strong>et</strong></span> <span class='ocrx_word' id='word_1_239' title='bbox 1549 3737 1712 3782; x_wconf 65' lang='lat' dir='ltr'><strong>aestus</strong></span> <span class='ocrx_word' id='word_1_240' title='bbox 1755 3725 1982 3778; x_wconf 82' lang='lat' dir='ltr'><strong>habitari</strong></span> 
     </span>
    </p>
   </div>
   <div class='ocr_carea' id='block_1_37' title="bbox 427 3813 1983 3887">
    <p class='ocr_par' dir='ltr' id='par_1_37' title="bbox 427 3813 1983 3887">
     <span class='ocr_line' id='line_1_37' title="bbox 427 3813 1983 3887; baseline 0.003 -21"><span class='ocrx_word' id='word_1_241' title='bbox 427 3823 721 3884; x_wconf 88' lang='lat' dir='ltr'><strong>nequeunt.</strong></span> <span class='ocrx_word' id='word_1_242' title='bbox 754 3813 866 3879; x_wconf 88' lang='lat' dir='ltr'><strong>Ne,</strong></span> <span class='ocrx_word' id='word_1_243' title='bbox 901 3816 1090 3885; x_wconf 85' lang='lat' dir='ltr'><strong>inquit.</strong></span> <span class='ocrx_word' id='word_1_244' title='bbox 1125 3817 1308 3886; x_wconf 91' lang='lat' dir='ltr'><strong>inique</strong></span> <span class='ocrx_word' id='word_1_245' title='bbox 1349 3819 1540 3887; x_wconf 86' lang='lat' dir='ltr'><strong>agatis,</strong></span> <span class='ocrx_word' id='word_1_246' title='bbox 1580 3819 1704 3887; x_wconf 86' lang='lat' dir='ltr'><strong>quia</strong></span> <span class='ocrx_word' id='word_1_247' title='bbox 1737 3833 1894 3872; x_wconf 92' lang='lat' dir='ltr'><strong>nemo</strong></span> <span class='ocrx_word' id='word_1_248' title='bbox 1931 3819 1983 3870; x_wconf 91' lang='lat' dir='ltr'><strong>in</strong></span> 
     </span>
    </p>
   </div>
   <div class='ocr_carea' id='block_1_38' title="bbox 427 3905 1982 3977">
    <p class='ocr_par' dir='ltr' id='par_1_38' title="bbox 427 3905 1982 3977">
     <span class='ocr_line' id='line_1_38' title="bbox 427 3905 1982 3977; baseline 0.001 -19"><span class='ocrx_word' id='word_1_249' title='bbox 427 3913 537 3958; x_wconf 87' lang='lat' dir='ltr'><strong>toto</strong></span> <span class='ocrx_word' id='word_1_250' title='bbox 562 3905 691 3959; x_wconf 90' lang='lat' dir='ltr'><strong>orbe</strong></span> <span class='ocrx_word' id='word_1_251' title='bbox 723 3905 890 3958; x_wconf 88' lang='lat' dir='ltr'><strong>Deum</strong></span> <span class='ocrx_word' id='word_1_252' title='bbox 917 3907 1149 3969; x_wconf 83' lang='lat' dir='ltr'><strong>latuerit,</strong></span> <span class='ocrx_word' id='word_1_253' title='bbox 1187 3909 1479 3976; x_wconf 83' lang='lat' dir='ltr'><strong>si&#39;impium</strong></span> <span class='ocrx_word' id='word_1_254' title='bbox 1511 3909 1635 3976; x_wconf 91' lang='lat' dir='ltr'><strong>quid</strong></span> <span class='ocrx_word' id='word_1_255' title='bbox 1665 3908 1900 3977; x_wconf 79' lang='lat' dir='ltr'><strong>proferat</strong></span> <span class='ocrx_word' id='word_1_256' title='bbox 1931 3908 1982 3960; x_wconf 89' lang='lat' dir='ltr'><strong>in</strong></span> 
     </span>
    </p>
   </div>
   <div class='ocr_carea' id='block_1_39' title="bbox 423 3994 1985 4060">
    <p class='ocr_par' dir='ltr' id='par_1_39' title="bbox 423 3994 1985 4060">
     <span class='ocr_line' id='line_1_39' title="bbox 423 3994 1985 4060; baseline 0.002 -13"><span class='ocrx_word' id='word_1_257' title='bbox 423 4011 570 4048; x_wconf 86' lang='lat' dir='ltr'><strong>eum.</strong></span> <span class='ocrx_word' id='word_1_258' title='bbox 604 3994 760 4060; x_wconf 83' lang='lat' dir='ltr'><strong>Hunc</strong></span> <span class='ocrx_word' id='word_1_259' title='bbox 790 3996 1118 4060; x_wconf 77' lang='lat' dir='ltr'><strong>Itumiliat,et</strong></span> <span class='ocrx_word' id='word_1_260' title='bbox 1149 3997 1282 4050; x_wconf 80' lang='lat' dir='ltr'><strong>hunc</strong></span> <span class='ocrx_word' id='word_1_261' title='bbox 1307 3997 1528 4052; x_wconf 69' lang='lat' dir='ltr'><strong>exultat.</strong></span> <span class='ocrx_word' id='word_1_262' title='bbox 1553 3998 1682 4051; x_wconf 74' lang='lat' dir='ltr'><strong>(lum</strong></span> <span class='ocrx_word' id='word_1_263' title='bbox 1714 3999 1782 4052; x_wconf 89' lang='lat' dir='ltr'><strong>sit</strong></span> <span class='ocrx_word' id='word_1_264' title='bbox 1809 3998 1985 4052; x_wconf 88' lang='lat' dir='ltr'><strong>bonus</strong></span> 
     </span>
    </p>
   </div>
   <div class='ocr_carea' id='block_1_40' title="bbox 420 4084 1983 4158">
    <p class='ocr_par' dir='ltr' id='par_1_40' title="bbox 420 4084 1983 4158">
     <span class='ocr_line' id='line_1_40' title="bbox 420 4084 1983 4158; baseline 0.003 -22"><span class='ocrx_word' id='word_1_265' title='bbox 420 4084 604 4150; x_wconf 76' lang='lat' dir='ltr'><strong>jndex,</strong></span> <span class='ocrx_word' id='word_1_266' title='bbox 639 4085 730 4152; x_wconf 87' lang='lat' dir='ltr'><strong>ait,</strong></span> <span class='ocrx_word' id='word_1_267' title='bbox 761 4085 958 4154; x_wconf 32' lang='lat' dir='ltr'><strong>impios,</strong></span> <span class='ocrx_word' id='word_1_268' title='bbox 996 4087 1265 4151; x_wconf 88' lang='lat' dir='ltr'><strong>humiliat,</strong></span> <span class='ocrx_word' id='word_1_269' title='bbox 1296 4088 1497 4158; x_wconf 81' lang='lat' dir='ltr'><strong>exaltat</strong></span> <span class='ocrx_word' id='word_1_270' title='bbox 1536 4097 1714 4142; x_wconf 88' lang='lat' dir='ltr'><strong>autem</strong></span> <span class='ocrx_word' id='word_1_271' title='bbox 1752 4089 1983 4155; x_wconf 77' lang='lat' dir='ltr'><strong>humiles</strong></span> 
     </span>
    </p>
   </div>
   <div class='ocr_carea' id='block_1_41' title="bbox 423 4175 1983 4249">
    <p class='ocr_par' dir='ltr' id='par_1_41' title="bbox 423 4175 1983 4249">
     <span class='ocr_line' id='line_1_41' title="bbox 423 4175 1983 4249; baseline 0.001 -19"><span class='ocrx_word' id='word_1_272' title='bbox 423 4179 604 4232; x_wconf 88' lang='lat' dir='ltr'><strong>corde.</strong></span> <span class='ocrx_word' id='word_1_273' title='bbox 640 4175 764 4232; x_wconf 65' lang='lat' dir='ltr'><strong>Haec</strong></span> <span class='ocrx_word' id='word_1_274' title='bbox 813 4193 977 4246; x_wconf 86' lang='lat' dir='ltr'><strong>porro</strong></span> <span class='ocrx_word' id='word_1_275' title='bbox 1022 4179 1333 4247; x_wconf 85' lang='lat' dir='ltr'><strong>accipienda</strong></span> <span class='ocrx_word' id='word_1_276' title='bbox 1372 4188 1499 4233; x_wconf 90' lang='lat' dir='ltr'><strong>sunt</strong></span> <span class='ocrx_word' id='word_1_277' title='bbox 1540 4179 1605 4232; x_wconf 91' lang='lat' dir='ltr'><strong>de</strong></span> <span class='ocrx_word' id='word_1_278' title='bbox 1642 4179 1853 4233; x_wconf 88' lang='lat' dir='ltr'><strong>duobus</strong></span> <span class='ocrx_word' id='word_1_279' title='bbox 1887 4195 1983 4249; x_wconf 90' lang='lat' dir='ltr'><strong>po-</strong></span> 
     </span>
    </p>
   </div>
   <div class='ocr_carea' id='block_1_42' title="bbox 424 4266 1984 4341">
    <p class='ocr_par' dir='ltr' id='par_1_42' title="bbox 424 4266 1984 4341">
     <span class='ocr_line' id='line_1_42' title="bbox 424 4266 1984 4341; baseline 0.004 -23"><span class='ocrx_word' id='word_1_280' title='bbox 424 4269 585 4335; x_wconf 83' lang='lat' dir='ltr'><strong>pulis.</strong></span> <span class='ocrx_word' id='word_1_281' title='bbox 633 4266 942 4341; x_wconf 71' lang='lat' dir='ltr'><strong>Judmorum</strong></span> <span class='ocrx_word' id='word_1_282' title='bbox 975 4269 1182 4334; x_wconf 79' lang='lat' dir='ltr'><strong>scilicet</strong></span> <span class='ocrx_word' id='word_1_283' title='bbox 1219 4277 1272 4322; x_wconf 87' lang='lat' dir='ltr'><strong>et</strong></span> <span class='ocrx_word' id='word_1_284' title='bbox 1313 4270 1575 4339; x_wconf 89' lang='lat' dir='ltr'><strong>gentium.</strong></span> <span class='ocrx_word' id='word_1_285' title='bbox 1621 4267 1714 4322; x_wconf 90' lang='lat' dir='ltr'><strong>Ille</strong></span> <span class='ocrx_word' id='word_1_286' title='bbox 1751 4286 1984 4338; x_wconf 76' lang='lat' dir='ltr'><strong>namque</strong></span> 
     </span>
    </p>
   </div>
   <div class='ocr_carea' id='block_1_43' title="bbox 425 4357 1982 4432">
    <p class='ocr_par' dir='ltr' id='par_1_43' title="bbox 425 4357 1982 4432">
     <span class='ocr_line' id='line_1_43' title="bbox 425 4357 1982 4432; baseline 0.003 -21"><span class='ocrx_word' id='word_1_287' title='bbox 425 4357 738 4412; x_wconf 85' lang='lat' dir='ltr'><strong>humiliatus</strong></span> <span class='ocrx_word' id='word_1_288' title='bbox 773 4357 872 4411; x_wconf 83' lang='lat' dir='ltr'><strong>fuit</strong></span> <span class='ocrx_word' id='word_1_289' title='bbox 919 4368 1137 4426; x_wconf 88' lang='lat' dir='ltr'><strong>propter</strong></span> <span class='ocrx_word' id='word_1_290' title='bbox 1177 4360 1568 4432; x_wconf 82' lang='lat' dir='ltr'><strong>arrogantiam,</strong></span> <span class='ocrx_word' id='word_1_291' title='bbox 1603 4359 1690 4413; x_wconf 92' lang='lat' dir='ltr'><strong>hic</strong></span> <span class='ocrx_word' id='word_1_292' title='bbox 1715 4361 1982 4416; x_wconf 80' lang='lat' dir='ltr'><strong>exaltatus</strong></span> 
     </span>
    </p>
   </div>
   <div class='ocr_carea' id='block_1_44' title="bbox 1271 322 2841 398">
    <p class='ocr_par' dir='ltr' id='par_1_44' title="bbox 1271 322 2841 398">
     <span class='ocr_line' id='line_1_44' title="bbox 1271 322 2841 398; baseline -0.001 -20"><span class='ocrx_word' id='word_1_293' title='bbox 1271 323 1328 378; x_wconf 90' lang='lat' dir='ltr'><strong>S.</strong></span> <span class='ocrx_word' id='word_1_294' title='bbox 1371 323 1742 388; x_wconf 70' lang='lat' dir='ltr'><strong>ATHANASH</strong></span> <span class='ocrx_word' id='word_1_295' title='bbox 1779 327 1930 382; x_wconf 86' lang='lat' dir='ltr'><strong>OPP.</strong></span> <span class='ocrx_word' id='word_1_296' title='bbox 1971 327 2150 382; x_wconf 78' lang='lat' dir='ltr'><strong>PARS</strong></span> <span class='ocrx_word' id='word_1_297' title='bbox 2187 328 2277 398; x_wconf 75' lang='lat' dir='ltr'><strong>Ill.</strong></span> <span class='ocrx_word' id='word_1_298' title='bbox 2319 358 2396 390; x_wconf 89' lang='lat'><strong>-—_</strong></span> <span class='ocrx_word' id='word_1_299' title='bbox 2427 322 2841 381; x_wconf 75' lang='lat' dir='ltr'><strong>EXEGETICA.</strong></span> 
     </span>
    </p>
   </div>
   <div class='ocr_carea' id='block_1_45' title="bbox 495 436 2054 509">
    <p class='ocr_par' dir='ltr' id='par_1_45' title="bbox 495 436 2054 509">
     <span class='ocr_line' id='line_1_45' title="bbox 495 436 2054 509; baseline 0.003 -18"><span class='ocrx_word' id='word_1_300' title='bbox 495 436 1060 494; x_wconf 85' lang='lat' dir='ltr'><strong>cohortanshomines</strong></span> <span class='ocrx_word' id='word_1_301' title='bbox 1109 445 1168 491; x_wconf 90' lang='lat' dir='ltr'><strong>ut</strong></span> <span class='ocrx_word' id='word_1_302' title='bbox 1213 439 1505 509; x_wconf 88' lang='lat' dir='ltr'><strong>impietatis</strong></span> <span class='ocrx_word' id='word_1_303' title='bbox 1537 443 1696 496; x_wconf 86' lang='lat' dir='ltr'><strong>tinem</strong></span> <span class='ocrx_word' id='word_1_304' title='bbox 1755 443 1975 506; x_wconf 78' lang='lat' dir='ltr'><strong>faciant,</strong></span> <span class='ocrx_word' id='word_1_305' title='bbox 2008 449 2054 506; x_wconf 81' lang='grc' dir='ltr'><strong>Α</strong></span> 
     </span>
    </p>
   </div>
   <div class='ocr_carea' id='block_1_46' title="bbox 3550 319 3660 374">
    <p class='ocr_par' dir='ltr' id='par_1_46' title="bbox 3550 319 3660 374">
     <span class='ocr_line' id='line_1_46' title="bbox 3550 319 3660 374; baseline -0.018 0"><span class='ocrx_word' id='word_1_306' title='bbox 3550 319 3660 374; x_wconf 61' lang='grc'>540</span> 
     </span>
    </p>
   </div>
   <div class='ocr_carea' id='block_1_47' title="bbox 2155 433 3658 514">
    <p class='ocr_par' dir='ltr' id='par_1_47' title="bbox 2155 433 3658 514">
     <span class='ocr_line' id='line_1_47' title="bbox 2155 433 3658 514; baseline -0.007 -18"><span class='ocrx_word' id='word_1_307' title='bbox 2155 443 2450 514; x_wconf 79' lang='grc' dir='ltr'>παραινοῦν</span> <span class='ocrx_word' id='word_1_308' title='bbox 2472 443 2596 505; x_wconf 73' lang='grc' dir='ltr'>τοὺς</span> <span class='ocrx_word' id='word_1_309' title='bbox 2618 439 2935 510; x_wconf 84' lang='grc' dir='ltr'><strong>ἀνθρώπους</strong></span> <span class='ocrx_word' id='word_1_310' title='bbox 2955 437 3052 508; x_wconf 83' lang='grc' dir='ltr'>τῆς</span> <span class='ocrx_word' id='word_1_311' title='bbox 3075 433 3328 498; x_wconf 70' lang='grc' dir='ltr'>ἀσεϐειας</span> <span class='ocrx_word' id='word_1_312' title='bbox 3359 433 3658 490; x_wconf 73' lang='grc' dir='ltr'>παύεσθαι,</span> 
     </span>
    </p>
   </div>
   <div class='ocr_carea' id='block_1_48' title="bbox 2156 522 3662 600">
    <p class='ocr_par' dir='ltr' id='par_1_48' title="bbox 2156 522 3662 600">
     <span class='ocr_line' id='line_1_48' title="bbox 2156 522 3662 600; baseline -0.005 -17"><span class='ocrx_word' id='word_1_313' title='bbox 2156 531 2539 600; x_wconf 79' lang='grc' dir='ltr'><strong>ὑποτιθέμενον</strong></span> <span class='ocrx_word' id='word_1_314' title='bbox 2573 531 2754 592; x_wconf 80' lang='grc' dir='ltr'>αὑτοῖς</span> <span class='ocrx_word' id='word_1_315' title='bbox 2787 529 2846 581; x_wconf 76' lang='grc' dir='ltr'><strong>τὸ</strong></span> <span class='ocrx_word' id='word_1_316' title='bbox 2885 525 3112 597; x_wconf 77' lang='grc' dir='ltr'>φοϐερὸν</span> <span class='ocrx_word' id='word_1_317' title='bbox 3166 527 3341 578; x_wconf 78' lang='grc' dir='ltr'>ἐκεῖνο</span> <span class='ocrx_word' id='word_1_318' title='bbox 3371 523 3467 576; x_wconf 78' lang='grc' dir='ltr'><strong>καὶ</strong></span> <span class='ocrx_word' id='word_1_319' title='bbox 3517 522 3662 576; x_wconf 83' lang='grc' dir='ltr'>θεῖον</span> 
     </span>
    </p>
   </div>
   <div class='ocr_carea' id='block_1_49' title="bbox 2153 627 2515 696">
    <p class='ocr_par' dir='ltr' id='par_1_49' title="bbox 2153 627 2515 696">
     <span class='ocr_line' id='line_1_49' title="bbox 2153 627 2515 696; baseline -0.006 -18"><span class='ocrx_word' id='word_1_320' title='bbox 2153 627 2515 696; x_wconf 80' lang='grc' dir='ltr'>δικαστήριον.</span> 
     </span>
    </p>
   </div>
   <div class='ocr_carea' id='block_1_50' title="bbox 2165 707 3666 784">
    <p class='ocr_par' dir='ltr' id='par_1_50' title="bbox 2165 707 3666 784">
     <span class='ocr_line' id='line_1_50' title="bbox 2165 707 3666 784; baseline -0.005 -16"><span class='ocrx_word' id='word_1_321' title='bbox 2165 711 2748 784; x_wconf 76' lang='grc' dir='ltr'>Ἐξομολογησόμεθά</span> <span class='ocrx_word' id='word_1_322' title='bbox 2771 725 2890 774; x_wconf 85' lang='grc' dir='ltr'>σοι,</span> <span class='ocrx_word' id='word_1_323' title='bbox 2933 712 2965 762; x_wconf 86' lang='grc' dir='ltr'><strong>ό</strong></span> <span class='ocrx_word' id='word_1_324' title='bbox 3021 709 3228 774; x_wconf 72' lang='grc' dir='ltr'>Θεός...</span> <span class='ocrx_word' id='word_1_325' title='bbox 3270 747 3284 760; x_wconf 93' lang='grc'><strong>.</strong></span> <span class='ocrx_word' id='word_1_326' title='bbox 3318 747 3333 760; x_wconf 94' lang='grc'><strong>.</strong></span> <span class='ocrx_word' id='word_1_327' title='bbox 3363 707 3666 775; x_wconf 74' lang='grc' dir='ltr'>Διηγήσο-</span> 
     </span>
    </p>
   </div>
   <div class='ocr_carea' id='block_1_51' title="bbox 2079 797 3660 876">
    <p class='ocr_par' dir='ltr' id='par_1_51' title="bbox 2079 797 3660 876">
     <span class='ocr_line' id='line_1_51' title="bbox 2079 797 3660 876; baseline -0.007 -16"><span class='ocrx_word' id='word_1_328' title='bbox 2079 824 2185 876; x_wconf 85' lang='grc' dir='ltr'><strong>μαι</strong></span> <span class='ocrx_word' id='word_1_329' title='bbox 2219 806 2413 859; x_wconf 82' lang='grc' dir='ltr'>πάντα</span> <span class='ocrx_word' id='word_1_330' title='bbox 2449 806 2520 858; x_wconf 77' lang='grc' dir='ltr'>τὰ</span> <span class='ocrx_word' id='word_1_331' title='bbox 2559 801 2857 872; x_wconf 79' lang='grc' dir='ltr'>θαυμάσιά</span> <span class='ocrx_word' id='word_1_332' title='bbox 2894 817 3028 854; x_wconf 79' lang='grc' dir='ltr'>σου.</span> <span class='ocrx_word' id='word_1_333' title='bbox 3062 797 3372 868; x_wconf 82' lang='grc' dir='ltr'>Διηγεῖσθαι</span> <span class='ocrx_word' id='word_1_334' title='bbox 3401 797 3494 850; x_wconf 78' lang='grc' dir='ltr'>τοῦ</span> <span class='ocrx_word' id='word_1_335' title='bbox 3521 797 3660 850; x_wconf 75' lang='grc' dir='ltr'>Θεοῦ</span> 
     </span>
    </p>
   </div>
   <div class='ocr_carea' id='block_1_52' title="bbox 2085 888 3663 968">
    <p class='ocr_par' dir='ltr' id='par_1_52' title="bbox 2085 888 3663 968">
     <span class='ocr_line' id='line_1_52' title="bbox 2085 888 3663 968; baseline -0.007 -18"><span class='ocrx_word' id='word_1_336' title='bbox 2085 898 2154 950; x_wconf 78' lang='grc' dir='ltr'>τὰ</span> <span class='ocrx_word' id='word_1_337' title='bbox 2199 897 2472 968; x_wconf 83' lang='grc' dir='ltr'>θαυμάσια</span> <span class='ocrx_word' id='word_1_338' title='bbox 2505 897 2846 964; x_wconf 80' lang='grc' dir='ltr'>ὑπισχνεῖται</span> <span class='ocrx_word' id='word_1_339' title='bbox 2880 893 2908 943; x_wconf 98' lang='lat'><strong>6</strong></span> <span class='ocrx_word' id='word_1_340' title='bbox 2941 891 3291 952; x_wconf 82' lang='grc' dir='ltr'>ἁποστολικὸς</span> <span class='ocrx_word' id='word_1_341' title='bbox 3341 891 3515 962; x_wconf 62' lang='grc' dir='ltr'>χορὸς,</span> <span class='ocrx_word' id='word_1_342' title='bbox 3549 888 3663 940; x_wconf 83' lang='grc' dir='ltr'><strong>τῶν</strong></span> 
     </span>
    </p>
   </div>
   <div class='ocr_carea' id='block_1_53' title="bbox 2084 979 3658 1062">
    <p class='ocr_par' dir='ltr' id='par_1_53' title="bbox 2084 979 3658 1062">
     <span class='ocr_line' id='line_1_53' title="bbox 2084 979 3658 1062; baseline -0.005 -22"><span class='ocrx_word' id='word_1_343' title='bbox 2084 988 2386 1040; x_wconf 78' lang='grc' dir='ltr'><strong>διωκόντων</strong></span> <span class='ocrx_word' id='word_1_344' title='bbox 2433 984 2784 1062; x_wconf 77' lang='grc' dir='ltr'>ἀπαλλαγείς.</span> <span class='ocrx_word' id='word_1_345' title='bbox 2855 982 3001 1051; x_wconf 78' lang='grc' dir='ltr'>Ἐγὼ</span> <span class='ocrx_word' id='word_1_346' title='bbox 3064 983 3387 1046; x_wconf 76' lang='grc' dir='ltr'>εὐθὺτητας</span> <span class='ocrx_word' id='word_1_347' title='bbox 3455 979 3658 1048; x_wconf 78' lang='grc' dir='ltr'>κρινῶ.</span> 
     </span>
    </p>
   </div>
   <div class='ocr_carea' id='block_1_54' title="bbox 2087 1073 3664 1149">
    <p class='ocr_par' dir='ltr' id='par_1_54' title="bbox 2087 1073 3664 1149">
     <span class='ocr_line' id='line_1_54' title="bbox 2087 1073 3664 1149; baseline -0.003 -19"><span class='ocrx_word' id='word_1_348' title='bbox 2087 1077 2268 1130; x_wconf 74' lang='grc' dir='ltr'>Ταῦτα</span> <span class='ocrx_word' id='word_1_349' title='bbox 2317 1079 2345 1130; x_wconf 90' lang='lat'><strong>6</strong></span> <span class='ocrx_word' id='word_1_350' title='bbox 2396 1077 2585 1149; x_wconf 82' lang='grc' dir='ltr'>Σωτήρ</span> <span class='ocrx_word' id='word_1_351' title='bbox 2627 1093 2790 1148; x_wconf 76' lang='grc' dir='ltr'>φησιν</span> <span class='ocrx_word' id='word_1_352' title='bbox 2843 1073 3132 1127; x_wconf 81' lang='grc' dir='ltr'>ὑπακούων</span> <span class='ocrx_word' id='word_1_353' title='bbox 3181 1073 3360 1127; x_wconf 78' lang='grc' dir='ltr'>αὐτῶν</span> <span class='ocrx_word' id='word_1_354' title='bbox 3415 1076 3480 1144; x_wconf 84' lang='grc' dir='ltr'>τῇ</span> <span class='ocrx_word' id='word_1_355' title='bbox 3523 1076 3664 1126; x_wconf 85' lang='grc' dir='ltr'>ὑπο-</span> 
     </span>
    </p>
   </div>
   <div class='ocr_carea' id='block_1_55' title="bbox 2089 1171 2286 1240">
    <p class='ocr_par' dir='ltr' id='par_1_55' title="bbox 2089 1171 2286 1240">
     <span class='ocr_line' id='line_1_55' title="bbox 2089 1171 2286 1240; baseline -0.01 -16"><span class='ocrx_word' id='word_1_356' title='bbox 2089 1171 2286 1240; x_wconf 76' lang='grc' dir='ltr'>σχέσει.</span> 
     </span>
    </p>
   </div>
   <div class='ocr_carea' id='block_1_56' title="bbox 2170 1254 3662 1330">
    <p class='ocr_par' dir='ltr' id='par_1_56' title="bbox 2170 1254 3662 1330">
     <span class='ocr_line' id='line_1_56' title="bbox 2170 1254 3662 1330; baseline -0.001 -18"><span class='ocrx_word' id='word_1_357' title='bbox 2170 1261 2374 1328; x_wconf 78' lang='grc' dir='ltr'>Ἐτάκη</span> <span class='ocrx_word' id='word_1_358' title='bbox 2409 1263 2445 1328; x_wconf 83' lang='grc' dir='ltr'><em>ἠ</em></span> <span class='ocrx_word' id='word_1_359' title='bbox 2477 1260 2551 1330; x_wconf 72' lang='grc' dir='ltr'>γῆ</span> <span class='ocrx_word' id='word_1_360' title='bbox 2588 1260 2684 1312; x_wconf 77' lang='grc' dir='ltr'>καὶ</span> <span class='ocrx_word' id='word_1_361' title='bbox 2713 1259 2932 1324; x_wconf 76' lang='grc' dir='ltr'>πάντες</span> <span class='ocrx_word' id='word_1_362' title='bbox 2959 1262 3013 1312; x_wconf 84' lang='grc' dir='ltr'>οἱ</span> <span class='ocrx_word' id='word_1_363' title='bbox 3041 1258 3349 1323; x_wconf 74' lang='grc' dir='ltr'>οἰκοῦντες</span> <span class='ocrx_word' id='word_1_364' title='bbox 3375 1257 3445 1310; x_wconf 83' lang='grc' dir='ltr'>ἐν</span> <span class='ocrx_word' id='word_1_365' title='bbox 3477 1254 3662 1325; x_wconf 77' lang='grc' dir='ltr'>αὐτῇ.</span> 
     </span>
    </p>
   </div>
   <div class='ocr_carea' id='block_1_57' title="bbox 2086 1347 3666 1422">
    <p class='ocr_par' dir='ltr' id='par_1_57' title="bbox 2086 1347 3666 1422">
     <span class='ocr_line' id='line_1_57' title="bbox 2086 1347 3666 1422; baseline -0.004 -17"><span class='ocrx_word' id='word_1_366' title='bbox 2086 1353 2298 1414; x_wconf 76' lang='grc' dir='ltr'>Δίκαια,</span> <span class='ocrx_word' id='word_1_367' title='bbox 2337 1353 2486 1422; x_wconf 78' lang='grc' dir='ltr'>φησὶ,</span> <span class='ocrx_word' id='word_1_368' title='bbox 2528 1352 2728 1421; x_wconf 85' lang='grc' dir='ltr'>κρίνων</span> <span class='ocrx_word' id='word_1_369' title='bbox 2785 1349 3084 1420; x_wconf 77' lang='grc' dir='ltr'>κατέτηξας</span> <span class='ocrx_word' id='word_1_370' title='bbox 3123 1349 3218 1420; x_wconf 84' lang='grc' dir='ltr'>τὴν</span> <span class='ocrx_word' id='word_1_371' title='bbox 3271 1350 3396 1418; x_wconf 80' lang='grc' dir='ltr'>γῆν,</span> <span class='ocrx_word' id='word_1_372' title='bbox 3455 1347 3666 1419; x_wconf 80' lang='grc' dir='ltr'>δηλαδὴ</span> 
     </span>
    </p>
   </div>
   <div class='ocr_carea' id='block_1_58' title="bbox 2085 1438 3668 1514">
    <p class='ocr_par' dir='ltr' id='par_1_58' title="bbox 2085 1438 3668 1514">
     <span class='ocr_line' id='line_1_58' title="bbox 2085 1438 3668 1514; baseline -0.003 -20"><span class='ocrx_word' id='word_1_373' title='bbox 2085 1442 2181 1512; x_wconf 81' lang='grc' dir='ltr'><strong>τὴν</strong></span> <span class='ocrx_word' id='word_1_374' title='bbox 2225 1441 2594 1514; x_wconf 79' lang='grc' dir='ltr'>Ἰερουσαλὴμ,</span> <span class='ocrx_word' id='word_1_375' title='bbox 2629 1441 2724 1494; x_wconf 81' lang='grc' dir='ltr'>καὶ</span> <span class='ocrx_word' id='word_1_376' title='bbox 2759 1441 2988 1505; x_wconf 80' lang='grc' dir='ltr'><strong>πάντας</strong></span> <span class='ocrx_word' id='word_1_377' title='bbox 3028 1441 3168 1504; x_wconf 86' lang='grc' dir='ltr'>τοὺς</span> <span class='ocrx_word' id='word_1_378' title='bbox 3205 1441 3276 1492; x_wconf 79' lang='grc' dir='ltr'>ἐν</span> <span class='ocrx_word' id='word_1_379' title='bbox 3321 1438 3478 1506; x_wconf 79' lang='grc' dir='ltr'>αὐτῇ</span> <span class='ocrx_word' id='word_1_380' title='bbox 3519 1456 3668 1492; x_wconf 81' lang='grc' dir='ltr'>κατ-</span> 
     </span>
    </p>
   </div>
   <div class='ocr_carea' id='block_1_59' title="bbox 2086 1527 3666 1597">
    <p class='ocr_par' dir='ltr' id='par_1_59' title="bbox 2086 1527 3666 1597">
     <span class='ocr_line' id='line_1_59' title="bbox 2086 1527 3666 1597; baseline -0.003 -13"><span class='ocrx_word' id='word_1_381' title='bbox 2086 1532 2422 1597; x_wconf 72' lang='grc' dir='ltr'>οικοῦντας.</span> <span class='ocrx_word' id='word_1_382' title='bbox 2471 1531 2700 1586; x_wconf 88' lang='grc' dir='ltr'>Δύναται</span> <span class='ocrx_word' id='word_1_383' title='bbox 2766 1530 2823 1582; x_wconf 84' lang='grc' dir='ltr'>δὲ</span> <span class='ocrx_word' id='word_1_384' title='bbox 2861 1531 3018 1582; x_wconf 74' lang='grc' dir='ltr'>τοῦτο</span> <span class='ocrx_word' id='word_1_385' title='bbox 3039 1529 3231 1592; x_wconf 77' lang='grc' dir='ltr'>διττῶς</span> <span class='ocrx_word' id='word_1_386' title='bbox 3283 1530 3522 1583; x_wconf 79' lang='grc' dir='ltr'>νοεῖσθαι</span> <span class='ocrx_word' id='word_1_387' title='bbox 3559 1527 3666 1581; x_wconf 68' lang='grc' dir='ltr'><strong>καὶ</strong></span> 
     </span>
    </p>
   </div>
   <div class='ocr_carea' id='block_1_60' title="bbox 2085 1619 3662 1689">
    <p class='ocr_par' dir='ltr' id='par_1_60' title="bbox 2085 1619 3662 1689">
     <span class='ocr_line' id='line_1_60' title="bbox 2085 1619 3662 1689; baseline -0.001 -15"><span class='ocrx_word' id='word_1_388' title='bbox 2085 1623 2177 1674; x_wconf 76' lang='grc' dir='ltr'>ἐπὶ</span> <span class='ocrx_word' id='word_1_389' title='bbox 2205 1621 2429 1689; x_wconf 80' lang='grc' dir='ltr'>ἀγαθοῦ,</span> <span class='ocrx_word' id='word_1_390' title='bbox 2483 1621 2564 1684; x_wconf 70' lang='grc' dir='ltr'>τὸ,</span> <span class='ocrx_word' id='word_1_391' title='bbox 2623 1619 2823 1686; x_wconf 77' lang='grc' dir='ltr'>ἐτάκη,</span> <span class='ocrx_word' id='word_1_392' title='bbox 2866 1621 2986 1672; x_wconf 77' lang='grc' dir='ltr'>ἀντὶ</span> <span class='ocrx_word' id='word_1_393' title='bbox 3043 1619 3158 1682; x_wconf 80' lang='grc' dir='ltr'>τοῦ,</span> <span class='ocrx_word' id='word_1_394' title='bbox 3206 1620 3542 1673; x_wconf 83' lang='grc' dir='ltr'>ὑπενδέδωκε</span> <span class='ocrx_word' id='word_1_395' title='bbox 3589 1621 3662 1688; x_wconf 84' lang='grc' dir='ltr'>τῇ</span> 
     </span>
    </p>
   </div>
   <div class='ocr_carea' id='block_1_61' title="bbox 2087 1711 3666 1784">
    <p class='ocr_par' dir='ltr' id='par_1_61' title="bbox 2087 1711 3666 1784">
     <span class='ocr_line' id='line_1_61' title="bbox 2087 1711 3666 1784; baseline -0.003 -18"><span class='ocrx_word' id='word_1_396' title='bbox 2087 1713 2338 1784; x_wconf 71' lang='grc' dir='ltr'>πονηρία·</span> <span class='ocrx_word' id='word_1_397' title='bbox 2369 1713 2460 1765; x_wconf 77' lang='grc' dir='ltr'>καὶ</span> <span class='ocrx_word' id='word_1_398' title='bbox 2507 1714 2598 1765; x_wconf 76' lang='grc' dir='ltr'>ἐπὶ</span> <span class='ocrx_word' id='word_1_399' title='bbox 2632 1711 2832 1775; x_wconf 80' lang='grc' dir='ltr'>κακοῦ,</span> <span class='ocrx_word' id='word_1_400' title='bbox 2885 1713 2970 1765; x_wconf 84' lang='grc' dir='ltr'>ἵνα</span> <span class='ocrx_word' id='word_1_401' title='bbox 3003 1712 3215 1783; x_wconf 82' lang='grc' dir='ltr'><strong>δηλώσῃ</strong></span> <span class='ocrx_word' id='word_1_402' title='bbox 3247 1713 3347 1782; x_wconf 86' lang='grc' dir='ltr'>τὴν</span> <span class='ocrx_word' id='word_1_403' title='bbox 3385 1711 3666 1782; x_wconf 78' lang='grc' dir='ltr'>τιμωρίαν</span> 
     </span>
    </p>
   </div>
   <div class='ocr_carea' id='block_1_62' title="bbox 2083 1803 3668 1874">
    <p class='ocr_par' dir='ltr' id='par_1_62' title="bbox 2083 1803 3668 1874">
     <span class='ocr_line' id='line_1_62' title="bbox 2083 1803 3668 1874; baseline 0 -18"><span class='ocrx_word' id='word_1_404' title='bbox 2083 1803 2179 1874; x_wconf 83' lang='grc' dir='ltr'><strong>τὴν</strong></span> <span class='ocrx_word' id='word_1_405' title='bbox 2206 1803 2502 1873; x_wconf 81' lang='grc' dir='ltr'>γενομένην</span> <span class='ocrx_word' id='word_1_406' title='bbox 2527 1804 2646 1855; x_wconf 85' lang='grc' dir='ltr'>κατ’</span> <span class='ocrx_word' id='word_1_407' title='bbox 2693 1803 2889 1856; x_wconf 83' lang='grc' dir='ltr'>αὑτῶν.</span> <span class='ocrx_word' id='word_1_408' title='bbox 2943 1803 3090 1872; x_wconf 78' lang='grc' dir='ltr'>Ἐγὼ</span> <span class='ocrx_word' id='word_1_409' title='bbox 3138 1803 3476 1871; x_wconf 83' lang='grc' dir='ltr'>ἑστερέωσα</span> <span class='ocrx_word' id='word_1_410' title='bbox 3516 1804 3668 1868; x_wconf 83' lang='grc' dir='ltr'>τοὺς</span> 
     </span>
    </p>
   </div>
   <div class='ocr_carea' id='block_1_63' title="bbox 2082 1893 3664 1964">
    <p class='ocr_par' dir='ltr' id='par_1_63' title="bbox 2082 1893 3664 1964">
     <span class='ocr_line' id='line_1_63' title="bbox 2082 1893 3664 1964; baseline -0.001 -18"><span class='ocrx_word' id='word_1_411' title='bbox 2082 1895 2350 1958; x_wconf 75' lang='grc' dir='ltr'><strong>στύλους</strong></span> <span class='ocrx_word' id='word_1_412' title='bbox 2393 1893 2600 1962; x_wconf 81' lang='grc' dir='ltr'>αὐτῆς.</span> <span class='ocrx_word' id='word_1_413' title='bbox 2653 1893 2840 1946; x_wconf 80' lang='grc' dir='ltr'>Στῢλοι</span> <span class='ocrx_word' id='word_1_414' title='bbox 2875 1894 2974 1964; x_wconf 81' lang='grc' dir='ltr'>τῆς</span> <span class='ocrx_word' id='word_1_415' title='bbox 3031 1893 3388 1964; x_wconf 81' lang='grc' dir='ltr'>Ἰερουσαλὴμ</span> <span class='ocrx_word' id='word_1_416' title='bbox 3433 1895 3481 1945; x_wconf 82' lang='grc' dir='ltr'><strong>οἰ</strong></span> <span class='ocrx_word' id='word_1_417' title='bbox 3514 1893 3664 1961; x_wconf 76' lang='grc' dir='ltr'>ἅγιοι</span> 
     </span>
    </p>
   </div>
   <div class='ocr_carea' id='block_1_64' title="bbox 2082 1983 3666 2058">
    <p class='ocr_par' dir='ltr' id='par_1_64' title="bbox 2082 1983 3666 2058">
     <span class='ocr_line' id='line_1_64' title="bbox 2082 1983 3666 2058; baseline -0.001 -22"><span class='ocrx_word' id='word_1_418' title='bbox 2082 1984 2385 2058; x_wconf 85' lang='grc' dir='ltr'>ἀπόστολοι,</span> <span class='ocrx_word' id='word_1_419' title='bbox 2408 1983 2548 2044; x_wconf 84' lang='grc' dir='ltr'><strong>κατά</strong></span> <span class='ocrx_word' id='word_1_420' title='bbox 2573 1984 2631 2036; x_wconf 84' lang='grc' dir='ltr'>τὸ</span> <span class='ocrx_word' id='word_1_421' title='bbox 2656 1984 2961 2054; x_wconf 84' lang='grc' dir='ltr'>εἰρημένον·</span> <span class='ocrx_word' id='word_1_422' title='bbox 2993 1983 3225 2048; x_wconf 83' lang='grc' dir='ltr'>Στῦλος</span> <span class='ocrx_word' id='word_1_423' title='bbox 3249 1984 3346 2035; x_wconf 84' lang='grc' dir='ltr'>καὶ</span> <span class='ocrx_word' id='word_1_424' title='bbox 3363 1983 3666 2052; x_wconf 80' lang='grc' dir='ltr'><strong>ἑδραίωμα</strong></span> 
     </span>
    </p>
   </div>
   <div class='ocr_carea' id='block_1_65' title="bbox 2081 2073 3664 2148">
    <p class='ocr_par' dir='ltr' id='par_1_65' title="bbox 2081 2073 3664 2148">
     <span class='ocr_line' id='line_1_65' title="bbox 2081 2073 3664 2148; baseline 0 -22"><span class='ocrx_word' id='word_1_425' title='bbox 2081 2074 2191 2140; x_wconf 83' lang='grc' dir='ltr'><strong>τῆς</strong></span> <span class='ocrx_word' id='word_1_426' title='bbox 2216 2073 2723 2148; x_wconf 42' lang='grc' dir='ltr'>άληθείαςημησὶν</span> <span class='ocrx_word' id='word_1_427' title='bbox 2743 2075 2771 2125; x_wconf 90' lang='lat'><strong>6</strong></span> <span class='ocrx_word' id='word_1_428' title='bbox 2793 2073 3130 2136; x_wconf 83' lang='grc' dir='ltr'>Ἀπόστολος·</span> <span class='ocrx_word' id='word_1_429' title='bbox 3145 2074 3252 2128; x_wconf 81' lang='lat' dir='ltr'><strong>Kal</strong></span> <span class='ocrx_word' id='word_1_430' title='bbox 3273 2075 3512 2142; x_wconf 75' lang='grc' dir='ltr'>γνόντες</span> <span class='ocrx_word' id='word_1_431' title='bbox 3541 2075 3664 2141; x_wconf 79' lang='grc' dir='ltr'>τὴν</span> 
     </span>
    </p>
   </div>
   <div class='ocr_carea' id='block_1_66' title="bbox 2081 2159 3665 2231">
    <p class='ocr_par' dir='ltr' id='par_1_66' title="bbox 2081 2159 3665 2231">
     <span class='ocr_line' id='line_1_66' title="bbox 2081 2159 3665 2231; baseline 0.002 -17"><span class='ocrx_word' id='word_1_432' title='bbox 2081 2161 2359 2214; x_wconf 83' lang='grc' dir='ltr'>δοθεῖσάν</span> <span class='ocrx_word' id='word_1_433' title='bbox 2368 2180 2469 2230; x_wconf 83' lang='grc' dir='ltr'><strong>μοι</strong></span> <span class='ocrx_word' id='word_1_434' title='bbox 2495 2162 2766 2228; x_wconf 77' lang='grc' dir='ltr'>Ἰάκωϐος</span> <span class='ocrx_word' id='word_1_435' title='bbox 2781 2163 2878 2215; x_wconf 74' lang='grc' dir='ltr'>καὶ</span> <span class='ocrx_word' id='word_1_436' title='bbox 2897 2159 3105 2231; x_wconf 58' lang='grc' dir='ltr'><em>Κηφᾶς</em></span> <span class='ocrx_word' id='word_1_437' title='bbox 3129 2163 3226 2215; x_wconf 78' lang='grc' dir='ltr'>καὶ</span> <span class='ocrx_word' id='word_1_438' title='bbox 3263 2161 3572 2230; x_wconf 74' lang='grc' dir='ltr'>Ἰωάννης,</span> <span class='ocrx_word' id='word_1_439' title='bbox 3606 2167 3665 2217; x_wconf 77' lang='grc' dir='ltr'>οἱ</span> 
     </span>
    </p>
   </div>
   <div class='ocr_carea' id='block_1_67' title="bbox 2081 2251 2856 2324">
    <p class='ocr_par' dir='ltr' id='par_1_67' title="bbox 2081 2251 2856 2324">
     <span class='ocr_line' id='line_1_67' title="bbox 2081 2251 2856 2324; baseline 0.001 -21"><span class='ocrx_word' id='word_1_440' title='bbox 2081 2251 2402 2318; x_wconf 76' lang='grc' dir='ltr'>δοκοῦντες</span> <span class='ocrx_word' id='word_1_441' title='bbox 2425 2253 2636 2306; x_wconf 80' lang='grc' dir='ltr'>στῦλοι</span> <span class='ocrx_word' id='word_1_442' title='bbox 2654 2252 2856 2324; x_wconf 79' lang='grc' dir='ltr'>εἷναι.]</span> 
     </span>
    </p>
   </div>
   <div class='ocr_carea' id='block_1_68' title="bbox 2151 2339 3668 2414">
    <p class='ocr_par' dir='ltr' id='par_1_68' title="bbox 2151 2339 3668 2414">
     <span class='ocr_line' id='line_1_68' title="bbox 2151 2339 3668 2414; baseline 0.003 -19"><span class='ocrx_word' id='word_1_443' title='bbox 2151 2339 2307 2395; x_wconf 74' lang='grc' dir='ltr'>Εἷπα</span> <span class='ocrx_word' id='word_1_444' title='bbox 2337 2343 2459 2409; x_wconf 80' lang='grc' dir='ltr'>τοῖς</span> <span class='ocrx_word' id='word_1_445' title='bbox 2491 2345 2924 2413; x_wconf 75' lang='grc' dir='ltr'><strong>παρανομοῦσι·</strong></span> <span class='ocrx_word' id='word_1_446' title='bbox 2948 2349 3004 2399; x_wconf 86' lang='grc' dir='ltr'><strong><em>Μ</em></strong></span> <span class='ocrx_word' id='word_1_447' title='bbox 3011 2345 3044 2413; x_wconf 76' lang='grc' dir='ltr'>ἡ</span> <span class='ocrx_word' id='word_1_448' title='bbox 3085 2347 3498 2414; x_wconf 77' lang='grc' dir='ltr'>παρανομεῖτε.</span> <span class='ocrx_word' id='word_1_449' title='bbox 3549 2349 3668 2400; x_wconf 86' lang='grc' dir='ltr'><strong>Ἐν-</strong></span> 
     </span>
    </p>
   </div>
   <div class='ocr_carea' id='block_1_69' title="bbox 2083 2435 3666 2506">
    <p class='ocr_par' dir='ltr' id='par_1_69' title="bbox 2083 2435 3666 2506">
     <span class='ocr_line' id='line_1_69' title="bbox 2083 2435 3666 2506; baseline 0.002 -19"><span class='ocrx_word' id='word_1_450' title='bbox 2083 2435 2266 2488; x_wconf 81' lang='grc' dir='ltr'>τεῦθεν</span> <span class='ocrx_word' id='word_1_451' title='bbox 2293 2436 2397 2490; x_wconf 88' lang='grc' dir='ltr'><strong>τῶν</strong></span> <span class='ocrx_word' id='word_1_452' title='bbox 2432 2437 2740 2488; x_wconf 76' lang='grc' dir='ltr'>ἀποστόλων</span> <span class='ocrx_word' id='word_1_453' title='bbox 2773 2437 2834 2489; x_wconf 88' lang='grc' dir='ltr'><strong>τὸ</strong></span> <span class='ocrx_word' id='word_1_454' title='bbox 2867 2437 3156 2506; x_wconf 82' lang='grc' dir='ltr'>πρόσωπον</span> <span class='ocrx_word' id='word_1_455' title='bbox 3225 2438 3529 2506; x_wconf 70' lang='grc' dir='ltr'>παραινοῦν</span> <span class='ocrx_word' id='word_1_456' title='bbox 3563 2441 3666 2506; x_wconf 77' lang='grc' dir='ltr'>τῆς</span> 
     </span>
    </p>
   </div>
   <div class='ocr_carea' id='block_1_70' title="bbox 2084 2527 3662 2602">
    <p class='ocr_par' dir='ltr' id='par_1_70' title="bbox 2084 2527 3662 2602">
     <span class='ocr_line' id='line_1_70' title="bbox 2084 2527 3662 2602; baseline 0.002 -23"><span class='ocrx_word' id='word_1_457' title='bbox 2084 2527 2334 2590; x_wconf 79' lang='grc' dir='ltr'>ἀσεϐείας</span> <span class='ocrx_word' id='word_1_458' title='bbox 2388 2531 2498 2591; x_wconf 80' lang='grc' dir='ltr'>τοῖς</span> <span class='ocrx_word' id='word_1_459' title='bbox 2547 2529 2853 2600; x_wconf 79' lang='grc' dir='ltr'>ἀνθρώποις</span> <span class='ocrx_word' id='word_1_460' title='bbox 2885 2531 3213 2584; x_wconf 84' lang='grc' dir='ltr'>παύσασθαι.</span> <span class='ocrx_word' id='word_1_461' title='bbox 3265 2531 3552 2602; x_wconf 78' lang='grc' dir='ltr'>[Ταπεινοῖ</span> <span class='ocrx_word' id='word_1_462' title='bbox 3605 2530 3662 2582; x_wconf 84' lang='grc' dir='ltr'><strong>δὲ</strong></span> 
     </span>
    </p>
   </div>
   <div class='ocr_carea' id='block_1_71' title="bbox 2095 2620 3663 2694">
    <p class='ocr_par' dir='ltr' id='par_1_71' title="bbox 2095 2620 3663 2694">
     <span class='ocr_line' id='line_1_71' title="bbox 2095 2620 3663 2694; baseline 0.001 -22"><span class='ocrx_word' id='word_1_463' title='bbox 2095 2620 2379 2673; x_wconf 68' lang='grc' dir='ltr'>Ἰουδαϊκὸν</span> <span class='ocrx_word' id='word_1_464' title='bbox 2421 2621 2546 2673; x_wconf 77' lang='grc' dir='ltr'>λαὸν</span> <span class='ocrx_word' id='word_1_465' title='bbox 2575 2622 2660 2674; x_wconf 76' lang='grc' dir='ltr'>διὰ</span> <span class='ocrx_word' id='word_1_466' title='bbox 2685 2623 2779 2694; x_wconf 81' lang='grc' dir='ltr'>τὴν</span> <span class='ocrx_word' id='word_1_467' title='bbox 2827 2624 3201 2694; x_wconf 75' lang='grc' dir='ltr'>ὑπερηφανίαν</span> <span class='ocrx_word' id='word_1_468' title='bbox 3229 2623 3412 2676; x_wconf 78' lang='grc' dir='ltr'>αὑτοῦ·</span> <span class='ocrx_word' id='word_1_469' title='bbox 3448 2623 3575 2691; x_wconf 59' lang='grc' dir='ltr'>ὑψοί</span> <span class='ocrx_word' id='word_1_470' title='bbox 3605 2623 3663 2676; x_wconf 78' lang='grc' dir='ltr'>δὲ</span> 
     </span>
    </p>
   </div>
   <div class='ocr_carea' id='block_1_72' title="bbox 2080 2709 3482 2782">
    <p class='ocr_par' dir='ltr' id='par_1_72' title="bbox 2080 2709 3482 2782">
     <span class='ocr_line' id='line_1_72' title="bbox 2080 2709 3482 2782; baseline -0.001 -18"><span class='ocrx_word' id='word_1_471' title='bbox 2080 2712 2171 2764; x_wconf 77' lang='grc' dir='ltr'>τὸν</span> <span class='ocrx_word' id='word_1_472' title='bbox 2203 2709 2258 2774; x_wconf 81' lang='grc' dir='ltr'>ἐξ</span> <span class='ocrx_word' id='word_1_473' title='bbox 2293 2709 2458 2762; x_wconf 84' lang='grc' dir='ltr'>ἐθνῶν</span> <span class='ocrx_word' id='word_1_474' title='bbox 2491 2710 2577 2762; x_wconf 74' lang='grc' dir='ltr'><strong>διὰ</strong></span> <span class='ocrx_word' id='word_1_475' title='bbox 2607 2712 2703 2780; x_wconf 82' lang='grc' dir='ltr'><strong>τὴν</strong></span> <span class='ocrx_word' id='word_1_476' title='bbox 2737 2712 3230 2782; x_wconf 70' lang='grc' dir='ltr'>ταπεινοφροσύνην</span> <span class='ocrx_word' id='word_1_477' title='bbox 3267 2709 3482 2782; x_wconf 75' lang='grc' dir='ltr'>αὑτοῦ.]</span> 
     </span>
    </p>
   </div>
   <div class='ocr_carea' id='block_1_73' title="bbox 2154 2799 3662 2870">
    <p class='ocr_par' dir='ltr' id='par_1_73' title="bbox 2154 2799 3662 2870">
     <span class='ocr_line' id='line_1_73' title="bbox 2154 2799 3662 2870; baseline 0 -18"><span class='ocrx_word' id='word_1_478' title='bbox 2154 2799 2248 2867; x_wconf 74' lang='grc' dir='ltr'><strong>Μὴ</strong></span> <span class='ocrx_word' id='word_1_479' title='bbox 2287 2799 2557 2866; x_wconf 78' lang='grc' dir='ltr'>ἑπαίρετε</span> <span class='ocrx_word' id='word_1_480' title='bbox 2592 2802 2678 2865; x_wconf 85' lang='grc' dir='ltr'><strong>εὶς</strong></span> <span class='ocrx_word' id='word_1_481' title='bbox 2711 2800 2866 2867; x_wconf 63' lang='grc' dir='ltr'><strong>ὕψος</strong></span> <span class='ocrx_word' id='word_1_482' title='bbox 2901 2800 2966 2852; x_wconf 84' lang='grc' dir='ltr'>τὸ</span> <span class='ocrx_word' id='word_1_483' title='bbox 2990 2799 3166 2866; x_wconf 53' lang='grc' dir='ltr'>κέρας</span> <span class='ocrx_word' id='word_1_484' title='bbox 3187 2799 3369 2868; x_wconf 75' lang='grc' dir='ltr'>ὑμῶν.</span> <span class='ocrx_word' id='word_1_485' title='bbox 3407 2801 3519 2852; x_wconf 79' lang='grc' dir='ltr'><strong>Καὶ</strong></span> <span class='ocrx_word' id='word_1_486' title='bbox 3549 2799 3662 2870; x_wconf 85' lang='grc' dir='ltr'>γὰρ</span> 
     </span>
    </p>
   </div>
   <div class='ocr_carea' id='block_1_74' title="bbox 2083 2887 3658 2960">
    <p class='ocr_par' dir='ltr' id='par_1_74' title="bbox 2083 2887 3658 2960">
     <span class='ocr_line' id='line_1_74' title="bbox 2083 2887 3658 2960; baseline -0.001 -18"><span class='ocrx_word' id='word_1_487' title='bbox 2083 2889 2151 2942; x_wconf 84' lang='grc' dir='ltr'><strong>τά</strong></span> <span class='ocrx_word' id='word_1_488' title='bbox 2181 2888 2496 2960; x_wconf 64' lang='grc' dir='ltr'>κερασφόρα</span> <span class='ocrx_word' id='word_1_489' title='bbox 2521 2887 2634 2950; x_wconf 78' lang='grc' dir='ltr'>ζῶα</span> <span class='ocrx_word' id='word_1_490' title='bbox 2673 2889 2877 2958; x_wconf 71' lang='grc' dir='ltr'>σφόδρα</span> <span class='ocrx_word' id='word_1_491' title='bbox 2906 2889 2998 2940; x_wconf 78' lang='grc' dir='ltr'><strong>ἐπὶ</strong></span> <span class='ocrx_word' id='word_1_492' title='bbox 3054 2893 3165 2952; x_wconf 84' lang='grc' dir='ltr'>τοῖς</span> <span class='ocrx_word' id='word_1_493' title='bbox 3199 2889 3392 2960; x_wconf 82' lang='grc' dir='ltr'>κέρασι</span> <span class='ocrx_word' id='word_1_494' title='bbox 3433 2891 3658 2959; x_wconf 79' lang='grc' dir='ltr'>γαυριᾷ.</span> 
     </span>
    </p>
   </div>
   <div class='ocr_carea' id='block_1_75' title="bbox 2083 2978 3662 3050">
    <p class='ocr_par' dir='ltr' id='par_1_75' title="bbox 2083 2978 3662 3050">
     <span class='ocr_line' id='line_1_75' title="bbox 2083 2978 3662 3050; baseline 0.001 -20"><span class='ocrx_word' id='word_1_495' title='bbox 2083 2979 2378 3048; x_wconf 80' lang='grc' dir='ltr'>Παρεγγυᾷ</span> <span class='ocrx_word' id='word_1_496' title='bbox 2417 2978 2474 3030; x_wconf 76' lang='grc' dir='ltr'>δὲ</span> <span class='ocrx_word' id='word_1_497' title='bbox 2511 2979 2693 3040; x_wconf 82' lang='grc' dir='ltr'>αὐτοῖς</span> <span class='ocrx_word' id='word_1_498' title='bbox 2719 2981 2746 3030; x_wconf 92' lang='lat'><strong>6</strong></span> <span class='ocrx_word' id='word_1_499' title='bbox 2779 2979 2935 3046; x_wconf 80' lang='grc' dir='ltr'>λόγος</span> <span class='ocrx_word' id='word_1_500' title='bbox 2969 2981 3042 3049; x_wconf 81' lang='grc' dir='ltr'>μὴ</span> <span class='ocrx_word' id='word_1_501' title='bbox 3063 2979 3245 3044; x_wconf 71' lang='grc' dir='ltr'>αὔξειν</span> <span class='ocrx_word' id='word_1_502' title='bbox 3273 2981 3336 3048; x_wconf 78' lang='grc' dir='ltr'>τῇ</span> <span class='ocrx_word' id='word_1_503' title='bbox 3366 2978 3662 3050; x_wconf 76' lang='grc' dir='ltr'>ἀλαζονείᾳ</span> 
     </span>
    </p>
   </div>
   <div class='ocr_carea' id='block_1_76' title="bbox 2083 3067 3588 3138">
    <p class='ocr_par' dir='ltr' id='par_1_76' title="bbox 2083 3067 3588 3138">
     <span class='ocr_line' id='line_1_76' title="bbox 2083 3067 3588 3138; baseline 0.004 -20"><span class='ocrx_word' id='word_1_504' title='bbox 2083 3069 2182 3138; x_wconf 76' lang='grc' dir='ltr'>τὴν</span> <span class='ocrx_word' id='word_1_505' title='bbox 2222 3067 2470 3136; x_wconf 77' lang='grc' dir='ltr'>ἀνομίαν,</span> <span class='ocrx_word' id='word_1_506' title='bbox 2497 3068 2630 3138; x_wconf 74' lang='grc' dir='ltr'>μηδὲ</span> <span class='ocrx_word' id='word_1_507' title='bbox 2660 3068 2798 3121; x_wconf 86' lang='grc' dir='ltr'><strong>κατά</strong></span> <span class='ocrx_word' id='word_1_508' title='bbox 2827 3069 2918 3121; x_wconf 78' lang='grc' dir='ltr'>τοῦ</span> <span class='ocrx_word' id='word_1_509' title='bbox 2948 3069 3080 3122; x_wconf 77' lang='grc' dir='ltr'>Θεοῦ</span> <span class='ocrx_word' id='word_1_510' title='bbox 3111 3069 3356 3138; x_wconf 80' lang='grc' dir='ltr'>γλῶτταν</span> <span class='ocrx_word' id='word_1_511' title='bbox 3391 3073 3588 3124; x_wconf 79' lang='grc' dir='ltr'>κινεῖν.</span> 
     </span>
    </p>
   </div>
   <div class='ocr_carea' id='block_1_77' title="bbox 2157 3269 3664 3339">
    <p class='ocr_par' dir='ltr' id='par_1_77' title="bbox 2157 3269 3664 3339">
     <span class='ocr_line' id='line_1_77' title="bbox 2157 3269 3664 3339; baseline 0.001 -18"><span class='ocrx_word' id='word_1_512' title='bbox 2157 3269 2440 3322; x_wconf 83' lang='grc' dir='ltr'>⁹Ὀτιοῦτε</span> <span class='ocrx_word' id='word_1_513' title='bbox 2465 3269 2532 3334; x_wconf 81' lang='grc' dir='ltr'><strong>ἐξ</strong></span> <span class='ocrx_word' id='word_1_514' title='bbox 2569 3269 2824 3334; x_wconf 74' lang='grc' dir='ltr'>ἐξόδων,</span> <span class='ocrx_word' id='word_1_515' title='bbox 2884 3272 3020 3323; x_wconf 77' lang='grc' dir='ltr'>οὔτε</span> <span class='ocrx_word' id='word_1_516' title='bbox 3070 3271 3188 3324; x_wconf 80' lang='grc' dir='ltr'><strong>ἀπὸ</strong></span> <span class='ocrx_word' id='word_1_517' title='bbox 3213 3269 3482 3339; x_wconf 75' lang='grc' dir='ltr'>δυσμῶν,</span> <span class='ocrx_word' id='word_1_518' title='bbox 3525 3271 3664 3323; x_wconf 85' lang='grc' dir='ltr'>οὔτε</span> 
     </span>
    </p>
   </div>
   <div class='ocr_carea' id='block_1_78' title="bbox 2086 3359 3664 3429">
    <p class='ocr_par' dir='ltr' id='par_1_78' title="bbox 2086 3359 3664 3429">
     <span class='ocr_line' id='line_1_78' title="bbox 2086 3359 3664 3429; baseline -0.001 -16"><span class='ocrx_word' id='word_1_519' title='bbox 2086 3359 2202 3413; x_wconf 78' lang='grc' dir='ltr'><strong>ἀπὸ</strong></span> <span class='ocrx_word' id='word_1_520' title='bbox 2247 3359 2480 3428; x_wconf 80' lang='grc' dir='ltr'>ἐρήμων</span> <span class='ocrx_word' id='word_1_521' title='bbox 2513 3361 2712 3428; x_wconf 71' lang='grc' dir='ltr'>ὀρέων.</span> <span class='ocrx_word' id='word_1_522' title='bbox 2769 3361 2866 3414; x_wconf 84' lang='grc' dir='ltr'>Διά</span> <span class='ocrx_word' id='word_1_523' title='bbox 2901 3362 3103 3414; x_wconf 88' lang='grc' dir='ltr'>τούτων</span> <span class='ocrx_word' id='word_1_524' title='bbox 3133 3363 3226 3414; x_wconf 81' lang='grc' dir='ltr'><strong>τὸν</strong></span> <span class='ocrx_word' id='word_1_525' title='bbox 3257 3361 3434 3414; x_wconf 85' lang='grc' dir='ltr'>πάντα</span> <span class='ocrx_word' id='word_1_526' title='bbox 3459 3361 3664 3429; x_wconf 77' lang='grc' dir='ltr'>κόσμον</span> 
     </span>
    </p>
   </div>
   <div class='ocr_carea' id='block_1_79' title="bbox 2085 3450 3664 3523">
    <p class='ocr_par' dir='ltr' id='par_1_79' title="bbox 2085 3450 3664 3523">
     <span class='ocr_line' id='line_1_79' title="bbox 2085 3450 3664 3523; baseline 0.02 -18"><span class='ocrx_word' id='word_1_527' title='bbox 2085 3453 2184 3522; x_wconf 76' lang='grc' dir='ltr'><strong>τῆς</strong></span> <span class='ocrx_word' id='word_1_528' title='bbox 2215 3453 2534 3522; x_wconf 77' lang='grc' dir='ltr'>οἰκουμένης</span> <span class='ocrx_word' id='word_1_529' title='bbox 2559 3453 2726 3523; x_wconf 80' lang='grc' dir='ltr'>δηλοῖ·</span> <span class='ocrx_word' id='word_1_530' title='bbox 2766 3452 2940 3518; x_wconf 61' lang='grc' dir='ltr'>ἔξοδον</span> <span class='ocrx_word' id='word_1_531' title='bbox 2977 3453 3074 3522; x_wconf 65' lang='grc' dir='ltr'>μὲν</span> <span class='ocrx_word' id='word_1_532' title='bbox 3099 3451 3194 3522; x_wconf 74' lang='grc' dir='ltr'><strong>τὴν</strong></span> <span class='ocrx_word' id='word_1_533' title='bbox 3241 3450 3526 3520; x_wconf 66' lang='grc' dir='ltr'><strong>ἀνατολὴνν</strong></span> <span class='ocrx_word' id='word_1_534' title='bbox 3569 3453 3664 3518; x_wconf 52' lang='grc' dir='ltr'><strong>ἀφ’</strong></span> 
     </span>
    </p>
   </div>
   <div class='ocr_carea' id='block_1_80' title="bbox 2083 3539 3664 3615">
    <p class='ocr_par' dir='ltr' id='par_1_80' title="bbox 2083 3539 3664 3615">
     <span class='ocr_line' id='line_1_80' title="bbox 2083 3539 3664 3615; baseline -0.003 -18"><span class='ocrx_word' id='word_1_535' title='bbox 2083 3539 2151 3615; x_wconf 84' lang='grc' dir='ltr'><strong>ἦς</strong></span> <span class='ocrx_word' id='word_1_536' title='bbox 2193 3545 2220 3597; x_wconf 81' lang='grc' dir='ltr'>ὁ</span> <span class='ocrx_word' id='word_1_537' title='bbox 2255 3543 2404 3612; x_wconf 75' lang='grc' dir='ltr'>ἥλιος</span> <span class='ocrx_word' id='word_1_538' title='bbox 2454 3541 2637 3608; x_wconf 75' lang='grc' dir='ltr'>ἔξεισι,</span> <span class='ocrx_word' id='word_1_539' title='bbox 2693 3543 2902 3613; x_wconf 69' lang='grc' dir='ltr'>δυσμὰς</span> <span class='ocrx_word' id='word_1_540' title='bbox 2931 3543 3109 3612; x_wconf 80' lang='grc' dir='ltr'>δὲτὴν</span> <span class='ocrx_word' id='word_1_541' title='bbox 3162 3543 3422 3612; x_wconf 76' lang='grc' dir='ltr'>ἑσπέραν·</span> <span class='ocrx_word' id='word_1_542' title='bbox 3461 3543 3561 3611; x_wconf 78' lang='grc' dir='ltr'><strong>ὅρη</strong></span> <span class='ocrx_word' id='word_1_543' title='bbox 3607 3541 3664 3594; x_wconf 81' lang='grc' dir='ltr'>δὲ</span> 
     </span>
    </p>
   </div>
   <div class='ocr_carea' id='block_1_81' title="bbox 2086 3633 3659 3706">
    <p class='ocr_par' dir='ltr' id='par_1_81' title="bbox 2086 3633 3659 3706">
     <span class='ocr_line' id='line_1_81' title="bbox 2086 3633 3659 3706; baseline 0.001 -21"><span class='ocrx_word' id='word_1_544' title='bbox 2086 3633 2265 3704; x_wconf 76' lang='grc' dir='ltr'>ἔρημα</span> <span class='ocrx_word' id='word_1_545' title='bbox 2312 3635 2380 3688; x_wconf 82' lang='grc' dir='ltr'><em>τά</em></span> <span class='ocrx_word' id='word_1_546' title='bbox 2416 3651 2474 3686; x_wconf 89' lang='grc' dir='ltr'><strong>τε</strong></span> <span class='ocrx_word' id='word_1_547' title='bbox 2519 3635 2742 3706; x_wconf 82' lang='grc' dir='ltr'>ἀρκτῷα</span> <span class='ocrx_word' id='word_1_548' title='bbox 2783 3635 2975 3686; x_wconf 75' lang='grc' dir='ltr'>καὶτὰ</span> <span class='ocrx_word' id='word_1_549' title='bbox 3011 3635 3177 3686; x_wconf 78' lang='grc' dir='ltr'>νότια·</span> <span class='ocrx_word' id='word_1_550' title='bbox 3233 3633 3405 3706; x_wconf 76' lang='grc' dir='ltr'>ταῦτα</span> <span class='ocrx_word' id='word_1_551' title='bbox 3446 3634 3558 3704; x_wconf 75' lang='grc' dir='ltr'><strong>γὰρ</strong></span> <span class='ocrx_word' id='word_1_552' title='bbox 3589 3635 3659 3686; x_wconf 86' lang='grc' dir='ltr'>δι’</span> 
     </span>
    </p>
   </div>
   <div class='ocr_carea' id='block_1_82' title="bbox 2086 3725 3664 3796">
    <p class='ocr_par' dir='ltr' id='par_1_82' title="bbox 2086 3725 3664 3796">
     <span class='ocr_line' id='line_1_82' title="bbox 2086 3725 3664 3796; baseline 0.001 -19"><span class='ocrx_word' id='word_1_553' title='bbox 2086 3726 2352 3796; x_wconf 84' lang='grc' dir='ltr'>ἀμετρίαν</span> <span class='ocrx_word' id='word_1_554' title='bbox 2401 3725 2600 3796; x_wconf 88' lang='grc' dir='ltr'>κρύους</span> <span class='ocrx_word' id='word_1_555' title='bbox 2627 3743 2684 3777; x_wconf 91' lang='grc' dir='ltr'><strong>τε</strong></span> <span class='ocrx_word' id='word_1_556' title='bbox 2713 3726 2804 3778; x_wconf 72' lang='grc' dir='ltr'><strong>καὶ</strong></span> <span class='ocrx_word' id='word_1_557' title='bbox 2836 3727 3112 3788; x_wconf 81' lang='grc' dir='ltr'>καύσωνος</span> <span class='ocrx_word' id='word_1_558' title='bbox 3143 3725 3372 3794; x_wconf 78' lang='grc' dir='ltr'>ἀοίκητὰ</span> <span class='ocrx_word' id='word_1_559' title='bbox 3401 3727 3538 3778; x_wconf 84' lang='grc' dir='ltr'>ἐστι.</span> 
     </span>
    </p>
   </div>
   <div class='ocr_carea' id='block_1_83' title="bbox 2087 3817 3662 3888">
    <p class='ocr_par' dir='ltr' id='par_1_83' title="bbox 2087 3817 3662 3888">
     <span class='ocr_line' id='line_1_83' title="bbox 2087 3817 3662 3888; baseline 0 -20"><span class='ocrx_word' id='word_1_560' title='bbox 2087 3821 2451 3887; x_wconf 82' lang='grc' dir='ltr'>παρανομεῖτε</span> <span class='ocrx_word' id='word_1_561' title='bbox 2504 3817 2700 3879; x_wconf 85' lang='grc' dir='ltr'>τοίνυν,</span> <span class='ocrx_word' id='word_1_562' title='bbox 2762 3817 2944 3885; x_wconf 75' lang='grc' dir='ltr'>φησὶν,</span> <span class='ocrx_word' id='word_1_563' title='bbox 2980 3817 3060 3868; x_wconf 79' lang='grc' dir='ltr'><strong>ὅτι</strong></span> <span class='ocrx_word' id='word_1_564' title='bbox 3117 3817 3290 3880; x_wconf 70' lang='grc' dir='ltr'>οὐδεὶς</span> <span class='ocrx_word' id='word_1_565' title='bbox 3323 3821 3380 3869; x_wconf 80' lang='grc' dir='ltr'>ὲν</span> <span class='ocrx_word' id='word_1_566' title='bbox 3409 3818 3554 3886; x_wconf 80' lang='grc' dir='ltr'>πάσῃ</span> <span class='ocrx_word' id='word_1_567' title='bbox 3593 3821 3662 3888; x_wconf 83' lang='grc' dir='ltr'>τῇ</span> 
     </span>
    </p>
   </div>
   <div class='ocr_carea' id='block_1_84' title="bbox 2084 3907 3662 3978">
    <p class='ocr_par' dir='ltr' id='par_1_84' title="bbox 2084 3907 3662 3978">
     <span class='ocr_line' id='line_1_84' title="bbox 2084 3907 3662 3978; baseline 0.001 -20"><span class='ocrx_word' id='word_1_568' title='bbox 2084 3907 2376 3978; x_wconf 78' lang='grc' dir='ltr'>οἰκουμένῃ</span> <span class='ocrx_word' id='word_1_569' title='bbox 2407 3907 2556 3959; x_wconf 78' lang='grc' dir='ltr'>λάθοι</span> <span class='ocrx_word' id='word_1_570' title='bbox 2588 3907 2680 3958; x_wconf 77' lang='grc' dir='ltr'><strong>τὸν</strong></span> <span class='ocrx_word' id='word_1_571' title='bbox 2717 3907 2845 3960; x_wconf 73' lang='grc' dir='ltr'>Θεὸν</span> <span class='ocrx_word' id='word_1_572' title='bbox 2887 3907 3203 3976; x_wconf 67' lang='grc' dir='ltr'>βλάσφημον</span> <span class='ocrx_word' id='word_1_573' title='bbox 3254 3926 3306 3960; x_wconf 89' lang='grc' dir='ltr'><strong>τι</strong></span> <span class='ocrx_word' id='word_1_574' title='bbox 3336 3908 3510 3975; x_wconf 78' lang='grc' dir='ltr'>λέγων</span> <span class='ocrx_word' id='word_1_575' title='bbox 3537 3908 3662 3962; x_wconf 80' lang='grc' dir='ltr'>κατ’</span> 
     </span>
    </p>
   </div>
   <div class='ocr_carea' id='block_1_85' title="bbox 2084 3998 3662 4069">
    <p class='ocr_par' dir='ltr' id='par_1_85' title="bbox 2084 3998 3662 4069">
     <span class='ocr_line' id='line_1_85' title="bbox 2084 3998 3662 4069; baseline -0.001 -18"><span class='ocrx_word' id='word_1_576' title='bbox 2084 3998 2268 4051; x_wconf 71' lang='grc' dir='ltr'>αὑτοῦ.</span> <span class='ocrx_word' id='word_1_577' title='bbox 2301 4000 2516 4052; x_wconf 78' lang='grc' dir='ltr'>Τοῦτον</span> <span class='ocrx_word' id='word_1_578' title='bbox 2548 3999 2832 4062; x_wconf 77' lang='grc' dir='ltr'>ταπεινοῖ,</span> <span class='ocrx_word' id='word_1_579' title='bbox 2863 3999 2958 4051; x_wconf 76' lang='grc' dir='ltr'>καὶ</span> <span class='ocrx_word' id='word_1_580' title='bbox 2997 3999 3211 4052; x_wconf 78' lang='grc' dir='ltr'>τοῦτον</span> <span class='ocrx_word' id='word_1_581' title='bbox 3241 3999 3404 4066; x_wconf 68' lang='grc' dir='ltr'><strong>ὐψοῖ.</strong></span> <span class='ocrx_word' id='word_1_582' title='bbox 3425 3999 3662 4069; x_wconf 76' lang='grc' dir='ltr'>Κριτὴς,</span> 
     </span>
    </p>
   </div>
   <div class='ocr_carea' id='block_1_86' title="bbox 2085 4089 3662 4160">
    <p class='ocr_par' dir='ltr' id='par_1_86' title="bbox 2085 4089 3662 4160">
     <span class='ocr_line' id='line_1_86' title="bbox 2085 4089 3662 4160; baseline -0.001 -19"><span class='ocrx_word' id='word_1_583' title='bbox 2085 4091 2269 4158; x_wconf 64' lang='grc' dir='ltr'>φησιν,</span> <span class='ocrx_word' id='word_1_584' title='bbox 2305 4089 2564 4160; x_wconf 82' lang='grc' dir='ltr'>ὑπάρχων</span> <span class='ocrx_word' id='word_1_585' title='bbox 2593 4089 2814 4157; x_wconf 85' lang='grc' dir='ltr'>ἀγαθὸς,</span> <span class='ocrx_word' id='word_1_586' title='bbox 2853 4091 3100 4142; x_wconf 86' lang='grc' dir='ltr'>ταπεινοῖ</span> <span class='ocrx_word' id='word_1_587' title='bbox 3127 4089 3225 4159; x_wconf 80' lang='grc' dir='ltr'><strong>μὲν</strong></span> <span class='ocrx_word' id='word_1_588' title='bbox 3252 4092 3375 4152; x_wconf 72' lang='grc' dir='ltr'>τοὺς</span> <span class='ocrx_word' id='word_1_589' title='bbox 3420 4089 3662 4154; x_wconf 77' lang='grc' dir='ltr'>ἀσεϐεῖς,</span> 
     </span>
    </p>
   </div>
   <div class='ocr_carea' id='block_1_87' title="bbox 2084 4181 3664 4253">
    <p class='ocr_par' dir='ltr' id='par_1_87' title="bbox 2084 4181 3664 4253">
     <span class='ocr_line' id='line_1_87' title="bbox 2084 4181 3664 4253; baseline 0.001 -21"><span class='ocrx_word' id='word_1_590' title='bbox 2084 4181 2208 4249; x_wconf 66' lang='grc' dir='ltr'>ὑψοῖ</span> <span class='ocrx_word' id='word_1_591' title='bbox 2232 4182 2288 4234; x_wconf 85' lang='grc' dir='ltr'>δὲ</span> <span class='ocrx_word' id='word_1_592' title='bbox 2334 4183 2460 4243; x_wconf 75' lang='grc' dir='ltr'>τοὺς</span> <span class='ocrx_word' id='word_1_593' title='bbox 2501 4183 2786 4244; x_wconf 73' lang='grc' dir='ltr'>ταπεινοὺς</span> <span class='ocrx_word' id='word_1_594' title='bbox 2812 4182 2909 4252; x_wconf 79' lang='grc' dir='ltr'><strong>τὴν</strong></span> <span class='ocrx_word' id='word_1_595' title='bbox 2937 4181 3183 4253; x_wconf 85' lang='grc' dir='ltr'>καρδίαν.</span> <span class='ocrx_word' id='word_1_596' title='bbox 3225 4183 3552 4252; x_wconf 72' lang='grc' dir='ltr'>Ἐκληπτέον</span> <span class='ocrx_word' id='word_1_597' title='bbox 3601 4182 3664 4234; x_wconf 78' lang='grc' dir='ltr'>δὲ</span> 
     </span>
    </p>
   </div>
   <div class='ocr_carea' id='block_1_88' title="bbox 2081 4269 3664 4334">
    <p class='ocr_par' dir='ltr' id='par_1_88' title="bbox 2081 4269 3664 4334">
     <span class='ocr_line' id='line_1_88' title="bbox 2081 4269 3664 4334; baseline 0 -12"><span class='ocrx_word' id='word_1_598' title='bbox 2081 4271 2254 4323; x_wconf 76' lang='grc' dir='ltr'>ταῦτα</span> <span class='ocrx_word' id='word_1_599' title='bbox 2283 4271 2376 4322; x_wconf 78' lang='grc' dir='ltr'><strong>καὶ</strong></span> <span class='ocrx_word' id='word_1_600' title='bbox 2427 4273 2520 4323; x_wconf 71' lang='grc' dir='ltr'>ἐπὶ</span> <span class='ocrx_word' id='word_1_601' title='bbox 2566 4273 2690 4332; x_wconf 77' lang='grc' dir='ltr'>τοὺς</span> <span class='ocrx_word' id='word_1_602' title='bbox 2737 4271 2828 4322; x_wconf 87' lang='grc' dir='ltr'><strong>δύο</strong></span> <span class='ocrx_word' id='word_1_603' title='bbox 2880 4270 3060 4334; x_wconf 74' lang='grc' dir='ltr'>λαοὺς,</span> <span class='ocrx_word' id='word_1_604' title='bbox 3116 4270 3223 4322; x_wconf 87' lang='grc' dir='ltr'><strong>τῶν</strong></span> <span class='ocrx_word' id='word_1_605' title='bbox 3293 4270 3562 4322; x_wconf 82' lang='grc' dir='ltr'>Ἰουδαίων</span> <span class='ocrx_word' id='word_1_606' title='bbox 3599 4269 3664 4322; x_wconf 81' lang='grc' dir='ltr'><em>τέ</em></span> 
     </span>
    </p>
   </div>
   <div class='ocr_carea' id='block_1_89' title="bbox 2085 4359 3664 4432">
    <p class='ocr_par' dir='ltr' id='par_1_89' title="bbox 2085 4359 3664 4432">
     <span class='ocr_line' id='line_1_89' title="bbox 2085 4359 3664 4432; baseline -0.001 -19"><span class='ocrx_word' id='word_1_607' title='bbox 2085 4379 2224 4432; x_wconf 83' lang='grc' dir='ltr'>φημι</span> <span class='ocrx_word' id='word_1_608' title='bbox 2257 4363 2349 4414; x_wconf 78' lang='grc' dir='ltr'><strong>καὶ</strong></span> <span class='ocrx_word' id='word_1_609' title='bbox 2379 4361 2468 4413; x_wconf 79' lang='grc' dir='ltr'><strong>τὸν</strong></span> <span class='ocrx_word' id='word_1_610' title='bbox 2499 4361 2556 4424; x_wconf 81' lang='grc' dir='ltr'>ἐξ</span> <span class='ocrx_word' id='word_1_611' title='bbox 2587 4361 2772 4413; x_wconf 79' lang='grc' dir='ltr'>ἐθνῶν·</span> <span class='ocrx_word' id='word_1_612' title='bbox 2821 4363 2849 4414; x_wconf 90' lang='lat'><strong>6</strong></span> <span class='ocrx_word' id='word_1_613' title='bbox 2891 4361 2987 4431; x_wconf 82' lang='grc' dir='ltr'><strong>μὲν</strong></span> <span class='ocrx_word' id='word_1_614' title='bbox 3012 4359 3119 4430; x_wconf 77' lang='grc' dir='ltr'><strong>γὰρ</strong></span> <span class='ocrx_word' id='word_1_615' title='bbox 3157 4361 3545 4412; x_wconf 83' lang='grc' dir='ltr'>τεταπείνωται</span> <span class='ocrx_word' id='word_1_616' title='bbox 3570 4359 3664 4412; x_wconf 79' lang='grc' dir='ltr'>διὰ</span> 
     </span>
    </p>
   </div>
   <div class='ocr_carea' id='block_1_90' title="bbox 424 4442 1999 4522">
    <p class='ocr_par' dir='ltr' id='par_1_90' title="bbox 424 4447 1979 4522">
     <span class='ocr_line' id='line_1_90' title="bbox 424 4447 1979 4522; baseline 0.004 -22"><span class='ocrx_word' id='word_1_617' title='bbox 424 4457 638 4516; x_wconf 84' lang='lat' dir='ltr'><strong>propter</strong></span> <span class='ocrx_word' id='word_1_618' title='bbox 669 4449 1049 4502; x_wconf 87' lang='lat' dir='ltr'><strong>humilitatem.</strong></span> <span class='ocrx_word' id='word_1_619' title='bbox 1083 4447 1200 4518; x_wconf 92' lang='lat' dir='ltr'><strong>lpse</strong></span> <span class='ocrx_word' id='word_1_620' title='bbox 1227 4465 1462 4518; x_wconf 88' lang='lat' dir='ltr'><strong>namque</strong></span> <span class='ocrx_word' id='word_1_621' title='bbox 1489 4451 1771 4504; x_wconf 89' lang='lat' dir='ltr'><strong>constituit</strong></span> <span class='ocrx_word' id='word_1_622' title='bbox 1805 4468 1979 4522; x_wconf 88' lang='lat' dir='ltr'><strong>reges,</strong></span> 
     </span>
    </p>
   </div>
   <div class='ocr_carea' id='block_1_91' title="bbox 2096 4442 3664 4522">
    <p class='ocr_par' dir='ltr' id='par_1_91' title="bbox 2096 4449 3664 4522">
     <span class='ocr_line' id='line_1_91' title="bbox 2096 4449 3664 4522; baseline -0.002 -19"><span class='ocrx_word' id='word_1_623' title='bbox 2096 4451 2180 4521; x_wconf 79' lang='grc' dir='ltr'><strong>τὴν</strong></span> <span class='ocrx_word' id='word_1_624' title='bbox 2214 4453 2548 4515; x_wconf 76' lang='grc' dir='ltr'>ἀλαζονείαν·</span> <span class='ocrx_word' id='word_1_625' title='bbox 2581 4455 2608 4504; x_wconf 90' lang='lat'><strong>6</strong></span> <span class='ocrx_word' id='word_1_626' title='bbox 2635 4452 2690 4502; x_wconf 83' lang='grc' dir='ltr'>δὲ</span> <span class='ocrx_word' id='word_1_627' title='bbox 2727 4451 2951 4519; x_wconf 66' lang='grc' dir='ltr'>ὑψοῦται</span> <span class='ocrx_word' id='word_1_628' title='bbox 2979 4451 3066 4504; x_wconf 87' lang='grc' dir='ltr'>διὰ</span> <span class='ocrx_word' id='word_1_629' title='bbox 3103 4451 3200 4522; x_wconf 69' lang='grc' dir='ltr'><strong>τὴν</strong></span> <span class='ocrx_word' id='word_1_630' title='bbox 3233 4449 3664 4520; x_wconf 78' lang='grc' dir='ltr'>ταπεινοφροσύ-</span> 
     </span>
    </p>
   </div>
   <div class='ocr_carea' id='block_1_92' title="bbox 419 4540 1987 4608">
    <p class='ocr_par' dir='ltr' id='par_1_92' title="bbox 419 4540 1987 4608">
     <span class='ocr_line' id='line_1_92' title="bbox 419 4540 1987 4608; baseline 0.004 -17"><span class='ocrx_word' id='word_1_631' title='bbox 419 4551 473 4592; x_wconf 86' lang='lat' dir='ltr'><strong>et</strong></span> <span class='ocrx_word' id='word_1_632' title='bbox 503 4540 775 4606; x_wconf 84' lang='lat' dir='ltr'><strong>deturbat,</strong></span> <span class='ocrx_word' id='word_1_633' title='bbox 800 4541 1028 4596; x_wconf 89' lang='lat' dir='ltr'><strong>suscitat</strong></span> <span class='ocrx_word' id='word_1_634' title='bbox 1051 4541 1117 4594; x_wconf 92' lang='lat' dir='ltr'><strong>de</strong></span> <span class='ocrx_word' id='word_1_635' title='bbox 1148 4549 1288 4594; x_wconf 89' lang='lat' dir='ltr'><strong>terra</strong></span> <span class='ocrx_word' id='word_1_636' title='bbox 1316 4541 1553 4608; x_wconf 87' lang='lat' dir='ltr'><strong>inopem,</strong></span> <span class='ocrx_word' id='word_1_637' title='bbox 1575 4553 1627 4598; x_wconf 92' lang='lat' dir='ltr'><strong>et</strong></span> <span class='ocrx_word' id='word_1_638' title='bbox 1653 4544 1718 4596; x_wconf 88' lang='lat' dir='ltr'><strong>de</strong></span> <span class='ocrx_word' id='word_1_639' title='bbox 1749 4551 1987 4600; x_wconf 88' lang='lat' dir='ltr'><strong>stercore</strong></span> 
     </span>
    </p>
   </div>
   <div class='ocr_carea' id='block_1_93' title="bbox 421 4631 1988 4706">
    <p class='ocr_par' dir='ltr' id='par_1_93' title="bbox 421 4631 1988 4706">
     <span class='ocr_line' id='line_1_93' title="bbox 421 4631 1988 4706; baseline 0.002 -23"><span class='ocrx_word' id='word_1_640' title='bbox 421 4635 578 4700; x_wconf 75' lang='lat' dir='ltr'><strong>erigit</strong></span> <span class='ocrx_word' id='word_1_641' title='bbox 616 4649 927 4706; x_wconf 88' lang='lat' dir='ltr'><strong>pauperem.</strong></span> <span class='ocrx_word' id='word_1_642' title='bbox 977 4631 1092 4686; x_wconf 90' lang='lat' dir='ltr'><strong>lmo</strong></span> <span class='ocrx_word' id='word_1_643' title='bbox 1139 4633 1300 4686; x_wconf 85' lang='lat' dir='ltr'><strong>etiam</strong></span> <span class='ocrx_word' id='word_1_644' title='bbox 1343 4643 1630 4702; x_wconf 88' lang='lat' dir='ltr'><strong>postquam</strong></span> <span class='ocrx_word' id='word_1_645' title='bbox 1681 4633 1988 4699; x_wconf 86' lang='lat' dir='ltr'><strong>humiliavit</strong></span> 
     </span>
    </p>
   </div>
   <div class='ocr_carea' id='block_1_94' title="bbox 419 4724 1876 4794">
    <p class='ocr_par' dir='ltr' id='par_1_94' title="bbox 419 4724 1876 4794">
     <span class='ocr_line' id='line_1_94' title="bbox 419 4724 1876 4794; baseline 0.001 -19"><span class='ocrx_word' id='word_1_646' title='bbox 419 4737 512 4778; x_wconf 91' lang='lat' dir='ltr'><strong>eos</strong></span> <span class='ocrx_word' id='word_1_647' title='bbox 541 4727 632 4792; x_wconf 92' lang='lat' dir='ltr'><strong>qui</strong></span> <span class='ocrx_word' id='word_1_648' title='bbox 671 4739 734 4778; x_wconf 74' lang='lat' dir='ltr'><strong>ex</strong></span> <span class='ocrx_word' id='word_1_649' title='bbox 767 4724 1182 4779; x_wconf 81' lang='lat' dir='ltr'><strong>circumcisione</strong></span> <span class='ocrx_word' id='word_1_650' title='bbox 1205 4734 1350 4787; x_wconf 87' lang='lat' dir='ltr'><strong>sunt,</strong></span> <span class='ocrx_word' id='word_1_651' title='bbox 1381 4733 1566 4794; x_wconf 80' lang='lat' dir='ltr'><strong>gentes</strong></span> <span class='ocrx_word' id='word_1_652' title='bbox 1601 4725 1876 4779; x_wconf 81' lang='lat' dir='ltr'><strong>exaltavit.</strong></span> 
     </span>
    </p>
   </div>
   <div class='ocr_carea' id='block_1_95' title="bbox 490 4899 1980 4968">
    <p class='ocr_par' dir='ltr' id='par_1_95' title="bbox 490 4899 1980 4968">
     <span class='ocr_line' id='line_1_95' title="bbox 490 4899 1980 4968; baseline -0.001 -15"><span class='ocrx_word' id='word_1_653' title='bbox 490 4901 540 4953; x_wconf 90' lang='lat'><strong>9.</strong></span> <span class='ocrx_word' id='word_1_654' title='bbox 576 4901 714 4963; x_wconf 82' lang='lat' dir='ltr'><strong>Quia</strong></span> <span class='ocrx_word' id='word_1_655' title='bbox 751 4901 894 4954; x_wconf 73' lang='lat' dir='ltr'><strong>calix</strong></span> <span class='ocrx_word' id='word_1_656' title='bbox 939 4903 994 4955; x_wconf 89' lang='lat' dir='ltr'><strong>in</strong></span> <span class='ocrx_word' id='word_1_657' title='bbox 1037 4919 1196 4955; x_wconf 86' lang='lat' dir='ltr'><strong>manu</strong></span> <span class='ocrx_word' id='word_1_658' title='bbox 1237 4901 1449 4955; x_wconf 83' lang='lat' dir='ltr'><strong>Domini</strong></span> <span class='ocrx_word' id='word_1_659' title='bbox 1492 4901 1597 4953; x_wconf 83' lang='lat' dir='ltr'><strong>vini</strong></span> <span class='ocrx_word' id='word_1_660' title='bbox 1641 4901 1768 4952; x_wconf 84' lang='lat' dir='ltr'><strong>meri</strong></span> <span class='ocrx_word' id='word_1_661' title='bbox 1797 4899 1980 4968; x_wconf 83' lang='lat' dir='ltr'><strong>plenus</strong></span> 
     </span>
    </p>
   </div>
   <div class='ocr_carea' id='block_1_96' title="bbox 421 4993 1978 5063">
    <p class='ocr_par' dir='ltr' id='par_1_96' title="bbox 421 4993 1978 5063">
     <span class='ocr_line' id='line_1_96' title="bbox 421 4993 1978 5063; baseline 0.001 -19"><span class='ocrx_word' id='word_1_662' title='bbox 421 4994 600 5048; x_wconf 86' lang='lat' dir='ltr'><strong>misto.</strong></span> <span class='ocrx_word' id='word_1_663' title='bbox 637 4993 810 5060; x_wconf 83' lang='lat' dir='ltr'><strong>Calix,</strong></span> <span class='ocrx_word' id='word_1_664' title='bbox 843 4996 1038 5063; x_wconf 87' lang='lat' dir='ltr'><strong>inquit,</strong></span> <span class='ocrx_word' id='word_1_665' title='bbox 1067 5005 1149 5048; x_wconf 90' lang='lat' dir='ltr'><strong>est</strong></span> <span class='ocrx_word' id='word_1_666' title='bbox 1181 4998 1231 5048; x_wconf 91' lang='lat' dir='ltr'><strong>in</strong></span> <span class='ocrx_word' id='word_1_667' title='bbox 1270 5011 1432 5050; x_wconf 86' lang='lat' dir='ltr'><strong>manu</strong></span> <span class='ocrx_word' id='word_1_668' title='bbox 1467 4995 1698 5058; x_wconf 87' lang='lat' dir='ltr'><strong>Domini,</strong></span> <span class='ocrx_word' id='word_1_669' title='bbox 1733 4995 1786 5048; x_wconf 88' lang='lat' dir='ltr'><strong>in</strong></span> <span class='ocrx_word' id='word_1_670' title='bbox 1822 5009 1978 5062; x_wconf 87' lang='lat' dir='ltr'><strong>quem</strong></span> 
     </span>
    </p>
   </div>
   <div class='ocr_carea' id='block_1_97' title="bbox 419 5083 1980 5154">
    <p class='ocr_par' dir='ltr' id='par_1_97' title="bbox 419 5083 1980 5154">
     <span class='ocr_line' id='line_1_97' title="bbox 419 5083 1980 5154; baseline -0.001 -18"><span class='ocrx_word' id='word_1_671' title='bbox 419 5085 627 5138; x_wconf 81' lang='lat' dir='ltr'><strong>fructus</strong></span> <span class='ocrx_word' id='word_1_672' title='bbox 651 5085 886 5138; x_wconf 90' lang='lat' dir='ltr'><strong>hominis</strong></span> <span class='ocrx_word' id='word_1_673' title='bbox 914 5086 1026 5138; x_wconf 86' lang='lat' dir='ltr'><strong>sive</strong></span> <span class='ocrx_word' id='word_1_674' title='bbox 1059 5085 1229 5138; x_wconf 87' lang='lat' dir='ltr'><strong>bonos</strong></span> <span class='ocrx_word' id='word_1_675' title='bbox 1263 5087 1378 5139; x_wconf 90' lang='lat' dir='ltr'><strong>sive</strong></span> <span class='ocrx_word' id='word_1_676' title='bbox 1403 5085 1575 5139; x_wconf 87' lang='lat' dir='ltr'><strong>malos</strong></span> <span class='ocrx_word' id='word_1_677' title='bbox 1609 5085 1764 5154; x_wconf 86' lang='lat' dir='ltr'><strong>quasi</strong></span> <span class='ocrx_word' id='word_1_678' title='bbox 1799 5083 1980 5151; x_wconf 84' lang='lat' dir='ltr'><strong>expri-</strong></span> 
     </span>
    </p>
   </div>
   <div class='ocr_carea' id='block_1_98' title="bbox 419 5171 1982 5248">
    <p class='ocr_par' dir='ltr' id='par_1_98' title="bbox 419 5171 1982 5248">
     <span class='ocr_line' id='line_1_98' title="bbox 419 5171 1982 5248; baseline -0.001 -21"><span class='ocrx_word' id='word_1_679' title='bbox 419 5191 571 5230; x_wconf 89' lang='lat' dir='ltr'><strong>mens</strong></span> <span class='ocrx_word' id='word_1_680' title='bbox 602 5183 656 5228; x_wconf 87' lang='lat' dir='ltr'><strong>ct</strong></span> <span class='ocrx_word' id='word_1_681' title='bbox 681 5175 820 5230; x_wconf 88' lang='lat' dir='ltr'><strong>bona</strong></span> <span class='ocrx_word' id='word_1_682' title='bbox 849 5175 1006 5248; x_wconf 87' lang='lat' dir='ltr'><strong>malis</strong></span> <span class='ocrx_word' id='word_1_683' title='bbox 1035 5176 1415 5239; x_wconf 76' lang='lat' dir='ltr'><strong>commiscens,</strong></span> <span class='ocrx_word' id='word_1_684' title='bbox 1444 5176 1618 5243; x_wconf 90' lang='lat' dir='ltr'><strong>ipsum</strong></span> <span class='ocrx_word' id='word_1_685' title='bbox 1657 5175 1871 5242; x_wconf 88' lang='lat' dir='ltr'><strong>plenum</strong></span> <span class='ocrx_word' id='word_1_686' title='bbox 1905 5171 1982 5226; x_wconf 86' lang='lat' dir='ltr'><strong>ef-</strong></span> 
     </span>
    </p>
   </div>
   <div class='ocr_carea' id='block_1_99' title="bbox 418 5262 1976 5333">
    <p class='ocr_par' dir='ltr' id='par_1_99' title="bbox 418 5262 1976 5333">
     <span class='ocr_line' id='line_1_99' title="bbox 418 5262 1976 5333; baseline -0.003 -14"><span class='ocrx_word' id='word_1_687' title='bbox 418 5269 548 5320; x_wconf 84' lang='lat' dir='ltr'><strong>licit.</strong></span> <span class='ocrx_word' id='word_1_688' title='bbox 590 5263 794 5318; x_wconf 77' lang='lat' dir='ltr'><strong>Exinde</strong></span> <span class='ocrx_word' id='word_1_689' title='bbox 827 5280 952 5318; x_wconf 83' lang='lat' dir='ltr'><strong>vero</strong></span> <span class='ocrx_word' id='word_1_690' title='bbox 1000 5281 1230 5333; x_wconf 69' lang='lat' dir='ltr'><strong>quorum</strong></span> <span class='ocrx_word' id='word_1_691' title='bbox 1276 5265 1378 5318; x_wconf 66' lang='lat' dir='ltr'><strong>faex</strong></span> <span class='ocrx_word' id='word_1_692' title='bbox 1427 5281 1534 5318; x_wconf 87' lang='lat' dir='ltr'><strong>non</strong></span> <span class='ocrx_word' id='word_1_693' title='bbox 1574 5263 1888 5328; x_wconf 82' lang='lat' dir='ltr'><strong>cﬂ&#39;unditnr,</strong></span> <span class='ocrx_word' id='word_1_694' title='bbox 1925 5262 1976 5315; x_wconf 91' lang='lat' dir='ltr'><strong>id</strong></span> 
     </span>
    </p>
   </div>
   <div class='ocr_carea' id='block_1_100' title="bbox 416 5355 1974 5428">
    <p class='ocr_par' dir='ltr' id='par_1_100' title="bbox 416 5355 1974 5428">
     <span class='ocr_line' id='line_1_100' title="bbox 416 5355 1974 5428; baseline -0.001 -21"><span class='ocrx_word' id='word_1_695' title='bbox 416 5367 518 5420; x_wconf 82' lang='lat' dir='ltr'><strong>est,</strong></span> <span class='ocrx_word' id='word_1_696' title='bbox 551 5356 584 5408; x_wconf 91' lang='lat' dir='ltr'><strong>ii</strong></span> <span class='ocrx_word' id='word_1_697' title='bbox 623 5355 674 5408; x_wconf 91' lang='lat' dir='ltr'><strong>in</strong></span> <span class='ocrx_word' id='word_1_698' title='bbox 720 5356 918 5426; x_wconf 86' lang='lat' dir='ltr'><strong>quibus</strong></span> <span class='ocrx_word' id='word_1_699' title='bbox 946 5365 1164 5428; x_wconf 86' lang='lat' dir='ltr'><strong>peccata</strong></span> <span class='ocrx_word' id='word_1_700' title='bbox 1216 5364 1513 5418; x_wconf 85' lang='lat' dir='ltr'><strong>remanent,</strong></span> <span class='ocrx_word' id='word_1_701' title='bbox 1543 5356 1719 5422; x_wconf 84' lang='lat' dir='ltr'><strong>ipsum</strong></span> <span class='ocrx_word' id='word_1_702' title='bbox 1764 5355 1974 5416; x_wconf 87' lang='lat' dir='ltr'><strong>bibunt,</strong></span> 
     </span>
    </p>
   </div>
   <div class='ocr_carea' id='block_1_101' title="bbox 421 5445 1978 5520">
    <p class='ocr_par' dir='ltr' id='par_1_101' title="bbox 421 5445 1978 5520">
     <span class='ocr_line' id='line_1_101' title="bbox 421 5445 1978 5520; baseline -0.003 -21"><span class='ocrx_word' id='word_1_703' title='bbox 421 5448 468 5499; x_wconf 78' lang='lat' dir='ltr'><strong>id</strong></span> <span class='ocrx_word' id='word_1_704' title='bbox 512 5454 614 5506; x_wconf 89' lang='lat' dir='ltr'><strong>est,</strong></span> <span class='ocrx_word' id='word_1_705' title='bbox 659 5447 890 5514; x_wconf 87' lang='lat' dir='ltr'><strong>propriis</strong></span> <span class='ocrx_word' id='word_1_706' title='bbox 943 5445 1354 5520; x_wconf 76' lang='lat' dir='ltr'><strong>inebriahuntur</strong></span> <span class='ocrx_word' id='word_1_707' title='bbox 1397 5445 1585 5509; x_wconf 83' lang='lat' dir='ltr'><strong>malis;</strong></span> <span class='ocrx_word' id='word_1_708' title='bbox 1619 5445 1758 5498; x_wconf 85' lang='lat' dir='ltr'><strong>sicut</strong></span> <span class='ocrx_word' id='word_1_709' title='bbox 1791 5453 1978 5497; x_wconf 85' lang='lat' dir='ltr'><strong>contra</strong></span> 
     </span>
    </p>
   </div>
   <div class='ocr_carea' id='block_1_102' title="bbox 419 5535 1978 5612">
    <p class='ocr_par' dir='ltr' id='par_1_102' title="bbox 419 5535 1978 5612">
     <span class='ocr_line' id='line_1_102' title="bbox 419 5535 1978 5612; baseline -0.002 -22"><span class='ocrx_word' id='word_1_710' title='bbox 419 5537 591 5590; x_wconf 83' lang='lat' dir='ltr'><strong>sancti</strong></span> <span class='ocrx_word' id='word_1_711' title='bbox 625 5537 808 5590; x_wconf 87' lang='lat' dir='ltr'><strong>bibent</strong></span> <span class='ocrx_word' id='word_1_712' title='bbox 834 5536 1054 5589; x_wconf 86' lang='lat' dir='ltr'><strong>calicem</strong></span> <span class='ocrx_word' id='word_1_713' title='bbox 1095 5535 1215 5612; x_wconf 75' lang='lat' dir='ltr'><strong>vitae</strong></span> <span class='ocrx_word' id='word_1_714' title='bbox 1263 5537 1316 5590; x_wconf 89' lang='lat' dir='ltr'><strong>in</strong></span> <span class='ocrx_word' id='word_1_715' title='bbox 1360 5551 1526 5604; x_wconf 85' lang='lat' dir='ltr'><strong>regno</strong></span> <span class='ocrx_word' id='word_1_716' title='bbox 1559 5537 1818 5590; x_wconf 62' lang='lat' dir='ltr'><strong>caelorum</strong></span> <span class='ocrx_word' id='word_1_717' title='bbox 1855 5551 1978 5590; x_wconf 87' lang='lat' dir='ltr'><strong>cum</strong></span> 
     </span>
    </p>
   </div>
   <div class='ocr_carea' id='block_1_103' title="bbox 490 5709 1485 5798">
    <p class='ocr_par' dir='ltr' id='par_1_103' title="bbox 490 5709 1485 5798">
     <span class='ocr_line' id='line_1_103' title="bbox 490 5709 1485 5798; baseline -0.002 -35"><span class='ocrx_word' id='word_1_718' title='bbox 490 5710 532 5742; x_wconf 78' lang='grc'><strong>⁸¹</strong></span> <span class='ocrx_word' id='word_1_719' title='bbox 563 5709 578 5763; x_wconf 86' lang='lat' dir='ltr'><strong>i</strong></span> <span class='ocrx_word' id='word_1_720' title='bbox 614 5710 751 5764; x_wconf 88' lang='lat' dir='ltr'><strong>Tim.</strong></span> <span class='ocrx_word' id='word_1_721' title='bbox 786 5728 858 5776; x_wconf 86' lang='grc' dir='ltr'>ιιι,</span> <span class='ocrx_word' id='word_1_722' title='bbox 889 5711 969 5764; x_wconf 74' lang='grc'><strong>15.</strong></span> <span class='ocrx_word' id='word_1_723' title='bbox 1053 5711 1095 5742; x_wconf 72' lang='grc'>⁸³</span> <span class='ocrx_word' id='word_1_724' title='bbox 1127 5710 1300 5764; x_wconf 83' lang='lat' dir='ltr'><strong>Galat.</strong></span> <span class='ocrx_word' id='word_1_725' title='bbox 1337 5727 1408 5798; x_wconf 53' lang='grc' dir='ltr'><strong>ιι,</strong></span> <span class='ocrx_word' id='word_1_726' title='bbox 1433 5709 1485 5762; x_wconf 87' lang='grc'><strong>9.</strong></span> 
     </span>
    </p>
   </div>
   <div class='ocr_carea' id='block_1_104' title="bbox 2089 4541 3663 4612">
    <p class='ocr_par' dir='ltr' id='par_1_104' title="bbox 2089 4541 3663 4612">
     <span class='ocr_line' id='line_1_104' title="bbox 2089 4541 3663 4612; baseline 0 -20"><span class='ocrx_word' id='word_1_727' title='bbox 2089 4558 2204 4610; x_wconf 82' lang='grc' dir='ltr'>νην.</span> <span class='ocrx_word' id='word_1_728' title='bbox 2245 4542 2592 4612; x_wconf 87' lang='lat' dir='ltr'><strong>(Corderius.)</strong></span> <span class='ocrx_word' id='word_1_729' title='bbox 2635 4542 2804 4604; x_wconf 73' lang='grc' dir='ltr'>Αὐτὸς</span> <span class='ocrx_word' id='word_1_730' title='bbox 2842 4543 2949 4612; x_wconf 77' lang='grc' dir='ltr'><strong>γὰρ</strong></span> <span class='ocrx_word' id='word_1_731' title='bbox 2998 4543 3228 4612; x_wconf 83' lang='grc' dir='ltr'>καθιστᾷ</span> <span class='ocrx_word' id='word_1_732' title='bbox 3259 4541 3514 4610; x_wconf 85' lang='grc' dir='ltr'>βασιλεῖς,</span> <span class='ocrx_word' id='word_1_733' title='bbox 3565 4541 3663 4593; x_wconf 76' lang='grc' dir='ltr'><strong>καὶ</strong></span> 
     </span>
    </p>
   </div>
   <div class='ocr_carea' id='block_1_105' title="bbox 2089 4631 3664 4704">
    <p class='ocr_par' dir='ltr' id='par_1_105' title="bbox 2089 4631 3664 4704">
     <span class='ocr_line' id='line_1_105' title="bbox 2089 4631 3664 4704; baseline 0 -20"><span class='ocrx_word' id='word_1_734' title='bbox 2089 4633 2333 4704; x_wconf 72' lang='grc' dir='ltr'>μεθιστᾷ,</span> <span class='ocrx_word' id='word_1_735' title='bbox 2371 4633 2570 4702; x_wconf 77' lang='grc' dir='ltr'>ἐγείρει</span> <span class='ocrx_word' id='word_1_736' title='bbox 2604 4633 2712 4686; x_wconf 78' lang='grc' dir='ltr'>ἀπὸ</span> <span class='ocrx_word' id='word_1_737' title='bbox 2746 4635 2846 4703; x_wconf 80' lang='grc' dir='ltr'>γῆς</span> <span class='ocrx_word' id='word_1_738' title='bbox 2877 4634 3107 4702; x_wconf 76' lang='grc' dir='ltr'>πτωχὸν,</span> <span class='ocrx_word' id='word_1_739' title='bbox 3145 4633 3238 4684; x_wconf 73' lang='grc' dir='ltr'>καὶ</span> <span class='ocrx_word' id='word_1_740' title='bbox 3277 4631 3384 4684; x_wconf 83' lang='grc' dir='ltr'><strong>ἀπὸ</strong></span> <span class='ocrx_word' id='word_1_741' title='bbox 3426 4631 3664 4700; x_wconf 82' lang='grc' dir='ltr'>κοπρίας</span> 
     </span>
    </p>
   </div>
   <div class='ocr_carea' id='block_1_106' title="bbox 2084 4722 3664 4792">
    <p class='ocr_par' dir='ltr' id='par_1_106' title="bbox 2084 4722 3664 4792">
     <span class='ocr_line' id='line_1_106' title="bbox 2084 4722 3664 4792; baseline 0 -18"><span class='ocrx_word' id='word_1_742' title='bbox 2084 4723 2331 4792; x_wconf 74' lang='grc' dir='ltr'>ἀνίστησι</span> <span class='ocrx_word' id='word_1_743' title='bbox 2361 4722 2585 4791; x_wconf 78' lang='grc' dir='ltr'>πένητα,</span> <span class='ocrx_word' id='word_1_744' title='bbox 2638 4723 2797 4775; x_wconf 83' lang='grc' dir='ltr'>Ἀλλά</span> <span class='ocrx_word' id='word_1_745' title='bbox 2822 4723 2915 4776; x_wconf 73' lang='grc' dir='ltr'><strong>καὶ</strong></span> <span class='ocrx_word' id='word_1_746' title='bbox 2949 4723 3286 4784; x_wconf 84' lang='grc' dir='ltr'>ταπεινώσας</span> <span class='ocrx_word' id='word_1_747' title='bbox 3319 4722 3446 4785; x_wconf 84' lang='grc' dir='ltr'>τοὺς</span> <span class='ocrx_word' id='word_1_748' title='bbox 3467 4723 3533 4775; x_wconf 80' lang='grc' dir='ltr'><strong>ὲκ</strong></span> <span class='ocrx_word' id='word_1_749' title='bbox 3561 4739 3664 4774; x_wconf 87' lang='grc' dir='ltr'>πε-</span> 
     </span>
    </p>
   </div>
   <div class='ocr_carea' id='block_1_107' title="bbox 2090 4815 3252 4885">
    <p class='ocr_par' dir='ltr' id='par_1_107' title="bbox 2090 4815 3252 4885">
     <span class='ocr_line' id='line_1_107' title="bbox 2090 4815 3252 4885; baseline 0.001 -19"><span class='ocrx_word' id='word_1_750' title='bbox 2090 4815 2332 4885; x_wconf 77' lang='grc' dir='ltr'>ριτομῆς,</span> <span class='ocrx_word' id='word_1_751' title='bbox 2375 4817 2498 4877; x_wconf 80' lang='grc' dir='ltr'>τοὺς</span> <span class='ocrx_word' id='word_1_752' title='bbox 2537 4815 2644 4870; x_wconf 80' lang='grc' dir='ltr'><strong>ἀπὸ</strong></span> <span class='ocrx_word' id='word_1_753' title='bbox 2683 4816 2788 4866; x_wconf 88' lang='grc' dir='ltr'><strong>τῶν</strong></span> <span class='ocrx_word' id='word_1_754' title='bbox 2825 4815 2991 4867; x_wconf 80' lang='grc' dir='ltr'>ἐθνῶν</span> <span class='ocrx_word' id='word_1_755' title='bbox 3021 4815 3252 4884; x_wconf 49' lang='grc' dir='ltr'>ὕψωσεν.</span> 
     </span>
    </p>
   </div>
   <div class='ocr_carea' id='block_1_108' title="bbox 2159 4903 3662 4971">
    <p class='ocr_par' dir='ltr' id='par_1_108' title="bbox 2159 4903 3662 4971">
     <span class='ocr_line' id='line_1_108' title="bbox 2159 4903 3662 4971; baseline 0.003 -15"><span class='ocrx_word' id='word_1_756' title='bbox 2159 4905 2276 4956; x_wconf 87' lang='grc' dir='ltr'>Ὅτι</span> <span class='ocrx_word' id='word_1_757' title='bbox 2306 4903 2588 4971; x_wconf 71' lang='grc' dir='ltr'>ποτήριον</span> <span class='ocrx_word' id='word_1_758' title='bbox 2615 4903 2684 4955; x_wconf 78' lang='grc' dir='ltr'>ἐν</span> <span class='ocrx_word' id='word_1_759' title='bbox 2713 4904 2866 4970; x_wconf 62' lang='grc' dir='ltr'>χειρὶ.</span> <span class='ocrx_word' id='word_1_760' title='bbox 2909 4904 3128 4968; x_wconf 73' lang='grc' dir='ltr'>Κυρίου</span> <span class='ocrx_word' id='word_1_761' title='bbox 3183 4903 3350 4956; x_wconf 77' lang='grc' dir='ltr'>οἴνου</span> <span class='ocrx_word' id='word_1_762' title='bbox 3395 4903 3662 4970; x_wconf 76' lang='grc' dir='ltr'>ἀκράτου</span> 
     </span>
    </p>
   </div>
   <div class='ocr_carea' id='block_1_109' title="bbox 2085 4993 3658 5066">
    <p class='ocr_par' dir='ltr' id='par_1_109' title="bbox 2085 4993 3658 5066">
     <span class='ocr_line' id='line_1_109' title="bbox 2085 4993 3658 5066; baseline 0.001 -20"><span class='ocrx_word' id='word_1_763' title='bbox 2085 4993 2312 5062; x_wconf 72' lang='grc' dir='ltr'>πλῆρες</span> <span class='ocrx_word' id='word_1_764' title='bbox 2343 4993 2731 5062; x_wconf 73' lang='grc' dir='ltr'>κερὰσματος.</span> <span class='ocrx_word' id='word_1_765' title='bbox 2783 4995 3066 5063; x_wconf 75' lang='grc' dir='ltr'>Ποτήριον,</span> <span class='ocrx_word' id='word_1_766' title='bbox 3103 4995 3285 5062; x_wconf 74' lang='grc' dir='ltr'>φησὶν,</span> <span class='ocrx_word' id='word_1_767' title='bbox 3323 4995 3473 5046; x_wconf 79' lang='grc' dir='ltr'>ἐστὶν</span> <span class='ocrx_word' id='word_1_768' title='bbox 3517 4999 3572 5047; x_wconf 79' lang='grc' dir='ltr'><strong>ἐν</strong></span> <span class='ocrx_word' id='word_1_769' title='bbox 3587 4999 3658 5066; x_wconf 81' lang='grc' dir='ltr'>τῇ</span> 
     </span>
    </p>
   </div>
   <div class='ocr_carea' id='block_1_110' title="bbox 2083 5080 3658 5154">
    <p class='ocr_par' dir='ltr' id='par_1_110' title="bbox 2083 5080 3658 5154">
     <span class='ocr_line' id='line_1_110' title="bbox 2083 5080 3658 5154; baseline 0 -19"><span class='ocrx_word' id='word_1_770' title='bbox 2083 5083 2174 5135; x_wconf 78' lang='grc' dir='ltr'>τοῦ</span> <span class='ocrx_word' id='word_1_771' title='bbox 2237 5083 2439 5150; x_wconf 70' lang='grc' dir='ltr'>Κυρίου</span> <span class='ocrx_word' id='word_1_772' title='bbox 2475 5083 2648 5154; x_wconf 69' lang='grc' dir='ltr'>χειρὶ,</span> <span class='ocrx_word' id='word_1_773' title='bbox 2707 5083 2785 5143; x_wconf 83' lang='grc' dir='ltr'><strong>είς</strong></span> <span class='ocrx_word' id='word_1_774' title='bbox 2833 5081 2861 5132; x_wconf 82' lang='grc' dir='ltr'>ὃ</span> <span class='ocrx_word' id='word_1_775' title='bbox 2916 5081 3150 5133; x_wconf 74' lang='grc' dir='ltr'>ἑκάστου</span> <span class='ocrx_word' id='word_1_776' title='bbox 3197 5080 3483 5152; x_wconf 79' lang='grc' dir='ltr'>ἀνθρώπου</span> <span class='ocrx_word' id='word_1_777' title='bbox 3529 5085 3658 5146; x_wconf 72' lang='grc' dir='ltr'>τοὺς</span> 
     </span>
    </p>
   </div>
   <div class='ocr_carea' id='block_1_111' title="bbox 2083 5171 3657 5242">
    <p class='ocr_par' dir='ltr' id='par_1_111' title="bbox 2083 5171 3657 5242">
     <span class='ocr_line' id='line_1_111' title="bbox 2083 5171 3657 5242; baseline -0.001 -17"><span class='ocrx_word' id='word_1_778' title='bbox 2083 5175 2326 5242; x_wconf 69' lang='grc' dir='ltr'>καρποὺς</span> <span class='ocrx_word' id='word_1_779' title='bbox 2353 5173 2442 5224; x_wconf 71' lang='grc' dir='ltr'><strong>καὶ</strong></span> <span class='ocrx_word' id='word_1_780' title='bbox 2481 5175 2602 5233; x_wconf 74' lang='grc' dir='ltr'>τοὺς</span> <span class='ocrx_word' id='word_1_781' title='bbox 2635 5172 2870 5238; x_wconf 69' lang='grc' dir='ltr'>ἀγαθοῦς</span> <span class='ocrx_word' id='word_1_782' title='bbox 2906 5171 2996 5223; x_wconf 69' lang='grc' dir='ltr'>καὶ</span> <span class='ocrx_word' id='word_1_783' title='bbox 3029 5173 3152 5232; x_wconf 69' lang='grc' dir='ltr'>τοὺς</span> <span class='ocrx_word' id='word_1_784' title='bbox 3187 5179 3459 5241; x_wconf 71' lang='grc' dir='ltr'>πονηρους</span> <span class='ocrx_word' id='word_1_785' title='bbox 3492 5173 3657 5225; x_wconf 68' lang='grc' dir='ltr'>οἱονεὶ</span> 
     </span>
    </p>
   </div>
   <div class='ocr_carea' id='block_1_112' title="bbox 2085 5261 3656 5330">
    <p class='ocr_par' dir='ltr' id='par_1_112' title="bbox 2085 5261 3656 5330">
     <span class='ocr_line' id='line_1_112' title="bbox 2085 5261 3656 5330; baseline -0.002 -16"><span class='ocrx_word' id='word_1_786' title='bbox 2085 5263 2368 5324; x_wconf 78' lang='grc' dir='ltr'>ὲκπιὲζων,</span> <span class='ocrx_word' id='word_1_787' title='bbox 2413 5263 2503 5314; x_wconf 70' lang='grc' dir='ltr'><strong>καὶ</strong></span> <span class='ocrx_word' id='word_1_788' title='bbox 2535 5263 2598 5313; x_wconf 75' lang='grc' dir='ltr'><strong>τὰ</strong></span> <span class='ocrx_word' id='word_1_789' title='bbox 2650 5261 2825 5328; x_wconf 62' lang='grc' dir='ltr'>ἀγαθὲ</span> <span class='ocrx_word' id='word_1_790' title='bbox 2883 5265 2994 5323; x_wconf 83' lang='grc' dir='ltr'>τοῖς</span> <span class='ocrx_word' id='word_1_791' title='bbox 3029 5265 3282 5330; x_wconf 74' lang='grc' dir='ltr'>πονηροῖς</span> <span class='ocrx_word' id='word_1_792' title='bbox 3325 5261 3656 5330; x_wconf 78' lang='grc' dir='ltr'>ἀνακιρνῶν,</span> 
     </span>
    </p>
   </div>
   <div class='ocr_carea' id='block_1_113' title="bbox 2087 5347 3662 5422">
    <p class='ocr_par' dir='ltr' id='par_1_113' title="bbox 2087 5347 3662 5422">
     <span class='ocr_line' id='line_1_113' title="bbox 2087 5347 3662 5422; baseline -0.001 -16"><span class='ocrx_word' id='word_1_793' title='bbox 2087 5355 2288 5422; x_wconf 74' lang='grc' dir='ltr'>πλῆρες</span> <span class='ocrx_word' id='word_1_794' title='bbox 2315 5355 2443 5406; x_wconf 71' lang='grc' dir='ltr'>αὐτὸ</span> <span class='ocrx_word' id='word_1_795' title='bbox 2476 5353 2743 5406; x_wconf 83' lang='grc' dir='ltr'>ἀποτελεῖ.</span> <span class='ocrx_word' id='word_1_796' title='bbox 2778 5350 2908 5405; x_wconf 76' lang='grc' dir='ltr'>Εἶτα</span> <span class='ocrx_word' id='word_1_797' title='bbox 2949 5347 3142 5406; x_wconf 80' lang='grc' dir='ltr'>ὧνούκ</span> <span class='ocrx_word' id='word_1_798' title='bbox 3184 5355 3424 5422; x_wconf 82' lang='grc' dir='ltr'>ἐκχεῖται</span> <span class='ocrx_word' id='word_1_799' title='bbox 3461 5356 3488 5406; x_wconf 87' lang='grc' dir='ltr'>ὁ</span> <span class='ocrx_word' id='word_1_800' title='bbox 3529 5370 3662 5422; x_wconf 81' lang='grc' dir='ltr'>τρυ-</span> 
     </span>
    </p>
   </div>
   <div class='ocr_carea' id='block_1_114' title="bbox 2085 5437 3654 5514">
    <p class='ocr_par' dir='ltr' id='par_1_114' title="bbox 2085 5437 3654 5514">
     <span class='ocr_line' id='line_1_114' title="bbox 2085 5437 3654 5514; baseline 0 -20"><span class='ocrx_word' id='word_1_801' title='bbox 2085 5445 2228 5511; x_wconf 76' lang='grc' dir='ltr'>γίας,</span> <span class='ocrx_word' id='word_1_802' title='bbox 2255 5445 2524 5496; x_wconf 79' lang='grc' dir='ltr'>τουτέστιν</span> <span class='ocrx_word' id='word_1_803' title='bbox 2558 5437 2631 5495; x_wconf 83' lang='grc' dir='ltr'>ὧν</span> <span class='ocrx_word' id='word_1_804' title='bbox 2663 5444 3084 5513; x_wconf 76' lang='grc' dir='ltr'>ἐναπομένουσιν</span> <span class='ocrx_word' id='word_1_805' title='bbox 3118 5445 3172 5495; x_wconf 82' lang='grc' dir='ltr'>αἱ</span> <span class='ocrx_word' id='word_1_806' title='bbox 3195 5445 3484 5514; x_wconf 74' lang='grc' dir='ltr'>ἁμαρτίαι,</span> <span class='ocrx_word' id='word_1_807' title='bbox 3511 5437 3654 5495; x_wconf 70' lang='grc' dir='ltr'>οὗτοι</span> 
     </span>
    </p>
   </div>
   <div class='ocr_carea' id='block_1_115' title="bbox 2087 5531 3656 5605">
    <p class='ocr_par' dir='ltr' id='par_1_115' title="bbox 2087 5531 3656 5605">
     <span class='ocr_line' id='line_1_115' title="bbox 2087 5531 3656 5605; baseline -0.001 -21"><span class='ocrx_word' id='word_1_808' title='bbox 2087 5535 2216 5586; x_wconf 71' lang='grc' dir='ltr'>αὐτὸ</span> <span class='ocrx_word' id='word_1_809' title='bbox 2245 5535 2538 5586; x_wconf 81' lang='grc' dir='ltr'>ἐκπίονται·</span> <span class='ocrx_word' id='word_1_810' title='bbox 2573 5534 2813 5605; x_wconf 70' lang='grc' dir='ltr'>τουτέστι</span> <span class='ocrx_word' id='word_1_811' title='bbox 2869 5537 2978 5596; x_wconf 81' lang='grc' dir='ltr'>τοῖς</span> <span class='ocrx_word' id='word_1_812' title='bbox 3033 5533 3180 5596; x_wconf 76' lang='grc' dir='ltr'>ἰδίοις</span> <span class='ocrx_word' id='word_1_813' title='bbox 3224 5531 3656 5602; x_wconf 79' lang='grc' dir='ltr'>μεθυσθήσονται</span> 
     </span>
    </p>
   </div>
  </div>
