3872 6216
181 339 278 398 541

1252 336 1620 392 EXPOSITIO
1660 338 1728 391 IN
1761 337 2095 396 PSALMUM
2135 341 2343 398 LXXV.

3313 341 3418 398 38

179 456 382 517 κακοῖς·
417 453 605 525 ὥσπερ
633 454 822 524 ἀμέλει
857 455 949 506 καὶ
982 455 1030 506 οἱ
1073 453 1216 522 ἀγιοι
1252 455 1466 507 πίονται
1492 455 1550 506 τὸ
1585 456 1748 525 ποτή-

1870 455 2084 511 )omino
2137 458 2298 523 Jesu,
2347 459 2645 513 secundum
2699 459 2870 529 ipsius
2920 459 3143 515 Domini.
3177 473 3414 513 vocem:

181 561 289 614 ριον
311 544 408 614 τῆς
435 543 581 614 ζωῆς
601 547 657 597 ὲν
685 547 750 615 τῇ
780 544 1024 614 βασιλείᾳ
1061 545 1167 596 τῶν
1201 546 1442 615 οὐρανῶν
1477 544 1612 614 μετά
1645 545 1738 596 τοῦ

1850 545 2027 600 Donec
2060 547 2232 600 bibam
2263 548 2414 600 illum
2446 551 2708 601 vobiscum
2740 551 2792 601 in
2826 565 2980 618 regno
3010 549 3256 602 caelorum
3281 548 3346 599 ⁸³.

181 635 376 705 Κυρίου
423 635 596 705 Ἰησοῦ
634 635 773 688 κατά
804 635 902 707 τὴν
943 636 1035 689 τοῦ
1077 637 1282 707 Κυρίου
1316 634 1482 688 αὑτοῦ
1528 637 1730 705 φωνήν·
1775 636 1931 702 Ἕως
1956 634 2026 694 οὗ
2051 639 2164 691 πίω
2200 640 2345 693 αὐτὸ
2389 640 2458 692 ἑν
2486 639 2560 708 τῇ
2585 642 2872 709 βασιλείᾳ
2903 641 3020 694 τῶν
3079 641 3350 710 οὐρανῶν

174 727 294 796 μεθ’
320 725 509 794 ὑμῶν.

259 823 396 892 Ἐγὼ
433 822 502 875 δὲ
523 821 960 892 ἀγαλλιάσομαι
979 823 1065 886 εὶς
1099 822 1204 875 τὸν
1231 818 1437 883 αἰῶνα,
1465 818 1642 889 ψαλῶ
1666 819 1747 882 τῷ

183 914 297 980 θεῷ
344 912 567 968 Ἰακώϐ.
638 913 854 984 Ἐπειδὴ
895 912 960 966 ἂν
983 952 998 976 ,
1027 914 1181 982 φησὶ,
1210 911 1304 964 τοῦ
1355 911 1614 982 ποτηρίου
1650 927 1746 980 με-

182 1005 389 1060 ταλὰϐω
446 1004 548 1074 τῆς
607 1003 792 1072 ζωῆς,
851 1003 1157 1073 εὐφροσύνη
1214 1021 1301 1074 μοι
1337 1003 1625 1073 γενήσεται
1689 999 1748 1064 ἐξ

181 1097 358 1152 αὑτοῦ.

250 1181 352 1234 Καὶ
414 1179 613 1233 πάντα
678 1181 748 1232 τὰ
785 1178 1015 1244 κέρατα“
1044 1176 1162 1230 τῶν
1207 1173 1569 1245 ἁμαρτωλῶν
1596 1187 1747 1227 συν-

183 1273 396 1327 θλάσω.
422 1273 506 1336 Εἰ,
528 1270 966 1340 ταπεινουμένων
999 1271 1105 1322 τῶν
1132 1266 1470 1338 ἁμαρτωλῶν
1505 1268 1584 1328 εἰς
1617 1264 1749 1334 ὕψος

181 1365 384 1434 αἴρεται
415 1362 473 1416 τὸ
513 1363 702 1433 κέρας,
764 1361 1006 1431 δηλονότι
1054 1360 1148 1413 καὶ
1199 1359 1517 1428 ὑψουμένων
1557 1357 1746 1424 ἁγίων,

184 1455 623 1525 συντριϐήσονται
649 1454 757 1507 τῶν
783 1453 1121 1526 ἁμαρτωλῶν
1147 1452 1216 1504 τὰ
1245 1452 1472 1521 κέρατα.
1509 1450 1667 1511 Τίνες
1691 1448 1747 1502 δὲ

184 1547 244 1598 ἂν
267 1543 370 1598 εἷεν
397 1548 444 1598 οἰ
476 1546 793 1615 ἁμαρτωλοὶ
822 1547 854 1616 ἢ
884 1548 932 1598 οἱ
966 1544 1328 1614 ἀντικεῖμενοι
1356 1545 1466 1604 τοῖς
1497 1539 1589 1592 τοῦ
1611 1539 1744 1592 Θεοῦ

183 1637 478 1707 ἀνθρώποις
511 1637 739 1708 πονηροὶ
789 1637 1071 1706 δαίμονες;
1123 1635 1230 1688 Καὶ
1264 1630 1649 1701 ὑψωθήσεται
1679 1628 1744 1681 τὸ

182 1727 352 1796 κέρας
379 1728 483 1781 τοῦ
514 1727 770 1780 δικαίου.
795 1727 976 1797 Κέρας
1006 1726 1104 1795 μὲν
1126 1725 1222 1796 τὴν
1251 1721 1522 1794 βασιλείαν
1559 1719 1744 1790 φησὶν,

182 1820 291 1886 ἤτοι
317 1820 413 1889 τὴν
469 1819 810 1872 δυναστείαν.
869 1816 1084 1887 Ἐπειδὴ
1139 1817 1205 1869 ἂν
1242 1811 1357 1877 οὖν,
1425 1811 1590 1882 φησι,
1647 1809 1745 1879 τὴν

186 1910 325 1980 ἰσχὺν
377 1910 618 1963 λάϐωσιν
651 1911 700 1962 οί
751 1909 968 1972 δίκαιοι,
1014 1907 1371 1980 ἀνῃρημένων
1406 1904 1604 1975 δηλαδὴ
1637 1901 1745 1955 τῶν

1923 818 2012 872 10.
2066 817 2176 887 Ego
2221 827 2394 871 autem
2441 819 2714 874 exsultabo
2755 821 2811 873 in
2859 821 3146 884 satculum,
3195 820 3419 875 cantabo

1854 909 1962 962 Deo
2007 908 2195 968 Jacab.
2255 910 2389 964 Cum
2447 911 2602 965 calici
2659 912 2777 965 vitae
2828 912 3239 984 participavero,
3293 920 3422 964 tunc

1855 1001 1987 1056 mihi
2013 1001 2196 1055 laetitia
2229 1002 2355 1056 hinc
2385 1005 2614 1060 eveniet.

1928 1177 2013 1229 Η.
2045 1175 2114 1228 Et
2157 1177 2333 1229 omnia
2371 1194 2567 1230 cornua
2612 1188 2941 1246 peccatorum
2981 1178 3328 1249 confringant.
3361 1179 3417 1232 Si

1857 1267 2156 1321 bumiliatis
2203 1268 2442 1332 sanctis,
2496 1276 2843 1337 peccatorum
2901 1283 3072 1322 cornu
3137 1270 3190 1322 in
3250 1271 3415 1324 altum

1854 1357 2154 1420 extollitur,
2192 1371 2324 1411 sane
2347 1359 2594 1413 exaltatis
2624 1359 2828 1413 sanctis
2860 1359 3268 1428 confringcntur
3299 1376 3420 1415 cor-

1855 1463 1960 1500 nua
2010 1455 2377 1515 peccatorum.
2419 1445 2649 1512 Quinam
2706 1447 2905 1502 fuerint
2949 1458 3280 1516 peccatores,
3315 1450 3418 1504 nisi

1855 1535 2075 1606 maligni
2126 1537 2442 1601 daemones,
2497 1537 2806 1592 hominibus
2867 1537 2957 1592 Dci
3016 1539 3288 1608 oppositi?
3352 1540 3417 1592 Et

1851 1627 2175 1680 exaltabitur
2221 1643 2384 1680 cornu
2427 1628 2578 1693 iusti.
2624 1627 2806 1682 Cornu
2858 1629 2988 1683 dicit
3029 1645 3277 1698 regnum,
3309 1631 3423 1684 sive

1852 1718 2172 1786 potentiam.
2198 1717 2493 1786 Postquam
2532 1718 2714 1789 igitur,
2748 1719 2852 1784 ait,
2879 1719 3012 1789 justi
3049 1719 3420 1774 fortitudinem

1854 1809 2180 1876 acceperint,
2214 1809 2441 1862 sublatis
2476 1808 2726 1864 videlicet
2752 1810 3001 1879 malignis
3026 1810 3385 1879 potestatibus
3406 1849 3426 1872 ι

1853 1907 1982 1953 tunc
2017 1898 2110 1952 Dei
2139 1900 2404 1953 mirabilia
2433 1901 2805 1955 ostendentur.
2836 1900 3014 1967 Quare
3049 1902 3203 1955 initio
3228 1902 3435 1971 psalmi-

183 2003 423 2075 πονηρῶν
475 2004 781 2073 δυνάμεων,
813 2004 935 2056 τότε
967 2002 1030 2071 δὴ
1059 2002 1181 2054 τότε
1211 2001 1304 2054 καὶ
1335 2001 1429 2055 τοῦ
1473 1999 1607 2054 Θεοῦ
1647 1997 1748 2050 δει-

1870 1991 2020 2044 lixit:
2052 1989 2298 2043 Narrabo
2331 1990 2601 2043 mirabilia
2634 2003 2744 2054 tua,
2777 2008 2894 2050 cum
2927 2009 3168 2062 accepero
3201 2002 3419 2060 tempus.

183 2097 458 2166 χθήσονται
506 2096 581 2149 τὰ
623 2096 919 2166 Θαυμάσια,
961 2095 1050 2149 Διὸ
1101 2095 1194 2149 καί⁹
1229 2096 1529 2167 ἀρχόμενος
1571 2092 1664 2147 τοῦ
1708 2085 1922 2160 ψαλμοῦ
1961 2083 2162 2152 ἔλεγεν·
2205 2081 2570 2160 Διηγήσομαι
2612 2083 2684 2138 τὰ
2721 2083 3022 2144 θαυαάσιά
3057 2101 3194 2148 σου,
3237 2085 3319 2138 ὅτ’
3347 2085 3425 2137 ἂν

181 2188 330 2242 λάϐω
362 2188 595 2255 καιρόν.
621 2233 628 2239 .

177 2298 272 2363 Εὶς
300 2297 365 2351 τὸ
394 2297 598 2363 τέλος,
638 2297 707 2351 ἐν
739 2283 992 2367 ὕμνοις,
1035 2302 1342 2355 ΨΑΛΜΟΣ
1391 2298 1472 2365 τῷ
1534 2299 1746 2366 Ἀσάφ,

480 2389 612 2458 ᾠδὴ
641 2391 789 2458 πρὸς
813 2391 920 2444 τὸν
951 2392 1294 2461 Ἀσσύριον.
1333 2396 1458 2447 ΟΕί.

809 2507 820 2526 '
835 2508 1142 2574 Υπόθεσις.

181 2603 282 2656 Kal.
307 2595 457 2667 οὗτος
493 2607 523 2658 ὁ
542 2604 771 2676 »ψαλμὸς
795 2607 893 2677 τῆς
925 2609 1091 2679 αὐτῆς
1123 2608 1304 2679 ἔχεται
1341 2607 1650 2670 ὑποθέσεως
1676 2607 1754 2678 τῷ

243 2694 432 2747 ὀπίσω·
464 2696 565 2749 καὶ
591 2696 750 2760 αὐτὸς
797 2699 902 2768 γὰρ
929 2698 1000 2751 τὰ
1026 2700 1155 2770 περὶ
1179 2697 1272 2752 τοῦ
1300 2698 1443 2751 Θείου
1497 2699 1755 2776 δικαστηέ

246 2785 356 2856 ρίου
385 2787 680 2858 διηγεῖται.

242 2876 523 2942 Γνωστὸς
553 2877 626 2929 ἐν
645 2876 716 2945 τῇ
747 2877 1007 2948 Ἰουδαίᾳ
1032 2881 1064 2931 ό
1086 2877 1250 2945 Θεὸς,
1274 2879 1374 2938 καὶ
1400 2881 1470 2933 ἐν
1511 2880 1756 2949 Ἰσραὴλ

174 2965 316 3034 μέγα
335 2967 401 3022 τὸ
443 2968 638 3038 ὄνομα
686 2970 892 3025 αὑτοῦ.
949 2972 1206 3035 Ἰουδαίαν
1252 2973 1483 3027 ἐνταῦθα
1509 2975 1602 3027 καὶ
1653 2975 1751 3026 Ἰσ-

182 3057 307 3125 ραὴλ
337 3056 434 3130 τὴν
484 3060 791 3126 ὲγνωκυῖαν
851 3063 941 3115 τὸν
981 3063 1113 3116 Θεὸν
1159 3063 1335 3136 ψυχήν
1385 3083 1567 3136 φησιν·
1608 3065 1745 3136 αὕτη

179 3146 279 3216 γάρ
310 3149 456 3201 ἐστιν
492 3153 526 3220 ἡ
571 3149 773 3222 ἀληθὴς
816 3153 1044 3213 Ἰουδαία
1075 3157 1168 3208 καὶ
1204 3159 1231 3208 6
1267 3157 1472 3228 ἀληθὴς
1509 3158 1742 3229 Ἰσραήλ.

254 3239 542 3308 Ἐγενήθη
597 3241 665 3294 ἐν
689 3241 899 3311 εἰρήνῃ
942 3246 973 3297 ὁ
1035 3249 1219 3313 τόπος
1261 3248 1472 3303 αὐτοῦ.
1533 3250 1595 3301 Εἰ
1645 3250 1823 3320 γὰρϐ

182 3327 301 3398 περὶ
343 3329 445 3400 τῆς
494 3331 613 3384 ἄνω
671 3333 929 3398 Ἰουδαίας
977 3337 1310 3408 γέγραπται,
1360 3339 1488 3393 ἔνθα
1543 3340 1756 3410 ἀπέδρα

183 3417 350 3490 ὀδύνη,
379 3422 525 3494 λύπη
570 3423 663 3475 καὶ
699 3427 1022 3496 στεναγμὸς,
1079 3429 1322 3500 δηλονότι
1356 3433 1578 3503 εἰρήνης
1607 3433 1756 3489 ἔσται

183 3511 352 3576 τόπος.
388 3513 499 3567 Καὶ
548 3513 618 3567 τὸ
649 3517 1108 3586 κατοικητήριον
1141 3521 1327 3574 αὐτοῦ
1355 3523 1423 3574 ἐν
1466 3523 1638 3576 Σιών.
1676 3525 1753 3596 Τῇ

184 3605 333 3672 νοητῇ
368 3621 558 3674 φησιν,
588 3606 705 3674 ἦτοι
733 3611 799 3678 τῇ
821 3607 952 3672 ἄνω,
1055 3614 1120 3682 τῇ
1157 3611 1264 3665 τῶν
1303 3614 1474 3682 ἁγίων
1508 3615 1676 3687 ψυχῇ.

248 3692 570 3764 [Ἐγενήθη
589 3697 656 3749 ἐν
678 3698 886 3768 εἰρήνῃ
907 3703 939 3754 ό
958 3703 1140 3768 τόπος
1157 3705 1445 3776 αὑτοῦ.Τῇ
1463 3707 1570 3758 τῶν
1590 3708 1756 3774 ἁγίων

183 3780 337 3853 ψυχῇ.
363 3785 435 3836 Τὸ
464 3785 762 3856 Ἐὅραῖκὸν
785 3789 996 3858 Σαλήμ
1021 3791 1155 3861 ἔχει,
1181 3794 1274 3846 καὶ
1304 3796 1352 3847 οἱ
1384 3794 1557 3849 λοιποὶ
1585 3797 1756 3862 οὕτως

185 3877 544 3948 ἡρμήνευσανο
561 3880 590 3932 ὅ
618 3883 763 3933 ἐστιν
785 3881 1014 3950 εἰρήνη.
1043 3885 1130 3936 Ἑν
1151 3885 1320 3957 ταύτῃ
1339 3884 1430 3940 οὖν
1452 3889 1483 3959 ἢ
1507 3892 1570 3960 τῇ
1588 3891 1753 3962 ψυχῇ,

186 3966 215 4036 ἢ
254 3973 314 4040 τῇ
359 3972 658 4042 Ἐκκλησία
678 3973 744 4026 τὰ
774 3976 1145 4046 πεπυρωμένα
1185 3977 1332 4048 βέλη,
1369 3979 1404 4032 δι
1450 3983 1478 4034 6
1525 3983 1761 4054 πονηρὸς¹

187 4060 400 4132 πέμπει,
428 4065 824 4135 συντρίϐονται,
857 4067 975 4138 ἣτῇ
995 4067 1105 4121 ἄνω
1142 4070 1545 4144 Ἰερουσαλήμ.]
1633 4133 1635 4137 ,

262 4211 412 4266 Ἐκεῖ
435 4213 765 4283 συνέτριψε
791 4215 862 4269 τὰ
893 4217 1076 4286 κράτη
1101 4219 1219 4271 τῶν
1247 4220 1457 4284 τόξων.
1494 4223 1566 4294 Ση
1577 4225 1756 4293 μαίνει

187 4300 264 4354 διὰ
291 4304 494 4358 τούτων
543 4306 646 4369 τὰς
683 4308 1066 4376 ἀντικειμένας
1113 4310 1391 4380 δυνάμεις·
1437 4313 1492 4365 αἳ
1535 4316 1755 4387 συντρί-

189 4394 376 4458 ὖονται,
425 4399 616 4471 ἐπειδὴ
648 4400 714 4454 ἂν
754 4403 802 4453 οἱ
845 4401 990 4468 ἅγιοι
1020 4401 1120 4466 τὰς
1158 4406 1275 4456 ἐκεῖ
1315 4405 1524 4475 λάχωσι
1571 4425 1754 4462 κατοι-

189 4490 295 4538 κεῖν
327 4492 514 4559 μονὰςζ

1851 2285 1902 2339 l.
1939 2282 2005 2338 In
2037 2284 2192 2360 ﬁnem
2215 2322 2234 2347 ι
2264 2285 2322 2341 in
2360 2282 2641 2350 laudibus,
2673 2245 3014 2343 I’SALMUS
3058 2285 3256 2354 Asapli,
3291 2303 3420 2338 can-

2216 2373 2376 2435 ticum
2407 2374 2475 2427 ad
2501 2375 2795 2442 Assyrium.
2829 2373 3055 2429 LXXV.

2436 2482 2839 2552 Argumentum.

1855 2593 1954 2649 Hic
1983 2610 2201 2665 quoque
2235 2595 2481 2664 psalmus
2520 2594 2572 2647 in
2605 2595 2793 2649 eodem
2825 2605 3071 2650 versatur
3104 2604 3422 2662 argumento

1924 2700 2032 2754 quo
2071 2685 2347 2754 superior;
2391 2699 2514 2737 nam
2563 2700 2684 2754 qua:
2728 2685 2970 2740 divinum
3025 2686 3260 2740 tribunal
3301 2703 3423 2757 spe-

1923 2786 2070 2832 ctant
2098 2785 2333 2832 enarrat.

1921 2873 1976 2927 2.
2011 2871 2186 2924 Notus
2227 2874 2280 2925 in
2325 2871 2520 2926 Iudam
2554 2870 2716 2936 Deus,
2749 2873 2803 2924 in
2847 2869 3018 2925 Israel
3049 2887 3293 2941 magnum
3327 2889 3421 2926 no-

1855 2981 1971 3017 men
1999 2963 2130 3032 ejus.
2157 2961 2398 3017 Judaeam
2444 2964 2532 3018 hic
2571 2972 2624 3018 et
2651 2962 2814 3018 lsrael
2851 2973 3006 3018 vocat
3033 2963 3268 3016 animam
3300 2979 3422 3032 quae

1856 3055 2024 3109 Deum
2066 3054 2216 3109 novit
2250 3073 2263 3108 :
2293 3054 2409 3125 ipsa
2443 3069 2676 3124 namque
2709 3064 2791 3109 est
2821 3069 2945 3109 vera
2970 3051 3153 3133 Iudaea
3177 3063 3230 3108 et
3259 3069 3424 3108 verus

1855 3147 2038 3202 lsrael.

1927 3239 1979 3294 '5.
2012 3236 2213 3293 Factus
2252 3247 2326 3292 est
2370 3237 2424 3291 in
2452 3252 2575 3306 pace
2623 3237 2765 3291 locus
2793 3235 2925 3306 ejus.
2955 3235 3013 3288 Si
3057 3236 3200 3290 enim
3231 3235 3297 3289 de
3327 3249 3419 3289 su-

1855 3349 2020 3403 perna
2053 3331 2238 3387 Judaea
2273 3331 2477 3387 dictum
2517 3339 2602 3386 est
2632 3349 2646 3386 :
2675 3331 2802 3385 hinc
2825 3316 3008 3399 effugit
3041 3329 3215 3393 dolor,
3249 3327 3419 3382 tristi-

1855 3426 1929 3478 tia
1959 3433 2010 3480 et
2044 3424 2310 3496 gemitus;
2340 3439 2471 3480 sane
2513 3424 2664 3492 pacis
2710 3423 2863 3477 locus
2903 3422 3026 3476 erit.
3058 3419 3126 3473 Et
3158 3419 3424 3472 habitatio.

1854 3520 1965 3588 ejus
1999 3521 2053 3573 in
2081 3519 2229 3575 Sion.
2270 3518 2326 3572 In
2379 3519 2645 3590 spirituali
2688 3519 2966 3584 videlicet,
3017 3518 3131 3572 sive
3161 3531 3414 3586 superna,

1856 3617 1949 3664 aut
1985 3611 2038 3663 in
2070 3620 2381 3665 sanctorum
2413 3611 2613 3664 anima.

1929 3701 2152 3774 [Factus
2185 3711 2260 3756 est
2301 3703 2357 3755 in
2400 3719 2521 3771 pace
2555 3703 2698 3756 locus
2736 3703 2867 3770 ejus.
2897 3699 2955 3754 In
2994 3701 3170 3756 anima
3205 3711 3417 3756 sancto—

1856 3809 1995 3850 rum.
2040 3793 2334 3848 llebraicus
2369 3803 2548 3848 textus
2583 3794 2743 3848 habet
2787 3793 2986 3859 Solem,
3016 3808 3080 3848 ac
3113 3793 3305 3862 reliqui
3340 3792 3418 3846 sic

1857 3884 2194 3953 interpretati
2233 3893 2360 3938 sunt
2392 3899 2405 3934 :
2443 3883 2587 3953 quod
2623 3891 2707 3937 est
2731 3900 2856 3952 pax.
2885 3881 2942 3935 In
2972 3883 3074 3937 ista
3106 3883 3270 3951 igitur
3295 3883 3418 3936 aniv

1856 3990 1964 4040 ma,
1998 3982 2092 4028 aut
2123 3974 2176 4028 in
2223 3972 2483 4038 Ecclesia,
2525 3973 2629 4028 tela
2665 3973 2840 4044 ignea,
2875 3988 2995 4052 qua:
3027 3973 3416 4052 malignusoille

1855 4064 2082 4129 emittit,
2140 4072 2526 4131 conteruntur;
2576 4063 2661 4118 vel
2704 4049 3020 4134 intelligitur
3075 4064 3131 4116 in
3180 4049 3414 4132 superna

1855 4152 2201 4225 Jerusalem]
2749 4187 2752 4190 ν
2889 4167 2892 4173 ‘

1925 4247 1978 4300 ιι.
2015 4245 2100 4299 Ibi
2149 4246 2402 4316 confregit
2444 4247 2702 4315 potentias
2747 4261 2988 4299 arcuum.
3027 4243 3123 4300 llis
3151 4243 3420 4314 signiﬁcat

1857 4337 2192 4393 adversarias
2213 4347 2528 4407 potestates,
2555 4355 2675 4410 quae
2697 4339 3110 4418 conlringuntur
3133 4347 3424 4408 postquam

1857 4431 2032 4485 sancti
2082 4429 2137 4484 id
2181 4433 2455 4486 consecuti
2511 4441 2659 4500 sunt,
2710 4441 2768 4486 ut
2812 4433 2865 4487 in
2909 4432 3015 4488 illis
3045 4431 3421 4494 mansionibus

1858 4520 2122 4574 habitent.

253 4581 515 4648 Φωτίζεις
561 4584 643 4636 σὺ
687 4585 1042 4654 θαυμαστῶς
1092 4589 1209 4642 ἀπὸ
1260 4588 1445 4656 ὀρέων
1481 4591 1748 4645 αἰωνίων.

1929 4612 1983 4666 5.
2031 4611 2318 4670 Illuminas
2368 4619 2423 4667 tu
2463 4615 2774 4668 mirabiliter
2796 4614 2841 4684 ζα
2890 4616 3152 4673 montibus
3186 4615 3418 4669 wternis.

193 4668 323 4740 Ὀρη
369 4672 567 4728 αἰώνια
595 4676 721 4738 τοὺς
766 4676 1026 4746 οὐρανούς
1070 4695 1224 4748 φησι.
1252 4680 1476 4744 Φωτίζει
1520 4681 1576 4734 δὲ
1608 4683 1754 4753 ἡμᾶς

190 4759 381 4815 ἄνωθεν
409 4766 436 4818 ὁ
467 4765 698 4828 Θεὸς,τὸ
721 4767 944 4838 Πνεῦμα
971 4771 1100 4839 ἡμῖν
1121 4771 1486 4842 καταπέμψας
1511 4773 1569 4837 ἐξ
1601 4775 1756 4845 οὐρα-

191 4851 306 4908 νῶν.
345 4859 653 4927 Φωτισμὸς
684 4860 766 4913 σὺ
801 4862 1209 4932 ὑπερμεγέθης
1243 4864 1362 4917 ἀπὸ
1398 4866 1581 4934 ὀρέων
1605 4866 1756 4919 ἀλώ-

191 4958 350 5011 σεως.
379 4949 646 5016 Φωτίζεις
678 4952 759 5005 σὺ
798 4952 1151 5023 θαυμαστῶς
1190 4955 1307 5009 ἀπὸ
1342 4956 1526 5024 ὀρέων
1547 4957 1752 5025 θήρας.

192 5038 429 5128 Φοϐερός
458 5039 517 5096 εἴ
543 5045 898 5128 θαυμαστῶς
925 5047 1042 5100 ἀπὸ
1087 5047 1271 5116 ὀρέων
1304 5050 1643 5119 καρπίμωνκ
1725 5028 1729 5035 1

259 5127 541 5198 [Φωτίζεις
587 5134 667 5187 σὺ
698 5127 1064 5205 θαυμαστῶς
1107 5138 1226 5191 ἀπὸ
1258 5138 1441 5206 ὀρέων
1483 5143 1751 5196 αἰωνίων.

201 5215 427 5275 Ἐκεῖθεν
456 5227 800 5296 καταπέμπει
818 5228 878 5280 τὸ
895 5227 1116 5298 Πνεῦμα
1142 5230 1203 5281 τὸ
1246 5231 1398 5299 ἆγιον
1452 5233 1558 5285 ἀπὸ
1589 5235 1754 5303 ὀρέων

196 5312 433 5366 αἰωνίων·
452 5317 550 5387 τὴν
563 5317 699 5373 Σιὼν
715 5319 883 5387 λέγει,
903 5318 1076 5392 ἀφ’ἦς
1106 5321 1273 5390 ᾤοντο
1299 5325 1390 5376 τὸν
1416 5325 1547 5376 Θεὸν
1576 5325 1754 5396 ὁρμώ-

198 5416 347 5466 μενον
392 5405 561 5458 ταῦτα
592 5412 790 5461 ποιεῖν’
813 5405 872 5465 οὗ
896 5412 989 5464 καὶ
1014 5413 1139 5476 ναὸς
1170 5413 1316 5483 αὐτῷ
1341 5414 1696 5488 ᾠκοδόμητα]

233 5682 273 5714 ⁸³
298 5683 496 5742 Matth.
532 5707 675 5759 xm,
705 5693 796 5748 29».

1860 4703 2066 4760 Montes
2118 4714 2347 4762 aeternos
2390 4707 2519 4761 dicit
2561 4709 2748 4763 ccelos.
2786 4707 3060 4762 llluminat
3103 4715 3281 4761 autem
3325 4722 3425 4759 nos

1863 4795 2146 4860 Dominus,
2173 4797 2392 4866 quando
2422 4798 2587 4851 mittit
2615 4797 2874 4868 Spiritum
2909 4796 2978 4851 de
3007 4797 3179 4853 caelis.
3211 4795 3424 4850 lllumi-

1861 4890 2003 4942 uatio
2039 4897 2095 4941 tu
2121 4903 2173 4941 es
2206 4905 2455 4958 perquam
2483 4891 2739 4955 maxima,
2767 4907 2798 4942 a
2822 4891 3083 4943 montibus
3114 4889 3422 4943 venationis.

1863 4978 2146 5033 Illumiuas
2181 4988 2235 5032 tu
2268 4979 2585 5034 mirabiliter
2611 4999 2643 5034 a
2672 4981 2933 5036 montibus
2961 4983 3271 5037 venationis.
3300 4984 3424 5036 Ter-

1863 5067 2034 5121 ribilis
2059 5085 2110 5122 es
2138 5069 2452 5124 mirabiliter
2477 5087 2510 5123 a
2537 5072 2796 5125 montibus
2826 5073 3134 5140 fructuosis.

1934 5157 2241 5229 [Illuminas
2297 5169 2352 5214 tu
2404 5162 2719 5226 mirabiliter
2769 5182 2802 5217 a
2865 5164 3128 5220 montibus
3193 5165 3423 5219 cateruis.

1859 5249 1990 5304 inde
2016 5251 2214 5304 emittit
2252 5249 2809 5321 Spiritumsanctum,
2843 5255 3049 5310 scilicet
3072 5271 3102 5308 a
3146 5253 3437 5307 montibus.

1860 5341 2078 5396 aeternis
2111 5361 2122 5396 :
2156 5342 2288 5397 Sion
2331 5343 2482 5410 dicit,
2511 5361 2586 5402 ex.
2611 5362 2714 5414 qua
2750 5346 3012 5414 putabant
3042 5344 3209 5398 Deum
3239 5342 3436 5412 profc-.

1860 5439 2006 5485 ctmn
2052 5431 2177 5486 talia
2224 5442 2436 5501 patrare
2465 5453 2490 5496 :_
2515 5434 2614 5494 ubi.
2651 5435 2811 5490 etiam
2864 5435 3117 5503 templum
3160 5432 3262 5503 ipsi
3290 5447 3437 5495 con_-.

1859 5530 2122 5579 structum
2151 5525 2345 5581 fuerat.
