3872 6216
439 380 547 438 545

511 500 565 555 6.
601 497 824 554 Turbati
847 505 970 552 sunt
999 511 1173 549 omnes
1215 494 1516 565 insipientes
1543 493 1717 546 corde.
1751 490 1854 558 Qui
1886 506 1994 545 non
2023 497 2068 552 Α

438 602 760 664 receperunt
787 590 1231 645 illuminationem
1257 604 1377 652 qua
1405 603 1514 658 ρειχ
1526 586 1785 657 Spiritum
1817 586 1995 647 datur,

439 685 494 739 iu
543 683 944 754 perturbatione
995 689 1049 736 et
1094 680 1387 750 agitatione
1430 679 1823 744 versabuntur,
1872 691 1996 730 cum

440 776 687 830 divinum
737 772 968 828 tribunal
1028 771 1325 840 apparebit.
1371 769 1710 824 Dormierunt
1758 783 1996 822 somnum

439 884 614 932 suum,
651 872 700 918 et
749 863 880 917 nihil
921 863 1242 916 invenerunt.
1281 860 1626 931 Negligcntlae
1669 867 1724 913 et
1755 857 1994 928 segnitiei

439 932 603 1012 dediti
648 957 703 1010 in
743 955 873 1014 vita.
908 963 1149 1024 tempore
1185 953 1349 1007 divini
1385 952 1572 1022 judicii
1603 951 1736 1004 nihil
1779 951 1997 1004 invene-

438 1054 568 1099 runt
603 1045 852 1098 manibus
899 1044 1015 1098 suis
1045 1044 1358 1106 retinentes,
1395 1041 1487 1111 qui
1522 1041 1648 1095 olim
1694 1057 1748 1094 In
1781 1040 1996 1094 mortali

438 1137 547 1189 vita
578 1135 772 1190 divites
805 1142 960 1188 erant
995 1152 1010 1189 :
1043 1133 1314 1202 quomodo
1348 1132 1488 1185 enim
1515 1131 1752 1184 invenire
1777 1137 1999 1198 possent

437 1241 556 1293 qua:
592 1240 698 1279 non
745 1224 953 1294 operati
1000 1222 1162 1277 sunt?
1217 1223 1404 1276 Omnes
1448 1222 1548 1274 viri
1595 1220 1898 1273 divitiarum
1942 1217 1996 1270 in

438 1315 679 1368 manibus
716 1315 845 1367 suis.
894 1310 1253 1382 Symmachus
1292 1311 1371 1365 sic
1419 1311 1577 1364 habet
1615 1329 1627 1363 :
1664 1309 1852 1364 Omnes
1897 1309 1997 1360 viri

439 1407 597 1475 fortes
628 1405 868 1458 manibus
899 1395 1028 1458 suis.
1052 1402 1216 1467 Nihil,
1255 1404 1450 1472 inquit,
1497 1402 1697 1470 profuit
1741 1401 1846 1456 illis
1896 1398 2000 1453 for-

439 1497 611 1551 titudo
643 1511 929 1559 manuum,
975 1494 1184 1565 quibus
1217 1510 1275 1549 se
1311 1508 1553 1548 omnium
1599 1492 1813 1547 divitias
1856 1491 1998 1546 dire-

439 1595 626 1656 pturos
655 1586 964 1655 sperabant.
993 1585 1058 1639 Et
1080 1586 1280 1640 docens
1309 1599 1430 1654 quae
1471 1599 1636 1639 causa
1665 1582 1829 1636 fuerit
1853 1580 1997 1652 quod

439 1679 574 1732 nihil
601 1677 737 1733 lucri
767 1677 1072 1743 habuerint,
1100 1677 1402 1747 subjungit:

513 1858 562 1911 7.
593 1857 669 1911 Ab
705 1857 1054 1926 increpatione
1105 1865 1225 1920 tua,
1273 1854 1414 1908 Deus
1459 1852 1647 1918 Jacob,
1687 1851 1998 1904 dormitave-
2029 1846 2071 1900 Β

441 1961 558 2002 runt
587 1950 676 2019 qui
715 1949 1057 2002 ascenderunt
1086 1965 1259 2017 equos.
1303 1945 1457 2009 Lato,
1503 1945 1698 2014 inquit,
1735 1945 1996 1998 adversus

437 2056 531 2094 eos
574 2041 722 2109 justo
749 2040 984 2109 judicio,
1033 2040 1188 2109 quasi
1223 2054 1418 2092 somno
1459 2046 1513 2091 et
1556 2049 1775 2091 veterno
1812 2033 1996 2088 traditi

437 2141 582 2196 sunt,
610 2132 661 2185 id
689 2141 772 2186 est
793 2132 1028 2185 excitare
1062 2146 1119 2184 se
1144 2147 1248 2184 non
1285 2138 1595 2199 potuerunt.
1631 2127 1861 2194 Quinam
1896 2144 1994 2182 au-

437 2232 540 2275 tem
579 2221 651 2275 illi
693 2208 839 2286 sunt,
889 2221 992 2274 nisi
1034 2222 1126 2290 qui
1171 2221 1530 2274 ascenderunt
1574 2218 1784 2288 equos?
1813 2218 1996 2288 Equos

433 2321 613 2364 autem
643 2311 822 2364 divina
858 2309 1137 2380 Scriptura
1162 2327 1258 2380 pro
1294 2326 1445 2366 more
1484 2322 1642 2365 vocat
1666 2327 1762 2365 eos
1791 2311 1884 2380 qui
1915 2311 1996 2365 ef-

438 2403 644 2458 frenate
682 2406 748 2457 ad
783 2390 1084 2472 voluptates
1117 2404 1424 2470 declinant;
1474 2404 1621 2472 iuxta
1664 2404 1826 2458 illud:
1859 2403 1996 2472 Equi

435 2495 720 2561 rﬂ'eminati
771 2495 899 2562 facti
941 2502 1082 2551 sunt.
1122 2493 1487 2564 Unusquisque
1518 2494 1587 2546 ad
1622 2510 1836 2547 uxorem
1874 2509 1996 2562 pro-

431 2584 566 2636 ximi
597 2585 680 2636 sui
710 2583 975 2636 [tinniebat
1010 2581 1076 2634 3".

503 2675 556 2728 8.
597 2673 672 2728 Τιι
721 2673 972 2728 terribilis
1000 2691 1074 2738 es,
1105 2683 1154 2727 et
1184 2673 1302 2743 quis
1333 2673 1538 2726 resistet
1579 2672 1713 2725 tibi?
1739 2670 1793 2726 Si
1827 2672 1995 2734 enim,

435 2767 628 2835 inquit,
677 2765 931 2819 clauserit
960 2773 1148 2819 contra
1180 2765 1452 2818 hominem
1474 2805 1489 2830 ,
1523 2764 1646 2834 quis
1688 2764 1893 2833 aperiet
1911 2764 1998 2817 ⁸³2

426 2858 582 2927 juxta
617 2856 768 2912 Isaia:
791 2872 998 2912 vocem.

503 2950 556 3004 9.
592 2949 667 3003 De
697 2948 824 3003 coelo
867 2949 1106 3002 auditum
1151 2949 1322 3017 fecisti
1346 2948 1630 3016 judicium.
1662 2946 1875 3015 Nullus,
1909 2949 1996 3003 in-

434 3043 567 3110 quit,
616 3041 720 3095 erit
769 3041 848 3096 eis
896 3039 1229 3094 defensionis
1274 3040 1425 3095 locus
1465 3056 1588 3094 cum
1638 3040 1932 3110 punientur
1979 3058 1992 3095 :

1264 375 1321 429 S.
1361 361 1738 428 ATHANASII
1771 368 1922 426 OPP.
1966 367 2148 422 PARS
2182 365 2268 422 Ill.
2306 397 2375 406 —
2414 361 2811 420 EXEGETICA

3565 355 3678 410 διό

2179 487 2631 556 Ἐταράχθησαν
2674 483 2895 547 πάντες
2939 483 2993 534 οι
3016 481 3299 534 ἀσύνετοι
3329 477 3403 545 τῇ
3430 476 3674 545 καρδίᾳ.

2095 581 2158 634 Οἱ
2196 581 2270 651 μὴ
2303 578 2584 650 δεξάμενοι
2616 577 2708 631 τὸν
2737 573 3015 645 φωτισμὸν
3046 573 3136 626 τὸν
3167 574 3256 626 διὰ
3283 571 3377 651 τοῦ
3413 569 3674 638 Πνεύμα-

2095 688 2211 735 τος,
2238 650 2294 723 ἐν
2315 670 2540 741 ταράχῳ
2574 669 2667 721 καὶ
2699 667 2846 736 σάλῳ
2877 665 3216 735 γενήσονται,
3257 650 3349 715 τοῦ
3375 661 3521 714 θείου
3552 662 3679 711 ἐπι-

2097 762 2354 831 φανέντος
2384 760 2756 830 δικαστηρίου.
2807 759 3143 809 ’Ύπνωσαν
3189 755 3388 806 ὕπνον
3448 749 3674 810 αὐτῶν,

2096 852 2194 908 καὶ
2224 854 2335 920 οὐχ
2366 848 2542 920 εὗρον
2565 850 2763 904 οὐδέν.
2802 847 3078 918 Ἀμελείᾳ,
3117 846 3271 916 φησὶ,
3307 844 3400 896 καὶ
3430 841 3676 913 ῥᾳθυμίᾳ

2096 943 2534 1014 παραδεδωκότες
2585 941 2676 994 τὸν
2716 941 2830 1010 βίον
2861 939 3001 992 κατὰ
3031 939 3122 990 τὸν
3155 937 3343 1008 καιρὸν
3387 935 3488 1005 τῆς
3521 934 3678 997 θείας

2099 1027 2353 1106 κρίσεως,
2377 1034 2452 1096 ὡς
2470 1033 2620 1085 οὐδὲν
2651 1027 2807 1103 εὗρον
2836 1031 3059 1092 ἑαυτοὺς
3088 1031 3166 1091 εἰς
3194 1028 3292 1090 τὰς
3321 1030 3509 1096 χεῖρας
3535 1042 3674 1078 κατ-

2097 1125 2334 1193 έχοντας,
2394 1125 2443 1175 oi
2487 1123 2650 1175 πάλαι
2683 1125 2740 1174 ὲν
2773 1121 2850 1190 τῷ
2893 1118 3070 1189 θνητῷ
3098 1119 3196 1188 βίῳ
3231 1118 3493 1170 πλούσιοι.
3543 1116 3678 1179 Πῶς

2095 1216 2201 1287 γὰρ
2230 1215 2323 1269 καὶ
2357 1213 2498 1285 εἶχον
2527 1216 2705 1286 εὑρεῖν
2735 1215 2769 1267 ἃ
2811 1214 2911 1266 οὐκ
2957 1214 3310 1284 εἰργάσαντο;
3363 1209 3590 1274 Πάντες
3615 1210 3676 1262 οἱ

2095 1306 2309 1374 ἄνδρες
2337 1308 2440 1359 τοῦ
2469 1307 2736 1359 πλούτου
2759 1305 2972 1374 χερσὶν
2999 1303 3217 1357 αὐτῶν.
3265 1304 3320 1354 Ὁ
3354 1302 3409 1354 δὲ
3444 1301 3678 1370 Σύμμα-

2095 1408 2192 1461 χος
2218 1391 2409 1455 οὕτως·
2447 1391 2675 1457 Πάντες
2709 1395 2762 1444 οἱ
2791 1391 3005 1459 ἄνδρες
3055 1394 3110 1445 οἱ
3150 1391 3385 1460 ἰσχυροὶ
3411 1391 3519 1455 τὰς
3549 1389 3676 1457 χεῖ-

2089 1500 2203 1550 ρας
2222 1482 2440 1536 αὐτῶν.
2461 1483 2625 1535 Οὐδὲν
2649 1484 2865 1547 αὐτοὺς,
2901 1484 3087 1552 φησὶν,
3119 1483 3297 1554 ὢνησε
3328 1483 3438 1534 τῶν
3470 1481 3676 1553 χειρῶν

2095 1575 2129 1643 ἡ
2156 1571 2333 1644 ῥώμη,
2362 1573 2427 1626 δι’
2452 1569 2518 1644 ἧς
2539 1573 2648 1626 τῷν
2675 1575 2927 1627 ἁπάντων
2957 1574 3228 1645 ἁρπάσειν
3259 1573 3676 1642 προσεδόκησαν

2098 1662 2344 1720 πλοῦτον.
2401 1666 2510 1717 Καὶ
2575 1665 2838 1719 διδάσκων
2891 1665 2944 1718 τί
2976 1667 3178 1738 δήποτε
3230 1664 3380 1718 οὐδὲν
3420 1663 3675 1717 ἐντεῦθεν

2098 1752 2402 1818 ἀπώναντο,
2438 1757 2735 1826 ἐπήγαγεν·

2182 1846 2322 1898 Ἀπὸ
2356 1846 2750 1914 ἐπιτιμήσεως
2777 1863 2915 1910 σου,
2946 1850 2978 1899 ό
3002 1847 3144 1913 Θεὸς
3178 1845 3398 1910 Ἰακὼϐ,
3417 1846 3677 1900 ἐνύστα-

2097 1935 2212 2000 ξαν
2251 1940 2304 1990 οἱ
2341 1939 2754 2006 ἐπιϐεϐηκότες
2787 1939 2913 2005 τοῖς
2941 1940 3168 2003 ἵπποις.
3240 1937 3674 2009 Ἐξενεχθείσης,

2096 2029 2246 2096 φησὶ,
2296 2029 2394 2099 τῆς
2421 2032 2537 2082 κατ’
2571 2030 2747 2082 αὐτῶν
2803 2029 3018 2094 δικαίας
3045 2029 3244 2100 ψήφου,
3308 2031 3472 2082 οἱονεὶ
3520 2029 3676 2100 ὕπνῳ

2095 2122 2187 2173 καὶ
2241 2121 2395 2191 κάρῳ
2452 2123 2860 2192 παραδέδονταν
2916 2123 3194 2176 τουτέστιν
3251 2122 3530 2176 ἀνανεύειν
3573 2125 3676 2175 οὐκ

2099 2210 2342 2281 ἴσχυσαν.
2364 2212 2519 2276 Τίνες
2535 2214 2590 2266 δὲ
2607 2207 2751 2266 οὗτοι
2772 2213 2804 2284 ἢ
2833 2215 2881 2265 oi
2900 2213 3285 2284 ἐπιϐεϐηκότες
3308 2216 3420 2275 τοῖς
3448 2214 3635 2275 ἵπποις
3657 2229 3674 2276 ;

2098 2300 2331 2364 Ἵππους
2383 2302 2438 2354 δὲ
2465 2304 2497 2372 ἡ
2532 2301 2652 2354 Θεία
2684 2301 2724 2352 Γ
2729 2301 2873 2372 ραφὴ
2893 2301 2953 2365 ἐξ
2985 2301 3138 2364 ἔθους
3163 2303 3316 2354 καλεῖ
3345 2300 3472 2362 τοὺς
3506 2299 3674 2368 ἀσχέ-

2094 2406 2201 2452 τως
2230 2391 2612 2454 ὲκκεκλικότας
2641 2391 2775 2462 πρὸς
2802 2390 3015 2461 ἡδονάς·
3053 2389 3195 2444 κατὰ
3227 2390 3306 2453 τὸ,
3336 2390 3546 2443 "Instat
3571 2392 3673 2455 θη-

2095 2479 2381 2547 λυμανεῖς
2405 2479 2783 2550 ἐγενήθησαν
2806 2497 2818 2510 ·
2849 2480 3112 2545 ἕκαστος
3147 2479 3245 2532 ἐπὶ
3275 2477 3388 2545 τὴν
3413 2478 3673 2548 γυναῖκα

2096 2570 2204 2624 τοῦ
2234 2573 2502 2637 πλησίον
2545 2571 2729 2624 αὑτοῦ
2753 2571 3143 2640 ἑχρεμέτιζεν.

2167 2660 2249 2715 Σὺ
2281 2661 2531 2730 φοϐερὸς
2557 2659 2629 2726 εἴ,
2661 2662 2756 2715 καὶ
2791 2664 2882 2728 τίς
2910 2661 3339 2727 ἀντιστήσεται
3363 2677 3462 2713 σοι
3487 2676 3507 2722 ;
3546 2660 3673 2713 Ἐὰν

2098 2753 2204 2821 γὰρ
2254 2752 2439 2826 κλείσῃ
2489 2753 2628 2807 κατά
2658 2754 2967 2826 ἀνθρώπου,
3021 2754 3104 2817 τίς
3135 2752 3335 2815 ἀνοίξει
3361 2769 3375 2814 ;
3406 2752 3548 2804 κατὰ
3574 2753 3674 2822 τὴν

2109 2843 2328 2896 Ἡσαΐου
2367 2846 2569 2914 φωνήν.

2179 2935 2280 2988 Ἐκ
2313 2935 2419 2989 τοῦ
2453 2927 2711 3004 οίῗρανοῦ
2743 2936 3070 3002 ἠκούτισας
3098 2937 3319 3004 κρίσιν.
3377 2937 3672 3007 Οὑδεμίαν,

2096 3026 2280 3096 φησὶν,
2320 3026 2615 3094 ἀπολογίαν
2669 3026 2847 3092 ἕξουσι
2895 3027 3268 3097 κολαζόμενον
3327 3027 3676 3099 προεκήρυξε

434 3131 812 3199 praenuntiavit
858 3132 1001 3185 enim
1037 3131 1142 3184 illis
1181 3146 1302 3198 qua:
1334 3131 1575 3184 divinum
1604 3131 1836 3188 tribunal
1871 3146 1995 3200 spe-

2109 3114 2202 3185 ra'tp
2242 3116 2422 3178 αὐτοῖς
2447 3115 2514 3168 τὰ
2550 3115 2676 3186 περὶ
2710 3114 2804 3168 τοῦ
2842 3115 2984 3168 θείου
3015 3116 3382 3186 δικαστηρίου.
3416 3116 3510 3185 Γῆ
3535 3118 3678 3185 ἐερσ-

433 3231 603 3276 ctant.
654 3220 816 3274 Terra
847 3222 1078 3287 tremuit,
1126 3231 1174 3274 et
1216 3221 1426 3291 quievit.
1455 3220 1674 3274 Terram
1724 3221 1812 3276 hic
1835 3231 1995 3276 vocat

2109 3203 2267 3270 ῗήθη,
2303 3204 2399 3257 καὶ
2430 3205 2731 3271 ἡσύχασε.
2780 3204 2887 3274 Γῆν
2950 3203 3183 3256 ἐνταῦθα
3217 3205 3396 3257 πᾶσαν
3428 3203 3537 3258 τῶν
3576 3205 3675 3256 ἁν-

435 3323 602 3367 totam
637 3313 917 3367 hominum
965 3324 1238 3378 naturam,
1275 3329 1396 3382 qua:
1435 3321 1561 3367 tunc
1598 3311 1990 3368 reformidabit.

432 3401 603 3457 Nemo
635 3402 779 3457 enim
810 3411 938 3458 tunc
962 3403 1065 3456 erit
1092 3402 1222 3472 quin
1249 3403 1616 3470 pertimescat,
1644 3400 1734 3453 illa
1759 3401 1994 3455 instante

431 3494 539 3550 die.

505 3582 662 3653 [Cum
709 3582 884 3645 enim,
926 3582 1132 3651 inquit,
1165 3580 1307 3637 Deus
1337 3583 1413 3638 sis
1443 3583 1703 3647 caelestis,
1737 3583 1992 3652 iudicasti

431 3685 484 3728 et
509 3674 773 3742 judicium
810 3674 982 3730 fecisti
1025 3673 1406 3740 manifestum,
1444 3675 1592 3729 ultus
1623 3674 1874 3732 inimicos
1901 3674 1993 3732 Je-

431 3763 759 3838 rosolymae.]

505 3851 587 3908 10.
615 3852 746 3906 Cum
788 3863 1084 3924 exsurgeret
1119 3855 1175 3908 in
1211 3854 1480 3923 judicium
1511 3855 1683 3922 Deus,
1730 3865 1790 3910 ut
1821 3855 1992 3913 salvos

431 3945 622 4011 faceret
665 3961 838 4000 onmes
883 3956 1182 4000 mansuetos
1232 3956 1404 4000 terrae.
1445 3944 1734 4011 Divinum,
1785 3948 1992 4016 inquit,

433 4032 664 4095 tribunal
693 4035 987 4107 mansuetis
1016 4034 1242 4089 salutem
1273 4037 1508 4090 tribuet:
1537 4037 1993 4106 quemadmodum

430 4137 614 4178 revera
645 4125 905 4194 supplicia
934 4126 1082 4180 dabit
1106 4127 1499 4197 peccatoribus.

500 4279 585 4334 ll.
640 4279 902 4344 Quoniam
936 4282 1184 4351 cogitatio
1231 4283 1456 4336 hominis
1490 4284 1826 4352 conﬁtebitur
1873 4286 1989 4340 tibi.

431 4369 699 4426 Sistemur
729 4381 856 4426 ante
884 4373 1208 4426 horrendum
1240 4373 1370 4426 illud
1401 4375 1657 4439 tribunal,
1683 4391 1790 4430 non
1815 4377 1992 4431 solum

427 4464 492 4518 de
527 4466 592 4520 iis
621 4481 741 4533 quas
771 4465 1020 4530 fecimus,
1051 4464 1143 4518 sed
1182 4465 1344 4518 etiam
1379 4466 1446 4520 de
1477 4467 1544 4520 iis
1576 4483 1696 4535 quae
1734 4469 1994 4539 cogitavi-

428 4571 568 4615 mus.
606 4556 872 4610 rationem
903 4555 1103 4609 daturi.
1133 4554 1200 4608 Et
1229 4557 1466 4626 reliquie:
1495 4560 1825 4629 cogitationis
1854 4561 1993 4614 diem

427 4645 615 4713 festum
645 4655 796 4714 agent
833 4647 948 4700 tibi.
984 4645 1245 4715 Reliquim
1279 4649 1625 4719 cogitationis
1651 4660 1778 4704 sunt
1805 4652 1993 4722 puriﬁ-

425 4747 544 4790 cala
588 4739 862 4807 cogitatio,
894 4740 946 4792 in
989 4755 1054 4794 eo
1101 4742 1244 4809 quod
1293 4742 1570 4796 residuum
1616 4742 1719 4796 erit
1761 4758 1856 4810 per
1889 4744 1994 4798 ele-

426 4828 656 4880 ctionem
693 4825 902 4895 gratim.
935 4825 992 4880 Si
1031 4828 1192 4898 igitur
1241 4828 1332 4882 illo
1365 4839 1603 4896 tempore
1640 4843 1773 4896 pura
1809 4828 1994 4896 depre-

426 4915 694 4968 hendatur
724 4918 980 4986 cogitatio
1022 4934 1161 4983 esse,
1191 4927 1320 4974 tunc
1354 4918 1661 4973 festivitatis
1687 4927 1793 4974 tua:
1821 4921 1990 4990 parti-

426 5021 551 5075 ceps
580 5007 701 5062 erit.

497 5097 785 5170 [Quoniam
817 5101 1066 5170 cogitatio
1089 5101 1314 5154 hominis
1341 5102 1672 5171 conﬁtebitur
1704 5104 1816 5156 tibi.
1844 5101 1989 5168 Quo-

424 5193 570 5246 niam
604 5193 784 5247 omnis
817 5191 1021 5262 lingua,
1047 5193 1226 5246 omnis
1265 5193 1540 5263 cogitatio,
1574 5208 1736 5247 omne
1766 5193 1987 5247 ratioci-

423 5285 574 5338 nium
642 5285 984 5341 conﬂtebitur
1045 5283 1274 5339 Domino
1340 5285 1395 5338 in
1458 5295 1703 5354 tempore
1759 5285 1984 5354 judicii,

421 5376 640 5444 quando
669 5377 832 5430 etiam
866 5377 1076 5430 occulta
1112 5375 1165 5429 in
1196 5376 1473 5444 publicum
1502 5375 1892 5447 proferentur.]

493 5467 580 5520 12.
621 5467 807 5522 Vovete
844 5478 894 5522 et
942 5467 1142 5521 reddite
1176 5467 1399 5520 Domino
1430 5467 1537 5521 Deo
1566 5479 1751 5523 vestro.
1783 5469 1863 5523 Ad
1896 5485 1988 5523 co-

421 5554 778 5612 hortationem
832 5574 1011 5613 sermo
1061 5557 1412 5612 convertitur.
1459 5558 1756 5626 Quoniam,
1789 5559 1984 5630 inquit,

492 5731 754 5787 ".lcrcm.
784 5747 834 5796 ν,
867 5731 918 5786 8.
998 5731 1043 5764 ⁸⁵
1082 5731 1184 5788 lsa.
1227 5749 1362 5796 χχιι,
1389 5731 1473 5786 ΞΞ.

2095 3293 2325 3366 θρώπων
2351 3295 2448 3364 τὴν
2475 3295 2636 3363 φύσιν
2653 3295 2836 3364 φησὶν,
2861 3295 2895 3363 ἢ
2927 3295 3020 3348 καὶ
3047 3294 3301 3347 δειλιάσει
3321 3294 3462 3347 τότε.
3485 3294 3675 3358 Οὐδεὶς

2093 3385 2199 3457 γὰρ
2238 3385 2384 3438 ἔσται
2418 3386 2538 3438 τότε
2573 3385 2632 3448 ὃς
2666 3387 2725 3438 οὐ
2762 3386 3048 3456 φοϐηθείη,
3099 3386 3314 3455 ἐκείνης
3371 3387 3677 3456 ἐπιστάσης

2091 3477 2190 3546 τῆς
2220 3477 2448 3548 ἡμέρας·
2497 3497 2505 3506 ·

2165 3567 2448 3640 [Οὑρὰνιος
2474 3569 2602 3638 γὰρ,
2648 3569 2800 3639 φησὶ,
2839 3567 2970 3631 Θεὸς
3005 3566 3102 3630 ὢν,
3137 3567 3378 3638 ἔκρινας,
3428 3568 3526 3619 καὶ
3571 3569 3676 3639 τὴν

2094 3659 2273 3730 κρίσιν
2314 3659 2574 3730 ἐποίησας
2613 3659 2849 3730 ἔνδηλον,
2881 3661 3200 3730 τιμωρήσας
3231 3659 3355 3721 τοὺς
3383 3659 3673 3729 πολεμίους

2092 3755 2194 3824 τῆς
2233 3751 2638 3823 Ἰερουσαλήμ.]

2158 3843 2262 3907 Εἰς
2311 3841 2379 3895 τὸ
2424 3842 2758 3907 ἀναστῆναι
2793 3845 2880 3905 εὶς
2932 3843 3135 3909 κρίσιν
3190 3844 3293 3895 τὸν
3338 3843 3509 3903 Θεὸν,
3560 3840 3675 3894 τοῦ

2094 3929 2288 3984 σῶσαι
2342 3930 2574 3995 πάντας
2620 3931 2762 3996 τοὺς
2803 3931 3007 3998 πραεῖς
3049 3931 3159 4000 τῆς
3215 3931 3347 4002 γῆς.
3395 3931 3467 3983 Τὸ
3505 3931 3673 3995 θεῖον,

2095 4023 2246 4091 φησὶ,
2281 4021 2628 4092 δικαστήριον
2649 4026 2761 4086 τοῖς
2787 4024 3014 4092 πραέσιν
3061 4023 3328 4076 ἀποδώσει
3357 4023 3455 4093 τὴν
3494 4039 3672 4093 σωτη-

2099 4113 2238 4185 ρίανο
2270 4111 2459 4182 ὥσπερ
2486 4111 2680 4182 ἀμέλει
2719 4112 2813 4166 καὶ
2869 4115 2980 4175 τοῖς
3005 4114 3345 4184 ἁμαρτωλοῖς
3380 4113 3476 4177 τὰς
3507 4112 3671 4166 κολά-

2096 4219 2208 4266 σεις
2241 4203 2584 4256 ἀποδίδωσιν.

2166 4295 2294 4348 Ὀτι
2322 4294 2606 4364 ἐνθύμιον
2643 4295 2955 4363 ἀνθρώπου
2993 4295 3503 4365 ἐξομολογήσεται
3546 4313 3670 4351 σοι.

2098 4386 2563 4457 Παραστησόμεθα
2617 4389 2674 4439 ὲν
2725 4388 2916 4458 ἐκείνῳ
2955 4386 3033 4458 τῷ
3085 4387 3301 4457 φοϐερῷ
3347 4386 3573 4456 βήματι,
3606 4388 3671 4441 οὐ

2100 4477 2257 4546 μόνον
2312 4470 2386 4530 ὧν
2420 4477 2762 4548 ἐπράξαμεν,
2800 4478 2937 4531 ἀλλὰ
2999 4479 3092 4531 καὶ
3150 4472 3223 4532 ὧν
3268 4478 3674 4552 βεϐουλεύμεθα

2095 4564 2322 4628 εὐθύνας
2349 4565 2758 4635 ἀπαιτούμενοι.
2787 4567 2890 4619 Καὶ
2915 4567 3354 4637 ἐγκατάλειμμα
3379 4570 3672 4638 ἐνθυμίου

2095 4655 2364 4723 ἑορτάσει
2392 4669 2511 4709 σοι.
2563 4656 3008 4728 Ἐγκατάλειμμα
3041 4659 3296 4729 ὲνθυμίου
3334 4660 3363 4711 ὁ
3395 4662 3673 4734 κεκαθαρ-

2099 4745 2258 4816 μένος
2283 4746 2397 4798 ἐστὶ
2429 4745 2708 4817 λογισμὸς,
2748 4748 2886 4801 κατὰ
2935 4749 2996 4801 τὸ
3021 4749 3229 4819 λεῖμμα
3277 4751 3394 4802 κατ’
3434 4753 3671 4824 ἐκλογὴν

2094 4837 2334 4908 χάριτος.
2393 4837 2609 4908 Ἐπειδὴ
2639 4838 2703 4892 ἂν
2729 4835 2840 4902 οὖν,
2879 4841 3062 4910 φησὶν,
3091 4842 3148 4894 ὲν
3174 4841 3367 4912 ἐκείνῳ
3388 4843 3465 4913 τῷ
3489 4848 3672 4919 καιρῷ

2093 4926 2332 4997 καθαρὸς
2367 4927 2563 4997 εὑρέθη
2594 4929 2872 5000 λογισμὸς,
2903 4933 3022 4986 τότε
3057 4932 3122 5003 δὴ
3147 4933 3270 4985 τότε
3317 4935 3411 4986 καὶ
3435 4936 3536 5006 τῆς
3567 4940 3672 5010 σῆς

2092 5018 2382 5089 μεταλάϐοι
2409 5019 2624 5091 ἑορτῆς.

2159 5110 2303 5182 [Ὅτι
2331 5111 2582 5183 ἐνθύμιον
2608 5111 2891 5185 ἀνθρώπου
2932 5114 3386 5188 ἐξομολογήσεταί
3410 5137 3511 5172 σοι.
3544 5121 3668 5173 Ὅτι

2088 5203 2236 5254 πᾶσα
2260 5201 2479 5270 γλῶσσα
2503 5243 2518 5266 ,
2559 5204 2650 5256 καὶ
2683 5206 2791 5267 πᾶς
2823 5204 3078 5277 λογισμὸς
3112 5209 3204 5262 καὶ
3231 5209 3524 5282 ἐνθύμημα
3578 5211 3668 5276 ἐξ-

2088 5292 2477 5364 ομολογήσεται
2507 5293 2584 5364 τῷ
2607 5295 2792 5368 Κυρίῳ
2821 5297 2966 5368 ἐντῷ
2985 5299 3083 5370 τῆς
3100 5301 3332 5372 κρίσεως
3352 5303 3548 5376 καιρῷ,
3574 5307 3665 5357 ὅτε

2094 5384 2186 5437 καὶ
2213 5383 2282 5436 τὰ
2309 5385 2526 5455 κρυπτὰ
2553 5385 3021 5462 θριαμϐεύονται.]

2161 5473 2455 5539 Εῦξασθε,
2515 5479 2613 5532 καὶ
2656 5479 2912 5533 ἀπόδοτε
2943 5483 3139 5548 Κυρίῳ
3185 5481 3263 5546 τῷ
3308 5485 3431 5550 Θεῷ
3475 5486 3660 5553 ὑμῶν.

2107 5565 2226 5618 Ἐπὶ
2255 5568 2570 5637 παραίνεσιν
2593 5574 2621 5625 ὁ
2653 5572 2809 5641 λόγος
2842 5572 3121 5643 τρέπεται.
3181 5575 3396 5650 Ἐπειδὴ
3425 5578 3493 5631 τὰ
3515 5581 3662 5652 εἰρη’
