3872 6216
186 333 300 388 515

1261 330 1628 388 EXPOSITIO
1662 331 1728 386 1N
1764 331 2096 388 PSALMUM
2136 331 2373 388 LXXVI.

3352 327 3457 384 546

191 449 356 519 μένα,
391 449 575 519 φησὶν,
629 448 782 503 ἔσται
816 451 874 502 ὲν
898 449 974 520 τῷ
1029 449 1158 521 θείῳ
1192 449 1549 523 δικαστηρίῳ,
1585 451 1767 504 τούτοι.

1893 467 1943 506 ea
1991 471 2112 524 quae
2148 470 2314 524 supra
2351 452 2590 507 diximus
2641 450 2694 504 in
2730 449 2915 504 divino
2948 448 3202 504 tribunali
3245 449 3458 502 contin-

186 540 354 610 χάριν
379 541 482 603 ἕως
510 541 634 594 ἐστὲ
664 544 721 594 ἐν
752 540 832 612 τῷ
867 542 1093 613 παρόντι
1147 542 1266 613 βίῳ,
1298 543 1527 609 εὔξασθε
1556 544 1634 615 τῷ
1663 545 1778 597 Κυ-

192 631 295 702 ρίῳ
317 631 552 700 ἀγαθῶν·
574 633 750 704 ἔργων
775 630 915 688 εἶναι
936 635 1286 706 ἐπιμεληταὶ,
1329 635 1424 688 καὶ
1465 635 1669 688 τούτων
1701 634 1777 705 μὴ

191 720 496 792 βραδύνητε
526 723 855 792 ποιήσασθαι
884 724 983 795 τὴν
1016 726 1289 780 ἀπόδοσιν.
1323 710 1590 798 Κομιοῦσι
1630 727 1684 779 δὲ
1710 725 1778 779 τὰ

187 813 364 885 δῶρα,
401 815 506 868 ὑπὸ
558 814 666 869 τῶν
692 816 1073 887 γεγενημένων
1123 818 1616 890 ὲκδειματωθὲντες
1645 817 1776 870 θαυ-

193 908 404 977 μάτων.

267 996 354 1062 Τῷ
379 999 608 1067 φοϐερῷ
642 1000 739 1052 καὶ
777 999 1190 1070 ἀφαιρουμένῳ
1216 1002 1522 1071 πνεύματα
1554 1001 1776 1070 ἀρχόν-

189 1109 328 1144 των.
409 1093 859 1161 Ἐπαγγείλασθε,
909 1096 1093 1165 φησὶν,
1136 1095 1511 1165 ἀγαθοεργεῖν,
1552 1095 1773 1158 εἰδότες,

189 1186 263 1249 ὡς
297 1186 380 1239 δεῖ
413 1187 559 1257 ὑμᾶς
588 1189 644 1240 ὲν
678 1186 868 1257 ἐκείνῳ
901 1186 1226 1255 γενομένους
1269 1185 1347 1256 τῷ
1393 1187 1564 1256 τόπῳ,
1613 1185 1776 1237 οἱονεὶ

187 1278 336 1349 δῶρα
390 1278 489 1342 τὰς
535 1277 746 1331 ἑαυτῶν
795 1277 1025 1348 πράξεις
1075 1281 1446 1349 προσαγαγεῖν
1496 1276 1573 1346 τῷ
1631 1275 1769 1344 Θεῷ.

189 1371 379 1434 Οὖτως
428 1370 485 1422 δὲ
517 1371 545 1422 ὀ
577 1369 709 1432 Θεὸς
740 1369 967 1440 φοϐερός
988 1371 1153 1435 ἐστιν,
1184 1369 1259 1431 ὡς
1286 1368 1379 1421 καὶ
1409 1367 1515 1420 ἀπὸ
1543 1367 1650 1420 τῶν
1676 1367 1773 1420 πά-

188 1464 276 1516 λαι
323 1462 603 1534 ἀρξάντων
653 1462 747 1515 καὶ
785 1461 1094 1531 γενομένων
1152 1460 1403 1530 πονηρῶν
1455 1459 1515 1512 τὸ
1557 1457 1772 1528 πνεῦμα

189 1557 638 1628 ἀφαιρεθήσεται.
689 1555 777 1606 Ἐν
806 1553 916 1623 γὰρ
955 1553 1148 1624 ἐκείνῳ
1173 1553 1250 1622 τῷ
1279 1552 1407 1622 θείῳ
1435 1552 1530 1605 καὶ
1557 1551 1772 1622 φοὸερῷ

191 1650 398 1720 βήματι
443 1649 502 1714 ἐξ
530 1649 758 1701 ἑκάστου
784 1646 894 1699 τῶν
924 1646 1323 1718 ἡμαρτηκότων
1369 1646 1681 1717 ἀφαιρεῖται
1711 1644 1772 1698 τὸ

187 1743 336 1796 δοθὲν
370 1741 460 1794 διὰ
488 1740 582 1794 τοῦ
617 1740 1008 1810 βαπτίσματος.
1051 1741 1159 1792 Καὶ
1180 1739 1337 1792 τοῦτό
1367 1742 1516 1793 ἐστιν
1537 1741 1564 1792 ὃ
1599 1743 1626 1794 ὁ
1654 1740 1770 1794 Κύ-

1884 556 2030 615 gent,
2059 548 2199 611 ideo,
2229 545 2360 599 dum
2393 544 2449 598 in
2490 542 2743 613 praesenti
2781 541 2887 595 vita
2930 541 3084 606 estis,
3126 548 3312 592 vovete
3349 538 3456 591 Do-

1884 641 2052 704 mino,
2079 655 2176 694 vos
2202 640 2266 692 de
2292 638 2448 692 bonis
2477 637 2732 706 operibus
2763 635 3018 702 deinceps
3042 631 3266 688 edendis
3298 647 3457 685 cura-

1884 741 2056 796 turos,
2088 739 2144 783 et
2187 746 2253 783 ne
2287 729 2508 783 tardetis
2542 744 2605 782 ea
2645 737 2770 781 vota
2802 727 3046 795 implere.
3086 724 3325 778 Allerent
3358 737 3456 777 au-

1883 832 1987 878 tem
2026 837 2272 887 munera,
2312 819 2582 890 perterriti
2612 819 2678 873 de
2707 817 3050 870 mirabilibus
3083 814 3266 868 editis.

1951 1000 2036 1053 l3.
2071 997 2312 1051 Terribili
2345 1005 2394 1051 et
2419 997 2466 1050 ei
2503 996 2592 1067 qui
2625 995 2796 1062 aufert
2838 995 3082 1063 spiritum
3131 992 3449 1061 prinripum.

1880 1091 2206 1154 Promittite,
2247 1091 2441 1158 inquit,
2475 1104 2571 1141 vos
2618 1088 2757 1140 bona
2791 1102 2953 1154 opera
2987 1085 3253 1144 edituros,
3298 1080 3452 1150 gnari

1881 1192 2130 1250 Oportere
2164 1195 2263 1233 vos
2307 1179 2360 1231 in
2398 1178 2489 1230 illo
2533 1177 2652 1230 loco
2705 1176 3064 1236 constitutos,
3103 1171 3257 1240 quasi
3309 1171 3452 1223 dona

1879 1287 2042 1341 opera
2075 1279 2251 1324 vestra
2283 1268 2478 1322 oﬂ'erre
2503 1266 2632 1320 Deo.
2674 1264 2773 1319 Hic
2807 1275 2985 1318 autem
3019 1263 3162 1317 Deus
3194 1260 3452 1314 terribilis

1878 1375 1978 1419 est.
2015 1364 2198 1433 itaque
2227 1363 2295 1416 ab
2334 1361 2400 1416 iis
2434 1361 2526 1429 qui
2572 1358 2699 1412 olim
2743 1359 3084 1426 imperarunt
3125 1363 3178 1407 et
3219 1351 3452 1422 improbi

1878 1457 2100 1510 fuerunt
2141 1453 2365 1521 spiritus
2413 1450 2711 1506 auferetur.
2769 1448 2824 1501 In
2874 1446 3059 1500 divino
3107 1459 3340 1513 namque
3387 1457 3453 1496 ac

1880 1547 2101 1603 terribili
2149 1546 2241 1598 illo
2281 1543 2538 1598 tribunali
2579 1557 2607 1594 a
2662 1539 2892 1609 singulis
2937 1536 3316 1607 peccatoribus
3355 1549 3453 1586 au-

1879 1639 2080 1693 feretur
2106 1636 2330 1706 spiritus
2369 1649 2465 1702 per
2507 1633 2836 1701 baptismum
2876 1629 3054 1683 datus.
3099 1626 3164 1680 Et
3208 1625 3338 1679 illud
3368 1630 3454 1677 est

1877 1731 2018 1803 quod
2046 1729 2307 1783 Dominus
2333 1727 2542 1781 dicebat
2572 1744 2584 1778 :
2618 1722 2900 1777 Exscindet
2925 1735 3128 1773 servum
3159 1715 3453 1785 improbum

191 1851 300 1906 ριος
332 1833 510 1901 ἔλεγε·
545 1807 939 1902 Διχοτομῆσει
969 1830 1079 1884 τὸν
1123 1831 1352 1885 δοῦλον
1375 1831 1481 1884 τὸν
1506 1831 1767 1898 πονηρὸν

1893 1825 2115 1879 (ominus
2146 1820 2259 1888 ejus
2303 1819 2512 1888 quando
2545 1816 2764 1879 uenerit,
2792 1823 2840 1867 et
2873 1811 3165 1881 portionem
3196 1807 3307 1876 ejus
3334 1813 3451 1876 post

184 1924 382 1979 ἐλθὼν
422 1927 455 1978 ὀ
493 1923 695 1992 κύριος
717 1921 928 1988 αὐτοῦ,
971 1921 1070 1974 καὶ
1098 1921 1163 1974 τὸ
1206 1923 1389 1991 μέρος
1415 1922 1602 1977 αὐτοῦ
1629 1921 1774 1990 μετὰ

188 2018 293 2071 τὸν
317 2017 582 2070 ἄπιστον
612 2014 807 2081 θήσει.

250 2109 357 2174 Εἰς
382 2108 447 2161 τὸ
493 2107 688 2173 τέλος,
745 2104 899 2172 ὑπὲρ
939 2103 1216 2174 Ἰδιθοὺμ,
1279 2106 1588 2158 ΨΑΛΜΟΣ
1625 2103 1704 2168 τῷ

782 2203 996 2273 Ἀσάφ.
1049 2207 1174 2258 ΟΣ’.

817 2295 831 2316 ⁸
843 2298 1153 2363 Υπόθεσις.

193 2381 459 2448 Ἀκούσας
495 2384 729 2457 Ἰδιθοὺμ
756 2386 824 2440 τὰ
865 2388 1138 2458 λεγόμενα
1192 2387 1322 2458 περὶ
1351 2387 1445 2440 τοῦ
1481 2386 1610 2440 λαοῦ
1665 2386 1772 2439 τῶν

260 2475 548 2548 Ἐϐραίων·
578 2478 752 2532 ταῦτα
779 2480 835 2532 δὲ
851 2476 918 2551 ἦν
932 2481 1078 2533 τάδε·
1098 2482 1232 2535 Ἵνα
1251 2482 1308 2534 τί
1330 2484 1363 2534 ὀ
1386 2481 1529 2546 Θεὸς
1554 2478 1773 2533 ἀπώσω

250 2570 342 2633 είς
371 2569 589 2632 τέ.ῖος;
640 2570 943 2642 ὑπερήλγει
977 2572 1071 2624 καὶ
1119 2572 1466 2642 ἐταράττετο,
1502 2570 1599 2642 τὴν
1635 2588 1771 2623 παν-

249 2660 381 2731 τελῆ
416 2661 597 2714 αὐτῶν
630 2662 900 2733 ἀποϐολὴν
953 2663 1186 2734 θρηνῶν.
1257 2659 1393 2716 Εἶτα
1465 2663 1771 2731 συντίθησιν

248 2752 402 2823 αὑτῷ
435 2757 463 2806 ὁ
508 2754 678 2824 Ἀσὰφ
703 2755 938 2824 ψαλμὸν,
972 2756 1240 2809 διδάσκων
1267 2756 1452 2818 αὐτὸν,
1478 2757 1553 2820 ὼς
1583 2759 1639 2810 ὲν
1660 2759 1772 2819 τοῖς

248 2842 610 2912 περὶτούτων
641 2845 927 2916 πράγμασι
951 2845 1086 2915 πρὸς
1127 2845 1288 2915 μόνον
1317 2845 1408 2898 τὸν
1437 2845 1569 2898 Θεὸν
1599 2863 1770 2898 κατα-

250 2934 477 3004 φεύγειν
506 2935 604 2999 δεῖ,
627 2936 882 2988 κάκεῖθεν
906 2937 1003 3007 τὴν
1024 2927 1379 3008 παραμυθίαν
1401 2936 1767 3008 εὑρίσκεσθαιο

244 3027 330 3080 διὸ
355 3028 453 3079 καὶ
483 3028 783 3098 ἀρχόμενὸς
821 3045 973 3098 φησι·

249 3118 430 3186 Φωνῇ
454 3091 589 3188 μὸιῖ
621 3091 772 3187 ατρὸς
803 3091 1024 3188 Ιίιίριον
1071 3091 1368 3188 ἐκέκραξα
1388 3159 1401 3183 ,
1444 3119 1614 3188 φωνῇ
1650 3138 1768 3189 μου
1798 3158 1838 3214 C

173 3213 328 3295 arde
360 3213 469 3266 τὸν
503 3212 675 3280 Θεὸν,
709 3215 807 3266 καί
840 3213 1148 3283 προσέσχε
1171 3233 1293 3283 μοι.
1326 3215 1578 3267 Διδάσκει
1608 3215 1769 3286 ἀρχό-

176 3322 344 3375 μενος
369 3302 465 3357 τοῦ
495 3304 710 3376 ψαλμοῦ
744 3305 822 3375 τῷ
860 3304 1114 3376 Ίδιθοὺμ,
1142 3306 1216 3367 ὼς
1238 3307 1405 3373 ἐγγὺς
1428 3307 1630 3377 Κύριος
1656 3309 1766 3370 τοῖς

172 3398 201 3448 ὲ
211 3396 441 3449 πικαλου
451 3397 629 3459 μένοις
663 3397 824 3449 αὐτόν
833 3437 846 3451 .

260 3491 366 3543 Ἐν
395 3489 587 3559 ἡμέρᾳ
642 3488 904 3558 θλίψεως
951 3508 1071 3558 μου
1124 3489 1231 3542 τὸν
1266 3489 1414 3543 Θεὸν
1441 3488 1770 3558 ὲξεζήτησα

172 3581 304 3648 ταῖς
326 3581 506 3651 χερσί
561 3599 680 3649 μου
713 3581 932 3646 νυκτὸς
969 3582 1247 3634 ἐναντίον
1285 3581 1496 3644 αὑτοῦ,
1529 3581 1628 3633 καὶ
1657 3583 1769 3634 οὐκ

169 3675 515 3742 ἠπατήθην.
570 3673 843 3745 Τοσαύτη,
898 3675 1052 3745 φησὶ,
1086 3675 1413 3744 περιέκλυσε
1445 3673 1620 3744 θλίψις
1669 3673 1768 3746 τὴν

168 3765 352 3834 ψδχήν
384 3779 508 3834 μου,
531 3764 606 3826 ὡς
637 3765 695 3816 οὐ
754 3765 912 3835 μόνον
968 3764 1088 3834 μεθ’
1120 3765 1334 3836 ἡμέραν
1375 3764 1474 3828 τὰς
1531 3765 1768 3828 ἱκετείας

173 3855 472 3918 ποιεῖσθαι,
523 3855 660 3909 ἀλλὰ
699 3856 807 3925 γὰρ
836 3857 931 3909 καὶ
962 3857 1124 3909 αὑτὸν
1154 3856 1243 3909 τὸν
1268 3859 1456 3928 καιρὸν
1489 3857 1596 3911 τῶν
1636 3873 1766 3909 νυκ-

168 3948 281 4001 τῶν
315 3948 734 4002 καταναλίσκειν
754 3952 833 4012 είς
865 3951 1191 4021 προσευχάς.
1211 3950 1374 4002 Ἀλλὰ
1392 3950 1562 4004 ταῦτα
1592 3950 1766 4020 πράτ-

171 4058 301 4102 των,
327 4043 429 4094 οὐκ
450 4044 530 4105 εἰς
565 4041 720 4094 κενὸν
752 4041 1007 4113 ἔδραμον,
1037 4043 1136 4095 οὐκ
1171 4044 1253 4105 εἰς
1291 4041 1445 4094 κενὸν
1478 4041 1763 4095 ἐκοπίασεν

168 4134 265 4185 καὶ
289 4133 452 4186 τοῦτό
483 4136 599 4186 ἐστι
623 4135 703 4193 τὸ.
732 4138 853 4188 Οὐκ
881 4136 1220 4203 ὴπατήθην.

253 4225 626 4293 Ἀπηνήνατο
653 4227 1110 4295 παρακληθῆναι
1146 4229 1182 4294 ἡ
1211 4227 1381 4296 ψυχή
1406 4244 1548 4296 μου,
1583 4225 1766 4295 ἐμνή-

168 4323 332 4385 σθην
357 4317 462 4371 τοῦ
482 4317 650 4384 Θεοῦ,
683 4319 779 4372 καὶ
807 4318 1170 4387 εὐφράνθην.
1193 4318 1516 4389 Ἀνθρώπων
1545 4318 1641 4389 μὲν
1666 4335 1768 4370 πα-

170 4409 469 4482 ραμυθίας,
528 4411 711 4480 φησὶν,
741 4411 858 4463 οὐδὲ
891 4412 1020 4482 μιᾶς
1050 4411 1378 4482 ἠνεσχόμην·
1417 4409 1551 4481 μόνη
1588 4409 1643 4462 δέ
1675 4425 1765 4478 μοι

1876 1915 2138 1981 inﬁdelth
2166 1921 2320 1982 ponet
2346 1911 2414 1963 ⁸⁸.

2074 2099 2126 2154 1.
2171 2096 2236 2150 In
2267 2097 2445 2164 ﬁnem,
2481 2108 2576 2162 pro
2613 2090 2873 2151 Idithum,
2911 2080 3248 2140 PSALMUS

2422 2185 2626 2254 Asaplt.
2665 2179 2928 2236 LXXVI.

2457 2277 2859 2346 Argumentum.

1873 2376 2006 2429 Cum
2045 2371 2287 2427 audisset
2333 2369 2566 2423 ldithum
2617 2381 2738 2437 qua:
2783 2361 3105 2418 dicebantur
3138 2361 3204 2414 de
3249 2357 3448 2428 populo

1944 2467 2321 2524 Hebraeorum,
2345 2477 2465 2531 quae
2497 2461 2687 2515 istluee
2708 2465 2862 2512 erant
2896 2473 2908 2509 :
2941 2451 3137 2524 thuid
3176 2451 3318 2505 Deus
3363 2465 3447 2505 re—

1941 2558 2127 2628 pulisti
2156 2558 2212 2609 in
2241 2555 2397 2624 ﬁnem
2422 2553 2448 2606 .9
2478 2564 2823 2619 summopere
2861 2546 3078 2602 dolebat
3107 2553 3161 2598 et
3191 2542 3450 2628 turbaba-

1944 2623 2051 2712 tur,
2080 2623 2271 2716 lugens
2293 2643 2438 2713 quod
2474 2642 2699 2696 omnino
2731 2638 2928 2708 abjecti
2970 2623 3257 2706 fugissent.
3304 2631 3445 2686 Tum

1945 2741 1999 2793 in
2029 2738 2148 2808 ejus
2173 2737 2404 2807 gratiam
2438 2732 2622 2802 Asaph
2670 2731 2939 2800 psalmum
2971 2728 3104 2790 edit,
3141 2726 3346 2779 docens
3375 2722 3446 2776 il-

1944 2833 2078 2894 lum,
2110 2830 2162 2882 in
2191 2825 2460 2897 ejusmodi
2489 2823 2724 2893 negotiis
2768 2821 2834 2876 ad
2866 2819 3038 2874 Deum
3083 2831 3204 2872 esse
3250 2812 3446 2870 confuv

1941 2922 2197 2992 giendum
2233 2960 2248 2984 ,
2311 2929 2474 2987 atque
2537 2915 2662 2968 inde
2726 2911 3155 2968 consolationem
3205 2905 3446 2961 mutuari

1941 3023 2195 3084 Oportere
2228 3031 2240 3065 :
2279 3024 2450 3079 quare
2477 3008 2555 3062 sic
2579 3006 2792 3061 orditur
2826 3024 2838 3058 :
3147 3068 3150 3070 η

1941 3105 1996 3157 ‘2.
2039 3101 2174 3156 Voce
2207 3117 2322 3154 mea
2353 3099 2420 3151 ad
2452 3097 2735 3150 Dominum
2766 3094 3012 3157 clamavi,
3045 3107 3179 3145 'voce
3226 3105 3344 3141 mea
3374 3087 3445 3140 ad

1876 3195 2060 3260 Deum,
2085 3204 2132 3247 et
2164 3190 2390 3246 intendit
2428 3191 2575 3242 mihi.
2613 3184 3131 3242 Psalmumordiens
3157 3181 3313 3236 docet
3339 3180 3444 3234 ldi-

1872 3288 2048 3353 thum,
2081 3285 2228 3355 quod
2262 3299 2434 3354 prope
2479 3282 2550 3337 sit
2573 3279 2838 3333 Dominus
2872 3274 3261 3331 invocantibus
3294 3285 3442 3326 eum.

1945 3489 2000 3544 '5.
2036 3487 2102 3541 In
2132 3488 2216 3541 die
2251 3483 2614 3539 tribulationis
2652 3497 2777 3536 mea:
2822 3478 2992 3532 Deum
3043 3473 3304 3545 exquisivi
3333 3488 3446 3523 ma-

1869 3581 2022 3632 nibus
2059 3578 2186 3630 meis
2225 3587 2371 3629 nocte
2401 3587 2588 3626 contra
2624 3587 2765 3635 eum,
2801 3579 2849 3622 et
2874 3584 2975 3620 non
3015 3581 3133 3620 sum
3173 3564 3442 3631 deceptus.

1872 3669 2069 3733 Tanta,
2109 3667 2307 3734 inquit,
2349 3665 2626 3719 tribulatio
2661 3662 2919 3717 demersit
2949 3661 3189 3714 animam
3245 3672 3421 3712 meam

1871 3769 1932 3814 ut
1959 3775 2068 3813 non
2103 3759 2280 3813 solum
2321 3758 2409 3811 die
2447 3755 2874 3824 supplicationes
2912 3753 3187 3818 offerrem,
3239 3751 3334 3805 sed
3387 3765 3444 3803 οε

1872 3856 2052 3926 ipsum
2081 3852 2323 3907 noctium
2356 3861 2572 3919 tempus
2605 3850 2657 3902 in
2688 3848 2940 3916 precibus
2967 3847 3317 3900 insumerem.
3337 3841 3445 3897 Ve-

1869 3961 1990 4001 rum
2041 3947 2155 3998 haec
2211 3958 2380 4013 agens
2420 3957 2529 3994 non
2567 3940 2786 3992 cucurri
2825 3939 2879 3992 in
2918 3953 3144 4000 vanum,
3177 3952 3286 3990 non
3324 3935 3442 3988 l'ru-

1869 4048 1981 4094 stra
2033 4037 2273 4092 laboravi
2303 4055 2315 4090 :
2348 4045 2510 4104 atque
2544 4033 2595 4087 id
2654 4031 2759 4087 sibi
2807 4031 2921 4085 vult
2957 4030 3126 4084 illud:
3163 4028 3290 4112 illan
3326 4045 3444 4080 sum

1868 4130 2132 4197 deceptus.

1937 4217 1992 4271 4.
2022 4215 2211 4270 Reuuit
2243 4213 2508 4268 consolari
2536 4214 2717 4267 anima
2745 4228 2882 4276 mea,
2922 4226 3119 4264 memor
3141 4208 3222 4277 fui
3250 4207 3367 4271 Dei,
3392 4216 3442 4260 et

1869 4310 2161 4364 delectatus
2195 4325 2333 4364 sum.
2384 4306 2594 4371 Nullas,
2629 4307 2831 4375 inquit,
2863 4304 3149 4359 hominum
3191 4300 3444 4355 consola-

1872 4402 2048 4456 tiones
2075 4399 2461 4454 admittebam:
2518 4397 2613 4453 sed
2664 4397 2777 4452 sola
2826 4395 2920 4450 Dei
2958 4394 3221 4448 memoria
3257 4391 3443 4446 laetitia

165 4506 200 4574 ἡ
232 4501 328 4555 τοῦ
355 4501 492 4553 Θεοῦ
526 4503 712 4572 μνήμη
742 4501 1048 4572 εὐφροσύνη
1079 4502 1304 4573 καρδίας
1339 4502 1571 4569 ἐγένετο.
1603 4499 1767 4553 Ἢὸο-

1893 4492 2054 4548 :ordis
2077 4501 2194 4546 erat
2229 4491 2388 4544 mihi.
2420 4489 2759 4543 Exercitatus
2790 4504 2927 4552 sum,
2960 4495 3009 4540 et
3043 4484 3232 4554 defecit
3282 4485 3444 4553 spiri-

162 4594 474 4661 λέσχησα,
515 4592 614 4645 καὶ
642 4593 1070 4661 ὼλιγοψύχησε
1090 4594 1155 4646 τὸ
1181 4593 1418 4660 πνεῦμά
1443 4591 1586 4661 μου.
1613 4591 1760 4655 Ὅτε,

164 4686 327 4755 φησὶ,
368 4684 647 4755 λογισμοῖς
687 4683 1050 4756 ἀνθρωπίνοις
1100 4683 1392 4756 ἐχρώμην·
1437 4682 1597 4736 τοῦτο
1653 4682 1761 4751 γάρ

163 4780 285 4830 ἐστι
315 4777 397 4844 τὸ,
441 4776 888 4846 Ἠδολέσχησα,
919 4778 1044 4831 τότε
1090 4777 1154 4848 δὴ
1172 4777 1293 4829 τότε
1321 4775 1416 4828 καὶ
1447 4777 1526 4838 είς
1564 4774 1758 4843 ὀλιγω-

167 4872 294 4943 ρίαν
325 4869 731 4941 κατεφερόμην.

238 4961 768 5030 Προκατελάϐοντο
811 4960 1092 5030 φυλακὰς
1145 4964 1199 5014 οἱ
1263 4960 1563 5030 ὀφθαλμοί
1612 4978 1756 5030 μου,

161 5049 508 5128 εταράχθην
555 5050 655 5103 καὶ
693 5052 805 5103 οὐκ
837 5050 1135 5118 ἐλάλησα.
1180 5051 1350 5104 Τοῦτο
1405 5051 1546 5121 γὰρ,
1604 5051 1756 5122 φησὶ,

161 5141 536 5214 ταράττεσθαι
556 5145 700 5195 ποιεῖ
721 5142 827 5195 τῶν
862 5139 1072 5212 ἐχθρῶν
1103 5141 1625 5214 προκαταλαϐόντων
1650 5143 1759 5195 τῶν

162 5234 456 5304 ἡμετέρων
496 5233 752 5302 φυλακῶν
806 5233 934 5296 τοὺς
967 5232 1184 5296 τόπους
1213 5232 1457 5285 τουτέστι
1485 5232 1594 5286 τῶν
1649 5251 1752 5286 τει-

163 5326 278 5396 χῶν
307 5326 408 5389 τὰς
438 5325 712 5392 ἐπάλξεις.

236 5417 679 5488 Διελογισάμην
726 5419 950 5487 ἡμέρας
984 5419 1257 5488 ἀρχαίας.
1302 5418 1534 5481 Ἐκεῖνα,
1571 5418 1756 5487 φησὶν,

163 5510 414 5562 ἐνενόουν
442 5510 562 5562 κατ’
593 5509 852 5578 ἐμαυτὸν,
907 5509 1003 5562 καὶ
1029 5509 1408 5580 ἐταραττόμην
1445 5508 1563 5573 πῶς
1591 5510 1756 5563 πάλαι

167 5599 480 5670 μὲνὸθεὸς
523 5599 738 5670 ἐϐοήθει
767 5600 844 5671 τῷ
869 5600 1004 5671 λαῷ,
1049 5603 1167 5655 νυνὶ
1217 5602 1272 5654 δὲ
1315 5600 1589 5656 ἀπώσατο.
1643 5605 1752 5657 Καὶ

242 5759 290 5789 ⁸⁸
319 5756 451 5812 Luc.
490 5772 585 5825 xu,
622 5758 711 5812 Mi.

1867 4599 1950 4638 tus
1979 4601 2143 4638 meus.
2174 4583 2311 4638 Cum
2346 4581 2624 4644 humanis,
2655 4581 2854 4649 inquit,
2885 4579 3076 4633 utebar
3099 4577 3442 4641 ratiociniis;

1866 4676 1920 4729 id
1953 4677 2096 4729 enim
2135 4675 2405 4744 signiﬁcat
2447 4673 2577 4726 illud
2609 4690 2621 4725 :
2661 4671 3004 4726 Exercitatus
3038 4686 3175 4735 sum,
3225 4677 3355 4724 tunc
3386 4669 3443 4724 in

1863 4767 2220 4823 defectionem
2247 4767 2416 4822 animi
2451 4767 2694 4836 dejectus
2728 4781 2871 4820 sum.

1939 4968 1991 5022 5.
2029 4968 2462 5038 Anticipaverunt
2491 4967 2704 5038 vigilias
2736 4967 2876 5020 oculi
2906 4969 3028 5029 mei,
3057 4969 3299 5021 turbatus
3329 4983 3444 5020 sum

1865 5073 1913 5114 et
1948 5078 2054 5115 non
2084 5079 2202 5114 sum
2237 5061 2464 5114 loeutus.
2500 5060 2613 5114 Hoc
2645 5075 2766 5123 nos,
2797 5061 2994 5131 inquit,
3048 5062 3103 5115 in
3161 5061 3446 5130 perturba-

1868 5156 2068 5208 tionem
2095 5155 2338 5224 conjieit,
2376 5155 2520 5221 quod
2554 5154 2757 5208 inimici
2793 5155 3168 5208 custodiarum
3227 5161 3446 5206 nostra-

1865 5263 1985 5300 rum
2019 5247 2136 5301 loca
2173 5255 2462 5316 occupent,
2486 5247 2536 5301 id
2569 5257 2673 5314 est,
2700 5261 2981 5302 murorum
3008 5243 3442 5315 propugnacula.

1935 5422 1988 5474 6.
2029 5421 2273 5491 Cogitavi
2321 5423 2432 5474 dies
2469 5433 2736 5493 antiquos.
2792 5421 2906 5485 Illa,
2971 5417 3166 5486 inquit,
3221 5429 3439 5469 mecum

1865 5514 2195 5583 cogitabam,
2229 5524 2286 5568 et
2318 5515 2577 5569 turbabar
2597 5513 2935 5585 perpendens
2967 5525 3075 5577 quo
3104 5516 3264 5578 pacto
3295 5505 3440 5557 Deus

1859 5606 1990 5661 olim
2025 5608 2226 5678 populo
2260 5607 2653 5673 auxiliaretur,
2714 5622 2857 5660 nunc
2913 5612 3097 5658 autem
3153 5597 3436 5672 repulerit.
