3872 6216
438 335 544 391 5H

1285 329 1347 394 ἓ.
1392 325 1768 383 ATHANASII
1805 323 1930 384 O'PF
1997 325 2178 382 PARS
2213 325 2299 380 ΙΙΙ.
2341 355 2414 368 --
2449 317 2864 380 EXEGETIIJA.

3577 317 3690 374 διδ

441 448 506 501 Ει
532 451 633 501 hoc
665 459 752 499 me
777 444 832 498 in
860 451 1184 498 anxietatem
1216 439 1382 493 annni
1407 440 1766 508 conjiciebat:
1801 455 1870 494 ne
1899 437 2013 492 for-

2117 441 2266 492 τουτό
2299 456 2388 509 μοι
2417 437 2514 510 τὴν
2565 432 2802 503 ἀθυμίαν
2839 429 3023 491 ἐκίνει,
3056 429 3117 482 τὸ
3151 429 3230 498 μὴ
3259 429 3366 498 ἄρα
3399 428 3479 492 εις
3517 427 3577 480 τὸ
3605 429 3692 482 δι-

444 549 496 594 ιο
527 539 582 591 in
621 543 940 606 perpetuum
973 534 1170 588 deserti
1213 531 1414 588 forent.
1455 531 1864 587 Reminiseehar
1895 531 2016 586 illo-

441 645 563 684 rum
600 628 812 682 dierum
844 626 1218 694 antiquorum.

515 721 602 776 Η.
643 719 772 774 Haec
825 720 1050 772 mutatio
1105 718 1335 770 dexteris
1367 713 1597 769 Excelsi.
1629 714 1772 770 Dum
1801 731 2012 770 mecum

445 823 746 872 versarem,
771 805 972 875 inquit,
1003 807 1363 875 cogitationes
1397 806 1519 860 illas
1553 806 1618 859 de
1643 807 1828 874 pepuli
1861 806 2016 875 abje-

443 900 644 964 ctione,
682 913 804 952 sero
829 898 1046 952 tandem
1087 897 1349 964 intellexi,
1399 899 1757 951 mutationem
1797 897 1942 951 illam
1983 913 2014 951 a

442 988 601 1060 bonis
639 988 705 1042 ad
739 988 906 1051 mala,
945 1004 1066 1057 quae
1089 989 1288 1058 populo
1313 988 1563 1058 contigit,
1595 989 1663 1042 ob
1687 989 1824 1042 nihil
1864 988 2012 1042 aliud

443 1081 713 1144 evenisse,
749 1081 854 1134 nisi
911 1089 1134 1148 propter
1189 1079 1454 1134 Altissimi
1509 1081 1806 1133 dexteram.
1844 1079 2014 1145 Quasi

444 1173 688 1240 apertius
723 1172 960 1226 diceret:
1007 1171 1236 1240 Propter
1267 1187 1330 1224 ea
1365 1187 1486 1240 qua!
1526 1181 1714 1224 contra
1761 1170 2012 1225 Salvato-

443 1279 556 1334 rem
591 1263 896 1330 Christum,
931 1264 1025 1334 qui
1059 1275 1144 1318 est
1181 1265 1403 1317 dextera
1437 1263 1634 1326 Patris,
1662 1263 1804 1318 facta
1831 1271 1977 1319 sunt.

515 1443 603 1496 12.
641 1442 780 1508 Quia
805 1459 1000 1498 memor
1034 1459 1122 1497 ero
1151 1443 1215 1494 ab
1249 1443 1401 1495 initio
1427 1443 1750 1496 mirabilium
1779 1451 2008 1498 tuorum.

443 1531 711 1601 Cogitavi,
767 1533 964 1602 inquit,
1016 1541 1221 1602 quanta
1263 1534 1398 1602 ipsis
1437 1535 1578 1588 bona
1637 1535 1910 1602 tribuerit,
1959 1544 2014 1590 et

444 1623 625 1692 qualia
663 1623 904 1676 vicissim
957 1623 1240 1676 intulerint
1283 1624 1330 1677 ei
1371 1625 1536 1678 mala.

516 1715 602 1768 15.
641 1713 710 1766 Et
761 1715 1050 1768 meditabor
1093 1717 1148 1768 in
1193 1717 1430 1772 omnibus
1457 1717 1700 1784 operibus
1741 1718 1866 1770 tuis.
1895 1716 2008 1772 Etsi

444 1803 588 1856 extim
617 1803 693 1856 illi
716 1803 788 1857 ita
820 1819 878 1858 se
904 1805 1191 1873 gesserint,
1249 1814 1304 1858 at
1332 1820 1433 1874 ego
1479 1821 1542 1859 ea
1595 1821 1716 1874 quae
1759 1807 1827 1860 ab
1855 1807 2010 1862 initio

445 1893 602 1948 nobis
628 1894 908 1948 contulisti
937 1894 1198 1948 beneﬁcia
1221 1895 1286 1948 ad
1307 1895 1466 1947 tinem
1494 1911 1666 1964 usque
1691 1899 2006 1952 recensebo:

445 1983 500 2036 1d
527 1993 630 2045 est,
679 1985 890 2039 nullum
947 2001 1014 2040 ex
1067 1987 1224 2040 nobis
1283 1985 1496 2040 collatis
1529 1987 1691 2042 bonis
1749 1989 2010 2043 oblivioni

443 2073 676 2126 uadum.

517 2165 604 2218 14.
651 2165 808 2228 Deus,
843 2167 896 2219 in
943 2177 1126 2220 sancto
1163 2169 1247 2222 via
1285 2179 1396 2223 tua.
1433 2169 1694 2225 Sanctum
1725 2181 1884 2226 vocat
1917 2187 2012 2228 aut

443 2257 841 2310 sanctiﬁcatum
891 2261 1263 2327 apostolorum
1317 2263 1570 2328 chorum,
1625 2265 1846 2333 quicum
1895 2274 2012 2318 stu-

444 2349 618 2418 pcnda
645 2349 732 2402 illa
769 2357 822 2404 et
851 2349 1033 2404 divina
1068 2351 1222 2421 signa
1255 2353 1479 2419 edebat;
1541 2363 1634 2408 aut
1675 2355 1800 2424 quia
1851 2373 2010 2412 nemo

443 2449 622 2508 potest
649 2441 832 2495 venire
859 2443 924 2496 ad
957 2443 1168 2496 Patrem
1197 2445 1298 2498 nisi
1339 2459 1434 2513 per
1468 2445 1770 2512 Christum,
1803 2450 1896 2518 qui
1926 2465 2006 2504 re-

441 2546 566 2584 vera
595 2543 828 2588 sanctus
859 2543 962 2600 est,
989 2545 1174 2603 utpote
1215 2535 1376 2590 Deus.
1421 2538 1552 2604 Quis
1605 2539 1746 2592 Deus
1789 2557 2008 2610 magnus

441 2623 578 2676 sicut
611 2623 744 2676 Deus
768 2636 944 2678 noster
969 2627 994 2678 ?
1033 2623 1298 2681 Omnibus
1328 2629 1632 2692 antecellis,
1667 2643 1701 2683 ο
1733 2629 1964 2685 Domine
1993 2651 2004 2686 :

442 2715 592 2769 solus
625 2716 770 2769 enim
799 2733 920 2785 qua:
954 2718 1035 2772 vis
1065 2720 1336 2772 mirabilia
1367 2720 1633 2788 operaris.

513 2805 600 2857 16.
641 2805 930 2860 Redemisti
982 2809 1034 2860 in
1071 2807 1284 2862 brachio
1317 2819 1406 2862 tuo
1449 2811 1698 2880 populum
1749 2821 1918 2876 tuum,
1945 2815 2012 2882 ﬁ-

441 2893 540 2948 lios
572 2893 738 2947 Iacob
777 2907 826 2949 et
851 2897 1064 2967 Joseph.
1101 2901 1239 2968 Ipsis
1277 2901 1420 2954 enim
1471 2903 1663 2971 primis
1695 2904 2012 2972 praedicavit

439 2984 794 3054 Evangelium
839 2991 993 3060 regni
1028 2992 1314 3048 cmlorum.
1350 2991 1642 3048 Brachium
1683 2993 1918 3066 Domini,
1953 2999 2008 3054 id

437 3087 522 3133 cst
542 3077 817 3133 Christus.

525 3170 610 3222 i7.
651 3169 904 3224 Viderunt
961 3183 1008 3226 te
1054 3191 1225 3244 aquaz,
1273 3175 1435 3242 Deus,
1491 3189 1542 3232 et
1593 3181 1899 3240 timuerunt.
1943 3183 2012 3238 Et

440 3263 789 3330 quandonam
823 3279 979 3333 aqua:
1009 3266 1254 3322 videntes
1287 3269 1608 3338 timuerunt,
1649 3275 1752 3327 nisi
1789 3277 2008 3343 quando

439 3369 592 3408 mare
617 3356 914 3425 increpavit
942 3365 995 3412 et
1027 3361 1342 3415 obmutuit?

511 3444 598 3500 18.
645 3445 830 3500 Vocem
872 3449 1126 3502 dederunt
1155 3451 1332 3504 nubes.
1387 3453 1596 3508 Etenim
1649 3457 1857 3525 sagitta:
1904 3469 2008 3512 tuae

440 3545 734 3590 transeunt.
773 3536 956 3593 Nubes
979 3540 1067 3594 hic
1113 3551 1268 3596 vocat
1299 3553 1522 3599 sanctos
1577 3549 1870 3616 apostolos,
1913 3551 2007 3619 qui

437 3632 718 3686 emlestem
755 3643 808 3687 et
837 3636 1210 3704 evangelicum
1251 3653 1558 3693 sermonem
1599 3640 2002 3696 administrant.

441 3723 680 3794 Sagittas
713 3735 893 3780 autem
931 3737 1090 3782 vocat
1143 3731 1490 3797 operationes
1525 3734 1698 3786 sancti
1743 3733 2002 3803 Spiritus.

437 3815 668 3872 Perinde
699 3818 865 3886 igitur
885 3828 968 3874 est
998 3837 1061 3874 ac
1079 3821 1134 3892 _si
1163 3821 1367 3878 diceret
1401 3842 1414 3878 :
1449 3825 1806 3892 Operationes
1833 3827 1886 3879 in
1917 3828 2006 3880 di-

437 3909 662 3976 scipulis
693 3911 799 3966 tuis
837 3911 1016 3978 editae,
1055 3929 1151 3982 per
1181 3923 1351 3968 totum
1395 3917 1582 3970 orbem
1619 3918 1818 3972 audita:
1857 3929 2002 3972 sunt.

437 3997 731 4056 Sciendum
765 4013 945 4057 autem
980 4005 1160 4073 ipsum
1181 4005 1462 4060 Christum
1491 4009 1740 4076 sagittam
1775 3999 2004 4064 electam

435 4091 578 4158 apud
639 4090 836 4146 Isaiam
897 4095 1219 4162 prephetam
1271 4109 1644 4167 nuncupatum
1707 4099 1876 4153 fuisse
1927 4101 1998 4156 ³⁷.

443 4181 556 4234 Vox
590 4185 812 4236 tonitrui
847 4187 924 4237 tui
977 4187 1030 4240 in
1079 4197 1217 4241 rota.
1277 4187 1505 4243 Tonitru
1549 4190 1682 4246 dicit
1727 4194 2000 4260 evangeli-

433 4290 558 4327 cum
589 4291 919 4340 sermonem,
947 4279 1039 4346 qui
1087 4294 1179 4346 per
1219 4287 1390 4334 totum
1427 4283 1616 4336 orbem
1655 4284 2006 4342 vehementer

431 4365 696 4420 insonuit.
733 4365 1102 4432 Quamobrem
1131 4371 1540 4440 evangelistam,
1569 4372 1739 4426 tilium
1777 4376 2002 4432 tonitrui

2117 533 2312 602 ηνεκὲς
2341 530 2520 584 αὐτῶν
2545 531 2578 598 ὴ
2609 523 2926 594 ἀποστροφὴ
2951 522 3196 591 γένηται.
3239 521 3692 591 ’Υπεμιμνησκό-

2120 636 2225 690 μην
2255 619 2478 672 ἐκείνων
2507 616 2613 670 τῶν
2655 613 2896 667 παλαιῶν
2924 611 3163 682 ἡμερῶν.

2185 711 2346 778 Αὕτη
2393 711 2430 777 ἡ
2484 709 2811 772 ἀλλοίωσις
2843 705 2954 774 τῆς
2979 703 3182 771 δεξιᾶς
3225 705 3332 759 τοῦ
3368 706 3690 773 Ὑψίστου.

2115 803 2316 864 Κινῶν,
2349 801 2504 870 φησι,
2535 801 2660 862 τοὺς
2678 798 2928 870 περὶτῆς
2969 797 3240 866 ἀποϐολῆς
3267 797 3360 850 τοῦ
3389 799 3571 862 ἔθνους
3603 799 3694 852 λο-

2115 895 2365 963 γισμοὺς,
2401 892 2500 961 ὀψέ
2545 908 2673 944 ποτε
2717 891 2941 960 συνῆκα,
2969 889 3107 960 ὡςή
3159 890 3426 962 μεταϐολὴ
3472 891 3610 962 αὕτη
3655 895 3692 962 ἡ

2115 985 2174 1050 ἐξ
2203 986 2419 1053 ἀγαθῶν
2450 987 2528 1048 είς
2565 983 2712 1036 κακὰ
2765 983 3104 1053 γεγενημένη
3143 983 3220 1052 τῷ
3257 983 3394 1036 ἔθνει
3419 984 3486 1036 δι’
3533 985 3692 1038 οὐδὲν

2115 1079 2300 1149 ἓτερον
2327 1077 2614 1146 γεγένηται
2647 1074 2680 1145 ἢ
2706 1074 2793 1126 διὰ
2817 1073 2912 1144 τὴν
2941 1073 3033 1126 τοῦ
3075 1074 3328 1143 Ὑψίστου
3357 1075 3558 1139 δεξιάν.
3599 1077 3694 1139 Ὡς

2115 1173 2164 1222 εἰ
2196 1170 2522 1238 σαφέστερον
2555 1167 2759 1234 ἔλεγενο
2785 1165 2882 1218 Διά
2905 1165 2972 1216 τὰ
2999 1166 3140 1218 κατά
3159 1165 3250 1218 τοῦ
3281 1167 3532 1236 Σωτῆρος
3555 1169 3696 1238 Χριη

2119 1263 2242 1316 στοῦ
2281 1259 2666 1332 πεπραγμένα,
2709 1260 2768 1321 ὃς
2808 1259 2924 1310 ἐστι
2953 1257 3103 1322 δεξιά
3139 1258 3232 1310 τοῦ
3257 1259 3492 1329 Πατρός.

2186 1439 2313 1492 Ὅτι
2341 1442 2768 1508 μνησθησομαι
2813 1437 2932 1491 ἀπὸ
2965 1435 3070 1504 τῆς
3099 1437 3294 1507 ἀρχῆς
3322 1437 3442 1490 τῶν
3465 1441 3696 1506 θαυμαε

2113 1531 2263 1584 σίων
2293 1545 2428 1582 σου.
2484 1530 2788 1599 Ἑνενόησα,
2825 1530 3009 1598 φησιν,
3069 1529 3168 1581 ὅσα
3197 1527 3358 1590 αὐτὸς
3383 1529 3565 1591 αὐτοῖς
3605 1532 3694 1583 ὲν-

2113 1619 2349 1686 εδείξατο
2373 1621 2572 1690 ἀγαθὰ,
2597 1617 2682 1674 οἷα
2711 1623 2768 1674 δὲ
2789 1621 2937 1691 αὐτῷ
2959 1621 3346 1674 ἀντ-ἀπέδωκαν
3375 1621 3543 1674 κακά.

2183 1713 2290 1768 Καὶ
2307 1713 2622 1782 μελετήσει)
2673 1714 2742 1765 ἐν
2769 1711 2918 1767 πᾶσι
2945 1712 3070 1778 τοῖς
3099 1712 3294 1780 ἔργοις
3333 1726 3471 1766 σου.
3503 1713 3566 1764 Εἰ
3593 1713 3700 1765 καὶ

2111 1805 2302 1869 οὕτως,
2337 1805 2517 1876 φησὶν,
2567 1805 2784 1866 ἐκεῖνοι,
2837 1803 2950 1856 ἀλλ’
2993 1801 3102 1872 ἐγὼ
3151 1803 3258 1856 ἀπὸ
3281 1803 3378 1872 τῆς
3406 1802 3586 1873 ἀρχῆς
3613 1795 3694 1854 ὧν

2111 1899 2190 1960 εἰς
2223 1899 2366 1968 ἡμᾶς
2392 1896 2538 1968 ἤρξω
2561 1895 2918 1966 εὐεργεσιῶνἸ
2940 1895 3106 1966 μέχρι
3127 1896 3313 1958 τέλους
3335 1894 3692 1979 ῥιεξέλθοιμιο

2110 1989 2402 2052 τουτέστιν,
2425 1987 2573 2040 οὐδὲν
2597 1987 2703 2040 τῶν
2729 1990 2785 2040 ἐν
2801 1991 2934 2057 ἡμῖν
2955 1987 3338 2060 γεγενημένων
3357 1987 3700 2062 καλῶνλήθῃ

2115 2080 2362 2151 παραδῶ,

2192 2171 2244 2222 Ὁ
2271 2170 2434 2236 Θεὸς,
2474 2171 2543 2224 ἐν
2567 2171 2646 2236 τῷ
2690 2171 2834 2240 ἁγίῳ
2860 2172 2897 2240 ὴ
2949 2171 3088 2236 ὁδός
3117 2187 3254 2224 σου.
3293 2171 3485 2238 ’Ἀγιόν
3523 2188 3694 2241 φησιν

2111 2261 2144 2332 ἢ
2174 2263 2264 2314 τὸν
2313 2261 2644 2332 ἡγιασμένον
2675 2263 2780 2314 τῶν
2810 2261 3120 2314 ἀποστόλων
3162 2261 3340 2333 χορὸν,
3395 2262 3513 2332 μεθ’
3537 2263 3596 2315 ὅν
3623 2257 3694 2333 ἦν

2113 2353 2374 2406 ἐπιτελῶν
2427 2355 2523 2416 τάς
2575 2353 2904 2424 παραδόξους
2949 2352 3292 2424 θεοσημείαςο
3325 2354 3356 2424 ἣ
3389 2355 3472 2406 ὅτι
3515 2355 3696 2418 0965i;-

2110 2446 2328 2499 δύναται
2353 2445 2524 2498 ἐλθεῖν
2562 2447 2696 2516 πρὸς
2727 2447 2816 2498 τὸν
2841 2445 3054 2516 Πατέρα
3083 2447 3131 2497 εἰ
3185 2445 3259 2516 μὴ
3303 2446 3390 2502 διὰ
3417 2445 3687 2516 Χριστοῦ,

2111 2539 2168 2601 ὃς
2207 2540 2320 2590 ἐστι
2349 2539 2488 2592 κατά
2515 2538 2770 2608 ἀλήθειαν
2805 2538 2957 2606 ἅγιος
2977 2538 3050 2600 ὡς
3079 2537 3229 2600 Θεός.
3287 2537 3386 2604 Τίς
3421 2539 3570 2602 Θεὸς
3589 2537 3684 2608 μέ-

2111 2645 2220 2697 γας
2248 2629 2326 2694 ὡς
2351 2633 2382 2682 ὁ
2418 2629 2561 2694 Θεὸς
2587 2628 2788 2698 ἡμῶν;
2821 2628 3044 2680 Πάντων
3073 2627 3381 2698 ὑπερέχεις,
3415 2628 3664 2689 Δέσποτα

2114 2723 2271 2792 μόνος
2303 2723 2409 2791 γὰρ
2439 2721 2580 2791 ἅπερ
2609 2721 2781 2786 θέλεις
2813 2721 3294 2788 θαισματουργεῖς.

2197 2813 2542 2882 Ἐλυτρώσω
2563 2815 2630 2865 ἐν
2665 2811 2742 2878 τῷ
2777 2813 3061 2884 ,ϐραχίονί
3090 2829 3204 2866 σου
3235 2813 3338 2865 τὸν
3363 2813 3520 2866 λαόν
3547 2827 3689 2876 σου,

2111 2901 2252 2967 τοὺς
2297 2902 2460 2966 υἱοὺς
2513 2901 2722 2956 Ἰακὼϐ
2749 2901 2846 2952 καὶ
2893 2898 3135 2967 Ἰωσήφ.
3175 2899 3367 2960 Αὑτοῖς
3397 2898 3508 2968 γὰρ
3539 2897 3690 2968 πρώ-

2109 3010 2224 3054 τοις
2250 2991 2482 3062 ἐκήρυξε
2508 2991 2567 3043 τὸ
2595 2990 2924 3058 Εὑαγγέλιον
2949 2989 3046 3058 τῆς
3083 2987 3358 3057 βασιλείας
3382 2987 3492 3040 τῶν
3517 2987 3688 3059 οὐρα-

2035 3106 2078 3164 C
2112 3085 2238 3139 νῶν.
2304 3085 2361 3136 '0
2395 3082 2631 3153 βραχίων
2663 3082 2886 3153 Κυρίου,
2916 3081 3190 3133 τουτέστιν
3224 3082 3251 3132 ὁ
3281 3079 3537 3150 Χριστός.

2179 3173 2443 3228 Εῖδοσάν
2487 3190 2560 3226 σε
2612 3171 2820 3232 ὕδατα,
2861 3175 2892 3224 ό
2923 3169 3086 3235 Θεὸς,
3137 3169 3234 3221 καὶ
3275 3169 3686 3236 ἐφοϐήθησαν.

2109 3265 2220 3318 Καὶ
2255 3265 2384 3317 πότε
2414 3263 2574 3316 αὑτὸν
2607 3263 2784 3314 ἰδόντα
2821 3262 3060 3332 ἐφοϐήθη
3091 3261 3157 3312 τὰ
3189 3260 3374 3324 ὖδατα,
3413 3259 3446 3330 ἢ
3473 3261 3564 3312 ὅτε
3591 3262 3698 3312 ἐπα.

2110 3355 2336 3424 ετίμησε
2369 3356 2432 3422 τῇ
2469 3353 2710 3422 θαλάσσῃ
2735 3351 2828 3404 καὶ
2851 3351 3166 3420 ﬂagitante;

2180 3443 2393 3512 Φωιοὴν
2447 3443 2678 3496 ἔδωκαν·
2707 3446 2764 3494 αἱ
2803 3442 3068 3509 νεφέλαι.
3125 3441 3238 3493 Καὶ
3287 3441 3397 3510 γὰρ
3419 3440 3492 3494 τὰ
3524 3441 3688 3508 βέλη

2109 3551 2224 3589 σου
2252 3535 2722 3604 διαπορεύονται.
2745 3532 2989 3602 Νεφέλας
3017 3533 3072 3585 ἐν
3105 3531 3315 3594 τούτοις
3347 3533 3470 3595 τοὺς
3499 3533 3689 3600 ἁγίους

2107 3627 2432 3690 ἀποστόλους
2489 3625 2623 3696 φησὶ
2649 3627 2776 3687 τοὺς
2817 3625 2905 3676 τὸν
2934 3625 3182 3694 οὐράνιον
3213 3623 3306 3676 καὶ
3333 3624 3690 3692 εὑαγγελικὸν

2107 3719 2482 3780 διακονοῦντας
2513 3717 2689 3784 λόγον⁸
2715 3715 2841 3786 βέλη
2873 3715 2928 3768 δὲ
2957 3715 3054 3778 τὰς
3087 3715 3364 3786 ἐνεργείας
3399 3715 3495 3768 τοῦ
3529 3717 3686 3784 ἁγίου

2107 3809 2440 3879 ΙΙνειὲματος.
2471 3809 2692 3878 Ὅμοιον
2713 3803 2802 3860 οὗν
2829 3807 2961 3859 ὡσεὶ
2989 3807 3216 3875 λέγοιεν·
3241 3809 3304 3859 Αἱ
3331 3808 3604 3878 ἐνέργειαι
3629 3811 3686 3862 αἱ

2105 3903 2186 3966 εἰς
2233 3903 2358 3964 τοὺς
2399 3901 2587 3968 ἁγίους
2637 3916 2728 3951 σου
2769 3897 3013 3969 μαθητὰς
3061 3899 3371 3965 ὲξὰκουστοι
3423 3900 3574 3971 πάσῃ
3618 3905 3686 3972 τῇ

2106 3993 2396 4066 οἰκουμένῃ
2425 3991 2732 4060 γεγόνασιν.
2777 3991 2970 4042 ’ἰστέον
3015 3990 3094 4051 δὲ,
3125 3991 3198 4053 ὡς
3221 3991 3314 4043 καὶ
3341 3991 3504 4053 αὐτὸς
3535 3992 3688 4060 βέλος

2107 4081 2358 4134 ἐκλεκτὸν
2389 4079 2538 4150 παρὰ
2557 4079 2633 4148 τῷ
2663 4080 2915 4150 προφήτῃ
2942 4079 3136 4150 Ἡσαΐᾳ
3157 4079 3484 4148 ὠνόμασται.
3511 4082 3686 4148 Φωνὴ

2105 4171 2215 4240 τῆς
2246 4170 2512 4238 σϐροηῆς
2546 4187 2662 4223 σου
2687 4171 2756 4222 ἐν
2789 4167 2866 4232 τῷ
2893 4168 3100 4237 τροχῷ·
3135 4170 3370 4241 Βροντὴν
3403 4171 3494 4222 τὸν
3523 4174 3688 4241 εὐαγ-

2104 4263 2315 4332 γελικὸν
2347 4263 2502 4330 λόγον
2546 4263 2710 4331 φησὶ,
2768 4261 2858 4312 τὸν
2898 4266 3396 4330 κατακτυπήσαντα
3450 4262 3554 4333 τὴν
3591 4265 3684 4316 ὑπ’

2104 4356 2348 4426 οὐρανόν.
2391 4355 2480 4406 Διὸ
2529 4355 2622 4406 καὶ
2664 4353 2754 4406 τὸν
2798 4352 3183 4422 εὐαγγελιστὴν
3225 4354 3337 4406 υἱὸν
3375 4355 3685 4410 ἀπεκάλεσε

2769 4444 2794 4454 ι..

431 4457 724 4526 appellavit
755 4459 822 4514 ⁸⁸.
877 4459 1073 4514 Rotam
1115 4437 1296 4516 autem
1317 4443 1464 4518 .dicit
1493 4465 1776 4520 hominum
1811 4469 2000 4536 vitam,

2117 4447 2356 4518 βροντῆς.
2403 4445 2608 4516 Τροχὸν
2641 4445 2696 4496 δὲ
2729 4444 2834 4495 τῶν
2882 4443 3180 4514 ἀνθρώπων
3214 4444 3304 4499 τὸν
3349 4445 3460 4515 βίον
3492 4448 3680 4518 φησίν.-

433 4557 490 4600 ut
518 4565 584 4603 ex
611 4549 892 4606 Ezechiele
943 4552 1188 4607 ediscere
1226 4563 1310 4608 est
1349 4555 1417 4608 ⁸⁸.
1454 4555 1682 4614 Perinde
1713 4559 1894 4628 itaque
1919 4571 2002 4616 est

431 4655 494 4692 ac
533 4641 576 4694 si
613 4641 857 4696 diceret:
899 4643 1092 4699 Sermo
1131 4653 1256 4699 tuus
1309 4649 1653 4718 evangelicus
1689 4653 1784 4704 toti
1817 4653 1996 4708 homi-

434 4749 563 4786 num
594 4737 780 4802 generi
809 4737 1042 4792 traditus
1067 4747 1170 4794 est.
1205 4739 1502 4794 “luxerunt
1527 4743 1742 4812 fulgura
1765 4755 1858 4798 tua
1883 4749 2002 4799 orbi.

431 4835 606 4877 terra.
639 4823 966 4895 Ecquaanam
1003 4829 1217 4899 fulgura
1249 4831 1468 4898 fuerint,
1497 4836 1602 4889 nisi
1629 4851 1690 4888 ea
1721 4853 1844 4904 quae
1887 4839 1991 4906 spi-

427 4915 612 4968 rituali
649 4931 750 4970 nos
799 4917 1006 4974 lumine
1055 4922 1354 4988 illustrant,
1396 4925 1570 4979 sancti
1621 4926 1830 4981 scilicet
1877 4943 1997 4995 apo-

428 5009 552 5062 stoli
589 5021 642 5062 et
692 5013 1082 5080 evangelistze?
1139 5016 1340 5083 quibus
1396 5016 1646 5082 Salvator
1679 5019 1851 5074 dixit:
1897 5021 1996 5072 Vos

428 5107 554 5160 estis
595 5105 688 5160 tua:
733 5108 916 5162 mundi
945 5109 1010 5161 ’°.
1044 5108 1319 5164 Commota
1351 5123 1426 5165 est
1462 5123 1512 5166 et
1557 5118 1874 5170 contremuit
1903 5129 1978 5169 ter

429 5214 511 5252 ra.
545 5197 712 5264 Quasi
743 5199 908 5266 dicat,
941 5201 1138 5256 Audita
1174 5213 1256 5256 est
1278 5204 1345 5256 ab
1375 5205 1630 5262 omnibus
1679 5207 1862 5262 orbem
1905 5209 1990 5261 in-

428 5291 734 5346 colentibus
773 5293 1032 5348 salutaris
1075 5295 1390 5361 praedicatio
1421 5336 1436 5360 ,
1474 5311 1572 5365 per
1607 5313 1770 5366 quam
1810 5309 1994 5354 castus

431 5384 596 5438 timor
635 5399 828 5440 omnes
867 5387 1175 5455 occupavit,
1225 5387 1378 5458 juxta
1431 5389 1560 5446 illud
1592 5411 1606 5446 :
1643 5391 1842 5446 Servite
1887 5393 1995 5444 Do-

429 5477 570 5530 mino
596 5479 648 5531 in
673 5479 877 5542 timore,
908 5489 956 5534 et
979 5480 1238 5536 exsultate
1260 5481 1307 5534 ei
1339 5499 1456 5536 cum
1490 5493 1712 5536 tremore
1749 5485 1814 5536 ⁹¹.

506 5723 548 5754 ⁵⁷
580 5721 684 5779 isa.
720 5742 861 5782 xciv.
895 5725 944 5780 ‘2.
1043 5725 1086 5756 "
1116 5725 1279 5782 Marc.
1308 5742 1389 5792 ιιι,
1421 5727 1503 5780 i7.
1585 5729 1625 5758 "
1658 5725 1852 5782 Ezech.
1891 5723 2032 5792 1,20.

2107 4541 2181 4604 ὡς
2223 4541 2314 4592 καὶ
2349 4541 2412 4591 ἐκ
2459 4537 2550 4590 τοῦ
2593 4537 2852 4608 Ἰεζεκιὴλ
2887 4537 2999 4590 ἐστι
3051 4541 3260 4607 μαθεῖν.
3313 4541 3536 4610 Ὅμοιον
3589 4539 3684 4595 οὖν

2105 4634 2236 4685 ὡσεὶ
2270 4632 2434 4700 λέγοι·
2474 4631 2530 4683 Ὀ
2568 4631 2723 4696 λόγος
2759 4648 2851 4682 σου
2885 4633 2911 4682 ὁ
2940 4631 3292 4698 εὐαγγελικὸς
3315 4635 3479 4686 παντὶ
3509 4635 3684 4688 διαδέ-

2102 4725 2248 4778 δοται
2273 4723 2593 4795 ἀνθρωπίνῳ
2621 4723 2785 4790 γένει.
2831 4723 3102 4788 Ἔμειναν
3133 4727 3190 4778 αἱ
3237 4725 3534 4792 ἀστραπαί
3563 4745 3683 4782 σου

2101 4817 2176 4884 τῇ
2199 4815 2536 4884 οἰκουμένῃ.
2573 4817 2682 4868 Καὶ
2721 4817 2861 4878 τίνες
2905 4815 2972 4868 ἂν
2999 4811 3107 4866 εἷεν
3145 4818 3200 4868 αἱ
3229 4817 3504 4886 ἀστραπαὶ
3555 4817 3588 4888 ἢ
3625 4821 3680 4872 αἱ

2098 4909 2162 4980 τὺ,
2206 4909 2392 4978 νοητὸν
2430 4911 2560 4978 ἡμῖν
2589 4907 2994 4977 ἀστράπτουσαι
3025 4907 3160 4975 φῶς,
3195 4909 3242 4960 οἱ
3267 4907 3410 4974 ἅγιοι
3441 4909 3682 4964 ἀπόστο-

2099 4999 2180 5052 λοι
2234 4999 2328 5050 καὶ
2358 4996 2742 5066 εὑαγγελισταί
2771 5013 2784 5059 ;
2831 4991 2913 5058 οἷς
2948 4996 3131 5064 ἔλεγεν
3158 4998 3185 5047 ό
3223 4999 3436 5068 Σωτήρο
3491 4999 3680 5068 Ὑμεῖς

2099 5089 2239 5142 ἐστε
2273 5087 2338 5139 τὸ
2374 5085 2497 5155 φῶς
2531 5087 2637 5140 τοῦ
2687 5087 2932 5154 κόσμου.
2993 5087 3316 5153 Ἐσίιλεύθη
3349 5089 3444 5140 καὶ
3477 5089 3680 5156 ἔντρο-

2101 5199 2208 5250 μος
2234 5179 2486 5249 ἐγενήθη
2513 5179 2548 5244 ἡ
2581 5179 2676 5248 γῆ.
2697 5179 2842 5230 Ἀντὶ
2879 5179 2993 5242 τοῦ,
3045 5179 3396 5242 Ἐξάκουστον
3429 5182 3544 5242 τοῖς
3571 5181 3676 5233 ἀνὰ

2103 5275 2274 5325 πᾶσαν
2302 5273 2402 5343 τὴν
2433 5275 2534 5342 γῆν
2566 5273 2754 5338 γέγονε
2827 5271 2887 5323 τὸ
2915 5273 3173 5342 σωτήριον
3211 5274 3490 5344 κήρυγμα,
3525 5275 3588 5328 δι’
3610 5269 3674 5327 οὗ

2097 5365 2191 5416 καὶ
2215 5363 2377 5431 φόὸος
2406 5363 2564 5430 ἁγνὸς
2587 5362 2790 5423 πάντας
2821 5361 2998 5426 ἔλαϐε,
3029 5365 3166 5416 κατά
3187 5365 3264 5416 τό·
3293 5371 3676 5421 Δουλεῠσατε

2101 5449 2178 5516 τῷ
2233 5455 2424 5530 Κυρίῳ
2479 5453 2547 5506 ἐν·
2581 5453 2778 5522 φόϐῳ,
2837 5453 2934 5504 καὶ
2981 5453 3354 5522 ἀγαλλιᾶσθε
3395 5457 3556 5524 αὐτῷ
3603 5458 3674 5512 ἐν

2105 5563 2168 5611 τί)
2175 5545 2294 5614 όμῳ
2303 5585 2316 5597 .

2111 5725 2154 5756 ’⁸⁵
2191 5723 2382 5780 Matth.
2417 5741 2466 5790 v,
2507 5725 2586 5780 ini.
2629 5727 2668 5759 ⁹¹
2701 5725 2842 5780 Psal.
2883 5741 2938 5788 lt,
2983 5725 3062 5780 Η.
