3872 6216
181 325 294 379 349

1233 315 1597 374 EXPOSITIO
1635 315 1704 370 ΙΝ
1741 314 2071 375 PSALMUM
2112 317 2366 373 LXXVII.

3321 321 3435 378 350-

267 436 374 492 Ἐν
403 434 477 504 τῇ
506 434 788 500 θαλάσσῃ
817 431 954 498 ὁδός
969 445 1104 496 σου,
1127 431 1225 485 καὶ
1257 433 1316 484 al
1347 433 1527 499 τρίϐοι
1555 447 1672 484 σου
1695 431 1751 484 ἐν

1936 432 2026 486 20.
2058 430 2123 484 1η
2149 435 2283 484 mari
2323 434 2407 484 via
2460 441 2552 484 tua
2590 439 2640 484 et
2669 434 2869 486 semitae
2893 441 2997 487 ιιιαι
3019 432 3072 485 in
3101 433 3250 502 aquis
3285 434 3424 486 mul-

178 527 368 582 ὔδασι
406 523 682 589 πολλοῖς.
728 522 1013 576 Θάλασσαν
1044 520 1140 590 μὲν
1185 521 1277 573 τὸν
1333 521 1556 590 κόσμον,
1597 521 1763 573 ὕδατα

178 623 238 674 δὲ
275 619 445 672 πολλὰ
478 617 548 670 τὰ
575 619 631 669 ὲν
659 613 808 684 αὐτῷ
859 614 1090 682 διάφορα
1123 611 1228 664 τῶν
1257 610 1556 682 ἀνθρώπων
1607 611 1758 681 γένη-

191 709 414 778 Ἐπειδὴ
444 707 500 759 δὲ
529 709 557 758 ὁ
585 704 816 775 Χριστὸς
867 702 1167 755 ἐνετείλατο
1198 701 1368 768 λέγων
1392 705 1501 764 τοῖς
1534 701 1761 753 ἀποστό-

177 800 313 863 λοιςο
350 794 764 864 Πορευθέντες,
796 794 1211 862 μαθητεύσατε
1263 791 1458 844 πάντα
1487 792 1557 844 τὰ
1589 791 1756 858 ἔθνη.

179 892 298 952 καὶ,
367 887 522 943 Ἰδοὺ
549 889 677 955 μεθ’
727 886 892 954 ὑμῶν
947 886 1065 952 εἰμι
1107 883 1308 949 πάσας
1356 884 1463 948 τὰς
1516 883 1756 951 ἰ’ρμέραςο

178 981 468 1050 διέδραμον
492 977 546 1030 δὲ
575 978 672 1046 τὴν
698 976 787 1028 ὑπ’
812 973 1164 1046 οὗρανὸν,καὶ
1186 972 1454 1044 ἐκήρυξαν
1477 975 1555 1035 εὶς
1586 973 1760 1026 πάντα

177 1069 245 1120 τὰ
273 1068 424 1137 ἔθνη,
474 1067 721 1126 συνόντος
751 1065 932 1125 αὐτοῖς
964 1063 1209 1133 ἀοράτως
1243 1062 1482 1132 δηλονότι
1511 1061 1601 1114 τοῦ
1650 1064 1758 1113 Κυ-

182 1156 322 1225 ρίου,
360 1153 503 1207 κατὰ
563 1153 660 1215 τὰς
706 1152 953 1221 ἀψευδεῖς
991 1150 1154 1203 αὐτοῦ
1190 1149 1538 1218 ἐπαγγελίαςο
1569 1150 1756 1202 τούτου

178 1246 339 1316 χάριν
362 1246 624 1314 ὲπήγαγεε
644 1244 751 1296 Καὶ
779 1243 849 1294 τὰ
884 1242 1021 1309 ἴχνη
1047 1258 1162 1294 σου
1191 1243 1261 1294 οὺ
1283 1240 1754 1309 γνωσθήσοντιιι,

175 1338 264 1390 διὰ
296 1339 358 1390 τὸ
389 1338 618 1407 ἀόρατον
651 1338 748 1406 τῆς
787 1335 902 1404 μετ’
949 1333 1127 1387 αὐτῶν
1154 1333 1374 1404 πορείας
1400 1333 1491 1384 τοῦ
1530 1333 1753 1404 Κυρίου.

173 1429 325 1498 Πλὴν
355 1429 450 1482 καὶ
505 1428 662 1497 μόνος
710 1427 872 1488 αὐτὸς
907 1426 981 1490 ὡς
1015 1425 1145 1489 Θεὸς
1195 1427 1486 1496 ἐποιήσατο
1535 1427 1627 1477 ἐπὶ
1658 1427 1756 1496 τῆς

175 1521 440 1589 αἰσθητῆς
493 1519 764 1588 θαλάσσης
794 1517 893 1588 τὴν
931 1517 1174 1586 πορείαν,
1222 1515 1296 1580 ῶς
1332 1533 1495 1588 φησιν
1534 1519 1561 1569 ὁ
1590 1517 1753 1584 εὐαγ-

175 1612 453 1680 γελιστής.

258 1703 599 1771 Ὠδιὶγησας
624 1703 704 1768 ὡς
737 1702 1001 1768 πρόϐατα
1031 1699 1137 1753 τὸν
1159 1701 1311 1754 λαόν
1335 1712 1471 1753 σου.
1508 1699 1617 1752 Καὶ
1648 1699 1753 1751 ῶσ-

174 1813 281 1866 περ
323 1796 574 1864 πρόϐατα
619 1795 719 1846 οὐκ
754 1792 934 1845 εἰδότα
974 1793 1095 1844 ὅποι
1132 1809 1189 1844 τε
1247 1792 1432 1844 ἄπεισι
1481 1793 1574 1844 καὶ
1630 1793 1751 1844 ὅποι

174 1886 503 1957 πορεύεται,
565 1886 737 1944 οὕτως
787 1885 936 1952 ἡμᾶς
980 1884 1139 1946 αὐτὸς
1185 1885 1390 1953 διῆγες,
1455 1885 1752 1955 ὑπηρέταις

171 1979 311 2048 πρὸς
340 1977 498 2029 τοῦτο
522 1980 633 2040 τοῖς
654 1975 779 2046 περὶ
795 1975 884 2026 τὸν
917 1975 1153 2028 Μωῦσέα
1187 1976 1280 2028 καὶ
1309 1976 1516 2045 Ἀαρὼν
1555 1993 1752 2046 κεχρη-

176 2070 357 2140 μένος.
391 2069 577 2122 Πάντα
631 2067 811 2138 μέντοι
851 2066 956 2119 ἀπὸ
986 2065 1099 2118 τοῦδ
1143 2066 1478 2136 Ἐμνήσθην
1512 2068 1628 2121 τῶν
1662 2069 1753 2136 ἕρ-

172 2175 295 2226 τιοον
351 2157 596 2225 Kvpt'ov,
663 2155 910 2209 ἀπέδωκε
951 2156 1085 2226 πρὸς
1131 2157 1213 2208 τό·
1271 2156 1616 2225 Ἐμνήσθην
1646 2157 1752 2212 τοῦ

175 2247 346 2312 Θεοῦ,
367 2249 465 2302 καὶ
491 2247 1072 2316 εὐφράνθηνπούτων
1089 2247 1216 2318 γὰρ,
1242 2252 1424 2318 φησὶν,
1453 2251 1755 2319 ὑπομιμνη-

176 2341 466 2410 σκόμενος,
508 2339 930 2409 παρεκαλούμην
949 2338 1046 2409 τὴν
1075 2339 1309 2392 διάνοιαν
1339 2340 1431 2392 καὶ
1465 2341 1750 2410 εὐφραινό-

174 2447 303 2500 μην.
343 2429 569 2482 Ἐννοῶν
623 2428 728 2500 γὰρ
769 2428 868 2479 ὅσα
909 2444 968 2478 τε
1008 2429 1100 2480 καὶ
1135 2423 1221 2480 οἷα
1262 2431 1392 2498 ἡμῖν
1428 2429 1636 2500 ὑπῆρξε
1681 2432 1748 2499 τῇ

171 2522 240 2591 σῇ
280 2519 522 2590 βοηθείᾳ,
555 2519 870 2588 ἐπειθόμην,
901 2518 974 2581 ὡς
999 2518 1098 2570 οὐκ
1120 2518 1183 2571 ἄν
1216 2536 1343 2572 ποτε
1374 2521 1609 2573 τοσαῦτα
1650 2538 1750 2572 πε-

171 2610 419 2680 ποιηκὼς
467 2610 558 2660 ἐπὶ
586 2612 647 2678 τῇ
681 2608 921 2678 ἡμετέρα
951 2607 1193 2678 σωτηρίᾳ
1231 2611 1322 2661 καὶ
1361 2612 1426 2680 τῇ
1456 2609 1563 2662 τῶν
1621 2628 1751 2663 κατ-

170 2701 404 2771 εχόντων
431 2700 549 2752 τότε
577 2698 984 2768 ἀπαλλαγῇ,νῦν
1010 2701 1260 2770 ἀνάσχοιο
1286 2701 1460 2769 πάντη
1483 2701 1750 2772 ὑπερίδεῖν

167 2797 320 2864 ἡμᾶς
350 2796 408 2845 ἐν
454 2793 667 2865 δουλείᾳ
700 2809 754 2844 τε
781 2793 940 2854 ὄντας
970 2793 1063 2845 καὶ
1106 2795 1452 2864 αἰχμαλωσίᾳ
1496 2796 1588 2846 καὶ
1618 2813 1751 2865 συμ-

168 2888 334 2957 φορᾷ.
377 2887 479 2938 Ἐν
519 2884 668 2954 χειρὶ
692 2883 917 2951 Μωῐνσῇ
945 2885 1041 2937 καὶ
1079 2884 1318 2952 Ἀαρών.
1351 2886 1420 2936 Σὺ
1452 2886 1632 2949 αὐτὸς,
1657 2904 1752 2957 φη-

172 2980 274 3036 σὶν,
303 2970 349 3028 ὦ
379 2976 640 3036 Δέσποτα,
665 2978 691 3030 ὁ
720 2976 856 3046 μετὰ
885 2976 994 3028 τῶν
1022 2976 1188 3044 ἁγίων
1218 2977 1527 3029 ἀποστόλων
1555 2977 1746 3040 συνὼν,

1863 526 1956 579 tis.
1989 524 2137 578 Mare
2163 535 2323 578 vocat
2352 527 2638 590 mundum,
2677 542 2849 596 aquas
2875 534 3054 578 autem
3088 526 3305 587 multas,
3344 527 3398 578 di

1860 630 2014 668 versa
2072 616 2124 668 in
2175 631 2239 670 eo
2291 617 2571 670 hominum
2624 633 2845 686 genera.
2910 616 3178 682 Quoniam
3245 627 3422 669 autem

1860 703 2113 760 Christus
2143 709 2395 776 praecepit
2431 709 2690 776 apostolis
2735 707 2925 761 dicens
2952 709 3034 760 9’:
3086 705 3284 759 Euntes
3327 706 3426 760 do-

1860 804 1967 847 cete
1999 811 2175 849 omnes
2203 807 2410 865 gentes;
2436 807 2508 863 et,
2547 798 2681 852 Ecce
2719 799 2984 852 vobiscum
3027 814 3142 850 sum
3186 797 3424 850 omnibus

1860 887 2074 950 diebus;
2109 888 2211 957 ipsi
2259 904 2385 943 vero
2433 898 2604 944 totum
2661 889 2850 942 orbem
2907 898 3320 958 percurrerunt,
3370 897 3425 939 et

1859 977 2289 1045 praedicaverunt
2337 979 2588 1033 omnibus
2625 979 2876 1049 gentibus
2900 1019 2914 1044 ,
2968 978 3196 1032 Domino
3225 978 3421 1031 invisi-

1858 1069 2060 1132 biliter,
2101 1070 2400 1124 secundum
2423 1086 2645 1124 veraces
2681 1087 2808 1124 suas
2837 1070 3249 1138 promissiones,
3285 1069 3421 1137 ipsis

1857 1158 2182 1222 assistente;
2212 1159 2335 1211 ideo
2366 1159 2545 1211 intulit
2572 1174 2584 1207 :
2618 1157 2687 1209 Et
2720 1158 2934 1226 vestigia
2973 1167 3060 1209 tua
3092 1173 3192 1209 non
3223 1171 3417 1225 cogno-

1857 1257 2086 1312 scentur,
2133 1248 2210 1302 ob
2265 1249 2591 1302 invisibilem
2650 1247 2865 1300 Domini
2903 1261 3249 1314 progressum
3292 1261 3416 1300 cum

1855 1340 1954 1392 eis.
1978 1336 2244 1392 therum
2283 1339 2398 1406 ipse
2448 1339 2621 1405 solus,
2673 1347 2860 1406 utpote
2892 1336 3056 1400 Deus,
3109 1337 3254 1392 viam
3287 1337 3418 1393 fecit

1856 1430 1909 1484 in
1942 1431 2079 1484 mari
2107 1429 2375 1495 sensibili,
2412 1439 2472 1484 ut
2494 1429 2568 1483 ait
2605 1427 2958 1498 evangelista.
3424 1414 3426 1416 ’

1852 1706 1888 1774 εἲ
1924 1706 2014 1759 ﬁt.
2049 1704 2331 1758 Deduxisti
2359 1705 2494 1757 sicut
2528 1721 2640 1758 oves
2663 1705 2914 1773 populum
2949 1714 3116 1757 tuum.
3147 1704 3429 1770 Quemad-.

1854 1797 2073 1852 modum
2098 1812 2226 1850 oves
2258 1811 2376 1864 qua:
2408 1796 2658 1850 nesciunt
2689 1811 2797 1864 quo
2851 1795 3052 1850 vadant
3070 1807 3123 1849 et
3157 1797 3246 1850 ubi
3271 1797 3416 1850 ince-

1853 1887 2002 1950 dant,
2043 1887 2123 1940 sic
2183 1901 2283 1939 nos
2333 1886 2447 1954 ipse
2483 1886 2778 1950 deduxisti,
2817 1887 3152 1941 administris
3189 1888 3256 1941 ad
3301 1889 3416 1942 haec

1857 1994 1991 2031 usus
2016 1976 2196 2047 Moyse
2221 1986 2274 2030 ct
2301 1978 2534 2030 Aarone.
2564 1975 2756 2030 Omnia
2785 1977 2966 2046 itaque
2994 1979 3060 2030 ab
3084 1978 3167 2030 his
3200 1978 3377 2032 verbis
3398 1997 3425 2031 :.

1854 2068 2056 2122 Memor
2081 2069 2159 2134 fui
2186 2084 2400 2136 operum
2431 2067 2664 2132 Domini,
2708 2067 2872 2120 refert
2907 2069 2972 2120 ad
3005 2067 3169 2120 illud:
3210 2067 3415 2121 Memor

1853 2156 1930 2223 fui
1956 2154 2072 2216 Dei,
2101 2164 2148 2207 et
2186 2155 2472 2208 delectatus
2499 2172 2637 2207 smn.
2672 2154 2898 2218 llorum,
2940 2157 3135 2224 inquit,
3164 2158 3416 2211 recorda-

1853 2256 1959 2309 tus,
1996 2246 2298 2300 consolatio
2337 2246 2470 2298 mihi
2499 2254 2552 2298 et
2590 2246 2775 2299 laetitia
2808 2245 2928 2299 fuit.
2957 2245 3092 2300 Cum
3124 2250 3268 2301 enim
3301 2264 3415 2302 me-

1851 2352 1974 2391 cum
2005 2345 2315 2404 reputarem
2361 2343 2566 2402 quanta
2625 2345 2678 2388 et
2731 2336 2912 2403 qualia
2950 2339 3107 2392 nobis
3135 2353 3229 2406 per
3260 2339 3415 2392 auxi—

1852 2428 1984 2482 lium
2042 2437 2195 2481 tuum
2241 2427 2581 2491 obvenerint,
2625 2427 2962 2480 confidebam
3000 2444 3278 2497 nunquam
3327 2428 3414 2482 fu-

1852 2528 2032 2572 turum
2070 2533 2212 2583 esse,
2239 2526 2300 2571 ut
2347 2528 2636 2586 postquam
2680 2533 2778 2586 pro
2807 2528 2991 2572 nostra
3025 2520 3199 2573 salute
3226 2529 3281 2574 et
3313 2535 3413 2590 pro

1851 2609 2168 2664 liberatione
2202 2624 2388 2662 eorum
2424 2609 2517 2677 qui
2549 2609 2678 2661 olim
2727 2609 3108 2664 detinebantur
3152 2619 3300 2664 tanta
3329 2610 3410 2664 ef-

1851 2699 2045 2764 fecisti,
2094 2715 2238 2754 nunc
2291 2699 2435 2753 feras
2465 2710 2521 2752 ut
2571 2700 2839 2768 despicias
2891 2716 2992 2754 nos
3038 2701 3090 2754 in
3128 2694 3440 2767 servitute,

1851 2792 2162 2859 captivitate
2216 2799 2270 2844 et
2325 2791 2634 2845 calamitate
2695 2793 3078 2847 consistentes.
3132 2792 3198 2844 In
3250 2809 3410 2846 manu

1853 2883 2024 2952 Moysi
2050 2893 2098 2936 et
2127 2885 2328 2936 Aaron.
2369 2882 2449 2936 Tu
2481 2883 2614 2951 ipse,
2647 2882 2844 2952 inquit,
2881 2883 3129 2948 Domine,
3167 2885 3258 2953 qui
3302 2898 3411 2938 una

1851 2990 1973 3029 cum
2005 2975 2208 3029 sanctis
2233 2976 2492 3044 apostolis
2523 2991 2601 3037 es,
2637 2976 2766 3028 olim
2807 2990 2898 3043 per
2925 2974 3143 3044 Moysen
3175 2977 3412 3032 eduxisti

169 3069 264 3121 καὶ
302 3068 468 3121 πάλαι
501 3067 628 3119 ποτὲ
658 3067 741 3119 διὰ
781 3069 1054 3130 Μωῦσέως
1095 3065 1360 3137 ἐξήγαγες
1391 3069 1446 3134 ἐξ
1476 3068 1746 3133 Αἰγύπτου

1867 3066 2107 3134 )opulum
2136 3073 2289 3120 tuum
2325 3081 2390 3120 ex
2423 3065 2680 3137 IEgypto,
2708 3066 2940 3120 ducibus
2995 3065 3172 3136 Moyse
3201 3076 3256 3120 et
3299 3067 3410 3122 Aa-

165 3159 257 3212 τδν
279 3157 413 3225 λαόν,
441 3175 555 3221 σου,
590 3157 1014 3228 στρατηγοῦντος
1041 3159 1318 3218 Μωῦσέως
1339 3159 1430 3210 καὶ
1475 3158 1704 3230 Ἀαρών.

383 3246 694 3312 Συνὲσεως
723 3246 803 3311 τῷ
828 3244 1039 3313 Ἀσάφ,
1080 3248 1389 3298 ιιἉΛΜΟΣ.
1413 3249 1536 3298 OZ'.

801 3339 833 3394 .'
845 3340 1153 3402 Υπόθεσις.

168 3432 375 3485 Τοῦτον
401 3430 513 3502 ᾄδει
537 3431 627 3484 τὸν
648 3427 858 3500 ψαλμὸν
894 3429 1084 3498 Ἀσάφ,
1106 3427 1183 3498 τῷ
1206 3427 1305 3494 νέῳ
1332 3427 1444 3497 λαῷ
1473 3427 1748 3498 παραινῶν

243 3523 322 3594 τῷ
353 3523 504 3593 νόμῳ
535 3521 821 3592 προσέχειν
847 3518 1296 3592 τῷεύαγγελικῷ,
1324 3519 1413 3571 τοῦ
1442 3535 1498 3570 τε
1520 3519 1748 3572 παλαιοῦ

245 3615 458 3666 ἐκείνου
505 3614 612 3664 τῶν
670 3612 936 3665 Ἰουδαίων
968 3611 1142 3682 δήμου
1182 3610 1537 3682 κατηγορῶν,
1576 3612 1643 3664 δι’
1689 3606 1750 3667 οὗ

241 3705 414 3757 πολλὰ
435 3703 868 3774 εὐεργετημένοι,
903 3703 1113 3766 οὐδενος
1155 3703 1581 3772 ἐμνημόνευσαν,
1626 3703 1753 3774 μᾶλ-

239 3795 332 3846 λον
374 3795 554 3849 δὲκαὶ
610 3797 688 3858 εἰς
727 3795 1028 3847 τούναντίον
1080 3793 1312 3865 ἔτρεψαν
1382 3794 1480 3857 τὰς
1532 3796 1752 3866 εὐχαρι-

240 3887 418 3947 στίας,
452 3886 740 3956 ἀχαριστίᾳ
767 3885 858 3938 τὸν
888 3887 1178 3956 εὐεργέτην
1203 3886 1570 3956 ἀμειϐόμενοι.

239 3978 599 4046 Προσέχετε,
633 3979 781 4043 λαός
801 3997 943 4046 μου,
969 3981 1076 4030 τὸν
1104 3979 1289 4046 νόμον
1309 3997 1447 4046 μου.
1483 3978 1591 4030 Καὶ
1614 3977 1751 4048 ποίῳ

167 4070 284 4139 λαῷ
324 4070 458 4141 ῆτῴ
491 4071 549 4134 ἐξ
585 4070 752 4122 ἐθνῶν
793 4073 1078 4141 παραινεῖς
1108 4071 1216 4122 Καὶ
1245 4070 1379 4138 ποίῳ
1406 4070 1552 4139 νόμῳ
1585 4087 1752 4140 προσο

168 4164 316 4232 ἐχειν
345 4157 774 4230 παρακελεύεται
807 4162 839 4231 ἢ
881 4162 958 4231 τῷ
992 4161 1363 4230 εὐαγγελικῴ;
1396 4162 1517 4212 ’Ότι
1542 4161 1597 4213 δὲ
1626 4161 1751 4223 λαὸς

168 4253 334 4306 αὐτοῦ
362 4252 431 4304 τὰ
457 4253 604 4322 ἔθνη,
634 4255 661 4305 ὁ
690 4255 968 4324 προφήτης
1010 4252 1284 4323 Ζαχαρίας
1326 4252 1482 4321 φησί·
1513 4251 1619 4304 Καὶ
1649 4267 1752 4304 κα-

169 4342 569 4411 ταρεύξονται
612 4341 754 4408 ἔθνη
801 4342 1000 4394 πολλὰ
1051 4342 1147 4394 ἐπὶ
1202 4341 1307 4392 τὸν
1355 4342 1609 4406 Κύριον,
1652 4340 1749 4393 καὶ

169 4436 416 4488 ἔσονται
449 4432 630 4498 αὐτῷ
673 4436 759 4498 εὶς
809 4435 980 4487 λαόν.
1032 4435 1287 4486 Κλίνατε
1332 4432 1398 4484 τὸ
1443 4427 1550 4498 οὖς
1587 4431 1752 4500 ὑμῶν

171 4525 323 4592 πρὸς
375 4523 447 4576 τὰ
493 4524 733 4592 ῥήματα
787 4523 892 4576 τοῦ
942 4525 1240 4591 στόματός
1275 4541 1413 4590 μου.
1452 4521 1752 4593 Προθύμως

169 4618 301 4686 γὰρ,
335 4616 489 4685 φησὶ,
516 4615 622 4667 τῶν
657 4616 785 4685 παρ’
819 4615 951 4685 ἐμοῦ
983 4615 1288 4683 λεγομένων
1319 4613 1606 4666 ἀκούσατε.

241 4705 480 4767 Ἀνοίξω
518 4705 590 4758 ἐν
633 4704 999 4771 παραϐολαῖς
1044 4704 1104 4755 τὸ
1146 4705 1338 4771 στόμα
1372 4721 1512 4772 μου.
1558 4703 1749 4773 Σαφῶς

167 4795 330 4849 τοῦτο
357 4796 386 4847 ὁ
428 4793 816 4863 εὐαγγελιστὴς
854 4795 1164 4862 ἡρμήνευσε
1199 4793 1503 4864 πληρωθὲν,
1536 4795 1623 4846 ὅτε
1651 4793 1752 4854 τὰς

169 4886 373 4949 πολλὰς
415 4885 728 4956 παραϐολὰς
761 4881 909 4937 εἶπεν
947 4888 976 4938 ὁ
1017 4884 1218 4955 Κύριος
1264 4886 1320 4936 ἐν
1362 4888 1472 4948 τοῖς
1506 4886 1747 4953 Εὑαγγε-

170 4979 329 5038 λίοις.

242 5062 354 5115 Καὶ
398 5065 452 5114 ol
499 5062 748 5131 πατέρες
800 5063 968 5132 ἡμῶν
1009 5062 1374 5134 διηγήσαντο
1417 5065 1579 5132 ἡμῖν.
1611 5065 1749 5117 Ὅσα

171 5152 322 5222 παρὰ
366 5151 474 5204 τῶν
511 5154 782 5224 πατέριον,
836 5153 988 5223 φησὶ,
1022 5154 1374 5224 δεδιδάγμεθα
1401 5154 1748 5218 ἀκούσαντες,

171 5243 350 5295 πάντα
378 5242 548 5295 ταῦτα
580 5243 666 5297 διὰ
708 5244 816 5297 τῶν
853 5245 1028 5317 ἔργων
1074 5247 1165 5298 καὶ
1205 5246 1304 5315 τῆς
1336 5246 1502 5298 αὑτοῦ
1551 5263 1752 5318 παρου-

171 5333 294 5395 σῖας
323 5333 535 5401 ὲγνῶκα
544 5351 661 5404 μεν.

246 5429 368 5479 Οὐκ
404 5427 621 5494 ἐκρύϐη
655 5426 771 5480 ἀπὸ
805 5427 922 5481 τῶν
952 5429 1178 5482 τέκνων
1204 5428 1400 5483 αὐτῶν
1425 5431 1511 5494 εἰς
1540 5428 1753 5496 γενεὰν

167 5517 398 5585 ἑτέραν.
434 5519 544 5588 Οὐχ
593 5519 775 5590 ἑτέρᾳ,
814 5520 966 5590 φησι,
1011 5522 1191 5590 γενεᾷ,
1224 5520 1358 5572 ἀλλά
1393 5524 1501 5582 τοῖς
1544 5519 1751 5582 τέκνοις

241 5717 286 5744 ’³
321 5715 510 5769 Matth.
545 5731 734 5783 xvaII,
774 5717 858 5782 19,
893 5717 980 5771 20.
1043 5719 1088 5749 ³³
1120 5717 1281 5773 Zach.
1319 5735 1376 5780 II,
1416 5717 1500 5774 l2.

1851 3174 2001 3212 me.
2025 3248 2332 3302 Intellectus
2359 3248 2556 3317 Asaph.
2588 3228 2829 3301 PSAL‘M
2842 3245 2946 3301 US.
2979 3245 3271 3301 LXXVII.

2423 3339 2821 3409 Argumentum.

1850 3432 2003 3488 Hunc
2030 3433 2177 3487 canit
2208 3433 2478 3503 psalmum
2521 3433 2726 3502 Asaph,
2763 3447 2964 3485 novum
3015 3431 3274 3500 populum
3319 3432 3426 3493 ad-_

1920 3540 2170 3588 monens,
2211 3532 2271 3578 ut
2311 3524 2634 3593 evangelicae
2679 3523 2780 3592 legi
2820 3523 3092 3589 attendat;
3134 3524 3430 3592 populum-I

1924 3632 2030 3685 quc
2083 3617 2234 3668 illum
2293 3616 2578 3683 antiquum
2635 3613 2920 3667 Judaicum
2975 3624 3216 3674 accusat,
3268 3615 3416 3682 quod

1921 3708 2108 3762 multis
2141 3707 2376 3774 acceptis
2423 3705 2721 3766 bent-liciis,
2764 3706 2967 3757 nullius
3002 3720 3267 3758 memores
3297 3704 3418 3758 fue-

1927 3799 2062 3860 rint,
2105 3798 2194 3851 sed
2221 3806 2409 3850 contra
2452 3801 2571 3848 loco
2602 3796 2894 3864 gratiarum
2944 3795 3199 3859 actionis,
3229 3795 3415 3864 ingra-

1926 3889 2159 3942 titudine
2183 3885 2481 3940 beneﬁcum
2515 3887 2935 3938 remunerarint.

1923 3982 1973 4034 1.
2011 3978 2295 4036 Attendite.
2327 3976 2512 4046 popule
2542 3993 2706 4039 meus,
2754 3979 2914 4045 legem
2953 3991 3142 4028 meam.
3175 3974 3429 4044 Ecquem.

1854 4071 2107 4140 populum
2141 4070 2477 4132 cohortatur,
2512 4066 2615 4120 nisi
2660 4067 2751 4134 qui
2779 4083 2845 4120 ex
2877 4067 3128 4135 gentibus
3157 4065 3418 4120 σειν-ΕΟ·-

1852 4164 1939 4217 cui
1966 4163 2066 4231 legi
2099 4161 2374 4214 attendere
2399 4160 2553 4228 jubet
2601 4160 2704 4213 nisi
2745 4159 3099 4227 evangeliraa?
3127 4158 3281 4224 Quod
3315 4175 3415 4212 au--

1854 4262 1959 4307 tem
1996 4261 2181 4319 gentes
2213 4251 2321 4305 sint
2352 4251 2584 4319 populus
2623 4251 2761 4318 ejus,
2811 4250 2861 4302 id
2897 4251 2970 4302 ait
3020 4250 3282 4317 propheta
3315 4247 3420 4305 Za-

1855 4345 2101 4399 charias:
2140 4342 2209 4396 Et
2239 4341 2534 4411 confugient
2566 4353 2738 4410 gentes
2776 4340 2953 4394 multa:
2984 4342 3052 4392 ad
3091 4339 3372 4396 Dominum
3400 4383 3416 4397 .

1784 4420 1826 4474 θ
1851 4446 1898 4490 et
1929 4447 2074 4490 erunt
2105 4437 2204 4501 ipsi
2239 4435 2292 4487 in
2321 4434 2572 4503 populum
2602 4434 2668 4484 9³.
2702 4431 2962 4485 Inclinate
2991 4447 3174 4484 aurem
3193 4445 3418 4488 uestram

1852 4529 1903 4581 in
1938 4527 2092 4581 verba
2147 4527 2255 4579 oris
2307 4527 2427 4579 mei.
2475 4525 2770 4590 Alacriter',
2816 4522 3025 4592 inquit,
3085 4527 3246 4578 verba
3297 4542 3418 4582 mea

1852 4621 2053 4674 audite.

1922 4710 1976 4762 ἓ.
2021 4709 2267 4777 Aperiam
2313 4707 2368 4758 in
2425 4703 2696 4774 parabolis
2740 4719 2796 4756 os
2834 4719 3027 4760 meum.
3073 4705 3188 4762 Hoc
3237 4714 3420 4776 aperte

1851 4803 2176 4870 evangelista
2204 4798 2494 4867 explicavit
2517 4807 2574 4850 ut
2618 4796 2896 4870 impletum
2925 4800 2992 4862 9‘,
3029 4801 3248 4868 quando
3281 4801 3420 4855 mul-

1852 4902 1934 4947 tas
1959 4892 2245 4962 parabolas
2275 4891 2410 4944 dixit
2433 4888 2696 4946 Dominus
2727 4893 2778 4944 in
2809 4890 3138 4962 Evangeliis.

1926 5073 1979 5126 ’5.
2022 5070 2084 5123 Et
2113 5079 2286 5140 patres
2316 5073 2483 5125 nostri
2512 5079 2862 5124 narraverunt
2898 5071 3068 5125 nobis.
3115 5069 3420 5137 Quotquot,

1859 5161 2060 5230 inquit,
2092 5178 2121 5215 a
2154 5162 2396 5231 patribus
2425 5161 2770 5224 edidicimus,
2805 5163 2918 5213 haec
2945 5159 3128 5214 omnia
3168 5174 3261 5226 per
3287 5173 3416 5225 ope-

1854 5270 1914 5307 ra
1949 5263 2002 5306 ct
2037 5269 2132 5322 per
2165 5253 2283 5320 ejus
2316 5253 2605 5305 adventum
2638 5251 2908 5305 novimus.

1922 5430 1975 5482 4.
2015 5427 2137 5481 Non
2168 5439 2288 5481 sunt
2321 5427 2585 5481 occultata
2639 5443 2670 5479 a
2722 5425 2851 5494 ﬁliis
2880 5440 3060 5476 eorum
3100 5422 3155 5474 in
3199 5411 3416 5490 genera}

1858 5521 1995 5573 tione
2026 5521 2215 5573 altera.
2272 5518 2390 5575 Non
2427 5535 2524 5590 pro
2553 5521 2744 5584 altera,
2800 5515 2993 5584 inquit,
3043 5512 3396 5584 generatione

1577 5718 1621 5748 "‘
1652 5718 1840 5773 Matth.
1870 5733 1987 5782 xm,
2016 5718 2101 5772 56.
