  <div class='ocr_page' id='page_1' title='image "/cluster/home/n/w/nwhite01/storage/ocr_20150623/27/nnc1.0046978631/189.png"; bbox 0 0 3872 6216; ppageno 0'>
   <div class='ocr_carea' id='block_1_1' title="bbox 383 302 3624 375">
    <p class='ocr_par' dir='ltr' id='par_1_1' title="bbox 383 302 3624 375">
     <span class='ocr_line' id='line_1_1' title="bbox 383 302 3624 375; baseline 0.007 -23"><span class='ocrx_word' id='word_1_1' title='bbox 383 307 485 363; x_wconf 66' lang='lat'><strong>351</strong></span> <span class='ocrx_word' id='word_1_2' title='bbox 1227 305 1281 359; x_wconf 77' lang='lat'><strong>5.</strong></span> <span class='ocrx_word' id='word_1_3' title='bbox 1325 302 1695 361; x_wconf 72' lang='lat' dir='ltr'><strong>ATHANASH</strong></span> <span class='ocrx_word' id='word_1_4' title='bbox 1737 306 1886 366; x_wconf 78' lang='lat' dir='ltr'><strong>OPP.</strong></span> <span class='ocrx_word' id='word_1_5' title='bbox 1925 307 2110 364; x_wconf 83' lang='lat' dir='ltr'><strong>PARS</strong></span> <span class='ocrx_word' id='word_1_6' title='bbox 2147 309 2233 365; x_wconf 76' lang='lat' dir='ltr'><strong>ill.</strong></span> <span class='ocrx_word' id='word_1_7' title='bbox 2275 342 2345 352; x_wconf 93' lang='lat'><strong><em>—</em></strong></span> <span class='ocrx_word' id='word_1_8' title='bbox 2380 312 2790 370; x_wconf 62' lang='lat' dir='ltr'><strong>EXEGETICAL</strong></span> <span class='ocrx_word' id='word_1_9' title='bbox 3508 319 3624 375; x_wconf 72' lang='lat'><strong>552</strong></span> 
     </span>
    </p>
   </div>
   <div class='ocr_carea' id='block_1_2' title="bbox 385 416 1973 501">
    <p class='ocr_par' dir='ltr' id='par_1_2' title="bbox 385 416 1944 486">
     <span class='ocr_line' id='line_1_2' title="bbox 385 416 1944 486; baseline 0.001 -13"><span class='ocrx_word' id='word_1_10' title='bbox 385 419 480 473; x_wconf 82' lang='lat' dir='ltr'><strong>sed</strong></span> <span class='ocrx_word' id='word_1_11' title='bbox 532 431 630 486; x_wconf 88' lang='lat' dir='ltr'><strong>pro</strong></span> <span class='ocrx_word' id='word_1_12' title='bbox 685 416 812 472; x_wconf 87' lang='lat' dir='ltr'><strong>liliis</strong></span> <span class='ocrx_word' id='word_1_13' title='bbox 844 431 1029 472; x_wconf 86' lang='lat' dir='ltr'><strong>eorum</strong></span> <span class='ocrx_word' id='word_1_14' title='bbox 1072 417 1254 470; x_wconf 87' lang='lat' dir='ltr'><strong>omnia</strong></span> <span class='ocrx_word' id='word_1_15' title='bbox 1313 416 1616 475; x_wconf 85' lang='lat' dir='ltr'><strong>Salvatoris</strong></span> <span class='ocrx_word' id='word_1_16' title='bbox 1671 421 1944 475; x_wconf 84' lang='lat' dir='ltr'><strong>mirabilia</strong></span> 
     </span>
    </p>
   </div>
   <div class='ocr_carea' id='block_1_3' title="bbox 2087 416 3628 501">
    <p class='ocr_par' dir='ltr' id='par_1_3' title="bbox 2087 424 3628 501">
     <span class='ocr_line' id='line_1_3' title="bbox 2087 424 3628 501; baseline 0.006 -25"><span class='ocrx_word' id='word_1_17' title='bbox 2087 424 2223 476; x_wconf 81' lang='grc' dir='ltr'><strong>ὑτῶν</strong></span> <span class='ocrx_word' id='word_1_18' title='bbox 2265 429 2442 480; x_wconf 85' lang='grc' dir='ltr'><strong>πάντα</strong></span> <span class='ocrx_word' id='word_1_19' title='bbox 2480 428 2790 499; x_wconf 85' lang='grc' dir='ltr'><strong>πέπρακται</strong></span> <span class='ocrx_word' id='word_1_20' title='bbox 2823 430 2889 482; x_wconf 70' lang='grc' dir='ltr'><strong>τὰ</strong></span> <span class='ocrx_word' id='word_1_21' title='bbox 2931 435 3081 501; x_wconf 74' lang='grc' dir='ltr'><strong>παρὰ</strong></span> <span class='ocrx_word' id='word_1_22' title='bbox 3110 429 3203 483; x_wconf 80' lang='grc' dir='ltr'><strong>τοῦ</strong></span> <span class='ocrx_word' id='word_1_23' title='bbox 3245 431 3492 501; x_wconf 81' lang='grc' dir='ltr'><strong>Σωτῆρος</strong></span> <span class='ocrx_word' id='word_1_24' title='bbox 3524 448 3628 501; x_wconf 62' lang='grc' dir='ltr'><strong>με-</strong></span> 
     </span>
    </p>
   </div>
   <div class='ocr_carea' id='block_1_4' title="bbox 386 513 1953 582">
    <p class='ocr_par' dir='ltr' id='par_1_4' title="bbox 386 513 1953 582">
     <span class='ocr_line' id='line_1_4' title="bbox 386 513 1953 582; baseline 0.003 -20"><span class='ocrx_word' id='word_1_25' title='bbox 386 525 550 578; x_wconf 88' lang='lat' dir='ltr'><strong>opera</strong></span> <span class='ocrx_word' id='word_1_26' title='bbox 585 518 795 578; x_wconf 89' lang='lat' dir='ltr'><strong>patrata</strong></span> <span class='ocrx_word' id='word_1_27' title='bbox 827 518 982 563; x_wconf 89' lang='lat' dir='ltr'><strong>sunt:</strong></span> <span class='ocrx_word' id='word_1_28' title='bbox 1013 525 1183 578; x_wconf 89' lang='lat' dir='ltr'><strong>quare.</strong></span> <span class='ocrx_word' id='word_1_29' title='bbox 1215 524 1322 563; x_wconf 92' lang='lat' dir='ltr'><strong>non</strong></span> <span class='ocrx_word' id='word_1_30' title='bbox 1358 521 1644 566; x_wconf 83' lang='lat' dir='ltr'><strong>cessarunt</strong></span> <span class='ocrx_word' id='word_1_31' title='bbox 1669 513 1803 582; x_wconf 82' lang='lat' dir='ltr'><strong>ipsis</strong></span> <span class='ocrx_word' id='word_1_32' title='bbox 1829 530 1953 566; x_wconf 89' lang='lat' dir='ltr'><strong>nar-</strong></span> 
     </span>
    </p>
   </div>
   <div class='ocr_carea' id='block_1_5' title="bbox 387 600 1494 670">
    <p class='ocr_par' dir='ltr' id='par_1_5' title="bbox 387 600 1494 670">
     <span class='ocr_line' id='line_1_5' title="bbox 387 600 1494 670; baseline 0.001 -16"><span class='ocrx_word' id='word_1_33' title='bbox 387 611 566 655; x_wconf 84' lang='lat' dir='ltr'><strong>rantes</strong></span> <span class='ocrx_word' id='word_1_34' title='bbox 594 601 776 656; x_wconf 86' lang='lat' dir='ltr'><strong>laudes</strong></span> <span class='ocrx_word' id='word_1_35' title='bbox 809 600 1018 654; x_wconf 77' lang='lat' dir='ltr'><strong>Domini</strong></span> <span class='ocrx_word' id='word_1_36' title='bbox 1048 611 1098 654; x_wconf 88' lang='lat' dir='ltr'><strong>et</strong></span> <span class='ocrx_word' id='word_1_37' title='bbox 1124 605 1340 654; x_wconf 76' lang='lat' dir='ltr'><strong>virtutes</strong></span> <span class='ocrx_word' id='word_1_38' title='bbox 1361 601 1494 670; x_wconf 84' lang='lat' dir='ltr'><strong>ejus.</strong></span> 
     </span>
    </p>
   </div>
   <div class='ocr_carea' id='block_1_6' title="bbox 461 779 1956 851">
    <p class='ocr_par' dir='ltr' id='par_1_6' title="bbox 461 779 1956 851">
     <span class='ocr_line' id='line_1_6' title="bbox 461 779 1956 851; baseline -0.001 -14"><span class='ocrx_word' id='word_1_39' title='bbox 461 784 514 837; x_wconf 89' lang='lat'><strong>5.</strong></span> <span class='ocrx_word' id='word_1_40' title='bbox 543 781 612 834; x_wconf 91' lang='lat' dir='ltr'><strong>Et</strong></span> <span class='ocrx_word' id='word_1_41' title='bbox 646 783 808 851; x_wconf 85' lang='lat' dir='ltr'><strong>legem</strong></span> <span class='ocrx_word' id='word_1_42' title='bbox 837 782 1010 849; x_wconf 77' lang='lat' dir='ltr'><strong>posuit</strong></span> <span class='ocrx_word' id='word_1_43' title='bbox 1063 782 1118 833; x_wconf 80' lang='lat' dir='ltr'><strong>in</strong></span> <span class='ocrx_word' id='word_1_44' title='bbox 1153 779 1346 836; x_wconf 87' lang='lat' dir='ltr'><strong>Israel.</strong></span> <span class='ocrx_word' id='word_1_45' title='bbox 1383 779 1603 849; x_wconf 82' lang='lat' dir='ltr'><strong><em>Legem,</em></strong></span> <span class='ocrx_word' id='word_1_46' title='bbox 1636 781 1832 850; x_wconf 80' lang='lat' dir='ltr'><strong>inquit,</strong></span> <span class='ocrx_word' id='word_1_47' title='bbox 1862 783 1956 836; x_wconf 84' lang='lat' dir='ltr'><strong>de-</strong></span> 
     </span>
    </p>
   </div>
   <div class='ocr_carea' id='block_1_7' title="bbox 389 871 1953 941">
    <p class='ocr_par' dir='ltr' id='par_1_7' title="bbox 389 871 1953 941">
     <span class='ocr_line' id='line_1_7' title="bbox 389 871 1953 941; baseline -0.002 -14"><span class='ocrx_word' id='word_1_48' title='bbox 389 873 468 927; x_wconf 93' lang='lat' dir='ltr'><strong>dit</strong></span> <span class='ocrx_word' id='word_1_49' title='bbox 521 873 762 941; x_wconf 79' lang='lat' dir='ltr'><strong>patrihus</strong></span> <span class='ocrx_word' id='word_1_50' title='bbox 803 886 994 925; x_wconf 89' lang='lat' dir='ltr'><strong>eorum</strong></span> <span class='ocrx_word' id='word_1_51' title='bbox 1024 912 1038 933; x_wconf 88' lang='lat'><strong>,</strong></span> <span class='ocrx_word' id='word_1_52' title='bbox 1074 881 1129 924; x_wconf 86' lang='lat' dir='ltr'><strong>et</strong></span> <span class='ocrx_word' id='word_1_53' title='bbox 1166 871 1577 926; x_wconf 76' lang='lat' dir='ltr'><strong>tabernaculum</strong></span> <span class='ocrx_word' id='word_1_54' title='bbox 1633 873 1953 938; x_wconf 74' lang='lat' dir='ltr'><strong>testimonii,</strong></span> 
     </span>
    </p>
   </div>
   <div class='ocr_carea' id='block_1_8' title="bbox 393 960 1956 1032">
    <p class='ocr_par' dir='ltr' id='par_1_8' title="bbox 393 960 1956 1032">
     <span class='ocr_line' id='line_1_8' title="bbox 393 960 1956 1032; baseline 0.001 -16"><span class='ocrx_word' id='word_1_55' title='bbox 393 964 682 1017; x_wconf 91' lang='lat' dir='ltr'><strong>instituens</strong></span> <span class='ocrx_word' id='word_1_56' title='bbox 714 977 808 1017; x_wconf 91' lang='lat' dir='ltr'><strong>eos</strong></span> <span class='ocrx_word' id='word_1_57' title='bbox 837 972 894 1016; x_wconf 91' lang='lat' dir='ltr'><strong>ut</strong></span> <span class='ocrx_word' id='word_1_58' title='bbox 927 978 1022 1030; x_wconf 86' lang='lat' dir='ltr'><strong>per</strong></span> <span class='ocrx_word' id='word_1_59' title='bbox 1061 963 1233 1032; x_wconf 85' lang='lat' dir='ltr'><strong>legem</strong></span> <span class='ocrx_word' id='word_1_60' title='bbox 1265 970 1656 1031; x_wconf 82' lang='lat' dir='ltr'><strong>cognoscerent</strong></span> <span class='ocrx_word' id='word_1_61' title='bbox 1707 960 1956 1017; x_wconf 85' lang='lat' dir='ltr'><strong>Salvato-</strong></span> 
     </span>
    </p>
   </div>
   <div class='ocr_carea' id='block_1_9' title="bbox 393 1054 1880 1125">
    <p class='ocr_par' dir='ltr' id='par_1_9' title="bbox 393 1054 1880 1125">
     <span class='ocr_line' id='line_1_9' title="bbox 393 1054 1880 1125; baseline -0.001 -16"><span class='ocrx_word' id='word_1_62' title='bbox 393 1072 526 1120; x_wconf 90' lang='lat' dir='ltr'><strong>rem,</strong></span> <span class='ocrx_word' id='word_1_63' title='bbox 561 1056 654 1125; x_wconf 85' lang='lat' dir='ltr'><strong>qui</strong></span> <span class='ocrx_word' id='word_1_64' title='bbox 685 1057 739 1109; x_wconf 89' lang='lat' dir='ltr'><strong>in</strong></span> <span class='ocrx_word' id='word_1_65' title='bbox 767 1066 1013 1125; x_wconf 88' lang='lat' dir='ltr'><strong>tempore</strong></span> <span class='ocrx_word' id='word_1_66' title='bbox 1037 1056 1104 1108; x_wconf 93' lang='lat' dir='ltr'><strong>ad</strong></span> <span class='ocrx_word' id='word_1_67' title='bbox 1136 1070 1307 1124; x_wconf 82' lang='lat' dir='ltr'><strong>genus</strong></span> <span class='ocrx_word' id='word_1_68' title='bbox 1336 1056 1618 1108; x_wconf 88' lang='lat' dir='ltr'><strong>hominum</strong></span> <span class='ocrx_word' id='word_1_69' title='bbox 1644 1054 1880 1108; x_wconf 84' lang='lat' dir='ltr'><strong>advenit.</strong></span> 
     </span>
    </p>
   </div>
   <div class='ocr_carea' id='block_1_10' title="bbox 463 1227 1956 1299">
    <p class='ocr_par' dir='ltr' id='par_1_10' title="bbox 463 1227 1956 1299">
     <span class='ocr_line' id='line_1_10' title="bbox 463 1227 1956 1299; baseline -0.001 -17"><span class='ocrx_word' id='word_1_70' title='bbox 463 1228 512 1282; x_wconf 87' lang='lat'><strong>6.</strong></span> <span class='ocrx_word' id='word_1_71' title='bbox 555 1227 684 1282; x_wconf 85' lang='lat' dir='ltr'><strong>Filii</strong></span> <span class='ocrx_word' id='word_1_72' title='bbox 707 1232 796 1299; x_wconf 85' lang='lat' dir='ltr'><strong>qui</strong></span> <span class='ocrx_word' id='word_1_73' title='bbox 825 1240 1129 1283; x_wconf 90' lang='lat' dir='ltr'><strong>nascentur.</strong></span> <span class='ocrx_word' id='word_1_74' title='bbox 1169 1229 1264 1284; x_wconf 84' lang='lat' dir='ltr'><strong>His</strong></span> <span class='ocrx_word' id='word_1_75' title='bbox 1293 1229 1560 1298; x_wconf 86' lang='lat' dir='ltr'><strong>signiﬁcat</strong></span> <span class='ocrx_word' id='word_1_76' title='bbox 1583 1239 1805 1284; x_wconf 87' lang='lat' dir='ltr'><strong>sanctos</strong></span> <span class='ocrx_word' id='word_1_77' title='bbox 1835 1228 1956 1282; x_wconf 86' lang='lat' dir='ltr'><strong>Sal-</strong></span> 
     </span>
    </p>
   </div>
   <div class='ocr_carea' id='block_1_11' title="bbox 396 1318 1956 1389">
    <p class='ocr_par' dir='ltr' id='par_1_11' title="bbox 396 1318 1956 1389">
     <span class='ocr_line' id='line_1_11' title="bbox 396 1318 1956 1389; baseline 0.001 -19"><span class='ocrx_word' id='word_1_78' title='bbox 396 1321 600 1374; x_wconf 70' lang='lat' dir='ltr'><strong>&quot;atnris</strong></span> <span class='ocrx_word' id='word_1_79' title='bbox 627 1321 948 1388; x_wconf 85' lang='lat' dir='ltr'><strong>discipulos,</strong></span> <span class='ocrx_word' id='word_1_80' title='bbox 973 1323 1065 1389; x_wconf 90' lang='lat' dir='ltr'><strong>qui</strong></span> <span class='ocrx_word' id='word_1_81' title='bbox 1099 1321 1364 1374; x_wconf 83' lang='lat' dir='ltr'><strong>mirabilia</strong></span> <span class='ocrx_word' id='word_1_82' title='bbox 1389 1335 1482 1388; x_wconf 89' lang='lat' dir='ltr'><strong>per</strong></span> <span class='ocrx_word' id='word_1_83' title='bbox 1505 1318 1783 1374; x_wconf 87' lang='lat' dir='ltr'><strong>Christum</strong></span> <span class='ocrx_word' id='word_1_84' title='bbox 1812 1319 1956 1373; x_wconf 90' lang='lat' dir='ltr'><strong>edita</strong></span> 
     </span>
    </p>
   </div>
   <div class='ocr_carea' id='block_1_12' title="bbox 399 1412 1959 1481">
    <p class='ocr_par' dir='ltr' id='par_1_12' title="bbox 399 1412 1959 1481">
     <span class='ocr_line' id='line_1_12' title="bbox 399 1412 1959 1481; baseline 0.002 -18"><span class='ocrx_word' id='word_1_85' title='bbox 399 1413 524 1465; x_wconf 74' lang='lat' dir='ltr'><strong>aliis</strong></span> <span class='ocrx_word' id='word_1_86' title='bbox 552 1414 665 1467; x_wconf 90' lang='lat' dir='ltr'><strong>suis</strong></span> <span class='ocrx_word' id='word_1_87' title='bbox 697 1415 1053 1478; x_wconf 85' lang='lat' dir='ltr'><strong>annuntiant;</strong></span> <span class='ocrx_word' id='word_1_88' title='bbox 1087 1415 1136 1466; x_wconf 89' lang='lat' dir='ltr'><strong>id</strong></span> <span class='ocrx_word' id='word_1_89' title='bbox 1159 1425 1262 1479; x_wconf 88' lang='lat' dir='ltr'><strong>est,</strong></span> <span class='ocrx_word' id='word_1_90' title='bbox 1291 1412 1358 1466; x_wconf 85' lang='lat' dir='ltr'><strong>iis</strong></span> <span class='ocrx_word' id='word_1_91' title='bbox 1394 1413 1485 1481; x_wconf 88' lang='lat' dir='ltr'><strong>qui</strong></span> <span class='ocrx_word' id='word_1_92' title='bbox 1519 1413 1760 1481; x_wconf 84' lang='lat' dir='ltr'><strong>ipsorum</strong></span> <span class='ocrx_word' id='word_1_93' title='bbox 1793 1427 1959 1481; x_wconf 84' lang='lat' dir='ltr'><strong>opera</strong></span> 
     </span>
    </p>
   </div>
   <div class='ocr_carea' id='block_1_13' title="bbox 398 1504 962 1558">
    <p class='ocr_par' dir='ltr' id='par_1_13' title="bbox 398 1504 962 1558">
     <span class='ocr_line' id='line_1_13' title="bbox 398 1504 962 1558; baseline -0.002 0"><span class='ocrx_word' id='word_1_94' title='bbox 398 1506 462 1558; x_wconf 83' lang='lat' dir='ltr'><strong>ad</strong></span> <span class='ocrx_word' id='word_1_95' title='bbox 490 1505 646 1556; x_wconf 83' lang='lat' dir='ltr'><strong>fidem</strong></span> <span class='ocrx_word' id='word_1_96' title='bbox 681 1504 962 1557; x_wconf 82' lang='lat' dir='ltr'><strong>accedunt.</strong></span> 
     </span>
    </p>
   </div>
   <div class='ocr_carea' id='block_1_14' title="bbox 470 1595 1962 1665">
    <p class='ocr_par' dir='ltr' id='par_1_14' title="bbox 470 1595 1962 1665">
     <span class='ocr_line' id='line_1_14' title="bbox 470 1595 1962 1665; baseline 0.003 -20"><span class='ocrx_word' id='word_1_97' title='bbox 470 1596 520 1650; x_wconf 75' lang='lat'><strong>7.</strong></span> <span class='ocrx_word' id='word_1_98' title='bbox 558 1595 625 1648; x_wconf 87' lang='lat' dir='ltr'><strong>Et</strong></span> <span class='ocrx_word' id='word_1_99' title='bbox 676 1613 778 1650; x_wconf 89' lang='lat' dir='ltr'><strong>non</strong></span> <span class='ocrx_word' id='word_1_100' title='bbox 816 1597 1195 1649; x_wconf 78' lang='lat' dir='ltr'><strong>obliviscantur</strong></span> <span class='ocrx_word' id='word_1_101' title='bbox 1241 1613 1454 1665; x_wconf 87' lang='lat' dir='ltr'><strong>operum</strong></span> <span class='ocrx_word' id='word_1_102' title='bbox 1496 1595 1613 1648; x_wconf 86' lang='lat' dir='ltr'><strong>Dei.</strong></span> <span class='ocrx_word' id='word_1_103' title='bbox 1650 1595 1775 1651; x_wconf 69' lang='lat' dir='ltr'><strong>Haec</strong></span> <span class='ocrx_word' id='word_1_104' title='bbox 1825 1595 1962 1664; x_wconf 82' lang='lat' dir='ltr'><strong>ipsis</strong></span> 
     </span>
    </p>
   </div>
   <div class='ocr_carea' id='block_1_15' title="bbox 402 1685 1961 1758">
    <p class='ocr_par' dir='ltr' id='par_1_15' title="bbox 402 1685 1961 1758">
     <span class='ocr_line' id='line_1_15' title="bbox 402 1685 1961 1758; baseline 0 -19"><span class='ocrx_word' id='word_1_105' title='bbox 402 1687 754 1751; x_wconf 84' lang='lat' dir='ltr'><strong>enarrabunt,</strong></span> <span class='ocrx_word' id='word_1_106' title='bbox 805 1703 871 1742; x_wconf 82' lang='lat' dir='ltr'><strong>ex</strong></span> <span class='ocrx_word' id='word_1_107' title='bbox 915 1688 1111 1758; x_wconf 90' lang='lat' dir='ltr'><strong>quibus</strong></span> <span class='ocrx_word' id='word_1_108' title='bbox 1161 1689 1294 1742; x_wconf 90' lang='lat' dir='ltr'><strong>solis</strong></span> <span class='ocrx_word' id='word_1_109' title='bbox 1329 1697 1581 1757; x_wconf 86' lang='lat' dir='ltr'><strong>poterunt</strong></span> <span class='ocrx_word' id='word_1_110' title='bbox 1629 1685 1800 1742; x_wconf 90' lang='lat' dir='ltr'><strong>Deum</strong></span> <span class='ocrx_word' id='word_1_111' title='bbox 1857 1688 1961 1743; x_wconf 87' lang='lat' dir='ltr'><strong>sibi</strong></span> 
     </span>
    </p>
   </div>
   <div class='ocr_carea' id='block_1_16' title="bbox 404 1780 876 1850">
    <p class='ocr_par' dir='ltr' id='par_1_16' title="bbox 404 1780 876 1850">
     <span class='ocr_line' id='line_1_16' title="bbox 404 1780 876 1850; baseline -0.002 -18"><span class='ocrx_word' id='word_1_112' title='bbox 404 1796 553 1850; x_wconf 65' lang='lat' dir='ltr'><strong>spem</strong></span> <span class='ocrx_word' id='word_1_113' title='bbox 581 1780 876 1834; x_wconf 84' lang='lat' dir='ltr'><strong>ascribere.</strong></span> 
     </span>
    </p>
   </div>
   <div class='ocr_carea' id='block_1_17' title="bbox 472 1867 1960 1938">
    <p class='ocr_par' dir='ltr' id='par_1_17' title="bbox 472 1867 1960 1938">
     <span class='ocr_line' id='line_1_17' title="bbox 472 1867 1960 1938; baseline -0.001 -15"><span class='ocrx_word' id='word_1_114' title='bbox 472 1872 524 1923; x_wconf 84' lang='lat'><strong>8.</strong></span> <span class='ocrx_word' id='word_1_115' title='bbox 564 1869 646 1924; x_wconf 83' lang='lat' dir='ltr'><strong>Ne</strong></span> <span class='ocrx_word' id='word_1_116' title='bbox 669 1871 801 1938; x_wconf 76' lang='lat' dir='ltr'><strong>ﬁant</strong></span> <span class='ocrx_word' id='word_1_117' title='bbox 831 1871 967 1921; x_wconf 81' lang='lat' dir='ltr'><strong>sicut</strong></span> <span class='ocrx_word' id='word_1_118' title='bbox 997 1879 1174 1937; x_wconf 78' lang='lat' dir='ltr'><strong>patres</strong></span> <span class='ocrx_word' id='word_1_119' title='bbox 1197 1886 1398 1922; x_wconf 80' lang='lat' dir='ltr'><strong>eorum.</strong></span> <span class='ocrx_word' id='word_1_120' title='bbox 1418 1868 1852 1928; x_wconf 84' lang='lat' dir='ltr'><strong>Annuntiabunt.</strong></span> <span class='ocrx_word' id='word_1_121' title='bbox 1879 1867 1960 1921; x_wconf 57' lang='lat' dir='ltr'><strong>in.</strong></span> 
     </span>
    </p>
   </div>
   <div class='ocr_carea' id='block_1_18' title="bbox 401 1958 1964 2031">
    <p class='ocr_par' dir='ltr' id='par_1_18' title="bbox 401 1958 1964 2031">
     <span class='ocr_line' id='line_1_18' title="bbox 401 1958 1964 2031; baseline -0.003 -16"><span class='ocrx_word' id='word_1_122' title='bbox 401 1963 538 2031; x_wconf 91' lang='lat' dir='ltr'><strong>quit,</strong></span> <span class='ocrx_word' id='word_1_123' title='bbox 569 1961 798 2030; x_wconf 77' lang='lat' dir='ltr'><strong>apostoli</strong></span> <span class='ocrx_word' id='word_1_124' title='bbox 827 1960 1014 2013; x_wconf 85' lang='lat' dir='ltr'><strong>laudes</strong></span> <span class='ocrx_word' id='word_1_125' title='bbox 1043 1960 1132 2014; x_wconf 88' lang='lat' dir='ltr'><strong>Dei</strong></span> <span class='ocrx_word' id='word_1_126' title='bbox 1166 1961 1233 2015; x_wconf 89' lang='lat' dir='ltr'><strong>iis</strong></span> <span class='ocrx_word' id='word_1_127' title='bbox 1268 1961 1362 2028; x_wconf 90' lang='lat' dir='ltr'><strong>qui</strong></span> <span class='ocrx_word' id='word_1_128' title='bbox 1397 1976 1490 2029; x_wconf 91' lang='lat' dir='ltr'><strong>per</strong></span> <span class='ocrx_word' id='word_1_129' title='bbox 1513 1961 1689 2029; x_wconf 90' lang='lat' dir='ltr'><strong>ipsum</strong></span> <span class='ocrx_word' id='word_1_130' title='bbox 1726 1958 1964 2012; x_wconf 86' lang='lat' dir='ltr'><strong>instituti</strong></span> 
     </span>
    </p>
   </div>
   <div class='ocr_carea' id='block_1_19' title="bbox 402 2049 1967 2121">
    <p class='ocr_par' dir='ltr' id='par_1_19' title="bbox 402 2049 1967 2121">
     <span class='ocr_line' id='line_1_19' title="bbox 402 2049 1967 2121; baseline -0.002 -15"><span class='ocrx_word' id='word_1_131' title='bbox 402 2062 561 2106; x_wconf 80' lang='lat' dir='ltr'><strong>sum:</strong></span> <span class='ocrx_word' id='word_1_132' title='bbox 598 2061 658 2105; x_wconf 91' lang='lat' dir='ltr'><strong>ut</strong></span> <span class='ocrx_word' id='word_1_133' title='bbox 679 2053 968 2120; x_wconf 81' lang='lat' dir='ltr'><strong>exquirant</strong></span> <span class='ocrx_word' id='word_1_134' title='bbox 989 2049 1080 2104; x_wconf 89' lang='lat' dir='ltr'><strong>Dei</strong></span> <span class='ocrx_word' id='word_1_135' title='bbox 1112 2051 1386 2114; x_wconf 88' lang='lat' dir='ltr'><strong>mandata,</strong></span> <span class='ocrx_word' id='word_1_136' title='bbox 1410 2062 1462 2106; x_wconf 92' lang='lat' dir='ltr'><strong>et</strong></span> <span class='ocrx_word' id='word_1_137' title='bbox 1492 2068 1558 2106; x_wconf 91' lang='lat' dir='ltr'><strong>ne</strong></span> <span class='ocrx_word' id='word_1_138' title='bbox 1587 2061 1800 2121; x_wconf 87' lang='lat' dir='ltr'><strong>patrum</strong></span> <span class='ocrx_word' id='word_1_139' title='bbox 1835 2067 1967 2104; x_wconf 86' lang='lat' dir='ltr'><strong>suo-</strong></span> 
     </span>
    </p>
   </div>
   <div class='ocr_carea' id='block_1_20' title="bbox 403 2141 1966 2214">
    <p class='ocr_par' dir='ltr' id='par_1_20' title="bbox 403 2141 1966 2214">
     <span class='ocr_line' id='line_1_20' title="bbox 403 2141 1966 2214; baseline 0.001 -18"><span class='ocrx_word' id='word_1_140' title='bbox 403 2159 520 2197; x_wconf 90' lang='lat' dir='ltr'><strong>rum</strong></span> <span class='ocrx_word' id='word_1_141' title='bbox 558 2141 928 2198; x_wconf 82' lang='lat' dir='ltr'><strong>infelicitatem</strong></span> <span class='ocrx_word' id='word_1_142' title='bbox 962 2143 1265 2199; x_wconf 83' lang='lat' dir='ltr'><strong>imitentur.</strong></span> <span class='ocrx_word' id='word_1_143' title='bbox 1295 2143 1387 2198; x_wconf 86' lang='lat' dir='ltr'><strong>llla</strong></span> <span class='ocrx_word' id='word_1_144' title='bbox 1420 2160 1653 2214; x_wconf 86' lang='lat' dir='ltr'><strong>namque</strong></span> <span class='ocrx_word' id='word_1_145' title='bbox 1684 2143 1966 2212; x_wconf 79' lang='lat' dir='ltr'><strong>generatio</strong></span> 
     </span>
    </p>
   </div>
   <div class='ocr_carea' id='block_1_21' title="bbox 403 2236 1964 2310">
    <p class='ocr_par' dir='ltr' id='par_1_21' title="bbox 403 2236 1964 2310">
     <span class='ocr_line' id='line_1_21' title="bbox 403 2236 1964 2310; baseline -0.002 -18"><span class='ocrx_word' id='word_1_146' title='bbox 403 2255 500 2292; x_wconf 90' lang='lat' dir='ltr'><strong>cor</strong></span> <span class='ocrx_word' id='word_1_147' title='bbox 545 2250 749 2293; x_wconf 89' lang='lat' dir='ltr'><strong>rectum</strong></span> <span class='ocrx_word' id='word_1_148' title='bbox 788 2255 895 2293; x_wconf 89' lang='lat' dir='ltr'><strong>non</strong></span> <span class='ocrx_word' id='word_1_149' title='bbox 951 2239 1141 2292; x_wconf 87' lang='lat' dir='ltr'><strong>habuit</strong></span> <span class='ocrx_word' id='word_1_150' title='bbox 1178 2254 1305 2308; x_wconf 89' lang='lat' dir='ltr'><strong>erga</strong></span> <span class='ocrx_word' id='word_1_151' title='bbox 1341 2239 1531 2302; x_wconf 90' lang='lat' dir='ltr'><strong>Deum,</strong></span> <span class='ocrx_word' id='word_1_152' title='bbox 1580 2253 1755 2310; x_wconf 89' lang='lat' dir='ltr'><strong>neque</strong></span> <span class='ocrx_word' id='word_1_153' title='bbox 1801 2236 1964 2290; x_wconf 88' lang='lat' dir='ltr'><strong>ﬁdem</strong></span> 
     </span>
    </p>
   </div>
   <div class='ocr_carea' id='block_1_22' title="bbox 405 2330 1969 2402">
    <p class='ocr_par' dir='ltr' id='par_1_22' title="bbox 405 2330 1969 2402">
     <span class='ocr_line' id='line_1_22' title="bbox 405 2330 1969 2402; baseline 0.001 -18"><span class='ocrx_word' id='word_1_154' title='bbox 405 2331 594 2386; x_wconf 87' lang='lat' dir='ltr'><strong>habuit</strong></span> <span class='ocrx_word' id='word_1_155' title='bbox 629 2346 750 2385; x_wconf 90' lang='lat' dir='ltr'><strong>cum</strong></span> <span class='ocrx_word' id='word_1_156' title='bbox 780 2330 887 2386; x_wconf 88' lang='lat' dir='ltr'><strong>Deo</strong></span> <span class='ocrx_word' id='word_1_157' title='bbox 942 2331 1168 2399; x_wconf 87' lang='lat' dir='ltr'><strong>spiritus</strong></span> <span class='ocrx_word' id='word_1_158' title='bbox 1208 2332 1346 2400; x_wconf 88' lang='lat' dir='ltr'><strong>ejus.</strong></span> <span class='ocrx_word' id='word_1_159' title='bbox 1384 2330 1662 2384; x_wconf 88' lang='lat' dir='ltr'><strong>Generatio</strong></span> <span class='ocrx_word' id='word_1_160' title='bbox 1707 2348 1825 2402; x_wconf 71' lang='lat' dir='ltr'><strong>quae</strong></span> <span class='ocrx_word' id='word_1_161' title='bbox 1865 2349 1969 2386; x_wconf 86' lang='lat' dir='ltr'><strong>non</strong></span> 
     </span>
    </p>
   </div>
   <div class='ocr_carea' id='block_1_23' title="bbox 404 2421 1968 2492">
    <p class='ocr_par' dir='ltr' id='par_1_23' title="bbox 404 2421 1968 2492">
     <span class='ocr_line' id='line_1_23' title="bbox 404 2421 1968 2492; baseline 0.001 -17"><span class='ocrx_word' id='word_1_162' title='bbox 404 2423 597 2476; x_wconf 79' lang='lat' dir='ltr'><strong>direxit</strong></span> <span class='ocrx_word' id='word_1_163' title='bbox 628 2439 718 2476; x_wconf 87' lang='lat' dir='ltr'><strong>cor</strong></span> <span class='ocrx_word' id='word_1_164' title='bbox 744 2438 917 2476; x_wconf 90' lang='lat' dir='ltr'><strong>suum.</strong></span> <span class='ocrx_word' id='word_1_165' title='bbox 954 2421 1036 2476; x_wconf 90' lang='lat' dir='ltr'><strong>llli</strong></span> <span class='ocrx_word' id='word_1_166' title='bbox 1071 2438 1305 2492; x_wconf 89' lang='lat' dir='ltr'><strong>namque</strong></span> <span class='ocrx_word' id='word_1_167' title='bbox 1341 2438 1490 2490; x_wconf 86' lang='lat' dir='ltr'><strong>spem</strong></span> <span class='ocrx_word' id='word_1_168' title='bbox 1523 2423 1578 2474; x_wconf 90' lang='lat' dir='ltr'><strong>in</strong></span> <span class='ocrx_word' id='word_1_169' title='bbox 1614 2422 1720 2477; x_wconf 93' lang='lat' dir='ltr'><strong>Deo</strong></span> <span class='ocrx_word' id='word_1_170' title='bbox 1755 2423 1968 2477; x_wconf 90' lang='lat' dir='ltr'><strong>ﬁrmam</strong></span> 
     </span>
    </p>
   </div>
   <div class='ocr_carea' id='block_1_24' title="bbox 407 2511 1970 2582">
    <p class='ocr_par' dir='ltr' id='par_1_24' title="bbox 407 2511 1970 2582">
     <span class='ocr_line' id='line_1_24' title="bbox 407 2511 1970 2582; baseline 0 -16"><span class='ocrx_word' id='word_1_171' title='bbox 407 2529 517 2567; x_wconf 89' lang='lat' dir='ltr'><strong>non</strong></span> <span class='ocrx_word' id='word_1_172' title='bbox 575 2513 922 2580; x_wconf 86' lang='lat' dir='ltr'><strong>habuerunt,</strong></span> <span class='ocrx_word' id='word_1_173' title='bbox 978 2512 1108 2582; x_wconf 86' lang='lat' dir='ltr'><strong>quia</strong></span> <span class='ocrx_word' id='word_1_174' title='bbox 1159 2514 1454 2566; x_wconf 84' lang='lat' dir='ltr'><strong>noluerunt</strong></span> <span class='ocrx_word' id='word_1_175' title='bbox 1504 2521 1706 2565; x_wconf 81' lang='lat' dir='ltr'><strong>rectam</strong></span> <span class='ocrx_word' id='word_1_176' title='bbox 1765 2511 1970 2582; x_wconf 84' lang='lat' dir='ltr'><strong>ingredi</strong></span> 
     </span>
    </p>
   </div>
   <div class='ocr_carea' id='block_1_25' title="bbox 408 2602 1971 2666">
    <p class='ocr_par' dir='ltr' id='par_1_25' title="bbox 408 2602 1971 2666">
     <span class='ocr_line' id='line_1_25' title="bbox 408 2602 1971 2666; baseline 0.003 -12"><span class='ocrx_word' id='word_1_177' title='bbox 408 2605 586 2666; x_wconf 69' lang='lat' dir='ltr'><strong>viam;</strong></span> <span class='ocrx_word' id='word_1_178' title='bbox 634 2603 730 2657; x_wconf 88' lang='lat' dir='ltr'><strong>sed</strong></span> <span class='ocrx_word' id='word_1_179' title='bbox 787 2603 1111 2658; x_wconf 89' lang='lat' dir='ltr'><strong>sententiam</strong></span> <span class='ocrx_word' id='word_1_180' title='bbox 1161 2603 1397 2658; x_wconf 88' lang='lat' dir='ltr'><strong>habuere</strong></span> <span class='ocrx_word' id='word_1_181' title='bbox 1439 2602 1639 2657; x_wconf 80' lang='lat' dir='ltr'><strong>divinis</strong></span> <span class='ocrx_word' id='word_1_182' title='bbox 1675 2602 1971 2659; x_wconf 87' lang='lat' dir='ltr'><strong>adversan-</strong></span> 
     </span>
    </p>
   </div>
   <div class='ocr_carea' id='block_1_26' title="bbox 410 2694 776 2764">
    <p class='ocr_par' dir='ltr' id='par_1_26' title="bbox 410 2694 776 2764">
     <span class='ocr_line' id='line_1_26' title="bbox 410 2694 776 2764; baseline -0.003 -16"><span class='ocrx_word' id='word_1_183' title='bbox 410 2705 514 2749; x_wconf 85' lang='lat' dir='ltr'><strong>tem</strong></span> <span class='ocrx_word' id='word_1_184' title='bbox 548 2694 776 2764; x_wconf 81' lang='lat' dir='ltr'><strong>legibus.</strong></span> 
     </span>
    </p>
   </div>
   <div class='ocr_carea' id='block_1_27' title="bbox 479 2868 1970 2941">
    <p class='ocr_par' dir='ltr' id='par_1_27' title="bbox 479 2868 1970 2941">
     <span class='ocr_line' id='line_1_27' title="bbox 479 2868 1970 2941; baseline -0.005 -12"><span class='ocrx_word' id='word_1_185' title='bbox 479 2874 534 2932; x_wconf 88' lang='lat'><strong>9.</strong></span> <span class='ocrx_word' id='word_1_186' title='bbox 569 2873 700 2926; x_wconf 84' lang='lat' dir='ltr'><strong>Filii</strong></span> <span class='ocrx_word' id='word_1_187' title='bbox 731 2872 983 2941; x_wconf 85' lang='lat' dir='ltr'><strong>Ephraim</strong></span> <span class='ocrx_word' id='word_1_188' title='bbox 1009 2870 1329 2923; x_wconf 82' lang='lat' dir='ltr'><strong>intendentes</strong></span> <span class='ocrx_word' id='word_1_189' title='bbox 1358 2876 1407 2922; x_wconf 86' lang='lat' dir='ltr'><strong>et</strong></span> <span class='ocrx_word' id='word_1_190' title='bbox 1438 2868 1702 2922; x_wconf 81' lang='lat' dir='ltr'><strong>mittentes</strong></span> <span class='ocrx_word' id='word_1_191' title='bbox 1726 2869 1970 2922; x_wconf 87' lang='lat' dir='ltr'><strong>arcubus.</strong></span> 
     </span>
    </p>
   </div>
   <div class='ocr_carea' id='block_1_28' title="bbox 411 2957 1975 3030">
    <p class='ocr_par' dir='ltr' id='par_1_28' title="bbox 411 2957 1975 3030">
     <span class='ocr_line' id='line_1_28' title="bbox 411 2957 1975 3030; baseline -0.006 -11"><span class='ocrx_word' id='word_1_192' title='bbox 411 2964 514 3018; x_wconf 82' lang='lat' dir='ltr'><strong>Per</strong></span> <span class='ocrx_word' id='word_1_193' title='bbox 541 2963 709 3017; x_wconf 89' lang='lat' dir='ltr'><strong>solam</strong></span> <span class='ocrx_word' id='word_1_194' title='bbox 744 2962 944 3015; x_wconf 90' lang='lat' dir='ltr'><strong>tribum</strong></span> <span class='ocrx_word' id='word_1_195' title='bbox 997 2959 1254 3030; x_wconf 86' lang='lat' dir='ltr'><strong>Ephraim</strong></span> <span class='ocrx_word' id='word_1_196' title='bbox 1303 2967 1475 3012; x_wconf 93' lang='lat' dir='ltr'><strong>totum</strong></span> <span class='ocrx_word' id='word_1_197' title='bbox 1513 2957 1770 3026; x_wconf 83' lang='lat' dir='ltr'><strong>populum</strong></span> <span class='ocrx_word' id='word_1_198' title='bbox 1807 2957 1975 3012; x_wconf 87' lang='lat' dir='ltr'><strong>Israel</strong></span> 
     </span>
    </p>
   </div>
   <div class='ocr_carea' id='block_1_29' title="bbox 411 3048 1973 3123">
    <p class='ocr_par' dir='ltr' id='par_1_29' title="bbox 411 3048 1973 3123">
     <span class='ocr_line' id='line_1_29' title="bbox 411 3048 1973 3123; baseline -0.005 -14"><span class='ocrx_word' id='word_1_199' title='bbox 411 3072 442 3109; x_wconf 93' lang='lat' dir='ltr'><strong>a</strong></span> <span class='ocrx_word' id='word_1_200' title='bbox 466 3054 603 3109; x_wconf 88' lang='lat' dir='ltr'><strong>Juda</strong></span> <span class='ocrx_word' id='word_1_201' title='bbox 637 3062 974 3123; x_wconf 80' lang='lat' dir='ltr'><strong>segregatum</strong></span> <span class='ocrx_word' id='word_1_202' title='bbox 999 3061 1053 3106; x_wconf 91' lang='lat' dir='ltr'><strong>et</strong></span> <span class='ocrx_word' id='word_1_203' title='bbox 1075 3050 1308 3105; x_wconf 86' lang='lat' dir='ltr'><strong>divisum</strong></span> <span class='ocrx_word' id='word_1_204' title='bbox 1334 3049 1675 3120; x_wconf 89' lang='lat' dir='ltr'><strong>signiﬁcavit.</strong></span> <span class='ocrx_word' id='word_1_205' title='bbox 1706 3049 1808 3116; x_wconf 88' lang='lat' dir='ltr'><strong>Ipsi</strong></span> <span class='ocrx_word' id='word_1_206' title='bbox 1830 3048 1973 3102; x_wconf 90' lang='lat' dir='ltr'><strong>enim</strong></span> 
     </span>
    </p>
   </div>
   <div class='ocr_carea' id='block_1_30' title="bbox 411 3139 1971 3209">
    <p class='ocr_par' dir='ltr' id='par_1_30' title="bbox 411 3139 1971 3209">
     <span class='ocr_line' id='line_1_30' title="bbox 411 3139 1971 3209; baseline -0.006 -10"><span class='ocrx_word' id='word_1_207' title='bbox 411 3153 468 3199; x_wconf 87' lang='lat' dir='ltr'><strong>et</strong></span> <span class='ocrx_word' id='word_1_208' title='bbox 495 3145 692 3198; x_wconf 84' lang='lat' dir='ltr'><strong>vitulos</strong></span> <span class='ocrx_word' id='word_1_209' title='bbox 721 3149 1029 3206; x_wconf 84' lang='lat' dir='ltr'><strong>erexerunt,</strong></span> <span class='ocrx_word' id='word_1_210' title='bbox 1068 3151 1120 3194; x_wconf 89' lang='lat' dir='ltr'><strong>et</strong></span> <span class='ocrx_word' id='word_1_211' title='bbox 1164 3156 1194 3194; x_wconf 92' lang='lat' dir='ltr'><strong>a</strong></span> <span class='ocrx_word' id='word_1_212' title='bbox 1235 3139 1395 3209; x_wconf 88' lang='lat' dir='ltr'><strong>legali</strong></span> <span class='ocrx_word' id='word_1_213' title='bbox 1423 3139 1571 3194; x_wconf 89' lang='lat' dir='ltr'><strong>cultu</strong></span> <span class='ocrx_word' id='word_1_214' title='bbox 1601 3139 1971 3194; x_wconf 88' lang='lat' dir='ltr'><strong>desciverunt.</strong></span> 
     </span>
    </p>
   </div>
   <div class='ocr_carea' id='block_1_31' title="bbox 413 3229 1976 3304">
    <p class='ocr_par' dir='ltr' id='par_1_31' title="bbox 413 3229 1976 3304">
     <span class='ocr_line' id='line_1_31' title="bbox 413 3229 1976 3304; baseline -0.004 -14"><span class='ocrx_word' id='word_1_215' title='bbox 413 3236 709 3304; x_wconf 89' lang='lat' dir='ltr'><strong>Postquam</strong></span> <span class='ocrx_word' id='word_1_216' title='bbox 744 3242 870 3288; x_wconf 87' lang='lat' dir='ltr'><strong>ante</strong></span> <span class='ocrx_word' id='word_1_217' title='bbox 902 3235 1149 3302; x_wconf 87' lang='lat' dir='ltr'><strong>tetigerat</strong></span> <span class='ocrx_word' id='word_1_218' title='bbox 1179 3242 1395 3303; x_wconf 88' lang='lat' dir='ltr'><strong>patrum</strong></span> <span class='ocrx_word' id='word_1_219' title='bbox 1431 3229 1976 3300; x_wconf 82' lang='lat' dir='ltr'><strong>malignitatem,jam</strong></span> 
     </span>
    </p>
   </div>
   <div class='ocr_carea' id='block_1_32' title="bbox 415 3328 1981 3397">
    <p class='ocr_par' dir='ltr' id='par_1_32' title="bbox 415 3328 1981 3397">
     <span class='ocr_line' id='line_1_32' title="bbox 415 3328 1981 3397; baseline -0.006 -13"><span class='ocrx_word' id='word_1_220' title='bbox 415 3346 606 3384; x_wconf 89' lang='lat' dir='ltr'><strong>eorum</strong></span> <span class='ocrx_word' id='word_1_221' title='bbox 660 3328 1063 3397; x_wconf 87' lang='lat' dir='ltr'><strong>improbitatem</strong></span> <span class='ocrx_word' id='word_1_222' title='bbox 1105 3344 1171 3382; x_wconf 79' lang='lat' dir='ltr'><strong>ex</strong></span> <span class='ocrx_word' id='word_1_223' title='bbox 1209 3329 1423 3397; x_wconf 88' lang='lat' dir='ltr'><strong>integro</strong></span> <span class='ocrx_word' id='word_1_224' title='bbox 1477 3332 1761 3388; x_wconf 88' lang='lat' dir='ltr'><strong>recenset,</strong></span> <span class='ocrx_word' id='word_1_225' title='bbox 1818 3331 1981 3391; x_wconf 85' lang='lat' dir='ltr'><strong>atque</strong></span> 
     </span>
    </p>
   </div>
   <div class='ocr_carea' id='block_1_33' title="bbox 419 3418 1981 3489">
    <p class='ocr_par' dir='ltr' id='par_1_33' title="bbox 419 3418 1981 3489">
     <span class='ocr_line' id='line_1_33' title="bbox 419 3418 1981 3489; baseline -0.008 -11"><span class='ocrx_word' id='word_1_226' title='bbox 419 3424 684 3478; x_wconf 91' lang='lat' dir='ltr'><strong>bonorum</strong></span> <span class='ocrx_word' id='word_1_227' title='bbox 709 3420 923 3489; x_wconf 90' lang='lat' dir='ltr'><strong>copiam</strong></span> <span class='ocrx_word' id='word_1_228' title='bbox 953 3434 983 3472; x_wconf 91' lang='lat' dir='ltr'><strong>a</strong></span> <span class='ocrx_word' id='word_1_229' title='bbox 1022 3418 1132 3472; x_wconf 89' lang='lat' dir='ltr'><strong>Deo</strong></span> <span class='ocrx_word' id='word_1_230' title='bbox 1163 3419 1271 3473; x_wconf 89' lang='lat' dir='ltr'><strong>illis</strong></span> <span class='ocrx_word' id='word_1_231' title='bbox 1302 3431 1651 3482; x_wconf 90' lang='lat' dir='ltr'><strong>concessam;</strong></span> <span class='ocrx_word' id='word_1_232' title='bbox 1681 3430 1870 3469; x_wconf 89' lang='lat' dir='ltr'><strong>eorum</strong></span> <span class='ocrx_word' id='word_1_233' title='bbox 1901 3429 1981 3467; x_wconf 90' lang='lat' dir='ltr'><strong>er-</strong></span> 
     </span>
    </p>
   </div>
   <div class='ocr_carea' id='block_1_34' title="bbox 419 3505 1982 3582">
    <p class='ocr_par' dir='ltr' id='par_1_34' title="bbox 419 3505 1982 3582">
     <span class='ocr_line' id='line_1_34' title="bbox 419 3505 1982 3582; baseline -0.003 -17"><span class='ocrx_word' id='word_1_234' title='bbox 419 3529 484 3582; x_wconf 88' lang='lat' dir='ltr'><strong>ga</strong></span> <span class='ocrx_word' id='word_1_235' title='bbox 513 3511 679 3566; x_wconf 88' lang='lat' dir='ltr'><strong>Deum</strong></span> <span class='ocrx_word' id='word_1_236' title='bbox 710 3511 1106 3578; x_wconf 83' lang='lat' dir='ltr'><strong>inﬁdelitatem,</strong></span> <span class='ocrx_word' id='word_1_237' title='bbox 1137 3511 1370 3579; x_wconf 90' lang='lat' dir='ltr'><strong>denique</strong></span> <span class='ocrx_word' id='word_1_238' title='bbox 1409 3507 1704 3579; x_wconf 87' lang='lat' dir='ltr'><strong>perniciem</strong></span> <span class='ocrx_word' id='word_1_239' title='bbox 1744 3522 1864 3576; x_wconf 67' lang='lat' dir='ltr'><strong>quae</strong></span> <span class='ocrx_word' id='word_1_240' title='bbox 1896 3505 1982 3560; x_wconf 91' lang='lat' dir='ltr'><strong>his</strong></span> 
     </span>
    </p>
   </div>
   <div class='ocr_carea' id='block_1_35' title="bbox 419 3598 1983 3670">
    <p class='ocr_par' dir='ltr' id='par_1_35' title="bbox 419 3598 1983 3670">
     <span class='ocr_line' id='line_1_35' title="bbox 419 3598 1983 3670; baseline -0.004 -15"><span class='ocrx_word' id='word_1_241' title='bbox 419 3604 486 3657; x_wconf 89' lang='lat' dir='ltr'><strong>de</strong></span> <span class='ocrx_word' id='word_1_242' title='bbox 507 3603 691 3657; x_wconf 88' lang='lat' dir='ltr'><strong>causis</strong></span> <span class='ocrx_word' id='word_1_243' title='bbox 716 3602 838 3656; x_wconf 86' lang='lat' dir='ltr'><strong>illos</strong></span> <span class='ocrx_word' id='word_1_244' title='bbox 867 3603 1096 3670; x_wconf 80' lang='lat' dir='ltr'><strong>excepit.</strong></span> <span class='ocrx_word' id='word_1_245' title='bbox 1147 3599 1218 3655; x_wconf 88' lang='lat' dir='ltr'><strong>Ut</strong></span> <span class='ocrx_word' id='word_1_246' title='bbox 1266 3602 1334 3656; x_wconf 88' lang='lat' dir='ltr'><strong>iis</strong></span> <span class='ocrx_word' id='word_1_247' title='bbox 1379 3599 1636 3664; x_wconf 85' lang='lat' dir='ltr'><strong>instituti,</strong></span> <span class='ocrx_word' id='word_1_248' title='bbox 1663 3598 1867 3652; x_wconf 87' lang='lat' dir='ltr'><strong>malum</strong></span> <span class='ocrx_word' id='word_1_249' title='bbox 1897 3610 1983 3650; x_wconf 85' lang='lat' dir='ltr'><strong>ze-</strong></span> 
     </span>
    </p>
   </div>
   <div class='ocr_carea' id='block_1_36' title="bbox 421 3689 1976 3762">
    <p class='ocr_par' dir='ltr' id='par_1_36' title="bbox 421 3689 1976 3762">
     <span class='ocr_line' id='line_1_36' title="bbox 421 3689 1976 3762; baseline -0.004 -15"><span class='ocrx_word' id='word_1_250' title='bbox 421 3695 529 3747; x_wconf 92' lang='lat' dir='ltr'><strong>lum</strong></span> <span class='ocrx_word' id='word_1_251' title='bbox 559 3693 874 3762; x_wconf 74' lang='lat' dir='ltr'><strong>eﬁ‘ugerent.</strong></span> <span class='ocrx_word' id='word_1_252' title='bbox 905 3692 1044 3747; x_wconf 88' lang='lat' dir='ltr'><strong>Dicit</strong></span> <span class='ocrx_word' id='word_1_253' title='bbox 1073 3703 1250 3746; x_wconf 90' lang='lat' dir='ltr'><strong>autem</strong></span> <span class='ocrx_word' id='word_1_254' title='bbox 1305 3693 1442 3746; x_wconf 91' lang='lat' dir='ltr'><strong>lilios</strong></span> <span class='ocrx_word' id='word_1_255' title='bbox 1493 3690 1774 3758; x_wconf 85' lang='lat' dir='ltr'><strong>prraim,</strong></span> <span class='ocrx_word' id='word_1_256' title='bbox 1806 3689 1859 3743; x_wconf 89' lang='lat' dir='ltr'><strong>id</strong></span> <span class='ocrx_word' id='word_1_257' title='bbox 1890 3697 1976 3742; x_wconf 90' lang='lat' dir='ltr'><strong>est</strong></span> 
     </span>
    </p>
   </div>
   <div class='ocr_carea' id='block_1_37' title="bbox 425 3781 1986 3854">
    <p class='ocr_par' dir='ltr' id='par_1_37' title="bbox 425 3781 1986 3854">
     <span class='ocr_line' id='line_1_37' title="bbox 425 3781 1986 3854; baseline -0.004 -14"><span class='ocrx_word' id='word_1_258' title='bbox 425 3796 593 3840; x_wconf 86' lang='lat' dir='ltr'><strong>totum</strong></span> <span class='ocrx_word' id='word_1_259' title='bbox 627 3786 880 3840; x_wconf 90' lang='lat' dir='ltr'><strong>Israelem</strong></span> <span class='ocrx_word' id='word_1_260' title='bbox 907 3825 922 3849; x_wconf 89' lang='lat'><strong>,</strong></span> <span class='ocrx_word' id='word_1_261' title='bbox 951 3785 1041 3854; x_wconf 90' lang='lat' dir='ltr'><strong>qui</strong></span> <span class='ocrx_word' id='word_1_262' title='bbox 1077 3784 1384 3838; x_wconf 85' lang='lat' dir='ltr'><strong>didicerunt</strong></span> <span class='ocrx_word' id='word_1_263' title='bbox 1431 3799 1554 3837; x_wconf 90' lang='lat' dir='ltr'><strong>cum</strong></span> <span class='ocrx_word' id='word_1_264' title='bbox 1603 3781 1854 3850; x_wconf 86' lang='lat' dir='ltr'><strong>malignis</strong></span> <span class='ocrx_word' id='word_1_265' title='bbox 1882 3781 1986 3834; x_wconf 74' lang='lat' dir='ltr'><strong>daa-</strong></span> 
     </span>
    </p>
   </div>
   <div class='ocr_carea' id='block_1_38' title="bbox 423 3873 1986 3946">
    <p class='ocr_par' dir='ltr' id='par_1_38' title="bbox 423 3873 1986 3946">
     <span class='ocr_line' id='line_1_38' title="bbox 423 3873 1986 3946; baseline -0.006 -14"><span class='ocrx_word' id='word_1_266' title='bbox 423 3877 674 3932; x_wconf 88' lang='lat' dir='ltr'><strong>monibus</strong></span> <span class='ocrx_word' id='word_1_267' title='bbox 702 3891 960 3946; x_wconf 84' lang='lat' dir='ltr'><strong>pugnare,</strong></span> <span class='ocrx_word' id='word_1_268' title='bbox 987 3884 1148 3944; x_wconf 91' lang='lat' dir='ltr'><strong>atque</strong></span> <span class='ocrx_word' id='word_1_269' title='bbox 1178 3875 1243 3927; x_wconf 89' lang='lat' dir='ltr'><strong>ad</strong></span> <span class='ocrx_word' id='word_1_270' title='bbox 1274 3890 1394 3928; x_wconf 91' lang='lat' dir='ltr'><strong>eam</strong></span> <span class='ocrx_word' id='word_1_271' title='bbox 1420 3889 1532 3926; x_wconf 87' lang='lat' dir='ltr'><strong>rem</strong></span> <span class='ocrx_word' id='word_1_272' title='bbox 1565 3874 1620 3927; x_wconf 93' lang='lat' dir='ltr'><strong>in</strong></span> <span class='ocrx_word' id='word_1_273' title='bbox 1649 3873 1867 3928; x_wconf 90' lang='lat' dir='ltr'><strong>modum</strong></span> <span class='ocrx_word' id='word_1_274' title='bbox 1897 3886 1986 3923; x_wconf 87' lang='lat' dir='ltr'><strong>ar-</strong></span> 
     </span>
    </p>
   </div>
   <div class='ocr_carea' id='block_1_39' title="bbox 423 3971 1988 4039">
    <p class='ocr_par' dir='ltr' id='par_1_39' title="bbox 423 3971 1988 4039">
     <span class='ocr_line' id='line_1_39' title="bbox 423 3971 1988 4039; baseline -0.006 -11"><span class='ocrx_word' id='word_1_275' title='bbox 423 3989 521 4028; x_wconf 89' lang='lat' dir='ltr'><strong>cus</strong></span> <span class='ocrx_word' id='word_1_276' title='bbox 545 3973 791 4028; x_wconf 87' lang='lat' dir='ltr'><strong>adornati</strong></span> <span class='ocrx_word' id='word_1_277' title='bbox 828 3980 1002 4035; x_wconf 89' lang='lat' dir='ltr'><strong>erant,</strong></span> <span class='ocrx_word' id='word_1_278' title='bbox 1057 3971 1174 4039; x_wconf 91' lang='lat' dir='ltr'><strong>ipso</strong></span> <span class='ocrx_word' id='word_1_279' title='bbox 1219 3984 1412 4038; x_wconf 65' lang='lat' dir='ltr'><strong>pugnae</strong></span> <span class='ocrx_word' id='word_1_280' title='bbox 1471 3978 1716 4038; x_wconf 85' lang='lat' dir='ltr'><strong>tempore</strong></span> <span class='ocrx_word' id='word_1_281' title='bbox 1747 3977 1988 4022; x_wconf 84' lang='lat' dir='ltr'><strong>mutasse</strong></span> 
     </span>
    </p>
   </div>
   <div class='ocr_carea' id='block_1_40' title="bbox 425 4061 1983 4133">
    <p class='ocr_par' dir='ltr' id='par_1_40' title="bbox 425 4061 1983 4133">
     <span class='ocr_line' id='line_1_40' title="bbox 425 4061 1983 4133; baseline -0.006 -12"><span class='ocrx_word' id='word_1_282' title='bbox 425 4067 785 4130; x_wconf 86' lang='lat' dir='ltr'><strong>sententiam,</strong></span> <span class='ocrx_word' id='word_1_283' title='bbox 845 4074 1009 4133; x_wconf 89' lang='lat' dir='ltr'><strong>atque</strong></span> <span class='ocrx_word' id='word_1_284' title='bbox 1063 4063 1351 4116; x_wconf 90' lang='lat' dir='ltr'><strong>Dominum</strong></span> <span class='ocrx_word' id='word_1_285' title='bbox 1401 4072 1455 4118; x_wconf 92' lang='lat' dir='ltr'><strong>et</strong></span> <span class='ocrx_word' id='word_1_286' title='bbox 1496 4061 1665 4116; x_wconf 86' lang='lat' dir='ltr'><strong>Deum</strong></span> <span class='ocrx_word' id='word_1_287' title='bbox 1734 4075 1983 4130; x_wconf 85' lang='lat' dir='ltr'><strong>negasse,</strong></span> 
     </span>
    </p>
   </div>
   <div class='ocr_carea' id='block_1_41' title="bbox 429 4150 1990 4221">
    <p class='ocr_par' dir='ltr' id='par_1_41' title="bbox 429 4150 1990 4221">
     <span class='ocr_line' id='line_1_41' title="bbox 429 4150 1990 4221; baseline -0.004 -11"><span class='ocrx_word' id='word_1_288' title='bbox 429 4158 771 4212; x_wconf 84' lang='lat' dir='ltr'><strong>utvoluntate</strong></span> <span class='ocrx_word' id='word_1_289' title='bbox 795 4157 861 4212; x_wconf 90' lang='lat' dir='ltr'><strong>ad</strong></span> <span class='ocrx_word' id='word_1_290' title='bbox 891 4154 1216 4221; x_wconf 89' lang='lat' dir='ltr'><strong>Barabbam,</strong></span> <span class='ocrx_word' id='word_1_291' title='bbox 1242 4157 1294 4210; x_wconf 91' lang='lat' dir='ltr'><strong>id</strong></span> <span class='ocrx_word' id='word_1_292' title='bbox 1320 4164 1403 4210; x_wconf 90' lang='lat' dir='ltr'><strong>est</strong></span> <span class='ocrx_word' id='word_1_293' title='bbox 1427 4155 1495 4209; x_wconf 91' lang='lat' dir='ltr'><strong>ad</strong></span> <span class='ocrx_word' id='word_1_294' title='bbox 1518 4153 1797 4218; x_wconf 88' lang='lat' dir='ltr'><strong>Satanam,</strong></span> <span class='ocrx_word' id='word_1_295' title='bbox 1827 4150 1990 4211; x_wconf 73' lang='lat' dir='ltr'><strong>decli-</strong></span> 
     </span>
    </p>
   </div>
   <div class='ocr_carea' id='block_1_42' title="bbox 427 4257 640 4304">
    <p class='ocr_par' dir='ltr' id='par_1_42' title="bbox 427 4257 640 4304">
     <span class='ocr_line' id='line_1_42' title="bbox 427 4257 640 4304; baseline 0.005 -1"><span class='ocrx_word' id='word_1_296' title='bbox 427 4257 640 4304; x_wconf 89' lang='lat' dir='ltr'><strong>narent.</strong></span> 
     </span>
    </p>
   </div>
   <div class='ocr_carea' id='block_1_43' title="bbox 497 4335 1986 4396">
    <p class='ocr_par' dir='ltr' id='par_1_43' title="bbox 497 4335 1986 4396">
     <span class='ocr_line' id='line_1_43' title="bbox 497 4335 1986 4396; baseline -0.003 -1"><span class='ocrx_word' id='word_1_297' title='bbox 497 4341 582 4396; x_wconf 77' lang='grc'><strong>10.</strong></span> <span class='ocrx_word' id='word_1_298' title='bbox 636 4340 759 4395; x_wconf 89' lang='grc' dir='ltr'><strong>Νοη</strong></span> <span class='ocrx_word' id='word_1_299' title='bbox 799 4341 1162 4394; x_wconf 82' lang='lat' dir='ltr'><strong>custodierunt</strong></span> <span class='ocrx_word' id='word_1_300' title='bbox 1206 4348 1574 4392; x_wconf 84' lang='lat' dir='ltr'><strong>testamentum</strong></span> <span class='ocrx_word' id='word_1_301' title='bbox 1631 4338 1743 4390; x_wconf 88' lang='lat' dir='ltr'><strong>Dei.</strong></span> <span class='ocrx_word' id='word_1_302' title='bbox 1781 4335 1986 4390; x_wconf 85' lang='lat' dir='ltr'><strong>Novam</strong></span> 
     </span>
    </p>
   </div>
   <div class='ocr_carea' id='block_1_44' title="bbox 2054 517 3630 588">
    <p class='ocr_par' dir='ltr' id='par_1_44' title="bbox 2054 517 3630 588">
     <span class='ocr_line' id='line_1_44' title="bbox 2054 517 3630 588; baseline 0.003 -20"><span class='ocrx_word' id='word_1_303' title='bbox 2054 517 2327 588; x_wconf 81' lang='grc' dir='ltr'><strong>γαλουργή</strong></span> <span class='ocrx_word' id='word_1_304' title='bbox 2338 535 2508 587; x_wconf 87' lang='grc' dir='ltr'><strong>ματα·</strong></span> <span class='ocrx_word' id='word_1_305' title='bbox 2539 519 2617 571; x_wconf 89' lang='grc' dir='ltr'><strong>διὸ</strong></span> <span class='ocrx_word' id='word_1_306' title='bbox 2639 519 2738 572; x_wconf 82' lang='grc' dir='ltr'><strong>οὐκ</strong></span> <span class='ocrx_word' id='word_1_307' title='bbox 2761 519 3062 572; x_wconf 75' lang='grc' dir='ltr'><strong>ἐπαύσαντο</strong></span> <span class='ocrx_word' id='word_1_308' title='bbox 3090 520 3270 581; x_wconf 73' lang='grc' dir='ltr'><strong>αὐτοῖς</strong></span> <span class='ocrx_word' id='word_1_309' title='bbox 3302 520 3630 588; x_wconf 65' lang='grc' dir='ltr'><strong>προαγγέλ-</strong></span> 
     </span>
    </p>
   </div>
   <div class='ocr_carea' id='block_1_45' title="bbox 2054 608 3626 676">
    <p class='ocr_par' dir='ltr' id='par_1_45' title="bbox 2054 608 3626 676">
     <span class='ocr_line' id='line_1_45' title="bbox 2054 608 3626 676; baseline 0.001 -15"><span class='ocrx_word' id='word_1_310' title='bbox 2054 611 2265 671; x_wconf 72' lang='grc' dir='ltr'><strong>λοντες</strong></span> <span class='ocrx_word' id='word_1_311' title='bbox 2307 608 2411 673; x_wconf 85' lang='grc' dir='ltr'><strong>τὰς</strong></span> <span class='ocrx_word' id='word_1_312' title='bbox 2459 609 2718 676; x_wconf 78' lang='grc' dir='ltr'><strong>αινέσεις</strong></span> <span class='ocrx_word' id='word_1_313' title='bbox 2761 609 2864 662; x_wconf 86' lang='grc' dir='ltr'><strong>τοῦ</strong></span> <span class='ocrx_word' id='word_1_314' title='bbox 2901 609 3118 676; x_wconf 84' lang='grc' dir='ltr'><strong>Κυρίου</strong></span> <span class='ocrx_word' id='word_1_315' title='bbox 3163 609 3260 662; x_wconf 81' lang='grc' dir='ltr'><strong>καὶ</strong></span> <span class='ocrx_word' id='word_1_316' title='bbox 3302 611 3407 674; x_wconf 83' lang='grc' dir='ltr'><strong>τὰς</strong></span> <span class='ocrx_word' id='word_1_317' title='bbox 3435 610 3626 663; x_wconf 79' lang='grc' dir='ltr'><strong>δυνα-</strong></span> 
     </span>
    </p>
   </div>
   <div class='ocr_carea' id='block_1_46' title="bbox 2055 699 2497 764">
    <p class='ocr_par' dir='ltr' id='par_1_46' title="bbox 2055 699 2497 764">
     <span class='ocr_line' id='line_1_46' title="bbox 2055 699 2497 764; baseline 0.005 -14"><span class='ocrx_word' id='word_1_318' title='bbox 2055 699 2262 764; x_wconf 82' lang='grc' dir='ltr'><strong>στείας</strong></span> <span class='ocrx_word' id='word_1_319' title='bbox 2290 700 2497 752; x_wconf 82' lang='grc' dir='ltr'><strong>αὑτοῦ.</strong></span> 
     </span>
    </p>
   </div>
   <div class='ocr_carea' id='block_1_47' title="bbox 2125 789 3626 860">
    <p class='ocr_par' dir='ltr' id='par_1_47' title="bbox 2125 789 3626 860">
     <span class='ocr_line' id='line_1_47' title="bbox 2125 789 3626 860; baseline -0.001 -19"><span class='ocrx_word' id='word_1_320' title='bbox 2125 789 2235 842; x_wconf 88' lang='grc' dir='ltr'><strong>Καὶ</strong></span> <span class='ocrx_word' id='word_1_321' title='bbox 2281 792 2468 858; x_wconf 80' lang='grc' dir='ltr'><strong>νόμον</strong></span> <span class='ocrx_word' id='word_1_322' title='bbox 2517 790 2679 844; x_wconf 79' lang='grc' dir='ltr'><strong>ἔθετο</strong></span> <span class='ocrx_word' id='word_1_323' title='bbox 2729 791 2799 842; x_wconf 86' lang='grc' dir='ltr'><strong>ἐν</strong></span> <span class='ocrx_word' id='word_1_324' title='bbox 2860 789 3112 857; x_wconf 81' lang='grc' dir='ltr'><strong>Ἰσραήλ.</strong></span> <span class='ocrx_word' id='word_1_325' title='bbox 3161 790 3372 860; x_wconf 85' lang='grc' dir='ltr'><strong>Νόμον,</strong></span> <span class='ocrx_word' id='word_1_326' title='bbox 3425 790 3626 860; x_wconf 79' lang='grc' dir='ltr'><strong>φησὶν,</strong></span> 
     </span>
    </p>
   </div>
   <div class='ocr_carea' id='block_1_48' title="bbox 2058 880 3627 952">
    <p class='ocr_par' dir='ltr' id='par_1_48' title="bbox 2058 880 3627 952">
     <span class='ocr_line' id='line_1_48' title="bbox 2058 880 3627 952; baseline 0 -20"><span class='ocrx_word' id='word_1_327' title='bbox 2058 880 2223 933; x_wconf 80' lang='grc' dir='ltr'><strong>ἔδωκε</strong></span> <span class='ocrx_word' id='word_1_328' title='bbox 2273 884 2384 944; x_wconf 85' lang='grc' dir='ltr'><strong>τοῖς</strong></span> <span class='ocrx_word' id='word_1_329' title='bbox 2435 882 2699 952; x_wconf 84' lang='grc' dir='ltr'><strong>πατράσιν</strong></span> <span class='ocrx_word' id='word_1_330' title='bbox 2746 881 2946 947; x_wconf 77' lang='grc' dir='ltr'><strong>αὐτῶν,</strong></span> <span class='ocrx_word' id='word_1_331' title='bbox 2995 883 3086 933; x_wconf 77' lang='grc' dir='ltr'><strong>καὶ</strong></span> <span class='ocrx_word' id='word_1_332' title='bbox 3125 885 3223 951; x_wconf 72' lang='grc' dir='ltr'><strong>τὴν</strong></span> <span class='ocrx_word' id='word_1_333' title='bbox 3273 883 3476 952; x_wconf 85' lang='grc' dir='ltr'><strong>σκηνὴν</strong></span> <span class='ocrx_word' id='word_1_334' title='bbox 3525 880 3627 933; x_wconf 80' lang='grc' dir='ltr'><strong>τοῦ</strong></span> 
     </span>
    </p>
   </div>
   <div class='ocr_carea' id='block_1_49' title="bbox 2061 972 3630 1042">
    <p class='ocr_par' dir='ltr' id='par_1_49' title="bbox 2061 972 3630 1042">
     <span class='ocr_line' id='line_1_49' title="bbox 2061 972 3630 1042; baseline 0 -18"><span class='ocrx_word' id='word_1_335' title='bbox 2061 972 2378 1042; x_wconf 74' lang='grc' dir='ltr'><strong>μαρτυρίου,</strong></span> <span class='ocrx_word' id='word_1_336' title='bbox 2421 972 2776 1040; x_wconf 80' lang='grc' dir='ltr'><strong>παιδαγωγῶν</strong></span> <span class='ocrx_word' id='word_1_337' title='bbox 2821 974 3014 1036; x_wconf 73' lang='grc' dir='ltr'><strong>αὐτοὺς</strong></span> <span class='ocrx_word' id='word_1_338' title='bbox 3047 975 3126 1035; x_wconf 85' lang='grc' dir='ltr'><strong>εἰς</strong></span> <span class='ocrx_word' id='word_1_339' title='bbox 3175 972 3236 1024; x_wconf 91' lang='grc' dir='ltr'><strong>τὸ</strong></span> <span class='ocrx_word' id='word_1_340' title='bbox 3279 973 3481 1040; x_wconf 85' lang='grc' dir='ltr'><strong>γνῶναι</strong></span> <span class='ocrx_word' id='word_1_341' title='bbox 3533 972 3630 1024; x_wconf 78' lang='grc' dir='ltr'><strong>διὰ</strong></span> 
     </span>
    </p>
   </div>
   <div class='ocr_carea' id='block_1_50' title="bbox 2057 1060 3630 1134">
    <p class='ocr_par' dir='ltr' id='par_1_50' title="bbox 2057 1060 3630 1134">
     <span class='ocr_line' id='line_1_50' title="bbox 2057 1060 3630 1134; baseline 0.003 -22"><span class='ocrx_word' id='word_1_342' title='bbox 2057 1060 2151 1113; x_wconf 78' lang='grc' dir='ltr'><strong>τοῦ</strong></span> <span class='ocrx_word' id='word_1_343' title='bbox 2185 1062 2349 1131; x_wconf 88' lang='grc' dir='ltr'><strong>νόμου</strong></span> <span class='ocrx_word' id='word_1_344' title='bbox 2395 1062 2485 1114; x_wconf 89' lang='grc' dir='ltr'><strong>τὸν</strong></span> <span class='ocrx_word' id='word_1_345' title='bbox 2514 1061 2654 1114; x_wconf 78' lang='grc' dir='ltr'><strong>κατὰ</strong></span> <span class='ocrx_word' id='word_1_346' title='bbox 2699 1063 2923 1134; x_wconf 77' lang='grc' dir='ltr'><strong>καιροὺς</strong></span> <span class='ocrx_word' id='word_1_347' title='bbox 2958 1064 3361 1134; x_wconf 70' lang='grc' dir='ltr'><strong>ἐπιδημήσαντα</strong></span> <span class='ocrx_word' id='word_1_348' title='bbox 3394 1063 3630 1132; x_wconf 78' lang='grc' dir='ltr'><strong>Σωτῆρα</strong></span> 
     </span>
    </p>
   </div>
   <div class='ocr_carea' id='block_1_51' title="bbox 2059 1151 2785 1222">
    <p class='ocr_par' dir='ltr' id='par_1_51' title="bbox 2059 1151 2785 1222">
     <span class='ocr_line' id='line_1_51' title="bbox 2059 1151 2785 1222; baseline 0.003 -19"><span class='ocrx_word' id='word_1_349' title='bbox 2059 1151 2134 1220; x_wconf 82' lang='grc' dir='ltr'><strong>τῷ</strong></span> <span class='ocrx_word' id='word_1_350' title='bbox 2166 1151 2310 1219; x_wconf 81' lang='grc' dir='ltr'><strong>γένει</strong></span> <span class='ocrx_word' id='word_1_351' title='bbox 2338 1151 2444 1204; x_wconf 82' lang='grc' dir='ltr'><strong>τῶν</strong></span> <span class='ocrx_word' id='word_1_352' title='bbox 2470 1152 2785 1222; x_wconf 83' lang='grc' dir='ltr'><strong>ἀνθρώπων.</strong></span> 
     </span>
    </p>
   </div>
   <div class='ocr_carea' id='block_1_52' title="bbox 2139 1240 3629 1310">
    <p class='ocr_par' dir='ltr' id='par_1_52' title="bbox 2139 1240 3629 1310">
     <span class='ocr_line' id='line_1_52' title="bbox 2139 1240 3629 1310; baseline 0.001 -18"><span class='ocrx_word' id='word_1_353' title='bbox 2139 1240 2257 1292; x_wconf 80' lang='grc' dir='ltr'><em>Υἱοὶ</em></span> <span class='ocrx_word' id='word_1_354' title='bbox 2291 1242 2730 1308; x_wconf 60' lang='grc' dir='ltr'><strong>τεχθησίζιιενοι.</strong></span> <span class='ocrx_word' id='word_1_355' title='bbox 2766 1241 3025 1310; x_wconf 86' lang='grc' dir='ltr'><strong>Σημαίνει</strong></span> <span class='ocrx_word' id='word_1_356' title='bbox 3056 1241 3112 1294; x_wconf 88' lang='grc' dir='ltr'><strong>δέ</strong></span> <span class='ocrx_word' id='word_1_357' title='bbox 3151 1240 3239 1294; x_wconf 82' lang='grc' dir='ltr'><strong>διά</strong></span> <span class='ocrx_word' id='word_1_358' title='bbox 3271 1241 3471 1294; x_wconf 75' lang='grc' dir='ltr'><strong>τούτων</strong></span> <span class='ocrx_word' id='word_1_359' title='bbox 3498 1243 3629 1304; x_wconf 70' lang='grc' dir='ltr'><strong>τοὺς</strong></span> 
     </span>
    </p>
   </div>
   <div class='ocr_carea' id='block_1_53' title="bbox 2060 1331 3630 1401">
    <p class='ocr_par' dir='ltr' id='par_1_53' title="bbox 2060 1331 3630 1401">
     <span class='ocr_line' id='line_1_53' title="bbox 2060 1331 3630 1401; baseline 0.003 -20"><span class='ocrx_word' id='word_1_360' title='bbox 2060 1331 2248 1398; x_wconf 81' lang='grc' dir='ltr'><strong>ἁγίους</strong></span> <span class='ocrx_word' id='word_1_361' title='bbox 2273 1331 2362 1382; x_wconf 77' lang='grc' dir='ltr'><strong>τοῦ</strong></span> <span class='ocrx_word' id='word_1_362' title='bbox 2395 1331 2646 1401; x_wconf 75' lang='grc' dir='ltr'><strong>Σωτῆρος</strong></span> <span class='ocrx_word' id='word_1_363' title='bbox 2679 1331 2941 1401; x_wconf 78' lang='grc' dir='ltr'><strong>μαθητὰς,</strong></span> <span class='ocrx_word' id='word_1_364' title='bbox 2969 1331 3161 1394; x_wconf 80' lang='grc' dir='ltr'><strong>οἵτινες</strong></span> <span class='ocrx_word' id='word_1_365' title='bbox 3189 1331 3254 1384; x_wconf 75' lang='grc' dir='ltr'><strong>τὰ</strong></span> <span class='ocrx_word' id='word_1_366' title='bbox 3280 1331 3554 1401; x_wconf 80' lang='grc' dir='ltr'><strong>θαυμάσια</strong></span> <span class='ocrx_word' id='word_1_367' title='bbox 3592 1333 3630 1385; x_wconf 75' lang='grc' dir='ltr'>ἂ</span> 
     </span>
    </p>
   </div>
   <div class='ocr_carea' id='block_1_54' title="bbox 2062 1406 3634 1495">
    <p class='ocr_par' dir='ltr' id='par_1_54' title="bbox 2062 1406 3634 1495">
     <span class='ocr_line' id='line_1_54' title="bbox 2062 1406 3634 1495; baseline -0.001 -19"><span class='ocrx_word' id='word_1_368' title='bbox 2062 1422 2420 1495; x_wconf 76' lang='grc' dir='ltr'><strong>κατώρθωσεν</strong></span> <span class='ocrx_word' id='word_1_369' title='bbox 2449 1425 2476 1475; x_wconf 87' lang='grc' dir='ltr'>ὁ</span> <span class='ocrx_word' id='word_1_370' title='bbox 2508 1423 2757 1495; x_wconf 85' lang='grc' dir='ltr'><strong>Χριστὸς,</strong></span> <span class='ocrx_word' id='word_1_371' title='bbox 2803 1427 2910 1486; x_wconf 86' lang='grc' dir='ltr'><strong>τοῖς</strong></span> <span class='ocrx_word' id='word_1_372' title='bbox 2955 1425 3088 1486; x_wconf 86' lang='grc' dir='ltr'><strong>υἱοῖς</strong></span> <span class='ocrx_word' id='word_1_373' title='bbox 3126 1406 3301 1476; x_wconf 65' lang='grc' dir='ltr'><strong>αὐτῶν</strong></span> <span class='ocrx_word' id='word_1_374' title='bbox 3350 1424 3634 1491; x_wconf 76' lang='grc' dir='ltr'><strong>ἀπαγγέλ-</strong></span> 
     </span>
    </p>
   </div>
   <div class='ocr_carea' id='block_1_55' title="bbox 2061 1513 3631 1585">
    <p class='ocr_par' dir='ltr' id='par_1_55' title="bbox 2061 1513 3631 1585">
     <span class='ocr_line' id='line_1_55' title="bbox 2061 1513 3631 1585; baseline 0 -19"><span class='ocrx_word' id='word_1_375' title='bbox 2061 1515 2231 1567; x_wconf 84' lang='grc' dir='ltr'><strong>λουσι·</strong></span> <span class='ocrx_word' id='word_1_376' title='bbox 2262 1514 2501 1566; x_wconf 79' lang='grc' dir='ltr'>τουτέστι</span> <span class='ocrx_word' id='word_1_377' title='bbox 2525 1518 2635 1576; x_wconf 86' lang='grc' dir='ltr'><strong>τοῖς</strong></span> <span class='ocrx_word' id='word_1_378' title='bbox 2662 1514 3014 1585; x_wconf 73' lang='grc' dir='ltr'><strong>προσελθοῦσι</strong></span> <span class='ocrx_word' id='word_1_379' title='bbox 3039 1515 3103 1568; x_wconf 87' lang='grc' dir='ltr'><strong>δι’</strong></span> <span class='ocrx_word' id='word_1_380' title='bbox 3131 1513 3306 1567; x_wconf 79' lang='grc' dir='ltr'><strong>αὐτῶν</strong></span> <span class='ocrx_word' id='word_1_381' title='bbox 3326 1517 3391 1585; x_wconf 80' lang='grc' dir='ltr'><strong>τῇ</strong></span> <span class='ocrx_word' id='word_1_382' title='bbox 3422 1516 3631 1566; x_wconf 88' lang='grc' dir='ltr'><strong>πίστει.</strong></span> 
     </span>
    </p>
   </div>
   <div class='ocr_carea' id='block_1_56' title="bbox 2133 1605 3634 1674">
    <p class='ocr_par' dir='ltr' id='par_1_56' title="bbox 2133 1605 3634 1674">
     <span class='ocr_line' id='line_1_56' title="bbox 2133 1605 3634 1674; baseline 0.001 -16"><span class='ocrx_word' id='word_1_383' title='bbox 2133 1605 2241 1658; x_wconf 84' lang='grc' dir='ltr'><strong>Καὶ</strong></span> <span class='ocrx_word' id='word_1_384' title='bbox 2263 1605 2348 1673; x_wconf 77' lang='grc' dir='ltr'><strong>μὴ</strong></span> <span class='ocrx_word' id='word_1_385' title='bbox 2373 1605 2761 1659; x_wconf 73' lang='grc' dir='ltr'><strong>ἐπιλάθωνται</strong></span> <span class='ocrx_word' id='word_1_386' title='bbox 2784 1606 2900 1659; x_wconf 85' lang='grc' dir='ltr'><strong>τῶν</strong></span> <span class='ocrx_word' id='word_1_387' title='bbox 2920 1607 3106 1674; x_wconf 73' lang='grc' dir='ltr'><strong>ἔργων</strong></span> <span class='ocrx_word' id='word_1_388' title='bbox 3129 1605 3234 1658; x_wconf 84' lang='grc' dir='ltr'><strong>τοῦ</strong></span> <span class='ocrx_word' id='word_1_389' title='bbox 3255 1607 3421 1660; x_wconf 83' lang='grc' dir='ltr'><strong>Θεοῦ.</strong></span> <span class='ocrx_word' id='word_1_390' title='bbox 3443 1605 3634 1659; x_wconf 78' lang='grc' dir='ltr'><strong>Ταῦτα</strong></span> 
     </span>
    </p>
   </div>
   <div class='ocr_carea' id='block_1_57' title="bbox 2064 1692 3636 1769">
    <p class='ocr_par' dir='ltr' id='par_1_57' title="bbox 2064 1692 3636 1769">
     <span class='ocr_line' id='line_1_57' title="bbox 2064 1692 3636 1769; baseline 0.001 -21"><span class='ocrx_word' id='word_1_391' title='bbox 2064 1697 2408 1767; x_wconf 73' lang='grc' dir='ltr'><strong>διηγήσονται</strong></span> <span class='ocrx_word' id='word_1_392' title='bbox 2455 1698 2657 1760; x_wconf 72' lang='grc' dir='ltr'><strong>αὐτοῖς,</strong></span> <span class='ocrx_word' id='word_1_393' title='bbox 2688 1698 2754 1749; x_wconf 85' lang='grc' dir='ltr'><strong>δι’</strong></span> <span class='ocrx_word' id='word_1_394' title='bbox 2793 1692 2867 1751; x_wconf 80' lang='grc' dir='ltr'><strong>ὧν</strong></span> <span class='ocrx_word' id='word_1_395' title='bbox 2899 1698 3214 1769; x_wconf 80' lang='grc' dir='ltr'><strong>δυνήσονται</strong></span> <span class='ocrx_word' id='word_1_396' title='bbox 3253 1699 3410 1767; x_wconf 90' lang='grc' dir='ltr'><strong>μόνον</strong></span> <span class='ocrx_word' id='word_1_397' title='bbox 3439 1699 3636 1751; x_wconf 81' lang='grc' dir='ltr'><strong>ἐλπίδα</strong></span> 
     </span>
    </p>
   </div>
   <div class='ocr_carea' id='block_1_58' title="bbox 1995 1770 2765 1858">
    <p class='ocr_par' dir='ltr' id='par_1_58' title="bbox 1995 1770 2765 1858">
     <span class='ocr_line' id='line_1_58' title="bbox 1995 1770 2765 1858; baseline 0.004 -20"><span class='ocrx_word' id='word_1_398' title='bbox 1995 1770 2036 1823; x_wconf 78' lang='grc' dir='ltr'>Β</span> <span class='ocrx_word' id='word_1_399' title='bbox 2064 1787 2154 1838; x_wconf 87' lang='grc' dir='ltr'><strong>τὸν</strong></span> <span class='ocrx_word' id='word_1_400' title='bbox 2183 1785 2312 1838; x_wconf 87' lang='grc' dir='ltr'><strong>Θεὸν</strong></span> <span class='ocrx_word' id='word_1_401' title='bbox 2341 1787 2765 1858; x_wconf 66' lang='grc' dir='ltr'><strong>ἐπιγράψασθαι.</strong></span> 
     </span>
    </p>
   </div>
   <div class='ocr_carea' id='block_1_59' title="bbox 2135 1876 3638 1946">
    <p class='ocr_par' dir='ltr' id='par_1_59' title="bbox 2135 1876 3638 1946">
     <span class='ocr_line' id='line_1_59' title="bbox 2135 1876 3638 1946; baseline 0 -18"><span class='ocrx_word' id='word_1_402' title='bbox 2135 1877 2258 1928; x_wconf 86' lang='grc' dir='ltr'><strong>Ἵνα</strong></span> <span class='ocrx_word' id='word_1_403' title='bbox 2278 1877 2363 1946; x_wconf 80' lang='grc' dir='ltr'><strong>μὴ</strong></span> <span class='ocrx_word' id='word_1_404' title='bbox 2389 1876 2670 1945; x_wconf 77' lang='grc' dir='ltr'><strong>γένωνται</strong></span> <span class='ocrx_word' id='word_1_405' title='bbox 2701 1878 2780 1942; x_wconf 84' lang='grc' dir='ltr'><strong>ὡς</strong></span> <span class='ocrx_word' id='word_1_406' title='bbox 2813 1881 2866 1930; x_wconf 83' lang='lat' dir='ltr'><strong>ol</strong></span> <span class='ocrx_word' id='word_1_407' title='bbox 2898 1878 3146 1946; x_wconf 80' lang='grc' dir='ltr'><strong>πατέρες</strong></span> <span class='ocrx_word' id='word_1_408' title='bbox 3175 1876 3389 1931; x_wconf 87' lang='grc' dir='ltr'><strong>αὐτῶν.</strong></span> <span class='ocrx_word' id='word_1_409' title='bbox 3430 1877 3638 1944; x_wconf 84' lang='grc' dir='ltr'><strong>Ἀπαγ-</strong></span> 
     </span>
    </p>
   </div>
   <div class='ocr_carea' id='block_1_60' title="bbox 2062 1964 3638 2035">
    <p class='ocr_par' dir='ltr' id='par_1_60' title="bbox 2062 1964 3638 2035">
     <span class='ocr_line' id='line_1_60' title="bbox 2062 1964 3638 2035; baseline 0.003 -19"><span class='ocrx_word' id='word_1_410' title='bbox 2062 1964 2299 2033; x_wconf 77' lang='grc' dir='ltr'><strong>γελοῦσι,</strong></span> <span class='ocrx_word' id='word_1_411' title='bbox 2335 1967 2486 2035; x_wconf 72' lang='grc' dir='ltr'><strong>φησὶ,</strong></span> <span class='ocrx_word' id='word_1_412' title='bbox 2519 1966 2616 2029; x_wconf 75' lang='grc' dir='ltr'><strong>τὰς</strong></span> <span class='ocrx_word' id='word_1_413' title='bbox 2659 1967 2888 2030; x_wconf 83' lang='grc' dir='ltr'><strong>αἰνέσεις</strong></span> <span class='ocrx_word' id='word_1_414' title='bbox 2929 1966 3021 2019; x_wconf 82' lang='grc' dir='ltr'><strong>τοῦ</strong></span> <span class='ocrx_word' id='word_1_415' title='bbox 3055 1967 3188 2020; x_wconf 76' lang='grc' dir='ltr'><strong>Θεοῦ</strong></span> <span class='ocrx_word' id='word_1_416' title='bbox 3219 1970 3330 2030; x_wconf 88' lang='grc' dir='ltr'><strong>τοῖς</strong></span> <span class='ocrx_word' id='word_1_417' title='bbox 3358 1967 3424 2018; x_wconf 84' lang='grc' dir='ltr'><strong>δι’</strong></span> <span class='ocrx_word' id='word_1_418' title='bbox 3466 1966 3638 2020; x_wconf 75' lang='grc' dir='ltr'><strong>αὐτοῦ</strong></span> 
     </span>
    </p>
   </div>
   <div class='ocr_carea' id='block_1_61' title="bbox 2064 2056 3638 2129">
    <p class='ocr_par' dir='ltr' id='par_1_61' title="bbox 2064 2056 3638 2129">
     <span class='ocr_line' id='line_1_61' title="bbox 2064 2056 3638 2129; baseline 0.001 -20"><span class='ocrx_word' id='word_1_419' title='bbox 2064 2056 2598 2125; x_wconf 80' lang='grc' dir='ltr'><strong>παιδαγωγουμένοις</strong></span> <span class='ocrx_word' id='word_1_420' title='bbox 2625 2059 2673 2109; x_wconf 88' lang='grc' dir='ltr'><strong>οί</strong></span> <span class='ocrx_word' id='word_1_421' title='bbox 2705 2057 3010 2110; x_wconf 65' lang='grc' dir='ltr'><strong>ἀπόστολον</strong></span> <span class='ocrx_word' id='word_1_422' title='bbox 3045 2059 3132 2111; x_wconf 85' lang='grc' dir='ltr'><strong>ἵνα</strong></span> <span class='ocrx_word' id='word_1_423' title='bbox 3163 2060 3254 2112; x_wconf 74' lang='grc' dir='ltr'><strong>καὶ</strong></span> <span class='ocrx_word' id='word_1_424' title='bbox 3289 2059 3638 2129; x_wconf 78' lang='grc' dir='ltr'><strong>ἐκζητήσωσι</strong></span> 
     </span>
    </p>
   </div>
   <div class='ocr_carea' id='block_1_62' title="bbox 2065 2143 3640 2218">
    <p class='ocr_par' dir='ltr' id='par_1_62' title="bbox 2065 2143 3640 2218">
     <span class='ocr_line' id='line_1_62' title="bbox 2065 2143 3640 2218; baseline 0.003 -22"><span class='ocrx_word' id='word_1_425' title='bbox 2065 2143 2162 2208; x_wconf 78' lang='grc' dir='ltr'><strong>τὰς</strong></span> <span class='ocrx_word' id='word_1_426' title='bbox 2189 2145 2282 2197; x_wconf 78' lang='grc' dir='ltr'><strong>τοῦ</strong></span> <span class='ocrx_word' id='word_1_427' title='bbox 2311 2145 2445 2197; x_wconf 81' lang='grc' dir='ltr'><strong>Θεοῦ</strong></span> <span class='ocrx_word' id='word_1_428' title='bbox 2477 2145 2715 2209; x_wconf 79' lang='grc' dir='ltr'><strong>ἐντολὰς,</strong></span> <span class='ocrx_word' id='word_1_429' title='bbox 2747 2147 2840 2200; x_wconf 71' lang='grc' dir='ltr'><strong>καὶ</strong></span> <span class='ocrx_word' id='word_1_430' title='bbox 2871 2147 2944 2217; x_wconf 81' lang='grc' dir='ltr'><strong>μὴ</strong></span> <span class='ocrx_word' id='word_1_431' title='bbox 2977 2147 3072 2217; x_wconf 77' lang='grc' dir='ltr'><strong>τὴν</strong></span> <span class='ocrx_word' id='word_1_432' title='bbox 3099 2147 3207 2201; x_wconf 85' lang='grc' dir='ltr'><strong>τῶν</strong></span> <span class='ocrx_word' id='word_1_433' title='bbox 3245 2148 3494 2218; x_wconf 87' lang='grc' dir='ltr'><strong>πατέρων</strong></span> <span class='ocrx_word' id='word_1_434' title='bbox 3536 2165 3640 2201; x_wconf 85' lang='grc' dir='ltr'><strong>κα-</strong></span> 
     </span>
    </p>
   </div>
   <div class='ocr_carea' id='block_1_63' title="bbox 2067 2235 3638 2310">
    <p class='ocr_par' dir='ltr' id='par_1_63' title="bbox 2067 2235 3638 2310">
     <span class='ocr_line' id='line_1_63' title="bbox 2067 2235 3638 2310; baseline 0.002 -21"><span class='ocrx_word' id='word_1_435' title='bbox 2067 2235 2410 2306; x_wconf 88' lang='grc' dir='ltr'><strong>κοδαιμονίαν</strong></span> <span class='ocrx_word' id='word_1_436' title='bbox 2463 2241 2824 2308; x_wconf 80' lang='grc' dir='ltr'><strong>μιμήσωνται.</strong></span> <span class='ocrx_word' id='word_1_437' title='bbox 2891 2239 3101 2310; x_wconf 85' lang='grc' dir='ltr'><strong>Ἐκείνη</strong></span> <span class='ocrx_word' id='word_1_438' title='bbox 3149 2239 3290 2310; x_wconf 74' lang='grc' dir='ltr'><strong>γὰρ,</strong></span> <span class='ocrx_word' id='word_1_439' title='bbox 3347 2241 3543 2310; x_wconf 71' lang='grc' dir='ltr'><strong>φησὶν,</strong></span> <span class='ocrx_word' id='word_1_440' title='bbox 3601 2243 3638 2310; x_wconf 74' lang='grc' dir='ltr'>ἡ</span> 
     </span>
    </p>
   </div>
   <div class='ocr_carea' id='block_1_64' title="bbox 2067 2309 3640 2402">
    <p class='ocr_par' dir='ltr' id='par_1_64' title="bbox 2067 2309 3640 2402">
     <span class='ocr_line' id='line_1_64' title="bbox 2067 2309 3640 2402; baseline 0.004 -25"><span class='ocrx_word' id='word_1_441' title='bbox 2067 2325 2229 2394; x_wconf 81' lang='grc' dir='ltr'><strong>γενεὰ</strong></span> <span class='ocrx_word' id='word_1_442' title='bbox 2269 2327 2368 2379; x_wconf 82' lang='grc' dir='ltr'><strong>οὐκ</strong></span> <span class='ocrx_word' id='word_1_443' title='bbox 2410 2327 2563 2396; x_wconf 81' lang='grc' dir='ltr'><strong>ἔσχεν</strong></span> <span class='ocrx_word' id='word_1_444' title='bbox 2611 2327 2738 2398; x_wconf 82' lang='grc' dir='ltr'><strong>εὐθῆ</strong></span> <span class='ocrx_word' id='word_1_445' title='bbox 2770 2328 2868 2399; x_wconf 79' lang='grc' dir='ltr'><strong>τὴν</strong></span> <span class='ocrx_word' id='word_1_446' title='bbox 2903 2309 3129 2400; x_wconf 80' lang='grc' dir='ltr'><strong>καρδίαν</strong></span> <span class='ocrx_word' id='word_1_447' title='bbox 3161 2309 3297 2402; x_wconf 82' lang='grc' dir='ltr'><strong>πρὸς</strong></span> <span class='ocrx_word' id='word_1_448' title='bbox 3329 2309 3483 2396; x_wconf 85' lang='grc' dir='ltr'><strong>Θεὸν,</strong></span> <span class='ocrx_word' id='word_1_449' title='bbox 3517 2309 3640 2384; x_wconf 70' lang='grc' dir='ltr'><strong>οὐδὲ</strong></span> 
     </span>
    </p>
   </div>
   <div class='ocr_carea' id='block_1_65' title="bbox 2068 2414 3642 2488">
    <p class='ocr_par' dir='ltr' id='par_1_65' title="bbox 2068 2414 3642 2488">
     <span class='ocr_line' id='line_1_65' title="bbox 2068 2414 3642 2488; baseline 0.005 -21"><span class='ocrx_word' id='word_1_450' title='bbox 2068 2416 2248 2468; x_wconf 88' lang='grc' dir='ltr'><strong>πίστιν</strong></span> <span class='ocrx_word' id='word_1_451' title='bbox 2281 2414 2406 2484; x_wconf 77' lang='grc' dir='ltr'><strong>ἔσχε</strong></span> <span class='ocrx_word' id='word_1_452' title='bbox 2433 2417 2493 2469; x_wconf 85' lang='grc' dir='ltr'><strong>τὸ</strong></span> <span class='ocrx_word' id='word_1_453' title='bbox 2521 2415 2737 2486; x_wconf 82' lang='grc' dir='ltr'><strong>πνεῦμα</strong></span> <span class='ocrx_word' id='word_1_454' title='bbox 2766 2418 2934 2488; x_wconf 79' lang='grc' dir='ltr'><strong>αὐτῆς</strong></span> <span class='ocrx_word' id='word_1_455' title='bbox 2977 2418 3113 2488; x_wconf 78' lang='grc' dir='ltr'><strong>μετὰ</strong></span> <span class='ocrx_word' id='word_1_456' title='bbox 3138 2419 3234 2473; x_wconf 80' lang='grc' dir='ltr'><strong>τοῦ</strong></span> <span class='ocrx_word' id='word_1_457' title='bbox 3261 2421 3415 2475; x_wconf 80' lang='grc' dir='ltr'><strong>Θεοῦ.</strong></span> <span class='ocrx_word' id='word_1_458' title='bbox 3446 2423 3642 2475; x_wconf 81' lang='grc' dir='ltr'>Γενεὰ</span> 
     </span>
    </p>
   </div>
   <div class='ocr_carea' id='block_1_66' title="bbox 2070 2507 3642 2580">
    <p class='ocr_par' dir='ltr' id='par_1_66' title="bbox 2070 2507 3642 2580">
     <span class='ocr_line' id='line_1_66' title="bbox 2070 2507 3642 2580; baseline 0.006 -22"><span class='ocrx_word' id='word_1_459' title='bbox 2070 2507 2200 2574; x_wconf 82' lang='grc' dir='ltr'><strong>ἣτις</strong></span> <span class='ocrx_word' id='word_1_460' title='bbox 2245 2509 2316 2560; x_wconf 83' lang='grc' dir='ltr'><strong>οὐ</strong></span> <span class='ocrx_word' id='word_1_461' title='bbox 2361 2509 2683 2561; x_wconf 86' lang='grc' dir='ltr'><strong>κατεύθυνε</strong></span> <span class='ocrx_word' id='word_1_462' title='bbox 2725 2507 2839 2575; x_wconf 84' lang='grc' dir='ltr'><strong>τὴν</strong></span> <span class='ocrx_word' id='word_1_463' title='bbox 2867 2510 3117 2578; x_wconf 76' lang='grc' dir='ltr'><strong>καρδίαν</strong></span> <span class='ocrx_word' id='word_1_464' title='bbox 3155 2513 3366 2580; x_wconf 82' lang='grc' dir='ltr'><strong>αὐτῆς.</strong></span> <span class='ocrx_word' id='word_1_465' title='bbox 3411 2514 3642 2568; x_wconf 78' lang='grc' dir='ltr'><strong>Ἐκεῖνοι</strong></span> 
     </span>
    </p>
   </div>
   <div class='ocr_carea' id='block_1_67' title="bbox 2069 2595 3641 2674">
    <p class='ocr_par' dir='ltr' id='par_1_67' title="bbox 2069 2595 3641 2674">
     <span class='ocr_line' id='line_1_67' title="bbox 2069 2595 3641 2674; baseline 0.004 -26"><span class='ocrx_word' id='word_1_466' title='bbox 2069 2595 2178 2666; x_wconf 86' lang='grc' dir='ltr'><strong>γὰρ</strong></span> <span class='ocrx_word' id='word_1_467' title='bbox 2211 2595 2430 2665; x_wconf 81' lang='grc' dir='ltr'><strong>βεϐαίαν</strong></span> <span class='ocrx_word' id='word_1_468' title='bbox 2458 2597 2556 2667; x_wconf 80' lang='grc' dir='ltr'><strong>τὴν</strong></span> <span class='ocrx_word' id='word_1_469' title='bbox 2587 2598 2664 2662; x_wconf 87' lang='grc' dir='ltr'><strong>εἰς</strong></span> <span class='ocrx_word' id='word_1_470' title='bbox 2702 2597 2792 2651; x_wconf 91' lang='grc' dir='ltr'><strong>τὸν</strong></span> <span class='ocrx_word' id='word_1_471' title='bbox 2821 2599 2951 2652; x_wconf 85' lang='grc' dir='ltr'><strong>Θεὸν</strong></span> <span class='ocrx_word' id='word_1_472' title='bbox 2979 2601 3078 2654; x_wconf 73' lang='grc' dir='ltr'><strong>οὐκ</strong></span> <span class='ocrx_word' id='word_1_473' title='bbox 3112 2603 3406 2674; x_wconf 82' lang='grc' dir='ltr'><strong>ἐκτήσαντο</strong></span> <span class='ocrx_word' id='word_1_474' title='bbox 3434 2605 3641 2665; x_wconf 87' lang='grc' dir='ltr'><strong>πίστιν,</strong></span> 
     </span>
    </p>
   </div>
   <div class='ocr_carea' id='block_1_68' title="bbox 2071 2689 3647 2765">
    <p class='ocr_par' dir='ltr' id='par_1_68' title="bbox 2071 2689 3647 2765">
     <span class='ocr_line' id='line_1_68' title="bbox 2071 2689 3647 2765; baseline 0.008 -26"><span class='ocrx_word' id='word_1_475' title='bbox 2071 2689 2166 2760; x_wconf 82' lang='grc' dir='ltr'><strong>τὴν</strong></span> <span class='ocrx_word' id='word_1_476' title='bbox 2195 2689 2403 2742; x_wconf 79' lang='grc' dir='ltr'><strong>εὐθεῖαν</strong></span> <span class='ocrx_word' id='word_1_477' title='bbox 2447 2690 2546 2742; x_wconf 75' lang='grc' dir='ltr'><strong>οὐκ</strong></span> <span class='ocrx_word' id='word_1_478' title='bbox 2580 2690 2927 2761; x_wconf 76' lang='grc' dir='ltr'><strong>ἐθελήσαντες</strong></span> <span class='ocrx_word' id='word_1_479' title='bbox 2970 2694 3191 2765; x_wconf 83' lang='grc' dir='ltr'><strong>πορείαν</strong></span> <span class='ocrx_word' id='word_1_480' title='bbox 3225 2695 3460 2759; x_wconf 81' lang='grc' dir='ltr'><strong>ὁδεῦσαι,</strong></span> <span class='ocrx_word' id='word_1_481' title='bbox 3506 2697 3647 2751; x_wconf 79' lang='grc' dir='ltr'><strong>ἀλλὰ</strong></span> 
     </span>
    </p>
   </div>
   <div class='ocr_carea' id='block_1_69' title="bbox 2071 2781 3643 2859">
    <p class='ocr_par' dir='ltr' id='par_1_69' title="bbox 2071 2781 3643 2859">
     <span class='ocr_line' id='line_1_69' title="bbox 2071 2781 3643 2859; baseline 0.006 -27"><span class='ocrx_word' id='word_1_482' title='bbox 2071 2781 2292 2850; x_wconf 81' lang='grc' dir='ltr'><strong>γνώμην</strong></span> <span class='ocrx_word' id='word_1_483' title='bbox 2319 2781 2606 2852; x_wconf 80' lang='grc' dir='ltr'><strong>ἐσχηκότες</strong></span> <span class='ocrx_word' id='word_1_484' title='bbox 2634 2785 2743 2845; x_wconf 85' lang='grc' dir='ltr'><strong>τοῖς</strong></span> <span class='ocrx_word' id='word_1_485' title='bbox 2771 2783 2933 2847; x_wconf 85' lang='grc' dir='ltr'><strong>θείοις</strong></span> <span class='ocrx_word' id='word_1_486' title='bbox 2958 2785 3366 2857; x_wconf 79' lang='grc' dir='ltr'><strong>ἐναντιουμένην</strong></span> <span class='ocrx_word' id='word_1_487' title='bbox 3399 2787 3643 2859; x_wconf 85' lang='grc' dir='ltr'><strong>θεσμοῖς.</strong></span> 
     </span>
    </p>
   </div>
   <div class='ocr_carea' id='block_1_70' title="bbox 2153 2872 3643 2945">
    <p class='ocr_par' dir='ltr' id='par_1_70' title="bbox 2153 2872 3643 2945">
     <span class='ocr_line' id='line_1_70' title="bbox 2153 2872 3643 2945; baseline 0.008 -23"><span class='ocrx_word' id='word_1_488' title='bbox 2153 2872 2268 2923; x_wconf 76' lang='grc' dir='ltr'><strong>Υἱοὶ</strong></span> <span class='ocrx_word' id='word_1_489' title='bbox 2304 2873 2541 2940; x_wconf 60' lang='grc' dir='ltr'><strong>Ἐφραῒμ</strong></span> <span class='ocrx_word' id='word_1_490' title='bbox 2564 2873 2928 2940; x_wconf 75' lang='grc' dir='ltr'><strong>ἐντείνοντες</strong></span> <span class='ocrx_word' id='word_1_491' title='bbox 2949 2876 3045 2928; x_wconf 81' lang='grc' dir='ltr'><strong>καὶ</strong></span> <span class='ocrx_word' id='word_1_492' title='bbox 3070 2876 3403 2944; x_wconf 71' lang='grc' dir='ltr'><strong>βάλλοντες</strong></span> <span class='ocrx_word' id='word_1_493' title='bbox 3423 2879 3643 2945; x_wconf 81' lang='grc' dir='ltr'><strong>τόξοις.</strong></span> 
     </span>
    </p>
   </div>
   <div class='ocr_carea' id='block_1_71' title="bbox 2087 2962 3650 3038">
    <p class='ocr_par' dir='ltr' id='par_1_71' title="bbox 2087 2962 3650 3038">
     <span class='ocr_line' id='line_1_71' title="bbox 2087 2962 3650 3038; baseline 0.006 -24"><span class='ocrx_word' id='word_1_494' title='bbox 2087 2962 2216 3014; x_wconf 81' lang='grc' dir='ltr'><strong>Ἀπὸ</strong></span> <span class='ocrx_word' id='word_1_495' title='bbox 2258 2963 2422 3032; x_wconf 88' lang='grc' dir='ltr'><strong>μόνης</strong></span> <span class='ocrx_word' id='word_1_496' title='bbox 2462 2965 2557 3034; x_wconf 79' lang='grc' dir='ltr'><strong>τῆς</strong></span> <span class='ocrx_word' id='word_1_497' title='bbox 2604 2963 2774 3035; x_wconf 80' lang='grc' dir='ltr'><strong>φυλῆς</strong></span> <span class='ocrx_word' id='word_1_498' title='bbox 2822 2965 2913 3018; x_wconf 79' lang='grc' dir='ltr'><strong>τοῦ</strong></span> <span class='ocrx_word' id='word_1_499' title='bbox 2957 2967 3194 3038; x_wconf 78' lang='grc' dir='ltr'><strong>Ἐφραῒμ</strong></span> <span class='ocrx_word' id='word_1_500' title='bbox 3237 2967 3355 3022; x_wconf 81' lang='grc' dir='ltr'><strong>ὅλον</strong></span> <span class='ocrx_word' id='word_1_501' title='bbox 3384 2969 3476 3024; x_wconf 84' lang='grc' dir='ltr'><strong>τὸν</strong></span> <span class='ocrx_word' id='word_1_502' title='bbox 3520 2970 3650 3024; x_wconf 84' lang='grc' dir='ltr'><strong>λαὸν</strong></span> 
     </span>
    </p>
   </div>
   <div class='ocr_carea' id='block_1_72' title="bbox 2074 3051 3648 3127">
    <p class='ocr_par' dir='ltr' id='par_1_72' title="bbox 2074 3051 3648 3127">
     <span class='ocr_line' id='line_1_72' title="bbox 2074 3051 3648 3127; baseline 0.004 -23"><span class='ocrx_word' id='word_1_503' title='bbox 2074 3051 2165 3104; x_wconf 75' lang='grc' dir='ltr'><strong>τοῦ</strong></span> <span class='ocrx_word' id='word_1_504' title='bbox 2212 3052 2422 3122; x_wconf 81' lang='grc' dir='ltr'><strong>Ἰσραὴλ</strong></span> <span class='ocrx_word' id='word_1_505' title='bbox 2448 3053 2538 3105; x_wconf 91' lang='grc' dir='ltr'><strong>τὸν</strong></span> <span class='ocrx_word' id='word_1_506' title='bbox 2577 3054 2971 3124; x_wconf 82' lang='grc' dir='ltr'><strong>ἀποσχισθέντα</strong></span> <span class='ocrx_word' id='word_1_507' title='bbox 3014 3056 3108 3109; x_wconf 83' lang='grc' dir='ltr'><strong>τοῦ</strong></span> <span class='ocrx_word' id='word_1_508' title='bbox 3147 3057 3314 3110; x_wconf 84' lang='grc' dir='ltr'><strong>Ἰούδα</strong></span> <span class='ocrx_word' id='word_1_509' title='bbox 3355 3058 3648 3127; x_wconf 82' lang='grc' dir='ltr'><strong>ἐδήλωσεν.</strong></span> 
     </span>
    </p>
   </div>
   <div class='ocr_carea' id='block_1_73' title="bbox 2079 3138 3652 3217">
    <p class='ocr_par' dir='ltr' id='par_1_73' title="bbox 2079 3138 3652 3217">
     <span class='ocr_line' id='line_1_73' title="bbox 2079 3138 3652 3217; baseline 0.004 -21"><span class='ocrx_word' id='word_1_510' title='bbox 2079 3138 2234 3198; x_wconf 67' lang='grc' dir='ltr'><strong>Οὗτοι</strong></span> <span class='ocrx_word' id='word_1_511' title='bbox 2266 3143 2373 3214; x_wconf 78' lang='grc' dir='ltr'><strong>γὰρ</strong></span> <span class='ocrx_word' id='word_1_512' title='bbox 2403 3145 2496 3197; x_wconf 72' lang='grc' dir='ltr'><strong>καὶ</strong></span> <span class='ocrx_word' id='word_1_513' title='bbox 2528 3144 2623 3208; x_wconf 74' lang='grc' dir='ltr'><strong>τὰς</strong></span> <span class='ocrx_word' id='word_1_514' title='bbox 2651 3145 2910 3215; x_wconf 83' lang='grc' dir='ltr'><strong>δαμάλεις</strong></span> <span class='ocrx_word' id='word_1_515' title='bbox 2944 3147 3196 3217; x_wconf 74' lang='grc' dir='ltr'><strong>ἔστησαν,</strong></span> <span class='ocrx_word' id='word_1_516' title='bbox 3243 3149 3336 3200; x_wconf 76' lang='grc' dir='ltr'><strong>καὶ</strong></span> <span class='ocrx_word' id='word_1_517' title='bbox 3373 3149 3477 3216; x_wconf 81' lang='grc' dir='ltr'><strong>τῆς</strong></span> <span class='ocrx_word' id='word_1_518' title='bbox 3509 3151 3652 3203; x_wconf 71' lang='grc' dir='ltr'><strong>κατὰ</strong></span> 
     </span>
    </p>
   </div>
   <div class='ocr_carea' id='block_1_74' title="bbox 2077 3235 3651 3310">
    <p class='ocr_par' dir='ltr' id='par_1_74' title="bbox 2077 3235 3651 3310">
     <span class='ocr_line' id='line_1_74' title="bbox 2077 3235 3651 3310; baseline 0.004 -23"><span class='ocrx_word' id='word_1_519' title='bbox 2077 3236 2236 3305; x_wconf 82' lang='grc' dir='ltr'><strong>νόμον</strong></span> <span class='ocrx_word' id='word_1_520' title='bbox 2263 3235 2516 3306; x_wconf 80' lang='grc' dir='ltr'><strong>λατρείας</strong></span> <span class='ocrx_word' id='word_1_521' title='bbox 2564 3236 2900 3306; x_wconf 86' lang='grc' dir='ltr'><strong>ἀπέστησαν.</strong></span> <span class='ocrx_word' id='word_1_522' title='bbox 2941 3237 3241 3308; x_wconf 67' lang='grc' dir='ltr'><strong>Ἀψάμενος</strong></span> <span class='ocrx_word' id='word_1_523' title='bbox 3270 3243 3368 3310; x_wconf 79' lang='grc' dir='ltr'><strong>τῆς</strong></span> <span class='ocrx_word' id='word_1_524' title='bbox 3407 3239 3514 3292; x_wconf 83' lang='grc' dir='ltr'><strong>τῶν</strong></span> <span class='ocrx_word' id='word_1_525' title='bbox 3546 3257 3651 3293; x_wconf 86' lang='grc' dir='ltr'><strong>πα-</strong></span> 
     </span>
    </p>
   </div>
   <div class='ocr_carea' id='block_1_75' title="bbox 2077 3327 3654 3401">
    <p class='ocr_par' dir='ltr' id='par_1_75' title="bbox 2077 3327 3654 3401">
     <span class='ocr_line' id='line_1_75' title="bbox 2077 3327 3654 3401; baseline 0.004 -23"><span class='ocrx_word' id='word_1_526' title='bbox 2077 3327 2247 3396; x_wconf 87' lang='grc' dir='ltr'><strong>τέρων</strong></span> <span class='ocrx_word' id='word_1_527' title='bbox 2277 3327 2556 3397; x_wconf 82' lang='grc' dir='ltr'><strong>πονηρίας,</strong></span> <span class='ocrx_word' id='word_1_528' title='bbox 2592 3327 2786 3398; x_wconf 79' lang='grc' dir='ltr'><strong>ἐφεξῆς</strong></span> <span class='ocrx_word' id='word_1_529' title='bbox 2811 3328 3092 3396; x_wconf 79' lang='grc' dir='ltr'><strong>καταλέγει</strong></span> <span class='ocrx_word' id='word_1_530' title='bbox 3125 3332 3298 3384; x_wconf 81' lang='grc' dir='ltr'><strong>πᾶσαν</strong></span> <span class='ocrx_word' id='word_1_531' title='bbox 3328 3331 3423 3401; x_wconf 84' lang='grc' dir='ltr'><strong>τὴν</strong></span> <span class='ocrx_word' id='word_1_532' title='bbox 3455 3333 3654 3385; x_wconf 83' lang='grc' dir='ltr'><strong>κακίαν</strong></span> 
     </span>
    </p>
   </div>
   <div class='ocr_carea' id='block_1_76' title="bbox 2080 3419 3654 3491">
    <p class='ocr_par' dir='ltr' id='par_1_76' title="bbox 2080 3419 3654 3491">
     <span class='ocr_line' id='line_1_76' title="bbox 2080 3419 3654 3491; baseline 0.001 -17"><span class='ocrx_word' id='word_1_533' title='bbox 2080 3419 2278 3482; x_wconf 80' lang='grc' dir='ltr'><strong>αὐτῶν,</strong></span> <span class='ocrx_word' id='word_1_534' title='bbox 2326 3422 2423 3491; x_wconf 80' lang='grc' dir='ltr'><strong>τήν</strong></span> <span class='ocrx_word' id='word_1_535' title='bbox 2469 3437 2528 3473; x_wconf 89' lang='grc' dir='ltr'><strong>τε</strong></span> <span class='ocrx_word' id='word_1_536' title='bbox 2577 3421 2727 3491; x_wconf 68' lang='grc' dir='ltr'><strong>παρὰ</strong></span> <span class='ocrx_word' id='word_1_537' title='bbox 2766 3419 2859 3473; x_wconf 82' lang='grc' dir='ltr'><strong>τοῦ</strong></span> <span class='ocrx_word' id='word_1_538' title='bbox 2905 3421 3039 3474; x_wconf 89' lang='grc' dir='ltr'><strong>Θεοῦ</strong></span> <span class='ocrx_word' id='word_1_539' title='bbox 3079 3423 3159 3484; x_wconf 86' lang='grc' dir='ltr'><strong>είς</strong></span> <span class='ocrx_word' id='word_1_540' title='bbox 3201 3424 3398 3485; x_wconf 72' lang='grc' dir='ltr'><strong>αὐτοὺς</strong></span> <span class='ocrx_word' id='word_1_541' title='bbox 3431 3423 3654 3490; x_wconf 79' lang='grc' dir='ltr'><strong>ἀγαθῶν</strong></span> 
     </span>
    </p>
   </div>
   <div class='ocr_carea' id='block_1_77' title="bbox 2080 3511 3653 3584">
    <p class='ocr_par' dir='ltr' id='par_1_77' title="bbox 2080 3511 3653 3584">
     <span class='ocr_line' id='line_1_77' title="bbox 2080 3511 3653 3584; baseline -0.001 -19"><span class='ocrx_word' id='word_1_542' title='bbox 2080 3511 2377 3578; x_wconf 66' lang='grc' dir='ltr'><strong>δαψίλειαν,</strong></span> <span class='ocrx_word' id='word_1_543' title='bbox 2427 3511 2524 3582; x_wconf 74' lang='grc' dir='ltr'><strong>τήν</strong></span> <span class='ocrx_word' id='word_1_544' title='bbox 2564 3528 2622 3563; x_wconf 90' lang='grc' dir='ltr'><strong>τε</strong></span> <span class='ocrx_word' id='word_1_545' title='bbox 2671 3511 2806 3584; x_wconf 85' lang='grc' dir='ltr'><strong>πρὸς</strong></span> <span class='ocrx_word' id='word_1_546' title='bbox 2853 3511 2944 3564; x_wconf 87' lang='grc' dir='ltr'><strong>τὸν</strong></span> <span class='ocrx_word' id='word_1_547' title='bbox 2985 3511 3117 3564; x_wconf 86' lang='grc' dir='ltr'><strong>Θεὸν</strong></span> <span class='ocrx_word' id='word_1_548' title='bbox 3151 3511 3328 3564; x_wconf 74' lang='grc' dir='ltr'><strong>αὐτῶν</strong></span> <span class='ocrx_word' id='word_1_549' title='bbox 3362 3513 3653 3574; x_wconf 78' lang='grc' dir='ltr'><strong>ἀπιστίαν,</strong></span> 
     </span>
    </p>
   </div>
   <div class='ocr_carea' id='block_1_78' title="bbox 2082 3603 3653 3675">
    <p class='ocr_par' dir='ltr' id='par_1_78' title="bbox 2082 3603 3653 3675">
     <span class='ocr_line' id='line_1_78' title="bbox 2082 3603 3653 3675; baseline -0.001 -18"><span class='ocrx_word' id='word_1_550' title='bbox 2082 3605 2171 3658; x_wconf 89' lang='grc' dir='ltr'><strong>τόν</strong></span> <span class='ocrx_word' id='word_1_551' title='bbox 2199 3621 2258 3657; x_wconf 90' lang='grc' dir='ltr'><strong>τε</strong></span> <span class='ocrx_word' id='word_1_552' title='bbox 2301 3603 2680 3674; x_wconf 77' lang='grc' dir='ltr'><strong>διαδεξάμενον</strong></span> <span class='ocrx_word' id='word_1_553' title='bbox 2712 3605 2906 3667; x_wconf 75' lang='grc' dir='ltr'><strong>αὐτοὺς</strong></span> <span class='ocrx_word' id='word_1_554' title='bbox 2935 3603 3022 3656; x_wconf 78' lang='grc' dir='ltr'><strong>διὰ</strong></span> <span class='ocrx_word' id='word_1_555' title='bbox 3060 3605 3231 3656; x_wconf 81' lang='grc' dir='ltr'><strong>ταῦτα</strong></span> <span class='ocrx_word' id='word_1_556' title='bbox 3274 3604 3525 3675; x_wconf 81' lang='grc' dir='ltr'><strong>δλεθρον’</strong></span> <span class='ocrx_word' id='word_1_557' title='bbox 3571 3605 3653 3656; x_wconf 81' lang='grc' dir='ltr'><strong>ἵνα</strong></span> 
     </span>
    </p>
   </div>
   <div class='ocr_carea' id='block_1_79' title="bbox 2082 3694 3655 3766">
    <p class='ocr_par' dir='ltr' id='par_1_79' title="bbox 2082 3694 3655 3766">
     <span class='ocr_line' id='line_1_79' title="bbox 2082 3694 3655 3766; baseline -0.001 -17"><span class='ocrx_word' id='word_1_558' title='bbox 2082 3696 2170 3749; x_wconf 83' lang='grc' dir='ltr'><strong>διὰ</strong></span> <span class='ocrx_word' id='word_1_559' title='bbox 2203 3695 2404 3749; x_wconf 78' lang='grc' dir='ltr'><strong>τούτων</strong></span> <span class='ocrx_word' id='word_1_560' title='bbox 2447 3695 2980 3764; x_wconf 81' lang='grc' dir='ltr'><strong>παιδαγωγηθέντες,</strong></span> <span class='ocrx_word' id='word_1_561' title='bbox 3029 3694 3120 3747; x_wconf 88' lang='grc' dir='ltr'><strong>τὸν</strong></span> <span class='ocrx_word' id='word_1_562' title='bbox 3168 3696 3402 3766; x_wconf 84' lang='grc' dir='ltr'><strong>πονηρὸν</strong></span> <span class='ocrx_word' id='word_1_563' title='bbox 3442 3695 3655 3764; x_wconf 65' lang='grc' dir='ltr'><strong>φύγωσι</strong></span> 
     </span>
    </p>
   </div>
   <div class='ocr_carea' id='block_1_80' title="bbox 2086 3785 3656 3857">
    <p class='ocr_par' dir='ltr' id='par_1_80' title="bbox 2086 3785 3656 3857">
     <span class='ocr_line' id='line_1_80' title="bbox 2086 3785 3656 3857; baseline 0 -19"><span class='ocrx_word' id='word_1_564' title='bbox 2086 3787 2262 3857; x_wconf 74' lang='grc' dir='ltr'><strong>ζῆλον.</strong></span> <span class='ocrx_word' id='word_1_565' title='bbox 2296 3787 2455 3855; x_wconf 81' lang='grc' dir='ltr'><strong>Λέγει</strong></span> <span class='ocrx_word' id='word_1_566' title='bbox 2492 3785 2548 3838; x_wconf 82' lang='grc' dir='ltr'><strong>δὲ</strong></span> <span class='ocrx_word' id='word_1_567' title='bbox 2569 3827 2581 3851; x_wconf 93' lang='grc'><strong>,</strong></span> <span class='ocrx_word' id='word_1_568' title='bbox 2614 3786 2688 3848; x_wconf 85' lang='grc' dir='ltr'><strong>ὼς</strong></span> <span class='ocrx_word' id='word_1_569' title='bbox 2721 3787 2770 3838; x_wconf 80' lang='grc' dir='ltr'>οἱ</span> <span class='ocrx_word' id='word_1_570' title='bbox 2815 3785 2908 3838; x_wconf 75' lang='grc' dir='ltr'><strong>τοῦ</strong></span> <span class='ocrx_word' id='word_1_571' title='bbox 2949 3785 3186 3857; x_wconf 75' lang='grc' dir='ltr'><strong>Ἐφραῒμ</strong></span> <span class='ocrx_word' id='word_1_572' title='bbox 3213 3787 3344 3847; x_wconf 80' lang='grc' dir='ltr'><strong>υἱοὶ,</strong></span> <span class='ocrx_word' id='word_1_573' title='bbox 3378 3788 3656 3838; x_wconf 82' lang='grc' dir='ltr'><strong>τουτέστιν</strong></span> 
     </span>
    </p>
   </div>
   <div class='ocr_carea' id='block_1_81' title="bbox 2087 3876 3656 3948">
    <p class='ocr_par' dir='ltr' id='par_1_81' title="bbox 2087 3876 3656 3948">
     <span class='ocr_line' id='line_1_81' title="bbox 2087 3876 3656 3948; baseline 0 -18"><span class='ocrx_word' id='word_1_574' title='bbox 2087 3878 2229 3940; x_wconf 79' lang='grc' dir='ltr'><strong>ἄπας</strong></span> <span class='ocrx_word' id='word_1_575' title='bbox 2256 3877 2490 3948; x_wconf 79' lang='grc' dir='ltr'><strong>Ἰσραὴλ,</strong></span> <span class='ocrx_word' id='word_1_576' title='bbox 2517 3879 2564 3930; x_wconf 81' lang='grc' dir='ltr'>οἱ</span> <span class='ocrx_word' id='word_1_577' title='bbox 2590 3877 2953 3947; x_wconf 80' lang='grc' dir='ltr'><strong>δεδιδαγμένοι</strong></span> <span class='ocrx_word' id='word_1_578' title='bbox 2978 3880 3086 3940; x_wconf 87' lang='grc' dir='ltr'><strong>τοῖς</strong></span> <span class='ocrx_word' id='word_1_579' title='bbox 3113 3879 3365 3948; x_wconf 84' lang='grc' dir='ltr'><strong>πονηροῖς</strong></span> <span class='ocrx_word' id='word_1_580' title='bbox 3391 3876 3656 3947; x_wconf 75' lang='grc' dir='ltr'><strong>μάχεσθαι</strong></span> 
     </span>
    </p>
   </div>
   <div class='ocr_carea' id='block_1_82' title="bbox 2087 3967 3637 4040">
    <p class='ocr_par' dir='ltr' id='par_1_82' title="bbox 2087 3967 3637 4040">
     <span class='ocr_line' id='line_1_82' title="bbox 2087 3967 3637 4040; baseline -0.002 -18"><span class='ocrx_word' id='word_1_581' title='bbox 2087 3971 2322 4039; x_wconf 87' lang='grc' dir='ltr'><strong>δαίμοσι,</strong></span> <span class='ocrx_word' id='word_1_582' title='bbox 2348 3969 2440 4021; x_wconf 73' lang='grc' dir='ltr'><strong>καὶ</strong></span> <span class='ocrx_word' id='word_1_583' title='bbox 2474 3971 2552 4033; x_wconf 80' lang='grc' dir='ltr'><strong>εἰς</strong></span> <span class='ocrx_word' id='word_1_584' title='bbox 2585 3969 2742 4022; x_wconf 79' lang='grc' dir='ltr'><strong>τοῦτο</strong></span> <span class='ocrx_word' id='word_1_585' title='bbox 2781 3969 2967 4040; x_wconf 79' lang='grc' dir='ltr'><strong>ὥσπερ</strong></span> <span class='ocrx_word' id='word_1_586' title='bbox 3008 3967 3159 4032; x_wconf 79' lang='grc' dir='ltr'><strong>τόξον</strong></span> <span class='ocrx_word' id='word_1_587' title='bbox 3192 3969 3637 4021; x_wconf 85' lang='grc' dir='ltr'><strong>κατασκευασθέν</strong></span> 
     </span>
    </p>
   </div>
   <div class='ocr_carea' id='block_1_83' title="bbox 2087 4059 3658 4132">
    <p class='ocr_par' dir='ltr' id='par_1_83' title="bbox 2087 4059 3658 4132">
     <span class='ocr_line' id='line_1_83' title="bbox 2087 4059 3658 4132; baseline -0.001 -19"><span class='ocrx_word' id='word_1_588' title='bbox 2087 4079 2198 4125; x_wconf 88' lang='grc' dir='ltr'><strong>τες,</strong></span> <span class='ocrx_word' id='word_1_589' title='bbox 2234 4063 2362 4132; x_wconf 80' lang='grc' dir='ltr'><strong>παρ’</strong></span> <span class='ocrx_word' id='word_1_590' title='bbox 2389 4061 2550 4113; x_wconf 73' lang='grc' dir='ltr'><strong>αὐτὸν</strong></span> <span class='ocrx_word' id='word_1_591' title='bbox 2580 4059 2670 4112; x_wconf 89' lang='grc' dir='ltr'><strong>τὸν</strong></span> <span class='ocrx_word' id='word_1_592' title='bbox 2711 4059 2804 4113; x_wconf 75' lang='grc' dir='ltr'><strong>τοῦ</strong></span> <span class='ocrx_word' id='word_1_593' title='bbox 2836 4060 3066 4129; x_wconf 88' lang='grc' dir='ltr'><strong>πολέμου</strong></span> <span class='ocrx_word' id='word_1_594' title='bbox 3101 4060 3288 4130; x_wconf 87' lang='grc' dir='ltr'><strong>καιρὸν</strong></span> <span class='ocrx_word' id='word_1_595' title='bbox 3327 4060 3658 4130; x_wconf 76' lang='grc' dir='ltr'><strong>μετεόλήθηο</strong></span> 
     </span>
    </p>
   </div>
   <div class='ocr_carea' id='block_1_84' title="bbox 2091 4149 3657 4222">
    <p class='ocr_par' dir='ltr' id='par_1_84' title="bbox 2091 4149 3657 4222">
     <span class='ocr_line' id='line_1_84' title="bbox 2091 4149 3657 4222; baseline -0.001 -19"><span class='ocrx_word' id='word_1_596' title='bbox 2091 4169 2208 4215; x_wconf 88' lang='grc' dir='ltr'><strong>σαν,</strong></span> <span class='ocrx_word' id='word_1_597' title='bbox 2240 4152 2330 4204; x_wconf 88' lang='grc' dir='ltr'><strong>τὸν</strong></span> <span class='ocrx_word' id='word_1_598' title='bbox 2368 4152 2462 4222; x_wconf 81' lang='grc' dir='ltr'><strong>μὲν</strong></span> <span class='ocrx_word' id='word_1_599' title='bbox 2491 4151 2762 4220; x_wconf 81' lang='grc' dir='ltr'><strong>Δεσπότην</strong></span> <span class='ocrx_word' id='word_1_600' title='bbox 2791 4152 2883 4203; x_wconf 71' lang='grc' dir='ltr'><strong>καὶ</strong></span> <span class='ocrx_word' id='word_1_601' title='bbox 2910 4150 3040 4202; x_wconf 86' lang='grc' dir='ltr'><strong>Θεὸν</strong></span> <span class='ocrx_word' id='word_1_602' title='bbox 3070 4149 3454 4221; x_wconf 81' lang='grc' dir='ltr'><strong>ἀρνησάμενοι,</strong></span> <span class='ocrx_word' id='word_1_603' title='bbox 3491 4167 3657 4221; x_wconf 79' lang='grc' dir='ltr'><strong>προσο</strong></span> 
     </span>
    </p>
   </div>
   <div class='ocr_carea' id='block_1_85' title="bbox 2091 4242 3661 4314">
    <p class='ocr_par' dir='ltr' id='par_1_85' title="bbox 2091 4242 3661 4314">
     <span class='ocr_line' id='line_1_85' title="bbox 2091 4242 3661 4314; baseline -0.001 -17"><span class='ocrx_word' id='word_1_604' title='bbox 2091 4243 2364 4306; x_wconf 84' lang='grc' dir='ltr'><strong>κλίναντες</strong></span> <span class='ocrx_word' id='word_1_605' title='bbox 2393 4243 2613 4306; x_wconf 75' lang='grc' dir='ltr'><strong>ἑαυτοὺς</strong></span> <span class='ocrx_word' id='word_1_606' title='bbox 2637 4242 2714 4313; x_wconf 80' lang='grc' dir='ltr'><strong>τῷ</strong></span> <span class='ocrx_word' id='word_1_607' title='bbox 2744 4242 3023 4314; x_wconf 78' lang='grc' dir='ltr'><strong>Βαραὸὂᾷ,</strong></span> <span class='ocrx_word' id='word_1_608' title='bbox 3055 4243 3295 4295; x_wconf 84' lang='grc' dir='ltr'><strong>τουτέστι</strong></span> <span class='ocrx_word' id='word_1_609' title='bbox 3320 4242 3396 4311; x_wconf 83' lang='grc' dir='ltr'><strong>τῷ</strong></span> <span class='ocrx_word' id='word_1_610' title='bbox 3420 4243 3661 4312; x_wconf 82' lang='grc' dir='ltr'><strong>Σατανᾷ.</strong></span> 
     </span>
    </p>
   </div>
   <div class='ocr_carea' id='block_1_86' title="bbox 2169 4331 3662 4402">
    <p class='ocr_par' dir='ltr' id='par_1_86' title="bbox 2169 4331 3662 4402">
     <span class='ocr_line' id='line_1_86' title="bbox 2169 4331 3662 4402; baseline -0.003 -15"><span class='ocrx_word' id='word_1_611' title='bbox 2169 4338 2290 4388; x_wconf 79' lang='grc' dir='ltr'><strong>Οὐκ</strong></span> <span class='ocrx_word' id='word_1_612' title='bbox 2333 4334 2642 4402; x_wconf 60' lang='grc' dir='ltr'><strong>ἐφύλαξαν</strong></span> <span class='ocrx_word' id='word_1_613' title='bbox 2686 4333 2800 4400; x_wconf 81' lang='grc' dir='ltr'><strong>τὴν</strong></span> <span class='ocrx_word' id='word_1_614' title='bbox 2845 4331 3135 4399; x_wconf 78' lang='grc' dir='ltr'><strong>διαθήκην</strong></span> <span class='ocrx_word' id='word_1_615' title='bbox 3183 4333 3289 4386; x_wconf 88' lang='grc' dir='ltr'><strong>τοῦ</strong></span> <span class='ocrx_word' id='word_1_616' title='bbox 3337 4331 3504 4385; x_wconf 87' lang='grc' dir='ltr'><strong>Θεοῦ.</strong></span> <span class='ocrx_word' id='word_1_617' title='bbox 3549 4333 3662 4402; x_wconf 75' lang='grc' dir='ltr'><strong>Τὴν</strong></span> 
     </span>
    </p>
   </div>
   <div class='ocr_carea' id='block_1_87' title="bbox 429 4424 1973 4503">
    <p class='ocr_par' dir='ltr' id='par_1_87' title="bbox 429 4428 1973 4503">
     <span class='ocr_line' id='line_1_87' title="bbox 429 4428 1973 4503; baseline -0.003 -19"><span class='ocrx_word' id='word_1_618' title='bbox 429 4432 704 4503; x_wconf 75' lang='lat' dir='ltr'><strong>Evangelii</strong></span> <span class='ocrx_word' id='word_1_619' title='bbox 731 4432 1080 4486; x_wconf 89' lang='lat' dir='ltr'><strong>traditionem</strong></span> <span class='ocrx_word' id='word_1_620' title='bbox 1112 4432 1264 4493; x_wconf 87' lang='lat' dir='ltr'><strong>dicit,</strong></span> <span class='ocrx_word' id='word_1_621' title='bbox 1296 4442 1458 4500; x_wconf 86' lang='lat' dir='ltr'><strong>atque</strong></span> <span class='ocrx_word' id='word_1_622' title='bbox 1503 4429 1664 4482; x_wconf 89' lang='lat' dir='ltr'><strong>illud:</strong></span> <span class='ocrx_word' id='word_1_623' title='bbox 1707 4428 1838 4481; x_wconf 87' lang='lat' dir='ltr'><strong>Ecce</strong></span> <span class='ocrx_word' id='word_1_624' title='bbox 1875 4429 1973 4482; x_wconf 70' lang='lat' dir='ltr'><strong>die:</strong></span> 
     </span>
    </p>
   </div>
   <div class='ocr_carea' id='block_1_88' title="bbox 2087 4424 3662 4503">
    <p class='ocr_par' dir='ltr' id='par_1_88' title="bbox 2091 4424 3662 4496">
     <span class='ocr_line' id='line_1_88' title="bbox 2091 4424 3662 4496; baseline -0.002 -18"><span class='ocrx_word' id='word_1_625' title='bbox 2091 4427 2280 4496; x_wconf 85' lang='grc' dir='ltr'><strong>καινὴν</strong></span> <span class='ocrx_word' id='word_1_626' title='bbox 2307 4427 2397 4478; x_wconf 81' lang='grc' dir='ltr'><strong>τοῦ</strong></span> <span class='ocrx_word' id='word_1_627' title='bbox 2424 4424 2750 4493; x_wconf 76' lang='grc' dir='ltr'><strong>Εὐαγγελίου</strong></span> <span class='ocrx_word' id='word_1_628' title='bbox 2777 4424 3068 4495; x_wconf 79' lang='grc' dir='ltr'><strong>παράδοσίν</strong></span> <span class='ocrx_word' id='word_1_629' title='bbox 3092 4441 3242 4495; x_wconf 66' lang='grc' dir='ltr'><strong>φησι,</strong></span> <span class='ocrx_word' id='word_1_630' title='bbox 3270 4424 3361 4477; x_wconf 75' lang='grc' dir='ltr'><strong>καὶ</strong></span> <span class='ocrx_word' id='word_1_631' title='bbox 3393 4425 3472 4476; x_wconf 80' lang='grc' dir='ltr'><strong>τό’</strong></span> <span class='ocrx_word' id='word_1_632' title='bbox 3515 4424 3662 4477; x_wconf 82' lang='grc' dir='ltr'><strong>Ἰδοὺ</strong></span> 
     </span>
    </p>
   </div>
   <div class='ocr_carea' id='block_1_89' title="bbox 428 4519 1988 4590">
    <p class='ocr_par' dir='ltr' id='par_1_89' title="bbox 428 4519 1988 4590">
     <span class='ocr_line' id='line_1_89' title="bbox 428 4519 1988 4590; baseline -0.002 -14"><span class='ocrx_word' id='word_1_633' title='bbox 428 4524 581 4588; x_wconf 69' lang='lat' dir='ltr'><strong>venit,</strong></span> <span class='ocrx_word' id='word_1_634' title='bbox 623 4531 672 4575; x_wconf 91' lang='lat' dir='ltr'><strong>et</strong></span> <span class='ocrx_word' id='word_1_635' title='bbox 703 4522 980 4590; x_wconf 86' lang='lat' dir='ltr'><strong>disponam</strong></span> <span class='ocrx_word' id='word_1_636' title='bbox 1026 4537 1144 4574; x_wconf 87' lang='lat' dir='ltr'><strong>cum</strong></span> <span class='ocrx_word' id='word_1_637' title='bbox 1183 4521 1256 4574; x_wconf 89' lang='lat' dir='ltr'><strong>eis</strong></span> <span class='ocrx_word' id='word_1_638' title='bbox 1291 4527 1660 4574; x_wconf 87' lang='lat' dir='ltr'><strong>testamentum</strong></span> <span class='ocrx_word' id='word_1_639' title='bbox 1701 4535 1891 4572; x_wconf 79' lang='lat' dir='ltr'><strong>novum</strong></span> <span class='ocrx_word' id='word_1_640' title='bbox 1920 4519 1988 4573; x_wconf 72' lang='grc'><strong>⁸⁵.</strong></span> 
     </span>
    </p>
   </div>
   <div class='ocr_carea' id='block_1_90' title="bbox 429 4609 1993 4680">
    <p class='ocr_par' dir='ltr' id='par_1_90' title="bbox 429 4609 1993 4680">
     <span class='ocr_line' id='line_1_90' title="bbox 429 4609 1993 4680; baseline -0.003 -14"><span class='ocrx_word' id='word_1_641' title='bbox 429 4613 606 4667; x_wconf 90' lang='lat' dir='ltr'><strong>Causa</strong></span> <span class='ocrx_word' id='word_1_642' title='bbox 659 4623 838 4666; x_wconf 90' lang='lat' dir='ltr'><strong>autem</strong></span> <span class='ocrx_word' id='word_1_643' title='bbox 888 4612 974 4667; x_wconf 91' lang='lat' dir='ltr'><strong>hic</strong></span> <span class='ocrx_word' id='word_1_644' title='bbox 1005 4612 1263 4677; x_wconf 90' lang='lat' dir='ltr'><strong>redditur,</strong></span> <span class='ocrx_word' id='word_1_645' title='bbox 1311 4611 1440 4680; x_wconf 90' lang='lat' dir='ltr'><strong>quia</strong></span> <span class='ocrx_word' id='word_1_646' title='bbox 1486 4609 1618 4663; x_wconf 90' lang='lat' dir='ltr'><strong>illud</strong></span> <span class='ocrx_word' id='word_1_647' title='bbox 1653 4625 1762 4666; x_wconf 91' lang='lat' dir='ltr'><strong>non</strong></span> <span class='ocrx_word' id='word_1_648' title='bbox 1809 4619 1993 4664; x_wconf 89' lang='lat' dir='ltr'><strong>custo-</strong></span> 
     </span>
    </p>
   </div>
   <div class='ocr_carea' id='block_1_91' title="bbox 431 4701 1994 4770">
    <p class='ocr_par' dir='ltr' id='par_1_91' title="bbox 431 4701 1994 4770">
     <span class='ocr_line' id='line_1_91' title="bbox 431 4701 1994 4770; baseline -0.001 -15"><span class='ocrx_word' id='word_1_649' title='bbox 431 4703 660 4763; x_wconf 77' lang='lat' dir='ltr'><strong>dientes,</strong></span> <span class='ocrx_word' id='word_1_650' title='bbox 712 4704 856 4770; x_wconf 91' lang='lat' dir='ltr'><strong>quod</strong></span> <span class='ocrx_word' id='word_1_651' title='bbox 912 4715 995 4756; x_wconf 91' lang='lat' dir='ltr'><strong>est</strong></span> <span class='ocrx_word' id='word_1_652' title='bbox 1039 4718 1173 4756; x_wconf 88' lang='lat' dir='ltr'><strong>nova</strong></span> <span class='ocrx_word' id='word_1_653' title='bbox 1221 4704 1302 4760; x_wconf 79' lang='lat' dir='ltr'><strong>lex</strong></span> <span class='ocrx_word' id='word_1_654' title='bbox 1358 4701 1476 4768; x_wconf 89' lang='lat' dir='ltr'><strong>Dei,</strong></span> <span class='ocrx_word' id='word_1_655' title='bbox 1513 4703 1743 4756; x_wconf 85' lang='lat' dir='ltr'><strong>conversi</strong></span> <span class='ocrx_word' id='word_1_656' title='bbox 1781 4713 1901 4755; x_wconf 88' lang='lat' dir='ltr'><strong>sunt</strong></span> <span class='ocrx_word' id='word_1_657' title='bbox 1938 4703 1994 4754; x_wconf 89' lang='lat' dir='ltr'><strong>in</strong></span> 
     </span>
    </p>
   </div>
   <div class='ocr_carea' id='block_1_92' title="bbox 431 4789 1994 4860">
    <p class='ocr_par' dir='ltr' id='par_1_92' title="bbox 431 4789 1994 4860">
     <span class='ocr_line' id='line_1_92' title="bbox 431 4789 1994 4860; baseline -0.002 -16"><span class='ocrx_word' id='word_1_658' title='bbox 431 4793 515 4844; x_wconf 88' lang='lat' dir='ltr'><strong>die</strong></span> <span class='ocrx_word' id='word_1_659' title='bbox 539 4791 680 4845; x_wconf 87' lang='lat' dir='ltr'><strong>belli.</strong></span> <span class='ocrx_word' id='word_1_660' title='bbox 713 4789 830 4845; x_wconf 86' lang='lat' dir='ltr'><strong>Non</strong></span> <span class='ocrx_word' id='word_1_661' title='bbox 855 4793 998 4845; x_wconf 91' lang='lat' dir='ltr'><strong>enim</strong></span> <span class='ocrx_word' id='word_1_662' title='bbox 1043 4791 1339 4845; x_wconf 81' lang='lat' dir='ltr'><strong>credebant</strong></span> <span class='ocrx_word' id='word_1_663' title='bbox 1387 4791 1436 4845; x_wconf 92' lang='lat' dir='ltr'><strong>ei</strong></span> <span class='ocrx_word' id='word_1_664' title='bbox 1479 4790 1725 4845; x_wconf 88' lang='lat' dir='ltr'><strong>dicenti:</strong></span> <span class='ocrx_word' id='word_1_665' title='bbox 1774 4790 1887 4860; x_wconf 87' lang='lat' dir='ltr'><strong>Ego</strong></span> <span class='ocrx_word' id='word_1_666' title='bbox 1929 4805 1994 4844; x_wconf 73' lang='lat' dir='ltr'><strong>ex</strong></span> 
     </span>
    </p>
   </div>
   <div class='ocr_carea' id='block_1_93' title="bbox 433 4882 1994 4952">
    <p class='ocr_par' dir='ltr' id='par_1_93' title="bbox 433 4882 1994 4952">
     <span class='ocr_line' id='line_1_93' title="bbox 433 4882 1994 4952; baseline -0.001 -16"><span class='ocrx_word' id='word_1_667' title='bbox 433 4887 595 4937; x_wconf 85' lang='lat' dir='ltr'><strong>Putre</strong></span> <span class='ocrx_word' id='word_1_668' title='bbox 617 4883 751 4936; x_wconf 76' lang='lat' dir='ltr'><strong>exivi</strong></span> <span class='ocrx_word' id='word_1_669' title='bbox 783 4893 833 4936; x_wconf 89' lang='lat' dir='ltr'><strong>et</strong></span> <span class='ocrx_word' id='word_1_670' title='bbox 873 4883 1017 4936; x_wconf 80' lang='lat' dir='ltr'><strong>venio</strong></span> <span class='ocrx_word' id='word_1_671' title='bbox 1050 4884 1118 4938; x_wconf 73' lang='grc'><strong>⁸⁸.</strong></span> <span class='ocrx_word' id='word_1_672' title='bbox 1155 4883 1288 4937; x_wconf 88' lang='lat' dir='ltr'><strong>Cum</strong></span> <span class='ocrx_word' id='word_1_673' title='bbox 1335 4883 1481 4938; x_wconf 89' lang='lat' dir='ltr'><strong>enim</strong></span> <span class='ocrx_word' id='word_1_674' title='bbox 1519 4898 1618 4952; x_wconf 89' lang='lat' dir='ltr'><strong>par</strong></span> <span class='ocrx_word' id='word_1_675' title='bbox 1655 4882 1850 4937; x_wconf 83' lang='lat' dir='ltr'><strong>luisset</strong></span> <span class='ocrx_word' id='word_1_676' title='bbox 1898 4883 1994 4937; x_wconf 86' lang='lat' dir='ltr'><strong>ad-</strong></span> 
     </span>
    </p>
   </div>
   <div class='ocr_carea' id='block_1_94' title="bbox 436 4974 1994 5044">
    <p class='ocr_par' dir='ltr' id='par_1_94' title="bbox 436 4974 1994 5044">
     <span class='ocr_line' id='line_1_94' title="bbox 436 4974 1994 5044; baseline 0.001 -18"><span class='ocrx_word' id='word_1_677' title='bbox 436 4991 624 5030; x_wconf 80' lang='lat' dir='ltr'><strong>versus</strong></span> <span class='ocrx_word' id='word_1_678' title='bbox 661 4990 756 5028; x_wconf 87' lang='lat' dir='ltr'><strong>eus</strong></span> <span class='ocrx_word' id='word_1_679' title='bbox 789 4989 1026 5044; x_wconf 84' lang='lat' dir='ltr'><strong>pugnare</strong></span> <span class='ocrx_word' id='word_1_680' title='bbox 1051 4975 1143 5044; x_wconf 90' lang='lat' dir='ltr'><strong>qui</strong></span> <span class='ocrx_word' id='word_1_681' title='bbox 1184 4985 1372 5029; x_wconf 84' lang='lat' dir='ltr'><strong>contra</strong></span> <span class='ocrx_word' id='word_1_682' title='bbox 1406 4974 1576 5030; x_wconf 90' lang='lat' dir='ltr'><strong>Deum</strong></span> <span class='ocrx_word' id='word_1_683' title='bbox 1613 4975 1810 5029; x_wconf 89' lang='lat' dir='ltr'><strong>bellum</strong></span> <span class='ocrx_word' id='word_1_684' title='bbox 1839 4990 1994 5044; x_wconf 88' lang='lat' dir='ltr'><strong>gere-</strong></span> 
     </span>
    </p>
   </div>
   <div class='ocr_carea' id='block_1_95' title="bbox 435 5063 1722 5132">
    <p class='ocr_par' dir='ltr' id='par_1_95' title="bbox 435 5063 1722 5132">
     <span class='ocr_line' id='line_1_95' title="bbox 435 5063 1722 5132; baseline -0.002 -11"><span class='ocrx_word' id='word_1_685' title='bbox 435 5076 556 5121; x_wconf 88' lang='lat' dir='ltr'><strong>rent</strong></span> <span class='ocrx_word' id='word_1_686' title='bbox 575 5065 690 5132; x_wconf 82' lang='lat' dir='ltr'><strong>,‘illi</strong></span> <span class='ocrx_word' id='word_1_687' title='bbox 719 5066 974 5120; x_wconf 86' lang='lat' dir='ltr'><strong>adversus</strong></span> <span class='ocrx_word' id='word_1_688' title='bbox 1002 5063 1166 5119; x_wconf 89' lang='lat' dir='ltr'><strong>Deum</strong></span> <span class='ocrx_word' id='word_1_689' title='bbox 1191 5065 1391 5119; x_wconf 91' lang='lat' dir='ltr'><strong>bellum</strong></span> <span class='ocrx_word' id='word_1_690' title='bbox 1415 5077 1722 5121; x_wconf 89' lang='lat' dir='ltr'><strong>moverunt.</strong></span> 
     </span>
    </p>
   </div>
   <div class='ocr_carea' id='block_1_96' title="bbox 507 5156 1990 5226">
    <p class='ocr_par' dir='ltr' id='par_1_96' title="bbox 507 5156 1990 5226">
     <span class='ocr_line' id='line_1_96' title="bbox 507 5156 1990 5226; baseline -0.002 -13"><span class='ocrx_word' id='word_1_691' title='bbox 507 5159 592 5213; x_wconf 84' lang='grc'><strong>11.</strong></span> <span class='ocrx_word' id='word_1_692' title='bbox 625 5157 691 5211; x_wconf 85' lang='grc' dir='ltr'><strong>Ει</strong></span> <span class='ocrx_word' id='word_1_693' title='bbox 721 5157 870 5210; x_wconf 88' lang='lat' dir='ltr'><strong>obliti</strong></span> <span class='ocrx_word' id='word_1_694' title='bbox 912 5168 1034 5212; x_wconf 84' lang='lat' dir='ltr'><strong>sunt</strong></span> <span class='ocrx_word' id='word_1_695' title='bbox 1066 5156 1456 5226; x_wconf 79' lang='lat' dir='ltr'><strong>benefactorum</strong></span> <span class='ocrx_word' id='word_1_696' title='bbox 1489 5159 1620 5226; x_wconf 85' lang='lat' dir='ltr'><strong>ejus.</strong></span> <span class='ocrx_word' id='word_1_697' title='bbox 1665 5157 1818 5212; x_wconf 91' lang='lat' dir='ltr'><strong>Licet</strong></span> <span class='ocrx_word' id='word_1_698' title='bbox 1845 5159 1990 5213; x_wconf 88' lang='lat' dir='ltr'><strong>enim</strong></span> 
     </span>
    </p>
   </div>
   <div class='ocr_carea' id='block_1_97' title="bbox 435 5248 1993 5318">
    <p class='ocr_par' dir='ltr' id='par_1_97' title="bbox 435 5248 1993 5318">
     <span class='ocr_line' id='line_1_97' title="bbox 435 5248 1993 5318; baseline -0.002 -14"><span class='ocrx_word' id='word_1_699' title='bbox 435 5253 603 5304; x_wconf 90' lang='lat' dir='ltr'><strong>multa</strong></span> <span class='ocrx_word' id='word_1_700' title='bbox 629 5249 888 5304; x_wconf 84' lang='lat' dir='ltr'><strong>beneﬁcia</strong></span> <span class='ocrx_word' id='word_1_701' title='bbox 930 5249 1264 5318; x_wconf 80' lang='lat' dir='ltr'><strong>acceperint,</strong></span> <span class='ocrx_word' id='word_1_702' title='bbox 1304 5248 1482 5303; x_wconf 88' lang='lat' dir='ltr'><strong>omnia</strong></span> <span class='ocrx_word' id='word_1_703' title='bbox 1517 5263 1544 5302; x_wconf 92' lang='lat' dir='ltr'><strong>a</strong></span> <span class='ocrx_word' id='word_1_704' title='bbox 1583 5248 1845 5303; x_wconf 88' lang='lat' dir='ltr'><strong>memoria</strong></span> <span class='ocrx_word' id='word_1_705' title='bbox 1894 5263 1993 5303; x_wconf 86' lang='lat' dir='ltr'><strong>sua</strong></span> 
     </span>
    </p>
   </div>
   <div class='ocr_carea' id='block_1_98' title="bbox 436 5339 1996 5412">
    <p class='ocr_par' dir='ltr' id='par_1_98' title="bbox 436 5339 1996 5412">
     <span class='ocr_line' id='line_1_98' title="bbox 436 5339 1996 5412; baseline -0.004 -16"><span class='ocrx_word' id='word_1_706' title='bbox 436 5343 770 5412; x_wconf 79' lang='lat' dir='ltr'><strong>abjcccrunt.</strong></span> <span class='ocrx_word' id='word_1_707' title='bbox 821 5340 886 5394; x_wconf 85' lang='lat' dir='ltr'><strong>Et</strong></span> <span class='ocrx_word' id='word_1_708' title='bbox 937 5341 1128 5410; x_wconf 80' lang='lat' dir='ltr'><strong>ejusce</strong></span> <span class='ocrx_word' id='word_1_709' title='bbox 1158 5341 1238 5394; x_wconf 90' lang='lat' dir='ltr'><strong>rei</strong></span> <span class='ocrx_word' id='word_1_710' title='bbox 1280 5349 1657 5408; x_wconf 73' lang='lat' dir='ltr'><strong>argumentum</strong></span> <span class='ocrx_word' id='word_1_711' title='bbox 1705 5339 1836 5394; x_wconf 91' lang='lat' dir='ltr'><strong>illud</strong></span> <span class='ocrx_word' id='word_1_712' title='bbox 1889 5347 1996 5403; x_wconf 89' lang='lat' dir='ltr'><strong>est,</strong></span> 
     </span>
    </p>
   </div>
   <div class='ocr_carea' id='block_1_99' title="bbox 436 5427 1996 5503">
    <p class='ocr_par' dir='ltr' id='par_1_99' title="bbox 436 5427 1996 5503">
     <span class='ocr_line' id='line_1_99' title="bbox 436 5427 1996 5503; baseline -0.004 -14"><span class='ocrx_word' id='word_1_713' title='bbox 436 5435 580 5503; x_wconf 88' lang='lat' dir='ltr'><strong>quod</strong></span> <span class='ocrx_word' id='word_1_714' title='bbox 605 5449 726 5487; x_wconf 91' lang='lat' dir='ltr'><strong>cum</strong></span> <span class='ocrx_word' id='word_1_715' title='bbox 761 5431 1076 5486; x_wconf 86' lang='lat' dir='ltr'><strong>tradiderint</strong></span> <span class='ocrx_word' id='word_1_716' title='bbox 1113 5430 1306 5484; x_wconf 82' lang='lat' dir='ltr'><strong>Pilato.</strong></span> <span class='ocrx_word' id='word_1_717' title='bbox 1345 5429 1509 5483; x_wconf 88' lang='lat' dir='ltr'><strong>Obliti</strong></span> <span class='ocrx_word' id='word_1_718' title='bbox 1553 5439 1681 5484; x_wconf 75' lang='lat' dir='ltr'><strong>sunt</strong></span> <span class='ocrx_word' id='word_1_719' title='bbox 1725 5427 1996 5498; x_wconf 88' lang='lat' dir='ltr'><strong>quomodo</strong></span> 
     </span>
    </p>
   </div>
   <div class='ocr_carea' id='block_1_100' title="bbox 511 5695 1570 5764">
    <p class='ocr_par' dir='ltr' id='par_1_100' title="bbox 511 5695 1570 5764">
     <span class='ocr_line' id='line_1_100' title="bbox 511 5695 1570 5764; baseline 0.001 -13"><span class='ocrx_word' id='word_1_720' title='bbox 511 5699 554 5729; x_wconf 83' lang='lat'>”</span> <span class='ocrx_word' id='word_1_721' title='bbox 580 5697 788 5755; x_wconf 84' lang='lat' dir='ltr'><strong>Baruch</strong></span> <span class='ocrx_word' id='word_1_722' title='bbox 825 5713 885 5764; x_wconf 83' lang='grc' dir='ltr'><strong>ιι,</strong></span> <span class='ocrx_word' id='word_1_723' title='bbox 910 5699 996 5756; x_wconf 74' lang='lat'><strong>55.</strong></span> <span class='ocrx_word' id='word_1_724' title='bbox 1074 5700 1118 5732; x_wconf 80' lang='lat'><strong>&quot;</strong></span> <span class='ocrx_word' id='word_1_725' title='bbox 1147 5697 1303 5754; x_wconf 86' lang='lat' dir='ltr'><strong>Joan.</strong></span> <span class='ocrx_word' id='word_1_726' title='bbox 1340 5711 1450 5762; x_wconf 72' lang='lat' dir='ltr'><strong>xvi,</strong></span> <span class='ocrx_word' id='word_1_727' title='bbox 1482 5695 1570 5752; x_wconf 73' lang='lat'><strong>27.</strong></span> 
     </span>
    </p>
   </div>
   <div class='ocr_carea' id='block_1_101' title="bbox 2096 4515 3662 4586">
    <p class='ocr_par' dir='ltr' id='par_1_101' title="bbox 2096 4515 3662 4586">
     <span class='ocr_line' id='line_1_101' title="bbox 2096 4515 3662 4586; baseline -0.002 -15"><span class='ocrx_word' id='word_1_728' title='bbox 2096 4517 2281 4586; x_wconf 73' lang='grc' dir='ltr'><strong>ἡμέρα</strong></span> <span class='ocrx_word' id='word_1_729' title='bbox 2312 4518 2571 4586; x_wconf 77' lang='grc' dir='ltr'><strong>ἔρχεται,</strong></span> <span class='ocrx_word' id='word_1_730' title='bbox 2615 4517 2711 4568; x_wconf 80' lang='grc' dir='ltr'><strong>καὶ</strong></span> <span class='ocrx_word' id='word_1_731' title='bbox 2745 4515 3094 4583; x_wconf 67' lang='grc' dir='ltr'><strong>διαθήσομαι</strong></span> <span class='ocrx_word' id='word_1_732' title='bbox 3139 4516 3339 4581; x_wconf 77' lang='grc' dir='ltr'><strong>αὐτοῖς</strong></span> <span class='ocrx_word' id='word_1_733' title='bbox 3369 4516 3662 4583; x_wconf 74' lang='grc' dir='ltr'><strong>διαθήκην</strong></span> 
     </span>
    </p>
   </div>
   <div class='ocr_carea' id='block_1_102' title="bbox 2095 4607 3663 4678">
    <p class='ocr_par' dir='ltr' id='par_1_102' title="bbox 2095 4607 3663 4678">
     <span class='ocr_line' id='line_1_102' title="bbox 2095 4607 3663 4678; baseline -0.001 -16"><span class='ocrx_word' id='word_1_734' title='bbox 2095 4607 2328 4673; x_wconf 72' lang='grc' dir='ltr'><strong>καινήν.</strong></span> <span class='ocrx_word' id='word_1_735' title='bbox 2359 4609 2543 4671; x_wconf 83' lang='grc' dir='ltr'><strong>Αἰτίας</strong></span> <span class='ocrx_word' id='word_1_736' title='bbox 2572 4608 2628 4660; x_wconf 90' lang='grc' dir='ltr'><strong>δέ</strong></span> <span class='ocrx_word' id='word_1_737' title='bbox 2675 4610 2818 4660; x_wconf 84' lang='grc' dir='ltr'><strong>ἐστιν</strong></span> <span class='ocrx_word' id='word_1_738' title='bbox 2864 4609 3144 4671; x_wconf 87' lang='grc' dir='ltr'><strong>ἀπόδοσις,</strong></span> <span class='ocrx_word' id='word_1_739' title='bbox 3189 4609 3304 4673; x_wconf 83' lang='grc' dir='ltr'><strong>ὃτι,</strong></span> <span class='ocrx_word' id='word_1_740' title='bbox 3346 4608 3551 4678; x_wconf 79' lang='grc' dir='ltr'><strong>ταύτην</strong></span> <span class='ocrx_word' id='word_1_741' title='bbox 3590 4608 3663 4678; x_wconf 73' lang='grc' dir='ltr'><strong>μὶ·</strong></span> 
     </span>
    </p>
   </div>
   <div class='ocr_carea' id='block_1_103' title="bbox 2097 4699 3666 4769">
    <p class='ocr_par' dir='ltr' id='par_1_103' title="bbox 2097 4699 3666 4769">
     <span class='ocr_line' id='line_1_103' title="bbox 2097 4699 3666 4769; baseline 0 -17"><span class='ocrx_word' id='word_1_742' title='bbox 2097 4699 2464 4768; x_wconf 79' lang='grc' dir='ltr'><strong>φυλάξαντες,</strong></span> <span class='ocrx_word' id='word_1_743' title='bbox 2515 4700 2635 4768; x_wconf 76' lang='grc' dir='ltr'><strong>ἥτις</strong></span> <span class='ocrx_word' id='word_1_744' title='bbox 2705 4699 2820 4751; x_wconf 75' lang='grc' dir='ltr'><strong>ἐστὶ</strong></span> <span class='ocrx_word' id='word_1_745' title='bbox 2891 4701 3075 4763; x_wconf 86' lang='grc' dir='ltr'><strong>καινὸς</strong></span> <span class='ocrx_word' id='word_1_746' title='bbox 3122 4701 3282 4769; x_wconf 90' lang='grc' dir='ltr'><strong>νόμος</strong></span> <span class='ocrx_word' id='word_1_747' title='bbox 3336 4699 3428 4752; x_wconf 78' lang='grc' dir='ltr'><strong>τοῦ</strong></span> <span class='ocrx_word' id='word_1_748' title='bbox 3485 4700 3666 4763; x_wconf 77' lang='grc' dir='ltr'><strong>Θεοῦ,</strong></span> 
     </span>
    </p>
   </div>
   <div class='ocr_carea' id='block_1_104' title="bbox 2097 4790 3666 4861">
    <p class='ocr_par' dir='ltr' id='par_1_104' title="bbox 2097 4790 3666 4861">
     <span class='ocr_line' id='line_1_104' title="bbox 2097 4790 3666 4861; baseline -0.001 -17"><span class='ocrx_word' id='word_1_749' title='bbox 2097 4790 2487 4859; x_wconf 60' lang='grc' dir='ltr'><strong>ἐστράφησαν</strong></span> <span class='ocrx_word' id='word_1_750' title='bbox 2516 4792 2585 4843; x_wconf 81' lang='grc' dir='ltr'><strong>ἐν</strong></span> <span class='ocrx_word' id='word_1_751' title='bbox 2608 4790 2796 4860; x_wconf 74' lang='grc' dir='ltr'><strong>ἡμέρῃ</strong></span> <span class='ocrx_word' id='word_1_752' title='bbox 2827 4791 3112 4857; x_wconf 70' lang='grc' dir='ltr'><strong>πολέμου.</strong></span> <span class='ocrx_word' id='word_1_753' title='bbox 3144 4792 3217 4843; x_wconf 76' lang='grc' dir='ltr'><strong>Οὐ</strong></span> <span class='ocrx_word' id='word_1_754' title='bbox 3244 4790 3351 4861; x_wconf 74' lang='grc' dir='ltr'><strong>γὰρ</strong></span> <span class='ocrx_word' id='word_1_755' title='bbox 3379 4792 3666 4844; x_wconf 84' lang='grc' dir='ltr'><strong>ἐπίστευον</strong></span> 
     </span>
    </p>
   </div>
   <div class='ocr_carea' id='block_1_105' title="bbox 2099 4881 3666 4952">
    <p class='ocr_par' dir='ltr' id='par_1_105' title="bbox 2099 4881 3666 4952">
     <span class='ocr_line' id='line_1_105' title="bbox 2099 4881 3666 4952; baseline -0.001 -16"><span class='ocrx_word' id='word_1_756' title='bbox 2099 4882 2246 4952; x_wconf 75' lang='grc' dir='ltr'><strong>αὑτῷ</strong></span> <span class='ocrx_word' id='word_1_757' title='bbox 2288 4883 2519 4950; x_wconf 74' lang='grc' dir='ltr'><strong>λέγοντιο</strong></span> <span class='ocrx_word' id='word_1_758' title='bbox 2563 4881 2708 4950; x_wconf 75' lang='grc' dir='ltr'><strong>Ἐγὼ</strong></span> <span class='ocrx_word' id='word_1_759' title='bbox 2751 4882 2819 4934; x_wconf 84' lang='grc' dir='ltr'><strong>ἐκ</strong></span> <span class='ocrx_word' id='word_1_760' title='bbox 2863 4883 2968 4935; x_wconf 83' lang='grc' dir='ltr'><strong>τοῦ</strong></span> <span class='ocrx_word' id='word_1_761' title='bbox 3002 4882 3229 4950; x_wconf 71' lang='grc' dir='ltr'><strong>Πατρός</strong></span> <span class='ocrx_word' id='word_1_762' title='bbox 3260 4882 3522 4950; x_wconf 72' lang='grc' dir='ltr'><strong>ἐξῆλθον</strong></span> <span class='ocrx_word' id='word_1_763' title='bbox 3561 4883 3666 4936; x_wconf 75' lang='grc' dir='ltr'><strong>καὶ</strong></span> 
     </span>
    </p>
   </div>
   <div class='ocr_carea' id='block_1_106' title="bbox 2098 4972 3665 5043">
    <p class='ocr_par' dir='ltr' id='par_1_106' title="bbox 2098 4972 3665 5043">
     <span class='ocr_line' id='line_1_106' title="bbox 2098 4972 3665 5043; baseline 0.001 -19"><span class='ocrx_word' id='word_1_764' title='bbox 2098 4972 2242 5040; x_wconf 73' lang='grc' dir='ltr'><strong>ἥκω.</strong></span> <span class='ocrx_word' id='word_1_765' title='bbox 2275 4974 2400 5024; x_wconf 82' lang='grc' dir='ltr'><strong>Δέον</strong></span> <span class='ocrx_word' id='word_1_766' title='bbox 2444 4973 2550 5042; x_wconf 81' lang='grc' dir='ltr'><strong>γὰρ</strong></span> <span class='ocrx_word' id='word_1_767' title='bbox 2601 4973 2809 5042; x_wconf 78' lang='grc' dir='ltr'><strong>βάλλειν</strong></span> <span class='ocrx_word' id='word_1_768' title='bbox 2851 4976 2942 5025; x_wconf 72' lang='grc' dir='ltr'><strong>καὶ</strong></span> <span class='ocrx_word' id='word_1_769' title='bbox 2975 4973 3228 5043; x_wconf 86' lang='grc' dir='ltr'><strong>πολεμεῖν</strong></span> <span class='ocrx_word' id='word_1_770' title='bbox 3259 4975 3384 5036; x_wconf 79' lang='grc' dir='ltr'><strong>τοὺς</strong></span> <span class='ocrx_word' id='word_1_771' title='bbox 3421 4972 3539 5043; x_wconf 83' lang='grc' dir='ltr'><strong>Θεῷ</strong></span> <span class='ocrx_word' id='word_1_772' title='bbox 3568 4991 3665 5025; x_wconf 87' lang='grc' dir='ltr'><strong>πο-</strong></span> 
     </span>
    </p>
   </div>
   <div class='ocr_carea' id='block_1_107' title="bbox 2095 5064 3414 5136">
    <p class='ocr_par' dir='ltr' id='par_1_107' title="bbox 2095 5064 3414 5136">
     <span class='ocr_line' id='line_1_107' title="bbox 2095 5064 3414 5136; baseline 0.002 -21"><span class='ocrx_word' id='word_1_773' title='bbox 2095 5064 2412 5134; x_wconf 76' lang='grc' dir='ltr'><strong>λεμοῦντας·</strong></span> <span class='ocrx_word' id='word_1_774' title='bbox 2452 5066 2498 5115; x_wconf 91' lang='grc' dir='ltr'><strong>οἱ</strong></span> <span class='ocrx_word' id='word_1_775' title='bbox 2525 5065 2580 5116; x_wconf 82' lang='grc' dir='ltr'><strong>δέ</strong></span> <span class='ocrx_word' id='word_1_776' title='bbox 2608 5065 2744 5117; x_wconf 80' lang='grc' dir='ltr'><strong>κατὰ</strong></span> <span class='ocrx_word' id='word_1_777' title='bbox 2775 5065 2906 5117; x_wconf 77' lang='grc' dir='ltr'><strong>Θεοῦ</strong></span> <span class='ocrx_word' id='word_1_778' title='bbox 2937 5067 3136 5136; x_wconf 69' lang='grc' dir='ltr'><strong>ἤραντο</strong></span> <span class='ocrx_word' id='word_1_779' title='bbox 3161 5065 3414 5134; x_wconf 85' lang='grc' dir='ltr'><strong>πόλεμον.</strong></span> 
     </span>
    </p>
   </div>
   <div class='ocr_carea' id='block_1_108' title="bbox 2167 5154 3666 5225">
    <p class='ocr_par' dir='ltr' id='par_1_108' title="bbox 2167 5154 3666 5225">
     <span class='ocr_line' id='line_1_108' title="bbox 2167 5154 3666 5225; baseline 0.001 -15"><span class='ocrx_word' id='word_1_780' title='bbox 2167 5155 2273 5210; x_wconf 80' lang='grc' dir='ltr'><strong>Καὶ</strong></span> <span class='ocrx_word' id='word_1_781' title='bbox 2298 5156 2658 5210; x_wconf 74' lang='grc' dir='ltr'><strong>ἐπελάθοντο</strong></span> <span class='ocrx_word' id='word_1_782' title='bbox 2687 5155 2804 5209; x_wconf 86' lang='grc' dir='ltr'><strong>τῶν</strong></span> <span class='ocrx_word' id='word_1_783' title='bbox 2831 5157 3184 5225; x_wconf 72' lang='grc' dir='ltr'><strong>εὐεργεσιῶν</strong></span> <span class='ocrx_word' id='word_1_784' title='bbox 3215 5158 3420 5212; x_wconf 74' lang='grc' dir='ltr'><strong>αὑτοῦ,</strong></span> <span class='ocrx_word' id='word_1_785' title='bbox 3449 5154 3666 5221; x_wconf 74' lang='grc' dir='ltr'><strong>Καίτοι,</strong></span> 
     </span>
    </p>
   </div>
   <div class='ocr_carea' id='block_1_109' title="bbox 2103 5247 3667 5320">
    <p class='ocr_par' dir='ltr' id='par_1_109' title="bbox 2103 5247 3667 5320">
     <span class='ocr_line' id='line_1_109' title="bbox 2103 5247 3667 5320; baseline 0.003 -23"><span class='ocrx_word' id='word_1_786' title='bbox 2103 5247 2253 5316; x_wconf 70' lang='grc' dir='ltr'><strong>φησὶ,</strong></span> <span class='ocrx_word' id='word_1_787' title='bbox 2284 5247 2451 5299; x_wconf 76' lang='grc' dir='ltr'><strong>πολλὰ</strong></span> <span class='ocrx_word' id='word_1_788' title='bbox 2482 5247 2914 5316; x_wconf 81' lang='grc' dir='ltr'><strong>εὐεργετημένοι,</strong></span> <span class='ocrx_word' id='word_1_789' title='bbox 2953 5249 3125 5301; x_wconf 85' lang='grc' dir='ltr'><strong>πάντα</strong></span> <span class='ocrx_word' id='word_1_790' title='bbox 3166 5249 3271 5300; x_wconf 87' lang='grc' dir='ltr'><strong>ἀπὸ</strong></span> <span class='ocrx_word' id='word_1_791' title='bbox 3299 5249 3400 5316; x_wconf 80' lang='grc' dir='ltr'><strong>τῆς</strong></span> <span class='ocrx_word' id='word_1_792' title='bbox 3446 5249 3667 5320; x_wconf 81' lang='grc' dir='ltr'><strong>μνήμης</strong></span> 
     </span>
    </p>
   </div>
   <div class='ocr_carea' id='block_1_110' title="bbox 2104 5335 3670 5409">
    <p class='ocr_par' dir='ltr' id='par_1_110' title="bbox 2104 5335 3670 5409">
     <span class='ocr_line' id='line_1_110' title="bbox 2104 5335 3670 5409; baseline 0.001 -19"><span class='ocrx_word' id='word_1_793' title='bbox 2104 5336 2478 5407; x_wconf 78' lang='grc' dir='ltr'><strong>ἀνερρίπισαν.</strong></span> <span class='ocrx_word' id='word_1_794' title='bbox 2525 5335 2634 5388; x_wconf 72' lang='grc' dir='ltr'><strong>Καὶ</strong></span> <span class='ocrx_word' id='word_1_795' title='bbox 2673 5335 2860 5388; x_wconf 83' lang='grc' dir='ltr'><strong>τούτου</strong></span> <span class='ocrx_word' id='word_1_796' title='bbox 2910 5336 3178 5401; x_wconf 78' lang='grc' dir='ltr'><strong>ἀπόδειξις</strong></span> <span class='ocrx_word' id='word_1_797' title='bbox 3225 5338 3285 5390; x_wconf 87' lang='grc' dir='ltr'><strong>τὸ</strong></span> <span class='ocrx_word' id='word_1_798' title='bbox 3334 5337 3670 5409; x_wconf 78' lang='grc' dir='ltr'><strong>παραδοῦναι</strong></span> 
     </span>
    </p>
   </div>
   <div class='ocr_carea' id='block_1_111' title="bbox 2105 5427 3668 5500">
    <p class='ocr_par' dir='ltr' id='par_1_111' title="bbox 2105 5427 3668 5500">
     <span class='ocr_line' id='line_1_111' title="bbox 2105 5427 3668 5500; baseline 0.002 -21"><span class='ocrx_word' id='word_1_799' title='bbox 2105 5427 2337 5497; x_wconf 74' lang='grc' dir='ltr'><strong>Πιλατῳ.</strong></span> <span class='ocrx_word' id='word_1_800' title='bbox 2379 5427 2728 5481; x_wconf 84' lang='grc' dir='ltr'><strong>Ἐπελάθοντο</strong></span> <span class='ocrx_word' id='word_1_801' title='bbox 2763 5427 2821 5480; x_wconf 86' lang='grc' dir='ltr'><strong>τὸ</strong></span> <span class='ocrx_word' id='word_1_802' title='bbox 2854 5429 2968 5492; x_wconf 82' lang='grc' dir='ltr'><strong>πῶς</strong></span> <span class='ocrx_word' id='word_1_803' title='bbox 2994 5429 3205 5500; x_wconf 71' lang='grc' dir='ltr'><strong>διῆλθεν</strong></span> <span class='ocrx_word' id='word_1_804' title='bbox 3233 5429 3534 5500; x_wconf 77' lang='grc' dir='ltr'><strong>εὐεργετῶν</strong></span> <span class='ocrx_word' id='word_1_805' title='bbox 3569 5431 3668 5482; x_wconf 80' lang='grc' dir='ltr'><strong>αὑ-</strong></span> 
     </span>
    </p>
   </div>
  </div>
