3872 6216
187 260 295 313 553

1176 251 1538 311 EXPOSITIO
1577 249 1641 303 IN
1685 248 2012 306 PSALMUM
2051 253 2306 309 LXXVII.

3322 259 3428 316 356

188 373 314 434 τοὺς
349 369 577 432 πάντας,
607 370 697 422 καὶ
726 369 948 439 ἰώμενος
980 369 1103 431 τοὺς
1132 367 1755 436 καταδυναστευομένους

1877 366 2228 422 tertransierit
2250 366 2526 421 beneﬁciis
2550 381 2644 420 eos
2667 367 2978 427 cumulans,
3009 376 3064 423 et
3094 383 3296 426 sanans
3331 389 3428 430 eos

188 463 296 514 ὐπὸ
328 461 422 514 τοῦ
449 460 714 514 διαϐόλου.

260 553 577 606 Ἐναντίων
602 551 722 604 τῶν
750 551 1018 617 πατέρων
1043 550 1240 605 αὐτῶν
1271 550 1306 604 ἂ
1339 551 1587 616 ἐποίησε
1619 553 1761 604 θαυ-

182 644 396 713 μάσια.
447 643 622 707 Οῦτω,
674 645 832 714 φησὶ,
868 645 976 698 τῶν
1008 644 1333 716 εὐεργεσιῶν
1366 645 1460 696 καὶ
1498 642 1604 696 τῶν
1637 643 1763 696 θαυ-

191 737 405 805 μασίων
457 735 778 788 ἐπελάθοντο
820 735 910 788 τοῦ
941 736 1198 804 Χριστοῦ,
1229 735 1416 806 ὥσπερ
1442 736 1631 806 ἀμέλει
1669 736 1762 788 καὶ

185 829 232 878 οἱ
266 825 507 896 πατέρες
533 826 708 878 αὐτῶν
738 826 842 879 τῶν
871 829 928 878 ὲν
959 826 1217 896 Αἰγύπτῳ
1250 828 1647 898 γεγενημένων,
1676 828 1761 880 ὅτε

187 914 389 977 αὐτοὺς
440 914 730 984 ἠλευθέρου
773 917 801 968 ὁ
833 915 983 978 Θεός.
1033 916 1282 968 Τοιοῦτον
1326 917 1432 988 γάρ
1485 935 1535 969 τι
1591 916 1761 969 ἔοικεν

188 1007 585 1078 ὑποσημαίνειν
624 1007 714 1071 τὸ,
759 1008 1064 1061 Ἐναντίων
1097 1006 1212 1061 τῶν
1256 1009 1520 1076 πατέρων
1545 1009 1758 1062 αὐτῶνο

186 1099 321 1151 ὡσεὶ
358 1099 689 1169 σαφέστερον
723 1098 925 1166 ἔλεγεν·
971 1099 1342 1170 Ὀμοιότροποι
1374 1101 1450 1171 τῷ
1483 1100 1629 1170 ζήλῳ
1653 1101 1762 1154 τῶν

189 1189 448 1258 πατέρων
494 1187 669 1240 αὐτῶν
710 1188 962 1256 γεγόνασι
1008 1188 1086 1258 τῷ
1139 1189 1389 1259 πονηρῷ’
1437 1190 1531 1242 καὶ
1574 1189 1761 1260 ὥσπερ

186 1282 389 1333 ἐκεῖνοι
422 1279 741 1332 ἐπελάθοντο
768 1279 859 1332 τοῦ
890 1278 1045 1342 Θεοῦ,
1071 1279 1209 1331 οὕτω
1233 1280 1325 1333 καὶ
1357 1274 1521 1333 οὗτοι.

262 1372 541 1439 Διέρῤηξε
572 1370 912 1433 θάλασσαν,
939 1373 1038 1422 καὶ
1073 1371 1354 1440 διήγαγεν
1380 1372 1618 1436 αὐτούς.
1654 1371 1763 1424 Καὶ

186 1465 250 1517 οὐ
299 1463 459 1517 τοῦτο
505 1464 660 1534 μόνον
707 1462 890 1532 φησὶν,
936 1462 1072 1515 ἀλλὰ
1122 1463 1216 1516 καλ⁵
1261 1462 1531 1517 θάλασσαν
1578 1463 1762 1516 διελὼν

188 1555 438 1616 ἅπαντας
487 1552 805 1606 διεϐίϐασεν.
846 1552 1122 1607 Ἐντεῦθεν
1166 1554 1390 1623 ἄρχεται
1431 1552 1502 1606 τὰ
1546 1556 1638 1606 ἐπὶ
1665 1557 1763 1625 τῆς

1859 459 1951 526 qui
1986 458 2086 511 sub
2117 466 2381 528 potestate
2417 459 2615 513 diaboli
2640 468 2839 514 essent.

1934 548 2021 603 12.
2054 547 2247 603 Coram
2273 550 2508 618 patribus
2538 567 2718 604 eorum
2755 551 2875 611 fecit
2908 550 3196 608 mirabilia.
3226 552 3302 607 Ita
3333 553 3428 608 be-

1860 640 2176 694 neﬁciorum
2211 651 2264 696 et
2310 643 2638 696 mirabilium
2671 643 2872 698 Christi
2897 644 3049 697 obliti
3080 651 3230 708 sunt,
3284 648 3429 702 sicut

1860 741 2042 800 patres
2071 747 2258 786 eorum
2295 735 2386 803 qui
2435 735 2488 788 in
2543 734 2776 806 [Egypto
2813 734 2964 789 luere
2996 737 3215 805 quando
3239 737 3430 792 libera-

1860 823 1939 875 vit
1958 838 2052 877 eos
2093 823 2372 878 Dominus.
2403 823 2592 880 Simile
2613 827 2754 880 enim
2786 827 3067 895 quidpiam
3104 827 3318 882 videtur
3358 829 3430 882 si-

1861 911 2118 979 gniﬁcare
2143 913 2307 966 illud:
2335 912 2528 966 Coram
2567 915 2805 982 patribus
2841 932 3059 980 eorum;
3089 932 3152 970 ac
3186 918 3232 971 si
3273 932 3428 986 aper-

1861 1004 1970 1054 tius
2002 1001 2205 1056 diceret
2235 1021 2246 1056 :
2274 1002 2495 1059 Similes
2525 1004 2770 1073 patribus
2817 1007 2934 1060 suis
2965 1007 3018 1060 in
3043 1006 3201 1060 malis
3228 1007 3425 1061 studiis

1861 1091 2039 1158 fuere;
2073 1105 2127 1147 et
2155 1094 2294 1148 sicut
2323 1094 2398 1148 illi
2421 1096 2572 1150 obliti
2595 1105 2722 1150 sunt
2745 1096 2936 1163 Deum,
2962 1097 3034 1151 ita
3059 1107 3110 1151 et
3135 1098 3245 1152 isti.

1934 1362 2108 1417 15—15.
2146 1364 2436 1432 Interrupit
2484 1382 2626 1418 mare
2668 1375 2716 1419 et
2762 1369 3010 1434 perduxit
3043 1384 3149 1422 eos.
3179 1369 3297 1424 Non
3333 1387 3423 1426 so-

1861 1450 1972 1505 lum
2006 1453 2126 1516 hoc,
2165 1453 2362 1522 inquit,
2399 1454 2491 1507 sed
2521 1456 2686 1508 etiam
2737 1472 2886 1511 mare
2923 1458 3191 1523 dividens,
3234 1475 3426 1516 omnes

1863 1546 2197 1614 pertransire
2243 1543 2390 1599 fecit.
2433 1545 2571 1601 Hinc
2598 1548 2784 1617 incipit
2827 1565 2890 1602 ea
2930 1565 3052 1618 qua:
3083 1550 3134 1602 in
3162 1552 3329 1620 priori
3358 1553 3426 1606 li-

191 1647 467 1718 προτέρας
509 1644 824 1716 λυτρὼσεως
869 1645 1171 1716 διηγεῖσθαι
1205 1647 1498 1716 θαυμάσια.
1529 1647 1761 1700 Καταδι-

1877 1635 2149 1691 iteratione
2191 1638 2334 1693 edita
2385 1648 2514 1693 sunt
2560 1640 2821 1695 miracula
2876 1657 3181 1698 recensere.
3241 1644 3428 1701 Divisa

188 1707 505 1808 αἱρεθείσης
548 1707 654 1805 γάρ
695 1737 774 1797 εἰς
805 1707 1096 1806 διαιρέσεις
1126 1707 1322 1798 πολλὰς
1358 1737 1454 1807 τῆς
1499 1737 1761 1808 Ἐρυθρᾶς

1877 1729 2006 1782 enim
2040 1729 2092 1782 in
2117 1731 2315 1785 multas
2338 1732 2635 1787 divisiones
2664 1733 2847 1787 Rubro
2874 1736 3034 1800 mari,
3061 1752 3124 1790 ac
3159 1740 3426 1806 separatis

189 1827 490 1896 θαλάσσης,
522 1827 741 1880 καὶτῶν
775 1827 980 1880 ὑδάτων
1007 1825 1385 1898 διοριζομένων
1412 1830 1506 1881 καὶ
1538 1827 1597 1893 ἐξ
1631 1828 1761 1882 ἑκά-

188 1935 319 1972 στου
380 1917 578 1989 μέρους
635 1917 1150 1989 μετεωριζομένων,
1197 1918 1291 1970 καὶ
1338 1918 1636 1989 αἰρομένων
1683 1921 1762 1981 εἰς

189 2009 360 2073 ὕψος,
410 2007 611 2076 ὥσπερ
650 2009 718 2061 ἐν
750 2008 918 2074 ἀσκῷ
949 2025 1054 2062 τινι
1101 2007 1440 2060 συνέκλεισεν
1473 2009 1612 2061 αὐτὰ
1645 2007 1764 2079 θείᾳ

183 2099 297 2162 τινὶ
363 2100 621 2170 δυνάμει,
667 2099 815 2163 ὅπως
879 2099 954 2170 μὴ
1017 2099 1334 2170 διαχεόμενα
1382 2098 1649 2172 ὲπικλύσῃ
1704 2099 1764 2152 τὸ

188 2187 417 2258 πλῆθος.

260 2279 367 2333 Διὰ
396 2278 572 2332 τοῦτο
607 2279 837 2348 ἤκουσε
868 2280 1080 2347 Κύριος
1111 2279 1205 2332 καὶ
1238 2278 1576 2334 ἀνεϐάλετο.
1620 2281 1763 2333 Ἀνιτὶ¹

183 2371 305 2425 τοῦο
348 2371 677 2443 ’Υπερέθετο
718 2372 942 2442 μικρὸν,
971 2373 1062 2426 καὶ
1095 2371 1257 2424 οἱονεὶ
1285 2371 1514 2441 ἀνέκοψε
1541 2372 1637 2442 τὴν
1677 2373 1764 2426 εὐ-

184 2481 210 2516 ε
217 2463 483 2534 ργετικὴν
511 2466 686 2535 χεῖρα.

256 2553 371 2607 Καὶ
415 2553 598 2622 ἄρτον
651 2552 907 2620 οὐρανοῦ
954 2552 1175 2607 ἔδωκεν
1219 2551 1444 2618 αὐτοῖς.
1471 2553 1545 2605 Οὐ
1583 2551 1759 2622 μόνον,

187 2643 350 2714 φησὶ,
378 2644 456 2714 τῷ
506 2644 678 2714 μάννα
722 2643 789 2696 τὰ
824 2641 1050 2712 σώματα
1081 2643 1323 2713 ἔτρεφεν,
1367 2642 1502 2696 ἀλλὰ
1531 2642 1640 2713 γὰρ
1671 2641 1764 2695 καὶ

186 2735 386 2804 λογικῇ
432 2752 537 2788 τινι
582 2735 678 2788 καὶ
717 2735 952 2807 οὐρανίῳ
993 2735 1216 2804 δυνάμει
1261 2734 1538 2804 διέτρεφεν
1586 2733 1762 2787 αὐτῶν

187 2825 291 2888 τὰς
322 2824 520 2895 ψυχάς·
554 2825 743 2898 ὥσπερ
779 2826 966 2896 ἀμέλει
999 2825 1278 2896 διατρέφει
1321 2825 1414 2878 καὶ
1443 2825 1568 2887 τοὺς
1597 2824 1762 2893 ἀγγέ-

190 2916 336 2979 λους.
369 2917 480 2968 Καὶ
511 2917 665 2969 τοῦτό
693 2919 805 2969 ἐστι
843 2917 940 2986 μὲν
967 2917 1057 2969 καὶ
1083 2919 1145 2969 ἐκ
1167 2915 1261 2968 τοῦ
1294 2915 1584 2986 συνδέσμου
1615 2916 1760 2980 ἰδεῖν,

191 3007 268 3077 τῷ
291 3006 482 3077 ὥσπερ
508 3009 563 3059 ἐν
585 3008 844 3078 ἐπαγωγῇ
870 3009 1039 3060 εἰπεῖν
1065 3007 1144 3058 τό’
1171 3005 1281 3059 Ka2
1303 3004 1484 3073 ἄρτον
1505 3004 1761 3072 οὐρανοῦ

192 3096 422 3149 ἔδωκεν
464 3096 684 3161 αὐτοῖς.
713 3097 867 3149 Ἐστι
896 3097 952 3149 δὲ
977 3096 1124 3148 οὐδὲν
1155 3091 1315 3167 ἦττον
1350 3095 1442 3147 καὶ
1468 3094 1560 3148 τοῦ
1604 3095 1760 3147 Ἀπο-

194 3189 384 3242 στόλου
418 3187 627 3258 μαθεῖν,
657 3189 782 3258 περὶ
814 3187 990 3242 αὐτῶν
1020 3187 1319 3258 εἰρηκότος,
1351 3188 1426 3251 ὡς
1459 3205 1758 3258 πνευματι-

193 3281 286 3333 κὸν
318 3279 520 3347 ἔφαγον
550 3279 762 3350 βρῶμα.
786 3278 956 3332 Τοῦτο
988 3279 1042 3332 δὲ
1072 3274 1138 3350 ἦν
1162 3281 1190 3332 ὁ
1218 3278 1310 3331 νῦν
1334 3280 1494 3342 άοτος
1517 3280 1759 3349 ἀγγέλων

191 3371 606 3442 ὀνομαζόμενος.

260 3462 373 3516 Καὶ
423 3443 564 3514 ὠσεῖ
598 3462 792 3531 ἅμμον
835 3462 1162 3516 θαλασσῶν
1191 3461 1432 3516 πετεινά
1475 3462 1756 3530 πτερωτά.

193 3552 305 3623 Τὴν
337 3553 754 3626 ὀρτυγομήτραν
780 3554 941 3622 φησὶν
965 3553 1214 3609 ἐνταῦθα.

262 3647 400 3704 Ἔτι,
415 3645 523 3713 τῆς
542 3645 825 3713 βρώσεως
849 3647 1039 3713 οὔσης
1065 3646 1134 3698 ἐν
1158 3645 1237 3711 τῷ
1264 3647 1510 3715 στόματι
1542 3644 1756 3700 αὐτῶν.

193 3736 387 3804 Γέγονε
436 3735 545 3806 γὰρ
591 3738 771 3800 αὐτοῖς
819 3738 897 3799 είς
944 3736 1168 3807 χολέραν
1218 3736 1327 3801 ἕξιν
1367 3739 1398 3807 ἡ
1435 3738 1629 3808 τροφὴ,
1664 3736 1759 3790 ἆτε

190 3828 311 3881 ὅλον
361 3827 531 3880 διόλου
580 3828 973 3881 ὲκνενευκότων
1016 3831 1095 3892 εἰς
1122 3829 1220 3899 τὴν
1255 3829 1362 3881 τῶν
1411 3829 1586 3900 κρεῶν
1627 3829 1761 3899 πλη-

193 3922 420 3993 σμονήν.

259 4014 373 4067 Καὶ
406 4012 707 4082 ἐμνήσθη,
737 4013 823 4064 ὅτι
851 4011 1006 4082 σάρξ
1035 4014 1211 4075 εἰσιν,
1246 4011 1480 4082 πνεῦμα
1514 4012 1758 4078 πορευό-

186 4122 376 4176 μενον
414 4103 511 4158 καὶ
545 4105 655 4157 οὐκ
692 4103 1072 4172 ἐπιστρέφον.
1121 4103 1294 4156 Ἠλέει
1341 4104 1558 4167 αὐτοὺς,
1604 4102 1757 4173 φησὶ,

189 4197 367 4250 καίτοι
398 4195 539 4266 ὁρῶν
567 4195 762 4257 αὐτοὺς
792 4195 1095 4266 ὀλοτρόπως
1128 4194 1507 4257 ἐκκεκλικότας
1533 4195 1612 4257 εἰς
1640 4194 1761 4264 σάρ-

189 4304 311 4350 κας,
337 4287 458 4338 ἀντὶ
482 4285 575 4338 τοῦ
615 4287 694 4348 εἰς
725 4285 786 4337 τὸ
812 4285 882 4337 τὰ
925 4285 1123 4356 σαρκὸς
1157 4288 1391 4355 φρονεῖν,
1423 4286 1514 4338 καὶ
1545 4284 1760 4354 πνεῦμα

1864 1819 2019 1887 aquis
2047 1829 2188 1876 etex
2217 1831 2446 1893 utraque
2495 1832 2648 1892 parte
2685 1824 2738 1877 in
2777 1810 3008 1881 sublime
3041 1827 3218 1894 elatis,
3271 1831 3427 1896 quasi

1862 1912 1917 1964 in
1949 1921 2063 1964 utre
2094 1915 2329 1981 quodam
2367 1915 2549 1968 divina
2598 1916 2794 1970 virtute
2845 1918 3114 1972 conclusit
3168 1935 3298 1985 eas,
3355 1937 3425 1977 ne

1863 1999 2049 2055 eiiusaa
2074 2003 2476 2058 multitudinem
2508 2003 2905 2075 demergerent.

1931 2253 2020 2306 2|.
2060 2253 2185 2308 Ideo
2233 2257 2435 2310 audivit
2472 2258 2730 2313 Dominus
2768 2269 2819 2312 et
2851 2260 3082 2317 distulit.
3140 2263 3307 2331 Quasi
3339 2269 3428 2323 tli-

1862 2354 2027 2407 cerct,
2069 2345 2383 2415 Superscdit
2437 2365 2651 2420 parum,
2686 2363 2740 2406 et
2794 2357 3149 2423 operatricem
3202 2377 3426 2418 manum

1863 2437 2018 2504 quasi
2046 2438 2294 2492 cohibuit

1930 2527 2020 2582 24.
2045 2526 2114 2580 Et
2139 2544 2327 2596 panem
2367 2533 2482 2586 caeli
2513 2534 2657 2586 dedit
2691 2537 2786 2588 eis.
2823 2534 2942 2593 Non
2994 2540 3194 2606 solum,
3227 2543 3424 2614 inquit,

1863 2634 2060 2674 manna
2089 2636 2318 2690 corpora
2350 2624 2646 2688 nutriebat,
2704 2627 2798 2681 sed
2843 2637 2898 2682 et
2945 2631 3250 2688 rationabili
3285 2651 3423 2704 qua-

1863 2709 1988 2764 dam
2018 2721 2070 2766 et
2099 2714 2304 2770 caelesti
2335 2717 2533 2772 virtute
2563 2719 2740 2772 alebat
2787 2735 2975 2774 eorum
3013 2724 3245 2793 animas,
3282 2728 3426 2784 sicut

1863 2818 2048 2859 revera
2077 2807 2239 2860 etiam
2292 2807 2388 2861 alit
2433 2810 2674 2879 angelos.
2733 2813 2912 2881 Atque
2959 2814 3091 2869 illud
3130 2827 3308 2886 potest
3354 2834 3425 2874 cx

1863 2896 2252 2966 conjunctione
2295 2901 2674 2968 animadverti,
2724 2919 2844 2974 quae
2880 2907 3036 2975 quasi
3085 2909 3138 2962 in
3187 2912 3421 2980 quadam

1863 2987 2136 3044 additione
2157 2991 2303 3059 jacet
2347 3007 2470 3047 cum
2517 2994 2752 3048 dicitur:
2795 2996 2864 3050 Et
2893 3015 3080 3067 panem
3122 3003 3236 3056 caeli
3281 3003 3427 3060 dedit

1865 3079 1958 3132 eis.
1994 3077 2362 3136 Nihilominus
2397 3070 2576 3137 autem
2623 3099 2914 3152 possumus
2968 3087 3019 3142 id
3069 3104 3135 3144 ex
3166 3093 3426 3161 Apostolo

1865 3171 2128 3237 ediscere,
2163 3172 2256 3241 qui
2283 3173 2349 3226 de
2382 3175 2489 3228 illis
2529 3175 2662 3229 dicit
2694 3179 2840 3245 quod
2873 3179 3209 3249 spiritualem
3241 3186 3424 3241 cibum

1866 3264 2230 3318 comederent.
2271 3265 2404 3321 illud
2430 3277 2608 3321 autem
2631 3279 2747 3323 erat
2782 3272 2926 3339 quod
2953 3272 3042 3328 hic
3071 3277 3228 3344 panis
3259 3293 3424 3347 ange-

1867 3353 2042 3409 lorum
2076 3365 2322 3410 vocatur.

1933 3441 2022 3494 27.
2057 3441 2127 3494 Et
2152 3444 2288 3495 sicut
2319 3461 2534 3498 arenam
2578 3452 2740 3504 maris
2777 3453 3017 3507 volatilia
3051 3467 3301 3524 pennata.
3349 3458 3428 3516 De

1867 3533 2146 3587 coturnice
2176 3533 2265 3586 hic
2302 3535 2562 3604 loquitur.

1936 3624 2027 3678 30.
2069 3625 2253 3678 Adhuc
2275 3642 2406 3681 esca:
2425 3645 2605 3681 eorum
2631 3640 2779 3684 erant
2813 3632 2868 3686 in
2898 3651 2986 3689 ore
3009 3637 3262 3706 ipsorum.
3291 3639 3430 3696 Ver-

1867 3731 1962 3770 sus
1989 3724 2072 3769 est
2097 3716 2204 3770 illis
2235 3717 2388 3772 cibus
2421 3719 2474 3772 in
2512 3717 2876 3786 iracundiam,
2918 3737 3102 3796 utpote
3124 3731 3216 3800 qui
3251 3734 3429 3788 omni-

1867 3821 1936 3860 no
1964 3811 2030 3861 ad
2055 3809 2396 3862 saturitatem
2431 3813 2680 3866 carnium
2711 3815 3057 3874 declinat-int.

1935 4009 2023 4064 59.
2051 4008 2119 4062 Et
2146 4010 2452 4064 recordatus
2487 4020 2583 4076 est,
2610 4014 2732 4082 quia
2755 4031 2879 4067 caro
2919 4026 3061 4081 sunt,
3087 4021 3301 4086 spiruus
3334 4039 3429 4076 va-

1865 4101 1990 4154 dens
2020 4111 2069 4154 et
2103 4118 2205 4155 non
2233 4103 2458 4155 rediens.
2490 4102 2868 4172 Miserabatur,
2913 4107 3110 4176 inquit,
3150 4111 3294 4172 illos,
3325 4113 3429 4167 etsi

1864 4195 2073 4248 videret
2107 4209 2201 4249 eos
2231 4195 2453 4249 omnino
2479 4194 2784 4251 declinasse
2817 4199 2881 4251 ad
2905 4215 3118 4267 carnes,
3147 4203 3198 4256 id
3231 4215 3334 4268 est,
3371 4216 3430 4259 ut

1865 4301 1928 4341 ea
1957 4302 2078 4356 quae
2107 4286 2289 4341 carnis
2317 4296 2442 4341 sunt
2465 4296 2740 4356 saperent,
2772 4302 2834 4342 ac
2862 4290 3111 4357 spiritum
3138 4293 3336 4349 habere
3362 4296 3429 4350 ad

189 4379 432 4448 ἔχοντας,
464 4381 544 4440 εἰς
571 4375 862 4447 ἐπιθυμίαν
898 4377 1097 4447 σαρκὸς
1127 4378 1213 4429 ἀεὶ
1255 4378 1638 4448 πορευόμενον.
1666 4376 1759 4429 καὶ

1877 4379 2359 4447 :oncupiscentiam
2385 4380 2567 4434 carnis
2598 4395 2810 4449 semper
2844 4383 3148 4447 vadentem,
3173 4401 3272 4439 nec
3294 4402 3428 4442 con-

189 4472 290 4523 οὐκ
333 4469 659 4540 ἐπιστρέφον
705 4472 786 4533 είς
834 4469 892 4522 τὸ
935 4472 1246 4540 μετανοεῖν,
1279 4469 1370 4520 καὶ
1409 4467 1654 4537 ἐκζητεῖν
1698 4467 1758 4534 ἐξ

189 4563 320 4633 ὅλης
350 4562 532 4633 ψυχῆς
556 4563 645 4614 τὸν
676 4562 828 4615 Θεόν.
869 4563 946 4614 Δι’
974 4561 1122 4614 οὐδὲν
1156 4557 1248 4613 οὖν
1279 4561 1462 4630 ἕτερον
1492 4560 1637 4630 ἠλέει
1668 4561 1759 4613 καὶ

190 4654 415 4720 ἔσωσεν,
446 4653 479 4723 ἢ
515 4652 602 4705 διὰ
643 4653 740 4724 τὴν
772 4652 976 4705 οἰκείαν
1019 4652 1178 4721 μόνον
1210 4651 1634 4722 φιλανθρωπίαν.
1671 4651 1761 4703 Διὸ

188 4749 285 4802 καὶ
323 4744 612 4818 προλαϐὼν
652 4741 824 4798 εἶπενο
865 4744 1056 4810 Αὐτὸς
1097 4742 1208 4814 γάρ
1244 4743 1414 4797 ἐστιν
1456 4743 1764 4812 οἰκτίρμων

187 4839 287 4894 καὶ
325 4837 615 4905 ἐλεήμων.

263 4931 386 4981 Οὐκ
427 4926 821 4996 ἐμνήσθησαν
859 4924 968 4993 τῆς
993 4924 1188 4994 χειρὸς
1217 4925 1401 4979 αὑτοῦ
1433 4923 1652 4993 ἡμέρας
1686 4919 1794 4993 ἧς.

187 5015 568 5083 ἑλυτρώσατο
597 5015 816 5082 αὐτοὺς
837 5015 905 5068 ἐκ
934 5014 1128 5084 χειρὸς
1154 5014 1480 5079 θλίϐοντος.
1518 5013 1763 5066 Καταλέ-

189 5110 286 5175 ξας
319 5109 388 5162 τὰ
415 5110 474 5161 ἐν
503 5111 570 5180 τῇ
607 5108 844 5178 θαλάσσῃ
879 5108 970 5160 καὶ
995 5107 1051 5158 ὲν
1081 5107 1271 5178 ἐρήμῳ
1297 5106 1479 5168 αὐτοῖς
1504 5105 1762 5176 δεδομένα

186 5201 390 5270 ἀγαθὰ,
428 5200 613 5270 ἕτερον
650 5200 962 5272 εὐεργεσίας
996 5197 1282 5265 καταλέγει
1312 5197 1531 5268 τρόπον.
1579 5195 1764 5249 Ταῦτα

185 5291 242 5344 δέ
271 5293 390 5343 ἐστι
419 5290 488 5342 τὰ
538 5291 868 5360 περιστάντα
904 5288 1050 5342 δεινὰ
1098 5289 1222 5350 τοὺς
1251 5285 1494 5358 ἐχθρούς·
1521 5286 1556 5356 ἦ
1588 5303 1648 5338 τε
1683 5289 1764 5350 είς

188 5376 330 5450 αἷμα
368 5377 638 5451 μεταϐολὴ
674 5377 768 5431 τοῦ
809 5376 1078 5447 ποταμοῦ,
1113 5376 1206 5428 καὶ
1235 5373 1578 5445 ἡκυνόμυια,
1613 5373 1705 5425 καὶ
1733 5373 1762 5423 ὁ

188 5469 480 5538 βάτραχος,
509 5469 603 5518 καὶ
628 5469 660 5537 ἡ
686 5466 935 5538 ὲρυσίϐη,
958 5466 1051 5520 καὶ
1075 5468 1108 5536 ὴ
1140 5466 1323 5535 ὰκρὶς,
1356 5464 1502 5533 καὶὴ
1529 5462 1757 5531 χάλαζα,

186 5559 281 5610 καὶ
323 5561 356 5627 ἡ
384 5559 585 5628 πάχνη,
621 5560 712 5610 καὶ
739 5559 798 5612 τὸ
826 5559 956 5629 πῦρ,
991 5559 1084 5611 καὶ
1112 5559 1144 5627 ἡ
1168 5557 1276 5609 τῶν
1315 5557 1562 5626 πονηρῶν
1593 5555 1759 5623 ἆγγέ-

185 5651 293 5702 λων
327 5651 617 5721 ἀποστολή-
653 5651 746 5704 καὶ
774 5652 840 5705 τὰ
873 5651 1032 5706 λοιπὰ
1075 5650 1232 5722 μέχρι
1271 5651 1364 5721 τῆς
1406 5651 1510 5704 τῶν
1557 5667 1763 5722 πρωτο-

186 5743 362 5796 τόκων
388 5741 678 5805 ἀπωλείας.

1863 4478 2156 4523 vertentem
2197 4484 2255 4522 se
2292 4469 2358 4523 ad
2385 4470 2759 4538 paenitentiam
2787 4513 2800 4537 ,
2851 4484 2910 4526 ut
2952 4486 3220 4542 quaereret
3252 4475 3421 4532 Deum

1860 4577 1927 4616 ex
1965 4570 2076 4616 tota
2117 4562 2322 4616 anima.
2355 4561 2510 4616 Nulla
2558 4564 2722 4634 igitur
2770 4565 2873 4618 alia
2906 4566 2972 4620 de
3003 4582 3168 4622 causa
3203 4569 3428 4624 misera-

1867 4663 1952 4708 tus
1978 4662 2061 4708 est
2085 4662 2138 4707 et
2171 4654 2380 4708 salvum
2428 4653 2557 4709 fecit
2621 4657 2796 4718 illum,
2851 4659 2953 4712 nisi
3019 4671 3236 4728 propter
3268 4677 3425 4716 suam

1866 4742 2042 4795 solum
2072 4742 2435 4797 clementiam.
2487 4743 2666 4809 Quare
2705 4747 2858 4816 prius
2905 4749 3085 4802 dixit:
3137 4749 3258 4818 Ipse
3289 4754 3430 4807 enim

1868 4833 2146 4885 miserator
2167 4841 2218 4884 et
2249 4834 2568 4888 misericors.

1936 4923 2027 4990 ιε,
2055 4923 2144 4978 49.
2183 4923 2308 4978 Non
2336 4937 2457 4980 sunt
2494 4927 2758 4981 recordati
2801 4945 2988 4983 manus
3030 4929 3165 4998 ejus,
3211 4933 3296 4985 die
3323 4950 3425 5002 qua

1867 5016 2085 5070 redemit
2116 5033 2202 5072 eos
2231 5017 2294 5071 de
2320 5035 2479 5072 manu
2520 5021 2848 5076 tribulantis.
2877 5020 3171 5091 Postquam
3206 5041 3431 5079 enume-

1867 5109 2009 5162 ravit
2061 5107 2205 5162 bona
2263 5109 2320 5163 iu
2372 5112 2510 5164 mari
2559 5121 2613 5166 et
2657 5113 2710 5166 in
2747 5113 2962 5169 deserto
3022 5115 3155 5185 ipsis
3208 5117 3426 5181 collata,

1867 5201 2037 5254 alittm
2080 5209 2326 5254 recenset
2355 5201 2744 5257 beneﬁciorum
2792 5204 3036 5259 modum.
3081 5204 3203 5258 Haec
3250 5216 3428 5258 autem

1868 5299 1998 5344 sunt
2030 5291 2172 5345 mala
2205 5291 2443 5346 inimicis
2486 5293 2654 5357 illata,
2692 5295 2901 5349 scilicet
2929 5295 3158 5349 mutatio
3185 5294 3430 5348 ﬂuminis

1868 5383 1923 5436 in
1989 5383 2330 5452 sanguinem,
2361 5385 2668 5453 cynomyia,
2705 5399 2872 5452 ranae,
2919 5398 3121 5453 aerugo,
3175 5384 3384 5439 locusta
3412 5425 3427 5444 .

1867 5473 2094 5540 grando,
2119 5473 2336 5543 pruina,
2373 5474 2535 5545 ignis,
2584 5474 2852 5528 immissio
2885 5472 3202 5540 angelorum
3254 5473 3429 5526 malo-

1869 5581 2025 5629 rum,
2087 5575 2141 5620 et
2190 5565 2399 5634 reliqua
2436 5580 2608 5634 usque
2659 5565 2724 5619 ad
2768 5562 3257 5633 primogenitorum
3310 5561 3430 5617 cxi-

1869 5657 2023 5710 tium.
