3872 6216
451 295 561 356 ωδ

1303 295 1360 351 S.
1403 295 1770 350 ATHANASII
1811 295 1960 349 OPP.
1999 293 2180 348 PARS
2219 299 2306 353 lli.
2349 331 2418 340 —-
2455 301 2866 360 EXEGETICA.

3572 315 3684 375 356

521 410 611 465 50.
647 407 798 465 Viam
837 411 958 479 fecit
997 411 1196 464 semita:
1237 412 1331 464 ira:
1363 425 1492 464 sua.
1527 411 1665 464 Cum
1718 411 1956 465 dedisset
1988 449 2004 472 ,

2191 413 2536 482 Ὤδοποίησε
2575 420 2778 482 τρίϐον
2826 419 2899 488 τῇ
2946 423 3096 492 ὀργῇ
3135 429 3339 480 αυτοῦ.
3387 430 3688 496 Δεδωκὼς,

450 502 652 572 inquit,
685 503 1007 573 mysterium
1043 503 1190 573 agni.
1220 505 1426 556 exitum
1467 503 1616 556 dedit
1655 504 1769 569 irae,
1809 512 1870 556 ut
1916 517 2012 572 po-

451 595 637 661 pulum
669 609 828 648 suum
861 593 1394 662 prtetergrederetur,
1429 603 1480 646 et
1505 609 1572 646 ne
1605 594 1891 663 attingeret
1917 608 2012 647 eos

449 684 544 752 qui
566 683 682 750 ejus
713 685 1025 754 mysterium
1062 685 1420 738 celebrarent.
1469 683 1575 738 Sed
1623 699 1746 738 cum
1779 685 2014 738 custodi-

450 783 535 829 ret
558 789 652 828 eos
687 774 864 828 dando
893 775 1138 827 semitam
1171 776 1268 828 irae
1299 790 1444 840 suae,
1487 777 1778 830 animabus
1795 791 2005 838 eorum,

447 865 658 918 Scilicet
689 862 1088 931 Egyptiorum,
1131 881 1230 917 non
1259 867 1482 934 pepercit
1527 883 1560 918 a
1594 876 1794 930 morte;
1841 868 2010 922 tradi»

448 955 530 1010 dit
559 955 701 1007 enim
731 957 1162 1008 cxterminatori.

519 1047 606 1101 54.
633 1045 700 1097 Et
729 1047 936 1100 induxit
966 1063 1051 1100 eos
1077 1049 1126 1099 in
1153 1057 1379 1101 montem
1409 1051 1850 1118 sanctiﬁcationis
1879 1067 2008 1104 sum.

447 1137 744 1192 Jerusalem
777 1140 852 1192 ait
875 1149 928 1192 et
964 1141 1224 1208 templum
1265 1151 1447 1210 postea
1481 1143 1532 1194 in
1570 1143 1657 1196 illa
1691 1145 2007 1197 excitatura.

450 1228 678 1282 Montem
731 1230 867 1281 hunc
911 1247 1062 1298 quem
1118 1234 1394 1300 acquisivit
1442 1233 1656 1286 dextera
1708 1235 1840 1302 ejus.
1893 1234 2012 1302 lpse

449 1337 686 1390 namque
715 1321 965 1374 Christus
993 1331 1092 1387 est,
1130 1324 1349 1376 dextera
1379 1323 1576 1386 Patris,
1605 1325 1696 1393 qui
1729 1327 1856 1378 olim
1888 1335 2012 1380 ante

447 1415 705 1481 pupulum
733 1415 1038 1478 incedebat,
1067 1423 1120 1467 et
1150 1423 1298 1468 sorte
1339 1417 1484 1470 dedit
1538 1419 1618 1472 eis
1657 1429 1852 1472 terram
1889 1435 2014 1488 pro-

447 1503 750 1558 missionis.
785 1505 856 1558 Et
893 1507 1044 1574 ejecit
1095 1523 1128 1559 α
1171 1509 1306 1574 facie
1358 1523 1540 1561 eorum
1592 1519 1789 1578 gentes.
1819 1509 2014 1564 Amor-

448 1597 678 1655 rhzeum,
730 1597 1028 1651 Chcttmum
1061 1640 1074 1664 ,
1123 1608 1176 1653 et
1213 1600 1306 1668 qui
1355 1609 1756 1671 consequenter
1787 1615 2013 1656 enume-

447 1697 661 1743 rantur.
701 1687 770 1741 Et
803 1700 942 1742 sorte
969 1691 1148 1743 divisit
1181 1693 1254 1743 eis
1285 1703 1480 1744 terram
1521 1694 1574 1745 in
1621 1692 1856 1761 funiculo
1895 1693 2009 1745 dis-

2116 506 2266 573 φηπὶ,
2315 507 2406 559 τοῦ
2439 509 2609 577 ἀμνοῦ
2651 510 2712 562 τὸ
2764 515 3090 582 μυστήριον,
3133 516 3360 582 διέξοδον
3391 520 3590 574 δέδωκε
3620 527 3688 593 τῇ

2111 593 2268 664 ὀργῇ,
2303 598 2451 660 ὅπως
2475 599 2564 651 τὸν
2595 600 2758 652 αὐτοῦ
2791 603 3029 674 παρέλθῃ
3059 605 3218 670 λαὸν,
3252 609 3344 660 καὶ
3381 611 3454 681 μὴ
3481 613 3692 682 Etim-ca:

2113 686 2219 738 τῶν
2265 689 2426 742 αὐτοῦ
2471 691 2764 744 τελούντων
2796 695 2855 746 τὸ
2891 697 3206 766 μυστήριον.
3249 701 3406 754 Ἀλλὰ
3447 705 3692 771 φυλάξας

2111 776 2330 841 τούτους
2365 779 2456 832 διὰ
2495 781 2584 833 τοῦ
2631 783 2805 846 ἔξοδον
2845 785 3025 839 δοῦναι
3074 792 3137 858 τῇ
3175 791 3341 861 ὀργῇ,
3371 795 3548 847 αὐτῶν
3579 798 3692 848 τῶν

2111 869 2319 938 ψυχῶν,
2353 871 2551 943 δηλαδὴ
2594 875 2700 926 τῶν
2739 877 3082 943 Αἰγυπτίων,
3119 883 3228 933 οὐκ
3257 883 3541 950 ἐφείσατο
3567 888 3690 940 ἀπὸ

2113 957 2390 1010 θανάτουο
2415 962 2694 1030 παρέδωκε
2723 963 2830 1034 γὰρ
2863 967 2940 1034 τῷ
2974 965 3342 1039 ἐξὸλοθρευτῇ.

2181 1048 2288 1099 Kal
2325 1049 2640 1120 εἰσήγαγεν
2664 1055 2884 1120 αὐτοὺς
2905 1059 2990 1120 εις
3018 1057 3154 1124 ὅρος
3187 1059 3552 1129 ἀγιάσματος
3582 1067 3694 1118 αὐ-

2111 1137 2236 1192 τοῦ.
2275 1140 2624 1214 Ἰερουσαλήμ
2651 1163 2782 1214 φησι
2809 1148 2901 1198 καὶ
2927 1148 3014 1200 τὸν
3049 1150 3184 1217 μετὰ
3211 1152 3383 1205 ταῦτα
3405 1156 3694 1227 οἰκοδομη-

2113 1225 2269 1280 θέντα
2314 1231 2370 1282 ὲν
2414 1234 2546 1302 αὐτῇ
2597 1235 2742 1288 ναόν.
2791 1237 2958 1303 Ὄρος
3005 1239 3178 1292 τοῦτο
3223 1241 3254 1292 ὃ
3297 1242 3598 1306 ἐκτήσατο
3651 1246 3690 1312 ἠ

2112 1319 2278 1380 δεξιὰ
2321 1324 2524 1378 αὐτοῦ.
2567 1325 2738 1388 Αύτός
2767 1329 2874 1397 γάρ
2920 1329 3067 1381 ἐστιν
3107 1333 3134 1382 ὁ
3176 1333 3407 1402 Χριστὸς
3457 1335 3488 1403 ή
3537 1334 3694 1399 δεξιὰ

2111 1410 2203 1462 τοῦ
2253 1413 2484 1484 Πατρὸς,
2522 1419 2550 1468 ὁ
2577 1418 2670 1470 καὶ
2707 1419 2870 1471 πάλαι
2899 1423 3369 1492 ’.τροπορευόμενος
3405 1425 3496 1477 τοῦ
3533 1427 3690 1494 λαοῦ,

2113 1503 2203 1552 καὶ
2231 1505 2704 1576 κατακληροδοτῶν
2731 1511 2911 1573 αὐτοῖς
2937 1511 3036 1581 τῆς
3071 1511 3402 1580 ἐπαγγελίας
3427 1517 3524 1585 τὴν
3557 1517 3691 1587 γῆν.

2111 1596 2222 1646 Kal
2269 1596 2554 1660 ἐξέϐαλεν
2595 1601 2711 1653 ἀπὸ
2762 1604 3082 1669 προσώπου
3129 1605 3326 1660 αὐτῶν
3365 1609 3529 1676 ἔθνη.
3583 1611 3692 1663 Τὸν

2126 1685 2446 1762 Ἀμορραῖον
2475 1691 2568 1741 καὶ
2601 1691 2690 1743 τὸν
2721 1695 2978 1748 Χετταῖον
2997 1735 3012 1759 ,
3057 1697 3148 1749 καὶ
3183 1699 3308 1762 τοὺς
3343 1700 3468 1768 ἑξῆς
3499 1701 3664 1771 δηλου
3685 1737 3696 1742 -

451 1778 772 1834 tributionis.
823 1779 1072 1848 Expulsis
1119 1797 1183 1836 ac
1238 1782 1432 1837 deletis
1471 1792 1676 1850 septem
1737 1784 2005 1853 gentibus.

2126 1775 2324 1844 uéVoug.
2373 1783 2481 1834 Kal
2526 1783 3008 1852 ἐκληροδότησεν
3049 1791 3268 1856 αὐτοὺς
3313 1793 3384 1844 ἐν
3433 1797 3692 1864 exc-trigo

447 1867 582 1924 Nam
599 1873 886 1942 pulsorum
915 1874 1076 1928 urbes
1107 1876 1412 1944 domosque
1443 1877 1826 1945 possederant.

517 2127 604 2184 56.
645 2127 712 2181 Et
753 2137 1074 2183 tentaverunt
1121 2139 1170 2182 et
1217 2131 1661 2186 exacerbaverunt
1703 2135 1873 2189 Deum
1915 2153 1998 2191 ex-

445 2209 660 2272 celsu'm.
706 2217 1090 2284 Idololatriam,
1116 2236 1236 2288 qua:
1272 2221 1522 2290 judicum
1559 2233 1613 2276 et
1645 2240 1830 2294 regum
1876 2237 2012 2281 tem-

445 2318 576 2375 pere
625 2307 838 2361 inducta
871 2307 992 2368 fuit.
1038 2319 1274 2364 enarrat.
1318 2310 1388 2362 Et
1417 2313 1715 2366 testimonia
1752 2315 1863 2384 ejus
1908 2335 2010 2372 non

447 2393 824 2448 custodierunt.

517 2483 607 2537 57.
661 2483 724 2536 Et
759 2493 1055 2537 averterunt
1104 2502 1190 2552 se,
1237 2503 1342 2540 non
1379 2500 1714 2544 servaverunt
1756 2505 2006 2561 pactum,

443 2575 881 2644 quemadmodum
911 2588 1085 2645 patres
1120 2593 1368 2633 eorum...
1415 2579 1881 2645 Quemadmodum
1917 2603 2011 2654 pa-

443 2671 555 2718 tres
591 2679 810 2730 eorum,
843 2665 944 2728 ait,
975 2668 1028 2719 in
1066 2667 1310 2730 deserto,
1351 2670 1689 2738 redemptore
1722 2673 2005 2742 abnegato,
2033 2731 2038 2736 _

443 2756 671 2810 vitulum
701 2756 988 2812 iecerunt:
1021 2759 1096 2812 ita
1143 2769 1196 2814 et
1229 2760 1320 2814 isti
1354 2763 1552 2817 erectis
1587 2764 1770 2819 vitulis
1797 2767 2008 2822 sacriti-

443 2849 660 2912 cabant,
693 2847 802 2903 Deo
833 2849 1110 2904 derelicto.
1487 2921 1492 2926 _

510 2937 600 2990 58.
645 2935 710 2989 In
733 2938 869 2989 iram
907 2940 1297 2992 concitaverunt
1319 2957 1434 2994 eum
1462 2943 1516 2995 in
1546 2945 1769 3000 collibus
1793 2951 1922 3004 suis.
1949 2949 2008 3004 In

442 3031 697 3098 omnibus
737 3031 880 3084 enim
922 3034 1188 3085 montium
1235 3036 1610 3091 cacuminibus
1657 3039 2008 3098 immolabant

442 3105 804 3185 daemimibus,
839 3130 898 3173 ut
926 3121 1000 3174 ait
1029 3120 1198 3176 Oseas
1231 3124 1494 3193 propheta
1516 3128 1583 3180 9'.

511 3211 602 3266 59.
627 3212 842 3265 Audiuit
873 3211 1013 3266 Deus
1043 3223 1092 3266 et
1121 3217 1336 3282 sprevit,
1377 3227 1426 3269 et
1457 3219 1526 3271 ad
1555 3219 1778 3274 nihilum
1809 3225 2006 3294 redegit

441 3304 592 3358 valde
621 3303 811 3360 Israel.
834 3305 1042 3360 Traditi
1067 3308 1212 3360 enim
1237 3315 1367 3362 sunt
1389 3311 1552 3366 variis
1582 3315 2003 3378 captivitatibus.

509 3481 596 3536 60.
619 3481 685 3535 Et
715 3484 905 3551 repulit
941 3486 1333 3542 tabernaculum
1363 3487 1550 3542 Silam.
1582 3490 1638 3544 In
1669 3490 1836 3546 Silom
1861 3493 2003 3548 enim

440 3581 558 3626 erat
591 3575 741 3642 prius
771 3577 1205 3642 tabernaculum,
1240 3596 1348 3648 quo
1376 3592 1616 3650 tempore
1643 3585 2002 3638 sacerdotium

437 3668 762 3720 exercebant
789 3665 906 3719 Heli
949 3677 1003 3720 et
1027 3667 1269 3724 Samuel.
1305 3670 1718 3726 Tubernaculam
1744 3674 1832 3728 ubi
1863 3676 2006 3729 habi-

439 3755 568 3806 tavit
597 3756 650 3807 in
677 3755 995 3810 hominibus.
1023 3756 1450 3815 Tabernaculum
1487 3763 1617 3816 dicit
1644 3779 1847 3830 arcam,
1884 3782 2004 3834 quae

438 3845 752 3900 hominibus
783 3847 890 3900 illis
919 3856 1102 3916 erepta
1133 3857 1236 3914 est,
1265 3865 1294 3903 a
1329 3852 1572 3920 quinque
1605 3855 1858 3924 satrapiis
1883 3871 2004 3925 quae

435 3936 776 3992 abstulerunt
813 3938 982 3993 illam.

506 4027 594 4081 6i.
636 4027 704 4080 Et
746 4029 966 4082 tradidit
1004 4030 1058 4083 in
1094 4033 1452 4100 captivitatem
1505 4037 1752 4090 virtutem
1799 4053 2000 4103 eorum,

433 4128 484 4171 et
517 4119 964 4187 pulchritudinem
996 4137 1200 4174 eorum.
1233 4121 1417 4178 Virtus
1448 4134 1500 4178 et
1523 4127 1872 4194 pulchritudo
1909 4143 2004 4182 eo-

435 4226 557 4265 rum
578 4220 694 4266 erat
715 4227 860 4276 arca,
885 4228 1006 4282 qua:
1026 4214 1222 4268 tradita
1250 4223 1332 4270 est
1355 4216 1408 4268 in
1433 4231 1629 4272 manus
1657 4217 2002 4274 Azotiorum.

2111 1871 2530 1938 κληροδοσίας.
2573 1875 2760 1927 Αὐτῶν
2803 1878 2910 1929 τῶν
2943 1879 3301 1943 ἐξελαθέντων
3347 1885 3438 1937 καὶ
3481 1887 3696 1958 ἀνῃρη-

2115 1959 2288 2029 μένων
2315 1963 2451 2015 έπτὰ
2479 1963 2664 2018 ἐθνῶν.
2697 1967 2806 2030 Τὰς
2832 1969 2940 2039 γὰρ
2970 1971 3152 2035 πόλεις
3180 1975 3358 2027 αὐτῶν
3387 1975 3496 2028 τῶν
3523 1979 3689 2030 ἐκδε-

2111 2049 2209 2120 ὅλη
2219 2053 2388 2120 μένων
2417 2057 2508 2106 καὶ
2539 2058 2664 2120 τοὺς
2699 2057 2878 2123 οἴκους
2909 2061 3368 2134 ἐκληρονὸμησαν.

2177 2144 2285 2196 Καὶ
2307 2145 2632 2212 ἐπείρασαν
2660 2149 2758 2202 καὶ
2785 2155 3236 2221 παρεπίκραναν
3261 2157 3370 2210 τὸν
3397 2157 3550 2211 Θεὸν
3577 2157 3694 2212 τὸν

2111 2232 2390 2298 ὕψιστον.
2427 2237 2536 2306 Τὴν
2577 2239 2667 2290 ἐπὶ
2697 2239 2804 2294 τῶν
2849 2243 3048 2312 κριτῶν
3077 2245 3374 2316 γενομένην
3403 2248 3693 2303 εἰδωλολα-

2109 2320 2290 2389 τρείαν
2341 2325 2630 2393 σημαίνει,
2679 2329 2775 2380 καὶ
2816 2331 2914 2401 τὴν
2949 2334 3042 2384 ἐπὶ
3087 2333 3194 2386 τῶν
3229 2335 3546 2404 βασιλειῶν.
3571 2339 3689 2393 Kal

2111 2411 2180 2464 τὰ
2206 2417 2496 2480 μαρτύρια
2526 2419 2712 2472 αὐτοῦ
2751 2422 2862 2474 οὐκ
2891 2423 3288 2492 ἐφυλάξαντο.

2179 2504 2290 2558 Καὶ
2322 2507 2732 2577 ἀπέστρεψαν,
2769 2507 2866 2565 ὸιαὶ
2912 2515 3236 2584 ἠθέτησαν,
3269 2520 3465 2587 καθὼς
3499 2523 3598 2574 καὶ
3629 2527 3690 2576 οἱ

2111 2594 2356 2662 πατέρες
2398 2600 2614 2654 αὐτῶν.
2653 2603 2860 2675 ’Ὠσπερ
2891 2608 2940 2658 oi
2987 2609 3219 2682 πατέρες
3257 2613 3684 2684 αύτῶν,.,φησὶν,

2110 2686 2166 2737 ἐν
2195 2689 2257 2756 τῇ
2291 2688 2482 2760 ἐρήμῳ
2525 2691 2617 2744 τὸν
2665 2695 2862 2764 μόσχον
2905 2702 3253 2768 πεποιήκασι,
3287 2704 3378 2756 τὸν
3404 2704 3686 2778 λυτρωτὴν

2111 2777 2504 2847 ἀρνησάμενοι·
2553 2781 2695 2836 οὕτω
2741 2787 2836 2839 καὶ
2879 2781 3022 2841 οὗτοι
3074 2792 3235 2844 πάλιν
3280 2795 3382 2858 τὰς
3421 2795 3683 2867 δαμάλεις

2109 2867 2394 2933 ἀναθέντες
2422 2870 2596 2936 ἔθυον,
2631 2875 3084 2944 ἐγκαταλιπόντες
3106 2882 3254 2937 Θεόν.
3311 2879 3314 2882 ’

2180 2962 2288 3014 Kal
2323 2961 2702 3033 παρώργισαν
2729 2969 2914 3023 αὐτὸν
2939 2973 3008 3026 ἐν
3037 2975 3160 3041 τοῖς
3186 2977 3439 3045 βουνοῖς
3460 2980 3680 3036 αὐτῶν.

2034 3088 2076 3145 C
2123 3051 2246 3145 ξῌπὶ
2297 3054 2477 3107 πᾶσαν
2534 3057 2643 3128 γὰρ
2703 3065 2946 3134 κορυφὴν
2989 3065 3147 3134 ὅρους
3193 3072 3304 3131 τοῖς
3351 3072 3686 3142 ἀκαθάρτοις

2109 3143 2261 3198 ἔθυον
2288 3148 2554 3220 δαίμοσιν,
2583 3151 2658 3214 ὡς
2689 3153 2717 3204 ὁ
2749 3157 3028 3224 προφήτης
3069 3157 3225 3228 Ὠσηέ
3257 3178 3437 3230 φησιν.

2179 3237 2473 3292 Ἤκουσεν
2499 3243 2531 3293 ό
2561 3241 2703 3308 Θεὸς
2735 3244 2832 3296 καὶ
2865 3245 3150 3313 ὑπερεῖδε,
3183 3251 3278 3303 καὶ
3309 3251 3687 3316 ἐξουδένωσε

2105 3326 2338 3393 σφόδρα
2393 3330 2648 3397 Ἰσραήλ.
2693 3333 3074 3407 Παρεδόθησαν
3113 3339 3220 3410 γὰρ
3269 3343 3347 3405 εἰς
3393 3343 3688 3417 διαφόρους

2105 3419 2494 3487 αἰχμαλωσίας.

2173 3509 2282 3600 Kal
2313 3510 2596 3566 ἀπώσατο
2643 3513 2758 3582 τὴν
2801 3519 3044 3588 σκηνὴν
3083 3523 3317 3592 Σηλὼμ.
3359 3525 3447 3580 Ἐν
3477 3527 3684 3600 Σηλὼμ.

2104 3597 2211 3667 γὰρ
2253 3593 2319 3668 ἦν
2383 3599 2444 3652 τὸ
2497 3603 2757 3674 πρότερον
2807 3608 2838 3676 ἡ
2892 3610 3100 3680 σκηνὴ,
3151 3613 3314 3682 ἡνίκα
3361 3614 3684 3685 ἱεράτευσαν

2115 3687 2261 3739 Ἠλεὶ
2289 3691 2382 3741 καὶ
2411 3691 2678 3762 Σαμουὴλ.
2713 3695 3004 3766 Σκήνωμα
3042 3699 3072 3752 ὃ
3117 3705 3584 3774 κατεσκήνωσεν
3614 3711 3685 3763 ἐν

2103 3778 2448 3847 ἀνθρώποις.
2483 3783 2754 3855 Σκήνωμα
2779 3789 2876 3857 τὴν
2913 3791 3142 3846 κιϐωτόν
3177 3811 3370 3865 φησιν,
3403 3799 3549 3872 ἤπερ
3576 3802 3684 3855 ἀπὸ

2103 3869 2208 3920 τῶν
2237 3869 2538 3940 ἀνθρώπων
2577 3875 2798 3930 ἐκείνων
2832 3880 3112 3952 ἀφῄρηται
3146 3885 3250 3940 τῶν
3286 3888 3447 3942 πέντε
3477 3908 3682 3963 cra-spa-

2105 3960 2270 4012 πειῶν
2299 3961 2405 4014 τῶν
2434 3961 2708 4018 λαϐουσῶν
2735 3968 2923 4038 αὐτήν.

2173 4053 2284 4106 Καὶ
2335 4055 2676 4122 παρέδωκεν
2725 4061 2812 4126 εις
2861 4065 3276 4131 αἰχμαλωσίαν
3331 4070 3446 4140 τὴν
3495 4076 3682 4144 ἰσχὺν

2104 4144 2334 4211 αὐτῶν,
2382 4149 2480 4200 καὶ
2522 4153 2838 4220 καλλονὴν
2891 4157 3109 4212 αὐτῶν.
3155 4161 3326 4231 ’ἰσχὺς
3367 4166 3546 4218 αὐτῶν
3585 4171 3680 4221 καὶ

2109 4235 2212 4306 μὴν
2241 4239 2334 4288 καὶ
2365 4238 2592 4312 καλλονὴ
2619 4244 2652 4312 ἡ
2687 4243 2918 4307 κιϐωτὸς
2939 4242 3006 4317 ἦν
3039 4249 3072 4319 ἦ
3107 4253 3460 4323 παραδέδοται
3506 4257 3676 4321 Ἀζω-

2105 4327 2232 4378 τίων
2263 4329 2340 4390 ei;
2368 4333 2572 4400 χεῖρας.

505 4408 595 4462 62.
629 4409 698 4462 Et
729 4410 984 4463 conclusit
1033 4411 1086 4464 in
1132 4411 1309 4481 gladio
1347 4413 1596 4482 populum
1638 4431 1811 4469 suum.
1861 4417 1998 4470 Cum

2169 4419 2280 4472 Kal
2303 4421 2697 4480 συνέκλεισεν
2724 4429 2808 4492 εἰς
2830 4431 3135 4498 ῥομφαίαν
3155 4434 3260 4488 τὸν
3283 4437 3438 4490 λαὸν
3461 4443 3674 4498 αὑτοῦ.

435 4499 761 4554 ducerentur
793 4502 939 4555 enim
979 4501 1034 4555 in
1065 4503 1429 4571 captivitatem
1477 4506 1866 4570 moriebantur,
1909 4523 2006 4560 ne-

435 4589 582 4642 mine
627 4591 959 4658 auxiliante,
1007 4593 1134 4662 quia
1167 4591 1466 4650 familiares
1497 4611 1687 4650 eorum
1739 4597 1863 4667 igne
1905 4599 2002 4652 ab-

436 4680 635 4748 sumpti
675 4679 910 4734 fuerant.

505 4767 594 4822 64.
637 4767 945 4824 Sacerdotes
981 4787 1158 4824 eorum
1189 4774 1241 4826 in
1267 4773 1443 4842 gladio
1471 4775 1788 4830 ceciderunt.
1836 4777 2002 4835 Filios

435 4851 554 4912 Heli
597 4861 894 4914 sacerdotis
927 4863 1058 4916 dicit
1093 4862 1196 4916 :Et
1239 4867 1408 4920 viduae
1450 4883 1632 4920 eorum
1673 4885 1777 4921 non
1817 4871 2004 4938 plora-

439 4952 649 5004 buntur.
695 4951 976 5006 Perierunt
1010 4956 1154 5008 enim
1197 4957 1384 5010 eodem
1433 4961 1636 5021 exitio,
1673 4969 1834 5029 atque
1866 4963 1999 5016 viris

437 5041 494 5094 in
525 5048 696 5092 morte
729 5039 1032 5106 conjuncta:
1063 5051 1222 5107 sunt,
1267 5061 1442 5114 neque
1479 5047 1732 5116 lacrymis
1767 5060 1826 5102 ut
1863 5051 2002 5106 solet

436 5133 494 5187 in
523 5133 752 5187 mortuis
783 5137 894 5185 lien
927 5134 1214 5203 deploratae
1242 5147 1392 5192 sunt.

509 5222 598 5277 66.
641 5221 708 5274 Et
737 5221 990 5291 percussit
1029 5224 1268 5278 inimicos
1297 5242 1418 5280 suos
1447 5229 1504 5281 in
1527 5233 1842 5298 posteriora.
1885 5232 2000 5289 Hoc

436 5315 512 5370 ait
548 5315 675 5384 quia
715 5314 934 5368 Azotios
968 5323 1022 5368 et
1053 5314 1394 5374 Ascalonitas
1445 5320 1498 5373 in
1542 5323 1827 5390 podicibus
1872 5341 1996 5394 per-

434 5409 624 5472 cussit,
652 5407 825 5459 donec
851 5405 1185 5460 remitterent
1213 5423 1434 5464 arcam.

507 5497 595 5552 67.
639 5497 704 5550 Et
733 5498 920 5566 repulit
949 5497 1343 5556 tabernaculum
1371 5501 1586 5574 Ioseph.
1627 5503 1742 5562 Hoc
1767 5507 1842 5563 ait
1871 5509 1998 5578 quia

541 5698 582 5728 ”
624 5695 745 5754 Ose.
788 5717 860 5768 ιι,
905 5701 991 5761 12.

2043 5106 2050 5112 ,
2103 5057 2195 5108 καὶ
2223 5057 2298 5127 τῷ
2337 5060 2443 5112 τῶν
2488 5063 2693 5133 ἀνδρῶν
2734 5065 2944 5137 θανάτῳ
2979 5073 3352 5143 συνῆφθησαν,
3399 5077 3530 5146 μηδὲ
3563 5077 3678 5132 τῶν

2073 5167 2075 5170 ·
2102 5149 2194 5200 ἐπὶ
2221 5155 2430 5221 νεκροῖς
2455 5155 2766 5220 ἀξιωθεῖσαι
2789 5159 3056 5232 δακρύων.

2117 4511 2392 4582 Ἀγόμενοι
2420 4515 2530 4586 γὰρ
2561 4519 2912 4588 αἰχμάλωτοι,
2938 4521 3297 4594 ἀπέθνησκον,
3331 4531 3543 4596 οὐδενὸς
3575 4537 3674 4588 αὐ-

2103 4605 2214 4664 τοῖς
2262 4605 2708 4676 ἐπικουροῦντος,
2754 4611 2839 4664 διὰ
2883 4613 2944 4665 τὸ
2985 4617 3486 4691 προδεδαπανῆσθαι
3543 4629 3680 4698 πυρὶ

2103 4695 2228 4756 τοὺς
2261 4695 2594 4766 ἐπιτηδείους
2622 4702 2820 4758 αὐτῶν.

2176 4789 2240 4838 Ol
2273 4789 2446 4854 ἱερεῖς
2477 4791 2674 4845 αὐτῶν
2703 4795 2774 4848 ἐν
2787 4799 3052 4866 ῥομφαίᾳ
3083 4801 3325 4857 ἔπεσον.
3355 4805 3494 4868 Τοὺς
3525 4809 3682 4870 υἱοὺς

2117 4875 2264 4928 Ἠλεὶ
2307 4878 2400 4930 τοῦ
2449 4881 2638 4950 ἱερέως
2684 4884 2850 4952 λέγει.
2883 4887 2994 4941 Kal
3039 4893 3098 4942 al
3147 4890 3328 4960 χῆραι
3360 4893 3558 4948 αὐτῶν
3599 4901 3680 4952 οὐ

2103 4967 2562 5032 κλαυθήσονται.
2591 4973 2968 5029 Συνδιολώλασι
2991 4979 3097 5051 γὰρ
3121 4985 3184 5050 τῇ
3213 4982 3388 5037 αὐτῶν
3409 4985 3676 5058 ἀπωλείᾳ,

2172 5241 2280 5293 Kal
2307 5243 2568 5308 ἐπάταξε
2595 5248 2736 5314 τοὺς
2770 5250 3021 5318 ἐχθροὺς
3045 5255 3228 5308 αὑτοῦ
3253 5259 3339 5322 εἷς
3363 5259 3434 5312 τὰ
3457 5259 3671 5312 ὀπίσω.

2103 5329 2272 5384 Τοῦτό
2320 5350 2448 5402 φησι
2487 5335 2572 5388 διὰ
2615 5339 2674 5391 τὸ
2717 5341 3001 5404 Ἀζωτίους
3037 5346 3129 5397 κοί)⁴
3165 5347 3558 5411 Ἀσκαλωνίτας
3590 5352 3676 5414 εἰς

2100 5421 2198 5486 τὰς
2219 5425 2378 5494 ἕδρας
2403 5429 2658 5495 πατάξαι,
2686 5431 2842 5504 ἄχρις
2869 5429 2928 5488 οὗ
2949 5437 3046 5505 τὴν
3072 5437 3300 5491 κιϐωτὸν
3323 5441 3672 5494 ἀπέστειλαν.

2179 5513 2284 5568 Kal
2329 5517 2608 5574 ἀπώσατο
2653 5524 2716 5576 τὸ
2746 5524 3030 5594 σκήνωμα
3075 5527 3303 5597 Ἰωσήφ.
3341 5531 3510 5584 Τοῦτό
3539 5549 3674 5601 φηςι
