3872 6216
172 263 284 318 357

1218 259 1585 315 EXPOSITIO
1616 258 1684 312 IN
1719 259 2052 316 PSALMUM
2095 260 2376 315 LXXVIII.

3374 262 3445 324 53

170 384 260 435 διὰ
303 383 364 433 τὺ
401 381 500 451 τὴν
540 377 738 450 Σηλὼμ
789 380 846 432 ὲν
890 379 956 448 τῇ
996 377 1171 448 μερίδι
1218 375 1356 431 εἶναι
1397 379 1490 432 τοῦ
1539 379 1751 448 Ἰωσήφ·

1870 378 2034 432 Silom
2065 389 2183 433 erat
2218 381 2271 433 in
2309 380 2557 448 portione
2583 378 2817 449 Joseph;
2852 380 3108 450 Ephraim
3158 391 3337 437 autem
3373 384 3438 438 ti-

184 470 426 542 Ἐφραῒμ
451 471 508 522 δὲ
542 469 657 531 υἱὸς
697 469 912 538 Ἰωσήφ.

241 562 355 616 Καὶ
396 560 718 625 ἐξελέξατο
776 560 889 628 τὴν
935 559 1142 629 φυλὴν
1195 560 1409 615 Ἰούδα.
1471 561 1602 613 Ἀπὸ
1648 560 1758 632 γὰρ

168 655 376 724 ταύτης
418 654 548 716 τοὺς
600 653 853 722 βασιλέας
901 653 1176 724 ἐποίησεν,
1209 647 1283 706 ὧν
1315 654 1529 724 πρῶτος
1573 653 1755 706 Δαυῖδ.

185 746 386 799 ’ἰστέον
430 745 523 809 δὲ,
573 746 648 808 ὡς
695 744 867 815 φυλὴν
911 746 1031 797 ἀντὶ
1081 745 1252 816 φυλῆς
1302 745 1614 811 ἐξελέξατο,
1660 746 1758 815 τὴν

184 837 359 890 Ἰούδα
403 836 525 888 ἀντὶ
570 835 670 905 τῆς
712 837 929 906 Ἰωσήφ·
967 837 1061 888 καὶ
1104 837 1268 889 τόπον
1303 838 1423 889 ἀντὶ
1470 838 1666 901 τόπου,
1698 839 1758 891 τὸ

170 926 297 997 ὅρος
327 924 466 977 Σιὼν
494 925 615 976 ἀντὶ
648 925 746 994 τῆς
775 924 993 996 Σηλὼμ.

243 1017 358 1074 Καὶ
393 1016 780 1084 ᾠκοδόμησεν
825 1018 906 1083 ὡς
943 1019 1354 1087 μονοκέρωτος
1396 1021 1462 1074 τὸ
1495 1021 1759 1090 ἀγίασμα

170 1109 383 1162 αὑτοῦ.
441 1108 712 1179 Ἀγίασμα
781 1110 878 1179 μὲν
941 1111 1031 1164 τον
1087 1111 1228 1165 θεῖον
1292 1116 1348 1164 ὲν
1407 1115 1756 1185 Ἰερουσαλὴμ

173 1200 591 1272 ᾠκοδομηθέντα
615 1200 758 1268 λέγει
788 1201 932 1252 ναόν’
960 1203 1279 1272 Μονόκερως
1307 1202 1362 1254 δὲ
1397 1203 1580 1273 θηρίον
1612 1205 1758 1256 ἐστὶν

173 1294 618 1363 ἀκαταμάχητον,
643 1293 729 1345 διὰ
754 1294 814 1345 τὸ
839 1294 930 1359 ὀξὺ
960 1294 1126 1366 κέρας
1153 1296 1241 1347 ἐπὶ
1267 1294 1518 1364 μετώπου
1548 1296 1753 1364 φέρειν,

174 1389 268 1439 καὶ
303 1387 481 1438 πάντα
506 1386 680 1455 τούτῳ
713 1387 955 1456 ἀναιρεῖν
985 1387 1052 1439 τὰ
1083 1385 1264 1457 θηρία.
1291 1387 1453 1454 Λέγει
1483 1383 1594 1448 οὖν,
1627 1389 1756 1439 Ὅτε

169 1474 347 1539 οὕτως
390 1477 417 1528 6
458 1476 598 1540 θεῖος
652 1477 971 1548 ᾠκοδομήθη
1022 1478 1169 1541 ναὸς,
1213 1478 1286 1541 ὡς
1333 1478 1509 1530 πάντα
1537 1479 1604 1531 τὰ
1631 1478 1754 1550 ἔθνη

170 1570 272 1639 τῆς
298 1568 525 1639 ἐνούσης
552 1571 610 1622 ὲν
644 1569 793 1639 αὐτῷ
829 1569 1010 1639 ἰσχύος
1035 1570 1260 1638 δεύτερα
1296 1571 1594 1638 φαίνεσθαι.

252 1658 604 1721 Ἐξόπισθεν
646 1657 765 1711 τῶν
813 1659 1232 1727 λοχευομένων
1284 1660 1500 1714 ἔλαϐεν
1549 1663 1749 1714 αὐτόν.

169 1749 517 1819 Τικτομένων
545 1751 638 1802 καὶ
666 1752 1039 1822 γεννωμένων.
1087 1753 1217 1806 Ἀπὸ
1247 1755 1344 1824 τῆς
1368 1759 1748 1826 ποιμαν-τικῆς,

169 1841 370 1911 φησιν,
424 1843 755 1913 ἐπιστήμης,
799 1845 890 1896 καὶ
939 1845 1032 1897 τοῦ
1081 1846 1280 1899 εἰδέναι
1313 1847 1383 1900 τὰ
1425 1848 1751 1919 λοχευόμενα

166 1932 275 1986 τῶν
331 1933 615 2004 προϐάτων
663 1936 1074 2004 διαφυλάττειν,
1122 1938 1299 2001 καλῶς
1344 1940 1626 1994 ἀναλαϐὼν
1660 1942 1753 1994 καὶ

166 2023 275 2076 τῶν
305 2025 541 2092 λογικῶν
571 2025 902 2098 θρεμμάτων
930 2029 1168 2096 ποιμένα
1200 2031 1486 2101 πεποίηκε.
1514 2033 1752 2100 Ποιμαί-

165 2133 298 2169 retr
345 2117 548 2170 Ἰακὼϐ
571 2118 675 2170 τὸν
701 2118 926 2172 δοῦλον
957 2121 1162 2174 αὐτοῦ.
1198 2123 1471 2184 Τουτέστι,
1497 2124 1750 2178 διδάσκα-

167 2209 254 2274 λος
299 2211 484 2273 αὐτοῖς
517 2212 735 2280 ἀγαθῶν
779 2214 995 2284 τρόπων
1036 2215 1270 2283 ἐγένετο,
1319 2216 1383 2268 δι’
1427 2209 1501 2269 ὧν
1547 2215 1752 2268 ἐπεδεί-

166 2317 332 2353 κνυτο
360 2302 653 2367 παιδεύσας
678 2304 890 2368 αὐτούς.

239 2391 354 2445 Καὶ
384 2393 455 2446 ὲν
492 2393 620 2458 ταῖς
663 2394 953 2449 συνέσεσι
990 2395 1108 2448 τῶν
1134 2395 1349 2464 χειρῶν
1380 2397 1565 2462 αὑτοῦ
1595 2397 1749 2466 ὡδή-

165 2498 361 2550 γησεν
400 2485 642 2550 αὐτούς.
686 2483 906 2538 Σύνεσιν
954 2486 1152 2556 χειρῶν
1199 2489 1378 2540 πᾶσαν
1420 2488 1516 2559 τὴν
1564 2492 1622 2542 ἐν
1674 2488 1751 2559 τῷ

167 2574 504 2645 προσήκοντι
526 2575 723 2643 πρᾶξιν
748 2577 1035 2647 γινομένην
1063 2579 1243 2648 φησίν.

545 2669 856 2721 ΨΑΛΜΟΣ
886 2667 964 2733 τῷ
1007 2669 1208 2739 Ἀσάφ.
1249 2674 1378 2725 011⁷.

821 2762 1140 2828 Ὑπόϐεσις.

165 2841 370 2904 Τοῦτον
405 2852 520 2923 ᾅδει
549 2852 641 2905 τὸν
681 2853 891 2924 ψαλμὸν
924 2855 1064 2925 ὑπὲρ
1107 2856 1214 2908 τῶν
1242 2857 1632 2928 ἀναιρεθέντων
1662 2876 1751 2911 πι-

238 2942 391 3013 κρῶς
433 2943 574 2996 κατά
603 2945 728 3007 τοὺς
770 2946 996 3017 καιροὺς
1027 2947 1120 2999 τοῦ
1168 2949 1461 3018 Ἀντιόχου·
1494 2949 1658 3002 αἰτῶν
1689 2968 1748 3002 τε

235 3033 327 3086 διὰ
371 3034 473 3104 τῆς
524 3035 756 3098 ἱκετείας
802 3038 1077 3107 ἐκδίκησιν
1133 3039 1386 3106 γενέσθαι
1437 3039 1536 3108 τῆς
1585 3044 1662 3103 εἰς
1689 3043 1750 3092 τὸ
1778 3075 1819 3131 C

231 3125 388 3189 ἔθνος
428 3127 720 3199 γινομένης
767 3129 1095 3198 μιαιφονίας,
1143 3131 1623 3202 μεταστραφεισῶν
1661 3131 1753 3203 δη-

233 3218 411 3273 λονότι
440 3219 548 3272 τῶν
588 3220 882 3292 συμφορῶν
928 3223 1006 3284 εἰς
1044 3222 1240 3285 αὐτοὺς
1287 3224 1413 3288 τοὺς
1451 3225 1754 3292 ἐπάγοντας

237 3312 432 3375 αὑτάς.

249 3403 306 3457 '0
353 3405 518 3470 Θεὸς,
555 3405 832 3474 ἦλθοσαν
877 3407 1022 3475 ἔθνη
1073 3410 1161 3474 εἷς
1208 3407 1320 3476 tim
1350 3410 1756 3477 κληρονομίαν

161 3514 304 3552 σου.
341 3497 576 3562 Πολλοὺς
608 3499 716 3570 γὰρ
754 3500 1068 3569 εἰσαγαγὼν
1118 3503 1146 3553 6
1184 3491 1473 3571 Ἀντίοχος,
1507 3501 1752 3570 εἰσῆλθεν

163 3593 244 3654 εἰς
288 3590 635 3662 Ἰεροσόλυμα
660 3593 754 3645 καὶ
790 3593 1058 3665 ἐνέπρησε
1085 3593 1174 3646 τὸν
1207 3593 1346 3647 θεῖον
1373 3594 1518 3646 ναόν.
1559 3594 1753 3662 Ἐμιά-

162 3697 284 3734 var
311 3681 420 3734 τὸν
443 3681 591 3736 ναὸν
618 3684 724 3736 τὸν
749 3684 922 3753 ἅγιόν
955 3701 1091 3738 σου.
1140 3686 1290 3746 Ἰδοὺ,
1323 3685 1478 3754 φησι,
1503 3684 1608 3737 τῶν
1645 3685 1750 3738 σῶν

161 3772 480 3842 ἐκράτησαν
526 3771 694 3835 ἄλλοι,
742 3774 834 3826 καὶ
876 3775 943 3828 τὰ
993 3774 1061 3827 σὰ
1113 3775 1216 3828 ὑπὸ
1259 3774 1567 3842 ἀλλοφύλων
1619 3791 1749 3828 κατ-

160 3862 375 3932 έχεται.
412 3864 648 3934 Ἕθενήτο
682 3865 1080 3934 Ἰερουσαλὴμ
1114 3869 1203 3932 εἱς
1235 3865 1747 3933 ὀπωροφυλάκιον.

159 3953 478 4020 Διθολόγιος
503 3956 665 4019 τόπος
693 3957 826 4009 ὅπου
858 3957 956 4028 τὴν
986 3958 1190 4028 σκηνὴν
1224 3957 1333 4028 ἔχει
1356 3961 1382 4010 ὁ
1411 3958 1507 4021 τὰς
1529 3957 1749 4028 ὀπώρας

163 4044 479 4113 φυλάσσων.

239 4136 487 4188 Ἐθεντο
526 4135 598 4189 τὰ
643 4139 964 4207 θνησιμαῖα
1009 4139 1130 4192 τῶν
1171 4140 1406 4194 δούλων
1437 4158 1554 4195 σου
1591 4143 1746 4210 ,dei-

157 4239 322 4291 ματα
351 4215 479 4289 τοῖς
516 4226 807 4292 πετεινοῖς
850 4227 954 4280 τοῦ
995 4229 1275 4296 οὐρανοῦ.
1312 4230 1409 4283 Διά
1443 4231 1550 4302 γὰρ
1581 4233 1748 4303 ὑπερ-

163 4314 330 4384 ϐολὴν
374 4315 770 4386 ἀπανθρωπίας
804 4319 923 4372 οὐδὲ
974 4319 1199 4373 θάπτειν
1258 4324 1370 4385 τοῖς
1400 4323 1620 4386 οἰκείοις
1648 4325 1744 4375 ἐπ-

1860 469 1968 523 Iius
1995 478 2112 523 erat
2135 469 2360 538 Ioseph.
3198 518 3206 528 .

1929 558 2015 611 68.
2059 557 2160 612 Sed
2207 560 2360 629 elegit
2409 559 2602 613 tribum
2648 558 2813 613 Iuda.
2859 559 2939 613 Ex
2985 576 3048 614 ea
3094 561 3238 614 cnim
3286 577 3440 632 reges

1861 653 2178 715 constituit,
2222 667 2453 720 quorum
2487 655 2694 722 primus
2729 652 2828 707 fuit
2887 653 3076 708 David.
3138 652 3435 709 Sciendum

1859 750 2039 794 autem
2068 743 2268 794 tribum
2301 759 2398 811 pro
2431 744 2572 796 tribu
2595 745 2822 812 elegisse
2849 743 3040 804 Deum.
3066 746 3263 799 tribum
3296 745 3434 799 Iuda

1858 847 1958 900 pro
1988 834 2126 885 tribu
2158 832 2412 903 Iosephi;
2445 843 2498 889 et
2528 836 2704 889 locum
2741 852 2840 905 pro
2865 837 3004 901 loco,
3031 849 3270 891 montem
3303 837 3434 893 Sion

1859 939 1956 992 pro
1986 922 2179 977 Silom.

1928 1015 2015 1067 69.
2065 1015 2132 1066 Et
2179 1016 2463 1082 wdiﬁcarit
2509 1018 2644 1069 sicut
2693 1017 3028 1071 unicornium
3082 1019 3435 1087 sancti/icium

1859 1123 2034 1161 suum.
2061 1089 2433 1161 Sanciilicium
2463 1109 2615 1171 dicit,
2641 1111 2884 1163 divinum
2917 1111 2971 1163 in
3003 1109 3304 1164 Jerusalem
3338 1129 3434 1165 ex-

1860 1195 2079 1248 citatum
2118 1198 2397 1264 templum.
2435 1196 2722 1252 Unicornis
2757 1209 2936 1252 autem
2960 1241 2974 1264 ,
3016 1200 3128 1254 fera
3161 1211 3244 1254 est
3282 1202 3434 1254 inex-

1857 1287 2184 1355 pugnabilis,
2215 1289 2342 1356 quia
2376 1299 2592 1342 acutum
2627 1290 2680 1341 in
2715 1290 2896 1344 fronte
2927 1307 3097 1344 cornu
3137 1293 3318 1355 habet,
3353 1303 3436 1346 at-

1857 1394 1962 1447 que
2009 1379 2100 1433 illo
2142 1381 2347 1435 belluas
2393 1397 2585 1436 omnes
2622 1383 2891 1437 interﬁcit.
2936 1384 3025 1437 Ait
3060 1384 3244 1453 igitur,
3286 1385 3424 1437 Cum

1857 1480 2194 1526 exstructum
2233 1473 2336 1527 fuit
2374 1475 2629 1543 templum
2678 1475 2830 1542 illud,
2869 1493 3058 1532 omnes
3090 1489 3278 1547 gentes
3320 1479 3433 1530 vir-

1855 1572 1968 1617 tute
1996 1564 2047 1617 in
2081 1565 2170 1618 illo
2197 1576 2449 1621 contenta
2482 1567 2770 1623 inferiores
2805 1569 2976 1624 fuisse
3008 1572 3175 1625 visas.

1933 1652 2020 1717 70,
2043 1654 2131 1709 71.
2154 1655 2227 1708 De
2246 1667 2360 1724 post
2379 1658 2600 1726 fetantes
2625 1661 2825 1727 accepit
2849 1661 3281 1716 illmn.Fetantes
3303 1662 3435 1716 dicit

1787 1721 1828 1774 Β
1856 1752 2012 1798 natas
2045 1754 2097 1798 et
2120 1763 2308 1800 recens
2331 1750 2580 1802 emissas.
2603 1749 2880 1814 Davidem,
2908 1754 3051 1820 quod
3078 1765 3222 1810 esset
3251 1769 3434 1826 pasto-

1854 1837 1991 1888 ritiaz
2024 1838 2159 1891 artis
2192 1839 2421 1906 peritus,
2469 1849 2524 1894 ct
2555 1842 2684 1909 quia
2716 1842 2881 1896 sciret
2912 1844 3048 1899 fetas
3083 1863 3213 1902 oves
3247 1861 3432 1904 Custo—

1853 1925 2005 1990 dire,
2052 1928 2244 1982 merito
2297 1933 2624 2000 assumpsit,
2673 1943 2725 1988 et
2780 1937 3190 1992 rationabilium
3243 1944 3430 1998 ovium

1853 2027 2122 2085 pastorem
2155 2009 2462 2075 constituit.
2489 2024 2709 2078 Pascere
2737 2026 2902 2079 Jacob
2934 2045 3139 2082 servum
3169 2049 3345 2088 suum.
3373 2035 3431 2088 Id

1852 2119 1954 2172 est,
1980 2109 2171 2164 doctor
2207 2111 2338 2181 ipsis
2368 2117 2666 2182 proborum
2699 2135 2914 2174 morum
2943 2123 3066 2190 fuit,
3091 2139 3187 2192 per
3213 2141 3276 2179 ea
3308 2142 3432 2195 quae

1853 2197 1985 2254 fecit
2009 2203 2263 2257 erudiens
2287 2219 2400 2260 eos.

1925 2379 2009 2434 7'2.
2053 2379 2122 2433 Et
2151 2383 2495 2438 intellectibus
2526 2403 2778 2440 manuum
2815 2404 3033 2441 suarum
3069 2388 3290 2442 deduxit
3318 2397 3427 2444 eos.

1851 2469 2182 2526 Intellectum
2248 2491 2552 2541 manuum,
2609 2494 2798 2533 onmes
2865 2490 3021 2535 actus
3080 2483 3427 2536 convenienti

1852 2571 2094 2632 tempore
2123 2566 2299 2619 editos
2328 2567 2477 2622 dicit.

2130 2658 2179 2709 ι.
2224 2655 2566 2714 PSALMUS
2599 2660 2799 2730 Asaph.
2841 2661 3174 2718 LXXVIII.

2427 2751 2828 2820 Argumentum.

1851 2855 2007 2912 Hunc
2031 2859 2179 2913 canit
2208 2862 2478 2929 psalmum
2511 2879 2609 2931 pro
2643 2864 2709 2917 iis
2740 2867 2832 2933 qui
2878 2867 2931 2918 in
2969 2874 3208 2936 tempore
3236 2867 3428 2922 Antio‘

1922 2950 2011 3004 chi
2039 2951 2155 3005 dire
2181 2955 2308 3006 caesi
2340 2964 2486 3009 sunt.
2523 2954 2742 3025 Rogans
2774 2959 3175 3026 supplicatione
3209 2975 3307 3014 sua
3339 2961 3426 3014 ul-

1927 3043 2127 3097 tionem
2158 3045 2322 3100 caedis
2365 3047 2416 3099 in
2463 3050 2660 3118 populo
2693 3048 2880 3118 factae,
2911 3053 3192 3107 conversis
3220 3053 3430 3108 scilicet

1924 3135 2325 3192 calamitatibus
2361 3139 2414 3191 in
2443 3154 2536 3196 eos
2565 3141 2658 3211 qui
2689 3143 2836 3211 ipsas
2863 3145 3197 3200 intulissent.

1878 3381 1898 3385 Η
1923 3401 2088 3467 Deus,
2127 3407 2374 3454 venerunt
2409 3409 2583 3468 gentes
2614 3416 2666 3452 ιη
2700 3401 3057 3454 Ιιιενθιίἱιαιεηι
3095 3412 3261 3456 tuam.
3292 3393 3429 3457 Mul-

1854 3504 1935 3549 tas
1969 3495 2111 3547 enim
2139 3493 2414 3546 adducens
2445 3503 2632 3559 gentes
2680 3494 3002 3559 Antiochus,
3040 3494 3316 3563 ingressus
3346 3504 3431 3551 est

1851 3585 2266 3656 Jerosolymam,
2295 3595 2348 3638 et
2381 3584 2624 3637 divinum
2648 3586 2904 3653 templum
2932 3586 3192 3640 incendit.
3216 3585 3428 3640 Pollue-

1851 3687 1974 3730 runt
2006 3677 2258 3744 templum
2289 3685 2526 3728 sanctum
2567 3685 2731 3728 tuum.
2767 3676 2935 3741 Ecce,
2970 3677 3178 3746 inquit,
3213 3687 3301 3733 tua
3334 3679 3427 3733 alii

1849 3779 2212 3838 occuparunt,
2258 3778 2311 3823 et
2356 3784 2476 3837 qua
2511 3777 2602 3822 tua
2648 3779 2776 3821 sunt
2815 3769 2883 3823 ab
2925 3770 3243 3838 alienigenis
3282 3772 3430 3826 deti-

1849 3870 2068 3916 nentur.
2098 3861 2387 3913 Posuerunt
2409 3858 2703 3912 Jerusalem
2731 3862 2784 3912 in
2804 3877 3080 3927 pomorum
3103 3863 3423 3918 custodiam.

1849 3950 2146 4017 Lapidibus
2194 3950 2382 4003 electis
2412 3957 2760 4003 constructus
2787 3959 2871 4004 est
2902 3951 3088 4019 locus,
3120 3951 3210 4006 ubi
3249 3952 3427 4006 taber-

1847 4042 2102 4096 naculum
2140 4041 2302 4095 habet
2338 4042 2430 4110 qui
2461 4057 2619 4110 poma
2657 4042 2916 4095 custodit.

1913 4131 1968 4192 2,
2092 4129 2392 4189 Pasuerunt
2418 4131 2701 4183 morticina
2731 4147 2997 4186 servorum
3030 4141 3238 4187 tuorum
3277 4151 3424 4190 escas

1846 4226 2152 4279 volatilibus
2185 4224 2320 4278 cceli.
2352 4224 2433 4279 Ob
2463 4225 2881 4280 inhumanitatis
2911 4227 3331 4293 vehementiam,
3356 4247 3425 4285 ne

1848 4320 2219 4373 concedebant
2238 4319 2457 4388 quidem
2483 4319 2729 4388 cognatis
2751 4328 2811 4372 ut
2839 4329 3082 4375 mortuos
3112 4322 3422 4377 humarent.

161 4407 394 4477 έτρεπον
416 4406 466 4458 οἱ
501 4406 748 4476 πολέμιοι
772 4409 897 4471 τοὺς
921 4410 1166 4480 νεκρούς.
1213 4411 1322 4478 Τὰς
1355 4413 1588 4480 σάρκας
1630 4413 1746 4467 τῶν

1870 4411 2046 4464 Iarnes
2090 4419 2394 4464 sanctorum
2443 4422 2652 4462 tuorum
2697 4409 2877 4463 bestiis
2923 4421 3093 4464 terrae.
3137 4411 3425 4477 Quomodo

161 4496 355 4546 ὁσίων
400 4509 518 4549 σου
568 4497 693 4561 τοῖς
741 4500 968 4565 θηρίοις
1008 4498 1117 4566 τῆς
1168 4500 1301 4568 γῆς.
1335 4503 1459 4565 Πῶς
1498 4503 1604 4573 γὰρ
1649 4505 1745 4575 οὐχ

160 4587 300 4638 ὅσιοι
329 4587 379 4638 οἱ
410 4588 470 4639 τὸ
493 4582 632 4658 αἷμα
661 4589 982 4658 ἐκχυθέντες
1020 4592 1163 4660 ὑπὲρ
1195 4593 1293 4662 τῆς
1316 4593 1609 4664 τοῦνόμου
1643 4613 1746 4663 φυ-

159 4678 356 4748 λακῆς,
390 4673 465 4731 ὧν
495 4675 634 4749 ἦσαν
665 4681 714 4732 οἱ
747 4681 1086 4751 Μαχαϐαῖοις

245 4770 719 4838 Ἐκκαυθήσεται
745 4773 824 4836 ὡς
862 4771 980 4840 πῦρ
1011 4775 1044 4824 ό
1081 4771 1260 4841 ζῆλος
1302 4789 1438 4828 σου.
1471 4777 1741 4848 Ζήλωσον,

159 4861 319 4931 φησι,
369 4860 458 4913 διὰ
505 4861 567 4914 τό
613 4863 702 4914 σὸν
751 4861 922 4933 ὄνομα
962 4863 1024 4916 τὸ
1072 4863 1560 4936 βλασφημούμενον
1592 4870 1746 4938 παρά

157 4947 270 5000 τῶν
299 4948 393 5018 ὲχθ
401 4949 530 5016 ρῶν.

228 5038 329 5107 Μὴ
368 5040 652 5109 μνησθῇς
694 5042 863 5110 ἡμῶν
896 5044 1158 5113 ἀνομιῶν
1204 5046 1486 5115 ἀρχαίων.
1532 5048 1644 5112 Τάς
1686 5051 1743 5103 ἐν

159 5121 423 5202 Αἰγύπτιε)
449 5130 595 5200 λέγει
632 5134 903 5204 ἁμαρτίας
933 5135 1185 5205 ἀρχαίας.

228 5307 477 5376 Μήποτε
507 5309 719 5362 εἴπωσι
758 5314 830 5363 τὰ
856 5311 1020 5379 ἔθνη·
1052 5314 1175 5367 Ποῦ
1207 5315 1380 5368 ἔστιν
1405 5319 1437 5368 ὀ
1468 5314 1610 5382 Θεὸς
1639 5319 1742 5369 αὺ-

162 5397 315 5459 τῶν;
341 5399 408 5450 Εἰ
436 5399 532 5450 καὶ
575 5400 878 5469 ἐμποδίζει,
921 5403 1074 5472 φησὶ,
1114 5405 1180 5473 τῇ
1218 5404 1462 5476 ἡμετέρα
1498 5407 1742 5476 σωτηρία

159 5491 455 5562 τδ”πλῆθος
480 5492 588 5545 τῶν
618 5494 900 5565 ἡμετέρων
935 5496 1235 5566 ἁμαρτιῶν
1273 5496 1408 5548 ἀλλὰ
1445 5498 1530 5550 διὰ
1561 5499 1620 5550 τὸ
1651 5499 1741 5552 σὸν

159 5584 328 5655 ὄνομα
362 5585 588 5656 ποίησον
603 5587 742 5655 -ἠμῖν
771 5586 857 5640 διὰ
889 5588 977 5641 τὸν
1002 5588 1301 5643 ὀνειδισιιὸν
1334 5589 1391 5642 ὃν
1422 5591 1741 5660 ἑπιᾳέρουσι

1848 4503 1994 4556 enim
2046 4503 2220 4556 sancti
2263 4517 2374 4555 non
2423 4501 2626 4555 fuerint
2679 4517 2914 4571 quorum
2960 4503 3183 4574 sanguis
3214 4504 3422 4559 effusus

1846 4603 1929 4649 est
1955 4609 2054 4664 pro
2084 4595 2218 4664 legis
2248 4593 2615 4660 observantia,
2647 4608 2711 4648 ex
2741 4609 2974 4663 quorum
3008 4609 3166 4650 erant
3199 4613 3426 4652 numero

1846 4686 2158 4740 Machabaei.

1917 4777 1971 4841 5,
2007 4776 2060 4830 δι
2102 4777 2422 4831 Exardeseet
2466 4778 2602 4829 sicut
2637 4777 2774 4846 ignis
2805 4777 2947 4830 zelus
2988 4787 3129 4830 tuus.
3179 4778 3306 4834 Zeto
3335 4797 3428 4836 ac-

1845 4867 2093 4934 cendere,
2149 4869 2344 4938 inquit,
2391 4877 2613 4938 propter
2659 4883 2858 4922 nomen
2890 4879 3043 4924 tuum
3075 4871 3144 4924 ab
3190 4872 3428 4928 inimicis

1845 4958 2301 5027 blasphematum.

1918 5048 1973 5102 8.
2017 5047 2099 5100 Ne
2133 5050 2430 5103 memineris
2458 5049 2799 5119 iniquitatum
2829 5061 3133 5105 nostrarum
3179 5055 3427 5122 nunqua-

1847 5157 1984 5193 rum.
2008 5139 2236 5204 Peccata
2263 5141 2395 5195 dicit
2421 5144 2643 5212 antiqua
2679 5159 2799 5212 quae
2831 5144 2884 5195 in
2915 5143 3148 5215 Egypto
3183 5146 3422 5197 admissa

1845 5241 1991 5287 sunt.

1920 5320 2006 5373 I0.
2053 5311 2136 5372 Ne
2165 5321 2300 5389 forte
2322 5322 2504 5374 dicant
2538 5326 2592 5375 in
2619 5325 2857 5395 gentibus
2885 5342 2902 5378 :
2937 5325 3036 5379 Ubi
3065 5336 3142 5378 est
3174 5325 3313 5379 Deus
3338 5345 3426 5382 eo-

1847 5414 2009 5466 rum?
2048 5412 2311 5478 Etiamsi,
2360 5415 2574 5482 inquit,
2620 5416 2910 5469 multitudo
2941 5425 3290 5485 peccatorum
3328 5436 3427 5472 no-

1847 5516 2086 5559 strorum
2131 5505 2578 5574 impedimentum
2641 5518 2721 5562 est
2769 5517 2969 5562 nostra:
3029 5507 3224 5562 salutis
3267 5525 3280 5559 :
3329 5511 3423 5563 sed

1847 5607 2066 5668 propter
2107 5614 2302 5655 nomen
2349 5609 2500 5654 tuum
2553 5600 2746 5670 adjuva
2795 5615 2916 5665 nos,
2967 5609 3189 5669 propter
3239 5602 3426 5657 convi-
