3872 6216
449 285 557 342 559
1305 283 1362 337 S.
1401 280 1782 337 ATIIANASII
1827 281 1982 336 OPP.
2025 280 2206 336 PARS
2245 281 2332 336 lll.
2367 313 2436 322 ——
2477 281 2886 338 EXEGETICA.
3595 283 3702 338 560

451 404 594 459 cium
626 400 770 471 quod
799 400 1078 471 proferunt
1107 401 1158 454 in
1187 409 1260 464 te,
1299 409 1516 470 propter
1548 402 1863 472 sanguinem
1899 417 1980 454 ser

2172 401 2222 464 nl,
2259 403 2346 455 διὰ
2393 402 2454 456 τὸ
2500 397 2636 471 αἷμα
2679 402 2740 454 τὺ
2781 401 3137 470 ἐκχυνόμενον
3175 399 3284 452 τῶν
3325 398 3434 452 σῶν
3473 397 3701 466 δούλων,

451 510 642 548 vorum
693 503 909 548 tuorum
953 494 1046 562 qui
1089 492 1293 546 ell'usus
1343 501 1455 556 est,
1503 502 1724 562 propter
1761 493 1980 563 gemitu]

1704 509 1724 546 r
1761 493 2021 563 gemitum
2126 492 2213 544 διὰ
2241 492 2331 544 τὸν
2363 492 2661 562 στεναγμὸν
2685 491 2792 543 τῶν
2827 490 3233 560 πεπεδημέντιιν.

451 599 570 638 com
579 585 821 654 peditoru
831 600 878 636 m
889 624 902 636 .

525 676 612 729 Η.
651 675 948 730 Secundum
993 673 1402 744 magnitudinem
1449 671 1648 724 brachii
1690 671 1768 723 tui
1815 671 2024 740 posside

2193 661 2354 714 Κατὰ
2399 662 2512 728 τὴν
2561 663 3005 732 μεγαλωσύνηον
3051 663 3158 716 τοῦ
3199 664 3533 732 ,ϐραχίονός
3581 681 3701 719 σου

451 766 593 834 ﬁlios
631 768 1088 832 morti/icatornm.
1115 764 1328 818 Virtute
1361 764 1570 818 brachii
1597 764 1698 826 tui,
1725 763 1820 828 ait,
1843 763 1980 818 salvc

2169 754 2502 820 εριποίησαι
2535 753 2680 819 τοὺς
2709 754 2878 820 υἱοὺς
2915 753 3034 808 τῶν
3077 754 3590 824 τεθανατωμένων.
3617 757 3697 826 Τῇ

453 856 538 910 fac
561 871 654 911 eos
683 859 772 926 qui
805 873 834 908 a
863 856 1008 910 caede
1039 857 1240 911 residui
1271 867 1418 910 sunt.

2142 845 2372 913 ἰυνάμει,
2408 845 2559 913 φησὶ,
2593 843 2688 898 τοῦ
2739 845 3018 916 βραχίονός
3055 863 3148 898 σου
3179 845 3350 898 σῶσον
3375 847 3502 908 τοὺς
3531 863 3671 898 κατα

2121 933 2434 1002 λειφθέντας
2465 937 2528 988 ἐκ
2558 936 2664 988 τῶν
2691 937 3066 1008 ἀνῃρημένων·

453 1031 504 1084 1.
533 1030 596 1084 In
615 1033 792 1100 ﬁnem,
820 1051 914 1102 pro
937 1033 1000 1084 iis
1031 1034 1124 1104 qui
1149 1032 1634 1090 cornmutabuntnr,
1659 1031 1982 1086 testimonia:

2172 1027 2224 1090 ἰς
2268 1024 2442 1091 τέλος
2485 1027 2636 1093 ὑπὲρ
2671 1027 2788 1080 τῶν
2829 1029 3422 1096 ἀλνῑοιωθησομένων.
3469 1031 3699 1099 μαρτύ-

611 1123 806 1191 Asaph,
845 1122 1078 1178 PSALM
1094 1122 1179 1177 US
1202 1139 1296 1191 pro
1325 1122 1578 1192 Assyriis.
1609 1120 1868 1176 LXXIX.

2179 1127 2316 1192 ριον
2350 1108 2455 1162 τοῦ
2508 1109 2711 1178 Ἀσὰφ,
2759 1113 3066 1163 ΨΑΛΜΟΣ
3115 1111 3267 1180 ὑπὲρ
3315 1111 3434 1164 τῶν
3486 1113 3701 1166 Ἀσσυ-

2181 1189 2351 1254 ρίων.
2381 1193 2504 1242 ΟΘ’.

1025 1256 1426 1326 Argumentum.
1451 1265 1468 1284 τ

2751 1258 3073 1324 Ὑπόθεσις.

451 1343 526 1399 Ex
569 1347 742 1415 prima
772 1349 1062 1401 verborum
1103 1351 1368 1402 sententia
1403 1357 1556 1418 rogat
1588 1349 1980 1405 misericordia:

2173 1346 2276 1398 ατὰ
2311 1347 2408 1416 μὲν
2445 1348 2504 1400 τὸ
2549 1349 2837 1418 πρόχειρον
2879 1347 2978 1418 τῆς
3009 1348 3208 1414 λέξεως
3235 1348 3520 1418 ἐλεηθῆναι
3553 1349 3701 1414 ἁξιοί

525 1440 742 1508 assequi
775 1455 868 1492 eos
901 1439 992 1507 qui
1028 1440 1096 1492 ab
1127 1440 1350 1509 Assyrio
1385 1441 1436 1494 in
1469 1443 1784 1496 servitutem
1817 1445 2018 1498 redacti

2190 1437 2318 1499 τοὺς
2361 1438 2464 1490 ὑπὸ
2511 1439 2608 1490 τοῦ
2653 1439 2936 1508 Ἀσσυρίου
2979 1436 3506 1498 καταδουλωθέντας·
3551 1437 3697 1490 κατὰ

516 1538 689 1581 erant.
743 1527 848 1582 Sed
897 1529 1213 1582 sublimiore
1259 1531 1564 1596 sententia,
1611 1541 1766 1599 rogat
1811 1547 1910 1600 pro
1951 1534 2018 1588 iis

2189 1526 2244 1578 δὲ
2271 1527 2366 1595 τὴν
2395 1527 2734 1598 ὑψηλοτέραν
2771 1529 3026 1596 διάνοιαν,
3055 1529 3193 1600 ὑπὲρ
3233 1529 3338 1581 τῶν
3366 1529 3697 1598 ὑπομεινάν-

520 1620 612 1688 qui
666 1620 998 1688 spiritualem
1040 1621 1404 1689 captivitatem
1455 1623 1606 1691 passi
1654 1631 1817 1689 sunt,
1868 1633 2020 1694 post-

2187 1637 2294 1672 των
2323 1620 2419 1691 τὴν
2459 1622 2836 1691 αἰχμαλωσίαν
2883 1625 2980 1693 τὴν
3023 1623 3238 1693 νοητὴν,
3277 1621 3411 1692 μετὰ
3437 1622 3526 1674 τὸν
3553 1621 3695 1674 κατὰ

520 1727 682 1779 quam
715 1711 768 1763 in
803 1727 1017 1764 crucem
1049 1721 1202 1766 actus
1237 1721 1320 1766 est
1347 1711 1610 1768 Dominus
1659 1729 1687 1767 a
1719 1715 2018 1786 spirituali-

2187 1709 2280 1761 τοῦ
2317 1711 2520 1780 Κυρίου
2571 1712 2800 1782 σταυρὸν
2843 1712 2948 1765 ὑπὸ
2989 1711 3096 1765 τῶν
3127 1711 3331 1778 νοητῶν
3371 1709 3691 1781 Ἀσσυρίων,

517 1801 619 1854 bus
669 1803 929 1871 Assyriis,
983 1813 1034 1856 et
1089 1803 1156 1856 ab
1205 1817 1394 1857 eorum
1454 1806 1717 1874 principe,
1770 1807 2018 1860 videlicet

2191 1800 2285 1854 καὶ
2313 1801 2476 1854 αὑτοῦ
2521 1801 2612 1854 τοῦ
2662 1802 2916 1873 ἄρχοντος
2948 1803 3146 1865 αὐτῶν,
3180 1803 3322 1872 φημὶ
3353 1801 3414 1872 δὴ
3455 1801 3547 1854 τοῦ
3586 1803 3693 1854 Σα-

519 1889 739 1946 Satana.
769 1891 1230 1960 Supplicationem
1263 1909 1393 1963 ergo
1421 1895 1669 1958 eﬂ'undit,
1697 1913 1896 1966 rogans
1923 1898 2019 1951 ad-

2190 1892 2346 1942 τανᾶ.
2384 1891 2636 1944 Ἱκετείαν
2659 1889 2749 1946 οὖν
2779 1893 3160 1964 προϐάλλεται,
3185 1893 3348 1958 ἀξιῶν
3373 1893 3693 1958 ἐπιφάνειαν

517 1993 738 2038 ventum
783 1984 1082 2040 Salvatoris
1123 1987 1296 2040 nostri
1338 1995 1392 2040 et
1439 1987 1813 2042 liberationem
1851 1988 2018 2042 totius

2189 1981 2442 2049 γενέσθαι
2469 1983 2560 2037 τοῦ
2587 1986 2836 2056 Σωτῆρος
2865 1985 3020 2056 ἡμῶν
3037 2024 3050 2048 ,
3081 1985 3176 2037 καὶ
3202 1984 3554 2052 ἐλευθέρωσιν
3593 1983 3689 2036 τοῦ

521 2077 733 2145 generis
767 2075 1068 2131 lsraelitici.

2183 2077 2384 2139 παντὸς
2419 2077 2608 2144 γένους
2643 2077 2736 2129 τοῦ
2787 2077 3017 2148 Ἰσραήλ.

515 2167 570 2219 2.
609 2165 714 2230 Qui
745 2167 876 2236 regis
909 2165 1100 2232 Israel,
1127 2169 1355 2222 intende.
1379 2168 1475 2230 Te,
1515 2168 1759 2234 Domine,
1790 2170 1880 2239 qui
1918 2187 2016 2240 pa-

2199 2167 2252 2218 Ὁ
2288 2170 2616 2236 ποιμαίνων
2657 2168 2764 2222 τὸν
2808 2171 3082 2238 Ἰσραὴλ,
3125 2170 3406 2236 ποόσχες.
3451 2167 3550 2228 Σέ,
3599 2167 3691 2220 ἀξ-

447 2261 610 2314 storis
653 2260 844 2324 instar,
877 2263 1056 2328 populi
1096 2261 1722 2331 sollicitmliuem'geris,
1761 2279 1890 2332 rogo
1925 2280 1976 2318 at

2158 2273 2310 2318 ποτα,
2345 2258 2436 2310 τὸν
2472 2259 2722 2327 ποιμένος
2749 2258 2904 2330 δίκην
2929 2258 3022 2310 τοῦ
3055 2258 3184 2310 λαοῦ
3211 2255 3687 2327 προμηθούμενον,

447 2353 628 2405 mittas
657 2352 1089 2421 deprecationem
1123 2369 1320 2406 meam.

2117 2346 2366 2413 δέξασθαί
2405 2365 2504 2418 μου
2532 2351 2630 2420 τὴν
2659 2352 2890 2402 ἰκετειαν
2915 2348 3193 2402 ἀντιϐολῶ.

515 2440 569 2494 5.
606 2441 710 2505 Qui
760 2441 906 2494 sedes
935 2457 1089 2508 super
1118 2441 1382 2494 cherubim
1405 2483 1420 2508 ,
1461 2442 1797 2511 manifestare
1839 2460 2018 2497 coram

2199 2439 2250 2490 '0
2315 2439 2647 2508 καθήμενος
2707 2439 2804 2492 ἐπὶ
2854 2439 2972 2492 τῶν
3029 2439 3344 2508 χερουϐὶμ,
3393 2435 3691 2506 sagacis-nat

447 2531 724 2600 Ephraim,
768 2532 1052 2600 Benjamin
1081 2543 1129 2586 et
1167 2533 1432 2586 Manasse.
1461 2533 1598 2586 Dum
1636 2533 1907 2588 incederet
1937 2547 1976 2587 ιε

2158 2532 2392 2582 ιπαιοτὶον
2431 2531 2698 2598 Ἐρραῒμ,
2733 2531 2830 2582 καὶ
2866 2529 3166 2598 Βενιαμὶν,
3215 2529 3312 2581 καὶ
3357 2525 3687 2592 Μανασσῆ.

447 2627 832 2692 bcrnaculum,
868 2643 976 2680 uua
1013 2628 1402 2696 gradiebantur
1449 2636 1558 2681 tres
1599 2628 1804 2688 tribus,
1850 2627 1976 2681 Juda

2157 2623 2216 2673 Ev
2258 2625 2321 2692 τῇ
2373 2623 2564 2692 πορείᾳ
2611 2621 2710 2691 τῆς
2767 2625 2970 2692 σκηνῆς
3023 2619 3266 2685 ἐϐάδιζον
3309 2623 3456 2690 τρεῖς
3499 2619 3686 2687 φυλαὶ,

447 2733 658 2786 nempe,
703 2717 951 2772 lssaehar
998 2728 1050 2772 et
1100 2717 1363 2772 Zabulon.
1421 2715 1902 2788 Subsequehantur
1951 2737 1976 2772 a

2158 2711 2316 2772 [053a,
2363 2712 2454 2763 καὶ
2497 2711 2732 2782 Ἰσαχαρ,
2777 2713 2869 2763 καὶ
2899 2710 3202 2766 Ζαϐουλὼν.
3239 2709 3590 2764 Ἦκολούθουν
3631 2709 3687 2762 δὲ

447 2809 730 2862 meridiem
780 2817 889 2863 tres
939 2809 1078 2874 alite,
1131 2808 1420 2878 Ephraim,
1475 2808 1756 2878 Benjamin
1805 2819 1859 2863 et
1905 2809 1976 2864 Mi

2160 2803 2258 2856 ατὰ
2287 2803 2434 2855 νότον
2461 2807 2608 2874 τρεῖς
2631 2803 2834 2875 ἓτεραι’
2862 2805 2894 2874 ἡ
2929 2803 3020 2856 τοῦ
3066 2803 3334 2874 Ἐφραῒμ,
3369 2805 3402 2874 ἡ
3431 2801 3524 2857 τοῦ
3557 2803 3689 2854 Βεν-

447 2916 626 2957 nasse.
656 2901 786 2955 Erat
819 2911 998 2955 autem
1029 2902 1080 2954 in
1111 2903 1388 2956 cherubim
1422 2903 1602 2956 aureis
1634 2917 1798 2972 supra
1831 2919 1976 2958 arca:

2162 2895 2270 2964 ιμὶν
2321 2896 2414 2949 καὶ
2463 2895 2558 2948 τοῦ
2607 2896 2892 2967 Μανασσῆ.
2931 2891 3040 2948 Ἦν
3083 2895 3140 2948 δὲ
3181 2897 3270 2948 ἐπὶ
3311 2894 3420 2948 τῶν
3468 2895 3691 2965 χρυσῶν

447 2992 638 3062 positis
671 2991 838 3060 gloria
887 2991 1002 3052 Dei,
1043 2993 1134 3060 qui
1171 2991 1320 3061 ipsos
1349 2991 1686 3061 przecedcbat
1715 3007 1836 3044 cum
1871 2993 1976 3046 inet

2160 2985 2380 3056 ερουϐὶμ
2421 2986 2528 3038 τῶν
2569 2987 2751 3039 ἐπάνω
2785 2987 2884 3055 τῆς
2927 2986 3160 3039 κιϐωτοῦ
3207 2987 3332 3052 δόξα
3363 2985 3518 3038 Θεοῦ·
3555 3003 3689 3056 προ-

446 3083 656 3138 derent.
698 3085 778 3136 Tu
833 3083 1016 3152 itaque
1060 3082 1151 3151 qui
1197 3083 1350 3138 sedes
1397 3097 1561 3150 super
1605 3081 1924 3148 cherubim,
1963 3097 1975 3134 t

2160 3077 2325 3130 Ξὰδισε
2359 3077 2464 3152 γὰρ
2497 3078 2672 3130 αὐτῶν
2698 3079 2838 3132 κατὰ
2867 3079 2966 3149 τὴν
2998 3078 3241 3150 πορείαν.
3269 3079 3340 3131 Συ
3376 3074 3468 3132 οὖν
3493 3079 3522 3130 ὁ
3555 3077 3689 3131 καθ-

447 3175 707 3244 ρταιοεᾱίε
735 3191 941 3238 arcam,
975 3175 1046 3228 ita
1079 3187 1138 3230 ut
1163 3175 1240 3230 sis
1269 3183 1394 3230 ante
1421 3173 1704 3244 Ephraim,
1737 3173 1975 3243 Benjami

2162 3186 2318 3237 μενος
2351 3171 2441 3222 ἐπὶ
2473 3171 2580 3222 τῶν
2614 3171 2896 3240 χερουϐὶμ,
2933 3171 3026 3223 καὶ
3071 3171 3546 3241 προπορευόμενος
3589 3170 3689 3238 τῆς

448 3275 503 3319 et
531 3266 779 3321 Manasse
801 3265 943 3336 (nam
972 3284 1149 3319 coram
1175 3267 1444 3334 signiﬁcat
1475 3267 1528 3319 in
1561 3269 1898 3336 conspectu),
1924 3282 1977 3334 ρ(

2162 3261 2384 3324 ιϐωτοῦ,
2427 3263 2501 3324 ὡς
2535 3257 2673 3313 εἶναι
2707 3261 3012 3332 ἔμπροσθεν
3052 3261 3146 3314 τοῦ
3187 3260 3454 3332 Ἐφραῒμ,
3498 3261 3691 3313 Βενια-

449 3365 597 3410 tuam
623 3357 920 3426 potentiam
954 3357 1182 3410 salutem
1215 3360 1364 3410 dato.

2160 3349 2212 3399 διν
2263 3349 2354 3400 καὶ
2402 3351 2666 3418 Μανασσῆ
2733 3351 2812 3420 (τὸ
2853 3351 2962 3421 γὰρ
3001 3351 3278 3403 ἐναντίον
3325 3349 3578 3420 σημαίνει
3627 3350 3689 3402 τὸ

2117 3439 2466 3511 ἔμπροσθεν),
2495 3441 2582 3494 διὰ
2603 3443 2698 3513 τῆς
2724 3443 2918 3496 σαυτοῦ
2947 3443 3262 3505 δυναστείας
3287 3443 3382 3513 τὴν
3415 3443 3690 3513 σωτηρίαν

2119 3531 2378 3585 ἐπιδίδου.

520 3614 572 3668 9.
625 3612 840 3666 Vineam
867 3615 930 3668 de
951 3612 1184 3684 ﬂigi/pta
1213 3615 1554 3669 transtulisti.
1585 3615 1836 3670 Israelcm
1865 3617 2016 3672 dicit.

2189 3623 2482 3690 Ἄμπελον·
2525 3623 2592 3687 ἐξ
2639 3626 2936 3692 Αἰγύπτου
2980 3623 3262 3693 perﬁcere.
3313 3624 3416 3676 Τὸν
3471 3625 3689 3694 Ἰσραήλ

449 3701 670 3772 Ejecisti
704 3715 874 3774 gentes
897 3745 912 3768 ,
947 3716 996 3758 et
1028 3707 1282 3775 ptantasti
1326 3723 1460 3759 eant.
1489 3705 1622 3760 Nam
1652 3723 1774 3762 cum
1815 3724 1978 3778 prince

2154 3730 2301 3782 ιησιν.
2349 3715 2656 3780 Ἐξέέαλες
2681 3717 2846 3782 ἔθνη,
2879 3716 2974 3768 καὶ
3003 3715 3683 3784 κατεφύτευσαςαὺτήν.

447 3793 605 3850 deres
624 3809 740 3859 eos,
770 3789 977 3864 eiecisti
1009 3811 1036 3850 a
1061 3795 1202 3850 facie
1233 3812 1422 3850 eorum
1456 3807 1666 3868 gentes.

2158 3805 2592 3876 [ροπορευόμενος
2619 3806 2746 3876 γὰρ,
2777 3805 3026 3872 ἐξέϐαλες
3058 3807 3164 3860 ὰπὸ
3185 3805 3476 3876 προσώπου
3507 3807 3687 3859 αὐτῶν

2118 3894 2184 3946 τὰ
2211 3895 2357 3966 ἔθνη.

521 3973 606 4026 11.
650 3971 865 4042 Operuit
897 3982 1095 4027 montes
1125 3975 1310 4028 umbra
1345 3975 1480 4042 ejus.
1511 3973 1712 4029 Umbra
1735 3975 1908 4030 vineae
1936 3983 2021 4030 est

2201 3985 2535 4054 Ἐκίὶλυψεν
2559 3987 2662 4054 ὄρη
2693 3989 2730 4054 ἡ
2759 3989 2902 4042 σκιὰ
2929 3987 3132 4056 αὐτῆς.
3161 3988 3294 4043 me
3329 3988 3428 4060 μὲν
3459 3989 3558 4058 τῆς
3583 3991 3691 4058 ἁμ-

447 4064 634 4135 legalis
666 4067 878 4130 cultus,
924 4066 1051 4135 quia
1087 4066 1170 4120 lex
1205 4069 1453 4120 umbram
1487 4065 1798 4120 futurorum
1847 4069 1976 4121 hont

2163 4077 2279 4130 ἐλου
2313 4081 2345 4148 ἠ
2385 4081 2524 4133 κατὰ
2563 4081 2722 4148 νόμον
2755 4081 2998 4152 λατρεία,
3027 4079 3116 4133 διὰ
3153 4083 3212 4134 τὸ
3239 4083 3396 4134 σκιὰν
3423 4081 3568 4150 ἔχειν
3599 4081 3689 4133 τὸν

447 4173 568 4210 rum
612 4159 872 4211 continet.
921 4157 1128 4212 Montes
1180 4159 1312 4212 dicit
1358 4157 1526 4212 Silom
1563 4167 1617 4213 et
1662 4159 1813 4213 Sion.
1861 4159 1915 4211 ln
1949 4159 1976 4210 ii

2160 4167 2278 4236 εμον
2298 4169 2404 4220 τῶν
2437 4170 2731 4238 μελλόντων
2758 4171 2996 4238 ἀγαθῶν⁹
3025 4172 3123 4242 ὅρη
3150 4172 3206 4224 δὲ
3237 4173 3296 4225 τό
3317 4191 3376 4225 τε
3403 4174 3460 4224 ἐν
3487 4171 3689 4243 Σηλὼμ

447 4265 682 4320 namque
731 4251 946 4305 duobus
997 4251 1134 4304 locis
1190 4251 1604 4304 tabernaculum
1662 4251 1976 4305 constituto:

2160 4258 2210 4310 αὶ
2235 4259 2294 4310 τὸ
2317 4261 2374 4311 ἐν
2407 4261 2542 4312 Σιών
2569 4279 2751 4330 φησιν.
2795 4263 2880 4313 Ἑν
2905 4261 3113 4325 τούτοις
3142 4263 3250 4332 γὰρ
3291 4266 3400 4326 τοῖς
3441 4263 3562 4316 δυσὶ
3601 4265 3689 4316 τό-

447 4345 568 4398 fuit.
599 4343 744 4398 Nihil
790 4359 920 4414 ergo
967 4344 1110 4398 aliud
1141 4343 1427 4412 signiﬁcat,
1475 4343 1580 4396 nisi
1626 4343 1766 4410 quod
1801 4343 1976 4411 legali:

2154 4365 2241 4412 ;οις
2275 4349 2506 4420 ἴδρυτοή
2555 4353 2745 4421 σκηνή.
2774 4353 2936 4406 Οὐδὲν
2981 4348 3072 4405 οῦν
3117 4353 3300 4424 ἕτερον
3343 4353 3616 4424 σημαίνει,
3653 4353 3683 4423 ἦ

447 4453 568 4506 quae
599 4436 910 4490 futurorum
955 4437 1222 4490 bonorqu
1257 4435 1447 4488 umbra
1495 4441 1681 4498 erant,
1717 4433 1770 4486 in
1802 4435 1976 4487 duobu

2159 4455 2200 4490 τι
2221 4407 2293 4491 τὰ
2327 4407 2388 4492 ἐν
2427 4407 2594 4510 vdua),
2627 4407 2782 4494 ὄιτινα
2808 4439 2874 4513 ἦν
2915 4442 3042 4495 σκιὰ
3084 4443 3191 4496 τῶν
3209 4407 3524 4512 ⁸μελλόντων
3551 4407 3688 4510 dira-.-

447 4531 597 4584 hisce
645 4529 920 4583 montibus
961 4528 1228 4582 celebrala
1279 4523 1500 4580 fuerint.
1547 4523 1614 4576 Et
1654 4527 1872 4578 arbusta
1904 4526 1976 4594 eji

2156 4529 2244 4592 ῶν,
2281 4530 2338 4582 ἐν
2366 4533 2477 4594 τοῖς
2515 4533 2634 4585 δυσὶ
2677 4533 2884 4595 τούτοις
2911 4534 3142 4586 ἐτελεῖτο
3181 4534 3351 4604 ὄρεσι.
3386 4536 3496 4588 Καὶ
3537 4537 3685 4589 ἀνα-

446 4623 626 4675 cedros
675 4621 788 4674 Dei.
828 4620 988 4674 Codri
1033 4627 1159 4674 sunt
1203 4619 1452 4673 cmlestes
1491 4618 1754 4682 virtutes;
1795 4618 1975 4671 arhusl

2157 4622 2436 4690 ενδράὃες
2474 4624 2663 4690 αὐτῆς
2709 4625 2817 4692 τὰς
2857 4626 3100 4692 κέδροινς
3139 4628 3246 4680 τοῦ
3287 4627 3453 4680 Θεοῦ.
3489 4628 3686 4698 Κέδροι

447 4725 625 4768 autem
655 4714 825 4766 vinea:
849 4753 862 4776 ,
895 4713 1169 4782 prOphetze
1201 4713 1254 4766 in
1308 4711 1507 4780 populo
1540 4711 1632 4780 qui
1678 4710 1730 4762 in
1783 4709 1976 4764 sublim

2162 4713 2218 4765 ‘sv
2261 4715 2316 4765 αἱ
2355 4714 2602 4784 οὐράνιαι
2635 4715 2909 4786 δυνάμεις·
2952 4716 3332 4787 ἀναδενδράδες
3364 4715 3420 4768 δὲ
3447 4717 3548 4786 τῆς
3579 4720 3687 4786 ἀμ-

447 4803 826 4866 eﬂ‘erebantur,
857 4813 910 4858 et
937 4804 1290 4872 quiescebant
1317 4803 1372 4857 in
1413 4802 1666 4872 superuis
1691 4813 1744 4856 et
1777 4802 1976 4856 ratione

2154 4805 2282 4858 ;έλου
2331 4807 2380 4858 οἱ
2423 4809 2488 4860 ὲκ
2529 4808 2622 4860 τοῦ
2669 4807 2798 4860 λαοῦ
2841 4807 3114 4878 προφῆται
3159 4810 3238 4870 εἰς
3276 4807 3406 4875 ὕψος
3433 4809 3683 4878 ἠρμένοι,

449 4897 591 4951 libus
619 4897 995 4965 potestatibus.

2157 4897 2212 4948 al.
2235 4897 2548 4950 ἐπαναπαυό
2556 4915 2702 4967 μενοι
2726 4899 2844 4960 ταῖς
2867 4899 2978 4951 ἄνω
3001 4899 3094 4950 καὶ
3114 4898 3354 4964 λογικαῖς
3373 4897 3683 4956 δυνάμεσιν.

520 4987 606 5041 12.
646 4985 894 5040 Επεεητίὶι
931 4987 1173 5056 palmites
1222 5001 1343 5040 suos
1389 5001 1550 5055 usque
1579 4984 1647 5038 ad
1697 5001 1860 5038 mare.
1891 4982 2014 5036 Pal-

2205 4989 2492 5052 Ἐξέτεινε
2534 4989 2604 5042 τὰ
2635 4990 2909 5058 κλήματα
2959 4989 3148 5058 αὐτῆς
3185 4990 3295 5054 ἕως
3344 4990 3684 5057 θαλάσσης.

449 5079 609 5133 mites
665 5085 720 5131 et
763 5077 1088 5145 prepagines
1136 5076 1309 5130 vineae
1371 5075 1498 5128 dicit
1545 5089 1761 5128 omnem
1827 5087 1970 5142 pepu

2153 5080 2383 5152 ἱλήματα
2411 5083 2504 5135 καὶ
2532 5082 2880 5152 παραφυάδες
2907 5082 3005 5151 τῆς
3028 5080 3273 5152 ἀμπέλου
3303 5079 3361 5132 τὸ
3393 5081 3500 5132 πᾶν
3545 5080 3682 5148 πλῆ-

449 5167 874 5228 multitudinem,
907 5181 1026 5234 quae
1053 5165 1390 5235 pertingebat
1414 5180 1443 5218 a
1485 5163 1710 5219 ﬂumine
1739 5161 1978 5234 Euphrat

2157 5187 2207 5232 ος
2229 5171 2321 5224 τοῦ
2353 5171 2480 5224 λαοῦ
2513 5188 2673 5240 φησιν
2694 5209 2708 5234 ,
2767 5171 2796 5222 ὃ
2837 5171 3100 5241 κατέσχεν
3148 5169 3254 5222 ἀπὸ
3304 5169 3552 5239 ποταμοῦ
3585 5171 3686 5222 Εὑ-

449 5265 514 5318 ad
545 5277 719 5332 usque
751 5275 902 5314 mare
929 5259 1191 5312 Indicum.

2116 5262 2324 5334 φράτου
2351 5263 2510 5334 μέχρι
2541 5262 2814 5332 θαλάσσης
2837 5261 2937 5331 τῆς
2978 5261 3225 5330 Ἰνδικῆς.

521 5355 610 5420 15,
657 5355 743 5408 ii.
789 5351 988 5423 thuid
1031 5351 1345 5404 destruxisti
1375 5350 1660 5402 maceriam
1690 5349 1854 5418 ejus?
1895 5347 2014 5400 Ma-

2187 5355 2310 5408 Ἵνα
2335 5357 2392 5408 τί
2421 5356 2690 5420 καθεῖλες
2707 5355 2814 5408 τὸν
2855 5353 3128 5424 φραγμὸν
3163 5350 3388 5418 αῠτῆς;
3425 5349 3684 5423 Φραγμδς

448 5447 590 5501 ceria
617 5447 738 5516 ejus
779 5453 896 5499 erat
930 5445 1250 5513 angelorum
1295 5441 1562 5504 custodia,
1613 5455 1778 5510 quam
1813 5454 1970 5492 amov

2154 5463 2180 5498 ν
2205 5447 2339 5515 αὐτῇ
2367 5449 2400 5516 ἡ
2434 5445 2540 5498 τῶν
2573 5445 2820 5514 ἀγγέλων
2853 5445 3088 5514 φυλακὴ,
3141 5443 3207 5514 ἥν
3245 5443 3556 5513 ἀπέστησεν
3591 5441 3683 5495 ἀπ’

447 5540 516 5592 ab
545 5539 626 5593 eis
660 5537 822 5593 Deus.
853 5535 924 5592 Et
965 5534 1284 5590 vindemiant
1317 5550 1434 5589 eam
1482 5549 1658 5586 omnes
1679 5532 1769 5602 qui
1797 5539 1976 5601 praeter

2156 5537 2292 5592 ὐτῶν
2321 5541 2348 5592 ὁ
2377 5539 2528 5602 Θεός.
2559 5539 2669 5592 Kal
2698 5537 2994 5608 τρυγῶσιν
3017 5536 3212 5603 αὐτὴν
3234 5535 3450 5601 πάντες
3483 5537 3538 5588 οι
3577 5549 3685 5588 πα·

447 5630 754 5700 grediuntur
776 5631 932 5685 viam.
969 5629 1100 5684 Data
1129 5627 1330 5698 quippe
1379 5625 1483 5681 fuit
1533 5625 1586 5679 in
1621 5623 1880 5693 pabulum
1909 5621 1976 5676 im

2154 5631 2570 5701 απορευόμενοι
2601 5629 2718 5700 τὴν
2750 5629 2911 5684 ὀδόν.
2949 5627 3160 5681 Δέδοται
3187 5626 3296 5698 γὰρ
3319 5627 3400 5689 εἰς
3432 5624 3683 5695 βόσκημα
