3872 6216
143 322 244 376 ’561

1247 310 1614 374 EXPOSITIO
1655 317 1723 384 ΙΝ
1764 318 2092 376 PSALMUM
2133 319 2344 377 LXXX.

3293 322 3395 384 362

140 437 254 497 τοῖς
286 429 618 505 ἀκαθάρτοις
660 432 930 505 δαίμοσιν,
955 433 1151 499 οἵτινες
1195 435 1292 489 καὶ
1334 435 1588 506 νέμονται
1627 435 1724 488 αύ-

1853 437 1976 492 mris
1997 437 2359 504 dzemonibus,
2393 441 2486 509 qui
2517 440 2680 496 etiam
2727 443 3028 513 depascunt
3053 459 3244 500 eorum
3272 454 3395 504 ant-

140 526 252 578 τῶν
274 527 376 588 τὰς
392 525 590 595 ψυχας,
609 525 703 596 τῆς
721 524 920 596 νοητῆς
933 525 1238 596 εὐκαρπίας
1258 527 1434 594 ἁπογυ
1444 526 1722 598 μνοῦντες.

226 619 282 670 '0
348 617 489 683 Θεὸς
523 617 852 686 δυνάμεων,
903 619 1293 688 ἐπίστρεψον.
1369 620 1615 674 Ἱκετεύω
1666 639 1725 675 σε

141 709 326 762 τοίνυν
355 710 446 762 τὸν
483 708 706 763 δυνατὸν
739 711 1016 781 Δεσπότην
1042 711 1169 764 ίὸεῖν
1191 713 1394 766 ἄνωθεν
1422 714 1523 784 τῆς
1549 714 1728 785 ἀμπέ-

140 800 237 853 λου
271 800 373 871 τὴν
392 799 592 871 λώϐην,
627 803 719 854 καὶ
745 801 1039 873 θεραπείας
1069 803 1298 870 ἀξιῶσαι
1325 805 1386 857 τὸ
1414 805 1604 869 πάθος.
1662 807 1725 858 Ἦ

99 921 107 928 ·
145 892 214 963 σὴ
253 893 365 964 γὰρ
393 892 531 965 αὕτη
562 894 788 965 πρόνοια
833 893 933 966 τὴν
978 896 1246 967 προτέραν
1282 895 1480 951 ἔδωκεν
1528 897 1725 968 εύκλη-

147 986 293 1056 ρίαν.

216 1077 328 1132 Καὶ
356 1077 701 1146 κατάρτισαι
733 1077 927 1148 αὐτὴν
975 1077 1056 1146 ἢν
1096 1079 1434 1149 ἐφύτευσεν
1472 1077 1511 1149 ἠ
1561 1077 1728 1144 δεξιά

142 1183 284 1226 σου.
329 1169 547 1241 Ἐπειδὴ
582 1171 646 1223 σὺ
678 1171 872 1242 αὐτὴν,
914 1172 1067 1242 φησὶ,
1121 1171 1558 1240 κατεφύτευσας,
1609 1167 1727 1224 εἶτα

141 1259 374 1329 γέγονεν
422 1261 910 1330 ἐμπεπιιρισμένη
957 1262 1054 1315 καὶ
1109 1263 1566 1332 κατεσκαμμένη
1633 1265 1728 1316 καὶ

142 1351 420 1415 ἀπόλωλε,
447 1350 538 1403 σοῦ
568 1351 735 1422 αὐτὴν
768 1353 1207 1423 ἐπιτιμήσαντος,
1262 1354 1588 1425 κατάρτισαι
1628 1355 1726 1406 αύ-

141 1441 244 1512 τὴν
274 1443 371 1495 καὶ
397 1443 618 1513 ἑτοίμην
643 1445 722 1506 είς
753 1444 1027 1514 σωτηρίαν
1058 1444 1474 1515 παρασκεύασον
1499 1445 1730 1516 Ἐπαρα-

148 1533 416 1587 σκεύασον
446 1534 501 1587 δὲ
524 1534 612 1588 διὰ
633 1533 727 1586 τοῦ
758 1535 874 1588 υἱοῦ
900 1535 994 1589 τοῦ
1023 1536 1332 1608 ἀνθρώπου.
1366 1537 1440 1591 Τὸ
1468 1537 1600 1610 γὰρ,
1626 1537 1726 1591 ἐπὶ

147 1627 282 1681 υιὸν
338 1626 675 1695 ἀνθρώπου,
707 1627 796 1680 διὰ
821 1627 915 1680 τοῦ
957 1629 1074 1681 υίοῦ
1114 1627 1404 1702 ἀνθρώπου
1451 1631 1724 1702 σημαίνει.

148 1717 244 1782 Τίς
281 1719 341 1772 δέ
375 1721 522 1772 ἐστιν
554 1721 582 1772 ὁ
616 1720 732 1783 υίὸς
760 1719 854 1772 τοῦ
883 1720 1169 1791 ἀνθρώπου
1203 1721 1422 1792 ἢαύτὸς
1455 1723 1484 1775 ὁ
1523 1721 1730 1793 Κύριος

149 1807 328 1881 ἡμῶν,
345 1808 419 1872 ὡς
436 1807 596 1872 αὐτὸς
614 1827 679 1862 πε
689 1810 742 1882 pi
760 1809 952 1864 ἐαυτοῦ
972 1813 1030 1864 ἐν
1047 1813 1156 1874 τοῖς
1174 1811 1530 1880 Εύαγγελίοις
1551 1812 1687 1881 φησί
1712 1829 1726 1878 ;

219 1897 542 1967 Γενηθήτω
593 1901 630 1969 ὴ
669 1901 799 1968 χείρ
838 1917 954 1954 σου
995 1901 1087 1954 ἐπ’
1115 1901 1305 1970 ἄνδρα
1346 1899 1546 1968 δεξιᾶς
1591 1918 1728 1958 σου.

149 1995 320 2066 Α’ύτη,
372 1995 618 2066 φησὶν,ή
658 1996 920 2069 πρᾶξιςὴ
963 1997 1060 2068 τῆς
1109 1997 1384 2068 σωτηρίας
1432 1995 1525 2052 τοῦ
1564 1997 1729 2062 λαοῦ,

150 2091 270 2160 ἣτις
291 2089 388 2141 καὶ
416 2087 504 2141 δια
531 2087 628 2157 τῆς
671 2087 851 2159 χειρὸς
891 2087 1239 2158 σημαίνεται,
1282 2087 1374 2140 ἐπ’
1415 2087 1605 2156 ἄνδρα
1635 2087 1730 2141 δεο

152 2180 284 2246 ξιᾶς
315 2194 434 2234 σου
487 2179 808 2250 γενηθήτω,
856 2179 1098 2232 τουτέστι
1149 2179 1238 2232 διὰ
1282 2179 1376 2232 τοῦ
1418 2179 1610 2250 ἀνδρὸς
1637 2178 1730 2232 τοῦ

150 2272 301 2335 liv-.0;
330 2270 512 2336 δεξιᾶς
537 2289 650 2325 σου.
683 2271 793 2324 Καὶ
824 2271 909 2334 τίς
929 2266 1081 2335 οὗτος
1105 2272 1138 2342 ἢ
1169 2273 1196 2324 ὁ
1238 2271 1366 2335 Υἱὸς
1402 2272 1492 2325 τοῦ
1519 2270 1730 2343 ἀνθρὼ-

149 2379 276 2427 που,
307 2364 366 2426 ὃς
399 2363 516 2414 ἐστι
550 2361 698 2428 δεξιὰ
729 2361 822 2414 τοῦ
871 2361 1103 2432 Πατρὸς,
1143 2363 1191 2414 εἰ
1235 2364 1328 2418 καὶ
1375 2364 1598 2432 γέγονεν
1637 2365 1732 2419 ἄν·

149 2455 407 2528 θρωπος;
445 2454 691 2507 Ἐπειδὰν
724 2453 782 2506 δὲ
809 2453 966 2506 τοῦτο
991 2454 1234 2525 γένηται,
1269 2455 1364 2508 καὶ
1393 2455 1541 2528 σώσῃ
1561 2457 1728 2527 ἡμᾶς,

149 2547 336 2615 φησιν,
367 2547 402 2616 ἡ
428 2543 577 2609 δεξιὰ
603 2561 716 2609 σου,
749 2544 777 2594 ὁ
801 2545 1145 2615 χρηματίσας
1167 2546 1306 2616 ἀνὴρ
1340 2547 1434 2600 καὶ
1476 2547 1602 2611 Υἱὸς
1640 2549 1732 2601 ἀν-

149 2637 394 2710 θρώπου,
435 2639 535 2690 οὐκ
583 2637 648 2690 ἄν
685 2653 813 2689 ποτε
848 2637 1174 2708 ἀποστῶμεν
1208 2638 1315 2692 ἀπὸ
1351 2638 1466 2706 σοῦ,
1500 2639 1596 2693 ἆτε
1633 2641 1731 2710 τῆς

151 2731 251 2802 σῆς
286 2729 432 2801 ζωῆς
469 2728 861 2799 μεταλαϐόντες
887 2772 902 2796 ,
948 2729 1045 2783 καὶ
1091 2729 1172 2801 τῷ
1219 2730 1296 2802 σῷ
1345 2730 1732 2801 ἐπικληθέντες

148 2821 398 2893 ὀνόματι,
430 2819 677 2874 τουτέστι
703 2819 1038 2890 Χριστιανοί.

220 2915 406 2982 Κύριε
433 2916 466 2966 0'
500 2911 643 2977 Θεὸς
663 2909 782 2964 τῶν
804 2909 1137 2979 δυνάμεων,
1161 2910 1532 2978 ἐπίστρεψον
1550 2907 1728 2978 ἡμᾶς.

152 3005 404 3076 Συνεχῶς
436 3004 534 3076 τὴν
562 3001 772 3056 ἱκεσίαν
801 3002 1195 3073 προϐάλλεται,
1247 3003 1588 3055 ἐπισπεύδων
1631 3003 1732 3072 τὴν

1826 542 1966 591 mas,
1995 537 2050 583 et
2081 530 2350 598 spirituali
2382 528 2656 584 fructuum
2683 533 2840 601 copia
2867 533 3194 601 exspoliant.

1897 617 1986 671 15.
2015 617 2156 671 Deus
2187 619 2461 683 virtutum,
2499 630 2811 674 convertere.
2850 620 3120 692 Deprecor
3150 631 3202 680 te
3233 625 3396 696 igitur

1826 717 2100 778 potentem
2150 709 2462 773 Dominum,
2521 721 2579 766 ut
2632 713 2896 782 respicias
2929 714 2996 769 de
3051 716 3189 770 coelo
3226 720 3398 772 vineae

1826 801 2143 870 perniciem,
2169 811 2222 857 et
2243 803 2540 858 remedium
2571 805 2783 858 vulneri
2811 807 3070 874 applices.
3103 807 3219 862 Tua
3248 810 3394 863 enim

1827 893 1943 962 ipsa
1977 893 2314 962 providentia
2346 896 2583 965 priorem
2619 895 2767 950 illam
2816 897 3074 967 optimam
3128 900 3398 956 conditio-

1827 1000 1949 1038 nem
1975 985 2214 1040 dederat.

1900 1074 1987 1141 16,
2019 1075 2105 1130 17.
2136 1074 2205 1128 Et
2224 1077 2413 1146 perﬁce
2435 1094 2548 1131 eam
2578 1094 2735 1148 quam
2758 1078 3014 1148 plantavit
3037 1081 3253 1135 dextera
3281 1093 3392 1134 tua.

1828 1162 2096 1230 Quoniam
2131 1174 2212 1229 tu,
2251 1166 2449 1236 inquit,
2473 1167 2730 1236 plantasti
2766 1169 2938 1234 illam,
2969 1183 3034 1224 ac
3060 1170 3255 1224 deinde
3294 1170 3400 1225 fuit

1828 1258 2039 1312 incensa
2072 1259 2180 1328 igni
2213 1268 2260 1312 et
2287 1259 2518 1327 suﬂ'ossa
2553 1270 2716 1329 atque
2747 1261 2930 1330 periit,
2957 1271 3011 1316 te
3041 1262 3186 1316 illam
3221 1265 3398 1318 corri-

1827 1348 2029 1418 piente,
2062 1349 2252 1418 perﬁce
2277 1365 2394 1402 eam
2425 1357 2481 1402 et
2511 1359 2752 1418 paratam
2799 1351 2964 1405 redde
3003 1352 3070 1406 ad
3125 1353 3353 1408 salutem
3380 1370 3398 1418 ;

1829 1455 2070 1509 praepara
2123 1449 2304 1494 autem
2356 1439 2506 1492 illam
2557 1455 2651 1508 per
2703 1439 2875 1494 tilium
2930 1442 3207 1497 hominis:
3266 1442 3400 1498 illud

1827 1531 1996 1597 enim“,
2031 1547 2186 1600 super
2216 1531 2392 1601 ﬁlium
2431 1530 2680 1593 hominis,
2717 1546 2810 1600 per
2840 1531 3012 1585 lilium
3057 1533 3294 1588 hominis
3326 1535 3402 1588 si-

1829 1623 2073 1691 gniﬁcat.
2121 1621 2256 1688 Quis
2305 1631 2487 1676 autem
2522 1631 2606 1677 est
2655 1621 2804 1676 tilius
2855 1622 3098 1677 hominis
3125 1623 3231 1677 nisi
3286 1624 3402 1693 ipse

1830 1719 2096 1773 Dominus
2148 1725 2376 1783 noster,
2441 1725 2500 1771 ut
2566 1716 2682 1787 ipse
2736 1715 2805 1771 de
2868 1731 2928 1771 se
2973 1717 3028 1770 in
3093 1716 3402 1789 Evangeliis

1761 1795 1802 1848 Β
1830 1810 2005 1866 dicit?

1902 1900 1990 1966 18,
2027 1898 2113 1954 19.
2152 1898 2278 1953 Fiat
2308 1915 2494 1952 manus
2520 1907 2610 1951 tua
2632 1914 2789 1968 super
2811 1898 2982 1952 virum
3013 1898 3246 1953 dextera:
3273 1908 3399 1953 tuae.

1832 1991 1979 2057 Ilaec,
2015 1991 2214 2061 inquit,
2256 2000 2339 2046 est
2383 1990 2627 2060 operatio
2661 1989 2853 2044 salutis
2891 1990 3099 2059 populi,
3153 2005 3275 2058 quae
3306 2005 3403 2059 per

1831 2100 2054 2139 manum
2098 2084 2387 2146 indicatur,
2419 2098 2574 2151 super
2598 2079 3016 2134 virumdextera:
3058 2089 3162 2134 tua:
3199 2083 3319 2150 ﬁat,
3347 2080 3402 2134 id

1831 2186 1914 2232 est
1945 2191 2041 2245 per
2075 2174 2251 2228 virum
2279 2173 2375 2244 qui
2407 2183 2490 2228 est
2523 2173 2747 2227 dextera
2800 2181 2911 2226 tua.
2949 2170 3153 2241 Ecquis
3186 2172 3276 2226 ille
3317 2180 3405 2226 est

1833 2271 1938 2325 nisi
1963 2268 2133 2323 Filius
2163 2269 2424 2333 hominis,
2456 2267 2550 2338 qui
2577 2275 2663 2322 est
2696 2267 2918 2321 dextera
2949 2265 3151 2334 Patris,
3184 2269 3401 2324 etiamsi

1833 2359 2013 2414 factus
2048 2359 2120 2414 sit
2157 2359 2364 2413 homo?
2391 2357 2528 2412 Cum
2565 2367 2746 2412 autem
2783 2358 2888 2411 hoc
2919 2355 3123 2412 factum
3153 2357 3317 2412 fuerit
3349 2367 3405 2413 et

1834 2453 2019 2507 salvos
2065 2466 2167 2505 nos
2209 2448 2398 2503 fecerit
2437 2448 2656 2503 dextera
2691 2456 2804 2516 tua,
2835 2447 2929 2518 qui
2974 2448 3190 2503 vocaris
3221 2449 3304 2504 vir
3349 2459 3404 2504 et

1834 2544 2006 2599 Filius
2042 2542 2160 2609 Dei,
2191 2556 2472 2610 nunquam
2514 2541 2859 2596 discedemus
2889 2555 2919 2594 ο
2952 2548 3023 2607 te,
3076 2549 3262 2611 utpote
3308 2543 3403 2611 qui

1834 2638 1958 2691 vitae
1986 2647 2092 2690 tuae
2121 2635 2413 2706 participes
2446 2634 2640 2701 simus,
2677 2643 2730 2688 et
2764 2642 2858 2688 tuo
2899 2633 3124 2688 nomine
3170 2635 3404 2704 appelle-

1833 2744 1977 2795 mur,
2010 2729 2063 2782 id
2089 2733 2173 2783 est
2199 2726 2520 2782 Christiani.

1901 2921 1993 2978 20.
2026 2921 2246 2975 Domine
2275 2920 2411 2975 Deus
2445 2922 2720 2989 virtutum,
2753 2931 2990 2976 converte
3023 2939 3138 2978 nos.
3171 2922 3404 2980 Assidue

1836 3013 2290 3082 supplicationem
2316 3013 2518 3067 emittit
2549 3013 2810 3084 gestiens,
2847 3021 2910 3068 ut
2957 3012 3279 3084 Unigenitus
3313 3031 3406 3086 ap-

151 3097 478 3166 ἐπιφάνειαν
503 3093 754 3163 γενέσθαι
780 3093 874 3146 τοῦ
905 3092 1264 3162 Μονογενοῦς,
1302 3093 1370 3146 δι’
1399 3088 1459 3147 οὗ
1491 3093 1587 3147 καὶ
1624 3109 1730 3146 σω-

1853 3115 2042 3171 )ιιτειιι,
2075 3122 2170 3162 per
2195 3121 2356 3162 auem
2382 3106 2613 3161 salutem
2647 3105 2752 3177 ipsi
2786 3118 3212 3178 consequentur.

151 3190 432 3261 θήσονται.

327 3284 434 3347 Εὶς
467 3279 642 3345 τέλος
678 3278 831 3346 ὑπὲρ
859 3277 979 3332 τῶν
1011 3276 1219 3345 ληνῶν
1251 3279 1560 3331 ΨΑΛΜΟΣ

522 3370 604 3436 τῷ
648 3370 848 3438 Ἁσὰςρ,
878 3368 1237 3436 (Lundonia.
1275 3371 1360 3421 II’.

785 3460 1110 3524 Ύπόθεσις.

157 3551 298 3623 Ἤδη
350 3551 443 3604 τὸν
480 3549 662 3620 ὄγδοον
717 3548 1110 3621 ἑρμηνεύοντες
1142 3545 1567 3622 ἀποδεδώκαμεν
1594 3546 1733 3603 εἶναι

224 3643 420 3712 ληνοὺς
456 3641 554 3705 τὰς
609 3640 954 3711 Ἐκκλησίας.
992 3642 1177 3694 Ἔστιν
1209 3638 1409 3694 οὖνκαὶ
1444 3643 1508 3695 ἐκ
1545 3641 1731 3695 τούτου

225 3735 319 3789 τοῦ
344 3733 562 3805 ψαλμοῦ
592 3735 739 3794 ἰδεῖν,
779 3733 854 3796 ὡς
878 3732 1032 3786 καλεῖ
1050 3733 1120 3786 τὰ
1153 3732 1278 3806 ἔθνη
1317 3734 1456 3803 πρὸς
1497 3735 1594 3806 τὴν
1640 3737 1733 3788 πί-

226 3844 345 3881 στιν
375 3827 472 3900 τὴν
506 3829 584 3890 εἰς
605 3826 697 3879 τὸν
717 3825 920 3898 Κύριον
940 3840 952 3853 ·
971 3827 1153 3889 αὐτοῖς
1177 3826 1525 3881 διδασκαλίαν
1553 3828 1735 3882 ποιού-

223 3937 386 3992 μενος
423 3917 516 3972 τοῦ
557 3920 764 3990 μήποτε
797 3917 1100 3988 ἀποστῆναι
1129 3918 1314 3982 αὑτοῦ,
1350 3919 1450 3990 τὴν
1488 3917 1581 3972 τοῦ
1609 3937 1735 3991 προ-

224 4011 387 4076 τέρου
419 4009 550 4064 λαοῦ
581 4008 668 4061 διὰ
693 4007 791 4078 τὴν
826 4008 1022 4060 κακίαν
1049 4007 1320 4080 ἀποϐολὴν
1355 4008 1548 4077 λέγων.

239 4100 626 4174 Ὰγτιλλιᾶσθε
664 4099 744 4166 τῷ
767 4099 887 4166 Θεῷ
912 4098 992 4166 τῷ
1016 4099 1221 4168 βοηθῷ
1257 4100 1428 4169 ἡμῶν
1447 4141 1462 4166 ,
1501 4101 1735 4156 ἀλαλά-

155 4197 300 4260 εατε
330 4193 411 4259 τῷ
449 4191 570 4258 Θεῷ
624 4191 833 4246 Ἰακώϐ.
893 4191 1228 4262 Ἀλαλαγμός
1274 4195 1420 4246 ἐστιν
1471 4193 1735 4256 ἐπινίκιος

157 4289 345 4356 ὕμνος.
377 4283 816 4356 Παρακελεύεται
845 4278 936 4336 οὖν
957 4287 1070 4346 τοῖς
1096 4283 1270 4337 ἔθνεσι
1301 4283 1380 4354 τῷ
1409 4283 1734 4354 βοηθήσαντι

155 4376 309 4448 Θεῷ,
360 4377 454 4428 καὶ
481 4378 545 4428 ἐκ
577 4378 678 4446 τῆς
709 4374 816 4428 τῶν
869 4375 1138 4445 δαιμόνων
1194 4375 1389 4438 αὐτοὺς
1446 4376 1736 4447 ῥυσαμένῳ

158 4469 637 4531 καταδυναστείας,
667 4468 766 4530 τὰς
799 4466 1270 4540 ἐπινικίουςΙᾷδειν
1302 4467 1463 4537 ᾠδάς.

230 4563 452 4617 Λάϐετε
476 4560 752 4628 ψαλμὸν,
799 4560 896 4613 καὶ
949 4559 1086 4613 δότε
1124 4561 1453 4628 τύμπανον.
1507 4559 1736 4631 Ψαλμὸν

157 4657 218 4708 ἐν
242 4653 457 4715 τούτοις
481 4652 578 4720 τὴν
604 4650 753 4703 θείαν
779 4649 1130 4704 διδασκαλίαν
1169 4651 1325 4721 φησί.
1359 4649 1650 4720 Τύμπανον
1681 4649 1737 4702 δὲ

156 4744 392 4816 ὄργανόν
420 4746 536 4796 ἐστι
563 4743 628 4795 ἐκ
658 4740 944 4813 δερμάτων
978 4740 1368 4811 πεποιημένον.
1405 4741 1571 4808 Λέγει
1618 4734 1733 4792 οὖν·

170 4839 431 4908 Ἐπήκοοι
481 4838 596 4900 τοῖς
643 4835 808 4898 θείοις
862 4834 1065 4903 λογίοις
1096 4833 1398 4904 γενόμενοι,
1428 4831 1739 4902 παραστή-

157 4945 310 4984 σατε
333 4928 406 4980 τὰ
437 4928 682 4996 σώματα
705 4924 872 4996 ὑμῶν
907 4926 1128 4982 θυσίαν
1151 4925 1346 4986 alicar-
1365 4965 1380 4990 ,
1413 4925 1743 4994 εὐπρόσδε-

161 5038 312 5075 actor
341 5018 428 5084 τῷ
450 5017 592 5083 Θεῷ.
639 5017 983 5086 Ψαλτήριον
1010 5017 1269 5087 τερπνὸν
1291 5019 1442 5088 μετὰ
1473 5017 1738 5084 κιθάρας.

164 5109 478 5179 Ψαλτήριον
511 5107 674 5162 πάλιν
711 5108 771 5160 τὸ
802 5106 963 5177 σῶμά
996 5124 1150 5177 φησι,
1185 5107 1274 5161 διὰ
1312 5106 1412 5177 τὴν
1449 5107 1740 5177 γινομένην

165 5201 490 5273 συμφωνίαν
522 5202 615 5254 καὶ
644 5201 1008 5272 συναρμονίαν
1039 5200 1176 5272 πρὸς
1209 5200 1343 5254 αὒτδ
1393 5200 1489 5271 τῆς
1521 5199 1699 5269 ψυχῆς
1719 5215 1736 5232 ’

163 5296 228 5345 ἵν’
263 5296 446 5366 ἄρτιοι
475 5294 738 5362 γένωνται
765 5294 814 5347 οί
846 5293 938 5348 τοῦ
966 5291 1104 5347 Θεοῦ
1151 5291 1427 5364 ἄνθρωποι
1450 5331 1465 5354 ,
1513 5291 1609 5344 καὶ
1645 5289 1740 5353 τὰς

163 5385 341 5456 Ψυχὰς
369 5385 715 5448 ἀνατιθέντες
746 5384 824 5455 τῷ
847 5384 988 5455 Θεῷ,
1018 5385 1110 5438 καὶ
1140 5383 1200 5437 τὸ
1235 5383 1416 5453 σῶμα,
1450 5382 1508 5434 οὐ
1549 5380 1625 5452 τῷ
1654 5381 1746 5435 κό-

167 5492 308 5546 σμῳ,
334 5475 474 5530 ἀλλὰ
496 5475 705 5547 Κυρίῳ.

235 5565 585 5620 Σαλπίσατε
605 5565 673 5618 ἐν
697 5566 982 5634 νεομηνίᾳ
1011 5566 1320 5635 σάλπιγγι.
1347 5564 1554 5632 ’Ὠσπερ
1576 5562 1740 5618 παλαι

248 5734 298 5767 ⁸⁸
327 5733 487 5787 Rom.
535 5746 630 5791 xu,
664 5729 712 5782 1.

500 5825 766 5883 Ρηιιοι..
799 5820 916 5879 Gn.
955 5817 1210 5881 XXVII.

1994 3287 2046 3340 1.
2079 3284 2144 3340 In
2171 3286 2350 3356 ﬁnem,
2379 3302 2472 3354 pra
2497 3286 2849 3342 torcularibus
2887 3286 3228 3344 PSALMUS

2323 3379 2427 3448 ipsi
2454 3378 2656 3446 Asaph.
2685 3366 2910 3434 LXXX.

2420 3472 2825 3542 Argumentum.

1834 3559 1952 3615 Jam
1990 3578 2112 3616 cum
2150 3571 2403 3618 octavum
2439 3563 2924 3632 interpretaremur
2955 3564 3193 3622 diximus
3225 3575 3378 3621 torcu

1905 3653 2044 3708 laria
2074 3652 2344 3708 Eeclesias
2401 3669 2544 3709 esse.
2596 3652 2797 3709 Videre
2845 3654 3010 3724 igitur
3056 3663 3142 3710 est
3190 3671 3257 3710 ex
3304 3655 3408 3711 hoc

1905 3760 2123 3814 quoque
2148 3745 2361 3814 psalmo
2389 3745 2566 3814 ipsum
2603 3759 2802 3799 vocare
2846 3756 3032 3814 gentes
3061 3745 3128 3800 ad
3159 3747 3318 3801 [idem
3349 3748 3405 3802 in

1905 3833 2218 3888 Dominum.
2250 3832 2382 3887 Eam
2414 3833 2719 3888 doctrinam
2763 3834 3011 3903 praebens
3037 3835 3142 3889 illis
3177 3843 3238 3890 ut
3266 3852 3408 3890 nun-

1905 3939 2068 3994 quam
2098 3923 2384 3978 discedant
2423 3923 2492 3978 ab
2522 3923 2663 3993 ipso,
2695 3923 2898 3994 prioris
2929 3923 3116 3994 pepuli
3151 3923 3408 3994 impieta-

1907 4016 1977 4070 tis
2005 4030 2168 4069 causa
2198 4015 2555 4084 abjectionem
2592 4014 2932 4084 signiﬁcans.

1903 4105 1959 4160 2.
2006 4104 2280 4159 Exsultate
2328 4104 2436 4158 Deo
2485 4104 2723 4175 adjutori
2762 4113 2984 4170 nostro,
3024 4103 3253 4174 jubilate
3298 4103 3406 4158 Deo

1835 4195 2308 4252 Jacob.Jubilatio
2351 4205 2434 4251 est
2485 4196 2729 4251 victoria:
2779 4210 3023 4250 carmen.
3074 4195 3408 4249 Cohortatur

1838 4292 2020 4360 itaque
2047 4297 2234 4360 gentes
2268 4297 2329 4342 ut
2362 4287 2473 4343 Deo
2525 4289 2832 4354 auxilianti,
2887 4289 2982 4357 qui
3015 4303 3044 4340 a
3094 4287 3406 4342 daemonum

1841 4388 2108 4450 potestate
2177 4378 2326 4448 ipsos
2410 4379 2787 4443 liberaverat,
2865 4377 3098 4447 hymnos
3170 4374 3411 4430 victorias

1770 4472 1810 4526 D
1839 4481 2058 4526 canant.

1913 4565 1962 4619 '5.
1993 4562 2198 4619 Sumite
2222 4565 2504 4633 psalmum,
2539 4569 2589 4614 et
2619 4561 2742 4612 date
2783 4567 3108 4628 tympanum.
3131 4555 3411 4612 Psalmum

1841 4654 1930 4709 hic
1959 4663 2139 4720 vocat,
2186 4653 2425 4708 divinam
2462 4651 2813 4716 doctrinam;
2865 4657 3181 4719 tympanum
3230 4655 3412 4702 autem

1840 4757 1926 4802 est
1951 4749 2375 4802 instrumentum
2429 4743 2664 4814 pellibus
2714 4739 3046 4797 confectum.
3081 4739 3172 4794 Ait
3204 4740 3366 4810 igitur
3396 4757 3410 4793 :

1843 4837 2219 4910 Obsequentes
2262 4836 2464 4891 divinis
2496 4835 2758 4905 eloquiis,
2804 4820 3040 4890 exhibete
3081 4849 3302 4902 corpora
3331 4848 3416 4886 ve-

1843 4943 1957 4986 stra
1986 4932 2216 4986 hostiam
2245 4932 2518 4994 viventem,
2548 4927 2657 4982 Deo
2685 4928 3055 4997 placentem”.
3089 4924 3416 4980 Psalterium

1835 5024 2130 5094 jucundum
2151 5039 2268 5077 cum
2285 5021 2509 5076 cithara.
2529 5019 2854 5076 Psalterium
2874 5033 3093 5073 rursum
3114 5031 3315 5085 corpus
3333 5015 3418 5069 di-

1844 5117 1937 5178 cit,
1956 5115 2024 5169 ob
2046 5127 2370 5168 consensum
2395 5119 2449 5166 et
2477 5111 2878 5182 coaptationem
2907 5109 3107 5162 anima:
3129 5121 3252 5160 cum
3283 5103 3378 5159 illo
3398 5145 3413 5165 .

1847 5219 1908 5265 ut
1939 5207 2035 5262 Dei
2063 5206 2318 5260 homines
2349 5202 2576 5274 perfecti
2603 5202 2734 5269 sint,
2766 5209 2819 5256 ct
2854 5200 3065 5254 animas
3095 5197 3206 5252 Deo
3229 5196 3416 5250 dican-

1850 5309 1930 5354 tes
1961 5307 2013 5352 et
2039 5312 2262 5368 corpus,
2320 5309 2426 5350 non
2457 5293 2686 5356 mundo,
2717 5292 2811 5348 sed
2837 5290 3086 5346 Domino.

1927 5559 1980 5624 ι,
2016 5557 2068 5612 5.
2105 5554 2392 5610 Buccinate
2413 5554 2466 5606 in
2503 5555 2774 5608 ueouxcnia
2807 5550 2955 5606 tuba.
2991 5549 3144 5603 Sicut
3174 5545 3306 5601 olim
3337 5540 3417 5597 Is.

3103 5802 3177 5863 12
