3872 6216
420 274 533 334 365

1230 275 1284 329 S.
1328 273 1694 329 ATHANASII
1732 269 1881 327 OPP.
1918 264 2228 338 PARSJII.
2272 292 2340 302 —
2378 260 2790 316 EXEGETICA.

3576 253 3691 310 τοι

428 390 541 445 rael
594 388 883 444 seusibiles
922 402 1145 443 sumens
1171 388 1330 441 tubas
1376 388 1430 441 in
1482 386 1770 441 neomenia
1816 384 2003 438 bucci-

2129 378 2234 431 τοτέ
2256 379 2283 429 6
2321 375 2533 448 Ἰσραὴλ
2559 372 2822 444 αἰσθητὰς
2851 371 3145 442 λαμϐάνων
3190 369 3499 437 σάλπιγγας
3535 368 3596 421 ἐν
3624 372 3695 439 τῇ

428 480 615 545 nabat,
644 480 774 549 quia
806 479 910 532 hoc
938 486 1265 547 praeceptum
1302 477 1526 531 dederat
1582 476 1725 530 Deus
1758 476 1809 528 in
1847 475 2002 528 testi-

426 572 673 625 monium
701 570 847 640 quod
880 570 1092 623 liberati
1122 568 1355 622 fuissent
1377 583 1443 621 ex
1478 567 1800 639 Egyptiaea
1828 566 2003 621 servi-

428 672 585 730 tute;
624 664 697 717 ita
729 672 783 717 et
812 677 984 715 novus
1029 661 1264 731 populus
1314 661 1627 731 evangelica
1671 675 1803 713 usus
1850 658 2001 722 tuba,

431 756 590 823 cujus
641 770 810 809 sonus
863 755 916 807 in
962 767 1179 805 omnem
1230 760 1431 804 terram
1492 752 1708 815 exivit,
1747 750 1899 820 jubet
1947 750 2002 802 in

430 846 733 899 neomeniis
768 845 895 899 tuba
924 857 1140 906 canere,
1179 841 1232 894 id
1267 850 1351 895 est
1382 842 1435 894 in
1473 840 1828 895 renovatione
1850 854 2003 892 men—

431 937 504 991 tis
530 937 667 1006 ejus,
699 936 965 989 conlitens
997 934 1112 1002 ipse
1145 942 1310 1000 atque
1340 932 1639 987 testificans
1671 932 1816 1001 quod
1849 931 2002 983 illum

430 1041 497 1081 ex
530 1027 800 1097 spirituali
828 1026 1063 1097 Egypto
1093 1025 1360 1092 liberarit,
1406 1024 1461 1078 id
1512 1034 1595 1079 est
1640 1040 1705 1078 ex
1739 1031 2005 1094 potestate

429 1117 799 1171 tenebrarum.

499 1293 551 1346 6.
582 1291 842 1363 Linguam
871 1306 1025 1360 quam
1060 1306 1161 1342 non
1213 1297 1423 1341 noverat
1470 1287 1691 1339 audivit.
1738 1282 2001 1353 Populus,

429 1381 630 1452 inquit,
661 1396 914 1450 egressus
942 1396 1006 1433 ex
1043 1376 1301 1447 Egypto,
1333 1375 1539 1429 audivit
1573 1375 1811 1442 linguam
1839 1387 2003 1440 quam

431 1476 562 1530 olim
615 1488 727 1527 non
772 1480 951 1525 norat.
989 1469 1173 1539 Ecqua
1202 1469 1291 1521 illa
1342 1466 1445 1521 fuit
1486 1466 1590 1519 nisi
1642 1480 1747 1518 vox
1804 1462 1898 1515 Dei
1952 1463 2005 1514 in

430 1574 615 1621 monte
646 1566 713 1620 ad
742 1564 1003 1635 populum
1047 1562 1249 1615 emissa
1277 1559 1299 1611 ?

504 1659 556 1712 7.
594 1658 816 1710 Divertit
840 1655 902 1708 ab
937 1652 1176 1707 oneribus
1211 1651 1427 1703 dorsum
1456 1648 1589 1718 ejus.
1636 1645 1803 1712 Quasi
1839 1644 2003 1709 dicat,

2108 468 2366 540 νεομηνία
2393 466 2671 528 ἐσάλπιςε,
2697 464 2854 517 τοῦτο
2881 463 3206 534 πρόσταγμα
3253 461 3551 523 δεδωκότος
3596 462 3695 514 τοῦ

2108 558 2265 623 Θεοῦ,
2299 559 2391 609 καὶ
2424 556 2721 627 μαρτύριον
2745 552 2838 606 τοῦ
2883 552 3313 623 ἐλευθερωθῆναι
3353 550 3552 613 αὐτοὺς
3596 551 3696 620 τῆς

2112 649 2170 713 ἐξ
2194 648 2470 716 Αἰγύπτου
2491 646 2733 707 δουλείας
2750 661 2763 673 ο
2791 643 2931 697 οὕτω
2950 643 3042 695 καὶ
3068 643 3095 694 6
3112 642 3231 704 νέος
3248 641 3396 704 λαὸς,
3427 644 3496 711 τῇ
3531 640 3699 706 εὐαγο

2109 743 2295 811 γελικῇ
2332 740 2611 812 χρώμενος
2656 738 2937 805 σάλπιγγι,
2978 730 3046 807 ἧς
3077 738 3105 788 6
3142 735 3373 803 φθόγγος
3399 736 3478 797 εἰς
3514 735 3698 786 πᾶσαν

2110 834 2208 902 τὴν
2244 834 2345 900 γῆν
2375 829 2618 901 ἐξῆλθεν,
2644 828 2922 882 κελεύεται
2947 830 3003 880 ἐν
3027 830 3146 889 ταῖς
3177 826 3491 896 νεομηνίαις
3511 823 3701 877 σαλπί-

2110 923 2253 989 ζειν,
2303 924 2580 976 τουτέστιν
2635 923 2690 973 ἐν
2726 923 2793 990 τῇ
2824 919 3163 974 ἀνακαινίσει
3195 916 3290 969 τοῦ
3337 917 3456 979 νοὸς
3492 913 3697 967 αὑτοῦ·

2109 1014 2385 1087 ὁμολογῶν
2415 1014 2509 1066 καὶ
2538 1013 2700 1075 αὐτὸς
2733 1013 2827 1065 καὶ
2855 1010 3179 1083 μαρτυρῶν,
3229 1010 3310 1061 ὅτι
3343 1007 3405 1078 δὴ
3435 1006 3604 1060 αὑτὸν
3634 1008 3700 1058 ἐκ

2109 1110 2207 1177 τῆς
2230 1107 2425 1177 νοητῆς
2454 1104 2826 1175 ἠλευθέρωσεν
2858 1103 3156 1171 Αἰγύπτου,
3188 1100 3466 1153 τουτέστιν
3496 1100 3564 1151 ἐκ
3596 1098 3700 1168 τῆς

2112 1198 2365 1265 ἐξουσίας
2403 1197 2495 1250 τοῦ
2525 1195 2769 1258 σκότους.

2140 1291 2483 1343 ιθΓλῶσσίαν
2510 1288 2590 1356 ἣν
2616 1290 2725 1341 οὐκ
2756 1288 2907 1357 ἔγνω
2940 1284 3231 1352 ἤκουσεν.
3260 1282 3318 1335 '0
3334 1282 3485 1346 λαὸς,
3508 1278 3700 1349 φησὶν.

2112 1381 2345 1447 ἐξελθὼν
2381 1383 2443 1433 ἐκ
2470 1381 2566 1447 τῆς
2595 1379 2895 1447 Αἰγύπτου,
2925 1376 3123 1446 ἤκουσε
3148 1374 3399 1443 γλῶσσαν
3427 1374 3498 1442 ἣν
3522 1370 3699 1425 πάλαι

2110 1472 2209 1523 οὐκ
2244 1470 2405 1539 ἔγνω.
2443 1470 2554 1523 Καὶ
2616 1470 2743 1522 ποία
2773 1467 2911 1539 αὕτη
2959 1467 2992 1536 ἢ
3045 1469 3077 1536 ἡ
3114 1465 3208 1519 τοῦ
3242 1463 3376 1518 Θεοῦ
3414 1462 3555 1534 πρὸς
3605 1462 3706 1516 τὸν

2112 1561 2239 1614 λαὸν
2266 1560 2522 1631 γινομένη
2547 1562 2604 1612 ἐν
2636 1560 2711 1630 τῷ
2738 1560 2851 1630 ὄρει
2882 1561 3062 1629 φωνῆς

2201 1652 2565 1720 Ἀπέστησεν
2586 1650 2965 1722 ἀπὸ-ἄρσεων
2984 1650 3091 1703 τὸν
3108 1650 3300 1703 νῶτον
3322 1646 3532 1702 αὐτοῦ.
3550 1646 3705 1701 Ἀντὶ

432 1764 498 1803 ex
528 1746 809 1801 oneribus.
834 1744 974 1797 Dicit
998 1756 1161 1812 porro
1188 1740 1333 1809 quod
1353 1738 1475 1792 illos
1504 1753 1533 1791 a
1557 1736 1789 1791 sarcinis
1811 1734 2009 1787 libera-

2129 1744 2232 1809 τοῦ,
2268 1744 2328 1809 ἐξ
2354 1744 2586 1817 ἄρσεων.
2620 1744 2780 1811 Λέγει
2808 1744 2886 1807 δέ,
2918 1741 3131 1796 ὅτιτῶν
3168 1739 3569 1811 βασταγμάτων
3597 1738 3703 1793 αὐ-

433 1839 592 1903 vcrit,
628 1851 765 1905 quas
791 1834 1106 1889 deferebant
1135 1847 1258 1887 cum
1288 1835 1636 1883 exstruerem
1664 1826 1827 1881 urbes
1856 1823 2001 1877 Pha-

432 1928 642 1985 raonis.
679 1925 870 1980 Manus
902 1924 1015 1992 eius
1042 1925 1096 1977 in
1141 1921 1361 1991 cophino
1412 1919 1719 1972 servierunt.
1772 1913 1885 1969 Hoc
1929 1914 2006 1966 ait

434 2022 564 2091 quia
597 2021 771 2074 lutum
800 2026 853 2072 et
892 2017 1077 2086 paleas
1124 2015 1182 2069 in
1214 2012 1467 2083 cophinis
1506 2010 1573 2066 ad
1621 2024 1758 2079 opus
1791 2005 2005 2061 defere-

433 2116 586 2170 bant.

510 2206 564 2259 8.
599 2203 665 2258 In
700 2202 1040 2257 tribulatione
1074 2199 1329 2253 invocasti
1360 2212 1463 2260 me,
1496 2204 1544 2250 et
1581 2193 1794 2248 liberavi
1822 2200 1888 2246 te.
1922 2186 2009 2242 Si-

439 2300 565 2354 mile
587 2306 669 2353 est
701 2297 776 2350 illi
816 2313 830 2350 :
868 2295 1007 2359 Quia
1041 2292 1218 2345 audivi
1267 2291 1487 2360 gemitus
1521 2302 1701 2341 eorum
1745 2292 1794 2338 et
1834 2295 2007 2336 uocem

436 2406 616 2445 eorum
639 2388 838 2453 audivi,
869 2394 916 2439 et
946 2374 1191 2437 descendi
1222 2382 1289 2435 ad
1320 2378 1650 2433 liberandum
1676 2392 1761 2430 eos
1788 2374 1828 2428 ί.

502 2478 765 2532 Exaudivi
791 2484 837 2529 te
862 2476 915 2528 in
938 2472 1248 2527 abscondito
1274 2468 1621 2539 tempestatis.
1648 2464 1818 2531 Quasi
1841 2461 2007 2524 dicat,

438 2588 503 2627 ex
536 2585 731 2641 magna
762 2577 819 2624 et
849 2564 1332 2621 vehementissima
1366 2569 1419 2615 te
1464 2558 1713 2629 angustia
1758 2553 2007 2610 liberavi.

441 2659 670 2714 Probavi
699 2667 746 2711 te
774 2654 914 2725 apud
942 2670 1136 2725 aquam
1183 2648 1640 2706 contradictionis.
1682 2643 1912 2711 Quando
1940 2643 2013 2697 si-

443 2750 702 2807 tibundus
732 2749 965 2835 populus
997 2748 1063 2801 ad
1092 2745 1316 2816 Moysen
1342 2744 1550 2798 diceret
1582 2758 1595 2794 :
1628 2738 1713 2791 Da
1758 2736 1903 2789 nobis
1955 2751 2013 2786 a-

439 2862 598 2917 quam
616 2855 673 2897 ut
698 2830 959 2907 bibamus,
1013 2838 1327 2909 respondit:
1350 2835 1491 2901 Quid
1522 2850 1601 2887 me
1625 2830 1867 2886 conviciis
1889 2844 2011 2882 one-

440 2937 576 2989 ratis
607 2944 655 2988 et
694 2932 905 2985 tentatis
938 2930 1218 2982 Dominum
1244 2927 1310 2980 ’?

512 3027 664 3083 9-H.
694 3025 854 3089 Audi,
914 3021 1137 3092 populus
1174 3036 1340 3076 meus.
1372 3017 1639 3087 Populum
1675 3013 2012 3077 cohortatur,

2108 1837 2235 1900 τοὺς
2259 1836 2657 1907 ἠλευθέρωσεν,
2688 1828 2763 1888 ὧν
2805 1835 3133 1905 ἐπεφέροντο
3160 1831 3571 1903 οἰκοδομοῦντες
3597 1830 3704 1893 τὰς

2111 1928 2293 1990 πόλεις
2317 1926 2395 1998 τῷ
2422 1926 2638 1997 Φαραώ.
2670 1928 2741 1979 Αἱ
2773 1924 2972 1995 χεῖρες
3016 1922 3210 1977 αὐτοῦ’
3248 1923 3317 1976 ὲν
3346 1921 3427 1987 τῷ
3466 1922 3700 1990 κοφίνῳ

2110 2019 2507 2073 ἐδούλευσαν.
2554 2016 2723 2070 Τοῦτό
2752 2024 2906 2089 ἷφησι
2933 2016 3067 2070 διότι
3118 2014 3210 2067 τὸν
3270 2013 3439 2085 πηλὸν
3487 2013 3585 2066 καὶ
3631 2013 3702 2065 τά

2112 2111 2291 2182 ἄχυρα
2312 2113 2368 2163 ἐν
2393 2110 2633 2180 κοφίνοις
2659 2110 2751 2163 ἐπὶ
2783 2110 2842 2163 τὸ
2877 2109 3037 2181 ἔργον
3060 2106 3409 2178 ἐπεφέροντο.

2194 2204 2296 2257 Ἐν
2324 2203 2525 2271 θλίψει
2546 2202 2896 2255 ἐπεκαλέσω
2933 2217 3031 2270 με,
3064 2198 3165 2252 καὶ
3204 2195 3556 2266 ἐρρυσάμην
3599 2209 3702 2251 σε.

2118 2292 2340 2363 Ὅμοιον
2363 2290 2461 2362 τῷ,
2495 2292 2625 2344 Ὅτι
2656 2290 2897 2359 ἤκουσα
2931 2286 3049 2342 τῶν
3084 2285 3440 2356 στεναγμῶν
3473 2282 3700 2347 αὐτῶν.

2114 2385 2215 2437 καὶ
2246 2382 2355 2450 τῆς
2393 2382 2596 2453 φωνῆς
2640 2381 2839 2436 αὐτῶν
2881 2380 3145 2449 ἤκουσα,
3176 2378 3275 2432 καὶ
3303 2378 3560 2445 κατέϐην
3592 2376 3703 2431 τοῦ

2114 2473 2430 2538 ἐξελέσθαι
2462 2473 2702 2538 αὐτούς.
2738 2469 3078 2536 Ἐπήκουσά
3114 2484 3230 2523 σου
3256 2468 3325 2522 ὲν
3372 2466 3703 2534 ἀποκρύφῳ

2115 2565 2225 2634 τῆς
2257 2564 2613 2634 καταιγίδος.
2656 2564 2800 2617 Ἀντί
2829 2560 2944 2626 τοῦ,
2986 2563 3080 2614 Ἐκ
3113 2559 3357 2631 μεγάλης
3407 2559 3503 2610 καὶ
3532 2558 3705 2628 ὑπερ-

2118 2656 2420 2727 ϐαλλούσης
2448 2655 2766 2727 ἐρρυσάμην
2809 2670 2865 2705 σε
2909 2651 3162 2720 θλίψεως.
3212 2646 3579 2717 Ἐδοκίμασὰ
3625 2663 3702 2701 σε

2118 2748 2218 2801 ἐπὶ
2249 2746 2467 2811 ὕδατος
2489 2744 2854 2813 ἀντιλογίας.
2893 2744 3025 2795 Ὅτε
3061 2740 3292 2811 διψήσας
3335 2741 3362 2791 6
3393 2738 3522 2801 λαδς
3546 2737 3703 2804 ἐλεγε

2119 2839 2255 2908 πρὸς
2307 2837 2544 2907 Μωσῆν⁶
2571 2836 2682 2903 Δὸς
2706 2836 2851 2904 ἡμῖν
2879 2833 3036 2899 ὕδωρ
3085 2832 3186 2885 ἵνα
3214 2832 3440 2899 πίωμεν
3458 2870 3472 2894 ,
3509 2830 3701 2897 ἔλεγεῒ

2124 2929 2187 2981 Τί
2216 2926 2587 2994 λοιδορεῖσθέ
2606 2943 2683 2994 με
2710 2924 2811 2978 καὶ
2844 2920 3140 2990 πειράζετε
3170 2921 3274 2973 τὸν
3309 2921 3560 2987 Κύριον;

2195 3020 2511 3083 Ἄκουσον,
2550 3018 2699 3084 λαός
2726 3034 2863 3086 μου.
2896 3015 2987 3085 Τῷ
3021 3012 3135 3081 λαῷ
3162 3010 3479 3082 παραίνεσιν
3521 3008 3703 3078 εἰσφέ-

450 3128 505 3174 Διι
531 3127 685 3174 curet
710 3131 835 3171 esse
862 3116 1173 3183 obsequens
1228 3112 1327 3165 illi.
1380 3109 1517 3163 Nam
1570 3108 1616 3163 si
1664 3107 1769 3160 hoc
1829 3104 2014 3166 faciat,

2129 3128 2204 3184 ρει
2252 3110 2423 3179 λέγων
2454 3108 2893 3181 παρεσκευάσθαι
2934 3108 3170 3176 ἐπήκοον
3224 3104 3474 3173 γενέσθαι
3528 3101 3700 3172 αύτῷ.

441 3222 790 3279 nequaquam
822 3205 1022 3260 serviet
1049 3204 1142 3257 alii
1178 3201 1285 3255 Deo
1314 3221 1326 3255 :
1364 3215 1541 3269 neque
1570 3197 1674 3252 erit
1698 3195 1803 3266 ipsi
1834 3194 2018 3263 Domi-

443 3316 550 3356 nus
577 3302 630 3354 in
658 3298 828 3352 Deum
856 3304 1154 3351 recentem.
1198 3294 1318 3363 ipse
1352 3306 1589 3361 namque
1635 3288 1837 3357 estqui
1890 3287 2018 3341 olim

444 3405 540 3443 eos
566 3404 632 3442 ex
670 3386 904 3457 [Egypto
933 3384 1184 3440 redemit.
1216 3383 1402 3436 Dilata
1428 3398 1483 3435 os
1518 3392 1687 3446 tuum,
1718 3390 1764 3433 et
1796 3377 2019 3447 implebo

442 3478 604 3535 illud.
637 3476 915 3532 Promittit
941 3473 1373 3544 obsequentibus
1398 3470 1646 3526 carnales
1680 3477 1735 3523 et
1768 3468 2021 3537 spiritua-

344 3578 350 3587 '
444 3573 525 3628 les
565 3572 737 3627 cibos.

522 3750 716 3806 12-15.
751 3748 820 3802 Ει
850 3763 953 3802 non
977 3745 1177 3801 audivit
1206 3743 1431 3813 populus
1454 3758 1596 3796 meus
1631 3757 1803 3794 vocem
1826 3753 2016 3801 meam,

450 3855 557 3899 etc.
592 3842 731 3910 Quia
765 3856 850 3896 me
880 3841 987 3895 hoc
1029 3838 1336 3909 pollicente,
1399 3835 1504 3905 ipsi
1550 3833 1701 3890 surdi
1760 3830 2017 3895 fuerunt;

447 3934 571 3990 ideo
600 3932 882 4004 repudiavi
909 3945 1025 3995 eos,
1050 3929 1353 3998 dignasque
1376 3926 1443 3981 de
1469 3924 1806 3981 facinoribus
1828 3936 2019 3977 eorum

446 4039 640 4095 pinnas
669 4022 903 4092 sumpsi.

521 4113 609 4169 16.
640 4112 855 4167 Inimici
890 4110 1106 4165 Domini
1137 4106 1346 4164 mentiti
1373 4115 1495 4160 sunt
1531 4106 1600 4172 ei,
1623 4113 1672 4158 et
1695 4104 1793 4157 erit
1821 4111 2019 4170 tempus

447 4220 629 4260 eorum
650 4205 704 4258 in
725 4202 942 4258 swcula.
975 4199 1142 4266 Quasi
1176 4198 1419 4268 apertius
1454 4196 1662 4250 diceret
1692 4211 1705 4248 :
1756 4190 1892 4258 Quia
1922 4204 2021 4259 po-

448 4299 611 4370 pulus
649 4296 908 4350 mentitus
938 4302 1022 4348 est
1056 4291 1313 4355 Domino,
1342 4291 1446 4344 erit
1474 4288 1523 4343 ei
1549 4295 1764 4356 tempus
1811 4281 2015 4352 suppli-

444 4389 542 4455 cii,
573 4388 625 4441 id
660 4394 743 4441 est
770 4393 983 4453 tempus
1012 4379 1182 4435 futuri
1215 4378 1421 4435 saeculi.

521 4567 612 4621 17.
645 4564 713 4618 Et
746 4563 938 4619 cibauit
974 4579 1060 4616 eos
1101 4576 1164 4615 ex
1187 4560 1340 4628 adipe
1368 4556 1641 4627 frumenti.
1690 4553 1791 4618 Illi,
1824 4554 2021 4622 inquit,

450 4657 661 4713 mentiti
694 4663 823 4710 sunt
854 4655 903 4709 ei
933 4670 948 4719 ;
989 4654 1105 4723 ipse
1138 4664 1291 4714 vero,
1335 4656 1523 4718 utpote
1565 4648 1765 4710 bonus,
1797 4643 2025 4714 replevit

454 4763 548 4803 eos
574 4746 844 4816 spirituali
876 4745 1035 4798 cibo:
1084 4743 1176 4813 qui
1227 4749 1311 4795 est
1364 4740 1480 4808 ipse
1524 4736 1812 4801 Dominus,
1869 4733 2022 4803 panis

456 4842 598 4893 uiuus
623 4838 713 4906 qui
737 4838 799 4890 de
826 4839 953 4891 caelo
997 4834 1286 4896 descendit,
1337 4841 1388 4886 et
1417 4832 1511 4884 dat
1557 4831 1720 4883 vitam
1760 4827 1956 4880 mundo
1981 4825 2020 4875 ³.

457 4928 527 4982 Ει
553 4928 614 4981 de
646 4936 796 4994 petra
824 4926 973 4978 melle
1019 4925 1277 4979 saturavit
1305 4940 1413 4975 eos.
1446 4921 1606 4975 Petra
1634 4927 1718 4974 est
1749 4918 1865 4987 ipse
1914 4915 2022 4967 Do-

456 5016 639 5070 minus
663 5014 724 5078 ⁶;
758 5013 1021 5080 mel,ejus
1053 5013 1234 5065 divina
1260 5012 1500 5081 eloquia.
1532 5010 1621 5064 Ait
1650 5010 1835 5080 igitur,
1873 5007 2024 5077 quod

452 5122 549 5160 eos
585 5104 791 5160 sanctis
820 5103 1051 5172 eloquiis
1079 5103 1195 5156 suis
1229 5103 1534 5171 repleverit.

811 5290 1147 5346 PSALMUS
1177 5292 1375 5359 Asaph.
1412 5291 1609 5345 LXXX

1058 5384 1456 5452 Argumentum.

455 5474 752 5546 Postquam
776 5493 829 5530 in
849 5475 1173 5535 praecedenti
1199 5476 1407 5543 psalmo
1430 5475 1495 5529 de
1518 5475 1700 5544 populi
1723 5474 2026 5544 abjeetione

2120 3201 2230 3254 Καὶ
2261 3200 2391 3269 γὰρ,
2419 3202 2466 3252 εἰ
2514 3199 2671 3253 τοῦτο
2718 3200 2953 3269 ποιήσει,
3001 3197 3105 3249 οὐκ
3142 3195 3207 3249 ἂν
3255 3195 3425 3256 ἑτέρω
3472 3192 3706 3265 δουλεύῃ

2120 3292 2259 3363 Θεῷ,
2295 3293 2416 3346 οὐδὲ
2446 3292 2733 3361 γενήσεται
2759 3289 2904 3359 αύτῷ
2932 3288 3093 3351 αὐτὸς
3137 3290 3164 3340 6
3199 3286 3403 3358 Κύριος
3440 3287 3519 3349 εἰς
3569 3285 3705 3338 Θεὸν

2121 3384 2451 3455 πρόσφατον.
2488 3383 2658 3443 Αὐτὸς
2690 3381 2797 3451 γάρ
2850 3382 2997 3432 ἐστιν
3044 3380 3072 3430 6
3105 3377 3197 3429 καὶ
3228 3378 3393 3430 πάλαι
3421 3376 3619 3439 αὐτοὺς
3646 3374 3704 3441 ἐξ

2120 3476 2393 3543 Αἰγύπτου
2416 3474 2850 3544 λυτρωσάμενος.
2885 3473 3203 3527 Πλάτυνον
3227 3470 3293 3523 τὸ
3332 3472 3528 3537 στόμα
3557 3482 3701 3530 σου,

2121 3567 2220 3620 καὶ
2247 3564 2541 3633 πληρώσω
2568 3566 2734 3619 αὑτό.
2775 3566 3151 3635 Ὑπισχνεῖται
3173 3564 3283 3625 τοῖς
3315 3558 3703 3631 πειθαρχοῦσιν

2120 3657 2271 3727 αὐτῷ
2299 3658 2393 3711 καὶ
2427 3655 2699 3727 σαρκικὰς
2730 3656 2935 3729 τροφὰς
2958 3657 3051 3710 καὶ
3085 3653 3484 3724 πνευματικὰς.

2189 3746 2430 3801 Καίοὺκ
2466 3746 2734 3815 ἤκουσεν
2760 3750 2792 3801 ὀ
2825 3749 2975 3813 λαός
3007 3765 3125 3816 μου
3162 3745 3270 3814 τῆς
3312 3742 3520 3813 ςρωνῆς
3558 3760 3700 3811 μου.

2134 3839 2349 3909 Ἐπειδὴ
2379 3838 2554 3892 ταῦτα
2584 3841 2680 3910 μὲν
2703 3840 3019 3909 ὑπεσχόμην
3058 3838 3196 3906 ἐγὼ,
3224 3838 3377 3891 αύτοί
3405 3836 3461 3889 δέ
3489 3834 3561 3888 τὰ
3592 3829 3705 3887 ὦτα

2120 3931 2467 3999 ἐκώφευσανο
2492 3930 2680 3984 τούτου
2714 3931 2872 4002 χάριν
2897 3928 3249 3999 ἀπεδαλόμην
3292 3926 3511 3992 αὐτοὺς,
3540 3926 3698 3990 ἀξίαν

2120 4020 2230 4074 τῶν
2257 4020 2707 4092 ἐπιτηδευμάτων
2740 4022 2921 4083 αὐτοῖς
2950 4018 3047 4089 τὴν
3073 4016 3568 4089 τιμωρίανδδιδούς.

2190 4114 2254 4166 Οὶ
2279 4111 2480 4180 ἐχθροὶ
2504 4111 2726 4178 Κυρίου
2758 4110 3100 4177 ἐψεύσαντο
3138 4107 3298 4173 αὐτῷ
3318 4149 3332 4173 ,
3374 4108 3472 4161 καὶ
3534 4108 3705 4161 ἔσται

2121 4204 2156 4256 ὁ
2203 4202 2409 4269 καιρὸς
2430 4199 2627 4254 αὐτῶν
2657 4202 2744 4265 εὶς
2771 4198 2877 4252 τὸν
2924 4198 3126 4252 αἰῶνα.
3167 4198 3310 4250 Ὠσεὶ
3372 4196 3706 4266 σαφέστερον

2123 4293 2339 4361 ἔλεγεν·
2386 4292 2531 4345 Ἀντὶ
2580 4291 2670 4345 τοῦ
2698 4290 3002 4361 ψεύσασθαι
3058 4289 3135 4360 τῷ
3183 4288 3375 4360 Κυρίῳ
3426 4289 3519 4341 τὸν
3553 4288 3703 4349 λαὸν,

2125 4384 2278 4437 ἔσται
2336 4385 2520 4456 καιρὸς
2574 4384 2722 4455 αὐτῷ
2762 4385 3062 4457 τιμωρίαςο
3104 4377 3351 4448 οὗτοςδέ
3383 4384 3531 4436 ἐστιν
3561 4384 3590 4436 ὁ
3615 4381 3706 4437 τοῦ

2130 4476 2414 4547 μέλλοντος
2450 4476 2664 4539 αἰῶνος.

2199 4569 2309 4621 Καὶ
2336 4567 2639 4636 ἐψώμισεν
2664 4567 2886 4634 αὐτοὺς
2906 4567 2975 4620 ἐκ
3002 4569 3255 4633 στέατος
3298 4565 3513 4633 πυροῦ.
3545 4561 3708 4616 Αύτοί

2134 4659 2251 4728 μὲν,
2284 4659 2466 4728 φησὶν,
2508 4658 2802 4727 ἐψεύσαντο
2854 4658 3031 4727 αὐτῷ·
3064 4659 3224 4721 αὐτὸς
3255 4658 3310 4711 δέ
3330 4697 3343 4721 ,
3374 4656 3468 4709 ἅτε
3509 4653 3709 4722 ἀγαθὸς

2134 4751 2415 4820 ὑπάρχων,
2450 4749 2743 4819 ἐνέπλησεν
2767 4753 2964 4814 αὐτοὺς
2994 4752 3189 4821 νοητῆς
3211 4749 3415 4821 τροφῆς
3439 4763 3453 4776 ·
3485 4746 3627 4815 αὕτη
3652 4744 3707 4797 δέ

2135 4842 2281 4894 ἐστιν
2311 4839 2470 4903 αὐτὸς
2495 4841 2523 4892 ὁ
2550 4841 2775 4911 Κύριος,
2799 4846 2831 4896 0'
2858 4843 3035 4910 ἄρτος
3074 4844 3104 4896 ὁ
3139 4841 3267 4905 ζῶν,
3296 4844 3325 4894 ό
3354 4840 3423 4904 ἐξ
3447 4836 3709 4906 οὐρανοῦ

2133 4932 2412 4997 καταϐὰς,
2446 4931 2544 4985 καὶ
2578 4932 2729 5000 ζωὴν
2758 4933 2962 5001 διδοὺς
2989 4934 3068 4999 τῷ
3094 4936 3315 5003 κόσμῳ.
3373 4936 3483 4987 Καὶ
3512 4936 3583 4987 ὲκ
3610 4932 3712 4988 πέ·

2133 5041 2273 5093 τρας
2300 5022 2440 5092 μέλι
2476 5024 2805 5092 ἐχόρτασεν
2842 5028 3081 5091 αὐτούς.
3122 5027 3305 5097 Πέτρα
3342 5026 3559 5089 αύτὸςό
3597 5025 3708 5077 Κύ-

2136 5132 2270 5186 ριος,
2313 5114 2434 5184 μέλι
2481 5114 2536 5167 δὲ
2576 5115 2646 5167 τὰ
2686 5115 2803 5169 θεῖα
2839 5117 3002 5170 αὐτοῦ
3027 5116 3201 5184 λόγια.
3236 5115 3398 5182 Λέγει
3441 5115 3598 5184 γοῦν,
3630 5116 3709 5169 ὅτι

2133 5207 2241 5259 τῶν
2269 5206 2428 5259 ὁσίων
2456 5205 2615 5259 αύτοῦ
2641 5207 2835 5275 λογίων
2865 5209 3158 5277 ἐνέπλησεν
3190 5207 3405 5269 αὐτούς.

2512 5299 2817 5351 ΨΑΛΜΟΣ
2848 5298 2924 5363 τῷ
2965 5298 3165 5367 Ἀσάφ.
3195 5301 3319 5351 [ΙΑἏ

2759 5388 3083 5454 Ὑπόθεσις.

2135 5477 2244 5546 Τὴν
2271 5477 2542 5549 ἀποὸολὴν
2574 5477 2668 5531 τοῦ
2694 5478 2821 5531 λαοῦ
2845 5481 2901 5533 ἐν
2927 5480 3002 5549 τῷ
3037 5480 3140 5551 πρὸ
3166 5477 3329 5533 αὑτοῦ
3369 5476 3595 5547 ψαλμῶ.
3623 5472 3707 5531 ἐν·

531 5673 550 5709 ⁸
578 5673 748 5731 Exod.
778 5691 838 5740 ιι,
868 5676 959 5730 2t.
1020 5678 1055 5761 7'
1082 5675 1253 5731 Exod.
1284 5690 1417 5739 xvu,
1448 5678 1502 5727 τέ.
1584 5676 1776 5729 'Joan.
1819 5692 1891 5742 γι,
1935 5676 2022 5729 55.

2151 5677 2167 5732 l
2202 5677 2328 5734 Cor.
2362 5695 2415 5746 χ,
2449 5681 2494 5733 4.
