3872 6216
230 291 353 350 385

1300 299 1668 360 Exeosirio
1697 302 1764 359 IN
1797 286 2129 367 PSA’LMUM
2168 312 2426 372 Lxxxn.

3369 330 3476 388 360

308 409 481 464 ταῦθα
517 409 613 463 καὶ
652 409 748 474 τάς
777 410 956 476 αἰτίας
989 413 1321 488 σαφέστερον
1360 418 1627 483 ἐκδίδωσι,
1652 420 1717 473 δι’
1747 421 1768 474 ὃ

1931 486 1947 492 _
1988 425 2201 484 locutus
2229 443 2331 498 est,
2370 431 2457 486 hic
2486 446 2606 502 qum
2634 447 2816 489 causae
2845 435 2952 491 sint
2977 437 3121 506 quod
3149 453 3178 493 a
3232 433 3341 497 Deo
3383 446 3479 500 ab-

305 499 503 561 αὐτοὺς
534 500 562 551 ὁ
585 497 715 562 Θεὸς
738 499 1058 557 ἀπεδάλετο.

316 587 380 643 Ὃ
423 588 566 653 Θεὸς
595 589 743 657 ἔστη
791 591 860 643 ἑν
901 595 1224 666 συναγωγῇ
1269 597 1438 653 θεῶν.
1493 599 1657 664 Θεοὺς
1686 602 1809 665 τοὺς

220 680 499 751 ἄρχοντας
524 681 631 735 τῶν
669 682 936 736 Ἰουδαίων
967 686 1214 753 ἐκάλεσε,
1250 693 1376 754 τοὺς
1401 693 1549 756 υἱοὺς
1579 693 1806 764 κληθέν-

220 785 330 831 τας
347 767 503 820 Θεοῦ.
546 771 712 840 Ἔστη
738 768 828 824 οὖν
861 775 917 826 ὲν
943 775 1092 846 μέσῳ
1123 779 1300 832 αὐτῶν
1335 783 1363 834 ὁ
1410 782 1560 846 Θεὸς,
1592 784 1679 837 ὅτε
1710 784 1807 856 τὴν

223 845 500 930 σωτήριον
530 864 831 934 παρουσίαν
864 866 1178 937 πεποίηται,
1227 871 1375 935 ὅπως
1422 873 1669 947 διακρίνῃ
1718 877 1808 930 αὐ·

217 951 376 1014 τοὺς,
405 951 621 1023 ἔλεγχον
648 954 756 1008 τῶν
780 957 960 1034 αὐτοῖς
980 962 1387 1032 πεπραγμένων
1421 947 1612 1019 ποιῶν.

298 1043 457 1110 Ἕως
488 1045 632 1098 πότε
660 1048 890 1114 κρίνετε
919 1050 1194 1116 ἀδικίαν;
1221 1054 1331 1124 Τὴν
1359 1055 1571 1108 ἀδικίαν
1597 1057 1696 1128 τὴν
1719 1075 1804 1126 γι-

215 1133 462 1205 νομένην
492 1139 572 1200 είς
593 1137 682 1189 τὸν
709 1137 833 1191 λαὸν
866 1141 994 1210 παρ’
1017 1142 1197 1197 αὐτῶν
1227 1146 1305 1208 είς
1337 1145 1501 1214 μέσον
1525 1147 1668 1215 ἄγει.

288 1302 775 1369 Σαλευθήτωσαν
808 1306 1003 1361 πάντα
1036 1310 1108 1363 τὰ
1141 1311 1381 1380 θεμέλια
1403 1312 1514 1382 τῆς
1545 1315 1676 1384 γῆς.
1702 1317 1802 1370 Θε-

212 1388 389 1459 μέλια
426 1391 527 1461 τῆς
549 1394 650 1465 γῆς
673 1395 799 1459 τοὺς
821 1396 1087 1468 ἄρχοντας
1114 1391 1210 1454 ’τοῦ
1250 1402 1443 1466 αἰῶνος
1473 1395 1661 1458 τούτου
1697 1416 1800 1478 φη-

211 1481 345 1534 σίν-ο
381 1483 576 1545 οἵτινες
602 1486 697 1538 καὶ
728 1488 835 1558 πρό
858 1504 920 1556 γε
950 1490 1044 1542 τοῦ
1068 1491 1194 1544 λαοῦ
1228 1493 1336 1547 τῶν
1373 1485 1638 1550 Ἰουδαίων
1667 1497 1797 1551 ἕδω-

208 1589 318 1625 καν
343 1572 522 1646 δίκην,
551 1575 903 1648 ἐκϐληθέντες
921 1581 1020 1651 τῆς
1043 1583 1162 1636 καθ’
1190 1585 1346 1656 ἡμῶν
1374 1588 1686 1658 τυραννίδος
1707 1590 1796 1644 διὰ

205 1663 309 1716 τοῦ
331 1665 618 1736 λεχθέντος
641 1671 776 1742 πρὸς
804 1674 950 1743 ἡμᾶς
975 1674 1154 1743 λογίου
1181 1693 1195 1707 ·
1231 1677 1362 1732 Νῦν
1389 1682 1422 1733 o’
1451 1678 1650 1749 ἄρχων
1683 1681 1788 1736 τοῦ

205 1757 452 1827 κόσμου
480 1763 692 1816 τούτου
716 1765 1151 1834 ἐκϐληθήσεται
1197 1770 1331 1834 ἕξω.
1398 1772 1792 1845 Ἐσαλεύθησαν
1825 1759 1867 1813 Β

203 1848 322 1920 γὰρ
354 1844 426 1920 ἦς
456 1851 622 1906 πάλαι
661 1855 798 1908 ποτε
817 1851 962 1928 εἶχον
989 1860 1249 1924 στάσεως.
1285 1862 1412 1914 "Are
1451 1863 1514 1934 δὴ
1544 1865 1620 1928 ὡς
1645 1844 1794 1936 πρώ-

201 1957 318 2008 τῳν
348 1941 534 1996 αὐτῶν
562 1949 1018 2019 καταργηθέντων
1057 1952 1144 2004 διά
1181 1953 1274 2005 τοῦ
1329 1955 1560 2026 σταυροῦ
1589 1958 1752 2010 αὐτοῦ
1773 1999 1787 2024 ,

202 2019 328 2086 εἷτα
358 2034 462 2105 τῆς
489 2036 717 2109 ἐκϐολῆς
754 2042 1050 2113 γενομένης
1073 2044 1168 2097 τοῦ
1206 2045 1422 2116 Ἰσραὴλ
1450 2019 1587 2116 μετά
1612 2048 1672 2100 τὸ
1700 2019 1793 2121 xq-

201 2126 481 2198 ρυχθῆναι
509 2130 588 2192 είς
616 2131 795 2186 πάντα
827 2135 895 2186 τὰ
929 2134 1055 2207 ἔθνη
1094 2136 1154 2188 τὸ
1182 2137 1529 2206 Εὐαγγέλιον,
1585 2141 1792 2210 ἐπήγα-

197 2230 300 2282 γεν
327 2233 342 2247 ’
387 2217 536 2287 Ἐγὼ
565 2215 703 2274 εἶπα
725 2237 738 2251 ·
769 2224 902 2276 Θεοί
927 2224 1088 2279 ἐστε.
1134 2226 1321 2292 Ὑμεῖς
1355 2226 1422 2279 δὲ
1454 2228 1535 2292 ὡς
1570 2227 1790 2296 ἄνθρω-

195 2317 306 2358 ποι
331 2306 753 2377 ἀποθνήσκετε
771 2328 783 2341 ·
813 2314 1058 2367 πίπτετε
1099 2314 1168 2368 δὲ
1208 2317 1306 2370 καὶ
1328 2318 1407 2382 ὡς
1435 2315 1522 2383 εἷς
1545 2317 1663 2373 τῶν
1689 2320 1789 2388 ἀρ-

195 2400 463 2464 χόντων.
504 2403 612 2455 Καὶ
637 2405 805 2458 ποίων
829 2406 1122 2477 ἀρχόντων,
1155 2409 1186 2480 ἢ
1217 2403 1291 2464 ὧν
1352 2411 1532 2483 μικρῷ
1594 2413 1790 2484 πρότε-

195 2507 295 2560 ρον
329 2491 571 2563 ἐδήλωσε
591 2494 677 2548 διὰ
702 2497 810 2550 τῶν
829 2499 1203 2570 σαλευομένων
1232 2501 1494 2574 θεμελίων
1516 2504 1618 2575 τῆς
1644 2505 1746 2575 γῆς
1769 2523 1786 2572 ;

513 2585 650 2656 ’ῼδὴ
698 2591 1014 2646 ΨΑΛΜΟΥ
1037 2593 1116 2658 τῷ
1140 2593 1342 2664 Ἀσάφ.
1366 2596 1503 2652 HB'.

842 2682 1165 2751 Ὑπόθεσις.

88 2789 107 2809 ο
187 2765 384 2838 Εὐχὴν
417 2769 649 2824 ἐνταῦθα
678 2772 944 2827 ἀνατείνει
975 2776 1112 2847 πρὸς
1143 2777 1296 2844 Θεὸν,
1330 2779 1430 2851 τῆς
1463 2780 1784 2845 ἀλαζονείας

261 2859 441 2924 ἀξιῶν
475 2862 543 2916 τά
573 2862 698 2935 ἔθνη
733 2867 1154 2939 τιμωρήσασθαι
1206 2870 1276 2923 τὰ
1316 2871 1425 2926 τῶν
1486 2873 1782 2945 Ἀσσυρίων

273 2951 360 3013 εἰς
382 2951 473 3004 τὸν
503 2952 642 3007 κατὰ
672 2955 771 3025 τῆς
806 2957 1163 3031 Ἰερουσαλὴμ
1195 2963 1593 3034 συμπράξαντα
1619 2964 1779 3018 πόλε-

1975 517 2160 586 .jectus
2191 522 2354 576 fuerit
2378 522 2578 579 clarius
2619 536 2878 582 recenset.

1979 609 2030 663 ί.
2067 610 2208 664 Deus
2239 614 2384 666 stetit
2441 615 2494 667 in
2535 632 2799 686 synagoga
2852 618 3088 673 deorum.
3144 619 3286 678 Deos
3317 637 3477 682 vocat

1911 698 2179 768 principes
2206 700 2539 768 Judaeorum,
2569 707 2661 775 qui
2686 707 2781 760 lilii
2805 706 2900 762 Dei
2922 711 3277 768 vocabantur.
3311 715 3474 773 Stetit

1909 788 2072 858 igitur
2100 791 2152 844 in
2182 794 2358 847 medio
2389 810 2578 849 eorum
2629 796 2794 858 Deus.
2844 798 2898 852 in
2953 801 3179 857 salutari
3234 821 3335 860 suo
3371 808 3470 861 ad-

1905 889 2089 943 ventu,
2125 890 2184 934 ut
2212 882 2484 950 judicaret
2531 900 2647 952 eos,
2699 884 3006 944 facinorum
3041 905 3233 948 eorum
3283 897 3472 952 convi-

1905 973 2136 1055 ctionem
2169 973 2418 1030 afferens.

1968 1062 2022 1128 2,
2056 1063 2107 1115 5.
2162 1062 2433 1134 Usquequo
2459 1067 2730 1135 cjudicatis
2775 1071 3158 1141 iniquitatem?
3209 1085 3314 1132 etc.
3355 1076 3465 1133 lni-

1903 1155 2184 1222 quitatem,
2221 1172 2327 1226 qua
2357 1173 2484 1229 erga
2513 1161 2776 1230 populum
2829 1166 2913 1219 usi
2959 1177 3106 1235 sunt,
3140 1171 3192 1225 in
3229 1175 3468 1230 medium

1903 1246 2141 1301 adducit.

1973 1339 2097 1392 5-7.
2133 1337 2446 1394 Jlloveantur
2471 1345 2650 1398 omnia
2683 1346 3024 1414 fundamenta
3053 1359 3220 1407 term’.
3254 1351 3470 1411 Funda-

1899 1438 2080 1484 menta
2117 1439 2273 1484 terrae
2299 1431 2431 1487 dicit
2459 1435 2734 1506 principes
2767 1440 2950 1494 saeculi
2978 1441 3140 1512 hujus
3165 1483 3181 1508 ,
3212 1446 3304 1515 qui
3339 1457 3467 1503 ante

1896 1517 2209 1576 Judaeorum
2243 1525 2501 1592 populum
2535 1542 2726 1597 poenas
2771 1531 3062 1596 dederunt,
3103 1550 3135 1588 a
3185 1539 3468 1606 tyrannide

1899 1628 2006 1681 qua
2041 1629 2142 1667 nos
2191 1618 2568 1685 opprimebant
2616 1623 2851 1690 expulsi,
2900 1639 2997 1693 per
3045 1625 3179 1682 illud
3213 1627 3463 1686 dictum:

1914 1703 2070 1758 Nunc
2089 1707 2328 1776 princeps
2354 1708 2508 1778 hujus
2549 1701 2731 1767 mundi
2761 1713 3003 1780 ejicietur
3033 1717 3179 1785 foras
3201 1718 3242 1773 ⁵.
3277 1717 3470 1779 Exacti

1895 1807 2024 1851 sunt
2057 1814 2086 1852 a
2129 1799 2251 1856 loco
2289 1818 2454 1872 quem
2479 1804 2628 1872 prius
2683 1810 3041 1878 occupabant.
3096 1813 3233 1870 Cum
3281 1818 3462 1889 itaque

1893 1891 2046 1959 prius
2075 1892 2154 1946 illi
2186 1895 2488 1964 compressi
2524 1895 2759 1952 fuissent
2797 1915 2895 1969 per
2926 1917 3142 1960 crucem
3194 1907 3314 1978 ejus
3337 1948 3355 1974 ,
3394 1926 3462 1966 ac

1893 1979 2088 2036 deinde
2137 1982 2384 2052 abjectus
2435 1985 2506 2039 sit
2558 1985 2724 2042 Israel
2771 1999 3061 2060 postquam
3101 1995 3454 2066 Evangelium

1891 2086 1988 2139 per
2013 2081 2181 2127 totam
2210 2083 2409 2130 terram
2448 2078 2800 2146 praedicatum
2833 2080 2956 2149 fuit,
2995 2084 3312 2154 subjunxit:
3343 2088 3454 2158 Ego

1890 2162 2039 2216 dixi:
2078 2163 2168 2218 Dii
2195 2167 2338 2219 estis.
2373 2166 2468 2220 Vos
2492 2178 2669 2223 autem
2701 2172 2838 2224 sicut
2868 2173 3102 2229 homines
3134 2180 3453 2246 moriemini,

1888 2262 1937 2306 et
1972 2255 2108 2310 sicut
2140 2273 2275 2311 unus
2302 2260 2365 2312 de
2379 2262 2710 2331 principibus
2735 2266 2958 2322 cadetis.
2988 2267 3054 2323 Et
3077 2270 3277 2340 quibus
3305 2272 3456 2342 prin-

1889 2347 2120 2416 cipibus,
2165 2350 2271 2405 nisi
2321 2353 2390 2406 iis
2423 2370 2562 2422 quos
2610 2356 2773 2425 paulo
2816 2368 2943 2415 ante
2999 2359 3326 2432 significavit
3355 2377 3454 2436 per

1887 2451 2161 2496 commota
2188 2443 2541 2501 fundamenta
2574 2459 2730 2504 terra:

2054 2595 2105 2646 l.
2146 2593 2422 2652 Canticum
2455 2599 2736 2655 PSALMI
2764 2603 2963 2674 Asaph.
2990 2603 3286 2664 LXXXII.

2465 2693 2865 2763 Argumentum.

1882 2775 2260 2836 Precationem
2290 2781 2382 2838 hic
2429 2783 2657 2840 eﬁ‘undit
2693 2787 2761 2841 ad
2808 2787 3001 2856 Deum,
3051 2807 3249 2862 rogans
3278 2801 3340 2848 ut
3381 2795 3451 2851 de

1957 2873 2272 2942 arrogantia
2315 2876 2580 2945 gentium,
2633 2894 2756 2948 quae
2800 2895 2926 2936 cum
2975 2883 3214 2955 Assyriis
3243 2885 3448 2942 bellum

1881 2961 1922 3031 ες
1953 2975 2233 3032 gesserant
2287 2967 2550 3022 adversus
2603 2966 2943 3040 Jerusalem,
2995 2985 3177 3029 sumat
3231 2991 3445 3046 poenas.

316 3060 398 3096 ον.
428 3037 587 3097 Οὗτοι
613 3046 670 3099 δὲ
693 3043 834 3119 ἦσαν
857 3051 906 3103 οἱ
935 3049 1064 3121 ὲξῆς
1092 3054 1150 3106 ἐν
1177 3052 1255 3123 τῷ
1281 3053 1483 3125 ψαλμῷ
1513 3055 1768 3128 δηλούμε·

1952 3053 2045 3109 Hae
2073 3065 2256 3111 autem
2293 3066 2480 3128 gentes
2520 3058 2751 3118 inferius
2780 3063 2834 3117 in
2868 3064 3081 3134 psalmo
3113 3066 3444 3123 indicantur.

299 3151 377 3190 οι.

299 3230 344 3279 ο
382 3225 547 3294 Θεὸς,
584 3229 677 3296 τίς
719 3233 1150 3301 ὁμοιωθήσεταί
1189 3248 1329 3297 σοι;
1366 3233 1454 3305 μὴ
1512 3237 1777 3307 σιγήσῃς

175 3317 349 3389 μηδὲ
383 3323 828 3392 καταπραΰνῃς,
861 3329 894 3379 ὀ
925 3327 1088 3392 Θεός.
1114 3328 1205 3380 Σοὶ
1237 3327 1356 3398 μὲν,
1384 3329 1567 3400 φησὶν,
1603 3331 1776 3396 οὐδεὶς

179 3411 348 3465 ἔσται
398 3412 618 3483 ὅμοιος,
684 3415 1061 3487 ἀμνησίκακος
1114 3420 1208 3472 καὶ
1262 3421 1628 3492 μακροθυμῶν
1683 3425 1775 3477 ἐπὶ

180 3508 314 3568 ταῖς
343 3506 582 3572 ἀδικίαις
601 3523 617 3538 ⁶
647 3509 759 3578 ὲγὼ
786 3511 842 3563 δὲ
871 3510 1100 3583 εὔχομαι
1145 3512 1220 3584 μὴ
1268 3515 1490 3585 σιγῆσαι
1511 3517 1612 3569 ,ἐπὶ
1654 3518 1776 3580 ταῖς

183 3598 316 3652 καθ’
351 3599 509 3670 ήμῶν
559 3601 711 3674 παρά
759 3602 866 3658 τῶν
931 3604 1138 3676 ἐχθρῶν
1191 3607 1512 3677 γενομέναις
1565 3607 1772 3672 ἀδίκοις

182 3689 426 3759 εφόδοις.

260 3781 398 3836 Ὀτι
427 3782 556 3837 ἰδοὺ
584 3787 637 3839 οἱ
669 3785 872 3854 ἐχθροί
902 3800 1018 3840 σου
1061 3787 1328 3856 ἤχησαν.
1385 3788 1766 3856 Ἐξάκουστος,

181 3875 376 3946 φησὶν,
416 3877 448 3946 ὴ
473 3876 594 3930 καθ’
621 3879 654 3948 ἡ
665 3878 780 3948 μῶν
812 3880 941 3950 παρ’
962 3880 1142 3932 αὐτῶν
1171 3881 1356 3934 ἀδικία
1382 3884 1693 3954 γεγένηται.

274 3971 691 4040 Ἔτενήθησαν
735 3976 817 4039 εὶς
852 3975 1188 4042 ἀντίληψιν
1236 3976 1360 4041 τοῖς
1409 3976 1561 4041 υἱοῖς
1615 3977 1762 4031 Λώτ.

192 4059 605 4126 Ἀντελάϐοντο,
630 4063 782 4132 φησὶ,
809 4064 901 4116 καὶ
936 4067 1382 4137 συνεμαχήσαντο
1411 4069 1491 4129 εἰς
1521 4067 1611 4120 τὸν
1641 4067 1763 4120 καθ’

179 4152 344 4223 ἡμῶν
369 4153 601 4225 πόλεμον
619 4156 666 4207 οἱ
693 4156 1131 4227 προδηλωθέντες
1157 4161 1270 4221 τοῖς
1301 4160 1436 4220 υἱοῖς
1465 4158 1607 4211 Λώτ.
1646 4160 1764 4212 Υἱοὶ

176 4245 236 4298 δὲ
264 4245 393 4299 Λὼτ
425 4247 710 4299 Μωαϐῖται
739 4248 832 4301 καὶ
866 4250 1214 4318 Ἀμμανῖται.
1278 4249 1555 4302 Ἐντεῦθεν
1582 4250 1638 4303 δὲ
1675 4268 1763 4319 γι-

177 4339 488 4408 νώσκομεν,
524 4340 604 4392 ὅτι
643 4339 1072 4408 προσκαλοῦνται
1102 4339 1366 4411 ἀλλήλους
1413 4342 1460 4392 οἱ
1507 4341 1760 4410 δαίμονες

1945 3232 1998 3287 2.
2031 3233 2192 3300 Deus,
2228 3237 2345 3306 quis
2368 3237 2564 3291 similis
2595 3241 2698 3293 erit
2746 3241 2880 3294 tibi?
2937 3259 3001 3297 ne
3057 3243 3232 3300 taéeas
3284 3262 3447 3318 neque

1875 3328 2245 3395 compescaris,
2275 3329 2433 3384 Deus.
2467 3328 2658 3397 Nemo,
2694 3332 2892 3402 inquit,
2927 3334 3025 3389 tibi
3076 3337 3272 3392 similis
3316 3339 3443 3402 erit,

1876 3415 2164 3472 immemor
2187 3419 2440 3475 videlicet
2475 3421 2822 3491 injuriarum,
2851 3433 2906 3478 et
2949 3428 3324 3496 aequanimiter
3359 3438 3444 3483 to-

1875 3505 2054 3564 lerans
2076 3508 2414 3579 iniquitates.
2438 3511 2553 3582 Ego
2581 3523 2763 3569 autem
2791 3529 2986 3584 precor
3019 3528 3080 3572 ut
3121 3534 3230 3573 non
3260 3529 3446 3575 taceas

1873 3612 2037 3666 super
2099 3600 2306 3670 iniquis
2357 3603 2769 3661 incursionibus
2821 3607 3192 3677 inimicorum,
3241 3612 3448 3681 quibus

1873 3702 1972 3742 nos
2002 3689 2346 3745 adoriuntur.

1942 3779 1996 3832 5.
2033 3778 2293 3843 Quoniam
2324 3799 2439 3836 ecce
2461 3785 2665 3838 inimici
2691 3788 2768 3840 tui
2790 3799 3097 3844 sonuerunt.
3133 3791 3438 3861 Publicata,

1870 3869 2067 3937 inquit,
2102 3868 2206 3924 fuit
2232 3887 2422 3926 eorum
2452 3875 2741 3930 adversum
2774 3893 2874 3932 nos
2905 3880 3185 3950 iniquitas.

1941 3964 1993 4017 9.
2027 3963 2185 4018 Facti
2213 3977 2332 4018 sunt
2367 3966 2422 4018 in
2450 3967 2776 4036 adjutorium
2805 3971 2933 4038 ﬁliis
2967 3971 3086 4025 Lat.
3137 3974 3239 4040 Qui
3276 3992 3436 4045 supe-

1867 4054 1984 4107 rius
2020 4057 2303 4109 memorati
2345 4065 2471 4111 sunt
2515 4059 2779 4112 auxilium
2820 4069 2874 4114 et
2925 4077 3082 4131 opem
3134 4067 3432 4122 attulerunt

1867 4148 1994 4202 ill-iis
2026 4146 2144 4202 Lot.
2188 4149 2310 4203 Filii
2335 4159 2513 4206 autem
2551 4150 2651 4206 Lot
2684 4162 2811 4207 sunt
2839 4153 3084 4210 Moabitae
3127 4169 3178 4212 et
3207 4160 3435 4216 Ammo-

1866 4240 2010 4294 niue.
2068 4239 2204 4295 Hinc
2267 4251 2448 4295 autem
2499 4245 2924 4314 cognoscimus,
2981 4248 3256 4305 dazmones
3311 4268 3432 4307 sese

1866 4341 2057 4384 mutuo
2087 4347 2384 4399 provocare
2410 4334 2475 4387 ad
2511 4336 2808 4401 perniciem
2839 4337 3055 4405 animae,
3087 4351 3146 4394 ut
3178 4357 3278 4396 nos
3303 4342 3428 4396 fun-

179 4431 268 4484 ἐπ’
303 4430 551 4500 ἀπωλείᾳ
578 4430 774 4501 ψυχῆς,
811 4432 1184 4505 πανωλεθρίαν
1211 4435 1343 4502 ἡμῖν
1372 4433 1600 4500 ἐπάγειν
1623 4475 1637 4497 ,
1665 4434 1758 4486 καὶ

1902 4425 2010 4477 itus
2035 4424 2281 4491 perdant,
2317 4432 2372 4478 et
2403 4424 2674 4480 famosum
2709 4428 2862 4482 illum
2906 4428 3160 4486 Israelem
3208 4433 3261 4487 in
3293 4434 3432 4488 obli-

176 4521 317 4594 λήθῃ
351 4519 685 4593 παραδοῦναι
714 4523 804 4575 τὸν
846 4523 1279 4595 πολυθρύλλητον
1337 4523 1572 4595 Ἰσραήλ.
1621 4521 1752 4578 Εἶτα

177 4613 470 4682 καταλέγει
495 4613 744 4683 ὁμόρους,
771 4615 860 4684 ὑφ’
891 4609 966 4668 ὧν
993 4615 1386 4686 συγκληθέντες
1409 4618 1502 4670 καὶ
1531 4618 1579 4669 οἱ
1604 4617 1750 4670 ἄλλοι

178 4705 464 4776 συνῆλθον.

246 4799 517 4864 Ποίησον
546 4797 751 4864 αὐτοῖς
789 4799 869 4864 ὡς
908 4796 982 4867 τῇ
1007 4799 1238 4867 Μαδιάμ
1261 4799 1355 4851 καὶ
1391 4797 1470 4863 τῷ
1498 4798 1744 4866 Σισάρα.

176 4888 390 4957 Ὠσπερ
429 4888 556 4940 ποτὲ
586 4889 812 4959 Μαδιάμ
831 4889 926 4942 καὶ
958 4891 986 4941 ὁ
1005 4889 1232 4959 Σισάρα,
1262 4888 1341 4941 ἔτι
1373 4906 1432 4941 τε
1462 4891 1556 4942 καὶ
1581 4892 1608 4942 ὁ
1645 4892 1750 4942 Ἰα-

174 4977 288 5029 εεὶν
310 4978 704 5042 ἐξαναστάντες
725 4980 867 5033 κατά
891 4978 984 5032 τοῦ
1013 4978 1227 5050 Ἰσραὴλ
1255 4978 1747 5050 ὲξωλοθρεύθησαν,

172 5071 220 5121 οἱ
251 5071 348 5139 μὲν
374 5072 432 5122 ὲν
460 5069 540 5140 τῷ
561 5071 870 5144 ²’χειμὰρῤῳ
910 5070 1150 5135 Κισσὼν,
1187 5072 1236 5125 οἱ
1285 5071 1342 5124 δὲ
1379 5073 1434 5124 ἐν
1475 5070 1707 5141 Ἀενδώρ
1733 5087 1746 5100 ⁸

171 5162 260 5214 τὴν
296 5162 459 5215 αὐτὸν
499 5164 696 5234 τρόπον
727 5167 823 5218 καὶ
857 5167 906 5218 οἱ
957 5166 1268 5236 ἐπιθέμενοι
1307 5167 1438 5236 ἡμῖν
1484 5163 1622 5233 μετά
1654 5164 1748 5217 τοῦ

185 5253 437 5326 Ἀσσοὺρ,
464 5255 561 5325 τῆς
590 5255 781 5325 ὁμοίας
807 5257 1076 5328 τιμωρίας
1124 5256 1358 5327 τύχοιεν.
1392 5256 1596 5325 Σισάρα
1650 5256 1748 5324 μὲν

173 5343 354 5412 ἅρχων
381 5343 484 5413 τῆς
535 5344 834 5414 δυνάμεως,
878 5346 1070 5400 Ἰαὸεὶν
1113 5347 1168 5398 δὲ
1222 5345 1473 5416 βασιλεὺς
1501 5346 1739 5399 Χαναὰν.

172 5432 510 5504 Τρονποῦνται
544 5436 601 5486 ὲν
635 5435 712 5506 τῷ
743 5439 1029 5508 χειμάρρῳ
1059 5436 1277 5490 Κισσὼν
1306 5440 1360 5490 ὲν
1384 5439 1494 5499 τοῖς
1511 5438 1742 5507 Κριταῖς

172 5523 228 5574 ἐν
254 5525 403 5592 χειρὶ
432 5525 658 5595 Βαραάκ
683 5527 779 5579 καὶ
807 5527 1049 5594 Δεϐόρῤα
1082 5527 1338 5596 γυναικὸς
1389 5527 1624 5599 Ἰσραήλ.

206 5709 229 5741 ⁵
253 5709 410 5766 Joan.
452 5727 548 5778 xu,
583 5713 671 5766 5L
751 5712 770 5743 ⁸
794 5709 972 5766 Judic.
1015 5726 1086 5777 ιν,
1118 5709 1203 5762 14.

1860 4516 2078 4570 vionem
2110 4516 2332 4570 ducant.
2369 4514 2575 4570 Deinde
2607 4517 2864 4575 finitimos
2895 4532 3197 4589 enumerat,
3246 4540 3275 4577 a
3305 4527 3433 4596 qui-

1858 4607 1961 4661 bus
1992 4607 2198 4661 evocati
2228 4607 2318 4660 alii
2346 4617 2735 4665 convenerunt.

1855 4789 1874 4801 ’
1933 4784 2019 4838 10.
2052 4785 2164 4839 Fac
2191 4787 2301 4840 illis
2335 4789 2471 4842 sicut
2507 4787 2734 4850 Madian
2757 4799 2805 4843 et
2840 4789 3059 4858 Sisarte,
3107 4802 3212 4848 etc.
3268 4793 3422 4853 Sicut

1854 4881 1982 4934 olim
2017 4880 2249 4944 Madian,
2282 4879 2465 4935 Sisara
2497 4891 2549 4935 et
2567 4880 2725 4935 Jabin
2756 4881 3096 4953 insurgentes
3124 4897 3311 4940 contra
3339 4888 3421 4945 18-

1850 4974 2051 5028 raelem
2098 4973 2485 5042 disperierunt,
2540 4975 2633 5028 alii
2686 4976 2740 5028 in
2795 4984 3034 5031 torrente
3069 4977 3287 5043 Cisson,
3327 4979 3420 5034 alii

1853 5065 1907 5118 in
1938 5063 2159 5130 Endor;
2192 5065 2380 5118 eodem
2419 5066 2582 5120 modo
2629 5067 2722 5135 qui
2787 5083 2912 5122 cum
2955 5069 3129 5123 Assur
3175 5087 3275 5124 nos
3318 5071 3417 5124 ad-

1851 5156 2104 5209 oriuntur
2133 5157 2348 5210 easdem
2378 5171 2567 5225 pmnas
2603 5158 2772 5212 luant.
2815 5157 2996 5214 Sisara
3015 5159 3125 5213 dux
3145 5161 3417 5215 exercitus

1850 5259 1968 5301 erat
1996 5264 2010 5312 ;
2039 5245 2197 5302 Jabin
2227 5257 2407 5302 autem
2441 5264 2535 5301 rex
2558 5249 2842 5303 Chanaan.
2873 5251 2974 5315 Qui
3004 5251 3058 5304 in
3093 5250 3273 5320 fugam
3301 5267 3418 5306 ver-

1852 5348 2041 5393 tuntur
2101 5341 2158 5393 in
2212 5349 2453 5395 torrente
2496 5339 2715 5404 Cisson,
2767 5342 2834 5396 de
2893 5357 2999 5411 qua
3057 5356 3114 5394 re
3166 5342 3220 5394 in
3278 5343 3416 5398 libro

1846 5431 2119 5501 Iudicum,
2153 5429 2335 5504 {manu
2387 5427 2559 5489 Barac
2588 5441 2642 5490 et
2692 5434 2914 5488 Deborae
2966 5432 3210 5490 mulieris
3239 5433 3420 5493 Israc-

1847 5529 1954 5583 litae
1977 5527 2008 5579 ⁸.
