3872 6216
423 292 524 346 867

494 405 580 462 ll.
614 405 972 474 Disperierunt
1001 403 1056 456 in
1076 403 1282 458 Endor.
1319 403 1374 457 In
1402 402 1679 457 indecenti
1709 401 1848 457 loco.
1881 402 1980 456 En-
2017 408 2062 462 Α

421 499 521 553 dor
571 496 1128 555 enim,indecentiam
1205 495 1498 566 signiﬁcat.
1546 493 1703 548 Facti
1747 503 1871 548 sunt
1929 505 1986 547 ut

420 599 621 643 stercus
652 596 824 641 terrm.
847 585 1106 656 lnsepulti
1128 587 1272 640 enim
1294 587 1536 655 jacentes
1563 586 1810 642 dissoluti
1835 593 1984 650 sunt,

421 685 476 732 et
501 679 657 748 quasi
691 686 922 742 stercus,
958 685 1118 732 terrae
1153 678 1394 733 admisti.

494 770 581 824 12.
619 769 761 823 Pone
790 770 1048 838 principes
1074 786 1256 822 eorum
1284 771 1422 823 sicut
1452 767 1609 822 Orcb.
1656 766 1816 822 Paria
1856 767 1986 821 ldus

424 864 598 930 mzeis,
626 862 930 926 lsmaelitis,
961 862 1234 927 Moabitis,
1277 864 1540 932 Agarenis
1582 875 1635 918 ct
1670 864 1985 916 memoratis

421 969 609 1008 eorum
639 956 801 1009 sociis
828 955 1059 1009 immitte
1090 959 1232 1008 mala
1269 956 1322 1008 in
1371 955 1513 1009 Oreb
1543 964 1596 1009 et
1635 955 1689 1008 in
1723 955 1981 1025 reliquos.

421 1046 528 1117 Ipsi
549 1049 693 1104 enim
721 1049 849 1103 mali
882 1049 1022 1103 male
1054 1049 1352 1118 perierunt.

494 1226 675 1281 M-l6.
708 1227 848 1281 Deus
874 1242 1040 1292 meus,
1069 1241 1199 1294 pone
1225 1225 1342 1277 illos
1375 1235 1432 1278 ut
1464 1235 1656 1280 rotam.
1690 1223 1746 1278 ld
1785 1233 1888 1285 est,
1917 1239 1984 1278 ne

417 1333 675 1375 maneant
714 1321 768 1374 in
802 1320 993 1376 eodem
1028 1329 1196 1380 statu,
1235 1318 1327 1373 sed
1358 1320 1410 1371 in
1440 1317 1774 1372 contrarium
1805 1317 1983 1369 revol-

415 1420 633 1465 vantur.
673 1409 823 1465 Sicut
875 1409 1128 1479 stipulam
1175 1419 1297 1462 ante
1346 1410 1535 1477 faciem
1589 1409 1749 1473 venti,
1801 1407 1853 1461 id
1902 1415 1986 1460 est

1231 291 1288 345 S.
1321 287 1694 344 ATHANASII
1733 286 1885 343 OPP.
1927 288 2110 344 PARS
2148 287 2232 341 Ιῐι.
2273 316 2341 329 -
2377 287 2786 343 LXEGETICA.

3560 296 3667 348 568

2171 399 2733 467 Ἐξωλοθρεύθησαν
2747 400 2816 453 ἐν
2833 398 3096 468 Ἀενδώρ.
3131 400 3215 454 Ἐν
3236 401 3373 473 ἅσχή
3382 420 3467 474 μῳ
3487 405 3658 475 τόπῳ.

2100 491 2327 565 Ἀενδὼρ
2382 493 2491 565 γὰρ
2563 493 2836 564 ἀπρέπεια
2893 493 3167 564 δηλοῦται.
3247 495 3666 566 Ἐτενήθησαν

2086 582 2229 636 ὡσεὶ
2257 585 2478 651 κόπρος
2505 582 2580 651 τῇ
2609 582 2704 653 τῇ.
2746 585 2976 652 Ἀταφοι
3021 584 3132 657 γὰρ
3187 584 3438 655 μένοντες
3486 587 3661 640 διελύ-

2087 673 2276 744 θησαν,
2301 677 2396 728 xui.
2422 658 2535 729 οἶόῦ
2559 693 2643 739 τις
2677 677 2883 747 κόπρος
2909 678 2972 748 τῇ
2997 681 3066 748 γῇ
3096 679 3481 748 συνεμίγησαν.

2156 768 2272 821 Θοῦ
2305 768 2446 836 τοὺς
2503 768 2798 836 ἄρχοντας
2830 768 3026 822 αὐτῶν
3065 769 3144 835 ὡς
3178 770 3283 822 τὸν
3313 770 3506 838 Ὤρήό.
3538 767 3664 824 Τῶν

2100 859 2409 931 Ἰδουμαίων
2427 862 2521 914 καὶ
2551 863 2907 932 Ἰσμαηλιτῶν
2933 864 3028 917 καὶ
3058 863 3360 917 Μωαϐιτῶν
3389 866 3482 918 καὶ
3500 867 3664 933 Ἀγα-

2087 952 2263 1024 ρηνῶν
2297 951 2524 1006 καὶτῶν
2568 952 2914 1025 δηλωθέντων
2956 955 3186 1025 ἑταίρων
3237 956 3305 1009 τὰ
3342 955 3429 1008 ἴσα
3470 956 3664 1008 παθεῖν

2085 1043 2504 1113 παρασκεύασον
2525 1041 2602 1114 τῷ
2641 1044 2794 1116 Ὠρὲῦ
2839 1045 3072 1108 καὶτοῖς
3124 1046 3350 1116 ἑτέροις.
3408 1040 3571 1100 Οὗτοι
3606 1047 3664 1100 δὲ

2085 1136 2178 1188 καὶ
2209 1136 2368 1188 κακοὶ
2397 1136 2586 1199 κακῶς
2614 1136 2975 1191 ἀπολώλασιν.

2163 1223 2215 1276 Ὁ
2243 1227 2386 1291 Θεός
2412 1244 2546 1291 μου,
2583 1226 2689 1280 θοῦ
2723 1226 2944 1293 αὐτοὺς
2974 1227 3055 1292 ὡς
3086 1228 3323 1296 τροχόν.
3371 1227 3662 1293 Τουτέστι,

2083 1315 2173 1384 Μὴ
2204 1316 2436 1385 μείνοιεν
2483 1317 2540 1368 ἐν
2573 1319 2637 1386 τῇ
2671 1316 2806 1386 αὐτῇ
2859 1317 3084 1379 στάσει,
3116 1317 3251 1371 ἀλλὰ
3284 1317 3665 1371 κυλιέσθωσαν

2083 1406 2162 1468 εἰς
2195 1405 2518 1476 τοῦμπαλιν.
2567 1407 2658 1473 Ὠς
2687 1406 2962 1476 καλάμην
2983 1409 3130 1461 κατὰ
3168 1411 3493 1478 πρόσωπον
3526 1411 3664 1464 ἀνέ-

414 1507 701 1561 versatiles
729 1505 876 1569 ﬁent,
918 1513 978 1557 ut
1020 1513 1104 1558 est
1142 1518 1322 1557 revera
1367 1503 1566 1572 stipula
1603 1501 1786 1570 spicae.
1833 1500 1983 1555 Sicut

2090 1515 2215 1563 μου.
2246 1499 2532 1552 Τουτέστιν
2577 1499 2878 1570 εὑρίπιστοι
2911 1504 3230 1573 γενήσονται
3256 1543 3270 1565 ,
3300 1499 3489 1572 ὥσπερ
3524 1501 3663 1570 ἁμέ-

414 1600 554 1669 ignis
601 1599 692 1670 qui
741 1598 998 1652 comburit
1045 1597 1252 1650 silvam.
1298 1595 1596 1660 Fruantur,
1635 1594 1832 1665 inquit,
1861 1595 1983 1664 igne

415 1705 578 1760 quem
611 1691 713 1759 ipsi
743 1690 1129 1753 accenderunt,
1175 1698 1337 1758 atque
1365 1689 1483 1758 ipse
1536 1687 1678 1758 ignis
1705 1702 1801 1742 eos
1851 1701 1979 1740 con-

416 1789 618 1844 sumat,
649 1781 792 1835 sicut
830 1790 884 1835 et
931 1779 1204 1836 sensibilis
1251 1780 1394 1850 ignis
1444 1778 1715 1833 comburit
1766 1777 1980 1832 silvam.

417 1875 606 1930 Simile
637 1883 720 1929 est
745 1883 926 1928 autem
956 1875 1085 1929 huic
1117 1876 1298 1930 dicto:
1330 1875 1463 1928 Ecce
1493 1891 1580 1928 vos
1604 1891 1781 1927 omnes
1811 1875 1982 1944 ignem

415 1967 723 2034 acccnditis,
769 1969 900 2020 eatis
958 1967 1025 2020 ad
1071 1967 1244 2022 lumen
1276 1968 1412 2038 ignis
1452 1969 1633 2030 vestri,
1667 1977 1716 2021 et
1752 1967 1983 2035 ﬂamma:

414 2077 572 2130 quam
595 2061 909 2114 accendistis
931 2061 973 2113 ⁷.
1001 2057 1150 2114 Sicut
1186 2060 1403 2128 ﬂamma
1427 2060 1730 2114 comburens
1759 2069 1978 2113 montes.

414 2153 766 2208 Parabolicus
815 2160 899 2207 est
947 2167 1150 2206 sermo.
1208 2151 1712 2218 Quemadmodum,
1759 2151 1979 2220 inquit,

415 2244 559 2315 ignis
592 2243 848 2300 decidens
881 2243 1157 2298 comburit
1186 2256 1398 2298 montes
1422 2284 1436 2310 ,
1470 2244 1544 2298 ita
1590 2244 1983 2299 comburentur

414 2338 490 2392 illi
527 2353 623 2408 per
649 2337 972 2408 supplicium
1010 2352 1041 2390 a
1090 2345 1142 2390 te
1173 2336 1458 2398 inuictum,
1506 2336 1653 2406 quod
1697 2336 1767 2390 ob
1817 2336 1984 2392 velte-

416 2431 676 2488 mentiam
700 2439 754 2486 et
786 2431 1109 2502 gravitatem
1143 2429 1449 2499 tempestati
1475 2428 1828 2498 comparavit.

487 2585 574 2640 l7.
611 2583 780 2654 Imple
838 2584 999 2653 facies
1056 2597 1235 2636 eorum
1272 2581 1582 2652 ignominia.
1630 2579 1790 2648 Lapsi
1834 2580 1978 2635 enim

414 2677 618 2747 optatis
645 2679 783 2743 suis,
810 2683 864 2729 et
890 2675 1097 2744 pudore
1123 2673 1335 2742 repleti,
1367 2680 1666 2741 agnoscent
1708 2682 1854 2726 tuam
1883 2687 1980 2742 po-

414 2778 685 2826 testatem.
718 2766 786 2821 Et
817 2773 1050 2837 quaerent
1084 2780 1269 2816 nomen
1311 2773 1480 2827 tuum,
1523 2762 1765 2816 Domine.
1798 2763 1850 2817 ld
1881 2763 1976 2825 ait,

412 2863 542 2931 quia
566 2877 630 2915 ex
660 2859 801 2913 datis
842 2857 1017 2926 pinnis
1054 2855 1343 2908 utilitatem
1387 2854 1693 2922 percepturi
1736 2861 1880 2909 sunt.
1912 2851 1980 2906 ll-

413 2951 526 3018 lud,
559 2959 817 3022 qucerent,
849 2948 1086 3018 positum
1116 2954 1199 3001 est
1228 2961 1348 3016 pro,
1381 2953 1730 3016 cognoscent.

591 3127 638 3180 ί.
678 3124 742 3179 1η
775 3125 952 3194 ﬁnem,
981 3139 1074 3191 pro
1103 3121 1478 3185 torcularibus,
1503 3121 1631 3191 ﬁliis
1655 3121 1834 3188 Core,.

859 3212 1196 3269 PSALMUS
1223 3213 1557 3268 LXXXIII.

987 3308 1382 3375 Argumentum.

414 3399 649 3455 Rursum
681 3413 780 3468 pro
812 3394 1070 3451 Ecclesiis
1102 3397 1155 3449 in
1185 3395 1289 3450 hoc
1337 3395 1548 3466 psalmo
1598 3396 1763 3449 verba
1815 3393 1973 3455 facit.

481 3502 536 3545 et
585 3488 762 3559 palam
794 3495 878 3541 est
908 3500 971 3540 ex
1022 3499 1088 3539 eo
1136 3484 1284 3554 quod
1329 3498 1430 3553 pro
1478 3483 1840 3538 torcularibus
1891 3483 1975 3535 iu-

483 3583 775 3638 scribatur.

482 3677 536 3743 2,
569 3678 621 3731 5.
656 3675 829 3740 Quam
862 3674 1056 3726 dilecta
1088 3668 1428 3745 tabernacula
1469 3678 1580 3732 tua,
1610 3667 1830 3722 Domine
1870 3669 1978 3722 vir-

411 3776 600 3822 tutum.
647 3763 1023 3820 Tabernacula
1068 3763 1203 3817 dicit
1262 3769 1480 3817 sanctas
1530 3762 1789 3815 ecclesias
1844 3760 1973 3823 Dei,

411 3876 507 3930 per
531 3860 745 3914 diversa
773 3858 891 3911 loca
918 3864 1282 3918 constructas,
1313 3869 1439 3923 erga
1473 3870 1610 3923 quas
1660 3855 1840 3908 studio
1871 3852 1976 3906 fer-

409 3964 499 4007 tur
527 3951 774 4021 religiosa
807 3949 1006 4003 anima.
1039 3947 1143 4004 Cor
1171 3965 1339 4001 meum
1362 3957 1410 4000 et
1438 3963 1560 4000 caro
1597 3963 1708 4000 mea
1735 3945 1973 4000 exsulta-

409 4054 589 4099 verunt
613 4044 667 4096 in
701 4042 867 4096 Deum
899 4043 1090 4096 vivum.
1128 4040 1357 4094 Perinde
1405 4049 1488 4093 est
1538 4054 1603 4093 ac
1648 4039 1694 4093 si
1731 4039 1970 4093 diceret:

409 4137 475 4191 Et
506 4142 732 4205 corpore
761 4142 813 4188 ct
839 4135 1021 4187 anima
1057 4148 1143 4185 me
1172 4131 1343 4185 obtuli
1384 4131 1449 4184 ad
1480 4129 1825 4183 serviendum
1865 4129 1975 4182 Deo

406 4228 606 4282 viventi
650 4237 702 4282 et
732 4241 858 4280 vero
882 4226 924 4279 °.
955 4224 1085 4278 Illud
1113 4232 1316 4289 autem,
1345 4220 1453 4275 Deo
1489 4221 1713 4284 viventi,
1755 4221 1821 4274 ad
1862 4220 1975 4275 dis-

405 4321 613 4374 crimen
645 4319 914 4372 idolorum
945 4316 1151 4368 dictum
1180 4323 1261 4367 est
1289 4355 1303 4378 ,
1351 4329 1475 4381 quae
1509 4321 1727 4365 mortua
1764 4320 1893 4365 sunt
1923 4323 1972 4365 et

404 4427 470 4464 ex
503 4410 730 4464 materia
764 4422 924 4461 sensu
958 4413 1178 4459 carente
1217 4401 1532 4458 fabrefacta.

476 4587 529 4640 4.
580 4585 788 4638 Etenim
825 4599 1005 4652 passer
1040 4582 1240 4636 invenit
1285 4582 1384 4634 sibi
1436 4580 1675 4645 domum,
1704 4590 1754 4633 et
1797 4590 1973 4632 turtur

402 4679 588 4731 nidum
615 4677 717 4730 sibi
749 4675 837 4728 ubi
869 4684 1029 4744 ponat
1072 4675 1243 4742 pullos
1287 4690 1429 4727 suos.
1476 4673 1690 4726 Altaria
1723 4684 1837 4736 tua,
1866 4671 1974 4724 Do-

404 4773 564 4824 mine.
599 4769 792 4823 Passer
829 4770 1112 4822 hominum
1146 4769 1385 4822 animam
1417 4767 1726 4833 adumbrat,
1761 4766 1849 4821 cui
1879 4780 1970 4818 ve-

405 4861 587 4915 nando
621 4860 908 4914 insidiatur
935 4860 1234 4929 spiritualis
1265 4871 1509 4922 venator,
1541 4858 1696 4927 juxta
1730 4857 1782 4910 id
1822 4855 1967 4925 quod

403 4953 605 5008 dictum
629 4961 746 5006 est:
787 4952 978 5005 Anima
1009 4962 1189 5004 nostra
1222 4953 1355 5004 sicut
1387 4966 1570 5017 passer
1599 4959 1776 5017 erepta
1800 4957 1876 5000 est
1906 4949 1968 4999 de

403 5043 587 5112 laqueo
611 5041 906 5095 venantium
928 5041 971 5093 ’.
1006 5039 1295 5093 Turturem
1333 5053 1512 5094 autem
1543 5051 1697 5092 vocat
1727 5039 1964 5091 animam

403 5152 525 5208 qua:
551 5137 606 5189 in
637 5134 884 5190 castitate
906 5143 959 5187 et
986 5134 1340 5201 temperantia
1371 5140 1640 5186 versatur.
1671 5132 1758 5184 Ait
1805 5131 1968 5198 igitur

403 5240 619 5280 omnem
667 5224 902 5277 animam
955 5221 1059 5274 hoc
1107 5221 1448 5275 inventuram
1500 5219 1832 5291 perfugium,
1886 5219 1968 5270 in-

404 5332 643 5389 gressum
680 5315 889 5370 scilicet
917 5314 970 5368 in
1004 5313 1218 5366 altaria.

471 5689 494 5722 τ
521 5688 626 5744 ιω.
665 5706 714 5757 1.,
736 5691 862 5762 με
898 5692 919 5723 ⁸
944 5689 1104 5746 Hebr.
1131 5707 1204 5758 ιχ,
1243 5691 1323 5744 li.
1357 5692 1376 5721 ⁹
1398 5689 1541 5746 Psal.
1571 5705 1764 5758 cum,
1795 5691 1846 5745 7.

2082 1591 2162 1645 λει
2185 1592 2277 1645 καὶ
2305 1593 2336 1661 ἡ
2366 1592 2583 1662 καλάμη
2620 1593 2711 1645 τοῦ
2743 1594 2990 1663 στάχυος.
3035 1593 3192 1647 Ὠσεὶ
3213 1593 3331 1662 πῦρ
3350 1593 3381 1647 ὃ
3411 1593 3663 1664 διαφλέ-

2083 1682 2171 1748 ξει
2193 1682 2437 1751 δρυμόν.
2477 1683 2943 1750 Ἀπολαυέτωσαν,
2971 1685 3123 1755 φησὶ,
3149 1684 3242 1737 τοῦ
3274 1684 3444 1754 πυρὸς
3483 1684 3513 1736 ὃ
3559 1686 3653 1739 αὐ-

2082 1776 2164 1828 τοὶ
2188 1775 2506 1839 ἐξέκαυσαν,
2534 1776 2625 1827 καὶ
2654 1774 2784 1828 αὐτὸ
2815 1775 2874 1828 τὸ
2901 1775 3008 1847 πῦρ
3033 1777 3228 1840 αὐτοὺς
3256 1777 3660 1845 καταφάγεται,

2083 1865 2391 1936 ὡσπερανεὶ
2425 1866 2518 1917 καὶ
2572 1864 2824 1937 αἰσθητὸν
2885 1865 2996 1936 πῦρ
3053 1860 3366 1934 κάταφόιγει
3429 1865 3658 1938 δρυμόν.

2084 1958 2306 2028 Ὅμοιον
2354 1957 2408 2009 δὲ
2433 1957 2543 2027 τῷ’
2583 1957 2731 2011 Ἰδοὺ
2787 1957 3009 2024 πάντες
3056 1956 3228 2026 ὑμεῖς
3275 1957 3395 2025 πῦρ
3439 1958 3658 2020 καίετε,

2082 2050 2408 2115 πορεύεσθε
2433 2047 2513 2113 τῷ
2533 2048 2676 2116 φωτί
2702 2048 2805 2101 τοῦ
2823 2049 3011 2116 πυρὸς
3036 2047 3220 2118 ὑμῶν,
3248 2048 3345 2101 καὶ
3383 2047 3460 2116 τῇ
3479 2049 3662 2118 φλογὶ

2079 2134 2120 2211 ᾖ
2141 2141 2521 2203 ὲξεκαύσατε.
2563 2139 2717 2192 Ὡσεὶ
2742 2139 2900 2207 φλὸξ
2922 2141 3298 2195 κατακαῦσαι
3317 2140 3444 2208 ὄρη.
3473 2143 3663 2211 Παρα-

2083 2230 2292 2292 ϐολικὸς
2325 2231 2353 2281 ὁ
2396 2229 2570 2298 λόγος.
2619 2231 2829 2303 Ὥσπερ
2870 2231 2981 2302 πῦρ
3011 2233 3272 2302 ἐμπεσὸν,
3319 2233 3472 2303 φησὶ,
3509 2234 3657 2285 καίει

2079 2320 2202 2392 ὅρη,
2232 2320 2373 2374 οὕτω
2426 2321 2926 2392 κατακαυθήσονται
2970 2321 3074 2375 ὑπὸ
3103 2324 3202 2394 τῆς
3234 2323 3385 2396 παρὰ
3431 2322 3527 2376 σοῦ
3561 2327 3659 2376 ὲπ-

2083 2410 2522 2482 ενεχθησομένης
2547 2413 2728 2474 αὐτοῖς
2745 2413 3032 2486 τιμωρίας,
3051 2415 3239 2485 ἦντινα
3264 2416 3358 2468 καὶ
3387 2417 3658 2486 καταιγίδι

2081 2504 2351 2574 παρέϐαλε
2376 2503 2462 2556 διὰ
2491 2504 2549 2556 τὸ
2583 2505 2808 2575 σφοδρὸν
2844 2507 2932 2558 καὶ
2958 2507 3367 2578 ἐπιτεταμένον.

2145 2594 2478 2663 Πλήρωσον
2508 2596 2579 2674 τὰ
2604 2599 2893 2665 πρόσωπα
2911 2597 3110 2650 αὐτῶν
3128 2599 3382 2668 ἀτιμίας.
3407 2601 3652 2671 Διαμαρ-

2077 2686 2262 2749 τόντες
2296 2687 2405 2757 γὰρ
2435 2681 2508 2739 ὧν
2532 2687 2845 2756 βούλονται,
2893 2688 2984 2741 καὶ
3017 2690 3278 2760 αἰσχύνης
3310 2690 3652 2761 ἐμπλησθέν-

2077 2795 2186 2840 τες,
2213 2778 2602 2846 ὲπιγνώσονταί
2634 2796 2726 2831 σου
2755 2779 2852 2850 τὴν
2891 2779 3137 2849 δύναμιν.
3182 2781 3288 2835 Καὶ
3323 2780 3652 2850 ζητήσουσι

2077 2868 2141 2922 τὸ
2171 2868 2353 2938 ὄνομά
2377 2884 2514 2934 σου,
2540 2871 2736 2937 Κύριε.
2774 2870 2942 2924 Τοῦτο
2966 2872 3134 2940 λέγει,
3166 2872 3240 2934 ώς
3284 2871 3435 2925 ἔσται
3469 2875 3654 2937 αὐτοῖς

2081 2964 2147 3015 ὲκ
2173 2963 2281 3016 τῶν
2304 2965 2580 3036 τιμωριῶν
2605 2965 2854 3034 ὠφέλεια.
2870 2965 2961 3030 Τὸ,
2989 2964 3375 3035 ζητήσουσιν,
3393 2966 3514 3020 ἀντὶ
3531 2967 3651 3030 τοῦ,

2077 3051 2396 3119 γνώσονται.

2110 3143 2215 3208 Εὶς
2246 3144 2311 3196 τὸ
2340 3145 2512 3211 τέλος
2539 3143 2690 3211 ὑπὲρ
2718 3143 2836 3198 τῶν
2857 3145 3061 3212 ληνῶν
3098 3146 3223 3212 τοῖς
3261 3146 3412 3213 υἱοῖς
3441 3145 3612 3216 Κορὲ,

2625 3218 2930 3270 ΨΑΛΜΟΣ
2966 3219 3104 3271 HI".

2692 3306 3011 3372 Ὑπόθεσις.

2077 3389 2244 3443 Πάλιν
2265 3391 2402 3462 ὑπὲρ
2434 3391 2541 3444 τῶν
2585 3393 2913 3463 Ἐκκλησιῶν
2940 3395 3032 3448 κάι
3071 3398 3127 3448 ὲν
3159 3397 3330 3467 τούτῳ
3345 3397 3422 3468 τῷ
3451 3397 3653 3471 ψαλμῷ

2147 3487 2378 3535 ποιεῖται
2401 3484 2490 3536 τὸν
2515 3483 2693 3552 λόγον,
2729 3486 2821 3537 καὶ
2849 3487 3004 3556 δῆλον
3038 3490 3101 3540 ὲκ
3130 3489 3222 3540 τοῦ
3248 3490 3388 3560 ὑπὲρ
3419 3489 3527 3542 τῶν
3553 3492 3650 3561 λη-

2148 3572 2254 3624 νῶν
2281 3573 2439 3626 αὑτὸν
2468 3575 2897 3644 ἐπιγεγράφθαι.

2157 3667 2251 3733 Ὡς
2277 3669 2548 3738 ἀγαπητὰ
2575 3671 2643 3722 τὰ
2663 3670 3028 3739 σκηνώματά
3051 3685 3188 3737 σου,
3209 3673 3385 3739 Κύριε
3408 3671 3528 3726 τῶν
3554 3672 3650 3728 δυ·

2075 3761 2344 3828 νάμεων]
2369 3762 2706 3832 Σκηνώματά
2735 3780 2866 3832 φησι
2891 3765 2986 3827 τὰς
3020 3765 3162 3817 κατὰ
3185 3765 3351 3816 τόπον
3384 3766 3648 3836 ίδρυνθείο

2078 3871 2174 3917 σας
2197 3854 2356 3922 ἁγίας
2390 3854 2680 3918 ἐκκλησίας
2701 3853 2793 3906 τοῦ
2828 3854 2984 3920 Θεοῦ,
3026 3858 3105 3918 εἰς
3136 3857 3202 3918 ἃς
3232 3857 3325 3909 καὶ
3349 3859 3499 3910 πᾶσα
3533 3858 3654 3911 θεο-

2077 3947 2233 4018 φιλὴς
2281 3947 2662 4010 ὲπισπουδάζει
2712 3945 2878 4016 ψυχή.
2941 3948 3003 4002 Ἡ
3047 3948 3257 4015 καρδία
3306 3967 3427 4017 μου
3461 3951 3560 4003 καί
3604 3952 3646 4018 ἡ

2075 4040 2230 4108 σάρξ
2255 4058 2370 4108 μου
2389 4038 2839 4108 ήγαλλιάσαντο
2868 4041 2954 4105 εἰς
2985 4041 3135 4092 Θεὸν
3172 4038 3374 4100 ᾄῦντα.
3421 4044 3647 4112 Ὅμοιον

2074 4133 2204 4183 ὡσεὶ
2252 4131 2432 4199 λέγοι·
2484 4132 2592 4184 Καὶ
2635 4131 2713 4199 τῷ
2755 4129 2965 4202 σώματι
2997 4133 3091 4184 καὶ
3131 4131 3273 4201 ψυχῇ
3326 4133 3646 4203 παρέστησα

2076 4220 2308 4289 ἐμαυτὸν
2337 4223 2415 4282 είς
2449 4220 2508 4272 τὸ
2526 4220 2798 4273 δουλεύειν
2831 4221 2948 4292 Θεῷ
2976 4221 3136 4283 ζῶντι
3166 4223 3259 4274 καὶ
3280 4221 3540 4292 ἀληθινῷ.
3575 4224 3650 4276 Τὸ

2075 4312 2150 4377 δὲ,
2184 4312 2302 4383 Θεῷ
2333 4312 2513 4377 ζῶντι,
2545 4315 2681 4383 πρὸς
2713 4314 3116 4385 ἀντιδιαστολὴν
3164 4315 3273 4368 τῶν
3300 4315 3537 4369 εἰδώλων
3570 4317 3646 4368 εἴ-

2007 4426 2050 4482 D
2079 4421 2237 4474 ρηται
2264 4423 2273 4433 ·
2309 4405 2402 4457 ἅτε
2435 4404 2641 4476 νεκρῶν
2666 4406 2830 4458 ὅντων
2861 4406 3104 4471 ἐκείνων,
3133 4407 3227 4459 καὶ
3253 4406 3312 4471 ἐξ
3347 4406 3481 4478 ὕλης
3512 4408 3648 4478 ἀζεύ-

2051 4496 2173 4562 ⁴χου
2203 4495 2596 4562 τυγχανόντων.

2147 4584 2253 4638 Καὶ
2276 4587 2382 4653 γὰρ
2407 4586 2724 4652 στρουθίον
2750 4584 2926 4656 εὗρεν
2953 4587 3142 4653 ἐαυτῷ
3157 4588 3369 4652 οὶκίαν,
3398 4589 3496 4641 καὶ
3516 4607 3650 4658 τρυ-

2079 4673 2198 4744 γὼν
2225 4676 2487 4729 νοσσιὰν
2524 4674 2728 4743 ἑαυτῇ,
2757 4673 2827 4731 οὗ
2860 4677 3033 4745 θήσει
3063 4679 3134 4731 τὰ
3163 4679 3384 4739 νοσσιά
3403 4678 3645 4745 ἑαυτῆς,

2078 4769 2150 4821 τὰ
2194 4767 2592 4836 θυσιαστήριά
2648 4784 2764 4820 σου
2790 4809 2804 4831 ,
2846 4771 3041 4837 Κύριε.
3079 4771 3366 4840 Στρουθίον
3401 4772 3502 4841 μὲν
3549 4773 3648 4844 τὴν

2071 4860 2180 4913 τῶν
2213 4859 2512 4931 ἀνθρώπων
2538 4860 2824 4913 αἰνίττεται
2843 4861 3042 4931 ψυχὴν,
3072 4863 3168 4933 τὴν
3204 4863 3306 4915 ὑπὸ
3328 4863 3421 4916 τοῦ
3453 4865 3644 4933 νοητοῦ

2075 4951 2336 5022 θηρευτοῦ
2366 4951 2758 5022 ἀγρευομένην,
2783 4953 2924 5005 κατὰ
2945 4954 3004 5006 τὸ
3024 4953 3312 5025 εἰρημένον
3331 4971 3344 4982 ·
3390 4956 3453 5007 Ἠ
3473 4955 3646 5024 ψυχὴ

2073 5040 2242 5108 ἡμῶν
2265 5041 2344 5106 ὡς
2371 5041 2691 5108 στρουθίον
2715 5043 2974 5110 ἐρῤύσθη
3007 5044 3074 5096 ἐκ
3108 5043 3217 5111 τῆς
3245 5044 3497 5114 παγίδος
3529 5046 3649 5099 τῶν

2074 5133 2444 5199 θηρευόντων
2463 5149 2474 5160 ·
2500 5132 2734 5202 τρυγόνα
2761 5132 2817 5184 δὲ
2843 5134 2941 5203 τὴν
2977 5137 3032 5186 ἐν
3062 5136 3252 5206 ἁγνείᾳ
3292 5138 3386 5189 καὶ
3433 5153 3645 5207 σωφρο-

2077 5222 2208 5293 σύνῃ
2262 5221 2508 5286 συζῶσαν
2561 5223 2759 5294 ψυχήν.
2816 5225 2978 5292 Λέγει
3032 5224 3144 5291 οὖν,
3186 5229 3267 5281 ὃτι
3322 5231 3472 5282 πᾶσα
3501 5229 3644 5298 ψυχὴ

2073 5311 2275 5383 ταύτην
2307 5315 2526 5385 εὑρήσει
2560 5316 2898 5386 καταφυγὴν,
2937 5319 3035 5388 τὴν
3060 5322 3139 5383 εἰς
3179 5319 3245 5374 τὰ
3286 5321 3645 5388 θυσιαστήρια

2075 5405 2307 5459 εἴσοδον.ῐ
