3872 6216
221 350 320 406 369

1215 351 1587 408 EXt’OSlTIO
1626 352 1691 408 IN
1733 352 2069 414 PSALMUM
2109 355 2397 416 LXXXIV.

3367 364 3472 420 570

291 463 575 531 Μακάριοι
598 467 651 518 oi
683 464 1104 532 κατοικοῦντες
1132 465 1203 520 ἐν
1241 467 1321 534 τῷ
1367 469 1510 533 οἴκῳ
1538 485 1654 524 σου
1675 486 1688 499 ·
1723 470 1795 542 τῷ

1975 475 2027 527 5.
2059 474 2215 529 Beati
2255 479 2345 547 qui
2387 477 2632 531 habitant
2675 479 2730 531 in
2761 475 2918 533 domo
2948 488 3060 537 tua.
3092 479 3359 539 soirituali
3393 481 3475 535 vi-

223 555 520 625 ἐπουρανίῳ
551 553 810 624 δηλονότι.

289 644 585 714 Μακάριος
633 649 666 701 ὁ
707 646 864 716 ἀνὴρ
915 642 987 704 οὗ
1036 647 1210 703 ἐστιν
1268 651 1594 720 ἀντίληψις
1637 650 1797 718 αὐτῷ

221 743 371 812 παρὰ
423 743 561 797 σοί·
597 742 921 809 ἀναϐάσεις
967 745 1038 797 ἐν
1081 743 1157 813 τῇ
1200 745 1415 815 καρδίᾳ
1465 748 1655 801 αὑτοῦ
1710 748 1798 801 διο

226 833 410 890 έθετο.
469 836 558 899 Ὠς
606 836 995 908 ἀντιλήπτορα,
1038 838 1200 907 φησιν
1229 878 1243 900 ,
1292 839 1795 910 ἐπιγεγραμμένος,

219 925 449 994 ἀγαθοὺς
478 926 773 997 λογισμοὺς
825 925 1003 998 ἑαυτῷ
1054 926 1175 980 καθ’
1225 928 1461 997 ἑκάστην
1501 929 1792 998 οἰκοδομεῖ,

219 1018 465 1082 οὕστινας
499 1019 595 1071 καὶ
616 1019 908 1082 ἀναϐάσεις
931 1019 1067 1090 πρὸς
1099 1018 1158 1070 τὸ
1183 1019 1353 1090 παρὸν
1387 1020 1598 1090 εἴρηκε,
1629 1020 1716 1074 διὰ
1738 1021 1798 1075 τὸ

221 1113 274 1164 ὲν
317 1112 497 1174 αὐτοῖς
530 1113 691 1165 οἱονεὶ
723 1113 832 1165 ἀπὸ
859 1111 966 1166 τῶν
1016 1112 1220 1181 γηΐνων
1251 1112 1513 1166 ἀνάϐασιν
1546 1109 1686 1166 εἶναι
1720 1117 1800 1178 εἰς

221 1203 530 1275 ἐπουράνια.
582 1207 688 1269 Εἰς
744 1203 860 1270 τὴν
914 1202 1168 1256 κοιλάδα
1226 1204 1332 1258 τοῦ
1380 1205 1794 1274 κλαυθμῶνος.

220 1296 445 1350 Κοιλὰδα
465 1293 562 1348 τοῦ
595 1295 950 1366 κλαυθμῶνος
979 1294 1069 1350 τόν
1102 1295 1294 1367 θνητὸν
1322 1296 1433 1366 βίον
1459 1298 1612 1369 φησί.
1637 1299 1798 1368 Λέγει

219 1385 339 1442 οὖν·
384 1389 472 1443 Ἐν
508 1388 590 1460 τῷ
636 1387 813 1459 θνητῷ
859 1387 958 1458 βίῳ
992 1387 1221 1458 πλήσεις
1277 1389 1494 1457 ἀγαθῶν
1524 1390 1798 1460 λογισμῶν

217 1481 406 1542 αὐτοὺς
432 1479 780 1550 καθεκάστην
802 1478 1121 1548 οἰκοδομῶν.
1139 1479 1400 1551 Αἴσθησις
1425 1481 1610 1546 αὐτοῖς
1637 1483 1798 1551 γέγο-

219 1589 302 1625 νεν
329 1573 393 1624 ἐκ
429 1573 531 1642 τῆς
566 1573 667 1644 σῆς
692 1571 1052 1642 ἀντιλήψεως.

284 1664 389 1718 Καὶ
426 1665 536 1733 γὰρ
560 1664 843 1733 εὐλογίας
865 1661 1044 1717 δώσει
1074 1666 1108 1717 d
1158 1665 1493 1733 νομοθετῶν
1516 1683 1529 1695 ·
1587 1666 1798 1734 πορεύ-

218 1776 420 1814 σονται
451 1761 521 1814 ἐκ
551 1758 866 1831 δυνάμεως
893 1762 980 1825 εὶς
1005 1758 1281 1828 δύναμιν.
1323 1759 1602 1830 Ἀμοιὸἀς,
1638 1761 1793 1830 φησὶ,

218 1852 319 1904 τῶν
339 1850 530 1904 -καλῶν
553 1851 834 1921 λογισμῶν
857 1851 1018 1904 δώσει
1036 1851 1219 1915 αὐτοῖς
1238 1853 1265 1903 ὁ
1290 1851 1617 1920 νομοθετῶν,
1649 1869 1799 1905 τουτ-
1829 1827 1871 1881 Β

217 1942 355 1995 ἐστιν
386 1945 414 1994 ό
441 1943 534 1996 τὸν
559 1942 724 2011 νόμον
745 1943 930 2005 αὐτοῖς
955 1942 1058 2012 τῆς
1089 1941 1301 2011 Καινῆς
1329 1940 1583 2005 δεδωκὼς
1611 1942 1800 2014 Διαθή-

218 2051 330 2104 κης.
364 2035 524 2098 Τίνες
549 2035 595 2088 δ’
639 2034 705 2088 ἂν
732 2029 929 2087 εἷενταὶ
963 2033 1222 2103 εὐλογίαι,
1261 2034 1293 2105 ἢ
1326 2034 1387 2088 τὸ
1421 2036 1486 2088 ἐκ
1517 2035 1800 2104 δυνάμεως

217 2126 290 2188 είς
323 2125 555 2197 δύναμιν
589 2126 960 2196 πορευθῆναι;
991 2126 1152 2195 Λέγει
1183 2126 1240 2179 δὲ
1268 2126 1376 2179 ἀπὸ
1422 2127 1522 2197 τῆς
1567 2126 1799 2180 ἐνταῦθα

214 2217 483 2280 πολιτείας
516 2216 624 2286 τῆς
659 2216 798 2269 κατά
829 2215 961 2269 Θεὸν
1005 2219 1084 2281 είς
1121 2217 1221 2288 τὴν
1269 2217 1381 2272 ἄνω
1420 2218 1796 2290 Ἰερουσαλὴμ,

213 2305 334 2360 ἔνθα
366 2309 461 2361 καὶ
491 2306 823 2370 ἀπελθόντες
857 2307 1081 2377 ὄψονται
1115 2308 1206 2362 τὸν
1246 2309 1377 2362 Θεὸν
1414 2308 1596 2373 καθώς
1627 2313 1794 2364 ἐστιν.

279 2398 648 2468 Ἐπίϐλεψ-ον
687 2400 774 2464 εἰς
813 2401 1141 2467 πρόσωπον
1183 2401 1291 2454 τοῦ
1339 2384 1598 2470 Χριστοῦ
1654 2419 1793 2457 σου.

211 2479 436 2562 Χριστόν
467 2490 707 2544 ἐνταῦθα
735 2491 827 2544 τὸν
862 2491 1200 2563 κεκλημένον
1242 2492 1370 2547 λαὸν
1414 2495 1495 2557 εἰς
1529 2493 1798 2564 βασίλειον

215 2584 509 2655 ἱεράτευμα
543 2601 703 2655 φησι.

281 2677 398 2730 Ὅτι
426 2677 740 2744 κρείσσων
779 2673 970 2744 ἡμέρα
995 2675 1105 2744 μία
1140 2675 1211 2728 ἐν
1259 2675 1391 2740 ταῖς
1434 2675 1649 2742 αὐλαῖς
1679 2689 1796 2730 σου

212 2766 355 2836 ὑπὲρ
384 2765 689 2837 χιλιάδας.
726 2767 973 2837 Ἠμέραν
1006 2765 1134 2835 μίαν
1163 2765 1273 2820 τῶν
1304 2765 1483 2820 αὐλῶν
1515 2766 1608 2820 τοῦ
1639 2766 1794 2832 Θεοῦ,

210 2860 449 2913 τουτέστι
492 2857 608 2911 τῶν
649 2856 990 2928 ἐκκλησιῶν,
1037 2856 1136 2927 τὴν
1177 2857 1545 2928 ἀναστάσιμον
1584 2858 1796 2930 ἡμέραν

211 2951 299 3006 τοῦ
328 2951 584 3022 Σωτῆρος
631 2949 902 3021 ὑποδηλοῖ.
948 2949 1208 3013 Χιλιὰδας
1255 2949 1352 3015 δὲ,
1388 2950 1506 3021 ἦτοι
1559 2951 1793 3020 χιλιάδα,

210 3041 345 3097 οὕτω
375 3043 484 3114 γὰρ
519 3042 754 3113 εὓρηται
788 3042 846 3094 ὲν
877 3044 942 3112 τῇ
985 3041 1252 3113 Ἑϐραίων
1277 3041 1464 3114 Γραφῇ
1487 3083 1501 3108 ,
1526 3043 1625 3115 τὴν
1658 3045 1798 3098 κατά

1901 567 2113 622 delicet.

1973 657 2026 721 ϐ,
2057 658 2107 712 7.
2148 657 2340 712 Beatus
2371 660 2452 713 vir
2476 661 2625 728 cujus
2657 669 2734 716 est
2758 661 3023 716 auxilium
3049 661 3140 718 abs
3170 672 3252 717 te:
3290 678 3473 717 ascen-

1900 751 2074 804 siones
2107 751 2163 804 in
2201 751 2356 806 corde
2382 769 2476 805 suo
2510 753 2790 822 disposuit.
2826 753 2928 820 Qui
2963 755 3090 820 sibi,
3127 755 3323 826 inquit,
3374 755 3470 809 ad-

1896 841 2133 912 jutorem
2164 845 2434 914 ascripsit,
2479 845 2653 901 bonas
2687 846 2792 901 sibi
2829 847 3190 912 cogitationes
3230 848 3473 917 quotidie

1902 935 2163 1001 instituit,
2188 952 2326 1007 quas
2353 953 2498 994 nunc
2529 941 2879 994 ascensiones
2907 940 3063 1005 dixit,
3096 941 3224 1010 quia
3255 941 3308 995 in
3340 940 3473 1010 ipsis

1900 1036 1984 1082 est
2013 1028 2172 1098 quasi
2201 1044 2465 1085 ascensus
2495 1046 2526 1085 a
2573 1032 2802 1086 terrenis
2846 1031 2913 1086 ad
2943 1032 3206 1087 coelestia.
3238 1032 3303 1086 In
3337 1031 3474 1086 valle

1903 1120 2285 1191 lacrymarum.
2326 1120 2534 1176 Vallem
2564 1122 2931 1194 lacrymarum
2972 1124 3259 1178 mortalem
3302 1124 3470 1177 vitam

1901 1212 2054 1268 dicit.
2095 1213 2183 1267 Ait
2212 1213 2396 1281 igitur,
2427 1214 2482 1267 in
2525 1214 2743 1268 mortali
2777 1215 2887 1268 vita
2921 1214 3156 1284 replebis
3187 1230 3282 1269 eos
3314 1213 3473 1268 bonis

1901 1304 2346 1375 cogitationibus,
2392 1305 2636 1375 quotidie
2684 1305 2972 1359 instituens
3021 1305 3163 1359 illos.
3203 1303 3312 1376 (55)
3341 1301 3474 1372 Qua:

1903 1397 2007 1453 sibi
2038 1413 2102 1453 ex
2136 1407 2229 1452 tuo
2262 1397 2566 1466 patrocinio
2595 1397 2878 1453 advenisse
2915 1397 3057 1452 bona
3083 1405 3373 1452 senserunt

1972 1659 2025 1714 8.
2054 1660 2264 1713 Etenim
2290 1657 2699 1713 benedictionem
2723 1657 2872 1711 dabit
2896 1657 3209 1728 legislator;
3240 1655 3384 1710 ibunt
3411 1656 3474 1709 de

1900 1750 2092 1804 uirtute
2120 1750 2174 1802 in
2205 1749 2472 1804 virtutem.
2505 1747 2931 1812 Retributiones,
2961 1747 3158 1818 inquit,
3206 1747 3473 1801 bonarum

1899 1842 2292 1911 cogitationum
2312 1841 2464 1894 dabit
2493 1840 2598 1896 illis
2629 1840 2940 1910 legislator,
2971 1839 3026 1893 id
3058 1849 3142 1894 est
3179 1839 3273 1909 qui
3302 1839 3473 1909 legem

1899 1931 2035 1987 Novi
2063 1932 2396 1987 Testamenti
2420 1932 2568 1986 dedit
2599 1931 2724 1986 illis.
2758 1930 2891 1997 Quae
2929 1940 3109 1985 autem
3139 1929 3341 1984 fuerint
3369 1928 3475 1982 illa:

1899 2025 2326 2092 benedictiones,
2373 2024 2478 2079 nisi
2536 2023 2686 2094 quod
2737 2022 2804 2076 de
2849 2023 3052 2076 virtute
3109 2021 3165 2075 in
3217 2020 3472 2075 virtutem
3556 2049 3558 2051 -

1899 2116 2069 2170 eant?
2095 2113 2153 2169 Id
2186 2127 2268 2170 est
2306 2116 2376 2170 ab
2404 2116 2507 2170 hoc
2538 2115 2665 2169 vita:
2695 2113 2944 2169 instituto
2972 2113 3271 2169 secundum
3301 2111 3473 2166 Deum

1899 2215 2044 2272 acto,
2071 2207 2138 2261 ad
2173 2221 2466 2276 supernam
2494 2203 2823 2270 Jerusalem,
2876 2219 2987 2274 quo
3035 2218 3158 2259 cum
3204 2216 3470 2272 pervene-

1899 2299 2032 2363 rint,
2064 2299 2325 2354 videbunt
2342 2297 2512 2353 Deum
2535 2298 2693 2353 sicuti
2721 2310 2826 2353 est.

1965 2389 2052 2444 10.
2085 2388 2300 2454 Respice
2339 2391 2395 2442 in
2437 2389 2628 2458 facient
2669 2387 2869 2442 Christi
2917 2385 3016 2439 tui.
3069 2382 3348 2438 Christum
3385 2380 3475 2436 hic

1900 2481 2132 2551 appellat
2186 2481 2446 2552 populum
2512 2489 2765 2534 vocatum
2828 2477 2895 2532 ad
2976 2477 3154 2548 regale
3220 2473 3477 2531 sacerdo-

1899 2575 2058 2631 tium.

1973 2671 2060 2724 il.
2097 2666 2238 2733 Quia
2268 2665 2452 2720 melior
2477 2674 2554 2719 est
2589 2665 2700 2718 dies
2747 2680 2854 2718 una
2887 2663 2945 2716 in
2987 2661 3140 2715 atriis
3183 2661 3288 2714 tuis
3319 2675 3476 2729 super

1901 2761 2098 2816 millia.
2133 2759 2260 2814 Dies
2289 2773 2399 2812 una
2438 2757 2491 2810 in
2521 2756 2677 2812 atriis
2707 2753 2946 2820 Domini,
2990 2753 3044 2808 id
3090 2762 3174 2808 est
3205 2751 3260 2805 in
3297 2751 3475 2806 eccle-

1902 2856 2022 2922 siis,
2052 2853 2195 2920 diem
2223 2848 2638 2906 resurrectionis
2662 2846 2960 2902 Salvatoris
2991 2844 3280 2915 signiﬁcat.
3299 2840 3467 2896 Millia

1899 2961 2050 3012 vero,
2094 2945 2208 3000 sive
2255 2942 2426 3008 mille,
2478 2941 2553 2995 ita
2603 2939 2748 2994 enim
2799 2939 2999 3009 legitur
3038 2938 3092 2990 in
3122 2935 3474 2989 llebrmorum
3556 2992 3559 2996 ,

1902 3035 2230 3105 Scriptura,
2272 3031 2500 3101 legalem
2554 3029 2761 3084 cultum
2802 3034 2980 3095 vocat,
3034 3025 3128 3096 qui
3177 3039 3274 3094 per
3327 3022 3476 3077 mille

211 3137 366 3206 νόμον
394 3113 663 3206 λατρείαν
696 3134 882 3204 (μησὶν,
917 3135 1038 3204 ἦτις
1087 3135 1168 3196 είς
1190 3113 1402 3205 χιλιάδα
1436 3113 1795 3206 ἐτῶν-κεκρά-

1908 3139 2072 3178 annos
2101 3122 2463 3192 perseveravit
2491 3135 2650 3175 orsus
2686 3133 2717 3172 a
2759 3117 3094 3187 temporibus
3138 3113 3474 3181 Salomonis,

210 3244 389 3299 τηκεν,
418 3227 708 3300 ἀρξαμένη
740 3225 849 3278 ἀπὸ
891 3225 1000 3278 τῶν
1049 3226 1142 3278 τοῦ
1184 3225 1527 3296 Σολομῶντος
1566 3227 1793 3298 χρόνων,

212 3319 299 3386 ἀφ’
326 3311 386 3371 οὗ
419 3317 821 3390 τεθεμελίωται
848 3315 1030 3380 όθεῖος
1047 3316 1199 3383 ναὸς,
1232 3317 1396 3387 μέχρι
1423 3317 1525 3386 τῆς
1560 3316 1653 3369 τοῦ
1688 3317 1800 3371 Σω-

211 3413 367 3482 τῆρος
389 3409 718 3482 παρουσίας.
735 3407 1017 3461 Δείκνυσιν
1028 3403 1142 3472 οὖν,
1161 3407 1237 3471 ὼς
1251 3408 1384 3460 πολὺ
1405 3407 1464 3460 τὸ
1485 3405 1669 3479 μεῖζον
1685 3407 1796 3478 (56)

212 3502 304 3573 τῆς
322 3501 690 3571 εὐαγγελικῆς
715 3500 852 3571 πρὸς
873 3500 969 3571 τὴν
985 3498 1213 3571 νομικὴν
1239 3498 1516 3573 λατρείαν.
1571 3499 1801 3564 Ἐξελε-

213 3593 402 3664 ξὰμην
422 3592 928 3663 παραριπτεῖσθαι
958 3592 1028 3646 ἐν
1056 3591 1136 3658 τῷ
1160 3592 1304 3657 οἴκῳ
1345 3592 1450 3647 τοῦ
1485 3592 1631 3646 Θεοῦ
1655 3609 1796 3661 μου.

213 3681 329 3738 Οἷον
362 3685 436 3749 ὡς
469 3687 521 3739 εί
546 3684 733 3754 λέγοι·
769 3685 980 3756 Μικρός
1017 3701 1100 3747 τις
1126 3682 1464 3755 καὶεὺτελὴς
1502 3680 1641 3737 εἶναι
1666 3683 1800 3754 μᾶλ-

212 3777 296 3831 λον
329 3778 393 3834 ἂν
422 3777 723 3848 βουλοίμην
749 3777 856 3830 τῶν
890 3779 946 3830 ὲν
978 3778 1044 3846 τῇ
1091 3773 1384 3846 Ἐκκλησία
1415 3775 1448 3845 ἢ
1496 3774 1665 3845 μέγας
1689 3773 1798 3827 τῶν

214 3870 267 3921 ὲν
293 3869 368 3941 τῷ
397 3868 717 3942 ἁμαρτωλῷ
739 3867 874 3938 λαῷ.
904 3866 1088 3919 Ταῦτα
1111 3869 1225 3929 τοῖς
1248 3867 1306 3918 ἐν
1336 3864 1613 3919 Βαϐυλῶνι
1640 3865 1800 3935 πρόσ-

214 3976 367 4032 φορα,
392 3961 490 4014 καὶ
516 3961 652 4031 ἡμῖν
671 3958 970 4030 ἐπιτήδεια.
991 3957 1101 4010 Καὶ
1128 3955 1236 4028 γὰρ
1260 3955 1499 4019 ἐκείνους
1521 3956 1797 4010 ἐδίδασκεν

214 4051 432 4125 ήχάρις
481 4051 582 4106 τοῦ
617 4049 936 4121 Πνεύματος
975 4047 1048 4119 μὴ
1098 4046 1475 4119 παραϐλέπειν
1525 4046 1618 4099 τοῦ
1650 4045 1796 4099 θείου

213 4145 355 4199 οἴκου
380 4147 479 4218 τὴν
507 4143 769 4220 ἐρημίαν,
815 4143 910 4195 καὶ
957 4142 1120 4212 ἡμεῖς
1148 4138 1517 4209 παιδευόμεθα
1559 4139 1686 4201 τοὺς
1718 4137 1798 4209 τῷ

214 4233 327 4305 Θεῷ
357 4234 779 4306 ἁφιερωμένους
813 4231 1013 4301 σηκοὺς
1044 4231 1129 4284 ἀεὶ
1163 4228 1346 4282 ποθεῖν
1373 4229 1467 4282 καὶ
1492 4230 1729 4300 ἀγαπᾷν.

279 4327 492 4392 Κύριος
535 4326 608 4377 οὐ
637 4323 922 4390 στερήσει
961 4322 1032 4374 τὰ
1070 4319 1262 4391 ἀγαθὰ
1304 4319 1429 4385 τοῖς
1478 4320 1801 4390 πορευομέ-

217 4433 339 4482 νοις
360 4417 429 4469 ἐν
453 4415 693 4482 ἀκακία.
720 4416 782 4467 Οἱ
814 4413 922 4485 γὰρ
950 4412 1152 4483 ταύτην
1181 4412 1392 4482 ἔχοντες
1420 4411 1516 4482 τὴν
1537 4411 1795 4478 διάθεσιν,

1898 3231 1929 3270 a
1967 3230 2076 3285 quo
2117 3213 2404 3268 fundatum
2455 3220 2539 3266 est
2579 3210 2823 3264 divinum
2869 3209 3130 3277 templum
3183 3221 3357 3276 usque
3407 3207 3476 3260 ad

1898 3310 2190 3364 adventum
2237 3304 2560 3360 Salvatoris.
2613 3302 2866 3358 Declarat
2915 3303 3081 3373 igitur
3127 3301 3286 3371 longe
3339 3315 3448 3367 prae

1897 3399 2214 3454 stantiorem
2243 3412 2366 3452 esse
2388 3395 2758 3466 evangelicum
2786 3409 2951 3465 quam
2979 3394 3206 3464 legalem
3241 3392 3476 3447 cultum.

1903 3490 2053 3561 Elegi
2077 3489 2312 3558 abjecms
2342 3504 2451 3543 esse
2478 3488 2534 3540 in
2563 3486 2720 3540 domo
2747 3485 2840 3540 Dei
2868 3487 2988 3550 mei,
3017 3493 3123 3540 etc.
3155 3485 3233 3540 Ac
3259 3482 3305 3540 si
3337 3482 3458 3539 dice

1899 3592 2018 3637 ret:
2057 3581 2198 3636 Malo
2223 3580 2456 3650 pusillus
2491 3587 2546 3634 et
2593 3579 2716 3634 vilis
2766 3593 2888 3633 esse
2923 3579 2977 3632 in
3012 3575 3276 3642 Ecclesia,
3309 3590 3475 3646 quam

1899 3681 2206 3742 praepotens
2229 3670 2282 3724 in
2317 3670 2519 3740 populo
2565 3676 2869 3739 peccatore.
2900 3667 3025 3722 Hatc
3055 3668 3122 3723 iis
3166 3668 3261 3737 qui
3287 3666 3341 3720 in
3372 3664 3478 3719 Ba-

1901 3763 2097 3834 bylone
2136 3768 2292 3814 erant
2344 3760 2538 3823 utilia,
2591 3768 2648 3814 et
2705 3759 2864 3814 nobis
2917 3758 3272 3828 congruentia
3324 3765 3474 3811 sunt.

1898 3853 2035 3908 Nam
2077 3861 2133 3906 et
2184 3853 2308 3907 illos
2351 3851 2615 3906 edocebat
2648 3853 2822 3921 gratia
2873 3851 3134 3921 Spiritus,
3183 3860 3244 3906 ut
3278 3849 3475 3904 divinae

1898 3946 2096 4000 domus
2129 3943 2440 3998 vastitatem
2467 3957 2534 3995 ne
2563 3940 2905 4010 despicerent
2933 3961 2945 3997 :
2977 3951 3030 3997 et
3065 3957 3166 3996 nos
3193 3941 3476 3996 erudimur

1898 4045 1959 4090 ut
1999 4035 2111 4089 Deo
2150 4049 2307 4090 sacra
2336 4033 2558 4105 .templa
2604 4048 2816 4103 semper
2864 4041 3204 4102 exoptemus,
3250 4041 3304 4086 et
3349 4031 3475 4086 dili-

1897 4144 2110 4200 gamus.

1975 4324 2063 4389 19.,
2096 4325 2185 4380 15.
2224 4323 2635 4395 Βοηιίηιιδῖηοιι
2667 4324 2896 4394 privabit
2933 4325 3079 4378 bonis
3107 4339 3194 4378 eos
3226 4325 3316 4394 qui
3353 4337 3471 4378 am-

1900 4416 2084 4470 bulant
2110 4419 2164 4470 in
2201 4417 2520 4471 innocentia.
2559 4415 2695 4471 Nam
2745 4417 2839 4487 qui
2873 4415 3188 4485 huiusmodi
3217 4415 3472 4470 alTectum

220 4509 417 4563 τούτων
442 4509 704 4563 ἁπάντων
722 4505 1054 4561 ἀπολαύουσι
1079 4505 1188 4559 τῶν
1218 4504 1460 4574 ἀγαθῶν.
1479 4504 1668 4569 Ἔλεος
1689 4505 1795 4575 γὰρ

1908 4509 2124 4573 habent,
2173 4510 2259 4564 bis
2307 4511 2562 4564 omnibus
2597 4509 2756 4565 bonis
2793 4508 3066 4563 fruuntur.
3103 4509 3474 4565 Misericordia

222 4603 281 4655 ὲκ
300 4602 406 4656 τῶν
426 4602 591 4656 θείων
619 4600 1012 4655 ἀναϐλαστάνει
1037 4599 1242 4670 σηκῶν,
1269 4601 1364 4653 καὶ
1392 4599 1558 4671 πολλὴ
1587 4600 1794 4653 ἐκεῖθεν

217 4691 438 4761 ἀφθονος
470 4693 573 4761 τῆς
599 4690 857 4762 ἀληθείας
885 4693 916 4760 ἠ
948 4690 1202 4762 χορηγία.
1261 4690 1502 4743 Ἐκεῖθεν
1545 4690 1655 4761 γὰρ
1684 4689 1794 4744 τῶν

218 4783 430 4851 ἀγαθῶν
459 4784 745 4855 δογμάτων
767 4783 864 4855 τὴν
885 4783 1232 4836 διδασκαλίαν
1252 4782 1538 4854 δεχόμεθα,
1574 4784 1666 4838 καὶ
1695 4784 1794 4854 χά-

224 4893 302 4943 ριν
328 4877 384 4930 δὲ
417 4876 571 4930 θείαν
601 4879 666 4929 ἐκ
686 4876 795 4929 τῶν
825 4875 919 4928 τοῦ
964 4876 1234 4945 παναγίου
1269 4877 1586 4948 Πνεύματος
1633 4896 1798 4950 κρου-

220 4968 320 5020 νῶν
350 4969 658 5039 ἀρυόμεθα·
704 4969 799 5022 καὶ
843 4969 1027 5038 μέντοι
1087 4969 1180 5021 καὶ
1225 4969 1576 5040 περίϐλεπτοι
1618 4969 1800 5022 ἐντεῦ-

222 5059 306 5112 θεν
330 5060 610 5131 γινόμεθα,
666 5062 758 5115 καὶ
803 5060 923 5114 λίαν
958 5064 1300 5133 περιφανεῖς,
1346 5063 1442 5116 καὶ
1497 5063 1797 5135 συλλήϐδην

222 5152 409 5215 εἰπεῖν,
436 5155 616 5207 πᾶσαν
637 5153 746 5207 τῶν
777 5151 999 5222 ἀγαθῶν
1029 5152 1299 5223 δεχόμεθα
1344 5151 1442 5224 τὴν
1477 5153 1795 5217 ἀπόλαυσιν,

221 5244 414 5308 κακίας
450 5245 548 5314 μὲν
579 5246 673 5297 καὶ
696 5244 962 5315 πονηρίας
997 5243 1449 5315 ἀπαλλαττόμεθα
1470 5287 1484 5311 ,
1531 5245 1795 5318 ἁπλότητι

224 5333 278 5386 δὲ
303 5337 396 5388 καὶ
425 5337 651 5407 ἀληθείᾳ.
680 5336 848 5408 συζῇν
875 5337 1320 5407 προαιρούμενοι.

328 5427 428 5490 Είς
445 5424 639 5490 τέλος,
663 5426 789 5491 τοῖς
815 5425 966 5490 υἱοῖς
1005 5427 1176 5494 Κορέ.
1223 5428 1530 5481 ΨΑΛΜΟΣ
1560 5430 1686 5480 ΠΧ.

840 5517 853 5535 ⁰
867 5518 910 5570 Υ
909 5517 1174 5583 πόθεσις.

227 5603 318 5658 Διά
341 5605 528 5659 τούτου
557 5607 651 5661 τοῦ
673 5607 889 5679 ψαλμοῦ
920 5607 1020 5679 τὴν
1054 5606 1243 5679 κλῆσιν
1282 5607 1388 5662 τῶν
1420 5605 1588 5662 ὲθνῶν
1621 5607 1790 5678 δηλοῖ,

293 5780 406 5856 (35)
443 5782 620 5843 Locus
642 5785 890 5843 vitiosus.

1902 4603 2048 4658 enim
2079 4619 2142 4657 ex
2173 4603 2371 4657 divinis
2403 4605 2616 4674 templis
2664 4607 2860 4670 oritur,
2911 4613 3076 4672 atque
3123 4604 3344 4674 largiter
3381 4618 3472 4658 ex-

1904 4696 2032 4750 binc
2056 4697 2260 4751 veritas
2291 4698 2685 4766 suppeditatur.
2717 4697 2882 4752 Istinc
2909 4697 3054 4751 enim
3083 4712 3340 4752 sanorum
3373 4697 3473 4751 don

1902 4797 2144 4856 guratum
2175 4786 2488 4851 doctrinam
2511 4787 2832 4857 accipimus,
2864 4795 2919 4841 et
2968 4786 3208 4841 divinam
3245 4787 3473 4858 gratiam

1903 4895 1970 4933 ex
2026 4879 2361 4934 sanctissimi
2411 4879 2647 4949 Spiritus
2699 4880 2942 4936 fontibus
3003 4880 3309 4936 haurimus.
3358 4879 3471 4936 [mo

1899 4970 2098 5025 exinde
2137 4971 2381 5039 praeclari
2421 4972 2723 5041 evadimus,
2759 4983 2813 5028 et
2836 4974 2991 5028 valde
3024 4975 3284 5042 illustres,
3315 4983 3391 5041 et,
3415 4985 3472 5029 ut

1902 5079 2014 5118 uno
2043 5063 2209 5117 verbo
2239 5064 2437 5129 dicam,
2469 5066 2617 5118 omni
2649 5065 2919 5122 bonorum
2955 5069 3110 5137 copia
3138 5069 3393 5132 fruimur,
3420 5078 3473 5122 et

1899 5172 1929 5209 a
1959 5156 2166 5210 malitia
2215 5156 2669 5226 improbitateque
2704 5158 3022 5223 liberamur,
3063 5161 3222 5212 vitam
3270 5159 3467 5228 eligen-

1901 5258 1980 5304 tes
2010 5250 2061 5302 in
2090 5250 2436 5319 simplicitate
2466 5259 2522 5306 et
2551 5251 2775 5305 veritate
2804 5268 2983 5322 agere.
3472 5238 3477 5258 ³

1967 5428 2016 5482 4.
2061 5425 2124 5479 In
2153 5427 2329 5496 ﬁnem,
2364 5429 2489 5498 (iliis
2520 5428 2670 5485 Core.
2700 5429 3044 5485 PSALMUS
3081 5428 3396 5484 LXXXIV.

2478 5521 2855 5592 Argumentum
2867 5568 2878 5580 .

1893 5610 1996 5666 Per
2033 5613 2178 5668 hunc
2211 5613 2478 5682 psalmum
2515 5616 2853 5671 vocationem
2904 5616 3143 5688 gentium
3174 5613 3445 5687 signiﬁcat.

1967 5785 2078 5858 (56)
2118 5786 2276 5845 Forte
2306 5789 2490 5859 μέσον.
