3872 6216
373 375 474 433 571

1193 371 1250 427 S.
1281 373 1652 430 ATHANASH
1690 375 1841 432 OPP.
1885 375 2069 432 PARS
2107 374 2190 432 Ill.
2237 405 2308 415 —
2344 369 2759 428 EXEGETICA.

3531 371 3642 426 572

447 505 502 550 ρῑ
529 511 903 552 renussnonem
937 495 1006 550 ob
1035 509 1188 550 suam
1219 495 1292 550 ad
1315 495 1482 552 Deum
1531 499 1952 552 conversionem

2117 497 2214 550 καὶ
2233 497 2330 568 τὴν
2363 492 2662 564 γενομένην
2705 490 2890 553 αὐτοῖς
2945 487 3033 544 διὰ
3067 489 3166 560 τῆς
3199 490 3334 562 πρὸς
3377 491 3470 544 τὸν
3501 490 3642 544 Θεὸν

447 585 580 656 ipsis
608 600 944 640 concessam.
975 583 1056 638 Ad
1083 583 1198 640 haec
1219 585 1428 642 inducit
1455 585 1740 642 Judaicum
1773 601 1946 657 popu-

447 678 593 740 lum,
617 678 711 747 qui
761 686 884 747 post
921 677 1258 732 vocationem
1293 678 1532 746 gentium
1577 687 1796 748 peccata
1846 693 1946 733 sua

448 770 752 835 confitetur,
785 777 839 824 et
872 778 1026 840 rogat
1061 769 1176 838 ipse
1199 783 1418 840 quoque
1444 779 1504 824 ut
1539 786 1634 841 per
1667 771 1946 826 Christum

447 861 876 918 misericordiam
911 871 1300 931 consequatur.

448 954 502 1011 2.
544 955 892 1022 Benediazisti,
927 954 1170 1021 Domine,
1199 963 1394 1009 terram
1437 963 1601 1008 tuam.
1655 955 1720 1009 Et
1759 970 1948 1012 revera

377 1047 522 1102 Dens
545 1056 599 1102 et
629 1045 788 1101 Pater
821 1046 1119 1110 benedixit,
1155 1046 1268 1102 sive
1299 1047 1502 1116 placuit
1535 1047 1638 1116 ipsi
1668 1047 1852 1102 omnia
1893 1049 1950 1102 in

376 1141 596 1196 Christo
652 1141 976 1195 instaurare.
1034 1141 1285 1194 Avertisti
1349 1141 1708 1208 captivitatem
1761 1139 1948 1194 Iacob.

375 1229 513 1288 Nam
540 1247 662 1287 cum
691 1231 895 1286 Judzeis
927 1232 1161 1302 primum
1193 1233 1588 1301 prmdicaverit,
1623 1233 1822 1286 multos
1863 1249 1952 1287 re-

379 1325 548 1380 demit
581 1341 612 1381 a
647 1325 913 1396 spirituali
956 1325 1270 1394 captivitate
1301 1325 1356 1379 in
1387 1339 1551 1394 quam
1579 1325 1796 1378 abducti
1833 1323 1950 1378 fue-

378 1427 525 1474 rant.
573 1417 700 1472 Haac
729 1417 842 1488 (37)
879 1417 1204 1486 significavit
1234 1417 1500 1472 Dominus
1549 1425 1675 1487 post
1723 1417 1954 1486 prephe-

379 1511 512 1566 tiam
555 1511 728 1577 Isaiae,
762 1527 884 1582 qua:
917 1511 996 1566 sic
1031 1511 1196 1565 habet
1229 1529 1242 1566 :
1281 1509 1515 1580 Spiritus
1553 1509 1766 1562 Domini
1800 1526 1955 1577 super

381 1621 484 1669 me,
523 1619 584 1658 eo
635 1603 772 1674 quod
817 1606 1026 1662 unxerit
1073 1619 1184 1666 me,
1240 1601 1598 1672 euangelizare
1641 1601 1954 1670 pauperibus

379 1693 526 1746 misit
573 1709 673 1758 me,
703 1691 992 1764 praedicare
1039 1691 1257 1761 captivis
1304 1691 1662 1744 remissionem
1705 1701 1752 1744 et
1801 1691 1954 1744 vteris

381 1785 762 1840 restitutionem
787 1785 926 1838 visus
943 1785 984 1815 ¹⁰
1007 1828 1020 1850 ,
1052 1784 1239 1838 dicens
1267 1802 1290 1846 ε,
1309 1782 1477 1836 Hodie
1497 1783 1712 1852 impleta
1737 1793 1812 1836 est
1833 1799 1955 1852 pro-

2116 588 2451 660 ἐπιστροφῆς
2474 585 2686 654 ἄφεσιν.
2725 583 2848 636 Ἔτι
2893 599 2953 634 τε
2983 582 3195 651 εἰσάγει
3227 583 3320 636 τὸν
3367 583 3644 636 Ἰουδαίων

2121 681 2248 736 λαὸν
2281 679 2419 750 μετὰ
2448 677 2546 747 τὴν
2573 674 2683 728 τῶν
2713 673 2883 728 ἐθνῶν
2905 673 3097 742 κλῆσιν
3144 673 3646 744 ἐξομολογούμενον

2119 771 2204 839 ἐφ’
2253 765 2336 832 οἷς
2361 769 2629 840 ἥμαρτεν,
2663 763 2918 828 ἀξιοῦντα
2969 763 3063 816 καὶ
3095 764 3258 818 αὑτὸν
3285 763 3379 817 τοῦ
3406 763 3496 816 διὰ
3549 761 3648 816 τοῦ

2121 859 2358 931 Χριστοῦ
2389 859 2570 922 ἐλέους
2599 860 2804 928 τυχεῖν.

2121 953 2498 1020 Εὺδόκησας,
2531 953 2726 1020 Κύριε,
2775 950 2893 1018 τὴν
2932 947 3049 1019 γῆν
3067 965 3204 1002 σου.
3233 949 3342 1002 Καὶ
3361 949 3474 1019 γὰρ
3503 948 3646 1020 άλη-

2053 1045 2161 1110 θῶς
2189 1045 2480 1116 εὐδόκησεν
2525 1047 2554 1096 6
2595 1043 2727 1106 Θεὸς
2761 1041 2855 1096 καὶ
2909 1041 3099 1112 Πατὴρ
3150 1039 3648 1109 ἀνακεφαλαιώσα-

2054 1135 2176 1187 σθαι
2211 1133 2278 1186 τὰ
2303 1133 2477 1186 πάντα
2527 1133 2584 1184 ὲν
2648 1131 2726 1201 τῷ
2768 1130 3010 1202 Χριστῷ.
3077 1130 3480 1198 Ἀπέστρε-ιςτις
3526 1129 3652 1198 τὴν

2053 1225 2472 1293 αἰχμαλωσίαν
2507 1223 2718 1279 Ἰακώϐ.
2747 1225 2938 1286 Λύτοῖς
2985 1222 3095 1293 γὰρ
3153 1221 3368 1292 πρῶτον
3397 1220 3650 1292 κηρύξας

2054 1315 2166 1376 τοῖς
2205 1311 2497 1375 Ἰουδαίοις,
2525 1313 2856 1384 λελύτρωται
2889 1313 3116 1375 πολλοὺς
3151 1311 3252 1380 τῆς
3297 1310 3648 1364 καταλαϐού-

2055 1423 2154 1476 σης
2201 1405 2398 1468 αὐτοὺς
2431 1405 2630 1474 νοητῆς
2679 1405 3074 1476 αἰχμαλωσίας.
3127 1404 3424 1476 Ἐδήλωσεν
3473 1405 3648 1456 ὁΣω-

2053 1498 2155 1568 τὴρ
2199 1497 2339 1568 μετὰ
2374 1498 2472 1570 τὴν
2520 1497 2738 1550 Ἡσαΐου
2787 1497 3154 1570 προφητείαν,
3215 1499 3313 1566 τὴν
3365 1499 3644 1566 φήσασαν·

2053 1589 2295 1658 Πνεῦμα
2323 1589 2546 1656 Κυρίου
2600 1588 2691 1640 ἐπ’
2711 1587 2835 1657 ἐμὲ,
2887 1585 2958 1642 οὗ
2997 1589 3229 1640 εἵνεκεν
3277 1587 3488 1656 ἓχρισέ
3546 1603 3650 1654 με,

2053 1683 2560 1750 εὐαγγελίσασθαι
2589 1680 2847 1749 πτωχοῖς
2881 1678 3231 1734 ἀπέσταλκέ
3257 1697 3352 1748 με,
3388 1679 3652 1748 κηρῦξαι

2053 1770 2448 1840 αἰχμαλώτοις
2499 1769 2747 1839 ἅρεσιν,
2817 1769 2915 1822 καί
2963 1768 3216 1838 τυφλοῖς
3286 1769 3648 1839 ἀνάϐλεψιν,

379 1877 557 1948 phetia
587 1876 697 1932 haec
725 1877 782 1930 in
809 1875 1025 1930 auribus
1055 1878 1238 1932 vestris
1260 1875 1320 1928 “.
1359 1875 1477 1946 Ipse
1529 1876 1673 1929 enim
1723 1885 1828 1938 est,
1856 1875 1948 1946 qui

2076 1861 2238 1916 ίπών·
2273 1860 2542 1930 Σήμερον
2585 1860 2972 1928 πεπλήρωται
3033 1860 3072 1926 ἠ
3137 1861 3468 1928 προφητεία
3493 1859 3651 1928 αὕτη

379 1983 484 2025 nos
518 1983 550 2023 a
579 1969 876 2028 multorum
907 1967 1133 2032 deorum
1161 1983 1390 2024 erroneo
1423 1969 1572 2022 cultu
1607 1979 1660 2023 et
1690 1985 1719 2022 a
1749 1968 1954 2022 daemo-

383 2073 510 2114 num
542 2059 802 2113 servitute
833 2057 1102 2120 liberavit,
1131 2065 1185 2112 et
1211 2065 1432 2112 catenas
1463 2067 1810 2128 peccatorum
1841 2058 1953 2112 sol-

379 2149 477 2205 vit.

452 2236 758 2310 Utrumque
798 2239 888 2295 hic
919 2240 1182 2318 prepheta
1227 2239 1494 2311 pranlicit,
1523 2240 1760 2298 filiorum
1789 2243 1956 2300 Israel

378 2345 446 2386 ex
479 2329 752 2402 Babylone
775 2331 1033 2398 reditum,
1069 2343 1122 2387 et
1157 2333 1386 2388 salutem
1415 2335 1603 2390 mundi
1635 2354 1648 2389 :
1682 2351 1747 2391 ac
1776 2336 1956 2406 dupli-

380 2422 431 2476 ci
458 2421 621 2477 modo
653 2429 826 2482 totum
853 2433 1093 2482 enarrat.
1122 2423 1329 2488 Sensus
1357 2437 1536 2481 autem
1562 2437 1646 2482 est
1676 2444 1689 2479 :
1723 2426 1834 2482 Deo
1865 2443 1958 2482 ac-

381 2523 598 2584 ceptum
646 2523 729 2570 est
774 2529 869 2570 cor
897 2515 1100 2570 bonum
1139 2531 1202 2572 ac
1237 2517 1568 2584 studiosum,
1595 2519 1741 2588 quod
1785 2517 1956 2588 ipsius

383 2615 524 2662 terra
551 2613 656 2672 est,
677 2607 810 2680 quia.
827 2607 1023 2678 recipit
1046 2608 1167 2679 ejus
1196 2625 1404 2679 semen,
1427 2625 1492 2666 ac
1517 2609 1696 2666 reddit
1717 2609 1956 2666 fructum

379 2695 714 2766 centuplum.

451 2877 510 2936 3.
548 2875 826 2933 Remisisti‘
857 2877 1188 2948 iniquitatem
1229 2877 1391 2948 plebis
1429 2887 1551 2940 tuae.
1589 2881 1721 2946 Quae
1755 2895 1851 2950 per
1889 2881 1954 2935 ﬁ-

287 2997 290 3000 η
385 2971 508 3028 dem
541 2971 610 3026 ad
639 2971 814 3042 ipsum
842 2971 1095 3035 accessit,
1131 2970 1206 3024 ait
1232 2979 1414 3026 autem
1449 2973 1706 3041 populum
1743 2987 1808 3027 ex
1833 2989 1960 3044 gen-

383 3063 531 3120 tibus
558 3074 829 3130 coactum,
861 3063 1018 3133 juxta
1053 3062 1182 3116 illud
1220 3077 1250 3117 a
1281 3061 1544 3118 Zacharia
1571 3065 1832 3134 propheta
1860 3065 1956 3120 di-

385 3165 532 3212 ctum
565 3173 580 3209 :
615 3153 684 3209 In
729 3153 826 3208 illa
876 3155 960 3208 die
1015 3153 1312 3223 confugient
1348 3154 1418 3208 ad
1465 3153 1752 3209 Dominum
1779 3165 1952 3226 gentes

385 3245 588 3315 multae,
613 3260 662 3300 et
686 3254 842 3300 erunt
873 3247 976 3316 ipsi
1001 3247 1056 3302 in
1081 3245 1332 3317 populum
1353 3247 1416 3301 ¹².

457 3402 512 3458 5.
551 3399 804 3458 Converte
835 3419 948 3467 nos,
987 3401 1124 3456 Deus
1167 3401 1422 3456 salutaris
1461 3411 1661 3458 noster.
1695 3401 1963 3472 Depreca-

386 3495 593 3550 tionem
629 3493 786 3550 oﬂ‘ert
813 3509 880 3549 ex
913 3509 1148 3564 persona
1171 3495 1354 3564 populi
1389 3493 1722 3562 Judaeorum,
1762 3509 1957 3566 rogan-

385 3587 526 3642 tium
551 3593 612 3640 ut
639 3593 696 3641 et
723 3585 826 3656 ipsi
855 3587 1084 3656 gratiam
1119 3595 1550 3657 consequantur.

459 3763 570 3819 8-9.
617 3763 845 3820 Ostende
869 3765 1042 3830 nobis,
1077 3763 1320 3832 Domi-ne,
1349 3765 1768 3820 misericordiam
1793 3777 1959 3820 tuam.

387 3853 528 3910 Cum
557 3853 734 3928 Cyrus
769 3854 1064 3911 Persarum
1092 3872 1210 3924 rex,
1238 3857 1398 3928 juxta
1421 3857 1578 3914 Isaiae
1603 3858 1964 3928 pr0phetiam,

387 3947 651 4004 redeundi
689 3955 1016 4018 potestatem
1045 3947 1304 4014 dedisset,
1334 3949 1596 4006 festinant
1623 3952 1852 4021 patriam
1889 3965 1970 4004 re-

389 4049 576 4111 petere
621 4055 817 4107 suam,
865 4049 922 4095 et
963 4049 1247 4111 propterea
1295 4039 1466 4096 Deum
1537 4053 1866 4113 precantur,
1911 4051 1968 4096 ut

390 4141 698 4205 promptam
749 4133 884 4204 ipsis
915 4149 1014 4203 pro
1040 4133 1330 4188 clementia
1363 4149 1464 4190 sua
1516 4135 1744 4188 salutem
1783 4132 1968 4188 confe-

391 4233 497 4280 rat.
529 4223 826 4291 Citissime,
863 4223 1058 4294 inquit,
1083 4239 1115 4278 ο
1142 4223 1390 4291 Domine,
1425 4235 1574 4280 tuam
1625 4224 1782 4278 nobis
1809 4223 1967 4278 boni-

390 4321 557 4369 tatem
589 4313 836 4380 ostende,
871 4321 932 4368 ut
985 4323 1132 4368 tuam
1182 4315 1418 4369 salu-tem
1463 4329 1886 4384 consequamur,
1916 4323 1970 4368 et

391 4421 458 4464 ex
495 4405 584 4461 his
632 4405 770 4462 locis
818 4405 1182 4475 commigrare
1227 4407 1528 4476 possimus.
1555 4405 1692 4460 Cum
1735 4406 1814 4460 sic
1843 4421 1970 4475 pro-

392 4497 557 4566 pheta
588 4498 1040 4569 supplicationem
1086 4499 1248 4569 quasi
1280 4513 1348 4552 ex
1377 4497 1595 4552 illorum
1631 4513 1860 4567 persona
1893 4497 1970 4552 of-

396 4557 554 4654 lerat,
592 4557 710 4644 Dei.
737 4603 1060 4658 responsum
1103 4557 1310 4658 accipit
1347 4598 1402 4643 et
1431 4588 1510 4642 ait
1543 4607 1556 4642 :
1587 4557 1818 4642 Audiam
1841 4589 1968 4659 quid
2001 4557 2045 4614 θ

393 4678 642 4750 loquatur
670 4683 725 4734 in
771 4696 852 4734 me
899 4679 1158 4736 Dominus
1205 4678 1368 4734 Deus.
1402 4678 1542 4734 Cum
1571 4680 1732 4733 tinem
1759 4680 1968 4750 suppli-

391 4771 553 4828 candi
601 4771 820 4828 fecisset
861 4774 1148 4844 propheta,
1182 4787 1510 4842 responsum
1536 4787 1566 4827 a
1605 4771 1810 4842 Spiritu
1844 4789 1969 4828 cum

393 4861 612 4918 silentio
641 4861 862 4934 excipit.

466 4952 554 5008 10.
609 4951 978 5010 Verumtamen
1031 4971 1190 5026 prope
1245 4958 1485 5012 timentes
1557 4971 1680 5010 eum
1737 4954 1972 5008 salutare

392 5043 582 5104 ipsius.
615 5043 907 5114 Excipiens
956 5047 1220 5117 propheta
1271 5063 1596 5120 responsum
1631 5048 1776 5118 quod
1817 5049 1973 5102 audi-

397 5145 552 5194 turus
583 5144 701 5190 erat
731 5150 764 5190 a
795 5133 907 5190 Deo
935 5137 1001 5190 de
1031 5151 1229 5208 genere
1275 5153 1375 5194 suo
1395 5177 1412 5202 ,
1459 5138 1592 5192 illud
1623 5145 1795 5196 notat,
1827 5137 1972 5206 quod

393 5235 622 5297 paratus
654 5227 727 5282 sit
753 5227 1012 5284 omnibus
1043 5243 1212 5299 prope
1241 5230 1456 5295 adesse,
1492 5231 1540 5285 si
1577 5229 1695 5300 ejus
1723 5231 1970 5284 timorem

398 5319 634 5389 mnplcxi
669 5318 872 5375 fuerint
911 5337 926 5374 :
959 5321 1237 5390 continget
1265 5329 1445 5376 autem
1479 5323 1545 5377 iis
1569 5322 1662 5392 qui
1693 5321 1783 5374 Dei
1809 5322 1972 5376 timo-

399 5427 512 5470 rem
541 5413 778 5484 amplexi
809 5413 1034 5478 fuerint,
1067 5413 1216 5483 quod
1252 5415 1306 5468 in
1338 5416 1509 5484 gloria
1546 5415 1869 5470 inhabitent.
1905 5412 1974 5467 Ut

401 5507 654 5565 inhabitet
689 5508 862 5578 gloria
899 5507 956 5561 in
995 5517 1136 5562 terra
1169 5519 1372 5563 nostra.
1404 5508 1500 5566 llis
1530 5509 1799 5580 signiﬁcat
1831 5525 1977 5566 (eco-

356 5669 378 5714 ρδ
473 5681 519 5716 ιο
557 5683 658 5739 ιεε,
692 5700 806 5769 L51,
833 5685 884 5738 ι,
961 5685 1002 5717 ιι
1045 5683 1178 5742 Luc.
1211 5703 1284 5756 tv,
1311 5689 1400 5744 21.
1483 5689 1524 5722 η
1569 5687 1733 5744 Zach.
1769 5702 1827 5754 ιι,
1855 5686 1938 5742 Η.

471 5799 588 5872 (57)
631 5797 754 5858 Haec
785 5799 950 5856 dubia
979 5811 1126 5860 sunt.

2055 1956 2126 2008 ἐν
2157 1954 2280 2020 τοῖς
2316 1953 2468 2006 ὠσὶν
2490 1953 2676 2023 ὑμῶν.
2712 1953 2886 2016 Αὐτὸς
2915 1952 3023 2024 γὰρ
3049 1955 3078 2006 6
3102 1953 3318 2016 παύσας
3369 1952 3654 2006 δουλεύον-

2055 2046 2322 2117 ταςήμᾶς
2351 2045 2601 2116 πολυθέῳ
2635 2045 2811 2116 πλάνῃ
2871 2045 2965 2098 καὶ
3017 2045 3256 2116 δαίμοσι,
3305 2045 3404 2110 τάς
3441 2063 3504 2098 τε
3539 2045 3652 2098 τῶν

2058 2137 2466 2210 ἁμαρτημάτων
2503 2136 2671 2199 λύσας
2701 2137 2904 2208 σειράς.

2139 2229 2447 2300 Ἀμφότερα
2485 2229 2722 2282 ἐνταῦθα
2771 2227 3171 2300 προφητεύεται
3219 2229 3254 2300 ἦ
3284 2246 3344 2282 τε
3394 2230 3504 2284 ἀπὸ
3533 2235 3646 2286 Βα-

2057 2318 2292 2382 ϐυλῶνος
2323 2318 2430 2372 τῶν
2470 2318 2605 2370 υἱῶν
2645 2317 2864 2389 Ἰσραὴλ
2913 2317 3170 2380 ἐπάνοδος
3200 2319 3296 2372 καὶ
3333 2321 3434 2391 τῆς
3466 2324 3653 2376 οἰκου-

2061 2410 2229 2482 μένης
2258 2409 2522 2480 σωτηρία·
2553 2410 2648 2462 καὶ
2679 2409 2872 2472 διττῶς
2913 2409 3034 2462 ὅλον
3071 2409 3368 2481 ἐξηγεῖται.
3415 2413 3564 2484 Πρὸς
3593 2415 3654 2468 δὲ

2055 2503 2310 2556 διάνοιαν·
2347 2501 2575 2554 Εὺδοκεῖ
2605 2499 2808 2571 Κύριος
2839 2501 2937 2571 τὴν
2973 2500 3185 2572 ἀγαθὴν
3215 2503 3309 2555 καὶ
3355 2505 3658 2562 σπουδαίαν

2055 2592 2304 2662 καρδίαν,
2333 2591 2436 2662 γῆν
2493 2589 2657 2644 αὑτοῦ
2712 2591 3107 2660 τυγχάνουσαν,
3167 2592 3256 2644 διὰ
3297 2593 3358 2646 τὸ
3395 2595 3655 2664 δέχεσθαι

2053 2684 2144 2736 τὸν
2193 2683 2391 2753 σπόρον
2443 2683 2534 2734 τὸν
2577 2682 2706 2752 παρ’
2761 2682 2946 2746 αὐτοῦ,
2980 2683 3075 2736 καὶ
3117 2684 3653 2742 ἑκατονταπλασίονα

2055 2777 2444 2848 καρποφορεῖν.

2137 2869 2388 2939 Ἆφῆκας
2454 2869 2560 2936 τὰς
2597 2870 2849 2938 ἀνομίας
2897 2869 2976 2934 τῷ
3029 2868 3158 2934 λαῷ
3201 2886 3339 2925 σου.
3401 2871 3507 2925 Τοῦ
3551 2873 3646 2928 διὰ

2053 2962 2154 3032 τῆς
2201 2961 2437 3025 πίστεως
2467 2960 2761 3032 γενομένου
2817 2960 2983 3015 αὐτοῦ
3016 2961 3166 3014 λαοῦ·
3211 2962 3361 3032 λέγει
3413 2965 3470 3016 δὲ
3495 2965 3556 3017 τὸ
3583 2965 3646 3036 ἐξ

2055 3051 2244 3118 ἐθνῶν,
2304 3055 2444 3107 κατὰ
2471 3055 2532 3106 τὸ
2561 3055 2848 3126 εἰρημένον
2909 3055 3015 3107 ὑπὸ
3075 3053 3346 3126 Ζαχαρίου
3375 3055 3470 3109 τοῦ
3508 3075 3648 3129 προ-

2057 3147 2248 3216 φήτου·
2319 3147 2421 3200 Ἐν
2457 3146 2658 3216 ἐκείνῃ
2691 3145 2761 3214 τῇ
2794 3143 2982 3214 ἡμέρᾳ
3023 3147 3502 3215 καταφεύξονται
3543 3148 3650 3202 ἐπὶ

1985 3219 2027 3277 C
2061 3236 2170 3289 τὸν
2197 3237 2420 3304 Κύριον
2449 3235 2597 3306 ἔθνη
2649 3237 2870 3300 πολλὰ,
2915 3235 3015 3290 καί
3073 3235 3321 3291 ἔσονται
3363 3238 3526 3304 αὐτῷ
3561 3241 3658 3305 εἰς

2063 3329 2238 3382 λαόν.

2147 3419 2552 3487 Ἐπίστρεψδον
2571 3415 2748 3487 ἡμᾶς,
2769 3421 2801 3472 ὀ
2823 3417 2966 3484 Θεὸς
2991 3419 3110 3474 τῶν
3128 3419 3436 3488 σωτηρίων
3459 3419 3656 3490 ἡμῶν.

2081 3507 2362 3562 Ἐντεῦθεν
2421 3509 2654 3562 ἱκετείαν
2710 3507 3018 3579 ἀναπέμπει
3089 3511 3155 3562 ὲκ
3210 3507 3503 3580 προσώπου
3555 3509 3654 3561 τοῦ

2073 3599 2198 3652 λαοῦ
2250 3599 2358 3653 τῶν
2421 3599 2712 3669 Ἰουδαίων,
2770 3600 3064 3667 ἀξιούντων
3099 3601 3192 3654 καὶ⁵
3242 3601 3437 3664 αὐτοὺς
3470 3603 3658 3672 τυχεῖν

2073 3695 2170 3764 τῆς
2207 3692 2446 3764 χάριτος.

2137 3785 2344 3849 Δεῖξον
2372 3783 2536 3854 ἡμῖν,
2564 3785 2762 3854 Κύριε,
2803 3783 2872 3838 τὸ
2929 3785 3103 3851 ἔλεός
3153 3803 3294 3841 σου,
3322 3785 3510 3858 Κύρου
3561 3787 3656 3838 τοῦ

2069 3877 2291 3948 Περσῶν
2353 3875 2785 3947 βασιλεύσαντος,
2823 3877 2963 3930 κατᾶ
2991 3876 3086 3948 τὴν
3125 3877 3218 3930 τοῦ
3261 3878 3482 3932 Ἡσαΐου
3517 3895 3658 3949 προ-

2069 3968 2324 4039 φητείαν,
2391 3967 2683 4031 δεδωκότος
2747 3967 2846 4038 τῆς
2901 3968 3163 4021 ἐπανόδου
3219 3969 3318 4041 τὴν
3383 3969 3654 4034 ἐξουσίαν,

2071 4061 2376 4129 ἐπείγονται
2399 4059 2498 4132 τὴν
2525 4059 2852 4128 ὲνεγκοῦσαν
2887 4059 3238 4123 καταλαϐεῖν.
3272 4061 3372 4113 Διὰ
3409 4061 3474 4132 δὴ
3497 4061 3658 4116 τοῦτο

2069 4153 2157 4204 τὸν
2187 4153 2322 4206 Θεὸν
2371 4152 2692 4219 ἱκετεύουσι,
2728 4155 2953 4224 ταχεῖαν
3001 4155 3186 4217 αὐτοῖς
3230 4154 3316 4206 διὰ
3352 4153 3658 4226 φιλανθρω-

2071 4245 2198 4308 πίας
2231 4248 2534 4316 παρασχεῖν
2573 4246 2866 4317 σωτηρίαν.
2923 4247 3184 4318 Τάχιστα,
3245 4247 3428 4318 φησὶν,
3479 4239 3524 4298 ὦ
3553 4246 3654 4299 Δέ-

2072 4355 2264 4402 σποτα,
2293 4337 2392 4409 τὴν
2425 4339 2522 4409 σὴν
2550 4340 2681 4408 ἡμῖν
2709 4339 3019 4410 ἀγαθότητα
3065 4339 3256 4406 δεῖξον,
3289 4339 3374 4392 ἵνα
3402 4339 3656 4408 τύχωμεν

2069 4429 2169 4501 τῆς
2202 4431 2300 4501 σῆς
2329 4431 2602 4502 σωτηρίας
2625 4431 2718 4484 καὶ
2739 4431 2840 4501 τῆς
2863 4431 3110 4486 ἐντεῦθεν
3141 4431 3479 4502 ἀπαλλαγῆς.
3497 4431 3655 4485 Οὕτω

2071 4520 2168 4590 τὴν
2201 4520 2430 4572 ἱκετείαν
2453 4519 2528 4584 ὡς
2550 4520 2610 4584 ἐξ
2634 4519 2856 4580 ἐκείνων
2884 4523 2912 4574 6
2935 4523 3218 4596 προφήτης
3249 4522 3654 4593 προσενεγκὼν,

2072 4611 2283 4682 δέχεται
2317 4609 2407 4664 τοῦ
2441 4611 2575 4664 Θεοῦ
2607 4613 2704 4682 τὴν
2725 4611 3015 4688 ἀπόκρισιν
3038 4613 3131 4666 καί
3156 4629 3336 4682 φησιν·
3377 4614 3656 4667 Ἀκούσα-

2065 4721 2171 4772 μαι
2197 4705 2253 4756 τί
2275 4702 2534 4770 λαλήσει
2586 4704 2656 4756 ἐν
2680 4703 2806 4772 ἐμοὶ
2852 4705 3066 4772 Κύριος
3099 4707 3132 4758 d
3157 4705 3318 4769 Θεός.
3357 4704 3656 4775 Παυσάμε-

2071 4811 2158 4856 νος
2191 4795 2220 4846 ὁ
2263 4793 2544 4865 προφήτης
2595 4795 2823 4859 ἱκεσίας,
2856 4795 2952 4866 τὴν
2999 4795 3151 4867 παρὰ
3211 4795 3304 4848 τοῦ
3335 4795 3656 4866 Πνεύματος

2071 4887 2358 4958 ἀπόκρισιν
2389 4888 2664 4958 ἐκδέχεται
2691 4889 2928 4942 σιωπῶν.

2143 4978 2316 5046 Πλὴν
2343 4979 2521 5048 ἐγγὺς
2553 4979 2670 5032 τῶν·
2720 4979 3103 5049 φοϐουμένων
3134 4981 3321 5036 αὐτὸν
3365 4979 3430 5034 τὸ
3463 4981 3652 5048 σωτή-

2065 5088 2202 5138 ριον
2254 5071 2462 5124 αὐτοῦ.
2507 5071 2891 5143 Ἐκδεχόμενος
2919 5075 2947 5126 6
2979 5074 3266 5146 προφήτης
3291 5073 3388 5144 τὴν
3421 5075 3653 5146 ἀπόκρι-

2076 5180 2179 5230 σιν,
2214 5165 2278 5234 ἢν
2305 5163 2609 5234 ἀκούσομαι
2635 5165 2762 5235 περὶ
2810 5163 2904 5217 τοῦ
2955 5165 3146 5234 γένους
3199 5183 3299 5236 μου
3349 5166 3502 5237 παρὰ
3560 5165 3648 5219 τοῦ

2073 5253 2231 5321 Θεοῦ,
2275 5257 2448 5308 ἐκεῖνο
2492 5255 2653 5323 ἔγνω,
2699 5255 2776 5320 ὼς
2819 5257 2982 5309 πᾶσιν
3027 5255 3246 5328 ’ἐτοιμος
3277 5257 3360 5328 εἴη
3399 5257 3650 5326 γενέσθαι

2075 5349 2259 5416 ἐγγὺς,
2291 5347 2344 5401 εί
2391 5366 2456 5418 γε
2484 5349 2576 5402 τὸν
2615 5348 2780 5402 αὐτοῦ
2835 5349 2998 5420 φόϐον
3052 5349 3398 5415 ἀσπάζοιντο·
3437 5351 3650 5422 συμϐή-

2077 5455 2226 5492 σεται
2271 5439 2326 5492 δὲ
2355 5443 2466 5504 τοῖς
2499 5441 2896 5512 ἀσπαζομένοις
2923 5441 2981 5494 τὸ
3027 5442 3086 5494 ὲν
3135 5441 3260 5515 δόξῃ
3287 5439 3648 5512 κακασκηνῶο

2079 5549 2186 5588 σαι.
2223 5531 2332 5587 Τοῦ
2380 5535 2844 5604 κατασκηνῶσαι
2890 5533 3078 5599 δόξαν
3108 5534 3178 5588 ἐν
3225 5533 3300 5604 τῇ
3333 5533 3412 5606 γῇ
3459 5533 3644 5604 ἡμῶν.
