3872 6216
193 371 297 387 ’-Ψ

192 390 298 425 διο

193 482 307 551 Τὴν
344 480 486 551 μετά
539 480 739 553 σαρκὸς
789 481 1097 553 οἰκονομίαν
1146 482 1240 537 τοῦ
1302 483 1640 552 Μονογενοῦς
1689 482 1770 536 διὰ

1891 487 2117 539 10miam
2157 484 2429 555 Unigeniti
2484 499 2607 538 cum
2651 496 2833 538 carne.
2867 481 3029 537 Facta
3066 482 3262 551 quippe
3294 484 3449 540 nobis

190 571 399 625 τούτων
435 572 708 642 σημαίνει.
759 572 948 641 Γέγονε
981 572 1090 645 γὰρ
1138 575 1271 644 ἡμῖν
1307 574 1459 645 παρά
1502 572 1596 626 τοῦ
1642 572 1770 626 Θεοῦ

1891 586 1962 630 est
1987 592 2016 629 a
2053 575 2163 630 Deo
2198 585 2251 630 et
2278 574 2437 628 Patre
2456 573 2666 643 justitia
2695 581 2749 627 et
2772 587 2876 642 pax
2906 582 2959 626 et
2992 572 3364 627 misericordia
3399 583 3452 625 et

192 666 289 719 καὶ
342 666 558 740 Πατρὸς
602 666 918 737 δικαιοσύνη
988 667 1083 719 καὶ
1114 668 1305 739 εἰρήνη
1365 668 1457 719 καὶ
1516 667 1662 729 ἕλεος
1686 666 1770 719 καῖ

1891 666 2100 720 veritas.
2128 664 2351 733 Nosque
2380 664 2667 718 miseratus
2692 663 2877 717 docuit
2908 662 3227 730 veritatem;
3256 663 3365 717 imo
3400 674 3452 718 et

1222 370 1589 428 EXPOSITIO
1627 369 1692 423 IN
1742 367 2071 427 PSALMUM
2112 369 2373 427 LXXXV.
3347 352 3471 420 δτι

191 758 443 829 ἀλήθεια.
501 759 758 829 Ἐλεήσας
792 760 848 813 δὲ
893 762 1042 831 ἡμᾶς
1099 761 1305 824 ἐδίδαξε
1354 761 1452 832 τὴν
1496 759 1773 831 ἀλήθειαν’

190 852 287 902 καὶ
318 850 427 921 μὴν
453 852 548 904 καὶ
573 851 815 915 δικαίους
871 852 1170 924 ἀπέφηνεν,
1214 851 1678 920 εἰρηνοποιήσας
1706 850 1778 904 τὰ

190 940 393 993 πάντα
420 940 490 995 ἐν
516 939 678 1007 αὐτῷ
724 941 797 995 τά
821 959 886 996 τε
914 943 983 997 ἐν
1032 941 1112 1008 τῷ
1145 941 1378 1012 οὐρανῷ
1420 943 1517 997 καὶ
1552 943 1624 997 τὰ
1677 941 1775 995 ἐπὶ

186 1026 303 1095 τῆς
334 1026 466 1096 Tric-

266 1122 484 1186 Ἔλεος
536 1120 636 1174 καὶ
665 1121 919 1187 ἀλήθεια
975 1120 1391 1190 συνήντησαν.
1448 1122 1643 1193 Σαφῶς
1676 1123 1776 1194 τὴν

184 1211 277 1265 διὰ
304 1212 403 1282 τῆς
428 1212 692 1266 Θεοτόκου
722 1214 815 1266 καὶ
856 1212 1238 1284 Ἀειπαρθένου
1293 1213 1648 1268 ἀνατείλασαν
1697 1214 1777 1283 τῷ

185 1303 383 1376 κόσμῳ
412 1305 672 1377 κηρύττει
720 1306 999 1378 ἀλήθειαν.
1032 1306 1203 1369 Αὐτὸς
1244 1306 1353 1376 γάρ
1399 1307 1547 1360 ἐστιν
1575 1308 1609 1378 ἡ
1639 1306 1774 1376 ἀλή-

184 1396 333 1460 θεια,
376 1400 424 1450 εί
461 1398 556 1452 κα)⁸
617 1398 908 1470 γεγένηται
968 1400 1033 1451 ἐκ
1089 1398 1369 1467 γυναικός.
1414 1400 1773 1465 Δικαιοσύνη

184 1488 299 1561 γὰρ
322 1489 421 1543 καὶ
452 1490 701 1559 ἀλήθεια
766 1491 1184 1560 κατεφίλησαν
1239 1489 1428 1559 σαφῶς
1456 1491 1546 1543 διά
1578 1489 1676 1560 τὴν
1709 1490 1774 1542 ἐκ

182 1582 287 1651 τῆς
331 1581 714 1654 Ἀειπαρθένου
745 1583 1007 1637 Θεοτόκου
1052 1581 1408 1636 ἀνατείλασαν
1457 1582 1534 1653 τῷ
1584 1582 1775 1654 κόσμῳ

184 1672 469 1744 ἀλήθειαν.

256 1765 371 1819 Καὶ
426 1765 782 1834 δικαιοσύνη
838 1765 907 1819 ἐκ
986 1766 1095 1821 τοῦ
1156 1764 1419 1834 οὐρανοῦ
1463 1763 1770 1833 διέκυψεν.

1875 757 2051 827 justos
2076 755 2307 810 reddidit
2338 770 2460 821 nos,
2486 755 2769 824 paciﬁcans
2808 754 2986 807 omnia
3026 754 3080 805 in
3127 755 3295 824 seipso
3332 770 3450 826 quae

1878 851 1933 902 in
1974 849 2099 902 calo
2129 857 2177 902 et
2200 864 2317 917 quae
2349 848 2405 901 in
2440 857 2575 901 terra
2596 846 2649 904 ”.

1876 1111 1913 1145 τ’
1955 1111 2043 1167 ll.
2086 1110 2452 1164 Misericordia
2485 1121 2532 1163 et
2579 1103 2773 1163 veritas
2811 1099 3141 1162 obviaverurﬁ
3190 1108 3311 1161 sibi.
3339 1106 3448 1162 Ve-

1876 1203 2092 1258 ritatem
2154 1218 2276 1273 qua:
2328 1218 2426 1270 per
2481 1201 2765 1271 Deiparam
2826 1210 2881 1255 et
2925 1216 3136 1269 semper
3176 1200 3449 1269 Virginem

1877 1296 2082 1349 mundo
2113 1302 2301 1350 exorta
2332 1303 2415 1350 est
2443 1303 2628 1363 aperte
2653 1292 2928 1362 praedicat.
2955 1291 3073 1361 Ipse
3106 1306 3340 1360 namque
3367 1300 3452 1346 est

1876 1388 2096 1454 veritas,
2126 1387 2341 1441 etiamsi
2372 1402 2436 1440 ex
2464 1385 2691 1440 muliere
2725 1392 2888 1438 natus
2926 1384 3015 1438 sit.
3042 1381 3265 1435 Justitia
3303 1382 3449 1437 enim

1874 1490 1923 1535 et
1958 1497 2063 1550 pax
2092 1496 2217 1534 vere
2265 1479 2517 1534 osculata;
2561 1487 2705 1545 sunt,
2739 1492 2836 1547 per
2857 1476 3137 1531 veritatem
3191 1476 3339 1529 illam
3385 1490 3451 1530 ex

1876 1570 2342 1643 sempequirgine
2367 1570 2596 1641 Deipara
2625 1568 2829 1623 mundo
2860 1568 3144 1623 orientem.

1948 1754 2036 1809 i2.
2080 1752 2146 1808 Et
2192 1754 2411 1824 justitia
2456 1753 2519 1806 de
2577 1751 2704 1805 caelo
2741 1750 3029 1820 prospexit.
3068 1748 3257 1803 Simile
3287 1758 3371 1804 est
3399 1748 3451 1802 id

186 1854 415 1926 Ὅμοιον
438 1855 501 1909 τὸ
534 1828 824 1928 εἰρημένον
886 1856 1025 1928 πρὸς
1060 1857 1160 1929 τὴν
1199 1828 1494 1927 ΙῘαρθένονο
1535 1828 1770 1925 Πνεῦμα

1891 1847 2021 1916 ιιιοό
2052 1846 2118 1900 ad
2145 1844 2423 1915 Virginem
2452 1844 2657 1899 dictum
2685 1842 2786 1897 fuit
2814 1861 2827 1896 :
2853 1840 3084 1912 Spiritus
3114 1850 3329 1895 sanctus
3355 1857 3449 1894 su-

182 1945 362 2016 ἇτιον
406 1947 799 2001 ἐπελεύσεται
824 1947 921 2000 ἐπὶ
957 1946 1051 2012 σὲ,
1079 1947 1174 2000 καὶ
1204 1947 1272 2000 τὰ
1316 1946 1464 2015 ἑξῆς.

259 2033 372 2089 Καὶ
412 2035 524 2103 γὰρ
563 2037 596 2089 ὁ
647 2036 862 2103 Κύριος
900 2034 1078 2088 δώσει
1130 2035 1526 2105 χρηστότητα.
1582 2035 1768 2095 Ὅταν,

182 2126 344 2195 φησὶ,
381 2124 505 2178 καθ’
551 2126 854 2197 ὑπερϐολὴν
912 2128 1279 2198 χρηστότητος
1328 2125 1610 2196 ἐπιλάμψῃ
1658 2128 1771 2187 τοῖς

180 2217 278 2270 ἐπὶ
311 2216 411 2287 τῆς
437 2217 539 2288 γῆς
572 2219 599 2268 ὁ
631 2216 855 2287 Κύριος,
888 2219 1009 2271 τότε
1054 2219 1148 2272 καὶ
1174 2221 1357 2290 ἡμεῖς,
1388 2219 1554 2291 νοητὴ
1594 2219 1770 2291 ὑπάρ-

181 2323 374 2376 χοντες
400 2306 494 2377 γῆ,
535 2307 662 2371 τοὺς
688 2309 1089 2378 πνευματικοὺς
1143 2310 1390 2380 καρποὺς
1420 2307 1770 2382 ἀποδώσομεν

177 2398 281 2469 τῆς
314 2398 678 2470 δικαιοσύνης.

252 2491 613 2559 Δικαιοσύνη
683 2490 940 2546 ἐνώπιον
1010 2492 1198 2547 αὑτοῦ
1274 2496 1767 2563 προπορεύσεται.

176 2581 391 2645 Εἰπὼν,
421 2582 496 2645 ὡς
522 2581 739 2653 δώσειή
770 2582 937 2652 νοητὴ
982 2582 1055 2652 γῆ
1111 2582 1202 2635 τὸν
1246 2584 1480 2654 καρπὸν,
1529 2584 1770 2639 διδάσκει

182 2675 300 2740 πῶς
323 2674 506 2729 δώσει.
534 2676 659 2738 Πῶς
687 2674 742 2727 δὲ
783 2674 964 2739 δώσει,
1017 2674 1050 2746 ἢ
1082 2676 1208 2729 ὅταν
1252 2676 1416 2729 αὐτοῦ
1455 2676 1549 2730 τοῦ
1602 2680 1769 2749 ἐργα-

182 2765 416 2837 ζομένου
466 2765 525 2818 τὸ
570 2763 774 2833 ἀγαθὸν
804 2765 835 2834 ἡ
866 2764 1209 2835 δικαιοσύνη,
1259 2766 1635 2837 προϐαδίσασα
1691 2769 1771 2831 εἰς

180 2860 278 2929 τὴν
301 2858 417 2913 ἄνω
442 2856 682 2927 ἄγουσαν
702 2857 839 2922 ὁδὸν,
856 2857 1157 2932 κατευθύνῃ
1182 2858 1275 2912 τοῦ
1299 2860 1467 2931 αὐτὴν
1484 2861 1772 2932 πορευομέ-

179 2967 273 3005 νου
303 2949 379 3004 τά
400 2949 555 3020 διαὸή
566 2966 740 3021 nam;

361 3041 677 3111 Προσευχὴ
726 3041 805 3108 τῷ
856 3041 1056 3095 Δαυΐδ.
1098 3042 1405 3095 ΨΑΑΜΟΣ
1453 3044 1591 3097 ΠΕ¹.

808 3137 1145 3201 ’Υπόθεσιςκ

1874 1939 2130 2007 perveniet
2166 1940 2220 1991 in
2249 1939 2372 2006 te”,
2407 1946 2512 1992 etc.

1952 2034 2039 2088 15.
2082 2032 2288 2105 Etenim
2314 2031 2569 2085 Dominus
2598 2028 2742 2082 dabit
2767 2026 3160 2097 benignitatem.
3187 2023 3344 2085 Cum,
3367 2023 3451 2075 in-

1873 2127 2011 2197 quit,
2062 2125 2132 2179 ob
2179 2140 2448 2180 summam
2484 2122 2896 2192 benignitatem,
2928 2133 3023 2173 eos
3056 2117 3150 2187 qui
3198 2115 3251 2168 in
3303 2124 3448 2169 terra

1873 2228 1999 2273 sunt
2038 2216 2429 2272 illuminaverit
2477 2214 2739 2268 Dominus
2765 2255 2780 2279 ,
2815 2222 2945 2266 tunc
2978 2217 3031 2266 et
3054 2225 3153 2264 nos
3179 2208 3273 2278 qui
3306 2217 3449 2262 terra

1873 2326 2066 2366 sumus
2095 2308 2417 2381 spiritualis,
2447 2307 2759 2378 spirituales
2795 2304 3023 2375 iustitiae
3049 2301 3263 2357 fructus
3290 2301 3448 2354 dabi-

1871 2419 2016 2458 mus.

1942 2496 2030 2550 M.
2064 2494 2291 2548 Iustitia
2341 2502 2461 2547 ante
2523 2508 2642 2545 eum
2694 2488 3007 2543 ambulabit.
3053 2486 3188 2542 Cum
3224 2484 3451 2539 dixisset

1870 2587 2207 2658 spiritualem
2266 2596 2465 2640 terram
2520 2584 2769 2639 daturam
2822 2596 2943 2636 esse
2972 2579 3209 2634 fructum
3262 2590 3447 2653 suum,

1866 2682 1977 2751 jam
2014 2678 2173 2732 docet
2219 2692 2328 2747 quo
2379 2684 2538 2745 pacto
2590 2675 2785 2729 datura
2822 2673 2912 2728 sit.
2952 2670 3238 2737 Quomodo
3274 2669 3445 2726 dabit.

1871 2773 1974 2827 nisi
2030 2787 2152 2825 cum
2206 2769 2419 2839 justitia
2468 2766 2892 2838 prmambulans,
2924 2781 3147 2837 gressus
3198 2766 3318 2835 ejus
3353 2764 3449 2835 qui

1871 2873 2131 2934 operatur
2170 2863 2371 2917 bonum
2401 2869 2455 2915 et
2489 2860 2690 2914 incedit
2721 2860 2775 2913 in
2804 2859 2886 2913 via
2918 2873 3039 2927 quae
3076 2872 3295 2912 sursum
3331 2864 3450 2911 ten-

1870 2959 1970 3026 dit,
2005 2958 2058 3011 in
2091 2956 2208 3025 ipsa
2237 2955 2326 3009 via
2359 2951 2657 3008 direxerit?
3073 3024 3077 3029 _

2035 3049 2221 3106 Oratio
2248 3049 2350 3117 ipsi
2389 3046 2583 3100 David.
2622 3041 2966 3099 PSALHUS
3004 3038 3286 3094 LXXXV.

2458 3140 2863 3210 Argumentum.

180 3224 477 3289 OmnoOat;
509 3224 599 3279 διὰ
619 3225 714 3279 τοῦ
753 3226 1071 3296 Πνεύματος
1098 3195 1165 3279 τὰ
1190 3226 1318 3296 περὶ
1347 3225 1447 3296 τῆς
1468 3226 1770 3297 παρουσίας

1891 3231 2009 3287 lum
2044 3246 2138 3300 per
2172 3229 2435 3301 Spiritum
2471 3195 2812 3282 illuminatus
2836 3234 3022 3281 nosset
3059 3224 3253 3278 beatus
3280 3219 3451 3275 David

250 3316 348 3372 τοῦ
395 3316 737 3386 Μονογενοῦς
781 3319 810 3371 ὁ
837 3317 1105 3389 μακάριος
1145 3316 1327 3382 Δαυῒδ,
1386 3318 1479 3373 καὶ
1528 3317 1627 3389 τὴν
1656 3319 1772 3371 ἐσο-

250 3408 422 3480 μένην
478 3408 642 3462 παντὶ
701 3407 781 3480 τῷ
834 3407 1230 3478 καταφεύγοντι
1282 3408 1422 3480 πρὸς
1476 3409 1637 3462 αὐτὸν
1665 3409 1771 3462 τῶν

247 3500 665 3571 ἁμαρτημάτων
701 3500 918 3571 ἄφεσιν,
974 3501 1197 3565 εἰκότως
1244 3500 1560 3573 ἀναπέμπει
1603 3517 1772 3574 προσ-

248 3592 445 3664 ευχὴν,
500 3593 595 3646 ἕνα
639 3592 735 3646 καὶ
777 3591 941 3646 αὑτὸν
978 3592 1147 3657 ἀξιῶν
1191 3593 1482 3665 εὑρεθῆναι
1524 3594 1635 3647 τῶν
1670 3612 1773 3648 σω-

252 3684 499 3756 ζομένων
527 3685 616 3740 διὰ
646 3685 747 3757 τῆς
783 3686 1026 3757 χάριτος.

252 3777 502 3839 Κλῖνον,
551 3778 750 3845 Κύριε,
796 3778 864 3831 τὸ
916 3773 1027 3843 οὖς
1092 3792 1207 3831 σου
1270 3776 1371 3830 καὶ
1424 3776 1773 3832 ἐπάκουσον

177 3886 317 3940 μου.
354 3869 519 3937 Μέγα
560 3870 671 3940 γὰρ
701 3870 777 3933 ὡς
805 3868 1020 3939 ἀληθῶς
1054 3868 1264 3938 ἐφόδιον
1288 3868 1424 3940 πρὸς
1451 3869 1512 3922 τὸ
1546 3869 1772 3940 εὐχόμε-

181 3977 273 4014 νον
306 3960 679 4014 ἐπακούεσθαι
725 3960 760 4031 ἡ
812 3959 1302 4032 ταπεινοφροσύνη.
1352 3960 1479 4013 Ὀτι
1537 3960 1772 4030 πτωχὸς

181 4053 281 4107 καὶ
307 4051 503 4122 πένης
536 4051 654 4122 εἰμὶ
683 4052 815 4122 ἐγώ.
846 4053 1434 4123 Ταπεινοφρονήματος
1464 4052 1564 4122 τῆς
1600 4070 1773 4122 προσ-

178 4145 350 4216 ευχῆς
403 4145 467 4198 τὸ
528 4145 831 4217 προοίμιον.
892 4146 1005 4215 Τῆς
1051 4144 1160 4216 γὰρ
1224 4145 1568 4215 δικαιοσύνης
1607 4146 1771 4215 ἄμφω

175 4235 516 4308 κεκτημένοι
544 4235 635 4289 τὸν
666 4234 915 4300 πλοῦτον,
956 4237 1064 4289 ὅτε
1116 4234 1279 4290 Δαυῒδ
1320 4237 1416 4289 καὶ
1449 4239 1477 4289 ὁ
1523 4236 1771 4301 Ἐζεκίας

177 4326 318 4396 πρὸς
347 4325 538 4379 τοῦτον
575 4326 673 4396 μὲν
700 4327 801 4397 οὐχ
824 4325 1032 4397 ἐώρων,
1085 4328 1163 4389 εἰς
1208 4327 1265 4379 δὲ
1296 4328 1394 4398 τὴν
1419 4328 1518 4398 τῆς
1556 4326 1768 4396 φύσεως

179 4417 375 4470 ⁴πενίαν
398 4416 730 4482 ἀπέϐλεπον,
749 4418 955 4471 καὶτὸν
970 4417 1102 4470 Θεὸν
1132 4418 1383 4490 ὴντιϐόλη
1393 4436 1489 4471 σαν
1509 4419 1770 4489 οἰκτεῖραι

1943 3339 2063 3393 quae
2107 3323 2400 3378 adventum
2431 3319 2705 3390 Unigeniti
2738 3318 3077 3388 spectabant,
3110 3326 3269 3386 atque
3299 3315 3450 3369 futu-

1943 3430 2061 3469 ram
2110 3413 2366 3467 omnibus
2415 3410 2511 3482 qui
2562 3411 2629 3465 ad
2662 3426 2787 3466 eum
2822 3408 3178 3479 confugerent
3209 3415 3455 3475 peccato-

1946 3522 2067 3559 rum
2105 3504 2510 3569 rcmissionem,
2535 3503 2659 3573 jure
2688 3502 2993 3557 orationem
3043 3500 3219 3566 otl‘ert,
3250 3513 3451 3569 rogans

1943 3607 2003 3651 ut
2040 3598 2155 3667 ipse
2184 3612 2329 3651 unus
2363 3610 2484 3651 esse
2510 3594 2950 3664 deprehendatur
2994 3608 3185 3647 eorum
3231 3592 3323 3661 qui
3357 3606 3452 3661 per

1943 3689 2174 3760 gratiam
2208 3689 2439 3743 salutem
2472 3696 2902 3756 consequuntur.

1944 3781 1994 3835 1.
2041 3779 2269 3843 Inclina,
2316 3779 2561 3845 Domine,
2604 3794 2787 3831 aurem
2826 3786 2992 3842 tuam,
3022 3786 3071 3829 et
3116 3772 3311 3828 exaudi
3350 3789 3448 3826 me.

1872 3873 2189 3944 Opportuna
2216 3887 2348 3927 sane
2377 3871 2461 3924 via
2493 3880 2553 3925 ut
2587 3870 2712 3940 quis
2742 3868 3088 3933 exaudiatur,
3118 3874 3202 3922 est
3229 3864 3451 3920 b-umili-

1872 3975 1974 4019 tas.
2004 3963 2273 4028 Quoniam
2306 3962 2455 4027 inops
2486 3968 2536 4013 et
2570 3974 2771 4028 pauper
2810 3974 2926 4011 sum
2951 3973 3064 4027 ego.
3122 3955 3235 4026 (58)
3263 3953 3455 4007 Humi-

1872 4058 2040 4112 litatis
2074 4064 2157 4111 est
2182 4054 2510 4126 procemium
2539 4052 2592 4105 in
2622 4048 2883 4106 oratione.
2917 4046 3052 4101 Nam
3082 4046 3310 4117 iustitia:
3334 4062 3454 4101 am-

1871 4150 1941 4205 bo
1991 4149 2211 4203 divitias
2257 4146 2599 4218 possidentes
2655 4143 2823 4198 David
2866 4152 3029 4212 atque
3068 4139 3352 4205 Ezechias,
3383 4140 3453 4195 ad

1872 4259 1965 4298 eas
2013 4258 2122 4297 non
2166 4241 2551 4311 respiciebant,
2593 4238 2689 4293 sed
2737 4247 2945 4291 naturae
2972 4234 3211 4304 inopiam
3240 4242 3453 4304 specta-

1870 4336 2022 4399 bant,
2059 4344 2112 4389 et
2146 4333 2258 4388 Deo
2285 4332 2665 4402 supplicabant
2694 4340 2755 4384 ut
2787 4346 2907 4384 eam
2956 4336 3274 4399 paupertate
3318 4326 3451 4381 atie—

1872 4437 2017 4483 ctam
2060 4426 2437 4482 miseraretur.
2482 4423 2614 4477 Illud
2652 4431 2830 4475 autem
2871 4418 3150 4487 :Inclina,
3201 4418 3451 4483 Domine,

175 4509 386 4581 ταύτην
437 4509 679 4581 πτωχείᾳ
732 4510 1184 4580 συνεξευγμένην.
1252 4512 1325 4564 Τὸ
1389 4512 1487 4575 δὲ,
1523 4511 1765 4576 Κλῖνον,

1891 4538 2053 4575 iurem
2096 4530 2263 4583 tuam,
2293 4535 2361 4575 ex
2396 4516 2713 4587 metaphora
2749 4515 2984 4584 positum
3033 4520 3136 4579 est,
3186 4513 3344 4583 quasi
3383 4529 3457 4567 ex

176 4603 378 4669 Κύριε,
412 4600 481 4652 τὸ
508 4595 617 4665 οὖς
644 4613 782 4662 σου,
840 4601 905 4653 ἐκ
949 4602 1259 4672 μεταφορᾶς
1308 4602 1549 4654 τέθεικεν
1583 4600 1765 4672 ἀρρώ-

177 4711 309 4747 στου
341 4692 487 4755 τινὸς
521 4692 627 4745 ὑπὸ
652 4692 934 4756 ἀσθενείας
962 4695 1331 4765 γεγωνότερον
1362 4695 1423 4746 οὐ
1466 4693 1763 4763 δυναμένου

174 4784 383 4848 λαλεῖν,
417 4783 513 4836 καὶ
558 4783 650 4836 τὸν
679 4782 863 4855 ἰατρὸν
898 4783 1243 4855 προσκλίνειν
1303 4782 1381 4854 τῷ
1409 4784 1639 4854 στόματι
1665 4783 1766 4854 τὴν

175 4876 353 4946 ἀκοὴν
381 4872 803 4943 ἀναγκάζοντος.

246 4965 536 5029 Φύλαξον
594 4965 709 5033 τὴν
755 4966 966 5035 ψυχήν
1024 4984 1173 5035 μου,
1233 4965 1322 5019 ὅτι
1392 4964 1562 5031 ὅσιός
1627 4968 1762 5035 ειμι.

186 5057 307 5124 Ἀφ’
340 5048 415 5108 ὧν
446 5054 807 5125 κατώρθωσεν
835 5054 1055 5123 ἀγαθῶν
1100 5055 1506 5127 ὲπακουσθῆναι
1541 5056 1761 5122 ἐξαιτεῖ.

174 5144 393 5199 Σώσον
432 5144 540 5197 τὸν
564 5144 791 5199 δοῦλόν
820 5160 958 5209 σου,
1004 5146 1036 5197 ό
1076 5146 1220 5210 Θεός
1270 5163 1421 5213 μου,
1462 5145 1568 5198 τὸν
1597 5146 1768 5200 ἐλπί-

174 5235 354 5296 ζοντα
397 5233 498 5287 ἐπὶ
538 5234 661 5288 σοί.
706 5234 925 5305 Ἐπειδὴ
965 5235 1109 5288 ὅσιον
1153 5234 1345 5288 ἐαυτὸν
1378 5235 1763 5307 ἀνηγόρευσεν,

173 5327 269 5380 ἐπὶ
302 5327 367 5379 τὸ
388 5327 642 5381 ταπεινὸν
686 5326 847 5380 πάλιν
895 5325 1194 5397 καταφέρει
1228 5326 1321 5379 τὸν
1368 5325 1542 5394 λόγον,
1584 5327 1765 5382 δοῦλον

175 5417 371 5469 ἑαυτὸν
403 5417 857 5488 ἀπογραφόμενος
885 5417 978 5471 τοῦ
1009 5416 1165 5480 Θεοῦ,
1193 5417 1288 5469 καὶ
1327 5416 1413 5469 ἐπ’
1441 5417 1589 5488 αὐτῷ
1622 5420 1765 5488 μόνῳ

174 5508 275 5579 τὴν
306 5507 501 5562 ἐλπίδα
528 5508 628 5580 τῆς
652 5509 929 5581 σωτηρίας
961 5508 1104 5580 ἔχειν
1132 5508 1618 5581 ἐπαγγειλάμενος.

216 5661 262 5694 ⁸³
299 5660 514 5717 Coloss.
545 5679 584 5729 ι,
617 5662 707 5716 20.
787 5662 827 5693 ⁸⁸
866 5661 999 5719 Luc.
1031 5680 1070 5729 ι,
1104 5664 1192 5718 54.

1873 4610 2185 4666 inﬁrmitate
2232 4625 2338 4665 non
2392 4609 2566 4678 possit
2609 4608 2775 4661 altius
2808 4607 3066 4671 clamare,
3097 4614 3150 4661 et
3177 4606 3453 4667 medicum

1874 4711 2030 4771 cogat
2061 4709 2119 4755 ut
2151 4716 2310 4755 aures
2336 4701 2415 4755 ori
2447 4700 2752 4754 admoveat.

1940 4962 1989 5014 2.
2036 4962 2257 5015 Custodi
2289 4963 2523 5013 animum
2564 4977 2752 5027 meam,
2785 4963 3037 5031 quoniam
3067 4973 3279 5016 sanctus
3309 4978 3447 5017 sum.

1869 5052 1949 5107 Ob
1980 5053 2122 5106 bona
2148 5068 2314 5122 Opera
2341 5068 2463 5122 quae
2490 5052 2659 5106 edidit
2687 5054 2928 5122 postulat
2953 5056 3199 5109 exaudiri
3229 5053 3451 5109 se.Sal-

1869 5160 1988 5196 vum
2020 5144 2106 5211 fac
2139 5159 2343 5197 servum
2388 5154 2556 5210 tuum,
2586 5142 2727 5197 Deus
2762 5160 2928 5209 meus,
2971 5154 3266 5213 sperantem
3297 5144 3352 5196 in
3382 5134 3480 5219 ταί

1870 5232 2163 5303 Postquam
2214 5249 2273 5288 se
2311 5245 2559 5289 sanctum
2612 5249 2733 5289 esse
2779 5235 2935 5300 dixit,
2967 5236 3034 5289 ad
3087 5234 3448 5288 humilitatem

1873 5340 2092 5380 rursum
2134 5340 2443 5379 sermonem
2473 5326 2759 5392 convertit,
2796 5341 3014 5381 servum
3054 5340 3175 5379 sese
3221 5323 3453 5378 Domino

1872 5418 2173 5481 ascribens,
2206 5426 2373 5486 atque
2404 5433 2554 5488 spem
2589 5418 2781 5474 salutis
2818 5418 2875 5472 in
2918 5417 3069 5472 illum
3100 5424 3313 5471 tantum
3352 5415 3448 5469 lia-

1872 5511 2001 5565 bere
2026 5525 2084 5565 se
2112 5509 2433 5567 testiﬁcatus

252 5777 366 5850 (38)
407 5776 589 5833 Locus
632 5787 938 5851 suspectus,
970 5788 1052 5836 est
1098 5780 1153 5836 in
1198 5792 1305 5835 uno
1336 5786 1543 5836 tantum
1574 5782 1759 5840 codice
1795 5781 2018 5840 nomine
2040 5779 2348 5837 Athanasii.
