3872 6216
401 272 503 329 375

403 477 672 534 Doccmur
695 478 865 541 hisce,
896 492 1020 532 eum
1041 477 1134 548 qui
1159 493 1188 532 a
1217 475 1327 532 Deo
1353 476 1631 547 quidpiam
1663 477 1790 530 boni
1831 477 1974 531 acci-

403 586 532 640 pere
560 571 813 634 voluerit,
848 569 1045 624 debere
1090 569 1431 626 incessanter
1465 570 1518 624 in
1563 569 1818 640 precibus
1849 585 1975 624 ver-

405 663 538 717 sari.

475 753 528 808 5.
572 751 833 818 Quoniam
866 762 944 819 tu,
970 752 1213 818 Domine,
1233 753 1410 807 suavis
1435 763 1483 807 et
1511 755 1675 807 mitis.
1695 752 1859 807 Docet
1879 767 1975 807 eos

405 845 498 915 qui
530 847 594 899 ad
625 845 791 899 Deum
815 845 1102 910 accedunt,
1123 853 1272 899 utne
1299 845 1446 900 anxii
1479 846 1608 905 sint,
1629 846 1672 899 si
1701 845 1842 899 dona
1865 854 1978 897 tan.

406 935 572 1004 tisper
592 935 822 989 differat.
851 935 967 989 Erit
995 937 1194 1005 quippe
1225 936 1332 991 illis
1366 937 1655 1005 propitius,
1676 945 1862 1006 utpote
1882 934 1974 1006 qui

403 1036 722 1082 mansuetus
754 1025 825 1082 sit
855 1035 911 1081 et
940 1026 1092 1081 dives
1124 1026 1177 1080 in
1211 1026 1606 1082 misericordia.

474 1201 527 1256 8.
570 1201 694 1256 Non
723 1213 800 1258 est
828 1204 1020 1258 similis
1066 1205 1144 1257 tui
1184 1205 1239 1256 in
1266 1204 1392 1270 diis,
1429 1203 1668 1258 Domine.
1710 1202 1848 1258 Deos
1877 1217 1976 1256 vo-

404 1303 491 1348 cat
543 1304 762 1349 sanctos
798 1295 1091 1364 pi-Opbetas
1138 1295 1205 1351 ad
1254 1311 1394 1366 quos
1442 1311 1621 1350 sermo
1653 1294 1866 1348 Domini
1897 1295 1978 1349 la-

403 1395 544 1441 ctus.
573 1387 664 1444 Ait
690 1396 868 1442 autem
900 1388 1170 1442 neminem
1199 1389 1584 1458 prophetarum
1623 1389 1866 1457 potuisse
1907 1387 1975 1441 li-

403 1476 596 1533 berare
639 1479 890 1532 homines
923 1493 953 1532 a
982 1487 1228 1547 peccato,
1273 1481 1378 1535 nisi
1435 1480 1611 1534 solum
1660 1479 1974 1543 Dominum,

399 1567 557 1636 juxta
599 1567 652 1621 id
691 1568 837 1637 quod
881 1568 1012 1624 alibi
1055 1570 1262 1624 dictum
1291 1579 1416 1624 est:
1456 1569 1578 1622 Non
1621 1570 1844 1640 legatus,
1872 1585 1976 1623 non

406 1658 642 1728 angelus,
675 1659 765 1712 sed
797 1660 903 1728 ipse
934 1659 1193 1715 Dominus
1221 1661 1444 1716 salvavit
1479 1678 1572 1716 nos
1592 1661 1655 1714 ”.

477 1835 562 1891 11.
603 1833 833 1889 Laetetur
858 1851 948 1888 cor
980 1853 1151 1889 meum
1177 1846 1234 1892 ut
1259 1839 1439 1892 timeat
1473 1855 1660 1892 nomen
1685 1837 1975 1905 tuum.Qui

400 1927 599 1998 pietate
649 1942 777 1999 erga
827 1929 996 1983 Deum
1049 1931 1352 2000 instructus
1385 1940 1488 1994 est,
1525 1931 1823 2000 legitimum
1855 1934 1977 1986 vita:

401 2021 710 2082 inStitutum
752 2025 1116 2091 amplectitur.
1147 2023 1469 2088 Huiusmodi
1498 2032 1679 2078 autem
1725 2025 1833 2080 vita
1862 2038 1976 2076 ma-

401 2123 485 2167 ter
529 2122 614 2168 est
662 2115 880 2170 ltetitiaa.
909 2116 1100 2170 Merito
1151 2117 1336 2187 itaque
1375 2115 1643 2185 PrOpheta
1693 2115 1878 2170 divino
1917 2113 1979 2170 ti-

403 2219 556 2258 more
602 2219 699 2259 cor
751 2221 910 2260 suum
958 2206 1220 2262 laetiﬁcari
1271 2221 1430 2276 posse
1460 2206 1684 2275 putavit.
1721 2204 1798 2259 Ita
1831 2205 1976 2258 enim

403 2294 530 2348 alibi
569 2309 788 2365 quoque
813 2297 888 2350 ait
909 2296 952 2327 “
982 2315 995 2351 :
1032 2297 1269 2352 Laetetur
1297 2313 1388 2350 cor
1419 2297 1766 2366 quaerentium
1795 2295 1979 2349 Domi-

402 2402 547 2452 num,
570 2395 626 2442 ct
652 2388 902 2442 iterum"
931 2403 944 2442 :
975 2388 1176 2444 Memor
1197 2390 1279 2459 fui
1311 2388 1428 2454 Dei,
1447 2401 1494 2443 et
1526 2388 1813 2444 delectatus
1837 2403 1974 2442 sum.

475 2562 872 2632 l2.Con/itebor
895 2563 1011 2629 tibi,
1033 2562 1252 2616 Domine
1279 2561 1418 2615 Deus
1437 2577 1602 2625 meus,
1629 2561 1681 2612 in
1702 2567 1804 2612 tote
1825 2558 1979 2611 corde

403 2673 536 2710 meo.
597 2655 801 2710 Mutata
828 2666 1053 2725 repente
1078 2657 1324 2710 oratione
1355 2655 1410 2708 in
1441 2653 1844 2710 confessionem
1865 2691 1881 2717 ,
1915 2666 1979 2705 eo

403 2748 546 2818 quod
583 2748 850 2802 liberatus
881 2746 1047 2800 fuerit
1075 2746 1144 2800 ab
1169 2745 1385 2800 inferno
1407 2785 1422 2811 ,
1474 2759 1698 2799 causam
1733 2743 1981 2798 enuntiat

403 2856 503 2895 cur
532 2839 862 2909 peccaverit,
896 2838 1129 2893 insidias
1159 2837 1456 2892 multorum
1487 2845 1653 2906 atque
1677 2836 1978 2905 potentium

403 2945 845 2986 commemorans
870 2971 884 2994 ,
923 2929 1102 2999 iisque
1132 2928 1465 2984 adumbrans
1494 2927 1796 2983 invisibiles
1824 2937 1979 2997 pote-

403 3033 597 3092 states,
624 3039 747 3093 quae
774 3022 947 3077 Deum
979 3030 1103 3076 ante
1137 3021 1331 3076 oculos
1362 3035 1470 3075 non
1504 3021 1866 3074 constituunt.
1898 3018 1976 3074 Tu

404 3125 612 3181 autem,
646 3113 899 3181 Domine,
934 3114 1030 3178 ait,
1063 3112 1390 3168 concessisti
1419 3126 1484 3167 ca
1509 3127 1630 3181 quae
1657 3112 1882 3165 minime
1905 3111 1976 3165 illi

405 3206 813 3277 exspectabant,
838 3214 930 3259 tua
958 3204 1245 3259 clementia
1271 3203 1510 3258 liberans
1539 3203 1776 3256 animam
1804 3218 1980 3257 meam

407 3313 473 3352 ex
524 3296 740 3351 inferno
799 3295 1070 3352 inferiori.
1138 3295 1264 3351 Haec
1324 3304 1505 3350 autem
1553 3295 1685 3350 dicit
1729 3295 1981 3349 Christus

408 3370 718 3452 astantibus
749 3389 971 3460 regibus
1019 3398 1178 3446 terra
1209 3397 1264 3444 et
1296 3389 1635 3460 principibus
1675 3389 1880 3445 coactis
1927 3389 1982 3443 in

409 3499 579 3537 unum
611 3493 806 3539 contra
840 3483 1044 3552 ipsum.

484 3576 569 3629 15.
639 3574 778 3640 Quia
834 3576 1204 3630 misericordia
1235 3586 1330 3632 tua
1359 3593 1549 3647 magna
1579 3587 1654 3631 est
1692 3593 1848 3647 super
1881 3593 1980 3631 me.

409 3667 578 3733 Quasi
633 3669 748 3738 jam
782 3679 1115 3725 consecutus
1162 3671 1308 3740 quod
1365 3671 1616 3740 precibus
1667 3671 1980 3742 postulavit,

410 3776 668 3831 magnam
703 3760 798 3816 Dei
833 3755 1270 3835 misericordiam
1305 3778 1364 3817 se
1399 3763 1452 3817 in
1505 3765 1699 3818 sarcula
1732 3765 1984 3818 laudatu-

408 3869 533 3906 rum
563 3854 661 3919 ait,
715 3854 844 3925 quia
879 3870 1072 3911 eorum
1106 3855 1318 3910 animas
1352 3856 1418 3911 de
1445 3872 1614 3912 manu
1649 3855 1807 3911 inferi
1847 3856 1983 3911 libe-

409 3944 570 3999 ravit.

486 4036 571 4091 14.
611 4036 794 4102 Deus,
852 4039 1023 4108 iniqui
1077 4038 1479 4094 insurrexerunt
1529 4056 1683 4108 super
1733 4057 1831 4094 me.
1892 4039 1987 4096 llis

409 4129 652 4184 ostendit
710 4145 769 4186 se
829 4129 884 4188 in
946 4141 1230 4200 peccatum
1280 4131 1414 4185 illud
1467 4132 1746 4201 delapsum
1798 4133 1984 4188 fuisse.

410 4221 702 4287 Quomodo
731 4230 910 4274 autem
928 4214 947 4283 ’,
974 4222 1076 4276 nisi
1110 4224 1240 4292 quia
1275 4239 1549 4295 synagoga
1593 4214 1990 4294 quaedam'ma-

411 4313 682 4381 lignorum
707 4313 1001 4382 spirituum
1032 4315 1352 4381 insui-rexit,
1383 4323 1440 4369 et
1468 4317 1834 4387 supplantavit
1864 4333 1989 4373 eum

413 4419 483 4457 ne
515 4403 733 4459 virtutis
766 4421 987 4464 cursum
1030 4408 1278 4463 teneret?

486 4495 574 4560 15,
610 4495 697 4550 16.
736 4496 801 4549 Et
830 4508 885 4551 tu
908 4538 922 4562 ,
955 4497 1177 4553 Domine
1212 4499 1353 4556 Deus
1388 4517 1555 4566 meus,
1602 4504 1916 4568 miserator,
1948 4513 1996 4558 et

416 4587 716 4642 misericors
741 4630 756 4654 ,
791 4575 896 4667 etc.
935 4589 1201 4658 Etiamsi,
1243 4593 1457 4664 inquit,
1496 4595 1905 4666 insurgentibus
1941 4599 2034 4667 in,

415 4693 504 4757 [ne
534 4663 1130 4760 malignis'spiritilms,
1162 4685 1216 4738 in
1251 4696 1535 4755 peceatum
1569 4688 1811 4757 dejectus
1850 4705 1995 4754 sum,

416 4784 482 4822 ac
514 4785 610 4838 per
643 4771 777 4826 illud
813 4774 866 4827 in
903 4775 1176 4829 infernum
1214 4780 1365 4832 illum
1413 4779 1750 4844 inferiorem,
1818 4782 1910 4836 sed
1941 4791 1996 4835 tu

416 4859 535 4929 ipse
555 4901 571 4926 ,
608 4861 836 4918 Domine
857 4907 872 4930 ,
906 4875 1026 4921 tuas
1057 4869 1180 4924 illas
1212 4871 1590 4927 miserationes
1622 4873 1674 4924 in
1706 4888 1792 4926 me
1821 4872 1997 4928 ellua-

418 4950 556 5005 dens
587 4952 829 5009 liberasti
857 4958 1096 5013 animam
1136 4977 1348 5025 meam;
1384 4979 1554 5032 quare
1583 4979 1803 5018 rursum
1838 4965 2000 5019 mise-

419 5044 713 5099 ricordiam
741 5049 978 5116 postulo.
1014 5049 1205 5108 Veniet
1224 5062 1404 5109 autem
1437 5056 1572 5110 mihi
1596 5055 1992 5122 misericordia,

417 5149 543 5193 eum
573 5153 658 5191 me
688 5141 968 5208 respicias.

495 5228 580 5284 17.
617 5228 731 5284 Fac
767 5249 969 5287 mecum
997 5236 1210 5304 signum
1243 5238 1297 5291 in
1327 5237 1541 5294 bonum.
1597 5237 1751 5296 Sicut
1777 5241 1908 5296 olim
1945 5243 2000 5296 in

420 5317 659 5393 IEgypto
694 5325 822 5380 tiliis
857 5324 1024 5382 Israel
1059 5326 1275 5398 signum
1300 5330 1449 5385 dedit
1481 5329 1766 5398 Dominus,
1801 5340 1861 5386 ut
1891 5347 2001 5386 non

424 5411 863 5479 laederenturﬁb
905 5419 1359 5484 exterminatore;
1413 5421 1485 5476 ita
1529 5430 1586 5476 et
1630 5422 1733 5476 sibi
1783 5421 1998 5491 signum

509 5676 552 5714 ’³
578 5684 683 5744 lsa.
719 5705 913 5750 xxxiii.
947 5693 1000 5750 2.
1082 5695 1124 5727 ¹⁸
1165 5691 1308 5749 Psal.
1344 5708 1450 5754 ειν.
1482 5692 1532 5746 3.

1205 269 1262 324 S.
1302 267 1676 324 ATHANASII
1717 267 1867 324 OPP.
1909 267 2088 322 PARS
2127 267 2216 323 lll.
2259 298 2329 314 —-.
2364 265 2778 322 EXEGETICA.

471 377 525 442 3.
567 386 814 441 Miser-ere
839 386 962 452 mei,
992 385 1234 453 Domine,
1260 387 1511 457 quoniam
1543 387 1610 439 ad
1639 395 1686 439 te
1710 386 1970 440 clamabo.
2002 391 2049 446 Α

3544 260 3666 316 ὅῖϐ

2159 384 2452 452 Ἐλέησόν
2497 399 2595 453 με,
2626 382 2824 449 Κύριε,
2851 380 2940 433 ὅτι
2987 377 3136 449 πρὸς
3161 376 3235 430 σὲ
3265 375 3664 444 κεκράξομαι·

2075 477 2322 530 Διδάσκει
2353 477 2498 546 ἡμᾶς
2532 477 2560 526 ὁ
2596 475 2772 541 λόγος,
2816 472 2890 536 ὡς
2945 471 3035 524 τὸν
3074 467 3396 539 βουλόμενόν
3424 485 3477 520 τι
3500 466 3668 537 παρὰ

2074 566 2167 618 τοῦ
2193 566 2325 618 Θεοῦ
2343 565 2525 619 λαϐεῖν
2547 565 2772 632 ἀγαθὸν,
2795 562 3134 619 ἀδιάλειπτον
3155 561 3234 613 δεῖ
3248 555 3458 612 εἷναιέν
3485 574 3669 629 προσ-

2075 659 2281 725 ευχαῖς.

2149 749 2272 800 Ὅτι
2297 747 2397 811 σὺ,
2431 748 2624 814 Κύριε,
2648 746 2914 814 χρηστὸς
2942 742 3037 796 καὶ
3076 737 3362 804 ἐπιεικής.
3397 738 3668 791 Διδάσκει

2073 836 2198 898 τοὺς
2221 835 2688 908 προσερχομένους
2721 833 2838 903 Θεῷ
2889 832 2962 904 μὴ
3014 833 3258 902 ἁκηδιᾷν,
3286 832 3334 882 εί
3372 831 3468 881 καὶ
3515 830 3668 899 πρὸς

2075 927 2253 994 ὀλίγον
2305 929 2403 997 τὴν
2453 929 2596 981 δόσιν
2647 925 3025 979 ἀναϐάλλεται.
3059 923 3383 994 ’Ἑσταιγάρ
3428 921 3667 983 πάντως

2075 1020 2257 1082 αὐτοῖς
2291 1020 2543 1088 ἐπήκοος,
2594 1017 2689 1071 ἅτε
2737 1015 2972 1088 χρηστὸς
3011 1014 3086 1068 ὢν
3135 1016 3230 1068 καὶ
3261 1013 3394 1067 πολὺ
3423 1013 3546 1064 λίαν
3573 1014 3667 1074 εἰς

2075 1111 2222 1172 ἔλεος
2255 1110 2524 1171 πλούσιος.

2148 1203 2269 1254 Οὐκ
2295 1200 2464 1253 ἔστιν
2487 1201 2684 1268 ὅμοιός
2713 1215 2811 1253 σοι
2839 1199 2909 1251 ἐν
2939 1197 3114 1262 θεοῖς,
3144 1197 3339 1264 Κύριε.
3361 1195 3532 1257 Θεοῦς
3557 1194 3667 1264 μὲν

2075 1295 2182 1366 γὰρ
2213 1296 2336 1358 τοὺς
2370 1295 2554 1362 ἁγίους
2585 1295 2866 1364 προφήτας
2922 1292 3076 1362 φησὶ,
3119 1291 3253 1362 πρὸς
3301 1287 3394 1352 οὓς
3424 1291 3452 1341 ὁ
3497 1287 3667 1355 λόγος

2074 1386 2167 1440 τοῦ
2187 1385 2319 1438 Θεοῦ
2353 1387 2585 1454 ἐγένετο.
2613 1385 2774 1452 Λέγει
2799 1385 2878 1452 δέ,
2913 1386 2993 1438 ὅτι
3026 1383 3197 1445 οὐδεὶς
3217 1381 3325 1434 τῶν
3355 1379 3669 1450 προφητῶν

2076 1477 2348 1542 ἐξελέσθαι
2378 1478 2502 1540 τοὺς
2557 1476 2873 1547 ἀνθρώπους
2911 1476 3009 1546 τῆς
3062 1474 3334 1545 ἁμαρτίας
3365 1473 3588 1542 ἴσχυσεν
3624 1470 3664 1540 ἢ

2078 1567 2236 1637 μόνος
2264 1567 2423 1631 αὐτὸς
2452 1568 2480 1619 ὁ
2508 1567 2730 1639 Κύριος,
2763 1566 2904 1621 κατά
2956 1566 3016 1620 τὸ
3068 1565 3356 1635 εἰρημένον
3387 1560 3661 1632 ἀλλ.αχοῦο

2079 1663 2159 1715 Οὐ
2192 1661 2477 1729 πρέσϐυς,
2515 1663 2626 1716 οὐκ
2677 1659 2948 1730 ἅγγελος,
2991 1659 3129 1713 ἀλλ’
3171 1656 3354 1721 αὐτὸς
3385 1657 3416 1710 ὁ
3441 1655 3669 1722 Κίεριος

2004 1733 2046 1788 Β
2073 1751 2306 1806 ἔσωσεν
2329 1751 2507 1822 ἡμᾶς.

2145 1843 2550 1912 Εὑρρανθήτω
2589 1841 2626 1908 ἢ
2666 1841 2878 1910 καρδιά
2919 1857 3058 1909 μου,
3113 1839 3220 1893 τοῦ
3251 1838 3567 1908 φοϐεῖσθαι
3593 1838 3666 1890 τὸ

2077 1935 2261 2006 ὄνομά
2291 1951 2428 1989 σου.
2466 1936 2524 1987 '0
2557 1933 2654 2004 τὴν
2684 1934 2812 2004 περί
2839 1933 2970 1986 Θεὸν
2997 1931 3280 1985 εὐλάϐειαν
3316 1928 3667 1999 κεκτημένος

2074 2030 2174 2098 τὴν
2203 2028 2423 2098 ἔννομον
2453 2025 2760 2090 ἀσπάζεται
2806 2023 3100 2077 πολιτείαν.
3130 2023 3329 2092 Μήτηρ
3364 2021 3424 2073 δὲ
3463 2022 3668 2090 εὐφρο-

2078 2120 2300 2191 σύνηςὴ
2330 2118 2549 2189 τοιαύτη
2587 2116 2716 2189 ζωή.
2764 2117 3004 2179 Εἰκότως
3061 2114 3240 2168 τοίνυν
3290 2115 3318 2167 ὁ
3373 2115 3668 2184 προφήτης

2075 2212 2153 2283 τῷ
2183 2211 2332 2282 φόϐῳ
2355 2210 2450 2282 τὴν
2484 2210 2687 2264 οἰκείαν
2718 2208 3085 2280 εὐφρανθῆναι
3109 2206 3333 2279 καρδίαν
3370 2203 3669 2258 ὑπώπτευ-

2079 2321 2190 2357 σεν.
2225 2303 2382 2356 Οὕτω
2430 2301 2539 2373 γὰρ
2593 2301 2690 2354 καί⁹
2735 2299 2968 2369 ἀλλαχοῦ
3023 2314 3206 2368 φησιν·
3252 2294 3669 2366 Εὑρρανθήτω

2076 2394 2289 2464 καρδία
2309 2394 2638 2462 ζητούντων
2685 2393 2792 2446 τὸν
2827 2393 3063 2460 Κύριον·
3096 2393 3192 2446 καὶ
3229 2390 3410 2445 πάλιν·
3452 2387 3670 2458 Ἐμνή-

2076 2492 2237 2555 σθην
2265 2487 2370 2542 τοῦ
2408 2487 2576 2551 Θεοῦ,
2607 2486 2702 2539 καί
2735 2484 3095 2554 εὐφράνθην.

2161 2578 2712 2649 Ἐξομολογήσομαί
2765 2594 2884 2642 σοι,
2935 2579 3114 2645 Κύριε
3143 2579 3177 2629 ὁ
3227 2577 3372 2641 Θεός
3394 2592 3538 2643 μου,
3594 2572 3672 2628 ἐν

2079 2672 2190 2741 ὅλῃ
2219 2672 2429 2740 καρδίᾳ
2447 2689 2585 2741 μου.
2638 2669 2974 2725 Μεταϐαλὼν
3007 2671 3104 2741 τὴν
3163 2667 3474 2740 προσευχὴν
3502 2665 3675 2730 εὐθὺς

2078 2769 2158 2829 εἰς
2183 2765 2590 2836 ἐξομολόγησιν,
2622 2765 2705 2833 ἐφ’
2757 2760 2838 2826 οἷς
2888 2761 3128 2835 ἐρῤύσθη
3154 2759 3248 2814 τοῦ
3277 2759 3425 2831 ᾅδου,
3454 2758 3555 2829 τὴν
3582 2759 3671 2812 αἰ-

2077 2860 2199 2912 τίαν
2229 2859 2625 2930 ἐξαγορεύειδι’
2649 2859 2716 2930 ἣν
2745 2859 2982 2928 ἥμαρτε,
3013 2856 3187 2924 λέγων
3218 2853 3511 2924 ἐπιϐουλὴν
3538 2853 3672 2906 πολ-

2079 2952 2183 3006 λῶν
2205 2970 2264 3006 τε
2289 2953 2385 3006 καὶ
2418 2950 2712 3022 κραταιῶν,
2743 2950 3108 3020 αἰνιττόμενος
3138 2946 3236 3010 τάς
3278 2947 3544 3018 άοράτους
3577 2944 3669 2997 δυ·

2007 3069 2050 3126 C
2080 3047 2292 3117 νάμεις,
2333 3045 2406 3116 μὴ
2438 3044 2672 3116 θεμένας
2717 3042 2822 3112 πρὸ
2875 3041 2982 3094 τῶν
3013 3039 3308 3109 ὀφθαλμῶν
3362 3037 3454 3089 τὸν
3510 3036 3669 3090 Θεόν.

2087 3140 2157 3192 Σὺ
2187 3139 2264 3202 δέ,
2295 3137 2488 3207 Κύριε,
2520 3136 2706 3205 φησὶν,
2738 3134 2881 3203 ἆπερ
2915 3135 3112 3185 ἐκεῖνοι
3153 3131 3226 3202 μὴ
3256 3129 3672 3200 προσεδόκησαν

2089 3230 2489 3302 συνεχώρησας,
2544 3229 2846 3300 ῥυσάμενος
2891 3226 2991 3296 τὴν
3051 3223 3231 3293 ψυχήν
3293 3239 3392 3292 μου
3443 3221 3503 3287 ἐξ
3540 3220 3676 3290 ᾅδου

2087 3324 2400 3378 κατωτατου
2426 3319 2808 3392 φιλανθρωπίᾳ
2834 3321 2900 3388 τῇ
2942 3320 3030 3386 σῇ.
3064 3316 3226 3384 Λέγει
3249 3315 3307 3368 δὲ
3343 3313 3516 3367 ταῦτα
3537 3313 3678 3383 Χρι-

2089 3417 2232 3481 στὸς,
2265 3413 2660 3486 παραστάντων
2683 3411 2791 3465 τῶν
2827 3408 3090 3479 βασιλέων
3141 3408 3240 3475 τῆς
3267 3406 3392 3474 γῆς,
3420 3406 3514 3458 καὶ
3564 3404 3677 3459 τῶν

2087 3507 2362 3578 ἀρχόντων
2391 3502 2761 3574 συναχθέντων
2801 3502 2894 3554 ἐπὶ
2919 3501 2982 3552 τὸ
3014 3498 3144 3552 αὐτὸ
3175 3500 3294 3550 κατ’
3317 3496 3505 3550 αὐτοῦ.

2163 3597 2289 3648 ’Ότι
2325 3593 2392 3647 τὸ
2427 3594 2600 3657 ἔλεός
2643 3606 2758 3645 σου
2803 3590 2957 3660 μέγα
3001 3589 3094 3642 ἐπ’
3144 3587 3266 3657 ἐμέ.
3314 3588 3400 3649 Ὠς
3459 3586 3559 3656 ἤδη
3597 3585 3680 3648 εἰς

2091 3686 2262 3758 πέρας
2313 3683 2491 3738 αὐτῶν
2543 3682 2803 3752 ἀχθείσης
2855 3681 2956 3750 τῆς
3009 3678 3342 3750 προσευχῆς,
3404 3675 3465 3729 τὸ
3528 3676 3680 3746 μέγα

2089 3777 2236 3840 ἕλεος
2257 3775 2350 3829 τοῦ
2378 3774 2511 3828 Θεοῦ
2537 3777 2616 3837 εἰς
2639 3775 2765 3836 τοὺς
2790 3772 2992 3835 αἰῶνας
3015 3771 3248 3824 αἰνέσειν
3283 3769 3465 3839 φησίν·
3501 3768 3584 3820 ὅτι
3612 3767 3680 3840 δὴ

2093 3869 2187 3930 καὶ
2211 3868 2393 3924 αὐτῶν
2423 3869 2488 3922 ἐκ
2523 3867 2704 3939 χειρὸς
2735 3866 2864 3938 ᾅδου
2891 3864 2990 3928 τὰς
3017 3864 3194 3935 ψυχὰς
3223 3860 3619 3932 ⁴ἰιλιευθέριικςεν.

2139 4045 2202 4097 '0
2220 4042 2382 4108 Θεὸς,
2403 4039 2728 4110 παράνομοι
2747 4039 3178 4105 ἐπανέστησαν
3195 4036 3286 4090 ἐπ’
3298 4035 3417 4105 ἐμέ.
3431 4033 3684 4088 Δείκνυσι

2093 4135 2182 4188 διὰ
2206 4133 2523 4197 τούτων,ὡς
2561 4133 2640 4195 εἰς
2673 4130 2768 4202 τὴν
2801 4129 3076 4200 ἁμαρτίαν
3108 4128 3323 4198 ἐκείνην
3354 4127 3680 4180 κατέπεσεν.

2096 4227 2222 4291 Πῶς
2253 4227 2331 4289 δέ,
2366 4226 2399 4297 ἢ
2427 4228 2492 4279 ἐκ
2510 4223 2604 4277 τοῦ
2633 4222 2955 4292 συναγωγήν
2997 4237 3119 4273 τινα
3160 4217 3410 4289 πονηρῶν
3438 4217 3684 4287 πνευμά-

2098 4338 2206 4374 των
2234 4319 2610 4390 ὲπαναστῆναι
2673 4316 2768 4370 καί.
2816 4313 3174 4369 ὑποσκελίσαι
3207 4313 3371 4368 αὐτὸν
3415 4311 3511 4366 τοῦ
3561 4313 3683 4365 κατ’

2025 4410 2068 4464 D
2097 4411 2296 4484 ἀρετὴν
2330 4411 2526 4483 δρόμου
2543 4427 2557 4476 ;

2170 4505 2278 4558 Καὶ
2339 4503 2441 4569 σὺ,
2493 4503 2667 4577 Κύριε
2717 4504 2750 4556 ὁ
2811 4503 2955 4566 Θεος
2997 4517 3140 4568 μου,
3211 4498 3525 4565 οἰκτίρμων
3583 4497 3682 4550 καί

2098 4593 2385 4664 ἐλεήμων.
2417 4596 2480 4647 Εἰ
2533 4595 2647 4659 καὶ,
2699 4591 3119 4646 ἐπαναστάντων
3153 4607 3242 4659 μοι
3274 4588 3380 4640 τῶν
3431 4586 3687 4656 πονηρῶν

2102 4688 2450 4758 πνευμάτων,
2483 4687 2636 4757 φησὶ,
2665 4684 3004 4754 κατηνέχθην
3042 4684 3121 4745 εἰς
3154 4681 3448 4752 ἁμαρτίαν,
3475 4682 3570 4733 καὶ
3615 4680 3684 4733 δι’

2101 4780 2270 4850 αὐτῆς
2315 4781 2394 4843 εἰς
2437 4781 2525 4832 τὸν
2588 4778 2944 4850 προκείμενον
2998 4775 3308 4829 κατώτατον
3358 4773 3510 4844 ᾅδην·
3551 4772 3686 4826 ἀλλὰ.

2104 4873 2190 4936 σὺ,
2220 4871 2413 4942 Κύριε,
2445 4872 2626 4935 αὐτὸς,
2661 4873 2786 4934 τοὺς
2831 4871 3062 4932 οἰκείους
3102 4866 3417 4936 οἰκτιρμοὺς
3452 4865 3548 4917 καὶ
3596 4863 3682 4915 ἐπ’

2103 4965 2225 5035 ἐμοὶ
2253 4963 2597 5033 ἐφαπλὼσας,
2628 4964 2845 5036 ἐρρύσω
2879 4963 2975 5033 τὴν
3000 4961 3175 5030 ψυχήν
3211 4976 3312 5028 μου
3358 4956 3436 5008 διὸ
3461 4956 3553 5010 καὶ
3582 4954 3684 5009 πά-

2102 5056 2184 5110 λιν
2219 5057 2484 5110 ἐλεεῖσθαι
2518 5056 2734 5122 ἐξαιτῶ.
2787 5056 2978 5108 Ἔσται
3030 5052 3088 5104 δέ
3126 5068 3216 5120 μοι
3241 5051 3269 5103 ὁ
3296 5048 3441 5110 ἕλεος
3474 5047 3562 5099 διὰ
3588 5043 3682 5099 τοῦ

2104 5147 2394 5216 ἐπιϐλέψαι
2429 5165 2486 5200 σε
2512 5151 2591 5211 εἰς
2611 5148 2726 5217 ἐμέ.

2174 5241 2442 5307 Ποίησον
2471 5242 2599 5308 μετ’
2621 5239 2769 5309 ἐμοῦ
2797 5235 3050 5307 σημεῖον
3085 5237 3171 5300 εἰς
3192 5230 3435 5301 ἀγαθόν.
3471 5230 3681 5299 ’Ὠσπερ

2107 5330 2271 5384 πάλαι
2321 5331 2378 5383 ἐν
2426 5329 2687 5400 Αἰγύπτῳ
2745 5331 2856 5390 τοῖς
2901 5326 3037 5388 υἱοῖς
3091 5321 3305 5393 Ἰσραὴλ
3345 5322 3570 5390 σημεῖον
3599 5318 3682 5374 δέ·

2103 5423 2273 5476 δωκεν
2305 5423 2334 5476 ὁ
2363 5421 2514 5486 Θεὸς,
2540 5419 2632 5475 τοῦ
2663 5421 2739 5492 μὴ
2785 5416 3106 5490 ἀδικηθῆναι
3151 5412 3348 5475 αὐτοὺς
3398 5411 3553 5483 παρά
3588 5409 3678 5466 τοῦ
3765 5482 3778 5490 _

1615 5694 1654 5729 "
1699 5691 1846 5749 Psal.
1881 5711 2066 5753 tum.
2093 5694 2148 5750 2.
