  <div class='ocr_page' id='page_1' title='image "/cluster/home/n/w/nwhite01/storage/ocr_20150623/27/nnc1.0046978631/202.png"; bbox 0 0 3872 6216; ppageno 0'>
   <div class='ocr_carea' id='block_1_1' title="bbox 175 335 288 390">
    <p class='ocr_par' dir='ltr' id='par_1_1' title="bbox 175 335 288 390">
     <span class='ocr_line' id='line_1_1' title="bbox 175 335 288 390; baseline -0.053 -1"><span class='ocrx_word' id='word_1_1' title='bbox 175 335 288 390; x_wconf 68' lang='lat'><strong>377</strong></span> 
     </span>
    </p>
   </div>
   <div class='ocr_carea' id='block_1_2' title="bbox 1215 333 2408 396">
    <p class='ocr_par' dir='ltr' id='par_1_2' title="bbox 1215 333 2408 396">
     <span class='ocr_line' id='line_1_2' title="bbox 1215 333 2408 396; baseline 0.006 -7"><span class='ocrx_word' id='word_1_2' title='bbox 1215 333 1584 391; x_wconf 79' lang='lat' dir='ltr'><strong>EXPOSITIO</strong></span> <span class='ocrx_word' id='word_1_3' title='bbox 1626 335 1693 390; x_wconf 88' lang='lat' dir='ltr'><strong>IN</strong></span> <span class='ocrx_word' id='word_1_4' title='bbox 1734 334 2063 393; x_wconf 82' lang='lat' dir='ltr'><strong>PSALMUM</strong></span> <span class='ocrx_word' id='word_1_5' title='bbox 2101 338 2408 396; x_wconf 77' lang='lat' dir='ltr'><strong>LXXXVII.</strong></span> 
     </span>
    </p>
   </div>
   <div class='ocr_carea' id='block_1_3' title="bbox 3327 341 3433 392">
    <p class='ocr_par' dir='ltr' id='par_1_3' title="bbox 3327 341 3433 392">
     <span class='ocr_line' id='line_1_3' title="bbox 3327 341 3433 392; baseline -0.009 0"><span class='ocrx_word' id='word_1_6' title='bbox 3327 341 3433 392; x_wconf 73' lang='lat'><strong>378</strong></span> 
     </span>
    </p>
   </div>
   <div class='ocr_carea' id='block_1_4' title="bbox 176 445 1788 526">
    <p class='ocr_par' dir='ltr' id='par_1_4' title="bbox 176 445 1760 522">
     <span class='ocr_line' id='line_1_4' title="bbox 176 445 1760 522; baseline 0.005 -24"><span class='ocrx_word' id='word_1_7' title='bbox 176 445 526 517; x_wconf 78' lang='grc' dir='ltr'><strong>ὀλοθρευτοῦ,</strong></span> <span class='ocrx_word' id='word_1_8' title='bbox 552 445 694 500; x_wconf 76' lang='grc' dir='ltr'>οὕτω</span> <span class='ocrx_word' id='word_1_9' title='bbox 719 449 812 500; x_wconf 58' lang='grc' dir='ltr'><strong>καὶ⁵</strong></span> <span class='ocrx_word' id='word_1_10' title='bbox 855 447 1004 518; x_wconf 82' lang='grc' dir='ltr'>αὐτῷ</span> <span class='ocrx_word' id='word_1_11' title='bbox 1033 451 1256 520; x_wconf 87' lang='grc' dir='ltr'>σημεῖον</span> <span class='ocrx_word' id='word_1_12' title='bbox 1295 451 1516 522; x_wconf 76' lang='grc' dir='ltr'>δοθῆναι</span> <span class='ocrx_word' id='word_1_13' title='bbox 1541 452 1760 521; x_wconf 78' lang='grc' dir='ltr'>ἐξαιτεῖ,</span> 
     </span>
    </p>
   </div>
   <div class='ocr_carea' id='block_1_5' title="bbox 1912 445 3436 526">
    <p class='ocr_par' dir='ltr' id='par_1_5' title="bbox 1912 449 3436 526">
     <span class='ocr_line' id='line_1_5' title="bbox 1912 449 3436 526; baseline -0.001 -17"><span class='ocrx_word' id='word_1_14' title='bbox 1912 456 1985 509; x_wconf 80' lang='lat' dir='ltr'><strong>ari</strong></span> <span class='ocrx_word' id='word_1_15' title='bbox 2021 466 2200 526; x_wconf 93' lang='lat' dir='ltr'><strong>rogat,</strong></span> <span class='ocrx_word' id='word_1_16' title='bbox 2232 464 2290 510; x_wconf 84' lang='lat' dir='ltr'><strong>ut</strong></span> <span class='ocrx_word' id='word_1_17' title='bbox 2317 470 2413 525; x_wconf 90' lang='lat' dir='ltr'><strong>per</strong></span> <span class='ocrx_word' id='word_1_18' title='bbox 2439 452 2575 509; x_wconf 89' lang='lat' dir='ltr'><strong>illud</strong></span> <span class='ocrx_word' id='word_1_19' title='bbox 2609 461 2876 517; x_wconf 84' lang='lat' dir='ltr'><strong>servetur,</strong></span> <span class='ocrx_word' id='word_1_20' title='bbox 2922 459 2978 506; x_wconf 88' lang='lat' dir='ltr'><strong>et</strong></span> <span class='ocrx_word' id='word_1_21' title='bbox 3006 449 3262 506; x_wconf 88' lang='lat' dir='ltr'><strong>inimicos</strong></span> <span class='ocrx_word' id='word_1_22' title='bbox 3301 463 3436 507; x_wconf 83' lang='lat' dir='ltr'><strong>con-</strong></span> 
     </span>
    </p>
   </div>
   <div class='ocr_carea' id='block_1_6' title="bbox 143 538 1764 619">
    <p class='ocr_par' dir='ltr' id='par_1_6' title="bbox 143 538 1764 619">
     <span class='ocr_line' id='line_1_6' title="bbox 143 538 1764 619; baseline 0.004 -25"><span class='ocrx_word' id='word_1_23' title='bbox 143 566 147 570; x_wconf 84' lang='grc'><strong>-</strong></span> <span class='ocrx_word' id='word_1_24' title='bbox 179 543 332 604; x_wconf 78' lang='grc' dir='ltr'>ὅπως</span> <span class='ocrx_word' id='word_1_25' title='bbox 357 538 426 592; x_wconf 85' lang='grc' dir='ltr'>ἂν</span> <span class='ocrx_word' id='word_1_26' title='bbox 458 540 552 592; x_wconf 77' lang='grc' dir='ltr'>καὶ</span> <span class='ocrx_word' id='word_1_27' title='bbox 577 539 822 612; x_wconf 78' lang='grc' dir='ltr'>φυλαχθῇ</span> <span class='ocrx_word' id='word_1_28' title='bbox 853 540 918 593; x_wconf 84' lang='grc' dir='ltr'>δι’</span> <span class='ocrx_word' id='word_1_29' title='bbox 943 541 1130 606; x_wconf 78' lang='grc' dir='ltr'>αὑτοῦ,</span> <span class='ocrx_word' id='word_1_30' title='bbox 1163 543 1257 597; x_wconf 75' lang='grc' dir='ltr'><strong>καὶ</strong></span> <span class='ocrx_word' id='word_1_31' title='bbox 1278 545 1615 619; x_wconf 78' lang='grc' dir='ltr'>καταισχύνῃ</span> <span class='ocrx_word' id='word_1_32' title='bbox 1639 547 1764 609; x_wconf 80' lang='grc' dir='ltr'>τοὺς</span> 
     </span>
    </p>
   </div>
   <div class='ocr_carea' id='block_1_7' title="bbox 180 631 436 706">
    <p class='ocr_par' dir='ltr' id='par_1_7' title="bbox 180 631 436 706">
     <span class='ocr_line' id='line_1_7' title="bbox 180 631 436 706; baseline 0.012 -22"><span class='ocrx_word' id='word_1_33' title='bbox 180 631 436 706; x_wconf 72' lang='grc' dir='ltr'>ἐχθρούς.</span> 
     </span>
    </p>
   </div>
   <div class='ocr_carea' id='block_1_8' title="bbox 368 721 1584 796">
    <p class='ocr_par' dir='ltr' id='par_1_8' title="bbox 368 721 1584 796">
     <span class='ocr_line' id='line_1_8' title="bbox 368 721 1584 796; baseline 0.003 -20"><span class='ocrx_word' id='word_1_34' title='bbox 368 721 498 788; x_wconf 87' lang='grc' dir='ltr'><em>Τοῖς</em></span> <span class='ocrx_word' id='word_1_35' title='bbox 523 721 674 788; x_wconf 81' lang='grc' dir='ltr'><strong>υἱοῖς</strong></span> <span class='ocrx_word' id='word_1_36' title='bbox 705 724 855 791; x_wconf 82' lang='grc' dir='ltr'>Κορὲ</span> <span class='ocrx_word' id='word_1_37' title='bbox 887 727 1195 780; x_wconf 79' lang='grc' dir='ltr'><strong>ΨΑΛΜΟΣ</strong></span> <span class='ocrx_word' id='word_1_38' title='bbox 1442 727 1584 796; x_wconf 64' lang='lat' dir='ltr'><strong>HQ&quot;.</strong></span> 
     </span>
    </p>
   </div>
   <div class='ocr_carea' id='block_1_9' title="bbox 817 820 1148 884">
    <p class='ocr_par' dir='ltr' id='par_1_9' title="bbox 817 820 1148 884">
     <span class='ocr_line' id='line_1_9' title="bbox 817 820 1148 884; baseline 0 -12"><span class='ocrx_word' id='word_1_39' title='bbox 817 820 1148 884; x_wconf 75' lang='grc' dir='ltr'>’Υπόθεσις.</span> 
     </span>
    </p>
   </div>
   <div class='ocr_carea' id='block_1_10' title="bbox 186 907 1769 983">
    <p class='ocr_par' dir='ltr' id='par_1_10' title="bbox 186 907 1769 983">
     <span class='ocr_line' id='line_1_10' title="bbox 186 907 1769 983; baseline 0.001 -21"><span class='ocrx_word' id='word_1_40' title='bbox 186 907 414 980; x_wconf 77' lang='grc' dir='ltr'>’ᾼδουσι</span> <span class='ocrx_word' id='word_1_41' title='bbox 443 909 603 963; x_wconf 82' lang='grc' dir='ltr'>πάλιν</span> <span class='ocrx_word' id='word_1_42' title='bbox 625 911 714 963; x_wconf 78' lang='grc' dir='ltr'><strong>τὸν</strong></span> <span class='ocrx_word' id='word_1_43' title='bbox 748 909 960 982; x_wconf 75' lang='grc' dir='ltr'>ψαλμὸν</span> <span class='ocrx_word' id='word_1_44' title='bbox 1019 912 1208 965; x_wconf 76' lang='grc' dir='ltr'>τοῦτον</span> <span class='ocrx_word' id='word_1_45' title='bbox 1262 915 1311 965; x_wconf 80' lang='grc' dir='ltr'><strong>οἱ</strong></span> <span class='ocrx_word' id='word_1_46' title='bbox 1343 910 1438 966; x_wconf 65' lang='grc' dir='ltr'>θειῦ</span> <span class='ocrx_word' id='word_1_47' title='bbox 1477 913 1618 983; x_wconf 83' lang='grc' dir='ltr'>Κορὲ</span> <span class='ocrx_word' id='word_1_48' title='bbox 1665 913 1769 965; x_wconf 77' lang='grc' dir='ltr'><strong>υἱοὶ</strong></span> 
     </span>
    </p>
   </div>
   <div class='ocr_carea' id='block_1_11' title="bbox 253 1002 1768 1074">
    <p class='ocr_par' dir='ltr' id='par_1_11' title="bbox 253 1002 1768 1074">
     <span class='ocr_line' id='line_1_11' title="bbox 253 1002 1768 1074; baseline 0.001 -20"><span class='ocrx_word' id='word_1_49' title='bbox 253 1003 338 1063; x_wconf 85' lang='grc' dir='ltr'>εἰς</span> <span class='ocrx_word' id='word_1_50' title='bbox 401 1002 500 1073; x_wconf 80' lang='grc' dir='ltr'>τὴν</span> <span class='ocrx_word' id='word_1_51' title='bbox 548 1003 892 1074; x_wconf 80' lang='grc' dir='ltr'><strong>Ἐκκλησίαν,</strong></span> <span class='ocrx_word' id='word_1_52' title='bbox 922 1005 989 1056; x_wconf 89' lang='grc' dir='ltr'>δι’</span> <span class='ocrx_word' id='word_1_53' title='bbox 1019 1004 1184 1056; x_wconf 75' lang='grc' dir='ltr'>αὑτοῦ</span> <span class='ocrx_word' id='word_1_54' title='bbox 1247 1005 1610 1074; x_wconf 77' lang='grc' dir='ltr'><strong>κηρύσσοντες</strong></span> <span class='ocrx_word' id='word_1_55' title='bbox 1663 1003 1768 1056; x_wconf 89' lang='grc' dir='ltr'><strong>τῶν</strong></span> 
     </span>
    </p>
   </div>
   <div class='ocr_carea' id='block_1_12' title="bbox 259 1092 1769 1166">
    <p class='ocr_par' dir='ltr' id='par_1_12' title="bbox 259 1092 1769 1166">
     <span class='ocr_line' id='line_1_12' title="bbox 259 1092 1769 1166; baseline 0.002 -22"><span class='ocrx_word' id='word_1_56' title='bbox 259 1092 436 1145; x_wconf 75' lang='grc' dir='ltr'>ἐθνῶν</span> <span class='ocrx_word' id='word_1_57' title='bbox 469 1095 567 1164; x_wconf 84' lang='grc' dir='ltr'><strong>τὴν</strong></span> <span class='ocrx_word' id='word_1_58' title='bbox 597 1094 808 1165; x_wconf 78' lang='grc' dir='ltr'>κλῆσιν,</span> <span class='ocrx_word' id='word_1_59' title='bbox 872 1097 965 1149; x_wconf 79' lang='grc' dir='ltr'><strong>καὶ</strong></span> <span class='ocrx_word' id='word_1_60' title='bbox 999 1097 1098 1165; x_wconf 82' lang='grc' dir='ltr'>τὴν</span> <span class='ocrx_word' id='word_1_61' title='bbox 1136 1097 1435 1166; x_wconf 81' lang='grc' dir='ltr'>γενομένην</span> <span class='ocrx_word' id='word_1_62' title='bbox 1472 1093 1769 1164; x_wconf 68' lang='grc' dir='ltr'>ὲπίλαμψιν</span> 
     </span>
    </p>
   </div>
   <div class='ocr_carea' id='block_1_13' title="bbox 257 1186 1770 1258">
    <p class='ocr_par' dir='ltr' id='par_1_13' title="bbox 257 1186 1770 1258">
     <span class='ocr_line' id='line_1_13' title="bbox 257 1186 1770 1258; baseline 0.001 -21"><span class='ocrx_word' id='word_1_63' title='bbox 257 1187 328 1254; x_wconf 76' lang='grc' dir='ltr'>τῇ</span> <span class='ocrx_word' id='word_1_64' title='bbox 383 1187 680 1257; x_wconf 70' lang='grc' dir='ltr'>Ἐκκλησία</span> <span class='ocrx_word' id='word_1_65' title='bbox 713 1188 806 1240; x_wconf 76' lang='grc' dir='ltr'>τοῦ</span> <span class='ocrx_word' id='word_1_66' title='bbox 841 1188 1176 1256; x_wconf 78' lang='grc' dir='ltr'>Μονογενοῦς</span> <span class='ocrx_word' id='word_1_67' title='bbox 1202 1188 1289 1241; x_wconf 80' lang='grc' dir='ltr'>διὰ</span> <span class='ocrx_word' id='word_1_68' title='bbox 1322 1189 1417 1256; x_wconf 82' lang='grc' dir='ltr'>τῆς</span> <span class='ocrx_word' id='word_1_69' title='bbox 1467 1186 1603 1258; x_wconf 85' lang='grc' dir='ltr'>μετὰ</span> <span class='ocrx_word' id='word_1_70' title='bbox 1637 1202 1770 1257; x_wconf 85' lang='grc' dir='ltr'>σαρ-</span> 
     </span>
    </p>
   </div>
   <div class='ocr_carea' id='block_1_14' title="bbox 261 1276 716 1348">
    <p class='ocr_par' dir='ltr' id='par_1_14' title="bbox 261 1276 716 1348">
     <span class='ocr_line' id='line_1_14' title="bbox 261 1276 716 1348; baseline 0.007 -19"><span class='ocrx_word' id='word_1_71' title='bbox 261 1276 358 1338; x_wconf 81' lang='grc' dir='ltr'><strong>κὸς</strong></span> <span class='ocrx_word' id='word_1_72' title='bbox 385 1280 716 1348; x_wconf 87' lang='grc' dir='ltr'>οἰκονομίας.</span> 
     </span>
    </p>
   </div>
   <div class='ocr_carea' id='block_1_15' title="bbox 265 1368 1770 1440">
    <p class='ocr_par' dir='ltr' id='par_1_15' title="bbox 265 1368 1770 1440">
     <span class='ocr_line' id='line_1_15' title="bbox 265 1368 1770 1440; baseline 0.001 -20"><span class='ocrx_word' id='word_1_73' title='bbox 265 1370 331 1420; x_wconf 78' lang='lat' dir='ltr'><strong>Ol</strong></span> <span class='ocrx_word' id='word_1_74' title='bbox 367 1368 623 1434; x_wconf 74' lang='grc' dir='ltr'><strong>θεμέλιοι</strong></span> <span class='ocrx_word' id='word_1_75' title='bbox 669 1369 855 1423; x_wconf 85' lang='grc' dir='ltr'>αὐτοῦ</span> <span class='ocrx_word' id='word_1_76' title='bbox 912 1371 980 1424; x_wconf 85' lang='grc' dir='ltr'>ἐν</span> <span class='ocrx_word' id='word_1_77' title='bbox 1033 1371 1156 1436; x_wconf 78' lang='grc' dir='ltr'>τοῖς</span> <span class='ocrx_word' id='word_1_78' title='bbox 1199 1371 1364 1438; x_wconf 81' lang='grc' dir='ltr'>ὄρεσι</span> <span class='ocrx_word' id='word_1_79' title='bbox 1401 1370 1526 1436; x_wconf 87' lang='grc' dir='ltr'>τοῖς</span> <span class='ocrx_word' id='word_1_80' title='bbox 1557 1370 1770 1440; x_wconf 72' lang='grc' dir='ltr'>ἁγίοις.</span> 
     </span>
    </p>
   </div>
   <div class='ocr_carea' id='block_1_16' title="bbox 187 1459 1776 1533">
    <p class='ocr_par' dir='ltr' id='par_1_16' title="bbox 187 1459 1776 1533">
     <span class='ocr_line' id='line_1_16' title="bbox 187 1459 1776 1533; baseline 0.001 -20"><span class='ocrx_word' id='word_1_81' title='bbox 187 1459 371 1513; x_wconf 79' lang='grc' dir='ltr'>Αὐτοῦ</span> <span class='ocrx_word' id='word_1_82' title='bbox 409 1461 509 1530; x_wconf 79' lang='grc' dir='ltr'><strong>μὲν</strong></span> <span class='ocrx_word' id='word_1_83' title='bbox 538 1462 629 1515; x_wconf 76' lang='grc' dir='ltr'><strong>τοῦ</strong></span> <span class='ocrx_word' id='word_1_84' title='bbox 660 1463 952 1532; x_wconf 73' lang='grc' dir='ltr'>κληθέντος</span> <span class='ocrx_word' id='word_1_85' title='bbox 978 1464 1066 1517; x_wconf 83' lang='grc' dir='ltr'>διὰ</span> <span class='ocrx_word' id='word_1_86' title='bbox 1099 1465 1194 1533; x_wconf 77' lang='grc' dir='ltr'>τῆς</span> <span class='ocrx_word' id='word_1_87' title='bbox 1233 1465 1470 1527; x_wconf 80' lang='grc' dir='ltr'>πίστεως</span> <span class='ocrx_word' id='word_1_88' title='bbox 1499 1463 1650 1517; x_wconf 79' lang='grc' dir='ltr'>λαοῦ.</span> <span class='ocrx_word' id='word_1_89' title='bbox 1679 1463 1776 1516; x_wconf 86' lang='grc' dir='ltr'><strong>Λέ-</strong></span> 
     </span>
    </p>
   </div>
   <div class='ocr_carea' id='block_1_17' title="bbox 187 1552 1776 1628">
    <p class='ocr_par' dir='ltr' id='par_1_17' title="bbox 187 1552 1776 1628">
     <span class='ocr_line' id='line_1_17' title="bbox 187 1552 1776 1628; baseline 0.003 -25"><span class='ocrx_word' id='word_1_90' title='bbox 187 1569 277 1622; x_wconf 87' lang='grc' dir='ltr'><strong>γει</strong></span> <span class='ocrx_word' id='word_1_91' title='bbox 306 1552 385 1615; x_wconf 80' lang='grc' dir='ltr'><strong>δὲ,</strong></span> <span class='ocrx_word' id='word_1_92' title='bbox 425 1555 506 1607; x_wconf 84' lang='grc' dir='ltr'>ὅτι</span> <span class='ocrx_word' id='word_1_93' title='bbox 542 1557 601 1620; x_wconf 78' lang='grc' dir='ltr'>ἐξ</span> <span class='ocrx_word' id='word_1_94' title='bbox 627 1556 796 1609; x_wconf 81' lang='grc' dir='ltr'>ἐθνῶν</span> <span class='ocrx_word' id='word_1_95' title='bbox 821 1556 946 1620; x_wconf 75' lang='grc' dir='ltr'>λαὸς</span> <span class='ocrx_word' id='word_1_96' title='bbox 975 1557 1370 1628; x_wconf 83' lang='grc' dir='ltr'>ὲπῳκοδομήθη</span> <span class='ocrx_word' id='word_1_97' title='bbox 1401 1558 1491 1610; x_wconf 71' lang='grc' dir='ltr'>ἐπὶ</span> <span class='ocrx_word' id='word_1_98' title='bbox 1515 1557 1593 1628; x_wconf 82' lang='grc' dir='ltr'>τῷ</span> <span class='ocrx_word' id='word_1_99' title='bbox 1624 1557 1776 1628; x_wconf 88' lang='grc' dir='ltr'>θεμε-</span> 
     </span>
    </p>
   </div>
   <div class='ocr_carea' id='block_1_18' title="bbox 187 1645 1259 1720">
    <p class='ocr_par' dir='ltr' id='par_1_18' title="bbox 187 1645 1259 1720">
     <span class='ocr_line' id='line_1_18' title="bbox 187 1645 1259 1720; baseline 0.007 -25"><span class='ocrx_word' id='word_1_100' title='bbox 187 1645 291 1708; x_wconf 83' lang='grc' dir='ltr'><strong>λίῳ</strong></span> <span class='ocrx_word' id='word_1_101' title='bbox 329 1645 438 1697; x_wconf 83' lang='grc' dir='ltr'><strong>τῶν</strong></span> <span class='ocrx_word' id='word_1_102' title='bbox 475 1647 785 1702; x_wconf 81' lang='grc' dir='ltr'>ἀποστόλων</span> <span class='ocrx_word' id='word_1_103' title='bbox 820 1649 913 1703; x_wconf 80' lang='grc' dir='ltr'><strong>καὶ</strong></span> <span class='ocrx_word' id='word_1_104' title='bbox 945 1649 1259 1720; x_wconf 80' lang='grc' dir='ltr'>προφητῶν.</span> 
     </span>
    </p>
   </div>
   <div class='ocr_carea' id='block_1_19' title="bbox 281 1735 1775 1809">
    <p class='ocr_par' dir='ltr' id='par_1_19' title="bbox 281 1735 1775 1809">
     <span class='ocr_line' id='line_1_19' title="bbox 281 1735 1775 1809; baseline 0.002 -20"><span class='ocrx_word' id='word_1_105' title='bbox 281 1735 506 1805; x_wconf 70' lang='grc' dir='ltr'>Ἀγαπᾷ</span> <span class='ocrx_word' id='word_1_106' title='bbox 543 1740 757 1805; x_wconf 82' lang='grc' dir='ltr'>Κύριος</span> <span class='ocrx_word' id='word_1_107' title='bbox 787 1741 893 1807; x_wconf 82' lang='grc' dir='ltr'>τὰς</span> <span class='ocrx_word' id='word_1_108' title='bbox 944 1742 1143 1807; x_wconf 81' lang='grc' dir='ltr'><strong>πύλας</strong></span> <span class='ocrx_word' id='word_1_109' title='bbox 1174 1740 1327 1794; x_wconf 85' lang='grc' dir='ltr'>Σιὼν</span> <span class='ocrx_word' id='word_1_110' title='bbox 1382 1743 1534 1809; x_wconf 84' lang='grc' dir='ltr'><strong>ὑπὲρ</strong></span> <span class='ocrx_word' id='word_1_111' title='bbox 1580 1740 1775 1794; x_wconf 79' lang='grc' dir='ltr'>πάντα</span> 
     </span>
    </p>
   </div>
   <div class='ocr_carea' id='block_1_20' title="bbox 188 1830 1774 1904">
    <p class='ocr_par' dir='ltr' id='par_1_20' title="bbox 188 1830 1774 1904">
     <span class='ocr_line' id='line_1_20' title="bbox 188 1830 1774 1904; baseline 0.002 -21"><span class='ocrx_word' id='word_1_112' title='bbox 188 1830 267 1884; x_wconf 82' lang='grc' dir='ltr'>τὰ</span> <span class='ocrx_word' id='word_1_113' title='bbox 310 1830 670 1899; x_wconf 78' lang='grc' dir='ltr'>σκηνώματα</span> <span class='ocrx_word' id='word_1_114' title='bbox 729 1833 950 1888; x_wconf 78' lang='grc' dir='ltr'>Ἰακώϐ.</span> <span class='ocrx_word' id='word_1_115' title='bbox 1019 1835 1197 1897; x_wconf 87' lang='grc' dir='ltr'>Πύλας</span> <span class='ocrx_word' id='word_1_116' title='bbox 1237 1833 1373 1887; x_wconf 83' lang='grc' dir='ltr'>Σιὼν</span> <span class='ocrx_word' id='word_1_117' title='bbox 1403 1835 1498 1904; x_wconf 85' lang='grc' dir='ltr'><strong>τὴν</strong></span> <span class='ocrx_word' id='word_1_118' title='bbox 1543 1835 1774 1901; x_wconf 78' lang='grc' dir='ltr'>εἰσαγω-</span> 
     </span>
    </p>
   </div>
   <div class='ocr_carea' id='block_1_21' title="bbox 189 1925 1775 1996">
    <p class='ocr_par' dir='ltr' id='par_1_21' title="bbox 189 1925 1775 1996">
     <span class='ocr_line' id='line_1_21' title="bbox 189 1925 1775 1996; baseline 0.001 -20"><span class='ocrx_word' id='word_1_119' title='bbox 189 1925 359 1992; x_wconf 77' lang='grc' dir='ltr'>γικὴν</span> <span class='ocrx_word' id='word_1_120' title='bbox 412 1925 508 1978; x_wconf 70' lang='grc' dir='ltr'><strong>καὶ</strong></span> <span class='ocrx_word' id='word_1_121' title='bbox 547 1925 858 1996; x_wconf 81' lang='grc' dir='ltr'>στοιχειώδη</span> <span class='ocrx_word' id='word_1_122' title='bbox 914 1926 1264 1980; x_wconf 80' lang='grc' dir='ltr'>διδασκαλίαν</span> <span class='ocrx_word' id='word_1_123' title='bbox 1305 1927 1405 1996; x_wconf 80' lang='grc' dir='ltr'><strong>τῆς</strong></span> <span class='ocrx_word' id='word_1_124' title='bbox 1451 1925 1775 1994; x_wconf 87' lang='grc' dir='ltr'>Ἐκκλησίας</span> 
     </span>
    </p>
   </div>
   <div class='ocr_carea' id='block_1_22' title="bbox 191 2017 1770 2089">
    <p class='ocr_par' dir='ltr' id='par_1_22' title="bbox 191 2017 1770 2089">
     <span class='ocr_line' id='line_1_22' title="bbox 191 2017 1770 2089; baseline 0 -19"><span class='ocrx_word' id='word_1_125' title='bbox 191 2019 350 2087; x_wconf 83' lang='grc' dir='ltr'>φησί·</span> <span class='ocrx_word' id='word_1_126' title='bbox 389 2017 720 2089; x_wconf 81' lang='grc' dir='ltr'>σκηνώματα</span> <span class='ocrx_word' id='word_1_127' title='bbox 743 2019 798 2072; x_wconf 78' lang='grc' dir='ltr'><strong>δὲ</strong></span> <span class='ocrx_word' id='word_1_128' title='bbox 823 2019 1014 2072; x_wconf 78' lang='grc' dir='ltr'>Ἰακὼϐ</span> <span class='ocrx_word' id='word_1_129' title='bbox 1036 2019 1130 2089; x_wconf 85' lang='grc' dir='ltr'>τὴν</span> <span class='ocrx_word' id='word_1_130' title='bbox 1149 2019 1291 2072; x_wconf 77' lang='grc' dir='ltr'>κατὰ</span> <span class='ocrx_word' id='word_1_131' title='bbox 1312 2018 1473 2088; x_wconf 90' lang='grc' dir='ltr'>νόμον</span> <span class='ocrx_word' id='word_1_132' title='bbox 1499 2017 1770 2087; x_wconf 83' lang='grc' dir='ltr'>λατρείαν.</span> 
     </span>
    </p>
   </div>
   <div class='ocr_carea' id='block_1_23' title="bbox 190 2107 1774 2183">
    <p class='ocr_par' dir='ltr' id='par_1_23' title="bbox 190 2107 1774 2183">
     <span class='ocr_line' id='line_1_23' title="bbox 190 2107 1774 2183; baseline 0 -21"><span class='ocrx_word' id='word_1_133' title='bbox 190 2112 363 2181; x_wconf 77' lang='grc' dir='ltr'>Φησὶν</span> <span class='ocrx_word' id='word_1_134' title='bbox 393 2107 487 2164; x_wconf 76' lang='grc' dir='ltr'>οὖν</span> <span class='ocrx_word' id='word_1_135' title='bbox 515 2111 591 2173; x_wconf 81' lang='grc' dir='ltr'>ὡς</span> <span class='ocrx_word' id='word_1_136' title='bbox 615 2113 951 2183; x_wconf 74' lang='grc' dir='ltr'>αἱρετώτερα</span> <span class='ocrx_word' id='word_1_137' title='bbox 1000 2112 1250 2182; x_wconf 83' lang='grc' dir='ltr'>κέκριται</span> <span class='ocrx_word' id='word_1_138' title='bbox 1298 2109 1446 2182; x_wconf 74' lang='grc' dir='ltr'>παρὰ</span> <span class='ocrx_word' id='word_1_139' title='bbox 1480 2110 1555 2180; x_wconf 85' lang='grc' dir='ltr'><strong>τῷ</strong></span> <span class='ocrx_word' id='word_1_140' title='bbox 1579 2109 1697 2180; x_wconf 84' lang='grc' dir='ltr'><strong>Θεῷ</strong></span> <span class='ocrx_word' id='word_1_141' title='bbox 1741 2111 1774 2180; x_wconf 82' lang='grc' dir='ltr'>ἡ</span> 
     </span>
    </p>
   </div>
   <div class='ocr_carea' id='block_1_24' title="bbox 191 2199 1635 2272">
    <p class='ocr_par' dir='ltr' id='par_1_24' title="bbox 191 2199 1635 2272">
     <span class='ocr_line' id='line_1_24' title="bbox 191 2199 1635 2272; baseline -0.001 -19"><span class='ocrx_word' id='word_1_142' title='bbox 191 2201 526 2272; x_wconf 79' lang='grc' dir='ltr'>εύαγγελικὴ</span> <span class='ocrx_word' id='word_1_143' title='bbox 562 2202 806 2254; x_wconf 83' lang='grc' dir='ltr'>πολιτεία</span> <span class='ocrx_word' id='word_1_144' title='bbox 828 2203 928 2271; x_wconf 77' lang='grc' dir='ltr'>τῆς</span> <span class='ocrx_word' id='word_1_145' title='bbox 980 2202 1122 2254; x_wconf 74' lang='grc' dir='ltr'>κατὰ</span> <span class='ocrx_word' id='word_1_146' title='bbox 1173 2203 1334 2272; x_wconf 81' lang='grc' dir='ltr'>νόμον</span> <span class='ocrx_word' id='word_1_147' title='bbox 1362 2199 1635 2271; x_wconf 79' lang='grc' dir='ltr'>λατρείας.</span> 
     </span>
    </p>
   </div>
   <div class='ocr_carea' id='block_1_25' title="bbox 268 2289 1779 2361">
    <p class='ocr_par' dir='ltr' id='par_1_25' title="bbox 268 2289 1779 2361">
     <span class='ocr_line' id='line_1_25' title="bbox 268 2289 1779 2361; baseline -0.001 -17"><span class='ocrx_word' id='word_1_148' title='bbox 268 2290 694 2361; x_wconf 78' lang='grc' dir='ltr'>Δεδοξασμένα</span> <span class='ocrx_word' id='word_1_149' title='bbox 720 2290 989 2358; x_wconf 76' lang='grc' dir='ltr'><strong>ἐλαλήθη</strong></span> <span class='ocrx_word' id='word_1_150' title='bbox 1013 2291 1148 2359; x_wconf 79' lang='grc' dir='ltr'>περὶ</span> <span class='ocrx_word' id='word_1_151' title='bbox 1202 2292 1341 2353; x_wconf 84' lang='grc' dir='ltr'>σοῦ,</span> <span class='ocrx_word' id='word_1_152' title='bbox 1385 2293 1423 2359; x_wconf 75' lang='grc' dir='ltr'>ἡ</span> <span class='ocrx_word' id='word_1_153' title='bbox 1465 2292 1641 2355; x_wconf 81' lang='grc' dir='ltr'>πόλις</span> <span class='ocrx_word' id='word_1_154' title='bbox 1673 2289 1779 2343; x_wconf 83' lang='grc' dir='ltr'>τοῦ</span> 
     </span>
    </p>
   </div>
   <div class='ocr_carea' id='block_1_26' title="bbox 193 2381 1780 2453">
    <p class='ocr_par' dir='ltr' id='par_1_26' title="bbox 193 2381 1780 2453">
     <span class='ocr_line' id='line_1_26' title="bbox 193 2381 1780 2453; baseline -0.004 -16"><span class='ocrx_word' id='word_1_155' title='bbox 193 2381 372 2438; x_wconf 82' lang='grc' dir='ltr'>Θεοῦ.</span> <span class='ocrx_word' id='word_1_156' title='bbox 422 2383 586 2443; x_wconf 80' lang='grc' dir='ltr'>Πόλις</span> <span class='ocrx_word' id='word_1_157' title='bbox 644 2383 742 2453; x_wconf 81' lang='grc' dir='ltr'><strong>μὲν</strong></span> <span class='ocrx_word' id='word_1_158' title='bbox 800 2382 1180 2452; x_wconf 84' lang='grc' dir='ltr'>ἡἘκκλησία.</span> <span class='ocrx_word' id='word_1_159' title='bbox 1231 2383 1366 2435; x_wconf 86' lang='grc' dir='ltr'>Ποῖα</span> <span class='ocrx_word' id='word_1_160' title='bbox 1419 2381 1780 2450; x_wconf 80' lang='grc' dir='ltr'>δεδοξασμένα</span> 
     </span>
    </p>
   </div>
   <div class='ocr_carea' id='block_1_27' title="bbox 193 2472 1780 2546">
    <p class='ocr_par' dir='ltr' id='par_1_27' title="bbox 193 2472 1780 2546">
     <span class='ocr_line' id='line_1_27' title="bbox 193 2472 1780 2546; baseline -0.001 -19"><span class='ocrx_word' id='word_1_161' title='bbox 193 2473 435 2546; x_wconf 75' lang='grc' dir='ltr'>ἐλαλήθη</span> <span class='ocrx_word' id='word_1_162' title='bbox 459 2477 586 2545; x_wconf 71' lang='grc' dir='ltr'>περὶ</span> <span class='ocrx_word' id='word_1_163' title='bbox 640 2475 829 2546; x_wconf 69' lang='grc' dir='ltr'>αὐτῆς,</span> <span class='ocrx_word' id='word_1_164' title='bbox 959 2476 1020 2528; x_wconf 81' lang='grc' dir='ltr'><strong>τὸ</strong></span> <span class='ocrx_word' id='word_1_165' title='bbox 1045 2474 1367 2544; x_wconf 81' lang='grc' dir='ltr'>κατοικῆσαι</span> <span class='ocrx_word' id='word_1_166' title='bbox 1411 2473 1469 2526; x_wconf 83' lang='grc' dir='ltr'>ὲν</span> <span class='ocrx_word' id='word_1_167' title='bbox 1517 2473 1652 2543; x_wconf 82' lang='grc' dir='ltr'>αὐτῇ</span> <span class='ocrx_word' id='word_1_168' title='bbox 1689 2472 1780 2525; x_wconf 84' lang='grc' dir='ltr'><strong>τὸν</strong></span> 
     </span>
    </p>
   </div>
   <div class='ocr_carea' id='block_1_28' title="bbox 192 2563 1783 2640">
    <p class='ocr_par' dir='ltr' id='par_1_28' title="bbox 192 2563 1783 2640">
     <span class='ocr_line' id='line_1_28' title="bbox 192 2563 1783 2640; baseline -0.004 -17"><span class='ocrx_word' id='word_1_169' title='bbox 192 2570 504 2639; x_wconf 82' lang='grc' dir='ltr'>Μονογενῆ,</span> <span class='ocrx_word' id='word_1_170' title='bbox 537 2569 680 2622; x_wconf 78' lang='grc' dir='ltr'>κατὰ</span> <span class='ocrx_word' id='word_1_171' title='bbox 704 2569 762 2622; x_wconf 81' lang='grc' dir='ltr'><strong>τὸ</strong></span> <span class='ocrx_word' id='word_1_172' title='bbox 791 2569 1098 2640; x_wconf 77' lang='grc' dir='ltr'>εἰρημένονο</span> <span class='ocrx_word' id='word_1_173' title='bbox 1122 2563 1264 2622; x_wconf 72' lang='grc' dir='ltr'><strong>τΩδε</strong></span> <span class='ocrx_word' id='word_1_174' title='bbox 1304 2565 1664 2631; x_wconf 80' lang='grc' dir='ltr'>κατοικήσω,</span> <span class='ocrx_word' id='word_1_175' title='bbox 1694 2564 1783 2618; x_wconf 85' lang='grc' dir='ltr'>ὅτι</span> 
     </span>
    </p>
   </div>
   <div class='ocr_carea' id='block_1_29' title="bbox 197 2663 837 2732">
    <p class='ocr_par' dir='ltr' id='par_1_29' title="bbox 197 2663 837 2732">
     <span class='ocr_line' id='line_1_29' title="bbox 197 2663 837 2732; baseline -0.002 -15"><span class='ocrx_word' id='word_1_176' title='bbox 197 2663 573 2732; x_wconf 73' lang='grc' dir='ltr'>ῄρετισάμην</span> <span class='ocrx_word' id='word_1_177' title='bbox 607 2663 837 2732; x_wconf 76' lang='grc' dir='ltr'>αὑτήν;</span> 
     </span>
    </p>
   </div>
   <div class='ocr_carea' id='block_1_30' title="bbox 273 2745 1784 2822">
    <p class='ocr_par' dir='ltr' id='par_1_30' title="bbox 273 2745 1784 2822">
     <span class='ocr_line' id='line_1_30' title="bbox 273 2745 1784 2822; baseline -0.005 -17"><span class='ocrx_word' id='word_1_178' title='bbox 273 2753 713 2822; x_wconf 75' lang='grc' dir='ltr'>Μνησθήσομαι</span> <span class='ocrx_word' id='word_1_179' title='bbox 786 2751 968 2805; x_wconf 79' lang='grc' dir='ltr'><strong>Ῥαὰϐ</strong></span> <span class='ocrx_word' id='word_1_180' title='bbox 1040 2750 1140 2803; x_wconf 78' lang='grc' dir='ltr'>καὶ</span> <span class='ocrx_word' id='word_1_181' title='bbox 1213 2747 1586 2812; x_wconf 76' lang='grc' dir='ltr'>Βαϐυλῶνος.</span> <span class='ocrx_word' id='word_1_182' title='bbox 1663 2745 1784 2799; x_wconf 87' lang='grc' dir='ltr'><strong>Τῶν</strong></span> 
     </span>
    </p>
   </div>
   <div class='ocr_carea' id='block_1_31' title="bbox 198 2839 1786 2914">
    <p class='ocr_par' dir='ltr' id='par_1_31' title="bbox 198 2839 1786 2914">
     <span class='ocr_line' id='line_1_31' title="bbox 198 2839 1786 2914; baseline -0.005 -15"><span class='ocrx_word' id='word_1_183' title='bbox 198 2847 642 2914; x_wconf 62' lang='grc' dir='ltr'>ἐπιστρεφόντων</span> <span class='ocrx_word' id='word_1_184' title='bbox 689 2846 769 2908; x_wconf 74' lang='grc' dir='ltr'><strong>εἰς</strong></span> <span class='ocrx_word' id='word_1_185' title='bbox 814 2844 934 2914; x_wconf 80' lang='grc' dir='ltr'>ἐμὲ,</span> <span class='ocrx_word' id='word_1_186' title='bbox 975 2844 1128 2913; x_wconf 75' lang='grc' dir='ltr'>φησὶ,</span> <span class='ocrx_word' id='word_1_187' title='bbox 1174 2844 1393 2912; x_wconf 77' lang='grc' dir='ltr'>μνήμην</span> <span class='ocrx_word' id='word_1_188' title='bbox 1453 2841 1533 2903; x_wconf 75' lang='grc' dir='ltr'><strong>εἰς</strong></span> <span class='ocrx_word' id='word_1_189' title='bbox 1583 2839 1786 2907; x_wconf 84' lang='grc' dir='ltr'>ἀγαθὸν</span> 
     </span>
    </p>
   </div>
   <div class='ocr_carea' id='block_1_32' title="bbox 199 2931 1787 3010">
    <p class='ocr_par' dir='ltr' id='par_1_32' title="bbox 199 2931 1787 3010">
     <span class='ocr_line' id='line_1_32' title="bbox 199 2931 1787 3010; baseline -0.007 -17"><span class='ocrx_word' id='word_1_190' title='bbox 199 2941 523 3010; x_wconf 81' lang='grc' dir='ltr'>ποιήσομαι,</span> <span class='ocrx_word' id='word_1_191' title='bbox 565 2939 597 3008; x_wconf 85' lang='grc' dir='ltr'>ἢ</span> <span class='ocrx_word' id='word_1_192' title='bbox 651 2938 745 2990; x_wconf 72' lang='grc' dir='ltr'>καὶ</span> <span class='ocrx_word' id='word_1_193' title='bbox 789 2937 895 2988; x_wconf 85' lang='grc' dir='ltr'><strong>τῶν</strong></span> <span class='ocrx_word' id='word_1_194' title='bbox 925 2936 1168 2997; x_wconf 73' lang='grc' dir='ltr'>ἐκτόπως</span> <span class='ocrx_word' id='word_1_195' title='bbox 1223 2935 1303 2996; x_wconf 81' lang='grc' dir='ltr'><strong>είς</strong></span> <span class='ocrx_word' id='word_1_196' title='bbox 1350 2931 1659 3002; x_wconf 80' lang='grc' dir='ltr'>φιληδονίαν</span> <span class='ocrx_word' id='word_1_197' title='bbox 1695 2932 1787 2982; x_wconf 79' lang='grc' dir='ltr'>ὲκ-</span> 
     </span>
    </p>
   </div>
   <div class='ocr_carea' id='block_1_33' title="bbox 198 3020 1790 3098">
    <p class='ocr_par' dir='ltr' id='par_1_33' title="bbox 198 3020 1790 3098">
     <span class='ocr_line' id='line_1_33' title="bbox 198 3020 1790 3098; baseline -0.006 -13"><span class='ocrx_word' id='word_1_198' title='bbox 198 3033 561 3093; x_wconf 83' lang='grc' dir='ltr'>κεκλικότων,</span> <span class='ocrx_word' id='word_1_199' title='bbox 598 3030 692 3083; x_wconf 71' lang='grc' dir='ltr'><strong>καὶ</strong></span> <span class='ocrx_word' id='word_1_200' title='bbox 713 3020 822 3082; x_wconf 80' lang='grc' dir='ltr'><strong>τῶν</strong></span> <span class='ocrx_word' id='word_1_201' title='bbox 852 3028 989 3098; x_wconf 77' lang='grc' dir='ltr'>ἄγαν</span> <span class='ocrx_word' id='word_1_202' title='bbox 1021 3024 1572 3097; x_wconf 83' lang='grc' dir='ltr'>εἰδωλολατρούντων.</span> <span class='ocrx_word' id='word_1_203' title='bbox 1605 3021 1790 3075; x_wconf 75' lang='grc' dir='ltr'>Ταῦτα</span> 
     </span>
    </p>
   </div>
   <div class='ocr_carea' id='block_1_34' title="bbox 197 3113 1784 3195">
    <p class='ocr_par' dir='ltr' id='par_1_34' title="bbox 197 3113 1784 3195">
     <span class='ocr_line' id='line_1_34' title="bbox 197 3113 1784 3195; baseline -0.008 -18"><span class='ocrx_word' id='word_1_204' title='bbox 197 3125 309 3195; x_wconf 73' lang='grc' dir='ltr'>γὰρ</span> <span class='ocrx_word' id='word_1_205' title='bbox 358 3126 490 3194; x_wconf 79' lang='grc' dir='ltr'>ἡμῖν</span> <span class='ocrx_word' id='word_1_206' title='bbox 538 3124 776 3193; x_wconf 80' lang='grc' dir='ltr'>ὲσήμανε</span> <span class='ocrx_word' id='word_1_207' title='bbox 813 3120 901 3173; x_wconf 80' lang='grc' dir='ltr'>διὰ</span> <span class='ocrx_word' id='word_1_208' title='bbox 949 3119 1050 3187; x_wconf 79' lang='grc' dir='ltr'>τῆς</span> <span class='ocrx_word' id='word_1_209' title='bbox 1111 3116 1280 3171; x_wconf 76' lang='grc' dir='ltr'>Ῥαὰϐ</span> <span class='ocrx_word' id='word_1_210' title='bbox 1325 3117 1418 3170; x_wconf 77' lang='grc' dir='ltr'><strong>καὶ</strong></span> <span class='ocrx_word' id='word_1_211' title='bbox 1449 3113 1784 3176; x_wconf 74' lang='grc' dir='ltr'>Βαϐυλῶνος.</span> 
     </span>
    </p>
   </div>
   <div class='ocr_carea' id='block_1_35' title="bbox 199 3201 1790 3280">
    <p class='ocr_par' dir='ltr' id='par_1_35' title="bbox 199 3201 1790 3280">
     <span class='ocr_line' id='line_1_35' title="bbox 199 3201 1790 3280; baseline -0.008 -11"><span class='ocrx_word' id='word_1_212' title='bbox 199 3217 312 3269; x_wconf 78' lang='grc' dir='ltr'><strong>Καὶ</strong></span> <span class='ocrx_word' id='word_1_213' title='bbox 358 3212 515 3269; x_wconf 84' lang='grc' dir='ltr'>Ἰδοὺ</span> <span class='ocrx_word' id='word_1_214' title='bbox 560 3213 898 3280; x_wconf 61' lang='grc' dir='ltr'>ἀλλόφυλοι</span> <span class='ocrx_word' id='word_1_215' title='bbox 957 3210 1057 3263; x_wconf 79' lang='grc' dir='ltr'>καὶ</span> <span class='ocrx_word' id='word_1_216' title='bbox 1116 3210 1297 3276; x_wconf 75' lang='grc' dir='ltr'>Τύρος</span> <span class='ocrx_word' id='word_1_217' title='bbox 1358 3207 1454 3259; x_wconf 77' lang='grc' dir='ltr'>καὶ</span> <span class='ocrx_word' id='word_1_218' title='bbox 1494 3203 1644 3269; x_wconf 82' lang='grc' dir='ltr'>λαὸς</span> <span class='ocrx_word' id='word_1_219' title='bbox 1672 3201 1790 3256; x_wconf 82' lang='grc' dir='ltr'><strong>τῶν</strong></span> 
     </span>
    </p>
   </div>
   <div class='ocr_carea' id='block_1_36' title="bbox 198 3296 1791 3376">
    <p class='ocr_par' dir='ltr' id='par_1_36' title="bbox 198 3296 1791 3376">
     <span class='ocr_line' id='line_1_36' title="bbox 198 3296 1791 3376; baseline -0.011 -10"><span class='ocrx_word' id='word_1_220' title='bbox 198 3308 522 3366; x_wconf 66' lang='grc' dir='ltr'>Αἰθιόπων.</span> <span class='ocrx_word' id='word_1_221' title='bbox 552 3307 802 3360; x_wconf 78' lang='grc' dir='ltr'>Διδάσκει</span> <span class='ocrx_word' id='word_1_222' title='bbox 829 3306 977 3376; x_wconf 82' lang='grc' dir='ltr'>ἡμᾶς</span> <span class='ocrx_word' id='word_1_223' title='bbox 1006 3305 1034 3356; x_wconf 97' lang='lat'><strong>6</strong></span> <span class='ocrx_word' id='word_1_224' title='bbox 1080 3301 1238 3369; x_wconf 84' lang='grc' dir='ltr'>λόγος</span> <span class='ocrx_word' id='word_1_225' title='bbox 1269 3299 1475 3368; x_wconf 81' lang='grc' dir='ltr'>σαφῶς,</span> <span class='ocrx_word' id='word_1_226' title='bbox 1507 3299 1589 3350; x_wconf 85' lang='grc' dir='ltr'>ὃτι</span> <span class='ocrx_word' id='word_1_227' title='bbox 1628 3296 1692 3368; x_wconf 81' lang='grc' dir='ltr'>δὴ</span> <span class='ocrx_word' id='word_1_228' title='bbox 1726 3298 1791 3349; x_wconf 83' lang='grc' dir='ltr'>ὲκ</span> 
     </span>
    </p>
   </div>
   <div class='ocr_carea' id='block_1_37' title="bbox 199 3392 1544 3470">
    <p class='ocr_par' dir='ltr' id='par_1_37' title="bbox 199 3392 1544 3470">
     <span class='ocr_line' id='line_1_37' title="bbox 199 3392 1544 3470; baseline -0.01 -14"><span class='ocrx_word' id='word_1_229' title='bbox 199 3404 426 3456; x_wconf 76' lang='grc' dir='ltr'>πάντων</span> <span class='ocrx_word' id='word_1_230' title='bbox 459 3401 568 3470; x_wconf 78' lang='grc' dir='ltr'><strong>τῶν</strong></span> <span class='ocrx_word' id='word_1_231' title='bbox 598 3400 766 3454; x_wconf 73' lang='grc' dir='ltr'>ἐθνῶν</span> <span class='ocrx_word' id='word_1_232' title='bbox 800 3400 834 3470; x_wconf 83' lang='grc' dir='ltr'>ἡ</span> <span class='ocrx_word' id='word_1_233' title='bbox 875 3397 1167 3467; x_wconf 85' lang='grc' dir='ltr'>Ἐκκλησία</span> <span class='ocrx_word' id='word_1_234' title='bbox 1198 3392 1544 3462; x_wconf 74' lang='grc' dir='ltr'>συνέστηκεν.</span> 
     </span>
    </p>
   </div>
   <div class='ocr_carea' id='block_1_38' title="bbox 274 3481 1795 3562">
    <p class='ocr_par' dir='ltr' id='par_1_38' title="bbox 274 3481 1795 3562">
     <span class='ocr_line' id='line_1_38' title="bbox 274 3481 1795 3562; baseline -0.01 -14"><span class='ocrx_word' id='word_1_235' title='bbox 274 3495 489 3562; x_wconf 75' lang='grc' dir='ltr'>Μήτηρ</span> <span class='ocrx_word' id='word_1_236' title='bbox 545 3493 698 3547; x_wconf 89' lang='grc' dir='ltr'>Σιὼν</span> <span class='ocrx_word' id='word_1_237' title='bbox 727 3491 866 3560; x_wconf 74' lang='grc' dir='ltr'><strong>ἑρεῖο</strong></span> <span class='ocrx_word' id='word_1_238' title='bbox 922 3492 1300 3556; x_wconf 78' lang='grc' dir='ltr'>Ἀνθρωπος,</span> <span class='ocrx_word' id='word_1_239' title='bbox 1331 3483 1430 3537; x_wconf 79' lang='grc' dir='ltr'>καὶ</span> <span class='ocrx_word' id='word_1_240' title='bbox 1483 3481 1795 3550; x_wconf 81' lang='grc' dir='ltr'>ἅνθρωπος</span> 
     </span>
    </p>
   </div>
   <div class='ocr_carea' id='block_1_39' title="bbox 200 3573 1793 3659">
    <p class='ocr_par' dir='ltr' id='par_1_39' title="bbox 200 3573 1793 3659">
     <span class='ocr_line' id='line_1_39' title="bbox 200 3573 1793 3659; baseline -0.013 -14"><span class='ocrx_word' id='word_1_241' title='bbox 200 3587 502 3659; x_wconf 78' lang='grc' dir='ltr'>ἐγεννήθη</span> <span class='ocrx_word' id='word_1_242' title='bbox 526 3587 596 3640; x_wconf 87' lang='grc' dir='ltr'>ἑν</span> <span class='ocrx_word' id='word_1_243' title='bbox 623 3583 798 3652; x_wconf 79' lang='grc' dir='ltr'>αὐτῇ.</span> <span class='ocrx_word' id='word_1_244' title='bbox 841 3582 1069 3653; x_wconf 79' lang='grc' dir='ltr'>Μητέρα</span> <span class='ocrx_word' id='word_1_245' title='bbox 1117 3577 1271 3649; x_wconf 78' lang='grc' dir='ltr'>φησὶ,</span> <span class='ocrx_word' id='word_1_246' title='bbox 1328 3576 1482 3647; x_wconf 76' lang='grc' dir='ltr'>δῆλον</span> <span class='ocrx_word' id='word_1_247' title='bbox 1509 3574 1586 3638; x_wconf 84' lang='grc' dir='ltr'><strong>δὲ,</strong></span> <span class='ocrx_word' id='word_1_248' title='bbox 1634 3575 1716 3627; x_wconf 87' lang='grc' dir='ltr'>ὅτι</span> <span class='ocrx_word' id='word_1_249' title='bbox 1744 3573 1793 3625; x_wconf 84' lang='grc' dir='ltr'>οἱ</span> 
     </span>
    </p>
   </div>
   <div class='ocr_carea' id='block_1_40' title="bbox 206 3665 1796 3745">
    <p class='ocr_par' dir='ltr' id='par_1_40' title="bbox 206 3665 1796 3745">
     <span class='ocr_line' id='line_1_40' title="bbox 206 3665 1796 3745; baseline -0.011 -13"><span class='ocrx_word' id='word_1_250' title='bbox 206 3676 643 3738; x_wconf 82' lang='grc' dir='ltr'>πεπιστευκότες</span> <span class='ocrx_word' id='word_1_251' title='bbox 688 3673 784 3745; x_wconf 79' lang='grc' dir='ltr'><strong>τὴν</strong></span> <span class='ocrx_word' id='word_1_252' title='bbox 812 3671 950 3725; x_wconf 86' lang='grc' dir='ltr'>Σιὼν</span> <span class='ocrx_word' id='word_1_253' title='bbox 983 3673 1102 3740; x_wconf 70' lang='grc' dir='ltr'>ἤτοι</span> <span class='ocrx_word' id='word_1_254' title='bbox 1132 3669 1232 3738; x_wconf 77' lang='grc' dir='ltr'>τὴν</span> <span class='ocrx_word' id='word_1_255' title='bbox 1286 3665 1610 3736; x_wconf 83' lang='grc' dir='ltr'>Ἐκκλησίαν</span> <span class='ocrx_word' id='word_1_256' title='bbox 1671 3665 1796 3716; x_wconf 78' lang='grc' dir='ltr'>επι-</span> 
     </span>
    </p>
   </div>
   <div class='ocr_carea' id='block_1_41' title="bbox 204 3753 1796 3841">
    <p class='ocr_par' dir='ltr' id='par_1_41' title="bbox 204 3753 1796 3841">
     <span class='ocr_line' id='line_1_41' title="bbox 204 3753 1796 3841; baseline -0.011 -17"><span class='ocrx_word' id='word_1_257' title='bbox 204 3766 556 3841; x_wconf 72' lang='grc' dir='ltr'>γραψόμεθα,</span> <span class='ocrx_word' id='word_1_258' title='bbox 578 3768 634 3819; x_wconf 81' lang='grc' dir='ltr'>ὲν</span> <span class='ocrx_word' id='word_1_259' title='bbox 667 3759 748 3838; x_wconf 61' lang='lat' dir='ltr'><strong>ﬁo</strong></span> <span class='ocrx_word' id='word_1_260' title='bbox 778 3763 1080 3835; x_wconf 84' lang='grc' dir='ltr'>ἅνθρωπος.</span> <span class='ocrx_word' id='word_1_261' title='bbox 1107 3759 1188 3830; x_wconf 76' lang='grc' dir='ltr'>ἢὸ</span> <span class='ocrx_word' id='word_1_262' title='bbox 1218 3756 1378 3822; x_wconf 80' lang='grc' dir='ltr'>αὐτὸς</span> <span class='ocrx_word' id='word_1_263' title='bbox 1406 3761 1434 3812; x_wconf 88' lang='grc' dir='ltr'>ὁ</span> <span class='ocrx_word' id='word_1_264' title='bbox 1463 3753 1796 3826; x_wconf 81' lang='grc' dir='ltr'>θεμελιώσας</span> 
     </span>
    </p>
   </div>
   <div class='ocr_carea' id='block_1_42' title="bbox 206 3845 1795 3931">
    <p class='ocr_par' dir='ltr' id='par_1_42' title="bbox 206 3845 1795 3931">
     <span class='ocr_line' id='line_1_42' title="bbox 206 3845 1795 3931; baseline -0.01 -15"><span class='ocrx_word' id='word_1_265' title='bbox 206 3861 402 3931; x_wconf 76' lang='grc' dir='ltr'>αὐτήν.</span> <span class='ocrx_word' id='word_1_266' title='bbox 451 3854 619 3922; x_wconf 76' lang='grc' dir='ltr'>Οὗτος</span> <span class='ocrx_word' id='word_1_267' title='bbox 673 3857 730 3910; x_wconf 81' lang='grc' dir='ltr'><strong>δέ</strong></span> <span class='ocrx_word' id='word_1_268' title='bbox 781 3857 929 3909; x_wconf 74' lang='grc' dir='ltr'>ἐστιν</span> <span class='ocrx_word' id='word_1_269' title='bbox 974 3857 1002 3907; x_wconf 90' lang='lat'><strong>6</strong></span> <span class='ocrx_word' id='word_1_270' title='bbox 1064 3854 1356 3925; x_wconf 88' lang='grc' dir='ltr'>γενόμενος</span> <span class='ocrx_word' id='word_1_271' title='bbox 1415 3851 1482 3903; x_wconf 83' lang='grc' dir='ltr'>δι’</span> <span class='ocrx_word' id='word_1_272' title='bbox 1511 3849 1660 3919; x_wconf 85' lang='grc' dir='ltr'>ἡμᾶς</span> <span class='ocrx_word' id='word_1_273' title='bbox 1699 3845 1795 3900; x_wconf 82' lang='grc' dir='ltr'><strong>ἄν-</strong></span> 
     </span>
    </p>
   </div>
   <div class='ocr_carea' id='block_1_43' title="bbox 207 3938 1800 4025">
    <p class='ocr_par' dir='ltr' id='par_1_43' title="bbox 207 3938 1800 4025">
     <span class='ocr_line' id='line_1_43' title="bbox 207 3938 1800 4025; baseline -0.012 -18"><span class='ocrx_word' id='word_1_274' title='bbox 207 3953 454 4025; x_wconf 84' lang='grc' dir='ltr'>θρωπος,</span> <span class='ocrx_word' id='word_1_275' title='bbox 488 3953 582 4005; x_wconf 77' lang='grc' dir='ltr'><strong>καὶ</strong></span> <span class='ocrx_word' id='word_1_276' title='bbox 616 3947 1088 4016; x_wconf 74' lang='grc' dir='ltr'>ἐπαγγελλόμενος</span> <span class='ocrx_word' id='word_1_277' title='bbox 1118 3946 1212 3999; x_wconf 78' lang='grc' dir='ltr'>ἐπὶ</span> <span class='ocrx_word' id='word_1_278' title='bbox 1241 3944 1340 4016; x_wconf 79' lang='grc' dir='ltr'>τὴν</span> <span class='ocrx_word' id='word_1_279' title='bbox 1394 3941 1602 4012; x_wconf 82' lang='grc' dir='ltr'>πέτραν</span> <span class='ocrx_word' id='word_1_280' title='bbox 1638 3938 1800 4008; x_wconf 88' lang='grc' dir='ltr'>θεμε-</span> 
     </span>
    </p>
   </div>
   <div class='ocr_carea' id='block_1_44' title="bbox 206 4041 950 4114">
    <p class='ocr_par' dir='ltr' id='par_1_44' title="bbox 206 4041 950 4114">
     <span class='ocr_line' id='line_1_44' title="bbox 206 4041 950 4114; baseline -0.009 -15"><span class='ocrx_word' id='word_1_281' title='bbox 206 4045 405 4099; x_wconf 82' lang='grc' dir='ltr'>λιῶσαι</span> <span class='ocrx_word' id='word_1_282' title='bbox 455 4043 553 4114; x_wconf 78' lang='grc' dir='ltr'><strong>τὴν</strong></span> <span class='ocrx_word' id='word_1_283' title='bbox 605 4041 950 4111; x_wconf 86' lang='grc' dir='ltr'>Ἐκκλησίαν.</span> 
     </span>
    </p>
   </div>
   <div class='ocr_carea' id='block_1_45' title="bbox 283 4122 1799 4206">
    <p class='ocr_par' dir='ltr' id='par_1_45' title="bbox 283 4122 1799 4206">
     <span class='ocr_line' id='line_1_45' title="bbox 283 4122 1799 4206; baseline -0.013 -12"><span class='ocrx_word' id='word_1_284' title='bbox 283 4139 510 4206; x_wconf 85' lang='grc' dir='ltr'>Κύριος</span> <span class='ocrx_word' id='word_1_285' title='bbox 565 4134 915 4204; x_wconf 76' lang='grc' dir='ltr'>διηγήσεται</span> <span class='ocrx_word' id='word_1_286' title='bbox 970 4132 1042 4185; x_wconf 83' lang='grc' dir='ltr'>ἐν</span> <span class='ocrx_word' id='word_1_287' title='bbox 1087 4127 1286 4200; x_wconf 64' lang='grc' dir='ltr'>τραφῇ</span> <span class='ocrx_word' id='word_1_288' title='bbox 1327 4125 1496 4182; x_wconf 83' lang='grc' dir='ltr'>λαῶν</span> <span class='ocrx_word' id='word_1_289' title='bbox 1543 4123 1642 4179; x_wconf 76' lang='grc' dir='ltr'>καὶ</span> <span class='ocrx_word' id='word_1_290' title='bbox 1693 4122 1799 4190; x_wconf 86' lang='grc' dir='ltr'><strong>ἀρ-</strong></span> 
     </span>
    </p>
   </div>
   <div class='ocr_carea' id='block_1_46' title="bbox 209 4213 1800 4308">
    <p class='ocr_par' dir='ltr' id='par_1_46' title="bbox 209 4213 1800 4308">
     <span class='ocr_line' id='line_1_46' title="bbox 209 4213 1800 4308; baseline -0.013 -23"><span class='ocrx_word' id='word_1_291' title='bbox 209 4233 469 4308; x_wconf 69' lang='grc' dir='ltr'>χόντων.</span> <span class='ocrx_word' id='word_1_292' title='bbox 507 4229 625 4282; x_wconf 88' lang='grc' dir='ltr'>Τῶν</span> <span class='ocrx_word' id='word_1_293' title='bbox 658 4227 823 4290; x_wconf 88' lang='grc' dir='ltr'>λαῶν,</span> <span class='ocrx_word' id='word_1_294' title='bbox 870 4226 1025 4295; x_wconf 74' lang='grc' dir='ltr'>φησὶ,</span> <span class='ocrx_word' id='word_1_295' title='bbox 1071 4221 1306 4277; x_wconf 74' lang='grc' dir='ltr'>καὶτῶν</span> <span class='ocrx_word' id='word_1_296' title='bbox 1368 4217 1644 4289; x_wconf 82' lang='grc' dir='ltr'>ἀρχόντων</span> <span class='ocrx_word' id='word_1_297' title='bbox 1692 4213 1800 4267; x_wconf 84' lang='grc' dir='ltr'><strong>τῶν</strong></span> 
     </span>
    </p>
   </div>
   <div class='ocr_carea' id='block_1_47' title="bbox 210 4304 1804 4391">
    <p class='ocr_par' dir='ltr' id='par_1_47' title="bbox 210 4304 1804 4391">
     <span class='ocr_line' id='line_1_47' title="bbox 210 4304 1804 4391; baseline -0.014 -15"><span class='ocrx_word' id='word_1_298' title='bbox 210 4304 268 4377; x_wconf 63' lang='grc' dir='ltr'>ἐν</span> <span class='ocrx_word' id='word_1_299' title='bbox 303 4323 446 4391; x_wconf 74' lang='grc' dir='ltr'>αὐτῇ</span> <span class='ocrx_word' id='word_1_300' title='bbox 506 4323 572 4390; x_wconf 83' lang='grc' dir='ltr'>τῇ</span> <span class='ocrx_word' id='word_1_301' title='bbox 615 4316 912 4388; x_wconf 71' lang='grc' dir='ltr'>Ἐκκλησία</span> <span class='ocrx_word' id='word_1_302' title='bbox 943 4314 1272 4385; x_wconf 84' lang='grc' dir='ltr'>γενομένων,</span> <span class='ocrx_word' id='word_1_303' title='bbox 1303 4313 1332 4363; x_wconf 88' lang='grc' dir='ltr'>ὁ</span> <span class='ocrx_word' id='word_1_304' title='bbox 1379 4309 1583 4378; x_wconf 85' lang='grc' dir='ltr'>Κύριος</span> <span class='ocrx_word' id='word_1_305' title='bbox 1611 4304 1804 4374; x_wconf 87' lang='grc' dir='ltr'>διηγή-</span> 
     </span>
    </p>
   </div>
   <div class='ocr_carea' id='block_1_48' title="bbox 212 4397 1800 4482">
    <p class='ocr_par' dir='ltr' id='par_1_48' title="bbox 212 4397 1800 4482">
     <span class='ocr_line' id='line_1_48' title="bbox 212 4397 1800 4482; baseline -0.014 -13"><span class='ocrx_word' id='word_1_306' title='bbox 212 4433 369 4468; x_wconf 85' lang='grc' dir='ltr'>σεται</span> <span class='ocrx_word' id='word_1_307' title='bbox 399 4412 499 4480; x_wconf 71' lang='grc' dir='ltr'>τὴν</span> <span class='ocrx_word' id='word_1_308' title='bbox 519 4412 758 4482; x_wconf 75' lang='grc' dir='ltr'>γραφήν.</span> <span class='ocrx_word' id='word_1_309' title='bbox 814 4410 923 4463; x_wconf 78' lang='grc' dir='ltr'>Καὶ</span> <span class='ocrx_word' id='word_1_310' title='bbox 956 4407 1070 4470; x_wconf 86' lang='grc' dir='ltr'><strong>πῶς</strong></span> <span class='ocrx_word' id='word_1_311' title='bbox 1121 4405 1207 4468; x_wconf 88' lang='grc' dir='ltr'><strong>ἂν,</strong></span> <span class='ocrx_word' id='word_1_312' title='bbox 1238 4403 1423 4472; x_wconf 71' lang='grc' dir='ltr'>φησὶν,</span> <span class='ocrx_word' id='word_1_313' title='bbox 1465 4400 1498 4471; x_wconf 81' lang='grc' dir='ltr'>ἢ</span> <span class='ocrx_word' id='word_1_314' title='bbox 1530 4397 1625 4468; x_wconf 76' lang='grc' dir='ltr'>τὴν</span> <span class='ocrx_word' id='word_1_315' title='bbox 1663 4397 1800 4448; x_wconf 84' lang='grc' dir='ltr'>ἀπο-</span> 
     </span>
    </p>
   </div>
   <div class='ocr_carea' id='block_1_49' title="bbox 211 4485 1880 4578">
    <p class='ocr_par' dir='ltr' id='par_1_49' title="bbox 211 4485 1880 4578">
     <span class='ocr_line' id='line_1_49' title="bbox 211 4485 1880 4578; baseline -0.016 -16"><span class='ocrx_word' id='word_1_316' title='bbox 211 4505 434 4578; x_wconf 76' lang='grc' dir='ltr'>νραφὴν</span> <span class='ocrx_word' id='word_1_317' title='bbox 462 4505 558 4574; x_wconf 80' lang='grc' dir='ltr'><strong>τὴν</strong></span> <span class='ocrx_word' id='word_1_318' title='bbox 596 4502 893 4572; x_wconf 80' lang='grc' dir='ltr'>γενομένην</span> <span class='ocrx_word' id='word_1_319' title='bbox 928 4502 985 4552; x_wconf 81' lang='grc' dir='ltr'><strong>ἐν</strong></span> <span class='ocrx_word' id='word_1_320' title='bbox 1039 4501 1150 4562; x_wconf 89' lang='grc' dir='ltr'>τοῖς</span> <span class='ocrx_word' id='word_1_321' title='bbox 1200 4496 1468 4566; x_wconf 77' lang='grc' dir='ltr'>οὐρανοῖς,</span> <span class='ocrx_word' id='word_1_322' title='bbox 1511 4491 1576 4560; x_wconf 74' lang='grc' dir='ltr'>ἣν</span> <span class='ocrx_word' id='word_1_323' title='bbox 1643 4485 1804 4548; x_wconf 83' lang='grc' dir='ltr'>αὐτὸς</span> <span class='ocrx_word' id='word_1_324' title='bbox 1839 4493 1880 4547; x_wconf 84' lang='lat' dir='ltr'><strong>D</strong></span> 
     </span>
    </p>
   </div>
   <div class='ocr_carea' id='block_1_50' title="bbox 214 4579 1804 4664">
    <p class='ocr_par' dir='ltr' id='par_1_50' title="bbox 214 4579 1804 4664">
     <span class='ocr_line' id='line_1_50' title="bbox 214 4579 1804 4664; baseline -0.013 -14"><span class='ocrx_word' id='word_1_325' title='bbox 214 4599 402 4660; x_wconf 72' lang='grc' dir='ltr'>αὐτοῖς</span> <span class='ocrx_word' id='word_1_326' title='bbox 432 4595 752 4664; x_wconf 75' lang='grc' dir='ltr'>διηγήσεται</span> <span class='ocrx_word' id='word_1_327' title='bbox 781 4592 954 4659; x_wconf 71' lang='grc' dir='ltr'>λέγων</span> <span class='ocrx_word' id='word_1_328' title='bbox 979 4606 992 4620; x_wconf 73' lang='grc' dir='ltr'><strong><em>ο</em></strong></span> <span class='ocrx_word' id='word_1_329' title='bbox 1029 4589 1292 4656; x_wconf 82' lang='grc' dir='ltr'>Χαίρετε,</span> <span class='ocrx_word' id='word_1_330' title='bbox 1324 4584 1413 4637; x_wconf 85' lang='grc' dir='ltr'>ὅτι</span> <span class='ocrx_word' id='word_1_331' title='bbox 1442 4583 1515 4635; x_wconf 86' lang='grc' dir='ltr'>τὰ</span> <span class='ocrx_word' id='word_1_332' title='bbox 1543 4579 1804 4647; x_wconf 81' lang='grc' dir='ltr'>ὀνόματα</span> 
     </span>
    </p>
   </div>
   <div class='ocr_carea' id='block_1_51' title="bbox 216 4681 1230 4759">
    <p class='ocr_par' dir='ltr' id='par_1_51' title="bbox 216 4681 1230 4759">
     <span class='ocr_line' id='line_1_51' title="bbox 216 4681 1230 4759; baseline -0.007 -19"><span class='ocrx_word' id='word_1_333' title='bbox 216 4689 391 4759; x_wconf 82' lang='grc' dir='ltr'>ὑμῶν</span> <span class='ocrx_word' id='word_1_334' title='bbox 417 4687 646 4757; x_wconf 57' lang='grc' dir='ltr'>ἐγράφη</span> <span class='ocrx_word' id='word_1_335' title='bbox 671 4687 741 4739; x_wconf 83' lang='grc' dir='ltr'>ἐν</span> <span class='ocrx_word' id='word_1_336' title='bbox 768 4684 892 4750; x_wconf 84' lang='grc' dir='ltr'>τοῖς</span> <span class='ocrx_word' id='word_1_337' title='bbox 915 4681 1230 4751; x_wconf 81' lang='grc' dir='ltr'>οὐρανοῖς;</span> 
     </span>
    </p>
   </div>
   <div class='ocr_carea' id='block_1_52' title="bbox 302 4759 1802 4846">
    <p class='ocr_par' dir='ltr' id='par_1_52' title="bbox 302 4759 1802 4846">
     <span class='ocr_line' id='line_1_52' title="bbox 302 4759 1802 4846; baseline -0.013 -13"><span class='ocrx_word' id='word_1_338' title='bbox 302 4780 402 4844; x_wconf 83' lang='grc' dir='ltr'>Ὠς</span> <span class='ocrx_word' id='word_1_339' title='bbox 437 4774 924 4846; x_wconf 66' lang='grc' dir='ltr'>εὐφραινομένων</span> <span class='ocrx_word' id='word_1_340' title='bbox 956 4771 1198 4825; x_wconf 81' lang='grc' dir='ltr'>πάντων</span> <span class='ocrx_word' id='word_1_341' title='bbox 1232 4770 1270 4836; x_wconf 79' lang='grc' dir='ltr'><em>ἠ</em></span> <span class='ocrx_word' id='word_1_342' title='bbox 1299 4764 1572 4820; x_wconf 80' lang='grc' dir='ltr'>κατοικία</span> <span class='ocrx_word' id='word_1_343' title='bbox 1591 4762 1660 4816; x_wconf 84' lang='grc' dir='ltr'>ἐν</span> <span class='ocrx_word' id='word_1_344' title='bbox 1682 4759 1802 4814; x_wconf 84' lang='grc' dir='ltr'>σοί.</span> 
     </span>
    </p>
   </div>
   <div class='ocr_carea' id='block_1_53' title="bbox 219 4852 1806 4938">
    <p class='ocr_par' dir='ltr' id='par_1_53' title="bbox 219 4852 1806 4938">
     <span class='ocr_line' id='line_1_53' title="bbox 219 4852 1806 4938; baseline -0.013 -15"><span class='ocrx_word' id='word_1_345' title='bbox 219 4871 413 4928; x_wconf 83' lang='grc' dir='ltr'>Ὅταν.</span> <span class='ocrx_word' id='word_1_346' title='bbox 454 4869 652 4938; x_wconf 74' lang='grc' dir='ltr'>φησὶν,</span> <span class='ocrx_word' id='word_1_347' title='bbox 709 4867 766 4918; x_wconf 84' lang='grc' dir='ltr'><strong>ὲν</strong></span> <span class='ocrx_word' id='word_1_348' title='bbox 809 4865 891 4917; x_wconf 78' lang='grc' dir='ltr'><strong>σοὶ</strong></span> <span class='ocrx_word' id='word_1_349' title='bbox 954 4863 1172 4916; x_wconf 69' lang='grc' dir='ltr'>πάντων</span> <span class='ocrx_word' id='word_1_350' title='bbox 1231 4862 1264 4931; x_wconf 85' lang='grc' dir='ltr'><strong>ἡ</strong></span> <span class='ocrx_word' id='word_1_351' title='bbox 1319 4856 1572 4913; x_wconf 83' lang='grc' dir='ltr'>κατοικία</span> <span class='ocrx_word' id='word_1_352' title='bbox 1611 4852 1720 4906; x_wconf 86' lang='grc' dir='ltr'><strong>τῶν</strong></span> <span class='ocrx_word' id='word_1_353' title='bbox 1748 4852 1806 4902; x_wconf 83' lang='grc' dir='ltr'>ὲν</span> 
     </span>
    </p>
   </div>
   <div class='ocr_carea' id='block_1_54' title="bbox 216 4947 1808 5034">
    <p class='ocr_par' dir='ltr' id='par_1_54' title="bbox 216 4947 1808 5034">
     <span class='ocr_line' id='line_1_54' title="bbox 216 4947 1808 5034; baseline -0.013 -19"><span class='ocrx_word' id='word_1_354' title='bbox 216 4967 286 5034; x_wconf 84' lang='grc' dir='ltr'>τῇ</span> <span class='ocrx_word' id='word_1_355' title='bbox 325 4961 624 5032; x_wconf 76' lang='grc' dir='ltr'>Ἐκκλησία</span> <span class='ocrx_word' id='word_1_356' title='bbox 649 4959 892 5029; x_wconf 82' lang='grc' dir='ltr'>γένηται,</span> <span class='ocrx_word' id='word_1_357' title='bbox 926 4957 1048 5009; x_wconf 84' lang='grc' dir='ltr'>τότε</span> <span class='ocrx_word' id='word_1_358' title='bbox 1093 4956 1210 5010; x_wconf 75' lang='grc' dir='ltr'>καὶ¹</span> <span class='ocrx_word' id='word_1_359' title='bbox 1233 4951 1568 5023; x_wconf 74' lang='grc' dir='ltr'>εὐφροσύνης</span> <span class='ocrx_word' id='word_1_360' title='bbox 1599 4947 1808 5000; x_wconf 78' lang='grc' dir='ltr'>ἔσονται</span> 
     </span>
    </p>
   </div>
   <div class='ocr_carea' id='block_1_55' title="bbox 220 5057 480 5127">
    <p class='ocr_par' dir='ltr' id='par_1_55' title="bbox 220 5057 480 5127">
     <span class='ocr_line' id='line_1_55' title="bbox 220 5057 480 5127; baseline -0.012 -18"><span class='ocrx_word' id='word_1_361' title='bbox 220 5057 480 5127; x_wconf 64' lang='grc' dir='ltr'>πλῆρεις.</span> 
     </span>
    </p>
   </div>
   <div class='ocr_carea' id='block_1_56' title="bbox 233 5133 1808 5220">
    <p class='ocr_par' dir='ltr' id='par_1_56' title="bbox 233 5133 1808 5220">
     <span class='ocr_line' id='line_1_56' title="bbox 233 5133 1808 5220; baseline -0.011 -17"><span class='ocrx_word' id='word_1_362' title='bbox 233 5149 376 5220; x_wconf 73' lang='grc' dir='ltr'><strong>ᾨδὴ</strong></span> <span class='ocrx_word' id='word_1_363' title='bbox 420 5149 737 5202; x_wconf 81' lang='grc' dir='ltr'><strong>ΨΑΛΜΟΥ</strong></span> <span class='ocrx_word' id='word_1_364' title='bbox 763 5145 886 5210; x_wconf 85' lang='grc' dir='ltr'>τοῖς</span> <span class='ocrx_word' id='word_1_365' title='bbox 913 5142 1065 5209; x_wconf 82' lang='grc' dir='ltr'>υἱοῖς</span> <span class='ocrx_word' id='word_1_366' title='bbox 1099 5137 1264 5220; x_wconf 70' lang='grc' dir='ltr'>Κορέ.</span> <span class='ocrx_word' id='word_1_367' title='bbox 1311 5139 1414 5203; x_wconf 81' lang='grc' dir='ltr'><strong>Εἰς</strong></span> <span class='ocrx_word' id='word_1_368' title='bbox 1438 5135 1610 5201; x_wconf 85' lang='grc' dir='ltr'>τέλος</span> <span class='ocrx_word' id='word_1_369' title='bbox 1657 5133 1808 5201; x_wconf 79' lang='grc' dir='ltr'><strong>ὑπὲρ</strong></span> 
     </span>
    </p>
   </div>
   <div class='ocr_carea' id='block_1_57' title="bbox 296 5217 1810 5304">
    <p class='ocr_par' dir='ltr' id='par_1_57' title="bbox 296 5217 1810 5304">
     <span class='ocr_line' id='line_1_57' title="bbox 296 5217 1810 5304; baseline -0.012 -10"><span class='ocrx_word' id='word_1_370' title='bbox 296 5240 532 5295; x_wconf 73' lang='grc' dir='ltr'>Μαελὲθ</span> <span class='ocrx_word' id='word_1_371' title='bbox 556 5239 659 5292; x_wconf 88' lang='grc' dir='ltr'>τοῦ</span> <span class='ocrx_word' id='word_1_372' title='bbox 704 5233 1118 5304; x_wconf 79' lang='grc' dir='ltr'>ἀποκριθῆναι,</span> <span class='ocrx_word' id='word_1_373' title='bbox 1159 5217 1466 5295; x_wconf 76' lang='grc' dir='ltr'>συνέσεως</span> <span class='ocrx_word' id='word_1_374' title='bbox 1524 5228 1703 5295; x_wconf 84' lang='grc' dir='ltr'>Ἐθὰμ</span> <span class='ocrx_word' id='word_1_375' title='bbox 1729 5223 1810 5289; x_wconf 85' lang='grc' dir='ltr'>τῷ</span> 
     </span>
    </p>
   </div>
   <div class='ocr_carea' id='block_1_58' title="bbox 310 5324 1296 5400">
    <p class='ocr_par' dir='ltr' id='par_1_58' title="bbox 310 5324 1296 5400">
     <span class='ocr_line' id='line_1_58' title="bbox 310 5324 1296 5400; baseline -0.007 -14"><span class='ocrx_word' id='word_1_376' title='bbox 310 5331 682 5400; x_wconf 78' lang='grc' dir='ltr'>Ἰσραηλίτῃ.</span> <span class='ocrx_word' id='word_1_377' title='bbox 720 5328 850 5382; x_wconf 85' lang='grc' dir='ltr'><em>ΠΖ¹.</em></span> <span class='ocrx_word' id='word_1_378' title='bbox 1289 5324 1296 5332; x_wconf 84' lang='grc'><strong>’</strong></span> 
     </span>
    </p>
   </div>
   <div class='ocr_carea' id='block_1_59' title="bbox 839 5420 1172 5481">
    <p class='ocr_par' dir='ltr' id='par_1_59' title="bbox 839 5420 1172 5481">
     <span class='ocr_line' id='line_1_59' title="bbox 839 5420 1172 5481; baseline -0.015 -7"><span class='ocrx_word' id='word_1_379' title='bbox 839 5420 1172 5481; x_wconf 80' lang='grc' dir='ltr'>Ὕπόθεσις.</span> 
     </span>
    </p>
   </div>
   <div class='ocr_carea' id='block_1_60' title="bbox 240 5501 1812 5585">
    <p class='ocr_par' dir='ltr' id='par_1_60' title="bbox 240 5501 1812 5585">
     <span class='ocr_line' id='line_1_60' title="bbox 240 5501 1812 5585; baseline -0.011 -14"><span class='ocrx_word' id='word_1_380' title='bbox 240 5519 331 5574; x_wconf 83' lang='grc' dir='ltr'><strong>Ἐν</strong></span> <span class='ocrx_word' id='word_1_381' title='bbox 379 5513 554 5585; x_wconf 84' lang='grc' dir='ltr'>τούτῳ</span> <span class='ocrx_word' id='word_1_382' title='bbox 591 5531 670 5582; x_wconf 85' lang='grc' dir='ltr'>τῳ</span> <span class='ocrx_word' id='word_1_383' title='bbox 735 5509 936 5581; x_wconf 74' lang='grc' dir='ltr'>φαλμῴ</span> <span class='ocrx_word' id='word_1_384' title='bbox 981 5510 1009 5560; x_wconf 89' lang='grc' dir='ltr'>ὁ</span> <span class='ocrx_word' id='word_1_385' title='bbox 1045 5506 1140 5560; x_wconf 76' lang='grc' dir='ltr'>τοῦ</span> <span class='ocrx_word' id='word_1_386' title='bbox 1197 5501 1434 5576; x_wconf 78' lang='grc' dir='ltr'>Χριστοῦ</span> <span class='ocrx_word' id='word_1_387' title='bbox 1500 5501 1812 5573; x_wconf 82' lang='grc' dir='ltr'>εἰσφέρεται</span> 
     </span>
    </p>
   </div>
   <div class='ocr_carea' id='block_1_61' title="bbox 301 5593 1814 5674">
    <p class='ocr_par' dir='ltr' id='par_1_61' title="bbox 301 5593 1814 5674">
     <span class='ocr_line' id='line_1_61' title="bbox 301 5593 1814 5674; baseline -0.011 -11"><span class='ocrx_word' id='word_1_388' title='bbox 301 5609 552 5670; x_wconf 77' lang='grc' dir='ltr'>θάνατος,</span> <span class='ocrx_word' id='word_1_389' title='bbox 583 5605 643 5658; x_wconf 81' lang='grc' dir='ltr'>ὃν</span> <span class='ocrx_word' id='word_1_390' title='bbox 673 5604 810 5674; x_wconf 82' lang='grc' dir='ltr'>ὑπὲρ</span> <span class='ocrx_word' id='word_1_391' title='bbox 839 5600 994 5674; x_wconf 85' lang='grc' dir='ltr'>ἡμῶν</span> <span class='ocrx_word' id='word_1_392' title='bbox 1053 5597 1354 5663; x_wconf 57' lang='grc' dir='ltr'>ἀνεδέξατο</span> <span class='ocrx_word' id='word_1_393' title='bbox 1387 5596 1534 5658; x_wconf 82' lang='grc' dir='ltr'>ὅπως</span> <span class='ocrx_word' id='word_1_394' title='bbox 1578 5593 1672 5649; x_wconf 80' lang='grc' dir='ltr'><strong>καὶ</strong></span> <span class='ocrx_word' id='word_1_395' title='bbox 1703 5595 1814 5656; x_wconf 77' lang='grc' dir='ltr'>τοῖς</span> 
     </span>
    </p>
   </div>
   <div class='ocr_carea' id='block_1_62' title="bbox 306 5735 1380 5814">
    <p class='ocr_par' dir='ltr' id='par_1_62' title="bbox 306 5735 1380 5814">
     <span class='ocr_line' id='line_1_62' title="bbox 306 5735 1380 5814; baseline -0.01 -9"><span class='ocrx_word' id='word_1_396' title='bbox 306 5750 351 5784; x_wconf 76' lang='grc'>⁸⁸</span> <span class='ocrx_word' id='word_1_397' title='bbox 409 5746 555 5803; x_wconf 82' lang='lat' dir='ltr'><strong>Psal.</strong></span> <span class='ocrx_word' id='word_1_398' title='bbox 586 5761 770 5814; x_wconf 78' lang='lat' dir='ltr'><strong>cxxxt,</strong></span> <span class='ocrx_word' id='word_1_399' title='bbox 804 5744 889 5800; x_wconf 76' lang='grc' dir='ltr'>Η.</span> <span class='ocrx_word' id='word_1_400' title='bbox 971 5741 1013 5774; x_wconf 81' lang='grc'><strong>¹⁹</strong></span> <span class='ocrx_word' id='word_1_401' title='bbox 1035 5738 1169 5799; x_wconf 86' lang='lat' dir='ltr'><strong>Luc.</strong></span> <span class='ocrx_word' id='word_1_402' title='bbox 1208 5753 1262 5805; x_wconf 74' lang='grc' dir='ltr'>ι,</span> <span class='ocrx_word' id='word_1_403' title='bbox 1291 5735 1380 5794; x_wconf 77' lang='grc'><strong>20.</strong></span> 
     </span>
    </p>
   </div>
   <div class='ocr_carea' id='block_1_63' title="bbox 1866 547 2078 603">
    <p class='ocr_par' dir='ltr' id='par_1_63' title="bbox 1866 547 2078 603">
     <span class='ocr_line' id='line_1_63' title="bbox 1866 547 2078 603; baseline 0 0"><span class='ocrx_word' id='word_1_404' title='bbox 1866 547 2078 603; x_wconf 85' lang='lat' dir='ltr'><strong>fundat.</strong></span> 
     </span>
    </p>
   </div>
   <div class='ocr_carea' id='block_1_64' title="bbox 1964 716 3359 780">
    <p class='ocr_par' dir='ltr' id='par_1_64' title="bbox 1964 716 3359 780">
     <span class='ocr_line' id='line_1_64' title="bbox 1964 716 3359 780; baseline -0.004 0"><span class='ocrx_word' id='word_1_405' title='bbox 1964 726 2016 780; x_wconf 78' lang='grc'>1.</span> <span class='ocrx_word' id='word_1_406' title='bbox 2051 725 2210 779; x_wconf 85' lang='lat' dir='ltr'><strong>Filiis</strong></span> <span class='ocrx_word' id='word_1_407' title='bbox 2242 741 2372 780; x_wconf 67' lang='grc' dir='ltr'>νοτε</span> <span class='ocrx_word' id='word_1_408' title='bbox 2405 722 2745 778; x_wconf 78' lang='lat' dir='ltr'><strong>PSALMUS</strong></span> <span class='ocrx_word' id='word_1_409' title='bbox 2777 721 3006 777; x_wconf 82' lang='lat' dir='ltr'><strong>Cantici.</strong></span> <span class='ocrx_word' id='word_1_410' title='bbox 3039 716 3359 775; x_wconf 80' lang='lat' dir='ltr'><strong>LXXXVI.</strong></span> 
     </span>
    </p>
   </div>
   <div class='ocr_carea' id='block_1_65' title="bbox 2452 818 2850 886">
    <p class='ocr_par' dir='ltr' id='par_1_65' title="bbox 2452 818 2850 886">
     <span class='ocr_line' id='line_1_65' title="bbox 2452 818 2850 886; baseline 0 -18"><span class='ocrx_word' id='word_1_411' title='bbox 2452 818 2491 868; x_wconf 86' lang='grc' dir='ltr'><em>Λ</em></span> <span class='ocrx_word' id='word_1_412' title='bbox 2503 824 2850 886; x_wconf 86' lang='lat' dir='ltr'><strong>rgumentum.</strong></span> 
     </span>
    </p>
   </div>
   <div class='ocr_carea' id='block_1_66' title="bbox 1870 902 3438 976">
    <p class='ocr_par' dir='ltr' id='par_1_66' title="bbox 1870 902 3438 976">
     <span class='ocr_line' id='line_1_66' title="bbox 1870 902 3438 976; baseline -0.006 -12"><span class='ocrx_word' id='word_1_413' title='bbox 1870 909 2022 964; x_wconf 85' lang='lat' dir='ltr'><strong>Hunc</strong></span> <span class='ocrx_word' id='word_1_414' title='bbox 2047 925 2241 964; x_wconf 84' lang='lat' dir='ltr'><strong>rursus</strong></span> <span class='ocrx_word' id='word_1_415' title='bbox 2265 907 2531 976; x_wconf 83' lang='lat' dir='ltr'><strong>psalmum</strong></span> <span class='ocrx_word' id='word_1_416' title='bbox 2565 917 2768 960; x_wconf 88' lang='lat' dir='ltr'><strong>canunt</strong></span> <span class='ocrx_word' id='word_1_417' title='bbox 2801 905 2894 958; x_wconf 80' lang='lat' dir='ltr'><strong>ﬁlii</strong></span> <span class='ocrx_word' id='word_1_418' title='bbox 2923 903 3063 974; x_wconf 85' lang='lat' dir='ltr'><strong>Core</strong></span> <span class='ocrx_word' id='word_1_419' title='bbox 3097 904 3151 957; x_wconf 92' lang='lat' dir='ltr'><strong>in</strong></span> <span class='ocrx_word' id='word_1_420' title='bbox 3184 902 3438 957; x_wconf 79' lang='lat' dir='ltr'><strong>Ecclesia:</strong></span> 
     </span>
    </p>
   </div>
   <div class='ocr_carea' id='block_1_67' title="bbox 1941 997 3441 1073">
    <p class='ocr_par' dir='ltr' id='par_1_67' title="bbox 1941 997 3441 1073">
     <span class='ocr_line' id='line_1_67' title="bbox 1941 997 3441 1073; baseline -0.005 -18"><span class='ocrx_word' id='word_1_421' title='bbox 1941 1003 2202 1073; x_wconf 83' lang='lat' dir='ltr'><strong>gratiam,</strong></span> <span class='ocrx_word' id='word_1_422' title='bbox 2238 1002 2577 1055; x_wconf 83' lang='lat' dir='ltr'><strong>vocationem</strong></span> <span class='ocrx_word' id='word_1_423' title='bbox 2631 1000 2876 1069; x_wconf 84' lang='lat' dir='ltr'><strong>gentium</strong></span> <span class='ocrx_word' id='word_1_424' title='bbox 2931 997 3326 1066; x_wconf 66' lang='lat' dir='ltr'><strong>praedicantes,</strong></span> <span class='ocrx_word' id='word_1_425' title='bbox 3384 1002 3441 1048; x_wconf 84' lang='lat' dir='ltr'><strong>et</strong></span> 
     </span>
    </p>
   </div>
   <div class='ocr_carea' id='block_1_68' title="bbox 1944 1089 3440 1163">
    <p class='ocr_par' dir='ltr' id='par_1_68' title="bbox 1944 1089 3440 1163">
     <span class='ocr_line' id='line_1_68' title="bbox 1944 1089 3440 1163; baseline -0.006 -14"><span class='ocrx_word' id='word_1_426' title='bbox 1944 1097 2364 1150; x_wconf 86' lang='lat' dir='ltr'><strong>illustrationem</strong></span> <span class='ocrx_word' id='word_1_427' title='bbox 2409 1093 2686 1163; x_wconf 81' lang='lat' dir='ltr'><strong>Unigeniti</strong></span> <span class='ocrx_word' id='word_1_428' title='bbox 2723 1092 2778 1145; x_wconf 83' lang='lat' dir='ltr'><strong>in</strong></span> <span class='ocrx_word' id='word_1_429' title='bbox 2811 1090 3054 1147; x_wconf 83' lang='lat' dir='ltr'><strong>Ecclesia</strong></span> <span class='ocrx_word' id='word_1_430' title='bbox 3081 1089 3318 1144; x_wconf 82' lang='lat' dir='ltr'><strong>futuram</strong></span> <span class='ocrx_word' id='word_1_431' title='bbox 3345 1101 3440 1157; x_wconf 84' lang='lat' dir='ltr'><strong>per</strong></span> 
     </span>
    </p>
   </div>
   <div class='ocr_carea' id='block_1_69' title="bbox 1944 1185 2519 1242">
    <p class='ocr_par' dir='ltr' id='par_1_69' title="bbox 1944 1185 2519 1242">
     <span class='ocr_line' id='line_1_69' title="bbox 1944 1185 2519 1242; baseline -0.007 1"><span class='ocrx_word' id='word_1_432' title='bbox 1944 1187 2304 1242; x_wconf 66' lang='lat' dir='ltr'><strong>(Economiam</strong></span> <span class='ocrx_word' id='word_1_433' title='bbox 2338 1185 2519 1239; x_wconf 90' lang='lat' dir='ltr'><strong>carnis</strong></span> 
     </span>
    </p>
   </div>
   <div class='ocr_carea' id='block_1_70' title="bbox 1948 1358 3444 1436">
    <p class='ocr_par' dir='ltr' id='par_1_70' title="bbox 1948 1358 3444 1436">
     <span class='ocr_line' id='line_1_70' title="bbox 1948 1358 3444 1436; baseline -0.007 -14"><span class='ocrx_word' id='word_1_434' title='bbox 1948 1367 2320 1422; x_wconf 74' lang='lat' dir='ltr'><strong>Fundamenta</strong></span> <span class='ocrx_word' id='word_1_435' title='bbox 2349 1366 2462 1436; x_wconf 85' lang='lat' dir='ltr'><strong>ejus</strong></span> <span class='ocrx_word' id='word_1_436' title='bbox 2497 1367 2551 1420; x_wconf 87' lang='lat' dir='ltr'><strong>in</strong></span> <span class='ocrx_word' id='word_1_437' title='bbox 2581 1363 2844 1419; x_wconf 80' lang='lat' dir='ltr'><strong>montibus</strong></span> <span class='ocrx_word' id='word_1_438' title='bbox 2893 1362 3113 1416; x_wconf 86' lang='lat' dir='ltr'><strong>sanctis.</strong></span> <span class='ocrx_word' id='word_1_439' title='bbox 3170 1360 3304 1428; x_wconf 84' lang='lat' dir='ltr'><strong>Ejus</strong></span> <span class='ocrx_word' id='word_1_440' title='bbox 3336 1358 3444 1414; x_wconf 87' lang='lat' dir='ltr'><strong>sci-</strong></span> 
     </span>
    </p>
   </div>
   <div class='ocr_carea' id='block_1_71' title="bbox 1875 1452 3443 1529">
    <p class='ocr_par' dir='ltr' id='par_1_71' title="bbox 1875 1452 3443 1529">
     <span class='ocr_line' id='line_1_71' title="bbox 1875 1452 3443 1529; baseline -0.008 -16"><span class='ocrx_word' id='word_1_441' title='bbox 1875 1461 1998 1514; x_wconf 88' lang='lat' dir='ltr'><strong>licet</strong></span> <span class='ocrx_word' id='word_1_442' title='bbox 2033 1459 2220 1529; x_wconf 81' lang='lat' dir='ltr'><strong>populi</strong></span> <span class='ocrx_word' id='word_1_443' title='bbox 2264 1458 2358 1528; x_wconf 91' lang='lat' dir='ltr'><strong>qui</strong></span> <span class='ocrx_word' id='word_1_444' title='bbox 2403 1473 2499 1528; x_wconf 84' lang='lat' dir='ltr'><strong>per</strong></span> <span class='ocrx_word' id='word_1_445' title='bbox 2534 1458 2693 1512; x_wconf 88' lang='lat' dir='ltr'><strong>ﬁdem</strong></span> <span class='ocrx_word' id='word_1_446' title='bbox 2729 1463 2953 1510; x_wconf 89' lang='lat' dir='ltr'><strong>vocatus</strong></span> <span class='ocrx_word' id='word_1_447' title='bbox 2986 1464 3089 1507; x_wconf 87' lang='lat' dir='ltr'><strong>est.</strong></span> <span class='ocrx_word' id='word_1_448' title='bbox 3142 1452 3230 1505; x_wconf 83' lang='lat' dir='ltr'><strong>Ait</strong></span> <span class='ocrx_word' id='word_1_449' title='bbox 3260 1459 3443 1503; x_wconf 88' lang='lat' dir='ltr'><strong>autem</strong></span> 
     </span>
    </p>
   </div>
   <div class='ocr_carea' id='block_1_72' title="bbox 1874 1537 3444 1622">
    <p class='ocr_par' dir='ltr' id='par_1_72' title="bbox 1874 1537 3444 1622">
     <span class='ocr_line' id='line_1_72' title="bbox 1874 1537 3444 1622; baseline -0.011 -15"><span class='ocrx_word' id='word_1_450' title='bbox 1874 1569 1941 1607; x_wconf 84' lang='lat' dir='ltr'><strong>ex</strong></span> <span class='ocrx_word' id='word_1_451' title='bbox 1970 1553 2226 1622; x_wconf 76' lang='lat' dir='ltr'><strong>gentibus</strong></span> <span class='ocrx_word' id='word_1_452' title='bbox 2258 1550 2582 1606; x_wconf 66' lang='lat' dir='ltr'><strong>aediﬁcatum</strong></span> <span class='ocrx_word' id='word_1_453' title='bbox 2620 1548 2790 1601; x_wconf 83' lang='lat' dir='ltr'><strong>fuisse</strong></span> <span class='ocrx_word' id='word_1_454' title='bbox 2821 1546 3081 1615; x_wconf 86' lang='lat' dir='ltr'><strong>populum</strong></span> <span class='ocrx_word' id='word_1_455' title='bbox 3125 1556 3288 1610; x_wconf 81' lang='lat' dir='ltr'><strong>super</strong></span> <span class='ocrx_word' id='word_1_456' title='bbox 3319 1537 3444 1592; x_wconf 82' lang='lat' dir='ltr'><strong>fun-</strong></span> 
     </span>
    </p>
   </div>
   <div class='ocr_carea' id='block_1_73' title="bbox 1875 1638 3114 1713">
    <p class='ocr_par' dir='ltr' id='par_1_73' title="bbox 1875 1638 3114 1713">
     <span class='ocr_line' id='line_1_73' title="bbox 1875 1638 3114 1713; baseline -0.01 -14"><span class='ocrx_word' id='word_1_457' title='bbox 1875 1645 2189 1699; x_wconf 84' lang='lat' dir='ltr'><strong>damentum</strong></span> <span class='ocrx_word' id='word_1_458' title='bbox 2220 1644 2590 1713; x_wconf 79' lang='lat' dir='ltr'><strong>apostolorum</strong></span> <span class='ocrx_word' id='word_1_459' title='bbox 2623 1649 2675 1694; x_wconf 88' lang='lat' dir='ltr'><strong>et</strong></span> <span class='ocrx_word' id='word_1_460' title='bbox 2700 1638 3114 1708; x_wconf 87' lang='lat' dir='ltr'><strong>prophetarum.</strong></span> 
     </span>
    </p>
   </div>
   <div class='ocr_carea' id='block_1_74' title="bbox 1945 1721 3451 1804">
    <p class='ocr_par' dir='ltr' id='par_1_74' title="bbox 1945 1721 3451 1804">
     <span class='ocr_line' id='line_1_74' title="bbox 1945 1721 3451 1804; baseline -0.011 -16"><span class='ocrx_word' id='word_1_461' title='bbox 1945 1735 2000 1788; x_wconf 71' lang='grc'>2.</span> <span class='ocrx_word' id='word_1_462' title='bbox 2028 1735 2216 1804; x_wconf 81' lang='lat' dir='ltr'><strong>Diligit</strong></span> <span class='ocrx_word' id='word_1_463' title='bbox 2243 1735 2500 1786; x_wconf 82' lang='lat' dir='ltr'><strong>Dominus</strong></span> <span class='ocrx_word' id='word_1_464' title='bbox 2529 1740 2710 1800; x_wconf 84' lang='lat' dir='ltr'><strong>portas</strong></span> <span class='ocrx_word' id='word_1_465' title='bbox 2737 1728 2867 1783; x_wconf 83' lang='lat' dir='ltr'><strong>Sion</strong></span> <span class='ocrx_word' id='word_1_466' title='bbox 2891 1743 3048 1795; x_wconf 82' lang='lat' dir='ltr'><strong>super</strong></span> <span class='ocrx_word' id='word_1_467' title='bbox 3073 1724 3249 1778; x_wconf 82' lang='lat' dir='ltr'><strong>omnia</strong></span> <span class='ocrx_word' id='word_1_468' title='bbox 3278 1721 3451 1774; x_wconf 81' lang='lat' dir='ltr'><strong>taber-</strong></span> 
     </span>
    </p>
   </div>
   <div class='ocr_carea' id='block_1_75' title="bbox 1877 1815 3452 1884">
    <p class='ocr_par' dir='ltr' id='par_1_75' title="bbox 1877 1815 3452 1884">
     <span class='ocr_line' id='line_1_75' title="bbox 1877 1815 3452 1884; baseline -0.012 -1"><span class='ocrx_word' id='word_1_469' title='bbox 1877 1829 2067 1884; x_wconf 79' lang='lat' dir='ltr'><strong>nacula</strong></span> <span class='ocrx_word' id='word_1_470' title='bbox 2099 1816 2287 1881; x_wconf 73' lang='lat' dir='ltr'><strong>Jacob.</strong></span> <span class='ocrx_word' id='word_1_471' title='bbox 2337 1824 2531 1878; x_wconf 88' lang='lat' dir='ltr'><strong>Portas</strong></span> <span class='ocrx_word' id='word_1_472' title='bbox 2568 1822 2699 1876; x_wconf 87' lang='lat' dir='ltr'><strong>Sion</strong></span> <span class='ocrx_word' id='word_1_473' title='bbox 2738 1819 3002 1872; x_wconf 83' lang='lat' dir='ltr'><strong>initialem</strong></span> <span class='ocrx_word' id='word_1_474' title='bbox 3053 1826 3105 1871; x_wconf 89' lang='lat' dir='ltr'><strong>et</strong></span> <span class='ocrx_word' id='word_1_475' title='bbox 3149 1815 3452 1869; x_wconf 87' lang='lat' dir='ltr'><strong>elementa-</strong></span> 
     </span>
    </p>
   </div>
   <div class='ocr_carea' id='block_1_76' title="bbox 1877 1909 3450 1977">
    <p class='ocr_par' dir='ltr' id='par_1_76' title="bbox 1877 1909 3450 1977">
     <span class='ocr_line' id='line_1_76' title="bbox 1877 1909 3450 1977; baseline -0.013 0"><span class='ocrx_word' id='word_1_476' title='bbox 1877 1939 1989 1977; x_wconf 90' lang='lat' dir='ltr'><strong>rem</strong></span> <span class='ocrx_word' id='word_1_477' title='bbox 2025 1920 2282 1975; x_wconf 60' lang='lat' dir='ltr'><strong>Ecclesiae</strong></span> <span class='ocrx_word' id='word_1_478' title='bbox 2325 1918 2626 1974; x_wconf 85' lang='lat' dir='ltr'><strong>doctrinam</strong></span> <span class='ocrx_word' id='word_1_479' title='bbox 2678 1915 2832 1977; x_wconf 89' lang='lat' dir='ltr'><strong>dicit,</strong></span> <span class='ocrx_word' id='word_1_480' title='bbox 2890 1909 3238 1965; x_wconf 86' lang='lat' dir='ltr'><strong>tabernacula</strong></span> <span class='ocrx_word' id='word_1_481' title='bbox 3270 1913 3450 1960; x_wconf 86' lang='lat' dir='ltr'><strong>autem</strong></span> 
     </span>
    </p>
   </div>
   <div class='ocr_carea' id='block_1_77' title="bbox 1879 1994 3453 2082">
    <p class='ocr_par' dir='ltr' id='par_1_77' title="bbox 1879 1994 3453 2082">
     <span class='ocr_line' id='line_1_77' title="bbox 1879 1994 3453 2082; baseline -0.013 -14"><span class='ocrx_word' id='word_1_482' title='bbox 1879 2013 2048 2070; x_wconf 83' lang='lat' dir='ltr'><strong>Jacob</strong></span> <span class='ocrx_word' id='word_1_483' title='bbox 2088 2012 2313 2082; x_wconf 80' lang='lat' dir='ltr'><strong>legalem</strong></span> <span class='ocrx_word' id='word_1_484' title='bbox 2359 2010 2588 2064; x_wconf 87' lang='lat' dir='ltr'><strong>cultmn.</strong></span> <span class='ocrx_word' id='word_1_485' title='bbox 2651 2007 2740 2060; x_wconf 84' lang='lat' dir='ltr'><strong>Ait</strong></span> <span class='ocrx_word' id='word_1_486' title='bbox 2789 2006 2957 2073; x_wconf 80' lang='lat' dir='ltr'><strong>igitur</strong></span> <span class='ocrx_word' id='word_1_487' title='bbox 2988 2000 3280 2070; x_wconf 84' lang='lat' dir='ltr'><strong>optabilius</strong></span> <span class='ocrx_word' id='word_1_488' title='bbox 3309 1994 3453 2065; x_wconf 87' lang='lat' dir='ltr'><strong>apud</strong></span> 
     </span>
    </p>
   </div>
   <div class='ocr_carea' id='block_1_78' title="bbox 1883 2091 3345 2173">
    <p class='ocr_par' dir='ltr' id='par_1_78' title="bbox 1883 2091 3345 2173">
     <span class='ocr_line' id='line_1_78' title="bbox 1883 2091 3345 2173; baseline -0.014 -13"><span class='ocrx_word' id='word_1_489' title='bbox 1883 2108 2052 2162; x_wconf 89' lang='lat' dir='ltr'><strong>Deum</strong></span> <span class='ocrx_word' id='word_1_490' title='bbox 2082 2121 2202 2160; x_wconf 90' lang='lat' dir='ltr'><strong>esse</strong></span> <span class='ocrx_word' id='word_1_491' title='bbox 2227 2103 2604 2173; x_wconf 83' lang='lat' dir='ltr'><strong>evangelicum</strong></span> <span class='ocrx_word' id='word_1_492' title='bbox 2641 2098 2955 2154; x_wconf 89' lang='lat' dir='ltr'><strong>institutum</strong></span> <span class='ocrx_word' id='word_1_493' title='bbox 2991 2092 3146 2163; x_wconf 81' lang='lat' dir='ltr'><strong>legali</strong></span> <span class='ocrx_word' id='word_1_494' title='bbox 3177 2091 3345 2146; x_wconf 92' lang='lat' dir='ltr'><strong>cultu.</strong></span> 
     </span>
    </p>
   </div>
   <div class='ocr_carea' id='block_1_79' title="bbox 1950 2263 3457 2339">
    <p class='ocr_par' dir='ltr' id='par_1_79' title="bbox 1950 2263 3457 2339">
     <span class='ocr_line' id='line_1_79' title="bbox 1950 2263 3457 2339; baseline -0.015 -2"><span class='ocrx_word' id='word_1_495' title='bbox 1950 2285 2002 2338; x_wconf 82' lang='lat'><strong>&#39;5.</strong></span> <span class='ocrx_word' id='word_1_496' title='bbox 2039 2282 2283 2336; x_wconf 85' lang='lat' dir='ltr'><strong>Gloriosa</strong></span> <span class='ocrx_word' id='word_1_497' title='bbox 2316 2279 2461 2334; x_wconf 88' lang='lat' dir='ltr'><strong>dicta</strong></span> <span class='ocrx_word' id='word_1_498' title='bbox 2492 2285 2613 2334; x_wconf 82' lang='lat' dir='ltr'><strong>sunt</strong></span> <span class='ocrx_word' id='word_1_499' title='bbox 2645 2275 2708 2330; x_wconf 88' lang='lat' dir='ltr'><strong>de</strong></span> <span class='ocrx_word' id='word_1_500' title='bbox 2740 2284 2808 2339; x_wconf 87' lang='lat' dir='ltr'><strong>te,</strong></span> <span class='ocrx_word' id='word_1_501' title='bbox 2844 2272 3028 2326; x_wconf 82' lang='lat' dir='ltr'><strong>civitas</strong></span> <span class='ocrx_word' id='word_1_502' title='bbox 3070 2268 3182 2322; x_wconf 88' lang='lat' dir='ltr'><strong>Dei.</strong></span> <span class='ocrx_word' id='word_1_503' title='bbox 3246 2263 3457 2318; x_wconf 81' lang='lat' dir='ltr'><strong>Civitas</strong></span> 
     </span>
    </p>
   </div>
   <div class='ocr_carea' id='block_1_80' title="bbox 1882 2354 3454 2436">
    <p class='ocr_par' dir='ltr' id='par_1_80' title="bbox 1882 2354 3454 2436">
     <span class='ocr_line' id='line_1_80' title="bbox 1882 2354 3454 2436; baseline -0.014 -8"><span class='ocrx_word' id='word_1_504' title='bbox 1882 2386 1963 2430; x_wconf 80' lang='lat' dir='ltr'><strong>est</strong></span> <span class='ocrx_word' id='word_1_505' title='bbox 1994 2372 2256 2426; x_wconf 88' lang='lat' dir='ltr'><strong>Ecclesia.</strong></span> <span class='ocrx_word' id='word_1_506' title='bbox 2308 2370 2566 2435; x_wconf 66' lang='lat' dir='ltr'><strong>Quaenam</strong></span> <span class='ocrx_word' id='word_1_507' title='bbox 2600 2367 2833 2436; x_wconf 85' lang='lat' dir='ltr'><strong>gloriosa</strong></span> <span class='ocrx_word' id='word_1_508' title='bbox 2881 2364 3025 2416; x_wconf 89' lang='lat' dir='ltr'><strong>dicta</strong></span> <span class='ocrx_word' id='word_1_509' title='bbox 3071 2367 3200 2415; x_wconf 87' lang='lat' dir='ltr'><strong>sunt</strong></span> <span class='ocrx_word' id='word_1_510' title='bbox 3242 2355 3309 2410; x_wconf 86' lang='lat' dir='ltr'><strong>de</strong></span> <span class='ocrx_word' id='word_1_511' title='bbox 3339 2354 3454 2418; x_wconf 85' lang='lat' dir='ltr'><strong>illa,</strong></span> 
     </span>
    </p>
   </div>
   <div class='ocr_carea' id='block_1_81' title="bbox 1885 2447 3456 2534">
    <p class='ocr_par' dir='ltr' id='par_1_81' title="bbox 1885 2447 3456 2534">
     <span class='ocr_line' id='line_1_81' title="bbox 1885 2447 3456 2534; baseline -0.015 -14"><span class='ocrx_word' id='word_1_512' title='bbox 1885 2468 1991 2520; x_wconf 85' lang='lat' dir='ltr'><strong>nisi</strong></span> <span class='ocrx_word' id='word_1_513' title='bbox 2026 2464 2168 2534; x_wconf 87' lang='lat' dir='ltr'><strong>quod</strong></span> <span class='ocrx_word' id='word_1_514' title='bbox 2216 2463 2269 2515; x_wconf 92' lang='lat' dir='ltr'><strong>in</strong></span> <span class='ocrx_word' id='word_1_515' title='bbox 2319 2477 2381 2515; x_wconf 90' lang='lat' dir='ltr'><strong>ea</strong></span> <span class='ocrx_word' id='word_1_516' title='bbox 2415 2461 2622 2513; x_wconf 83' lang='lat' dir='ltr'><strong>habitet</strong></span> <span class='ocrx_word' id='word_1_517' title='bbox 2656 2454 2979 2524; x_wconf 78' lang='lat' dir='ltr'><strong>Unigenitus</strong></span> <span class='ocrx_word' id='word_1_518' title='bbox 3004 2493 3019 2512; x_wconf 87' lang='lat'><strong>.</strong></span> <span class='ocrx_word' id='word_1_519' title='bbox 3063 2452 3219 2521; x_wconf 83' lang='lat' dir='ltr'><strong>juxta</strong></span> <span class='ocrx_word' id='word_1_520' title='bbox 3249 2447 3456 2502; x_wconf 90' lang='lat' dir='ltr'><strong>dictum</strong></span> 
     </span>
    </p>
   </div>
   <div class='ocr_carea' id='block_1_82' title="bbox 1885 2539 3139 2620">
    <p class='ocr_par' dir='ltr' id='par_1_82' title="bbox 1885 2539 3139 2620">
     <span class='ocr_line' id='line_1_82' title="bbox 1885 2539 3139 2620; baseline -0.015 -9"><span class='ocrx_word' id='word_1_521' title='bbox 1885 2557 2017 2612; x_wconf 87' lang='lat' dir='ltr'><strong>illud</strong></span> <span class='ocrx_word' id='word_1_522' title='bbox 2047 2575 2060 2610; x_wconf 88' lang='lat'><strong>:</strong></span> <span class='ocrx_word' id='word_1_523' title='bbox 2089 2555 2191 2609; x_wconf 85' lang='lat' dir='ltr'><strong>Hic</strong></span> <span class='ocrx_word' id='word_1_524' title='bbox 2217 2551 2464 2606; x_wconf 80' lang='lat' dir='ltr'><strong>habitabo</strong></span> <span class='ocrx_word' id='word_1_525' title='bbox 2494 2550 2743 2620; x_wconf 87' lang='lat' dir='ltr'><strong>quoniam</strong></span> <span class='ocrx_word' id='word_1_526' title='bbox 2770 2546 2904 2615; x_wconf 81' lang='lat' dir='ltr'><strong>elegi</strong></span> <span class='ocrx_word' id='word_1_527' title='bbox 2928 2539 3139 2597; x_wconf 59' lang='lat' dir='ltr'><strong>eam“?</strong></span> 
     </span>
    </p>
   </div>
   <div class='ocr_carea' id='block_1_83' title="bbox 1954 2715 3457 2790">
    <p class='ocr_par' dir='ltr' id='par_1_83' title="bbox 1954 2715 3457 2790">
     <span class='ocr_line' id='line_1_83' title="bbox 1954 2715 3457 2790; baseline -0.014 -2"><span class='ocrx_word' id='word_1_528' title='bbox 1954 2735 2009 2788; x_wconf 69' lang='grc'>4.</span> <span class='ocrx_word' id='word_1_529' title='bbox 2049 2732 2252 2786; x_wconf 80' lang='lat' dir='ltr'><strong>Memor</strong></span> <span class='ocrx_word' id='word_1_530' title='bbox 2297 2746 2384 2783; x_wconf 86' lang='lat' dir='ltr'><strong>ero</strong></span> <span class='ocrx_word' id='word_1_531' title='bbox 2432 2725 2616 2781; x_wconf 83' lang='lat' dir='ltr'><strong>Rahab</strong></span> <span class='ocrx_word' id='word_1_532' title='bbox 2666 2734 2714 2777; x_wconf 88' lang='lat' dir='ltr'><strong>et</strong></span> <span class='ocrx_word' id='word_1_533' title='bbox 2762 2720 3070 2790; x_wconf 85' lang='lat' dir='ltr'><strong>Babylonis.</strong></span> <span class='ocrx_word' id='word_1_534' title='bbox 3132 2717 3329 2771; x_wconf 87' lang='lat' dir='ltr'><strong>Eorum</strong></span> <span class='ocrx_word' id='word_1_535' title='bbox 3362 2715 3457 2784; x_wconf 88' lang='lat' dir='ltr'><strong>qui</strong></span> 
     </span>
    </p>
   </div>
   <div class='ocr_carea' id='block_1_84' title="bbox 1888 2813 3462 2887">
    <p class='ocr_par' dir='ltr' id='par_1_84' title="bbox 1888 2813 3462 2887">
     <span class='ocr_line' id='line_1_84' title="bbox 1888 2813 3462 2887; baseline -0.016 -1"><span class='ocrx_word' id='word_1_536' title='bbox 1888 2832 1953 2886; x_wconf 88' lang='lat' dir='ltr'><strong>ad</strong></span> <span class='ocrx_word' id='word_1_537' title='bbox 1979 2846 2064 2884; x_wconf 92' lang='lat' dir='ltr'><strong>me</strong></span> <span class='ocrx_word' id='word_1_538' title='bbox 2085 2833 2498 2887; x_wconf 88' lang='lat' dir='ltr'><strong>convertuntur,</strong></span> <span class='ocrx_word' id='word_1_539' title='bbox 2526 2823 2620 2885; x_wconf 84' lang='lat' dir='ltr'><strong>ait,</strong></span> <span class='ocrx_word' id='word_1_540' title='bbox 2652 2818 2972 2873; x_wconf 85' lang='lat' dir='ltr'><strong>memoriam</strong></span> <span class='ocrx_word' id='word_1_541' title='bbox 3005 2815 3071 2868; x_wconf 89' lang='lat' dir='ltr'><strong>ad</strong></span> <span class='ocrx_word' id='word_1_542' title='bbox 3100 2813 3303 2866; x_wconf 89' lang='lat' dir='ltr'><strong>bonum</strong></span> <span class='ocrx_word' id='word_1_543' title='bbox 3335 2824 3462 2863; x_wconf 86' lang='lat' dir='ltr'><strong>con-</strong></span> 
     </span>
    </p>
   </div>
   <div class='ocr_carea' id='block_1_85' title="bbox 1888 2903 3459 2983">
    <p class='ocr_par' dir='ltr' id='par_1_85' title="bbox 1888 2903 3459 2983">
     <span class='ocr_line' id='line_1_85' title="bbox 1888 2903 3459 2983; baseline -0.018 -5"><span class='ocrx_word' id='word_1_544' title='bbox 1888 2922 2116 2978; x_wconf 78' lang='lat' dir='ltr'><strong>servabo</strong></span> <span class='ocrx_word' id='word_1_545' title='bbox 2150 2939 2162 2974; x_wconf 89' lang='lat'>:</span> <span class='ocrx_word' id='word_1_546' title='bbox 2198 2928 2291 2971; x_wconf 89' lang='lat' dir='ltr'><strong>aut</strong></span> <span class='ocrx_word' id='word_1_547' title='bbox 2317 2931 2502 2970; x_wconf 86' lang='lat' dir='ltr'><strong>eorum</strong></span> <span class='ocrx_word' id='word_1_548' title='bbox 2535 2913 2630 2983; x_wconf 89' lang='lat' dir='ltr'><strong>qui</strong></span> <span class='ocrx_word' id='word_1_549' title='bbox 2671 2912 2982 2965; x_wconf 80' lang='lat' dir='ltr'><strong>indecenter</strong></span> <span class='ocrx_word' id='word_1_550' title='bbox 3013 2906 3079 2959; x_wconf 90' lang='lat' dir='ltr'><strong>ad</strong></span> <span class='ocrx_word' id='word_1_551' title='bbox 3130 2903 3459 2970; x_wconf 83' lang='lat' dir='ltr'><strong>voluptatem</strong></span> 
     </span>
    </p>
   </div>
   <div class='ocr_carea' id='block_1_86' title="bbox 1889 2988 3459 3075">
    <p class='ocr_par' dir='ltr' id='par_1_86' title="bbox 1889 2988 3459 3075">
     <span class='ocr_line' id='line_1_86' title="bbox 1889 2988 3459 3075; baseline -0.017 -6"><span class='ocrx_word' id='word_1_552' title='bbox 1889 3015 2252 3075; x_wconf 82' lang='lat' dir='ltr'><strong>declinarunt,</strong></span> <span class='ocrx_word' id='word_1_553' title='bbox 2279 3010 2394 3063; x_wconf 82' lang='lat' dir='ltr'><strong>sive</strong></span> <span class='ocrx_word' id='word_1_554' title='bbox 2417 3023 2606 3061; x_wconf 89' lang='lat' dir='ltr'><strong>eorum</strong></span> <span class='ocrx_word' id='word_1_555' title='bbox 2632 3004 2722 3073; x_wconf 89' lang='lat' dir='ltr'><strong>qui</strong></span> <span class='ocrx_word' id='word_1_556' title='bbox 2747 2998 3062 3055; x_wconf 61' lang='lat' dir='ltr'><strong>idololatria!</strong></span> <span class='ocrx_word' id='word_1_557' title='bbox 3080 2995 3233 3048; x_wconf 84' lang='lat' dir='ltr'><strong>valde</strong></span> <span class='ocrx_word' id='word_1_558' title='bbox 3259 2988 3459 3045; x_wconf 84' lang='lat' dir='ltr'><strong>addicti</strong></span> 
     </span>
    </p>
   </div>
   <div class='ocr_carea' id='block_1_87' title="bbox 1893 3085 3460 3163">
    <p class='ocr_par' dir='ltr' id='par_1_87' title="bbox 1893 3085 3460 3163">
     <span class='ocr_line' id='line_1_87' title="bbox 1893 3085 3460 3163; baseline -0.017 -3"><span class='ocrx_word' id='word_1_559' title='bbox 1893 3105 2064 3160; x_wconf 83' lang='lat' dir='ltr'><strong>fuere.</strong></span> <span class='ocrx_word' id='word_1_560' title='bbox 2127 3103 2252 3157; x_wconf 74' lang='lat' dir='ltr'><strong>Her</strong></span> <span class='ocrx_word' id='word_1_561' title='bbox 2298 3100 2442 3155; x_wconf 87' lang='lat' dir='ltr'><strong>enim</strong></span> <span class='ocrx_word' id='word_1_562' title='bbox 2479 3098 2638 3151; x_wconf 87' lang='lat' dir='ltr'><strong>nobis</strong></span> <span class='ocrx_word' id='word_1_563' title='bbox 2675 3090 3003 3163; x_wconf 82' lang='lat' dir='ltr'><strong>signiﬁcavit</strong></span> <span class='ocrx_word' id='word_1_564' title='bbox 3049 3103 3142 3158; x_wconf 90' lang='lat' dir='ltr'><strong>per</strong></span> <span class='ocrx_word' id='word_1_565' title='bbox 3177 3085 3363 3138; x_wconf 79' lang='lat' dir='ltr'><strong>Baliab</strong></span> <span class='ocrx_word' id='word_1_566' title='bbox 3407 3088 3460 3135; x_wconf 86' lang='lat' dir='ltr'><strong>et</strong></span> 
     </span>
    </p>
   </div>
   <div class='ocr_carea' id='block_1_88' title="bbox 1893 3173 3461 3267">
    <p class='ocr_par' dir='ltr' id='par_1_88' title="bbox 1893 3173 3461 3267">
     <span class='ocr_line' id='line_1_88' title="bbox 1893 3173 3461 3267; baseline -0.015 -17"><span class='ocrx_word' id='word_1_567' title='bbox 1893 3198 2246 3267; x_wconf 79' lang='lat' dir='ltr'><strong>Babylonem.</strong></span> <span class='ocrx_word' id='word_1_568' title='bbox 2306 3192 2440 3246; x_wconf 84' lang='lat' dir='ltr'><strong>Ecce</strong></span> <span class='ocrx_word' id='word_1_569' title='bbox 2479 3189 2786 3257; x_wconf 76' lang='lat' dir='ltr'><strong>alienigenw</strong></span> <span class='ocrx_word' id='word_1_570' title='bbox 2829 3193 2876 3237; x_wconf 88' lang='lat' dir='ltr'><strong>et</strong></span> <span class='ocrx_word' id='word_1_571' title='bbox 2933 3181 3102 3251; x_wconf 79' lang='lat' dir='ltr'><strong>Tyrus</strong></span> <span class='ocrx_word' id='word_1_572' title='bbox 3139 3189 3185 3231; x_wconf 87' lang='lat' dir='ltr'><strong>et</strong></span> <span class='ocrx_word' id='word_1_573' title='bbox 3239 3173 3461 3245; x_wconf 83' lang='lat' dir='ltr'><strong>populus</strong></span> 
     </span>
    </p>
   </div>
   <div class='ocr_carea' id='block_1_89' title="bbox 1891 3262 3464 3356">
    <p class='ocr_par' dir='ltr' id='par_1_89' title="bbox 1891 3262 3464 3356">
     <span class='ocr_line' id='line_1_89' title="bbox 1891 3262 3464 3356; baseline -0.018 -13"><span class='ocrx_word' id='word_1_574' title='bbox 1891 3287 2225 3356; x_wconf 64' lang='lat' dir='ltr'><strong>Ethiopnm.</strong></span> <span class='ocrx_word' id='word_1_575' title='bbox 2314 3281 2501 3335; x_wconf 87' lang='lat' dir='ltr'><strong>Palam</strong></span> <span class='ocrx_word' id='word_1_576' title='bbox 2536 3279 2622 3332; x_wconf 88' lang='lat' dir='ltr'><strong>his</strong></span> <span class='ocrx_word' id='word_1_577' title='bbox 2653 3276 2831 3330; x_wconf 83' lang='lat' dir='ltr'><strong>verbis</strong></span> <span class='ocrx_word' id='word_1_578' title='bbox 2863 3272 3155 3327; x_wconf 78' lang='lat' dir='ltr'><strong>educentur</strong></span> <span class='ocrx_word' id='word_1_579' title='bbox 3184 3282 3250 3322; x_wconf 74' lang='lat' dir='ltr'><strong>ex</strong></span> <span class='ocrx_word' id='word_1_580' title='bbox 3285 3262 3464 3318; x_wconf 88' lang='lat' dir='ltr'><strong>omni-</strong></span> 
     </span>
    </p>
   </div>
   <div class='ocr_carea' id='block_1_90' title="bbox 1891 3370 2900 3450">
    <p class='ocr_par' dir='ltr' id='par_1_90' title="bbox 1891 3370 2900 3450">
     <span class='ocr_line' id='line_1_90' title="bbox 1891 3370 2900 3450; baseline -0.02 -14"><span class='ocrx_word' id='word_1_581' title='bbox 1891 3381 1995 3436; x_wconf 90' lang='lat' dir='ltr'><strong>bus</strong></span> <span class='ocrx_word' id='word_1_582' title='bbox 2024 3377 2273 3450; x_wconf 85' lang='lat' dir='ltr'><strong>gentibus</strong></span> <span class='ocrx_word' id='word_1_583' title='bbox 2303 3370 2600 3428; x_wconf 87' lang='lat' dir='ltr'><strong>Ecclesiam</strong></span> <span class='ocrx_word' id='word_1_584' title='bbox 2629 3376 2900 3421; x_wconf 90' lang='lat' dir='ltr'><strong>constare.</strong></span> 
     </span>
    </p>
   </div>
   <div class='ocr_carea' id='block_1_91' title="bbox 1965 3445 3468 3525">
    <p class='ocr_par' dir='ltr' id='par_1_91' title="bbox 1965 3445 3468 3525">
     <span class='ocr_line' id='line_1_91' title="bbox 1965 3445 3468 3525; baseline -0.019 0"><span class='ocrx_word' id='word_1_585' title='bbox 1965 3445 2226 3525; x_wconf 44' lang='lat' dir='ltr'><strong>5.&#39;Mater</strong></span> <span class='ocrx_word' id='word_1_586' title='bbox 2254 3464 2384 3520; x_wconf 87' lang='lat' dir='ltr'><strong>Sion</strong></span> <span class='ocrx_word' id='word_1_587' title='bbox 2420 3463 2595 3516; x_wconf 86' lang='lat' dir='ltr'><strong>dicet:</strong></span> <span class='ocrx_word' id='word_1_588' title='bbox 2629 3458 2796 3511; x_wconf 84' lang='lat' dir='ltr'><strong>Homo</strong></span> <span class='ocrx_word' id='word_1_589' title='bbox 2819 3495 2832 3519; x_wconf 90' lang='lat'><strong>,</strong></span> <span class='ocrx_word' id='word_1_590' title='bbox 2865 3464 2912 3508; x_wconf 88' lang='lat' dir='ltr'><strong>et</strong></span> <span class='ocrx_word' id='word_1_591' title='bbox 2944 3453 3094 3506; x_wconf 80' lang='lat' dir='ltr'><strong>homo</strong></span> <span class='ocrx_word' id='word_1_592' title='bbox 3123 3458 3279 3504; x_wconf 84' lang='lat' dir='ltr'><strong>natus</strong></span> <span class='ocrx_word' id='word_1_593' title='bbox 3307 3455 3383 3499; x_wconf 87' lang='lat' dir='ltr'><strong>est</strong></span> <span class='ocrx_word' id='word_1_594' title='bbox 3411 3445 3468 3497; x_wconf 84' lang='lat' dir='ltr'><strong>in</strong></span> 
     </span>
    </p>
   </div>
   <div class='ocr_carea' id='block_1_92' title="bbox 1894 3533 3468 3619">
    <p class='ocr_par' dir='ltr' id='par_1_92' title="bbox 1894 3533 3468 3619">
     <span class='ocr_line' id='line_1_92' title="bbox 1894 3533 3468 3619; baseline -0.02 -1"><span class='ocrx_word' id='word_1_595' title='bbox 1894 3581 1972 3618; x_wconf 91' lang='lat' dir='ltr'><strong>ea.</strong></span> <span class='ocrx_word' id='word_1_596' title='bbox 2003 3560 2230 3614; x_wconf 89' lang='lat' dir='ltr'><strong>Matrem</strong></span> <span class='ocrx_word' id='word_1_597' title='bbox 2262 3555 2432 3619; x_wconf 83' lang='lat' dir='ltr'><strong>dicit,</strong></span> <span class='ocrx_word' id='word_1_598' title='bbox 2484 3549 2836 3606; x_wconf 81' lang='lat' dir='ltr'><strong>manifestum</strong></span> <span class='ocrx_word' id='word_1_599' title='bbox 2886 3554 3066 3598; x_wconf 89' lang='lat' dir='ltr'><strong>autem</strong></span> <span class='ocrx_word' id='word_1_600' title='bbox 3098 3548 3182 3594; x_wconf 88' lang='lat' dir='ltr'><strong>est</strong></span> <span class='ocrx_word' id='word_1_601' title='bbox 3228 3553 3328 3591; x_wconf 91' lang='lat' dir='ltr'><strong>nos</strong></span> <span class='ocrx_word' id='word_1_602' title='bbox 3373 3533 3468 3605; x_wconf 85' lang='lat' dir='ltr'><strong>qui</strong></span> 
     </span>
    </p>
   </div>
   <div class='ocr_carea' id='block_1_93' title="bbox 1895 3628 3470 3710">
    <p class='ocr_par' dir='ltr' id='par_1_93' title="bbox 1895 3628 3470 3710">
     <span class='ocr_line' id='line_1_93' title="bbox 1895 3628 3470 3710; baseline -0.018 -1"><span class='ocrx_word' id='word_1_603' title='bbox 1895 3653 2174 3710; x_wconf 88' lang='lat' dir='ltr'><strong>credimus</strong></span> <span class='ocrx_word' id='word_1_604' title='bbox 2207 3649 2258 3702; x_wconf 92' lang='lat' dir='ltr'><strong>id</strong></span> <span class='ocrx_word' id='word_1_605' title='bbox 2290 3644 2442 3700; x_wconf 88' lang='lat' dir='ltr'><strong>Sioni</strong></span> <span class='ocrx_word' id='word_1_606' title='bbox 2471 3643 2586 3698; x_wconf 87' lang='lat' dir='ltr'><strong>sive</strong></span> <span class='ocrx_word' id='word_1_607' title='bbox 2610 3639 2864 3694; x_wconf 69' lang='lat' dir='ltr'><strong>Ecclesiae</strong></span> <span class='ocrx_word' id='word_1_608' title='bbox 2891 3633 3246 3702; x_wconf 87' lang='lat' dir='ltr'><strong>ascripluros,</strong></span> <span class='ocrx_word' id='word_1_609' title='bbox 3279 3628 3330 3680; x_wconf 92' lang='lat' dir='ltr'><strong>in</strong></span> <span class='ocrx_word' id='word_1_610' title='bbox 3363 3641 3470 3696; x_wconf 86' lang='lat' dir='ltr'><strong>qua</strong></span> 
     </span>
    </p>
   </div>
   <div class='ocr_carea' id='block_1_94' title="bbox 1896 3721 3470 3807">
    <p class='ocr_par' dir='ltr' id='par_1_94' title="bbox 1896 3721 3470 3807">
     <span class='ocr_line' id='line_1_94' title="bbox 1896 3721 3470 3807; baseline -0.022 -4"><span class='ocrx_word' id='word_1_611' title='bbox 1896 3756 1980 3803; x_wconf 89' lang='lat' dir='ltr'><strong>est</strong></span> <span class='ocrx_word' id='word_1_612' title='bbox 2001 3745 2186 3807; x_wconf 86' lang='lat' dir='ltr'><strong>homo,</strong></span> <span class='ocrx_word' id='word_1_613' title='bbox 2222 3741 2334 3795; x_wconf 88' lang='lat' dir='ltr'><strong>sive</strong></span> <span class='ocrx_word' id='word_1_614' title='bbox 2357 3739 2403 3791; x_wconf 90' lang='lat' dir='ltr'><strong>is</strong></span> <span class='ocrx_word' id='word_1_615' title='bbox 2429 3737 2544 3805; x_wconf 91' lang='lat' dir='ltr'><strong>ipse</strong></span> <span class='ocrx_word' id='word_1_616' title='bbox 2571 3733 2662 3802; x_wconf 91' lang='lat' dir='ltr'><strong>qui</strong></span> <span class='ocrx_word' id='word_1_617' title='bbox 2694 3727 2939 3784; x_wconf 81' lang='lat' dir='ltr'><strong>fundavit</strong></span> <span class='ocrx_word' id='word_1_618' title='bbox 2972 3740 3091 3779; x_wconf 88' lang='lat' dir='ltr'><strong>eam</strong></span> <span class='ocrx_word' id='word_1_619' title='bbox 3167 3721 3267 3774; x_wconf 86' lang='lat' dir='ltr'><strong>Hic</strong></span> <span class='ocrx_word' id='word_1_620' title='bbox 3290 3727 3470 3772; x_wconf 86' lang='lat' dir='ltr'><strong>autem</strong></span> 
     </span>
    </p>
   </div>
   <div class='ocr_carea' id='block_1_95' title="bbox 1895 3810 3473 3906">
    <p class='ocr_par' dir='ltr' id='par_1_95' title="bbox 1895 3810 3473 3906">
     <span class='ocr_line' id='line_1_95' title="bbox 1895 3810 3473 3906; baseline -0.02 -13"><span class='ocrx_word' id='word_1_621' title='bbox 1895 3849 1974 3892; x_wconf 84' lang='lat' dir='ltr'><strong>est</strong></span> <span class='ocrx_word' id='word_1_622' title='bbox 2006 3834 2098 3906; x_wconf 90' lang='lat' dir='ltr'><strong>qui</strong></span> <span class='ocrx_word' id='word_1_623' title='bbox 2125 3847 2223 3902; x_wconf 84' lang='lat' dir='ltr'><strong>pro</strong></span> <span class='ocrx_word' id='word_1_624' title='bbox 2261 3830 2417 3884; x_wconf 91' lang='lat' dir='ltr'><strong>nobis</strong></span> <span class='ocrx_word' id='word_1_625' title='bbox 2451 3827 2616 3880; x_wconf 90' lang='lat' dir='ltr'><strong>homo</strong></span> <span class='ocrx_word' id='word_1_626' title='bbox 2641 3821 2816 3876; x_wconf 78' lang='lat' dir='ltr'><strong>faetus</strong></span> <span class='ocrx_word' id='word_1_627' title='bbox 2845 3826 2962 3886; x_wconf 84' lang='lat' dir='ltr'><strong>est,</strong></span> <span class='ocrx_word' id='word_1_628' title='bbox 2988 3824 3040 3870; x_wconf 90' lang='lat' dir='ltr'><strong>et</strong></span> <span class='ocrx_word' id='word_1_629' title='bbox 3073 3829 3166 3883; x_wconf 88' lang='lat' dir='ltr'><strong>qtn</strong></span> <span class='ocrx_word' id='word_1_630' title='bbox 3201 3810 3473 3881; x_wconf 79' lang='lat' dir='ltr'><strong>pollicitus</strong></span> 
     </span>
    </p>
   </div>
   <div class='ocr_carea' id='block_1_96' title="bbox 1897 3906 3277 3994">
    <p class='ocr_par' dir='ltr' id='par_1_96' title="bbox 1897 3906 3277 3994">
     <span class='ocr_line' id='line_1_96' title="bbox 1897 3906 3277 3994; baseline -0.021 -10"><span class='ocrx_word' id='word_1_631' title='bbox 1897 3937 1983 3984; x_wconf 87' lang='lat' dir='ltr'><strong>est</strong></span> <span class='ocrx_word' id='word_1_632' title='bbox 2015 3942 2073 3982; x_wconf 89' lang='lat' dir='ltr'><strong>se</strong></span> <span class='ocrx_word' id='word_1_633' title='bbox 2097 3939 2260 3994; x_wconf 86' lang='lat' dir='ltr'><strong>supra</strong></span> <span class='ocrx_word' id='word_1_634' title='bbox 2291 3930 2499 3991; x_wconf 86' lang='lat' dir='ltr'><strong>petram</strong></span> <span class='ocrx_word' id='word_1_635' title='bbox 2534 3914 2926 3970; x_wconf 67' lang='lat' dir='ltr'><strong>mdiﬁcaturum</strong></span> <span class='ocrx_word' id='word_1_636' title='bbox 2957 3906 3277 3961; x_wconf 88' lang='lat' dir='ltr'><strong>Ecclesiam.</strong></span> 
     </span>
    </p>
   </div>
   <div class='ocr_carea' id='block_1_97' title="bbox 1970 4081 3474 4160">
    <p class='ocr_par' dir='ltr' id='par_1_97' title="bbox 1970 4081 3474 4160">
     <span class='ocr_line' id='line_1_97' title="bbox 1970 4081 3474 4160; baseline -0.018 -1"><span class='ocrx_word' id='word_1_637' title='bbox 1970 4105 2023 4159; x_wconf 80' lang='grc'>6.</span> <span class='ocrx_word' id='word_1_638' title='bbox 2064 4101 2320 4157; x_wconf 85' lang='lat' dir='ltr'><strong>Dominus</strong></span> <span class='ocrx_word' id='word_1_639' title='bbox 2353 4094 2592 4151; x_wconf 85' lang='lat' dir='ltr'><strong>narrabit</strong></span> <span class='ocrx_word' id='word_1_640' title='bbox 2643 4093 2699 4146; x_wconf 85' lang='lat' dir='ltr'><strong>in</strong></span> <span class='ocrx_word' id='word_1_641' title='bbox 2745 4087 3026 4160; x_wconf 82' lang='lat' dir='ltr'><strong>scripturis</strong></span> <span class='ocrx_word' id='word_1_642' title='bbox 3072 4081 3385 4155; x_wconf 78' lang='lat' dir='ltr'><strong>populorum</strong></span> <span class='ocrx_word' id='word_1_643' title='bbox 3423 4087 3474 4133; x_wconf 88' lang='lat' dir='ltr'><strong>et</strong></span> 
     </span>
    </p>
   </div>
   <div class='ocr_carea' id='block_1_98' title="bbox 1901 4171 3474 4269">
    <p class='ocr_par' dir='ltr' id='par_1_98' title="bbox 1901 4171 3474 4269">
     <span class='ocr_line' id='line_1_98' title="bbox 1901 4171 3474 4269; baseline -0.018 -18"><span class='ocrx_word' id='word_1_644' title='bbox 1901 4198 2222 4269; x_wconf 77' lang='lat' dir='ltr'><strong>principum.</strong></span> <span class='ocrx_word' id='word_1_645' title='bbox 2278 4190 2637 4259; x_wconf 86' lang='lat' dir='ltr'><strong>Populorum,</strong></span> <span class='ocrx_word' id='word_1_646' title='bbox 2666 4182 2861 4253; x_wconf 89' lang='lat' dir='ltr'><strong>inquit,</strong></span> <span class='ocrx_word' id='word_1_647' title='bbox 2887 4189 2938 4234; x_wconf 89' lang='lat' dir='ltr'><strong>et</strong></span> <span class='ocrx_word' id='word_1_648' title='bbox 2966 4176 3272 4248; x_wconf 90' lang='lat' dir='ltr'><strong>principum</strong></span> <span class='ocrx_word' id='word_1_649' title='bbox 3301 4171 3393 4242; x_wconf 91' lang='lat' dir='ltr'><strong>qui</strong></span> <span class='ocrx_word' id='word_1_650' title='bbox 3420 4171 3474 4224; x_wconf 92' lang='lat' dir='ltr'><strong>in</strong></span> 
     </span>
    </p>
   </div>
   <div class='ocr_carea' id='block_1_99' title="bbox 1903 4262 3472 4359">
    <p class='ocr_par' dir='ltr' id='par_1_99' title="bbox 1903 4262 3472 4359">
     <span class='ocr_line' id='line_1_99' title="bbox 1903 4262 3472 4359; baseline -0.018 -14"><span class='ocrx_word' id='word_1_651' title='bbox 1903 4291 2020 4359; x_wconf 89' lang='lat' dir='ltr'><strong>ipsa</strong></span> <span class='ocrx_word' id='word_1_652' title='bbox 2048 4285 2288 4340; x_wconf 84' lang='lat' dir='ltr'><strong>Ecclesia</strong></span> <span class='ocrx_word' id='word_1_653' title='bbox 2323 4289 2484 4334; x_wconf 89' lang='lat' dir='ltr'><strong>erunt</strong></span> <span class='ocrx_word' id='word_1_654' title='bbox 2525 4278 2849 4346; x_wconf 87' lang='lat' dir='ltr'><strong>scripturam</strong></span> <span class='ocrx_word' id='word_1_655' title='bbox 2888 4270 3151 4324; x_wconf 83' lang='lat' dir='ltr'><strong>Dominus</strong></span> <span class='ocrx_word' id='word_1_656' title='bbox 3173 4262 3472 4319; x_wconf 85' lang='lat' dir='ltr'><strong>euarrabit.</strong></span> 
     </span>
    </p>
   </div>
   <div class='ocr_carea' id='block_1_100' title="bbox 1906 4355 3475 4450">
    <p class='ocr_par' dir='ltr' id='par_1_100' title="bbox 1906 4355 3475 4450">
     <span class='ocr_line' id='line_1_100' title="bbox 1906 4355 3475 4450; baseline -0.018 -17"><span class='ocrx_word' id='word_1_657' title='bbox 1906 4355 1970 4435; x_wconf 87' lang='lat' dir='ltr'><strong>Et</strong></span> <span class='ocrx_word' id='word_1_658' title='bbox 2000 4395 2106 4450; x_wconf 88' lang='lat' dir='ltr'><strong>qua</strong></span> <span class='ocrx_word' id='word_1_659' title='bbox 2141 4377 2354 4431; x_wconf 86' lang='lat' dir='ltr'><strong>ratione</strong></span> <span class='ocrx_word' id='word_1_660' title='bbox 2387 4370 2542 4433; x_wconf 86' lang='lat' dir='ltr'><strong>illud,</strong></span> <span class='ocrx_word' id='word_1_661' title='bbox 2571 4369 2674 4423; x_wconf 88' lang='lat' dir='ltr'><strong>nisi</strong></span> <span class='ocrx_word' id='word_1_662' title='bbox 2702 4366 2831 4437; x_wconf 85' lang='lat' dir='ltr'><strong>quia</strong></span> <span class='ocrx_word' id='word_1_663' title='bbox 2866 4360 3284 4429; x_wconf 68' lang='lat' dir='ltr'><strong>descriptionem</strong></span> <span class='ocrx_word' id='word_1_664' title='bbox 3330 4355 3475 4406; x_wconf 88' lang='lat' dir='ltr'><strong>illam</strong></span> 
     </span>
    </p>
   </div>
   <div class='ocr_carea' id='block_1_101' title="bbox 1907 4443 3478 4532">
    <p class='ocr_par' dir='ltr' id='par_1_101' title="bbox 1907 4443 3478 4532">
     <span class='ocr_line' id='line_1_101' title="bbox 1907 4443 3478 4532; baseline -0.022 -2"><span class='ocrx_word' id='word_1_665' title='bbox 1907 4478 1959 4530; x_wconf 91' lang='lat' dir='ltr'><strong>in</strong></span> <span class='ocrx_word' id='word_1_666' title='bbox 1990 4443 2141 4530; x_wconf 72' lang='lat' dir='ltr'><strong>caelis</strong></span> <span class='ocrx_word' id='word_1_667' title='bbox 2172 4470 2371 4524; x_wconf 82' lang='lat' dir='ltr'><strong>factam</strong></span> <span class='ocrx_word' id='word_1_668' title='bbox 2413 4466 2523 4519; x_wconf 87' lang='lat' dir='ltr'><strong>illis</strong></span> <span class='ocrx_word' id='word_1_669' title='bbox 2575 4463 2690 4532; x_wconf 88' lang='lat' dir='ltr'><strong>ipse</strong></span> <span class='ocrx_word' id='word_1_670' title='bbox 2730 4455 2975 4513; x_wconf 86' lang='lat' dir='ltr'><strong>narrabit</strong></span> <span class='ocrx_word' id='word_1_671' title='bbox 3005 4453 3190 4507; x_wconf 86' lang='lat' dir='ltr'><strong>dicens</strong></span> <span class='ocrx_word' id='word_1_672' title='bbox 3217 4448 3258 4480; x_wconf 79' lang='grc'><strong>¹⁹</strong></span> <span class='ocrx_word' id='word_1_673' title='bbox 3287 4464 3301 4500; x_wconf 89' lang='lat'>:</span> <span class='ocrx_word' id='word_1_674' title='bbox 3332 4443 3478 4498; x_wconf 83' lang='lat' dir='ltr'><strong>Gau-</strong></span> 
     </span>
    </p>
   </div>
   <div class='ocr_carea' id='block_1_102' title="bbox 1905 4539 3325 4636">
    <p class='ocr_par' dir='ltr' id='par_1_102' title="bbox 1905 4539 3325 4636">
     <span class='ocr_line' id='line_1_102' title="bbox 1905 4539 3325 4636; baseline -0.019 -15"><span class='ocrx_word' id='word_1_675' title='bbox 1905 4567 2019 4621; x_wconf 87' lang='lat' dir='ltr'><strong>dete</strong></span> <span class='ocrx_word' id='word_1_676' title='bbox 2049 4565 2175 4636; x_wconf 84' lang='lat' dir='ltr'><strong>quia</strong></span> <span class='ocrx_word' id='word_1_677' title='bbox 2209 4560 2428 4616; x_wconf 86' lang='lat' dir='ltr'><strong>nomina</strong></span> <span class='ocrx_word' id='word_1_678' title='bbox 2469 4564 2644 4610; x_wconf 74' lang='lat' dir='ltr'><strong>restra</strong></span> <span class='ocrx_word' id='word_1_679' title='bbox 2668 4552 2867 4621; x_wconf 85' lang='lat' dir='ltr'><strong>scripta</strong></span> <span class='ocrx_word' id='word_1_680' title='bbox 2899 4554 3019 4603; x_wconf 88' lang='lat' dir='ltr'><strong>sunt</strong></span> <span class='ocrx_word' id='word_1_681' title='bbox 3055 4545 3109 4596; x_wconf 91' lang='lat' dir='ltr'><strong>in</strong></span> <span class='ocrx_word' id='word_1_682' title='bbox 3137 4539 3325 4594; x_wconf 68' lang='lat' dir='ltr'><strong>catis?</strong></span> 
     </span>
    </p>
   </div>
   <div class='ocr_carea' id='block_1_103' title="bbox 1981 4717 3476 4794">
    <p class='ocr_par' dir='ltr' id='par_1_103' title="bbox 1981 4717 3476 4794">
     <span class='ocr_line' id='line_1_103' title="bbox 1981 4717 3476 4794; baseline -0.019 1"><span class='ocrx_word' id='word_1_683' title='bbox 1981 4744 2033 4794; x_wconf 89' lang='lat'><strong>7.</strong></span> <span class='ocrx_word' id='word_1_684' title='bbox 2093 4739 2240 4793; x_wconf 86' lang='lat' dir='ltr'><strong>Sicut</strong></span> <span class='ocrx_word' id='word_1_685' title='bbox 2279 4734 2579 4790; x_wconf 75' lang='lat' dir='ltr'><strong>lwtantium</strong></span> <span class='ocrx_word' id='word_1_686' title='bbox 2627 4729 2860 4782; x_wconf 86' lang='lat' dir='ltr'><strong>omnium</strong></span> <span class='ocrx_word' id='word_1_687' title='bbox 2903 4722 3162 4777; x_wconf 82' lang='lat' dir='ltr'><strong>habitatio</strong></span> <span class='ocrx_word' id='word_1_688' title='bbox 3196 4728 3272 4773; x_wconf 84' lang='lat' dir='ltr'><strong>est</strong></span> <span class='ocrx_word' id='word_1_689' title='bbox 3307 4717 3364 4771; x_wconf 82' lang='lat' dir='ltr'><strong>in</strong></span> <span class='ocrx_word' id='word_1_690' title='bbox 3409 4723 3476 4767; x_wconf 88' lang='lat' dir='ltr'><strong>te.</strong></span> 
     </span>
    </p>
   </div>
   <div class='ocr_carea' id='block_1_104' title="bbox 1911 4808 3483 4900">
    <p class='ocr_par' dir='ltr' id='par_1_104' title="bbox 1911 4808 3483 4900">
     <span class='ocr_line' id='line_1_104' title="bbox 1911 4808 3483 4900; baseline -0.017 -14"><span class='ocrx_word' id='word_1_691' title='bbox 1911 4822 2166 4900; x_wconf 72' lang='lat' dir='ltr'><strong>Quando,</strong></span> <span class='ocrx_word' id='word_1_692' title='bbox 2201 4830 2310 4890; x_wconf 88' lang='lat' dir='ltr'><strong>ait,</strong></span> <span class='ocrx_word' id='word_1_693' title='bbox 2342 4825 2586 4881; x_wconf 89' lang='lat' dir='ltr'><strong>omnium</strong></span> <span class='ocrx_word' id='word_1_694' title='bbox 2627 4820 2718 4890; x_wconf 90' lang='lat' dir='ltr'><strong>qui</strong></span> <span class='ocrx_word' id='word_1_695' title='bbox 2754 4820 2806 4871; x_wconf 91' lang='lat' dir='ltr'><strong>in</strong></span> <span class='ocrx_word' id='word_1_696' title='bbox 2837 4816 3077 4870; x_wconf 82' lang='lat' dir='ltr'><strong>Ecclesia</strong></span> <span class='ocrx_word' id='word_1_697' title='bbox 3110 4821 3238 4868; x_wconf 91' lang='lat' dir='ltr'><strong>sunt</strong></span> <span class='ocrx_word' id='word_1_698' title='bbox 3273 4808 3483 4863; x_wconf 84' lang='lat' dir='ltr'><strong>habita-</strong></span> 
     </span>
    </p>
   </div>
   <div class='ocr_carea' id='block_1_105' title="bbox 1912 4909 3135 4982">
    <p class='ocr_par' dir='ltr' id='par_1_105' title="bbox 1912 4909 3135 4982">
     <span class='ocr_line' id='line_1_105' title="bbox 1912 4909 3135 4982; baseline -0.018 -3"><span class='ocrx_word' id='word_1_699' title='bbox 1912 4927 1986 4979; x_wconf 85' lang='lat' dir='ltr'><strong>tio</strong></span> <span class='ocrx_word' id='word_1_700' title='bbox 2021 4925 2074 4977; x_wconf 91' lang='lat' dir='ltr'><strong>in</strong></span> <span class='ocrx_word' id='word_1_701' title='bbox 2107 4931 2158 4975; x_wconf 91' lang='lat' dir='ltr'><strong>te</strong></span> <span class='ocrx_word' id='word_1_702' title='bbox 2189 4919 2372 4982; x_wconf 81' lang='lat' dir='ltr'><strong>fuerit,</strong></span> <span class='ocrx_word' id='word_1_703' title='bbox 2409 4926 2538 4970; x_wconf 91' lang='lat' dir='ltr'><strong>tunc</strong></span> <span class='ocrx_word' id='word_1_704' title='bbox 2567 4911 2748 4966; x_wconf 62' lang='lat' dir='ltr'><strong>laetitia</strong></span> <span class='ocrx_word' id='word_1_705' title='bbox 2781 4909 2924 4979; x_wconf 77' lang='lat' dir='ltr'><strong>pleni</strong></span> <span class='ocrx_word' id='word_1_706' title='bbox 2957 4914 3135 4959; x_wconf 87' lang='lat' dir='ltr'><strong>erunt.</strong></span> 
     </span>
    </p>
   </div>
   <div class='ocr_carea' id='block_1_106' title="bbox 1918 5098 3482 5177">
    <p class='ocr_par' dir='ltr' id='par_1_106' title="bbox 1918 5098 3482 5177">
     <span class='ocr_line' id='line_1_106' title="bbox 1918 5098 3482 5177; baseline -0.017 -1"><span class='ocrx_word' id='word_1_707' title='bbox 1918 5123 1968 5177; x_wconf 77' lang='grc'>1.</span> <span class='ocrx_word' id='word_1_708' title='bbox 2003 5120 2280 5176; x_wconf 88' lang='lat' dir='ltr'><strong>Canticum</strong></span> <span class='ocrx_word' id='word_1_709' title='bbox 2314 5109 2610 5169; x_wconf 78' lang='lat' dir='ltr'><strong>PSALMI.</strong></span> <span class='ocrx_word' id='word_1_710' title='bbox 2670 5107 2735 5162; x_wconf 86' lang='lat' dir='ltr'><strong>In</strong></span> <span class='ocrx_word' id='word_1_711' title='bbox 2774 5107 2930 5176; x_wconf 78' lang='lat' dir='ltr'><strong>ﬁnem</strong></span> <span class='ocrx_word' id='word_1_712' title='bbox 2984 5122 3077 5175; x_wconf 86' lang='lat' dir='ltr'><strong>pro</strong></span> <span class='ocrx_word' id='word_1_713' title='bbox 3123 5101 3383 5156; x_wconf 79' lang='lat' dir='ltr'><strong>Malteleth</strong></span> <span class='ocrx_word' id='word_1_714' title='bbox 3415 5098 3482 5152; x_wconf 82' lang='lat' dir='ltr'><strong>ad</strong></span> 
     </span>
    </p>
   </div>
   <div class='ocr_carea' id='block_1_107' title="bbox 1989 5191 3481 5282">
    <p class='ocr_par' dir='ltr' id='par_1_107' title="bbox 1989 5191 3481 5282">
     <span class='ocr_line' id='line_1_107' title="bbox 1989 5191 3481 5282; baseline -0.016 -15"><span class='ocrx_word' id='word_1_715' title='bbox 1989 5211 2428 5282; x_wconf 84' lang='lat' dir='ltr'><strong>respondendum,</strong></span> <span class='ocrx_word' id='word_1_716' title='bbox 2449 5204 2752 5260; x_wconf 74' lang='lat' dir='ltr'><strong>intellectus</strong></span> <span class='ocrx_word' id='word_1_717' title='bbox 2784 5201 2977 5253; x_wconf 79' lang='lat' dir='ltr'><strong>Etliam</strong></span> <span class='ocrx_word' id='word_1_718' title='bbox 3009 5195 3269 5252; x_wconf 72' lang='lat' dir='ltr'><strong>Israelin</strong></span> <span class='ocrx_word' id='word_1_719' title='bbox 3298 5191 3481 5264; x_wconf 61' lang='grc' dir='ltr'>[ναις.</span> 
     </span>
    </p>
   </div>
   <div class='ocr_carea' id='block_1_108' title="bbox 1986 5285 3255 5375">
    <p class='ocr_par' dir='ltr' id='par_1_108' title="bbox 1986 5285 3255 5375">
     <span class='ocr_line' id='line_1_108' title="bbox 1986 5285 3255 5375; baseline -0.019 -13"><span class='ocrx_word' id='word_1_720' title='bbox 1986 5323 2108 5362; x_wconf 83' lang='lat' dir='ltr'><strong>cum</strong></span> <span class='ocrx_word' id='word_1_721' title='bbox 2137 5305 2299 5375; x_wconf 67' lang='lat' dir='ltr'><strong>I&#39;Iebr.</strong></span> <span class='ocrx_word' id='word_1_722' title='bbox 2329 5301 2522 5355; x_wconf 83' lang='lat' dir='ltr'><strong>Etltant</strong></span> <span class='ocrx_word' id='word_1_723' title='bbox 2560 5294 2874 5367; x_wconf 69' lang='lat' dir='ltr'><strong>Ezrnltita’].</strong></span> <span class='ocrx_word' id='word_1_724' title='bbox 2906 5285 3255 5346; x_wconf 73' lang='lat' dir='ltr'><em>LXXXVII.</em></span> 
     </span>
    </p>
   </div>
   <div class='ocr_carea' id='block_1_109' title="bbox 2503 5392 2902 5460">
    <p class='ocr_par' dir='ltr' id='par_1_109' title="bbox 2503 5392 2902 5460">
     <span class='ocr_line' id='line_1_109' title="bbox 2503 5392 2902 5460; baseline -0.015 -17"><span class='ocrx_word' id='word_1_725' title='bbox 2503 5392 2540 5444; x_wconf 85' lang='grc' dir='ltr'><em>Α</em></span> <span class='ocrx_word' id='word_1_726' title='bbox 2557 5408 2645 5460; x_wconf 81' lang='lat' dir='ltr'><strong>rgu</strong></span> <span class='ocrx_word' id='word_1_727' title='bbox 2655 5399 2902 5442; x_wconf 84' lang='lat' dir='ltr'><strong>mentum.</strong></span> 
     </span>
    </p>
   </div>
   <div class='ocr_carea' id='block_1_110' title="bbox 1914 5470 3482 5561">
    <p class='ocr_par' dir='ltr' id='par_1_110' title="bbox 1914 5470 3482 5561">
     <span class='ocr_line' id='line_1_110' title="bbox 1914 5470 3482 5561; baseline -0.015 -15"><span class='ocrx_word' id='word_1_728' title='bbox 1914 5492 1970 5547; x_wconf 89' lang='lat' dir='ltr'><strong>In</strong></span> <span class='ocrx_word' id='word_1_729' title='bbox 2003 5494 2104 5546; x_wconf 89' lang='lat' dir='ltr'><strong>hoc</strong></span> <span class='ocrx_word' id='word_1_730' title='bbox 2150 5489 2361 5561; x_wconf 82' lang='lat' dir='ltr'><strong>psalmo</strong></span> <span class='ocrx_word' id='word_1_731' title='bbox 2405 5482 2607 5540; x_wconf 87' lang='lat' dir='ltr'><strong>Christi</strong></span> <span class='ocrx_word' id='word_1_732' title='bbox 2643 5495 2813 5541; x_wconf 89' lang='lat' dir='ltr'><strong>mors,</strong></span> <span class='ocrx_word' id='word_1_733' title='bbox 2845 5490 3006 5546; x_wconf 90' lang='lat' dir='ltr'><strong>quam</strong></span> <span class='ocrx_word' id='word_1_734' title='bbox 3042 5488 3139 5543; x_wconf 90' lang='lat' dir='ltr'><strong>pro</strong></span> <span class='ocrx_word' id='word_1_735' title='bbox 3172 5470 3328 5524; x_wconf 86' lang='lat' dir='ltr'><strong>nobis</strong></span> <span class='ocrx_word' id='word_1_736' title='bbox 3361 5484 3482 5523; x_wconf 88' lang='lat' dir='ltr'><strong>sus-</strong></span> 
     </span>
    </p>
   </div>
   <div class='ocr_carea' id='block_1_111' title="bbox 1988 5563 3484 5658">
    <p class='ocr_par' dir='ltr' id='par_1_111' title="bbox 1988 5563 3484 5658">
     <span class='ocr_line' id='line_1_111' title="bbox 1988 5563 3484 5658; baseline -0.017 -14"><span class='ocrx_word' id='word_1_737' title='bbox 1988 5587 2196 5658; x_wconf 56' lang='lat' dir='ltr'><strong>cepit:</strong></span> <span class='ocrx_word' id='word_1_738' title='bbox 2224 5589 2562 5641; x_wconf 87' lang='lat' dir='ltr'><strong>memoratur</strong></span> <span class='ocrx_word' id='word_1_739' title='bbox 2607 5596 2619 5633; x_wconf 90' lang='lat'><strong>:</strong></span> <span class='ocrx_word' id='word_1_740' title='bbox 2657 5586 2717 5633; x_wconf 91' lang='lat' dir='ltr'><strong>ut</strong></span> <span class='ocrx_word' id='word_1_741' title='bbox 2755 5583 3041 5644; x_wconf 88' lang='lat' dir='ltr'><strong>postquam</strong></span> <span class='ocrx_word' id='word_1_742' title='bbox 3078 5567 3360 5640; x_wconf 78' lang='lat' dir='ltr'><strong>Spiritibus</strong></span> <span class='ocrx_word' id='word_1_743' title='bbox 3390 5563 3484 5634; x_wconf 89' lang='lat' dir='ltr'><strong>qui</strong></span> 
     </span>
    </p>
   </div>
  </div>
