3872 6216
149 362 251 419 331

147 572 321 641 ὄνομα
364 569 760 639 βδελύσσονται.
803 567 1168 637 Παρεδόθην,
1219 571 1320 623 καὶ
1371 573 1481 624 οὐκ
1525 571 1736 634 ἐξεπο-

138 664 433 730 ρευόμην.
472 661 641 713 Τοῦτό
680 678 832 731 φησι,
858 660 946 715 διὰ
973 662 1033 713 τὸ
1054 662 1437 717 κατάκλειστον
1466 665 1627 718 αὐτὸν
1648 682 1738 732 γε-

147 755 337 807 νέσθαι
366 755 424 805 ὲν
456 756 523 824 τῇ
554 754 699 823 οἰκίᾳ
724 753 817 806 τοῦ
847 754 1313 824 ἀρχισυναγώγου.

221 852 289 900 Οἱ
337 848 635 916 ὀφθαλμοί
679 864 798 915 μου
844 847 1368 915 ἡσθένησανάπό
1418 849 1733 917 πτωχείας.

158 939 585 1008 Ἀπεκλαιόμην,
625 940 807 1008 φησιν,
840 941 978 1012 ὑπὲρ
1018 941 1111 993 τοῦ
1164 941 1315 1004 λαοῦ,
1365 940 1485 993 ἰδὼν
1542 943 1738 1004 αὐτοὺς

146 1031 243 1084 τοῦ
274 1032 418 1085 κατὰ
461 1032 592 1084 Θεὸν
622 1033 849 1087 πλούτου
882 1034 1317 1103 ὲκπεσουμὲνους
1349 1035 1439 1086 καὶ
1484 1036 1563 1096 εἰς
1592 1051 1738 1087 πτω·

149 1127 304 1196 χείαν
336 1126 841 1196 κατενηνεγμένους
871 1127 1125 1197 ἐσχάτην.

234 1216 565 1283 Ἔκέκραξα
594 1217 743 1283 πρὸς
775 1216 869 1279 σὲ,
903 1219 1098 1283 Κύριε,
1129 1218 1281 1282 ὅλην
1327 1216 1442 1284 τὴν
1486 1216 1731 1284 ἡμέραν.

152 1309 292 1361 Ἕνα
344 1310 525 1363 τοίνυν
561 1312 725 1379 πόρον
773 1309 863 1371 δὸς
904 1308 1005 1377 τῆς
1039 1309 1146 1360 τῶν
1178 1308 1363 1360 δεινῶν
1392 1308 1732 1377 ἀπαλλαγῆς,

146 1402 249 1471 τὴν
306 1401 427 1470 σὴν,
458 1401 723 1463 Δέσποτα,
760 1402 1117 1472 προμηθείαν.
1159 1401 1443 1454 Ἐκτείνων
1493 1402 1602 1471 γὰρ
1651 1402 1734 1452 ἀεὶ

146 1491 248 1555 τὰς
284 1495 471 1565 χεῖρας
508 1491 770 1544 ἀντιϐολῶ
805 1508 882 1544 σε.
912 1492 1022 1561 Τὴν
1070 1491 1270 1561 πικράν
1316 1492 1371 1543 δὲ
1421 1492 1519 1561 τῆς
1559 1491 1735 1560 ψυχῆς

147 1584 347 1653 ὀδύνην
386 1583 544 1636 τοῦτο
579 1584 640 1636 τὸ
673 1583 861 1653 σχῆμα
910 1582 1230 1653 δηλοῖ.”Υπὸ
1284 1582 1391 1653 γὰρ
1424 1584 1519 1652 τῆς
1549 1584 1735 1654 χρείας

146 1676 616 1748 ἀναγκαζόμενος,
639 1675 1053 1747 σπουδαιότερόν
1073 1694 1155 1739 τις
1178 1675 1406 1728 ἱκετεύει
1430 1672 1734 1729 τὸν’δοῦναι

149 1769 474 1838 δυνάμενον.

1211 363 1575 417 EXPOSlTlO
1618 362 1681 415 ΙΝ
1720 361 2049 419 PSALMUM
2090 365 2374 419 LXXXVII

146 480 294 545 τοῖς.
327 480 474 549 Ὅρα
510 477 625 540 πῶς
652 479 745 529 καὶ
784 476 947 548 μέχρι
978 477 1073 531 νῦν
1115 478 1357 532 Ἰουδαῖοι
1408 480 1470 531 τὸ
1501 480 1724 551 Χριστοῐ

1840 497 1968 534 num
1997 480 2167 535 Judzei
2216 480 2419 534 Christi
2455 495 2653 535 nomen
2699 491 3070 538 exsecrentur.

3306 371 3410 425 582

3158 483 3411 540 Traditus

1841 589 1979 631 sum.
2009 585 2057 626 et
2088 590 2189 626 non
2218 574 2539 643 egrediebar.
2583 574 2701 628 Hoc
2730 574 2806 629 ait
2833 577 2959 646 quia
2991 576 3282 633 conclusus
3310 578 3413 632 fuit

1841 662 1893 715 in
1925 664 2086 716 domo
2115 662 2377 731 principis
2408 678 2710 733 synagogre.

1914 841 2001 893 10.
2045 840 2200 895 Oculi
2258 840 2359 893 mei
2405 842 2721 910 languerunt
2773 858 2882 910 pra:
2918 843 3119 910 inopia.
3165 842 3408 911 Flebam,

1838 933 2035 1001 inquit,
2078 948 2175 1000 pro
2206 933 2412 1001 populo
2444 946 2675 986 cernens
2705 948 2799 986 eos
2828 948 2856 985 a
2894 933 3130 998 divitiis,
3176 949 3297 1001 qua:
3324 948 3411 987 se-

1842 1025 2081 1077 cundum
2108 1022 2277 1076 Deum
2313 1032 2460 1088 sunt,
2495 1023 2561 1077 ad
2592 1033 2891 1077 extremam
2920 1034 3292 1095 paupertatem
3318 1026 3411 1079 de-

1836 1115 2037 1184 lapsos.

1909 1206 1995 1258 11.
2022 1205 2262 1260 Clamavi
2288 1206 2357 1259 ad
2383 1216 2449 1269 te,
2477 1205 2718 1273 Domine,
2754 1217 2865 1259 tota
2896 1209 2999 1261 die.
3043 1206 3219 1261 Unum
3253 1209 3408 1263 nobis

1837 1297 2040 1350 exitum
2079 1305 2138 1349 ut
2180 1313 2207 1350 a
2242 1297 2396 1349 malis
2426 1296 2723 1350 liberemur
2766 1296 3027 1364 praebeto,
3078 1306 3249 1359 tuam,
3298 1295 3408 1350 Do-

1836 1390 2005 1453 mine,
2030 1387 2451 1458 providentiam.
2486 1386 2620 1441 Nam
2659 1404 2872 1457 semper
2894 1404 3089 1443 manus
3113 1389 3410 1443 extendens

1836 1491 1889 1535 te
1920 1482 2201 1549 deprecor.
2234 1478 2333 1533 Hic
2372 1494 2538 1549 porro
2568 1479 2789 1534 habitus
2817 1480 3073 1533 acerbum
3114 1481 3281 1533 animi
3312 1482 3410 1534 do-

1836 1573 2005 1627 lorem
2043 1573 2265 1626 indicat.
2322 1570 2651 1627 Necessitate
2692 1572 2893 1640 quippe
2937 1582 3156 1627 coactus
3184 1573 3411 1639 quilibet

1836 1663 2023 1727 homo,
2062 1662 2360 1717 ferventius
2382 1663 2431 1717 ei
2450 1664 2717 1733 supplicat
2740 1664 2832 1733 qui
2861 1664 2913 1718 id
2948 1662 3180 1718 tribuere
3209 1672 3406 1734 potest.

220 1826 319 1927 Mi)
372 1860 498 1926 τοῖς
547 1860 780 1928 νεκροῖς
826 1858 1099 1926 ποιήσεις
1152 1858 1494 1929 θαυμάσια;
1532 1858 1724 1926 Ἰατροὶ

1907 1858 1991 1911 12.
2024 1856 2281 1926 Nunquid
2310 1857 2532 1910 mortuis
2550 1857 2713 1926 facies
2738 1856 3007 1909 mirabilia
3026 1858 3050 1909 ?
3069 1855 3261 1909 Medici
3290 1872 3409 1909 sus-

148 1950 612 2016 ἁναστήσουσι;
638 1952 747 2016 Τὰς
783 1952 961 2015 αἰτίας
979 1954 1124 2022 ἡμᾶς
1147 1951 1383 2004 διδάσκει
1407 1951 1506 2022 τῆς
1536 1952 1616 2014 είς
1640 1951 1733 2004 τὸν

148 2042 382 2095 θάνατον
435 2041 601 2095 αὑτοῦ
656 2042 905 2106 καθόδου,
938 2043 1214 2113 μονονουχὶ
1260 2042 1466 2110 λέγων’
1512 2043 1730 2113 Ἐπειδὴ

145 2132 272 2187 οὗτε
318 2137 533 2204 νεκροῖς
587 2135 829 2199 δυνατὸν,
862 2136 1015 2206 φησι,
1055 2136 1384 2207 ποιήσασθαι
1430 2136 1728 2207 θαυμάσια,

145 2226 273 2281 οὒτε
316 2228 523 2298 ἰατροῖς
549 2228 892 2297 ⁷ἀναστῆσαι,
943 2228 1028 2280 ἵνα
1071 2226 1569 2299 ὲξομολογήσωνταί
1623 2245 1728 2292 σοι,

146 2317 271 2372 οὔτε
305 2318 412 2389 μὴν
445 2320 492 2371 oi
525 2320 583 2373 ὲν
612 2322 677 2389 τῇ
707 2319 952 2389 ἀπωλείᾳ
976 2319 1191 2372 δυνατοὶ
1220 2314 1361 2389 ἦσαν
1405 2318 1609 2386 γνῶναί
1637 2336 1729 2372 σου

145 2407 242 2477 τὴν
290 2408 577 2478 ἀλήθειαν·
617 2409 807 2461 τούτου
853 2409 1031 2480 χάριν,
1060 2403 1104 2463 ὧ
1137 2410 1337 2481 Πάτερ,
1368 2410 1462 2463 καὶ
1511 2413 1623 2473 τοῖς
1673 2412 1731 2463 ἐν

146 2499 275 2568 ᾅδου
308 2500 769 2571 καταλελόγισμαι
790 2517 803 2531 ·
852 2501 939 2554 ἵνα
971 2501 1302 2565 ἀναστάντες
1331 2502 1380 2554 οἱ
1413 2503 1471 2554 ὲν
1510 2504 1575 2572 τῇ
1614 2503 1729 2554 ἐπι-

146 2592 457 2665 λελησμένῃ
508 2596 578 2664 γῇ
624 2594 717 2646 καὶ
762 2593 872 2646 τῶν
924 2594 1243 2664 θαυμασίων
1285 2611 1379 2647 σου
1409 2597 1602 2665 πεῖραν
1630 2595 1729 2647 λά-

146 2683 316 2748 ϐοιεν,
353 2686 447 2736 καὶ
491 2684 858 2756 διηγήσωνται
903 2688 953 2739 οί
1008 2687 1174 2740 πάλαι
1222 2689 1279 2739 ὲν
1310 2686 1389 2757 τῷ
1419 2686 1598 2740 σκότει
1630 2688 1729 2759 τὴν

146 2774 407 2843 ἀλήθειάν
436 2791 549 2828 σου.

214 2866 314 2933 Μὴ
343 2866 696 2934 διηγήσεταί
732 2886 821 2935 τις
859 2869 929 2922 ἐν
960 2868 1041 2935 τῷ
1071 2869 1233 2938 τάφῳ
1254 2869 1339 2939 ζτὸ
1376 2870 1547 2936 ἔλεός
1578 2884 1727 2934 σου;

146 2956 233 3027 Μὴ
260 2956 509 3021 δυνατὸν,
536 2958 689 3028 φησὶ,
708 2959 833 3021 τοὺς
858 2960 936 3021 είς
956 2958 1103 3010 κόνιν
1131 2957 1477 3021 διαλυθέντας
1503 2961 1727 3030 νεκροὺς

145 3050 239 3102 καὶ
272 3052 333 3102 ὲν
380 3049 458 3119 τῷ
494 3048 641 3118 ζόφῳ
689 3048 782 3102 τοῦ
837 3050 1067 3103 θανάτου
1122 3050 1426 3118 διάγοντας,
1463 3052 1554 3104 καὶ
1586 3051 1724 3122 λήθῃ

1834 1950 2113 2002 citabunt?
2150 1947 2261 2003 Nos
2287 1948 2477 2003 edocet
2517 1964 2641 2018 qua:
2677 1963 2842 2003 causa
2886 1949 2958 2003 sit
3020 1947 3162 2017 quod
3219 1950 3409 2002 mortis

1833 2054 2077 2113 tempore
2132 2041 2495 2104 descenderit,
2561 2048 2770 2095 tantum
2832 2054 2941 2093 non
3001 2038 3075 2092 ita
3136 2038 3402 2107 loquens:

1832 2136 2123 2203 Quoniam,
2171 2133 2368 2204 inquit,
2400 2146 2577 2201 neque
2609 2131 2813 2186 mortui
2860 2140 3091 2199 possunt
3135 2129 3406 2185 mirabilia

1832 2231 2031 2297 facere,
2065 2244 2241 2300 neque
2272 2227 2467 2283 medici
2498 2226 2763 2281 suscitare
2791 2233 2849 2278 ut
2880 2222 3241 2277 conﬁteantur
3261 2219 3359 2274 tibi
3387 2257 3404 2284 ,

1832 2338 2007 2393 neque
2030 2322 2066 2376 ii
2098 2322 2192 2391 qui
2221 2321 2276 2374 in
2310 2318 2549 2389 pernicie
2581 2324 2737 2372 erant
2779 2330 2943 2369 nosse
2979 2312 3406 2382 poterantJveri-

1832 2426 1996 2471 tatem
2038 2424 2209 2478 tuam,
2271 2412 2435 2481 hujus
2486 2411 2561 2464 rei
2596 2409 2789 2478 gratia,
2818 2422 2851 2461 ο
2894 2405 3088 2469 Pater,
3120 2411 3406 2473 reputatus

1831 2524 1951 2565 sum
2001 2522 2123 2561 cum
2174 2506 2242 2560 iis
2268 2505 2359 2574 qui
2395 2512 2525 2557 sunt
2574 2502 2629 2555 in
2680 2499 2936 2563 inferno;
2974 2505 3035 2551 ut
3060 2496 3309 2551 suscitati
3364 2495 3404 2549 ii

1830 2599 1923 2668 qui
1963 2606 2090 2651 sunt
2129 2596 2183 2649 in
2224 2604 2369 2650 terra
2425 2592 2738 2655 oblivionis,
2793 2589 3126 2643 mirabilium
3182 2596 3402 2640 tuorum

1829 2690 2259 2760 experimentum
2314 2686 2601 2754 accipiant,
2652 2692 2706 2737 et
2740 2682 2834 2752 qui
2893 2681 3021 2736 olim
3061 2681 3115 2735 in
3162 2680 3403 2735 tenebris

1828 2789 1985 2839 erant
2007 2790 2260 2837 enarrent
2288 2781 2568 2833 veritatem
2600 2789 2769 2831 tuam.

1902 2875 1989 2927 1'5.
2024 2873 2279 2943 Nunquid
2303 2872 2569 2924 enarrabit
2601 2870 2794 2938 aliquis
2824 2870 2878 2921 in
2928 2866 3167 2936 sepulcro
3195 2866 3403 2918 miseri-

1829 2966 2065 3020 cordiam
2097 2966 2287 3018 tuam?
2310 2962 2449 3017 Num
2484 2971 2681 3032 potest,
2711 2961 2906 3029 inquit,
2940 2961 3075 3025 ﬁeri,
3110 2971 3167 3013 ut
3199 2959 3402 3014 mortui

1829 3058 1882 3111 in
1922 3060 2197 3129 pulverem
2236 3057 2438 3110 redacti
2485 3056 2579 3124 qui
2624 3055 2678 3108 in
2720 3054 2912 3108 umbra
2949 3053 3141 3107 mortis
3174 3053 3398 3122 degunt,

144 3140 629 3212 παραδεδομένους,
661 3141 761 3211 τῆς
792 3144 891 3212 σῆς
922 3141 1141 3194 ἔσεσθαι
1174 3142 1597 3214 φιλανθρωπίας,
1634 3145 1724 3197 καὶ

1840 3159 1881 3204 et
1917 3150 2177 3203 oblivioni
2201 3148 2381 3203 traditi
2410 3156 2556 3214 sunt,
2583 3156 2686 3201 tuae
2714 3147 2823 3201 sint
2852 3145 3152 3201 clementiae
3177 3145 3402 3215 partici-

140 3234 249 3285 τῶν
280 3234 390 3285 σῶν
412 3233 703 3303 θαυμάτων
734 3234 931 3297 θεατὰς
955 3234 1295 3303 καταστῆσαι
1323 3250 1337 3299 ;

212 3329 315 3397 Μὴ
369 3329 785 3396 γνωσθήσεται
829 3330 900 3381 ἐν
945 3328 1025 3393 τῷ
1068 3330 1268 3381 σκότει
1310 3328 1382 3381 τὰ
1429 3328 1729 3397 θαυμάσιοί

141 3435 299 3483 σου;
327 3419 537 3489 Ὠσπερ
579 3420 637 3471 ὲν
680 3421 792 3481 τοῖς
818 3416 1150 3470 ἀπολωλόσιν
1179 3418 1277 3471 οὑκ
1305 3418 1449 3470 ἔστιν
1480 3417 1723 3488 ἀλήθεια,

137 3507 314 3570 οὕτως
362 3510 418 3560 ὲν
462 3511 574 3570 τοῖς
604 3508 1006 3577 ὲσκοτισμένοις
1038 3508 1138 3560 οὐκ
1167 3506 1280 3560 ἔστι
1310 3508 1609 3579 θαυμάσια.
1645 3510 1722 3579 Γῆ

139 3599 541 3669 ὲπιλελησμένη
572 3598 689 3651 ἐστὶ
714 3598 860 3670 ψυχὴ
893 3598 1084 3671 λογικὴ
1118 3599 1227 3652 τῶν
1250 3599 1345 3653 τοῦ
1373 3600 1527 3668 ἁγίου
1551 3600 1723 3654 Πνεύ-

139 3708 314 3764 ματος
344 3691 541 3761 ὲστερη
552 3691 687 3761 μένη
714 3691 963 3763 καρπῶν.

211 3786 340 3839 Ἵνα
385 3786 462 3849 τί,
503 3786 701 3853 Κύριε,
740 3784 994 3850 ἁπωθεῖς
1023 3783 1138 3852 τὴν
1168 3785 1381 3855 ψυχήν
1407 3804 1547 3855 μου,
1575 3786 1722 3839 dno-

136 3876 418 3945 στρέφεις
446 3875 513 3929 τὸ
540 3877 865 3944 πρόσωπόν
896 3891 1011 3930 σου
1036 3878 1136 3931 ἀπ’
1158 3878 1334 3945 ἐμοῦ;
1370 3878 1426 3931 '0
1465 3878 1560 3947 μὲν
1584 3879 1722 3950 ὑπὲρ

129 3967 229 4020 τοῦ
265 3965 397 4019 λαοῦ
434 3965 794 4036 προσηύχετο,
817 3966 865 4018 οἱ
892 3965 946 4018 δὲ
974 3966 1220 4030 ἀναξίους
1250 3967 1472 4030 ἑαυτοὺς
1498 3968 1597 4037 τῆς
1620 3985 1724 4020 σω-

131 4059 334 4130 τηρίας
383 4057 448 4109 δι’
482 4056 787 4128 ὑπερϐολὴν
843 4057 1041 4121 κακίας
1087 4060 1507 4128 ἀποφαίνονταιο
1560 4060 1722 4111 οἱονεὶ

134 4165 421 4224 απρακτον
473 4147 638 4204 αὐτοῦ
684 4148 783 4221 τὴν
831 4150 970 4221 ὑπὲρ
1015 4151 1192 4205 αὐτῶν
1246 4150 1608 4215 καθιστῶντες
1635 4153 1721 4204 εύ-

130 4246 258 4314 χήν.

201 4334 449 4404 Πτωχός
474 4336 589 4403 εἰμι
612 4335 726 4405 ἐγὼ
745 4335 842 4389 καὶ
866 4336 937 4388 ἐν
956 4336 1165 4400 κόποις
1185 4336 1252 4389 ἐκ
1275 4337 1556 4404 νεότητός
1575 4355 1715 4406 μου.

128 4429 357 4499 Πτωχὸς
386 4429 483 4498 μὲν
508 4427 597 4479 διὰ
626 4428 686 4478 τὸ
716 4427 900 4480 δούλου
930 4428 1112 4480 λαϐεῖν
1150 4430 1362 4500 μορφήν
1381 4446 1393 4459 °
1429 4431 1487 4481 ὲν
1528 4429 1715 4492 κόποις

1827 3256 1942 3311 pes,
1971 3250 2024 3295 et
2064 3250 2278 3294 tuorum
2314 3240 2643 3294 mirabilium
2671 3237 3082 3308 speculatores?

1899 3332 1988 3387 14.
2029 3331 2283 3402 Nunquid
2338 3342 2714 3401 cognoscentur
2765 3331 2821 3383 in
2862 3328 3086 3383 tenebris
3128 3326 3401 3381 mirabilia

1829 3422 2469 3493 tua?.Quemadinodum
2506 3423 2648 3492 apud
2686 3436 2781 3477 eos
2833 3422 2926 3492 qui
2957 3423 3239 3492 perierunt
3291 3438 3398 3476 non

1826 3525 1908 3570 εει
1926 3516 2155 3580 veritas;
2185 3515 2257 3568 ita
2284 3516 2423 3583 apud
2449 3530 2541 3568 eos
2575 3513 2669 3583 qui
2724 3514 2779 3567 in
2827 3513 3067 3569 tenebris
3102 3527 3249 3577 sunt,
3287 3529 3398 3567 non

1826 3614 1954 3662 sunt
1978 3607 2266 3661 mirabilia.
2301 3605 2467 3659 Terra
2491 3606 2801 3672 oblivionis,
2830 3614 2913 3659 est
2938 3607 3117 3660 anima
3151 3608 3396 3660 rationa-

1824 3698 1891 3753 lis
1920 3696 2188 3751 fructibus
2223 3696 2459 3766 Spiritus
2489 3697 2662 3751 sancti
2700 3698 2923 3764 privata.

1897 3789 1983 3842 15.
2028 3788 2245 3857 thuid,
2296 3789 2551 3851 Domine,
2603 3788 2809 3856 repellis
2866 3789 3157 3841 orationem
3204 3804 3394 3845 meam.

1825 3883 2016 3935 avertis
2052 3882 2241 3950 facient
2272 3890 2416 3932 tuam
2442 3896 2473 3931 a
2505 3880 2628 3931 me?
2658 3879 2753 3933 Ille
2796 3879 3016 3948 quidem
3064 3894 3163 3948 pro
3197 3881 3398 3948 populo

1823 3973 2168 4043 precabatur,
2220 3972 2320 4039 ipsi
2372 3984 2500 4022 vero
2545 3968 2613 4023 ob
2648 3970 2919 4037 ingentem
2977 3969 3238 4021 malitiam
3276 3984 3397 4023 sese

1823 4065 1997 4119 salute
2028 4063 2282 4130 indignos
2317 4060 2571 4125 reddunt,
2609 4060 2682 4113 ita
2717 4069 2775 4113 ut
2802 4059 2920 4128 ejus
2953 4060 3256 4113 orationem
3294 4074 3395 4129 pro

1821 4152 1954 4220 ipsis
1982 4151 2221 4205 oblatam
2250 4150 2406 4220 quasi
2440 4148 2685 4203 inutilem
2716 4147 2969 4203 ellieiant.

1895 4328 1981 4382 16.
2010 4302 2241 4399 'Pauper
2272 4344 2386 4383 sum
2437 4345 2529 4398 ego
2556 4338 2605 4381 et
2643 4330 2698 4381 in
2743 4328 3013 4382 laboribus
3052 4345 3083 4382 a
3116 4339 3395 4398 Juventuto

1821 4441 1956 4477 mea.
1997 4421 2209 4492 Pauper
2233 4423 2452 4492 quidem
2490 4422 2616 4491 quia
2665 4423 2805 4477 servi
2858 4422 3090 4475 formam
3144 4424 3389 4493 accepit;

123 4524 181 4575 δὲ
217 4524 282 4573 ἐκ
311 4522 583 4589 νεότητος,
628 4519 760 4571 διότι
803 4520 867 4571 ἐκ
914 4519 1243 4588 σπαργάνων
1288 4520 1467 4573 αὐτῶν
1493 4521 1718 4573 ἐπεϐου-

1842 4534 1874 4570 n
1908 4518 2187 4571 laboribus
2228 4528 2407 4571 autem
2460 4532 2488 4569 a
2518 4518 2821 4586 juventute,
2860 4519 2988 4586 quia
3023 4519 3092 4572 ab
3126 4519 3259 4587 ipsis
3301 4520 3389 4572 in-

124 4616 319 4667 λεύετο
368 4613 521 4684 παρά
571 4629 630 4664 τε
690 4611 926 4682 Ἡρώδου
987 4612 1081 4664 καὶ
1136 4612 1244 4663 τῶν
1295 4613 1494 4683 ὁμοίων
1545 4614 1709 4684 αὐτῷ.

135 4705 420 4777 Ὑψωθεὶς
456 4705 525 4757 δὲ
554 4702 953 4770 ἐταπεινώθην
990 4703 1088 4756 καὶ
1123 4704 1716 4773 ἑξηπορήθηνῇὙψω-

124 4818 211 4853 σιν
246 4800 347 4870 μὲν
377 4798 476 4869 τὴν
522 4798 615 4849 ἐπὶ
662 4795 755 4849 τοῦ
790 4796 1021 4867 σταυροῦ
1068 4796 1251 4849 ἅνοδόν
1286 4814 1438 4867 φησι,
1481 4798 1618 4849 κατὰ
1655 4795 1711 4849 τὸ

121 4892 420 4964 εἰρημένον
448 4888 721 4943 ὑπἀὐτοῦ
740 4906 752 4918 ·
789 4890 967 4941 Ὅταν
992 4886 1278 4956 ὑψώσητε
1306 4887 1414 4941 τὸν
1448 4888 1588 4941 Υἱὸν
1604 4888 1708 4941 τοῦ

118 4983 464 5053 ἀνθρώπου.
508 4982 583 5035 Τὸ
630 4982 705 5045 δὲ,
757 4979 1178 5048 ἐταπεινώθην,
1230 4978 1318 5031 διὰ
1364 4979 1462 5050 τὴν
1518 4979 1709 5050 μέχρις

123 5077 254 5143 iam:
288 5072 517 5126 κάθοδον
549 5071 719 5140 λέγει.

203 5165 327 5216 Ἐπ’
352 5162 459 5231 ἐμὲ
500 5161 755 5229 διῆλθον
801 5164 859 5215 al
905 5160 1073 5229 ὀργαί
1103 5178 1241 5214 σου.
1279 5161 1485 5223 Πᾶσαν,
1525 5159 1708 5229 φησὶν,

124 5257 387 5326 ἐκίνησας
434 5256 553 5308 κατ’
583 5252 719 5325 ἐμοῦ
748 5255 845 5325 τὴν
872 5255 1038 5325 ὀργήν
1060 5271 1073 5283 ο
1122 5254 1215 5306 καὶ
1254 5256 1370 5314 ταῖς
1399 5252 1710 5322 φοϐερωτά-

118 5362 240 5407 ταις
274 5362 341 5415 με
375 5344 699 5416 διετάραξάς
725 5346 1035 5415 τιμωρίαις,
1063 5345 1156 5397 καὶ
1194 5344 1418 5407 ταύταις
1456 5344 1706 5415 καθάπερ

119 5436 309 5490 ³ὗδιωιν
341 5436 667 5509 ὑποϐρύχιόν
700 5455 767 5509 με
800 5438 1127 5506 πεποίηκας.

50 5510 114 5562 ιν
204 5527 571 5599 Ἐμάκρυνας
595 5530 695 5586 ἀπ’
729 5529 875 5601 ἐμοῦ
912 5531 1095 5600 φίλον
1136 5528 1233 5584 καί
1282 5530 1547 5599 πλησίον
1598 5531 1695 5584 καὶ

184 5745 238 5785 ⁸³
258 5744 419 5805 Joan.
445 5765 560 5816 vm,
586 5749 675 5804 28.

1818 4611 2124 4675 cunabulis,
2154 4609 2386 4664 llerodis
2416 4620 2469 4663 et
2502 4612 2761 4665 similium
2794 4612 2896 4680 ipsi
2938 4612 3219 4664 hominum
3249 4612 3352 4667 insi
3373 4642 3387 4653 -

1812 4702 1921 4782 {liis
1956 4703 2227 4771 appetitus
2266 4710 2369 4756 est.
2418 4701 2704 4756 Exaltatus
2736 4712 2911 4756 autem
2940 4704 3250 4758 humiliatus
3270 4719 3388 4758 sum

1807 4797 1862 4845 ‘et
1925 4793 2287 4845 conturbatus.
2342 4792 2733 4847 Exallationem
2788 4794 2919 4847 dicit
2966 4810 3253 4849 ascensum
3318 4796 3385 4849 ad

1812 4900 2027 4939 crucem
2055 4930 2068 4951 ,
2101 4886 2256 4954 juxta
2302 4886 2353 4939 id
2397 4887 2539 4955 quod
2577 4886 2644 4939 ab
2674 4886 2765 4939 illo
2821 4888 3026 4940 dictum
3082 4898 3164 4942 est
3204 4908 3215 4942 :
3252 4888 3384 4943 Cum

1807 4979 2168 5031 exaltaveritis
2204 4976 2400 5032 Filium
2436 4978 2662 5031 hominis
2697 4978 2759 5029 ’³.
2793 4976 2925 5032 Illud
2958 4989 3161 5045 autem,
3205 4981 3382 5035 humi-

1808 5071 1970 5124 liatus
2002 5088 2140 5138 sum,
2171 5072 2238 5126 de
2264 5086 2365 5126 suo
2398 5072 2450 5124 in
2486 5072 2759 5125 infernum
2790 5073 3053 5127 descensu
3084 5075 3182 5127 ait.

1882 5162 1971 5227 17,
2015 5163 2100 5216 18.
2133 5161 2199 5215 In
2240 5179 2320 5215 me
2364 5166 2685 5216 transierunt
2718 5166 2814 5218 ira?
2842 5176 2966 5228 tuae,
3003 5176 3107 5218 etc.
3152 5164 3379 5218 Omnem

1807 5256 1967 5319 iram,
1998 5256 2193 5324 inquit,
2224 5257 2513 5310 adversum
2561 5272 2646 5309 me
2674 5257 2919 5310 exeitasti
2949 5274 2962 5321 ;
3007 5266 3058 5309 et
3099 5256 3381 5309 terribilis-

1811 5347 1965 5401 simis
2010 5362 2097 5400 me
2146 5348 2425 5416 suppliciis
2477 5348 2839 5411 conturbasti,
2886 5348 3063 5415 iisque
3092 5362 3189 5401 ceu
3217 5348 3377 5415 aquis

1810 5452 1895 5491 me
1927 5439 2250 5494 demersiSti.

1877 5531 1962 5586 19.
1996 5530 2273 5601 Elongasti
2297 5549 2328 5585 a
2359 5548 2438 5586 me
2468 5533 2696 5587 amicum
2721 5542 2771 5587 et
2809 5532 3126 5601 proximum,
3149 5540 3198 5585 et
3220 5536 3376 5587 now:
3473 5524 3481 5537 ’
