3872 6216
480 265 588 322 385

1327 274 1384 327 S.
1427 274 1794 332 ATIIANASII
1836 279 1986 338 OPP.
2028 280 2206 338 PARS
2245 279 2334 333 lil.
2369 311 2438 320 —
2471 279 2877 335 EXEGETICA.

3625 284 3736 340 334

477 399 618 436 meos
667 400 700 436 a
733 388 965 439 miseria.
1018 387 1286 442 Miseriam
1327 401 1484 444 vocat
1517 394 1786 460 passionis
1815 405 2042 466 tempus.

2150 395 2290 462 τοὺς
2331 397 2636 465 γνωστούς
2674 413 2792 463 μου
2835 397 2952 450 ἀπὸ
2997 397 3412 464 ταλαιπωρίας.
3443 397 3738 452 Ταλαιπω-

475 475 566 528 Ait
593 475 758 544 igitur
817 486 1059 547 tempore
1090 473 1356 547 passionis
1393 486 1600 539 amicos
1643 499 1696 540 et
1736 498 1894 544 notos
1925 492 2050 544 reli-

475 567 664 634 quisse
707 569 905 636 ipsum.
963 569 1039 623 Ac
1099 573 1358 638 quoniam
1415 574 1589 641 {actus
1623 587 1698 629 est
1739 577 1889 630 Patri
1931 579 2050 634 obe-

475 657 624 712 diens
657 674 818 729 usque
847 661 916 712 ad
946 671 1186 726 mortem,
1225 675 1444 717 mortem
1467 679 1640 718 autem
1665 671 1836 722 crucis
1873 671 1920 702 ²“’
1943 711 1958 734 ,
1993 673 2046 726 in

474 765 639 803 cruce
675 761 853 804 autem
890 753 1111 808 relictus
1141 766 1222 809 est
1249 772 1278 808 a
1312 758 1594 826 discipulis
1616 801 1629 826 ,
1685 761 1806 815 ideo
1831 761 2044 818 Patrem

473 855 636 896 suum
665 842 951 914 elongasse
982 848 1189 902 amicos
1223 857 1278 902 et
1307 859 1468 904 notos
1489 852 1639 906 dicit.

469 1093 519 1148 1.
561 1092 898 1153 PSALMUS
944 1101 1236 1154 intellectus
1273 1102 1495 1155 Aftliam
1546 1103 1810 1158 Israelin
1859 1104 2041 1177 [Vulg.

581 1196 706 1236 cum
739 1182 925 1248 Helm,
949 1185 1172 1237 lEt/tam
1201 1185 1517 1258 Ezraliitw].
1549 1187 1754 1241 LXXX
1773 1187 1936 1243 γιιι.

1062 1270 1461 1338 Argumentum.

462 1352 517 1408 ln
557 1359 914 1425 praesentibus
941 1358 1146 1414 Christi
1178 1377 1242 1414 ex
1287 1363 1494 1417 se‘inine
1526 1362 1692 1418 David
1743 1367 2046 1435 generatio-

531 1463 692 1510 nem,
743 1459 797 1504 et
848 1453 967 1521 ejus
1003 1469 1253 1522 regnum,
1295 1456 1646 1521 vaticinatur,
1702 1458 2039 1528 iusuperque

531 1541 828 1595 salutarem
859 1545 1170 1612 passionem
1205 1561 1366 1614 quam
1407 1562 1502 1615 pro
1551 1549 1712 1602 nobis
1755 1551 2038 1604 sustinuit.

533 1629 844 1687 Intellectus
892 1643 1070 1688 autem
1105 1637 1400 1706 inscriptus
1437 1647 1556 1698 est,
1596 1641 1726 1708 quia
1771 1640 2036 1710 spirituali

531 1733 714 1779 mente
741 1741 878 1794 opus
907 1730 1246 1784 estmaximc
1273 1732 1338 1784 ad
1380 1732 1784 1801 intelligendam
1831 1745 2034 1804 myste-
2067 1755 2108 1812 Β

531 1815 738 1870 riorum
791 1818 912 1887 ejus
945 1821 1390 1888 Profumlitatem.
1449 1822 1522 1876 De
1572 1823 1770 1878 ASman
1819 1837 2022 1894 autem,

525 1909 670 1977 quod
711 1918 766 1964 et
809 1912 926 1980 ipse
960 1915 1221 1982 propheta
1269 1913 1454 1980 fuerit,
1505 1915 1560 1969 in
1590 1919 2027 1984 praicedentibus

527 1999 640 2068 jam
671 2015 983 2058 enarratum
1019 2015 1124 2062 est.

527 2090 582 2144 2.
617 2090 1010 2150 Misericordias
1043 2106 1180 2160 tuas,
1225 2095 1466 2162 Domine,
1511 2100 1566 2152 in
1601 2109 1858 2154 aeternum
1907 2119 2032 2156 can-

457 2185 596 2238 tabo.
634 2186 696 2240 Et
719 2205 856 2256 quas
887 2191 1286 2246 misericordias
1315 2193 1568 2247 Domini?
1599 2213 1866 2264 quasnam
1899 2214 2026 2268 erga

456 2290 558 2330 nos
587 2277 780 2344 elfecit,
802 2297 939 2350 quas
970 2292 1190 2338 cantare
1221 2285 1559 2340 debeamus?
1590 2289 1848 2342 nimirum
1879 2291 2028 2359 quod

453 2369 792 2438 principatus
835 2383 889 2427 et
935 2384 1231 2441 potestates
1291 2379 1358 2432 de
1390 2380 1565 2432 medio
1619 2383 1922 2442 sustulerit.
1975 2392 2032 2438 et

455 2459 630 2528 ipsum
661 2461 860 2517 diaboli
895 2465 1182 2534 imperium
1220 2487 1232 2522 :
1267 2485 1474 2538 nosque
1507 2472 1818 2527 liberaverit
1847 2489 1876 2528 a
1903 2489 2030 2543 pec-

455 2563 577 2607 cato
599 2564 653 2606 et
683 2567 871 2611 morte.
898 2557 962 2610 In
991 2565 1377 2628 generationem
1419 2573 1470 2616 et
1501 2569 1885 2632 generationem
1927 2585 2026 2638 an-

454 2645 705 2698 nuntiabo
745 2649 1012 2702 veritatem
1044 2659 1186 2704 tuam
1223 2653 1276 2704 in
1306 2669 1394 2705 ore
1423 2670 1554 2708 meo.
1589 2654 1802 2712 Veritas
1853 2658 2028 2714 Patris

451 2743 537 2788 est
575 2735 763 2796 Filius.
797 2755 958 2808 quem
988 2744 1162 2796 sancti
1196 2744 1247 2796 in
1278 2746 1680 2812 generationem
1719 2759 1772 2802 et
1801 2766 2028 2816 genera-

451 2826 656 2880 tionem
689 2830 742 2882 in
777 2847 874 2885 ore
903 2843 1116 2900 gestant
1145 2852 1158 2889 :
1191 2850 1369 2890 sermo
1397 2837 1544 2891 enim
1591 2839 1748 2908 quasi
1792 2840 1862 2894 ab
1895 2857 2027 2910 apo-

449 2915 644 2970 stolico
667 2918 835 2974 choro
857 2923 1120 2989 procedit.

521 3010 576 3063 5.
623 3009 886 3075 Quoniam
926 3016 1165 3070 dixisti:
1215 3016 1282 3072 In
1345 3028 1600 3074 internum
1657 3023 2024 3077 misericordia

2155 483 2274 552 ρίαν
2299 481 2390 534 τὸν
2411 481 2504 534 τοῦ
2531 480 2732 544 πάθους
2763 482 2952 554 καιρὸν
2982 485 3398 554 κατασημαίνει.
3429 485 3592 553 Λέγει
3611 483 3734 550 οὖν,

2149 573 2225 636 ὡς
2257 573 2409 644 παρὰ
2451 573 2513 626 τὸ
2546 573 2716 635 πάθος
2753 575 2914 628 αὐτὸν
2942 575 3034 628 καὶ
3063 577 3108 628 οἰ
3145 577 3286 644 φίλοι
3315 579 3408 629 καὶ
3441 580 3489 630 οἱ
3525 577 3736 648 γνώρι-

2151 682 2238 734 μοι
2289 666 2660 734 ἐγκατέλιπον.
2681 667 2896 720 Ἐπειδὴ
2941 667 2998 719 δὲ
3043 667 3287 737 γέγονεν
3333 669 3608 735 ὑπήκοος
3651 669 3737 736 τῷ

2147 759 2328 824 Πατρὶ
2361 757 2536 827 μέχρι
2570 758 2852 822 θανάτου,
2887 758 3146 814 θανάτου
3177 759 3244 813 δὲ
3276 761 3564 830 σταυροῦ,
3595 765 3654 814 ἐν
3677 762 3737 815 δὲ

2146 849 2225 920 τῷ
2256 851 2472 921 σταυρῷ
2499 851 2916 904 καταλέλειπται
2950 852 3100 920 παρὰ
3127 852 3234 904 τῶν
3275 851 3566 923 μαθητῶν·
3605 852 3738 906 τού-

2145 957 2238 993 του
2289 943 2446 1014 χάριν
2492 945 2583 996 τὸν
2631 945 2850 1014 Πατέρα
2885 944 3049 996 αὐτοῦ
3086 944 3510 1016 μακρῦναιτοὺς
3541 945 3736 1014 φᾶσυς

2145 1035 2238 1086 καὶ
2265 1037 2388 1096 τοὺς
2409 1035 2716 1106 γνωρίμους
2744 1037 2909 1104 λέγει.

2227 1128 2322 1179 ΨΑ
2341 1128 2544 1179 ΛΜοΣ
2587 1127 2895 1182 συνέσεως
2947 1127 3128 1197 Αὶθὰμ
3169 1126 3249 1194 τῷ
3303 1129 3664 1198 ’Ῐσραηλίτῃ.

2869 1215 3006 1265 HH'.

2775 1295 3100 1361 Ὑπόθεσις.
3199 1369 3202 1372 Α

2155 1387 2242 1439 Ἐν
2283 1390 2395 1450 τοῖς
2437 1387 2668 1460 παροῦσι
2709 1389 2806 1459 τὴν
2833 1391 2896 1441 ἐκ
2925 1389 3238 1460 σπέρματος
3267 1389 3431 1442 Δαυῖδ
3467 1389 3732 1461 γέννησιν

2207 1479 2300 1532 τοῦ
2334 1481 2594 1550 Χριστοῦ,
2637 1481 2730 1534 καὶ
2771 1483 2872 1551 τὴν
2925 1481 3200 1552 βασιλείαν
3243 1482 3406 1535 αὑτοῦ
3451 1482 3730 1549 θεσπίζει,

2209 1571 2303 1623 καὶ
2353 1571 2458 1642 μὴν
2503 1573 2596 1624 καὶ¹
2653 1573 2714 1624 τὸ
2760 1573 2930 1638 πάθος
2977 1573 3037 1626 τὺ
3071 1575 3333 1644 σωτήριον
3367 1574 3394 1626 ὃ
3429 1575 3734 1645 ὑπέμεινεν

2210 1663 2350 1734 ὑπὲρ
2403 1663 2577 1734 ἡμῶν,
2611 1663 2923 1734 Συνέσεως
2955 1665 3012 1718 δὲ
3063 1666 3488 1737 ἑπιγέγραπταιέ
3537 1668 3732 1738 ἐπειδὴ

2205 1755 2575 1826 πνευματικοῦ
2609 1757 2841 1827 μάλιστα
2873 1759 3030 1827 χρεία
3063 1757 3155 1810 νοῦ
3189 1759 3325 1829 πρὸς
3354 1758 3416 1812 τὸ
3448 1763 3646 1830 νοῆσαι
3667 1761 3732 1812 τὸ

2205 1847 2365 1918 βάθος
2390 1848 2496 1901 τῶν
2523 1850 2689 1902 αὐτοῦ
2716 1852 3048 1920 μυστηρίων.
3065 1853 3145 1905 Τὰ
3169 1853 3224 1905 δὲ
3247 1851 3374 1923 περὶ
3399 1852 3494 1905 τοῦ
3517 1853 3727 1923 Αἰμὰυ,

2203 1940 2278 2003 ὡς
2306 1942 2399 1993 καὶ
2427 1936 2580 2004 οὗτος
2615 1945 2898 2013 προφήτης
2924 1939 3012 2014 ἦν,
3041 1947 3098 1996 ὲν
3131 1947 3243 2009 τοῖς
3273 1944 3610 2016 προλαϐοῦσι
3631 1962 3716 1997 σαι-

2203 2033 2318 2102 φῶς
2341 2033 2706 2105 διηγόρευται.

2209 2124 2284 2177 Τὰ
2307 2125 2448 2192 ἐλὲη
2483 2142 2620 2190 σου,
2645 2127 2838 2194 Κύριε,
2861 2132 2946 2194 εἰς
2979 2129 3086 2182 τεν
3114 2129 3300 2182 αἰῶνα
3325 2129 3572 2198 ᾄσομαι.
3611 2129 3724 2185 Καὶ

2131 2219 2260 2271 ποῖα
2308 2216 2379 2268 τὰ
2425 2218 2546 2288 ὲλέη
2587 2218 2681 2270 τοῦ
2713 2219 2938 2290 Κυρίου,
2967 2219 3002 2272 ἃ
3041 2221 3340 2290 πεποίηκεν
3373 2225 3453 2286 εἰς
3483 2224 3658 2292 ἡμᾶς,
3687 2225 3724 2277 ἃ

2131 2311 2224 2362 καὶ
2255 2310 2397 2380 ᾅδειν
2427 2311 2747 2380 ὀφείλομεκ
2789 2311 2822 2382 ἢ
2868 2311 2928 2364 τὸ
2967 2313 3212 2365 καθελεῖν
3265 2313 3362 2383 μὲν
3397 2313 3500 2377 τὰς
3544 2315 3724 2386 ἀρχὰς

2132 2404 2225 2455 καί⁸
2259 2401 2354 2465 τὰς
2394 2402 2662 2468 ἐξουσίας,
2704 2405 2798 2456 καὶ
2827 2403 2955 2457 αὐτὸ
2987 2405 3082 2456 τοῦ
3113 2405 3356 2457 διαϐόλου
3389 2405 3452 2458 τὸ
3479 2408 3717 2476 κράτος

2130 2491 2486 2562 ἐλευθερῶσαι
2519 2491 2574 2544 δὲ
2598 2494 2744 2563 ἡμᾶς
2777 2493 3048 2563 ἁμαρτίας
3075 2497 3168 2546 καὶ
3197 2495 3450 2548 θανάτου.
3495 2499 3607 2562 Εἰς
3629 2513 3723 2566 τε·

2128 2584 2276 2638 νεὰν
2300 2586 2396 2636 καὶ
2431 2585 2646 2653 γενεὰν
2677 2585 2993 2653 ἀπαγγελῶ
3025 2587 3142 2652 τὴν
3171 2586 3462 2652 ἀλήθειάν
3499 2606 3620 2642 σου
3651 2590 3720 2642 ὲν

2129 2675 2207 2740 τῷ
2236 2675 2486 2744 στόματί
2510 2694 2645 2744 μου.
2667 2676 2913 2747 Ἀλήθεια
2945 2677 3042 2746 μὲν
3063 2676 3156 2729 τοῦ
3185 2678 3398 2748 Πατρὸς
3419 2680 3448 2731 ὁ
3483 2679 3636 2742 Υἱὸς,
3659 2679 3717 2732 ὃν

2131 2767 2223 2817 καὶ
2256 2767 2335 2828 εἰς
2363 2766 2556 2833 γενεὰν
2585 2767 2678 2818 καὶ
2713 2768 2904 2834 γενεὰν
2943 2769 3034 2820 ἐπὶ
3064 2769 3327 2836 στόματος
3355 2771 3404 2822 οἰ
3441 2771 3590 2838 ἅγιοι
3621 2771 3718 2838 gss-

2131 2871 2346 2924 ρουσιν·
2395 2853 2510 2907 ἔστι
2556 2855 2665 2925 γὰρ
2709 2859 2738 2910 ὁ
2781 2855 2940 2926 λόγος
2981 2857 3058 2919 ὼς
3085 2857 3194 2912 ἀπὸ
3223 2857 3316 2910 τοῦ
3347 2859 3715 2914 ἁποστολικοῦ

2127 2942 2308 3013 χοροῦ.

2201 3036 2318 3086 Ὅτι
2335 3029 2506 3100 εἶπας
2525 3050 2538 3064 ·
2577 3037 2680 3100 Εἰς
2699 3034 2805 3087 τὸν
2826 3033 3010 3088 αἰῶνα
3031 3037 3202 3101 ἕλεος
3237 3036 3712 3106 οἰκοδομηθήσε-

451 3103 822 3170 tediﬁcabitur.
887 3106 989 3170 Tu,
1024 3110 1217 3177 inquit,
1267 3127 1300 3164 ο
1357 3111 1604 3176 Domine,
1659 3117 1918 3184 dignatus
1964 3133 2022 3172 es

2141 3143 2240 3179 rat.
2258 3128 2350 3188 Σὺ,
2365 3121 2408 3179 ὦ
2421 3127 2684 3190 Δέσποτα,
2702 3128 2882 3196 φησὶν,
2903 3127 3323 3196 ἐπαγγείλασθαι
3335 3131 3704 3200 κατηξίωσας,

447 3193 710 3261 polliceri,
759 3197 812 3250 in
873 3208 1134 3254 arternum
1195 3203 1626 3258 misericordiam
1687 3223 1935 3276 magnam
1971 3218 2024 3263 et

449 3283 750 3338 mirabilem
805 3290 1023 3344 assidue
1076 3293 1450 3346 aediﬁcandam
1511 3297 1563 3349 in
1615 3298 1805 3362 caelis,
1855 3299 1904 3352 id
1940 3309 2024 3354 est

447 3379 882 3446 prteparandam.
917 3383 1028 3436 sive
1051 3386 1418 3440 excitandam.
1444 3386 1578 3441 Nam
1614 3391 1759 3459 quod
1791 3392 2020 3446 asdilica-

447 3474 537 3522 tur
573 3471 976 3538 quodammodo
1021 3477 1286 3532 excitatur
1317 3488 1368 3533 ct
1397 3481 1644 3549 erigitur.
1701 3482 1795 3538 Est
1837 3492 2020 3538 autem

447 3558 580 3614 illud
621 3562 770 3617 salus
798 3573 852 3618 et
880 3567 1050 3633 gratia
1089 3583 1182 3636 per
1209 3569 1488 3626 Christum
1519 3573 1662 3628 data.
1709 3573 2020 3632 Misericor-

447 3648 534 3702 dia
564 3651 780 3719 quidem
817 3652 910 3708 Dei
949 3657 1196 3712 homines
1248 3661 1510 3728 wditicat,
1577 3665 1776 3720 veritas
1830 3677 2015 3723 autem

445 3753 712 3808 praeparat
740 3757 955 3800 sanctas
983 3749 1228 3806 virtutes.
1257 3753 1658 3820 Praiparabitur
1684 3759 1876 3814 veritas
1899 3770 2012 3815 tua.

443 3829 908 3896 Quemadmodum
943 3842 1089 3896 salus
1125 3843 1328 3900 Christi
1363 3847 1740 3903 misericordia
1766 3860 1818 3903 et
1843 3853 2014 3919 gratia

441 3932 686 3991 vocatur,
715 3928 786 3982 ita
816 3944 1034 3999 quoque
1064 3943 1288 3988 vocatur
1311 3939 1534 4001 veritas,
1567 3955 1688 4008 (line
1731 3957 1906 4010 usque
1946 3944 2016 3998 ad

439 4013 626 4080 cmlos,
655 4017 750 4083 ait,
777 4021 1011 4076 excitata
1033 4033 1114 4078 est
1135 4029 1567 4098 pes-sanguinem
1593 4071 1608 4098 ,
1640 4033 1756 4088 sive
1787 4035 1840 4087 in
1873 4047 2012 4090 terra

439 4102 554 4163 siiie
581 4111 634 4164 in
663 4113 824 4168 coelo.

505 4201 558 4256 4.
593 4203 842 4272 Disposui
870 4217 1238 4264 testamentum
1265 4214 1442 4269 electis
1482 4218 1608 4270 meis
1629 4259 1644 4282 ,
1676 4217 2007 4288 Abrahamo,

437 4291 632 4364 inquit.
664 4305 718 4352 et
740 4297 944 4354 Jacobo
973 4318 985 4352 :
1020 4303 1086 4356 iis
1113 4305 1260 4358 enim
1293 4308 1692 4374 promissiones
1735 4311 1800 4365 de
1849 4312 2008 4367 Chri-

435 4395 520 4439 5to
539 4385 706 4452 dedit,
741 4389 894 4457 juxta
925 4392 974 4446 id
1007 4397 1154 4460 quod
1185 4394 1391 4449 dictum
1423 4407 1510 4453 est
1543 4415 1556 4452 :
1598 4399 1666 4453 Et
1702 4401 2008 4457 benedicen-

435 4485 523 4529 tur
552 4479 606 4530 in
629 4483 822 4536 sentina
852 4492 940 4536 tuo
969 4501 1146 4540 omnes
1177 4487 1343 4542 tribus
1379 4498 1533 4546 terris
1565 4493 1630 4546 ".
1673 4494 1862 4548 λιιι·ουί
1897 4495 2006 4549 Da-

431 4569 518 4622 vid
547 4587 693 4626 servo
741 4591 870 4628 meo.
902 4574 967 4629 Et
999 4577 1218 4632 ubinam
1241 4580 1467 4649 juravit,
1507 4585 1612 4638 nisi
1649 4601 1775 4639 cum
1803 4588 2008 4642 diceret

431 4659 508 4714 illi
543 4679 555 4714 :
589 4661 656 4714 Et
695 4668 792 4719 erit
827 4679 1106 4739 postquam
1145 4672 1347 4738 impleti
1397 4675 1594 4743 fuerint
1645 4679 1759 4730 dies
1815 4681 1912 4744 tui,
1955 4688 2004 4732 et

431 4753 708 4810 dormieris
735 4777 852 4813 cum
885 4765 1125 4831 patribus
1151 4769 1254 4820 tuis
1278 4807 1293 4830 ,
1323 4778 1568 4839 exsurget
1593 4771 1656 4824 de
1694 4774 1888 4826 semine
1913 4783 2002 4826 tuo

430 4846 586 4910 alius,
613 4850 702 4918 qui
727 4854 827 4904 erit
859 4871 922 4906 ea:
959 4868 1132 4910 ventre
1163 4867 1251 4912 tuo
1279 4875 1296 4912 :
1321 4858 1388 4912 Et
1417 4862 1730 4930 praeparubo
1758 4865 1812 4916 in
1848 4873 2002 4918 (eter-

427 4953 550 4992 num
589 4957 802 5006 regnum
855 4946 987 5012 eius.
1046 4948 1166 5017 Ipse
1215 4954 1499 5021 mdiﬁcabit
1534 4955 1748 5009 domum
1797 4958 1999 5011 nomini

427 5043 559 5081 meo.
597 5027 662 5084 Et
696 5032 894 5100 erigam
923 5051 1137 5105 regnum
1167 5041 1277 5107 ejus
1305 5044 1360 5095 in
1402 5045 1676 5098 saeculum.
1737 5045 1850 5116 Ego
1907 5064 1995 5101 ero

423 5117 504 5170 illi
535 5121 586 5172 in
609 5131 834 5190 patrem,
859 5136 906 5179 et
945 5127 1052 5194 ipse
1081 5131 1180 5182 erit
1217 5133 1346 5186 mihi
1376 5135 1427 5186 in
1464 5137 1635 5202 [ilium
1663 5138 1750 5191 “?

2127 3221 2208 3274 ὅτι
2254 3223 2336 3282 εἰς
2377 3221 2468 3272 τὸν
2517 3219 2689 3273 αἰῶνα
2723 3219 2986 3290 διηνεκῶς
3021 3219 3168 3284 ἕλεος
3205 3220 3345 3291 μέγα
3371 3223 3466 3275 καὶ
3497 3222 3714 3295 θαυμα.

2130 3311 2250 3364 στὸν
2297 3311 2815 3381 οἰκοδομηθήσεται·
2864 3311 2892 3364 ὅ
2937 3312 3054 3365 ἐστι
3107 3313 3712 3385 κατασκευασθήσεται,

2125 3405 2290 3473 ἤγουν
2321 3403 2696 3473 ἐγερθήσεται.
2717 3402 2789 3455 Τὺ
2817 3402 2928 3474 γὰρ
2955 3403 3404 3474 οἰκοδομούμενον
3431 3407 3714 3477 ἐγείρεταί

2125 3511 2242 3556 πως
2273 3494 2368 3547 καὶ
2391 3494 2857 3558 ἀνὶσταται.”Εστι
2883 3495 2938 3548 δὲ
2967 3495 3123 3547 τοῦτο
3152 3497 3186 3566 ἡ
3213 3495 3302 3548 διὰ
3333 3497 3574 3568 Χριστοῦ
3604 3515 3712 3550 σω·

2119 3585 2282 3658 τηρία
2305 3587 2398 3638 καὶ¹
2423 3585 2602 3655 χάρις.
2633 3587 2706 3639 Τὸ
2733 3587 2830 3658 μὲν
2869 3587 3016 3651 ἔλεος
3046 3587 3140 3641 τοῦ
3173 3587 3310 3641 Θεοῦ
3339 3591 3468 3654 τοὺς
3493 3591 3712 3660 ἀνθρῶο

2121 3693 2255 3737 πους
2285 3676 2571 3746 οἰκοδομεῖ,
2599 3679 2632 3747 ἠ
2689 3677 2744 3730 δὲ
2791 3678 3018 3750 ἀλήθεια
3067 3680 3347 3749 ὲτοιμάζει
3395 3682 3498 3746 τὰς
3544 3685 3710 3752 ἁγίας

2117 3766 2942 3838 δυνάμεις.Ἐτοιμασθήσεται
2983 3771 3022 3838 ἡ
3071 3773 3323 3841 ἁλήθειὰ
3345 3777 3709 3848 σου.’Ὢσ··ιαρ

2119 3859 2259 3930 ήδιὰ
2293 3861 2528 3931 Χριστοῦ
2564 3865 2808 3934 σωτηρία
2837 3865 2985 3928 ἕλεος
3027 3867 3122 3918 καὶ
3156 3867 3337 3938 χάρις,
3369 3869 3514 3922 οὕτω
3543 3871 3640 3924 καὶ
3669 3871 3704 3941 ἡ

2116 3950 2340 4021 ἀλήθεια
2378 3953 2548 4006 πάλιν·
2575 3954 2840 4018 καλεῖται,
2869 3956 2903 4027 ἢ
2937 3957 3030 4009 καὶ
3059 3957 3250 4030 μέχρις
3286 3964 3534 4030 οὐρανων
3562 3975 3666 4032 εγη

2117 4057 2332 4114 γερται,
2370 4045 2526 4117 φησι,
2554 4045 2642 4098 διὰ
2668 4045 2761 4099 τοῦ
2795 4047 3046 4118 αἵματος,
3077 4051 3186 4102 εἴτε
3229 4053 3324 4104 ἐπὶ
3371 4052 3474 4123 γῆς
3503 4051 3618 4106 εἴτε
3643 4054 3706 4105 ἐν

2114 4134 2350 4205 οὐρανῷ.

2181 4221 2465 4295 Διεθέμην
2510 4226 2802 4296 διαθήκην
2845 4229 2971 4296 τοῖς
3025 4231 3334 4297 ἐκλεκτοῖς
3370 4251 3490 4302 μου
3521 4249 3537 4264 ⁶
3573 4235 3702 4288 ’Δϐο

2113 4319 2282 4390 ραὰμ,
2307 4321 2458 4388 φησὶ,
2477 4322 2572 4374 καὶ
2601 4321 2791 4374 Ἰακώϐ
2815 4341 2826 4352 ·
2857 4323 3066 4384 τούτοις
3095 4324 3204 4394 γὰρ
3221 4325 3284 4396 δὴ
3297 4325 3394 4389 τὰς
3407 4327 3535 4396 περὶ
3555 4328 3694 4397 Χρι-

2039 4451 2084 4506 D
2116 4409 2241 4461 στοῦ
2297 4409 2624 4476 ἐπαγγελίας
2681 4409 2881 4464 δέδωκε
2933 4413 3072 4464 κατὰ
3121 4413 3182 4465 τὸ
3223 4416 3540 4485 εἰρημένον
3575 4417 3688 4470 Καὶ

2109 4499 2694 4567 ἑνευλογηθήσονται
2723 4502 2793 4554 ἐν
2827 4501 2907 4566 τῷ
2937 4503 3233 4572 σπέρματί
3257 4521 3374 4560 σου
3412 4505 3606 4560 πᾶσαι
3635 4511 3696 4562 ai

2109 4591 2295 4658 φυλαὶ
2325 4589 2436 4658 τῆς
2481 4589 2854 4661 γῆς-,Ὤμοσα
2882 4595 3062 4648 Δαυῒδ
3087 4595 3168 4660 τῷ
3194 4595 3393 4662 δούλῳ
3419 4615 3560 4665 μου.
3585 4597 3698 4652 Καὶ

2109 4681 2214 4734 ποῦ
2249 4681 2461 4752 ὤμοσεν
2503 4683 2535 4752 ἢ
2580 4687 2638 4736 ὲν
2667 4685 2743 4755 τῷ
2770 4688 2940 4738 εἰπεῖν
2975 4687 3110 4757 πρὸς
3137 4687 3297 4740 αὐτόν
3318 4706 3331 4718 ·
3372 4689 3482 4742 Καὶ
3519 4690 3696 4744 ἔσται

2107 4771 2253 4826 ὅταν
2286 4772 2684 4840 πληρωθῶσιν
2709 4780 2768 4830 αἱ
2796 4778 3006 4846 ἡμέραι
3036 4793 3173 4840 σου,
3215 4779 3310 4832 καὶ
3351 4781 3691 4850 κοιμηθήσῃ

2099 4864 2250 4933 μετὰ
2298 4865 2418 4918 τῶν
2467 4866 2740 4935 πατέρων
2789 4883 2905 4922 σου
2925 4887 2938 4900 ·
2999 4870 3406 4936 ἀι-τιστήσεται
3459 4872 3531 4926 ἐκ
3583 4872 3692 4927 τοῦ

2105 4957 2445 5026 σπέρματός
2483 4975 2601 5014 σου
2647 4960 2854 5026 ἄλλος,
2901 4961 2969 5027 ὃς
3006 4962 3178 5015 ἐσται
3209 4963 3276 5016 ἐκ
3311 4962 3422 5031 τῆς
3455 4965 3690 5031 κοιλίας

2102 5067 2238 5103 σου.
2269 5053 2378 5105 Καὶ
2407 5053 2700 5122 ἑτοιμάσω
2733 5057 2822 5121 εἰς
2863 5054 2970 5108 τὸν
3010 5055 3194 5110 αἰῶνα
3220 5055 3335 5124 τὴν
3358 5058 3690 5121 βασιλείαν

2100 5144 2303 5198 αὐτοῦ.
2341 5147 2532 5212 Αὐτὸς
2567 5149 2947 5218 οἰκοδομήσει
2973 5146 3140 5202 οἷκον
3163 5149 3243 5214 τῷ
3271 5151 3517 5218 ὀνόματί
3541 5168 3684 5218 μου.

419 5214 528 5266 Καὶ
557 5214 877 5283 ἀνορθώσω
911 5220 1024 5288 τὴν
1047 5223 1374 5286 ,βασιλείαν
1403 5229 1588 5282 αὑτοῦ
1615 5233 1700 5295 εἰς
1745 5232 1851 5284 τὸν
1873 5231 2072 5288 αἰῶνα.
2094 5237 2239 5305 Ἐγὼ
2274 5241 2486 5308 ἔσομαι
2527 5241 2686 5306 αὐτῷ
2735 5214 2844 5307 εἰς(
2871 5243 3116 5312 πατέρα,
3155 5243 3256 5296 καὶ
3291 5214 3477 5308 αὐτὸς
3508 5214 3680 5296 ἔσται

413 5321 516 5376 μοι
536 5309 624 5372 εἰς
646 5309 794 5364 υἱόν.

490 5401 544 5456 5.
581 5401 984 5474 Conﬁtebuntur
1028 5409 1142 5462 ειειί
1189 5411 1459 5468 mirabilia
1515 5425 1627 5470 tua.
1679 5417 1796 5472 Hoc
1819 5420 1896 5472 ait
1919 5421 1989 5475 ob

419 5490 700 5550 Christum
727 5509 939 5566 natum,
975 5511 1030 5556 et
1055 5503 1198 5572 quod
1229 5507 1406 5576 angeli
1439 5509 1754 5577 pastoribus
1777 5526 1989 5566 annun-

2181 5423 2759 5492 Ἐξομολογήσονται
2779 5440 2833 5478 οι
2861 5433 3102 5494 mnam-ot
3125 5443 3197 5482 τα
3221 5426 3526 5498 θαυμάσια
3540 5443 3678 5482 σου.

2097 5513 2267 5566 Τοῦτό
2291 5533 2423 5586 φησι
2451 5517 2538 5570 διὰ
2567 5517 2652 5572 τοῦ
2681 5518 3032 5591 γεννηθέντος
3050 5521 3094 5574 Χ
3103 5519 3310 5593 ριποῦ,
3339 5521 3434 5574 καὶ
3457 5519 3680 5590 ποιμέσι

493 5698 536 5735 ³⁸
561 5696 796 5774 Philipp.
828 5721 888 5772 ιι,
922 5705 974 5761 8.
1049 5707 1094 5740 "
1121 5707 1258 5766 Gen.
1293 5725 1428 5777 mi,
1459 5711 1546 5770 l8.
1617 5713 1662 5746 “
1695 5711 1714 5766 ι
1745 5711 1924 5769 Paral.
1961 5731 2093 5783 xm,
2133 5714 2308 5772 ll-M.
