3872 6216
439 218 543 273 387

1280 217 1337 271 S.
1378 215 1751 271 ATHANASII
1792 216 1945 271 OPP.
1982 216 2164 273 PARS
2196 217 2286 274 ΙΙΙ.
2323 248 2392 259 -
2424 214 2839 272 EXEGETICA.

3585 214 3699 270 588

440 347 558 401 eius
588 332 921 401 praestantia.
953 329 1130 400 Atque
1169 330 1221 384 id
1255 331 1358 385 sibi
1385 333 1500 384 vult
1528 332 1659 386 illud
1688 350 1701 385 :
1733 329 2004 385 Firmetur

2119 351 2195 396 τος
2220 331 2383 386 αὑτοῦ
2420 332 2683 402 ὑπεροχή.
2713 332 2825 384 Καὶ
2858 327 3014 384 τοῦτό
3041 332 3156 385 ἐστι
3184 329 3276 383 τό·
3314 327 3702 399 Κραταιωθής.

440 437 626 473 manus
652 431 766 483 tua,
800 419 1064 473 exaltetur
1086 419 1301 472 dextera
1328 430 1439 473 tua.

512 510 599 575 16,
630 510 716 565 i7.
741 510 934 563 Beatus
960 511 1182 579 populus
1212 510 1301 579 qui
1320 510 1833 579 scitjubilationem.
1862 511 2010 566 Post-

437 617 603 671 quam
658 601 969 670 prtedicavit
1026 601 1457 655 incarnationem
1530 600 1828 671 Unigeniti,
1884 602 2012 669 jure

440 695 628 747 beatos
652 692 910 761 prazdicat
931 706 1026 745 eos
1050 693 1145 761 qui
1182 692 1285 745 hoc
1312 693 1630 762 mysterium
1663 694 2006 747 edidicerint.

439 784 556 839 Hoc
579 794 756 839 autem
787 794 869 839 est
898 786 1138 838 victoria:
1167 784 1411 839 carmina
1436 785 1535 853 ipsi
1556 800 1771 839 canere.
1806 784 2012 839 Jubila-

438 878 516 931 tio
544 880 688 930 enim
734 887 817 931 est
856 878 1136 930 canticum
1181 878 1249 931 de
1282 879 1572 947 prostratis
1619 878 1856 932 inimicis
1897 878 2005 930 edi-

439 978 574 1021 tum.
619 968 721 1021 Pro
768 968 925 1020 nobis
957 970 1101 1021 enim
1149 984 1384 1037 pugnam
1416 968 1693 1022 commisit
1733 984 1796 1021 ac
1818 968 2013 1021 devicit

436 1059 778 1113 adversarias
800 1069 1115 1129 potestates.
1138 1060 1380 1125 Domine,
1412 1062 1464 1113 in
1492 1061 1690 1113 lumine
1722 1060 1895 1113 vultus
1936 1061 2013 1112 tui

437 1152 804 1217 ambulabunt,
836 1163 883 1205 et
923 1154 978 1204 in
1027 1154 1234 1207 nomine
1282 1164 1368 1206 tuo
1394 1153 1748 1206 exsultabant.
1780 1151 2010 1206 Sanctos

437 1247 713 1316 apostolos
761 1262 888 1300 suos
936 1247 1124 1300 beatos
1186 1246 1463 1315 praedicat,
1517 1247 1643 1313 quia
1692 1243 1914 1298 nomine
1960 1251 2013 1298 et

435 1338 633 1392 virtute
658 1336 778 1406 ejus
805 1338 1071 1407 stupenda
1102 1337 1193 1390 illa
1227 1351 1394 1407 Opera
1426 1335 1680 1390 edeb‘ant.

508 1514 597 1569 {8.
638 1512 705 1567 Et
756 1514 811 1566 in
862 1513 1181 1581 beneplacito
1232 1522 1321 1566 tuo
1364 1512 1688 1566 exaltabitur
1718 1529 1880 1566 cornu
1921 1528 2015 1565 no-

435 1617 624 1664 strum.
688 1604 869 1661 Cornu
931 1608 1063 1661 dicit
1116 1608 1368 1674 gloriam.
1424 1605 1564 1660 Dicit
1626 1606 1791 1675 igitur
1852 1605 2008 1674 quasi

2111 443 2189 477 τω
2221 426 2255 491 ἡ
2281 424 2408 491 χείρ
2437 440 2552 476 σου
2575 440 2588 452 ·
2618 423 2911 491 specum
2938 424 2975 490 ἠ
2999 420 3167 486 δεξιά
3195 436 3330 475 σου.

2180 514 2481 583 Μακάριος
2514 517 2545 566 ό
2574 513 2723 578 λαὸς
2760 516 2793 566 ὀ
2828 512 3138 581 γινώσκων
3170 511 3545 581 άλαλατμόν.
3574 511 3703 580 Κη-

2114 605 2279 677 ρύξας
2318 605 2415 675 τὴν
2463 604 2877 675 ἐνανθρὼπησιν
2928 604 3022 656 τοῦ
3061 602 3419 671 Μονογενοῦς,
3468 601 3708 662 εἰκότως

2116 696 2405 767 μακαρίζει
2455 698 2581 760 τοὺς
2630 698 2692 748 τὸ
2751 695 2913 748 αὑτοῦ
2969 696 3307 765 ἐκμαθόντας
3372 694 3701 767 μυστήριον.

2114 788 2281 841 Τοῦτο
2314 788 2370 840 δέ
2402 791 2517 841 ἐστι
2553 788 2612 839 τὸ
2638 789 2761 850 τοὺς
2788 787 3081 850 ἐπινικίους
3110 787 3253 858 ᾅδειν
3282 784 3450 854 αὐτῷ.
3470 765 3706 836 ’Ἀκαλα-

2112 878 2250 948 γμὸς
2287 878 2395 948 γάρ
2418 880 2565 931 ἐστιν
2594 879 2624 947 ἡ
2658 878 2750 929 ἐπὶ
2773 880 2883 939 τοῖς
2911 877 3165 929 πεσοῦσιν
3187 875 3400 946 ἐχθροῖς
3428 873 3700 943 γινομένη

2112 970 2241 1040 ᾠδή.
2276 969 2625 1039 Παρετάξατο
2668 969 2725 1021 δὲ
2770 969 2910 1040 ὑπὲρ
2956 970 3132 1039 ἡμῶν,
3165 968 3258 1021 καὶ
3299 968 3554 1036 νενίκηκε
3596 964 3705 1027 τὰς

2113 1061 2489 1131 ἀντικειμένας
2510 1061 2783 1130 δυνάμεις.
2798 1060 2992 1127 Κύριε,
3019 1062 3087 1113 ἐν
3107 1058 3186 1124 τῷ
3206 1058 3352 1128 φωτὶ
3378 1057 3486 1111 τοῦ
3508 1057 3707 1123 προά-

2112 1152 2275 1205 ὠπου
2323 1168 2436 1205 σου
2472 1154 2887 1221 πορεύσονται,
2928 1152 3025 1204 καὶ
3071 1152 3142 1204 ἐν
3184 1148 3264 1215 τῷ
3303 1148 3550 1217 ὀνόματί
3574 1162 3707 1199 σου

2113 1244 2602 1315 ἁγαλλιάσονται.
2630 1245 2764 1308 Τοὺς
2800 1245 2987 1312 ἁγίους
3018 1242 3180 1295 αὑτοῦ
3220 1241 3551 1302 ἀποστόλους
3583 1256 3701 1309 μα-

2114 1339 2327 1409 καρίζει
2349 1379 2363 1402 ,
2399 1339 2478 1390 ὅτι
2503 1338 2567 1409 δὴ
2594 1336 2671 1407 τῷ
2699 1337 2920 1407 ὀνόματι
2945 1335 3109 1388 αὐτοῦ
3135 1336 3228 1387 καὶ
3254 1336 3319 1405 τῇ
3347 1332 3575 1401 δυνάμει
3597 1331 3705 1384 αὑ-

2113 1430 2206 1482 τοῦ
2237 1430 2452 1482 ἐποίουν
2480 1430 2581 1481 ὅσα
2617 1428 2831 1479 ἐποίουν
2855 1425 3153 1497 παράδοξα.

2184 1522 2292 1575 Καὶ
2342 1523 2410 1575 ἐν
2452 1520 2526 1589 τῇ
2566 1520 2809 1587 εὐδοκία
2847 1534 2963 1573 σου
2999 1517 3385 1586 ὑψωθήσεται
3406 1515 3473 1568 τὸ
3514 1514 3707 1583 κέρας

2116 1613 2303 1683 ἡμῶν.
2336 1613 2518 1683 Κέρας
2538 1612 2635 1682 τὴν
2656 1611 2812 1677 δόξαν
2832 1610 2985 1681 φησί.
3016 1609 3178 1677 Λέγει
3205 1604 3316 1674 οὖν,
3335 1608 3411 1671 ὡς
3437 1606 3577 1677 πρὸς
3605 1606 3706 1659 τὸν

434 1698 652 1760 Patrem
706 1699 990 1769 alloquens
1028 1717 1040 1752 :
1073 1698 1342 1764 Quoniam
1403 1697 1499 1752 tibi
1551 1698 1755 1767 placuit
1799 1698 2013 1751 mittere

2119 1705 2332 1774 Πατέρα
2351 1721 2363 1733 ·
2396 1702 2611 1773 Ἐπειδὴ
2634 1704 2697 1755 σὺ
2725 1702 3029 1772 ηὑδόκησας
3062 1697 3375 1753 ἀποστεῖλαι
3403 1696 3494 1749 τὸν
3522 1697 3706 1750 Μονο-

436 1792 809 1863 Unigenitum,
860 1793 981 1846 ideo
1025 1793 1196 1862 gloria
1236 1803 1423 1847 nostra
1467 1791 1698 1847 excitata
1749 1799 1851 1844 est.
1880 1789 2009 1844 ϐιο-

434 1885 629 1939 rilicati
658 1885 803 1939 enim
841 1900 1033 1939 sumus
1064 1885 1481 1941 conresuscitati
1507 1898 1633 1937 cum
1677 1880 1918 1947 Christo,
1954 1889 2008 1937 et

435 1982 725 2043 regnantes
751 1989 874 2027 cum
901 1974 993 2027 illo
1023 1973 1089 2025 ³⁷.

504 2066 594 2120 20.
628 2065 772 2119 Tunc
819 2066 1024 2118 locutus
1068 2081 1120 2117 es
1166 2064 1219 2117 in
1256 2063 1450 2116 visione
1492 2063 1621 2132 ﬁliis
1665 2065 1789 2116 tuis.
1831 2062 2005 2127 Tunc,

437 2162 576 2228 sive,
607 2162 761 2227 olim,
792 2162 887 2224 ait,
921 2175 1016 2230 per
1043 2159 1278 2214 visiones
1323 2158 1693 2227 propheticas,
1728 2158 1853 2211 ﬁliis
1880 2160 2006 2224 tuis,

434 2252 503 2308 iis
559 2255 765 2309 scilicet
814 2254 907 2323 qui
974 2253 1040 2306 ad
1090 2252 1327 2307 ﬁliorum
1399 2250 1495 2307 Dei
1557 2252 1906 2321 adoptionem
1956 2261 2007 2305 et

434 2344 755 2415 dignitatem
811 2343 989 2398 vocati
1034 2351 1181 2407 sunt,
1230 2343 1448 2398 locutus
1499 2358 1578 2397 es.
1629 2342 1773 2407 Quid
1824 2353 2006 2396 autem

435 2437 653 2493 locutus
678 2453 737 2493 es
766 2437 868 2490 nisi
906 2435 1039 2490 illud
1068 2453 1081 2489 :
1114 2435 1279 2488 Ροδυὶ
1310 2435 1637 2504 adjutorium
1667 2436 1723 2488 in
1750 2448 1958 2504 potente
1985 2437 2010 2489 ἔ)

435 2529 670 2585 Perinde
704 2539 883 2583 autem
923 2539 1004 2584 est
1034 2544 1098 2583 ac
1125 2529 1171 2583 si
1200 2529 1406 2582 diceret
1442 2548 1453 2580 :
1487 2527 1613 2582 Dedi
1656 2530 1921 2582 auxilium
1954 2529 2006 2581 in

438 2631 658 2693 potente
685 2622 917 2675 intirmis
941 2633 994 2674 et
1018 2636 1047 2676 a
1078 2622 1293 2673 Satanae
1318 2618 1605 2688 tyrannide
1622 2621 1925 2688 oppressis,
1952 2628 2011 2674 ut

438 2714 791 2784 confugerent
824 2714 890 2767 ad
925 2722 1222 2783 potentem.
1258 2712 1457 2767 Potens
1496 2722 1675 2766 autem
1707 2714 1817 2777 ille,
1847 2730 2007 2782 quem

438 2808 584 2863 dedit
634 2807 792 2861 nobis
832 2805 990 2860 Pater
1035 2806 1103 2859 ad
1145 2805 1431 2871 auxilium,
1486 2806 1738 2860 Christus
1787 2808 2009 2861 omnino

434 2910 554 2964 est;
585 2915 710 2952 nam
737 2908 818 2953 est
848 2897 1112 2953 Dominus
1140 2898 1401 2951 virtutum
1420 2898 1485 2951 ³⁸.
1516 2897 1765 2951 Exaltavi
1791 2900 2008 2953 electum

435 2993 499 3045 de
528 2992 669 3060 plebe
692 3008 826 3044 mea.
861 2988 1046 3044 Inveni
1086 2988 1260 3042 David
1293 3006 1501 3043 servum
1537 3006 1726 3044 meum.
1771 2990 2009 3058 lntellige

435 3082 712 3138 Christum
741 3098 807 3136 ex
844 3083 1050 3136 semine
1078 3080 1269 3144 David,
1297 3083 1390 3150 qui
1418 3082 1622 3136 electus
1657 3092 1880 3136 vocatus
1906 3091 2007 3147 est,

434 3183 650 3245 propter
684 3172 821 3243 quod
870 3181 917 3225 et
962 3172 1101 3226 Deus
1138 3175 1388 3227 exultavit
1411 3173 1565 3226 illum
1602 3174 1667 3225 ‘9.
1704 3172 2012 3242 lterumque

435 3274 599 3320 vocat
641 3263 790 3318 illum
834 3263 1093 3318 Davidcm
1140 3274 1413 3334 quatenus
1460 3281 1528 3320 ex
1591 3266 1799 3320 semine
1843 3265 2011 3319 David

436 3365 555 3411 erat
576 3356 668 3423 ⁸⁶;
712 3370 928 3409 servum
976 3356 1127 3419 item,
1175 3358 1304 3425 quia
1352 3358 1405 3410 in
1446 3355 1623 3411 forma
1672 3360 1812 3413 servi
1850 3373 2014 3427 appa—

436 3448 549 3503 ruit
583 3448 650 3504 “.
688 3446 814 3502 Oleo
863 3457 1045 3502 sancto
1100 3467 1213 3505 meo
1257 3452 1388 3504 ιιιιωί
1413 3468 1554 3505 eum.
1587 3452 1722 3507 Cum
1772 3450 2012 3506 Verbum

437 3551 582 3597 esset
614 3540 774 3607 Deus,
800 3551 960 3599 natus
992 3552 1077 3599 est
1110 3546 1409 3600 secundum
1443 3561 1663 3601 carnem
1685 3560 1751 3601 ex
1787 3546 2013 3601 muliere

439 3645 495 3690 et
527 3636 690 3690 homo
732 3637 951 3706 prodiit,
990 3653 1216 3693 manens
1253 3636 1396 3693 Deus
1419 3648 1477 3693 ut
1519 3648 1674 3694 erat:
1707 3650 1838 3695 tunc
1863 3639 2012 3709 judi-

440 3726 585 3780 cium
620 3741 715 3795 per
758 3735 811 3779 te
864 3726 1160 3796 accipiens,
1216 3739 1564 3798 nuncupatus
1601 3740 1685 3785 est
1730 3730 2007 3786 Christus.

438 3812 576 3870 Nam
609 3832 732 3870 cum
765 3814 999 3870 Verbum
1029 3823 1172 3871 esset
1193 3815 1335 3873 Deus
1357 3828 1412 3873 et
1441 3834 1535 3874 rex
1569 3829 1693 3874 ante
1721 3821 1918 3876 saecula
1942 3822 2009 3885 “,

438 3922 562 3977 quae
582 3916 765 3961 nostra
794 3916 949 3961 erant
974 3907 1075 3961 sibi
1110 3908 1328 3978 propria
1358 3910 1555 3978 eﬂ'ecit,
1586 3919 1644 3965 ut
1674 3926 1774 3966 nos
1798 3912 1865 3965 iis
1890 3927 2012 3981 quae

436 3998 541 4069 ipsi
572 4000 787 4068 propria
817 4006 973 4052 erant
1004 3999 1201 4054 divites
1235 4016 1508 4059 essemus.

507 4088 595 4141 22.
646 4086 835 4140 Manus
863 4089 1003 4140 enim
1043 4104 1158 4141 mea
1201 4091 1557 4143 auxiliabitur
1598 4092 1666 4145 ei.
1701 4092 1792 4145 Ait
1824 4091 2013 4147 Salva-

436 4184 525 4231 tor
556 4194 570 4230 :
608 4176 779 4246 Opera
812 4193 929 4247 quae
967 4177 1110 4230 dedit
1160 4180 1288 4231 mihi
1333 4178 1497 4233 Pater
1540 4190 1599 4233 ut
1644 4183 1861 4249 faciam,
1895 4184 2010 4251 ipsa

438 4284 597 4336 opera
627 4269 978 4337 testiﬁcantur
1005 4272 1067 4321 de
1103 4285 1203 4333 me,
1238 4270 1361 4338 quia
1397 4272 1507 4340 ipse
1539 4274 1681 4325 misit
1729 4290 1807 4327 me
1845 4275 1910 4327 ⁸³.
1946 4276 2012 4330 Et

2111 1796 2261 1864 γενῆ,
2298 1794 2485 1847 τούτου
2520 1793 2677 1863 χάριν
2707 1793 2740 1862 ἡ
2773 1791 2899 1855 δόξα
2928 1789 3085 1860 ἡμῶν
3118 1788 3485 1857 διεγήγερται.
3548 1782 3704 1836 Ἐδο-

2110 1888 2385 1958 ξάσθημεν
2422 1885 2529 1957 γὰρ
2578 1883 2991 1957 συνεγερθέντες
3030 1879 3270 1953 Χριστῷ,
3303 1878 3397 1932 καί
3426 1876 3705 1949 συμϐασι-

2109 1981 2199 2033 λεύ
2208 1997 2396 2042 σαντες
2424 1978 2591 2048 αὐτῷ.

2186 2073 2321 2126 Τότε
2354 2069 2661 2137 ἐλάλησας
2689 2067 2758 2121 ἐν
2795 2065 3000 2134 ὁράσει
3029 2063 3151 2130 τοῖς
3177 2062 3330 2128 υἱοῖς
3360 2078 3498 2116 σου.
3538 2062 3701 2121 Τότε,

2109 2165 2228 2219 ἀντὶ
2265 2163 2379 2227 τοῦ,
2410 2161 2598 2225 πάλαι,
2628 2161 2783 2230 φησι,
2823 2158 2887 2210 δι’
2913 2156 3157 2228 ὁράσεων
3196 2152 3553 2225 προφητικῶν
3588 2152 3703 2212 τοῖς

2110 2260 2245 2319 υἱοῖς
2272 2273 2387 2319 σου,
2422 2254 2572 2322 λέγει
2601 2254 2659 2305 δὲ
2684 2255 2797 2314 τοῖς
2820 2249 3177 2319 κεκλημένοις
3203 2249 3281 2310 εἰς
3310 2246 3370 2298 τὸ
3390 2245 3490 2312 τῆς
3517 2242 3704 2295 υἱοθε-

2112 2352 2231 2413 σίας
2270 2348 2505 2418 ἀξίωμα,
2541 2346 2825 2416 ὲλάιλησας.
2855 2344 2919 2397 Τί
2940 2344 2996 2395 δὲ
3029 2341 3295 2411 ὲλάλησας
3328 2338 3360 2407 ἢ
3395 2337 3456 2389 τό
3477 2354 3489 2365 ·
3540 2335 3703 2389 Ἑϐέ-

2103 2459 2231 2511 μην
2256 2439 2546 2505 ,ϐοήθειαν
2571 2438 2667 2490 ἐπὶ
2700 2436 2989 2497 δυνατόν;
3019 2434 3243 2503 Ὅμοιον
3272 2430 3329 2482 δὲ
3362 2428 3496 2481 ὡσεὶ
3523 2428 3701 2495 λέγοι*

2110 2534 2347 2595 Δέδωκα,
2385 2530 2536 2601 φησι,
2579 2528 2827 2599 βοήθειαν
2867 2526 2959 2578 ἐπὶ
3007 2523 3225 2577 δυνατὸν
3279 2524 3391 2585 τοῖς
3423 2519 3703 2588 [ἀσθενέσι

2111 2627 2205 2678 καὶ
2246 2620 2752 2690 πλεονεκτουμένοις
2791 2616 2896 2669 ὑπὸ
2921 2615 3013 2669 τοῦ
3049 2616 3281 2679 Σατανᾶ,
3314 2612 3411 2666 τοῦ
3442 2628 3703 2679 καταφυ-

2110 2720 2225 2786 γεῖν
2272 2716 2364 2768 ἐπὶ
2396 2711 2713 2766 δυνατόν.⁹0
2739 2709 2795 2761 δέ
2821 2725 2882 2776 γε
2914 2708 3156 2771 δυνατὸς,
3182 2707 3240 2759 ὃν
3282 2705 3515 2759 δέδωκεν
3565 2704 3703 2774 ἡμῖν

2110 2812 2189 2871 εἰς
2220 2807 2467 2877 βοήθειαν
2500 2806 2527 2857 6
2560 2803 2770 2873 Πατὴρ,
2798 2799 3031 2870 Χριστός
3052 2815 3154 2851 που
3187 2797 3401 2859 πάντως
3423 2794 3542 2846 ἐστί
3566 2810 3579 2822 ·
3607 2793 3702 2845 καὶ

2111 2902 2217 2972 γάρ
2265 2903 2379 2952 ἐστι
2425 2896 2705 2967 δυνάμεων
2742 2894 2976 2965 Κύριος·
3009 2892 3252 2959 ’Ὑψωσα
3296 2886 3593 2941 ἐκλεκτὸν
3626 2885 3700 2937 ἐκ

2110 2995 2218 3050 τοῦ
2256 2992 2409 3048 λαοῦ
2446 3009 2585 3061 μου,
2625 2986 2804 3058 εὗρον
2828 2987 3009 3041 Δαυῒδ
3044 2985 3147 3039 τὸν
3173 2983 3400 3038 δοῦλόν
3421 2981 3702 3053 μου.Ἑν-

2112 3088 2219 3141 νόει
2248 3084 2479 3156 Χριστὸν
2526 3083 2617 3135 τὸν
2662 3084 2727 3134 ὲκ
2773 3080 3086 3151 σπέρματος
3115 3076 3296 3141 Δαυῒδ,
3329 3074 3587 3127 ἐκλεκτὸν
3616 3090 3702 3126 κε-

2111 3178 2397 3248 κλημένον,
2425 3175 2516 3228 διὸ
2541 3173 2639 3227 καὶ
2670 3176 2701 3226 ὀ
2733 3171 2877 3237 Θεὸς
2902 3169 3089 3225 αὐτὸν
3108 3168 3493 3235 ὑπερύψωσε.
3532 3163 3703 3218 Δαυῒδ

2110 3270 2167 3323 δὲ
2225 3269 2384 3323 πάλιν
2447 3266 2606 3319 αὐτὸν
2656 3262 2929 3334 ὀνομάζει,
2969 3260 3101 3314 καθὸ
3150 3262 3214 3313 ὲκ
3270 3259 3588 3330 σπέρματος
3631 3254 3701 3328 ἦν

2110 3361 2272 3414 Δαυῖδ
2291 3375 2303 3390 ⁸
2342 3360 2436 3414 καὶ
2471 3359 2576 3430 μὴν
2609 3356 2703 3409 καὶ
2725 3354 2932 3419 δοῦλον,
2962 3352 3049 3405 διὰ
3096 3351 3156 3404 τὸ
3195 3353 3252 3404 ὲν
3281 3354 3346 3421 τῇ
3375 3351 3470 3404 τοῦ
3508 3349 3699 3403 δούλου

2114 3452 2293 3522 μορφῇ
2335 3448 2770 3519 πεφηνέναι.Ἐν
2792 3446 2973 3511 ἐλαίῳ
3004 3444 3150 3513 ἁγίῳ
3184 3460 3305 3511 μου
3334 3443 3551 3511 ἕχρισα
3589 3446 3703 3495 αὐτ

2109 3545 2371 3598 τόν.⁹”οτε
2401 3542 2533 3604 Θεὸς
2556 3535 2625 3611 ἦν
2663 3542 2691 3592 ὁ
2718 3539 2909 3606 Λόγος,
2946 3534 3207 3606 ἐγεννήθη
3244 3537 3387 3587 κατὰ
3418 3533 3601 3603 σάρκα
3634 3534 3701 3586 ὲκ

2111 3634 2382 3704 γυναικὸς,
2406 3634 2500 3686 καὶ
2523 3630 2790 3702 προῆλθεν
2813 3627 3119 3697 ἄνθρωπος,
3147 3626 3321 3695 μένων
3342 3625 3419 3686 ὡς
3439 3621 3509 3694 ἦν
3536 3624 3695 3685 Θεός·

2109 3727 2251 3791 τότε,
2288 3725 2383 3796 τὴν
2429 3724 2609 3798 κρίσιν
2635 3723 2724 3777 διὰ
2771 3724 2830 3775 σὲ
2877 3720 3080 3784 λαϐὼν,
3107 3716 3400 3789 ὠνομάσθη
3432 3716 3695 3786 Χριστός.

2109 3819 2240 3882 Θεὸς
2268 3818 2374 3887 γὰρ
2395 3816 2468 3869 ὢν
2496 3820 2524 3869 ὁ
2547 3817 2717 3884 Λόγος
2740 3815 2833 3868 καὶ
2863 3813 3112 3882 βασιλεὺς
3142 3810 3248 3882 πρὸ
3277 3808 3489 3861 αἰώνων
3514 3807 3697 3876 ὑπάρ-

2110 3929 2238 3982 χων,
2278 3910 2636 3978 ἰδιοποιήσατο
2668 3908 2736 3961 τὰ
2760 3906 3025 3977 ἡμέτερα,
3047 3905 3135 3957 ἵνα
3167 3904 3262 3956 καὶ
3304 3903 3461 3973 ἡμεῖς
3496 3899 3568 3951 τὰ
3594 3900 3699 3953 αὺ-

2109 4003 2203 4057 τοῦ
2228 4003 2639 4073 πλουτήσωμεν.

2191 4096 2252 4150 Ἠ
2275 4094 2382 4164 γὰρ
2427 4094 2553 4161 χείρ
2585 4108 2703 4160 μου
2744 4086 3259 4156 συναντιλήψεται
3292 4082 3469 4149 αὐτῷ.
3489 4082 3547 4135 Ὀ
3578 4083 3698 4136 Σω-

2111 4187 2212 4258 τὴρ
2240 4186 2445 4255 ἔφασκε
2468 4202 2479 4212 -
2515 4184 2590 4237 Τὰ
2635 4184 2779 4253 ἔργα
2821 4181 2859 4235 ἃ
2892 4179 3109 4233 δέδωκέ
3131 4196 3231 4247 μοι
3274 4180 3305 4230 ὀ
3341 4174 3544 4242 Πατὴρ
3594 4175 3697 4227 ἵνα

2112 4279 2363 4347 ποιήσω,
2399 4278 2551 4330 αὐτὰ
2592 4276 2663 4328 τὰ
2710 4276 2852 4343 ἔργα
2896 4270 3182 4343 μαρτυρεῖ
3222 4269 3353 4336 περὶ
3396 4267 3566 4335 ἐμοῦ,
3607 4266 3697 4319 ὅτι

437 4360 673 4414 iterum:
706 4361 748 4413 Α
790 4362 982 4429 meipso
1019 4361 1155 4413 nihil
1193 4362 1397 4431 loquor.
1438 4363 1604 4417 Pater
1636 4374 1809 4418 autem
1850 4367 1904 4418 in
1933 4383 2012 4420 me

2119 4370 2296 4434 αὐτός
2336 4386 2411 4436 με
2468 4366 2845 4420 ἀπέσταλκε·
2898 4363 2993 4416 καὶ
3040 4361 3239 4414 πάλινο
3287 4359 3401 4411 Ἀπ’
3429 4357 3695 4425 ἐμαυτοῦ

437 4467 650 4503 manens
683 4452 790 4519 ipse
818 4451 950 4520 facit
988 4468 1147 4521 opera
1192 4452 1257 4506 ⁸⁸.
1306 4453 1370 4507 Et
1402 4455 1503 4509 hoc
1546 4456 1722 4525 ipsum
1752 4470 1833 4512 est
1866 4460 2012 4527 quod

438 4558 583 4595 nunc
608 4541 766 4596 Pater
795 4543 861 4597 de
889 4543 982 4597 illo
1017 4544 1150 4597 dicit
1187 4563 1199 4597 :
1237 4544 1430 4599 Manus
1456 4548 1593 4598 enim
1636 4564 1751 4601 mea
1787 4550 2018 4604 auxilia-

439 4633 579 4687 bitur
606 4636 673 4700 ei,
703 4645 752 4687 et
785 4636 1059 4689 brachium
1093 4654 1259 4691 meum
1298 4639 1620 4707 confortabit
1653 4657 1792 4697 eum.

510 4806 598 4858 23.
640 4805 791 4859 Nihil
824 4809 1064 4877 proﬁciet
1096 4813 1341 4865 inimicus
1382 4815 1435 4867 in
1472 4830 1552 4868 eo.
1588 4814 1815 4871 Etiamsi
1863 4820 2015 4874 dixe-

443 4900 601 4953 rint:
655 4897 854 4964 Venite,
906 4904 1200 4957 ocridamus
1253 4922 1395 4969 eum,
1437 4916 1484 4960 et
1539 4907 1824 4963 habeamus
1864 4912 2010 4965 nobis

440 4989 799 5043 hmreditatem
829 4994 941 5062 ejus
980 4994 1045 5048 ⁸³.
1087 4994 1189 5049 Sed
1223 4997 1536 5066 hujusmodi
1572 5000 1860 5055 consilium
1896 5011 2006 5056 tam

438 5080 652 5135 Satanae
677 5097 841 5150 quam
884 5082 1084 5138 Judzeis
1121 5086 1312 5140 inutile
1339 5099 1477 5151 erat,
1524 5101 1578 5144 et.
1616 5090 1819 5146 frustra
1844 5095 2010 5148 cessit

437 5173 541 5229 illis
580 5174 813 5230 facinus.
849 5174 1389 5249 Resurrexitquippe
1421 5180 1672 5236 Salvator
1700 5186 1856 5237 tertia
1893 5186 2004 5252 die,

436 5273 723 5334 postquam
756 5273 983 5319 mortem
1028 5268 1401 5324 conculcasset
1424 5282 1476 5325 et
1520 5274 1811 5342 spoliasset
1838 5274 2006 5330 infer-

436 5370 566 5407 num
595 5373 609 5423 ;
641 5365 688 5411 el
722 5357 966 5413 ascendit
992 5358 1057 5412 ad
1101 5358 1316 5415 Patrem
1363 5372 1417 5417 et
1472 5364 1640 5419 Deum
1687 5370 1778 5436 qui
1832 5377 1915 5423 est
1949 5370 2002 5421 in

436 5447 630 5502 ctelis:
674 5458 867 5520 estque
916 5450 971 5504 in
1020 5450 1242 5507 dextera
1287 5454 1467 5510 throni
1520 5459 1914 5528 magnitudinis
1948 5461 2003 5514 in

2115 4460 2281 4515 λαλῶ
2313 4458 2588 4513 οὐδέν.Ὃ
2630 4457 2699 4509 δὲ
2741 4456 2940 4523 Πατὴρ
2977 4456 3009 4507 ό
3046 4454 3115 4505 ἐν
3151 4451 3279 4520 ἐμοὶ
3311 4450 3511 4518 μένων
3540 4448 3699 4502 ποιεῖ

2116 4556 2188 4606 τὰ
2211 4553 2353 4621 ἔργα
2381 4553 2581 4616 αὑτός.
2613 4551 2724 4604 Καὶ
2751 4548 2906 4600 τοῦτό
2931 4549 3077 4599 ἐστιν
3105 4546 3133 4597 ὃ
3160 4544 3306 4611 λέγει
3328 4542 3421 4593 νῦν
3449 4545 3476 4594 ὁ
3504 4541 3695 4610 Πατὴρ

2116 4643 2245 4712 περὶ
2271 4640 2435 4695 αὐτοῦ
2457 4657 2469 4669 ⁸
2517 4641 2576 4693 Ἠ
2608 4639 2715 4709 γὰρ
2744 4639 2872 4706 χείρ
2895 4654 3012 4705 μου
3042 4632 3557 4699 συναντιλήψεται
3582 4634 3694 4684 αὐ-

2115 4733 2215 4799 τῷ,
2251 4733 2351 4787 καὶ
2380 4738 2412 4786 ὁ
2435 4732 2706 4800 βραχίων
2735 4748 2854 4798 μου
2886 4727 3241 4795 κατισχύσει
3272 4726 3476 4778 αὐτόν.

2188 4828 2309 4879 Οὐκ
2339 4821 2639 4892 ὠφελήσει
2663 4821 2874 4889 ἐχθρὸς
2906 4819 2974 4871 ἐν
3004 4817 3179 4882 αὐτῷ.
3213 4818 3275 4869 Εἰ
3302 4817 3394 4868 καὶ
3413 4816 3688 4886 εἰρήκασι⁹

2114 4892 2308 4979 Δεῦτε,
2350 4913 2791 4980 ἀποκτείνωμεν
2832 4908 3038 4973 αὐτὸν,
3082 4907 3182 4960 καὶ
3218 4906 3461 4974 σχῶμεν
3487 4905 3692 4969 αὐτοῖς

2113 5006 2228 5074 τὴν
2269 5004 2672 5073 κληρονομίαν
2716 5000 2900 5053 αὐτοῦ
2920 5017 2932 5030 ·
2963 5001 3075 5052 ἀλλ’
3103 4997 3169 5070 ἦν
3199 5000 3455 5068 ἀνόνητος
3485 4998 3563 5067 τῷ
3591 4997 3695 5048 Σα-

2113 5099 2251 5167 τανᾷ
2295 5098 2389 5149 καὶ
2421 5098 2530 5157 τοῖς
2567 5093 2840 5155 Ἰουδαίοις
2870 5094 2903 5161 ἡ
2938 5091 3149 5160 σκέψις,
3184 5092 3277 5143 καὶ
3308 5092 3387 5152 εἰς
3415 5090 3690 5158 ἄφρακτον

2116 5188 2414 5259 ἐκϐέϐηκεν
2444 5188 2624 5249 αὐτοῖς
2667 5186 2727 5238 τὸ
2776 5183 3101 5255 ἐγχείρημα.
3121 5182 3343 5234 Ἀνεϐίω
3378 5182 3487 5251 γὰρ
3514 5184 3543 5232 6
3574 5181 3689 5231 2m-

2114 5279 2217 5351 τὴρ
2243 5280 2557 5351 τριήμερος,
2586 5278 2835 5348 πατήσας
2873 5277 2962 5328 τὸν
3005 5275 3233 5328 θάνατον
3264 5276 3357 5328 καὶ
3392 5273 3690 5334 σκυλεύσας

2115 5368 2204 5420 τὸν
2244 5366 2404 5437 ᾅδην
2443 5368 2535 5418 καὶ
2578 5365 2742 5435 ἀνέϐη
2797 5364 2930 5432 πρὸς
2973 5364 3064 5416 τὸν
3111 5367 3167 5416 ὲν
3205 5365 3452 5433 οὐρανοῖς
3474 5361 3691 5430 Πατέρα

2112 5460 2206 5513 καὶ
2245 5457 2374 5511 Θεόν
2396 5475 2407 5486 ·
2446 5458 2539 5511 καὶ
2587 5457 2731 5509 ἔστιν
2764 5458 2821 5508 ὲν
2854 5454 3001 5526 δεξιᾷ
3034 5456 3124 5508 τοῦ
3157 5455 3344 5526 θρόνου
3375 5454 3474 5524 τῆς
3519 5468 3687 5522 μεγαο

441 5557 543 5663 13³⁷
574 5558 771 5663 [Ξιὲιιιρε.
807 5577 865 5628 ιι,
893 5562 946 5615 6.
1014 5564 1056 5595 ³⁸
1082 5565 1224 5619 Psal.
1262 5581 1419 5630 xxm,
1467 5568 1554 5619 10.
1627 5568 1669 5598 ³⁸
1706 5566 1940 5640 Ὼριιῑιίρρ.
1976 5587 2026 5623 ιι.

705 5646 805 5663 non
835 5650 867 5663 ι.
914 5633 980 5663 KR
1081 5635 1125 5663 bs
1164 5634 1288 5663 In-..
1320 5654 1429 5663 ,.....
1486 5637 1554 5663 In
1640 5637 1685 5663 ΚΒ
1713 5638 1873 5663 λνΙΑιιι.
1930 5657 2017 5663 -.-..

2119 5611 2133 5663 3
2213 5569 2259 5600 ⁸ο
2289 5568 2489 5623 Rom.t
2541 5568 2595 5624 5.
2636 5569 2680 5601 ⁵⁸
2728 5566 2963 5637 Philipp.
3008 5585 3068 5624 ιι.
3098 5566 3150 5620 7.
3222 5568 3265 5598 δ’
3318 5565 3440 5621 Psal
3495 5578 3683 5627 ωιιιιι,

472 5628 528 5684 2.
602 5629 648 5663 ⁸³
671 5629 888 5697 Joan.v,
913 5633 1001 5688 56.
1081 5635 1125 5666 ⁵⁵
1154 5628 1450 5701 Ιοτιιιίχιν,
1485 5637 1575 5691 10.
1640 5637 1685 5669 ⁵⁸
1711 5628 1904 5693 Matth:
1930 5628 2043 5707 xxi,
2068 5641 2155 5695 58.
