3872 6216
162 283 276 341 389

1176 275 1539 343 EXPOSITIO
1578 275 1643 330 IN
1682 272 2015 331 PSALMUM
2057 272 2386 328 LXXXVIII.

3319 268 3425 326 390

166 401 417 470 λωσύνης
468 403 526 453 ὲν
571 397 812 469 ὑψηλοῖς,
860 397 1076 452 πάντων
1122 398 1412 470 κατάρχων
1470 394 1609 467 μετὰ
1655 392 1749 446 τοῦ

1875 394 2106 459 excelsis,
2144 392 2402 445 omnibus
2431 403 2709 459 imperans
2736 403 2861 444 cum
2894 387 3141 458 genitore
3167 401 3288 442 suo.
3314 384 3423 441 Ve-

169 494 303 548 ιδίου
349 494 693 563 γεννήτορος.
724 491 930 544 Οὐκοῦν
977 491 1175 561 ἀληθὲς
1221 492 1281 544 τὸ
1322 488 1631 562 εἰρημένον,
1667 488 1748 539 ὃτι

168 589 296 641 ὓὺκ
325 585 625 653 ὠφελήσει
648 583 861 652 ἐχθρὸς
884 584 955 637 ἐν
992 582 1171 649 αὐτῷ.

238 676 353 731 Καὶ
388 678 680 743 συγκόψω
716 676 833 729 ἀπὸ
870 676 976 728 τοῦ
1017 673 1341 743 προσώπου
1383 672 1569 727 αὑτοῦ
1608 670 1749 735 τοὺς

164 769 423 837 ἐχθροὺς
484 768 689 821 αὐτοῦ.
744 767 1141 837 Παραδέδονται
1186 768 1293 838 γὰρ
1340 768 1405 835 τῇ
1462 764 1750 833 Ῥωμαίων

168 862 452 931 στρατείᾳ,
477 861 570 912 καὶ
599 860 885 912 διολώλασι
912 858 1212 920 παντελῶς.

240 953 353 1006 Καὶ
378 953 416 1018 ἡ
443 950 692 1015 ἀλήθειά
708 968 825 1019 μου
850 951 947 1003 καὶ
972 950 1037 1003 τὸ
1056 950 1228 1015 ἔλεός
1246 967 1364 1016 μου
1389 949 1518 1017 μετ’
1540 945 1747 1000 αὐτοῦ.

182 1042 470 1113 Ἀλήθειαν
492 1041 586 1102 τὴν
608 1044 664 1093 ἐν
692 1042 958 1112 πνεύματι
993 1043 1085 1094 καὶ
1109 1040 1334 1111 ἀληθεία
1367 1039 1620 1110 λατρείαν
1652 1056 1753 1107 φη-

170 1139 259 1190 σὶν
284 1178 300 1202 ,
336 1138 402 1207 ἣν
432 1139 757 1207 εἰσηγήσατο
787 1140 915 1207 ἡμῖν
942 1139 969 1189 6
998 1137 1231 1205 Χριστὸς
1264 1137 1401 1189 κατὰ
1438 1136 1498 1188 τὸ
1532 1132 1748 1204 εἰρημέο

167 1244 261 1280 νον
309 1227 447 1297 πρὸς
496 1227 592 1297 τὴν
639 1230 696 1279 ὲν
740 1230 803 1297 τῇ
851 1227 1131 1297 Σαμαρείᾳ
1157 1230 1415 1293 γυναῖκα·
1443 1226 1687 1293 Πνεῦμα
1722 1231 1753 1281 ὀ

171 1318 343 1384 Θεὸς,
373 1318 473 1369 καὶ
504 1318 644 1383 τοὺς
687 1316 1183 1385 προσκυνοῦντας
1220 1316 1424 1381 αὐτὸν,
1469 1318 1538 1370 ἐν
1575 1319 1755 1371 πνεύ-

166 1422 312 1473 ματι
341 1405 439 1458 καὶ
466 1407 714 1472 ἀληθείᾳ
741 1406 835 1458 δεῖ
864 1407 1249 1473 προσκυνεῖν.
1284 1408 1393 1459 Καὶ
1426 1408 1486 1459 τὸ
1525 1408 1670 1471 ἕλεος
1698 1408 1757 1459 δὲ

167 1496 235 1548 οὐ
269 1496 337 1549 δι’
366 1497 525 1550 ἄλλου
578 1498 875 1567 πεποίηκεν
912 1500 940 1550 6
984 1498 1113 1560 Θεὸς
1158 1500 1237 1562 εἰς
1284 1500 1434 1568 ἡμᾶς
1476 1500 1625 1570 ῆδιὰ
1662 1500 1756 1553 τοῦ

174 1587 502 1657 μονογενοῦς
532 1589 694 1641 αὑτοῦ
725 1589 872 1642 Υίοῦ.
904 1590 981 1642 Δι’
1010 1590 1173 1643 αὐτοῦ
1208 1591 1315 1661 γὰρ
1348 1593 1507 1661 μόνου
1538 1593 1630 1646 καὶ
1659 1594 1759 1663 τὴν

172 1679 235 1730 ἐν
267 1677 536 1748 πνεύματι
563 1678 656 1732 καὶ¹
695 1678 921 1750 ἀληθείᾳ
950 1679 1224 1749 ἐμάθομεν
1259 1680 1645 1752 προσκύνησιν,
1666 1682 1759 1733 καὶ

1851 499 1972 536 rum
2013 483 2195 551 itaque
2233 490 2316 536 est
2349 480 2491 550 quod
2526 480 2763 534 dicitur:
2799 477 2951 532 Nihil
2976 478 3213 548 proﬁciet
3242 478 3424 530 inimi-

1850 590 1942 628 cus
1976 575 2031 627 in
2064 590 2144 627 eo.

1918 666 2008 720 24.
2052 665 2122 718 Et
2142 662 2413 717 concidam
2442 678 2475 715 a
2503 661 2635 731 facie
2657 660 2821 730 ipsius
2851 661 3095 715 inimicos
3125 663 3259 733 ejus.
3294 660 3428 716 Tra-

1850 756 1959 847 diti.
1990 771 2226 824 namque
2258 762 2388 809 sunt
2416 752 2794 807 Romanorum
2824 754 3111 820 exercitui,
3153 764 3208 811 et
3241 756 3426 811 fundi-

1852 846 1949 901 tus
1968 846 2267 915 perierunt.

1920 938 2008 991 25.
2041 937 2107 989 Et
2139 938 2330 991 veritas
2370 951 2487 987 mea
2517 944 2567 987 et
2596 936 2956 989 misericordia
2993 952 3109 989 mea
3138 952 3256 990 cum
3290 938 3426 1005 ipso.

1853 1029 2148 1083 Veritatem
2179 1028 2537 1082 dicitcultum
2581 1027 2635 1079 in
2677 1027 2871 1096 spiritu
2909 1036 2963 1081 et
2992 1029 3235 1095 veritate,
3264 1044 3428 1098 quem

1856 1122 2068 1175 induxit
2098 1122 2255 1174 nobis
2290 1120 2558 1183 Christus,
2585 1119 2738 1188 juxta
2767 1119 2820 1171 id
2851 1120 2998 1187 quod
3027 1120 3233 1174 dictum
3258 1129 3341 1174 est
3362 1119 3429 1173 ad

1857 1214 2255 1266 Samaritanam
2297 1212 2577 1264 mulierem
2614 1229 2625 1263 :
2670 1209 2903 1280 Spiritus
2940 1221 3017 1264 est
3063 1211 3227 1275 Deus,
3255 1219 3304 1265 et
3340 1213 3431 1281 qui

1855 1304 2080 1355 adorant
2109 1318 2228 1355 eum
2252 1303 2307 1354 in
2333 1302 2525 1370 spiritu
2548 1310 2596 1353 et
2642 1302 2860 1353 veritate
2894 1309 3096 1369 oportet
3124 1302 3346 1354 adorare
3361 1300 3429 1355 “.

1856 1391 2287 1447 Misericordiam
2331 1406 2460 1445 vero
2499 1407 2607 1444 non
2654 1405 2751 1459 per
2793 1391 2963 1444 alium
3009 1390 3167 1445 nobis
3202 1392 3434 1445 contulit

1858 1486 2000 1539 Deus
2042 1500 2206 1554 quam
2240 1500 2336 1553 per
2384 1484 2725 1553 unigenitum
2767 1481 2963 1537 Filium
2999 1499 3183 1537 suum.
3216 1483 3320 1539 Per
3348 1483 3431 1553 ip-

1859 1594 1979 1632 sum
2007 1579 2150 1631 enim
2189 1577 2372 1655 solum.
2393 1585 2443 1630 et
2478 1577 2850 1631 adorationem
2883 1578 2937 1630 in
2988 1577 3184 1645 spiritu
3210 1586 3263 1631 et
3294 1578 3436 1631 veri—

1864 1677 1970 1723 tate
2002 1666 2348 1729 edidicimus,
2382 1675 2435 1721 et
2466 1666 2896 1721 misericordiam
2922 1668 3202 1721 eonsecuti
3220 1683 3434 1733 sumus,

172 1770 619 1841 κατηλεήθημεν,
658 1748 1036 1841 ἀναιρεθέντος
1070 1748 1325 1835 θανάτου,
1370 1774 1465 1825 καὶ
1500 1748 1597 1843 τῆς
1625 1773 1755 1843 φθο-

1875 1759 2035 1814 Ieleta
2066 1767 2239 1813 morte
2265 1767 2317 1813 et
2341 1760 2690 1828 corruptione
2710 1759 2776 1812 de
2810 1760 2990 1814 medio
3014 1761 3246 1815 sublata.
3279 1759 3348 1813 Et
3381 1761 3436 1813 in

170 1863 279 1932 ρᾶς
325 1862 390 1914 ὲκ
435 1862 601 1931 μέσου
632 1863 951 1933 γενομένης.
983 1864 1093 1917 Καὶ
1130 1864 1199 1917 ἐν
1229 1862 1310 1928 τῷ
1356 1865 1601 1934 ὀνόματι
1636 1883 1758 1934 μου

170 1953 565 2021 ὑψωθήσεται
606 1954 673 2007 τὸ
707 1954 885 2022 κέρας
919 1955 1126 2011 αὐτοῦ.
1158 1957 1281 2019 Τοῖς
1327 1956 1436 2029 γὰρ
1480 1958 1757 2028 ὀνόμασιν,

169 2040 257 2110 οἷς
299 2046 535 2115 μάλιστα
573 2047 841 2115 πρέπουσι
883 2047 960 2117 τῷ
996 2049 1191 2118 Πατρὶ,
1234 2050 1327 2101 καὶ
1379 2050 1539 2114 αὐτὸς
1574 2053 1601 2102 ὁ
1634 2051 1761 2113 Υἱὸς

169 2135 492 2200 δοξάζεται·
540 2134 650 2189 οἷόν
700 2136 751 2189 τί
794 2153 963 2207 φημι·
1012 2137 1143 2201 Θεὸς
1189 2138 1441 2209 ἀληθινὸς
1472 2141 1499 2191 ὁ
1529 2141 1756 2210 Πατήρ·

168 2227 339 2279 τοῦτο
358 2229 474 2280 ἐστι
497 2229 591 2282 καὶ
620 2229 746 2291 Υἱός
767 2246 781 2259 ο
818 2230 978 2293 αὐτὸς
1007 2232 1114 2302 γάρ
1141 2233 1286 2286 ἐστιν
1310 2234 1343 2303 ἡ
1371 2232 1626 2303 ἀλήθεια·
1669 2233 1763 2287 καὶ

170 2321 207 2388 ὴ
239 2319 355 2387 ζωὴ
384 2320 525 2372 κατὰ
556 2321 716 2388 φύσιν
752 2323 781 2373 6
810 2323 999 2395 Πατήρ
1034 2324 1150 2376 ἐστί
1179 2340 1239 2376 τε
1266 2323 1360 2376 καὶ
1401 2324 1760 2395 ὀνομάζεται,

167 2411 339 2463 τοῦτο
381 2411 439 2463 δὲ
480 2412 641 2466 πάλιν
668 2414 763 2467 καὶ
784 2417 813 2467 6
835 2415 962 2477 Υἱός
981 2431 995 2443 ·
1033 2416 1196 2478 αὐτὸς
1227 2415 1335 2486 γάρ
1370 2434 1533 2487 φησιν
1553 2434 1567 2448 ο
1619 2416 1764 2485 Ἐγώ

168 2507 295 2573 εἰμι
318 2506 358 2573 ἠ
385 2505 720 2573 ἀνάστασις
753 2508 848 2561 καὶ
880 2508 917 2575 ἡ
949 2507 1079 2578 ζωή.
1112 2508 1224 2579 (59)
1253 2509 1420 2562 Τοῦτο
1446 2509 1600 2577 ἔλεγε
1628 2510 1763 2579 πρὸς

169 2597 269 2649 τὸν
298 2596 494 2651 ἑαυτοῦ
522 2600 760 2670 Πατέρα,
798 2601 879 2653 ὅτι
912 2600 1116 2654 Πάντα
1146 2601 1219 2654 τὰ
1252 2601 1363 2671 ἐμὰ
1385 2601 1468 2655 σά
1489 2602 1642 2668 ἐστι,
1666 2604 1761 2655 καί

168 2687 254 2743 τὰ
272 2688 362 2743 σὰ
384 2688 517 2759 ἐμά.

254 2779 367 2831 Καὶ
411 2779 671 2849 θήσομαι
707 2781 777 2834 ἐν
812 2782 1092 2852 θαλάσσῃ
1122 2784 1288 2853 χεῖρα
1315 2784 1521 2839 αὐτοῦ.
1556 2785 1766 2838 Θάλασ-

173 2886 282 2922 σαν
324 2870 444 2939 μὲν,
472 2869 1025 2944 ὼςιπροειρήκαμεν,
1063 2875 1159 2944 τὴν
1208 2876 1264 2926 ὲν
1310 2877 1539 2945 δυσμαῖς
1584 2875 1766 2946 χώραν

172 2962 353 3032 φησί·
392 2964 668 3033 ποταμοὺς
711 2964 768 3021 δὲ
807 2966 907 3037 τὴν
951 2966 1121 3036 μέσην
1152 2968 1258 3019 τῶν
1288 2969 1551 3038 ποταμῶν
1596 2970 1763 3037 λέγει,

1864 1853 2071 1905 nomine
2099 1867 2209 1904 meo
2228 1850 2554 1903 exaltabitur
2583 1868 2745 1903 cornu
2776 1851 2911 1919 ejus.
2946 1851 3268 1907 Nominibus
3289 1852 3436 1906 enim

1863 1959 1982 2014 quae
2018 1943 2252 1997 maxime
2288 1940 2435 1995 Patri
2467 1942 2814 2004 conveniunt,
2860 1943 2973 2011 ipse
3012 1956 3233 2011 quoque
3261 1942 3437 1996 Filius

1863 2046 2087 2091 ornatur
2129 2054 2142 2088 :
2188 2035 2419 2103 exempli
2476 2050 2642 2088 causa
2690 2035 2814 2089 dico
2862 2052 2875 2088 :
2932 2032 3077 2089 Deus
3135 2050 3298 2089 verus
3350 2043 3435 2090 est

1863 2126 2056 2192 Pater;
2105 2127 2340 2195 idipsum
2380 2136 2463 2180 est
2498 2124 2667 2181 Filius
2702 2146 2715 2179 :
2751 2127 2867 2196 ipse
2902 2142 3139 2196 namque
3176 2135 3261 2181 est
3288 2127 3433 2182 veri-

1863 2229 1944 2273 tas
1974 2237 1987 2273 :
2014 2227 2068 2273 et
2090 2219 2197 2271 vita
2232 2218 2531 2272 secundum
2581 2225 2830 2271 naturam
2865 2217 3025 2271 Pater
3051 2225 3135 2272 est
3184 2225 3239 2271 et
3270 2232 3436 2271 voca-

1866 2321 1976 2377 tur,
2011 2312 2142 2365 illud
2184 2311 2313 2365 item
2358 2321 2441 2365 est
2482 2310 2651 2365 Filius
2690 2329 2705 2364 :
2748 2312 2865 2380 ipse
2892 2326 3130 2379 namque
3163 2310 3239 2364 ait
3277 2328 3290 2363 :
3324 2309 3436 2380 Ego

1864 2418 1979 2455 sum
1999 2403 2311 2456 resurrectio
2350 2412 2396 2455 et
2430 2402 2554 2457 vita.
2584 2402 2695 2472 (59)
2729 2400 2843 2456 Hoc
2870 2402 3083 2457 dicebat
3121 2399 3209 2455 ille
3238 2400 3305 2455 ad
3334 2399 3439 2454 Pa-

1866 2503 2022 2548 trem:
2056 2492 2249 2547 Omnia
2281 2508 2396 2546 mea
2433 2502 2526 2546 tua
2551 2502 2692 2560 sunt,
2734 2501 2782 2547 et
2813 2502 2905 2547 tua
2927 2509 3043 2547 mea
3066 2501 3190 2548 sunt
3219 2490 3285 2546 ⁸⁷.

1936 2794 2027 2848 26.
2089 2794 2159 2848 Et
2184 2811 2376 2864 ponam
2403 2796 2459 2849 in
2483 2797 2618 2849 mari
2642 2812 2852 2849 manum
2885 2795 3020 2865 ejus.
3045 2795 3214 2862 Mare,
3242 2796 3321 2853 uti
3345 2812 3437 2852 suo

1868 2902 1964 2955 pra
1984 2887 2244 2950 diximus,
2281 2887 2670 2942 occidentalem
2716 2887 2991 2958 regionem
3029 2895 3231 2954 vocat;
3260 2886 3442 2942 ﬂumi-

1871 2994 1941 3032 na
1982 2994 2111 3032 vero
2168 2976 2615 3047 Mesopotamiam
2668 2979 2781 3033 sive
2833 2979 3095 3033 orientem
3139 2987 3436 3049 nuncupat.

169 3058 302 3127 ᾕτοι
349 3055 451 3125 τὴν
493 3056 777 3126 ἀνατολήν.
809 3058 975 3126 Φησὶν
1001 3054 1112 3123 οὖν,
1144 3059 1224 3112 ὅτι
1252 3062 1331 3122 εἰς
1357 3061 1536 3113 πᾶσαν
1571 3060 1669 3130 τὴν
1692 3062 1763 3112 οί-

1875 3067 2160 3137 Aititaque
2190 3084 2285 3138 per
2317 3084 2533 3123 omnem
2575 3079 2771 3123 terram
2816 3069 2935 3138 ejus
2976 3083 3114 3139 opus
3152 3077 3439 3123 extensum

171 3148 462 3218 κουμένην
489 3148 521 3217 ἡ
552 3146 716 3200 αὐτοῦ
763 3148 961 3218 πρᾶξις
998 3150 1377 3219 ἐκταθήσεται.
1424 3150 1532 3204 Καὶ
1577 3151 1647 3203 ἐν
1669 3164 1770 3205 πο-

170 3235 392 3305 ταμοῖς
419 3235 625 3299 δεξιὰν
655 3238 859 3291 αὐτοῦ.
881 3239 966 3289 Ἐν
997 3240 1094 3309 μὲν
1126 3242 1191 3309 τῇ
1224 3240 1465 3311 θαλάσσῃ
1494 3239 1699 3295 τίθεται
1734 3242 1767 3312 ή

174 3329 306 3398 χεὶρ
335 3326 431 3379 τοῦ
463 3327 718 3397 Χριστοῦ,
743 3329 800 3379 ἐν
826 3328 882 3379 δὲ
916 3330 1026 3391 τοῖς
1056 3334 1318 3401 ποταμοῖς
1345 3334 1377 3401 ἡ
1402 3330 1551 3397 δεξιὰ
1582 3331 1768 3384 αὑτοῦ.

174 3420 332 3491 Πλὴν
368 3419 461 3471 ἐὰν
494 3419 709 3492 θελήσῃ,
744 3421 776 3489 ἡ
812 3419 1054 3473 θάλασσα
1095 3423 1304 3489 γίνεται
1349 3423 1628 3493 ποταμός’
1676 3423 1771 3475 καὶ

149 3513 350 3576 ,πάλιν
381 3512 410 3562 6
449 3511 710 3581 ποταμὸς,
736 3511 829 3564 ἐὰν
856 3515 1069 3585 τηρήσῃ
1110 3515 1200 3567 τὸν
1232 3518 1295 3568 ὲκ
1322 3516 1421 3585 τῆς
1449 3516 1655 3580 κοιλίας
1683 3518 1774 3570 αὑ-

173 3602 278 3656 τοῦ
316 3601 509 3673 ῥέοντα
544 3602 805 3673 ποταμὸν,
830 3603 924 3656 τοῦ
965 3602 1169 3669 ζῶντος
1215 3605 1407 3670 ὓδατος
1431 3608 1641 3676 γίνεται
1676 3607 1772 3662 θά-

176 3695 384 3748 λασσα.

248 3784 457 3850 ,Δῠτὸς
501 3784 925 3842 ἐπικαλέσεται
970 3803 1075 3858 με’
1128 3788 1330 3857 Πατήρ
1366 3793 1501 3859 ’μου
1558 3787 1616 3844 εἷ
1666 3790 1768 3856 σὺ,

176 3880 335 3943 Θεός
358 3894 499 3946 μου.
537 3878 704 3931 Πάλιν
744 3879 975 3933 ἐνταῦθα
1012 3880 1371 3951 οἰκονομικῶς
1420 3883 1448 3935 ὁ
1495 3900 1775 3954 σεσαρκω-

180 3970 351 4039 μένος
370 3969 503 4023 Θεὸν
530 3971 723 4023 ἑαυτοῦ
737 3972 825 4023 τὸν
844 3972 1063 4043 Πατέρα
1091 3972 1265 4038 καλεῖ,
1299 3972 1472 4043 λέγων
1496 3991 1509 4004 ο
1533 3976 1778 4043 Πορεύο-

176 4079 290 4129 μαι
321 4062 475 4129 πρὸς
513 4061 622 4115 τὸν
651 4062 882 4130 Πατέρα
909 4081 1029 4132 μου
1062 4064 1159 4116 καὶ
1196 4064 1429 4134 Πατέρα
1452 4066 1637 4135 ὑμῶν,
1675 4066 1774 4121 καὶ

180 4156 342 4209 Geor
378 4171 499 4222 μου
533 4154 631 4209 καί
673 4155 819 4208 Θεὸν
846 4156 1107 4225 ὑμῶν.ὐ
1148 4158 1258 4227 γὰρ
1309 4160 1595 4230 προφήτης
1640 4160 1773 4229 φησὶ

181 4246 318 4317 περὶ
372 4245 560 4312 αὑτοῦ,
588 4246 800 4299 παιδίον
846 4247 1181 4317 γεννώμενον
1226 4242 1601 4320 προφητεύων,
1639 4251 1771 4304 Θεὸν

183 4338 412 4408 ἰσχυρὸν
442 4337 629 4406 ἔλεγεν
662 4339 844 4402 αὐτὸν,
872 4340 1093 4411 Πατέρα
1122 4341 1216 4394 τοῦ
1246 4342 1529 4412 μέλλοντος
1555 4343 1767 4406 αἰῶνος.

1870 3160 1957 3213 iri.
1984 3159 2052 3212 Et
2075 3160 2128 3212 in
2162 3160 2467 3228 [luminibus
2497 3160 2765 3213 dexteram
2792 3160 2926 3229 ejus.
2952 3161 3012 3213 In
3042 3159 3181 3214 mari
3219 3160 3443 3230 ponitur

1870 3266 2065 3305 manus
2096 3249 2323 3317 Christi,
2366 3251 2420 3304 in
2448 3250 2763 3306 ﬂuminibus
2800 3260 2983 3305 autem
3027 3251 3249 3307 dextera
3293 3250 3436 3321 ejus.

1870 3341 2071 3397 Verum
2099 3342 2145 3395 si
2170 3342 2316 3406 velit,
2345 3358 2492 3397 mare
2518 3344 2746 3399 ellieitur
2769 3342 2971 3399 ﬂumen
3000 3362 3014 3398 :
3048 3352 3102 3399 et
3128 3352 3317 3399 contra
3338 3343 3442 3398 ﬂu-

1871 3450 1991 3487 men
2022 3433 2066 3487 si
2101 3434 2240 3488 alvei
2279 3435 2364 3489 sui
2402 3450 2599 3506 aquam
2633 3436 2885 3500 retine‘at,
2914 3451 3072 3507 aqua:
3113 3435 3252 3492 vivae
3275 3452 3438 3492 mare

1869 3524 2116 3580 eIIieitur.

1941 3788 2031 3842 27.
2078 3784 2201 3853 Ipse
2233 3784 2496 3839 invocabit
2531 3800 2611 3838 me
2644 3799 2664 3837 :
2703 3783 2871 3837 Pater
2909 3801 3053 3838 meus
3091 3802 3146 3839 es
3177 3795 3254 3850 tu,
3299 3786 3441 3843 Deus

1874 3894 2038 3932 meus.
2076 3876 2192 3931 Hoc
2219 3876 2340 3930 loco
2369 3875 2463 3944 qui
2494 3876 2810 3930 incarnatus
2840 3886 2923 3931 est
2950 3892 3046 3947 per
3078 3882 3438 3937 oeconomiam

1874 3970 2044 4025 Deum
2078 3977 2235 4023 vocat
2263 3966 2478 4021 Patrem
2513 3982 2672 4021 suum
2696 3967 2882 4021 dicens
2909 3987 2921 4022 :
2961 3968 3108 4021 Vado
3131 3972 3200 4023 ad
3223 3971 3443 4027 Patrem

1873 4080 2046 4117 meum
2096 4072 2145 4115 et
2191 4060 2410 4114 Patrem
2457 4070 2704 4125 vestrum,
2749 4058 2918 4113 Deum
2968 4076 3138 4113 meum
3187 4071 3237 4116 et
3276 4062 3442 4118 Deum

1872 4164 2102 4209 vestrum
2136 4152 2202 4208 ⁸⁸.
2240 4150 2377 4205 Nam
2424 4153 2686 4221 propheta
2715 4152 2780 4206 de
2813 4152 2907 4208 illo
2937 4153 3198 4221 loquitur,
3225 4171 3347 4209 cum
3377 4156 3445 4211 de

1874 4261 2041 4315 puero
2093 4254 2220 4299 nato
2266 4244 2671 4314 praenuntians,
2734 4246 2903 4299 Deum
2967 4244 3161 4300 fortem
3230 4250 3445 4304 vocavit

1876 4326 2047 4401 illum,
2076 4336 2289 4390 Patrem
2318 4337 2485 4391 futuri
2514 4336 2698 4391 saeculi
2723 4336 2787 4389 “.

258 4432 366 4494 Εἰς
396 4428 503 4481 τὸν
525 4429 712 4482 αἰῶνα
736 4430 983 4498 φυλάξω
1012 4432 1170 4496 αὐτῷ
1202 4434 1268 4485 τὸ
1307 4435 1477 4499 ἔλεός
1517 4453 1636 4503 μου
1678 4437 1763 4487 καὲ

1947 4432 2038 4484 29.
2082 4429 2149 4483 In
2175 4438 2427 4483 aeternum
2457 4429 2670 4483 servabo
2708 4428 2792 4481 illi
2826 4430 3245 4483 misericordiam
3274 4446 3442 4484 meam

180 4520 496 4602 ὄιαθήκηφί
512 4539 651 4588 μου.
681 4521 838 4591 Αὐτῷ
866 4524 961 4591 μὲν
989 4524 1067 4593 τῷ
1099 4526 1478 4577 πεπιστευκότι
1510 4526 1578 4577 δι’
1604 4526 1768 4579 αὑτοῦ

183 4613 302 4683 λαῷ
337 4614 723 4681 φησιν.”Ελεος
754 4615 935 4686 δὲτὴν
972 4617 1058 4669 διὰ
1100 4617 1336 4679 πίστεως
1368 4616 1560 4686 ἄφεσιν
1600 4618 1766 4686 λέγει.

183 4706 466 4776 Διαθήκην
510 4707 567 4759 δὲ
611 4708 707 4776 τὴν
753 4708 878 4760 νέαν
929 4709 1112 4777 φησιν,
1146 4711 1209 4778 ἣν
1252 4710 1345 4761 καὶ
1375 4711 1572 4780 πιστὴν
1608 4707 1767 4775 εἶναι,

182 4798 310 4849 ἀντὶ
344 4796 476 4859 τῶν,
507 4797 719 4867 ἀσφαλῆ
766 4799 858 4850 καὶ
893 4798 1115 4866 βεϐαίαν
1145 4800 1237 4851 καὶ
1271 4801 1553 4869 μένουσαν.
1575 4801 1637 4854 Ἦ
1672 4802 1770 4871 μὲν

181 4888 295 4958 γὰρ
326 4887 518 4958 πρώτη
556 4889 787 4959 διαθήκη
834 4890 1103 4943 πέπαυται
1148 4891 1235 4944 διὰ
1261 4892 1320 4944 τὸ
1349 4892 1518 4962 αὐτῆς
1552 4893 1772 4957 ἀσθενὲς

186 4980 284 5032 καὶ
306 4979 583 5048 ἀνωφελές
604 4996 616 5008 ·
646 4980 797 5033 οὐδὲν
825 4980 934 5051 γὰρ
960 4982 1270 5034 ἐτελείωσεν
1295 4985 1322 5035 ὁ
1348 4984 1530 5053 νόμος.

261 5162 373 5215 Καὶ
403 5160 660 5231 θήσομαι
683 5167 770 5229 εὶς
796 5165 904 5219 τὸν
929 5165 1113 5219 αἰῶνα
1134 5167 1241 5219 τοῦ
1266 5167 1479 5232 αἰῶνος
1502 5167 1568 5220 τὸ
1595 5168 1778 5237 σπέρ-

180 5271 269 5323 μα
291 5254 501 5307 αὑτοῦ.
532 5257 606 5308 Οὐ
642 5256 909 5309 παύσεται
946 5258 1055 5328 γὰρ
1104 5257 1163 5311 τὸ
1206 5258 1544 5329 Χριστιανῶν
1584 5259 1773 5329 ὄνομα,

187 5347 284 5399 καὶ
317 5347 419 5415 τῆς
448 5347 805 5419 εὐαγγελικῆς
843 5349 1096 5421 λατρείας
1146 5352 1178 5421 ἡ
1228 5350 1485 5421 δύναμις·
1522 5352 1776 5422 διηνεκὴς

185 5437 242 5491 δὲ
276 5437 480 5508 μᾶλλον
506 5439 656 5493 ἔσται
686 5441 781 5494 καὶ
808 5441 1205 5513 ἀκατάληκτος.

1874 4532 1923 4575 et
1954 4531 2324 4575 testamentum
2354 4537 2545 4574 meum.
2593 4520 2699 4589 Ipsi
2745 4521 2951 4574 scilicet
2985 4522 3187 4590 popqu
3227 4522 3319 4591 qui
3352 4537 3448 4591 per

1874 4629 1996 4667 eum
2038 4613 2285 4666 credidit.
2312 4612 2742 4665 Misericordiam
2767 4620 2946 4665 autem
2980 4621 3136 4667 vocat
3164 4614 3447 4668 remissio-

1876 4721 1997 4759 nem
2025 4720 2145 4773 quae
2190 4720 2285 4772 per
2330 4704 2486 4757 ﬁdem
2528 4703 2825 4756 obtinetur.
2868 4702 3273 4759 Testamentum
3317 4721 3448 4761 vero

1878 4811 2079 4849 novum
2111 4797 2206 4859 ait,
2236 4796 2379 4864 quod
2412 4795 2567 4848 ﬁdele
2600 4793 2750 4859 dicit,
2783 4795 2988 4850 scilicet
3016 4796 3253 4863 ﬁrmum,
3288 4813 3448 4853 secu—

1878 4904 1998 4942 rum
2030 4897 2083 4941 et
2114 4904 2361 4941 manens.
2389 4886 2521 4940 Nam
2546 4889 2779 4956 primum
2814 4889 2945 4942 illud
2971 4899 3352 4944 testamentum
3379 4892 3449 4945 ob

1878 4979 2250 5032 inﬁrmitatem
2275 4987 2327 5031 et
2354 4978 2702 5032 inutilitatem
2731 4994 2885 5033 suam
2924 4980 3107 5035 desiit.
3129 4981 3276 5034 Nihil
3302 4981 3449 5036 enim

1879 5070 1942 5123 ad
1976 5070 2270 5137 perfectum
2299 5068 2523 5123 deduxit
2544 5070 2649 5123 lex.

1952 5161 2038 5216 '50.
2096 5160 2164 5214 Et
2210 5178 2403 5230 ponam
2450 5162 2505 5214 in
2552 5162 2804 5215 saeculum
2852 5162 3036 5215 swculi
3082 5178 3253 5215 semen
3310 5164 3445 5230 ejus.
3488 5184 3499 5194 ί

1880 5256 2167 5325 Nunquam
2203 5256 2439 5309 cessabit
2481 5256 2624 5309 enim
2663 5254 3102 5309 Christianorum
3144 5269 3364 5319 nomen,
3396 5265 3449 5309 et

1881 5349 2057 5402 virtus
2094 5347 2394 5413 evangelici
2436 5347 2649 5411 cultus;
2691 5347 2803 5403 imo
2846 5346 3027 5416 potius
3061 5353 3320 5415 perpetua
3346 5345 3451 5403 erit

1877 5451 1929 5497 et
1954 5438 2393 5494 interminabilis.

263 5571 503 5631 “Iloan.
530 5592 602 5639 IV,
635 5577 725 5631 24.
766 5577 809 5608 ⁸⁷
841 5577 1001 5633 Joan.
1049 5596 1180 5646 xvn,
1216 5578 1303 5634 I0.
1371 5582 1426 5654 f'
1460 5579 1619 5639 Joan.
1657 5597 1749 5649 xx,
1796 5582 1884 5637 I7.
1962 5582 2006 5613 ⁸³
2045 5579 2146 5636 Isa.
2189 5580 2283 5650 ιχ,ί
2303 5578 2352 5634 6.

262 5687 381 5759 (39)
422 5688 520 5746 l'lic
542 5690 721 5747 deﬁcit
749 5702 1061 5747 contextus.
