3880 6216
405 273 504 328 591

1257 265 1315 322 S.
1355 267 1728 323 ATHANASII
1767 267 1922 324 OPP.
1961 267 2142 323 PARS
2182 266 2269 322 Ill.
2311 297 2382 308 -—-
2417 262 2833 322 EXEGETICA.

3553 269 3658 324 592

479 387 568 454 56,
594 386 683 442 57.
728 373 1086 456 δεῖηέῌᾰιίαυί
1114 385 1169 439 in
1195 394 1378 440 sancto
1407 402 1539 450 meo,
1569 388 1614 439 si
1638 387 1808 441 David
1833 403 1974 440 men-
2003 435 2011 450 η

2149 386 2335 451 Ἀπαξ
2357 385 2564 454 ὤμοσα
2583 385 2653 438 ἐν
2681 383 2762 449 τῷ
2789 383 2937 454 ἁγίῳ
2958 399 3099 452 μου,
3122 386 3176 438 ει
3196 381 3276 450 τῷ
3299 383 3480 438 Δαυΐδ
3509 385 3660 454 ψεύ-

413 483 537 536 tiar.
565 479 752 534 Simile
794 489 876 534 est
915 479 964 533 ei
1004 479 1147 548 quod
1182 480 1290 534 alio
1332 480 1452 534 loco
1493 481 1732 534 dicitur:
1765 479 1980 534 λιιι-αυξτ

2081 479 2508 548 σομαι.”ομοιον
2547 478 2624 547 τῷ
2657 475 2892 548 ἀλλαχοῦ
2941 477 3246 548 εἰρημένῳ·
3283 477 3502 544 Ὠμοσε
3549 475 3666 530 Κύ-

417 572 669 626 Dominus
699 570 868 624 David
899 572 1186 635 veritatem,
1222 579 1270 624 et
1296 587 1396 624 non
1425 571 1856 640 frustrabitur".
1888 570 1982 626 Se-

2104 588 2206 635 ›ιος
2233 569 2313 634 τῷ
2345 568 2525 622 Δαυῒδ
2555 569 2860 634 ἀλήθειαν,
2889 569 2985 622 καὶ
3017 571 3087 622 οὐ
3113 568 3199 637 μὴ
3251 568 3548 636 ἀθετήσει.
3591 568 3662 623 Τὸ

414 681 530 719 men
559 665 669 733 ejus
695 665 748 718 iu
781 673 1032 716 wternum
1056 663 1308 716 manebit.
1343 663 1540 718 Semen
1579 663 1800 718 Davidis
1821 665 1982 717 Chri—

417 765 562 811 stum
585 757 734 817 dicit,
770 755 862 822 qui
903 755 1195 808 secundum
1237 771 1454 808 carnem
1485 771 1550 809 ex
1579 756 1786 810 semine
1813 755 1981 826 Dayid

417 858 578 903 natus
608 857 706 902 cst.
740 845 843 913 Qui
877 856 930 900 et
963 847 1016 900 in
1048 859 1309 900 internum
1355 846 1614 899 manebit.
1657 843 1774 898 Non
1809 854 1986 912 potest

417 941 618 1010 quippe
667 940 780 994 lieri
817 955 941 992 eum
985 939 1077 1008 qui
1111 939 1252 992 Deus
1289 940 1379 999 sit,
1422 947 1476 992 et
1511 953 1634 991 vere
1667 937 1758 990 Dei
1791 936 1982 1002 Filius,

418 1047 524 1086 non
561 1032 712 1085 omni
745 1033 906 1086 modo
929 1047 992 1084 ae
1027 1031 1238 1084 ratione
1275 1039 1536 1084 mternum
1564 1042 1708 1083 esse.

496 1213 584 1268 58.
629 1212 698 1266 Et
740 1213 955 1266 thronus
997 1213 1108 1282 ejus
1148 1213 1283 1264 sicut
1330 1211 1408 1265 sol
1443 1213 1499 1264 iu
1543 1219 1817 1280 conspectu
1853 1225 1985 1264 meo.

2081 663 2318 730 σπέρμα
2359 663 2544 716 αὐτοῦ
2589 665 2676 727 εἰς
2718 663 2826 714 τὸν
2871 661 3056 714 αἰῶνα
3093 661 3281 730 μένει.
3313 663 3544 732 Σπέρμα
3569 662 3663 730 τοῦ

2084 755 2242 806 Δαυΐδ
2271 771 2402 820 φησι
2440 754 2530 805 τὸν
2561 753 2624 806 ἐκ
2661 753 2972 822 σπέρματος
3003 751 3164 806 Δαυῒδ
3191 753 3332 806 κατὰ
3363 755 3542 824 σάρκα
3575 769 3668 822 γε-

2083 846 2412 914 γεννημένον
2435 844 2792 915 Χριστόν.’“ος
2827 846 2920 897 καλ¹
2953 847 3032 908 είς
3063 845 3152 898 τὸν
3186 845 3356 898 αἰῶνα
3391 847 3560 916 μένει.
3591 845 3667 899 Οὐ

2086 937 2193 1007 γάρ
2236 939 2350 989 ἐστι
2390 936 2496 989 τῶν
2535 936 2917 1006 ἐνδεχομένων,
2945 935 3076 988 Θεὸν
3103 936 3230 989 ὄντα
3257 936 3352 989 καὶ
3384 936 3520 988 Θεοῦ
3546 935 3668 989 κατ’

2087 1027 2341 1098 ἀλήθειαν
2371 1028 2516 1106 Tibi),
2549 1027 2621 1098 μὴ
2659 1027 2836 1098 πάντη
2861 1043 2920 1079 τε
2955 1029 3049 1080 καὶ
3076 1029 3294 1081 πάντων
3341 1023 3480 1082 εἶναι
3536 1027 3674 1081 aid»

2087 1137 2220 1171 νιον.

2157 1209 2268 1262 Καὶ
2313 1212 2348 1262 ό
2389 1210 2604 1276 θρόνος
2631 1208 2817 1262 αὐτοῦ
2848 1209 2928 1274 ὡς
2959 1211 2990 1262 ό
3020 1209 3194 1276 ἣλιος
3221 1209 3500 1263 ἐναντίον
3525 1227 3674 1279 μου.

422 1303 701 1358 Thronum
719 1303 916 1358 Christi
951 1303 1186 1370 intellige
1221 1301 1518 1354 Ecclesium
1555 1319 1570 1354 :
1601 1302 1652 1353 in
1683 1301 1768 1353 ilia
1792 1301 1990 1368 quippe

2104 1301 2286 1372 θρόνον
2313 1301 2549 1371 Χριστοῦ
2583 1302 2748 1354 ἐννόει
2793 1301 2890 1372 τὴν
2934 1301 3288 1373 Ἐκκλησίαν·
3323 1303 3680 1356 ὲπαναπαύε-

422 1394 732 1462 requiescit.
767 1392 882 1445 Erit
919 1394 1103 1462 igitur,
1141 1391 1336 1458 inquit,
1373 1391 1606 1444 Ecclesia
1645 1389 1848 1444 Christi
1881 1389 1988 1442 ful-

423 1499 556 1553 gens
583 1491 637 1535 et
669 1481 984 1536 illumiuans
1031 1482 1243 1544 orbem,
1273 1493 1604 1546 manensqne
1635 1477 1688 1530 in
1727 1487 1988 1530 aeternum

423 1574 566 1630 sicut
603 1574 684 1629 sol
721 1583 777 1628 et
807 1574 954 1627 luna.
991 1571 1125 1626 Nam
1170 1573 1372 1626 dictum
1415 1570 1542 1632 illud
1587 1570 1658 1622 ita
1689 1583 1746 1622 se
1777 1568 1940 1621 habet
1974 1585 1986 1621 :

425 1665 495 1720 Et
525 1665 741 1724 thronus
772 1667 884 1734 ejus
911 1667 1044 1718 sicut
1083 1665 1162 1717 sol
1189 1665 1242 1716 in
1285 1671 1558 1732 conspectu
1593 1677 1724 1724 meo,
1767 1668 1816 1713 et
1855 1661 1990 1714 sicut

425 1759 551 1812 luna
576 1759 806 1828 perfecta
827 1761 882 1811 in
913 1767 1184 1821 aeternum,
1212 1765 1260 1809 et
1291 1757 1434 1808 testis
1456 1756 1512 1806 iu
1541 1753 1668 1806 caelo
1697 1751 1891 1821 ﬁdelis.

496 2037 585 2091 59.
629 2036 654 2088 '1
673 2052 705 2087 ιι
737 2049 852 2088 vero
876 2035 1116 2102 repunsti
1136 2041 1184 2084 et
1205 2031 1511 2100 despexisti,
1545 2029 1803 2084 distulisti
1831 2027 1989 2083 Chri-

426 2137 564 2182 stum
591 2137 758 2180 tuum.
800 2125 932 2190 Quae
977 2125 1028 2177 in
1057 2125 1361 2177 veneranda
1409 2137 1572 2176 cruce
1619 2123 1990 2191 contigerunt,

425 2223 567 2277 beati
611 2221 884 2290 propltetre
925 2219 1272 2274 annuntiant.
1321 2215 1514 2270 Dicunt
1556 2217 1740 2284 itaque
1761 2215 1909 2268 Patri
1940 2222 1995 2268 et

430 2311 536 2366 Deo
573 2310 918 2366 :Promisisti
957 2311 1010 2362 in
1049 2317 1310 2362 aeternum
1355 2321 1772 2376 permansurum
1809 2321 1992 2361 semen

427 2404 616 2468 David,
645 2416 698 2459 et
733 2405 987 2458 thronum
1025 2402 1142 2470 ejus
1173 2403 1316 2454 sicut
1347 2401 1515 2454 solem
1539 2408 1592 2454 et
1631 2401 1814 2452 lunam
1851 2399 1996 2452 futu-

425 2512 548 2552 rum
580 2514 594 2550 :
628 2495 720 2550 sed
757 2494 997 2564 repulisti
1037 2503 1084 2546 et
1105 2493 1410 2560 despexisti,
1441 2492 1698 2545 distulisti
1725 2490 1996 2543 Christum

427 2599 595 2644 tuum.
621 2589 754 2643 lllud
783 2599 986 2653 autem,
1016 2588 1256 2656 repulisti
1291 2596 1339 2640 et
1365 2587 1670 2654 despexisti,
1705 2583 1995 2654 signiﬁcat,

427 2681 612 2748 repelli
641 2691 695 2732 et
731 2679 934 2748 despici
965 2677 1304 2732 concessisti.
1335 2675 1518 2744 Neque
1541 2676 1685 2752 enim
1721 2657 1882 2728 Pater
1913 2689 1997 2726 re-

427 2770 564 2840 pulit
591 2779 644 2824 et
667 2770 909 2838 despexit
931 2770 1207 2840 preprium
1235 2766 1432 2820 Filiqu
1461 2783 1475 2830 ;
1499 2767 1592 2820 sed
1619 2765 1790 2820 Judaei
1815 2765 1998 2834 potius

428 2862 559 2918 illud
591 2869 820 2930 egerunt
853 2875 868 2912 :
911 2869 968 2913 at
1004 2859 1302 2914 secundum
1345 2857 1762 2926 permissionem
1813 2855 1908 2910 Dei
1945 2865 2000 2911 et

429 2951 628 3006 Patris.
659 2951 836 3020 Atque
870 2949 1000 3002 illud
1047 2956 1130 3002 est
1177 2947 1316 3016 quod
1371 2947 1570 3000 dicitur
1601 2964 1612 2999 :
1647 2945 1749 3010 Qui
1785 2948 1996 3014 preprio

429 3039 574 3096 Filio
607 3021 710 3094 ηοῖι
748 3027 998 3103 uenercit,
1050 3038 1139 3092 sed
1173 3053 1266 3090 oro
1306 3037 1452 3090 nobis
1487 3037 1710 3090 tradidit
1747 3035 1900 3089 illum
1927 3036 1994 3089 ⁵³.

501 3303 590 3360 ιο.
626 3303 878 3363 Ευενιὶειι
911 3305 1274 3358 testamentum
1297 3303 1430 3356 servi
1459 3303 1557 3355 tui.
1589 3301 1888 3370 Distulisti,
1917 3303 2001 3356 in-

436 3399 576 3466 quit,
622 3397 849 3465 implere
883 3381 1271 3464 promissiones
1299 3410 1420 3463 qua:
1446 3395 1596 3448 illum
1630 3396 1948 3463 spectabant
1980 3412 1994 3448 :

431 3489 636 3543 interea
661 3489 807 3543 enim
837 3490 925 3543 ille
953 3503 1146 3557 passus
1183 3497 1284 3540 est.
1311 3486 1430 3552 Quo
1469 3495 1628 3555 pacto
1669 3495 1850 3541 autem
1878 3487 2002 3542 dis-

430 3583 635 3646 tulerit,
683 3583 755 3635 ita
805 3582 1088 3636 declarat:
1131 3579 1414 3645 Evertisti,
1463 3579 1682 3649 inquit,
1717 3587 2000 3632 testamen-

435 3682 546 3726 tum
569 3673 701 3727 servi
733 3673 827 3725 tui.
874 3671 1214 3726 Promiseras
1269 3671 1415 3724 enim
1458 3686 1584 3724 eum
1639 3671 1693 3723 in
1737 3679 1998 3724 aeternum

434 3779 774 3819 mansurum.
829 3761 897 3817 Et
931 3764 1036 3817 hoc
1068 3764 1243 3832 ipsum
1283 3763 1384 3820 fuit
1424 3769 1805 3817 testamentum
1848 3771 1998 3818 tuum

434 3856 500 3911 de
537 3856 646 3910 illo.
687 3855 886 3910 Verum
931 3853 1104 3910 Judaei
1151 3855 1538 3910 crueiﬁxerunt
1561 3871 1684 3910 eum
1709 3899 1724 3922 ,
1763 3865 1815 3910 et
1845 3871 2002 3925 repu-

435 3955 582 4002 tatus
605 3956 687 4002 est
713 3963 837 4002 cum
871 3949 1119 4002 mortuis.
1159 3946 1367 4004 Passus
1401 3955 1506 4012 est,
1540 3948 1758 4016 inquit,
1797 3957 1852 4002 et
1877 3963 2002 4002 cru-

431 4041 627 4094 citirus
651 4047 754 4093 est.
797 4037 984 4108 Itaque
1029 4040 1259 4094 evertisti
1309 4049 1676 4093 testamentum
1721 4040 1854 4092 servi
1903 4041 1996 4094 tui.

435 4133 744 4203 Profanasti
787 4135 844 4187 in
883 4143 1026 4186 terra
1065 4133 1432 4186 sanctuarium
1491 4131 1628 4199 ejus.
1689 4130 1998 4198 Projecisti,

435 4224 528 4290 ait,
565 4225 618 4278 in
648 4233 848 4278 terram
887 4222 1111 4292 gloriam
1144 4221 1262 4290 ejus
1291 4239 1304 4252 ·
1338 4235 1462 4274 nam
1485 4220 1576 4274 ubi
1604 4220 1750 4273 venit
1776 4219 1841 4272 ad
1870 4235 1996 4289 pas-

437 4316 677 4378 sionem,
731 4315 854 4369 vilis
898 4315 1058 4368 homo
1101 4313 1169 4366 ab
1209 4311 1412 4380 iniquis
1455 4309 1656 4364 Judaeis
1696 4311 2000 4364 aestimatus

435 4417 536 4462 est.
567 4405 670 4460 Sed
706 4421 814 4458 non
849 4403 1109 4457 remansit
1135 4412 1391 4455 mortuus
1417 4441 1434 4466 ,
1465 4400 1556 4469 qui
1589 4399 1729 4452 inter
1757 4409 2000 4453 mortuos
2033 4437 2076 4493 ο

437 4499 573 4552 liber
610 4497 742 4563 fuit,
790 4496 945 4566 juxta
991 4493 1273 4562 PrOphetzc
1307 4506 1496 4546 vocem
1514 4491 1558 4522 δ’
1591 4509 1604 4544 :
1641 4505 1817 4559 neque
1863 4491 2002 4544 infa-

438 4593 603 4646 miam
633 4591 792 4644 ullam
825 4587 1127 4658 conspersit
1165 4587 1265 4656 ipsi
1297 4585 1481 4655 passio
1521 4585 1678 4654 ejus;
1719 4586 1828 4639 imo
1871 4601 1998 4640 vero

438 4683 664 4752 gloriam
703 4682 884 4750 potius
929 4679 1168 4748 accepit,
1225 4679 1354 4747 quia
1391 4677 1686 4746 prostravit
1737 4691 1860 4730 eum
1904 4677 1998 4746 qui

441 4773 722 4841 imperium
758 4771 988 4825 habebat
1033 4771 1223 4825 mortis
1251 4769 1319 4833 ⁵³,
1368 4769 1418 4822 id
1469 4776 1552 4822 est
1601 4767 1902 4831 diabolum,
1947 4777 2002 4822 et

397 4921 400 4924 ἠ
440 4859 680 4922 liberavit
733 4859 1010 4911 hominum
1057 4873 1247 4926 genus.
1304 4857 1576 4912 Caeterum
1617 4873 1682 4911 ea
1713 4873 1834 4926 qua;
1873 4867 2004 4912 tunc

440 4949 753 5004 acciderunt
783 4949 1104 5002 annuntiant
1135 4949 1432 5017 prophetze.

513 5041 599 5094 Μ.
639 5039 951 5115 Destruzisti
981 5055 1154 5092 omnes
1179 5057 1318 5108 sepes
1351 5040 1486 5108 ejus.
1531 5037 1699 5108 Sepes
1731 5049 1784 5093 et
1811 5039 2001 5108 ιπεηεί-

439 5133 526 5187 dia
557 5141 774 5185 sanctos
803 5131 1079 5200 apostolos
1100 5130 1264 5192 dicit,
1295 5132 1388 5199 qui
1413 5171 1428 5196 ,
1457 5132 1548 5185 illo
1585 5131 1846 5185 derelicto
1869 5171 1881 5193 ,
1915 5129 2002 5184 fu-

441 5232 632 5292 gerunt
664 5237 851 5276 omnes
889 5229 1036 5276 metu
1065 5222 1296 5290 perculsi
1328 5223 1393 5286 ⁵⁵,
1423 5238 1488 5278 ac
1519 5231 1804 5292 propterea
1830 5223 1998 5278 dicit:

442 5315 676 5371 Posuisti
701 5315 951 5384 praesidia
977 5314 1090 5384 ejus
1118 5315 1465 5384 formidinem.

515 5495 601 5561 42,
635 5495 721 5548 45.
771 5492 1116 5564 Diripuerunt
1163 5509 1282 5546 eum
1457 5493 1773 5565 Ltetiﬁcasti
1823 5513 1997 5550 omnes

512 5609 561 5641 ⁵⁸
589 5609 731 5664 Psal.
759 5623 945 5672 cxm,
975 5610 1058 5664 il.

515 5699 625 5770 (40)
663 5697 1007 5754 Desideratur
1035 5699 1132 5764 ὡς.
1165 5697 1325 5756 Eutr.

1143 5609 1184 5641 "
1226 5609 1378 5665 Rom.
1410 5627 1526 5679 vut,
1561 5613 1649 5666 5'2.
1725 5615 1771 5646 ⁸²
1812 5613 1954 5670 Psal.
1981 5631 2234 5688 Lxxxrtt,
2270 5621 2322 5676 6.

2087 1407 2177 1446 ται
2229 1392 2336 1463 γὰρ
2361 1393 2518 1463 αὐτῇ.
2549 1393 2744 1445 Ἔσται
2769 1388 2882 1457 οὖν,
2919 1394 3104 1465 φησὶν,
3142 1396 3174 1464 ἡ
3221 1394 3513 1466 Ἐκκλησία
3539 1395 3682 1467 Χρι-

2092 1483 2214 1538 στοῦ
2251 1485 2743 1556 καταστράπτουσα
2775 1485 2869 1537 κα)⁸
2902 1485 3210 1553 φωτίζουσα
3245 1485 3344 1556 τὴν
3391 1485 3482 1539 ὑπ’
3505 1487 3682 1558 οὐρα-

2089 1577 2197 1641 νὸν,
2223 1578 2316 1630 καὶ
2333 1577 2566 1646 μένουσα
2591 1577 2856 1648 διηνεκῶς
2891 1579 3001 1648 (40)
3029 1579 3220 1648 ὁῆλιος
3253 1580 3344 1632 καὶ
3381 1581 3412 1649 ὴ
3451 1579 3676 1651 σελήνη.

2093 1667 2166 1718 Τὸ
2193 1667 2302 1738 γὰρ
2326 1667 2486 1738 ῥητὸν
2507 1666 2661 1719 τοῦτο
2679 1667 2820 1720 οὓτω
2849 1669 3012 1738 φησί’
3044 1669 3154 1723 Καὶ
3180 1673 3214 1723 o'
3243 1672 3456 1737 θρόνος
3485 1669 3682 1724 αὐτοῦ

2021 1741 2063 1795 Β
2091 1758 2172 1824 ὡς
2209 1761 2242 1812 o’
2281 1757 2452 1824 ἣλιος
2480 1759 2758 1810 ἐναντίον
2789 1775 2922 1826 μου,
2956 1760 3051 1812 καὶ
3079 1759 3158 1825 ὡς
3190 1761 3227 1828 ἡ
3269 1760 3504 1827 σελήνη
3535 1777 3681 1814 κατ-

2093 1847 2418 1916 ηρτισμένη
2463 1851 2550 1914 είς
2585 1848 2692 1900 τὸν
2715 1846 2920 1913 αἰῶνα,
2958 1849 3054 1901 καὶ
3081 1853 3114 1901 ὁ
3135 1850 3366 1918 μάρτυς
3391 1850 3462 1902 ἐν
3499 1853 3684 1919 οὐρα-

2093 1937 2178 2003 νῷ
2206 1941 2439 2003 πιστός.

2165 2031 2248 2084 Σὺ
2287 2029 2356 2084 δὲ
2393 2029 2610 2084 ἀπώσω
2641 2031 2740 2084 καὶ
2777 2030 3213 2096 ἐξουδένωσας,
3239 2029 3540 2085 dit-66’de
3571 2030 3686 2084 τὸν

2093 2123 2347 2191 Χριστόν
2374 2135 2510 2175 σου.
2534 2122 2616 2174 Τὰ
2636 2121 3014 2192 συμϐεϐηκότα
3045 2123 3136 2174 ἐπὶ
3167 2121 3246 2190 τῷ
3269 2121 3435 2190 τιμίῳ
3461 2137 3592 2172 σταυ
3603 2119 3685 2192 ρῷ

2095 2215 2144 2266 οἱ
2182 2213 2440 2283 μακάριοι
2487 2213 2760 2283 προφῆται
2796 2229 2947 2281 φασι.
2993 2211 3254 2280 Λέγουσιν
3282 2207 3395 2272 οὖν,
3424 2211 3502 2273 ὡς
3543 2211 3686 2281 πρὸς

2094 2307 2183 2359 τὸν
2213 2305 2430 2375 Πατέρα
2457 2305 2550 2358 καὶ
2573 2304 2725 2358 Θεόψ
2757 2303 3120 2374 Ἐπηγγείλω,
3157 2302 3340 2373 φησὶν,
3373 2303 3456 2355 ὅτι
3485 2303 3570 2365 εἰς
3593 2301 3686 2356 τὸν

2095 2397 2269 2450 αἰῶνα
2299 2397 2448 2466 μένει
2476 2396 2536 2448 τὸ
2563 2395 2784 2467 σπέρμα
2813 2395 2992 2458 Δαυῒδ,
3021 2395 3114 2448 καὶ
3139 2397 3167 2447 ὁ
3197 2394 3385 2466 θρόνος
3411 2393 3582 2446 αὐτοῦ
3607 2393 3688 2459 ὡς

2093 2491 2122 2542 ὁ
2149 2487 2298 2558 ἥλιος
2337 2489 2431 2540 καὶ
2465 2489 2497 2558 ἡ
2542 2487 2772 2558 σελήνη·
2809 2486 2922 2540 ἀλλ’
2946 2485 3166 2540 ἀπώσω
3211 2486 3306 2541 καὶ
3354 2485 3688 2550 ἐξουδένω-

2096 2597 2249 2648 σας’
2287 2580 2585 2634 ἀνεϐάλου
2625 2583 2732 2632 τὸν
2771 2580 3031 2648 Χριστόν
3075 2595 3211 2632 σου.
3248 2578 3320 2631 Τὸ
3348 2579 3426 2641 δὲ,
3459 2577 3686 2631 ἀπώσω

2097 2675 2193 2728 καὶ
2227 2671 2654 2736 ὲξουδένωσας,
2687 2672 2808 2724 ἀντὶ
2843 2670 2960 2735 τοῦ,
2993 2671 3334 2741 ἀπωσθῆναι,
3384 2671 3482 2724 καὶ
3527 2669 3684 2735 ἐξου-

2097 2765 2389 2836 δενωθῆναι
2423 2762 2868 2834 συγκεχώρηκας.
2897 2763 2970 2816 Οὐ
3013 2763 3122 2834 γὰρ
3152 2765 3179 2816 ὁ
3206 2763 3395 2834 Πατὴρ
3423 2762 3687 2816 ἀπώσατο

2097 2859 2192 2911 καὶ
2241 2857 2559 2923 ἐξουδένωσε
2605 2855 2696 2908 τὸν
2746 2856 2876 2908 ἴδιον
2911 2855 3329 2909 Υἱόν·Ἰουδαῖοι
3369 2855 3426 2909 δὲ
3481 2857 3686 2926 μᾶλλον

2095 2947 2255 3002 τοῦτο
2287 2948 2599 3018 πεπράκασι
2623 2964 2638 2978 ·
2675 2947 2811 3015 πλὴν
2843 2949 2984 3000 κατὰ
3033 2946 3376 3018 συγχώρησιν
3419 2948 3513 3001 τοῦ
3543 2947 3684 3001 Θεοῦ

2099 3041 2191 3094 καὶ
2229 3041 2461 3111 Πατρός.
2505 3041 2614 3093 Καὶ
2661 3038 2818 3092 τοῦτό
2859 3042 2978 3092 ἐστι
3015 3040 3077 3093 τὸ
3113 3041 3428 3112 εἰρημένον·
3473 3042 3576 3107 Ὅς
3617 3059 3686 3110 τε

2099 3131 2204 3185 τοῦ
2238 3132 2388 3185 ἰδίου
2443 3130 2580 3184 Υἱοῦ
2627 3131 2739 3184 οὐκ
2782 3129 3096 3199 ἐφείσατο,
3145 3131 3283 3186 ἀλλ’
3305 3131 3458 3199 ὑπὲρ
3512 3130 3688 3200 ἡμῶν

2099 3237 2210 3292 παυς
2218 3223 2440 3278 ἐδωκεν
2473 3225 2681 3278 αὐτόν.

2167 3317 2587 3384 Κατέστρεψας
2617 3313 2731 3384 τὴν
2767 3314 3062 3382 διαθήκην
3106 3313 3214 3368 τοῦ
3266 3313 3492 3369 δούλου
3537 3331 3682 3370 σου.

2111 3407 2410 3481 ’Υπερέθου
2440 3406 2746 3478 πληρῶσαι,
2769 3407 2922 3475 φησὶ,
2949 3405 3050 3468 τὰς
3071 3404 3403 3474 ἐπαγγελίας
3423 3405 3522 3468 τὰς
3551 3409 3688 3477 περὶ

2099 3499 2262 3553 αὑτοῦ
2279 3517 2291 3528 ·
2320 3498 2552 3551 πέπονθε
2571 3497 2679 3568 γὰρ
2707 3495 2930 3568 μεταξύ.
2949 3495 3072 3560 Πῶς
3091 3496 3146 3548 δὲ
3166 3495 3482 3568 ὑπερέθετο,
3501 3497 3684 3566 λέγει·

2097 3589 2521 3658 Κατέστρεψας
2555 3590 2780 3658 φάσκων
2815 3588 2929 3656 τὴν
2975 3587 3267 3656 διαθήκην
3319 3589 3425 3641 τοῦ
3455 3587 3689 3644 δούλου

2099 3694 2235 3733 σου.
2281 3678 2619 3748 Ἐπηγγείλω
2649 3679 2780 3748 γὰρ,
2814 3677 2997 3747 φησὶν,
3031 3677 3112 3729 ὅτι
3143 3678 3222 3740 εἰς
3253 3675 3344 3729 τὸν
3373 3675 3546 3729 αἰῶνα
3583 3679 3686 3748 μὲ-

2099 3784 2212 3822 νει·
2247 3769 2342 3822 καὶ
2379 3767 2515 3839 αὕτη
2551 3768 2774 3837 γέγονεν
2811 3769 2842 3837 ἠ
2889 3766 3037 3837 παρὰ
3073 3766 3167 3819 σοῦ
3205 3769 3334 3836 περὶ
3366 3767 3530 3822 αὐτοῦ
3561 3769 3684 3822 δια-

2077 3859 2260 3936 θήκη.
2329 3859 2466 3912 Ἀλλ’
2498 3858 2854 3930 ἐσταύρωσαν
2886 3857 3046 3910 αὑτὸν
3087 3859 3357 3922 Ἰουδαῖοι,
3407 3859 3502 3910 καὶ
3545 3875 3684 3911 κατ-

2101 3952 2351 4023 ελογίσθη
2383 3951 2520 4022 μετὰ
2537 3953 2764 4022 νεκρῶν.
2786 3951 3024 4004 Πέπονθε
3045 3950 3174 4020 γὰρ,
3199 3951 3353 4020 φησὶ,
3378 3952 3474 4005 καὶ
3497 3954 3692 4004 ἐσταυ-

2103 4044 2248 4116 ρώθη
2269 4063 2282 4074 ·
2306 4044 2500 4097 οὐκοῦν
2531 4042 2942 4112 κατέστρεψας
2963 4043 3076 4110 τὴν
3099 4042 3390 4110 διαθήκην
3415 4041 3524 4096 τοῦ
3546 4043 3686 4097 δού-

2100 4140 2214 4190 λου
2256 4149 2391 4190 σου.
2478 4133 2880 4200 Ἐϐεϐἠλωσας
2911 4137 2998 4200 εἷς
3029 4132 3144 4200 τὴν
3174 4132 3292 4201 γῆν
3321 4133 3384 4186 τὸ
3419 4133 3688 4203 ἀγεάσμα

2101 4228 2305 4281 αὐτοῦ.
2341 4213 2609 4299 Ἐρᾇας
2629 4269 2642 4291 ,
2673 4227 2865 4296 φησὶν,
2899 4229 2979 4289 εἰς
3003 4225 3100 4295 τὴν
3127 4225 3231 4294 γῆν
3263 4226 3364 4294 τὴν
3394 4225 3556 4291 δόξαν
3589 4227 3688 4280 αὖ·

2101 4319 2226 4372 τοῦ·
2265 4319 2340 4381 ὡς
2387 4319 2495 4388 γὰρ
2527 4315 2660 4390 ἧκεν
2705 4319 2786 4380 εἰς
2835 4318 2894 4370 τὸ
2925 4317 3137 4380 παθεῖν,
3191 4316 3344 4386 ψιλὸς
3400 4316 3688 4388 ἄνθρωπος

2103 4409 2358 4481 ἐνομίσθη
2387 4414 2498 4474 τοῖς
2533 4410 2866 4481 παρανόμοις
2907 4410 3198 4472 Ἰουδαίοις.
3253 4407 3392 4460 Ἀλλ’
3421 4409 3482 4460 οὐ
3513 4411 3688 4480 μεμέ-

2106 4519 2236 4572 νηκε
2267 4503 2492 4573 νεκρὸς,
2541 4505 2568 4555 ὁ
2621 4503 2678 4554 ὲν
2707 4506 2918 4572 νεκροῖς
2953 4501 3234 4572 ἐλεύθερος
3264 4499 3408 4554 κατὰ
3449 4500 3550 4571 τὴν
3593 4501 3688 4554 τοῦ

2107 4595 2384 4665 προφήτου
2436 4595 2648 4664 φωνήν·
2683 4593 2806 4646 οὔτε
2861 4593 2968 4664 μὴν
2999 4592 3213 4656 ἀδοξίαν
3246 4592 3366 4644 τινὰ
3396 4593 3686 4666 προσετρί-

2103 4685 2242 4754 ψατο
2273 4685 2332 4736 τὸ
2366 4685 2533 4748 πάθος
2576 4685 2724 4754 αὐτῷ
2747 4725 2760 4748 ,
2797 4684 2910 4738 ἀλλ’
2941 4682 3198 4750 ἐδοξάσθη
3237 4683 3434 4750 μᾶλλον
3471 4683 3561 4736 διὰ
3591 4683 3687 4737 τοῦ

2107 4777 2451 4848 καταργῆσαι
2477 4779 2566 4828 τὸν
2597 4777 2656 4830 τὸ
2681 4779 2876 4848 κράτος
2905 4775 3093 4845 ἔχοντα
3125 4775 3220 4828 τοῦ
3251 4775 3502 4839 θανάτου,
3535 4794 3690 4830 τουτ-

2108 4868 2222 4920 έστι
2277 4867 2368 4921 τὸν
2411 4867 2674 4932 διάϐολον,
2711 4869 2804 4920 καὶ
2843 4867 3213 4936 ¹ἐλευθερῶσαι
3241 4867 3349 4921 τῶν
3381 4867 3688 4940 ἀνθρώπων

2108 4958 2167 5010 τὸ
2191 4957 2363 5025 γένος.
2423 4959 2566 5028 Πλὴν
2606 4959 2672 5012 τὰ
2705 4959 3091 5031 συμϐεϐηκότα
3119 4960 3284 5027 φασὶν
3306 4962 3353 5012 οἱ
3387 4960 3682 5030 προφῆται.

2179 5049 2460 5112 Καθεῖλες
2489 5047 2719 5114 πάντας
2752 5050 2892 5114 τοὺς
2937 5052 3245 5118 φραγμοὺς
3283 5049 3489 5105 αὑτοῦ.
3541 5051 3684 5117 Φρα-

2108 5138 2280 5208 γμοὺς
2311 5139 2473 5191 αὐτοῦ
2507 5139 2602 5192 καὶ
2635 5139 2967 5211 ὀχυρώματα
2989 5143 3113 5205 τοὺς
3137 5143 3328 5210 ἁγίους
3355 5141 3686 5204 ἀποστόλους

2109 5229 2293 5296 φησὶν,
2325 5228 2372 5280 οἳ
2407 5230 2518 5292 καὶ,
2553 5230 2752 5293 πάντες
2782 5231 3009 5300 ἀφέντες
3041 5233 3235 5298 αὑτὸν,
3259 5233 3458 5301 ἔφυγον
3487 5232 3687 5286 δειλιά-

2111 5337 2298 5384 σαντες
2323 5339 2335 5350 ·
2367 5323 2460 5375 καὶ
2482 5323 2570 5376 διὰ
2597 5321 2754 5375 τοῦτό
2780 5341 2942 5395 φησιν
2965 5341 2978 5354 ·
3035 5327 3208 5379 Ἔθου
3231 5325 3304 5379 τὰ
3337 5324 3686 5394 ὀχυρώματα

2109 5413 2294 5466 αὐτοῦ
2319 5413 2565 5468 δειλίαν.

2182 5503 2506 5574 Διήρπαζον
2524 5509 2710 5560 αὐτόν
2739 5546 2748 5556 .
2783 5546 2798 5559 .
2830 5545 2844 5560 .
2875 5547 2888 5560 .
2925 5549 2937 5562 .
2959 5507 3270 5575 Εὔφρονι-ας
3294 5507 3522 5574 πάντας
3544 5505 3684 5575 τοὺς

2401 5623 2446 5654 ⁸³
2491 5620 2653 5676 llclir.
2690 5637 2749 5688 tt,
2784 5623 2870 5676 Η.
2949 5623 2995 5656 ⁵⁸
3025 5623 3215 5678 Matth.
3261 5640 3410 5691 xxvi,
3447 5622 3536 5680 56.
