3880 6216
268 352 382 411 595

1300 362 1658 422 EXPOSITIO
1700 366 1769 422 IN
1803 367 2138 439 PSALMUM
2180 370 2513 429 LXXXVI”.

3424 382 3529 440 εει

268 473 526 543 ἐχθροὺς
561 477 766 531 αὐτοῦ.
826 480 1082 551 Ἔχαιρον
1132 500 1241 554 γαρ
1290 487 1381 539 καὶ
1426 489 1670 543 ὲπέσειον
1709 490 1838 560 αὑτᾷ

1959 493 2198 547 inimicos
2225 496 2360 564 ejus.
2396 495 2716 549 Gaudebant
2766 497 2909 552 enim
2945 508 2999 551 et
3034 501 3321 557 movebant
3349 508 3525 577 capi!)

268 562 373 626 τὰς
400 565 643 633 κεφαλάς
666 607 680 631 ,
711 568 943 638 ὁρῶντες
973 572 1135 625 αὐτὸν
1165 574 1255 626 ἐπὶ
1288 573 1442 639 ξύλου
1487 579 1850 649 κρεμάμενον.

358 656 771 727 Ἀπέστρεψας
810 660 923 728 τὴν
946 663 1256 731 ,βοήθειαν
1286 667 1396 737 τῆς
1420 671 1721 739 ῥομφαίας
1751 675 1856 726 αὺ-

267 747 402 801 τοῦ.
449 751 663 823 Ἐπειδὴ
687 752 872 826 ἀξίους
904 755 1059 820 ὄντας
1093 759 1190 830 τὴν
1221 761 1454 831 ἐσχάτην
1486 764 1640 834 δίκην
1669 766 1850 819 ἀποτῖ-

272 855 369 893 σαι
414 844 538 905 τοὺς
583 844 1005 916 σταυρώσαντας
1035 850 1125 902 τὸν
1178 854 1435 924 μονογενῆ
1468 855 1561 907 τοῦ
1594 856 1724 909 Θεοῦ
1761 859 1855 910 καὶ

269 930 490 1017 Πατρρς
516 934 643 987 Υίὸν
676 938 737 989 οὐ
772 939 1142 1010 τετιμώρηται
1184 948 1556 1017 παραχρῆμα,
1608 950 1693 1004 διὰ
1726 953 1855 1004 πολ-

269 1021 387 1093 λὴν
406 1014 812 1098 ᾦιλανθρωπίαν
842 1034 1028 1103 καιρὸν
1060 1014 1383 1118 μετανοίας
1525 1041 1613 1095 διὰ
1664 1043 1856 1112 βαπτί-

272 1131 499 1186 σματος,
535 1121 628 1173 καὶ
658 1122 843 1185 αὐτοῖς
874 1126 1227 1198 χαριζόμενος
1249 1145 1260 1156 ·
1291 1131 1479 1184 τούτου
1530 1135 1687 1205 χάριν
1718 1137 1854 1188 ἀπο-

272 1210 502 1280 στρέψαι
545 1212 758 1281 λέγεται
794 1214 891 1287 τὴν
924 1217 1175 1290 βοήθειαν
1205 1223 1302 1292 τῆς
1354 1226 1625 1294 ῥομφαίας
1664 1226 1850 1281 αὑτοῦ.

269 1299 348 1350 Τὸ
370 1300 451 1361 δὲ,
484 1301 890 1373 ἀπέστρεψας,
923 1308 1074 1374 ἀντὶ,
1109 1310 1362 1381 ἐπέσχες.

344 1392 697 1461 Κατέλυσας
746 1398 865 1451 ἀπὸ
903 1403 1274 1471 καθαρισμοῦ
1306 1406 1511 1459 αὐτοῦ.
1549 1408 1654 1472 Τὸ,
1712 1426 1851 1462 κατ-

267 1482 521 1549 έλυσας,
540 1486 659 1538 ἀντὶ
688 1489 803 1552 τοῦ,
835 1493 1197 1562 κατήνεγκας.
1220 1496 1579 1567 Κατήνεγκας
1608 1497 1720 1564 οὖν,
1750 1520 1852 1573 φη-

270 1577 391 1639 σὶν,
426 1579 543 1648 ἦτοι
570 1582 987 1651 παρεσκεύασας
1019 1586 1101 1648 εἰς
1130 1586 1191 1638 τὸ
1226 1590 1606 1654 πιστεύεσθαι,
1640 1593 1720 1646 ὅτι
1751 1612 1851 1647 κα-

268 1666 438 1739 θαρός
474 1671 642 1724 ἐστιν.
707 1674 999 1747 Ἐπενοήθη
1032 1677 1138 1751 γὰρ
1163 1675 1301 1733 εἷναι
1338 1685 1572 1754 πονηρὸς
1596 1726 1609 1749 ,
1654 1687 1746 1738 καὶ
1779 1688 1853 1751 ὡς

269 1762 595 1832 ἁμαρτωλὸς
627 1766 925 1837 κατεκρίθη
954 1807 968 1829 ,
1017 1769 1115 1821 καὶ
1146 1770 1215 1823 ἐν
1246 1771 1368 1837 τοῖς
1423 1775 1665 1843 ἀνόμοις
1718 1778 1852 1831 ἐλοο

266 1854 470 1920 τ.’σθη.
504 1852 615 1905 Τὸν
631 1856 848 1921 θρόνον
868 1857 1053 1911 αὐτοῦ
1073 1861 1159 1924 εὶς
1179 1859 1294 1927 τὴν
1313 1860 1431 1929 γῆν
1456 1864 1845 1932 κατέρῤαξας.
1883 1844 1923 1897 Β

279 1943 499 2012 Ἐπειδὴ
534 1946 768 1999 πέπονθε
804 1950 1112 2018 σαρκικῶς,
1162 1952 1256 2004 καὶ
1296 1954 1518 2022 γέγονεν
1547 1959 1604 2009 ὲν
1637 1962 1848 2030 νεκροῖς

264 2035 574 2108 ἐλεύθερος·
608 2038 925 2108 νομίσαντες
952 2044 998 2095 οἱ
1034 2045 1477 2114 σταυρώσαντες.
1532 2049 1613 2101 ὅτι
1646 2068 1848 2104 πεπον-

264 2126 377 2191 θὼς
406 2130 725 2203 συνεστάλη,
750 2132 846 2185 καὶ
877 2134 1152 2188 πέπαυται
1187 2137 1279 2191 τοῦ
1306 2140 1401 2192 καὶ
1420 2140 1559 2205 ὅλως
1584 2137 1723 2196 εἶναι
1753 2146 1847 2197 καὶ

261 2218 627 2289 ὀνομάζεσθαι
646 2240 661 2255 ι
693 2224 781 2277 διὰ
802 2223 959 2276 τοῦτο
990 2226 1089 2290 τὰς
1113 2227 1222 2281 τῶν
1249 2232 1674 2301 σταυρωσάντων
1716 2237 1846 2289 ὑπο-

260 2310 416 2373 νοίας
447 2312 792 2385 διερμηνεύει
825 2316 1033 2387 λέγων’
1096 2320 1209 2373 Τὸν
1256 2324 1474 2391 θρόνον
1522 2327 1711 2381 αὐτοῦ
1759 2332 1846 2394 εἰς

260 2402 381 2470 τὴν
404 2402 524 2473 γῆν
551 2407 939 2476 κατέῤῥαξας.
1284 2418 1295 2429 ⁵

212 2486 217 2491 ’
338 2495 487 2561 Ἕως
511 2499 675 2563 πότε,
704 2502 900 2569 Κύριε,
928 2503 1278 2574 ἀποστρέφῃ
1309 2509 1396 2574 εἰς
1424 2508 1614 2576 τέλος,
1640 2510 1846 2565 ἐκκαυ-

261 2583 513 2651 θήσεται
543 2588 624 2653 ὠς
654 2589 845 2659 πῦρ³ή
878 2592 1022 2661 ὀργή
1054 2609 1204 2658 σου;
1232 2594 1508 2661 Τουτέστι,
1540 2600 1718 2672 Μέχρι
1760 2602 1843 2654 τί-

261 2693 354 2741 νος
388 2677 594 2748 ἰσχύσει
634 2680 704 2733 τὰ
736 2682 842 2734 τῶν
896 2684 1162 2740 Ἰουδαίων
1188 2688 1512 2759 τολμήματα
1534 2730 1548 2751 ,
1581 2694 1843 2745 ἐπισπού-

258 2766 533 2830 δαζόντων
575 2770 674 2840 τὴν
722 2770 816 2824 τοῦ
869 2774 1205 2843 Μονογενοῦς
1258 2779 1351 2830 καὶ
1388 2779 1641 2850 Σωτῆρος
1683 2782 1843 2852 ἡμῶν

261 2856 605 2929 σταύρωσιν;
667 2862 724 2915 '0
752 2862 808 2915 δὲ
839 2863 1164 2936 Σύμμαχοςο
1228 2869 1376 2932 Ἕως
1412 2872 1605 2936 τίνος,
1640 2874 1838 2940 Κύριε,

258 2949 659 3021 ἀποκρυϐήσῃ
683 2956 771 3020 εὶς
797 2955 997 3023 τέλος,
1027 2959 1393 3028 φλεγήσεται
1421 2962 1500 3027 ὡς
1536 2962 1655 3030 πῦρ
1681 2967 1713 3017 ό
1741 2968 1840 3019 θυ-

250 3041 375 3109 μός
406 3057 560 3105 σου;
587 3045 763 3117 Μέχρι
794 3048 938 3112 τίνος
960 3089 974 3109 ,
1011 3051 1165 3120 φησὶ,
1201 3052 1476 3118 Δέσποτα,
1506 3056 1606 3109 οὐκ
1636 3056 1840 3122 ἐθέλεις

262 3131 396 3183 εδεῖν
428 3131 527 3195 τὰς
571 3136 845 3207 ἡμετέρας
870 3139 1060 3203 ὀδύνας
1080 3181 1093 3205 ,
1124 3142 1232 3194 οὐδ’
1268 3144 1527 3216 ὲπιφαίνῃ
1574 3147 1668 3199 καὶ
1695 3146 1838 3211 λύεις
1864 3184 1906 3242 C

255 3224 359 3288 τὰς
388 3228 670 3296 συμφοράς
692 3243 706 3257 ·
730 3229 866 3283 ἀλλά
895 3231 1144 3304 καθάπερ
1168 3232 1280 3305 πῦρ
1302 3235 1402 3307 τὴν
1425 3236 1591 3308 ὀργὴν
1617 3241 1681 3311 τῇ
1708 3242 1837 3311 μνή-

259 3332 340 3387 μῃ
372 3318 649 3390 ἡμετέρων
682 3321 1010 3393 ἁμαρτάδων
1042 3326 1316 3393 ὲκκαίεις;

328 3408 642 3478 Μνήσθητι
687 3414 779 3479 τίς
798 3432 918 3482 μου
965 3417 1004 3484 ἡ
1040 3418 1394 3486 ὑπόστασις.
1474 3422 1589 3474 Ἐπ’
1623 3423 1834 3496 ἀφθαρ-

257 3500 381 3571 σίᾳ,
416 3502 585 3571 φησὶ,
620 3504 709 3557 τὸν
741 3504 1026 3577 ἄνθρωπον
1060 3510 1394 3582 πεποίηκας,
1422 3514 1515 3565 καὶ
1544 3516 1663 3567 κατ’
1694 3515 1836 3568 εἰκό-

253 3609 325 3645 να
354 3592 457 3664 τὴν
488 3593 584 3665 σὴν
622 3595 861 3661 ἔπλασας
889 3599 1049 3653 αὐτόν
1070 3618 1082 3630 ·
1142 3601 1276 3655 ἀλλά
1304 3601 1525 3672 γέγονεν
1564 3605 1669 3658 ὑπὸ
1706 3606 1835 3675 φθο-

256 3682 360 3752 ρὰν
392 3682 452 3747 ἐξ
488 3685 725 3755 ἀπάτης,
751 3688 933 3758 φησίν.
958 3690 1164 3744 Οὐκοῦν
1196 3691 1291 3763 τὴν
1320 3694 1625 3766 ἀφθαρσίαν
1654 3698 1835 3762 ἐπίδος

254 3770 345 3826 ἵνα
375 3772 673 3839 σώζωνται,
701 3776 949 3849 καθάπερ
978 3779 1217 3852 ἐπλάσθη
1253 3782 1312 3836 τὸ
1342 3785 1571 3856 ποίημα.

329 3949 427 4015 Τίς
450 3949 620 4005 ἐστιν
647 3951 955 4021 ἅνθρωπος
980 3956 1047 4022 ὃς
1075 3955 1312 4023 ζήσεται
1343 3963 1438 4016 καὶ
1472 3967 1583 4018 οὐκ
1622 3964 1831 4033 ὄψεται

250 4037 549 4103 mirator;
578 4042 766 4108 Οὐδεὶς
784 4084 798 4107 ,
832 4047 1024 4117 φησὶν,
1056 4047 1176 4101 οὕτε
1197 4049 1426 4105 θανάτου
1444 4056 1707 4125 κρείττων
1736 4075 1829 4125 γε·-

246 4130 493 4200 νήσεται,
516 4132 638 4186 οὔτε
665 4136 769 4207 μὴν
791 4137 859 4190 ἐκ
881 4138 1079 4205 χειρὸς
1101 4140 1249 4206 ᾅδου
1276 4142 1390 4211 τὴν
1412 4147 1624 4214 ψυχὴν
1642 4148 1829 4202 αὐτοῦ

237 4221 516 4287 ῥύσεται,
543 4225 593 4276 εί
622 4224 698 4296 μὴ
728 4227 814 4291 σὺ,
839 4230 1021 4299 φησὶν,
1047 4226 1091 4283 ὦ
1114 4231 1379 4296 Δέσποτα,
1416 4234 1512 4306 τὴν
1536 4237 1829 4292 ἀνάστασιν

244 4311 469 4382 ὲπιδῷς.

312 4406 439 4459 Ποῦ
466 4409 584 4461 εἱσι
613 4407 685 4460 τὰ
727 4408 866 4477 ἐλέη
893 4426 1010 4464 σου
1051 4412 1124 4466 τὰ
1154 4414 1398 4483 ἀρχαῖα,
1429 4417 1645 4485 Κύριε;
1705 4419 1826 4491 Ἀρι

1957 597 2079 649 sua,
2111 584 2354 640 videntes
2382 600 2504 638 eum
2534 586 2586 638 in
2617 586 2763 656 ligno
2802 590 3211 657 pendentem".

2024 676 2116 729 44.
2175 675 2422 730 Avertisti
2468 677 2796 746 adjutorium
2843 680 3011 750 gladii
3060 684 3193 749 eius.
3256 686 3524 751 Quoniam

1955 781 2051 820 eos
2076 768 2167 836 qui
2201 768 2538 837 unigenitum
2572 768 2664 823 Dei
2696 779 2749 823 et
2792 769 2970 827 Patris
3006 772 3201 828 Filium
3240 776 3528 831 cruciﬂxe-

1956 864 2107 920 runt,
2147 867 2391 911 extremo
2427 858 2697 928 supplicio
2727 862 2956 929 dignos,
3009 880 3117 917 non
3159 867 3342 920 statim
3380 869 3527 921 ultus

1955 955 2071 1005 est;
2110 948 2201 1003 sed
2233 964 2327 1017 per
2363 965 2631 1003 summam
2659 952 2996 1007 clementiam
3023 964 3235 1025 tempus
3261 959 3527 1027 paeniten-

1956 1040 2044 1093 tiae
2074 1055 2169 1109 per
2193 1040 2522 1109 baptismum
2548 1043 2693 1097 dedit
2722 1044 2863 1111 illis;
2914 1046 3034 1101 ideo
3081 1047 3213 1102 dicit
3262 1051 3526 1104 avertisse

1955 1132 2283 1199 adiutorium
2311 1134 2472 1203 gladii
2500 1136 2616 1202 ejus
2645 1153 2657 1199 ;
2692 1136 2823 1191 illud
2854 1147 3055 1204 autem,
3088 1142 3347 1206 avertisti,
3380 1144 3527 1197 aeci‘

1956 1226 2098 1294 pitur
2130 1239 2248 1294 pro,
2278 1226 2571 1280 retinuisti.

2025 1402 2115 1457 45.
2150 1402 2477 1457 Destruxisti
2516 1421 2632 1457 eum
2669 1404 2731 1456 ab
2771 1405 3158 1459 emundatione.
3213 1406 3346 1461 Illud
3371 1446 3385 1469 ,
3430 1407 3522 1458 diu

1955 1494 2221 1560 struxisti,
2258 1509 2377 1562 pro,
2411 1494 2676 1564 deiecisti,
2709 1497 2947 1564 positum
2979 1508 3081 1560 est,
3115 1497 3165 1551 id
3197 1504 3300 1563 est,
3342 1501 3521 1567 previ-

1956 1584 2082 1639 disti
2135 1594 2195 1639 ut
2240 1586 2552 1640 crederetur
2596 1602 2786 1655 purus.
2851 1580 2985 1641 Nam
3016 1588 3278 1657 putabant
3316 1590 3519 1642 malum

1954 1691 2095 1740 esse,
2131 1687 2183 1730 et
2215 1676 2371 1746 quasi
2402 1686 2655 1745 peccator
2685 1679 2975 1733 damnatus
3005 1688 3116 1742 est,
3165 1690 3213 1733 et
3261 1682 3396 1734 inter
3420 1683 3522 1734 ini‘

1955 1786 2083 1838 quos
2110 1778 2382 1837 reputatus
2414 1770 2481 1823 ’³.
2517 1768 2784 1823 Turonum
2809 1772 2921 1841 ejus
2942 1772 2997 1824 in
3029 1781 3225 1824 terram
3254 1772 3517 1826 collisisti.

1952 1861 2086 1927 Quia
2117 1862 2409 1915 carnaliter
2436 1877 2632 1931 passus
2660 1872 2762 1921 est.
2799 1872 2851 1916 et
2885 1862 3062 1917 factus
3090 1871 3175 1918 est
3203 1864 3345 1918 inter
3374 1880 3523 1917 mor-

1950 1964 2074 2009 tuos
2104 1953 2259 2017 liber,
2298 1952 2400 2005 rati
2441 1954 2533 2021 qui
2572 1952 2956 2007 crucitixerunt
2994 1968 3154 2018 eum,
3197 1970 3519 2023 oppressum

1952 2041 2122 2098 fuisse
2146 2057 2243 2112 per
2286 2042 2617 2112 passionem,
2673 2059 2736 2098 ac
2764 2044 2988 2098 omnino
3016 2045 3177 2099 tinem
3226 2046 3519 2101 exsistendi

1948 2133 2142 2189 fecisse
2173 2150 2273 2189 nec
2298 2135 2438 2188 ultra
2467 2135 2859 2189 nominandum
2896 2135 3044 2189 fore:
3082 2136 3203 2190 ideo
3225 2135 3516 2207 Pmphcta,

1948 2240 2140 2280 eorum
2186 2225 2277 2295 qui
2312 2226 2703 2280 crucifixerunt
2751 2227 3211 2283 existimationem
3246 2230 3518 2299 interpre«

1949 2322 2091 2369 tatur
2119 2316 2305 2370 dicens
2335 2334 2347 2369 :
2382 2315 2649 2368 leronum
2674 2316 2787 2386 ejus
2814 2317 2867 2370 in
2900 2327 3093 2371 terram
3117 2319 3380 2375 collisisti.

1990 2514 2099 2570 ‘47.
2134 2514 2428 2586 Usquequo,
2462 2512 2714 2580 Domine,
2760 2519 2949 2572 avertis
2977 2521 3034 2572 in
3072 2520 3257 2588 ﬁnem,
3301 2522 3518 2573 exarde-

1943 2616 2051 2661 scet
2094 2609 2231 2661 sicut
2263 2608 2401 2678 ignis
2434 2610 2521 2665 ira
2556 2611 2693 2662 tua?
2752 2609 2809 2664 Id
2836 2619 2938 2674 est,
2975 2608 3270 2681 Usquequo
3296 2610 3514 2667 Judaeu-

1943 2714 2065 2754 rum
2099 2715 2268 2755 ausus
2308 2700 2710 2769 praevalebunt,
2759 2703 2852 2771 qui
2876 2712 3071 2757 curant
3101 2712 3159 2756 ut
3187 2702 3510 2774 Unigenitus

1942 2798 1997 2845 et
2026 2789 2274 2844 Salvator
2296 2799 2480 2845 noster
2502 2792 2887 2861 crucifigatur?
2909 2792 3269 2863 Symmachus
3290 2802 3470 2847 autem
3495 2814 3507 2848 :

1947 2880 2221 2952 Usquequo
2246 2921 2261 2945 ,
2291 2881 2548 2950 Domine,
2592 2883 2925 2937 absconderis
2972 2885 3027 2937 in
3058 2884 3246 2953 ﬁnem,
3293 2885 3513 2939 exarde-

1941 2984 2045 3027 scet
2079 2984 2136 3026 ut
2162 2975 2298 3044 ignis
2326 2976 2478 3043 [uror
2506 2985 2625 3029 tuus
2646 2976 3000 3047 ?Usquequo,
3034 2976 3231 3047 inquit,
3264 2976 3512 3045 Domine,

1942 3080 2050 3121 non
2077 3066 2161 3121 vis
2192 3067 2464 3136 respicere
2509 3067 2727 3124 dolores
2769 3078 3012 3135 nostros,
3068 3084 3244 3139 neque
3284 3085 3513 3141 apparzs

1940 3168 1993 3213 et
2021 3158 2169 3215 eruis
2199 3173 2301 3214 nos
2334 3175 2365 3213 a
2393 3160 2831 3227 calamitatibus;
2877 3162 2972 3216 sed
2997 3162 3153 3231 quasi
3201 3162 3343 3233 ignis
3374 3163 3510 3217 iram

1940 3260 2090 3306 tuam
2132 3267 2226 3320 per
2278 3260 2628 3322 peccatorum
2679 3264 2997 3310 nostrorum
3048 3258 3368 3312 memoriam
3421 3274 3511 3313 ac-

1939 3343 2165 3399 condis?

2005 3433 2094 3488 48.
2145 3433 2438 3490 Memorare
2478 3453 2594 3506 qua:
2630 3455 2744 3491 mea
2772 3438 3093 3497 substantia.
3159 3441 3215 3496 In
3263 3443 3514 3498 incorru‘

1937 3527 2143 3596 ptione,
2190 3528 2388 3598 inquit,
2437 3530 2712 3585 hominem
2759 3530 2976 3599 fecisti,
3015 3542 3070 3589 et
3119 3535 3186 3590 ad
3217 3535 3511 3606 imaginem

1936 3624 2087 3673 tuam
2132 3617 2381 3675 formasti
2427 3635 2592 3684 eum;
2652 3622 2745 3677 sed
2783 3622 2974 3680 fraude
3023 3625 3428 3681 circumventus
3458 3629 3511 3680 in

1937 3711 2343 3781 corruptionem
2381 3712 2602 3767 decidit.
2650 3713 2837 3784 Itaque
2868 3718 2995 3771 dato
3031 3718 3109 3771 illi
3139 3719 3510 3789 incorruptio~

1936 3817 2081 3867 nem,
2116 3812 2177 3857 ut
2212 3804 2441 3857 salutem
2470 3816 2872 3875 consequatur,
2894 3810 2964 3863 -in
2983 3826 3142 3880 quem
3171 3810 3335 3866 finem
3367 3826 3508 3881 opus

1936 3892 2067 3946 illud
2103 3890 2350 3947 effectum
2387 3902 2490 3948 est.

2006 3984 2095 4039 49.
2131 3983 2262 4049 Quis
2285 3995 2359 4039 est
2384 3986 2537 4039 homo
2564 3988 2653 4055 qui
2677 3986 2809 4040 vivet
2825 3996 2872 4040 et
2902 4003 3001 4039 non
3024 3988 3217 4043 videbit
3245 4003 3460 4045 mortem
3484 3996 3511 4048 2

1934 4071 2127 4141 Nemo,
2164 4075 2377 4144 inquit,
2405 4084 2500 4130 aut
2528 4087 2703 4131 morte
2728 4079 2975 4147 superior
3001 4080 3137 4146 erit,
3168 4091 3263 4136 aut
3289 4084 3509 4138 redime:

1934 4166 2169 4220 animam
2191 4183 2341 4220 suam
2369 4168 2432 4221 de
2464 4184 2623 4222 manu
2653 4169 2847 4238 inferi,
2883 4170 2989 4224 nisi
3016 4177 3073 4223 tu
3094 4212 3110 4239 ,
3154 4172 3353 4243 inquit,
3401 4175 3508 4229 Do-

1934 4258 2099 4326 mine,
2133 4262 2592 4317 resurrectionem
2617 4262 2981 4318 concesseris.

2002 4417 2092 4472 50.
2128 4416 2227 4471 Ubi
2253 4427 2374 4471 sunt
2400 4420 2778 4476 misericordiae
2813 4430 2918 4475 tua:
2953 4421 3204 4492 antiquaz,
3235 4421 3458 4478 Domine
3480 4427 3506 4479 7

244 4500 377 4567 χαῖα
404 4497 528 4569 ἐλέη
560 4497 655 4550 τοῦ
684 4499 839 4561 Θεοῦ,
876 4503 1060 4571 φησὶν,
1098 4505 1130 4574 ἡ
1159 4506 1265 4574 πρὸ
1292 4506 1598 4578 καταϐολῆς
1624 4508 1827 4580 κόσμου

1952 4509 2196 4578 lntiquas
2248 4510 2343 4564 Dei
2403 4512 2811 4567 misericordias
2841 4521 3033 4581 vocat,
3095 4516 3501 4571 renovatiouem

242 4588 526 4661 ὡρισμένη
561 4591 641 4653 εἰς
668 4591 972 4662 ἀφθαρσίαν
1004 4597 1464 4667 ἀναστοιχείωσις.

316 4770 632 4846 Μνήσθητι
654 4809 669 4835 ,
702 4771 901 4838 Κύριε,
935 4773 1044 4827 τοῦ
1082 4775 1423 4846 ὀνειδισμοῦ
1450 4776 1568 4831 τῶν
1592 4779 1826 4834 δούλων

241 4878 384 4919 σου.
427 4844 646 4933 Ἐπειδὴ
669 4863 987 4918 ὠνείδισάν
1014 4882 1079 4935 με
1100 4905 1114 4929 ,
1143 4844 1316 4937 Κύριε
1334 4906 1348 4930 ,
1374 4871 1427 4921 οἱ
1453 4870 1652 4939 ἐχθροί
1681 4890 1814 4938 σου,

239 4955 546 5023 φάσκοντες
586 4954 798 5023 ψευδεῖς
839 4952 977 5009 εἶναι
1009 4957 1107 5020 τὰς
1142 4958 1271 5028 περὶ
1314 4958 1448 5029 ἐμοῦ
1489 4965 1602 5027 τοῖς
1651 4962 1826 5017 ἔθνεσι

235 5044 533 5113 δεδομένας
565 5046 928 5113 ἐπαγγελίας*
984 5040 1144 5101 αὗται
1190 5048 1247 5101 δὲ
1285 5044 1424 5121 ἦσαν
1476 5052 1536 5105 τὸ
1584 5055 1820 5124 σωθῆναι

236 5135 401 5199 αὐτὰ,
435 5136 529 5188 καὶ
546 5136 923 5209 ἀπαλλαγῆναι
945 5139 1174 5194 θανάτου
1202 5141 1294 5194 καὶ
1320 5143 1626 5214 ἁμαρτίας·
1670 5148 1824 5203 ὠνεί-

233 5227 392 5281 δισαν
424 5227 482 5279 δὲ
522 5229 831 5300 ἀφορῶντες
864 5230 945 5293 είς
994 5231 1085 5284 τὸν
1140 5230 1368 5286 θάνατον
1401 5231 1491 5287 τὸν
1532 5236 1693 5305 ἐμόν·
1730 5240 1824 5293 καὶ

235 5318 508 5388 ματαίους
550 5319 721 5381 αὐτὰς
752 5316 892 5373 εἶναι
921 5321 1205 5392 ἀπέφηναν
1225 5340 1238 5352 ·
1274 5323 1462 5376 τούτου
1500 5326 1657 5396 χάριν
1687 5330 1821 5381 αἰτῶ

236 5425 321 5461 σοι
348 5409 686 5480 μνησθῆναι·
730 5411 797 5464 τὸ
822 5411 930 5483 γὰρ
998 5412 1388 5483 ἀντάλλαγμα
1432 5416 1536 5470 τοῦ
1562 5419 1819 5485 Χριστοῦ

229 5517 355 5556 σου
380 5502 721 5569 ὠνείδισαν,
754 5501 937 5575 φησίν.
992 5505 1092 5575 Εῐη
1122 5506 1177 5558 δὲ
1204 5504 1264 5558 τὸ
1284 5506 1633 5580 ἀντάλλαγμα
1654 5510 1817 5564 αὐτοῦ

229 5591 264 5643 ὁ
293 5589 527 5655 θάνατος
560 5593 725 5646 αὑτοῦ
759 5595 850 5646 καὶ
885 5594 944 5646 τὸ
967 5589 1134 5660 uiua,
1163 5596 1224 5647 τὸ
1257 5596 1570 5670 ἀντίλυτρον
1603 5600 1819 5674 δεδομέ-

304 5768 352 5799 ⁸⁵
387 5766 577 5823 Matth.
605 5785 784 5833 xxvu,
812 5770 899 5823 59.
972 5772 1018 5803 ⁸⁸
1058 5770 1161 5824 lsa.
1194 5788 1311 5834 Lm,
1341 5774 1424 5827 I2.

555 5866 817 5928 PATROL.
865 5867 983 5928 Gn.
1032 5868 1296 5931 XXVII.

1930 4599 2078 4653 illam
2097 4600 2151 4653 in
2177 4601 2660 4671 incorruptionem,
2681 4614 2805 4657 ante
2834 4603 3024 4658 mundi
3056 4604 3503 4660 constitutionem

1931 4691 2227 4748 deﬁnitam.

2003 4786 2093 4840 51.
2127 4786 2330 4839 Memor
2353 4797 2484 4850 esto,
2517 4786 2756 4852 Domine,
2800 4786 3070 4857 opprobrii
3089 4804 3357 4844 servorum
3386 4804 3505 4845 tuo-

1932 4888 2074 4925 rum.
2121 4872 2260 4938 Quia
2300 4874 2433 4927 mihi
2457 4914 2472 4937 ,
2515 4874 2778 4942 Domine,
2812 4878 3258 4946 exprobrauerunt
3297 4882 3502 4936 inimici

1931 4966 2030 5027 tui,
2060 4964 2302 5021 dicentes
2330 4966 2497 5022 falsas
2535 4982 2657 5022 esse
2684 4970 3079 5038 promissiones
3122 4974 3375 5043 gentibus
3402 4977 3504 5029 da~

1928 5065 2013 5111 tas
2065 5074 2188 5127 qua:
2229 5074 2316 5113 me
2363 5062 2702 5128 spectabant.
2754 5062 2925 5119 Erant
2961 5078 3142 5120 autem
3171 5067 3277 5120 illae
3304 5067 3499 5135 hujus-

1931 5147 2113 5212 modi,
2156 5151 2301 5218 quod
2353 5150 2561 5207 scilicet
2603 5154 2833 5209 salutem
2875 5168 3250 5211 consecutura!
3294 5169 3499 5221 essent,

1926 5245 1982 5292 et
2018 5238 2311 5294 liberanda:
2350 5256 2381 5295 a
2417 5254 2593 5296 mor-te
2617 5252 2671 5297 et
2695 5260 2724 5296 a
2750 5255 2992 5313 peccato.
3021 5247 3502 5315 Exprobraverunt

1929 5336 2107 5383 autem
2135 5369 2150 5394 ,
2186 5341 2416 5387 mortem
2449 5350 2624 5389 meam
2672 5338 3049 5407 respicientes,
3081 5347 3135 5392 et
3158 5352 3326 5391 vanas
3376 5353 3501 5392 esse

1926 5421 2325 5490 promissiones
2356 5424 2476 5481 illas
2516 5427 2883 5483 declararunt.
2945 5427 3071 5483 Ideo
3120 5443 3254 5497 rogo
3300 5439 3389 5493 te,
3438 5440 3499 5483 ut

1926 5528 2138 5567 memor
2157 5514 2263 5579 sis;
2285 5531 2433 5584 nam,
2453 5518 2648 5587 inquit,
2664 5520 3103 5587 exprobrauerunt
3125 5519 3498 5573 commutatio-

1926 5618 2040 5657 nem
2072 5601 2273 5659 Christi
2305 5606 2401 5660 tui.
2453 5608 2816 5662 Commutatio
2865 5617 3044 5662 autem
3077 5609 3231 5679 ejus,
3282 5607 3498 5663 videtur
3584 5628 3591 5635 ο

3012 5872 3088 5933 13
