3880 6216
342 405 461 464 595
1206 393 1261 450 s.
1304 390 1670 448 ATHANASII
1709 387 1860 445 ore.
1904 384 2083 442 rans
2119 383 2205 438 ιιι.
2246 412 2317 426 -
2354 384 2767 441 EXEGETICA.
3499 380 3603 439 396

358 534 481 575 esse
512 530 659 572 mors
687 523 741 569 et
773 511 995 583 sanguis
1026 505 1226 579 ipsius,
1268 508 1361 577 qui
1408 507 1568 562 datus
1601 513 1684 561 est
1712 505 1766 559 in
1797 517 1923 575 pre-

2068 516 2114 550 ιν
2140 497 2239 568 τῆς
2266 497 2360 550 τοῦ
2391 497 2594 568 κόσμου
2621 498 2891 568 σωτηρίας
2911 515 2924 528 ο
2948 496 2975 548 ὃ
3004 500 3099 550 καί
3126 496 3406 550 ὠνείδισαν
3430 535 3447 562 ,
3476 498 3605 551 ὐπο-

360 611 494 664 lium
526 621 626 677 pro
658 604 844 659 mundi
891 602 1084 657 salute.
1130 598 1414 668 Ejusmodi
1459 597 1690 667 pretium
1727 596 1801 650 illi
1828 610 1926 650 ex-

2068 591 2395 663 αμϐάνοντες
2433 591 2593 644 αὐτὸν
2626 590 2995 661 κεκρατῆσθαι
3028 590 3259 661 θανάτῳ.
3336 590 3474 643 Ἀλλ’
3508 592 3608 644 οὐκ

358 700 775 770 probraverunt,
829 691 1087 762 suspicati
1130 706 1255 745 eum
1310 689 1413 744 sub
1455 689 1649 743 mortis
1704 686 1930 757 imperio

2071 683 2325 753 πέμεινεν
2355 683 2384 734 ὁ
2410 683 2467 734 ἐν
2495 684 2706 752 νεκροῖς
2734 681 3015 752 ἐλεύθερος
3034 698 3048 713 ·
3083 681 3284 750 ἀνέστη
3313 680 3371 734 δὲ
3408 682 3609 753 μᾶλλον

359 790 548 845 fuisse.
609 785 712 841 Sed
737 800 847 839 non
880 781 1147 837 remansit
1175 781 1229 835 in
1257 794 1321 834 ea
1355 780 1450 850 qui
1498 787 1582 835 est
1617 778 1758 832 inter
1786 791 1932 830 mor-

2068 776 2344 849 ριήμερος.
2376 774 2467 827 Διὸ
2496 775 2588 828 καὶ
2621 774 3001 845 ἐπισφραγίζει
3022 777 3050 828 ό
3082 774 3293 844 ψαλμὸς
3320 774 3382 826 τό
3402 790 3415 802 ·

362 890 485 935 tuos
515 878 684 941 liber,
723 876 817 930 sed
858 874 1036 943 potius
1078 871 1235 925 tertia
1263 870 1350 924 die
1382 869 1700 925 resurrexit.
1751 864 1932 932 Quare

362 978 536 1024 totum
576 968 829 1036 obsignat
867 963 1135 1034 psalmum
1162 962 1217 1015 in
1249 962 1363 1015 haec
1396 961 1559 1014 verba
1589 956 1928 1013 desinendo:

433 1048 522 1115 55.
577 1057 894 1112 Benedictus
927 1054 1184 1108 Dominus
1230 1054 1285 1106 in
1318 1060 1607 1117 aeternum,
1650 1050 1767 1118 ﬁat,
1812 1049 1931 1118 ﬁat.

362 1150 529 1219 Quasi
554 1150 800 1205 videlicet
826 1149 914 1203 ille
938 1147 1051 1218 jam
1074 1152 1438 1201 resurrexerlt
1467 1152 1519 1199 et
1548 1140 1851 1197 ascenderit
1878 1141 1931 1194 in

365 1242 554 1308 melos,
587 1250 641 1294 et
661 1240 977 1294 benedictus
1006 1238 1204 1300 fuerit,
1239 1236 1291 1290 id
1323 1244 1441 1299 est,
1474 1233 1817 1288 confessione
1845 1246 1936 1286 ce-

368 1334 605 1390 lebratus
634 1332 802 1385 fuerit
835 1332 888 1384 in
919 1329 1115 1383 saecula
1137 1344 1258 1382 cum
1281 1326 1441 1381 Patre
1471 1341 1591 1381 suo.

507 1428 557 1481 1.
604 1425 791 1481 Oratio
826 1424 1024 1493 Moysis
1059 1422 1287 1475 hominis
1320 1419 1438 1473 Dei.
1474 1406 1791 1471 ΕΧΧΧΙΧ.

947 1515 1349 1583 Argumentum.

366 1609 540 1675 Hanc,
584 1608 679 1670 ait,
719 1606 1025 1661 orationem
1068 1604 1124 1658 in
1152 1606 1367 1658 arcanis
1395 1600 1749 1668 descripsisse
1783 1598 1935 1669 Moy-

2104 1047 2449 1117 Εὐλογητὸς
2475 1050 2687 1116 Κύριος
2719 1050 2805 1113 εὶς
2843 1047 2949 1101 τὸν
2977 1049 3160 1101 αἰῶνα
3180 1090 3194 1115 ,
3222 1050 3451 1120 γένοιτο
3469 1093 3483 1115 ,
3512 1052 3613 1123 γέ-

2034 1156 2218 1193 νοιτο.
2268 1139 2355 1201 Ὠς
2379 1137 2706 1201 ἀναστάντος
2736 1138 2837 1209 ἤδη
2872 1140 3036 1191 αὐτοῦ
3068 1141 3160 1193 καὶ
3188 1142 3500 1206 ἀνελθόντος
3535 1146 3619 1206 εἰς

2033 1230 2159 1293 τοὺς
2196 1230 2475 1300 οὐρανοὺς,
2524 1230 2616 1282 καὶ
2646 1229 3062 1299 εὐλογουμένου,
3098 1232 3217 1301 ἦτοι
3264 1232 3619 1302 ἐξομολογου-

2033 1322 2198 1392 μένου
2234 1322 2312 1382 εἰς
2340 1320 2465 1383 τοὺς
2494 1318 2699 1382 αἰῶνας
2734 1320 2871 1390 μετά
2900 1320 2993 1372 τοῦ
3024 1321 3152 1373 ἰδίου
3184 1324 3416 1393 Πατρός.

2070 1408 2387 1478 Προσευχὴ
2418 1409 2715 1475 Μωϋσέως
2739 1409 3053 1478 ἀνθρώπου
3086 1412 3191 1465 τοῦ
3227 1414 3394 1467 Θεοῦ.
3434 1417 3579 1467 116⁸.

2664 1502 2677 1521 ⁹
2692 1503 2773 1554 Υπ
2781 1504 2998 1569 όθεσις.

2034 1593 2253 1664 Ταύτην
2271 1636 2285 1660 ,
2314 1593 2477 1663 φησὶ,
2507 1593 2604 1664 τὴν
2638 1594 2943 1665 προσευχὴν
2978 1596 3035 1646 ἐν
3061 1594 3395 1665 ἀπορρήτοις
3422 1597 3627 1663 ἀναγε-

438 1716 566 1761 sen,
621 1707 679 1753 ut
724 1698 817 1769 qui
870 1695 1334 1765 consequentibus
1382 1694 1719 1763 temporibus
1763 1691 1935 1747 futuri

436 1798 593 1847 erant
637 1796 893 1851 nossent,
938 1787 1215 1856 quomodo
1262 1792 1537 1855 oporteret
1561 1778 1806 1839 conliteri
1839 1784 1933 1838 de-

2107 1684 2353 1756 γραφότα
2382 1683 2473 1736 τὸν
2500 1682 2702 1737 Μωσέα
2748 1684 3113 1755 παραδοῦναι’
3160 1687 3307 1748 ὅπως
3348 1684 3413 1738 ἂν
3444 1685 3624 1755 ἔχοιεν

2108 1776 2158 1827 oi.
2189 1775 2330 1829 κατὰ
2360 1775 2585 1846 καιροὺς
2612 1774 2843 1841 εἰδέναι,
2879 1775 2995 1838 πῶς
3022 1775 3101 1829 δεῖ
3130 1775 3327 1839 αὐτοὺς
3369 1776 3625 1846 ἐξομολο-

436 1882 616 1950 lapsos
643 1879 695 1933 in
728 1878 1087 1941 calamitates,
1116 1891 1238 1946 qum
1264 1876 1397 1946 ipsis
1428 1876 1483 1929 in
1506 1874 1765 1929 extremis
1803 1883 1937 1928 tem-

2100 1866 2315 1936 γείσθαι
2345 1866 2735 1938 περιπεσόντας
2766 1869 2885 1930 ταῖς
2916 1869 3221 1947 συμφοραῖς
3241 1909 3255 1932 ,
3303 1868 3357 1920 αἳ
3389 1869 3618 1937 γεγόνα-

437 1970 662 2040 porihus
711 1966 1065 2029 acciderunt,
1112 1974 1400 2035 postquam
1444 1964 1678 2019 Domino
1722 1964 1940 2019 inobse-

438 2069 665 2131 quentes
699 2058 921 2113 fuerunt
945 2058 1210 2127 illumque
1253 2057 1590 2112 occiderunt.
1641 2055 1713 2110 Ut
1744 2070 1812 2111 ne
1837 2071 1938 2110 au-

437 2165 544 2211 tem
572 2170 666 2225 per
701 2153 962 2222 temporis
992 2151 1406 2207 diuturnitatem
1456 2149 1717 2205 oblivioni
1755 2149 1940 2204 trade-

438 2256 610 2309 retur,
642 2243 876 2300 Psalmis
906 2244 1109 2298 inscrta
1144 2242 1273 2307 fuit,
1304 2242 1495 2310 etjure
1520 2249 1645 2310 post
1668 2240 1939 2309 psalmum

439 2322 831 2408 octogesimum
860 2343 1111 2391 octavum
1142 2334 1236 2404 qui
1266 2333 1581 2403 passionem
1615 2330 1831 2386 Domini
1866 2332 1942 2386 si-

436 2428 682 2499 gniﬁcat.

442 2521 702 2583 Domine,
751 2518 1011 2587 refugium
1058 2516 1231 2585 factus
1286 2530 1339 2568 es
1408 2514 1591 2579 nobis,
1640 2530 1672 2567 a
1730 2530 1943 2583 genera-

374 2613 510 2666 tione
537 2611 593 2664 in
622 2610 1027 2680 generationem.
1062 2605 1475 2675 _lmpioraturus
1504 2605 1599 2659 Dei
1631 2605 1945 2660 misericor-

371 2702 555 2767 diam,
592 2700 714 2769 jure
743 2699 1070 2768 procemium
1096 2697 1247 2751 ducit
1272 2711 1301 2749 a
1344 2695 1626 2750 beneﬁciis
1657 2694 1771 2765 jam
1802 2711 1945 2765 sa'pe

374 2793 475 2847 sin
506 2791 738 2846 collatis.
775 2788 908 2855 Quae
937 2797 1115 2843 autem
1140 2788 1405 2843 beneﬁcia
1434 2790 1785 2858 generatione
1814 2806 1945 2846 con-

374 2884 589 2947 tulerit,
643 2884 923 2937 advertere
962 2882 1086 2935 licet
1128 2897 1191 2936 ex
1234 2881 1302 2935 iis
1330 2897 1451 2950 quae
1491 2882 1595 2937 sub
1636 2881 1942 2949 Pharaone,

373 2990 495 3046 quae
532 2974 635 3028 sui)
668 2972 795 3028 Jesu
819 3014 834 3039 ,
882 2983 934 3027 et
956 2986 1021 3025 ex
1053 2972 1122 3027 iis
1145 2986 1267 3041 quae
1301 2973 1357 3026 in
1386 2971 1666 3044 Babylone
1697 2976 1944 3046 contige-

372 3078 519 3120 nunt.

444 3158 498 3209 2.
536 3155 853 3221 Priusquam
876 3160 1077 3207 montes
1107 3152 1311 3221 ﬁerent,
1354 3161 1403 3206 et
1427 3154 1748 3222 [armaretur
1778 3166 1939 3212 terra.

2114 1976 2195 2011 σιν
2224 1959 2404 2020 αὐτοῖς
2433 1959 2519 2010 ἐπ’
2549 1957 2793 2027 ἐσχάτων
2822 1956 2930 2010 τῶν
2963 1959 3169 2029 χρόνων
3200 1959 3337 2029 μετά
3361 1959 3459 2030 τὴν
3482 1960 3625 2012 κατὰ

2109 2050 2203 2104 τοῦ
2227 2050 2429 2123 Κυρίου
2453 2050 2737 2105 ἀπείθειάν
2758 2067 2817 2102 τε
2842 2051 2936 2103 καὶ
2962 2052 3271 2119 μιαιφονίαν
3298 2053 3622 2124 γενομένην.

2108 2143 2294 2206 Ὅπως
2320 2143 2376 2195 δὲ
2400 2143 2472 2213 μὴ
2503 2143 2641 2216 λήθῃ
2664 2142 2942 2214 παραδοθῇ
2974 2144 3051 2214 τῷ
3078 2143 3274 2215 χρόνῳ,
3300 2145 3624 2201 ἐντέτακται

2113 2238 2170 2289 ἐν
2195 2238 2305 2298 τοῖς
2336 2236 2583 2305 Ψαλμοῖς
2603 2252 2615 2265 ·
2645 2236 2738 2287 καὶ
2769 2236 2994 2299 εἰκότως
3017 2236 3156 2305 μετά
3178 2238 3268 2291 τὸν
3296 2245 3409 2309 πη¹,
3438 2240 3497 2304 ὃς
3530 2243 3630 2294 καὶ

2115 2326 2174 2381 τὸ
2204 2326 2373 2389 πάθος
2399 2326 2493 2379 τοῦ
2520 2327 2725 2398 Κυρίου
2755 2343 2964 2398 καταση
2974 2328 3173 2398 μαίνει.

2116 2500 2323 2567 Κύριε,
2363 2498 2677 2567 καταφυγὴ
2717 2496 3008 2565 ἐγενήθης
3035 2497 3179 2566 ἡμῖν
3200 2498 3271 2550 ἐν
3307 2496 3483 2567 γενεᾷ
3528 2498 3629 2551 καὶ

2042 2588 2237 2658 γενεᾷ.
2264 2588 2485 2641 Μέλλων
2506 2586 2883 2640 ἐπικαλεῖσθαι
2902 2587 2992 2639 τὸν
3014 2588 3145 2640 Θεὸν
3173 2590 3252 2650 εἰς
3286 2588 3459 2651 ἔλεον,
3493 2588 3633 2641 εἰκό-

2045 2698 2151 2744 τως
2183 2679 2241 2744 ἐξ
2276 2674 2348 2734 ὧν
2380 2680 2478 2750 ἤδη
2514 2678 2773 2742 πολλάκις
2808 2679 3142 2749 εὐηργέτησε
3177 2681 3320 2732 ποιεῖ
3353 2679 3415 2731 τὸ
3445 2679 3631 2748 προοί-

2048 2789 2186 2842 μιον.
2222 2771 2344 2834 Πῶς
2373 2771 2431 2823 δὲ
2459 2769 2601 2823 κατὰ
2625 2770 2819 2839 γενεὰν
2858 2771 3213 2841 εὐηργέτησε,
3240 2770 3398 2823 τοῦτο
3423 2770 3521 2822 ἴδοι
3546 2788 3631 2831 τις

2045 2861 2125 2925 είς
2152 2879 2210 2914 τε
2237 2861 2303 2914 τά
2336 2861 2429 2914 ἐττί⁸
2456 2860 2547 2914 τοῦ
2584 2859 2783 2931 Φαραὼ
2814 2860 3124 2930 ἀποϐλέψας
3194 2862 3272 2922 εῖς
3319 2877 3379 2913 τε
3420 2859 3492 2913 τά
3538 2861 3633 2913 ἐπὶ

2056 2952 2252 3023 Ἰησοῦ,
2283 2952 2361 3016 εἷς
2385 2969 2444 3005 τε
2473 2952 2541 3004 τὰ
2573 2953 2664 3005 ἐπὶ
2695 2952 3029 3015 Βαϐυλῶνος.

2115 3150 2237 3219 Πρὸ
2285 3151 2389 3205 τοῦ
2435 3152 2540 3220 ὅρη
2579 3150 2937 3219 γενηθῆναι,
2978 3150 3078 3203 καὶ
3125 3151 3474 3219 πλασθῆναι
3516 3151 3637 3219 τὴν

369 3248 514 3315 Quia
537 3262 755 3302 carnem
784 3244 1000 3300 Domini
1043 3252 1348 3314 spectantes
1369 3285 1384 3311 ,
1420 3260 1633 3300 merum
1661 3246 1939 3303 hominem

2068 3244 2182 3312 ηῆν.
2253 3245 2469 3314 Ἐπειδὴ
2519 3246 2598 3307 εἰς
2635 3245 2732 3314 τὴν
2768 3243 2945 3313 σάρκα
2992 3244 3226 3313 ὁρῶντες
3256 3244 3350 3297 τοῦ
3395 3247 3633 3317 Κυρίου,

374 3355 496 3395 esse
522 3339 799 3408 putabant,
829 3336 1216 3407 dicebantque:
1255 3334 1494 3405 Triginta
1525 3353 1688 3390 annos
1712 3339 1941 3392 nondum

377 3429 532 3483 habes
571 3438 621 3482 et
655 3427 921 3481 Abraham
953 3426 1127 3480 vidisti
1147 3427 1190 3458 ⁵⁷
1218 3427 1240 3479 ?
1279 3425 1345 3479 Et
1374 3427 1478 3481 hoc
1507 3430 1744 3483 maxime
1768 3432 1943 3486 ruina:

374 3533 541 3575 causa
573 3517 675 3572 fuit
700 3519 824 3580 illis,
858 3518 1005 3587 quod
1029 3518 1343 3587 ignorarent
1371 3518 1650 3574 deitatem.
1695 3520 1946 3592 Quapro-

377 3621 497 3682 pter
539 3612 648 3681 jam
682 3609 1002 3665 conﬁtentes
1032 3611 1220 3665 dicunt
1256 3627 1381 3666 cum
1410 3621 1535 3667 ante
1576 3614 1759 3668 omnia
1790 3615 1946 3685 opiﬁ-

380 3705 463 3758 cia
482 3702 628 3757 Patri
658 3703 1007 3759 coexsistere.

446 3882 500 3937 5.
537 3880 620 3936 Ne
646 3889 853 3935 avertas
893 3882 1151 3935 hominem
1181 3884 1234 3936 in
1263 3882 1637 3937 humilitatem.
1688 3883 1773 3944 Ab
1821 3882 1950 3937 hinc

381 3968 744 4025 confessionis
786 3970 1074 4025 exordium
1119 3971 1358 4027 ducitur.
1420 3971 1596 4043 Rogat
1648 3982 1831 4027 autem
1890 3981 1951 4026 ut

381 4060 601 4131 quando
641 4069 828 4131 gentes
858 4075 1048 4115 omnes
1077 4062 1143 4115 ad
1184 4063 1545 4133 cognitionem
1575 4062 1821 4117 veritatis
1853 4078 1951 4117 vo-

380 4154 543 4217 cavit,
578 4153 694 4222 ipse
719 4167 937 4222 quoque
968 4162 1335 4207 convertatur.
1372 4151 1452 4206 Tu
1492 4153 1715 4217 dixisti,
1745 4153 1945 4223 inquit,

384 4243 608 4299 Domine
638 4261 651 4297 :
683 4242 1078 4307 Convertimini,
1112 4242 1213 4309 ﬁlii
1242 4253 1589 4297 convertentes
1612 4284 1627 4309 ,
1666 4252 1717 4297 et
1744 4245 1947 4299 sonabo

381 4335 719 4389 contritiones
749 4344 949 4388 vestras
973 4335 1037 4387 ⁸⁸.
1074 4332 1213 4399 Quia
1245 4334 1409 4403 igitur
1446 4334 1698 4389 conversi
1736 4350 1946 4401 sumus,

381 4443 450 4483 ne
470 4436 754 4483 convertas
780 4442 882 4481 nos
913 4427 968 4481 in
1003 4427 1363 4481 humilitatem
1397 4442 1491 4481 seu
1519 4427 1895 4497 abjectionem.

451 4520 505 4575 4.
538 4520 803 4586 Quoniam
834 4520 978 4573 mille
1006 4520 1131 4573 anni
1154 4528 1274 4573 ante
1305 4519 1483 4573 oculos
1517 4529 1633 4575 tuos
1656 4560 1670 4586 ,
1703 4520 1945 4584 Domine,

381 4620 488 4666 etc.
515 4610 753 4682 Tempus
773 4611 964 4683 legalis
996 4611 1177 4666 cultus
1210 4612 1451 4675 indicat,
1484 4626 1582 4680 per
1621 4611 1779 4681 cujus
1821 4627 1948 4681 spa—

388 4706 521 4758 tium
556 4703 808 4759 absoluto
831 4703 1068 4757 maxime
1102 4703 1303 4771 templo
1336 4702 1538 4757 ﬂoruit.
1576 4702 1621 4755 A
1644 4701 1951 4756 Salomonis

383 4796 529 4848 enim
558 4794 653 4863 qui
682 4795 903 4850 domum
935 4794 1188 4849 excitavit
1223 4802 1466 4861 tempore
1494 4793 1560 4847 ad
1593 4808 1765 4862 usque
1805 4793 1954 4847 obsi-

384 4886 638 4951 dionem,
683 4899 805 4954 quae
853 4893 974 4954 post
1015 4884 1377 4939 venerabilem
1423 4897 1643 4938 crucem
1701 4883 1949 4951 contigit,

386 4985 774 5047 computantur
818 4978 946 5030 anni
993 4976 1157 5030 mille.
1222 4977 1329 5031 Sed
1360 4974 1487 5041 isti,
1538 4974 1746 5043 inquit,
1803 4974 1952 5029 mille

387 5071 539 5134 anni,
572 5077 632 5124 ut
656 5085 762 5123 una
794 5069 911 5124 dies
940 5068 993 5122 in
1019 5076 1309 5137 conspectu
1362 5072 1455 5120 tuo
1490 5065 1797 5135 computari
1825 5080 1957 5135 pos-

388 5170 549 5224 sunt,
608 5161 720 5214 imo
765 5173 896 5213 vero
939 5158 1152 5212 modica
1181 5157 1289 5213 diei
1322 5172 1471 5227 pars.
1534 5154 1727 5209 Merito
1771 5165 1953 5211 autem

386 5253 533 5307 nocti
574 5258 880 5321 comparat,
924 5259 1135 5319 tempus
1168 5249 1479 5318 praecedens
1516 5244 1817 5301 Salvatoris
1860 5246 1957 5299 ad-

386 5352 631 5409 ventum,
654 5343 871 5411 eoquod
908 5342 960 5395 in
988 5341 1224 5397 tenebris
1249 5352 1303 5396 et
1333 5342 1385 5394 in
1418 5336 1741 5394 confusione
1765 5352 1955 5391 omnes

387 5434 637 5487 hemines
669 5442 871 5501 essent,
900 5434 1027 5504 quia
1054 5434 1294 5488 nondum
1326 5432 1459 5502 ipsis
1481 5439 1709 5485 exortus
1730 5438 1848 5482 crat
1870 5429 1953 5483 sol

381 5523 625 5594 justitiae.

458 5784 503 5819 "
544 5785 676 5841 Luc.
711 5802 831 5855 ιτιιι,
867 5787 954 5843 57.
1024 5788 1069 5820 ⁵⁸
1101 5787 1299 5844 Jcrem.
1328 5800 1412 5851 ιιι,
1440 5785 1526 5839 Li.

2044 3339 2196 3408 ψιλὸν
2228 3336 2510 3407 ἄνθρωπον
2542 3336 2789 3405 ἐνόμιζον
2827 3335 3075 3404 λέγοντες
3100 3350 3113 3361 ·
3154 3337 3328 3389 Οὔπω
3352 3352 3634 3403 τριακον-

2045 3424 2257 3493 ταετὴς
2286 3423 2557 3494 γέγονας,
2586 3423 2685 3475 καὶ
2725 3422 2979 3491 Ἀϐραὰμ
3005 3422 3308 3490 ἑώρακας;
3340 3426 3452 3478 Καὶ
3477 3427 3636 3479 τοῦτο

2047 3517 2229 3580 αὐτοῖς
2260 3515 2492 3587 μάλιστα
2535 3516 2705 3568 αἴτιον
2756 3515 2855 3586 τῆς
2909 3512 3234 3578 ἐκπτώσεως
3288 3515 3520 3583 γέγονε,
3574 3520 3637 3571 τὸ

2047 3610 2261 3677 ἀγνοεῖν
2290 3608 2388 3678 τὴν
2410 3607 2656 3678 θεότητα.
2690 3605 2789 3659 Διά
2822 3606 2978 3659 τοῦτο
3008 3605 3103 3659 νῦν
3128 3606 3633 3678 ἐξομολογούμενοι,

2051 3700 2233 3770 σαφῶς
2266 3700 2428 3753 αὐτὸν
2460 3695 2600 3752 εἶναι
2648 3698 2863 3767 λέγουσι
2912 3699 3002 3751 τὸν
3052 3697 3158 3770 πρὸ
3187 3698 3370 3769 πάσης
3400 3700 3639 3763 κτίσεως

2052 3792 2277 3845 συνόντα
2307 3791 2386 3860 τῷ
2425 3791 2622 3862 Πατρί.

2118 3883 2215 3950 Μὴ
2291 3881 2682 3951 ἄρτου-τρέψῃς
2743 3880 3056 3951 ἄνθρωπον
3112 3883 3199 3947 εἱς
3251 3882 3640 3936 ταπείνωσιν.

2063 3973 2337 4028 Ἐντεῦθεν
2369 3976 2402 4044 ἡ
2437 3972 2844 4043 ἐξομολόγησις.
2907 3974 3073 4037 Ἀξιοῖ
3101 3972 3156 4025 δὲ
3208 3973 3301 4041 ἀφ’
3332 3966 3407 4025 ὧν
3457 3974 3643 4027 πάντα

2048 4063 2116 4116 τά
2149 4063 2274 4133 ἔθνη
2309 4064 2389 4127 είς
2422 4064 2716 4132 ἐπίγνωσιν
2747 4064 3005 4134 ἀληθείας
3036 4063 3298 4128 ἐκάλεσε,
3348 4065 3444 4117 καὶ
3475 4066 3642 4129 αὐτὸς

2050 4155 2472 4225 ἐπιστραφῆναι.
2510 4155 2582 4206 Σὺ
2617 4153 2795 4217 εἶπας,
2836 4153 3000 4224 φησὶν
3023 4194 3036 4219 ,
3069 4147 3113 4207 ὦ
3139 4154 3387 4208 Δέσποτα
3407 4171 3421 4185 ο
3487 4156 3644 4208 Ἐπι-

2050 4243 2366 4313 στρέψατε,
2390 4245 2505 4298 υἱοί
2526 4243 3006 4312 ἐπιστρέφοντες,
3026 4244 3123 4297 καί
3145 4244 3385 4315 ἰάσομαι
3408 4247 3479 4301 τὰ
3499 4266 3645 4303 συν-

2050 4338 2337 4407 τρίμματα
2367 4337 2551 4407 ὑμῶν.
2612 4337 2826 4407 Ἐπειδὴ
2859 4338 3038 4390 τοίνυν
3074 4337 3492 4411 ἐπεστρέψαμεν
3514 4380 3528 4405 ,
3566 4342 3642 4412 μὴ

2051 4428 2396 4500 ἁποστρέψῃς
2426 4430 2571 4499 ἡμᾶς
2600 4430 2678 4490 εἰς
2706 4428 3053 4481 ταπείνωσιν.

2128 4520 2256 4572 Ὅτι
2284 4521 2449 4588 χίλια
2476 4520 2579 4587 ἔτη
2608 4521 2677 4573 ἐν
2702 4520 3030 4588 ὀφθαλμοῖς
3062 4536 3178 4574 σου
3199 4562 3213 4585 ,
3253 4522 3453 4589 Κύριε.
3539 4522 3644 4575 Τὸν

2058 4609 2248 4680 καιρὸν
2276 4611 2375 4679 τῆς
2399 4606 2463 4661 ἐν
2486 4610 2633 4679 νόμῳ
2662 4610 2914 4681 λατρείας
2948 4612 3081 4681 φησί
3103 4650 3118 4673 ,
3163 4611 3284 4664 καθ’
3310 4612 3367 4664 ὃν
3405 4612 3646 4683 μάλιστα

2058 4701 2489 4764 ἐπιτελεσθέντος
2534 4700 2628 4753 τοῦ
2665 4701 2806 4754 θείου
2855 4703 2983 4755 ναοῦ
3026 4702 3281 4775 ἤνθησεν.
3360 4703 3495 4756 Ἀπὸ
3533 4704 3645 4775 γὰρ

2058 4791 2403 4861 Σολομῶντος
2431 4792 2522 4843 τοῦ
2551 4792 2641 4845 τὸν
2665 4788 2811 4847 οἷκον
2854 4795 3165 4865 ἐγείραντος
3201 4794 3364 4865 μέχρι
3393 4795 3497 4864 τῆς
3544 4814 3643 4847 πο-

2058 4883 2302 4954 λιορκίας
2328 4884 2424 4953 τῆς
2463 4884 2602 4952 μετά
2629 4885 2721 4937 τὸν
2753 4886 2933 4957 τίμιον
2964 4887 3264 4957 γενομένης
3296 4888 3533 4957 σταυρὸν
3565 4890 3646 4950 εἰς

2057 4973 2213 5025 τοῦτο
2247 4975 2505 5027 συντείνει
2534 4974 2627 5047 ἔτη
2658 4976 2821 5047 χίλια.
2860 4978 3017 5031 Ἀλλά
3042 4979 3236 5043 ταῦτα,
3273 4979 3428 5050 φησι,
3466 4981 3535 5031 τὰ
3563 4980 3647 5048 χί-

2058 5066 2147 5118 λια
2194 5064 2287 5135 ἔτη
2330 5067 2425 5135 μία
2455 5068 2635 5138 ἡμέρα
2668 5068 2941 5140 λογισθείη
2977 5069 3205 5122 ἐνώπιόν
3254 5086 3347 5122 σου
3373 5086 3389 5100 ⁸
3442 5070 3647 5141 μᾶλλον

2065 5158 2161 5229 μὲν
2208 5154 2302 5211 οὖν
2340 5160 2532 5229 μικρὸν
2584 5160 2795 5232 ἡμέρας
2850 5163 3053 5232 μόριον.
3113 5161 3353 5225 Εἰκότως
3396 5161 3455 5214 δὲ
3489 5164 3646 5215 νυκτὶ

2063 5249 2382 5320 παρεικάζει
2409 5250 2499 5303 τὸν
2522 5250 2627 5322 πρὸ
2648 5252 2746 5321 τῆς
2776 5253 3069 5324 ἐπιδημίας
3092 5252 3199 5324 ,τοῦ
3237 5254 3488 5324 Σωτῆρος
3523 5271 3647 5306 και-

2066 5341 2155 5409 ρόν
2175 5358 2186 5370 ’
2215 5339 2307 5392 ἆτε
2337 5340 2411 5403 ὡς
2437 5343 2494 5394 ἐν
2545 5341 2723 5413 ἀωρίᾳ
2755 5344 2849 5396 καί
2880 5345 3137 5415 συγχύσει
3171 5345 3388 5398 πάντων
3420 5344 3642 5414 ἀνθρώ-

2062 5448 2179 5483 πων
2204 5431 2369 5483 ὄντων
2389 5472 2403 5494 ,
2436 5433 2522 5485 διὰ
2553 5434 2613 5487 τὸ
2646 5436 2810 5507 μήπω
2840 5436 3020 5501 αὐτοῖς
3059 5435 3336 5491 ἀνατεῖλαι
3362 5436 3456 5491 τὸν
3492 5436 3645 5506 ἥλιον

2060 5523 2156 5593 τῆς
2182 5522 2544 5596 δικαιοσύνης.
