3880 6216
236 420 329 475 597

1270 423 1631 481 EXPOSlTlO
1670 425 1735 480 IN
1773 427 2100 484 PSALMUM
2140 429 2425 484 LXXXIX.

3381 441 3485 498 598

303 542 377 596 Τὰ
403 539 849 611 ἐξουδενώματα
881 541 1078 597 αὐτῶν
1109 543 1213 613 ἐτη
1246 544 1491 601 ἔσονται
1522 547 1594 601 τὸ
1631 550 1794 616 πρωῑὶ

1977 550 2027 604 5.
2072 551 2204 616 Quae
2248 568 2343 621 pro
2396 551 2563 605 nihilo
2608 550 2889 621 habentur,
2940 569 3120 608 eorum
3164 557 3292 612 anni
3333 570 3485 613 erunt

244 633 378 684 Ὠσεὶ
405 632 736 704 σαφέστερον
765 632 918 703 ἔλεγε
941 652 955 664 ·
1002 636 1083 691 Τὰ
1119 636 1214 706 ἔτη
1249 638 1427 691 αὐτῶν
1446 679 1459 702 ,
1489 639 1598 693 τῶν
1635 641 1805 712 ἀρνη-

234 725 471 794 σαμένων
520 742 581 777 σε
611 724 889 796 δηλονότι,
938 729 996 780 ἐν
1040 727 1380 801 ὲξουθενήσει
1427 731 1578 785 ἔσται
1612 734 1800 805 πολλῇ.

239 818 488 887 Γεγόνασι
513 818 621 891 γὰρ
651 820 937 892 καταπάτη
947 839 1023 892 μα
1051 823 1145 876 καὶ
1174 824 1474 895 ἀνθρώπων
1503 828 1595 880 καὶ⁵
1616 828 1805 899 δαιμό-

231 929 348 976 νων,
384 914 476 966 ἆτε
507 913 598 966 τὸν
622 912 983 986 λυτρούμενον
1012 916 1107 969 καὶ
1144 916 1385 981 σώζοντα
1414 920 1610 985 αὐτοὺς
1635 919 1803 994 ἀρνη-

234 1004 461 1074 σάμενοι.

297 1095 364 1150 Τὸ
393 1095 544 1164 πρωῒ
582 1096 845 1165 ἀνθῆσαι
882 1099 983 1153 καὶ
1019 1101 1321 1169 παρέλθοι.
1367 1107 1523 1173 Πρωι
1578 1107 1676 1177 μὲν
1706 1108 1801 1161 τὸν

230 1188 404 1260 καιρὸν
436 1191 531 1260 τῆς
558 1190 858 1262 γενομένης
888 1194 1072 1257 αὐτοῖς
1103 1195 1424 1264 ἐπιφανείας
1467 1196 1704 1269 Χριστοῦ
1742 1202 1801 1252 ὲν

229 1278 299 1349 τῷ
328 1280 439 1353 ὄρει
460 1282 593 1335 Σινᾶ
619 1286 1107 1356 κατασημαίνουσι.
1137 1289 1340 1357 Χλόην
1370 1289 1426 1342 δὲ
1449 1291 1547 1360 τὴν
1573 1291 1801 1364 νομικὴν

228 1367 464 1441 λατρείαν
489 1373 658 1442 δηλοῖ,
689 1376 784 1429 ἆτε
808 1377 1005 1448 μικρὸν
1028 1377 1257 1449 ὕστερον
1287 1382 1644 1453 μαραίνεσθαι
1675 1386 1801 1456 μέλ-

229 1461 423 1515 λουσαν.
477 1464 545 1515 Τὸ
572 1464 833 1533 ἑσπέρας
878 1468 1177 1523 ἀποπέσοι
1203 1510 1217 1534 ,
1245 1475 1653 1543 σκληρυνθείη
1699 1476 1795 1529 καὶ

228 1550 550 1621 ξηρανθείη.
591 1554 861 1626 Ἑσπέραν
884 1559 1017 1628 φησι
1044 1559 1134 1612 τὸν
1166 1561 1253 1613 ἐπ’
1276 1561 1521 1632 ἐσχάτων
1551 1564 1643 1617 τοῦ
1672 1565 1800 1619 αἰῶ-

226 1658 308 1726 νος
343 1643 529 1714 καιρὸν
552 1685 567 1709 ,
605 1647 725 1698 καθ’
755 1647 813 1700 ὃν
846 1650 940 1701 καὶ
971 1649 1241 1718 ὲπέφανεν
1288 1652 1315 1704 ὀ
1362 1655 1705 1726 Μονογενής·
1740 1658 1800 1710 ἐν

225 1725 265 1798 ᾧ
298 1734 355 1804 δὴ
382 1736 472 1787 καὶ
503 1737 781 1807 παρῆλθεν
811 1740 844 1812 η
877 1741 976 1811 τῆς
1001 1741 1142 1795 κατὰ
1175 1742 1338 1813 νόμον
1363 1744 1615 1817 λατρείας
1642 1747 1801 1821 ἄνθη-

228 1839 320 1890 σις,
350 1826 746 1898 σκληρυνθεῖσα
774 1831 955 1903 ἀπάτῃ
987 1834 1083 1903 τῆς
1113 1835 1413 1900 ἀπειθείας.

1906 655 2076 694 mane.
2114 639 2280 705 Quasi
2330 640 2571 709 apertius
2613 641 2816 697 diceret
2848 660 2862 697 :
2891 642 3037 697 Anni
3079 660 3269 700 eorum
3308 649 3402 717 qui
3435 659 3486 703 te

1904 730 2348 800 abnegaverunt,
2394 733 2451 786 in
2515 741 2884 803 contemptum
2935 750 3190 805 magnum
3242 738 3480 793 venient.

1904 818 2147 875 Fuerunt
2192 822 2336 875 enim
2382 822 2437 876 in
2480 825 2949 881 conculcationem
2988 835 3043 883 et
3071 828 3388 885 hominibus
3429 842 3484 886 et

1904 912 2264 978 daemonibus,
2298 923 2484 983 utpote
2516 916 2610 986 qui
2643 932 2769 971 eum
2799 918 2894 988 qui
2925 919 3075 989 ipsos
3112 922 3405 978 redimeret
3428 934 3482 979 et

1904 1005 2084 1060 salvos
2118 1004 2317 1061 faceret
2351 1008 2756 1079 abnegaverint.

1974 1096 2026 1151 6.
2071 1096 2228 1151 Mane
2252 1098 2440 1166 ﬂoreat
2464 1108 2512 1153 et
2538 1110 2791 1156 transeat.
2818 1101 2922 1157 Per
2955 1119 3164 1169 vocem,
3195 1122 3369 1171 mane,
3402 1107 3479 1162 si-

1903 1188 2163 1257 gniﬁcant
2220 1200 2432 1259 tempus
2487 1208 2595 1261 quo
2651 1193 2901 1262 apparuit
2953 1195 3061 1250 illis
3121 1196 3386 1254 Dominus
3421 1199 3478 1254 in

1903 1286 2089 1333 monte
2112 1279 2264 1333 Sina.
2292 1279 2471 1334 Herba
2494 1291 2674 1335 autem
2700 1282 2971 1351 significat
2990 1285 3474 1366 legalemocultum,

1903 1377 2091 1440 utpote
2141 1372 2233 1440 qui
2292 1372 2437 1427 haud
2485 1373 2654 1428 multo
2705 1382 2827 1443 post
2849 1390 3097 1430 arescere
3124 1377 3335 1443 debeat.
3373 1376 3475 1433 Ve-

1901 1474 2045 1528 spere
2095 1460 2324 1528 decidat,
2365 1463 2577 1517 induret
2618 1474 2669 1518 et
2720 1476 2967 1519 arescat:
2995 1482 3275 1537 vesperam
3320 1482 3477 1525 vocat

1901 1562 2117 1623 tempus
2170 1553 2226 1608 in
2273 1553 2379 1610 ﬁne
2403 1556 2587 1613 saeculi
2616 1556 2886 1623 futurum,
2919 1573 3029 1628 quo
3061 1560 3311 1629 apparuit
3340 1558 3478 1616 Uni-

1899 1643 2113 1712 genitus
2140 1658 2154 1694 :
2184 1644 2239 1697 in
2266 1659 2374 1715 quo
2398 1646 2712 1714 pertransiit
2738 1645 2838 1703 ﬂos
2866 1647 3055 1717 legalis
3087 1648 3287 1715 cultus,
3320 1649 3476 1705 falla-

1900 1736 1983 1790 cia
2014 1735 2441 1807 inobsequentiaa
2472 1737 2777 1794 induratus.

292 1919 405 1970 Ὅτι
452 1920 815 1990 ἐξελίπομεν
994 1898 1071 1993 tif
1104 1926 1251 1997 ὀργῇ
1282 1898 1418 1982 σοι).
1472 1931 1668 2001 Σαφῶς
1699 1931 1794 1996 τὰς

1968 1930 2020 1982 7.
2066 1930 2207 1996 Quia
2227 1932 2513 2003 defecimus
2542 1935 2598 1988 in
2627 1934 2709 1988 ira
2739 1944 2850 1991 tua.
2884 1935 3084 2008 Aperte
3118 1950 3346 1995 narrant
3385 1956 3480 1997 ca-

223 2008 592 2080 ὲπενεχθείσας
637 2015 819 2077 αὐτοῖς
865 2016 1149 2087 συμφορὰς
1192 2018 1281 2071 διὰ
1309 2019 1377 2072 τὰ
1409 2020 1516 2075 ἴδια
1548 2023 1797 2097 ἁμαρτή-

225 2117 356 2169 ματα
380 2102 775 2174 διαγορεύουσι.
807 2108 918 2159 Καὶ
952 2109 1226 2173 Ἰουδαίοις
1250 2112 1453 2176 ταῦτα,
1502 2115 1590 2168 καὶ
1631 2119 1795 2171 πᾶσιν

221 2190 513 2264 ἀνθρώποις
541 2196 800 2266 ἁρμόδια.
830 2198 939 2251 Καὶ
962 2199 1071 2272 γὰρ
1094 2200 1202 2253 τῶν
1225 2202 1527 2274 ἀνθρώπων
1551 2208 1583 2278 ἡ
1611 2208 1793 2279 φύσις,

221 2287 547 2356 παρανομίας
578 2287 798 2341 τίνουσα
826 2290 1000 2355 δίκας,
1023 2292 1304 2365 ύπεόλήΟη
1326 2299 1443 2359 ταῖς
1469 2304 1792 2371 συμφοραῖς,

219 2375 307 2427 καὶ
333 2380 452 2440 ταῖς
486 2379 860 2444 παντοδαπαῖς
892 2382 1281 2455 περικλύζεται
1313 2389 1652 2459 τρικυμίαις.
1686 2394 1796 2447 Καὶ

229 2467 479 2534 Ἰουδαῖοι,
514 2471 609 2524 διὰ
630 2472 726 2543 τὴν
762 2475 1024 2546 πονηρίαν
1056 2477 1156 2547 τῆς
1183 2476 1429 2551 γνώμης,
1459 2481 1560 2553 τῆς
1585 2484 1798 2539 ἐλευθε-

221 2555 333 2624 ρίας
366 2558 647 2622 ἐξέπεσον.
1170 2636 1175 2641 ε

265 2648 453 2712 ,Ἕθου
482 2651 593 2716 τὰς
611 2651 861 2719 ἀνομίας
883 2651 1053 2722 ἡμῶν
1080 2644 1358 2710 ἐναντιον
1384 2674 1519 2714 σου.
1548 2660 1621 2713 Οὐ
1656 2679 1797 2735 παρ-

216 2735 397 2804 ῆλθες,
428 2744 586 2809 φησι,
616 2742 714 2805 τὰς
739 2743 968 2813 ἀνομίας
996 2746 1027 2814 ἡ
1038 2744 1174 2814 μῶν,
1234 2746 1329 2799 ἆτε
1356 2749 1512 2820 ἡμῶν
1540 2752 1796 2805 ἐπικαλε-

220 2829 452 2898 σαμένων
481 2832 656 2897 αὐτὰς
686 2834 767 2896 εἰς
793 2834 892 2898 τὰς
916 2837 1121 2891 ἑαυτῶν
1149 2840 1390 2908 κεφαλὰς
1409 2882 1423 2906 ,
1448 2842 1536 2896 διὰ
1560 2844 1621 2897 τὸ
1643 2846 1796 2917 εἰρη-

217 2918 386 2972 κέναι’
424 2921 494 2975 Τὸ
524 2919 673 2992 αζιια
703 2925 890 2979 αὐτοῦ
916 2927 1007 2996 ἐφ’
1040 2928 1198 2997 ἡμᾶς
1227 2930 1325 2984 καὶ
1352 2931 1452 2985 ἐπὶ
1501 2933 1574 2987 τὰ
1613 2934 1795 2989 τέκνα

216 3011 391 3080 ἡμῶν.
448 3015 508 3068 '0
534 3014 684 3069 αἰὼν
705 3015 873 3085 ἡμῶν
898 3021 985 3085 εὶς
1002 3022 1311 3091 φωτισμὸν
1334 3024 1440 3078 τοῦ
1468 3025 1792 3093 προσώπου

1899 2022 2170 2079 lamitates
2214 2024 2347 2095 ipsis
2388 2026 2459 2080 ob
2503 2027 2721 2096 propria
2760 2039 2981 2096 peccata
3029 2029 3229 2086 illatas.
3261 2030 3330 2086 Et
3359 2031 3477 2089 hinc

1898 2130 2022 2169 cum
2062 2113 2283 2182 Judzeis,
2312 2125 2425 2171 tum
2470 2118 2723 2172 omnibus
2763 2118 3078 2175 hominibus
3118 2122 3470 2179 conveniunt.

1897 2204 2193 2261 Hominum
2249 2210 2450 2278 quippe
2496 2218 2709 2275 natura,
2755 2225 2945 2278 pmnas
2991 2212 3129 2267 dans
3172 2214 3475 2285 iniquitatis

1898 2309 2031 2359 suae,
2064 2296 2470 2352 calamitatibus
2493 2298 2738 2368 subjecta
2765 2307 2849 2355 est
2876 2308 2929 2355 et
2949 2301 3269 2359 decumanis
3293 2304 3474 2362 ﬂucti-

1897 2387 2000 2442 bus
2031 2386 2382 2459 demergitur.
2413 2388 2583 2444 Judaei
2614 2404 2738 2446 vero
2783 2392 2854 2446 ob
2900 2394 3098 2449 mentis
3131 2396 3472 2459 malitiam,a

1898 2475 2145 2531 libertate
2176 2478 2315 2546 lapsi
2341 2487 2490 2533 sunt.

1966 2674 2020 2728 8.
2062 2672 2300 2731 Posuisti
2348 2679 2654 2749 iniquitates
2710 2693 2919 2739 nostras
2968 2686 3023 2740 in
3050 2697 3327 2758 conspectu
3359 2699 3472 2748 tuo.

1895 2760 2012 2819 Non
2067 2769 2506 2839 praetermisisti,
2558 2772 2776 2844 inquit,
2837 2776 3155 2848 iniquitates
3209 2789 3471 2846 nostras,

1896 2855 2095 2926 quippe
2121 2874 2245 2913 cum
2283 2876 2383 2916 nos
2427 2863 2528 2932 ipsi
2558 2879 2653 2919 eas
2680 2866 2733 2920 in
2761 2867 2936 2938 capita
2963 2878 3152 2925 nostra
3180 2886 3473 2929 revocave-

1894 2945 2089 3011 rimus,
2126 2949 2253 3018 quia
2289 2950 2569 3009 diximus:
2600 2953 2827 3027 Sanguis
2854 2958 2966 3027 ejus
2993 2976 3147 3030 super
3180 2978 3273 3015 nos
3300 2974 3350 3017 et
3382 2980 3473 3019 su-

1893 3052 1986 3105 per
2032 3037 2174 3107 ﬁlios
2216 3044 2499 3098 nostros".
2535 3043 2802 3100 Saeculum
2834 3062 3071 3104 nostrum
3108 3052 3163 3105 in
3194 3052 3471 3108 illumina-

215 3114 339 3159 σου.
417 3107 565 3160 Ὠσελ⁵
612 3107 830 3176 ἔλεγεν·
876 3111 933 3164 Ὁ
967 3110 1082 3181 βίος
1111 3112 1270 3184 ἡμῶν
1317 3115 1410 3169 καὶ
1444 3118 1499 3170 αί
1554 3120 1611 3171 ὲν
1645 3118 1794 3190 αὐτῷ

1901 3128 2034 3183 tione
2064 3131 2239 3185 vultus
2277 3134 2375 3187 tui.
2405 3133 2484 3189 Ac
2516 3135 2560 3190 si
2592 3137 2797 3193 diceret
2830 3157 2844 3193 :
2871 3136 2994 3195 Vita
3031 3148 3219 3197 nostra
3255 3150 3311 3198 et
3348 3143 3469 3212 ejus

215 3198 428 3270 πράξεις
455 3202 694 3273 πονηραὶ
723 3203 997 3273 φαίνονται
1036 3205 1114 3277 τῷ
1138 3206 1417 3279 προσώπῳ
1447 3226 1562 3265 σου.
1630 3212 1794 3265 Οὐδὲν

1901 3223 2245 3288 onera,mala
2278 3224 2531 3280 videntur
2559 3228 2616 3281 in
2649 3240 2942 3299 conspectu
2964 3240 3081 3287 tuo.
3096 3231 3246 3289 Nihil
3267 3198 3470 3307 quippe

215 3291 313 3364 γὰρ
351 3294 627 3366 ἠγνόησας
649 3297 753 3349 τῶν
794 3297 851 3349 ὲν
879 3298 1008 3368 ἡμῖν
1045 3300 1449 3371 πεπραγμένων
1492 3302 1586 3355 ἀπ’
1614 3304 1789 3377 ἀρχῆς

1901 3309 2113 3380 ignoras
2160 3328 2349 3369 eorum
2385 3332 2507 3386 quae
2552 3318 2607 3371 in
2657 3319 2817 3376 nobis
2862 3331 2981 3378 acta
3033 3336 3163 3380 sunt
3201 3325 3271 3381 ab
3310 3326 3469 3383 initio

219 3381 367 3454 μέχρι
396 3384 609 3447 τέλους.

282 3474 402 3527 Ὅτι
431 3474 626 3529 πᾶσαι
654 3478 713 3528 al
734 3475 947 3544 ἡμέραι
975 3476 1143 3546 ήμῶν
1167 3477 1471 3545 ἐξέλιπον,
1490 3480 1587 3535 καὶ
1619 3482 1688 3535 ἐν
1716 3481 1793 3552 τῇ

217 3563 350 3633 ὀργῇ
393 3582 508 3619 σου
548 3566 928 3637 ἑξελίπομεν.
991 3569 1053 3621 Ἠ
1079 3569 1321 3641 ἁμαρτία
1340 3613 1354 3637 ,
1381 3573 1512 3643 φησι
1531 3611 1545 3637 ,
1571 3572 1667 3645 τὴν
1695 3573 1793 3645 σὴν

216 3654 370 3726 ὀργὴν
402 3658 627 3730 ἐκίνησε
675 3660 797 3711 καθ’
828 3660 985 3730 ἡμῶν
1010 3677 1023 3691 ”
1072 3662 1105 3731 ἡ
1138 3662 1193 3714 δὲ
1222 3661 1358 3733 ὀργὴ
1400 3662 1498 3735 τὴν
1525 3664 1792 3739 τιμωρίαν

217 3747 479 3819 ἐπήγαγεν
506 3768 519 3781 ’
560 3754 595 3819 ἡ
621 3751 677 3804 δὲ
699 3753 938 3824 τιμωρία
963 3753 1060 3817 τὰς
1085 3754 1273 3818 ὀδύνας
1314 3756 1636 3827 ἐπήνεγκεν.
1703 3759 1792 3813 Ἐν

216 3837 410 3906 ὀδύναις
438 3848 548 3914 γὰρ
586 3831 679 3895 τὸν
712 3843 889 3912 ὀλίγον
920 3845 1076 3916 ἡμῶν
1113 3846 1490 3918 διετελέσαμεν
1526 3848 1660 3919 βίον.
1716 3852 1794 3905 Τὰ

214 3931 307 3995 ἐτη
340 3933 506 4003 ἡμῶν
539 3935 685 3988 ὡσεὶ
714 3934 947 4004 ἀράχνῃ
981 3937 1296 4005 ἐμελέτων.
1358 3939 1522 3992 Οὐδὲν
1554 3940 1789 4010 βέϐαιον,

217 4025 386 4093 φησιν,
412 4026 533 4078 οὐδὲ
562 4028 829 4098 στατηρὸν
853 4030 886 4098 ἡ
921 4028 1233 4101 ἀνθρωπεία
1261 4031 1419 4100 φύσις
1452 4032 1563 4103 ἔχει
1581 4050 1595 4064 ο
1638 4033 1792 4106 δίκην

216 4115 446 4188 ἀράχνης
475 4118 775 4172 διασπᾶται
816 4121 1037 4191 ῥᾳδίως.

280 4209 346 4261 Δί
370 4207 581 4276 ἡμέραι
603 4207 722 4261 τῶν
748 4208 898 4261 ἑτῶν
918 4210 1088 4279 ἡμῶν
1110 4212 1179 4264 ἑν
1200 4211 1405 4279 αὐτοῖς
1435 4212 1793 4282 ἐϐδομήκον-

215 4311 281 4348 τα
303 4297 425 4368 ἔτη.
494 4302 681 4353 Ἔοικε
716 4300 889 4355 ταῦτα
912 4304 1025 4366 τοῖς
1057 4303 1161 4355 ὑπὸ
1187 4302 1281 4356 τοῦ
1311 4305 1650 4376 πατριάρχου
1685 4307 1789 4359 Ἰα-

217 4385 322 4439 κὼϐ
358 4392 669 4462 εἰρημένοις
690 4409 703 4422 ·
740 4395 811 4446 Αἱ
838 4392 1051 4462 ἡμέραι
1071 4411 1192 4462 μου
1219 4395 1423 4463 μικραὶ
1473 4395 1574 4449 καὶ
1605 4414 1793 4467 πονη-

211 4479 303 4547 ραὶ
319 4484 425 4536 οὐκ
444 4484 721 4552 ἔφθασαν
741 4487 827 4551 εἰς
848 4484 954 4550 τὰς
979 4483 1203 4553 ἡμέρας
1222 4485 1341 4539 τῶν
1361 4486 1631 4555 πατέρων
1646 4506 1787 4557 μου.

217 4567 328 4621 Εἰσὶ
357 4571 452 4640 μὲν
478 4568 572 4625 οὗν
598 4574 647 4625 οἳ
680 4574 775 4626 καὶ
809 4573 1028 4627 πλείονα
1056 4572 1152 4626 τοῦ
1198 4574 1487 4645 εἰρημένου
1521 4576 1789 4631 διαϐιοῦσι
1821 4595 1867 4651 D

218 4660 420 4727 χρόνονο
449 4663 566 4716 ἀλλ’
596 4666 771 4717 ἐκεῖνο
798 4666 885 4717 ἐπ’
923 4665 1119 4734 ὀλίγων
1149 4666 1452 4737 συμϐαίνει.
1488 4666 1562 4721 Τὸ
1589 4668 1645 4720 δὲ
1672 4686 1789 4721 κοι-

217 4751 298 4804 νὸν
322 4754 414 4807 καὶ
438 4755 513 4820 ὡς
539 4757 632 4808 ἐπὶ
656 4757 765 4809 τῶν
793 4757 1061 4812 πλείστων
1108 4757 1343 4828 κρατοῦν
1384 4758 1616 4813 ἐνταῦθα
1648 4760 1791 4814 διδά-

220 4858 347 4899 σκει.
387 4847 595 4919 Ὥσπερ
617 4849 727 4920 γὰρ
745 4849 855 4902 τῶν
881 4850 1129 4921 πρόωρον
1153 4850 1456 4921 δεχομένων
1488 4850 1585 4923 τὴν
1608 4852 1792 4905 τελευ-

218 4934 306 5006 τὴν
328 4940 424 4993 οὐκ
450 4942 745 5013 ἐποιήσατο
767 4944 989 5014 μνήμην
1006 4981 1021 5007 ,
1052 4943 1195 4996 οὕτω
1224 4960 1332 4995 των
1356 4942 1561 5015 σφόδρα
1602 4962 1663 5013 γε
1673 4945 1792 5015 ρόν-

218 5044 315 5081 των
336 5032 411 5103 τῷ
440 5035 724 5106 μακροϐίῳ
751 5035 1163 5089 καταλέλοιπεν.
1234 5033 1369 5088 Ἀλλ’
1397 5036 1546 5103 ὅμως
1567 5076 1581 5100 ,
1632 5037 1785 5106 φησι,

220 5122 305 5174 καὶ
329 5124 355 5176 ὁ
384 5124 585 5197 βραχὺς
613 5121 768 5191 οὗτος
811 5129 1003 5199 χρόνος
1042 5127 1236 5201 ὀδύνης
1274 5128 1369 5183 καὶ
1412 5128 1589 5182 πόνων
1618 5129 1791 5200 ἐμπέ-

222 5215 462 5287 πλησται.
502 5221 627 5273 Ὅτι
663 5220 891 5289 ἐπῆλθε
926 5222 1190 5289 πραότης
1214 5221 1306 5289 ἐφ’
1328 5218 1505 5287 ἡμᾶς,
1535 5219 1633 5272 καὶ
1661 5235 1793 5273 παι-

220 5306 631 5381 δευθησόμεθα.
678 5314 896 5386 Ἐπειδὴ
925 5314 1116 5385 νεκρός
1140 5331 1224 5377 τις
1251 5313 1345 5366 καὶ
1376 5310 1597 5382 εὐτελὴς
1619 5313 1646 5364 6
1678 5311 1790 5382 βίος

220 5397 385 5467 ἡμῶν,
416 5402 508 5455 καὶ
536 5406 598 5456 οὐ
624 5403 966 5475 γινώσκομεν
988 5405 1042 5457 τί
1079 5404 1231 5457 ἔσται
1270 5405 1402 5473 ἡμῖν
1442 5400 1579 5472 μετὰ
1616 5402 1791 5457 ταῦτα

223 5488 321 5544 ἀπὸ
346 5493 435 5546 τοῦ
469 5497 702 5568 κράτους
744 5513 870 5550 σουο
930 5496 1118 5550 τούτου
1155 5496 1316 5567 χάριν
1372 5493 1597 5564 πράως,
1634 5495 1788 5565 φησὶ,

226 5581 496 5643 παίδευσον
521 5591 690 5660 ἡμᾶς.
722 5590 797 5643 Τὸ
820 5590 950 5661 γὰρ,
985 5590 1253 5657 ἐπῆλθεν
1270 5628 1285 5652 ,
1312 5586 1440 5640 ἀντὶ
1478 5585 1571 5640 τοῦ
1596 5626 1612 5651 ,
1640 5587 1792 5641 ὲπέλ-

292 5858 337 5891 ⁸⁸
373 5861 554 5923 Matth.
587 5882 759 5934 xxvn,
784 5868 876 5923 25.
927 5868 1011 5945 _‘°7
1040 5868 1175 5924 Gen.
1212 5883 1378 5939 nvu,
1416 5868 1465 5924 9.

1895 3419 2071 3473 usque
2095 3406 2163 3460 ad
2192 3406 2379 3462 tinem.

1964 3496 2018 3551 9.
2062 3497 2327 3565 Quoniam
2349 3517 2523 3554 omnes
2550 3501 2659 3555 dies
2683 3507 2853 3557 nostri
2884 3504 3209 3575 defecerunt.
3236 3518 3288 3562 et
3307 3511 3362 3564 in
3385 3511 3470 3565 ira

1896 3596 1988 3644 tua
2012 3590 2319 3660 defecimus.
2353 3591 2665 3661 Peccatum,
2700 3594 2899 3665 inquit,
2936 3597 3072 3653 iram
3104 3609 3254 3656 tuam
3278 3602 3472 3657 adver-

1893 3695 2014 3735 sum
2065 3697 2167 3738 nos
2220 3684 2548 3751 concitavit;
2593 3685 2674 3739 ira
2717 3701 2847 3741 vero
2894 3690 3218 3759 supplicium
3252 3694 3467 3763 intulit;

1894 3772 2220 3843 supplicium
2280 3775 2498 3829 dolores
2546 3776 2780 3830 induxit.
2816 3778 2876 3830 In
2930 3778 3215 3836 doloribus
3267 3785 3468 3855 quippe

1893 3864 2168 3919 modicum
2207 3865 2332 3920 vitae
2380 3874 2584 3921 nostrae
2632 3875 2843 3936 tempus
2893 3873 3281 3943 transegimus.
3325 3876 3470 3932 Anni

1894 3955 2059 4009 nostri
2093 3956 2231 4010 sicut
2256 3972 2450 4010 aranea
2480 3958 2892 4014 meditabantur.
2924 3958 3071 4015 Nihil
3102 3962 3345 4028 ﬁrmum.
3380 3966 3472 4023 in-

1891 4048 2030 4118 quit,
2063 4048 2199 4103 nihil
2227 4049 2420 4105 stabile
2446 4060 2654 4104 naturaa
2679 4060 2879 4106 nostra:
2908 4053 3051 4109 inest
3083 4072 3098 4109 :
3134 4055 3309 4112 instar
3344 4073 3471 4115 ara-

1892 4154 2008 4193 neae
2037 4140 2193 4195 facile
2221 4140 2564 4211 discerpitur.

1962 4233 2048 4286 10.
2090 4232 2215 4287 Dies
2261 4250 2520 4289 annorum
2564 4240 2862 4290 nostrorum
2888 4239 2946 4291 in
2973 4238 3102 4309 ipsis
3137 4243 3469 4312 septuaginta

1893 4327 2042 4391 anni,
2073 4333 2179 4380 etc.
2213 4324 2405 4381 Isthaac
2433 4326 2633 4381 similia
2668 4336 2797 4383 sunt
2832 4326 2900 4384 iis
2921 4344 3043 4398 quae
3065 4328 3203 4385 dixit
3236 4335 3469 4402 patriar-

1892 4415 1995 4470 cha
2027 4414 2194 4470 Jacob
2224 4436 2237 4469 :
2271 4415 2398 4471 Dies
2432 4418 2532 4471 mei
2555 4419 2711 4486 pauci
2740 4428 2787 4471 et
2820 4419 2970 4485 mali,
3009 4437 3111 4475 non
3131 4435 3468 4491 pervenerunt

1892 4504 1961 4557 ad
1998 4506 2109 4559 dies
2154 4517 2368 4575 patrum
2413 4508 2728 4562 meorum“.
2766 4508 2906 4565 Sunt
2950 4510 3136 4582 itaque
3184 4515 3280 4585 qui
3326 4515 3467 4571 uitra

1895 4597 2210 4666 praedictum
2244 4609 2456 4669 tempus
2485 4600 2650 4653 vitam
2694 4602 3021 4669 extrahunt;
3068 4602 3163 4658 sed
3199 4605 3252 4659 id
3281 4608 3467 4675 paucis

1892 4689 2180 4760 contingit.
2198 4689 2299 4744 Hic
2326 4700 2504 4744 autem
2534 4689 2807 4760 signiﬁcat
2831 4692 2976 4761 quod
3006 4694 3167 4764 vulgo
3192 4696 3393 4762 evenit,
3414 4707 3464 4753 et

1892 4778 1945 4831 in
1986 4778 2235 4849 pluribus
2279 4781 2594 4851 contingere
2636 4781 2791 4838 solet.
2824 4782 3288 4849 Quemadmodum
3318 4792 3466 4845 enim

1891 4871 2223 4926 mentionem
2272 4888 2381 4927 non
2434 4871 2566 4927 fecit
2601 4888 2791 4929 eorum
2821 4877 2914 4946 qui
2936 4888 3263 4947 praematura
3293 4893 3466 4938 morte

1888 4963 2185 5028 tolluntur,
2218 4965 2299 5020 sic
2332 4980 2427 5020 eos
2458 4966 2552 5035 qui
2583 4967 2648 5021 ad
2678 4977 2977 5023 extremam
3008 4982 3343 5028 senectutem
3367 4989 3464 5029 ve-

1889 5055 2067 5120 niunt,
2111 5065 2293 5125 utpote
2320 5059 2638 5128 grandaevos
2673 5062 3040 5131 praetermisit.
3066 5065 3345 5129 Attamen,
3377 5067 3463 5119 in-

1890 5147 2027 5216 quit,
2060 5149 2319 5217 perbreve
2342 5150 2474 5204 illud
2494 5158 2736 5222 tempus,
2763 5154 2972 5210 doloris
2996 5163 3049 5210 et
3070 5155 3319 5211 laborum
3352 5158 3462 5226 ple-

1889 5255 2019 5293 num
2055 5248 2155 5294 est.
2186 5240 2451 5305 Quoniam
2484 5246 2777 5311 supervenit
2802 5248 3167 5313 mansuetudo,
3210 5256 3261 5301 et
3302 5252 3454 5303 corri-

1889 5332 2112 5399 piemur.
2147 5329 2415 5398 Quoniam
2453 5348 2552 5390 ceu
2580 5346 2793 5392 mortua
2827 5349 2879 5392 et
2907 5338 3199 5392 admodum
3230 5338 3353 5394 vilis
3381 5351 3460 5394 est

1890 5424 2000 5477 vita
2032 5432 2240 5491 nostra,
2280 5437 2335 5479 et
2378 5426 2695 5496 ignoramus
2737 5429 2869 5498 quid
2905 5430 3063 5484 nobis
3096 5438 3221 5499 post
3254 5431 3369 5486 haec
3400 5433 3460 5487 ab

1891 5516 2121 5587 imperio
2169 5525 2264 5573 tuo
2309 5516 2555 5574 futurum
2588 5521 2694 5588 sit;
2746 5521 2888 5589 ideo,
2919 5521 3120 5592 inquit,
3148 5538 3272 5578 cum
3309 5539 3434 5576 man

1891 5612 2180 5668 suetudine
2221 5612 2437 5684 corripe
2467 5627 2589 5670 nos.
2636 5612 2773 5669 Nam
2809 5613 2962 5681 illud,
3004 5618 3319 5685 superuenit,
3345 5630 3457 5684 pro.
