3880 6216
337 423 441 480 390

1199 409 1254 462 S.
1298 400 1670 460 ATllANASll
1709 399 1860 454 OPP.
1901 394 2081 450 PARS
2123 393 2212 447 l-ll.
2253 422 2322 430 —
2352 387 2760 444 EXEGETICA.

3503 378 3608 436 £00

337 533 706 608 superveniat,
742 524 1146 597 ait.;Postulant
1174 531 1356 576 autem
1392 517 1795 586 corrcptionem
1825 527 1916 564 ae-
1945 516 1964 571 Α

2085 529 2121 572 ι,
2151 508 2302 579 φησί.
2335 506 2552 559 Αίτοῦσι
2580 505 2636 558 δὲ
2662 507 2761 575 τῆς
2792 501 2878 556 διὰ
2900 501 3134 572 Χριστὸν
3161 499 3407 564 παιδείας
3442 518 3610 570 μετα·-

337 633 518 700 cipere
543 641 640 696 per
658 620 964 683 Christum,
1000 617 1092 686 qui
1129 623 1212 669 est
1239 615 1458 669 dextera
1493 609 1696 671 l’atris,
1729 621 1919 678 quam-

338 727 528 781 obrem
558 721 635 775 ait
663 738 678 773 :

414 817 622 883 12,15.
664 812 948 866 Dextera":
1005 815 1152 858 tuam
1208 804 1282 856 sic
1330 811 1509 854 notam
1561 800 1670 868 fac,
1716 806 1820 852 etc.
1859 795 1917 849 In

340 912 616 970 communi
646 906 885 978 positum
919 910 1002 957 est
1042 899 1192 961 illud,
1231 907 1409 950 notam
1443 895 1550 963 fac,
1587 893 1662 947 ita
1700 899 1761 945 ut
1792 905 1920 944 sen-

343 1019 437 1057 sus
463 1001 532 1056 sit
565 1017 579 1054 :
611 995 806 1052 Notam
848 991 935 1047 fac
976 990 1137 1045 nobis
1185 988 1465 1043 dexteram
1514 992 1688 1046 tuam,
1722 982 1776 1036 id
1815 989 1919 1042 est,

342 1095 652 1156 Christum;
686 1096 844 1142 notos
871 1070 957 1138 iac
985 1081 1140 1136 nobis
1167 1094 1261 1133 eos
1292 1077 1385 1147 qui
1420 1076 1473 1129 in
1501 1074 1663 1130 corde
1701 1072 1921 1141 sapien-

343 1189 473 1242 tiam
519 1184 721 1239 habent
751 1199 763 1233 :
795 1178 872 1234 illi
906 1184 1090 1231 autem
1141 1187 1264 1226 esse
1307 1169 1563 1223 videntur
1595 1165 1829 1236 apostoli
1869 1171 1924 1218 et

342 1276 704 1347 evangelista,
736 1284 970 1343 quorum
994 1280 1160 1336 opera
1189 1261 1569 1319 conversionis
1595 1258 1788 1312 modos
1809 1256 1924 1310 edi-

342 1347 628 1424 dicimus.~

412 1461 500 1526 14,
532 1459 620 1513 15.
665 1455 865 1525 Repleti
892 1469 1074 1508 sumus
1098 1467 1248 1503 mane
1271 1448 1638 1503 misericordia
1663 1454 1773 1500 tua.
1798 1444 1924 1501 Haec

343 1555 495 1608 aiunt
524 1551 680 1621 quasi
705 1550 816 1618 jam
847 1545 1113 1601 orationis
1156 1543 1318 1597 ﬁnem
1355 1550 1408 1596 et
1456 1555 1680 1609 scopum
1711 1539 1929 1592 invene-

346 1649 473 1701 rint.
507 1645 725 1700 Orietur
771 1653 1010 1709 namque
1055 1637 1163 1692 illis
1199 1634 1293 1688 Sol
1322 1633 1550 1704 justitia:
1577 1634 1633 1687 in
1667 1647 1928 1687 consum-

346 1737 586 1791 matione
623 1733 806 1789 saeculi
835 1731 1020 1800 hujus.

418 1828 506 1882 16.
548 1826 764 1894 Respice
793 1827 847 1877 in
879 1839 1051 1877 servos
1087 1832 1226 1888 tuos,
1258 1829 1306 1874 et
1347 1821 1400 1872 in
1429 1835 1587 1888 opera
1615 1828 1729 1871 tua.
1765 1816 1922 1881 Illud,

2024 602 2206 654 λαϐεῖν
2227 641 2242 665 ,
2278 601 2336 664 ὃς
2369 602 2484 650 ἐστι
2517 596 2666 664 δεξιὰ
2693 596 2786 648 τοῦ
2820 595 3062 666 Πατρόςο
3091 592 3170 645 διό
3204 608 3366 663 φησι’

2103 781 2220 848 Τὴν
2252 779 2457 844 δεξιάν
2484 794 2599 833 σου
2631 778 2819 842 οὕτως
2845 775 3139 847 γνώρισόν
3158 792 3277 844 μοι.
3335 775 3469 826 Ἀπο
3495 790 3616 827 κοι-

2028 872 2120 925 νοῦ
2149 872 2228 936 τὸ,
2260 869 2572 941 γνώρισον,
2599 869 2686 922 ἵνα
2764 885 2777 898 ·
2811 869 2920 920 Καὶ
2949 865 3216 936 γνώρισον
3247 867 3378 936 ἡμῖν
3405 862 3619 936 τὴνδε-

2029 963 2147 1030 ξιάν
2183 979 2275 1016 σου
2300 1002 2316 1026 ,
2346 960 2591 1014 τουτέστι
2616 959 2851 1031 Χριστόν
2877 979 2887 988 -
2941 957 3206 1028 γνώρισον
3236 957 3294 1010 δὲ
3327 958 3459 1027 ἡμῖν
3488 955 3619 1020 τοὶς

2027 1057 2093 1125 τῇ
2123 1053 2321 1124 καρδίᾳ
2339 1052 2435 1123 τὴν
2459 1052 2648 1121 σοφίαν
2672 1053 2892 1122 ἔχοντας
2909 1070 2923 1084 ο
2946 1044 3092 1104 οῦτοι
3113 1051 3156 1103 δ’
3180 1049 3245 1104 ἂν
3269 1046 3378 1102 εἷεν
3399 1052 3448 1104 οἱ
3469 1050 3620 1119 ἅγιοι

2030 1143 2312 1197 ἀπόστολοι
2339 1145 2433 1197 καὶ
2463 1143 2867 1212 εὐαγγελισταὶ,
2900 1143 2966 1196 δι’
2997 1136 3071 1198 ὧν
3094 1145 3186 1196 καὶ
3212 1140 3496 1214 ἐμάθομεν
3517 1142 3623 1212 τῆς

2031 1235 2364 1307 ἐπιστροφῆς
2401 1238 2526 1300 τοὺς
2555 1253 2583 1288 τ
2596 1236 2810 1306 ρόπους.

2115 1439 2607 1507 Ἐνεπλήσθημεν
2644 1436 2709 1489 τὸ
2745 1436 2894 1503 πρωῒ
2934 1434 3038 1488 τοῦ
3070 1434 3281 1500 ἐλέους
3311 1449 3452 1487 σου.
3531 1433 3626 1497 Ὡς

2032 1533 2132 1603 ἤδη
2174 1533 2272 1600 τῆς
2306 1532 2468 1601 εὐχῆς
2520 1531 2778 1601 εὑρόντες
2806 1529 2866 1580 τὸ
2915 1528 3089 1594 πέρας
3113 1527 3178 1580 τὰ
3208 1527 3384 1580 τοιάδε
3430 1528 3625 1595 φασίν.

2046 1622 2318 1676 Ἀνατελεῖ
2338 1622 2446 1691 γὰρ
2463 1622 2558 1674 καὶ
2588 1621 2770 1682 αὐτοῖς
2793 1621 2821 1670 ὁ
2838 1617 3135 1688 Ἦλιοςτῆς
3158 1615 3504 1687 δικαιοσύνης
3529 1617 3629 1669 ἐπὶ⁵

2036 1713 2316 1785 συντελείᾳ
2340 1713 2435 1766 τοῦ
2471 1712 2666 1775 αἰῶνος
2702 1711 2918 1765 τούτου.

2104 1802 2215 1856 Καὶ
2250 1802 2338 1855 ἴδε
2364 1801 2462 1854 ἐπὶ
2501 1801 2642 1866 τοὺς
2665 1799 2924 1866 δούλους
2946 1815 3087 1866 σου,
3117 1799 3218 1853 καὶ
3252 1799 3352 1853 ἐπὶ
3381 1801 3454 1854 τὰ
3479 1801 3632 1869 ἔργα

348 1921 565 1990 respice,
607 1933 800 1972 rursus
845 1917 1082 1986 positum
1111 1929 1233 1984 pro,
1267 1912 1575 1982 respexisti,
1623 1911 1676 1965 id
1711 1922 1814 1974 est,
1847 1911 1930 1964 in-
1963 1928 1964 1935 η

2081 1910 2170 1946 ου.
2203 1892 2305 1954 Τὸ,
2335 1890 2424 1944 ἴδε
2443 1932 2456 1956 ,
2504 1890 2666 1943 πάλιν
2693 1890 2814 1946 ἀντὶ
2851 1890 2943 1943 τοῦ
2963 1931 2978 1955 ,
3018 1890 3121 1953 ἴδες
3141 1931 3154 1955 ,
3188 1891 3306 1960 ἦτοι
3337 1890 3631 1960 ἐπεσκέψω

348 2013 572 2084 spexisti
601 2025 784 2066 servos
815 2019 938 2065 tuos
971 2017 1026 2063 et
1051 2022 1212 2076 opera
1257 2020 1518 2060 manuum
1556 2014 1802 2062 tuarum.
1828 2002 1932 2058 Per

2081 1986 2158 2047 ὡς
2191 1983 2410 2047 δούλους
2461 2000 2553 2036 σου
2589 1983 2683 2036 καὶ
2714 1982 2782 2035 τὰ
2818 1981 2974 2054 ἔργα
2999 1982 3109 2036 τῶν
3141 1981 3338 2054 χειρῶν
3371 2000 3488 2036 σου.
3549 1986 3630 2035 Δι’

347 2121 510 2176 quam
541 2103 927 2165 visitationem,
951 2099 1296 2169 splendorem
1323 2113 1388 2152 ac
1417 2097 1603 2150 lumen
1629 2094 1723 2148 Dei
1756 2093 1932 2149 nostri

2081 2095 2099 2140 ;
2127 2076 2435 2146 ἐπισκοπῆς
2467 2075 2565 2146 τὴν
2598 2074 2958 2145 λαμπρότητα
2997 2075 3092 2128 καὶ
3132 2075 3193 2128 τὸ
3222 2073 3336 2145 φῶς
3360 2075 3456 2128 τοῦ
3486 2075 3630 2128 Θεοῦ

351 2200 616 2263 videntes,
646 2211 710 2251 ac
730 2194 1002 2260 conversi,
1028 2200 1235 2246 rectam
1271 2189 1416 2243 viam
1446 2188 1931 2252 incedamus,cum

351 2289 724 2347 conversionis
753 2301 920 2358 opera
952 2283 1389 2355 impleverimus.

421 2470 509 2526 17.
555 2465 625 2522 Et
656 2468 724 2520 sit
755 2463 1000 2536 splendor
1038 2461 1250 2517 Domini
1278 2460 1375 2514 Dei
1405 2459 1575 2513 nostri
1617 2473 1773 2528 super
1819 2472 1933 2510 nos.

353 2564 462 2620 Nos
485 2561 795 2633 splendidos
835 2575 899 2614 ac
924 2558 1166 2612 illustres
1195 2555 1374 2611 eﬂ‘ecit
1394 2554 1582 2607 lumen
1607 2549 1936 2623 cognitionis

357 2659 485 2723 Dei;
514 2667 570 2712 et
595 2654 915 2723 Judaeipost
941 2650 1174 2704 reditum
1213 2646 1497 2716 conspicui
1530 2646 1658 2698 item
1690 2643 1934 2697 fuerunt.

356 2751 425 2805 Et
453 2765 608 2818 opera
637 2762 889 2800 manuum
918 2751 1221 2798 nostrarum
1251 2740 1442 2809 dirige.
1489 2736 1666 2806 Opera
1698 2745 1826 2791 sunt
1858 2736 1937 2789 le-

357 2845 475 2913 gis;
512 2855 651 2912 opus
695 2847 898 2902 autem,
926 2844 1009 2890 est
1037 2833 1168 2887 illud
1195 2832 1339 2901 quod
1371 2831 1425 2884 in
1460 2845 1601 2884 nova
1633 2829 1748 2900 lege
1779 2827 1942 2897 perii-

358 2937 516 2990 citur.
552 2932 688 2988 Nam
718 2934 772 2986 in
803 2929 982 2986 Veteri
1019 2928 1156 2998 Lege
1177 2925 1330 2980 varia
1351 2935 1507 2981 erant
1535 2923 1802 2979 sacriﬁcia
1838 2941 1851 2980 :
1882 2922 1938 2976 in

360 3028 505 3082 Nova
544 3035 726 3082 autem
777 3024 928 3079 solus
967 3020 1139 3074 Filius
1168 3017 1504 3072 immolatur.
1543 3015 1612 3069 Et
1648 3033 1776 3086 opus
1823 3032 1938 3068 ma-

360 3135 523 3174 nuum
572 3128 876 3171 nostrarum
908 3110 1113 3184 .dirige.
1146 3111 1322 3180 Opera
1370 3126 1632 3166 manuum
1663 3118 1792 3164 sunt
1824 3109 1938 3164 sin-

362 3213 500 3284 gula:
529 3213 771 3266 actiones
801 3227 815 3262 :
857 3222 996 3278 Opus
1020 3221 1306 3269 manuum,
1339 3211 1425 3258 est
1458 3203 1698 3274 cognitio
1722 3217 1842 3272 qua:
1871 3216 1937 3257 ex
1965 3224 2012 3284 ρ

365 3305 450 3360 his
471 3303 666 3358 evenit.

366 3392 507 3448 Laus
533 3391 725 3445 cantici
749 3388 940 3455 David,
967 3394 1108 3442 care‘t
1133 3387 1472 3457 inscriptione
1494 3386 1635 3456 apud
1667 3384 1940 3441 Hebraeos.

1099 3479 1218 3533 XC.

759 3643 768 3654 ἵ
952 3570 1352 3642 Argumentum.

367 3665 663 3736 Postquam
692 3664 746 3719 in
775 3663 1110 3734 octogesimo
1137 3677 1280 3717 nono
1308 3661 1518 3731 psalmo
1541 3657 1752 3714 Iudaici
1777 3673 1948 3728 popu-

441 3757 478 3810 li
527 3755 866 3812 aversionem
910 3754 1247 3818 declaravit,
1296 3760 1690 3822 consequenter
1739 3751 1794 3804 in
1846 3750 1950 3804 hoc

440 3851 655 3922 psalmo
700 3862 993 3919 personam
1032 3845 1242 3901 inducit
1268 3860 1460 3900 eorum
1507 3845 1601 3914 qui
1650 3860 1749 3914 per
1789 3843 1948 3898 Chri-

445 3951 590 3998 stum
639 3937 1006 3996 consummati
1040 3947 1186 4001 sunt,
1218 3946 1273 3992 et
1318 3952 1413 4006 per
1463 3951 1589 3992 eum
1637 3937 1950 4006 spirituales

441 4032 626 4087 hostes
668 4037 946 4100 superant,
983 4028 1326 4099 principatus
1357 4027 1606 4082 videlicet
1631 4037 1685 4081 et
1714 4037 1950 4096 potesta-

447 4134 547 4185 tes,
579 4131 634 4178 et
663 4131 896 4177 rectores
923 4120 1109 4174 mundi
1140 4119 1486 4173 tenebrarum
1524 4119 1740 4184 harum,
1773 4128 1826 4172 et
1851 4119 1954 4188 s'pi-

446 4214 664 4270 ritualia
694 4213 967 4282 nequitiae,
995 4212 1284 4281 ipsumque
1326 4210 1596 4264 nefarium
1650 4209 1906 4264 Satanam
1935 4229 1949 4275 ;

447 4308 538 4377 qui
581 4306 749 4361 variis
782 4303 960 4359 modis
995 4303 1050 4356 in
1077 4301 1330 4373 praesenti
1377 4301 1591 4371 psalmo
1639 4300 1952 4371 significan-

452 4411 559 4455 tur.
592 4397 776 4453 Timor
823 4397 1030 4452 scilicet
1067 4403 1392 4457 nocturnus,
1428 4394 1624 4464 sagitta
1675 4393 1866 4447 volans
1899 4394 1953 4446 in

447 4495 553 4557 die,
584 4491 860 4562 negotium
891 4487 1278 4559 perambulans
1324 4485 1380 4539 in
1429 4487 1688 4550 tenebris,
1722 4489 1879 4540 ruina
1902 4495 1956 4540 et

450 4584 775 4639 daemonium
811 4580 1190 4645 meridianum,
1223 4579 1371 4633 mille
1425 4587 1480 4633 et
1530 4579 1715 4632 decem
1761 4577 1952 4644 millia,
1988 4564 2033 4620 Ῐ)

453 4679 620 4746 aspis,
664 4674 973 4737 hasiliscus,
1010 4673 1096 4728 leo
1134 4680 1187 4726 et
1230 4673 1417 4726 draco.
1463 4670 1738 4724 Adversus
1796 4671 1959 4725 hosce

456 4783 647 4824 omnes
677 4767 883 4822 homini
918 4765 1013 4820 Dei
1041 4765 1325 4821 victoriam
1352 4764 1598 4820 ascribit.

457 4947 510 5003 1.
553 4944 656 5010 Qui
691 4944 895 4996 habitat
943 4943 995 4995 in
1037 4941 1302 5010 adjutorio
1345 4939 1625 4993 .‘lltissimi.
1682 4938 1964 5008 Prophcti-

388 5055 488 5104 cus
517 5037 764 5108 Spiritus,
797 5035 1071 5090 hominem
1096 5034 1189 5102 qui
1234 5033 1497 5087 auxilium
1533 5039 1586 5085 et
1627 5046 1786 5101 opem
1819 5031 1960 5097 tulit,

391 5133 445 5185 id
491 5138 574 5186 est
609 5128 911 5189 Christum,
942 5125 1034 5195 qui
1071 5135 1152 5179 est
1183 5124 1344 5178 etiam
1373 5123 1710 5188 Altissimus,
1742 5121 1987 5196 beatum.

389 5221 667 5291 praadicat.
702 5216 988 5284 Quomodo
1018 5231 1126 5269 non
1172 5215 1361 5268 beatus
1389 5215 1503 5284 qui,
1542 5223 1600 5267 ut
1634 5214 1803 5270 Deum
1840 5215 1966 5270 coeli

392 5322 755 5384 protectorem
804 5309 1026 5363 haberet
1077 5307 1274 5376 dignus
1301 5307 1515 5361 habitus
1544 5308 1668 5361 est?
1698 5307 1764 5362 In
1786 5317 1965 5377 prote—

393 5400 563 5456 ctione
590 5398 685 5452 Dei
708 5396 821 5451 coeti
849 5395 1277 5449 commorabitur.
1305 5393 1409 5460 Qui
1443 5399 1626 5446 manet
1660 5392 1713 5445 in
1744 5392 1846 5447 hoc
1873 5393 1970 5447 ad-

392 5492 601 5564 iutorio
636 5489 933 5560 protegitur
961 5496 1014 5542 et
1042 5486 1366 5540 custoditur.

467 5584 525 5640 2.
565 5583 718 5636 Dicet
758 5580 979 5634 Domino
1011 5593 1029 5632 :
1058 5577 1337 5647 Susceptor
1379 5593 1523 5630 meus
1561 5592 1612 5630 es
1646 5587 1721 5631 tu.
1771 5575 1970 5646 Ecquis

401 5681 488 5729 est
511 5672 605 5742 qui
639 5671 741 5724 hoc
777 5668 1005 5723 Domino
1035 5667 1183 5731 dicit,
1217 5665 1320 5721 nisi
1342 5666 1512 5722 homo
1544 5665 1639 5737 qui
1669 5667 1891 5721 conlidit
1917 5667 1967 5719 in

400 5766 542 5837 ipso,
573 5772 628 5820 et
656 5761 815 5820 saluti
851 5759 970 5833 cius
999 5760 1219 5816 innixus
1247 5759 1368 5815 est?

2030 2169 2190 2240 ἡμῶν
2217 2167 2553 2239 ἑωρακότες,
2584 2167 2678 2220 καὶ
2708 2166 3136 2238 ἐπιστρέψαντες
3161 2206 3175 2231 ,
3203 2165 3633 2237 κατευθυνθείη-

2037 2278 2134 2333 μεν
2164 2261 2247 2330 ἐφ’
2276 2255 2358 2323 οἷς
2387 2260 2488 2330 τὴν
2542 2259 2640 2331 τῆς
2669 2261 3005 2331 ἐπιστροφῆς
3035 2258 3233 2331 πρᾶξιν
3268 2259 3631 2330 ἀποπληροῦ-

2039 2369 2159 2422 μεν.

2112 2445 2223 2499 Καὶ
2262 2443 2418 2497 ἔστω
2441 2444 2479 2511 ή
2505 2442 2856 2511 λαμπρότης
2883 2441 3104 2510 Κυρίου
3133 2441 3238 2495 τοῦ
3279 2440 3426 2495 Θεοῦ
3459 2439 3634 2511 ἡμῶν

2035 2535 2127 2604 ἐφ’
2155 2533 2331 2604 ἡμᾶς.
2375 2535 2486 2588 Καὶ
2514 2535 2663 2603 ἡμᾶς
2701 2533 2989 2603 λαμπροὺς
3023 2531 3114 2585 καὶ⁴
3162 2534 3481 2602 περιφανεῖς
3523 2531 3634 2582 ἁπ-

2037 2629 2205 2700 ἐιρηνε
2235 2629 2333 2699 τῆς
2359 2626 2688 2696 Θεογνωσίας
2712 2625 2773 2678 τὸ
2804 2625 2938 2694 φῶς·
2965 2624 3060 2678 καὶ
3085 2624 3326 2677 Ἰουδαῖοι
3360 2623 3499 2693 μετὰ
3529 2623 3634 2692 τὴν

2039 2720 2295 2774 ἐπάνοδον
2335 2719 2686 2789 περίϐλεπτοι
2726 2717 2886 2772 πάλιν
2921 2717 3190 2786 ἐγένοντο.
3239 2715 3350 2769 Καὶ
3380 2715 3454 2768 τὰ
3487 2715 3636 2783 ἔργα

2039 2808 2158 2862 τῶν
2188 2807 2401 2879 χειρῶν
2432 2807 2602 2877 ἡμῶν
2630 2807 3020 2860 κατεύθυνον.
3079 2808 3260 2876 Ἔργα
3291 2804 3384 2858 τοῦ
3423 2805 3594 2875 νόμου
3616 2821 3630 2831 ·

2041 2900 2201 2972 ἔργον
2225 2902 2286 2954 τὸ
2315 2903 2371 2954 ἐν
2404 2904 2468 2972 τῇ
2503 2901 2618 2971 Νέᾳ
2650 2897 2992 2970 τελούμενον,
3065 2898 3152 2953 Ἑν
3188 2901 3253 2970 τῇ
3280 2897 3390 2969 γὰρ
3418 2897 3639 2968 Παλαιᾷ

2041 2994 2290 3067 διάφοροι
2320 2995 2534 3048 θυσίαι·
2570 2995 2628 3048 ἐν
2659 2995 2716 3048 δὲ
2750 2998 2814 3066 τῇ
2851 2995 2966 3066 Νέᾳ
2995 2994 3154 3064 μόνος
3193 2995 3220 3045 ό
3264 2992 3395 3055 Υἱὸς
3419 2991 3638 3048 θύεται.

2042 3087 2154 3142 Καὶ
2181 3087 2245 3141 τὸ
2274 3088 2447 3156 ἔργον
2472 3087 2588 3142 τῶν
2610 3087 2823 3158 χειρῶν
2842 3085 3012 3157 ἡμῶν
3037 3087 3426 3139 κατεύθυνον.
3457 3085 3634 3155 Ἔργα

2047 3180 2147 3251 μὲν
2197 3179 2397 3250 χειρῶν
2427 3181 2572 3233 ἐστιν
2613 3182 2645 3250 ἡ
2683 3179 2804 3233 καθ’
2836 3180 3075 3249 ἑκάστην
3104 3177 3303 3249 πρᾶξις
3324 3193 3337 3207 ’
3382 3175 3545 3248 ἔργον
3579 3176 3641 3228 δὲ

2045 3273 2268 3345 χειρῶν,
2299 3274 2362 3324 ἐκ
2392 3272 2597 3324 τούτων
2635 3271 3104 3342 ἐπισυμϐαίνουσα
3131 3271 3352 3339 γνῶσις.

2032 3361 2212 3429 Αἶνος
2237 3363 2397 3432 ᾠδῆς
2435 3362 2515 3428 τῷ
2547 3363 2756 3427 Δαυῒδ,
2791 3345 3197 3432 ἀνεέίπραρος
3233 3361 3370 3428 παρ’
3415 3359 3643 3428 Ἐϐραί-

2713 3470 2822 3518 οις.
2889 3457 2972 3519 ιιν.

2673 3542 3010 3608 ’Υπόθεσις.

2059 3635 2388 3699 Ἀκολούθως
2423 3633 2560 3706 μετὰ
2583 3634 2644 3686 τὸ
2678 3632 2915 3704 δηλῶσαι
2941 3630 3034 3685 τοῦ
3082 3630 3348 3684 Ἰουδαίων
3375 3630 3507 3684 λαοῦ
3535 3631 3643 3702 τὴν

2118 3727 2466 3800 ἀποστροφὴν
2501 3728 2557 3778 ἐν
2592 3723 2668 3795 τῷ
2709 3723 3056 3795 ὀγδοηκοστῷ
3091 3723 3298 3794 ἐννάτῳ
3320 3723 3543 3794 ψαλμῷ,
3580 3726 3641 3776 ἐν

2115 3819 2292 3890 τούτῳ
2343 3818 2420 3889 τῷ
2476 3816 2676 3888 ψαλμῷ
2728 3817 2788 3869 τὸ
2836 3816 3126 3887 πρόσωπον
3160 3817 3369 3884 εἰσάγει
3398 3817 3506 3869 τῶν
3548 3817 3642 3870 διὰ

2119 3911 2355 3985 Χριστοῦ
2380 3910 2586 3966 τελειου
2597 3910 2794 3982 μένων,
2821 3909 2914 3962 καὶ
2938 3907 3211 3962 νικώντων
3233 3909 3298 3963 δι’
3325 3908 3490 3962 αὐτοῦ
3512 3911 3641 3971 τοὺς

2123 4006 2346 4077 νοητοὺς
2384 4004 2611 4076 ἐχθροὺς
2631 4043 2644 4066 ,
2676 4002 2853 4073 ἀρχὰς
2885 4002 3083 4074 δηλαδὴ
3114 4002 3208 4054 καὶ
3234 4002 3508 4067 ἐξουσίας,
3543 4003 3642 4056 καὶ

2119 4100 2248 4162 τοὺς
2294 4096 2744 4167 κοσμοκράτορας
2776 4095 2869 4148 τοῦ
2902 4093 3123 4156 σκότους
3157 4093 3349 4146 τούτου
3371 4133 3386 4156 ,
3439 4095 3538 4146 καὶ
3571 4093 3643 4147 τὰ

2124 4189 2469 4259 πνευματικὰ
2490 4188 2588 4257 τῆς
2617 4185 2882 4259 πονηρίας
2899 4224 2913 4248 ,
2941 4186 3033 4238 καὶ
3057 4185 3216 4237 αὐτὸν
3239 4185 3328 4237 τὸν
3358 4185 3642 4256 ἀλιτήριον

2125 4286 2390 4339 Σατανᾶν·
2431 4283 2480 4336 οἳ
2510 4285 2604 4337 καὶ
2632 4283 2988 4355 πολυτρόπως
3019 4283 3104 4336 διὰ
3125 4283 3231 4337 τῶν
3261 4285 3644 4356 προκειμένων

2129 4377 2647 4449 κατασημαίνονται.
2712 4376 2878 4439 Φόϐος
2915 4393 2975 4429 τε
3008 4378 3316 4449 νυκτερινὸς
3351 4380 3441 4432 καὶ
3489 4379 3644 4450 βέλος

2129 4474 2342 4546 ἡμέρας
2363 4473 2682 4545 πετόμενον,
2708 4475 2800 4527 καὶ
2830 4476 3060 4545 πρᾶγμα
3089 4474 3550 4544 διαπορευόμενον
3585 4476 3644 4525 ἐν

2135 4565 2335 4627 σκότει,
2372 4565 2464 4616 καὶ
2491 4563 2802 4633 σύμπτωμα
2826 4565 2920 4616 καὶ
2945 4563 3216 4633 δαιμόνιον
3246 4563 3644 4634 μεσημϐρινὸν,

2131 4657 2226 4710 καὶ
2256 4657 2490 4727 χιλιάδες
2519 4657 2612 4710 καὶ
2645 4657 2901 4727 μυριάδες
2927 4697 2940 4721 ,
2972 4656 3065 4709 καὶ
3113 4657 3277 4719 ἀσπὶς
3303 4697 3317 4720 ,
3355 4658 3448 4710 καὶ
3487 4657 3645 4727 βασι-

2134 4747 2338 4812 λίσκος,
2363 4748 2457 4801 καὶ
2477 4748 2632 4812 λέων,
2652 4749 2741 4800 καὶ
2769 4747 3001 4817 δράκων.
3018 4749 3174 4800 Κατὰ
3195 4747 3398 4800 τούτων
3420 4748 3484 4818 δὴ
3516 4751 3649 4803 πάν-

2131 4857 2238 4892 των
2262 4839 2359 4909 τὴν
2383 4840 2538 4910 νίκην
2585 4839 2903 4910 ἀναγορεύει
2935 4839 3010 4910 τῷ
3043 4838 3135 4891 τοῦ
3168 4837 3300 4890 Θεοῦ
3345 4839 3643 4912 ἀνθρώπῳ.

2148 4933 2208 4984 '0
2243 4930 2530 4985 κατοικῶν
2554 4932 2622 4984 ἐν
2641 4932 2892 4999 βοηθείᾳ
2921 4931 3026 4984 τοῦ
3061 4930 3362 4997 'I'yifvrov.
3407 4931 3479 4985 Τὸ
3514 4950 3645 5003 προ-

2069 5024 2294 5094 φητικὸν
2322 5022 2452 5076 πνεῦ
2463 5040 2538 5093 μα
2568 5022 2658 5075 τὸν
2687 5022 2970 5091 ἄνθρωπον
2997 5021 3085 5074 τὸν
3115 5025 3483 5094 ποιησάμενον
3516 5023 3646 5094 βοή-

2070 5115 2217 5168 θειαν
2249 5115 2342 5167 καὶ
2367 5113 2949 5184 ἐπικουρίανΧριστὸν,
2973 5113 3031 5176 ὃς
3064 5115 3158 5166 καὶ
3191 5115 3334 5167 ἔστιν
3356 5115 3642 5184 “Υψιστος,

2073 5205 2383 5278 μακαρίζει.
2409 5204 2532 5268 Πῶς
2553 5203 2660 5274 γὰρ
2684 5205 2744 5256 ού
2769 5205 3034 5276 μακάριος
3055 5207 3081 5257 ὁ
3102 5205 3192 5257 τὸν
3213 5206 3344 5258 Θεὸν
3366 5205 3458 5258 τοῦ
3481 5207 3646 5276 ούρα-

2069 5299 2162 5352 νοῦ
2189 5302 2495 5368 σκεπαστὴν
2526 5297 2667 5367 ἔχειν
2696 5295 2945 5360 ἀξιωθείς
2969 5315 2983 5363 ;
3019 5297 3121 5351 Ἐν
3147 5296 3343 5366 σκέπῃ
3366 5298 3472 5351 τοῦ
3497 5297 3645 5352 Θεοῦ

2069 5389 2176 5442 τοῦ
2201 5388 2461 5456 οὐρανοῦ
2492 5386 2946 5454 αὐλισθήοέται.
2995 5389 3054 5439 ὐ
3084 5388 3260 5457 μένων
3289 5389 3346 5441 ἐν
3375 5388 3547 5459 ταύτῃ
3577 5390 3645 5458 τῇ

2073 5481 2292 5552 βοηθείᾳ
2321 5479 2576 5532 σκέπεται
2603 5478 2695 5532 καὶ
2728 5477 3074 5546 φυλάσσεται.

2155 5573 2312 5641 Ἐρεῖ
2334 5571 2414 5638 τῷ
2447 5574 2669 5639 Κυρίφ³
2719 5568 3122 5638 Ἀντιλιξπτωρ
3148 5588 3267 5638 μου
3297 5565 3371 5624 εἷ.
3428 5570 3539 5624 Καὶ
3563 5569 3648 5632 τίς

2071 5669 2098 5719 ὁ
2127 5665 2201 5740 τῷ
2227 5663 2414 5735 Κυρίῳ
2443 5663 2612 5730 λέγων
2641 5663 2673 5734 ἢ
2702 5661 2985 5731 ἄνθρωπος
3013 5662 3040 5713 ὁ
3071 5646 3449 5726 πεποιθὼςέή
3475 5659 3644 5733 αὐτῷ,

2073 5753 2165 5812 κάὶ
2191 5758 2283 5811 ἐπὶ
2311 5744 2376 5827 τῇ
2405 5755 2644 5826 σωτηρία
2671 5753 2835 5808 αὐτοῦ
2861 5754 3303 5826 ἐπερειδόμενος;
