3880 6216
272 212 377 272 401

1410 220 1772 277 sxrosmo
1810 224 1874 276 lN
1916 225 2243 282 PSALMUM
2284 216 2374 284 xc

3422 232 3528 288 ιοιε

348 333 479 386 ὀτι
509 332 690 399 αὐτὸς
706 335 959 402 ῥύσεταί
981 349 1054 388 σε
1081 335 1149 388 ἐκ
1171 338 1440 402 παγίδος.
1479 337 1849 409 Προεδίδαξεν,

2026 345 2076 397 3.
2123 341 2385 405 Quoniam
2421 345 2530 413 ipse
2573 338 2813 399 liberabit
2865 357 2914 400 te
2956 348 3017 402 de
3045 349 3249 418 laqueo,
3277 358 3379 404 etc.
3405 348 3551 405 Jam-

271 425 352 488 ὡς
379 425 437 478 αἱ
464 422 834 496 ἀντικείμεναι
868 427 1127 495 δυνάμεις
1158 427 1246 479 διὰ
1275 425 1477 479 τούτων
1509 430 1855 500 κατασημαί-

274 533 398 567 νοντ
403 532 456 568 αι
465 553 479 567 ο

360 612 463 664 Ἐν
501 611 626 676 τοῖς
664 610 1055 680 μεταφρένοις
1104 611 1289 664 αὑτοῦ
1341 611 1682 665 ἐπισκιάσει
1734 629 1852 667 σοι.

274 702 571 774 Εἰρηκότος
618 703 710 756 τοῦ
742 701 1028 773 ἀνθρώπου
1062 703 1157 755 τοῦ
1202 703 1335 756 Θεοῦ
1358 745 1372 769 ,
1429 704 1666 768 ὡς’Θεὸς
1695 705 1856 767 αὐτος

275 795 500 867 ῥύσεται
535 798 598 850 ἐκ
644 799 742 866 τῆς
773 795 881 849 τῶν
927 796 1207 868 Θηρευτῶν
1259 796 1518 864 παγίδος,
1555 795 1618 848 ἐκ
1657 813 1714 848 τε
1747 794 1855 849 τῶν

271 886 606 958 ταραχωδῶν
628 887 820 956 λόγων.
848 889 1202 958 ἀποκρίνεται
1223 888 1282 941 τὸ
1305 886 1534 958 Πνεῦμα
1552 886 1612 940 τὸ
1642 904 1856 957 προφη-

269 977 428 1030 τικὸν
457 977 873 1049 παραθαρσύνον
908 980 1068 1030 αὑτὸν
1099 979 1191 1031 καὶ
1224 979 1304 1041 εἰς
1331 977 1584 1048 ἀνδρείαν
1637 976 1857 1030 ὕπαλεί-

275 1085 375 1136 φον
398 1071 794 1140 πνευματικήν·
835 1070 930 1121 Ἐν
958 1068 1082 1132 τοῖς
1105 1067 1500 1137 μετιιφρένοις
1523 1067 1707 1120 αὐτοῦ
1732 1068 1858 1120 ἐπι-

275 1157 527 1211 σκιάσει
562 1174 660 1212 σοι
693 1173 707 1189 ·
755 1159 886 1211 ὡσεὶ
915 1160 1249 1230 σαφέστερον
1274 1143 1421 1226 λέγοι
1445 1174 1458 1188 ο
1518 1156 1761 1226 Καλύψει
1798 1173 1857 1209 σε

277 1245 384 1297 ὑπὸ
435 1245 534 1316 τὴν
581 1245 738 1298 σκιὰν
773 1244 879 1298 τῶν
926 1243 1211 1315 πτερύγων
1249 1243 1449 1298 αὐτοῦ·
1502 1246 1594 1297 καὶ
1629 1245 1734 1316 μὴν
1763 1246 1857 1297 καὶ

271 1333 427 1404 ὅπλῳ
477 1335 736 1387 σκεπάσει
789 1351 870 1387 σε.
920 1328 992 1388 Οἶι
1029 1334 1093 1403 δὴ
1125 1334 1416 1403 γενομένου
1442 1372 1456 1396 ,
1491 1333 1716 1404 οὐδεμία
1747 1334 1857 1387 τῶν

273 1425 668 1494 ἀντικειμένων
702 1425 984 1495 δυνάμεων
1013 1425 1358 1498 παραϐλάψει
1387 1443 1465 1478 σε.

359 1517 493 1570 Ἇπὸ
515 1517 745 1582 ,ϐέλους
766 1517 1095 1586 πετομένου
1127 1516 1372 1586 ἡμέρας.
1419 1515 1749 1587 Ἀκάοαρτόν
1779 1533 1860 1568 τι-

274 1624 344 1660 να
373 1607 603 1677 δύναμιν
631 1608 724 1661 νῦν
761 1608 912 1678 βέλος
949 1607 1252 1676 ὠνόμασεν.
1319 1607 1461 1659 Ἀπὸ
1502 1605 1859 1674 συμπτώμα-

1958 438 2140 487 αυςυιι
2169 435 2510 490 adversarias
2547 446 2838 504 potestates
2870 439 3018 498 hisce
3041 439 3356 510 signiﬁcari.

2025 611 2081 673 4,
2117 609 2150 664 5
2215 609 2456 680 Scapulis
2478 614 2586 666 suis
2611 613 2939 668 obumbrabil
2965 615 3079 682 tibi,
3106 625 3209 672 etc.
3233 615 3528 687 Postquam

1955 699 2183 754 dixisset
2231 703 2394 756 homo
2427 701 2543 766 Dei,
2575 706 2716 772 quod
2764 705 2908 760 Deus
2938 707 3053 775 ipse
3084 708 3410 764 liberaturus
3459 711 3530 766 sit

1956 792 2023 845 de
2074 792 2270 860 laqueo
2323 797 2634 848 venantium
2669 807 2724 850 et
2767 813 2797 852 a
2830 800 3011 854 verbis
3044 801 3390 868 turbulentis,
3439 821 3528 858 re-

1957 883 2187 952 spondet
2219 883 2454 952 Spiritus
2479 886 2830 954 propheticus
2867 888 3004 943 dans
3039 891 3141 959 ipsi
3176 891 3452 958 liduciam,
3476 903 3531 947 et

1957 975 2024 1027 ad
2052 976 2422 1031 fortitudinem
2452 980 2736 1035 concitans
2765 981 3099 1049 spiritualem
3121 1003 3131 1036 :
3155 983 3396 1052 Scapulis
3419 989 3529 1039 suis

1957 1069 2283 1124 obumbrabit
2305 1070 2417 1134 tibi,
2439 1072 2593 1140 quasi
2611 1072 2812 1127 clarius
2829 1074 3062 1130 diceret:
3085 1076 3199 1132 Sub
3217 1079 3406 1132 umbra
3427 1080 3533 1132 aia—

1956 1177 2077 1216 rum
2115 1177 2336 1216 suarum
2363 1173 2605 1233 proteget
2635 1175 2704 1226 te,
2740 1175 2902 1233 atque
2941 1169 3101 1221 etiam
3134 1177 3290 1223 scuto
3324 1171 3532 1239 operiet

1956 1264 2028 1309 te.
2067 1253 2186 1319 Quo
2216 1253 2358 1309 facto
2388 1255 2532 1309 nulla
2553 1271 2619 1311 ex
2645 1255 2973 1314 adversariis
2997 1261 3356 1328 potestatibus
3375 1262 3533 1317 ltedet

1959 1355 2030 1401 te.

2027 1526 2080 1581 6.
2123 1527 2164 1579 Α
2203 1530 2402 1598 sagitta
2443 1528 2649 1584 volante
2683 1530 2870 1598 indie,
2898 1541 3010 1587 etc.~
3037 1531 3318 1603 lmpuram
3346 1551 3540 1605 quam-

1958 1619 2084 1672 dam
2133 1629 2452 1688 potestatem
2493 1639 2640 1678 nunc
2685 1624 2936 1693 sagittam
2976 1635 3152 1680 vocat.
3205 1626 3247 1678 Α
3299 1629 3454 1681 ruina
3487 1639 3537 1682 ct

275 1717 382 1766 τος
414 1701 513 1753 καὶ
540 1700 850 1768 δαιμονίου
871 1697 1304 1768 μεσημϐρινοῦ.
1337 1699 1412 1750 Οὐ
1442 1697 1720 1768 σύγκριμα
1748 1698 1861 1751 δαι-

1981 1711 2220 1765 ίιιιηιοηὶο
2248 1715 2560 1768 meridiano.
2588 1759 2600 1770 .
2633 1755 2646 1768 .
2677 1713 2813 1769 Nam
2845 1716 3206 1772 meridianum
3237 1719 3538 1775 daemonem

278 1791 538 1862 μονιῶδες
569 1791 935 1861 μεσημϐρίας.
974 1789 1077 1843 Τὸν
1105 1787 1215 1861 γὰρ
1248 1788 1612 1861 μεσημϐρινὸν
1633 1789 1864 1860 δαίμονά

274 1897 444 1952 φησιν
474 1879 612 1934 εἶναι
650 1882 747 1950 τῆς
773 1880 1020 1949 ἁκηδίας.

348 1967 625 2022 Πεσεῖται
657 1969 726 2021 ἐκ
744 1968 849 2022 τοῦ
879 1969 1126 2034 κλίτους
1152 1982 1268 2022 σου
1297 1966 1518 2037 χιλιάς.
1583 1969 1778 2032 Κλίτος
1802 1969 1864 2022 τὸ

272 2059 567 2131 ἀριστερὸν
609 2060 772 2131 μέρος
822 2060 1112 2130 σημαενει,
1149 2061 1374 2122 εἰκότως
1407 2060 1526 2130 μέν.
1582 2060 1768 2130 Τούτῳ
1807 2061 1865 2114 δὲ

272 2149 374 2213 τὰς
418 2149 663 2220 χιλιάδας
702 2150 1073 2204 ἐπιϐουλεύειν
1100 2151 1256 2220 φησί’
1293 2154 1406 2214 τοῖς
1435 2168 1499 2219 γε
1534 2151 1638 2222 μὴν
1668 2151 1864 2217 δεξιοῖς

271 2241 376 2305 τὰς
401 2242 682 2314 μυριάδας.
715 2243 794 2296 Τὰ
811 2243 918 2311 γὰρ
937 2242 1178 2306 ἐπιδέξια
1197 2240 1305 2294 τῶν
1324 2243 1661 2312 πραγμάτων
1681 2245 1712 2312 ἡ
1723 2241 1860 2312 μῶν,

274 2332 510 2384 καὶτῶν
544 2332 754 2403 ἀρετῶν
787 2334 879 2386 καὶ
926 2333 1121 2403 ἰσχυρὰ
1170 2333 1264 2386 καὶ
1309 2331 1757 2403 θαυμαστότερα,
1804 2331 1864 2383 τὸ

275 2421 485 2492 πλῆθος
532 2421 640 2476 τῶν
692 2421 944 2494 πονηρῶν
981 2422 1262 2492 δυνάμεων
1313 2419 1616 2492 παραλύειν
1656 2421 1864 2492 ἐπιχει-

274 2514 459 2585 ροῦτι.

346 2603 521 2669 Πλὴν
548 2603 669 2670 τοῖς
691 2602 1019 2672 ὀφθαλμοῖς
1036 2617 1153 2657 σου
1177 2601 1592 2670 κατανοήσεις.
1613 2601 1867 2675 Βλαϐήσῃ

276 2695 382 2767 μὲν
419 2695 807 2766 οὺδένιφησὶν,
839 2698 904 2748 ἐκ
925 2695 1036 2747 τῶν
1063 2695 1523 2750 ἐπιϐουλευόντων
1543 2712 1556 2724 ο
1590 2710 1652 2745 συ
1662 2694 1868 2764 μϐήσε-

273 2804 368 2840 ται
402 2787 460 2840 δέ
488 2804 568 2840 σοι
597 2789 859 2850 πεσόντας
893 2788 1019 2840 ἰδεῖν
1055 2789 1184 2851 τοὺς
1211 2786 1462 2858 ἐχθρούς.

357 2875 467 2928 Τὸν
501 2876 790 2943 Ὕψιστον
807 2877 948 2929 ἔθου
978 2873 1336 2945 καταφυγήν
1364 2891 1502 2929 σου.
1547 2874 1866 2944 Ἀντιφθέγε

275 2981 435 3034 γεται
466 2966 524 3018 τὸ
545 2966 640 3018 τοῦ
668 2967 802 3019 Θεοῦ
827 2965 1138 3037 ἀνθρώπου,
1161 2967 1223 3019 τὸ
1253 2967 1476 3036 Πνεῦμα
1501 2966 1564 3020 τὸ
1596 2983 1868 3036 προφητι-

275 3058 396 3122 κὸν,
425 3059 546 3112 ὅσον
573 3061 671 3130 τῆς
704 3061 780 3122 εἰς
802 3058 932 3112 Θεὸν
964 3058 1177 3122 ἐλπίδος
1199 3058 1260 3111 τὸ
1285 3058 1477 3131 κέρδος
1513 3059 1680 3112 ἐστίν.

355 3148 938 3214 οὐπροσελεύσεται
985 3146 1136 3214 πρὸς
1176 3146 1252 3200 σὲ
1291 3147 1466 3201 κακά.
1507 3148 1574 3199 Ἠ
1625 3145 1734 3217 γὰρ
1765 3146 1864 3216 τῆς

277 3240 480 3303 κακίας
509 3241 670 3310 φύσις
704 3239 900 3304 ἔξωθεν
928 3241 1243 3310 ἐπέρχεται,
1284 3241 1385 3309 τῆς
1425 3240 1632 3310 ἀρετῆς
1656 3239 1866 3292 οἴκοθεν

277 3334 380 3403 τὴν
411 3332 681 3404 πρόφασιν
704 3334 954 3404 ἐχούσης.
986 3332 1133 3402 Εύθῆ
1161 3333 1270 3404 γὰρ
1295 3333 1322 3384 ὁ
1369 3331 1503 3394 Θεὸς
1528 3332 1620 3384 τὸν
1660 3331 1868 3402 ἄνθρω-

280 3423 727 3494 πονκιτεποίηκεν,
779 3423 869 3487 ὃς,
927 3422 1173 3494 ζητήσας
1224 3422 1519 3492 λογισμοὺς
1572 3421 1868 3492 πονηροὺς,

281 3515 487 3580 ἔξωθεν
535 3516 884 3569 ἐπεσπάσατο
931 3514 1028 3586 τὴν
1063 3514 1285 3568 κακίαν.
1313 3514 1428 3567 Καὶ
1481 3512 1707 3582 μάστιξ
1755 3514 1868 3565 οὐκ

281 3606 563 3676 ἐγγιεῖὲν
589 3605 669 3671 τῷ
691 3606 1036 3674 σκηνώματι
1072 3620 1210 3659 σου.
1263 3604 1505 3676 Θαρῤεῖν
1547 3604 1745 3666 αὐτοὺς
1778 3602 1872 3656 καὶ

287 3697 458 3769 μηδὲν
489 3696 652 3768 ἀηδὲς
705 3695 991 3748 πείσεσθαι
1038 3693 1498 3766 παρακελεύεται.
1535 3695 1600 3746 ἐκ
1650 3693 1742 3745 τοῦ
1779 3710 1869 3745 πι-

287 3789 502 3843 στεύειν
548 3787 778 3858 ἅγγελον
828 3787 1022 3859 βοηθὸν
1068 3788 1178 3842 τῶν
1224 3789 1303 3850 είς
1334 3787 1466 3839 Θεὸν
1511 3785 1873 3839 πιστευόντων

287 3899 502 3936 καταπε
511 3881 620 3952 μπό
628 3898 808 3951 μενον.

365 3976 488 4028 Ὅτι
523 3973 648 4040 τοῖς
673 3972 952 4043 ἀγγέλοις
994 3971 1178 4026 αὑτοῦ
1202 3970 1528 4025 ἐντελεῖται
1574 3967 1708 4038 περὶ
1733 3969 1871 4023 σοῦ.

291 4062 464 4116 Τοῦτο
496 4063 589 4116 καὶ
619 4064 676 4115 ἐν
701 4061 778 4132 τῷ
802 4062 880 4130 λγ⁹
908 4061 1010 4132 ἔφη
1038 4060 1260 4130 ψαλμῷ·
1299 4059 1674 4128 Παρεμϐαλεῖ
1705 4057 1877 4128 ἅγγε-

289 4159 404 4222 λος
449 4155 671 4223 Κιιοίου
699 4155 904 4220 κύκλῳ
930 4153 1051 4207 τῶν
1081 4139 1466 4222 φοϐουμένων
1516 4149 1703 4204 αὑτὸν
1723 4189 1736 4213 ,
1777 4150 1875 4203 καὶ

283 4243 535 4311 ῥύσεται
565 4243 808 4307 αὐτούς.
845 4241 1153 4312 Ἀκούωμεν
1185 4243 1242 4295 δέ
1284 4242 1378 4294 καὶ
1416 4239 1609 4293 Ἰακὼϐ
1637 4240 1731 4292 τοῦ
1768 4257 1874 4294 πα-

291 4333 555 4404 τριάρχου
585 4332 864 4400 λέγοντοςο
914 4333 976 4384 '0
1011 4314 1266 4402 ἄγγελος
1297 4335 1328 4386 ό
1347 4333 1649 4399 ῥυόμενος
1683 4347 1760 4395 με
1807 4331 1876 4384 ὲκ

1963 1806 2041 1860 ait
2068 1804 2296 1875 pigritiae
2321 1821 2462 1862 esse.

2039 1979 2092 2034 7.
2136 1979 2341 2035 Cadent
2369 1998 2401 2034 a
2423 1981 2590 2036 latere
2624 1994 2714 2036 tuo
2741 1981 2904 2048 mille,
2926 1991 3032 2039 etc.
3061 1982 3228 2040 Latus
3255 1983 3540 2040 sinistrum

1963 2073 2324 2144 signiﬁcatur,
2350 2076 2546 2130 merito
2589 2076 2832 2146 quidem.
2863 2075 3002 2132 Huic
3026 2093 3154 2133 vero
3182 2078 3336 2133 lateri
3372 2079 3542 2134 millia

1964 2165 2213 2220 insidiari
2236 2166 2313 2220 ait
2343 2184 2359 2220 :
2389 2167 2598 2222 dextris
2631 2177 2810 2222 autem
2839 2168 3024 2223 decem
3060 2168 3249 2224 millia.
3280 2170 3542 2226 Dexteras

1962 2257 2163 2326 quippe
2193 2259 2434 2314 actiones
2458 2267 2697 2324 nostras,
2727 2271 2782 2314 et
2812 2259 3081 2315 virtutum
3117 2271 3265 2332 gesta
3293 2261 3453 2315 fortia
3477 2277 3544 2316 ac

1964 2349 2300 2403 mirabiliora
2337 2390 2353 2413 ,
2411 2349 2702 2405 multitudo
2769 2350 3132 2421 malignarum
3211 2360 3540 2421 petestatum

1965 2449 2208 2496 evertere
2239 2446 2529 2496 conantur.

2037 2617 2092 2672 8.
2141 2615 2510 2672 Verumtamen
2537 2615 2703 2671 oculis
2736 2617 2838 2671 tuis
2864 2615 3238 2671 considerabis.
3265 2613 3428 2675 Nihil.
3459 2615 3544 2668 in-

1967 2711 2105 2780 quit,
2134 2709 2330 2763 laedent
2359 2717 2410 2762 te
2441 2709 2808 2764 insidiatores.
2843 2707 3130 2779 Continget
3155 2717 3334 2762 autem
3359 2705 3456 2762 tibi
3486 2713 3544 2761 ut

1967 2800 2150 2869 lapsos
2178 2799 2362 2853 videas
2394 2799 2643 2854 inimicos
2672 2807 2814 2854 tuos.

2037 2892 2093 2947 9.
2131 2891 2466 2946 Altissimum
2519 2891 2744 2959 posuisti
2783 2891 3042 2962 refugium
3079 2901 3247 2946 tuum.
3311 2889 3545 2960 Spiritus

1969 2984 2317 3054 propheticus
2366 2983 2608 3043 vicissim
2662 2984 2959 3053 alloquitur
2990 2984 3242 3054 spiritum
3305 2985 3548 3040 hominis

1891 3051 1932 3108 C
1971 3051 2084 3142 Dei,
2113 3077 2314 3131 docens
2337 3084 2601 3146 quantum
2636 3075 2709 3130 sit
2737 3051 2850 3147 spei
2880 3051 3208 3148 erga'Deum
3235 3077 3494 3137 lucrum,

2042 3167 2126 3222 l0.
2161 3165 2282 3220 Non
2307 3165 2549 3224 accedent
2583 3165 2651 3220 ad
2689 3176 2738 3220 te
2774 3166 2940 3223 mala.
2997 3165 3135 3222 Nam
3191 3168 3318 3222 mali
3351 3176 3548 3222 natura

1967 3260 2312 3314 extrinsecus
2352 3259 2590 3322 advenit,
2619 3275 2742 3312 cum
2769 3269 2957 3314 contra
2983 3259 3157 3314 virtus
3193 3259 3547 3315 intrinsecam

1972 3352 2168 3407 habeat
2188 3365 2428 3406 causam.
2461 3349 2595 3404 Nam
2646 3350 2787 3406 Deus
2840 3351 2966 3407 fecit
3007 3351 3282 3407 hominem
3316 3360 3546 3414 rectum,

1971 3447 2066 3516 qui
2122 3459 2375 3515 quaerens
2425 3445 2780 3514 cogitationes
2838 3445 3031 3512 malas,
3077 3447 3415 3501 extrinsecus
3443 3447 3548 3500 sibi

1972 3537 2232 3590 malitiam
2292 3536 2534 3590 attraxit.
2577 3533 2645 3588 Et
2687 3535 2957 3606 ﬂagellum
3003 3552 3106 3596 non
3154 3539 3548 3608 appropinqua-

1975 3625 2046 3680 bit
2082 3625 2422 3680 tabernaculo
2453 3637 2563 3680 tuo.
2598 3625 2882 3681 Conlidere
2910 3625 3070 3695 jubet
3090 3639 3226 3688 cos,_
3249 3626 3394 3694 quod
3417 3625 3551 3678 nihil

1975 3718 2246 3786 ingratum
2278 3718 2509 3783 accidat,
2545 3726 2731 3786 utpote
2759 3718 2855 3789 qui
2898 3718 3082 3779 credat
3130 3718 3358 3772 missum
3387 3733 3552 3787 ange-

1974 3809 2086 3862 lum
2122 3807 2291 3863 fuisse
2317 3809 2692 3863 auxiliator-em
2732 3823 2921 3863 eorum
2952 3809 3046 3880 qui
3095 3808 3148 3864 in
3211 3809 3380 3864 Deum
3430 3825 3543 3864 cre-

1975 3899 2130 3954 dunt.

2052 3992 2137 4045 ll.
2174 3991 2436 4057 Quoniam
2465 3992 2798 4063 angelissuis
2825 3991 3098 4045 mandabit
3123 3993 3186 4047 de
3214 4001 3280 4047 te.
3313 3991 3554 4063 ldipsum

1977 4081 2032 4136 in
2062 4083 2336 4138 tricesimo
2368 4084 2528 4139 tertio
2564 4084 2775 4154 psalmo
2811 4085 2886 4138 ait
2915 4103 2928 4138 :
2959 4083 3437 4139 Castrametabitur
3465 4103 3558 4141 an-

1978 4176 2123 4245 gelus
2151 4174 2366 4229 Domini
2398 4176 2453 4228 in
2491 4175 2717 4228 circuitu
2754 4177 3051 4229 timentium
3101 4191 3218 4230 eum
3259 4176 3322 4230 εί.
3353 4176 3556 4238 Audia-

1981 4281 2102 4320 mus
2137 4273 2320 4319 autem
2370 4265 2735 4336 patriarcbam
2766 4263 2937 4320 Jacob
2965 4265 3231 4320 dicentem
3269 4284 3281 4319 :
3326 4265 3554 4336 Angelus

1981 4359 2072 4425 qui
2092 4357 2288 4426 eripuit
2320 4373 2398 4410 me
2423 4371 2486 4409 ea:
2512 4355 2753 4412 omnibus
2781 4354 2935 4408 malis
2973 4356 3101 4409 meis
3133 4356 3196 4407 ⁶².
3233 4353 3298 4409 Ει
3324 4371 3556 4426 magnus

289 4424 538 4480 πάντων
568 4424 686 4478 τῶν
715 4424 916 4478 κακῶν
941 4443 1074 4492 μου.
1100 4425 1211 4478 Καὶ
1239 4427 1267 4476 ό
1297 4427 1468 4509 μέγας
1512 4423 1763 4494 Ἀϐρααμ
1788 4423 1867 4476 τὸν

1981 4449 2253 4504 Abraham
2286 4448 2587 4503 domestico
2629 4462 2729 4502 suo
2791 4446 3041 4501 liduciam
3093 4446 3298 4500 addens
3329 4446 3508 4500 aiebat
3539 4466 3553 4500 :

289 4516 510 4586 οἰκέτην
536 4515 970 4587 παραθαρρύνων
1001 4515 1136 4586 ἔφη·
1173 4517 1227 4568 '0
1254 4516 1396 4581 Θεὸς
1428 4514 1760 4569 ἀποστελεῖ
1775 4515 1882 4568 τὸν

293 4609 554 4678 ἄγγελον
609 4608 796 4661 αὑτοῦ
836 4607 949 4676 πρὸ
995 4606 1320 4676 προσώπου
1369 4623 1508 4672 σου,
1555 4607 1654 4661 καὶ
1706 4606 1881 4676 λήψῃ

294 4699 553 4769 γυναῖκα
587 4699 792 4752 Ἰσαὰκ
824 4699 904 4766 τῷ
936 4700 1044 4767 υἱῷ
1089 4719 1209 4770 μου
1246 4700 1495 4755 ἐκεῖθεν.
1535 4701 1882 4770 Πανταχόθεν

295 4792 475 4844 τοίνυν
511 4790 876 4863 μανθάνομεν,
903 4791 979 4854 ὡς
1010 4793 1102 4845 καὶ
1122 4792 1188 4845 δι’
1220 4791 1469 4861 ἀγγέλων
1497 4793 1726 4863 φρουρεῖ
1753 4791 1882 4854 τοὺς

294 4887 376 4947 εὶς
405 4884 569 4936 αὑτὸν
596 4883 920 4947 πεποιθότας
952 4886 979 4936 ὁ
1009 4882 1118 4936 τῶν
1142 4884 1279 4936 ὅλων
1305 4883 1458 4946 Θεός.
1510 4883 1620 4936 Τοῦ
1667 4882 1878 4950 διαφυ-

295 4975 484 5040 λάξαι
510 4989 584 5028 σε
604 4975 675 5029 ἐν
700 4974 926 5041 πάσαις
949 4975 1078 5041 ταῖς
1103 4973 1265 5040 ὁδοῖς
1307 4988 1444 5028 σου.
1487 4973 1544 5026 Ὀ
1593 4975 1650 5026 ἐν
1688 4973 1878 5044 μηδενὶ

299 5067 534 5130 πταίων,
572 5058 728 5130 οὗτος
783 5065 1204 5136 διαφυλάσσεται
1239 5065 1297 5117 ἐν
1331 5063 1532 5126 πάσαις
1572 5066 1690 5126 ταῖς
1740 5061 1877 5124 ὁδοῖς

295 5156 491 5215 αὐτοῦ.

369 5247 616 5315 Μήποτε
644 5252 1007 5318 προσκόψῃς
1037 5249 1188 5317 πρὸς
1213 5249 1391 5303 λίθον
1421 5246 1527 5301 τὸν
1556 5245 1711 5300 πόδα
1739 5259 1876 5300 σου.

312 5343 372 5393 ’0
427 5337 564 5402 ποῦς
600 5341 697 5410 μὲν
727 5340 824 5410 τὴν
848 5340 1028 5410 ψυχὴν
1058 5337 1354 5410 σημαίνει,
1405 5340 1434 5390 ὁ
1478 5336 1535 5389 δὲ
1586 5335 1733 5399 λίθος
1783 5335 1880 5407 τὴν

300 5432 602 5505 ἁμαρτίαν.

1981 4538 2120 4593 Deus
2146 4541 2316 4593 mittet
2369 4539 2613 4610 angelum
2660 4555 2815 4591 suum
2861 4547 2981 4592 ante
3043 4537 3234 4607 faciem
3282 4546 3448 4606 tuam,
3508 4547 3556 4590 et

1981 4631 2208 4700 accipies
2231 4647 2449 4685 uxorem
2496 4630 2656 4686 Isaac
2685 4631 2799 4700 ﬁlio
2828 4647 2941 4684 meo
2981 4629 3168 4684 exinde
3201 4629 3266 4682 ⁸³.
3301 4628 3375 4683 Ex
3408 4630 3558 4683 omni

1981 4735 2133 4798 parte
2185 4726 2351 4796 igitur
2399 4727 2718 4794 ediscimus,
2773 4726 2918 4797 quod
2979 4725 3362 4782 universorum
3416 4723 3557 4794 Deus

1982 4833 2078 4872 eos
2109 4818 2204 4887 qui
2236 4818 2467 4873 credunt
2499 4819 2554 4871 in
2603 4817 2782 4888 ipsum
2837 4833 2933 4887 per
2975 4817 3197 4887 angelos
3261 4817 3556 4872 custodiat.

1991 4907 2059 4963 Ut
2107 4910 2404 4964 custodiant
2435 4920 2484 4964 te
2531 4911 2586 4963 in
2607 4909 2846 4966 omnibus
2877 4909 2973 4964 viis
3019 4910 3144 4962 tuis.
3174 4907 3280 4975 Qui
3310 4909 3558 4966 iunullo

1985 5000 2270 5072 delinquit,
2304 5003 2350 5056 is
2385 5003 2688 5057 custoditur
2727 5002 2780 5055 in
2818 5001 3073 5057 omnibus
3112 5001 3213 5055 viis
3245 4999 3409 5060 suis.,

2062 5263 2150 5316 12.
2203 5261 2284 5316 Ne
2335 5261 2467 5330 forte
2513 5259 2752 5328 offendas
2805 5256 2874 5311 ad
2920 5255 3148 5325 lapidem
3177 5254 3354 5324 pedem
3387 5262 3544 5313 tuum

1986 5353 2088 5411 Pes
2119 5356 2356 5409 animam
2382 5345 2670 5422 signiﬁcat,
2705 5350 2842 5422 lapis
2864 5357 3168 5420 peccatum.

371 5612 414 5642 "
455 5607 598 5665 Psal.
636 5625 833 5678 χχχιιι,
865 5610 918 5666 8.
994 5610 1037 5642 "
1067 5607 1203 5665 Gen.
1235 5622 1425 5672 xum,
1477 5605 1564 5663 l6.
1641 5605 1686 5638 ⁸³
1741 5602 1867 5660 Gen.

1981 5617 2066 5666 .tv,
2112 5601 2188 5653 Ἰ..
