3880 6216
370 236 475 292 405

438 337 529 407 ίόί
550 349 724 422 Super
766 346 1001 420 aspidem
1028 354 1078 400 et
1127 343 1434 397 basiliscum
1460 341 1778 395 ambulabis.
1816 338 1936 393 Non
1967 344 2015 400 Α

369 444 567 505 solum,
595 440 793 511 inquit.
829 453 863 493 ο
913 438 1079 515 homo
1138 432 1256 497 Dei,
1314 432 1452 487 nihil
1493 432 1623 486 mali
1676 429 1937 501 patieris;

369 536 463 592 sed
487 533 650 589 etiam
677 533 850 602 ipsam
882 530 1169 599 spirituum
1205 525 1604 580 multitudinem
1650 524 1718 579 ad
1778 524 1940 592 pedes

366 641 492 684 tuos
516 626 779 696 dejectam
809 621 1038 689 videbis,
1080 621 1155 675 ita
1182 629 1243 674 ut
1269 634 1392 673 cum
1431 618 1581 673 omni
1609 615 1940 673 confidentia

366 734 556 776 eorum
597 718 775 789 capita
807 716 1005 771 calces.

395 838 402 847 -
439 812 527 866 14.
555 811 819 877 Quoniam
854 808 910 861 in
938 816 1018 861 me
1040 807 1266 877 speravit
1301 804 1533 859 liberabo
1572 803 1942 860 eum.lnducit

367 911 657 975 personam
689 902 783 958 Dei
818 900 1223 972 promittentem
1262 899 1543 969 praemium
1577 898 1724 965 ﬁdei,
1752 898 1943 953 videli—

368 1008 454 1054 cet
478 998 732 1054 salutem.
776 995 901 1051 Haec
951 996 1172 1050 demum
1232 994 1306 1047 ait
1367 994 1751 1047 universorum
1774 990 1939 1057 Deus,

365 1092 567 1146 docens
598 1089 693 1160 qui
717 1088 787 1145 sit
838 1088 952 1159 spei
993 1087 1224 1142 fructus.
1285 1085 1551 1140 Liberabo
1597 1085 1741 1139 enim
1790 1099 1938 1151 eum,

366 1183 562 1252 inquit,
595 1197 661 1236 ex
687 1181 965 1251 pradictis
992 1195 1117 1234 cum
1152 1178 1457 1233 visibilibus
1507 1185 1622 1231 tum
1654 1175 1942 1231 invisibili-

364 1276 467 1331 bus
513 1274 945 1337 insidiatoribus,
1002 1286 1124 1326 eum
1183 1286 1278 1340 spe
1332 1269 1580 1333 vallabo;
1634 1267 1939 1323 custodiam

364 1382 513 1430 eum,
545 1367 855 1435 loquentem
902 1363 1120 1419 audiam
1174 1372 1229 1418 et
1279 1360 1730 1431 supplicationem
1788 1359 1939 1413 exci-

362 1456 833 1527 piam.'Protegam
856 1472 997 1519 eum,
1018 1454 1265 1524 quoniam
1286 1452 1523 1522 cognovit
1539 1467 1724 1504 nomen
1744 1466 1935 1504 meum.

362 1544 482 1597 Non
528 1544 707 1598 solum
751 1543 820 1596 ab
865 1542 1282 1598 insidiatoribus
1325 1555 1479 1596 meos
1515 1540 1781 1607 liberabo,
1844 1540 1938 1594 sed

361 1634 529 1688 etiam
558 1634 1012 1689 interminabilem
1036 1633 1168 1703 ipsis
1192 1633 1359 1687 vitam
1392 1632 1706 1697 concedam,
1740 1640 1795 1687 et
1815 1647 1938 1687 meo

1210 222 1267 277 S.
1310 218 1683 275 ATHANASII
1724 218 1874 274 OPP.
1907 217 2088 272 PARS
2130 214 2220 271 Ill.
2263 247 2332 257 -—
2371 212 2788 272 EXEGETICA.

3521 203 3629 260 404

2123 336 2247 391 Ἐπὶ
2269 335 2500 392 ἀσπίδα
2524 335 2621 389 καὶ
2655 330 3030 397 βασιλίσκον
3046 324 3330 395 ἐπιϐήσῃ.
3362 321 3440 378 Οὐ
3464 322 3627 394 μόνον

2042 430 2217 494 οὐδὲν,
2237 431 2421 502 φησιν,
2454 429 2746 499 ὑπομενεῖς
2767 424 2959 487 δεινὸν,
2993 417 3037 476 ὦ
3059 420 3311 493 ἄνθρωπε
3340 416 3438 470 τοῦ
3465 415 3627 483 Θεοῦ,

2043 522 2178 577 ἀλλά
2208 522 2302 576 καὶ
2331 518 2470 575 αὑτὰ
2507 520 2613 572 τῶν
2662 516 2989 587 πνευμάτων
3024 512 3095 567 τὰ
3137 510 3318 582 πλήθη
3350 509 3456 562 ὑπὸ
3495 508 3628 571 τοὺς

2044 613 2213 676 πόδας
2247 612 2378 675 ίδοις
2418 608 2830 681 ἐπενηνεγμένα
2879 606 3005 668 τοὺς
3036 602 3193 667 σούς·
3234 601 3308 665 ὡς
3337 600 3433 654 καὶ
3486 598 3629 669 μετά

2042 705 2225 775 πάσης
2255 704 2440 767 ἀδείας
2466 702 2565 766 τὰς
2596 700 2775 755 αὐτῶν
2795 699 3057 767 πατήσεις
3078 693 3341 764 κεφαλάς.

2115 800 2243 852 Ὅτι
2258 798 2349 851 ἐπ’
2368 796 2473 866 ἐμὲ
2489 796 2733 865 ἤλπισε,
2749 793 2848 849 καὶ
2861 793 3123 860 ῥύσομαι
3143 788 3347 844 αὐτόν.
3363 783 3625 856 Εἱσφέρει

2040 891 2101 945 τὸ
2123 890 2217 944 τοῦ
2245 889 2381 944 Θεοῦ
2406 889 2717 960 πρόσωπον,
2743 884 2933 957 μισθὸν
2961 882 3064 952 τῆς
3101 879 3335 941 πίστεως
3364 877 3464 948 τὴν
3508 893 3621 929 σω-

2040 984 2237 1055 τηρίαν
2285 980 2770 1052 ἐπαγγελλόμενον.
2801 977 2983 1031 Ταῦτα
3027 974 3213 1028 λοιπὸν
3248 975 3277 1025 6
3319 971 3428 1024 τῶν
3477 969 3619 1023 ὅλων

2040 1077 2144 1148 ἔφη
2183 1076 2334 1138 Θεὸς,
2373 1074 2635 1127 διδάσκων
2660 1072 2745 1135 τίς
2770 1071 2797 1122 ὁ
2844 1070 2942 1140 τῆς
2976 1065 3189 1129 ἐλπίδος
3220 1063 3449 1136 καρπός.
3493 1060 3623 1114 Ῥύο

2042 1183 2203 1238 σομαι
2229 1168 2334 1237 γὰρ
2363 1166 2545 1227 αὑτὸν,
2570 1165 2752 1233 φησὶν,
2772 1165 2836 1215 ἐκ
2866 1160 2975 1214 τῶν
2991 1158 3295 1230 εἰρημένων
3326 1153 3540 1227 ὁρατῶν
3555 1168 3624 1206 τε

2040 1259 2134 1312 καὶ
2158 1256 2403 1328 ἀοράτων
2436 1254 2754 1318 ἐπιϐούλων,
2788 1255 2855 1323 τῇ
2889 1253 2995 1322 ἐμῇ
3018 1248 3193 1303 ἐλπίδι
3243 1246 3625 1318 φραξάμενος·

2039 1349 2125 1401 διὰ
2140 1348 2297 1401 τοῦτο
2323 1346 2487 1400 αὐτὸν
2512 1345 2829 1415 φρουρήσω,
2859 1343 2955 1395 καὶ
2977 1338 3268 1401 καλοῦντος
3292 1337 3625 1406 ἀκούσομαι,

2040 1442 2134 1494 καὶ
2161 1439 2257 1511 τὴν
2278 1439 2460 1510 δέησιν
2489 1435 2731 1508 δέξομαι.
2764 1434 3057 1489 Σκεπάσω
3085 1430 3275 1485 αὐτὸν
3294 1472 3309 1494 ,
3340 1429 3431 1481 ὅτι
3468 1428 3628 1495 ἔγνω

2039 1530 2107 1583 τὸ
2132 1526 2319 1597 ὄνομά
2338 1545 2477 1597 μου.
2507 1526 2581 1579 Οὐ
2614 1525 2795 1596 μόνον,
2829 1522 2987 1593 φησὶ,
3024 1520 3133 1574 τῶν
3164 1516 3629 1572 ἐπιϐουλευόντων

2034 1621 2164 1683 τοὺς
2189 1618 2427 1691 ἐμαυτοῦ
2456 1617 2709 1689 ῥύσομαι,
2733 1614 2871 1669 ἀλλά
2891 1614 3002 1683 γὰρ
3026 1612 3120 1665 καὶ
3140 1612 3240 1682 τὴν
3266 1608 3627 1679 ἀτελεύτητον

366 1727 597 1782 salutari
627 1727 820 1797 dignos
846 1698 1075 1783 habebo:
1096 1726 1195 1782 Est
1216 1734 1396 1781 autem
1427 1726 1664 1780 salutare
1691 1734 1937 1780 nostrum

2062 1710 2221 1772 ιύτοῖς
2244 1708 2541 1779 χαρίσομαι
2573 1706 2717 1777 ζωήν
2740 1719 2754 1733 ⁸
2790 1705 2886 1757 καὶ
2932 1702 3039 1774 μὴν
3082 1701 3175 1755 καὶ
3213 1698 3306 1753 τοῦ
3350 1698 3623 1769 σωτηρίου

362 1817 522 1874 Jesus
552 1818 821 1887 Christus,
842 1820 936 1888 qui
963 1833 1063 1875 nos
1088 1820 1155 1874 ad
1177 1835 1379 1875 novum
1411 1828 1686 1874 certamen
1705 1818 1934 1886 inducit,

359 1918 415 1964 et
443 1909 604 1964 eiIicit
632 1919 692 1965 ut
722 1926 845 1965 cum
877 1912 971 1966 illo
1004 1925 1316 1982 regnemus.

434 2093 521 2148 15.
549 2092 816 2147 Clamabit
870 2094 937 2147 ad
982 2109 1064 2147 me
1094 2103 1143 2149 et
1186 2111 1278 2165 ego
1318 2094 1621 2148 exaudiam.
1650 2093 1784 2148 Cum
1820 2109 1934 2149 ma-

359 2202 465 2257 gna
492 2186 691 2242 mentis
720 2202 852 2242 voce
872 2186 1190 2241 clamaverit
1234 2187 1300 2241 ad
1340 2202 1450 2251 me,
1500 2201 1588 2241 me
1638 2186 1937 2241 exaudien-

360 2289 470 2335 tem
530 2287 585 2334 et
639 2289 969 2333 annuentem
1033 2279 1137 2348 ipsi
1206 2277 1458 2348 reperiet.
1512 2276 1737 2348 Semper
1787 2278 1933 2332 enim

359 2375 552 2429 adsum
580 2373 678 2436 illi,
713 2372 766 2426 in
799 2373 993 2442 quavis
1020 2371 1312 2427 occasione
1342 2379 1610 2426 versetur.

432 2465 520 2521 16.
556 2464 907 2535 Longitudine
930 2465 1135 2518 dierum
1165 2465 1369 2535 replebo
1394 2481 1532 2530 eum,
1585 2473 1635 2518 et
1664 2465 1937 2518 ostendam

358 2556 441 2610 illi
463 2556 700 2610 salutare
737 2571 923 2611 meum.
975 2553 1227 2609 Salutare
1284 2555 1417 2609 illud
1457 2564 1539 2610 est
1587 2556 1704 2624 ipse
1754 2554 1939 2609 Domi-

358 2664 465 2702 nus
499 2655 683 2701 noster
703 2644 862 2701 Jesus
889 2646 1165 2710 Christus,
1199 2646 1293 2715 qui
1346 2661 1445 2701 nos
1505 2645 1561 2699 in
1602 2661 1804 2701 novum
1840 2661 1940 2701 sae-

357 2736 541 2790 culum
607 2735 856 2800 induxit,
911 2732 971 2789 et
1017 2734 1198 2790 effecit
1254 2744 1314 2788 ut
1381 2750 1508 2789 cum
1577 2735 1673 2789 illo
1744 2750 1941 2806 regna-

358 2841 819 2972 rilflgséALMUS
843 2917 1036 2971 cantici
1070 2915 1244 2969 David
1282 2916 1338 2968 in
1366 2915 1452 2969 die
1479 2913 1719 2971 Sabbati.
1752 2914 1903 2972 λοι.

940 3069 1341 3137 Argumentum.

360 3156 764 3223 Sabbatismus,
814 3156 929 3214 sive
990 3157 1311 3222 Sabbatum,
1342 3158 1559 3213 videtur
1608 3174 1730 3214 esse
1758 3157 1941 3213 futura

431 3250 743 3311 haereditas.
793 3252 923 3321 quia
985 3251 1203 3307 labores
1278 3250 1507 3321 hujusce
1558 3252 1683 3306 vitae
1727 3252 1943 3322 requies

425 3346 699 3416 excipiet,
754 3345 912 3401 nobis
994 3345 1220 3415 praemia
1278 3353 1464 3399 nostra
1526 3345 1940 3414 accipientibus.

427 3437 641 3492 Laudat
669 3436 833 3505 igitur
868 3436 1103 3491 futuram
1146 3436 1289 3491 illam
1334 3435 1601 3506 requiem.

430 3597 484 3650 2.
512 3596 724 3650 Bonum
748 3604 825 3649 est
856 3596 1097 3665 conﬁteri
1150 3593 1392 3650 Domino.
1422 3595 1637 3651 Landes
1667 3595 1938 3674 enuntiat,

357 3699 413 3745 et
444 3690 513 3746 iis
550 3689 894 3745 celebrandis
920 3689 1008 3743 dic
1067 3698 1332 3760 nocteque
1384 3691 1757 3745 indesinenter
1781 3705 1943 3745 vaca-

357 3793 542 3841 turum
573 3798 631 3839 se
682 3782 972 3854 promittit,
1017 3797 1117 3853 pro
1176 3782 1342 3852 gestis
1376 3783 1585 3838 scilicet
1640 3781 1935 3851 Unigeniti.

358 3875 565 3946 Ecquid
599 3875 725 3931 fecit
752 3875 899 3929 aliud
929 3890 1091 3946 quam
1115 3874 1261 3946 quod
1295 3873 1752 3930 resurrectionem
1782 3876 1940 3931 nobis

355 3961 603 4033 paravit?
1916 4020 1927 4030 .

431 4052 485 4104 5.
516 4051 598 4105 Ad
643 4054 1070 4107 annuntiandum
1119 4063 1271 4107 mane
1319 4054 1741 4107 misericordiam
1770 4062 1937 4110 tuam.

357 4142 443 4197 Ad
472 4144 909 4199 annuntiandum
970 4144 1211 4199 diluculo
1273 4145 1708 4200 misericordiam
1764 4152 1939 4211 tuam,

356 4242 413 4288 et
445 4232 759 4290 ﬁrmitatem
790 4244 937 4290 tuam
970 4237 1023 4290 in
1048 4246 1206 4290 nocte

430 4324 484 4380 4.
512 4325 580 4379 1η
610 4326 937 4381 decachordo
969 4326 1243 4396 psalterio,
1264 4343 1379 4380 cum
1408 4328 1612 4381 cantico
1635 4328 1691 4381 in
1707 4326 1936 4385 cithara.

1966 3070 2013 3132 (Ζ

2039 1798 2361 1864 καταξιώσω
2392 1798 2486 1851 τοῦ
2522 1794 2783 1867 ἐμαυτοῦ,
2832 1794 2933 1864 Εἴη
2979 1792 3035 1845 δὲ
3084 1792 3146 1844 τὸ
3177 1792 3441 1861 σωτήριον
3467 1789 3627 1860 ήμῶν

2051 1891 2257 1965 Ἰησοῦς
2317 1890 2552 1961 Χριστὸς
2577 1931 2591 1953 ,
2648 1890 2678 1941 6
2716 1888 2810 1941 καὶ
2845 1890 2926 1951 εἰς
2970 1887 3061 1939 τὸν
3095 1885 3214 1939 νέον
3256 1885 3403 1954 ἡμᾶς
3437 1881 3628 1950 ἀγῶνα

2037 1985 2293 2054 εἰσάγων,
2322 1985 2418 2038 καὶ
2449 1982 2868 2055 συμϐασιλεύειν
2892 1979 3041 2051 αὐτῷ
3064 1974 3523 2049 παρασκευάζων.

2107 2075 2469 2145 Κεκράξεται
2494 2076 2643 2143 πρὸς
2670 2074 2771 2145 μὲ,
2806 2073 2906 2127 καὶ
2932 2073 3368 2140 ἐπακούσομαι.
3402 2072 3621 2141 Κεκρα-

2036 2167 2148 2238 γὼς
2174 2169 2230 2221 δὲ
2269 2171 2335 2238 τῇ
2388 2168 2487 2239 τῆς
2518 2167 2694 2238 ψυχῆς
2732 2164 3111 2237 μεγαλοφωνίᾳ
3143 2164 3280 2234 πρὸς
3340 2163 3479 2232 ἐμὲ,
3527 2164 3631 2213 ἐπ-

2036 2261 2305 2316 ακούοντά
2326 2278 2413 2332 με,
2446 2262 2539 2314 καὶ
2576 2260 2890 2314 ἐπινεύοντα
2925 2259 3072 2327 αὐτῷ
3097 2259 3339 2329 εὑρήσει.
3372 2257 3485 2309 Ἀεί⁷
3510 2256 3623 2327 γὰρ

2037 2353 2185 2424 αὐτῷ
2215 2355 2467 2424 πάρειμι,
2498 2352 2599 2407 κᾶν
2623 2356 2680 2406 ὲν
2712 2353 3031 2424 περιστάσει
3056 2351 3319 2421 τυγχάνῃ.

2103 2447 2457 2515 Μακρότητα
2482 2445 2718 2514 ἡμερῶν
2742 2444 3035 2514 ἐμπλήσω
3056 2443 3263 2505 αὐτὸν,
3294 2442 3393 2495 καὶ
3445 2440 3623 2506 δείξω

2036 2534 2197 2600 αὐτῷ
2225 2533 2291 2587 τὸ
2319 2534 2616 2602 σωτήριόν
2647 2552 2787 2603 μου.
2831 2534 2929 2604 Εῖη
2979 2533 3035 2585 δὲ
3068 2531 3227 2585 τοῦτο
3260 2531 3321 2583 τὸ
3357 2531 3626 2601 σωτήριον

2038 2625 2196 2687 αὐτὸς
2236 2624 2265 2676 6
2318 2624 2524 2695 Κύριος
2561 2624 2719 2694 ἡμῶν
2766 2621 2971 2693 Ἰησοῦς
3020 2624 3047 2673 6
3074 2620 3326 2694 Χριστὸς,
3361 2623 3390 2673 6
3427 2620 3522 2672 καὶ
3550 2622 3630 2682 είς

2039 2718 2129 2770 τὸν
2166 2716 2287 2770 νέον
2329 2717 2477 2786 ἡμᾶς
2506 2715 2677 2768 αἰῶνα
2699 2715 3028 2783 εἰσαγαγὼν,
3060 2714 3155 2767 καὶ
3198 2710 3627 2783 συμϐασιλεῦσαι

2039 2808 2187 2880 αὐτῷ
2210 2810 2307 2863 καὶ
2334 2807 2788 2877 παρασκευάζων.

2260 2903 2567 2954 ΨΑΛΜΟΣ
2594 2899 2754 2965 ᾠδῆς
2797 2903 2885 2965 εὶς
2917 2898 3033 2966 τὴν
3056 2897 3284 2968 ἡμέραν
3306 2896 3411 2950 τοῦ

2589 2970 2912 3023 Σαϐϐάτου.
2958 2970 3073 3036 ιιΑκ
3468 3008 3471 3009 ν

2687 3063 3015 3127 Ὑπόθεσις.

2059 3159 2117 3211 '0
2148 3156 2523 3227 Σαϐϐατισμὸς
2548 3196 2562 3221 ,
2597 3154 2716 3225 ’ήτοι
2742 3154 2803 3207 τὸ
2837 3153 3114 3207 Σάϐϐατον
3134 3193 3148 3217 ,
3186 3152 3271 3223 εἴη
3319 3151 3385 3204 ἂν
3414 3153 3449 3222 ἡ
3502 3150 3627 3221 μέλ-

2113 3249 2277 3302 λουσα
2308 3246 2663 3319 κληρονομία,
2698 3247 2780 3299 ὅτι
2807 3246 2902 3299 καὶ
2944 3246 3247 3307 ἀνάπαυσις
3278 3244 3406 3305 τοὺς
3435 3243 3625 3298 ἐνθάδε

2112 3342 2307 3406 πόνους
2353 3340 2685 3407 διαδέξεται,
2736 3338 2836 3404 τὰς
2880 3337 3112 3408 ἀμοιϐὰς
3169 3337 3328 3408 ήμῶν
3380 3336 3623 3407 δηλονότι

2114 3430 2559 3502 ἀποληψομένων.
2590 3431 2739 3483 Αίνεῖ
2760 3424 2853 3483 οὖν
2876 3428 3089 3499 ἐκείνην
3121 3426 3220 3499 τὴν
3252 3427 3625 3498 γενησομένην

2112 3523 2437 3576 ἀνάπαυσιν.

2125 3610 2365 3681 Ἀγαθὸν
2401 3610 2470 3664 τὸ
2514 3609 3004 3679 ἐξομολογεῖσθαι
3035 3608 3117 3675 τῷ
3159 3609 3376 3676 Κυρίῳ.
3411 3608 3627 3661 Λῖνεσιν

2044 3700 2425 3773 προϐάλλεται,
2457 3683 2611 3771 φησι,
2639 3700 2734 3754 καὶ
2753 3699 2957 3770 ταύτην
2986 3699 3197 3771 ἡμέρας
3216 3716 3275 3752 τε
3305 3700 3400 3752 καὶ
3430 3698 3627 3760 νυκτὸς

2042 3791 2337 3855 ἀπαύστως
2368 3792 2707 3861 ὑπισχνεῖται
2746 3791 3069 3860 καταλέγειν
3094 3790 3179 3860 ἐφ’
3210 3783 3291 3853 οἷς
3326 3790 3627 3861 πεποίηκεν

2042 3884 2072 3935 6
2120 3882 2449 3953 Μονογενής.
2493 3881 2603 3933 Καὶ
2628 3879 2681 3933 τί
2728 3881 3028 3951 πεποίηκεν
3083 3879 3117 3950 ἢ
3169 3879 3270 3951 τὴν
3325 3878 3625 3933 ἀνάστασιν

2042 3975 2172 4043 ἡμῖν
2198 3972 2608 4045 παρεσκεύασεν
2627 3989 2641 4037 ;

2118 4064 2228 4118 Τοῦ
2256 4062 2654 4133 (ὲν-ἀγγέλλειν
2679 4060 2743 4114 τὸ
2776 4061 2926 4129 πρωῒ
2955 4059 3021 4113 τὸ
3051 4060 3225 4126 ἔλεός
3246 4075 3383 4113 σου.
3415 4061 3623 4130 Ἀπαγ-

2040 4154 2251 4223 γέλλειν
2286 4154 2406 4208 κατ’
2426 4142 2629 4226 ὄρθρον
2655 4152 2716 4205 τὸ
2745 4151 2892 4215 ἔλεός
2914 4170 3028 4216 σου,
3056 4151 3151 4205 καὶ
3172 4151 3269 4221 τὴν
3296 4150 3630 4223 βεϐαιότητά

2042 4261 2136 4298 σου
2161 4244 2301 4299 κατὰ
2339 4242 2529 4299 νύκτα.
3044 4247 3049 4251 ’

2126 4338 2229 4391 Ἐν
2256 4335 2598 4405 δεκαχόρδφ
2627 4332 2959 4403 ψαλτηρίῳ,
2971 4332 3101 4401 μετ’
3124 4329 3367 4400 ᾠδῆς-ἐν
3390 4328 3627 4398 κιθάρᾳ.

358 4416 770 4475 Decachordum
805 4419 1121 4490 psalterium
1173 4420 1307 4474 dicit
1339 4434 1561 4489 corpus,
1602 4421 1743 4491 quod
1774 4420 1939 4476 habet

2062 4430 2377 4502 λεκάχορδον
2415 4428 2714 4499 ψαλτήριον
2765 4426 2826 4480 τὸ
2870 4426 3030 4497 σῶμά
3063 4442 3256 4495 φησιν,
3303 4424 3401 4477 ἅτε
3462 4423 3630 4476 πέντε

358 4509 604 4580 quinque
642 4525 859 4574 sensus,
923 4516 977 4565 et
1031 4510 1272 4580 quinque
1324 4510 1522 4564 animae
1556 4510 1934 4580 operationes;

356 4616 455 4671 per
486 4602 733 4673 singulos
769 4600 1030 4655 nimirum
1073 4615 1267 4655 sensus
1318 4599 1546 4671 singulae
1590 4609 1716 4656 sunt
1742 4602 1939 4657 animae

357 4695 723 4763 operationes.

431 4786 484 4839 5.
520 4785 659 4851 Quia
720 4785 997 4839 delectasti
1048 4800 1146 4851 me,
1182 4784 1433 4850 .Domine,
1472 4785 1530 4839 in
1578 4786 1790 4854 factura
1822 4794 1935 4841 tua.

356 4873 601 4928 Cernens
623 4883 712 4929 tua
738 4874 951 4944 Opiﬁcia
973 4884 1027 4931 et
1048 4875 1375 4932 ineﬂ‘abilem
1396 4876 1759 4933 (economiam
1787 4886 1933 4932 tuam

355 4965 572 5020 exsulto
597 4976 650 5021 et
690 4965 902 5037 gaudeo
923 5009 939 5033 ,
997 4978 1163 5039 atque
1187 4985 1255 5024 ex
1289 4970 1488 5026 mentis
1511 4971 1785 5040 voluptate
1835 4971 1937 5024 lin-

356 5073 519 5128 guam
549 5058 617 5113 ad
646 5058 880 5131 hymnos
913 5062 1187 5117 canendos
1223 5079 1433 5118 moveo.

428 5150 672 5218 6.Quam
698 5152 1041 5222 magniﬁcam
1062 5164 1185 5208 sunt
1224 5172 1379 5221 Opera
1408 5155 1891 5223 tua,Domine,ctc.
1916 5159 1930 5212 !
1980 5179 1989 5186 ο

356 5241 472 5314 Ego
497 5244 741 5314 quidem,
758 5244 855 5310 ait,
876 5261 1037 5315 opera
1068 5256 1159 5300 tua
1186 5247 1485 5314 celebrans,
1509 5248 1931 5319 profunditatem

357 5336 753 5406 cogitationum
786 5346 1001 5391 tuarum
1036 5354 1381 5408 summepere
1429 5341 1620 5402 miror,
1665 5341 1853 5395 videns
1870 5356 1931 5393 ea

356 5444 479 5499 qua:
507 5428 563 5483 in
595 5431 801 5485 mundo
835 5430 1033 5485 fecisti.
1066 5429 1173 5485 Sed
1211 5432 1530 5499 insipientes
1565 5446 1675 5484 non
1731 5433 1931 5487 intelli~

356 5536 492 5591 gum
535 5522 957 5588 profunditatem
996 5523 1262 5595 mysterii.

429 5612 593 5666 7.Vir
616 5615 865 5683 insipiens
909 5632 1011 5670 non
1041 5625 1332 5688 cognoscet,
1386 5628 1489 5671 etc.
1528 5614 1707 5669 Variis
1757 5615 1933 5671 modis

355 5703 459 5760 hoc
486 5707 754 5777 enuntiat,
798 5709 1061 5780 quoniam
1118 5712 1210 5781 qui
1258 5720 1437 5766 mente
1464 5718 1701 5781 aegrotus
1749 5718 1833 5766 est
1880 5716 1932 5765 ct

2042 4522 2321 4593 αἰσθήσεις
2351 4521 2472 4592 ἔχον
2500 4520 2595 4573 καὶ
2618 4519 2778 4571 πέντε
2809 4518 3090 4589 ἐνεργείας
3133 4515 3312 4585 ψυχῆς
3334 4554 3348 4578 ,
3387 4515 3455 4567 δι’
3490 4515 3626 4567 ἐκά-

2044 4630 2175 4685 στης
2196 4613 2500 4683 αἰσθήσεως
2528 4609 2817 4680 γινομένης
2842 4608 3121 4679 ἐνεργείας
3148 4608 3403 4677 ἑκάστης.

2110 4798 2231 4850 ’Ὁτι
2262 4796 2567 4865 εὖφρανάς
2593 4813 2689 4865 με,
2724 4795 2922 4862 Κύριε,
2956 4794 3028 4848 ἐν
3055 4793 3136 4859 τῷ
3167 4793 3452 4864 ποιήματι
3484 4812 3625 4851 σου.

2052 4887 2222 4960 Ὁρῶν
2253 4888 2362 4957 γάρ
2399 4904 2492 4939 σου
2531 4886 2631 4951 τὰς
2667 4885 3031 4958 δημιουργίας
3070 4887 3166 4939 καὶ
3204 4886 3304 4951 τὰς
3347 4888 3629 4960 ἀρρήτους

2037 4982 2346 5053 οἰκονομίας
2379 4980 2684 5051 ἀγάλλομαί
2731 4998 2792 5034 τε
2821 4980 2917 5034 καὶ
2960 4981 3239 5052 γάνυμαι,
3287 4982 3381 5034 καὶ
3413 4984 3481 5053 τῇ
3522 4981 3629 5052 τῆς

2035 5073 2213 5144 ψυχῆς
2243 5072 2400 5143 ἡδονῇ
2433 5070 2533 5143 τὴν
2559 5071 2805 5140 γλῶτταν
2836 5073 2915 5135 εἰς
2941 5071 3212 5143 ὑμνῳδίαν
3250 5072 3408 5125 κινῶ.
3452 5104 3459 5113 -

2120 5165 2215 5229 Ὧς
2240 5164 2615 5233 ἐμεγαλύνθη
2647 5163 2719 5215 τὰ
2744 5163 2888 5232 ἔργα
2916 5178 3053 5229 σου,
3078 5164 3257 5231 Κύριε
3271 5163 3291 5214 !
3324 5160 3467 5231 Ἐγὼ
3499 5162 3620 5234 μὲν,

2036 5254 2190 5324 φησι,
2229 5255 2296 5307 τὰ
2346 5254 2414 5308 σὰ
2466 5255 2601 5326 ἔργα
2647 5253 2925 5324 ἀνυμνῶν,
2956 5255 3051 5307 καὶ
3084 5253 3147 5306 τὺ
3176 5254 3340 5324 βάθος
3364 5254 3472 5307 τῶν
3513 5253 3622 5305 σῶν

2036 5346 2309 5417 λογισμῶν
2339 5346 2733 5416 ἐκπλήττομαι,
2766 5337 2840 5397 ὧν
2866 5346 2924 5398 ἐν
2950 5348 3015 5416 τῇ
3044 5344 3327 5415 οἰκονομίᾳ
3356 5346 3617 5415 εἰργάσω.

2050 5438 2188 5490 Ἀλλ’
2218 5440 2265 5489 οἱ
2297 5438 2526 5507 ἄφρονες
2547 5436 2607 5489 οὑ
2637 5436 2852 5489 συνιᾶσι
2877 5436 2971 5489 τοῦ
3001 5435 3302 5508 μυστηρίου
3332 5434 3393 5487 τὸ
3430 5434 3613 5505 βάθος.

2120 5620 2291 5688 Ἀνὴρ
2316 5619 2517 5689 ἄφρων
2539 5623 2610 5674 οὺ
2642 5621 2951 5690 γνώσεται.
3001 5623 3285 5694 Διαφὸρως
3321 5622 3497 5678 ταῦτα
3537 5623 3618 5677 εί-

2041 5728 2223 5784 ρηκεν,
2259 5712 2340 5767 ὅτι
2369 5715 2395 5766 6
2416 5712 2512 5777 τὰς
2535 5713 2739 5785 φρένας
2767 5713 2936 5769 νοσῶν
2969 5715 3062 5769 καὶ
3090 5714 3359 5781 συνέσεως
3413 5714 3619 5788 Κρημος
