3880 6216
253 228 361 283 105

1383 223 1738 281 EXPOSlTlO
1780 223 1847 280 IN
1884 222 2218 281 PSALMUM
2258 222 2415 279 XCII.

3414 223 3521 281 406
3553 264 3562 274 .

249 345 462 399 τούτων
523 343 673 397 οὐδὲν
725 342 1003 412 γινώσκει,
1043 341 1166 395 οὔτε
1219 344 1326 414 μὴν
1375 342 1668 398 ἀκούσεται
1713 346 1841 414 περὶ

1981 341 2302 412 ntelligentia
2337 353 2564 405 vacuus,
2594 337 2727 392 nihil
2772 337 2971 392 horum
3017 339 3314 408 cognoscit,
3345 353 3520 408 neque

250 435 484 490 τούτων.

342 525 448 579 Ἔν
501 523 581 589 τῷ
623 521 930 576 ἀνατεῖλαι
983 521 1370 590 ἁμαρτωλοὺς
1409 521 1555 575 ὡσεὶ
1603 521 1839 590 χόρτον.

256 619 321 669 οξ
351 616 427 686 μὴ
451 613 743 678 συνιέντες,
793 614 928 683 φησὶ
952 654 967 678 ,
1000 614 1062 666 τὸ
1099 614 1400 684 μυστήριον
1445 613 1600 684 δίκην
1649 612 1842 683 χόρτου

256 705 494 767 ἔσονται,
531 703 605 774 μὴ
633 703 848 774 ἔχοντες
877 704 936 756 τὸ
954 703 1116 774 βάθος
1139 703 1356 776 δηλαδὴ,
1383 705 1476 758 καὶ
1505 703 1716 774 ταχέως
1744 720 1843 756 πε-

257 796 483 849 σοῦνται
516 796 609 848 καὶ
638 795 1088 866 ξηρανθὴσονται.

332 887 442 940 Καὶ
472 887 862 956 ὑψωθήσεται
880 889 960 950 ὡς
973 884 1384 956 μονοκέρωτος
1416 884 1480 939 τό
1513 887 1692 954 κέρας
1701 903 1842 955 μου.

257 978 455 1042 Ὅταν,
504 979 688 1049 φησιν,
726 977 1054 1032 ἀπολοῦνται
1088 981 1135 1032 οί
1168 977 1354 1050 ἐχθροὶ
1395 979 1488 1031 καὶ
1530 978 1848 1050 διασκορπι-

261 1071 576 1139 σθήσονται,
611 1071 730 1123 τότε
761 1070 825 1142 δὴ
857 1071 976 1126 τότε
1010 1071 1072 1122 τὸ
1096 1070 1226 1141 ἐμὸν
1251 1070 1440 1141 κέρας,
1481 1070 1756 1123 τουτέστιν
1810 1074 1843 1140 ἡ

260 1161 556 1230 βασιλείαὴ
579 1161 980 1232 ἡτοιμασμένη.
999 1161 1304 1232 περιφανὴς
1321 1163 1630 1233 γενήσεται.
1660 1162 1846 1232 Ἡμεῖς

257 1255 317 1308 δὲ
350 1256 400 1307 oi
433 1255 532 1326 τὴν
585 1256 686 1327 σὴν
722 1255 1018 1324 ἐπίγνωσιν
1057 1255 1291 1326 ἔχοντες,
1346 1256 1446 1327 τὴν
1495 1256 1603 1308 τῶν
1637 1255 1848 1326 ἐχθρῶν

261 1364 362 1400 σου
395 1347 691 1402 κατάλυσιν
725 1347 1085 1418 θεασάμενοι,
1127 1348 1499 1420 γαυριάσομεν
1527 1350 1618 1402 ἐπὶ
1646 1349 1726 1401 σοὶ
1756 1348 1850 1401 καὶ

264 1437 414 1509 μέγα
470 1440 811 1510 φρονήσομεν
837 1457 852 1470 ο
910 1439 1006 1492 ἆτε
1060 1439 1125 1510 δὴ
1177 1441 1278 1510 τῆς
1329 1438 1590 1493 πολυθέου
1642 1440 1851 1509 πλάνης

261 1528 696 1599 ἀπηλλαγμένοι,
729 1529 823 1583 καί
854 1547 915 1584 σε
951 1530 1044 1583 τὸν
1078 1529 1206 1584 ὄντα
1235 1530 1667 1602 προσκυνοῦντες
1697 1531 1854 1584 Θεόν.

265 1621 376 1675 Τὸν
407 1621 520 1692 γὰρ
550 1623 857 1692 μονόκερων
887 1622 1120 1676 ἐνταῦθα
1155 1622 1315 1676 πάλιν
1355 1625 1709 1695 παρήγαγεν,
1764 1623 1850 1675 ἵνα

1943 434 2222 506 quidpiam
2251 432 2319 488 de
2344 431 2430 486 bis
2456 431 2660 486 audiet.

2015 527 2068 581 8.
2103 527 2232 582 Cum
2255 525 2427 580 exorti
2455 525 2655 594 fuerint
2677 532 2972 593 peccatores
3022 522 3386 592 sicut-fenum.
3416 521 3519 587 Qui.

1946 629 2053 668 non
2085 613 2394 681 intelligunt
2424 613 2766 683 mysterium,
2795 612 2892 680 ait,
2920 611 3078 683 quasi
3123 611 3307 666 fenum
3335 623 3518 674 erunt,

1947 719 2056 758 non
2108 702 2371 758 habentes
2423 702 2870 773 profunditatem,
2922 718 2989 757 ac
3053 703 3161 758 cito
3206 703 3426 768 cadent,
3468 712 3522 756 et

1945 802 2214 849 arescent.

2020 885 2104 940 ll.
2140 883 2211 938 Et
2263 883 2589 939 excitabitur
2623 885 2757 939 sicut
2802 886 3069 939 unicornis
3122 901 3286 939 cornu
3329 901 3518 938 meum.

1947 976 2198 1044 Quando,
2232 979 2428 1046 inquit,
2459 979 2712 1048 peribunt
2767 977 2974 1032 inimici
3028 987 3083 1032 et
3124 979 3522 1048 dispergentur,

1950 1081 2080 1127 tunc
2124 1086 2296 1126 cornu
2327 1086 2531 1134 meum,
2595 1071 2842 1126 videlicet
2884 1086 3112 1140 regnum
3140 1077 3524 1140 praeparatum,

1949 1161 2272 1232 praeclarum
2313 1162 2435 1216 crit.
2468 1160 2578 1217 Nos
2616 1171 2820 1227 autem,
2873 1162 2968 1232 qui
2997 1171 3088 1217 tua
3117 1178 3306 1218 sumus
3341 1162 3527 1232 cogni-

1951 1253 2098 1308 tione
2151 1253 2424 1317 instructi,
2481 1268 2605 1307 cum
2651 1253 2864 1306 ruinam
2917 1252 3262 1307 inimicorum
3309 1262 3524 1320 tuorum

1949 1345 2270 1409 viderimus,
2286 1344 2646 1414 gloriabimur
2678 1353 2728 1398 et
2753 1345 2919 1398 altum
2955 1345 3231 1413 sapiemus
3259 1345 3313 1398 in
3341 1353 3415 1412 te,
3443 1354 3528 1399 ut-

1950 1448 2075 1508 pote
2103 1453 2134 1492 a
2160 1438 2388 1492 deorum
2420 1437 2718 1490 multorum
2774 1451 2960 1491 errore
3000 1437 3237 1502 liberati,
3272 1445 3326 1493 et
3353 1447 3405 1492 te
3433 1437 3528 1507 qui

1951 1545 2076 1584 rere
2105 1529 2249 1585 Deus
2283 1544 2342 1584 es
2379 1529 2692 1584 adorantes.
2720 1527 2858 1582 Nam
2910 1529 3175 1585 unicornu
3206 1530 3296 1586 hie
3334 1530 3528 1584 iterum

1953 1620 2258 1690 proposuit,
2291 1626 2350 1674 ut
2379 1634 2476 1689 per
2526 1634 2697 1673 unum
2753 1634 2946 1685 cornu,
2980 1635 3149 1673 unum
3203 1619 3530 1690 signiﬁcaret

261 1711 355 1764 διὰ
397 1711 490 1765 τοῦ
543 1713 658 1776 ἐνὸς
712 1713 941 1784 κέρατος
990 1714 1080 1767 τὸν
1125 1713 1220 1766 ἕνα
1277 1713 1650 1787 παραδηλώσῃ
1695 1714 1848 1768 Θεόν.

1981 1716 2146 1770 )eum.
2171 1712 2644 1780 Quemadmodum
2681 1712 2825 1768 enim
2861 1711 2992 1767 illud
3024 1711 3245 1777 animal,
3302 1725 3470 1765 unum
3499 1727 3530 1764 a

267 1805 484 1875 ’Ὠσπερ
517 1803 626 1874 γὰρ
652 1807 828 1858 έκεῖνο
873 1805 933 1858 τὸ
976 1802 1115 1868 ζῶον
1145 1805 1203 1857 ἓν
1236 1804 1412 1857 ἔλαϐε.
1442 1804 1592 1887 παρά
1619 1805 1719 1876 τῆς
1750 1804 1849 1874 φύ-

265 1909 407 1958 (xw;
458 1894 624 1967 κέρας
653 1911 667 1925 ⁸
709 1894 854 1948 οὕτω
900 1895 1000 1966 τῆς
1031 1895 1310 1960 εὐσεϐείας
1343 1896 1391 1949 οἱ
1413 1895 1666 1966 τρόφιμοι
1722 1896 1851 1967 μίαν

264 1985 710 2056 προσκυνήσουσι
729 1983 985 2054 θεότητα..
1003 1984 1114 2038 Καὶ
1140 1985 1204 2038 τὸ
1228 1984 1419 2054 γῆράς
1434 2003 1553 2054 μου
1578 1987 1647 2039 ἐν
1673 1985 1869 2053 Mala).

268 2077 453 2128 πίονι.
485 2075 640 2130 Μετὰ
671 2075 797 2138 τοὺς
831 2076 1048 2142 πόνους,
1085 2076 1270 2147 φησὶν,
1299 2075 1392 2140 οὓς
1421 2077 1696 2148 ὑπομένω,
1731 2078 1852 2130 τότε

265 2160 334 2232 δὴ
373 2161 538 2214 οἱονεὶ
567 2161 732 2232 ἐλαίῳ
776 2163 1056 2234 χρήσομαι
1084 2165 1164 2228 εἰς
1210 2164 1476 2234 βασίλειον
1519 2167 1849 2237 ἱεράτευμα·

270 2252 370 2305 καὶ
399 2251 558 2304 τοῦτό
600 2269 690 2322 μοι
717 2252 872 2306 ἐσται
896 2253 1004 2306 τῶν
1034 2254 1264 2326 μακρῶν
1285 2256 1461 2308 πόνων
1493 2257 1554 2309 τὸ
1587 2257 1778 2328 γέρας.

343 2344 454 2398 Καὶ
484 2343 724 2400 ἐπεῖδεν
765 2346 1135 2416 ὁ-ὀφθαλμός
1179 2355 1298 2418 μου
1339 2349 1409 2402 ὲν
1465 2349 1588 2415 τοῖς
1621 2350 1856 2418 ἐχθροῖς

261 2453 409 2504 μου.
443 2437 634 2490 Ἔσται
670 2454 760 2506 μοι
814 2435 974 2490 τοῦτο
1022 2437 1161 2508 μετὰ
1195 2439 1305 2492 τῶν
1343 2439 1517 2493 ἄλλων
1565 2439 1765 2504 καλῶν,
1795 2441 1856 2492 τὸ

267 2526 469 2598 θεατήν
517 2543 585 2596 με
627 2526 879 2595 γενέσθαι
927 2528 1240 2584 πιπτόντων
1280 2530 1389 2585 τῶν
1416 2529 1716 2585 ἐπιϐούλων
1752 2549 1865 2602 μου.

268 2637 376 2674 της
405 2637 605 2674 ψυγης.

350 2637 376 2652 ρ
449 2637 478 2671 υ
589 2658 605 2674 .

305 2618 785 2780 ηἱῖἓφὲἓέυμένοι
812 2712 882 2765 ἐν
905 2711 983 2778 τῷ
1011 2713 1154 2778 οἴκῳ
1181 2715 1422 2782 Κυρίου.
1465 2709 1624 2770 Οὗτοι
1646 2715 1722 2779 δὲ,
1755 2732 1858 2785 φη-

271 2803 382 2864 σὶν,
417 2803 465 2854 οἱ
488 2800 698 2865 τούτοις
729 2803 1121 2873 ἀπεικασμένοι
1147 2807 1257 2868 τοῖς
1294 2805 1527 2875 κέδροις,
1557 2805 1875 2876 φυτουργὸν

272 2893 378 2964 μὲν
415 2892 594 2962 ἔχουσι
631 2893 722 2948 τὸν
763 2895 916 2959 Θεὸν,
962 2895 1288 2966 παράδεισον
1315 2895 1371 2949 δὲ
1397 2895 1488 2949 τὸν
1523 2897 1665 2952 θεῖον
1699 2895 1854 2950 νεών.

283 2980 386 3032 Ἐν
408 2979 538 3046 ταῖς
573 2981 789 3047 αὐλαῖς
814 2981 922 3036 τοῦ
951 2984 1099 3038 Θεοῦ
1131 2983 1302 3053 ἡμῶν
1322 2984 1722 3050 ἀνθήσουσιν.
1767 2987 1856 3039 Ἐν

1953 1815 2149 1861 natura
2198 1821 2370 1862 cornu
2427 1807 2678 1875 accepit;
2712 1805 2792 1859 sic
2835 1805 3040 1859 alumni
3100 1805 3320 1875 pietatis
3367 1819 3528 1858 unam

1953 1897 2261 1952 adorabunt
2287 1897 2560 1952 deitatem.
2597 1895 2664 1947 Et
2693 1905 2928 1950 senectus
2961 1912 3078 1950 mea
3126 1897 3179 1949 in
3202 1897 3312 1949 oleo
3333 1895 3527 1966 pingui.

1954 1986 2082 2040 Post
2108 1985 2323 2040 labores
2375 2000 2518 2054 quos
2570 1984 2829 2048 sustinui,
2873 1985 3072 2055 inquit,
3124 1995 3252 2040 tunc
3279 2001 3378 2039 ceu
3412 1985 3532 2040 oleo

1954 2087 2076 2131 utar
2110 2077 2178 2131 ad
2206 2077 2390 2148 regale
2446 2077 2850 2144 sacerdotium;
2895 2086 2950 2132 et
2993 2077 3097 2133 hoc
3147 2078 3250 2132 erit
3303 2073 3438 2132 mihi
3479 2078 3530 2131 in

1954 2170 2337 2226 diuturnorum
2366 2169 2613 2224 laborum
2645 2169 2953 2238 praemium.

2027 2325 2113 2379 l2.
2175 2323 2243 2378 Et
2293 2324 2516 2394 respexit
2568 2325 2748 2378 oculus
2790 2339 2933 2377 meus
2994 2323 3231 2377 inimicos
3281 2338 3440 2376 meos.
3472 2319 3532 2377 l.l

1957 2417 2088 2473 mihi
2119 2419 2260 2472 inter
2287 2417 2392 2471 alia
2417 2417 2560 2472 bona
2593 2415 3018 2485 computabitur,
3041 2414 3185 2486 quod
3215 2415 3533 2471 cadentibus

1958 2509 2370 2565 insidiatoribus
2399 2509 2595 2563 anima-
2658 2523 2810 2574 mete,
2863 2507 3091 2578 hujusce
3128 2508 3203 2562 rei
3263 2516 3533 2578 spectator

1955 2618 2054 2672 ego
2095 2601 2310 2656 fuerim.

2033 2695 2119 2756 15,
2155 2693 2242 2747 li.
2269 2691 2510 2746 Plautati
2541 2694 2596 2747 in
2635 2691 2788 2748 domo
2818 2693 3052 2747 Domini.
3085 2691 3172 2757 lli,
3212 2693 3408 2764 inquit,
3441 2694 3556 2764 qui,

1935 2777 2138 2840 'cedris
2166 2785 2273 2840 illis
2304 2787 2512 2842 similes
2547 2796 2696 2853 sunt,
2761 2787 3028 2842 cultorem
3077 2787 3280 2842 habent
3332 2787 3533 2851 Deum;

1959 2875 2274 2946 paradisum
2307 2892 2456 2942 vero,
2502 2877 2744 2932 divinum
2803 2877 3084 2947 templum.
3141 2875 3208 2931 In
3251 2877 3406 2932 atriis
3441 2877 3549 2931 Dei-

1963 2967 2132 3021 nostri
2161 2967 2524 3036 ﬂorebuntJn
2574 2969 2826 3038 supernis
2883 2969 3090 3024 scilicet
3140 2968 3533 3034 mansionibus,

268 3072 395 3135 ταῖς
423 3071 534 3126 ἄνω
556 3071 798 3144 δηλονότι
822 3076 1031 3144 μοναῖς,
1055 3075 1121 3139 ἃς
1147 3048 1240 3129 καὶ
1265 3075 1436 3140 αὐλὰς
1462 3048 1601 3132 εἶναι
1628 3076 1720 3130 τοῦ
1751 3079 1856 3130 Κυ-

1981 3075 2095 3130 [uas
2120 3059 2258 3114 atria
2285 3074 2408 3115 esse
2429 3058 2643 3114 Domini
2677 3058 2828 3114 dicit.

275 3163 396 3234 ρίου
425 3163 630 3234 φησίν.,

355 3254 488 3307 Ἔτι
515 3254 1052 3324 πληθυνθήσονται
1078 3257 1148 3310 ἐν
1178 3256 1334 3327 γήρᾳ
1375 3258 1538 3312 πίονι
1557 3298 1572 3321 ,
1613 3258 1713 3313 καὶ
1757 3261 1860 3314 εὑ-

273 3347 614 3414 παθοῦντες
643 3347 916 3402 ἔσονται.
947 3348 1041 3413 Τὸ,
1074 3348 1436 3412 εὐπαθοῦντες
1455 3388 1469 3412 ,
1496 3350 1616 3403 ἀντὶ
1647 3349 1763 3414 τοῦ,
1799 3347 1860 3404 εὖ

275 3435 600 3506 πάσχοντες.
648 3436 1066 3506 Ἀποδοθήσεται
1106 3436 1214 3508 γὰρ
1248 3439 1432 3502 αὐτοῖς
1469 3437 1508 3493 ἃ
1555 3441 1865 3510 ὀφθαλμὸς

276 3526 392 3579 οὐκ
414 3520 554 3590 εἶδε,
591 3525 687 3578 καὶ
714 3521 823 3591 οὖς
847 3527 957 3579 οὐκ
981 3524 1268 3594 ἤκουσεν.

355 3617 484 3669 Ὅτι
515 3617 700 3684 εὺθὴς
728 3620 759 3670 ὁ
798 3619 1013 3686 Κύριος
1040 3621 1072 3672 ὁ
1105 3600 1464 3688 Θεὸξήμῶν.
1522 3619 1772 3674 Ἐπειδὰν
1805 3623 1864 3674 ὲν

275 3711 403 3772 ταῖς
449 3707 560 3761 ἄνω
613 3711 801 3778 μοναῖς
837 3711 1133 3782 ,γενόμενοι
1184 3711 1499 3766 ἀπολαύωσι
1547 3711 1615 3764 τὰ
1639 3715 1867 3784 ἡτοιμα-

278 3801 457 3872 σμένα
486 3801 684 3869 ἀγαθὰ,
716 3802 836 3854 τότε
867 3802 932 3874 δὴ
958 3803 1080 3857 τότε
1113 3805 1208 3857 καὶ
1262 3802 1465 3874 ταύτην
1501 3803 1864 3872 ἁναγγελοῦσι

277 3895 382 3965 τὴν
403 3894 605 3966 φωνὴν,
637 3894 712 3959 ὡς
731 3895 938 3960 δίκαιος
970 3896 1066 3950 καὶ
1093 3895 1256 3968 εὐθὴς
1279 3895 1433 3950 ἔσται
1475 3898 1503 3950 ό
1540 3895 1764 3968 Κύριος,
1807 3896 1865 3960 ὃς

210 3968 217 3976 ’
278 3986 411 4049 τοὺς
448 3986 548 4055 μὲν
575 3987 925 4058 παρανόμους
951 3987 1046 4040 καὶ
1075 3987 1292 4050 ἀσεϐεῖς
1321 3986 1478 4057 δίκην
1513 3987 1706 4058 χόρτου
1729 3988 1867 4040 ἀπο-

281 4076 619 4148 ξηρανθῆναι
643 4076 1022 4149 παρεσκεύασε
1047 4095 1061 4108 ·
1095 4077 1222 4140 τοὺς
1247 4077 1304 4130 δὲ
1322 4069 1681 4141 δικαίουξκαὶ
1707 4077 1865 4130 εὐσε-

281 4169 401 4232 6εῖς
436 4161 524 4221 οἶα
566 4169 792 4240 κέδρους
835 4171 928 4223 καὶ
959 4167 1206 4240 φοίνικας
1238 4171 1296 4224 ὲν
1327 4171 1447 4234 ταῖς
1469 4169 1593 4223 ιᾶνω
1627 4168 1867 4238 κατεφύ-

279 4274 443 4310 τευσε
480 4260 725 4328 σκηναῖς.
774 4258 990 4312 Ἀδικία
1021 4261 1134 4333 οὐκ
1161 4258 1290 4312 ἔστι
1331 4259 1482 4330 παρά
1503 4259 1581 4330 τῷ
1607 4258 1746 4330 Θεῷ,
1779 4258 1868 4314 διὰ

281 4348 348 4400 ἰδ
372 4343 512 4400 εἶναι
544 4348 704 4400 αὐτὸν
737 4347 933 4411 κακίας
957 4347 1324 4402 ἀνεπίδεκτον.

282 4443 316 4495 Ε
337 4441 385 4505 ις
416 4437 534 4506 τὴν
562 4438 790 4507 ἡμέραν
815 4439 922 4492 τοῦ
942 4439 1054 4507 πρὸ
1088 4439 1194 4492 τοῦ
1235 4437 1560 4502 Σαϐϐἁτου,
1601 4439 1700 4492 ὅτε
1731 4456 1869 4494 κατ-

425 4529 644 4595 ῴκιστο
679 4533 717 4599 ἡ
756 4531 853 4602 γῆ,
887 4531 1056 4596 αἶνος
1086 4529 1244 4599 ᾠδῆς
1268 4528 1348 4595 τῷ
1375 4531 1576 4584 Δαυΐδ.
1614 4533 1732 4597 ιιΒα

911 4622 1234 4686 Ὑπόθεσις.

286 4716 393 4780 Εἰς
415 4713 480 4766 τὸ
506 4713 809 4766 Σάϐϐατον
836 4713 893 4764 ὲν
915 4711 992 4782 τῷ
1019 4711 1342 4784 προλαϐόντι
1388 4709 1588 4782 ψαλμῷ
1613 4709 1868 4781 δηλοῦται

361 4810 393 4878 ἡ
422 4807 652 4879 δευτέρα
679 4808 950 4879 παρουσία
982 4809 1076 4861 τοῦ
1105 4807 1336 4876 Κυρίου,
1384 4807 1504 4862 καθ’
1531 4808 1597 4878 ἢν
1639 4809 1734 4862 καὶ
1768 4809 1864 4878 βα-

362 4898 598 4952 σιλεύσει
649 4899 742 4952 τοῦ
782 4899 902 4952 νέου
937 4899 1132 4962 αἰῶνος
1165 4898 1304 4970 μετά
1331 4899 1437 4951 τῶν
1469 4898 1640 4967 ἁγίων
1677 4898 1864 4954 αὐτοῦ.

357 4990 612 5064 Δηλοηιότι
639 4991 720 5054 τὸ,
755 4989 868 5058 πρὸ
899 4989 1226 5054 Σαϐϐάτου,
1268 4990 1334 5043 ἂν
1363 4989 1449 5060 εἴη
1481 4991 1514 5061 ἡ
1547 4989 1735 5061 πρώτη
1768 4990 1875 5042 αὖ-.

361 5081 459 5135 τοῦ
484 5083 777 5152 παρουσία,
807 5083 896 5134 ὅτε
921 5081 1015 5134 καὶ
1042 5083 1074 5152 ἠ
1103 5081 1174 5151 γῆ
1207 5081 1562 5150 κατῴκισται,
1590 5078 1868 5132 τουτέστιν

363 5174 456 5227 ὅτε
479 5175 513 5243 ἡ
551 5172 1015 5244 Ἐκκλησία,πάσῃ
1043 5175 1110 5244 τῇ
1137 5170 1430 5243 οίκουμένῃ
1464 5167 1868 5240 τεθεμελίωται,

363 5263 474 5314 τῶν
494 5263 664 5330 ἁγίων
701 5262 1011 5317 ἀποστόλων
1037 5262 1279 5333 δηλονότι
1321 5260 1417 5315 καὶ
1463 5258 1868 5329 εὐαγγελιστῶν

365 5353 456 5407 τὸν
485 5353 613 5424 περὶ
649 5353 883 5425 Χριστοῦ
908 5353 1384 5422 καταγγειλάντων
1413 5355 1476 5424 τῇ
1499 5355 1567 5424 γῇ
1598 5352 1774 5420 λόγον.

372 5619 418 5651 ⁶⁴
461 5618 658 5711 ιεοτ..
682 5633 740 5685 ιι,
771 5618 823 5672 9.

2033 3237 2120 3291 15.
2157 3236 2342 3291 Adhuc
2375 3236 2871 3307 multiplicabuntur
2915 3237 2971 3290 in
2999 3244 3206 3290 senecta
3263 3235 3432 3301 uberi,
3487 3246 3539 3291 et

1963 3329 2085 3383 bene
2101 3331 2356 3398 patientes
2383 3339 2556 3383 erunt.
2578 3329 2719 3384 Bene
2740 3329 3024 3400 patientes,
3047 3328 3386 3399 quasidicas,
3401 3329 3540 3386 bene

1963 3421 2278 3477 tolerantes.
2310 3421 2590 3476 Dabuntur
2618 3423 2763 3476 enim
2793 3423 2900 3478 illis
2945 3438 3064 3492 qua:
3089 3422 3273 3477 oculus
3316 3439 3423 3476 non
3465 3423 3513 3476 vi

1961 3515 2062 3579 dit,
2111 3532 2201 3569 nec
2232 3515 2380 3569 auris
2407 3514 2606 3568 audivit
2629 3515 2692 3570 ⁵⁵.

2035 3604 2121 3658 l6.
2149 3603 2416 3668 Quoniam
2459 3613 2632 3658 rectus
2684 3603 2940 3658 Dominus
2991 3603 3130 3658 Deus
3158 3615 3354 3659 noster.
3385 3602 3540 3658 Post-

1938 3710 2127 3764 ,quant
2178 3695 2233 3748 in
2299 3695 2550 3765 supernis
2591 3694 2963 3750 mansionibus
3021 3695 3294 3750 constituti
3350 3703 3539 3764 parata

1967 3787 2107 3839 bona
2139 3785 2282 3840 nacti
2309 3785 2532 3848 fuerint,
2570 3786 2712 3839 hanc
2735 3784 3136 3839 annuntiabunt
3165 3799 3376 3851 vocem,
3397 3785 3543 3854 quod

1962 3878 2146 3947 justus
2177 3887 2232 3931 et
2265 3885 2446 3932 rectus
2477 3877 2548 3930 sit
2571 3875 2858 3943 Dominus,
2884 3878 2976 3943 qui
3007 3877 3226 3946 iniquos
3258 3885 3313 3932 et
3342 3877 3556 3947 impios-

1969 3983 2066 4022 ceu
2111 3967 2296 4022 fenum
2351 3982 2598 4022 arescere
2635 3966 2795 4034 fecit;
2842 3967 3024 4037 justos
3072 3977 3252 4022 autem
3298 3976 3353 4022 et
3399 3966 3539 4036 pios,

1968 4058 2123 4128 quasi
2159 4057 2354 4113 cedros
2410 4068 2462 4112 et
2494 4058 2734 4128 palmas,
2788 4058 2842 4112 in
2875 4059 3124 4128 supernis
3175 4059 3543 4114 tabernaculis
3628 4079 3631 4082 ·

1969 4149 2268 4221 plantavit-
2300 4147 2370 4202 Et
2397 4166 2498 4204 non
2519 4159 2596 4205 est
2631 4149 2884 4220 iniquitas
2919 4149 2972 4203 in
3007 4147 3136 4216 Deo,
3163 4149 3292 4220 quia
3321 4148 3544 4204 malitiae

1969 4259 2138 4313 capax
2165 4258 2278 4297 non
2298 4253 2402 4298 est.

1901 4397 1945 4452 D
1972 4398 2039 4453 In
2075 4398 2214 4454 diem
2257 4407 2378 4454 ante
2419 4397 2730 4462 Sabbatum,
2761 4398 2968 4468 quando
3001 4394 3226 4466 fundata
3261 4403 3338 4450 est
3378 4403 3541 4466 terra,

2277 4490 2395 4544 laus
2443 4490 2637 4544 cantici
2679 4490 2780 4557 ipsi
2807 4483 3000 4553 David,
3039 4485 3227 4542 XCII.

2555 4581 2957 4652 Argumentum.

1969 4669 2026 4724 In
2053 4671 2374 4740 praecedenti
2397 4671 2608 4741 psalmo
2634 4685 2728 4740 per
2756 4670 2870 4724 haec
2885 4669 3046 4723 verba
3082 4685 3097 4722 :
3139 4665 3204 4721 In
3231 4667 3368 4722 diem
3402 4666 3540 4722 Sab-

2040 4764 2171 4832 bati,
2204 4764 2513 4820 declaratur
2562 4763 2836 4818 secundus
2898 4760 3199 4815 Saivatoris
3253 4760 3539 4826 adventus,

2041 4856 2262 4926 quando
2291 4854 2538 4928 regnabit
2560 4854 2614 4908 in
2646 4868 2847 4907 novum
2875 4851 3134 4908 satculum
3187 4866 3315 4906 cum
3338 4852 3541 4906 sanctis

2045 4947 2180 5003 suis.
2208 4944 2394 5000 Palam
2428 4953 2608 5018 autem
2637 4953 2721 4999 est
2753 4943 2906 5009 illud,
2937 4951 3059 4996 ante
3089 4939 3404 5007 Sabbatum,
3448 4939 3542 4996 de-

2044 5038 2261 5108 signare
2315 5010 2587 5108 priorem}
2608 5035 2728 5106 ejus
2783 5035 3093 5098 adventum,
3147 5033 3365 5104 quando
3401 5039 3540 5087 terra

2045 5130 2294 5185 habitata
2324 5139 2427 5198 est,
2459 5129 2514 5184 id
2553 5136 2636 5184 est
2669 5127 2888 5198 quando
2910 5124 3154 5181 Ecclesia
3184 5125 3239 5178 in
3267 5131 3381 5177 toto
3405 5122 3538 5177 orbe

2053 5221 2280 5278 fundata
2313 5229 2416 5288 est,
2443 5219 2646 5276 sanctis
2676 5217 2941 5289 apostolis
2975 5224 3028 5272 et
3076 5213 3424 5284 evangelistis
3473 5212 3542 5267 de

2048 5319 2269 5373 Christo
2333 5327 2636 5372 sermonem
2688 5327 2782 5382 per
2833 5317 3003 5365 totum
3079 5307 3267 5362 orbem
3337 5317 3538 5359 renuit.-

2049 5408 2325 5466 tiantibus.
