3880 6216
384 218 486 273 407

455 339 506 390 1.
531 336 782 392 Dominus
813 350 1064 410 regnav.’.‘,
1089 345 1322 398 decorem
1339 345 1552 398 indutus
1569 357 1662 400 est.
1681 348 1949 412 Quoniam
1983 351 2028 407 Α

387 431 683 485 humanum
710 449 881 502 genus
911 435 1206 491 abscedens
1231 455 1259 491 a
1288 453 1454 506 regno
1487 437 1601 502 Dei,
1640 440 1742 492 sub
1771 449 1953 510 tyran—

389 523 512 577 nide
538 523 752 580 Satanae
783 525 906 588 fuit,
939 530 1059 582 Ideo
1087 531 1302 584 advenit
1350 529 1690 601 Unigenitus,
1725 542 1782 586 ut
1818 533 1951 587 illud

386 631 603 670 rursum
636 620 852 688 proprio
881 630 1093 690 sceptro
1117 622 1427 690 subjiceret.
1471 623 1561 678 Dei
1584 635 1762 678 autem
1786 626 1950 680 deco-

385 723 524 770 rvm,
551 709 721 778 ipsius
747 712 960 779 generis
1004 713 1231 766 salutem
1281 731 1403 769 esse
1431 715 1581 770 dicit.
1638 715 1750 771 Nisi
1805 718 1948 772 enim

387 800 702 854 incarnatus
740 802 968 868 fuisset,
999 816 1276 874 assumpta
1320 817 1512 876 praeter
1536 819 1813 877 peccatum
1853 827 1951 864 na-

385 900 506 945 tura
535 902 741 958 nostra,
771 895 916 949 nulla
954 912 1085 950 sane
1110 898 1269 953 nobis
1303 901 1450 954 salus
1488 900 1698 954 fuisset.
1735 901 1950 971 Oportet

384 986 523 1036 enim
561 1003 678 1038 eum
709 1004 924 1056 regnare
957 989 1119 1042 donec
1145 1001 1307 1058 ponat
1343 1008 1516 1045 omnes
1545 995 1786 1047 inimicos
1826 1010 1950 1047 suos

385 1078 478 1128 sub
507 1077 723 1146 pedibus
759 1080 870 1132 suis
900 1081 965 1133 “.
994 1079 1220 1134 Indutus
1248 1092 1325 1135 est
1369 1082 1624 1137 Dominus
1673 1086 1948 1152 fortitudi—

385 1183 498 1220 nem
529 1177 578 1219 et
598 1170 875 1235 ρναεὶηαςὶι
898 1186 969 1222 se.
1003 1169 1161 1225 Hisce
1183 1157 1509 1240 reportatarn
1530 1174 1595 1227 de
1625 1177 1951 1232 adversariis

383 1260 742 1326 potestatibus
795 1261 1078 1314 victoriam
1136 1263 1292 1317 nobis
1336 1263 1624 1332 signiﬁcat,
1659 1281 1822 1332 quam
1849 1281 1948 1322 ceu

384 1351 712 1406 militaribus
759 1355 928 1406 armis
954 1354 1252 1410 instructus
1277 1359 1476 1410 retulit.
1515 1358 1722 1412 Etenim
1765 1361 1952 1428 ﬁrma-

383 1443 453 1494 rit
481 1443 656 1496 orbem
700 1456 852 1499 terrte
889 1450 976 1514 qui
1026 1465 1130 1501 non
1177 1449 1601 1505 commovebitur.
1655 1450 1948 1522 Postquam

385 1535 530 1595 illos,
585 1539 926 1593 adversarios
969 1541 1177 1596 scilicet
1221 1543 1517 1604 daemones,
1573 1544 1946 1615 proﬂigasset,

384 1626 684 1683 Ecclesiam
738 1633 1021 1686 constituit
1075 1649 1238 1703 supra
1291 1644 1536 1704 petram,
1587 1638 1674 1692 cui
1707 1653 1774 1692 ne
1821 1639 1950 1708 ipsa:

383 1722 601 1788 quidem
628 1735 797 1793 portae
824 1724 979 1780 inferi
1011 1729 1398 1798 przcvalt-bunt.

449 1995 502 2050 εὶ.
534 1996 767 2050 Paratus
806 2000 1023 2053 thronus
1068 2009 1189 2055 tttus
1222 2018 1286 2056 ea:
1314 2011 1456 2057 tunc.
1496 2005 1609 2061 Hoc
1640 2008 1717 2062 ait
1757 2009 1882 2079 quia
1915 2027 1945 2066 a

379 2087 770 2144 cdnstitutione
792 2092 981 2144 mundi
1010 2091 1248 2147 futuram
1276 2111 1370 2163 per
1403 2099 1630 2153 salutem
1658 2100 1828 2170 ipsius
1844 2103 1945 2159 de-

379 2181 592 2235 ﬁnierat
624 2183 902 2236 hominum
925 2185 1137 2254 generis
1160 2188 1408 2243 salutem.
1429 2189 1708 2246 Thronum
1746 2195 1946 2266 quippe

379 2272 452 2326 ait
470 2280 788 2340 potestatem
809 2275 1090 2344 judicandi
1125 2278 1470 2334 adversarios
1492 2293 1710 2338 nostros
1740 2286 1944 2342 daemo-

377 2377 493 2415 nes.
541 2360 1018 2420 Resurrectionem
1071 2377 1253 2423 autem
1303 2370 1574 2441 signiﬁcat
1636 2372 1939 2446 Unigeniti.

377 2447 460 2503 Tu
500 2451 664 2520 igitur
697 2453 832 2523 ipse,
877 2456 976 2519 ait,
1009 2454 1260 2522 Domine,
1285 2463 1377 2530 qui
1415 2479 1560 2518 nunc
1589 2465 1656 2518 ad
1685 2481 1803 2519 eam
1829 2483 1942 2522 rem

375 2544 532 2611 quasi
562 2545 879 2614 injudiciali
913 2550 1110 2604 throno
1145 2552 1323 2617 sedes,
1362 2556 1704 2623 utjudicium
1739 2560 1945 2614 scilicet

381 2632 525 2688 feras
556 2644 611 2691 et
641 2651 744 2698 nos
771 2637 1034 2706 vindices,
1060 2650 1188 2697 ante
1217 2645 1415 2699 saecula
1445 2645 1609 2708 Deus.

444 2814 495 2867 '5.
528 2814 876 2875 Elevaverunt
909 2821 1154 2889 (lumina,
1193 2823 1442 2892 Domine,
1475 2827 1801 2884 elevaverunt
1833 2833 1942 2902 ﬂu-

373 2905 516 2960 mina
551 2924 720 2968 vocem
744 2925 918 2976 suam,
949 2912 1198 2968 Flumina
1233 2916 1319 2970 hic
1343 2927 1563 2972 sanctos
1583 2921 1858 2989 apostolos
1887 2930 1941 2976 et

1216 223 1271 278 S.
1315 223 1687 278 ATIlANASll
1725 221 1876 276 OPP.
1918 222 2094 278 PARS
2151 222 2238 280 111.
2274 254 2343 264 -
2379 223 2792 280 EXEGETICA.

3527 221 3636 281 408

2138 349 2200 401 '0
2220 350 2433 417 Κύριος
2460 349 2879 411 ἐϐασίλευσεν,
2899 327 3261 416 εὐπρέπειαν
3275 345 3629 400 ἐνεδύσατο.

2067 439 2282 510 Ἐπειδὴ
2310 441 2370 493 τὸ
2397 440 2734 512 ἀνθρώπινον
2762 440 2939 509 γένος,
2966 438 3207 493 ἀποστὰν
3237 440 3336 509 τῆς
3361 439 3466 492 ὑπὸ
3492 437 3630 492 Θεοῦ

2055 530 2349 599 βασιλείας,
2401 533 2504 585 ὐπὸ
2541 532 2637 603 τὴν
2676 532 2962 603 τυραννίδα
3009 532 3198 600 γέγονε
3250 529 3344 584 τοῦ
3392 531 3627 597 Σατανᾶ,

2051 621 2240 674 τούτου
2271 623 2429 693 χάριν
2480 624 2824 695 ἐπεδήμησεν
2871 625 2900 676 6
2944 623 3274 695 Μονογενὴς,
3333 623 3422 676 ἵνα
3463 625 3630 678 πάλιν

2052 714 2182 766 αὐτὸ
2213 717 2325 777 τοῖς
2355 714 2504 778 ἰδίοις
2527 715 2770 787 ὑποτάξῃ
2810 717 3132 786 σκήπτροις,
3166 716 3193 768 ὃ
3238 716 3333 769 καὶ
3371 717 3592 784 ἐγένετο
3612 734 3626 747 ·

2051 805 2185 859 Θεοῦ
2219 809 2551 878 εὐπρέπειαν
2585 809 2642 862 δὲ
2677 809 2774 879 τὴν
2816 811 3087 880 σωτηρίαν
3126 809 3289 862 αὐτοῦ
3314 809 3408 862 τοῦ
3435 809 3632 877 γένους

2052 899 2234 969 φησίν.
2263 901 2326 952 Ei
2363 901 2436 971 μὴ
2469 900 2577 972 γάρ
2613 901 2954 972 σεσάρκωται
2978 943 2992 968 ,
3035 903 3132 972 τὴν
3180 901 3453 972 ἡμετέραν
3502 899 3630 970 δίχα

2049 990 2150 1059 τῆς
2179 992 2448 1062 ἁμαρτίας
2487 990 2667 1044 λαϐὼν
2715 991 2908 1061 φύσιν,
2942 992 3182 1062 δηλονότι
3230 993 3330 1044 οὐκ
3379 991 3446 1045 ἂν
3491 993 3629 1062 ⁴ήμῖν

2051 1084 2081 1151 ἡ
2132 1084 2373 1153 σωτηρία
2434 1084 2668 1150 ἐγένετο.
2720 1083 2817 1137 Δεῖ
2876 1084 2991 1152 γὰρ
3042 1083 3230 1137 αὑτὸν
3266 1084 3630 1148 βασιλεύειν

2052 1171 2225 1240 ἄχρις
2261 1171 2332 1228 οὗ
2367 1174 2441 1227 ἂν
2487 1173 2564 1241 θῇ
2595 1173 2823 1240 πάντας
2848 1174 2987 1240 τοὺς
3028 1173 3280 1243 ἐχθροὺς
3330 1173 3450 1226 ὑπὸ
3479 1172 3630 1238 τοὺς

2051 1269 2242 1333 πόδας
2275 1265 2480 1320 αὑτοῦ.
2539 1265 2899 1319 Ἐνεδύσατο
2953 1266 3168 1333 Κύριος
3208 1265 3466 1334 δύναμιν
3523 1265 3629 1317 καὶ

2051 1357 2455 1427 περιεζώσατο.
2495 1357 2593 1409 Διὰ
2623 1357 2826 1410 τούτων
2857 1358 2956 1426 τὴν
2985 1355 3305 1426 καθαίρεσιν
3348 1358 3480 1426 ἡμῖν
3513 1355 3626 1408 τῶν

2051 1449 2441 1520 ἀντικειμένων
2490 1448 2741 1518 σημαίνει
2794 1447 3112 1518 δυνάμεων,
3166 1446 3232 1517 ἠν
3284 1445 3623 1516 πεποίηται,

2053 1542 2240 1612 ὥσπερ
2292 1541 2676 1611 στρατιωτικὸν
2733 1541 2918 1610 σχῆμα
2973 1538 3276 1616 ἀναλαϐών.
3350 1539 3460 1592 Καὶ
3511 1538 3625 1607 γὰρ

2052 1631 2378 1701 ἐστερέωσε
2405 1631 2519 1700 τὴν
2549 1633 2925 1700 οἰκουμένην,
2954 1632 3084 1702 ῆτ-ις
3130 1633 3201 1684 οὐ
3245 1630 3625 1700 σαλευθήσε-

2048 1742 2160 1779 ται.
2197 1724 2465 1788 Ἐκείνους
2487 1723 2815 1797 προανελὼν,
2837 1714 3394 1796 τοὺςᾶντικειμένους
3429 1724 3625 1794 δηλον-

2046 1819 2126 1870 ότι
2180 1818 2459 1888 δαίμονας,
2493 1817 2719 1889 ἔστησεν
2743 1816 2835 1870 ἐπὶ
2869 1817 3075 1887 πέτραν
3112 1817 3209 1887 τὴν
3271 1816 3620 1888 Ἐκκλησίαν,

2045 1906 2113 1984 ἧς
2139 1909 2257 1962 οὐδὲ
2279 1909 2438 1963 αὐταὶ
2468 1910 2884 1980 κατισχύσουσιν
2914 1909 2969 1961 αί
2997 1909 3091 1962 τοῦ
3122 1909 3247 1980 ᾅδου
3281 1909 3469 1963 πύλαι.

2120 2003 2395 2074 Ἕτοιμος
2417 2005 2451 2057 ὁ
2473 2004 2685 2070 θρόνος
2705 2015 2820 2054 σου
2841 1999 2958 2054 ἀπὸ
2986 2000 3135 2054 τότε.
3164 2000 3334 2054 Τοῦτό
3356 2016 3508 2069 φησι,
3533 1999 3624 2053 διὰ

2045 2095 2106 2148 τὸ
2137 2095 2544 2166 προωρίσασθαι
2570 2095 2677 2148 ἀπὸ
2709 2094 3016 2164 καταϐολῆς
3042 2094 3244 2163 κόσμου
3272 2091 3370 2162 τὴν
3389 2091 3485 2144 τοῦ
3524 2092 3623 2145 άν-

2047 2185 2319 2256 θρωπίνου
2342 2185 2532 2253 γένους
2559 2183 2829 2254 σωτηρίαν
2857 2184 3121 2254 ἐσομένην
3163 2181 3252 2234 διὰ
3298 2181 3397 2251 τῆς
3443 2197 3624 2252 σωτη-

2047 2277 2168 2346 ρίας
2199 2274 2383 2329 αὐτοῦ.
2418 2275 2617 2346 Θρόνον
2645 2275 2752 2344 γὰρ
2779 2273 2881 2347 τήν
2909 2277 2991 2337 είς
3021 2275 3082 2326 τὸ
3113 2273 3319 2345 κρίνειν
3354 2273 3480 2335 τοὺς
3502 2271 3623 2325 ἀδι-

2045 2369 2319 2437 κήσαντας
2367 2370 2513 2438 ἡμᾶς
2565 2369 2824 2438 δαίμονας
2852 2381 2868 2398 ⁸
2916 2367 3211 2420 ἀνάστασιν
3257 2366 3313 2419 δὲ
3362 2365 3619 2436 σημαίνει

2043 2457 2136 2510 τοῦ
2163 2457 2517 2526 Μονογενοῦς.
2552 2459 2625 2512 Σὺ
2651 2453 2744 2510 οὖν
2777 2457 2958 2520 αὐτὸς,
2986 2458 3168 2526 φησὶν,
3214 2449 3260 2508 ὧ
3280 2455 3559 2516 Δέσποτα,
3586 2455 3617 2507 6

2042 2549 2136 2602 νῦν
2163 2551 2243 2612 είς
2269 2549 2426 2602 τοῦτο
2456 2549 2640 2620 ὥσπερ
2666 2549 2760 2600 ἐπὶ
2782 2547 3089 2600 δικαστικοῦ
3124 2546 3313 2616 θρόνου
3359 2543 3611 2608 καθίσας,

2043 2643 2123 2703 εἰς
2153 2641 2213 2693 τὸ
2237 2640 2442 2710 κρίνειν
2467 2639 2707 2710 δηλονότι
2737 2640 2830 2692 καὶ
2851 2639 3084 2692 ἐκδικεῖν
3112 2639 3290 2709 ἡμᾶς,
3347 2635 3614 2707 ὑπάρχεις

2043 2733 2071 2783 6
2096 2731 2201 2802 πρὸ
2224 2731 2330 2785 τῶν
2365 2731 2571 2784 αἰώνων
2602 2731 2750 2794 Θεός.

2127 2824 2392 2892 Ἐπῆραν
2420 2827 2472 2877 οὶ
2505 2823 2775 2892 ποταμοὶ,
2807 2824 3003 2889 Κύριε,
3032 2819 3262 2888 ἐπῆραν
3283 2825 3336 2875 οὶ
3362 2817 3619 2888 ποταμοί

2044 2917 2244 2985 φωνὰς
2270 2915 2485 2969 αὐτῶν.
2520 2916 2803 2986 Ποταμοὺς
2831 2914 3064 2969 ἐνταῦθα
3093 2915 3217 2974 τοὺς
3257 2911 3448 2981 ἁγίους
3481 2913 3619 2964 ἀπο-

371 3000 734 3067 evangelistas
763 3003 915 3068 dicit,
955 3007 1049 3074 qui
1083 3006 1175 3060 Dei
1215 3007 1514 3068 Ecclesiam
1566 3012 1939 3080 spiritualibns

2054 3007 2262 3070 στόλους
2287 3006 2381 3059 καὶ
2401 3006 2786 3074 εὐαγγελιστάς
2813 3021 2997 3075 φησιν,
3025 3004 3074 3057 οἳ
3106 3004 3199 3056 καὶ
3226 3003 3325 3074 τὴν
3354 3001 3450 3055 τοῦ
3480 3002 3618 3057 Θεοῦ

373 3087 593 3144 ﬂuentis
617 3092 980 3148 laetitlcarunt.
1009 3095 1220 3152 Dictum
1255 3115 1490 3168 namque
1507 3100 1608 3156 fuit
1638 3102 1781 3159 illis:
1810 3104 1944 3158 Flu-

371 3183 516 3237 mina
553 3183 618 3243 de
651 3194 825 3246 ventre
852 3187 964 3256 ejus
997 3189 1158 3256 [luent
1188 3208 1339 3260 aqua:
1369 3193 1496 3251 viva:
1515 3192 1581 3255 “.

441 3340 491 3393 4.
533 3340 806 3396 Mirabiles
837 3345 1086 3399 elationes
1119 3347 1302 3400 maris.
1339 3347 1542 3416 Multze,
1591 3349 1789 3420 inquit,
1825 3369 1943 3424 my-

373 3432 648 3502 stagogiae,
673 3437 955 3490 sententiae
981 3439 1352 3506 apostolorum
1385 3451 1438 3496 et
1479 3445 1936 3512 evangelistarum

370 3521 594 3588 fluenta,
627 3525 904 3581 mirabiles
922 3527 1220 3584 eﬂecerunt
1263 3531 1525 3588 elationes
1572 3536 1761 3590 maris.
1791 3535 1939 3592 Mare

371 3619 551 3665 autem
570 3623 748 3677 vocat,
769 3617 1007 3686 gentium
1021 3633 1140 3687 qua:
1151 3619 1497 3675 crediderunt
1514 3624 1935 3690 multitudinem,

369 3717 600 3770 quarum
630 3707 914 3770 elationes,
942 3709 992 3761 id
1022 3719 1106 3764 est
1129 3711 1492 3767 sublimitates
1517 3730 1732 3780 sensus,
1778 3717 1938 3771 mira-

368 3794 504 3848 biles
535 3793 704 3850 t'uere.
729 3796 845 3852 Non
876 3801 1021 3854 enim
1051 3803 1191 3856 ultra
1219 3820 1382 3874 parva
1409 3816 1461 3862 et
1486 3807 1708 3875 humilia
1731 3809 1797 3864 de
1827 3809 1935 3874 Deo

367 3889 628 3954 sentiunt,
663 3890 757 3945 sed
784 3907 977 3962 magna
1002 3901 1055 3949 et
1081 3896 1370 3952 mirabilia.

433 4184 486 4240 5.
531 4183 852 4240 Testimonia
877 4197 968 4242 tua
992 4190 1264 4245 credibilia
1286 4192 1430 4260 facta
1455 4206 1578 4252 sunt
1613 4201 1792 4256 nimis.
1827 4202 1930 4258 Te-

361 4275 617 4329 stimonia
647 4274 778 4330 dicit
807 4278 1078 4347 promissa
1109 4295 1205 4348 per
1235 4294 1456 4338 sanctos
1478 4288 1770 4357 praphetas
1800 4308 1930 4360 gen-

2057 3099 2380 3168 Ἐκκλησίαν
2399 3101 2509 3160 τοῖς
2541 3099 2924 3167 πνευματικοῖς
2955 3095 3335 3165 κατεύφραναν
3355 3094 3616 3164 νάμασιν.

2043 3193 2267 3262 Εἴρηται
2287 3189 2394 3260 γὰρ
2423 3191 2559 3273 πρὸς
2581 3189 2802 3254 αὐτούς·
2839 3187 3095 3258 Ποταμοῖ
3136 3188 3205 3241 ἐκ
3237 3185 3366 3259 τῆςι
3381 3188 3618 3253 κοιλίας

2041 3283 2226 3337 αὑτοῦ
2238 3283 2573 3350 ῥεύσουσιν
2596 3280 2812 3345 ὕδατος
2837 3279 3067 3344 ζῶντος.

2114 3373 2452 3442 Θαυμαστοὶ
2492 3375 2548 3426 οἱ
2582 3372 2967 3441 μετεωρισμοὶ
3010 3369 3120 3437 τῆς
3145 3369 3486 3436 θαλάσσης.
3547 3372 3614 3425 Δί

2042 3465 2250 3527 πολλαὶ,
2301 3465 2466 3535 φησι,
2522 3447 2918 3535 μυσταγωγίαι,
2951 3463 3044 3516 καὶ
3093 3461 3162 3515 τὰ
3215 3463 3461 3532 νοήματα
3502 3461 3615 3516 τῶν

2039 3555 2348 3608 ἀποστόλων
2394 3555 2488 3608 καὶ
2546 3553 2945 3622 εὐαγγελιστῶν
2977 3553 3226 3622 νάματα,
3263 3553 3616 3624 θαυμαστοὺς

2040 3644 2303 3715 πεποίηκε
2326 3645 2425 3714 τ’ής
2454 3642 2731 3714 θαλάσσης
2757 3644 2880 3705 τοὺς
2923 3641 3353 3713 μετεωρισμούς.
3392 3642 3609 3695 Θάλασ-

2040 3753 2138 3788 σαν
2163 3735 2219 3787 δὲ
2249 3735 2395 3802 λέγει
2422 3734 2529 3786 τῶν
2555 3733 2720 3787 ἐθνῶν
2737 3733 2843 3786 τῶν
2871 3733 3274 3785 πιστευσάντων
3302 3733 3371 3786 τὰ
3404 3733 3608 3806 πλήθη,

2035 3822 2109 3881 ὧν
2140 3829 2234 3882 καὶ
2266 3831 2314 3880 οἱ
2375 3828 2774 3901 μετεωρισμοὶ,
2818 3826 3092 3879 τουτέστιν
3146 3827 3200 3879 αἱ
3237 3826 3472 3896 ὑψώσεις
3514 3826 3610 3882 τοῦ

2037 3922 2401 3991 φρονήματος,
2433 3920 2744 3990 θαυμασταὶ
2767 3919 3070 3988 γεγόνασιν.
3123 3920 3322 3973 Οὐκέτι
3360 3920 3471 3992 γάρ
3520 3938 3612 3990 μι-

2036 4013 2144 4083 κρᾶ
2169 4014 2261 4067 καὶ
2307 4014 2538 4068 ταπεινὰ
2570 4013 2825 4085 φρονοῦσι
2865 4015 2991 4086 περὶ
3019 4013 3175 4077 Θεοῦ,
3226 4013 3362 4067 ἀλλὰ
3395 4014 3609 4086 μεγάλα

2035 4107 2126 4168 καὶ
2155 4106 2460 4175 θαυμαστά.

2110 4199 2184 4251 Τὰ
2206 4198 2498 4266 μαρτύριά
2541 4216 2656 4253 σου
2677 4196 3098 4265 ἐπιστώθησαν
3131 4197 3388 4266 σφόδρα.
3442 4199 3604 4270 Μαρ-

2032 4291 2191 4361 τύρια
2225 4294 2325 4354 τὰς
2347 4290 2677 4360 ἐπαγγελίας
2711 4291 2873 4359 φησιν
2911 4289 2975 4352 ἃς
3020 4290 3109 4344 διὰ
3136 4290 3242 4342 τῶν
3266 4289 3436 4357 ἁγίων
3470 4306 3606 4360 προ-

319 4367 322 4370 ’
361 4368 506 4435 tibus
537 4367 696 4434 facta,
720 4386 840 4439 quae
875 4372 1052 4427 ﬁdelia
1084 4383 1138 4428 et
1171 4374 1324 4430 ﬁrma
1354 4394 1475 4433 esse
1524 4381 1576 4434 in
1613 4383 1925 4440 novissimis
1957 4400 1961 4453 ς

2054 4382 2216 4454 ρητῶν
2246 4387 2356 4446 τοῖς
2385 4382 2592 4436 ἔθνεσιν
2628 4382 2990 4453 ἐπηγγείλατο
3014 4425 3027 4449 ,
3058 4382 3124 4446 ἃς
3165 4381 3258 4435 καὶ
3294 4381 3492 4445 πιστὰς
3514 4383 3604 4434 ἐπ’

359 4459 550 4513 diebus
583 4451 840 4527 ostendit,
875 4477 971 4516 sua
1007 4466 1294 4532 praesentia
1320 4469 1589 4536 promissa
1626 4475 1920 4542 complens.

358 4549 583 4603 Domum
620 4561 765 4604 tuam
794 4554 936 4606 decet
962 4557 1288 4622 sanctitudo,
1317 4557 1554 4614 Domine.
1586 4561 1784 4620 Domus
1806 4567 1925 4636 ejus

359 4639 598 4698 Ecclesia
643 4653 759 4707 est,
798 4644 885 4697 cui
918 4646 1172 4698 convenit
1206 4647 1351 4716 quod
1382 4650 1451 4703 sit
1484 4661 1692 4716 sancta,
1725 4656 1926 4725 quippe

357 4747 479 4798 quae
524 4747 648 4786 eum
703 4733 1097 4790 inhabitantem
1157 4738 1354 4792 habeat
1379 4741 1472 4808 qui
1506 4742 1655 4797 solus
1702 4756 1925 4801 sanctus

357 4833 476 4886 est;
505 4838 628 4877 cum
651 4831 830 4878 autem
856 4825 909 4878 id
939 4825 1138 4880 factum
1177 4829 1359 4895 fuerit,
1397 4840 1554 4886 nacta
1590 4839 1923 4904 perpetuita-

359 4922 464 4968 tem
498 4914 927 4970 sanctiﬁcationc
958 4917 1184 4974 fruetur.
1722 4940 1728 4945 ‘

429 5003 769 5060 PSALMUS
797 5007 988 5071 David,
1017 5021 1205 5079 quarta
1240 5011 1606 5070 Sabbatorum.
1627 5015 1850 5075 XCIII.

942 5101 1336 5171 Argumentum.

357 5188 432 5249 De
465 5191 804 5260 providentia
845 5192 933 5246 hic
957 5208 1262 5248 sermonem
1299 5198 1476 5263 habet,
1513 5201 1718 5259 docens
1749 5215 1806 5259 ut
1855 5222 1923 5260 ne

426 5285 573 5337 anxii
640 5283 846 5345 simus,
908 5302 1084 5354 neque
1137 5287 1376 5343 animum
1437 5293 1918 5363 despondeamus,

424 5375 638 5428 etiamsi
679 5376 743 5427 ad
774 5375 1048 5440 quoddam
1084 5380 1344 5445 temporis
1383 5382 1614 5449 spatium
1647 5390 1919 5454 peccanti-

428 5467 528 5526 bus
577 5469 932 5536 prosperitas,
979 5467 1080 5536 piis
1133 5472 1440 5538 persecutio
1487 5477 1716 5532 eveniat.
1777 5477 1920 5533 Nihil

431 5638 526 5700 "1
561 5639 686 5700 Cor.
723 5657 814 5711 xv,
845 5642 932 5698 ‘25.
993 5641 1036 5672 “
1061 5639 1216 5697 Joan.
1253 5659 1322 5696 vn
1355 5683 1367 5706 ,
1411 5644 1495 5694 5‘3.

2031 4476 2273 4546 ἐσχάτων
2298 4475 2607 4542 ἐπεδείξατο
2631 4474 2737 4528 τῶν
2765 4473 3005 4547 ἡμερῶν,
3034 4477 3099 4544 τῇ
3121 4474 3298 4544 οἰκείᾳ
3327 4474 3603 4545 παρουσίᾳ

2027 4570 2175 4640 ἔργῳ
2203 4568 2445 4641 πληρῶν.
2489 4565 2572 4632 Τῷ
2603 4568 2746 4630 οἴκῳ
2771 4583 2885 4619 σου
2924 4565 3134 4632 πρέπει
3173 4564 3456 4633 ἁγίασμα,
3481 4562 3601 4618 Κύ-

2019 4679 2132 4728 ριε.
2189 4657 2349 4722 Οἶκος
2402 4660 2498 4730 μὲν
2527 4657 2689 4711 αὐτοῦ
2727 4659 2759 4728 ἡ
2801 4656 3112 4727 Ἐκκλησία,
3152 4655 3349 4726 πρέπει
3377 4654 3421 4706 δ’
3455 4655 3597 4725 αὐτῇ

2025 4752 2085 4802 τὸ
2116 4751 2246 4818 ἁγία
2270 4751 2430 4812 εἶναι,
2457 4749 2551 4802 ἆτε
2575 4749 2664 4806 τὸν
2689 4747 2846 4818 μόνον
2872 4748 3024 4814 ἆγιον
3042 4746 3238 4814 ἔχουσα
3262 4743 3594 4805 ἐνοικοῦντα·

2027 4841 2246 4896 ἐπειδὰν
2273 4842 2328 4894 δὲ
2358 4841 2514 4894 τοῦτο
2543 4841 2787 4910 γένηται,
2830 4839 2923 4891 καὶ
2958 4836 3314 4906 ἀτελευτήτου
3359 4834 3598 4905 μεταλα-

2026 4937 2193 5003 ϐοῦσα
2220 4937 2512 4990 ἀπολαύσει
2535 4937 2623 4990 τοῦ
2653 4937 3008 5005 άγιάσματος.

2138 5030 2442 5083 ΨΑΛΜΟΣ
2470 5027 2548 5096 τῷ
2565 5027 2739 5082 Δαυῒδ
2764 5025 2991 5094 τετράδι
3018 5021 3345 5078 Σαϐϐάτων.
3372 5024 3481 5092 ιτΓν.

2646 5120 2971 5182 Ὑπόθεσις.

2023 5210 2126 5263 Τὸν
2162 5211 2289 5280 περὶ
2314 5210 2565 5280 προνοίας
2599 5213 2654 5263 ἐν
2677 5211 2852 5280 τούτῳ
2881 5209 3091 5276 εἰσάγει
3124 5208 3300 5275 λόγον,
3323 5206 3589 5260 διδάσκων

2097 5303 2169 5372 μὴ
2221 5302 2496 5356 θλίϐεσθαι
2525 5304 2617 5355 καὶ
2648 5303 2956 5373 ἀδημονεῖν,
2981 5301 3080 5356 κᾶν
3119 5304 3167 5354 εί
3220 5301 3356 5370 πρὸς
3401 5302 3583 5370 καιρὸν

2092 5379 2300 5460 γένοιτο
2328 5396 2420 5449 καὶ
2447 5397 2558 5459 τοῖς
2595 5397 2994 5466 ἁμαρτάνουσιν
3031 5393 3320 5465 εὐημερία,
3359 5392 3586 5452 καὶτοῖς

2093 5487 2333 5541 εὐσεϐέσι
2366 5487 2620 5558 διωγμός.
2650 5486 2814 5541 Οὐδὲν
2836 5489 2944 5558 γὰρ
2969 5486 3172 5546 τούτων
3205 5482 3464 5548 ὡσαύτως
3493 5481 3583 5552 μέ-
