  <div class='ocr_page' id='page_1' title='image "/cluster/home/n/w/nwhite01/storage/ocr_20150623/27/nnc1.0046978631/218.png"; bbox 0 0 3880 6216; ppageno 0'>
   <div class='ocr_carea' id='block_1_1' title="bbox 187 255 282 313">
    <p class='ocr_par' dir='ltr' id='par_1_1' title="bbox 187 255 282 313">
     <span class='ocr_line' id='line_1_1' title="bbox 187 255 282 313; baseline 0.011 -1"><span class='ocrx_word' id='word_1_1' title='bbox 187 255 282 313; x_wconf 74' lang='grc' dir='ltr'><strong>ιοθ</strong></span> 
     </span>
    </p>
   </div>
   <div class='ocr_carea' id='block_1_2' title="bbox 245 455 1736 524">
    <p class='ocr_par' dir='ltr' id='par_1_2' title="bbox 245 455 1736 524">
     <span class='ocr_line' id='line_1_2' title="bbox 245 455 1736 524; baseline -0.005 -8"><span class='ocrx_word' id='word_1_2' title='bbox 245 477 347 515; x_wconf 87' lang='grc' dir='ltr'>νιον</span> <span class='ocrx_word' id='word_1_3' title='bbox 376 460 669 515; x_wconf 74' lang='grc' dir='ltr'><strong>ἀπόλαυσιν</strong></span> <span class='ocrx_word' id='word_1_4' title='bbox 696 455 915 522; x_wconf 78' lang='grc' dir='ltr'>ἀγαθῶν</span> <span class='ocrx_word' id='word_1_5' title='bbox 935 495 949 519; x_wconf 94' lang='grc'><strong>,</strong></span> <span class='ocrx_word' id='word_1_6' title='bbox 976 458 1088 518; x_wconf 82' lang='grc' dir='ltr'>τοῖς</span> <span class='ocrx_word' id='word_1_7' title='bbox 1105 455 1160 507; x_wconf 83' lang='grc' dir='ltr'><strong>δέ</strong></span> <span class='ocrx_word' id='word_1_8' title='bbox 1187 455 1324 524; x_wconf 85' lang='grc' dir='ltr'><strong>μετά</strong></span> <span class='ocrx_word' id='word_1_9' title='bbox 1358 456 1418 508; x_wconf 87' lang='grc' dir='ltr'><strong>τὸ</strong></span> <span class='ocrx_word' id='word_1_10' title='bbox 1454 455 1642 508; x_wconf 78' lang='grc' dir='ltr'>δοκοῦν</span> <span class='ocrx_word' id='word_1_11' title='bbox 1667 457 1736 509; x_wconf 71' lang='grc' dir='ltr'><strong>τὰ</strong></span> 
     </span>
    </p>
   </div>
   <div class='ocr_carea' id='block_1_3' title="bbox 245 547 1737 624">
    <p class='ocr_par' dir='ltr' id='par_1_3' title="bbox 245 547 1737 624">
     <span class='ocr_line' id='line_1_3' title="bbox 245 547 1737 624; baseline -0.003 -19"><span class='ocrx_word' id='word_1_12' title='bbox 245 551 444 624; x_wconf 82' lang='grc' dir='ltr'>χρηστὰ</span> <span class='ocrx_word' id='word_1_13' title='bbox 481 551 558 613; x_wconf 85' lang='grc' dir='ltr'><strong>είς</strong></span> <span class='ocrx_word' id='word_1_14' title='bbox 597 549 986 618; x_wconf 81' lang='grc' dir='ltr'>ἀτελευτήτους</span> <span class='ocrx_word' id='word_1_15' title='bbox 1033 547 1235 609; x_wconf 86' lang='grc' dir='ltr'>αἰῶνας</span> <span class='ocrx_word' id='word_1_16' title='bbox 1275 550 1308 618; x_wconf 87' lang='grc' dir='ltr'><strong>ή</strong></span> <span class='ocrx_word' id='word_1_17' title='bbox 1355 547 1600 610; x_wconf 86' lang='grc' dir='ltr'>κόλασις.</span> <span class='ocrx_word' id='word_1_18' title='bbox 1642 551 1737 601; x_wconf 87' lang='grc' dir='ltr'><strong>Τε-</strong></span> 
     </span>
    </p>
   </div>
   <div class='ocr_carea' id='block_1_4' title="bbox 241 637 1736 711">
    <p class='ocr_par' dir='ltr' id='par_1_4' title="bbox 241 637 1736 711">
     <span class='ocr_line' id='line_1_4' title="bbox 241 637 1736 711; baseline -0.003 -16"><span class='ocrx_word' id='word_1_19' title='bbox 241 642 416 711; x_wconf 80' lang='grc' dir='ltr'>τράδα</span> <span class='ocrx_word' id='word_1_20' title='bbox 441 642 496 694; x_wconf 86' lang='grc' dir='ltr'>δὲ</span> <span class='ocrx_word' id='word_1_21' title='bbox 525 638 838 694; x_wconf 80' lang='grc' dir='ltr'>Σαϐϐάτων</span> <span class='ocrx_word' id='word_1_22' title='bbox 865 638 1304 709; x_wconf 87' lang='grc' dir='ltr'>ἐπιγέγραπται,</span> <span class='ocrx_word' id='word_1_23' title='bbox 1359 637 1448 691; x_wconf 79' lang='grc' dir='ltr'>διὰ</span> <span class='ocrx_word' id='word_1_24' title='bbox 1479 639 1541 690; x_wconf 89' lang='grc' dir='ltr'><strong>τὸ</strong></span> <span class='ocrx_word' id='word_1_25' title='bbox 1571 640 1628 691; x_wconf 82' lang='grc' dir='ltr'><strong>ἐν</strong></span> <span class='ocrx_word' id='word_1_26' title='bbox 1658 639 1736 710; x_wconf 82' lang='grc' dir='ltr'>τῷ</span> 
     </span>
    </p>
   </div>
   <div class='ocr_carea' id='block_1_5' title="bbox 241 727 1735 801">
    <p class='ocr_par' dir='ltr' id='par_1_5' title="bbox 241 727 1735 801">
     <span class='ocr_line' id='line_1_5' title="bbox 241 727 1735 801; baseline -0.002 -18"><span class='ocrx_word' id='word_1_27' title='bbox 241 732 471 800; x_wconf 85' lang='grc' dir='ltr'><strong>τετάρτῳ</strong></span> <span class='ocrx_word' id='word_1_28' title='bbox 512 730 671 801; x_wconf 76' lang='grc' dir='ltr'>μηνίο</span> <span class='ocrx_word' id='word_1_29' title='bbox 723 727 845 782; x_wconf 78' lang='grc' dir='ltr'>ἀντὶ</span> <span class='ocrx_word' id='word_1_30' title='bbox 900 727 1009 798; x_wconf 78' lang='grc' dir='ltr'>γὰρ</span> <span class='ocrx_word' id='word_1_31' title='bbox 1057 728 1149 780; x_wconf 90' lang='grc' dir='ltr'><strong>τοῦ</strong></span> <span class='ocrx_word' id='word_1_32' title='bbox 1185 729 1352 799; x_wconf 88' lang='grc' dir='ltr'>μηνὸς</span> <span class='ocrx_word' id='word_1_33' title='bbox 1383 727 1480 800; x_wconf 82' lang='grc' dir='ltr'><strong>τὴν</strong></span> <span class='ocrx_word' id='word_1_34' title='bbox 1522 729 1735 799; x_wconf 80' lang='grc' dir='ltr'>ἡμέραν</span> 
     </span>
    </p>
   </div>
   <div class='ocr_carea' id='block_1_6' title="bbox 240 815 1736 893">
    <p class='ocr_par' dir='ltr' id='par_1_6' title="bbox 240 815 1736 893">
     <span class='ocr_line' id='line_1_6' title="bbox 240 815 1736 893; baseline -0.001 -19"><span class='ocrx_word' id='word_1_35' title='bbox 240 821 470 875; x_wconf 79' lang='grc' dir='ltr'><strong>τέθεικεν</strong></span> <span class='ocrx_word' id='word_1_36' title='bbox 502 824 559 874; x_wconf 86' lang='grc' dir='ltr'><strong>ἐν</strong></span> <span class='ocrx_word' id='word_1_37' title='bbox 660 823 726 890; x_wconf 82' lang='grc' dir='ltr'>τῇ</span> <span class='ocrx_word' id='word_1_38' title='bbox 757 819 852 872; x_wconf 88' lang='grc' dir='ltr'><strong>τοῦ</strong></span> <span class='ocrx_word' id='word_1_39' title='bbox 882 818 1019 872; x_wconf 89' lang='grc' dir='ltr'>Θεοῦ</span> <span class='ocrx_word' id='word_1_40' title='bbox 1054 821 1207 873; x_wconf 88' lang='grc' dir='ltr'>πόλει</span> <span class='ocrx_word' id='word_1_41' title='bbox 1252 820 1351 892; x_wconf 81' lang='grc' dir='ltr'>τὴν</span> <span class='ocrx_word' id='word_1_42' title='bbox 1385 820 1558 891; x_wconf 82' lang='grc' dir='ltr'>ἀρχὴν</span> <span class='ocrx_word' id='word_1_43' title='bbox 1585 821 1736 889; x_wconf 87' lang='grc' dir='ltr'>γενέ-</span> 
     </span>
    </p>
   </div>
   <div class='ocr_carea' id='block_1_7' title="bbox 242 911 1733 984">
    <p class='ocr_par' dir='ltr' id='par_1_7' title="bbox 242 911 1733 984">
     <span class='ocr_line' id='line_1_7' title="bbox 242 911 1733 984; baseline -0.001 -18"><span class='ocrx_word' id='word_1_44' title='bbox 242 914 356 966; x_wconf 91' lang='grc' dir='ltr'>σθαι</span> <span class='ocrx_word' id='word_1_45' title='bbox 375 912 482 965; x_wconf 89' lang='grc' dir='ltr'><strong>τῶν</strong></span> <span class='ocrx_word' id='word_1_46' title='bbox 511 911 832 982; x_wconf 82' lang='grc' dir='ltr'>συμφορῶν,</span> <span class='ocrx_word' id='word_1_47' title='bbox 866 911 925 963; x_wconf 84' lang='grc' dir='ltr'><strong>ἐν</strong></span> <span class='ocrx_word' id='word_1_48' title='bbox 974 911 1150 982; x_wconf 78' lang='grc' dir='ltr'>τούτῳ</span> <span class='ocrx_word' id='word_1_49' title='bbox 1191 913 1733 984; x_wconf 80' lang='grc' dir='ltr'><strong>ἐπιστρατευσάντων</strong></span> 
     </span>
    </p>
   </div>
   <div class='ocr_carea' id='block_1_8' title="bbox 239 999 1249 1071">
    <p class='ocr_par' dir='ltr' id='par_1_8' title="bbox 239 999 1249 1071">
     <span class='ocr_line' id='line_1_8' title="bbox 239 999 1249 1071; baseline 0.001 -17"><span class='ocrx_word' id='word_1_50' title='bbox 239 1001 598 1065; x_wconf 78' lang='grc' dir='ltr'>Βαϐυλωνίων,</span> <span class='ocrx_word' id='word_1_51' title='bbox 619 1001 694 1064; x_wconf 82' lang='grc' dir='ltr'>ὡς</span> <span class='ocrx_word' id='word_1_52' title='bbox 729 999 994 1070; x_wconf 78' lang='grc' dir='ltr'>Ἱερεμίας</span> <span class='ocrx_word' id='word_1_53' title='bbox 1025 1002 1249 1071; x_wconf 78' lang='grc' dir='ltr'>ἱστορεῖ.</span> 
     </span>
    </p>
   </div>
   <div class='ocr_carea' id='block_1_9' title="bbox 236 1177 1734 1248">
    <p class='ocr_par' dir='ltr' id='par_1_9' title="bbox 236 1177 1734 1248">
     <span class='ocr_line' id='line_1_9' title="bbox 236 1177 1734 1248; baseline -0.005 -11"><span class='ocrx_word' id='word_1_54' title='bbox 236 1182 370 1248; x_wconf 81' lang='grc' dir='ltr'>Θεὸς</span> <span class='ocrx_word' id='word_1_55' title='bbox 408 1181 774 1248; x_wconf 76' lang='grc' dir='ltr'>ἐκδικήσεων</span> <span class='ocrx_word' id='word_1_56' title='bbox 830 1182 1066 1248; x_wconf 83' lang='grc' dir='ltr'>Κύριος,</span> <span class='ocrx_word' id='word_1_57' title='bbox 1103 1183 1136 1232; x_wconf 86' lang='grc' dir='ltr'><strong>ό</strong></span> <span class='ocrx_word' id='word_1_58' title='bbox 1175 1178 1320 1245; x_wconf 84' lang='grc' dir='ltr'><strong>Θεὸς</strong></span> <span class='ocrx_word' id='word_1_59' title='bbox 1364 1177 1734 1241; x_wconf 68' lang='grc' dir='ltr'>ἐκδικήσεων</span> 
     </span>
    </p>
   </div>
   <div class='ocr_carea' id='block_1_10' title="bbox 178 1269 1735 1344">
    <p class='ocr_par' dir='ltr' id='par_1_10' title="bbox 178 1269 1735 1344">
     <span class='ocr_line' id='line_1_10' title="bbox 178 1269 1735 1344; baseline -0.004 -16"><span class='ocrx_word' id='word_1_60' title='bbox 178 1272 666 1341; x_wconf 74' lang='grc' dir='ltr'>ἐπαρρησιάσατο.</span> <span class='ocrx_word' id='word_1_61' title='bbox 714 1274 925 1344; x_wconf 77' lang='grc' dir='ltr'>Ὥσπερ</span> <span class='ocrx_word' id='word_1_62' title='bbox 969 1271 1100 1334; x_wconf 81' lang='grc' dir='ltr'>Θεὸς</span> <span class='ocrx_word' id='word_1_63' title='bbox 1133 1270 1432 1340; x_wconf 85' lang='grc' dir='ltr'>οἰκτίρμων</span> <span class='ocrx_word' id='word_1_64' title='bbox 1467 1271 1605 1332; x_wconf 73' lang='grc' dir='ltr'>ἐστὶ,</span> <span class='ocrx_word' id='word_1_65' title='bbox 1641 1269 1735 1322; x_wconf 71' lang='grc' dir='ltr'><strong>καὶ</strong></span> 
     </span>
    </p>
   </div>
   <div class='ocr_carea' id='block_1_11' title="bbox 176 1359 1736 1435">
    <p class='ocr_par' dir='ltr' id='par_1_11' title="bbox 176 1359 1736 1435">
     <span class='ocr_line' id='line_1_11' title="bbox 176 1359 1736 1435; baseline -0.004 -18"><span class='ocrx_word' id='word_1_66' title='bbox 176 1365 296 1426; x_wconf 83' lang='grc' dir='ltr'>Θεὸς</span> <span class='ocrx_word' id='word_1_67' title='bbox 321 1363 731 1435; x_wconf 81' lang='grc' dir='ltr'>παρακλήσεων,</span> <span class='ocrx_word' id='word_1_68' title='bbox 763 1363 905 1416; x_wconf 77' lang='grc' dir='ltr'>οὓτω</span> <span class='ocrx_word' id='word_1_69' title='bbox 927 1364 1020 1415; x_wconf 75' lang='grc' dir='ltr'><strong>καὶ</strong></span> <span class='ocrx_word' id='word_1_70' title='bbox 1047 1359 1180 1423; x_wconf 85' lang='grc' dir='ltr'>Θεὸς</span> <span class='ocrx_word' id='word_1_71' title='bbox 1210 1359 1565 1431; x_wconf 84' lang='grc' dir='ltr'>ἐκδικήσεων.</span> <span class='ocrx_word' id='word_1_72' title='bbox 1624 1360 1736 1411; x_wconf 75' lang='grc' dir='ltr'><strong>Καὶ</strong></span> 
     </span>
    </p>
   </div>
   <div class='ocr_carea' id='block_1_12' title="bbox 177 1450 1735 1526">
    <p class='ocr_par' dir='ltr' id='par_1_12' title="bbox 177 1450 1735 1526">
     <span class='ocr_line' id='line_1_12' title="bbox 177 1450 1735 1526; baseline -0.004 -19"><span class='ocrx_word' id='word_1_73' title='bbox 177 1455 342 1518; x_wconf 80' lang='grc' dir='ltr'>πάλιν,</span> <span class='ocrx_word' id='word_1_74' title='bbox 396 1455 554 1508; x_wconf 87' lang='grc' dir='ltr'>τοῦτο</span> <span class='ocrx_word' id='word_1_75' title='bbox 589 1455 731 1508; x_wconf 83' lang='grc' dir='ltr'><strong>δὲέν</strong></span> <span class='ocrx_word' id='word_1_76' title='bbox 789 1453 1058 1526; x_wconf 82' lang='grc' dir='ltr'>προοιμίῳ</span> <span class='ocrx_word' id='word_1_77' title='bbox 1102 1450 1450 1524; x_wconf 75' lang='grc' dir='ltr'>παραμυθίαν</span> <span class='ocrx_word' id='word_1_78' title='bbox 1495 1450 1735 1521; x_wconf 85' lang='grc' dir='ltr'>μεγάλην</span> 
     </span>
    </p>
   </div>
   <div class='ocr_carea' id='block_1_13' title="bbox 177 1542 1736 1619">
    <p class='ocr_par' dir='ltr' id='par_1_13' title="bbox 177 1542 1736 1619">
     <span class='ocr_line' id='line_1_13' title="bbox 177 1542 1736 1619; baseline -0.002 -21"><span class='ocrx_word' id='word_1_79' title='bbox 177 1549 272 1609; x_wconf 76' lang='grc' dir='ltr'>τοῖς</span> <span class='ocrx_word' id='word_1_80' title='bbox 298 1549 359 1600; x_wconf 88' lang='grc' dir='ltr'><strong>ἐκ</strong></span> <span class='ocrx_word' id='word_1_81' title='bbox 379 1546 484 1598; x_wconf 87' lang='grc' dir='ltr'><strong>τῶν</strong></span> <span class='ocrx_word' id='word_1_82' title='bbox 518 1545 753 1616; x_wconf 78' lang='grc' dir='ltr'>θλίψεων</span> <span class='ocrx_word' id='word_1_83' title='bbox 778 1546 1134 1619; x_wconf 85' lang='grc' dir='ltr'>ἀκηδιάσασιν</span> <span class='ocrx_word' id='word_1_84' title='bbox 1161 1542 1624 1616; x_wconf 77' lang='grc' dir='ltr'>ἀπεργαζόμενος.</span> <span class='ocrx_word' id='word_1_85' title='bbox 1663 1544 1736 1596; x_wconf 87' lang='grc' dir='ltr'><strong>Τὸ</strong></span> 
     </span>
    </p>
   </div>
   <div class='ocr_carea' id='block_1_14' title="bbox 176 1633 1733 1709">
    <p class='ocr_par' dir='ltr' id='par_1_14' title="bbox 176 1633 1733 1709">
     <span class='ocr_line' id='line_1_14' title="bbox 176 1633 1733 1709; baseline -0.003 -16"><span class='ocrx_word' id='word_1_86' title='bbox 176 1640 228 1693; x_wconf 82' lang='grc' dir='ltr'>δὲ</span> <span class='ocrx_word' id='word_1_87' title='bbox 246 1680 259 1702; x_wconf 90' lang='grc'><strong>,</strong></span> <span class='ocrx_word' id='word_1_88' title='bbox 288 1639 769 1709; x_wconf 76' lang='grc' dir='ltr'>ἐπαρρησιάσατο</span> <span class='ocrx_word' id='word_1_89' title='bbox 789 1679 804 1704; x_wconf 91' lang='grc'><strong>,</strong></span> <span class='ocrx_word' id='word_1_90' title='bbox 844 1639 944 1709; x_wconf 86' lang='grc' dir='ltr'><strong>τὴν</strong></span> <span class='ocrx_word' id='word_1_91' title='bbox 971 1637 1110 1708; x_wconf 85' lang='grc' dir='ltr'>μετὰ</span> <span class='ocrx_word' id='word_1_92' title='bbox 1139 1635 1312 1689; x_wconf 87' lang='grc' dir='ltr'>ταῦτα</span> <span class='ocrx_word' id='word_1_93' title='bbox 1335 1635 1428 1688; x_wconf 81' lang='grc' dir='ltr'><strong>ἐπὶ</strong></span> <span class='ocrx_word' id='word_1_94' title='bbox 1464 1633 1560 1688; x_wconf 88' lang='grc' dir='ltr'><strong>τοῦ</strong></span> <span class='ocrx_word' id='word_1_95' title='bbox 1589 1635 1733 1688; x_wconf 83' lang='grc' dir='ltr'>θείου</span> 
     </span>
    </p>
   </div>
   <div class='ocr_carea' id='block_1_15' title="bbox 1265 248 2334 307">
    <p class='ocr_par' dir='ltr' id='par_1_15' title="bbox 1265 248 2334 307">
     <span class='ocr_line' id='line_1_15' title="bbox 1265 248 2334 307; baseline 0.005 -5"><span class='ocrx_word' id='word_1_96' title='bbox 1265 249 1632 304; x_wconf 74' lang='lat' dir='ltr'><strong>EXPOSITIO</strong></span> <span class='ocrx_word' id='word_1_97' title='bbox 1672 250 1736 304; x_wconf 76' lang='lat' dir='ltr'>IN</span> <span class='ocrx_word' id='word_1_98' title='bbox 1776 251 2106 307; x_wconf 74' lang='lat' dir='ltr'><strong>PSALMUM</strong></span> <span class='ocrx_word' id='word_1_99' title='bbox 2151 248 2334 307; x_wconf 80' lang='lat' dir='ltr'><strong>XCIII.</strong></span> 
     </span>
    </p>
   </div>
   <div class='ocr_carea' id='block_1_16' title="bbox 246 362 1811 438">
    <p class='ocr_par' dir='ltr' id='par_1_16' title="bbox 246 362 1811 438">
     <span class='ocr_line' id='line_1_16' title="bbox 246 362 1811 438; baseline -0.005 -16"><span class='ocrx_word' id='word_1_100' title='bbox 246 387 340 435; x_wconf 85' lang='grc' dir='ltr'>νει,</span> <span class='ocrx_word' id='word_1_101' title='bbox 365 367 497 424; x_wconf 83' lang='grc' dir='ltr'><strong>ἀλλά</strong></span> <span class='ocrx_word' id='word_1_102' title='bbox 525 363 902 438; x_wconf 80' lang='grc' dir='ltr'>μεταϐαλεῖται</span> <span class='ocrx_word' id='word_1_103' title='bbox 922 379 936 394; x_wconf 85' lang='grc'><strong>·</strong></span> <span class='ocrx_word' id='word_1_104' title='bbox 965 364 1076 425; x_wconf 85' lang='grc' dir='ltr'>τοῖς</span> <span class='ocrx_word' id='word_1_105' title='bbox 1109 364 1206 433; x_wconf 79' lang='grc' dir='ltr'>μὲν</span> <span class='ocrx_word' id='word_1_106' title='bbox 1235 365 1267 433; x_wconf 81' lang='grc' dir='ltr'><strong>ἡ</strong></span> <span class='ocrx_word' id='word_1_107' title='bbox 1297 362 1475 432; x_wconf 69' lang='grc' dir='ltr'>θλίψις</span> <span class='ocrx_word' id='word_1_108' title='bbox 1503 365 1582 427; x_wconf 88' lang='grc' dir='ltr'><strong>είς</strong></span> <span class='ocrx_word' id='word_1_109' title='bbox 1602 363 1733 416; x_wconf 87' lang='grc' dir='ltr'>αἰώ-</span> <span class='ocrx_word' id='word_1_110' title='bbox 1765 371 1811 427; x_wconf 78' lang='grc' dir='ltr'><strong>Α</strong></span> 
     </span>
    </p>
   </div>
   <div class='ocr_carea' id='block_1_17' title="bbox 3303 249 3409 303">
    <p class='ocr_par' dir='ltr' id='par_1_17' title="bbox 3303 249 3409 303">
     <span class='ocr_line' id='line_1_17' title="bbox 3303 249 3409 303; baseline 0 -1"><span class='ocrx_word' id='word_1_111' title='bbox 3303 249 3409 303; x_wconf 75' lang='lat' dir='ltr'><strong>M0</strong></span> 
     </span>
    </p>
   </div>
   <div class='ocr_carea' id='block_1_18' title="bbox 1907 362 3406 436">
    <p class='ocr_par' dir='ltr' id='par_1_18' title="bbox 1907 362 3406 436">
     <span class='ocr_line' id='line_1_18' title="bbox 1907 362 3406 436; baseline -0.002 -16"><span class='ocrx_word' id='word_1_112' title='bbox 1907 381 2098 421; x_wconf 89' lang='lat' dir='ltr'><strong>eorum</strong></span> <span class='ocrx_word' id='word_1_113' title='bbox 2135 365 2334 436; x_wconf 84' lang='lat' dir='ltr'><strong>quippe</strong></span> <span class='ocrx_word' id='word_1_114' title='bbox 2363 363 2552 419; x_wconf 86' lang='lat' dir='ltr'><strong>eadem</strong></span> <span class='ocrx_word' id='word_1_115' title='bbox 2593 362 2906 417; x_wconf 90' lang='lat' dir='ltr'><strong>conditione</strong></span> <span class='ocrx_word' id='word_1_116' title='bbox 2930 370 3131 426; x_wconf 86' lang='lat' dir='ltr'><strong>manet,</strong></span> <span class='ocrx_word' id='word_1_117' title='bbox 3161 363 3254 417; x_wconf 91' lang='lat' dir='ltr'><strong>sed</strong></span> <span class='ocrx_word' id='word_1_118' title='bbox 3284 381 3406 418; x_wconf 85' lang='lat' dir='ltr'><strong>mu-</strong></span> 
     </span>
    </p>
   </div>
   <div class='ocr_carea' id='block_1_19' title="bbox 1911 455 3405 527">
    <p class='ocr_par' dir='ltr' id='par_1_19' title="bbox 1911 455 3405 527">
     <span class='ocr_line' id='line_1_19' title="bbox 1911 455 3405 527; baseline -0.002 -14"><span class='ocrx_word' id='word_1_119' title='bbox 1911 468 2056 513; x_wconf 91' lang='lat' dir='ltr'><strong>tatur</strong></span> <span class='ocrx_word' id='word_1_120' title='bbox 2083 479 2094 512; x_wconf 89' lang='lat'><strong>:</strong></span> <span class='ocrx_word' id='word_1_121' title='bbox 2129 461 2212 514; x_wconf 86' lang='lat' dir='ltr'><strong>his</strong></span> <span class='ocrx_word' id='word_1_122' title='bbox 2244 459 2485 527; x_wconf 86' lang='lat' dir='ltr'><strong>quidem,</strong></span> <span class='ocrx_word' id='word_1_123' title='bbox 2526 456 2775 524; x_wconf 76' lang='lat' dir='ltr'><strong>angustia</strong></span> <span class='ocrx_word' id='word_1_124' title='bbox 2805 455 2856 506; x_wconf 89' lang='lat' dir='ltr'><strong>in</strong></span> <span class='ocrx_word' id='word_1_125' title='bbox 2895 465 3208 524; x_wconf 87' lang='lat' dir='ltr'><strong>perpetuam</strong></span> <span class='ocrx_word' id='word_1_126' title='bbox 3236 456 3405 510; x_wconf 83' lang='lat' dir='ltr'><strong>bono-</strong></span> 
     </span>
    </p>
   </div>
   <div class='ocr_carea' id='block_1_20' title="bbox 1908 547 3407 620">
    <p class='ocr_par' dir='ltr' id='par_1_20' title="bbox 1908 547 3407 620">
     <span class='ocr_line' id='line_1_20' title="bbox 1908 547 3407 620; baseline -0.003 -15"><span class='ocrx_word' id='word_1_127' title='bbox 1908 567 2029 605; x_wconf 85' lang='lat' dir='ltr'><strong>rum</strong></span> <span class='ocrx_word' id='word_1_128' title='bbox 2064 553 2502 620; x_wconf 84' lang='lat' dir='ltr'><strong>possessionem;</strong></span> <span class='ocrx_word' id='word_1_129' title='bbox 2534 547 2641 602; x_wconf 87' lang='lat' dir='ltr'><strong>illis</strong></span> <span class='ocrx_word' id='word_1_130' title='bbox 2665 557 2845 601; x_wconf 88' lang='lat' dir='ltr'><strong>autem</strong></span> <span class='ocrx_word' id='word_1_131' title='bbox 2875 561 2973 616; x_wconf 88' lang='lat' dir='ltr'><strong>pro</strong></span> <span class='ocrx_word' id='word_1_132' title='bbox 2999 547 3159 602; x_wconf 89' lang='lat' dir='ltr'><strong>bonis</strong></span> <span class='ocrx_word' id='word_1_133' title='bbox 3182 563 3302 616; x_wconf 63' lang='lat' dir='ltr'><strong>quae</strong></span> <span class='ocrx_word' id='word_1_134' title='bbox 3331 549 3407 600; x_wconf 77' lang='lat' dir='ltr'><strong>vi-</strong></span> 
     </span>
    </p>
   </div>
   <div class='ocr_carea' id='block_1_21' title="bbox 1907 640 3403 710">
    <p class='ocr_par' dir='ltr' id='par_1_21' title="bbox 1907 640 3403 710">
     <span class='ocr_line' id='line_1_21' title="bbox 1907 640 3403 710; baseline -0.001 -13"><span class='ocrx_word' id='word_1_135' title='bbox 1907 644 2177 698; x_wconf 89' lang='lat' dir='ltr'><strong>debantur</strong></span> <span class='ocrx_word' id='word_1_136' title='bbox 2207 644 2427 706; x_wconf 87' lang='lat' dir='ltr'><strong>habere,</strong></span> <span class='ocrx_word' id='word_1_137' title='bbox 2467 641 2793 710; x_wconf 88' lang='lat' dir='ltr'><strong>supplicium</strong></span> <span class='ocrx_word' id='word_1_138' title='bbox 2851 640 2905 693; x_wconf 92' lang='lat' dir='ltr'><strong>in</strong></span> <span class='ocrx_word' id='word_1_139' title='bbox 2934 640 3146 694; x_wconf 74' lang='lat' dir='ltr'><strong>infinita</strong></span> <span class='ocrx_word' id='word_1_140' title='bbox 3189 642 3403 696; x_wconf 64' lang='lat' dir='ltr'><strong>saecula.</strong></span> 
     </span>
    </p>
   </div>
   <div class='ocr_carea' id='block_1_22' title="bbox 1911 729 3408 799">
    <p class='ocr_par' dir='ltr' id='par_1_22' title="bbox 1911 729 3408 799">
     <span class='ocr_line' id='line_1_22' title="bbox 1911 729 3408 799; baseline -0.002 -13"><span class='ocrx_word' id='word_1_141' title='bbox 1911 733 2117 798; x_wconf 84' lang='lat' dir='ltr'><strong>Quarta</strong></span> <span class='ocrx_word' id='word_1_142' title='bbox 2163 742 2340 786; x_wconf 86' lang='lat' dir='ltr'><strong>autem</strong></span> <span class='ocrx_word' id='word_1_143' title='bbox 2392 729 2743 785; x_wconf 87' lang='lat' dir='ltr'><strong>Sabbatorum</strong></span> <span class='ocrx_word' id='word_1_144' title='bbox 2794 730 3090 799; x_wconf 89' lang='lat' dir='ltr'><strong>inscriptus</strong></span> <span class='ocrx_word' id='word_1_145' title='bbox 3128 739 3213 784; x_wconf 91' lang='lat' dir='ltr'><strong>est</strong></span> <span class='ocrx_word' id='word_1_146' title='bbox 3261 731 3408 798; x_wconf 82' lang='lat' dir='ltr'><strong>psal-</strong></span> 
     </span>
    </p>
   </div>
   <div class='ocr_carea' id='block_1_23' title="bbox 1907 820 3408 891">
    <p class='ocr_par' dir='ltr' id='par_1_23' title="bbox 1907 820 3408 891">
     <span class='ocr_line' id='line_1_23' title="bbox 1907 820 3408 891; baseline -0.002 -14"><span class='ocrx_word' id='word_1_147' title='bbox 1907 840 2029 877; x_wconf 88' lang='lat' dir='ltr'><strong>mus</strong></span> <span class='ocrx_word' id='word_1_148' title='bbox 2054 863 2066 885; x_wconf 95' lang='lat'><strong>,</strong></span> <span class='ocrx_word' id='word_1_149' title='bbox 2127 822 2255 891; x_wconf 83' lang='lat' dir='ltr'><strong>quia</strong></span> <span class='ocrx_word' id='word_1_150' title='bbox 2293 832 2488 890; x_wconf 88' lang='lat' dir='ltr'><strong>quarto</strong></span> <span class='ocrx_word' id='word_1_151' title='bbox 2523 835 2711 874; x_wconf 87' lang='lat' dir='ltr'><strong>mense</strong></span> <span class='ocrx_word' id='word_1_152' title='bbox 2759 820 2986 890; x_wconf 83' lang='lat' dir='ltr'><strong>contigit</strong></span> <span class='ocrx_word' id='word_1_153' title='bbox 3025 820 3145 886; x_wconf 84' lang='lat' dir='ltr'><strong>(die</strong></span> <span class='ocrx_word' id='word_1_154' title='bbox 3201 821 3408 874; x_wconf 80' lang='lat' dir='ltr'><strong>scilicet</strong></span> 
     </span>
    </p>
   </div>
   <div class='ocr_carea' id='block_1_24' title="bbox 1906 909 3407 984">
    <p class='ocr_par' dir='ltr' id='par_1_24' title="bbox 1906 909 3407 984">
     <span class='ocr_line' id='line_1_24' title="bbox 1906 909 3407 984; baseline -0.001 -17"><span class='ocrx_word' id='word_1_155' title='bbox 1906 929 2006 984; x_wconf 91' lang='lat' dir='ltr'><strong>pro</strong></span> <span class='ocrx_word' id='word_1_156' title='bbox 2035 929 2222 968; x_wconf 86' lang='lat' dir='ltr'><strong>mense</strong></span> <span class='ocrx_word' id='word_1_157' title='bbox 2253 912 2478 981; x_wconf 90' lang='lat' dir='ltr'><strong>posito),</strong></span> <span class='ocrx_word' id='word_1_158' title='bbox 2509 921 2568 964; x_wconf 93' lang='lat' dir='ltr'><strong>ut</strong></span> <span class='ocrx_word' id='word_1_159' title='bbox 2596 911 2801 964; x_wconf 89' lang='lat' dir='ltr'><strong>civitati</strong></span> <span class='ocrx_word' id='word_1_160' title='bbox 2827 909 2922 963; x_wconf 88' lang='lat' dir='ltr'><strong>Dei</strong></span> <span class='ocrx_word' id='word_1_161' title='bbox 2947 911 3160 964; x_wconf 89' lang='lat' dir='ltr'><strong>initium</strong></span> <span class='ocrx_word' id='word_1_162' title='bbox 3185 912 3407 965; x_wconf 86' lang='lat' dir='ltr'><strong>calami-</strong></span> 
     </span>
    </p>
   </div>
   <div class='ocr_carea' id='block_1_25' title="bbox 1909 1000 3407 1070">
    <p class='ocr_par' dir='ltr' id='par_1_25' title="bbox 1909 1000 3407 1070">
     <span class='ocr_line' id='line_1_25' title="bbox 1909 1000 3407 1070; baseline 0 -13"><span class='ocrx_word' id='word_1_163' title='bbox 1909 1014 2078 1057; x_wconf 90' lang='lat' dir='ltr'><strong>tatum</strong></span> <span class='ocrx_word' id='word_1_164' title='bbox 2111 1003 2338 1064; x_wconf 77' lang='lat' dir='ltr'><strong>veniret,</strong></span> <span class='ocrx_word' id='word_1_165' title='bbox 2369 1000 2746 1055; x_wconf 75' lang='lat' dir='ltr'><strong>obsidentibus</strong></span> <span class='ocrx_word' id='word_1_166' title='bbox 2773 1000 3103 1070; x_wconf 87' lang='lat' dir='ltr'><strong>Babyloniis,</strong></span> <span class='ocrx_word' id='word_1_167' title='bbox 3130 1009 3192 1055; x_wconf 92' lang='lat' dir='ltr'><strong>ut</strong></span> <span class='ocrx_word' id='word_1_168' title='bbox 3221 1016 3407 1057; x_wconf 78' lang='lat' dir='ltr'><strong>narrat</strong></span> 
     </span>
    </p>
   </div>
   <div class='ocr_carea' id='block_1_26' title="bbox 1904 1093 2190 1148">
    <p class='ocr_par' dir='ltr' id='par_1_26' title="bbox 1904 1093 2190 1148">
     <span class='ocr_line' id='line_1_26' title="bbox 1904 1093 2190 1148; baseline -0.003 0"><span class='ocrx_word' id='word_1_169' title='bbox 1904 1093 2190 1148; x_wconf 87' lang='lat' dir='ltr'><strong>Jeremias.</strong></span> 
     </span>
    </p>
   </div>
   <div class='ocr_carea' id='block_1_27' title="bbox 1897 1179 3406 1242">
    <p class='ocr_par' dir='ltr' id='par_1_27' title="bbox 1897 1179 3406 1242">
     <span class='ocr_line' id='line_1_27' title="bbox 1897 1179 3406 1242; baseline -0.001 -3"><span class='ocrx_word' id='word_1_170' title='bbox 1897 1187 1949 1239; x_wconf 79' lang='lat' dir='ltr'><strong>I.</strong></span> <span class='ocrx_word' id='word_1_171' title='bbox 1975 1185 2112 1238; x_wconf 83' lang='lat' dir='ltr'><strong>Deus</strong></span> <span class='ocrx_word' id='word_1_172' title='bbox 2138 1183 2398 1237; x_wconf 87' lang='lat' dir='ltr'><strong>ultionum</strong></span> <span class='ocrx_word' id='word_1_173' title='bbox 2430 1181 2686 1234; x_wconf 76' lang='lat' dir='ltr'><strong>Dominus</strong></span> <span class='ocrx_word' id='word_1_174' title='bbox 2712 1219 2726 1242; x_wconf 98' lang='lat'><strong>,</strong></span> <span class='ocrx_word' id='word_1_175' title='bbox 2756 1179 2896 1234; x_wconf 83' lang='lat' dir='ltr'><strong>Deus</strong></span> <span class='ocrx_word' id='word_1_176' title='bbox 2943 1181 3208 1234; x_wconf 85' lang='lat' dir='ltr'><strong>ultionum</strong></span> <span class='ocrx_word' id='word_1_177' title='bbox 3244 1182 3406 1237; x_wconf 78' lang='lat' dir='ltr'><strong>libere</strong></span> 
     </span>
    </p>
   </div>
   <div class='ocr_carea' id='block_1_28' title="bbox 1833 1273 3405 1349">
    <p class='ocr_par' dir='ltr' id='par_1_28' title="bbox 1833 1273 3405 1349">
     <span class='ocr_line' id='line_1_28' title="bbox 1833 1273 3405 1349; baseline -0.001 -17"><span class='ocrx_word' id='word_1_178' title='bbox 1833 1280 1956 1349; x_wconf 85' lang='lat' dir='ltr'><strong>egit.</strong></span> <span class='ocrx_word' id='word_1_179' title='bbox 2003 1276 2476 1342; x_wconf 85' lang='lat' dir='ltr'><strong>Quemadmodum</strong></span> <span class='ocrx_word' id='word_1_180' title='bbox 2536 1284 2619 1328; x_wconf 90' lang='lat' dir='ltr'><strong>est</strong></span> <span class='ocrx_word' id='word_1_181' title='bbox 2667 1273 2810 1328; x_wconf 91' lang='lat' dir='ltr'><strong>Deus</strong></span> <span class='ocrx_word' id='word_1_182' title='bbox 2855 1274 3294 1339; x_wconf 90' lang='lat' dir='ltr'><strong>miserationum,</strong></span> <span class='ocrx_word' id='word_1_183' title='bbox 3353 1288 3405 1331; x_wconf 88' lang='lat' dir='ltr'><strong>et</strong></span> 
     </span>
    </p>
   </div>
   <div class='ocr_carea' id='block_1_29' title="bbox 1837 1365 3407 1428">
    <p class='ocr_par' dir='ltr' id='par_1_29' title="bbox 1837 1365 3407 1428">
     <span class='ocr_line' id='line_1_29' title="bbox 1837 1365 3407 1428; baseline -0.001 -3"><span class='ocrx_word' id='word_1_184' title='bbox 1837 1371 1979 1426; x_wconf 86' lang='lat' dir='ltr'><strong>Deus</strong></span> <span class='ocrx_word' id='word_1_185' title='bbox 2021 1369 2482 1428; x_wconf 81' lang='lat' dir='ltr'><strong>consolationum,</strong></span> <span class='ocrx_word' id='word_1_186' title='bbox 2519 1369 2589 1419; x_wconf 92' lang='lat' dir='ltr'><strong>ita</strong></span> <span class='ocrx_word' id='word_1_187' title='bbox 2645 1375 2700 1420; x_wconf 87' lang='lat' dir='ltr'><strong>et</strong></span> <span class='ocrx_word' id='word_1_188' title='bbox 2758 1365 2900 1419; x_wconf 90' lang='lat' dir='ltr'><strong>Deus</strong></span> <span class='ocrx_word' id='word_1_189' title='bbox 2953 1367 3239 1420; x_wconf 90' lang='lat' dir='ltr'><strong>ultionum.</strong></span> <span class='ocrx_word' id='word_1_190' title='bbox 3293 1367 3407 1423; x_wconf 86' lang='lat' dir='ltr'><strong>Hoc</strong></span> 
     </span>
    </p>
   </div>
   <div class='ocr_carea' id='block_1_30' title="bbox 1836 1457 3405 1530">
    <p class='ocr_par' dir='ltr' id='par_1_30' title="bbox 1836 1457 3405 1530">
     <span class='ocr_line' id='line_1_30' title="bbox 1836 1457 3405 1530; baseline -0.002 -15"><span class='ocrx_word' id='word_1_191' title='bbox 1836 1470 2017 1515; x_wconf 86' lang='lat' dir='ltr'><strong>autem</strong></span> <span class='ocrx_word' id='word_1_192' title='bbox 2051 1462 2104 1514; x_wconf 94' lang='lat' dir='ltr'><strong>in</strong></span> <span class='ocrx_word' id='word_1_193' title='bbox 2129 1457 2396 1530; x_wconf 64' lang='lat' dir='ltr'><strong>prooemio</strong></span> <span class='ocrx_word' id='word_1_194' title='bbox 2434 1457 2673 1526; x_wconf 87' lang='lat' dir='ltr'><strong>positum</strong></span> <span class='ocrx_word' id='word_1_195' title='bbox 2703 1472 2954 1524; x_wconf 76' lang='lat' dir='ltr'><strong>magnam</strong></span> <span class='ocrx_word' id='word_1_196' title='bbox 2985 1457 3052 1511; x_wconf 90' lang='lat' dir='ltr'><strong>iis</strong></span> <span class='ocrx_word' id='word_1_197' title='bbox 3073 1459 3405 1513; x_wconf 81' lang='lat' dir='ltr'><strong>consolatio-</strong></span> 
     </span>
    </p>
   </div>
   <div class='ocr_carea' id='block_1_31' title="bbox 1836 1547 3407 1620">
    <p class='ocr_par' dir='ltr' id='par_1_31' title="bbox 1836 1547 3407 1620">
     <span class='ocr_line' id='line_1_31' title="bbox 1836 1547 3407 1620; baseline -0.004 -12"><span class='ocrx_word' id='word_1_198' title='bbox 1836 1569 1960 1609; x_wconf 91' lang='lat' dir='ltr'><strong>nem</strong></span> <span class='ocrx_word' id='word_1_199' title='bbox 2006 1553 2162 1607; x_wconf 69' lang='lat' dir='ltr'><strong>affert</strong></span> <span class='ocrx_word' id='word_1_200' title='bbox 2203 1550 2296 1620; x_wconf 92' lang='lat' dir='ltr'><strong>qui</strong></span> <span class='ocrx_word' id='word_1_201' title='bbox 2329 1549 2380 1603; x_wconf 87' lang='lat' dir='ltr'><strong>vi</strong></span> <span class='ocrx_word' id='word_1_202' title='bbox 2430 1548 2799 1602; x_wconf 74' lang='lat' dir='ltr'><strong>calamitatum</strong></span> <span class='ocrx_word' id='word_1_203' title='bbox 2843 1547 2896 1600; x_wconf 91' lang='lat' dir='ltr'><strong>in</strong></span> <span class='ocrx_word' id='word_1_204' title='bbox 2943 1562 3198 1618; x_wconf 80' lang='lat' dir='ltr'><strong>angorem</strong></span> <span class='ocrx_word' id='word_1_205' title='bbox 3234 1550 3407 1619; x_wconf 86' lang='lat' dir='ltr'><strong>conji-</strong></span> 
     </span>
    </p>
   </div>
   <div class='ocr_carea' id='block_1_32' title="bbox 1834 1639 3406 1706">
    <p class='ocr_par' dir='ltr' id='par_1_32' title="bbox 1834 1639 3406 1706">
     <span class='ocr_line' id='line_1_32' title="bbox 1834 1639 3406 1706; baseline -0.003 -7"><span class='ocrx_word' id='word_1_206' title='bbox 1834 1645 2075 1700; x_wconf 86' lang='lat' dir='ltr'><strong>ciuntur.</strong></span> <span class='ocrx_word' id='word_1_207' title='bbox 2133 1642 2268 1696; x_wconf 90' lang='lat' dir='ltr'><strong>Illud</strong></span> <span class='ocrx_word' id='word_1_208' title='bbox 2299 1649 2479 1695; x_wconf 90' lang='lat' dir='ltr'><strong>autem</strong></span> <span class='ocrx_word' id='word_1_209' title='bbox 2519 1659 2531 1694; x_wconf 88' lang='lat'><strong>:</strong></span> <span class='ocrx_word' id='word_1_210' title='bbox 2572 1639 2756 1692; x_wconf 84' lang='lat' dir='ltr'><strong>Libere</strong></span> <span class='ocrx_word' id='word_1_211' title='bbox 2805 1639 2930 1706; x_wconf 88' lang='lat' dir='ltr'><strong>egit,</strong></span> <span class='ocrx_word' id='word_1_212' title='bbox 2974 1640 3296 1694; x_wconf 87' lang='lat' dir='ltr'><strong>sententiam</strong></span> <span class='ocrx_word' id='word_1_213' title='bbox 3351 1640 3406 1694; x_wconf 89' lang='lat' dir='ltr'><strong>in</strong></span> 
     </span>
    </p>
   </div>
   <div class='ocr_carea' id='block_1_33' title="bbox 176 1725 1733 1802">
    <p class='ocr_par' dir='ltr' id='par_1_33' title="bbox 176 1725 1733 1802">
     <span class='ocr_line' id='line_1_33' title="bbox 176 1725 1733 1802; baseline -0.003 -19"><span class='ocrx_word' id='word_1_214' title='bbox 176 1731 499 1802; x_wconf 75' lang='grc' dir='ltr'>δικαστηρίου</span> <span class='ocrx_word' id='word_1_215' title='bbox 538 1730 837 1802; x_wconf 80' lang='grc' dir='ltr'>γενομένην</span> <span class='ocrx_word' id='word_1_216' title='bbox 887 1729 1162 1797; x_wconf 76' lang='grc' dir='ltr'>ἀπόφασιν</span> <span class='ocrx_word' id='word_1_217' title='bbox 1199 1725 1342 1780; x_wconf 89' lang='grc' dir='ltr'><strong>κατά</strong></span> <span class='ocrx_word' id='word_1_218' title='bbox 1375 1725 1482 1779; x_wconf 89' lang='grc' dir='ltr'><strong>τῶν</strong></span> <span class='ocrx_word' id='word_1_219' title='bbox 1523 1726 1733 1779; x_wconf 79' lang='grc' dir='ltr'>ἀσεϐῶν</span> 
     </span>
    </p>
   </div>
   <div class='ocr_carea' id='block_1_34' title="bbox 1862 1725 3407 1802">
    <p class='ocr_par' dir='ltr' id='par_1_34' title="bbox 1862 1730 3407 1800">
     <span class='ocr_line' id='line_1_34' title="bbox 1862 1730 3407 1800; baseline -0.002 -11"><span class='ocrx_word' id='word_1_220' title='bbox 1862 1735 2020 1789; x_wconf 89' lang='lat' dir='ltr'><strong>livino</strong></span> <span class='ocrx_word' id='word_1_221' title='bbox 2053 1733 2314 1786; x_wconf 84' lang='lat' dir='ltr'><strong>tribunali</strong></span> <span class='ocrx_word' id='word_1_222' title='bbox 2346 1740 2535 1786; x_wconf 88' lang='lat' dir='ltr'><strong>contra</strong></span> <span class='ocrx_word' id='word_1_223' title='bbox 2569 1730 2766 1800; x_wconf 92' lang='lat' dir='ltr'><strong>impios</strong></span> <span class='ocrx_word' id='word_1_224' title='bbox 2801 1739 2988 1799; x_wconf 86' lang='lat' dir='ltr'><strong>postea</strong></span> <span class='ocrx_word' id='word_1_225' title='bbox 3027 1730 3302 1786; x_wconf 82' lang='lat' dir='ltr'><strong>ferendam</strong></span> <span class='ocrx_word' id='word_1_226' title='bbox 3332 1733 3407 1788; x_wconf 87' lang='lat' dir='ltr'><strong>si-</strong></span> 
     </span>
    </p>
   </div>
   <div class='ocr_carea' id='block_1_35' title="bbox 175 1818 1729 1897">
    <p class='ocr_par' dir='ltr' id='par_1_35' title="bbox 175 1818 1729 1897">
     <span class='ocr_line' id='line_1_35' title="bbox 175 1818 1729 1897; baseline -0.001 -23"><span class='ocrx_word' id='word_1_227' title='bbox 175 1823 327 1893; x_wconf 80' lang='grc' dir='ltr'>δηλοῖ,</span> <span class='ocrx_word' id='word_1_228' title='bbox 362 1818 583 1897; x_wconf 75' lang='grc' dir='ltr'>ᾗφησι·</span> <span class='ocrx_word' id='word_1_229' title='bbox 613 1822 947 1890; x_wconf 81' lang='grc' dir='ltr'>Πορεύεσθε</span> <span class='ocrx_word' id='word_1_230' title='bbox 970 1821 1070 1876; x_wconf 84' lang='grc' dir='ltr'>ἀπ’</span> <span class='ocrx_word' id='word_1_231' title='bbox 1117 1819 1284 1888; x_wconf 82' lang='grc' dir='ltr'>ἐμοῦ,</span> <span class='ocrx_word' id='word_1_232' title='bbox 1316 1821 1369 1872; x_wconf 81' lang='grc' dir='ltr'>οἱ</span> <span class='ocrx_word' id='word_1_233' title='bbox 1402 1818 1729 1888; x_wconf 81' lang='grc' dir='ltr'>κατηραμέ-</span> 
     </span>
    </p>
   </div>
   <div class='ocr_carea' id='block_1_36' title="bbox 175 1933 277 1968">
    <p class='ocr_par' dir='ltr' id='par_1_36' title="bbox 175 1933 277 1968">
     <span class='ocr_line' id='line_1_36' title="bbox 175 1933 277 1968; baseline 0.01 -1"><span class='ocrx_word' id='word_1_234' title='bbox 175 1933 277 1968; x_wconf 77' lang='grc' dir='ltr'>νοι.</span> 
     </span>
    </p>
   </div>
   <div class='ocr_carea' id='block_1_37' title="bbox 243 2001 1728 2073">
    <p class='ocr_par' dir='ltr' id='par_1_37' title="bbox 243 2001 1728 2073">
     <span class='ocr_line' id='line_1_37' title="bbox 243 2001 1728 2073; baseline -0.004 -13"><span class='ocrx_word' id='word_1_235' title='bbox 243 2005 472 2073; x_wconf 78' lang='grc' dir='ltr'>Ἀπόδος</span> <span class='ocrx_word' id='word_1_236' title='bbox 501 2003 921 2061; x_wconf 76' lang='grc' dir='ltr'>ἀνταπόδοσιν</span> <span class='ocrx_word' id='word_1_237' title='bbox 979 2002 1104 2067; x_wconf 82' lang='grc' dir='ltr'>τοῖς</span> <span class='ocrx_word' id='word_1_238' title='bbox 1149 2002 1574 2072; x_wconf 68' lang='grc' dir='ltr'>ὑπερηφάνοις.</span> <span class='ocrx_word' id='word_1_239' title='bbox 1623 2001 1728 2054; x_wconf 65' lang='lat' dir='ltr'><strong>Eii-</strong></span> 
     </span>
    </p>
   </div>
   <div class='ocr_carea' id='block_1_38' title="bbox 173 2089 1730 2168">
    <p class='ocr_par' dir='ltr' id='par_1_38' title="bbox 173 2089 1730 2168">
     <span class='ocr_line' id='line_1_38' title="bbox 173 2089 1730 2168; baseline -0.009 -15"><span class='ocrx_word' id='word_1_240' title='bbox 173 2097 260 2168; x_wconf 56' lang='lat' dir='ltr'><strong>xtv</strong></span> <span class='ocrx_word' id='word_1_241' title='bbox 284 2097 418 2168; x_wconf 80' lang='grc' dir='ltr'>ὑπὲρ</span> <span class='ocrx_word' id='word_1_242' title='bbox 443 2096 556 2149; x_wconf 90' lang='grc' dir='ltr'><strong>τῶν</strong></span> <span class='ocrx_word' id='word_1_243' title='bbox 584 2093 914 2164; x_wconf 77' lang='grc' dir='ltr'>Θλιόομένων</span> <span class='ocrx_word' id='word_1_244' title='bbox 958 2091 1308 2163; x_wconf 83' lang='grc' dir='ltr'>ἀναπέμπει,</span> <span class='ocrx_word' id='word_1_245' title='bbox 1354 2090 1520 2143; x_wconf 91' lang='grc' dir='ltr'>αἰτῶν</span> <span class='ocrx_word' id='word_1_246' title='bbox 1551 2089 1730 2152; x_wconf 81' lang='grc' dir='ltr'>αὐτοῖς</span> 
     </span>
    </p>
   </div>
   <div class='ocr_carea' id='block_1_39' title="bbox 172 2180 1586 2260">
    <p class='ocr_par' dir='ltr' id='par_1_39' title="bbox 172 2180 1586 2260">
     <span class='ocr_line' id='line_1_39' title="bbox 172 2180 1586 2260; baseline -0.005 -20"><span class='ocrx_word' id='word_1_247' title='bbox 172 2188 467 2260; x_wconf 76' lang='grc' dir='ltr'>ἐπικουρίαν</span> <span class='ocrx_word' id='word_1_248' title='bbox 495 2187 602 2258; x_wconf 81' lang='grc' dir='ltr'>τὴν</span> <span class='ocrx_word' id='word_1_249' title='bbox 639 2185 792 2257; x_wconf 87' lang='grc' dir='ltr'><strong>παρά</strong></span> <span class='ocrx_word' id='word_1_250' title='bbox 813 2183 906 2236; x_wconf 88' lang='grc' dir='ltr'><strong>τοῦ</strong></span> <span class='ocrx_word' id='word_1_251' title='bbox 940 2183 1098 2254; x_wconf 90' lang='grc' dir='ltr'>μόνου</span> <span class='ocrx_word' id='word_1_252' title='bbox 1129 2181 1400 2252; x_wconf 74' lang='grc' dir='ltr'>ἰσχύοντος</span> <span class='ocrx_word' id='word_1_253' title='bbox 1431 2180 1586 2234; x_wconf 82' lang='grc' dir='ltr'>Θεοῦ.</span> 
     </span>
    </p>
   </div>
   <div class='ocr_carea' id='block_1_40' title="bbox 233 2272 1732 2346">
    <p class='ocr_par' dir='ltr' id='par_1_40' title="bbox 233 2272 1732 2346">
     <span class='ocr_line' id='line_1_40' title="bbox 233 2272 1732 2346; baseline -0.007 -12"><span class='ocrx_word' id='word_1_254' title='bbox 233 2281 377 2344; x_wconf 86' lang='grc' dir='ltr'>Ἕως</span> <span class='ocrx_word' id='word_1_255' title='bbox 402 2279 549 2332; x_wconf 86' lang='grc' dir='ltr'>πότε</span> <span class='ocrx_word' id='word_1_256' title='bbox 584 2275 921 2346; x_wconf 75' lang='grc' dir='ltr'>ἁμαρτωλοὶ</span> <span class='ocrx_word' id='word_1_257' title='bbox 951 2272 1404 2342; x_wconf 79' lang='grc' dir='ltr'>καυχήσονται;</span> <span class='ocrx_word' id='word_1_258' title='bbox 1451 2272 1562 2344; x_wconf 80' lang='grc' dir='ltr'><strong>Τὴν</strong></span> <span class='ocrx_word' id='word_1_259' title='bbox 1603 2289 1732 2341; x_wconf 83' lang='grc' dir='ltr'>σφο-</span> 
     </span>
    </p>
   </div>
   <div class='ocr_carea' id='block_1_41' title="bbox 169 2364 1730 2442">
    <p class='ocr_par' dir='ltr' id='par_1_41' title="bbox 169 2364 1730 2442">
     <span class='ocr_line' id='line_1_41' title="bbox 169 2364 1730 2442; baseline -0.004 -18"><span class='ocrx_word' id='word_1_260' title='bbox 169 2371 288 2440; x_wconf 86' lang='grc' dir='ltr'><strong>δράν</strong></span> <span class='ocrx_word' id='word_1_261' title='bbox 338 2369 746 2442; x_wconf 84' lang='grc' dir='ltr'>ἀμνησικακίαν</span> <span class='ocrx_word' id='word_1_262' title='bbox 790 2368 886 2421; x_wconf 78' lang='grc' dir='ltr'>καὶ</span> <span class='ocrx_word' id='word_1_263' title='bbox 929 2365 1370 2438; x_wconf 79' lang='grc' dir='ltr'>ὑπερϐάλλουσαν</span> <span class='ocrx_word' id='word_1_264' title='bbox 1409 2365 1496 2418; x_wconf 78' lang='grc' dir='ltr'>διὰ</span> <span class='ocrx_word' id='word_1_265' title='bbox 1527 2364 1730 2418; x_wconf 80' lang='grc' dir='ltr'>τούτων</span> 
     </span>
    </p>
   </div>
   <div class='ocr_carea' id='block_1_42' title="bbox 171 2458 859 2535">
    <p class='ocr_par' dir='ltr' id='par_1_42' title="bbox 171 2458 859 2535">
     <span class='ocr_line' id='line_1_42' title="bbox 171 2458 859 2535; baseline -0.004 -19"><span class='ocrx_word' id='word_1_266' title='bbox 171 2463 554 2535; x_wconf 82' lang='grc' dir='ltr'>κατασημαίνει</span> <span class='ocrx_word' id='word_1_267' title='bbox 584 2461 678 2515; x_wconf 89' lang='grc' dir='ltr'><strong>τοῦ</strong></span> <span class='ocrx_word' id='word_1_268' title='bbox 701 2458 859 2514; x_wconf 87' lang='grc' dir='ltr'>Θεοῦ.</span> 
     </span>
    </p>
   </div>
   <div class='ocr_carea' id='block_1_43' title="bbox 235 2549 1730 2621">
    <p class='ocr_par' dir='ltr' id='par_1_43' title="bbox 235 2549 1730 2621">
     <span class='ocr_line' id='line_1_43' title="bbox 235 2549 1730 2621; baseline -0.005 -12"><span class='ocrx_word' id='word_1_269' title='bbox 235 2555 340 2609; x_wconf 79' lang='grc' dir='ltr'><strong>Τὸν</strong></span> <span class='ocrx_word' id='word_1_270' title='bbox 361 2556 514 2610; x_wconf 73' lang='grc' dir='ltr'>λαόν</span> <span class='ocrx_word' id='word_1_271' title='bbox 537 2571 679 2617; x_wconf 88' lang='grc' dir='ltr'>σου,</span> <span class='ocrx_word' id='word_1_272' title='bbox 723 2554 898 2621; x_wconf 79' lang='grc' dir='ltr'>Κύριε</span> <span class='ocrx_word' id='word_1_273' title='bbox 919 2591 934 2616; x_wconf 93' lang='grc'><strong>,</strong></span> <span class='ocrx_word' id='word_1_274' title='bbox 968 2550 1400 2604; x_wconf 80' lang='grc' dir='ltr'>ἐταπείνωσαν.</span> <span class='ocrx_word' id='word_1_275' title='bbox 1443 2550 1536 2612; x_wconf 87' lang='grc' dir='ltr'>Εἰς</span> <span class='ocrx_word' id='word_1_276' title='bbox 1573 2549 1730 2620; x_wconf 76' lang='grc' dir='ltr'>ζῆλον</span> 
     </span>
    </p>
   </div>
   <div class='ocr_carea' id='block_1_44' title="bbox 171 2641 1730 2716">
    <p class='ocr_par' dir='ltr' id='par_1_44' title="bbox 171 2641 1730 2716">
     <span class='ocr_line' id='line_1_44' title="bbox 171 2641 1730 2716; baseline -0.003 -18"><span class='ocrx_word' id='word_1_277' title='bbox 171 2646 248 2698; x_wconf 87' lang='grc' dir='ltr'><strong>τὸν</strong></span> <span class='ocrx_word' id='word_1_278' title='bbox 275 2645 409 2700; x_wconf 83' lang='grc' dir='ltr'><strong>κατά</strong></span> <span class='ocrx_word' id='word_1_279' title='bbox 439 2645 552 2699; x_wconf 91' lang='grc' dir='ltr'><strong>τῶν</strong></span> <span class='ocrx_word' id='word_1_280' title='bbox 575 2644 785 2716; x_wconf 82' lang='grc' dir='ltr'>ἐχθρῶν</span> <span class='ocrx_word' id='word_1_281' title='bbox 817 2643 1072 2714; x_wconf 79' lang='grc' dir='ltr'>διεγείρει</span> <span class='ocrx_word' id='word_1_282' title='bbox 1104 2643 1197 2695; x_wconf 88' lang='grc' dir='ltr'><strong>τὸν</strong></span> <span class='ocrx_word' id='word_1_283' title='bbox 1219 2641 1372 2704; x_wconf 89' lang='grc' dir='ltr'>Θεὸν,</span> <span class='ocrx_word' id='word_1_284' title='bbox 1411 2641 1538 2694; x_wconf 89' lang='grc' dir='ltr'>λαὸν</span> <span class='ocrx_word' id='word_1_285' title='bbox 1567 2641 1730 2695; x_wconf 81' lang='grc' dir='ltr'>αὑτοῦ</span> 
     </span>
    </p>
   </div>
   <div class='ocr_carea' id='block_1_45' title="bbox 171 2732 1731 2808">
    <p class='ocr_par' dir='ltr' id='par_1_45' title="bbox 171 2732 1731 2808">
     <span class='ocr_line' id='line_1_45' title="bbox 171 2732 1731 2808; baseline 0 -20"><span class='ocrx_word' id='word_1_286' title='bbox 171 2737 252 2788; x_wconf 77' lang='grc' dir='ltr'>καὶ</span> <span class='ocrx_word' id='word_1_287' title='bbox 285 2735 646 2808; x_wconf 76' lang='grc' dir='ltr'>κληρονομίαν</span> <span class='ocrx_word' id='word_1_288' title='bbox 676 2733 812 2788; x_wconf 66' lang='grc' dir='ltr'>εἶναι</span> <span class='ocrx_word' id='word_1_289' title='bbox 852 2734 1022 2802; x_wconf 89' lang='grc' dir='ltr'>λέγων</span> <span class='ocrx_word' id='word_1_290' title='bbox 1066 2732 1164 2805; x_wconf 81' lang='grc' dir='ltr'>τὴν</span> <span class='ocrx_word' id='word_1_291' title='bbox 1205 2733 1549 2804; x_wconf 83' lang='grc' dir='ltr'>κακουμένην</span> <span class='ocrx_word' id='word_1_292' title='bbox 1581 2733 1731 2804; x_wconf 85' lang='grc' dir='ltr'><strong>παρά</strong></span> 
     </span>
    </p>
   </div>
   <div class='ocr_carea' id='block_1_46' title="bbox 175 2829 521 2901">
    <p class='ocr_par' dir='ltr' id='par_1_46' title="bbox 175 2829 521 2901">
     <span class='ocr_line' id='line_1_46' title="bbox 175 2829 521 2901; baseline 0.006 -19"><span class='ocrx_word' id='word_1_293' title='bbox 175 2829 265 2883; x_wconf 83' lang='grc' dir='ltr'><strong>τῶν</strong></span> <span class='ocrx_word' id='word_1_294' title='bbox 294 2829 521 2901; x_wconf 86' lang='grc' dir='ltr'>ἐχθρῶν.</span> 
     </span>
    </p>
   </div>
   <div class='ocr_carea' id='block_1_47' title="bbox 229 2916 1732 2990">
    <p class='ocr_par' dir='ltr' id='par_1_47' title="bbox 229 2916 1732 2990">
     <span class='ocr_line' id='line_1_47' title="bbox 229 2916 1732 2990; baseline -0.002 -15"><span class='ocrx_word' id='word_1_295' title='bbox 229 2921 420 2990; x_wconf 78' lang='grc' dir='ltr'>Χήραν</span> <span class='ocrx_word' id='word_1_296' title='bbox 451 2919 553 2975; x_wconf 80' lang='grc' dir='ltr'>καὶ</span> <span class='ocrx_word' id='word_1_297' title='bbox 580 2918 846 2988; x_wconf 75' lang='grc' dir='ltr'>ὀρφανὸν</span> <span class='ocrx_word' id='word_1_298' title='bbox 869 2917 1245 2972; x_wconf 75' lang='grc' dir='ltr'>ἀπέκτειναν.</span> <span class='ocrx_word' id='word_1_299' title='bbox 1269 2917 1486 2970; x_wconf 77' lang='grc' dir='ltr'>Τούτων</span> <span class='ocrx_word' id='word_1_300' title='bbox 1518 2916 1732 2988; x_wconf 73' lang='grc' dir='ltr'>εἴρηται</span> 
     </span>
    </p>
   </div>
   <div class='ocr_carea' id='block_1_48' title="bbox 171 3003 1729 3084">
    <p class='ocr_par' dir='ltr' id='par_1_48' title="bbox 171 3003 1729 3084">
     <span class='ocr_line' id='line_1_48' title="bbox 171 3003 1729 3084; baseline -0.008 -18"><span class='ocrx_word' id='word_1_301' title='bbox 171 3013 199 3083; x_wconf 87' lang='grc' dir='ltr'><strong>ἡ</strong></span> <span class='ocrx_word' id='word_1_302' title='bbox 229 3012 479 3084; x_wconf 83' lang='grc' dir='ltr'>ἑρμηνεία</span> <span class='ocrx_word' id='word_1_303' title='bbox 508 3014 572 3065; x_wconf 91' lang='grc' dir='ltr'><strong>ἐν</strong></span> <span class='ocrx_word' id='word_1_304' title='bbox 598 3009 678 3082; x_wconf 82' lang='grc' dir='ltr'>τῷ</span> <span class='ocrx_word' id='word_1_305' title='bbox 710 3009 966 3080; x_wconf 79' lang='grc' dir='ltr'>ἀνωτέρω</span> <span class='ocrx_word' id='word_1_306' title='bbox 1002 3008 1190 3080; x_wconf 88' lang='grc' dir='ltr'>στίχῳ,</span> <span class='ocrx_word' id='word_1_307' title='bbox 1229 3008 1377 3077; x_wconf 82' lang='grc' dir='ltr'>ὅμως</span> <span class='ocrx_word' id='word_1_308' title='bbox 1410 3003 1729 3076; x_wconf 88' lang='grc' dir='ltr'>λεχθήσεται</span> 
     </span>
    </p>
   </div>
   <div class='ocr_carea' id='block_1_49' title="bbox 1831 1819 3226 1896">
    <p class='ocr_par' dir='ltr' id='par_1_49' title="bbox 1831 1819 3226 1896">
     <span class='ocr_line' id='line_1_49' title="bbox 1831 1819 3226 1896; baseline -0.003 -17"><span class='ocrx_word' id='word_1_309' title='bbox 1831 1824 2070 1896; x_wconf 82' lang='lat' dir='ltr'><strong>gniﬁcat,</strong></span> <span class='ocrx_word' id='word_1_310' title='bbox 2089 1837 2195 1893; x_wconf 90' lang='lat' dir='ltr'><strong>qua</strong></span> <span class='ocrx_word' id='word_1_311' title='bbox 2224 1822 2300 1875; x_wconf 91' lang='lat' dir='ltr'><strong>ait</strong></span> <span class='ocrx_word' id='word_1_312' title='bbox 2333 1837 2345 1872; x_wconf 95' lang='lat'>:</span> <span class='ocrx_word' id='word_1_313' title='bbox 2382 1820 2639 1874; x_wconf 81' lang='lat' dir='ltr'><strong>Discedite</strong></span> <span class='ocrx_word' id='word_1_314' title='bbox 2663 1837 2695 1872; x_wconf 87' lang='lat' dir='ltr'><strong>a</strong></span> <span class='ocrx_word' id='word_1_315' title='bbox 2729 1836 2828 1883; x_wconf 83' lang='lat' dir='ltr'><strong>me,</strong></span> <span class='ocrx_word' id='word_1_316' title='bbox 2862 1819 3131 1874; x_wconf 77' lang='lat' dir='ltr'><strong>maledicti</strong></span> <span class='ocrx_word' id='word_1_317' title='bbox 3161 1822 3226 1875; x_wconf 79' lang='grc'>⁸⁷.</span> 
     </span>
    </p>
   </div>
   <div class='ocr_carea' id='block_1_50' title="bbox 1902 1998 3406 2070">
    <p class='ocr_par' dir='ltr' id='par_1_50' title="bbox 1902 1998 3406 2070">
     <span class='ocr_line' id='line_1_50' title="bbox 1902 1998 3406 2070; baseline -0.003 -12"><span class='ocrx_word' id='word_1_318' title='bbox 1902 2004 1958 2058; x_wconf 78' lang='grc'>2.</span> <span class='ocrx_word' id='word_1_319' title='bbox 1995 2001 2172 2057; x_wconf 84' lang='lat' dir='ltr'><strong>Redde</strong></span> <span class='ocrx_word' id='word_1_320' title='bbox 2202 2001 2598 2055; x_wconf 79' lang='lat' dir='ltr'><strong>retributionem</strong></span> <span class='ocrx_word' id='word_1_321' title='bbox 2621 1999 2878 2069; x_wconf 82' lang='lat' dir='ltr'><strong>superbis.</strong></span> <span class='ocrx_word' id='word_1_322' title='bbox 2915 1998 3016 2053; x_wconf 92' lang='lat' dir='ltr'><strong>Pro</strong></span> <span class='ocrx_word' id='word_1_323' title='bbox 3047 1999 3256 2054; x_wconf 87' lang='lat' dir='ltr'><strong>alllictis</strong></span> <span class='ocrx_word' id='word_1_324' title='bbox 3283 2015 3406 2070; x_wconf 81' lang='lat' dir='ltr'><strong>pre-</strong></span> 
     </span>
    </p>
   </div>
   <div class='ocr_carea' id='block_1_51' title="bbox 1831 2091 3406 2166">
    <p class='ocr_par' dir='ltr' id='par_1_51' title="bbox 1831 2091 3406 2166">
     <span class='ocr_line' id='line_1_51' title="bbox 1831 2091 3406 2166; baseline -0.003 -14"><span class='ocrx_word' id='word_1_325' title='bbox 1831 2107 2010 2160; x_wconf 86' lang='lat' dir='ltr'><strong>catur,</strong></span> <span class='ocrx_word' id='word_1_326' title='bbox 2044 2110 2244 2166; x_wconf 82' lang='lat' dir='ltr'><strong>rogans</strong></span> <span class='ocrx_word' id='word_1_327' title='bbox 2270 2109 2350 2149; x_wconf 88' lang='lat' dir='ltr'><strong>ets</strong></span> <span class='ocrx_word' id='word_1_328' title='bbox 2388 2093 2652 2147; x_wconf 83' lang='lat' dir='ltr'><strong>auxilium</strong></span> <span class='ocrx_word' id='word_1_329' title='bbox 2696 2109 2724 2146; x_wconf 90' lang='lat' dir='ltr'><strong>a</strong></span> <span class='ocrx_word' id='word_1_330' title='bbox 2766 2092 2877 2146; x_wconf 93' lang='lat' dir='ltr'><strong>Dco</strong></span> <span class='ocrx_word' id='word_1_331' title='bbox 2922 2092 3014 2161; x_wconf 89' lang='lat' dir='ltr'><strong>qui</strong></span> <span class='ocrx_word' id='word_1_332' title='bbox 3065 2091 3214 2146; x_wconf 89' lang='lat' dir='ltr'><strong>solus</strong></span> <span class='ocrx_word' id='word_1_333' title='bbox 3261 2093 3406 2148; x_wconf 80' lang='lat' dir='ltr'><strong>valet</strong></span> 
     </span>
    </p>
   </div>
   <div class='ocr_carea' id='block_1_52' title="bbox 1832 2188 2180 2259">
    <p class='ocr_par' dir='ltr' id='par_1_52' title="bbox 1832 2188 2180 2259">
     <span class='ocr_line' id='line_1_52' title="bbox 1832 2188 2180 2259; baseline -0.003 -16"><span class='ocrx_word' id='word_1_334' title='bbox 1832 2204 1989 2259; x_wconf 90' lang='lat' dir='ltr'><strong>opem</strong></span> <span class='ocrx_word' id='word_1_335' title='bbox 2019 2188 2180 2242; x_wconf 83' lang='lat' dir='ltr'><strong>ferre.</strong></span> 
     </span>
    </p>
   </div>
   <div class='ocr_carea' id='block_1_53' title="bbox 1905 2276 3402 2351">
    <p class='ocr_par' dir='ltr' id='par_1_53' title="bbox 1905 2276 3402 2351">
     <span class='ocr_line' id='line_1_53' title="bbox 1905 2276 3402 2351; baseline -0.003 -14"><span class='ocrx_word' id='word_1_336' title='bbox 1905 2283 1958 2337; x_wconf 86' lang='grc'>5.</span> <span class='ocrx_word' id='word_1_337' title='bbox 1993 2283 2260 2351; x_wconf 87' lang='lat' dir='ltr'><strong>Usquequo</strong></span> <span class='ocrx_word' id='word_1_338' title='bbox 2304 2289 2600 2349; x_wconf 86' lang='lat' dir='ltr'><strong>peccatores</strong></span> <span class='ocrx_word' id='word_1_339' title='bbox 2653 2277 3061 2349; x_wconf 81' lang='lat' dir='ltr'><strong>gloriabuntur?</strong></span> <span class='ocrx_word' id='word_1_340' title='bbox 3120 2276 3277 2332; x_wconf 89' lang='lat' dir='ltr'><strong>Hisce</strong></span> <span class='ocrx_word' id='word_1_341' title='bbox 3321 2279 3402 2332; x_wconf 90' lang='lat' dir='ltr'><strong>in-</strong></span> 
     </span>
    </p>
   </div>
   <div class='ocr_carea' id='block_1_54' title="bbox 1833 2369 3401 2445">
    <p class='ocr_par' dir='ltr' id='par_1_54' title="bbox 1833 2369 3401 2445">
     <span class='ocr_line' id='line_1_54' title="bbox 1833 2369 3401 2445; baseline -0.004 -18"><span class='ocrx_word' id='word_1_342' title='bbox 1833 2385 2046 2445; x_wconf 82' lang='lat' dir='ltr'><strong>gentem</strong></span> <span class='ocrx_word' id='word_1_343' title='bbox 2083 2372 2179 2426; x_wconf 87' lang='lat' dir='ltr'><strong>Dei</strong></span> <span class='ocrx_word' id='word_1_344' title='bbox 2227 2372 2570 2426; x_wconf 86' lang='lat' dir='ltr'><strong>clementiam</strong></span> <span class='ocrx_word' id='word_1_345' title='bbox 2619 2382 2672 2424; x_wconf 88' lang='lat' dir='ltr'><strong>et</strong></span> <span class='ocrx_word' id='word_1_346' title='bbox 2715 2370 3037 2439; x_wconf 88' lang='lat' dir='ltr'><strong>injuriarum</strong></span> <span class='ocrx_word' id='word_1_347' title='bbox 3072 2369 3401 2422; x_wconf 87' lang='lat' dir='ltr'><strong>oblivionem</strong></span> 
     </span>
    </p>
   </div>
   <div class='ocr_carea' id='block_1_55' title="bbox 1832 2464 2121 2533">
    <p class='ocr_par' dir='ltr' id='par_1_55' title="bbox 1832 2464 2121 2533">
     <span class='ocr_line' id='line_1_55' title="bbox 1832 2464 2121 2533; baseline 0 -16"><span class='ocrx_word' id='word_1_348' title='bbox 1832 2464 2121 2533; x_wconf 83' lang='lat' dir='ltr'><strong>signiﬁcat.</strong></span> 
     </span>
    </p>
   </div>
   <div class='ocr_carea' id='block_1_56' title="bbox 1905 2549 3401 2622">
    <p class='ocr_par' dir='ltr' id='par_1_56' title="bbox 1905 2549 3401 2622">
     <span class='ocr_line' id='line_1_56' title="bbox 1905 2549 3401 2622; baseline -0.002 -15"><span class='ocrx_word' id='word_1_349' title='bbox 1905 2554 1957 2607; x_wconf 85' lang='lat'><strong>5.</strong></span> <span class='ocrx_word' id='word_1_350' title='bbox 2006 2552 2270 2622; x_wconf 86' lang='lat' dir='ltr'><strong>Populum</strong></span> <span class='ocrx_word' id='word_1_351' title='bbox 2334 2561 2502 2616; x_wconf 90' lang='lat' dir='ltr'><strong>tuum,</strong></span> <span class='ocrx_word' id='word_1_352' title='bbox 2562 2549 2802 2616; x_wconf 84' lang='lat' dir='ltr'><strong>Domine,</strong></span> <span class='ocrx_word' id='word_1_353' title='bbox 2845 2551 3269 2604; x_wconf 82' lang='lat' dir='ltr'><strong>humiliaverunt.</strong></span> <span class='ocrx_word' id='word_1_354' title='bbox 3323 2550 3401 2604; x_wconf 79' lang='lat' dir='ltr'><strong>Ad</strong></span> 
     </span>
    </p>
   </div>
   <div class='ocr_carea' id='block_1_57' title="bbox 1833 2641 3405 2708">
    <p class='ocr_par' dir='ltr' id='par_1_57' title="bbox 1833 2641 3405 2708">
     <span class='ocr_line' id='line_1_57' title="bbox 1833 2641 3405 2708; baseline -0.005 -7"><span class='ocrx_word' id='word_1_355' title='bbox 1833 2648 1970 2701; x_wconf 92' lang='lat' dir='ltr'><strong>iram</strong></span> <span class='ocrx_word' id='word_1_356' title='bbox 2008 2646 2269 2700; x_wconf 85' lang='lat' dir='ltr'><strong>adversus</strong></span> <span class='ocrx_word' id='word_1_357' title='bbox 2327 2644 2580 2699; x_wconf 92' lang='lat' dir='ltr'><strong>inimicos</strong></span> <span class='ocrx_word' id='word_1_358' title='bbox 2638 2643 2806 2697; x_wconf 90' lang='lat' dir='ltr'><strong>Deum</strong></span> <span class='ocrx_word' id='word_1_359' title='bbox 2860 2643 3119 2708; x_wconf 86' lang='lat' dir='ltr'><strong>concitat,</strong></span> <span class='ocrx_word' id='word_1_360' title='bbox 3153 2641 3282 2696; x_wconf 89' lang='lat' dir='ltr'><strong>dum</strong></span> <span class='ocrx_word' id='word_1_361' title='bbox 3328 2645 3405 2694; x_wconf 88' lang='lat' dir='ltr'><strong>alt</strong></span> 
     </span>
    </p>
   </div>
   <div class='ocr_carea' id='block_1_58' title="bbox 1833 2731 3404 2814">
    <p class='ocr_par' dir='ltr' id='par_1_58' title="bbox 1833 2731 3404 2814">
     <span class='ocr_line' id='line_1_58' title="bbox 1833 2731 3404 2814; baseline -0.004 -22"><span class='ocrx_word' id='word_1_362' title='bbox 1833 2738 2092 2809; x_wconf 79' lang='lat' dir='ltr'><strong>papulum</strong></span> <span class='ocrx_word' id='word_1_363' title='bbox 2122 2746 2175 2791; x_wconf 91' lang='lat' dir='ltr'><strong>et</strong></span> <span class='ocrx_word' id='word_1_364' title='bbox 2207 2735 2576 2814; x_wconf 69' lang='lat' dir='ltr'><strong>[nereditatem</strong></span> <span class='ocrx_word' id='word_1_365' title='bbox 2602 2736 2723 2806; x_wconf 85' lang='lat' dir='ltr'><strong>ejus</strong></span> <span class='ocrx_word' id='word_1_366' title='bbox 2751 2750 2871 2789; x_wconf 88' lang='lat' dir='ltr'><strong>esse</strong></span> <span class='ocrx_word' id='word_1_367' title='bbox 2900 2749 3023 2803; x_wconf 70' lang='lat' dir='ltr'><strong>quae</strong></span> <span class='ocrx_word' id='word_1_368' title='bbox 3056 2733 3310 2804; x_wconf 77' lang='lat' dir='ltr'><strong>allligitur</strong></span> <span class='ocrx_word' id='word_1_369' title='bbox 3335 2731 3404 2786; x_wconf 89' lang='lat' dir='ltr'><strong>ab</strong></span> 
     </span>
    </p>
   </div>
   <div class='ocr_carea' id='block_1_59' title="bbox 1833 2829 2091 2884">
    <p class='ocr_par' dir='ltr' id='par_1_59' title="bbox 1833 2829 2091 2884">
     <span class='ocr_line' id='line_1_59' title="bbox 1833 2829 2091 2884; baseline -0.008 0"><span class='ocrx_word' id='word_1_370' title='bbox 1833 2829 2091 2884; x_wconf 86' lang='lat' dir='ltr'><strong>inimicis.</strong></span> 
     </span>
    </p>
   </div>
   <div class='ocr_carea' id='block_1_60' title="bbox 1903 2913 3405 2986">
    <p class='ocr_par' dir='ltr' id='par_1_60' title="bbox 1903 2913 3405 2986">
     <span class='ocr_line' id='line_1_60' title="bbox 1903 2913 3405 2986; baseline -0.005 -10"><span class='ocrx_word' id='word_1_371' title='bbox 1903 2924 1958 2979; x_wconf 86' lang='lat'><strong>6.</strong></span> <span class='ocrx_word' id='word_1_372' title='bbox 2003 2921 2224 2975; x_wconf 84' lang='lat' dir='ltr'><strong>Viduam</strong></span> <span class='ocrx_word' id='word_1_373' title='bbox 2249 2929 2299 2974; x_wconf 88' lang='lat' dir='ltr'><strong>et</strong></span> <span class='ocrx_word' id='word_1_374' title='bbox 2343 2921 2598 2974; x_wconf 80' lang='lat' dir='ltr'><strong>advenam</strong></span> <span class='ocrx_word' id='word_1_375' title='bbox 2643 2917 3037 2986; x_wconf 78' lang='lat' dir='ltr'><strong>interfecerunt.</strong></span> <span class='ocrx_word' id='word_1_376' title='bbox 3073 2913 3277 2970; x_wconf 87' lang='lat' dir='ltr'><strong>IIorum</strong></span> <span class='ocrx_word' id='word_1_377' title='bbox 3321 2915 3405 2968; x_wconf 89' lang='lat' dir='ltr'><strong>in-</strong></span> 
     </span>
    </p>
   </div>
   <div class='ocr_carea' id='block_1_61' title="bbox 1833 3011 3403 3086">
    <p class='ocr_par' dir='ltr' id='par_1_61' title="bbox 1833 3011 3403 3086">
     <span class='ocr_line' id='line_1_61' title="bbox 1833 3011 3403 3086; baseline -0.005 -15"><span class='ocrx_word' id='word_1_378' title='bbox 1833 3016 2152 3086; x_wconf 88' lang='lat' dir='ltr'><strong>terpretatio</strong></span> <span class='ocrx_word' id='word_1_379' title='bbox 2192 3013 2356 3068; x_wconf 84' lang='lat' dir='ltr'><strong>allata</strong></span> <span class='ocrx_word' id='word_1_380' title='bbox 2390 3019 2476 3067; x_wconf 88' lang='lat' dir='ltr'><strong>est</strong></span> <span class='ocrx_word' id='word_1_381' title='bbox 2516 3013 2571 3065; x_wconf 93' lang='lat' dir='ltr'><strong>in</strong></span> <span class='ocrx_word' id='word_1_382' title='bbox 2617 3011 2886 3081; x_wconf 87' lang='lat' dir='ltr'><strong>superiori</strong></span> <span class='ocrx_word' id='word_1_383' title='bbox 2936 3025 3122 3076; x_wconf 88' lang='lat' dir='ltr'><strong>versu,</strong></span> <span class='ocrx_word' id='word_1_384' title='bbox 3163 3021 3403 3063; x_wconf 88' lang='lat' dir='ltr'><strong>attamen</strong></span> 
     </span>
    </p>
   </div>
   <div class='ocr_carea' id='block_1_62' title="bbox 170 3095 1733 3175">
    <p class='ocr_par' dir='ltr' id='par_1_62' title="bbox 170 3095 1732 3175">
     <span class='ocr_line' id='line_1_62' title="bbox 170 3095 1732 3175; baseline -0.008 -18"><span class='ocrx_word' id='word_1_385' title='bbox 170 3107 253 3158; x_wconf 82' lang='grc' dir='ltr'>καὶ</span> <span class='ocrx_word' id='word_1_386' title='bbox 275 3101 442 3168; x_wconf 80' lang='grc' dir='ltr'>αὖθις.</span> <span class='ocrx_word' id='word_1_387' title='bbox 473 3104 670 3175; x_wconf 88' lang='grc' dir='ltr'>Χήραν</span> <span class='ocrx_word' id='word_1_388' title='bbox 699 3101 879 3172; x_wconf 76' lang='grc' dir='ltr'>ψυχὴν</span> <span class='ocrx_word' id='word_1_389' title='bbox 925 3102 1020 3154; x_wconf 68' lang='grc' dir='ltr'><strong>καὶ</strong></span> <span class='ocrx_word' id='word_1_390' title='bbox 1055 3099 1393 3172; x_wconf 88' lang='grc' dir='ltr'>προσήλυτον</span> <span class='ocrx_word' id='word_1_391' title='bbox 1437 3095 1562 3150; x_wconf 88' lang='grc' dir='ltr'>νοῦν</span> <span class='ocrx_word' id='word_1_392' title='bbox 1598 3096 1732 3149; x_wconf 87' lang='grc' dir='ltr'>ἀπο-</span> 
     </span>
    </p>
   </div>
   <div class='ocr_carea' id='block_1_63' title="bbox 1862 3095 3405 3175">
    <p class='ocr_par' dir='ltr' id='par_1_63' title="bbox 1869 3102 3405 3162">
     <span class='ocr_line' id='line_1_63' title="bbox 1869 3102 3405 3162; baseline -0.004 0"><span class='ocrx_word' id='word_1_393' title='bbox 1869 3109 2000 3162; x_wconf 89' lang='lat' dir='ltr'><strong>tiam</strong></span> <span class='ocrx_word' id='word_1_394' title='bbox 2033 3124 2179 3162; x_wconf 89' lang='lat' dir='ltr'><strong>nunc</strong></span> <span class='ocrx_word' id='word_1_395' title='bbox 2223 3106 2462 3160; x_wconf 83' lang='lat' dir='ltr'><strong>dabitur.</strong></span> <span class='ocrx_word' id='word_1_396' title='bbox 2490 3103 2722 3159; x_wconf 82' lang='lat' dir='ltr'><strong>Viduam</strong></span> <span class='ocrx_word' id='word_1_397' title='bbox 2762 3104 2998 3157; x_wconf 89' lang='lat' dir='ltr'><strong>animam</strong></span> <span class='ocrx_word' id='word_1_398' title='bbox 3047 3110 3103 3156; x_wconf 82' lang='lat' dir='ltr'><strong>et</strong></span> <span class='ocrx_word' id='word_1_399' title='bbox 3137 3102 3405 3157; x_wconf 86' lang='lat' dir='ltr'><strong>advenam</strong></span> 
     </span>
    </p>
   </div>
   <div class='ocr_carea' id='block_1_64' title="bbox 171 3186 1732 3275">
    <p class='ocr_par' dir='ltr' id='par_1_64' title="bbox 171 3186 1732 3275">
     <span class='ocr_line' id='line_1_64' title="bbox 171 3186 1732 3275; baseline -0.006 -27"><span class='ocrx_word' id='word_1_400' title='bbox 171 3197 349 3249; x_wconf 87' lang='grc' dir='ltr'>κτείνει</span> <span class='ocrx_word' id='word_1_401' title='bbox 367 3197 395 3250; x_wconf 86' lang='grc' dir='ltr'>ὁ</span> <span class='ocrx_word' id='word_1_402' title='bbox 413 3194 604 3256; x_wconf 90' lang='grc' dir='ltr'>κακῶς</span> <span class='ocrx_word' id='word_1_403' title='bbox 636 3192 734 3256; x_wconf 76' lang='grc' dir='ltr'>τὰς</span> <span class='ocrx_word' id='word_1_404' title='bbox 766 3192 916 3252; x_wconf 87' lang='grc' dir='ltr'>θείας</span> <span class='ocrx_word' id='word_1_405' title='bbox 942 3189 1164 3275; x_wconf 63' lang='grc' dir='ltr'>Γραφὰς</span> <span class='ocrx_word' id='word_1_406' title='bbox 1197 3188 1580 3260; x_wconf 82' lang='grc' dir='ltr'>ἐξηγούμενος.</span> <span class='ocrx_word' id='word_1_407' title='bbox 1609 3186 1732 3256; x_wconf 80' lang='grc' dir='ltr'>Ὀρ-</span> 
     </span>
    </p>
   </div>
   <div class='ocr_carea' id='block_1_65' title="bbox 171 3277 1623 3356">
    <p class='ocr_par' dir='ltr' id='par_1_65' title="bbox 171 3277 1623 3356">
     <span class='ocr_line' id='line_1_65' title="bbox 171 3277 1623 3356; baseline -0.008 -14"><span class='ocrx_word' id='word_1_408' title='bbox 171 3289 319 3356; x_wconf 79' lang='grc' dir='ltr'>φανὸς</span> <span class='ocrx_word' id='word_1_409' title='bbox 337 3288 390 3341; x_wconf 90' lang='grc' dir='ltr'><strong>δέ</strong></span> <span class='ocrx_word' id='word_1_410' title='bbox 412 3289 530 3340; x_wconf 88' lang='grc' dir='ltr'>ἐστι</span> <span class='ocrx_word' id='word_1_411' title='bbox 563 3284 689 3348; x_wconf 84' lang='grc' dir='ltr'>νοῦς</span> <span class='ocrx_word' id='word_1_412' title='bbox 714 3283 1080 3354; x_wconf 85' lang='grc' dir='ltr'>ἐστερημένος</span> <span class='ocrx_word' id='word_1_413' title='bbox 1105 3280 1358 3352; x_wconf 79' lang='grc' dir='ltr'>οὐρανίου</span> <span class='ocrx_word' id='word_1_414' title='bbox 1389 3277 1623 3349; x_wconf 85' lang='grc' dir='ltr'>Πατρός.</span> 
     </span>
    </p>
   </div>
   <div class='ocr_carea' id='block_1_66' title="bbox 231 3473 1736 3556">
    <p class='ocr_par' dir='ltr' id='par_1_66' title="bbox 231 3473 1736 3556">
     <span class='ocr_line' id='line_1_66' title="bbox 231 3473 1736 3556; baseline -0.006 -18"><span class='ocrx_word' id='word_1_415' title='bbox 231 3485 431 3556; x_wconf 68' lang='grc' dir='ltr'>Κίφιος</span> <span class='ocrx_word' id='word_1_416' title='bbox 452 3481 731 3553; x_wconf 77' lang='grc' dir='ltr'>γινώσκει</span> <span class='ocrx_word' id='word_1_417' title='bbox 754 3481 893 3546; x_wconf 86' lang='grc' dir='ltr'>τοὺς</span> <span class='ocrx_word' id='word_1_418' title='bbox 913 3477 1342 3548; x_wconf 75' lang='grc' dir='ltr'>διαλογισμοὺς</span> <span class='ocrx_word' id='word_1_419' title='bbox 1365 3475 1486 3530; x_wconf 78' lang='grc' dir='ltr'>τῶν</span> <span class='ocrx_word' id='word_1_420' title='bbox 1511 3473 1736 3545; x_wconf 81' lang='grc' dir='ltr'>ἀνθρώ·</span> 
     </span>
    </p>
   </div>
   <div class='ocr_carea' id='block_1_67' title="bbox 172 3557 1735 3642">
    <p class='ocr_par' dir='ltr' id='par_1_67' title="bbox 172 3557 1735 3642">
     <span class='ocr_line' id='line_1_67' title="bbox 172 3557 1735 3642; baseline -0.006 -15"><span class='ocrx_word' id='word_1_421' title='bbox 172 3557 420 3639; x_wconf 16' lang='grc' dir='ltr'>πωι·,λδτι</span> <span class='ocrx_word' id='word_1_422' title='bbox 457 3573 583 3629; x_wconf 84' lang='grc' dir='ltr'>εισί</span> <span class='ocrx_word' id='word_1_423' title='bbox 620 3571 880 3642; x_wconf 84' lang='grc' dir='ltr'>μάταιοι.</span> <span class='ocrx_word' id='word_1_424' title='bbox 919 3569 1042 3633; x_wconf 85' lang='grc' dir='ltr'>Πῶς</span> <span class='ocrx_word' id='word_1_425' title='bbox 1079 3568 1188 3640; x_wconf 80' lang='grc' dir='ltr'>γὰρ</span> <span class='ocrx_word' id='word_1_426' title='bbox 1232 3567 1332 3621; x_wconf 74' lang='grc' dir='ltr'><strong>οὒκ</strong></span> <span class='ocrx_word' id='word_1_427' title='bbox 1365 3568 1474 3619; x_wconf 85' lang='grc' dir='ltr'>εἰσι</span> <span class='ocrx_word' id='word_1_428' title='bbox 1512 3565 1735 3636; x_wconf 89' lang='grc' dir='ltr'>ματαιό-</span> 
     </span>
    </p>
   </div>
   <div class='ocr_carea' id='block_1_68' title="bbox 171 3657 1736 3740">
    <p class='ocr_par' dir='ltr' id='par_1_68' title="bbox 171 3657 1736 3740">
     <span class='ocr_line' id='line_1_68' title="bbox 171 3657 1736 3740; baseline -0.008 -18"><span class='ocrx_word' id='word_1_429' title='bbox 171 3685 312 3739; x_wconf 77' lang='grc' dir='ltr'>τητος</span> <span class='ocrx_word' id='word_1_430' title='bbox 342 3668 572 3740; x_wconf 81' lang='grc' dir='ltr'>πλήρεις</span> <span class='ocrx_word' id='word_1_431' title='bbox 594 3667 650 3720; x_wconf 85' lang='grc' dir='ltr'><strong>αἰ</strong></span> <span class='ocrx_word' id='word_1_432' title='bbox 677 3663 960 3734; x_wconf 89' lang='grc' dir='ltr'>αἰσθήσεις</span> <span class='ocrx_word' id='word_1_433' title='bbox 983 3664 1222 3725; x_wconf 85' lang='grc' dir='ltr'>ἐκεῖναι,</span> <span class='ocrx_word' id='word_1_434' title='bbox 1257 3661 1310 3714; x_wconf 82' lang='grc' dir='ltr'>αἱ</span> <span class='ocrx_word' id='word_1_435' title='bbox 1343 3659 1442 3730; x_wconf 84' lang='grc' dir='ltr'>τῆς</span> <span class='ocrx_word' id='word_1_436' title='bbox 1480 3657 1736 3729; x_wconf 82' lang='grc' dir='ltr'>προνοίας</span> 
     </span>
    </p>
   </div>
   <div class='ocr_carea' id='block_1_69' title="bbox 171 3751 1556 3832">
    <p class='ocr_par' dir='ltr' id='par_1_69' title="bbox 171 3751 1556 3832">
     <span class='ocr_line' id='line_1_69' title="bbox 171 3751 1556 3832; baseline -0.009 -17"><span class='ocrx_word' id='word_1_437' title='bbox 171 3761 225 3814; x_wconf 67' lang='grc' dir='ltr'><strong>τὸ</strong></span> <span class='ocrx_word' id='word_1_438' title='bbox 250 3761 514 3832; x_wconf 75' lang='grc' dir='ltr'>ὠφέλιμον</span> <span class='ocrx_word' id='word_1_439' title='bbox 541 3757 808 3829; x_wconf 80' lang='grc' dir='ltr'>ἐξορίζειν</span> <span class='ocrx_word' id='word_1_440' title='bbox 835 3753 1212 3825; x_wconf 85' lang='grc' dir='ltr'>ἐπιχειροῦσαι</span> <span class='ocrx_word' id='word_1_441' title='bbox 1239 3751 1332 3804; x_wconf 89' lang='grc' dir='ltr'><strong>τοῦ</strong></span> <span class='ocrx_word' id='word_1_442' title='bbox 1362 3751 1556 3820; x_wconf 88' lang='grc' dir='ltr'>λόγου;</span> 
     </span>
    </p>
   </div>
   <div class='ocr_carea' id='block_1_70' title="bbox 234 3843 1731 3922">
    <p class='ocr_par' dir='ltr' id='par_1_70' title="bbox 234 3843 1731 3922">
     <span class='ocr_line' id='line_1_70' title="bbox 234 3843 1731 3922; baseline -0.009 -16"><span class='ocrx_word' id='word_1_443' title='bbox 234 3853 521 3922; x_wconf 77' lang='grc' dir='ltr'>Μακάριος</span> <span class='ocrx_word' id='word_1_444' title='bbox 548 3848 860 3918; x_wconf 78' lang='grc' dir='ltr'>ἄνθρωπος</span> <span class='ocrx_word' id='word_1_445' title='bbox 898 3846 969 3898; x_wconf 83' lang='grc' dir='ltr'><strong>ὃν</strong></span> <span class='ocrx_word' id='word_1_446' title='bbox 1009 3845 1086 3898; x_wconf 82' lang='grc' dir='ltr'><strong>ἂν</strong></span> <span class='ocrx_word' id='word_1_447' title='bbox 1133 3844 1489 3910; x_wconf 81' lang='grc' dir='ltr'>παιδεύσῃς,</span> <span class='ocrx_word' id='word_1_448' title='bbox 1536 3843 1731 3910; x_wconf 78' lang='grc' dir='ltr'>Κύριε.</span> 
     </span>
    </p>
   </div>
   <div class='ocr_carea' id='block_1_71' title="bbox 185 3934 1733 4016">
    <p class='ocr_par' dir='ltr' id='par_1_71' title="bbox 185 3934 1733 4016">
     <span class='ocr_line' id='line_1_71' title="bbox 185 3934 1733 4016; baseline -0.007 -19"><span class='ocrx_word' id='word_1_449' title='bbox 185 3945 387 3999; x_wconf 81' lang='grc' dir='ltr'>Ἐκεῖνοι</span> <span class='ocrx_word' id='word_1_450' title='bbox 411 3945 508 4016; x_wconf 81' lang='grc' dir='ltr'><strong>μὲν</strong></span> <span class='ocrx_word' id='word_1_451' title='bbox 533 3941 704 3998; x_wconf 84' lang='grc' dir='ltr'>ἄθλιοι</span> <span class='ocrx_word' id='word_1_452' title='bbox 725 3941 818 3993; x_wconf 72' lang='grc' dir='ltr'><strong>καὶ</strong></span> <span class='ocrx_word' id='word_1_453' title='bbox 838 3939 1100 4001; x_wconf 71' lang='grc' dir='ltr'>ταπεινοὶ,</span> <span class='ocrx_word' id='word_1_454' title='bbox 1123 3939 1306 4008; x_wconf 77' lang='grc' dir='ltr'>φησὶν,</span> <span class='ocrx_word' id='word_1_455' title='bbox 1328 3938 1376 3989; x_wconf 85' lang='grc' dir='ltr'>οἱ</span> <span class='ocrx_word' id='word_1_456' title='bbox 1403 3935 1501 4007; x_wconf 83' lang='grc' dir='ltr'>τὴν</span> <span class='ocrx_word' id='word_1_457' title='bbox 1531 3935 1631 4006; x_wconf 81' lang='grc' dir='ltr'>σὴν</span> <span class='ocrx_word' id='word_1_458' title='bbox 1659 3934 1733 4006; x_wconf 85' lang='grc' dir='ltr'>μὴ</span> 
     </span>
    </p>
   </div>
   <div class='ocr_carea' id='block_1_72' title="bbox 172 4027 1733 4107">
    <p class='ocr_par' dir='ltr' id='par_1_72' title="bbox 172 4027 1733 4107">
     <span class='ocr_line' id='line_1_72' title="bbox 172 4027 1733 4107; baseline -0.005 -19"><span class='ocrx_word' id='word_1_459' title='bbox 172 4036 426 4107; x_wconf 82' lang='grc' dir='ltr'>δεχόμενοι</span> <span class='ocrx_word' id='word_1_460' title='bbox 451 4033 723 4089; x_wconf 85' lang='grc' dir='ltr'>παιδείαν.</span> <span class='ocrx_word' id='word_1_461' title='bbox 749 4031 1024 4101; x_wconf 84' lang='grc' dir='ltr'>Μακάριοι</span> <span class='ocrx_word' id='word_1_462' title='bbox 1051 4030 1108 4082; x_wconf 80' lang='grc' dir='ltr'>δὲ</span> <span class='ocrx_word' id='word_1_463' title='bbox 1133 4032 1183 4083; x_wconf 87' lang='grc' dir='ltr'>οἱ</span> <span class='ocrx_word' id='word_1_464' title='bbox 1208 4028 1361 4099; x_wconf 82' lang='grc' dir='ltr'>παρὰ</span> <span class='ocrx_word' id='word_1_465' title='bbox 1391 4027 1486 4081; x_wconf 81' lang='grc' dir='ltr'><strong>σοῦ</strong></span> <span class='ocrx_word' id='word_1_466' title='bbox 1517 4027 1733 4080; x_wconf 79' lang='grc' dir='ltr'>παιδευ-</span> 
     </span>
    </p>
   </div>
   <div class='ocr_carea' id='block_1_73' title="bbox 173 4114 1734 4194">
    <p class='ocr_par' dir='ltr' id='par_1_73' title="bbox 173 4114 1734 4194">
     <span class='ocr_line' id='line_1_73' title="bbox 173 4114 1734 4194; baseline -0.006 -14"><span class='ocrx_word' id='word_1_467' title='bbox 173 4128 356 4194; x_wconf 82' lang='grc' dir='ltr'>θέντες,</span> <span class='ocrx_word' id='word_1_468' title='bbox 390 4130 484 4184; x_wconf 70' lang='grc' dir='ltr'><strong>καὶ</strong></span> <span class='ocrx_word' id='word_1_469' title='bbox 521 4132 589 4182; x_wconf 82' lang='grc' dir='ltr'><strong>ἐκ</strong></span> <span class='ocrx_word' id='word_1_470' title='bbox 615 4126 709 4179; x_wconf 85' lang='grc' dir='ltr'><strong>τοῦ</strong></span> <span class='ocrx_word' id='word_1_471' title='bbox 748 4124 842 4178; x_wconf 84' lang='grc' dir='ltr'><strong>σοῦ</strong></span> <span class='ocrx_word' id='word_1_472' title='bbox 869 4123 1203 4193; x_wconf 84' lang='grc' dir='ltr'>διδαχθέντες</span> <span class='ocrx_word' id='word_1_473' title='bbox 1227 4123 1411 4193; x_wconf 85' lang='grc' dir='ltr'>νόμου.</span> <span class='ocrx_word' id='word_1_474' title='bbox 1443 4114 1602 4174; x_wconf 79' lang='grc' dir='ltr'>Οὗτοι</span> <span class='ocrx_word' id='word_1_475' title='bbox 1625 4118 1734 4190; x_wconf 82' lang='grc' dir='ltr'>γὰρ</span> 
     </span>
    </p>
   </div>
   <div class='ocr_carea' id='block_1_74' title="bbox 172 4211 1733 4290">
    <p class='ocr_par' dir='ltr' id='par_1_74' title="bbox 172 4211 1733 4290">
     <span class='ocr_line' id='line_1_74' title="bbox 172 4211 1733 4290; baseline -0.006 -18"><span class='ocrx_word' id='word_1_476' title='bbox 172 4220 227 4290; x_wconf 81' lang='grc' dir='ltr'>δὴ</span> <span class='ocrx_word' id='word_1_477' title='bbox 251 4223 337 4274; x_wconf 79' lang='grc' dir='ltr'><strong>καί</strong></span> <span class='ocrx_word' id='word_1_478' title='bbox 375 4223 430 4274; x_wconf 88' lang='grc' dir='ltr'><strong>ἐν</strong></span> <span class='ocrx_word' id='word_1_479' title='bbox 458 4223 584 4283; x_wconf 85' lang='grc' dir='ltr'>ταῖς</span> <span class='ocrx_word' id='word_1_480' title='bbox 613 4218 825 4288; x_wconf 74' lang='grc' dir='ltr'>θλίψεσι</span> <span class='ocrx_word' id='word_1_481' title='bbox 874 4214 1240 4287; x_wconf 80' lang='grc' dir='ltr'>πραῦνθέντες</span> <span class='ocrx_word' id='word_1_482' title='bbox 1280 4211 1733 4284; x_wconf 81' lang='grc' dir='ltr'>κουφισθήσονται</span> 
     </span>
    </p>
   </div>
   <div class='ocr_carea' id='block_1_75' title="bbox 173 4302 1732 4384">
    <p class='ocr_par' dir='ltr' id='par_1_75' title="bbox 173 4302 1732 4384">
     <span class='ocr_line' id='line_1_75' title="bbox 173 4302 1732 4384; baseline -0.005 -22"><span class='ocrx_word' id='word_1_483' title='bbox 173 4311 266 4364; x_wconf 88' lang='grc' dir='ltr'><strong>τῶν</strong></span> <span class='ocrx_word' id='word_1_484' title='bbox 291 4312 545 4384; x_wconf 83' lang='grc' dir='ltr'>ἀνιαρῶν,</span> <span class='ocrx_word' id='word_1_485' title='bbox 580 4309 798 4372; x_wconf 86' lang='grc' dir='ltr'>εἰδότες,</span> <span class='ocrx_word' id='word_1_486' title='bbox 835 4307 916 4360; x_wconf 86' lang='grc' dir='ltr'><strong>ὅτι</strong></span> <span class='ocrx_word' id='word_1_487' title='bbox 951 4307 1006 4358; x_wconf 83' lang='grc' dir='ltr'><strong>αἱ</strong></span> <span class='ocrx_word' id='word_1_488' title='bbox 1037 4304 1246 4374; x_wconf 70' lang='grc' dir='ltr'>θλίψεις</span> <span class='ocrx_word' id='word_1_489' title='bbox 1298 4304 1376 4367; x_wconf 87' lang='grc' dir='ltr'><strong>εἰς</strong></span> <span class='ocrx_word' id='word_1_490' title='bbox 1412 4302 1614 4371; x_wconf 89' lang='grc' dir='ltr'>ἀγαθὸν</span> <span class='ocrx_word' id='word_1_491' title='bbox 1642 4319 1732 4354; x_wconf 83' lang='grc' dir='ltr'>τε·</span> 
     </span>
    </p>
   </div>
   <div class='ocr_carea' id='block_1_76' title="bbox 171 4393 1809 4507">
    <p class='ocr_par' dir='ltr' id='par_1_76' title="bbox 171 4393 1809 4507">
     <span class='ocr_line' id='line_1_76' title="bbox 171 4393 1809 4507; baseline -0.003 -54"><span class='ocrx_word' id='word_1_492' title='bbox 171 4401 414 4456; x_wconf 81' lang='grc' dir='ltr'>λευτῶσαι</span> <span class='ocrx_word' id='word_1_493' title='bbox 442 4403 786 4472; x_wconf 75' lang='grc' dir='ltr'>ἐκϐήσονται.</span> <span class='ocrx_word' id='word_1_494' title='bbox 841 4397 1082 4468; x_wconf 87' lang='grc' dir='ltr'>Ἡμέρας</span> <span class='ocrx_word' id='word_1_495' title='bbox 1117 4395 1358 4467; x_wconf 74' lang='grc' dir='ltr'>πονηρὰς</span> <span class='ocrx_word' id='word_1_496' title='bbox 1399 4395 1498 4458; x_wconf 83' lang='grc' dir='ltr'>τὰς</span> <span class='ocrx_word' id='word_1_497' title='bbox 1520 4393 1732 4466; x_wconf 82' lang='grc' dir='ltr'>ἡμέρας</span> <span class='ocrx_word' id='word_1_498' title='bbox 1763 4451 1809 4507; x_wconf 77' lang='lat' dir='ltr'><strong>D</strong></span> 
     </span>
    </p>
   </div>
   <div class='ocr_carea' id='block_1_77' title="bbox 172 4494 704 4567">
    <p class='ocr_par' dir='ltr' id='par_1_77' title="bbox 172 4494 704 4567">
     <span class='ocr_line' id='line_1_77' title="bbox 172 4494 704 4567; baseline -0.002 -21"><span class='ocrx_word' id='word_1_499' title='bbox 172 4494 258 4566; x_wconf 80' lang='grc' dir='ltr'>τῆς</span> <span class='ocrx_word' id='word_1_500' title='bbox 277 4496 503 4567; x_wconf 85' lang='grc' dir='ltr'>κρίσεως</span> <span class='ocrx_word' id='word_1_501' title='bbox 533 4494 704 4561; x_wconf 87' lang='grc' dir='ltr'>λέγει.</span> 
     </span>
    </p>
   </div>
   <div class='ocr_carea' id='block_1_78' title="bbox 234 4573 1726 4653">
    <p class='ocr_par' dir='ltr' id='par_1_78' title="bbox 234 4573 1726 4653">
     <span class='ocr_line' id='line_1_78' title="bbox 234 4573 1726 4653; baseline -0.007 -14"><span class='ocrx_word' id='word_1_502' title='bbox 234 4585 378 4650; x_wconf 84' lang='grc' dir='ltr'>Ἕως</span> <span class='ocrx_word' id='word_1_503' title='bbox 411 4582 482 4641; x_wconf 87' lang='grc' dir='ltr'>οὗ</span> <span class='ocrx_word' id='word_1_504' title='bbox 534 4580 734 4653; x_wconf 76' lang='grc' dir='ltr'><strong>ὠρυγῇ</strong></span> <span class='ocrx_word' id='word_1_505' title='bbox 772 4579 852 4646; x_wconf 84' lang='grc' dir='ltr'>τῷ</span> <span class='ocrx_word' id='word_1_506' title='bbox 886 4575 1210 4649; x_wconf 72' lang='grc' dir='ltr'>ἁμαρτωλῷ</span> <span class='ocrx_word' id='word_1_507' title='bbox 1259 4575 1499 4643; x_wconf 78' lang='grc' dir='ltr'>βόθρος.</span> <span class='ocrx_word' id='word_1_508' title='bbox 1547 4573 1726 4647; x_wconf 86' lang='grc' dir='ltr'>Μέχρι</span> 
     </span>
    </p>
   </div>
   <div class='ocr_carea' id='block_1_79' title="bbox 172 4666 1730 4748">
    <p class='ocr_par' dir='ltr' id='par_1_79' title="bbox 172 4666 1730 4748">
     <span class='ocr_line' id='line_1_79' title="bbox 172 4666 1730 4748; baseline -0.006 -21"><span class='ocrx_word' id='word_1_509' title='bbox 172 4676 426 4740; x_wconf 81' lang='grc' dir='ltr'>τοσούτου,</span> <span class='ocrx_word' id='word_1_510' title='bbox 461 4677 646 4748; x_wconf 61' lang='grc' dir='ltr'>φησιν,</span> <span class='ocrx_word' id='word_1_511' title='bbox 671 4677 718 4726; x_wconf 81' lang='grc' dir='ltr'><strong>οἱ</strong></span> <span class='ocrx_word' id='word_1_512' title='bbox 750 4670 1128 4732; x_wconf 87' lang='grc' dir='ltr'>παιδευθέντες</span> <span class='ocrx_word' id='word_1_513' title='bbox 1162 4666 1496 4739; x_wconf 81' lang='grc' dir='ltr'>θαρροῦντες</span> <span class='ocrx_word' id='word_1_514' title='bbox 1533 4667 1730 4736; x_wconf 83' lang='grc' dir='ltr'>ὑπομε-</span> 
     </span>
    </p>
   </div>
   <div class='ocr_carea' id='block_1_80' title="bbox 174 4757 1729 4836">
    <p class='ocr_par' dir='ltr' id='par_1_80' title="bbox 174 4757 1729 4836">
     <span class='ocr_line' id='line_1_80' title="bbox 174 4757 1729 4836; baseline 0.006 -20"><span class='ocrx_word' id='word_1_515' title='bbox 174 4767 309 4820; x_wconf 80' lang='grc' dir='ltr'>νοῦσι</span> <span class='ocrx_word' id='word_1_516' title='bbox 336 4768 430 4832; x_wconf 78' lang='grc' dir='ltr'><strong>τὰς</strong></span> <span class='ocrx_word' id='word_1_517' title='bbox 460 4767 686 4836; x_wconf 72' lang='grc' dir='ltr'>θλίψεις,</span> <span class='ocrx_word' id='word_1_518' title='bbox 715 4766 926 4835; x_wconf 78' lang='grc' dir='ltr'>μέχρις</span> <span class='ocrx_word' id='word_1_519' title='bbox 974 4757 1046 4816; x_wconf 82' lang='grc' dir='ltr'><strong>οὗ</strong></span> <span class='ocrx_word' id='word_1_520' title='bbox 1083 4759 1160 4824; x_wconf 77' lang='grc' dir='ltr'><strong>τῷ</strong></span> <span class='ocrx_word' id='word_1_521' title='bbox 1188 4758 1512 4828; x_wconf 73' lang='grc' dir='ltr'><strong>ἁμαρτωλῷ</strong></span> <span class='ocrx_word' id='word_1_522' title='bbox 1529 4757 1729 4826; x_wconf 75' lang='grc' dir='ltr'><strong>ὠρυΤῇ</strong></span> 
     </span>
    </p>
   </div>
   <div class='ocr_carea' id='block_1_81' title="bbox 169 4849 1732 4926">
    <p class='ocr_par' dir='ltr' id='par_1_81' title="bbox 169 4849 1732 4926">
     <span class='ocr_line' id='line_1_81' title="bbox 169 4849 1732 4926; baseline -0.007 -15"><span class='ocrx_word' id='word_1_523' title='bbox 169 4857 392 4926; x_wconf 77' lang='grc' dir='ltr'>βόθρος,</span> <span class='ocrx_word' id='word_1_524' title='bbox 415 4860 713 4922; x_wconf 85' lang='grc' dir='ltr'>τουτέστιν,</span> <span class='ocrx_word' id='word_1_525' title='bbox 767 4859 845 4919; x_wconf 86' lang='grc' dir='ltr'><strong>είς</strong></span> <span class='ocrx_word' id='word_1_526' title='bbox 887 4857 948 4907; x_wconf 91' lang='grc' dir='ltr'><strong>τὸ</strong></span> <span class='ocrx_word' id='word_1_527' title='bbox 969 4851 1368 4925; x_wconf 79' lang='grc' dir='ltr'>ἡτοιμασμένον</span> <span class='ocrx_word' id='word_1_528' title='bbox 1397 4849 1543 4918; x_wconf 82' lang='grc' dir='ltr'>αὐτῴ</span> <span class='ocrx_word' id='word_1_529' title='bbox 1572 4849 1732 4901; x_wconf 88' lang='grc' dir='ltr'>κολα-</span> 
     </span>
    </p>
   </div>
   <div class='ocr_carea' id='block_1_82' title="bbox 177 4942 1733 5023">
    <p class='ocr_par' dir='ltr' id='par_1_82' title="bbox 177 4942 1733 5023">
     <span class='ocr_line' id='line_1_82' title="bbox 177 4942 1733 5023; baseline -0.005 -22"><span class='ocrx_word' id='word_1_530' title='bbox 177 4953 374 5021; x_wconf 83' lang='grc' dir='ltr'>στήριον</span> <span class='ocrx_word' id='word_1_531' title='bbox 404 4955 432 5006; x_wconf 89' lang='grc' dir='ltr'><strong>ό</strong></span> <span class='ocrx_word' id='word_1_532' title='bbox 450 4950 769 5023; x_wconf 82' lang='grc' dir='ltr'>ἁμαρτωλὸς</span> <span class='ocrx_word' id='word_1_533' title='bbox 798 4948 1008 5019; x_wconf 80' lang='grc' dir='ltr'>βαδίσῃ.</span> <span class='ocrx_word' id='word_1_534' title='bbox 1048 4943 1397 5015; x_wconf 83' lang='grc' dir='ltr'>Ἀμαρτωλὸν</span> <span class='ocrx_word' id='word_1_535' title='bbox 1417 4943 1474 4996; x_wconf 84' lang='grc' dir='ltr'><strong>δὲ</strong></span> <span class='ocrx_word' id='word_1_536' title='bbox 1498 4944 1586 4995; x_wconf 88' lang='grc' dir='ltr'><strong>τὸν</strong></span> <span class='ocrx_word' id='word_1_537' title='bbox 1631 4942 1733 4994; x_wconf 74' lang='grc' dir='ltr'><strong>Σαο</strong></span> 
     </span>
    </p>
   </div>
   <div class='ocr_carea' id='block_1_83' title="bbox 173 5035 1568 5113">
    <p class='ocr_par' dir='ltr' id='par_1_83' title="bbox 173 5035 1568 5113">
     <span class='ocr_line' id='line_1_83' title="bbox 173 5035 1568 5113; baseline -0.001 -25"><span class='ocrx_word' id='word_1_538' title='bbox 173 5042 325 5092; x_wconf 71' lang='grc' dir='ltr'>τανᾶν</span> <span class='ocrx_word' id='word_1_539' title='bbox 355 5059 538 5113; x_wconf 81' lang='grc' dir='ltr'>φησιν,</span> <span class='ocrx_word' id='word_1_540' title='bbox 565 5043 682 5112; x_wconf 82' lang='grc' dir='ltr'>ήτοι</span> <span class='ocrx_word' id='word_1_541' title='bbox 706 5041 886 5093; x_wconf 69' lang='grc' dir='ltr'>πᾶσαν</span> <span class='ocrx_word' id='word_1_542' title='bbox 917 5036 1295 5108; x_wconf 80' lang='grc' dir='ltr'>ἀντικειμένην</span> <span class='ocrx_word' id='word_1_543' title='bbox 1319 5035 1568 5106; x_wconf 82' lang='grc' dir='ltr'>δύναμιν.</span> 
     </span>
    </p>
   </div>
   <div class='ocr_carea' id='block_1_84' title="bbox 237 5127 1704 5200">
    <p class='ocr_par' dir='ltr' id='par_1_84' title="bbox 237 5127 1704 5200">
     <span class='ocr_line' id='line_1_84' title="bbox 237 5127 1704 5200; baseline -0.003 -14"><span class='ocrx_word' id='word_1_544' title='bbox 237 5131 357 5186; x_wconf 81' lang='grc' dir='ltr'>Ὅτι</span> <span class='ocrx_word' id='word_1_545' title='bbox 403 5137 512 5188; x_wconf 76' lang='grc' dir='ltr'>οὐκ</span> <span class='ocrx_word' id='word_1_546' title='bbox 563 5133 864 5189; x_wconf 82' lang='grc' dir='ltr'>ἀπώσεται</span> <span class='ocrx_word' id='word_1_547' title='bbox 896 5132 1110 5200; x_wconf 71' lang='grc' dir='ltr'>Κίνριος</span> <span class='ocrx_word' id='word_1_548' title='bbox 1159 5128 1267 5182; x_wconf 79' lang='grc' dir='ltr'>τὸν</span> <span class='ocrx_word' id='word_1_549' title='bbox 1319 5128 1474 5183; x_wconf 76' lang='grc' dir='ltr'>λαὸν</span> <span class='ocrx_word' id='word_1_550' title='bbox 1517 5127 1704 5181; x_wconf 84' lang='grc' dir='ltr'>αὑτοῦ</span> 
     </span>
    </p>
   </div>
   <div class='ocr_carea' id='block_1_85' title="bbox 175 5219 1724 5297">
    <p class='ocr_par' dir='ltr' id='par_1_85' title="bbox 175 5219 1724 5297">
     <span class='ocr_line' id='line_1_85' title="bbox 175 5219 1724 5297; baseline -0.003 -23"><span class='ocrx_word' id='word_1_551' title='bbox 175 5221 327 5278; x_wconf 84' lang='grc' dir='ltr'>Τοῦτο</span> <span class='ocrx_word' id='word_1_552' title='bbox 349 5227 551 5282; x_wconf 84' lang='grc' dir='ltr'>ἐκείνου</span> <span class='ocrx_word' id='word_1_553' title='bbox 578 5227 644 5281; x_wconf 77' lang='grc' dir='ltr'><strong>ἂν</strong></span> <span class='ocrx_word' id='word_1_554' title='bbox 667 5226 751 5297; x_wconf 76' lang='grc' dir='ltr'><strong>εἴη</strong></span> <span class='ocrx_word' id='word_1_555' title='bbox 783 5225 1034 5286; x_wconf 74' lang='grc' dir='ltr'>ἀπόδοσις</span> <span class='ocrx_word' id='word_1_556' title='bbox 1069 5219 1161 5274; x_wconf 88' lang='grc' dir='ltr'><strong>τοῦ</strong></span> <span class='ocrx_word' id='word_1_557' title='bbox 1202 5219 1495 5291; x_wconf 83' lang='grc' dir='ltr'>εἰρημένου</span> <span class='ocrx_word' id='word_1_558' title='bbox 1533 5220 1589 5271; x_wconf 85' lang='grc' dir='ltr'><strong>ἐν</strong></span> <span class='ocrx_word' id='word_1_559' title='bbox 1616 5221 1724 5282; x_wconf 73' lang='grc' dir='ltr'>τοῖς</span> 
     </span>
    </p>
   </div>
   <div class='ocr_carea' id='block_1_86' title="bbox 174 5308 1726 5383">
    <p class='ocr_par' dir='ltr' id='par_1_86' title="bbox 174 5308 1726 5383">
     <span class='ocr_line' id='line_1_86' title="bbox 174 5308 1726 5383; baseline -0.002 -19"><span class='ocrx_word' id='word_1_560' title='bbox 174 5309 411 5383; x_wconf 82' lang='grc' dir='ltr'>ἀνωτέρω</span> <span class='ocrx_word' id='word_1_561' title='bbox 429 5329 444 5345; x_wconf 75' lang='grc'><strong><em>⁸</em></strong></span> <span class='ocrx_word' id='word_1_562' title='bbox 480 5315 588 5369; x_wconf 78' lang='grc' dir='ltr'><strong>Τὸν</strong></span> <span class='ocrx_word' id='word_1_563' title='bbox 614 5316 769 5370; x_wconf 74' lang='grc' dir='ltr'>λαόν</span> <span class='ocrx_word' id='word_1_564' title='bbox 790 5329 928 5376; x_wconf 85' lang='grc' dir='ltr'>σου,</span> <span class='ocrx_word' id='word_1_565' title='bbox 959 5313 1154 5379; x_wconf 78' lang='grc' dir='ltr'>Κύριε,</span> <span class='ocrx_word' id='word_1_566' title='bbox 1189 5310 1602 5363; x_wconf 78' lang='grc' dir='ltr'>ἐταπείνωσαν</span> <span class='ocrx_word' id='word_1_567' title='bbox 1628 5308 1726 5362; x_wconf 78' lang='grc' dir='ltr'>καὶ</span> 
     </span>
    </p>
   </div>
   <div class='ocr_carea' id='block_1_87' title="bbox 175 5399 1727 5476">
    <p class='ocr_par' dir='ltr' id='par_1_87' title="bbox 175 5399 1727 5476">
     <span class='ocr_line' id='line_1_87' title="bbox 175 5399 1727 5476; baseline -0.011 -8"><span class='ocrx_word' id='word_1_568' title='bbox 175 5399 276 5467; x_wconf 69' lang='grc' dir='ltr'><strong>τὴν</strong></span> <span class='ocrx_word' id='word_1_569' title='bbox 309 5407 706 5476; x_wconf 69' lang='grc' dir='ltr'>κληρονομίαν</span> <span class='ocrx_word' id='word_1_570' title='bbox 747 5423 862 5461; x_wconf 88' lang='grc' dir='ltr'>σου</span> <span class='ocrx_word' id='word_1_571' title='bbox 900 5403 1236 5458; x_wconf 81' lang='grc' dir='ltr'>ἐκάκωσαν.</span> <span class='ocrx_word' id='word_1_572' title='bbox 1286 5400 1395 5454; x_wconf 82' lang='grc' dir='ltr'><strong>Καὶ</strong></span> <span class='ocrx_word' id='word_1_573' title='bbox 1433 5399 1547 5467; x_wconf 78' lang='grc' dir='ltr'>τὴν</span> <span class='ocrx_word' id='word_1_574' title='bbox 1581 5403 1727 5467; x_wconf 68' lang='grc' dir='ltr'>κλη-</span> 
     </span>
    </p>
   </div>
   <div class='ocr_carea' id='block_1_88' title="bbox 173 5489 1730 5566">
    <p class='ocr_par' dir='ltr' id='par_1_88' title="bbox 173 5489 1730 5566">
     <span class='ocr_line' id='line_1_88' title="bbox 173 5489 1730 5566; baseline -0.01 -10"><span class='ocrx_word' id='word_1_575' title='bbox 173 5495 441 5562; x_wconf 77' lang='grc' dir='ltr'><strong>Ρονομίαν</strong></span> <span class='ocrx_word' id='word_1_576' title='bbox 461 5499 642 5552; x_wconf 86' lang='grc' dir='ltr'>αὑτοῦ</span> <span class='ocrx_word' id='word_1_577' title='bbox 681 5501 791 5551; x_wconf 76' lang='grc' dir='ltr'>οὐκ</span> <span class='ocrx_word' id='word_1_578' title='bbox 828 5493 1267 5566; x_wconf 72' lang='grc' dir='ltr'>ἐγκαταλείψει.</span> <span class='ocrx_word' id='word_1_579' title='bbox 1301 5489 1472 5546; x_wconf 78' lang='grc' dir='ltr'>Τοῦτο</span> <span class='ocrx_word' id='word_1_580' title='bbox 1497 5490 1587 5544; x_wconf 81' lang='grc' dir='ltr'><strong>τοῦ</strong></span> <span class='ocrx_word' id='word_1_581' title='bbox 1620 5490 1730 5546; x_wconf 75' lang='grc' dir='ltr'><strong>ἅνω</strong></span> 
     </span>
    </p>
   </div>
   <div class='ocr_carea' id='block_1_89' title="bbox 236 5661 1163 5731">
    <p class='ocr_par' dir='ltr' id='par_1_89' title="bbox 236 5661 1163 5731">
     <span class='ocr_line' id='line_1_89' title="bbox 236 5661 1163 5731; baseline -0.008 -12"><span class='ocrx_word' id='word_1_582' title='bbox 236 5664 275 5697; x_wconf 74' lang='grc'><strong>⁶¹</strong></span> <span class='ocrx_word' id='word_1_583' title='bbox 319 5665 502 5723; x_wconf 79' lang='lat' dir='ltr'><strong>Matth.</strong></span> <span class='ocrx_word' id='word_1_584' title='bbox 545 5683 666 5731; x_wconf 76' lang='lat' dir='ltr'><strong>xxv,</strong></span> <span class='ocrx_word' id='word_1_585' title='bbox 701 5666 784 5720; x_wconf 78' lang='lat' dir='ltr'>II.</span> <span class='ocrx_word' id='word_1_586' title='bbox 867 5665 910 5695; x_wconf 74' lang='grc'><strong>⁸⁸</strong></span> <span class='ocrx_word' id='word_1_587' title='bbox 937 5678 1078 5718; x_wconf 75' lang='lat' dir='ltr'><strong>vers.</strong></span> <span class='ocrx_word' id='word_1_588' title='bbox 1112 5661 1163 5715; x_wconf 83' lang='lat'><strong>5.</strong></span> 
     </span>
    </p>
   </div>
   <div class='ocr_carea' id='block_1_90' title="bbox 1833 3193 3406 3268">
    <p class='ocr_par' dir='ltr' id='par_1_90' title="bbox 1833 3193 3406 3268">
     <span class='ocr_line' id='line_1_90' title="bbox 1833 3193 3406 3268; baseline -0.004 -12"><span class='ocrx_word' id='word_1_589' title='bbox 1833 3209 2069 3256; x_wconf 90' lang='lat' dir='ltr'><strong>mentem</strong></span> <span class='ocrx_word' id='word_1_590' title='bbox 2094 3198 2368 3261; x_wconf 88' lang='lat' dir='ltr'><strong>interlicit,</strong></span> <span class='ocrx_word' id='word_1_591' title='bbox 2403 3198 2495 3268; x_wconf 91' lang='lat' dir='ltr'><strong>qui</strong></span> <span class='ocrx_word' id='word_1_592' title='bbox 2531 3212 2694 3266; x_wconf 88' lang='lat' dir='ltr'><strong>prave</strong></span> <span class='ocrx_word' id='word_1_593' title='bbox 2715 3196 2929 3250; x_wconf 84' lang='lat' dir='ltr'><strong>divinas</strong></span> <span class='ocrx_word' id='word_1_594' title='bbox 2974 3193 3284 3264; x_wconf 88' lang='lat' dir='ltr'><strong>Scripturas</strong></span> <span class='ocrx_word' id='word_1_595' title='bbox 3315 3195 3406 3249; x_wconf 90' lang='lat' dir='ltr'><strong>in-</strong></span> 
     </span>
    </p>
   </div>
   <div class='ocr_carea' id='block_1_91' title="bbox 1833 3285 3406 3362">
    <p class='ocr_par' dir='ltr' id='par_1_91' title="bbox 1833 3285 3406 3362">
     <span class='ocr_line' id='line_1_91' title="bbox 1833 3285 3406 3362; baseline -0.006 -14"><span class='ocrx_word' id='word_1_596' title='bbox 1833 3302 2186 3362; x_wconf 81' lang='lat' dir='ltr'><strong>terpretatur.</strong></span> <span class='ocrx_word' id='word_1_597' title='bbox 2221 3290 2472 3361; x_wconf 87' lang='lat' dir='ltr'><strong>Pupillus</strong></span> <span class='ocrx_word' id='word_1_598' title='bbox 2504 3297 2684 3344; x_wconf 88' lang='lat' dir='ltr'><strong>autem</strong></span> <span class='ocrx_word' id='word_1_599' title='bbox 2725 3297 2808 3343; x_wconf 89' lang='lat' dir='ltr'><strong>est</strong></span> <span class='ocrx_word' id='word_1_600' title='bbox 2833 3288 3050 3342; x_wconf 89' lang='lat' dir='ltr'><strong>animus</strong></span> <span class='ocrx_word' id='word_1_601' title='bbox 3073 3287 3278 3341; x_wconf 67' lang='lat' dir='ltr'><strong>caelesti</strong></span> <span class='ocrx_word' id='word_1_602' title='bbox 3312 3285 3406 3340; x_wconf 86' lang='lat' dir='ltr'><strong>Pa-</strong></span> 
     </span>
    </p>
   </div>
   <div class='ocr_carea' id='block_1_92' title="bbox 1833 3385 2206 3453">
    <p class='ocr_par' dir='ltr' id='par_1_92' title="bbox 1833 3385 2206 3453">
     <span class='ocr_line' id='line_1_92' title="bbox 1833 3385 2206 3453; baseline -0.011 -13"><span class='ocrx_word' id='word_1_603' title='bbox 1833 3395 1915 3440; x_wconf 86' lang='lat' dir='ltr'><strong>tre</strong></span> <span class='ocrx_word' id='word_1_604' title='bbox 1941 3385 2206 3453; x_wconf 87' lang='lat' dir='ltr'><strong>privatus.</strong></span> 
     </span>
    </p>
   </div>
   <div class='ocr_carea' id='block_1_93' title="bbox 1906 3471 3406 3542">
    <p class='ocr_par' dir='ltr' id='par_1_93' title="bbox 1906 3471 3406 3542">
     <span class='ocr_line' id='line_1_93' title="bbox 1906 3471 3406 3542; baseline -0.004 -14"><span class='ocrx_word' id='word_1_605' title='bbox 1906 3475 1992 3530; x_wconf 81' lang='lat' dir='ltr'>II.</span> <span class='ocrx_word' id='word_1_606' title='bbox 2025 3475 2280 3528; x_wconf 84' lang='lat' dir='ltr'><strong>Dominus</strong></span> <span class='ocrx_word' id='word_1_607' title='bbox 2303 3474 2403 3528; x_wconf 83' lang='lat' dir='ltr'><strong>scit</strong></span> <span class='ocrx_word' id='word_1_608' title='bbox 2440 3472 2778 3542; x_wconf 85' lang='lat' dir='ltr'><strong>cogitationes</strong></span> <span class='ocrx_word' id='word_1_609' title='bbox 2809 3471 3110 3534; x_wconf 83' lang='lat' dir='ltr'><strong>hominum,</strong></span> <span class='ocrx_word' id='word_1_610' title='bbox 3155 3471 3406 3541; x_wconf 86' lang='lat' dir='ltr'><strong>quoniam</strong></span> 
     </span>
    </p>
   </div>
   <div class='ocr_carea' id='block_1_94' title="bbox 1833 3561 3408 3633">
    <p class='ocr_par' dir='ltr' id='par_1_94' title="bbox 1833 3561 3408 3633">
     <span class='ocr_line' id='line_1_94' title="bbox 1833 3561 3408 3633; baseline -0.004 -11"><span class='ocrx_word' id='word_1_611' title='bbox 1833 3584 1981 3623; x_wconf 69' lang='lat' dir='ltr'><strong>vana’</strong></span> <span class='ocrx_word' id='word_1_612' title='bbox 2007 3576 2148 3621; x_wconf 86' lang='lat' dir='ltr'><strong>sunt.</strong></span> <span class='ocrx_word' id='word_1_613' title='bbox 2177 3565 2463 3633; x_wconf 87' lang='lat' dir='ltr'><strong>Quomodo</strong></span> <span class='ocrx_word' id='word_1_614' title='bbox 2490 3575 2668 3618; x_wconf 90' lang='lat' dir='ltr'><strong>autem</strong></span> <span class='ocrx_word' id='word_1_615' title='bbox 2694 3580 2803 3617; x_wconf 91' lang='lat' dir='ltr'><strong>non</strong></span> <span class='ocrx_word' id='word_1_616' title='bbox 2827 3573 2955 3617; x_wconf 90' lang='lat' dir='ltr'><strong>sunt</strong></span> <span class='ocrx_word' id='word_1_617' title='bbox 2980 3563 3217 3617; x_wconf 86' lang='lat' dir='ltr'><strong>vanitate</strong></span> <span class='ocrx_word' id='word_1_618' title='bbox 3236 3561 3408 3631; x_wconf 67' lang='lat' dir='ltr'><strong>plena</strong></span> 
     </span>
    </p>
   </div>
   <div class='ocr_carea' id='block_1_95' title="bbox 1834 3655 3406 3732">
    <p class='ocr_par' dir='ltr' id='par_1_95' title="bbox 1834 3655 3406 3732">
     <span class='ocr_line' id='line_1_95' title="bbox 1834 3655 3406 3732; baseline -0.006 -16"><span class='ocrx_word' id='word_1_619' title='bbox 1834 3661 2195 3732; x_wconf 83' lang='lat' dir='ltr'><strong>cogitationes</strong></span> <span class='ocrx_word' id='word_1_620' title='bbox 2230 3658 2358 3720; x_wconf 61' lang='lat' dir='ltr'><strong>illas,</strong></span> <span class='ocrx_word' id='word_1_621' title='bbox 2383 3672 2505 3726; x_wconf 72' lang='lat' dir='ltr'><strong>quae</strong></span> <span class='ocrx_word' id='word_1_622' title='bbox 2543 3655 2897 3725; x_wconf 64' lang='lat' dir='ltr'><strong>providentia;</strong></span> <span class='ocrx_word' id='word_1_623' title='bbox 2928 3655 3216 3710; x_wconf 89' lang='lat' dir='ltr'><strong>utilitatem</strong></span> <span class='ocrx_word' id='word_1_624' title='bbox 3247 3669 3406 3724; x_wconf 84' lang='lat' dir='ltr'><strong>repu-</strong></span> 
     </span>
    </p>
   </div>
   <div class='ocr_carea' id='block_1_96' title="bbox 1833 3748 2594 3808">
    <p class='ocr_par' dir='ltr' id='par_1_96' title="bbox 1833 3748 2594 3808">
     <span class='ocr_line' id='line_1_96' title="bbox 1833 3748 2594 3808; baseline -0.012 0"><span class='ocrx_word' id='word_1_625' title='bbox 1833 3755 1984 3808; x_wconf 88' lang='lat' dir='ltr'><strong>diare</strong></span> <span class='ocrx_word' id='word_1_626' title='bbox 2005 3751 2224 3807; x_wconf 85' lang='lat' dir='ltr'><strong>student</strong></span> <span class='ocrx_word' id='word_1_627' title='bbox 2251 3764 2280 3801; x_wconf 87' lang='lat' dir='ltr'><strong>a</strong></span> <span class='ocrx_word' id='word_1_628' title='bbox 2305 3748 2594 3803; x_wconf 87' lang='lat' dir='ltr'><strong>sermone?</strong></span> 
     </span>
    </p>
   </div>
   <div class='ocr_carea' id='block_1_97' title="bbox 1903 3833 3404 3909">
    <p class='ocr_par' dir='ltr' id='par_1_97' title="bbox 1903 3833 3404 3909">
     <span class='ocr_line' id='line_1_97' title="bbox 1903 3833 3404 3909; baseline -0.004 -10"><span class='ocrx_word' id='word_1_629' title='bbox 1903 3846 1992 3899; x_wconf 77' lang='lat'><strong>1‘2.</strong></span> <span class='ocrx_word' id='word_1_630' title='bbox 2039 3843 2236 3897; x_wconf 84' lang='lat' dir='ltr'><strong>Beatus</strong></span> <span class='ocrx_word' id='word_1_631' title='bbox 2282 3842 2434 3894; x_wconf 86' lang='lat' dir='ltr'><strong>homo</strong></span> <span class='ocrx_word' id='word_1_632' title='bbox 2477 3856 2624 3909; x_wconf 88' lang='lat' dir='ltr'><strong>quem</strong></span> <span class='ocrx_word' id='word_1_633' title='bbox 2650 3849 2702 3892; x_wconf 90' lang='lat' dir='ltr'><strong>tu</strong></span> <span class='ocrx_word' id='word_1_634' title='bbox 2731 3837 3008 3903; x_wconf 87' lang='lat' dir='ltr'><strong>erudieris,</strong></span> <span class='ocrx_word' id='word_1_635' title='bbox 3045 3837 3278 3890; x_wconf 85' lang='lat' dir='ltr'><strong>Domine.</strong></span> <span class='ocrx_word' id='word_1_636' title='bbox 3301 3833 3404 3894; x_wconf 73' lang='lat' dir='ltr'><strong>Hii.</strong></span> 
     </span>
    </p>
   </div>
   <div class='ocr_carea' id='block_1_98' title="bbox 1834 3929 3406 4007">
    <p class='ocr_par' dir='ltr' id='par_1_98' title="bbox 1834 3929 3406 4007">
     <span class='ocr_line' id='line_1_98' title="bbox 1834 3929 3406 4007; baseline -0.007 -15"><span class='ocrx_word' id='word_1_637' title='bbox 1834 3937 2035 4007; x_wconf 89' lang='lat' dir='ltr'><strong>inquit,</strong></span> <span class='ocrx_word' id='word_1_638' title='bbox 2075 3934 2259 3988; x_wconf 89' lang='lat' dir='ltr'><strong>miseri</strong></span> <span class='ocrx_word' id='word_1_639' title='bbox 2313 3942 2367 3986; x_wconf 89' lang='lat' dir='ltr'><strong>et</strong></span> <span class='ocrx_word' id='word_1_640' title='bbox 2398 3931 2618 4000; x_wconf 73' lang='lat' dir='ltr'><strong>abiecti,</strong></span> <span class='ocrx_word' id='word_1_641' title='bbox 2673 3930 2768 4000; x_wconf 88' lang='lat' dir='ltr'><strong>qui</strong></span> <span class='ocrx_word' id='word_1_642' title='bbox 2809 3938 2955 3982; x_wconf 90' lang='lat' dir='ltr'><strong>tuam</strong></span> <span class='ocrx_word' id='word_1_643' title='bbox 3007 3929 3406 3983; x_wconf 72' lang='lat' dir='ltr'><strong>institutionem</strong></span> 
     </span>
    </p>
   </div>
   <div class='ocr_carea' id='block_1_99' title="bbox 1837 4017 3406 4089">
    <p class='ocr_par' dir='ltr' id='par_1_99' title="bbox 1837 4017 3406 4089">
     <span class='ocr_line' id='line_1_99' title="bbox 1837 4017 3406 4089; baseline -0.01 -5"><span class='ocrx_word' id='word_1_644' title='bbox 1837 4046 1943 4084; x_wconf 91' lang='lat' dir='ltr'><strong>non</strong></span> <span class='ocrx_word' id='word_1_645' title='bbox 1974 4026 2290 4082; x_wconf 88' lang='lat' dir='ltr'><strong>admittunt.</strong></span> <span class='ocrx_word' id='word_1_646' title='bbox 2317 4022 2464 4077; x_wconf 87' lang='lat' dir='ltr'><strong>Beati</strong></span> <span class='ocrx_word' id='word_1_647' title='bbox 2493 4030 2670 4074; x_wconf 87' lang='lat' dir='ltr'><strong>autem</strong></span> <span class='ocrx_word' id='word_1_648' title='bbox 2696 4029 2824 4074; x_wconf 90' lang='lat' dir='ltr'><strong>sunt</strong></span> <span class='ocrx_word' id='word_1_649' title='bbox 2857 4019 2951 4089; x_wconf 93' lang='lat' dir='ltr'><strong>qui</strong></span> <span class='ocrx_word' id='word_1_650' title='bbox 2998 4035 3027 4072; x_wconf 90' lang='lat' dir='ltr'><strong>a</strong></span> <span class='ocrx_word' id='word_1_651' title='bbox 3070 4026 3119 4071; x_wconf 89' lang='lat' dir='ltr'><strong>te</strong></span> <span class='ocrx_word' id='word_1_652' title='bbox 3144 4017 3406 4071; x_wconf 89' lang='lat' dir='ltr'><strong>erudiun-</strong></span> 
     </span>
    </p>
   </div>
   <div class='ocr_carea' id='block_1_100' title="bbox 1837 4111 3406 4186">
    <p class='ocr_par' dir='ltr' id='par_1_100' title="bbox 1837 4111 3406 4186">
     <span class='ocr_line' id='line_1_100' title="bbox 1837 4111 3406 4186; baseline -0.006 -10"><span class='ocrx_word' id='word_1_653' title='bbox 1837 4133 1946 4185; x_wconf 90' lang='lat' dir='ltr'><strong>tur,</strong></span> <span class='ocrx_word' id='word_1_654' title='bbox 1975 4129 2028 4174; x_wconf 88' lang='lat' dir='ltr'><strong>et</strong></span> <span class='ocrx_word' id='word_1_655' title='bbox 2052 4135 2118 4174; x_wconf 81' lang='lat' dir='ltr'><strong>ex</strong></span> <span class='ocrx_word' id='word_1_656' title='bbox 2147 4127 2235 4172; x_wconf 91' lang='lat' dir='ltr'><strong>tua</strong></span> <span class='ocrx_word' id='word_1_657' title='bbox 2264 4117 2378 4186; x_wconf 81' lang='lat' dir='ltr'><strong>lege</strong></span> <span class='ocrx_word' id='word_1_658' title='bbox 2407 4115 2724 4169; x_wconf 85' lang='lat' dir='ltr'><strong>edocentur.</strong></span> <span class='ocrx_word' id='word_1_659' title='bbox 2763 4113 2843 4166; x_wconf 88' lang='lat' dir='ltr'><strong>Illi</strong></span> <span class='ocrx_word' id='word_1_660' title='bbox 2867 4114 3017 4166; x_wconf 91' lang='lat' dir='ltr'><strong>enim</strong></span> <span class='ocrx_word' id='word_1_661' title='bbox 3061 4111 3115 4165; x_wconf 90' lang='lat' dir='ltr'><strong>in</strong></span> <span class='ocrx_word' id='word_1_662' title='bbox 3146 4111 3406 4166; x_wconf 73' lang='lat' dir='ltr'><strong>aerumnis</strong></span> 
     </span>
    </p>
   </div>
   <div class='ocr_carea' id='block_1_101' title="bbox 1836 4203 3405 4274">
    <p class='ocr_par' dir='ltr' id='par_1_101' title="bbox 1836 4203 3405 4274">
     <span class='ocr_line' id='line_1_101' title="bbox 1836 4203 3405 4274; baseline -0.006 -8"><span class='ocrx_word' id='word_1_663' title='bbox 1836 4211 2236 4266; x_wconf 88' lang='lat' dir='ltr'><strong>mansuetiores</strong></span> <span class='ocrx_word' id='word_1_664' title='bbox 2279 4207 2452 4263; x_wconf 77' lang='lat' dir='ltr'><strong>eﬂccti</strong></span> <span class='ocrx_word' id='word_1_665' title='bbox 2481 4249 2494 4272; x_wconf 95' lang='lat'><strong>,</strong></span> <span class='ocrx_word' id='word_1_666' title='bbox 2533 4206 2860 4260; x_wconf 80' lang='lat' dir='ltr'><strong>levabuntur</strong></span> <span class='ocrx_word' id='word_1_667' title='bbox 2909 4203 3199 4269; x_wconf 83' lang='lat' dir='ltr'><strong>molestiis,</strong></span> <span class='ocrx_word' id='word_1_668' title='bbox 3250 4203 3405 4274; x_wconf 73' lang='lat' dir='ltr'><strong>gnari</strong></span> 
     </span>
    </p>
   </div>
   <div class='ocr_carea' id='block_1_102' title="bbox 1837 4293 3406 4360">
    <p class='ocr_par' dir='ltr' id='par_1_102' title="bbox 1837 4293 3406 4360">
     <span class='ocr_line' id='line_1_102' title="bbox 1837 4293 3406 4360; baseline -0.006 -1"><span class='ocrx_word' id='word_1_669' title='bbox 1837 4304 2216 4360; x_wconf 86' lang='lat' dir='ltr'><strong>tribulationes</strong></span> <span class='ocrx_word' id='word_1_670' title='bbox 2249 4301 2370 4355; x_wconf 89' lang='lat' dir='ltr'><strong>illas</strong></span> <span class='ocrx_word' id='word_1_671' title='bbox 2400 4299 2615 4353; x_wconf 89' lang='lat' dir='ltr'><strong>tandem</strong></span> <span class='ocrx_word' id='word_1_672' title='bbox 2647 4299 2701 4352; x_wconf 92' lang='lat' dir='ltr'><strong>in</strong></span> <span class='ocrx_word' id='word_1_673' title='bbox 2732 4298 2937 4351; x_wconf 89' lang='lat' dir='ltr'><strong>bonum</strong></span> <span class='ocrx_word' id='word_1_674' title='bbox 2975 4310 3249 4350; x_wconf 87' lang='lat' dir='ltr'><strong>cessuras.</strong></span> <span class='ocrx_word' id='word_1_675' title='bbox 3283 4293 3406 4350; x_wconf 87' lang='lat' dir='ltr'><strong>Dies</strong></span> 
     </span>
    </p>
   </div>
   <div class='ocr_carea' id='block_1_103' title="bbox 1839 4390 2552 4461">
    <p class='ocr_par' dir='ltr' id='par_1_103' title="bbox 1839 4390 2552 4461">
     <span class='ocr_line' id='line_1_103' title="bbox 1839 4390 2552 4461; baseline -0.014 -10"><span class='ocrx_word' id='word_1_676' title='bbox 1839 4397 2014 4451; x_wconf 86' lang='lat' dir='ltr'><strong>malos</strong></span> <span class='ocrx_word' id='word_1_677' title='bbox 2035 4395 2168 4449; x_wconf 92' lang='lat' dir='ltr'><strong>dicit</strong></span> <span class='ocrx_word' id='word_1_678' title='bbox 2196 4393 2312 4447; x_wconf 88' lang='lat' dir='ltr'><strong>dies</strong></span> <span class='ocrx_word' id='word_1_679' title='bbox 2339 4390 2552 4461; x_wconf 83' lang='lat' dir='ltr'><strong>judicii.</strong></span> 
     </span>
    </p>
   </div>
   <div class='ocr_carea' id='block_1_104' title="bbox 1909 4557 3406 4634">
    <p class='ocr_par' dir='ltr' id='par_1_104' title="bbox 1909 4557 3406 4634">
     <span class='ocr_line' id='line_1_104' title="bbox 1909 4557 3406 4634; baseline -0.009 -10"><span class='ocrx_word' id='word_1_680' title='bbox 1909 4572 1992 4628; x_wconf 81' lang='lat' dir='ltr'><strong>l5.</strong></span> <span class='ocrx_word' id='word_1_681' title='bbox 2021 4569 2192 4622; x_wconf 87' lang='lat' dir='ltr'><strong>Donec</strong></span> <span class='ocrx_word' id='word_1_682' title='bbox 2212 4567 2449 4634; x_wconf 80' lang='lat' dir='ltr'><strong>fodiatur</strong></span> <span class='ocrx_word' id='word_1_683' title='bbox 2468 4562 2731 4632; x_wconf 86' lang='lat' dir='ltr'><strong>peccatori</strong></span> <span class='ocrx_word' id='word_1_684' title='bbox 2760 4560 2928 4628; x_wconf 78' lang='lat' dir='ltr'><strong>fovea.</strong></span> <span class='ocrx_word' id='word_1_685' title='bbox 2972 4557 3284 4628; x_wconf 87' lang='lat' dir='ltr'><strong>IIucusque,</strong></span> <span class='ocrx_word' id='word_1_686' title='bbox 3325 4558 3406 4611; x_wconf 90' lang='lat' dir='ltr'><strong>in-</strong></span> 
     </span>
    </p>
   </div>
   <div class='ocr_carea' id='block_1_105' title="bbox 1833 4651 3403 4734">
    <p class='ocr_par' dir='ltr' id='par_1_105' title="bbox 1833 4651 3403 4734">
     <span class='ocr_line' id='line_1_105' title="bbox 1833 4651 3403 4734; baseline -0.009 -16"><span class='ocrx_word' id='word_1_687' title='bbox 1833 4664 1972 4734; x_wconf 90' lang='lat' dir='ltr'><strong>quit,</strong></span> <span class='ocrx_word' id='word_1_688' title='bbox 2003 4663 2094 4732; x_wconf 91' lang='lat' dir='ltr'><strong>qui</strong></span> <span class='ocrx_word' id='word_1_689' title='bbox 2115 4660 2441 4714; x_wconf 89' lang='lat' dir='ltr'><strong>erudiuntur</strong></span> <span class='ocrx_word' id='word_1_690' title='bbox 2463 4671 2586 4710; x_wconf 90' lang='lat' dir='ltr'><strong>cum</strong></span> <span class='ocrx_word' id='word_1_691' title='bbox 2620 4655 2818 4708; x_wconf 81' lang='lat' dir='ltr'><strong>ﬁducia</strong></span> <span class='ocrx_word' id='word_1_692' title='bbox 2850 4666 3124 4706; x_wconf 82' lang='lat' dir='ltr'><strong>aerumnas</strong></span> <span class='ocrx_word' id='word_1_693' title='bbox 3150 4651 3403 4715; x_wconf 89' lang='lat' dir='ltr'><strong>tolerant,</strong></span> 
     </span>
    </p>
   </div>
   <div class='ocr_carea' id='block_1_106' title="bbox 1835 4742 3406 4824">
    <p class='ocr_par' dir='ltr' id='par_1_106' title="bbox 1835 4742 3406 4824">
     <span class='ocr_line' id='line_1_106' title="bbox 1835 4742 3406 4824; baseline -0.01 -14"><span class='ocrx_word' id='word_1_694' title='bbox 1835 4757 1998 4809; x_wconf 83' lang='lat' dir='ltr'><strong>donec</strong></span> <span class='ocrx_word' id='word_1_695' title='bbox 2037 4752 2278 4824; x_wconf 80' lang='lat' dir='ltr'><strong>fodiatur</strong></span> <span class='ocrx_word' id='word_1_696' title='bbox 2302 4748 2566 4818; x_wconf 85' lang='lat' dir='ltr'><strong>peccatori</strong></span> <span class='ocrx_word' id='word_1_697' title='bbox 2596 4745 2826 4816; x_wconf 78' lang='lat' dir='ltr'><strong>fovea,id</strong></span> <span class='ocrx_word' id='word_1_698' title='bbox 2858 4754 2962 4806; x_wconf 88' lang='lat' dir='ltr'><strong>est,</strong></span> <span class='ocrx_word' id='word_1_699' title='bbox 3001 4743 3175 4798; x_wconf 87' lang='lat' dir='ltr'><strong>donec</strong></span> <span class='ocrx_word' id='word_1_700' title='bbox 3206 4742 3274 4796; x_wconf 84' lang='lat' dir='ltr'><strong>ad</strong></span> <span class='ocrx_word' id='word_1_701' title='bbox 3312 4743 3406 4797; x_wconf 86' lang='lat' dir='ltr'><strong>de-</strong></span> 
     </span>
    </p>
   </div>
   <div class='ocr_carea' id='block_1_107' title="bbox 1837 4833 3402 4919">
    <p class='ocr_par' dir='ltr' id='par_1_107' title="bbox 1837 4833 3402 4919">
     <span class='ocr_line' id='line_1_107' title="bbox 1837 4833 3402 4919; baseline -0.009 -17"><span class='ocrx_word' id='word_1_702' title='bbox 1837 4854 2083 4919; x_wconf 90' lang='lat' dir='ltr'><strong>putatum</strong></span> <span class='ocrx_word' id='word_1_703' title='bbox 2117 4841 2220 4910; x_wconf 91' lang='lat' dir='ltr'><strong>ipsi</strong></span> <span class='ocrx_word' id='word_1_704' title='bbox 2269 4839 2595 4908; x_wconf 90' lang='lat' dir='ltr'><strong>supplicium</strong></span> <span class='ocrx_word' id='word_1_705' title='bbox 2635 4847 2887 4906; x_wconf 86' lang='lat' dir='ltr'><strong>peccator</strong></span> <span class='ocrx_word' id='word_1_706' title='bbox 2927 4836 3171 4891; x_wconf 91' lang='lat' dir='ltr'><strong>accedat.</strong></span> <span class='ocrx_word' id='word_1_707' title='bbox 3203 4833 3402 4890; x_wconf 90' lang='lat' dir='ltr'><strong>Pecca-</strong></span> 
     </span>
    </p>
   </div>
   <div class='ocr_carea' id='block_1_108' title="bbox 1840 4926 3407 4994">
    <p class='ocr_par' dir='ltr' id='par_1_108' title="bbox 1840 4926 3407 4994">
     <span class='ocr_line' id='line_1_108' title="bbox 1840 4926 3407 4994; baseline -0.009 0"><span class='ocrx_word' id='word_1_708' title='bbox 1840 4951 2009 4994; x_wconf 91' lang='lat' dir='ltr'><strong>torcm</strong></span> <span class='ocrx_word' id='word_1_709' title='bbox 2038 4944 2219 4990; x_wconf 90' lang='lat' dir='ltr'><strong>autem</strong></span> <span class='ocrx_word' id='word_1_710' title='bbox 2247 4933 2377 4986; x_wconf 89' lang='lat' dir='ltr'><strong>dicit</strong></span> <span class='ocrx_word' id='word_1_711' title='bbox 2421 4931 2702 4993; x_wconf 83' lang='lat' dir='ltr'><strong>Satanam,</strong></span> <span class='ocrx_word' id='word_1_712' title='bbox 2732 4930 2846 4982; x_wconf 89' lang='lat' dir='ltr'><strong>sive</strong></span> <span class='ocrx_word' id='word_1_713' title='bbox 2898 4942 3116 4982; x_wconf 89' lang='lat' dir='ltr'><strong>onmem</strong></span> <span class='ocrx_word' id='word_1_714' title='bbox 3153 4926 3407 4982; x_wconf 87' lang='lat' dir='ltr'><strong>adversa-</strong></span> 
     </span>
    </p>
   </div>
   <div class='ocr_carea' id='block_1_109' title="bbox 1839 5032 2342 5096">
    <p class='ocr_par' dir='ltr' id='par_1_109' title="bbox 1839 5032 2342 5096">
     <span class='ocr_line' id='line_1_109' title="bbox 1839 5032 2342 5096; baseline -0.016 -12"><span class='ocrx_word' id='word_1_715' title='bbox 1839 5032 1974 5084; x_wconf 88' lang='lat' dir='ltr'><strong>riam</strong></span> <span class='ocrx_word' id='word_1_716' title='bbox 1998 5033 2342 5096; x_wconf 85' lang='lat' dir='ltr'><strong>potestatem.</strong></span> 
     </span>
    </p>
   </div>
   <div class='ocr_carea' id='block_1_110' title="bbox 1901 5103 3408 5183">
    <p class='ocr_par' dir='ltr' id='par_1_110' title="bbox 1901 5103 3408 5183">
     <span class='ocr_line' id='line_1_110' title="bbox 1901 5103 3408 5183; baseline -0.011 -9"><span class='ocrx_word' id='word_1_717' title='bbox 1901 5120 1988 5175; x_wconf 74' lang='lat' dir='ltr'><strong>M.</strong></span> <span class='ocrx_word' id='word_1_718' title='bbox 2019 5117 2157 5183; x_wconf 86' lang='lat' dir='ltr'><strong>Quia</strong></span> <span class='ocrx_word' id='word_1_719' title='bbox 2193 5131 2296 5168; x_wconf 90' lang='lat' dir='ltr'><strong>non</strong></span> <span class='ocrx_word' id='word_1_720' title='bbox 2326 5111 2534 5181; x_wconf 83' lang='lat' dir='ltr'><strong>repellet</strong></span> <span class='ocrx_word' id='word_1_721' title='bbox 2567 5109 2823 5162; x_wconf 87' lang='lat' dir='ltr'><strong>Dominus</strong></span> <span class='ocrx_word' id='word_1_722' title='bbox 2865 5107 3064 5177; x_wconf 85' lang='lat' dir='ltr'><strong>plebem</strong></span> <span class='ocrx_word' id='word_1_723' title='bbox 3093 5123 3266 5160; x_wconf 84' lang='lat' dir='ltr'><strong>suam.</strong></span> <span class='ocrx_word' id='word_1_724' title='bbox 3293 5103 3408 5158; x_wconf 85' lang='lat' dir='ltr'><strong>Hoc</strong></span> 
     </span>
    </p>
   </div>
   <div class='ocr_carea' id='block_1_111' title="bbox 1831 5201 3402 5277">
    <p class='ocr_par' dir='ltr' id='par_1_111' title="bbox 1831 5201 3402 5277">
     <span class='ocr_line' id='line_1_111' title="bbox 1831 5201 3402 5277; baseline -0.01 -10"><span class='ocrx_word' id='word_1_725' title='bbox 1831 5219 2032 5268; x_wconf 92' lang='lat' dir='ltr'><strong>donum</strong></span> <span class='ocrx_word' id='word_1_726' title='bbox 2051 5211 2154 5265; x_wconf 90' lang='lat' dir='ltr'><strong>erit</strong></span> <span class='ocrx_word' id='word_1_727' title='bbox 2175 5209 2295 5277; x_wconf 88' lang='lat' dir='ltr'><strong>ejus</strong></span> <span class='ocrx_word' id='word_1_728' title='bbox 2314 5209 2380 5261; x_wconf 88' lang='lat' dir='ltr'><strong>de</strong></span> <span class='ocrx_word' id='word_1_729' title='bbox 2395 5222 2507 5274; x_wconf 84' lang='lat' dir='ltr'><strong>quo</strong></span> <span class='ocrx_word' id='word_1_730' title='bbox 2530 5206 2582 5259; x_wconf 94' lang='lat' dir='ltr'><strong>in</strong></span> <span class='ocrx_word' id='word_1_731' title='bbox 2607 5203 2984 5274; x_wconf 90' lang='lat' dir='ltr'><strong>superioribus</strong></span> <span class='ocrx_word' id='word_1_732' title='bbox 3005 5201 3050 5230; x_wconf 73' lang='lat'><strong>°&quot;</strong></span> <span class='ocrx_word' id='word_1_733' title='bbox 3065 5201 3269 5254; x_wconf 89' lang='lat' dir='ltr'><strong>dictum</strong></span> <span class='ocrx_word' id='word_1_734' title='bbox 3287 5206 3370 5252; x_wconf 88' lang='lat' dir='ltr'><strong>est</strong></span> <span class='ocrx_word' id='word_1_735' title='bbox 3389 5215 3402 5251; x_wconf 89' lang='lat'><strong>:</strong></span> 
     </span>
    </p>
   </div>
   <div class='ocr_carea' id='block_1_112' title="bbox 1838 5287 3403 5373">
    <p class='ocr_par' dir='ltr' id='par_1_112' title="bbox 1838 5287 3403 5373">
     <span class='ocr_line' id='line_1_112' title="bbox 1838 5287 3403 5373; baseline -0.012 -16"><span class='ocrx_word' id='word_1_736' title='bbox 1838 5303 2097 5373; x_wconf 87' lang='lat' dir='ltr'><strong>Populum</strong></span> <span class='ocrx_word' id='word_1_737' title='bbox 2125 5310 2294 5363; x_wconf 87' lang='lat' dir='ltr'><strong>tuum,</strong></span> <span class='ocrx_word' id='word_1_738' title='bbox 2325 5297 2570 5360; x_wconf 88' lang='lat' dir='ltr'><strong>Domine,</strong></span> <span class='ocrx_word' id='word_1_739' title='bbox 2599 5294 3007 5348; x_wconf 82' lang='lat' dir='ltr'><strong>ltumiliaverunt</strong></span> <span class='ocrx_word' id='word_1_740' title='bbox 3031 5299 3079 5343; x_wconf 88' lang='lat' dir='ltr'><strong>et</strong></span> <span class='ocrx_word' id='word_1_741' title='bbox 3113 5287 3403 5342; x_wconf 79' lang='lat' dir='ltr'><strong>liceredt&#39;ta-</strong></span> 
     </span>
    </p>
   </div>
   <div class='ocr_carea' id='block_1_113' title="bbox 1835 5383 3404 5449">
    <p class='ocr_par' dir='ltr' id='par_1_113' title="bbox 1835 5383 3404 5449">
     <span class='ocr_line' id='line_1_113' title="bbox 1835 5383 3404 5449; baseline -0.01 0"><span class='ocrx_word' id='word_1_742' title='bbox 1835 5404 1936 5449; x_wconf 88' lang='lat' dir='ltr'><strong>tem</strong></span> <span class='ocrx_word' id='word_1_743' title='bbox 1993 5403 2138 5446; x_wconf 88' lang='lat' dir='ltr'><strong>tuam</strong></span> <span class='ocrx_word' id='word_1_744' title='bbox 2197 5397 2530 5444; x_wconf 80' lang='lat' dir='ltr'><strong>vexaverant.</strong></span> <span class='ocrx_word' id='word_1_745' title='bbox 2576 5386 2648 5439; x_wconf 81' lang='lat' dir='ltr'><strong>Et</strong></span> <span class='ocrx_word' id='word_1_746' title='bbox 2692 5383 3054 5440; x_wconf 74' lang='lat' dir='ltr'><strong>[nereditatem</strong></span> <span class='ocrx_word' id='word_1_747' title='bbox 3099 5396 3252 5434; x_wconf 91' lang='lat' dir='ltr'><strong>suam</strong></span> <span class='ocrx_word' id='word_1_748' title='bbox 3299 5395 3404 5434; x_wconf 81' lang='lat' dir='ltr'><strong>non</strong></span> 
     </span>
    </p>
   </div>
   <div class='ocr_carea' id='block_1_114' title="bbox 1834 5470 3404 5556">
    <p class='ocr_par' dir='ltr' id='par_1_114' title="bbox 1834 5470 3404 5556">
     <span class='ocr_line' id='line_1_114' title="bbox 1834 5470 3404 5556; baseline -0.01 -14"><span class='ocrx_word' id='word_1_749' title='bbox 1834 5485 2174 5556; x_wconf 81' lang='lat' dir='ltr'><strong>derelinquet.</strong></span> <span class='ocrx_word' id='word_1_750' title='bbox 2217 5482 2331 5540; x_wconf 87' lang='lat' dir='ltr'><strong>Hoc</strong></span> <span class='ocrx_word' id='word_1_751' title='bbox 2359 5497 2426 5540; x_wconf 79' lang='lat' dir='ltr'><strong>ex</strong></span> <span class='ocrx_word' id='word_1_752' title='bbox 2455 5480 2736 5551; x_wconf 86' lang='lat' dir='ltr'><strong>superiore</strong></span> <span class='ocrx_word' id='word_1_753' title='bbox 2769 5491 2926 5532; x_wconf 81' lang='lat' dir='ltr'><strong>versu</strong></span> <span class='ocrx_word' id='word_1_754' title='bbox 2957 5475 3152 5532; x_wconf 87' lang='lat' dir='ltr'><strong>nendet</strong></span> <span class='ocrx_word' id='word_1_755' title='bbox 3189 5491 3202 5528; x_wconf 89' lang='lat'><strong>:</strong></span> <span class='ocrx_word' id='word_1_756' title='bbox 3263 5470 3404 5538; x_wconf 79' lang='lat' dir='ltr'><strong>Quia</strong></span> 
     </span>
    </p>
   </div>
  </div>
