3880 6216
436 223 534 276 ιιι

1271 222 1329 281 S.
1369 223 1745 281 ATHANASII
1781 227 1933 283 0P1".
1976 228 2156 284 PARS
2195 228 2284 284 Ill.
2324 260 2392 270 ——
2429 228 2841 287 EXEGETICA.

3585 234 3691 289 ΜΞ

437 355 539 391 non
573 337 781 407 repellet
807 337 1066 395 Dominus
1094 340 1293 410 plebem
1328 358 1502 398 suam.
1535 343 1702 410 Quasi
1751 345 1958 402 diceret
1988 366 2002 402 :
2034 383 2045 410 ε

2144 348 2290 419 τίχου
2332 349 2584 420 ἤρτηται,
2616 347 2732 410 τοῦ,
2776 349 2906 401 ’Ὁτι
2960 350 3071 401 οὐκ
3117 347 3421 402 ἀπώσεται
3476 355 3693 420 Kivptoc

435 430 720 486 Custodiet
752 434 1010 502 populum
1041 448 1202 488 suum
1247 437 1397 489 omni
1451 437 1818 492 tribulationis
1871 449 2010 492 tem-

437 539 586 592 pore.
613 523 679 578 Et
707 539 774 578 eo
801 541 972 594 usque
1005 526 1331 596 gubernabit
1353 535 1406 581 et
1443 528 1694 594 deducet,
1723 529 1900 585 donec
1928 529 2012 584 dt-

436 615 624 669 vinum
657 616 1021 671 constituatur
1044 617 1309 674 tribunal.
1343 617 1574 686 Quando
1601 629 1781 676 autem
1816 621 1872 676 in
1907 622 2014 676 hoc

437 707 649 775 jnstitia
695 708 810 762 sive
842 708 1098 764 Christus
1133 710 1364 774 sedebit,
1424 727 1615 767 omnes
1664 715 1793 767 recti
1849 714 2015 768 corde

441 814 608 868 prope
661 799 838 868 ipsum
894 800 1177 867 accedent,
1206 801 1362 871 juxta
1388 803 1518 857 illud
1551 822 1564 858 :
1598 804 1863 868 Quoniam
1908 805 2012 874 ipsi

442 890 611 944 Deum
636 890 879 945 videbunt
907 893 986 946 ‘9:
1020 892 1094 946 ita
1110 893 1258 948 enim
1287 909 1402 948 rem
1431 895 1713 950 declarant
1742 913 1862 966 quae
1886 897 2016 952 sub-

442 992 765 1052 sequuntur.

513 1167 598 1221 15.
624 1167 977 1238 Quoadusque
1017 1167 1241 1237 justitia
1271 1178 1606 1223 convertatur
1647 1172 1701 1224 in
1726 1172 2012 1240 judicium.

442 1258 625 1313 Donec
658 1258 913 1313 Christus
941 1258 1154 1328 judicet
1188 1262 1474 1315 mundum.
1509 1259 1627 1327 Ipse
1653 1278 1889 1331 namque
1934 1263 2018 1332 fa-

441 1359 558 1402 ctus
589 1361 665 1403 est
701 1352 848 1403 nobis
879 1353 1138 1420 sapientia
1163 1370 1194 1405 a
1225 1352 1352 1416 Deo,
1373 1354 1609 1422 justitia,
1637 1357 2017 1424 sanctiﬁcatio,

446 1445 728 1514 redemptio
749 1446 793 1476 7°
825 1464 838 1500 :
874 1455 923 1499 et
952 1446 1216 1516 judicium
1248 1464 1397 1501 omne
1428 1449 1571 1502 dedit
1598 1449 1681 1502 illi
1713 1449 1876 1504 Pater
1904 1451 1971 1504 ⁷⁸.

517 1623 604 1678 16.
643 1623 775 1690 Quis
825 1637 1099 1696 consurget
1152 1627 1280 1694 nti/ti
1335 1628 1584 1684 adversus
1619 1631 1968 1700 malignantes
1995 1635 2021 1688 ?

448 1716 572 1772 llaac
632 1726 716 1771 est
770 1717 1091 1774 aﬂlictorum
1134 1735 1260 1774 vox.
1299 1723 1392 1776 Ait
1443 1731 1668 1777 autem:
1709 1703 2016 1789 Quiswn‘iiﬂhi

447 1809 734 1863 auxiliator
756 1809 919 1864 fuerit
945 1813 1210 1867 adversus
1230 1828 1325 1868 eos
1346 1813 1441 1883 qui
1470 1814 1608 1868 male
1633 1815 1793 1868 inme
1815 1816 2024 1885 agunt?

453 1900 712 1970 Deinceps
741 1903 831 1955 ubi
867 1902 1158 1972 derepente
1185 1905 1357 1960 sensit
1390 1905 1516 1974 quis
1575 1907 1870 1960 auxiliator
1927 1908 2021 1971 sit,

448 1990 543 2056 ait,
563 1991 674 2061 jam
702 1993 829 2047 olim
854 1995 1093 2048 animam
1125 1995 1244 2065 ejus
1276 1996 1330 2050 in
1358 1997 1632 2052 infernum
1661 1998 2021 2068 dejiciendam

448 2082 640 2146 fuisse,
666 2086 771 2139 nisi
805 2085 899 2138 Dei
934 2085 1270 2156 adjutorium
1305 2098 1498 2144 nactus
1527 2098 1690 2145 esset.

521 2174 608 2230 18.
643 2174 702 2229 Si
749 2176 984 2229 dicebant
1025 2196 1038 2230 :
1093 2176 1272 2231 Motus
1315 2189 1390 2232 est
1427 2196 1512 2248 pes
1546 2196 1709 2232 meus.
1756 2179 1894 2233 Dum
1939 2178 2023 2233 af-

448 2264 648 2329 ﬂictus,
713 2265 909 2334 inquit,
965 2266 1339 2334 conspicerem
1401 2282 1488 2319 me
1551 2266 2020 2332 labi,dicebam:

448 2358 681 2423 Quando
738 2373 835 2427 pes
869 2373 1025 2413 meus
1078 2367 1263 2412 motus
1316 2358 1436 2414 est?
1478 2358 1531 2412 id
1566 2366 1669 2423 est,
1704 2357 1948 2413 excidam
1995 2373 2026 2410 a

449 2459 595 2505 statu
623 2451 716 2506 illo
753 2452 845 2519 qui
883 2450 1182 2506 secundum
1212 2451 1381 2505 Deum
1409 2460 1529 2517 est;
1557 2454 1738 2506 statim
1788 2449 2026 2521 patroci-

450 2541 601 2593 nium
637 2549 691 2593 et
715 2539 1149 2596 misericordiam
1186 2549 1337 2595 tuam
1373 2541 1675 2596 sentiebam
1707 2541 1841 2595 mihi
1874 2541 2028 2594 anxi-

449 2633 692 2686 liantem.

528 2724 612 2777 19.
673 2723 1072 2778 Consolationes
1141 2733 1246 2777 tua:
1310 2724 1715 2792 loeti/icaverunt
1793 2726 2029 2778 animam

452 2832 644 2869 meam.
687 2814 806 2870 Non
856 2832 943 2870 me
975 2815 1268 2885 reliquisti,
1320 2817 1417 2881 ait,
1449 2817 1564 2871 sine
1609 2816 2026 2872 consolatione:

453 2909 546 2963 sed
570 2917 700 2978 quot
725 2907 889 2962 habui
921 2906 1326 2972 tribulationes,
1359 2907 1584 2962 totidem
1628 2907 2030 2962 consolationes

454 3009 560 3053 ate
593 2999 800 3068 accepi.
834 2997 968 3063 Quae
998 2997 1135 3051 mihi
1163 2996 1382 3052 dolores
1405 2997 1460 3050 in
1491 2996 1752 3068 gaudium
1784 3012 2032 3053 commu-

456 3099 664 3145 larunt.

524 3183 615 3236 20.
660 3181 917 3252 Nunquid
971 3181 1207 3236 adhaeret
1270 3181 1367 3235 tibi
1403 3182 1550 3235 sedes
1601 3181 1902 3252 iniquitatis
1942 3181 2034 3252 qui

456 3279 613 3350 ﬁngis
643 3277 876 3331 laborem
908 3275 963 3328 in
987 3282 1244 3344 praecepto
1264 3276 1288 3329 ?
1309 3271 1454 3340 Ideo,
1487 3273 1687 3342 inquit,
1717 3274 2034 3328 consolatus

456 3390 517 3428 es
541 3387 635 3426 cor
659 3385 842 3424 meum
874 3368 928 3422 in
959 3367 1432 3425 tribulationibus.
1459 3365 1624 3436 Igitur
1662 3382 1769 3420 non
1794 3367 2037 3420 adhaere-

459 3466 540 3518 bit
561 3463 660 3518 tibi
692 3461 924 3516 thronus
951 3458 1358 3529 iniquitatis,.id
1387 3468 1492 3521 est,
1523 3457 1651 3527 quia
1683 3467 1869 3527 utpote
1891 3457 2038 3513 Deus

452 3561 640 3628 justus
677 3554 843 3626 judex
874 3570 934 3608 es
965 3562 1018 3607 et
1058 3553 1205 3606 nulla
1251 3552 1304 3605 in
1338 3550 1561 3620 judiciis
1616 3551 1724 3605 tuis
1778 3551 2039 3620 iniquitas

458 3652 599 3714 erit,
655 3663 781 3702 nam
822 3647 1054 3701 thronus
1095 3645 1362 3713 judicium
1395 3642 1670 3711 signiﬁcat
1704 3643 1836 3712 (40).
1869 3641 2038 3695 Secus

459 3752 643 3799 autem
671 3742 760 3796 ille
790 3757 849 3795 se
873 3739 1038 3794 habet
1071 3739 1165 3808 qui
1199 3737 1356 3807 ﬁngit
1387 3736 1627 3791 laborem
1660 3736 1714 3789 in
1746 3743 2037 3804 praecepto,

462 3837 712 3891 videlicet
733 3831 1078 3888 adversarius
1102 3831 1339 3894 damon,
1371 3828 1467 3899 qui
1496 3837 1766 3899 praecepta
1793 3827 1888 3881 Dei
1919 3841 2042 3896 quae

462 3930 601 3985 levia
626 3937 753 3984 sunt
778 3927 959 3997 gravia
987 3924 1176 3987 efﬁcit,
1209 3922 1536 3990 laboresque
1563 3919 1880 3974 hominibus
1907 3933 2044 3987 pra:-

462 4025 554 4078 bet
579 4023 634 4076 in
678 4021 746 4076 iis
781 4018 1008 4090 agendis
1034 4057 1048 4082 ,
1088 4017 1344 4070 thronum
1407 4012 1714 4082 iniquitatis
1763 4011 2042 4066 diabolum

463 4116 712 4182 vocavit;
757 4113 888 4182 quia
921 4112 1151 4166 thronus
1171 4108 1400 4179 iustitiae
1439 4105 1694 4160 Christus
1731 4112 1815 4158 est
1842 4103 1931 4174 qui
1962 4111 2046 4157 est

463 4209 683 4265 diabolo
717 4205 1020 4277 oppositus.
1116 4239 1131 4257 .

535 4389 628 4444 21.
671 4385 738 4440 Et
770 4383 1076 4454 sanguinem
1111 4379 1437 4432 innocentem
1469 4371 1910 4428 condemnabunt.
1941 4371 2042 4439 llli,

468 4479 680 4550 inquit,
732 4473 956 4544 maligni
999 4476 1054 4525 et
1098 4466 1397 4524 adversarii
1427 4466 1722 4527 daemones,
1759 4463 1906 4517 omni
1960 4479 2043 4516 ra-

469 4575 619 4629 tione
663 4568 1012 4624 conabuntur
1051 4559 1186 4632 justi
1229 4556 1469 4612 animam
1511 4554 1669 4624 quasi
1711 4563 1908 4606 venatu
1956 4567 2046 4606 ca-

468 4680 616 4738 ;ere.
643 4662 749 4717 Sed
777 4675 840 4713 ea
874 4659 942 4714 de
968 4669 1160 4719 causa,
1190 4652 1387 4721 inquit,
1419 4647 1951 4738 condemnabuntur.
1988 4644 2043 4699 ld

471 4737 616 4811 enim
647 4740 940 4823 signiﬁcat:
963 4747 1030 4801 Et
1048 4745 1359 4816 sanguinem
1385 4743 1710 4795 innocentem
1727 4737 2046 4792 condemna-

473 4850 622 4902 bunt.
681 4847 772 4900 Ait
829 4843 973 4899 enim
1021 4855 1120 4911 pro
1166 4839 1458 4892 innocente
1504 4834 1769 4903 sanguine
1808 4833 1877 4887 ab
1917 4831 2051 4903 ipsis

474 4940 668 5003 eﬁ‘uso,
698 4940 750 4990 in
778 4935 1046 5006 judicium
1071 4941 1128 4987 et
1160 4928 1488 4999 supplicium
1517 4925 1809 4979 tradendos
1840 4922 1978 4978 fore.

548 5031 641 5085 Ἡ.
702 5028 771 5082 Ει
823 5029 998 5097 factus
1043 5033 1121 5078 est
1174 5021 1302 5075 mihi
1355 5019 1611 5072 Dominus
1657 5018 1710 5070 in
1764 5016 2051 5086 refugium.

479 5124 592 5196 Ego
627 5133 805 5177 autem
849 5118 1064 5174 Domini
1118 5114 1471 5186 providentiae
1515 5111 1755 5166 fructum
1801 5109 2052 5182 percepi,
2099 5154 2102 5158 .

478 5228 534 5274 et
566 5219 679 5289 ipse
711 5215 844 5270 mihi
874 5221 960 5268 est
987 5212 1041 5266 in
1067 5209 1268 5264 vallum
1302 5207 1594 5261 munitum.

560 5485 604 5515 θ’*
641 5482 831 5538 Mullh.
869 5496 922 5542 v,
958 5478 1012 5532 8.
1090 5477 1134 5506 ⁷⁸
1167 5474 1183 5528 Ι
1216 5475 1342 5528 Cor.
1378 5488 1426 5540 ι,
1465 5472 1553 5526 5Ο.
1627 5470 1668 5500 τ¹
1693 5469 1852 5526 Joan.
1883 5483 1934 5531 ν,
1963 5466 2052 5520 Ἡ.

566 5662 678 5729 (ill)
711 5662 801 5718 Sic
822 5659 1138 5728 augurando
1179 5659 1360 5714 locum
1392 5654 1646 5710 \itiosum
1679 5652 1962 5709 vertimus.

2111 438 2218 491 τὸν
2251 439 2406 493 λαὸν
2444 438 2651 494 αὐτοῦ.
2709 439 2851 492 Ὠσεὶ
2878 438 3061 506 λέγοι·
3087 439 3314 506 Φυλάξει
3337 480 3352 504 ,
3402 443 3559 512 φησί,
3600 443 3694 495 τὸν

2112 526 2236 580 λαὸν
2275 527 2439 582 αὐτοῦ
2473 529 2651 582 πάντα
2680 528 2779 598 τῆς
2820 528 3050 596 θλίψεως
3081 528 3172 582 τὸν
3205 530 3418 600 καιρόν.
3450 531 3563 583 Καὶ
3601 532 3696 602 μέ-

2112 635 2202 688 χρι
2223 617 2475 671 τοσούτου
2503 616 2915 688 διακυϐερνήσει
2951 620 3044 672 καὶ
3074 619 3458 691 καθοδηγήσει,
3487 621 3594 684 ἕως
3637 623 3698 674 τὸ

2115 708 2256 761 θεῖον
2290 708 2489 780 καθίσῃ
2527 709 2894 782 δικαστήριον.
2958 712 3208 766 Ἐπειδὰν
3250 713 3306 766 δὲ
3347 715 3428 776 εἰς
3467 714 3628 767 τοῦτο
3663 717 3696 785 ή

2113 806 2425 876 δικαιοσύνη
2459 806 2675 878 καθίσῃ,
2709 807 2951 861 τουτέστι
2996 809 3227 879 Χριστὸς
3253 850 3268 873 ,
3314 809 3517 874 πάντες
3562 810 3704 881 πλη-

2119 898 2231 950 σίον
2264 898 2430 967 αὐτῆς
2458 900 2776 968 γενήσονται
2798 901 2847 952 οἱ
2882 899 3059 964 εύθεῖς
3090 903 3156 971 τῇ
3181 901 3409 972 καρδίᾳ,
3445 901 3591 954 κατά
3615 902 3701 963 τὸ,

2118 987 2247 1040 ’Ὅτι
2277 984 2440 1042 οὗτοι
2471 987 2578 1040 τὸν
2619 988 2768 1042 Θεὸν
2795 988 3068 1057 ὄψονται.
3100 988 3256 1042 Οὕτω
3287 988 3395 1060 γὰρ
3434 988 3592 1062 δηλοῖ
3635 990 3704 1043 τά

2118 1079 2377 1148 ἑπόμενα.

2192 1173 2346 1238 Ἕως
2374 1168 2447 1229 οὗ
2475 1171 2824 1239 δικαιοσύνη
2841 1170 3174 1242 ἐπιστρέψῃ
3197 1173 3282 1238 είς
3307 1173 3534 1240 κρίσιν.
3556 1171 3708 1233 Ἕως

2118 1259 2180 1316 οὗ
2205 1265 2232 1316 ὁ
2259 1266 2491 1336 Χριστὸς
2515 1267 2692 1337 κρινεῖ
2716 1263 2813 1335 τὴν
2838 1262 3184 1334 οἰκουμένην.
3214 1263 3387 1327 Αὐτὸς
3417 1263 3529 1332 γὰρ
3558 1263 3709 1332 ἡμῖν

2117 1353 2368 1423 ἐγενήθη
2391 1356 2578 1424 σοφία
2595 1355 2712 1409 ἀπὸ
2735 1354 2904 1418 Θεοῦ,
2929 1354 3280 1424 δικαιοσύνη
3319 1374 3382 1410 τε
3413 1357 3513 1409 καὶ
3532 1357 3708 1426 ἁγια-

2119 1447 2275 1515 σμὸς
2323 1447 2422 1500 καὶ
2448 1449 2900 1516 ἀπολύτρωσιςο
2931 1447 3030 1501 καὶ
3076 1447 3192 1517 τὴν
3239 1450 3446 1516 κρίσιν
3485 1448 3558 1502 δὲ
3587 1448 3706 1504 πᾶ-

2121 1553 2242 1592 σαν
2276 1538 2436 1603 αὑτῷ
2462 1538 2720 1592 δέδωκεν
2748 1543 2780 1594 ό
2805 1538 3026 1606 Πατήρ.

2197 1631 2292 1697 Τίς
2315 1630 2724 1698 ἀναστήσεται
2741 1647 2843 1700 μοι
2871 1631 2968 1684 ἐπὶ
2990 1631 3529 1701 πονηρευομένοιςξ
3557 1633 3710 1701 Αὕτη

2049 1719 2090 1774 Β
2118 1721 2226 1775 τῶν
2255 1720 2586 1792 θλιϐομένων
2613 1723 2646 1790 ή
2682 1720 2854 1790 φωνή.
2891 1719 3053 1786 Λέγει
3081 1718 3139 1770 δέ
3165 1737 3178 1749 ο
3209 1719 3304 1783 Τίς
3340 1737 3431 1790 μοι
3473 1721 3711 1790 γένηται

2128 1813 2413 1883 σύμμαχος
2441 1812 2582 1864 κατὰ
2610 1810 2719 1863 τῶν
2771 1811 2852 1872 εἰς
2888 1810 2986 1881 ἐμὲ
3023 1810 3517 1881 πονηρευομένωνς
3578 1807 3712 1862 Εἶτα

2124 1903 2412 1974 δεξάμενος
2443 1902 2694 1972 αἴσθησιν
2744 1899 2951 1970 ταχέως
2995 1899 3088 1953 τοῦ
3139 1899 3354 1970 βοηθοῦ,
3390 1899 3583 1969 φησὶν,
3636 1901 3714 1962 ὡς

2127 1997 2295 2051 πάλαι
2325 1996 2388 2049 ἂν
2415 1995 2580 2048 αὐτοῦ
2603 1997 2683 2058 είς
2711 1993 2843 2065 ᾅδην
2874 1993 3122 2064 κατήχθη
3154 1997 3187 2064 ή
3217 1992 3383 2063 ψυχή,
3427 1995 3478 2044 εἰ
3511 1992 3592 2063 μὴ
3614 1992 3715 2062 τῆς

2128 2090 2277 2160 παρά
2297 2088 2430 2141 Θεοῦ
2455 2085 2792 2157 ἀντιλήψεως
2823 2086 3032 2155 ἔτυχεν.

2191 2186 2259 2236 El
2279 2183 2523 2251 ἐλεγονσ
2554 2179 2920 2234 Σεσάλευται
2949 2181 2981 2231 o'
3013 2177 3179 2241 ποῦς·
3187 2194 3326 2244 μου.
3357 2174 3712 2244 Θλιὸόμενος,

2130 2277 2314 2347 φησιν,
2356 2273 2498 2344 όρῶν
2555 2272 2790 2342 ἐμαυτὸν
2830 2268 3236 2331 ὀλισθαίνοντα,
3282 2261 3465 2321 εἷπον·
3513 2267 3656 2320 Πότε
3691 2270 3717 2319 ὁ

2129 2368 2262 2431 πούς
2297 2384 2399 2437 μου
2425 2366 2781 2431 σεσάλευται;
2817 2363 3093 2427 τουτέστι,
3132 2360 3234 2429 τῆς
3277 2354 3594 2416 κατὰᾚεὸν
3628 2362 3719 2414 Ex-

2130 2459 2399 2528 πεσοῦμαι
2433 2457 2674 2519 στάσεως
2698 2475 2710 2487 ·
2743 2456 2903 2519 εὐθὺς
2929 2455 3026 2527 τὴν
3056 2455 3337 2527 ἀντίληψιν
3358 2454 3456 2507 καὶ
3478 2453 3538 2506 τὸ
3571 2451 3720 2514 ἔλεός

2131 2570 2226 2606 σου
2251 2550 2495 2622 ᾐσθόμην
2531 2548 2820 2618 ἐπίκουρον
2847 2548 2988 2618 ἐμοί.

2201 2732 2270 2783 Αἱ
2299 2725 2713 2794 παρακλήσεις
2733 2739 2848 2778 σου
2869 2724 3178 2792 εὐφραναν
3198 2722 3314 2790 τὴν
3333 2719 3554 2789 ψυχήν
3575 2737 3714 2789 μου.

2133 2823 2248 2874 Οὐκ
2276 2821 2516 2891 ἀφῆκας,
2549 2819 2731 2888 φησιν,
2772 2815 3236 2888 ἀπαραμύθητον·
3279 2813 3394 2866 ἀλλ’
3431 2814 3567 2875 ὅσας
3609 2810 3724 2863 θλί-

2131 2913 2252 2983 ψεις
2278 2912 2454 2982 ἔσχον,
2481 2910 2746 2972 τοσαύτας
2780 2910 2872 2962 καὶ
2903 2907 3250 2980 παραμυθίας
3275 2905 3542 2976 ἐδεχόμην
3574 2905 3721 2975 παρά

2136 3004 2250 3057 σοῦ.
2287 3004 2352 3056 Δί
2381 3003 2474 3056 καὶ
2500 3004 2580 3066 εἰς
2610 3000 2951 3073 εὐφροσύνην
2979 3000 3080 3063 τὰς
3103 2999 3279 3062 λύπας
3307 2997 3687 3069 μετεὸίὸαζον.

2203 3184 2262 3236 Μ
2269 3179 2301 3249 ὴ
2329 3178 2773 3249 συμπροσέστω
2805 3193 2904 3232 σοι
2937 3177 3148 3245 θρόνος
3171 3173 3422 3244 ἀνομίας
3452 3176 3486 3227 ό
3525 3171 3726 3226 πλάσ-

2136 3290 2264 3328 σων
2295 3271 2488 3325 κόπον
2523 3270 2621 3323 ἐπὶ
2654 3268 3108 3338 «poem-man;
3163 3267 3264 3320 Διά
3311 3265 3471 3319 τοῦτο
3493 3305 3508 3329 ,
3566 3266 3721 3335 φησὶ,

2137 3361 2516 3436 παρεκάλεσάς
2541 3379 2642 3432 μου
2672 3361 2770 3432 τὴν
2788 3361 3012 3432 καρδίαν
3039 3361 3132 3412 ἐπὶ
3158 3361 3279 3422 ταῖς
3306 3358 3574 3426 θλίψεσιν.
3603 3357 3732 3409 Ὅτι

2136 3459 2200 3530 δὴ
2233 3453 2324 3512 οὖν
2353 3458 2414 3509 ού
2455 3455 2884 3528 προστεθήσεταί
2925 3471 3007 3506 σοι
3054 3453 3242 3525 θρόνος
3271 3451 3535 3521 ἀνομίας,
3571 3467 3731 3503 τουτ-

2137 3550 2306 3615 έστιν,
2335 3552 2416 3603 ὃτι
2452 3550 2660 3612 δίκαιος
2693 3543 2743 3600 εἴ
2769 3547 2962 3617 κριτὴς
2998 3546 3072 3610 ὼς
3110 3545 3272 3609 Θεὸς,
3314 3543 3407 3597 καὶ
3441 3543 3542 3596 ούκ
3573 3543 3731 3595 ἔσται

2138 3643 2339 3713 ἀνομία
2365 3643 2423 3696 ὲν
2451 3643 2570 3705 ταῖς
2601 3639 2817 3711 κρίσεσι
2844 3655 2938 3690 σου
2960 3656 2972 3668 ·
2998 3641 3026 3692 ό
3045 3637 3154 3709 γὰρ
3190 3637 3380 3710 θρόνος
3418 3637 3516 3707 τὴν
3544 3637 3733 3708 κρίσιν

2142 3735 2427 3805 σημαίνει·
2463 3732 2652 3805 ὥσπερ
2681 3733 2745 3804 δὴ
2771 3733 2864 3786 καὶ
2899 3733 3029 3804 παρ’
3060 3731 3254 3810 ἐκείνῳ
3285 3729 3362 3801 τῷ
3397 3730 3568 3782 κόπον
3595 3747 3735 3800 συμ-

2141 3825 2435 3878 πλάσσοντι
2466 3826 2558 3876 ἐπὶ
2587 3825 2917 3896 πρόσταγμα
2937 3842 2948 3853 ·
2979 3823 3066 3893 εἴη
3087 3823 3128 3875 δ’
3150 3822 3216 3876 ἂν
3241 3815 3397 3885 οὗτος
3435 3822 3463 3873 ὁ
3494 3822 3740 3874 ἀντικεί-

2146 3933 2305 3987 μενος
2341 3915 2571 3986 δαίμων,
2605 3917 2663 3977 ὃς
2712 3916 2802 3969 καὶ
2843 3915 3086 3986 ἐλαφρὰς
3121 3913 3289 3972 οὔσας
3334 3913 3433 3975 τὰς
3468 3911 3559 3965 τοῦ
3596 3910 3734 3965 Θεοῦ

2143 4007 2363 4070 ἐντολὰς
2399 4007 2622 4078 βαρείας
2647 4010 2810 4071 ποιεῖ,
2848 4007 3050 4070 κόπους
3073 4006 3132 4059 δὲ
3170 4003 3351 4059 αὐτῶν
3384 4008 3499 4067 τοῖς
3523 4003 3738 4077 ἀνθρώ-

2145 4120 2268 4164 ποις
2301 4102 2572 4172 παρέχων.
2627 4100 2825 4172 θρόνον
2855 4099 3085 4170 ἀνομίας
3127 4099 3379 4169 ὠνόμασε
3413 4099 3506 4150 τὸν
3553 4097 3738 4151 διάΰο-

2146 4193 2264 4246 λον·
2302 4192 2489 4262 ἐπειδὴ
2513 4193 2606 4244 καὶ
2630 4192 2816 4263 θρόνος
2839 4191 3184 4262 δικαιοσύνης
3210 4191 3357 4242 ἐστὶν
3399 4192 3427 4244 ὁ
3473 4188 3735 4261 Χριστὸς.

2146 4286 2297 4347 ὅστις
2324 4283 2626 4337 ἀντίκειται
2655 4283 2732 4354 τῷ
2755 4283 3005 4352 διαϐόλῳ.

2219 4375 2324 4428 Καὶ
2348 4370 2492 4443 uiua
2515 4374 2711 4428 ἀθῶον
2750 4371 3275 4428 καταδικάσονται.
3315 4365 3509 4437 Οὗτοι,
3547 4373 3736 4444 φησιν,

2151 4467 2199 4518 oi
2240 4468 2467 4538 πονηροὶ
2505 4467 2600 4518 καὶ
2629 4467 2992 4536 ἀντικείμενοι
3017 4465 3269 4536 δαίμονες
3289 4467 3356 4518 ἐκ
3388 4465 3590 4528 παντὸς
3617 4466 3740 4536 τρό-

2152 4575 2256 4611 που
2306 4557 2402 4628 τὴν
2446 4557 2541 4610 τοῦ
2605 4557 2811 4611 δικαίου
2873 4558 3167 4628 ζητήσουσι
3220 4559 3485 4629 θηρεῦσαι
3538 4560 3740 4630 ψυχήν.

2162 4649 2302 4703 Ἀλλ’
2337 4650 2428 4702 ἐπὶ
2459 4649 2636 4713 τοῦτο,
2668 4651 2821 4721 φησι,
2857 4651 3377 4722 κατακριθήσονται.
3429 4651 3604 4705 Τοῦτο
3633 4654 3742 4724 γὰρ

2152 4739 2440 4811 σημαίνει·
2472 4742 2581 4796 Καὶ
2615 4737 2757 4811 αἷμα
2781 4741 2977 4796 ἀθῶον
3008 4742 3534 4796 καταδικάσονται.
3576 4744 3744 4813 Λέγει

2156 4832 2281 4902 γὰρ,
2305 4831 2380 4895 ὡς
2402 4833 2521 4885 ἀντὶ
2552 4833 2646 4885 τοῦ
2681 4833 2872 4898 ἀθώως
2896 4835 3226 4906 ἐκχεομένου
3256 4838 3386 4907 παρ’
3422 4836 3630 4902 αὐτῶν,
3662 4839 3742 4899 εἰς

2158 4925 2339 4996 κρίσιν
2369 4924 2464 4977 καὶ
2496 4925 2715 4978 κόλασιν
2738 4927 3227 4998 παραδοθήσονται.

2229 5015 2336 5068 Καὶ
2361 5013 2600 5084 ἐγένετό
2624 5032 2726 5083 μοι
2746 5016 2960 5084 Κύριος
2985 5019 3072 5082 είς
3103 5017 3480 5087 καταφυγήν.
3524 5017 3668 5086 Ἐγὼ
3687 5018 3743 5070 ῖὲ

2159 5107 2261 5177 τῆς
2284 5106 2434 5177 παρὰ
2460 5105 2552 5160 τοῦ
2576 5106 2847 5160 Δεσπότου
2879 5110 3132 5178 προνοίας
3161 5109 3451 5181 ἀπήλαυσα
3473 5150 3486 5175 ,
3520 5111 3615 5165 καὶ
3649 5111 3734 5164 αύ-

2161 5201 2253 5255 τὸν
2286 5200 2393 5272 ἔχω
2416 5200 2698 5274 περίϐολον
2725 5201 2938 5273 ὀχυρόν.
