3880 6216
198 241 307 297 ιιδ

1343 236 1705 293 EXPOSITIO
1743 237 1808 290 ΙΝ
1849 238 2174 291 PSALMUM
2223 240 2400 292 XCIV.

3354 250 3460 302 4M

198 349 381 421 Δῖνος
398 349 559 422 ᾠδῆς
585 350 665 419 τῷ
675 351 874 416 Δαυῒδ,
891 351 1295 420 ἀνεπίγραφος
1310 355 1444 424 παρ’
1471 354 1750 422 Ἑϐραίοις

1883 350 2025 404 Laus
2051 352 2244 406 cantici
2283 354 2384 417 ipsi
2424 352 2614 415 David,
2647 365 2788 407 caret
2816 355 3157 425 inscriptione
3182 361 3321 428 apud
3349 359 3458 415 He-

775 445 1084 496 ΨΑΛΜΟΣ
1113 444 1222 509 tam

829 553 1153 615 Ὺπόθεσις.

208 667 489 723 Ἐντεῦθεν
521 670 550 721 6
568 665 677 720 τῶν
706 665 878 735 ἁγίων
908 665 1067 738 χορὸς
1100 665 1194 718 καὶ
1221 665 1350 728 τοὺς
1398 663 1642 728 ἀπειθεῖς
1685 664 1777 718 τοῦ

277 759 496 832 Ἰσραὴλ
530 758 896 830 προτρέπεται
929 757 1022 810 ἐπὶ
1059 755 1158 827 τὴν
1193 755 1281 809 διὰ
1319 755 1557 828 Χριστοῦ
1603 773 1778 827 σωτη-

263 853 392 927 ρίαν
422 853 594 906 ἐλθεῖν
613 867 627 880 ·
655 851 890 914 δεικνὺς,
925 849 1002 912 ὡς
1035 847 1425 912 ἐπακούσεται,
1457 849 1504 901 εί
1533 847 1776 919 προσπέ-

265 962 412 998 σοιεν
443 942 622 1014 αὐτῷ,
680 942 775 996 iit-te
804 941 966 1004 αὐτὸς
999 938 1073 993 ὢν
1104 939 1334 1010 ποιητὴς
1355 977 1370 1003 ,
1424 940 1519 992 καὶ
1554 938 1616 991 τὸ
1647 939 1774 992 ίδιον

262 1035 426 1107 ἔργον
453 1032 702 1103 ἀγαπῶν.
747 1033 1070 1102 Είσφέρεται
1099 1031 1156 1084 δὲ
1185 1032 1322 1100 μετᾶ
1342 1031 1442 1101 τὴν
1461 1031 1569 1083 τῶν
1603 1030 1771 1099 ἁγίων

257 1126 585 1198 παραίνεσιν
618 1125 712 1179 καὶ
739 1123 904 1178 αὑτοῦ
935 1123 1029 1176 τοῦ
1059 1123 1216 1191 ἁγίου
1252 1121 1566 1192 Πνεύματος
1604 1123 1773 1194 πρόσ-

256 1235 430 1282 ωπον,
451 1218 635 1280 αὐτοῖς
663 1218 775 1279 τοῖς
831 1214 1082 1268 ἀπειθέοι
1127 1214 1635 1285 παρακελευόμενον
1693 1213 1767 1284 μὴ

253 1309 358 1379 τὴν
388 1309 499 1364 τῶν
540 1307 792 1379 πατέρων
824 1306 1165 1378 μιμήσασθαι
1199 1307 1481 1360 ἀπιστίαν.

253 1421 440 1476 Δεῦτε
472 1420 968 1490 ἀγαλλιασώμεθα
997 1418 1076 1484 τῷ
1104 1419 1317 1486 Κυρίῳ.
1353 1419 1441 1482 Ὠς
1461 1419 1554 1470 ἐπί
1575 1416 1767 1488 ἑορτὴν

181 1513 363 1566 ἐλθεῖν
395 1513 522 1574 τοὺς
555 1509 801 1574 ἀπειθεῖς
837 1509 1324 1579 παρακελεύονται,
1347 1509 1428 1571 εἰς
1450 1505 1766 1576 ἀγαλλίασιν

177 1605 382 1667 αὐτοὺς
413 1603 724 1666 καλοῦντες,
750 1603 836 1655 ἵνα
864 1602 954 1654 διὰ
1000 1601 1206 1654 τούτων
1232 1601 1482 1654 πείσωσι.
1525 1597 1766 1654 Ἀλαλά-

2255 446 2440 499 brwos.
2478 443 2820 500 PSALMUS
2849 446 3058 503 XCIV.

2459 557 2500 608 Α
2511 569 2862 626 rgumentum.

1878 667 1975 724 llis
2019 678 2333 723 sanctorum
2382 671 2583 726 chorus
2617 687 2713 728 eos
2755 675 2849 742 qui
2883 676 3149 730 increduli
3202 688 3356 734 erant
3399 683 3453 736 in

1948 761 2147 816 lsraele
2189 762 2510 817 cohortatur
2556 775 2615 818 ut
2659 766 2726 819 ad
2759 767 2990 822 salutem
3043 785 3142 838 per
3171 770 3452 828 Christum

1943 853 2160 908 allatam
2221 855 2518 923 accedant,
2570 857 2853 914 declarans
2896 876 3022 914 eum
3069 865 3451 922 exauditnrum

1941 963 2062 1004 esse
2089 948 2133 1003 si
2159 948 2449 1018 procidant
2472 959 2597 1006 ante
2628 953 2805 1016 illum,
2836 957 2965 1025 quia
2993 957 3108 1028 ipse
3130 969 3215 1016 est
3243 961 3449 1032 opifex,

1952 1055 2226 1109 suumque
2271 1053 2414 1095 amat
2465 1041 2762 1110 opificium.
2822 1046 2952 1102 Post
2997 1049 3142 1102 illam
3195 1064 3372 1106 autem
3417 1071 3449 1108 a

1943 1129 2146 1183 sanctis
2173 1129 2355 1184 datam
2390 1131 2789 1198 hortationem,
2824 1135 3096 1192 inducitur
3130 1140 3246 1209 ipsa
3272 1143 3448 1196 sancti

1941 1216 2176 1286 Spiritus
2201 1234 2461 1287 persona:
2483 1236 2602 1288 quae
2622 1238 2727 1276 non
2747 1224 3247 1295 obtemperantibus
3263 1234 3449 1300 praeci-

1939 1309 2038 1378 pit,
2061 1318 2197 1364 utne
2213 1319 2430 1379 patrum
2453 1327 2678 1367 suorum
2694 1313 3123 1373 incredulitatem
3141 1321 3441 1376 imitentur.

1941 1421 1992 1475 1.
2045 1420 2256 1488 Venite,
2296 1424 2621 1479 exsultemus
2661 1426 2903 1481 Domino.
2942 1429 3108 1495 Quasi
3147 1434 3211 1486 ad
3247 1433 3444 1489 festum

1868 1515 2126 1569 accedere
2170 1516 2528 1570 cohortantur
2553 1532 2648 1573 eos
2681 1520 2774 1588 qui
2824 1536 2934 1574 non
2986 1523 3442 1592 obtemperarent,

1866 1605 1934 1660 ad
1965 1607 2204 1661 lmtitiam
2237 1619 2493 1663 vocantes
2523 1624 2639 1694 eos,
2671 1621 2729 1664 ut
2765 1612 2834 1666 ita
2874 1615 3258 1682 persuadeant.
3283 1613 3441 1670 J'ubi-

177 1697 382 1767 ξωμεν
402 1694 483 1760 τῷ
505 1693 626 1760 Θεῷ
661 1692 743 1759 τῷ
767 1693 990 1761 Σωτῆρι
1013 1691 1199 1760 ἡμῶν.
1238 1688 1311 1745 Εὖ
1342 1692 1420 1755 τὸ,
1448 1689 1750 1754 ἀλαλάξω-

1879 1699 2030 1753 lentus
2069 1699 2172 1752 Deo
2209 1699 2440 1753 salutari
2471 1688 2674 1756 nostra.
2722 1702 2896 1758 Probe
2929 1705 3090 1771 dicit,
3128 1706 3442 1773 jubifemus,

171 1791 323 1858 μεν,
372 1787 564 1856 λέγει,
618 1786 681 1856 δὴ
715 1786 942 1855 ἥκοντες
996 1786 1120 1846 τοὺς
1178 1781 1476 1843 ἐπινικίους
1536 1779 1757 1851 ᾅσωμεν

177 1881 408 1952 ὕμνους.
457 1881 514 1932 '0
541 1878 649 1950 γὰρ
681 1876 994 1947 ἀλαλαγμὸς
1026 1875 1191 1946 ὕμνος
1215 1874 1364 1926 ἐστὶν
1398 1873 1491 1925 ἐπὶ
1538 1889 1758 1924 πεπτω-

173 1974 331 2026 κόσιν
362 1972 594 2042 ἐχθροῖς.
622 1969 885 2041 Σημαίνει
915 1968 972 2020 δὲ
993 1967 1080 2021 διὰ
1113 1965 1338 2033 τούτων,
1368 1965 1443 2029 ὡς
1482 1965 1581 2027 τὰς
1612 1965 1760 2017 ἀντι-

172 2063 439 2134 κειμένας
465 2062 721 2132 δυνάμεις
739 2060 1054 2131 πολεμήσας
1087 2060 1226 2130 ὑπὲρ
1259 2057 1414 2129 ἡμῶν
1445 2059 1472 2110 ὁ
1499 2056 1756 2128 Χριστὸς,

170 2156 240 2208 ὲκ
268 2154 439 2225 μέσου
473 2153 796 2224 πεποίηκεν.

242 2243 693 2314 Προρθάσωμεν
715 2245 777 2298 τὸ
811 2244 1136 2313 πρόσωπον
1162 2243 1348 2297 αὐτοῦ
1377 2243 1446 2296 ἑν
1465 2241 1755 2310 ἐξομολο-

165 2334 369 2403 γήσει.
407 2334 552 2386 Ὠσεὶ
572 2334 720 2402 λέγοι
738 2350 753 2366 ο
787 2335 922 2405 Πρὶν
943 2335 1022 2396 είς
1049 2333 1230 2404 κρίσιν
1254 2332 1474 2403 καθίσῃ,
1503 2332 1563 2385 τὸ
1584 2332 1754 2402 πρόσ-

165 2444 321 2480 ωπον
347 2427 512 2478 αὑτοῦ
529 2469 542 2491 ,
581 2426 696 2479 ἔστι
729 2427 786 2480 δὲ
809 2429 837 2479 6
862 2427 996 2489 υίὸς,
1020 2429 1086 2497 τῇ
1116 2424 1503 2495 ἐξομολογήσει
1552 2424 1756 2496 προλά-

164 2517 382 2588 ϐωμεν,
409 2520 504 2571 καὶ
531 2519 758 2589 εὐμενὲς
780 2519 964 2580 αὐτοῖς
987 2519 1436 2587 καταστήσωμεν.
1471 2515 1626 2568 Οὕτω
1646 2515 1754 2587 γὰρ

163 2610 299 2678 ὑμῖν
331 2610 670 2681 συμϐήσεται
696 2613 774 2674 είς
801 2610 982 2677 ἀγαθὰ
1013 2608 1272 2679 τελευτᾷν
1295 2626 1307 2638 ·
1351 2610 1384 2679 ἡ
1426 2605 1534 2677 γὰρ
1564 2607 1754 2677 ἐξομο-

161 2701 395 2772 λόγησις
423 2703 624 2770 ἀγαθὸν
654 2701 766 2772 ἔχει
800 2703 860 2755 τὸ
888 2702 1059 2774 πέρας
1077 2719 1090 2732 ο
1128 2701 1222 2755 καὶ
1251 2700 1409 2754 τοῦτο
1438 2700 1589 2771 δηλοῖ
1614 2701 1675 2752 τὸ
1694 2700 1753 2752 ὲν

159 2793 424 2863 Ψαλμοῖς
446 2809 457 2822 ·
492 2793 907 2863 Ἀλαλάξωμεν
934 2793 1111 2858 αὐτῷ.

234 2885 350 2939 Καὶ
393 2884 694 2950 ,ϐασιλεὺς
738 2885 926 2952 μέγας
971 2884 1070 2937 ἐπὶ
1121 2883 1352 2950 πάντας
1379 2883 1520 2950 τοὺς
1554 2885 1746 2950 θεούς.

157 2975 380 3047 Δηλαδὴ
401 2976 526 3038 τοὺς
555 2975 985 3040 πιστεύσαντας,
1040 2977 1133 3029 καὶ
1174 2973 1364 3047 ὥσπερ
1403 2973 1748 3045 ἀντιμισθίαν

1861 1792 2109 1847 videlicet
2137 1793 2412 1847 venientes
2446 1809 2706 1848 canamus
2738 1795 2981 1850 vietorire
3007 1799 3240 1852 cantica.
3291 1797 3444 1852 Jubi-

1861 1883 1995 1936 latio
2036 1882 2214 1947 enim,
2259 1891 2342 1936 est
2381 1883 2618 1954 hymnus
2650 1884 2721 1937 ob
2753 1885 2996 1940 devictos
3025 1887 3209 1942 hostes
3239 1890 3438 1943 editus.

1860 1971 1958 2026 llis
2001 1981 2180 2026 autem
2231 1973 2502 2043 significat
2551 1974 2828 2029 Christum
2856 2017 2870 2040 ,
2917 1977 3057 2030 bello
3110 1978 3440 2034 adversariis

1859 2065 2215 2136 potestatibus
2239 2081 2338 2134 pro
2371 2067 2526 2121 nobis
2558 2067 2728 2133 illato,
2758 2067 2906 2136 ipsas
2937 2070 3004 2123 de
3041 2069 3219 2123 medio
3254 2081 3441 2124 sustu-

1859 2157 2008 2212 lisse.

1928 2249 1986 2302 2.
2030 2249 2461 2322 Prwoccupemus
2491 2253 2676 2322 faciem
2711 2253 2824 2322 ejus
2850 2255 2905 2308 in
2929 2254 3360 2323 confessioneAc
3389 2255 3436 2310 si

1855 2339 2432 2411 diceret:Priusquam
2463 2344 2666 2408 sedeat,
2691 2343 2882 2399 faciem
2918 2347 3036 2414 ejus
3065 2345 3156 2415 qui
3183 2353 3266 2400 est
3294 2346 3436 2400 ﬁlius

1856 2433 2204 2491 confessione
2232 2453 2695 2506 praeoccupemus,
2728 2447 2780 2492 et
2802 2441 3090 2508 propitiam
3126 2440 3284 2493 nobis
3316 2441 3435 2492 red-

1853 2524 2068 2579 damus.
2104 2525 2180 2580 lta
2211 2527 2353 2580 enim
2412 2528 2688 2598 continget
2726 2529 2880 2584 vobis
2915 2539 2973 2584 ut
3005 2532 3057 2584 in
3106 2531 3307 2586 bonum
3341 2532 3433 2585 dc-

1853 2616 2074 2678 sinatis;
2121 2633 2244 2671 nam
2283 2618 2556 2673 confessio
2587 2621 2788 2673 bonum
2835 2622 2997 2675 habet
3034 2623 3348 2686 terminum,
3379 2631 3433 2677 et

1853 2705 1956 2760 hoc
1985 2708 2162 2776 palam
2197 2707 2328 2763 facit
2361 2710 2491 2766 illud
2521 2714 2572 2766 iu
2608 2712 2860 2771 Psalmis.
2885 2712 3177 2782 jubilemus
3203 2713 3270 2766 ei.

1928 2883 1980 2938 5.
2028 2881 2096 2936 Et
2128 2901 2220 2938 rex
2263 2902 2484 2955 magnus
2516 2903 2672 2956 super
2699 2905 2874 2942 omnes
2902 2889 3045 2943 deos.
3082 2888 3298 2944 Scilicet
3332 2903 3427 2945 eos

1850 2975 1944 3045 qui
1979 2975 2244 3040 credunt,
2285 2978 2377 3047 qui
2412 2978 2465 3031 in
2498 2981 2800 3034 mercedem
2847 2981 2952 3036 hoc
2983 2982 3264 3036 consecuti
3299 2989 3428 3035 sunt

156 3069 359 3125 τούτου
390 3070 655 3140 λαχόντας
682 3071 741 3124 τὸ
762 3071 950 3141 ὄνομα,
997 3071 1058 3124 τὸ
1105 3071 1390 3125 καλεῖσθαι
1419 3071 1550 3136 θεοὶ,
1608 3071 1750 3126 κατὰ

1879 3066 2004 3120 ιιόίί
2026 3068 2384 3136 appellentur,
2413 3069 2566 3137 juxta
2593 3069 2799 3124 dictum
2829 3071 2957 3125 illud
2990 3091 3000 3125 :
3038 3073 3165 3126 Dedi
3189 3083 3236 3126 te
3260 3073 3426 3126 Deum

156 3162 226 3215 τὸ
251 3164 374 3233 είρη
384 3163 542 3233 μένον
563 3181 575 3194 ·
611 3163 758 3217 Θεὸν
779 3162 1006 3218 δέδωκά
1031 3179 1105 3218 σε
1125 3163 1206 3229 τῷ
1232 3163 1460 3233 Φαραώ.
1506 3165 1630 3218 Ἐὰν
1652 3163 1750 3235 τὴν

158 3255 554 3325 ἐξομολόγησιν
589 3256 1064 3328 προσενέγκωμεν,
1120 3257 1306 3327 φησὶν,
1333 3258 1433 3310 οὑκ
1461 3255 1752 3323 ἀποτευξό-

161 3345 312 3417 μεθα
333 3363 346 3376 ·
379 3347 710 3417 οἰκτειρήσει
747 3345 856 3417 γὰρ
888 3347 964 3408 ὡς
1004 3347 1134 3400 ἴδιον
1163 3347 1327 3401 αὐτοῦ
1361 3347 1510 3402 λαόν.

238 3440 362 3490 Ὅτι
393 3437 580 3490 αὺτοῦ
601 3438 770 3491 ἐστιν
791 3440 828 3506 ἠ
854 3438 1157 3493 θάλασσα.
1200 3437 1501 3503 Δείκνυσιν,
1528 3439 1603 3503 ὡς
1647 3441 1747 3492 αὐ-

155 3529 288 3595 τὸς,
333 3528 407 3581 ὢν
450 3529 780 3599 δημιουργὸς
824 3531 1006 3599 πάσης
1053 3530 1284 3594 κτίσεως
1323 3532 1522 3601 ὁρατῆς
1545 3548 1602 3583 τε
1655 3531 1748 3584 καὶ

155 3620 418 3692 ἀοράτου,
441 3619 541 3672 οὐκ
580 3619 643 3672 ἂν
675 3620 872 3693 παρίδῃ
899 3619 960 3673 τὸ
993 3620 1123 3674 ἴδιον
1160 3620 1372 3692 ποίημα
1407 3625 1745 3692 προσπῖπτον

154 3712 228 3766 δι’
251 3710 547 3781 ἐξομολογή
557 3727 712 3773 σεως.

231 3803 412 3857 Δεῦτε
428 3801 950 3871 προσκυνήσωμεν
970 3803 1067 3856 καὶ
1095 3804 1535 3873 προσπέσωμεν
1561 3803 1740 3869 αὐτῷ.

155 3898 272 3951 Καὶ
302 3897 529 3959 ἑαυτοὺς
555 3895 664 3948 τῶν
691 3895 1137 3967 προσκυνούντων
1160 3897 1254 3949 καὶ
1278 3896 1574 3950 κλαιόντων
1605 3891 1743 3949 εἷναί

154 4007 347 4058 φασιν,
379 3989 526 4050 ὅπως
551 3986 616 4041 ἂν
645 3986 1083 4058 προθυμοτέρους
1114 3989 1194 4050 είς
1224 3988 1321 4058 τὴν
1357 3975 1742 4059 ἐξομολόγησιν

155 4073 626 4145 παρασκευάσωσι
653 4074 780 4136 τοὺς
806 4073 1123 4137 ἀκούοντας.

225 4163 500 4233 Σήμερον
531 4165 640 4218 ἐὰν
661 4163 771 4233 τῆς
803 4164 1010 4234 φωνῆς
1037 4165 1224 4219 αὐτοῦ
1265 4166 1588 4234 ἀκούσητε.
1623 4169 1742 4223 Ἐν-

150 4256 346 4310 τεῦθεν
382 4256 773 4325 παραινοῦνται
803 4258 934 4328 παρ’
984 4257 1148 4310 αὑτοῦ
1180 4257 1276 4310 τοῦ
1312 4260 1518 4329 Κυρίου
1556 4261 1741 4313 εὐπει-

151 4351 268 4414 θεῖς
302 4345 464 4414 εἶναι,
499 4351 595 4402 καὶ
642 4349 716 4420 μὴ
737 4348 966 4402 τοιοῦτοι
991 4343 1093 4402 οἷοι
1125 4350 1182 4401 ὲν
1205 4351 1273 4420 τῇ
1312 4350 1507 4421 ἐρήμῳ
1546 4353 1597 4404 oi.
1633 4369 1740 4405 πα-

148 4441 311 4511 τέρες
341 4438 518 4491 αὐτῶν
542 4436 952 4508 ὲπεδείχθησαν.

224 4529 392 4585 Κατὰ
423 4530 538 4598 τὴν
564 4528 794 4598 ἡμέραν
819 4529 925 4582 τοῦ
950 4527 1285 4596 πειρασμοῦ
1317 4528 1386 4581 ἐν
1414 4526 1489 4596 τῇ
1514 4527 1730 4598 ἐρήμῳ,

146 4619 222 4677 οὗ
253 4621 586 4691 ἐπείρασαν
617 4639 694 4690 με
740 4623 792 4674 οἱ
836 4620 1085 4687 πατέρες
1105 4618 1292 4689 ὑμῶν.
1346 4619 1733 4692 Ἐξεπείρασαν

145 4713 260 4782 γὰρ
292 4712 383 4764 τὸν
415 4711 546 4765 Θεὸν
579 4710 765 4764 ἄλλοτε
788 4709 952 4781 ἄλλην
981 4710 1335 4781 πορευόμενοι
1359 4711 1494 4775 ὁδὸν,
1514 4714 1608 4765 καὶ
1631 4715 1732 4766 οὐκ

145 4803 367 4855 εὐθεῖαν
393 4803 490 4874 τὴν
519 4802 614 4855 τοῦ
641 4801 870 4873 Κυρίου.

230 4895 333 4959 Ὠς
347 4893 553 4964 ὤμοσα
581 4895 653 4947 ἐν
673 4891 746 4962 τῇ
776 4891 923 4962 ὀργῇ
929 4909 1074 4960 μου,
1101 4892 1616 4946 εῖείσελεύσονται
1645 4894 1732 4958 εἰς

145 4986 267 5055 τὴν
303 4986 689 5040 κατάπαυσίν
706 5003 848 5055 μου.
879 4986 1042 5056 Τρεῖς
1069 4986 1201 5056 ἡμῖν
1221 4986 1250 5038 6
1273 4984 1429 5053 λόγος
1451 4985 1735 5038 καταπαύ-

147 5097 266 5143 σεις
289 5078 546 5150 σημαίνει
564 5095 579 5110 ο
610 5077 737 5149 μίαν
769 5077 867 5149 τὴν
892 5079 1162 5149 σαρκικὴν
1185 5077 1284 5148 τὴν
1311 5076 1404 5130 τοῦ
1431 5077 1731 5142 Σαϐϐάτου,

145 5173 245 5226 καὶ
277 5171 473 5242 ἑτέραν
498 5171 597 5241 τὴν
624 5169 828 5222 εἴσοδον
853 5167 952 5240 τὴν
978 5170 1057 5232 είς
1089 5168 1187 5238 τὴν
1218 5169 1322 5238 γῆν
1363 5168 1462 5237 τῆς
1499 5167 1736 5236 ἐπαγγε-

144 5265 290 5328 λίας,
409 5262 617 5334 Ἰησοῦς
652 5262 1001 5316 κατέπαυσεν
1040 5261 1268 5323 αὐτούς·
1297 5261 1391 5314 καὶ
1419 5260 1605 5332 τρίτην
1637 5259 1735 5330 τὴν

145 5354 493 5426 ἐπουράνιον,
523 5352 591 5424 ἣν
615 5351 709 5405 νῦν
734 5352 864 5421 ἡμῖν
890 5353 918 5404 6
949 5351 1107 5427 λόγρς
1133 5350 1426 5422 σημαίνει·
1452 5351 1551 5402 οὐκ
1580 5348 1644 5402 ἂν
1675 5349 1733 5401 δὲ

145 5445 235 5500 ἑτέ
244 5463 348 5518 ρας
367 5445 643 5515 ἐμέμνητο
667 5443 919 5512 ἐνταῦθα,
939 5445 985 5497 εἰ
1004 5442 1217 5515 ἀληθῶς
1234 5441 1415 5514 ἐκείνη
1447 5443 1538 5512 ἐνῇ
1565 5441 1732 5495 κατά-

255 5643 302 5673 ⁷¹
346 5639 516 5697 Exod.
559 5656 657 5707 vn,
701 5638 746 5694 i.

1766 4419 1820 4480 D

1855 3154 2234 3210 Pharaonis".
2283 3157 2340 3212 Si
2391 3161 2792 3216 confessionem
2848 3162 3172 3226 offeramus,
3217 3163 3424 3232 inquit,

1850 3262 1957 3300 non
1986 3263 2080 3317 spe
2105 3249 2352 3303 labemur
2381 3270 2393 3305 :
2430 3267 2554 3305 nam
2593 3268 2696 3306 nos
2725 3264 2781 3306 ut
2806 3254 3085 3323 proprium
3116 3254 3216 3324 ipsi
3248 3271 3424 3324 popu-

1849 3336 1959 3390 lum
1994 3337 2362 3392 miserabitur.

1916 3424 1970 3480 5.
2015 3427 2280 3490 Quoniam
2313 3429 2475 3496 ipsius
2525 3440 2602 3483 est
2650 3449 2814 3486 mare.
2869 3431 3115 3487 Ostendit
3145 3448 3267 3486 eum
3299 3449 3422 3487 eum

1847 3518 1918 3584 sit
1949 3518 2129 3588 opifex
2166 3521 2334 3574 totius
2361 3531 2624 3576 creaturae
2659 3525 2886 3578 visibilis
2920 3535 3083 3594 atque
3109 3525 3422 3586 invisibilis,

1847 3625 2125 3680 nunquam
2149 3612 2532 3681 despecturum
2556 3630 2678 3669 esse
2703 3631 2842 3685 opus
2867 3633 3050 3682 suum,
3071 3617 3113 3671 si
3142 3617 3265 3686 quis
3292 3631 3424 3670 con-

1845 3702 2046 3756 fitendo
2076 3703 2322 3771 procidat
2353 3714 2478 3758 ante
2507 3719 2655 3760 eum.

1920 3791 1974 3846 6.
2027 3791 2227 3855 Venite,
2255 3791 2534 3846 adoremus
2559 3803 2608 3847 et
2637 3794 2976 3863 procidamus
3011 3807 3131 3850 ante
3153 3797 3324 3852 illum.
3349 3799 3420 3852 Se

1844 3900 1910 3941 ex
1943 3885 2289 3939 adorantium
2335 3895 2389 3938 ct
2432 3887 2760 3954 plorantium
2800 3903 3027 3944 numero
3056 3904 3175 3943 esse
3202 3890 3416 3956 dicunt,

1844 3985 1904 4031 ut
1932 3975 2208 4030 auditores
2237 3975 2303 4028 ad
2337 3975 2739 4031 confessionem
2767 3982 3132 4048 promptiores
3159 3979 3413 4035 efﬁciant.

1914 4167 1966 4222 8.
2009 4165 2180 4220 Hodie
2207 4167 2254 4220 si
2285 4183 2453 4220 vocem
2484 4167 2597 4237 ejus
2627 4168 2924 4223 audieritis.
2950 4167 3044 4222 llis
3073 4169 3142 4223 ab
3169 4170 3286 4246 ipso
3311 4169 3416 4224 Do-

1843 4259 1994 4314 mino
2023 4267 2314 4312 monentur
2345 4268 2404 4312 ιιι
2439 4260 2872 4328 obtemperantes
2905 4261 3036 4322 sint,
3078 4276 3253 4330 neque
3283 4261 3415 4315 tales

1843 4348 2033 4410 quales
2063 4356 2243 4418 patres
2275 4363 2462 4402 eorum
2499 4349 2550 4402 in
2581 4349 2794 4405 deserto
2824 4349 3058 4405 fuerant.

1909 4528 1962 4582 9.
2003 4526 2301 4582 Secundum
2331 4529 2470 4583 diem
2505 4531 2827 4584 tentationis-
2851 4530 2906 4584 in
2937 4531 3160 4594 deserto,
3185 4529 3274 4584 ubi
3303 4540 3414 4584 ten-

1842 4630 2084 4674 taverunt
2118 4638 2197 4674 me
2230 4631 2406 4690 patres
2442 4623 2622 4690 vestri.
2662 4621 3028 4677 Tentaverunt
3055 4623 3199 4676 enim
3239 4623 3409 4678 Deum

1838 4712 1975 4766 alias
2014 4712 2067 4766 in
2121 4713 2281 4766 aliam
2334 4713 2646 4768 incedentes
2674 4713 2838 4777 viam,
2871 4713 2965 4768 sed
2999 4729 3106 4767 non
3147 4713 3292 4768 illam
3327 4732 3413 4769 re-

1837 4810 1979 4856 ctam
2009 4801 2151 4854 viam
2188 4801 2422 4854 Domini.

1909 4891 1996 4945 il.
2018 4890 2356 4961 Sicatjuravi
2384 4893 2437 4945 in
2467 4893 2548 4946 ira
2575 4909 2709 4957 mea,
2731 4893 3080 4947 siintroibunt
3107 4893 3160 4946 in
3185 4895 3410 4965 requiem

1835 5000 2028 5040 meam.
2077 4983 2208 5038 Tres
2255 4984 2414 5038 nobis
2475 4985 2681 5052 requiei
2726 4987 2936 5055 species
2982 4986 3406 5055 significantur:

1834 5077 2071 5131 carnalis
2101 5091 2208 5131 una
2241 5093 2362 5146 qua:
2393 5087 2477 5131 est
2511 5075 2771 5143 Sahbati;
2821 5077 2986 5131 altera
3015 5087 3099 5132 est
3128 5078 3409 5147 ingressus

1835 5167 1890 5222 in
1943 5175 2142 5222 terram
2192 5169 2595 5238 promissionis,
2643 5185 2750 5238 qua
2785 5168 2904 5223 illos
2955 5169 3233 5238 quiescere
3284 5168 3408 5221 fecit

1833 5255 1994 5314 Jesus
2023 5256 2205 5324 Nave;
2245 5261 2401 5314 tertia
2445 5261 2705 5327 caelestis,
2746 5277 2864 5330 qua:
2911 5261 2998 5315 hic
3040 5263 3152 5328 jam
3184 5261 3407 5313 denota-

1837 5359 1948 5413 tur,
1985 5366 2090 5404 non
2122 5351 2347 5406 alterius
2373 5352 2517 5407 enim
2546 5351 2636 5406 hic
2664 5353 2869 5406 mentio
2898 5361 2999 5417 est,
3033 5366 3077 5405 ει
3109 5361 3288 5404 tamen
3317 5350 3403 5403 illa

1843 5457 1969 5496 vera
2011 5443 2225 5512 requies
2275 5445 2365 5498 sit.
2415 5442 2728 5500 Ostenditur
2771 5445 2951 5514 itaque
2997 5459 3118 5498 vere
3165 5443 3405 5513 requiem
