3880 6216
507 267 611 322 διδ

1345 270 1401 326 S.
1443 273 1817 330 ATHANASII
1860 277 2009 334 OPP.
2052 279 2235 335 PARS
2273 281 2359 335 lll.
2396 312 2466 323 -—
2503 283 2909 340 EXEGETICA.

3637 290 3738 343 Hb

506 401 629 441 esse
664 401 938 442 recessum
989 401 1055 441 ex
1091 387 1194 442 hoc
1225 389 1429 444 mundo
1475 399 1529 444 et
1576 391 1964 448 habitationem
2011 395 2066 448 in

2189 413 2388 457 ταυσις.
2425 395 2686 466 Δηλοῦται
2740 393 2852 463 οὖν,
2885 397 2958 459 ὡς
2983 397 3196 468 ἀληθῶς
3219 397 3569 462 κατάπαυσίς
3603 400 3746 452 ἐστιν

508 478 760 548 supernis
789 479 1184 532 mansionibus.

513 675 558 727 Ι.
601 671 936 728 PSALMUS
971 670 1141 726 XCV.
1172 671 1450 726 Canticum
1493 675 1592 744 ipsi
1623 675 1808 728 David.
1847 676 2071 741 Quando

719 765 905 817 domus
935 764 1298 833 aediﬁcabatur
1327 776 1444 834 post
1474 768 1858 835 captivitatem.

1081 876 1474 943 Argumentum

505 987 561 1042 In
598 987 920 1058 praecedenti
961 987 1167 1056 psalmo
1191 985 1504 1042 Judarorum
1539 990 1895 1058 abjectioncm
1935 993 2070 1046 vati-

577 1082 792 1137 cinatus
838 1081 884 1134 si
931 1082 986 1133 in
1035 1080 1353 1134 inﬁdelitate
1399 1093 1841 1149 perseverarent,
1878 1085 1930 1136 itt
1967 1085 2072 1139 hoc

572 1175 814 1245 gentium
837 1175 1177 1228 vocationem
1205 1173 1428 1239 inducit,
1452 1191 1570 1244 quae
1598 1186 1721 1244 post
1744 1177 2068 1232 solutionem

575 1267 874 1337 spiritualis
907 1267 1120 1319 illorum
1153 1267 1484 1334 captivitatis
1529 1267 1670 1322 facta
1713 1277 1816 1334 est,
1851 1271 2072 1340 quando

569 1376 664 1430 per
692 1369 865 1416 totum
894 1360 1081 1414 orbem
1119 1357 1362 1413 Ecclesia
1395 1358 1619 1414 fundata
1655 1361 1775 1415 luit.

569 1533 626 1597 2,
657 1535 709 1588 5.
757 1532 981 1588 Cantate
1015 1533 1236 1586 Domino
1266 1535 1530 1586 canticum
1564 1550 1772 1587 novum.
1797 1534 2071 1604 Aposloiis

497 1625 654 1694 jubet
685 1623 919 1693 Spiritus
948 1633 1170 1679 sanctus
1191 1665 1205 1688 ,
1236 1633 1294 1680 ut
1324 1627 1598 1678 canticum
1639 1643 1874 1694 novum,
1909 1628 1960 1680 id
1989 1638 2072 1682 cst

2175 487 2208 554 ὴ
2235 486 2372 554 μετὰ
2395 486 2491 556 τὴν
2522 487 2674 540 τοῦδε
2705 487 2798 540 τοῦ
2832 489 3035 558 κόσμου
3075 489 3402 560 ἀπαλλαγὴ,
3455 491 3488 560 ὴ
3533 492 3594 543 ὲν
3630 493 3746 554 ταῖς

2173 575 2284 628 ἄνω
2315 580 2500 646 μοναῖς
2529 577 2864 648 κατοίκησις.

2179 689 2486 740 ΨΑΛΜΟΣ
2509 690 2620 754 L_E'.
2663 689 2799 758 ᾨδὴ
2839 688 2917 754 τῷ
2953 691 3152 755 Δαυῒδ,
3203 692 3302 744 ὅτε
3331 697 3363 745 ὁ
3400 689 3568 759 οἶκος
3603 694 3746 760 ᾠκο-

2454 781 2681 850 δομήθη
2713 781 2862 850 μετὰ
2889 781 3000 848 τὴν
3021 785 3458 850 αἰχμαλωσίαν.

2803 897 3126 964 Ὺπόθεσις.

2185 1007 2271 1060 Ἐν
2305 1005 2380 1076 τῷ
2411 1007 2514 1078 πρὸ
2540 1008 2726 1060 τούτου
2755 1008 2970 1078 ψαλμῷ,
3009 1009 3105 1080 τὴν
3139 1010 3408 1082 ἀποϐολὴν
3459 1011 3572 1064 τῶν
3615 1013 3744 1064 Ἰου-

2241 1097 2402 1150 δαίων
2437 1097 2716 1161 Θεσπίσας,
2769 1101 2822 1151 εί
2847 1116 2910 1166 γε
2943 1099 3248 1169 ἐπιμένοιεν
3295 1104 3360 1172 τῇ
3409 1099 3662 1172 ἀπιστίᾳ,
3689 1104 3746 1153 ἐν

2242 1186 2416 1257 τούτῳ
2443 1188 2541 1256 τὴν
2569 1187 2674 1239 τῶν
2705 1187 2872 1240 ἐθνῶν
2895 1189 3086 1258 κλῆσιν
3116 1191 3324 1257 είσάγει
3351 1232 3365 1256 ,
3393 1191 3490 1262 τὴν
3513 1193 3746 1262 γενομέ-

2243 1295 2338 1348 νην
2363 1279 2496 1348 μετὰ
2521 1279 2615 1349 τὴν
2635 1279 2786 1332 λύσιν
2807 1281 2906 1349 τῆς
2925 1282 3119 1351 νοητῆς
3143 1282 3319 1334 αὐτῶν
3341 1283 3743 1354 αἰχμαλωσίας,

2241 1371 2329 1424 ὅτε
2359 1373 2452 1424 καὶ
2480 1373 2600 1425 καθ’
2621 1373 2747 1444 ὅλης
2779 1373 2877 1442 τῆς
2905 1375 3227 1444 οἰκουμένης
3256 1376 3290 1446 ἡ
3327 1375 3626 1446 Ἐκκλησία
3659 1394 3747 1429 τε-

2242 1461 2584 1532 θεμελίωται.

2245 1555 2464 1622 ᾊσατε
2485 1554 2563 1619 τῷ
2591 1555 2782 1622 Κυρίῳ
2803 1549 2966 1622 ᾆσμα
2986 1557 3212 1610 καινόν,
3256 1558 3379 1620 Τοῖς
3421 1559 3746 1622 ἀποστόλοις

2172 1643 2232 1694 τὸ
2264 1643 2487 1712 Πνεῦμα
2521 1645 2951 1714 παρακελεύεται
2980 1647 3040 1698 τὸ
3065 1647 3248 1700 καινὸν
3275 1644 3453 1718 ᾆσμα,
3489 1650 3742 1702 τουτέστι

503 1715 712 1770 Novum
742 1714 1170 1778 Testamentum,
1223 1717 1472 1784 gentibus
1519 1731 1613 1785 per
1661 1727 1834 1771 totum
1883 1719 2068 1772 orbem

2189 1735 2268 1806 τὴν
2296 1736 2442 1788 Νέαν
2465 1737 2756 1808 Δια-θήκην,
2786 1737 3092 1809 ἐξηγεῖσθαι
3131 1745 3244 1804 τοῖς
3282 1741 3386 1794 ἀνὰ
3433 1745 3614 1796 πᾶσαν
3647 1743 3746 1814 τὴν

503 1815 774 1862 enarrem.
807 1807 1030 1862 Cantate
1057 1809 1275 1861 Domino
1299 1809 1466 1861 omnis
1495 1819 1702 1862 terra...
1741 1807 2067 1862 Anuuntiate

501 1901 566 1951 de
613 1900 697 1952 die
725 1900 775 1951 in
811 1899 946 1952 diem
975 1899 1207 1952 salutare
1237 1899 1370 1968 ejus.
1409 1899 1698 1968 Nunquam
1729 1901 1874 1953 enim
1905 1903 2066 1954 linem

2167 1831 2488 1898 οἰκουμένην
2521 1829 2748 1882 ἔθνεσιν.
2789 1833 3009 1900 ’ᾼσατε
3043 1831 3122 1897 τῷ
3153 1835 3368 1900 Κυρίῳ,
3407 1833 3582 1890 πᾶσαν
3603 1838 3642 1904 ἠ
3669 1835 3746 1905 γῆ

2171 1957 2185 1973 .
2223 1958 2238 1972 .
2278 1957 2290 1973 .
2335 1961 2348 1974 .
2385 1919 2844 1990 Εὐαγνγελίζεσθε
2867 1923 3094 1992 ἡμέραν
3114 1925 3182 1988 ἐξ
3209 1925 3434 1994 ἡμέρας
3460 1927 3526 1980 τὸ
3547 1928 3748 1996 σωτή-

504 1991 702 2045 facient
746 1991 814 2045 ad
861 2007 1034 2061 usque
1093 1993 1618 2046 consummationem
1673 1993 1862 2047 mundi
1931 1991 2066 2046 Novi

2189 2027 2296 2063 >ιον
2331 2011 2536 2064 αὑτοῦ.
2561 2013 2636 2064 Οὐ
2665 2011 2772 2082 γὰρ
2803 1991 3100 2067 παύσονται
3128 1991 3286 2086 μέχρι
3311 1991 3622 2082 συντελείας
3657 1991 3748 2070 κό-

499 2082 834 2137 Testamenti
867 2084 1123 2153 mysteria
1155 2083 1308 2138 nobis
1344 2084 1681 2138 enuntiandi.

573 2177 626 2230 4.
667 2175 930 2239 Quoniam
955 2191 1176 2245 magnus
1203 2175 1461 2226 Dominus
1492 2183 1540 2228 et
1569 2173 1858 2228 laudabilis
1884 2173 2064 2226 nimis.

503 2267 720 2334 Docete,
749 2268 959 2338 inquit,
992 2279 1211 2336 gentes,
1251 2283 1375 2320 nam
1407 2267 1454 2321 si
1483 2267 1737 2330 audiant,
1773 2275 2070 2336 agnoscent

497 2363 622 2430 ejus
667 2361 760 2430 qui
795 2361 1119 2427 praedicatur
1160 2359 1414 2414 deitatem
1447 2369 1502 2414 et
1533 2360 1992 2430 magnitudinem;
2023 2361 2068 2414 si

501 2461 818 2522 agnoscant,
849 2453 1150 2508 laudabunt
1175 2469 1322 2506 eum.
1359 2451 1632 2506 Terribilis
1667 2460 1743 2506 est
1774 2469 1928 2520 super
1952 2467 2066 2506 om—

501 2564 589 2600 nes
621 2547 764 2600 deos.
807 2545 942 2600 Illud
991 2555 1070 2601 est
1115 2547 1410 2599 maximum
1454 2546 1706 2615 gentibus
1749 2546 1816 2598 ad
1853 2543 2068 2598 Domini

501 2641 754 2694 timerem
789 2638 1226 2704 incitamentum,
1259 2638 1402 2706 quod
1434 2638 1670 2690 viderint
1694 2651 1882 2691 eorum
1913 2637 2064 2700 deos,

503 2741 560 2787 ut
583 2731 872 2794 vocabant,
895 2730 1147 2784 incendia
1178 2732 1425 2784 traditos.
1461 2728 1742 2784 Noverunt
1767 2730 1913 2784 enim
1945 2730 2069 2786 illos

495 2841 693 2881 omnes
722 2841 830 2878 non
856 2838 977 2878 esse
1020 2823 1186 2886 deos,
1221 2823 1316 2876 sed
1358 2821 1644 2876 daemonia.
1681 2821 1844 2877 Solus
1883 2831 2064 2876 autem

499 2916 765 2969 Dominus
796 2912 1097 2967 caelestium
1127 2911 1307 2979 opifex
1332 2918 1436 2966 est.

574 3009 627 3064 5.
683 3007 948 3071 Quoniam
991 3021 1165 3057 omnes
1213 3003 1290 3056 dii
1337 3005 1568 3074 gentium
1615 3003 1896 3060 daemonia.
1961 3003 2065 3071 Qui

497 3103 644 3158 enim
671 3100 746 3155 dii
772 3097 1128 3162 vocabantur,
1157 3097 1378 3166 maligni
1412 3095 1687 3152 diemones
1717 3095 1888 3152 fuisse
1918 3113 2069 3154 com-
2094 3096 2136 3154 C

502 3196 638 3266 ρει·ιὶ
665 3201 793 3249 sunt
819 3209 834 3246 :
865 3199 919 3246 at
949 3191 1204 3244 Dominus
1237 3199 1412 3243 noster
1440 3190 1594 3242 cazlos
1626 3189 1770 3260 fecit.

573 3285 625 3340 6.
653 3284 1021 3340 Sanctimonia
1053 3291 1102 3336 et
1139 3282 1542 3352 magniﬁcentia.
1561 3284 1618 3335 in
1645 3283 2068 3352 sanctiﬁcatione

495 3381 635 3449 θένε.
672 3376 1042 3432 Sanctillcatio
1069 3375 1188 3444 ejus
1213 3383 1296 3430 est
1323 3375 1590 3438 Ecclesia,
1619 3390 1741 3444 quae
1783 3385 1834 3430 et
1877 3383 2064 3429 sancta

501 3482 554 3526 et
605 3468 890 3540 magniﬁca
936 3475 1040 3523 est.
1092 3465 1356 3522 Excelsus
1397 3482 1635 3538 namque
1682 3477 1765 3522 est
1813 3466 2070 3524 Ecclesia:

499 3569 746 3616 ornatus.

575 3655 687 3709 7-9.
715 3653 911 3722 Aﬁ'erle
939 3650 1187 3714 Domino,
1221 3651 1410 3718 patria:
1431 3651 1685 3720 gentium,
1724 3659 1828 3706 etc.
1857 3649 2068 3704 Patrias

501 3755 663 3802 vocat
687 3745 1053 3800 Ecclesiarum
1091 3741 1401 3813 praefectos,
1442 3742 1494 3795 id
1525 3751 1636 3807 est,
1675 3743 1986 3796 sacerdotes
2016 3751 2072 3796 et

501 3836 779 3906 praesides.
823 3835 890 3888 Et
935 3849 1066 3890 sane
1099 3834 1352 3888 convenit
1380 3833 1637 3902 operibus
1681 3833 1844 3887 bonis
1897 3832 2068 3888 Deum

499 3927 827 3998 gloriﬁcare,
875 3935 926 3980 ct
972 3924 1136 3994 justis
1165 3923 1444 3978 laboribus
1474 3924 1742 3977 honorare
1778 3924 1951 3985 illum,
1988 3933 2070 3977 at—

499 4033 606 4085 que
648 4016 866 4084 insuper
914 4014 1216 4084 spiritualia
1255 4013 1332 4066 illi
1386 4012 1654 4068 sacriﬁcia
1704 4012 1920 4066 offerre.
1970 4011 2066 4066 Of-

501 4108 640 4162 ferre
679 4106 936 4160 nimirum
971 4106 1025 4159 in
1053 4107 1205 4160 atriis
1247 4105 1453 4159 sanctis
1481 4104 1622 4172 ejus,
1657 4105 1866 4158 scilicet
1897 4106 1949 4158 in
1981 4121 2070 4158 ec-

497 4198 703 4254 clesiis.
757 4195 1156 4250 Commoveatur
1202 4213 1234 4248 a
1273 4195 1408 4264 facie
1447 4196 1560 4264 ejus
1610 4196 1854 4248 universa
1904 4204 2066 4249 terra.

497 4289 764 4343 Futurum
795 4288 939 4340 enim
985 4295 1102 4340 erat
1141 4294 1202 4339 ut
1233 4301 1330 4354 per
1355 4300 1570 4340 omnem
1607 4295 1806 4338 terram
1853 4285 2070 4340 audire-

500 4391 587 4434 tur
616 4379 949 4450 praedicatio,
983 4387 1035 4432 et
1061 4387 1119 4432 ut
1153 4387 1295 4432 terra
1325 4375 1482 4448 quasi
1511 4393 1538 4430 a
1581 4377 1764 4447 priore
1793 4393 1894 4433 suo
1923 4387 2066 4433 statu

497 4481 945 4528 commoveretur.

574 4568 658 4618 10.
700 4563 910 4618 Etenim
945 4561 1170 4616 correxit
1198 4559 1373 4614 orbem
1408 4567 1561 4614 terrae
1593 4559 1682 4628 qui
1709 4575 1811 4612 non
1840 4575 2070 4612 commo-

501 4655 718 4709 vebitur.
747 4653 1021 4708 Fundavit
1056 4653 1200 4707 enim
1238 4650 1534 4706 Ecclesiam
1569 4665 1732 4718 supra
1759 4660 1988 4718 petram,
2018 4659 2071 4702 et

502 4755 671 4818 portze
703 4745 862 4801 inferi
894 4763 1002 4802 non
1039 4745 1410 4816 praavalcbunt
1439 4743 1701 4798 adversus
1731 4757 1872 4796 eam.
1911 4739 2072 4794 ludi-

501 4840 641 4892 cabit
676 4837 894 4908 populos
927 4840 982 4892 in
1014 4839 1281 4908 wquitate.
1325 4835 1488 4890 Venit
1536 4835 1685 4890 enim
1727 4843 1780 4888 et
1808 4833 2074 4902 judicavit

503 4945 725 4985 causam
756 4939 1022 4994 nostram,
1053 4939 1106 4984 et
1137 4929 1416 4998 improbos
1437 4937 1696 5000 tyrannos
1725 4927 1931 4995 exegit,
1961 4925 2068 4978 im-

503 5034 671 5095 puros
705 5019 912 5076 scilicet
951 5020 1249 5074 daemones.

707 5109 976 5166 Laztentur
1021 5109 1137 5162 caeli
1177 5119 1228 5163 et
1275 5108 1500 5162 exsultet
1544 5117 1704 5162 terra.
1735 5105 1870 5161 Cum
1904 5105 2072 5161 totius

504 5178 654 5258 orbis
673 5203 878 5257 bonum
909 5210 1160 5269 ageretur
1190 5200 1438 5254 caelestes
1465 5198 1693 5254 virtutes
1723 5213 1845 5252 cum
1874 5197 2071 5266 gaudio

505 5294 792 5350 dicebant:
828 5291 1008 5346 Gloria
1038 5291 1092 5343 in
1129 5291 1342 5344 excelsis
1387 5291 1490 5344 Deo
1529 5301 1576 5344 et
1605 5292 1658 5342 in
1699 5299 1839 5343 terra
1882 5289 2066 5342 nam".

507 5383 904 5437 Commoveatur
933 5396 1078 5432 mare
1122 5389 1168 5432 et
1212 5379 1482 5448 plenitudo
1513 5379 1646 5447 ejus.
1693 5377 1838 5433 Mare
1870 5379 1960 5433 hic
1997 5379 2072 5432 si-

510 5471 726 5542 gniﬁcat
750 5471 991 5540 gentium
1041 5467 1458 5538 plenitudinem,
1511 5483 1629 5536 qua:
1659 5473 1932 5523 commota
1966 5476 2072 5533 est,

573 5687 616 5726 "
654 5687 784 5748 Luc.
827 5703 888 5753 tt,
923 5685 1005 5743 14.

2171 2117 2306 2170 σμου
2325 2101 2392 2154 τὰ
2407 2101 2502 2170 τῆς
2521 2101 2664 2165 Νέας
2689 2103 2962 2174 Διαθήκης
2979 2106 3107 2175 ἡμῖν
3127 2105 3411 2170 λαλοῦντες
3444 2110 3742 2179 μυστήρια.

2241 2191 2368 2244 Ὅτι
2397 2191 2585 2259 μέγας
2615 2195 2830 2260 Κύριος
2861 2195 2956 2247 καὶ
2987 2196 3223 2262 αὶνετὸς
3273 2197 3510 2265 σφόδρα
3591 2199 3747 2255 Διδά-

2169 2283 2315 2348 ξατε,
2354 2285 2505 2354 φησὶ,
2539 2285 2605 2337 τὰ
2655 2285 2781 2357 ἔθνη
2803 2304 2816 2315 ·
2849 2288 2942 2340 καὶ
2985 2287 3093 2358 γὰρ
3127 2288 3510 2342 ὑπακούσαντα
3567 2291 3746 2356 γνοῖεν

2167 2375 2259 2428 τοῦ
2291 2393 2358 2445 κη
2369 2379 2690 2447 ρυττομένου
2713 2379 2810 2450 τὴν
2845 2378 3073 2449 θεότητα
3106 2381 3199 2431 καὶ
3223 2379 3320 2450 τὴν
3345 2379 3744 2450 μεγαλοσύνην,

2169 2467 2261 2520 καὶ
2281 2467 2475 2534 γνόντα
2509 2470 2874 2524 ἐπαινέσουσι.
2913 2472 3167 2539 Φοϐερός
3201 2470 3371 2524 ἐστιν
3405 2471 3560 2540 ὑπὲρ
3593 2473 3746 2526 πάν-

2165 2575 2272 2624 τας
2295 2559 2435 2625 τοὺς
2467 2560 2656 2625 θεοὺς.
2683 2561 2852 2613 Τοῦτο
2887 2561 3119 2631 μάλιστα
3142 2562 3208 2615 τὰ
3241 2562 3368 2632 ἔθνη
3403 2564 3496 2616 ἐπὶ
3525 2564 3617 2616 τὸν
3649 2565 3746 2616 τοῦ

2169 2649 2371 2720 Κυρίου
2399 2651 2558 2719 φόϐον
2584 2653 3080 2724 προτρέπεται,τὸν
3109 2655 3435 2725 ἐμπρησμὸν
3463 2655 3747 2724 ἑωρακότα

2169 2745 2311 2799 κατά
2336 2747 2444 2800 τῶν
2475 2747 2642 2800 πάλαι
2664 2749 3078 2818 ὀνομαζομένων
3117 2751 3296 2803 αὐτῶν
3337 2749 3493 2804 θεῶν.
3536 2751 3747 2818 Ἔγνω-

2171 2854 2268 2892 σαν
2294 2837 2421 2908 γὰρ,
2451 2837 2524 2901 ὡς
2554 2840 2753 2904 πάντες
2785 2842 2982 2893 ἐκεῖνοι
3003 2843 3102 2893 οὐκ
3139 2837 3276 2912 ἦσαν
3302 2839 3435 2904 θεοὶ,
3465 2841 3604 2894 ἀλλὰ
3633 2841 3747 2896 δαι-

2171 2929 2348 3000 μόνια.
2381 2929 2556 2993 Μόνος
2583 2929 2639 2983 δὲ
2667 2933 2694 2983 ὀ
2717 2931 2919 3002 Κύριος
2945 2931 3054 2983 τῶν
3077 2931 3340 3001 οὐρανίων
3384 2932 3638 3002 ποιητής.

2245 3021 2370 3074 Ὅτι
2393 3021 2614 3088 πάντες
2641 3025 2696 3076 οἱ
2722 3024 2841 3077 θεοὶ
2869 3023 2985 3075 τῶν
3005 3021 3197 3076 ἐθνῶν
3219 3023 3514 3091 δαιμόνια.
3552 3024 3616 3075 Οἱ
3649 3023 3745 3093 μὲν

2168 3113 2276 3182 γὰρ
2303 3111 2625 3183 καλούμενοι
2649 3112 2760 3166 θεοὶ
2781 3113 3031 3184 δαίμονες
3059 3112 3314 3184 ὤφθησαν
3351 3114 3601 3184 πονηροὶ,
3635 3113 3746 3167 ὁ.δὲ

2169 3203 2450 3274 ἡμέτερος
2475 3205 2688 3272 Κίιριος
2723 3204 2860 3269 τοὺς
2884 3204 3179 3272 οὐρανοὺς
3221 3204 3530 3270 ἐποίησεν.

2253 3295 2571 3364 Ἀγιωσύνη
2595 3293 2692 3346 καὶ
2712 3294 3193 3363 μεγαλοπρέπεια
3221 3294 3294 3346 ἐν
3323 3293 3404 3358 τῷ
3423 3291 3748 3364 ἀγιάσματι

2167 3385 2372 3440 αὑτοῦ.
2421 3385 2693 3454 Ἀγίασμα
2714 3385 2879 3438 αὑτοῦ
2907 3387 2940 3454 ἡ
2976 3385 3290 3455 Ἐκκλησία,
3331 3386 3452 3455 ἥτις
3480 3385 3576 3438 καὶ
3614 3385 3750 3453 ἁγία

2168 3473 2284 3526 ἐστὶ
2307 3474 2401 3527 καὶ
2437 3473 2878 3544 μεγαλοπρεπής.
2916 3473 3146 3543 Ὑψηλὸς
3185 3475 3294 3544 γὰρ
3327 3474 3355 3525 ὁ
3409 3473 3616 3544 κόσμος
3649 3473 3752 3542 τῆς

2179 3563 2524 3633 Ἐκκλησίας.

2253 3653 2567 3724 Ἐνέγκατε
2593 3655 2671 3720 τῷ
2691 3656 2904 3723 Κτερίῳ,
2929 3657 2988 3708 αἱ
3011 3655 3248 3723 πατριαὶ
3268 3654 3386 3708 τῶν
3399 3655 3612 3710 ἐθνῶν.
3637 3657 3752 3708 Πα-

2167 3745 2324 3818 τριάς
2352 3747 2505 3798 καλεῖ
2525 3749 2650 3810 τοὺς
2679 3747 2785 3799 τῶν
2816 3745 3149 3816 Ἐκκλησιῶν
3173 3747 3532 3816 ἡγουμένους,
3567 3748 3754 3817 ἱερέας

2169 3836 2312 3907 φημὶ
2336 3836 2429 3888 καὶ
2463 3835 2780 3907 προέδρους.
2811 3837 2922 3888 Καὶ
2950 3835 3152 3907 πρέπει
3176 3834 3266 3888 διὰ
3289 3833 3398 3888 τῶν
3431 3835 3612 3906 ἔργων
3641 3836 3756 3888 τῶν

2169 3926 2390 3995 ἀγαθῶν
2419 3925 2660 3991 δοξάζειν
2683 3927 2774 3980 τὸν
2803 3927 2955 3991 Θεὸν,
2997 3928 3093 3980 καὶ
3128 3926 3233 3997 μὴν
3287 3929 3382 3979 καὶ
3427 3929 3600 3998 τιμᾷν
3645 3929 3756 3982 ἀπὸ

2168 4015 2386 4068 δικαίων
2417 4017 2593 4068 πόνων
2623 4017 2822 4082 αὐτῶν,
2857 4016 2936 4068 ἔτι
2969 4031 3032 4082 γε
3071 4016 3177 4086 μὴν
3219 4015 3313 4068 καὶ
3363 4015 3556 4079 θυσίας
3603 4017 3756 4086 αὐτῷ

2169 4105 2454 4176 ἀναφέρειν
2485 4107 2680 4174 νοητάς
2700 4122 2714 4133 ⁸
2753 4105 3041 4176 ἀναφέρειν
3077 4105 3134 4156 δὲ
3155 4107 3212 4157 ὲν
3234 4107 3353 4168 ταῖς
3379 4104 3555 4168 θείαις
3585 4107 3756 4160 αὐτοῦ

2169 4195 2376 4259 αὐλαῖς,
2419 4195 2618 4266 δηλαδὴ
2654 4199 2774 4258 ταῖς
2827 4197 3164 4266 ἐκκλησίαις.
3216 4195 3580 4264 Σαλευθήτω
3633 4197 3756 4250 ἀπὸ

2169 4285 2488 4352 προσώπου
2517 4286 2702 4356 αὑτοῦ
2723 4287 2890 4341 πᾶσα
2922 4289 2959 4354 ἡ
2993 4285 3089 4355 γῆ.
3135 4286 3366 4356 Ἔμελλε
3399 4285 3511 4356 γὰρ
3535 4289 3618 4350 εἰς
3651 4291 3756 4342 πᾶ-

2171 4391 2270 4428 σαν
2299 4374 2397 4432 τὴν
2447 4376 2768 4446 οἰκουμένην
2801 4374 3126 4438 ἐξάκουστον
3169 4372 3420 4442 γενέσθαι
3459 4377 3752 4446 κήρυγμα,

2095 4441 2144 4500 D
2173 4467 2264 4519 καὶ
2292 4467 2452 4518 οἱονεὶ
2487 4466 2588 4535 τῆς
2615 4467 2884 4535 προτέρας
2925 4465 3168 4527 στάσεως
3209 4465 3456 4518 σαλεύειν
3485 4465 3588 4536 τὴν
3620 4467 3750 4536 γῆν.

2239 4557 2350 4610 Καὶ
2372 4557 2480 4626 γὰρ
2507 4555 2852 4623 κατώρθωσε
2873 4555 2986 4624 τὴν
3005 4555 3370 4624 οίκουμένην
3395 4555 3527 4622 ἧτις
3551 4559 3626 4610 οὐ
3659 4574 3761 4612 σα-

2173 4645 2551 4712 λευθήσεται.
2601 4645 2960 4714 Ἐθεμελίωσε
2991 4645 3098 4715 γὰρ
3141 4645 3234 4697 ἐπὶ
3269 4645 3367 4715 τὴν
3413 4646 3631 4716 πέτραν
3663 4649 3762 4716 τὴν

2188 4737 2536 4806 Ἐκκλησίαν,
2567 4739 2656 4789 καὶ
2683 4736 2848 4788 πύλαι
2873 4737 2998 4808 ᾅδου
3020 4737 3080 4790 οὐ
3105 4737 3528 4806 κατισχύσουσιν
3564 4739 3758 4808 αὐτῆς.

2175 4827 2379 4896 Κρινεῖ
2394 4828 2583 4893 ,λαοὺς
2609 4829 2680 4880 ἐν
2699 4829 2998 4896 εὐθύτητι.
3039 4824 3209 4881 *Ηλθε
3243 4829 3352 4899 γὰρ
3395 4827 3493 4881 καὶ
3539 4829 3760 4884 ἐδίκασε

2171 4924 2268 4995 τὴν
2301 4923 2480 4994 κρίσιν
2510 4925 2685 4994 ἡμῶν,
2713 4924 2808 4977 καὶ
2836 4925 2964 4988 τοὺς
3023 4925 3292 4995 πονηροὺς
3336 4922 3654 4994 τυράννους
3679 4923 3765 4988 ἐξ·

2171 5015 2352 5083 ἐϐαλε,
2383 5017 2509 5079 τοὺς
2539 5015 2882 5088 ἀκαθάρτους
2917 5017 3050 5086 φησὶ
3076 5015 3364 5086 δαίμονας.

2239 5107 2784 5176 Εὐφραινέσθωσαν
2811 5112 2864 5162 οἱ
2903 5109 3166 5176 οὐρανοὶ,
3215 5108 3314 5160 καὶ
3363 5106 3762 5177 ἀγαλλιᾶσθε)

2173 5199 2210 5266 ἠ
2246 5201 2343 5269 τῆ.
2391 5200 2513 5252 Ἐπὶ
2538 5207 2646 5272 γὰρ
2671 5203 2738 5272 τῇ
2788 5198 3124 5271 κατορθώσει
3177 5199 3277 5269 τῆς
3327 5197 3664 5268 οἰκουμένης
3705 5199 3762 5248 αἱ

2176 5291 2418 5360 οὐράνιαι
2449 5291 2704 5360 δυνάμεις
2725 5291 2960 5355 ἔφασκον
2991 5289 3278 5360 χαίρουσαι
3299 5305 3312 5317 ·
3343 5287 3500 5352 Δόξα
3524 5287 3598 5340 ἐν
3619 5288 3762 5354 ὑψί-

2177 5396 2345 5448 στοις
2377 5379 2497 5446 Θεῷ
2523 5381 2620 5434 καὶ
2647 5381 2746 5434 ἐπὶ
2774 5379 2884 5452 γῆς
2912 5379 3140 5448 εἰρήνη.
3173 5377 3534 5445 Σαλευθήτω
3581 5379 3622 5444 ὴ
3655 5376 3760 5430 θά-

2176 5475 2382 5524 λασσα
2399 5470 2494 5524 καὶ
2525 5470 2588 5524 τὸ
2606 5469 2896 5540 πλήρωμα
2915 5467 3123 5536 αὐτῆς.
3148 5467 3436 5523 Θάλασσαν
3464 5468 3522 5520 ὲν
3549 5463 3760 5525 τούτοις
