3880 6216
127 376 234 434 M7

1241 363 1606 420 EXPOSITZO
1655 359 1721 415 1N
1764 358 2101 418 PSALMUM
2133 360 2315 416 XCVI.

3290 357 3400 414 “3

126 496 236 548 τῶν
270 491 442 546 ἐθνῶν
461 488 721 562 σημαίνει
742 489 840 560 τὴν
861 486 1089 555 πληθὺν,
1112 485 1235 555 ἦτις
1254 483 1348 536 καὶ
1373 481 1693 536 σεσάλευται
1709 496 1722 509 ·

1859 477 1882 530 d
1944 487 2027 533 est
2074 479 2141 534 ad
2197 476 2563 548 recipiendam
2631 473 3074 546 praedicationem
3145 472 3404 531 deducta.

125 585 408 639 τουτέστιν
444 586 526 646 εἰς
553 581 614 634 τὸ
639 578 998 644 ὑποδέξασθαι
1031 577 1091 629 τὸ
1115 577 1382 647 κήρυγμα
1413 573 1719 642 κεκίνηται.

130 676 470 744 Χαρήσεται
495 673 569 726 τὰ
605 670 780 724 πεδία
804 671 902 723 καὶ
937 668 1135 721 πάντα
1157 668 1230 720 τὰ
1247 667 1316 718 ἑν
1341 664 1572 730 αὐτοῖς·
1593 663 1726 716 τότε

130 763 613 834 ἀπαιλιάσονται
655 759 854 813 πάντα
899 757 969 810 τὰ
995 756 1153 820 ξύλα
1179 754 1285 808 τοῦ
1318 751 1564 821 δρυμοῦ.
1629 749 1728 802 Διά

133 856 242 910 τῶν
294 855 496 908 πεδίων
527 854 622 906 καὶ¹
679 853 785 923 μὴν
838 849 933 903 καὶ
988 848 1098 900 τῶν
1137 846 1310 912 ξύλων
1362 845 1524 914 ἁγίας
1549 842 1728 913 ψυχὰς

136 943 274 999 εἶναι
308 945 589 1017 σημαίνει,
621 943 678 997 αἲ
711 943 804 995 ἐπὶ
829 945 894 1012 τῇ
919 940 1013 993 τοῦ
1039 940 1246 1010 κόσμου
1279 936 1526 1008 σωτηρίᾳ
1555 932 1728 1004 ὴγαλ-

134 1039 416 1092 λιάσαντο.

135 1132 455 1186 ΨΑΛΜΟΣ
502 1127 702 1191 Δαυῒδ,
769 1127 866 1180 ὅτε
928 1127 967 1193 ὴ
1043 1124 1119 1195 1m"

794 1236 907 1273 ται.
947 1221 1076 1286 ιιζῖκ

775 1314 788 1332 '
800 1312 1111 1374 Υπόθεσις.

133 1411 309 1466 Πάλιν
335 1411 430 1463 καὶ
493 1406 730 1460 ἐνταῦθα
785 1405 884 1470 τὴν
930 1401 1204 1472 σωτηρίαν
1247 1399 1341 1452 τοῦ
1377 1399 1584 1469 κόσμου
1630 1412 1729 1466 ση-

209 1503 417 1575 μαίνει,
471 1501 566 1554 καὶ
609 1499 714 1551 τῶν
768 1494 938 1549 ὲθνῶν
994 1494 1252 1548 ἁπάντων
1290 1492 1390 1563 τὴν
1445 1492 1526 1553 είς
1570 1489 1731 1544 αὐτὸν

1186 1121 1372 1178 αὑτοῦ
1449 1120 1730 1173 καθίστα-

206 1611 419 1648 πιπιν.

205 1689 430 1754 Κύριος
492 1683 916 1744 ἐϐασίλευσεν,
971 1676 1358 1748 ἀγαλλιάσθω
1410 1676 1448 1743 ἡ
1501 1675 1601 1745 γῆ,
1631 1677 1732 1728 si)»

133 1777 580 1847 εορανθήτωσαν
617 1774 797 1841 νῆσοι
822 1772 1068 1825 πολλαί.
1103 1771 1320 1840 Νήσους
1356 1769 1456 1830 τὰς
1505 1766 1734 1837 Ἐκκλη-

136 1868 257 1931 σίας
291 1866 478 1938 φησὶν,
511 1865 606 1918 ἆτε
655 1865 718 1935 δὴ
761 1861 1118 1933 ριπιζομένας
1177 1860 1280 1913 ὑπὸ
1334 1858 1535 1921 παντὸς
1568 1857 1730 1910 πνεύ-

138 1977 331 2030 ματος,
363 1959 457 2011 καὶ¹
485 1957 590 2028 μὴν
624 1957 718 2010 καὶ
746 1953 1177 2028 περιρῤεομένας
1220 1954 1338 2016 ταῖς
1375 1951 1728 2023 περιστάσεσι

134 2057 256 2117 ταῖς
285 2054 351 2107 ἀλ
359 2070 430 2124 μυ
437 2055 579 2125 ραῖς.

206 2145 450 2215 Νεφέλη
487 2143 588 2197 καὶ
619 2143 844 2213 γνόφος
886 2142 1092 2207 κύκλῳ
1145 2138 1352 2194 αὑτοῦ.
1403 2138 1514 2210 Τὴν
1568 2136 1730 2208 λελη-

137 2236 300 2292 θυῖαν
332 2235 499 2291 αὐτοῦ
526 2238 584 2289 ὲν
610 2233 920 2306 ἀνθρώποις
953 2233 1178 2288 κάθοδον
1209 2231 1487 2304 σημαίνει,
1548 2234 1637 2286 ὅτε
1671 2234 1729 2285 ὲν

133 2333 204 2402 τῇ
241 2328 336 2382 τοῦ
359 2327 547 2381 δούλου
575 2327 783 2398 πέφηνε
816 2330 1019 2398 μορφῇ.
1040 2327 1402 2395 Δικαιοσύνη
1430 2327 1528 2380 καὶ
1555 2325 1731 2394 κρῖμα

136 2423 509 2490 κατόρθωσις
540 2419 648 2474 τοῦ
680 2419 896 2487 θρόνου
927 2418 1132 2474 αὐτοῦ.
1153 2417 1300 2490 Αὕτη
1332 2418 1545 2488 γέγονε,
1576 2417 1729 2488 φησὶ,

134 2515 236 2584 τῆς
289 2512 539 2582 ἀφέσεως
589 2511 757 2566 αἰτία·
817 2510 878 2562 τὸ
926 2512 1105 2582 κρῖναι
1136 2509 1360 2572 δικαίως
1403 2510 1501 2580 τὴν
1549 2509 1731 2578 κρίσιν

137 2604 323 2678 ἡμῶν,
354 2605 422 2676 ἣν
453 2603 648 2674 ἔχομεν
697 2601 898 2672 δηλαδὴ
934 2601 1071 2679 arpi);
1113 2601 1212 2664 τὰς
1246 2600 1489 2671 πονηρὰς
1518 2600 1612 2653 καὶ
1636 2601 1731 2654 ἀν-

136 2696 460 2762 τικειμένας
487 2695 764 2766 δυνάμεις.

211 2789 343 2858 Πῦρ
386 2787 644 2842 ἐνώπιον
692 2787 879 2842 αὑτοῦ
933 2786 1430 2855 προπορεύσεται.
1489 2786 1732 2838 Ἐκαυσε

137 2882 251 2953 γὰρ
275 2884 344 2952 τῇ
370 2880 490 2952 θείᾳ
515 2878 679 2933 αὐτοῦ
706 2879 932 2950 δυνάμει
963 2880 1143 2933 πᾶσαν
1193 2876 1435 2948 πονηρὰν
1461 2877 1555 2930 καὶ
1586 2878 1735 2930 ἀντι-

138 2975 411 3045 κειμένην
442 2971 743 3043 ἐνέργειαν.

218 3068 494 3134 Ἕφαναν
537 3067 598 3116 αἱ
651 3063 954 3132 ἀστραπαὶ
1009 3062 1197 3117 αὐτοῦ
1259 3063 1336 3132 τῇ
1391 3062 1732 3133 οἰκουμένῃ.

149 3155 473 3228 Ἀστραπάς
496 3154 659 3208 αὐτοῦ
689 3158 813 3219 τοὺς
839 3156 1029 3224 ἁγίους
1063 3155 1396 3218 ἀποστόλους
1424 3152 1561 3208 εἶναι
1588 3154 1734 3223 λέγει

138 3252 238 3303 καὶ
263 3246 682 3316 εὐαγγελιστάς,
704 3249 752 3301 οἳ
784 3248 961 3319 φωτὸς
981 3249 1138 3320 δίκην
1167 3247 1494 3318 ὑπέλαμψαν
1518 3247 1616 3317 τὴν
1650 3247 1740 3300 ὑπ’

138 3344 398 3416 οὐρανόν.

224 3435 436 3504 Τᾶὄρη
471 3435 778 3502 ἑτάκησαν
829 3432 970 3486 ὡσεὶ
1027 3434 1212 3502 κηρὸς
1252 3432 1371 3488 ἀπὸ
1418 3430 1742 3501 προσώπου

142 3529 398 3596 Kvpt'ov.
433 3531 574 3600 Ὂρη
606 3528 706 3590 τὰς
755 3525 1138 3596 ἀντικειμένας
1185 3525 1440 3596 δυνάμεις
1479 3524 1661 3596 φησὶν,
1686 3522 1743 3576 αἳ

144 3621 244 3673 καὶ
272 3621 446 3691 κηροῦ
478 3621 636 3690 δίκην
673 3619 1048 3690 συνετάκησαν
1099 3617 1206 3670 ἀπὸ
1262 3616 1354 3670 τοῦ
1407 3614 1740 3688 προειρημέ-

146 3727 243 3762 νου
270 3710 514 3781 δηλονότι
538 3710 728 3782 πυρός.
767 3711 942 3778 Ὅπερ
976 3710 1245 3777 πήγνυσιν
1274 3710 1302 3761 ὁ
1337 3706 1560 3779 βορρᾶς,
1583 3705 1742 3758 τοῦτο

143 3804 311 3875 τήκει
351 3805 379 3857 ὁ
425 3803 595 3866 νότος·
647 3803 727 3856 διὸ
773 3803 952 3868 καλῶς
1008 3803 1155 3870 λέγει
1213 3801 1246 3872 ἡ
1305 3800 1490 3871 νύμφη
1519 3802 1576 3853 έν
1630 3803 1744 3864 τοῖς

149 3898 400 3968 ’ᾼσμασι
460 3895 569 3950 τῶν
604 3895 882 3967 ᾀσμάτωνο
957 3893 1330 3962 Ἐξεγείρου,
1368 3891 1586 3960 βορρᾶ,
1643 3893 1740 3944 καί

143 3989 356 4058 ἔρχου,
389 3990 548 4052 νότε,
584 3986 956 4040 διάπνευσον
983 3985 1179 4054 κῆπόν
1222 4003 1362 4055 μου,
1398 3985 1495 4038 καὶ
1521 3983 1744 4053 ῥευσά-

143 4097 358 4136 τωσαίν
383 4080 660 4150 ἀρώματιὶ
680 4099 818 4150 μου.
846 4069 852 4080 ’

214 4171 734 4240 Αὶσχυνθήτωσαν
761 4169 984 4234 πάντες
1014 4171 1068 4222 ol
1101 4168 1594 4237 προσκυνοῦντες
1619 4167 1744 4234 τοῖς

145 4264 464 4334 γλυπτοῖς·
483 4264 712 4335 ὁρῶντες
742 4262 980 4335 δηλονότι
1000 4260 1094 4324 οὓς
1125 4261 1292 4313 πάλαι
1319 4259 1564 4330 ἐνόμιζον
1591 4259 1744 4322 θεοὺς

147 4354 328 4427 κηροῦ
367 4354 524 4424 δίκην
546 4353 838 4424 λυομένους
861 4352 964 4405 ὑπὸ
989 4351 1082 4404 τοῦ
1118 4350 1348 4422 Κυρίου.
1388 4351 1743 4419 Προσκυνή-

149 4466 305 4504 σατε
345 4447 527 4513 αὐτῷ,
561 4445 784 4512 πάντες
824 4445 1064 4515 ἄγγελοι
1086 4443 1290 4498 αὺτοῦ.
1343 4443 1457 4511 Ἐφ’
1506 4441 1586 4506 οἷς
1616 4461 1744 4496 κατ-

146 4543 382 4616 ώρθωσε
407 4544 473 4613 τῇ
511 4541 602 4594 ὑπ’
651 4539 898 4610 οὐρανὸν,
933 4538 1120 4610 φησὶν,
1149 4536 1601 4607 εὐχαριστήσατε.

229 4637 501 4689 Ἤκουσε
533 4632 631 4687 καὶ
659 4631 962 4701 εὐφράνθη
1001 4627 1176 4684 Σιών.
1231 4628 1370 4680 Σιὼν
1421 4628 1581 4698 μὲνὴ
1623 4627 1745 4679 Ἐκ-

149 4726 380 4796 κλησία.
408 4725 473 4778 Τί
497 4724 554 4777 δὲ
577 4725 829 4795 ἤκουσεν,
876 4722 908 4792 ἢ
939 4721 1034 4774 τοῦ
1072 4718 1426 4789 εὐαγγελικοῦ
1457 4719 1746 4790 κηρύγμα-

149 4837 267 4884 τος,
325 4818 421 4872 καλ⁵
465 4814 808 4887 εὐφροσύνης
864 4815 1001 4884 αὐτῇ
1053 4811 1244 4881 γέγονε
1282 4812 1579 4881 πρόξενον;
1637 4810 1749 4865 Καὶ

151 4907 615 4978 ἡγαλλιάσαντο
649 4908 709 4959 αἱ
732 4904 1049 4974 θυγατέρες
1074 4902 1185 4971 τῆς
1228 4901 1542 4967 Ἰουδαίας.
1573 4902 1751 4969 Θυγα-

153 5004 324 5074 τέρας
347 5002 447 5071 τῆς
491 4999 751 5061 Ἰουδαίας
779 4997 878 5060 τὰς
928 4996 1082 5056 ὁσίας
1127 4993 1305 5064 ψυχάς
1365 5011 1516 5065 φησι,
1558 4993 1656 5056 τὰς
1681 4993 1748 5045 δι’

150 5093 598 5163 ὲξομολογήσεως
631 5088 982 5160 συνημμένας
1011 5085 1149 5157 Θεῷ,
1198 5087 1255 5139 αἳ
1298 5085 1632 5156 ἡγαλλιῶντο
1663 5085 1749 5138 διὰ

150 5185 224 5238 τά
250 5183 347 5236 τοῦ
379 5181 517 5235 Θεοῦ
562 5180 830 5252 κρίματα,
857 5178 1064 5250 ὁρῶσαι
1092 5176 1333 5248 δηλονότι
1377 5177 1502 5239 τοὺς
1553 5193 1750 5246 τυραν-

151 5277 430 5347 νήσαντας
458 5270 918 5343 ἐκϐεϐλημένους,
970 5271 1096 5332 τοὺς
1151 5269 1204 5322 δὲ
1262 5268 1474 5338 δουλείᾳ
1521 5285 1747 5338 κατεχο-

157 5368 359 5439 μίένους
383 5368 464 5429 είς
496 5364 809 5435 ἐλευθερίαν
844 5363 1256 5434 ἐνηνεγμένους.

231 5463 297 5513 Ol
332 5449 686 5528 ἀγαπῶντες(
737 5456 845 5509 τὸν
892 5456 1129 5523 Κύριον,
1201 5451 1433 5520 μισεῖτε
1491 5452 1742 5521 πονηρά.

154 5548 490 5621 Παραίνεσις
516 5546 795 5613 εἰσάγεται
823 5547 934 5608 τοῖς
975 5547 1041 5615 τῇ
1084 5543 1367 5614 ἐλευθερίᾳ
1406 5541 1748 5613 λελυτρωμέ-

157 5659 294 5706 νοις,
323 5640 648 5694 διδάσκουσα
677 5640 784 5692 πᾶν
835 5634 973 5700 εἶδος
1023 5635 1254 5707 πονηρὸν
1287 5634 1743 5707 ἀποστρέφεσθαι.

157 5730 474 5787 Φυλάσσει
499 5731 714 5799 Κύριος
745 5729 852 5796 τὰς
884 5727 1089 5798 ψυχὰς
1129 5726 1249 5782 τῶν
1301 5727 1485 5782 ὁσίων
1533 5725 1740 5783 αὐτοῦ.

235 5824 283 5859 ’⁵
309 5824 468 5884 Cant.
497 5839 570 5890 tv,
604 5822 689 5878 16.

1831 566 2142 622 Gaudebant
2186 570 2358 639 campi
2385 579 2435 622 et
2487 570 2662 623 omnia
2696 583 2813 637 qua:
2854 568 2908 620 in
2948 567 3021 619 eis
3066 572 3210 618 sunt.
3262 563 3408 619 Tunc

1829 661 2167 715 exsultabunt
2218 662 2396 714 omnia
2443 660 2590 730 ligna
2635 660 2911 713 silvarum.
2946 657 3050 712 Per
3082 671 3308 727 campos
3355 665 3414 712 et.

1828 751 2005 822 ligna,
2057 763 2277 808 sanctas
2332 753 2546 809 animas
2597 752 2904 824 signiﬁcat,
2952 766 3074 822 qua:
3125 753 3190 804 de
3233 749 3410 805 salute

1830 845 2020 900 mundi
2053 844 2486 898 exsultaverunt.

2036 1101 2085 1154 1.
2115 1100 2451 1157 PSALMUS
2481 1100 2654 1154 David
2679 1102 2889 1172 quando
2925 1111 3066 1155 terra
3093 1100 3206 1168 ejus

2291 1195 2578 1247 constituta
2609 1203 2705 1247 est.
2744 1192 2839 1248 XC
2857 1192 2953 1246 γι.

2418 1285 2820 1354 Argumentum.

1834 1375 1934 1432 Hic
1971 1392 2190 1432 rursum
2242 1378 2472 1432 salutem
2519 1379 2706 1431 mundi
2761 1377 3035 1447 signiﬁcat
3066 1417 3079 1441 ,
3126 1385 3181 1430 et
3239 1375 3404 1432 ﬁdem

2205 1471 2450 1524 omnium
2481 1470 2724 1540 gentium
2753 1470 2808 1522 in
2838 1469 3037 1538 ipsum.

1908 1651 2169 1704 Dominus
2200 1650 2457 1721 regnavit,
2493 1649 2717 1703 exsultet
2745 1658 2907 1710 terra,
2953 1647 3198 1702 (vetentur
3225 1647 3416 1703 insulse

1837 1742 2038 1797 multa.
2071 1741 2282 1797 Insulas
2313 1755 2473 1797 vocat
2497 1741 2789 1804 Ecclesias,
2818 1751 3003 1811 utpote
3051 1742 3200 1796 omni
3245 1751 3410 1796 vento

1763 1833 1806 1886 Β
1835 1837 2088 1906 agitatas,
2118 1845 2172 1890 et
2194 1835 2353 1890 salsis
2384 1836 2704 1905 asperisque
2735 1849 3107 1889 aerumnarum
3149 1834 3410 1891 ﬂuctibus

1837 1926 2220 1982 circumfusas.

1908 2107 1963 2163 2.
2009 2104 2190 2160 Nubes
2217 2113 2265 2158 et
2286 2104 2458 2174 caligo
2489 2105 2545 2156 in
2577 2103 2805 2155 circuitu
2827 2101 2958 2170 ejus.
2987 2100 3266 2156 Latentem
3296 2101 3417 2171 ejus

1839 2201 1907 2255 ad
1955 2199 2205 2255 homines
2238 2199 2564 2252 descensum
2596 2195 2890 2264 signiﬁcat,
2923 2194 3144 2262 quando
3200 2193 3257 2247 in
3295 2209 3414 2248 ser-

1840 2293 1892 2346 vi
1949 2291 2124 2346 forma
2173 2289 2445 2358 apparuit.
2479 2286 2709 2340 Justilia
2762 2295 2810 2339 et
2838 2286 3105 2354 judicium
3159 2285 3416 2339 correctio

1841 2383 2016 2438 throni
2042 2382 2174 2452 ejus.
2197 2380 2344 2448 Haec,
2371 2379 2568 2449 inquit,
2587 2378 2928 2432 remissionis
2951 2383 3118 2432 eausa
3144 2375 3246 2431 fuit
3271 2377 3418 2446 quod

1835 2475 1980 2547 juste
2027 2473 2356 2544 iudicaverit
2401 2485 2626 2527 causam
2677 2479 2919 2524 nostram
2955 2484 3119 2538 quam
3152 2469 3417 2524 habemus

1839 2568 2092 2623 videlicet
2116 2567 2381 2622 adversus
2409 2565 2680 2634 malignas
2719 2571 2771 2618 et
2794 2561 3140 2618 adversarias
3171 2568 3416 2632 potesta-

1843 2674 1945 2718 ιρε.

1917 2754 1969 2808 5.
2002 2750 2153 2822 Ignis
2214 2759 2338 2804 ante
2369 2751 2543 2819 ipsum
2583 2747 2860 2818 praecedet.
2901 2745 3092 2800 Divina
3131 2745 3275 2800 enim
3319 2759 3421 2799 sua

1844 2847 2044 2901 virtute
2077 2844 2280 2898 malam
2316 2857 2536 2897 omnem
2578 2849 2740 2910 atque
2802 2838 3171 2894 adversariam
3229 2850 3423 2906 opera—

1844 2940 2046 2995 tionem
2084 2937 2409 2994 combussit.

1917 3033 1971 3088 4.
1991 3032 2297 3086 Illuxerunt
2321 3029 2539 3099 fulgura
2564 3027 2677 3098 ejus
2705 3027 2820 3080 orbi
2847 3035 3021 3080 terrat.
3049 3023 3289 3095 Fulgura
3322 3038 3421 3078 sua

1846 3127 1980 3181 dicit
2009 3140 2134 3180 esse
2161 3133 2384 3178 sanctos
2416 3121 2697 3192 apostolos
2723 3127 2778 3174 et
2809 3120 3192 3192 evangelistas,
3217 3120 3312 3190 qui
3338 3119 3424 3174 lu-

1849 3219 2014 3273 minis
2044 3217 2216 3271 instar
2243 3215 2693 3269 illuminaverunt
2715 3214 2925 3268 orbem.

1917 3406 1970 3461 5.
2008 3403 2213 3458 Montes
2257 3402 2394 3457 sicut
2432 3416 2549 3454 cera
2594 3400 2866 3468 ﬂuxerunt
2913 3414 2946 3450 a
2998 3397 3138 3466 facie
3183 3394 3423 3451 Domini.

1846 3497 2058 3552 Montes
2083 3502 2244 3551 vocat
2269 3491 2609 3548 adversaries
2632 3498 2948 3560 potestates,
2983 3504 3106 3559 quae
3128 3489 3270 3544 sicut
3296 3505 3421 3546 cera

1847 3591 2122 3644 ﬂuxerunt
2156 3585 2397 3657 praedicti
2427 3584 2568 3654 ignis
2594 3597 2783 3652 opera.
2811 3580 2964 3646 Quod
3005 3580 3190 3650 aquilo
3213 3594 3423 3650 coagu-

1844 3682 1942 3747 lat,
1980 3681 2032 3734 id
2063 3688 2249 3734 auster
2283 3675 2584 3746 liquefacit,
2615 3674 2974 3744 quamobrem
2998 3672 3224 3742 pulchre
3252 3687 3421 3742 spon-

1855 3785 1913 3826 sa
1957 3770 2012 3824 in
2035 3767 2277 3824 Canticis
2305 3766 2645 3820 canticorum
2691 3765 2806 3818 ait:
2843 3762 3104 3834 Exsurge,
3132 3762 3332 3834 aquilo,
3373 3770 3428 3815 et

1844 3863 1980 3927 veni,
2009 3869 2208 3923 auster,
2244 3858 2411 3928 perﬂa
2440 3857 2651 3910 hortum
2678 3871 2849 3909 meum
2890 3863 2939 3908 et
2978 3855 3151 3923 ﬂuant
3177 3863 3424 3908 aromata

1846 3971 1961 4008 mea
1994 3953 2060 4005 7‘.

1917 4133 1971 4185 7.
2011 4128 2420 4199 Coufundantur
2476 4142 2653 4180 omnes
2693 4125 2783 4196 qui
2839 4124 3067 4178 adorant
3129 4123 3422 4195 sculptilis.

1851 4225 2109 4278 Videntes
2146 4222 2355 4276 scilicet
2399 4235 2535 4290 quos
2587 4219 2717 4273 olim
2776 4218 2907 4273 deos
2952 4217 3216 4287 putabant
3251 4219 3426 4272 instar

1847 4334 1986 4375 cerm
2010 4317 2336 4387 liquefactos
2367 4314 2580 4368 Domini
2605 4329 2790 4383 opera.
2824 4313 3060 4366 Adorate
3087 4328 3422 4376 eum,omnes

1847 4411 2018 4481 angeli
2049 4411 2182 4479 ejus.
2233 4407 2448 4463 Gratias
2479 4406 2641 4476 agite,
2694 4406 2790 4471 ait,
2847 4406 2909 4460 de
2946 4405 3013 4460 iis
3050 4419 3172 4475 quae
3200 4404 3251 4457 in
3278 4413 3425 4457 terra

1846 4500 2103 4570 praeclare
2133 4498 2318 4567 gessit.

1922 4593 1978 4646 8.
2010 4590 2230 4644 Audivit
2261 4598 2309 4642 et
2340 4587 2525 4642 lwtata
2557 4597 2634 4640 est
2664 4584 2812 4641 Sion.
2869 4583 3002 4640 Sion
3042 4597 3126 4640 est
3157 4584 3422 4641 Ecclesia.

1848 4683 2058 4754 Ecquid
2094 4681 2323 4746 audivit,
2377 4680 2485 4734 nisi
2539 4679 2911 4748 evangelicam
2959 4679 3422 4748 praedicationem,

1849 4793 1971 4846 quae
2002 4775 2202 4829 iactitize
2237 4772 2340 4842 ipsi
2381 4787 2547 4826 causa
2597 4769 2700 4823 fuit
2725 4771 2746 4822 ?
2773 4768 2842 4822 Et
2874 4770 3268 4824 exsultarerunt
3297 4770 3429 4840 ﬁlia:

1848 4868 2078 4922 ludam.
2135 4864 2302 4919 Filias
2335 4863 2535 4918 Judaeze
2571 4870 2790 4942 sanctas
2838 4863 3051 4916 animas
3101 4863 3254 4926 dicit,
3307 4879 3430 4931 quae

1849 4960 1960 5016 Deo
1994 4976 2091 5030 per
2121 4957 2523 5014 confessionem
2557 4955 2863 5022 conjuncta:
2897 4964 3042 5020 sunt,
3083 4964 3311 5024 qumque
3335 4971 3429 5010 ex-

1851 5053 2127 5107 sultabant
2161 5059 2380 5120 propter
2410 5048 2615 5118 judicia
2650 5047 2900 5112 Domini,
2932 5047 3180 5101 videntes
3223 5048 3428 5102 scilicet

1848 5146 2055 5214 ejectos
2091 5155 2375 5214 tyrannos,
2405 5157 2498 5197 eos
2535 5149 2714 5194 autem
2745 5139 2837 5210 qui
2891 5139 2946 5192 in
2982 5139 3243 5193 servitute
3289 5137 3426 5190 deli-

1850 5241 2120 5294 ncbantur
2152 5237 2205 5290 in
2230 5236 2536 5290 libertatem
2566 5233 2892 5286 vindicatos.

1922 5436 2010 5490 10.
2044 5432 2148 5498 Qui
2178 5429 2400 5500 diligitis
2445 5426 2754 5488 Dominum,
2782 5424 2922 5476 odite
2955 5420 3118 5474 mala.
3149 5419 3423 5474 Adhorta-

1852 5530 1930 5585 tio
1955 5525 2230 5582 inducitur
2267 5523 2334 5574 iis
2383 5521 2478 5589 qui
2511 5518 2566 5572 in
2615 5517 2921 5572 libertatem
2962 5513 3216 5566 vindicati
3275 5522 3426 5575 sunt,

1854 5623 2058 5676 docens
2094 5627 2151 5671 ut
2179 5615 2249 5670 ab
2275 5611 2423 5667 omni
2472 5608 2653 5680 specie
2696 5607 2836 5664 mala
2870 5612 3205 5659 avertantur.
3234 5602 3427 5659 Custo-

1850 5715 1932 5768 dit
1965 5710 2224 5765 Dominus
2249 5705 2457 5760 animas
2496 5708 2803 5756 sanctorum
2832 5694 3209 5766 suorum..Qui
3237 5709 3272 5754 a
3303 5711 3430 5751 ma-
