3880 6216
436 374 542 431 H9

1325 373 1382 427 S.
1421 368 1790 425 ATl-IANASll
1831 365 1981 422 OPP.
2020 360 2202 416 PARS
2240 357 2320 415 lll.
2354 387 2425 399 —
2461 354 2869 414 EXEGETICA.

3579 353 3690 410 420

435 492 581 562 ligno
635 494 809 549 aversi
839 493 993 558 estis,
1027 503 1202 548 sancti
1239 492 1414 546 effecti
1465 490 1621 546 estis.“
1669 488 1823 544 Tunc
1857 487 2000 541 enim

2118 483 2166 533 3i
2220 477 2658 549 ἀποστραφέντες
2708 476 2799 529 τὸν
2863 473 3121 546 πονηρὸν,
3173 472 3312 526 ὅσιοι
3359 469 3683 540 γεγένησθε·

436 584 712 654 continget
740 585 894 640 vobis
929 595 986 639 ut
1016 584 1283 639 Dominus
1312 600 1412 639 vos
1459 583 1736 638 custodiat
1765 597 1793 634 a
1827 576 1983 633 mali.

437 688 566 743 gno,
595 675 689 744 qui
724 675 941 746 proprie
964 685 1220 746 peccator
1255 685 1358 730 est.

515 855 602 908 Η.
635 854 752 908 Lux
784 865 902 909 orta
934 857 1198 926 estjusto.
1237 854 1558 924 Evangelica
1597 850 1870 907 videlicet.
1897 849 2006 904 Ju-

435 953 517 998 sto
547 946 891 1010 autem,hnic
917 949 1116 1016 populo
1151 947 1360 1001 scilicet
1384 946 1477 1015 qui
1509 961 1606 1015 per
1632 945 1793 998 ﬁdem
1818 942 2003 1011 justus

432 1045 535 1090 est.
570 1034 635 1087 Et
661 1038 818 1090 rectis
850 1038 1003 1091 corde
1026 1038 1217 1091 lwtitia
1236 1053 1257 1101 ;
1285 1038 1340 1092 in
1382 1037 1497 1091 hazc
1525 1037 1691 1090 verba
1731 1036 1885 1089 rectis
1920 1035 2004 1086 in-

2107 571 2241 626 Τότε
2267 570 2330 641 δὴ
2374 569 2711 640 συμϐήσεται
2744 568 2870 637 ὑμῖν
2894 567 2987 620 καὶ
3015 565 3115 635 τῆς
3137 564 3381 633 φυλακῆς
3408 562 3511 631 τῆς
3533 561 3692 631 παρὰ

2103 660 2196 714 τοῦ
2223 660 2426 734 Κυρίου
2447 662 2630 730 τυχεῖν
2657 659 2766 713 ἀπὸ
2792 658 2886 712 τοῦ
2938 657 3198 729 πονηροῦ·
3252 649 3408 719 οὗτος
3433 653 3544 726 γὰρ
3586 671 3689 707 κυ-

2105 755 2236 824 ρίως
2260 752 2601 824 ἁμαρτωλός.

2172 842 2302 909 Φῶς
2350 842 2620 898 ἀνέτειλε
2675 841 2756 908 τῷ
2794 840 3022 906 δικαίῳ.
3072 839 3147 892 Τὸ
3191 835 3550 907 εὐαγγελικὸν
3595 834 3690 904 δη-

2102 935 2292 989 λονότι.
2318 936 2530 998 Δικαίῳ
2563 933 2638 997 δὲ,
2659 933 2793 1004 τῷδε
2822 934 3015 1004 δικαίῳ
3038 931 3154 1002 λαῷ
3180 931 3267 984 διὰ
3297 930 3396 1000 τῆς
3426 928 3688 990 πίστεως.

2099 1027 2210 1082 Καὶ
2232 1026 2354 1092 τοῖς
2376 1027 2578 1080 εὐθέσι
2600 1025 2674 1095 τῇ
2704 1024 2917 1093 καρδίᾳ
2940 1023 3310 1093 εὐφροσύνη·
3341 1023 3424 1083 εἰς
3443 1020 3528 1084 τὸ,
3561 1019 3690 1085 τοῖς

434 1127 888 1195 terpungendum,
915 1128 988 1180 ita
1009 1134 1082 1180 'ut
1116 1127 1180 1181 iis
1211 1127 1305 1195 qui
1341 1126 1475 1180 recti
1507 1125 1714 1179 fuerint
1747 1126 1800 1178 in
1839 1124 2004 1178 corde

2118 1115 2362 1179 εὑθέσιν,
2405 1115 2684 1181 ὑποστίξαι
2710 1114 2809 1176 δεῖ,
2835 1114 2933 1190 ,ἵνα
2979 1116 3093 1176 τοῖς
3137 1111 3439 1182 γινομένοις
3468 1109 3690 1164 εὑθέσιν

435 1219 643 1271 oriatur
673 1218 875 1272 laetitia.
921 1216 980 1271 In
1031 1217 1310 1272 communi
1341 1226 1524 1272 autem
1557 1216 1709 1281 illud,
1752 1225 1872 1269 orta
1900 1222 1999 1282 est,

434 1311 832 1379 accipiendum.

740 1395 1077 1454 PSALMUS
1103 1396 1204 1467 ipsi
1231 1396 1422 1451 David.
1450 1393 1698 1451 XCVII.

1020 1491 1417 1560 Argumentum.

431 1581 530 1639 Hic
566 1598 784 1652 quoque
811 1583 1058 1652 psalmus
1085 1582 1325 1652 priorem
1357 1581 1576 1636 Domini
1602 1579 1895 1634 adventum
1925 1578 1999 1630 si-

498 1675 737 1744 gniticat,
769 1681 823 1727 et
861 1674 1019 1727 tidem
1068 1675 1314 1727 omnium
1364 1673 1605 1743 gentium
1657 1686 1782 1740 erga
1820 1670 1994 1736 illum,

502 1778 666 1832 quam
696 1762 936 1817 dediteis
965 1772 1024 1817 ut
1052 1763 1299 1831 patribus
1345 1763 1458 1817 suis
1485 1761 1764 1831 pollicitus
1796 1759 1992 1814 fuerat.

497 1831 572 1908 Ea
599 1855 664 1908 de
689 1870 853 1909 causa
884 1854 973 1908 hic
1003 1855 1349 1909 concitantur
1377 1863 1585 1923 gentes,
1613 1862 1673 1907 ut
1703 1869 1828 1908 cum
1851 1853 1997 1922 jubi-
2026 1831 2068 1886 Β

497 1945 700 2000 latione
750 1947 990 2001 victoriae
1041 1962 1263 2002 carmen
1320 1958 1538 2010 canant,
1596 1944 1744 2016 quod
1806 1961 1996 2001 eorum

497 2053 663 2092 causa
702 2038 906 2092 editum
942 2038 1063 2094 fuit.

501 2130 548 2182 1.
587 2129 811 2184 Cantule
830 2130 1057 2185 Domino
1087 2131 1350 2184 canticum
1377 2147 1585 2197 novum,
1611 2131 1739 2200 quia
1786 2131 2000 2184 mirabi-

427 2222 503 2276 lia
539 2222 680 2292 fecit.
716 2222 963 2276 Mirabile
991 2238 1218 2292 prorsus
1248 2231 1332 2279 est
1353 2223 1500 2292 quod
1531 2239 1678 2278 mors
1721 2223 1997 2278 destructa

429 2319 519 2384 sit,
552 2327 606 2372 et
627 2318 770 2388 quod
801 2320 1100 2373 humanum
1128 2335 1298 2389 genus
1323 2319 1596 2373 revixerit.
1627 2318 1866 2373 Salvavit
1895 2319 1999 2374 sibi

427 2411 645 2464 dextera
673 2409 812 2480 ejus.
834 2409 1096 2464 Mundum
1132 2411 1278 2464 enim
1309 2411 1458 2464 Patri
1490 2411 1690 2465 obtulit
1718 2408 1992 2473 Christus,

428 2503 522 2572 qui
566 2511 649 2557 est
705 2503 929 2557 dextera
955 2501 1152 2558 Patris.
1183 2501 1302 2558 Non
1340 2503 1484 2558 enim
1536 2502 1783 2557 humano
1808 2502 2000 2574 egebat

428 2594 654 2649 auxilio.

496 2685 551 2738 2.
586 2683 791 2738 Notum
819 2685 944 2754 fecit
983 2683 1240 2738 Dominus
1287 2684 1528 2738 salutare
1574 2700 1749 2738 suum.
1797 2681 2000 2737 Carna-

431 2777 534 2831 lem
583 2776 702 2846 ejus
753 2777 1042 2830 adventum
1087 2777 1382 2830 salutarem
1441 2776 1650 2831 scilicet
1703 2775 1995 2846 signiﬁcat.

429 2865 588 2919 Juxta
618 2866 750 2921 illud
776 2866 982 2920 dictum
1018 2881 1048 2920 a
1075 2864 1372 2921 Simeone:
1411 2866 1551 2932 Quia
1583 2867 1826 2921 viderunt
1859 2867 1998 2920 oculi

429 2959 531 3010 mei
557 2957 795 3012 salutare
823 2966 972 3010 tuum
999 2957 1066 3010 ⁷⁸.
1100 2957 1168 3010 1η
1203 2969 1480 3027 conspectu
1527 2959 1759 3027 gentium
1801 2956 1998 3011 revela-

429 3052 501 3104 vit
551 3051 826 3118 justitiam
876 3067 1050 3104 suam.
1101 3050 1288 3120 Ejecto
1342 3050 1550 3105 scilicet
1597 3050 1760 3118 hujus
1812 3049 1996 3104 surculi

429 3142 697 3211 principe,
720 3140 880 3195 nobis
908 3149 1090 3195 autem
1123 3141 1216 3210 qui
1245 3140 1374 3194 olim
1405 3125 1530 3196 \sub
1565 3138 1850 3210 tyrannide
1885 3155 1998 3194 era-

430 3249 554 3287 mus
577 3232 913 3302 justiﬁcatis.

500 3325 554 3378 5.
591 3323 914 3377 Recordatus
953 3332 1032 3377 est
1069 3323 1449 3378 misericordia:
1478 3339 1610 3378 sum.
1643 3321 1783 3393 Erga
1805 3320 1992 3376 Jacot).

430 3411 685 3469 Promisit
713 3415 858 3468 enim
893 3415 942 3468 ei
977 3414 1218 3469 futurum
1245 3430 1367 3470 esse
1401 3423 1460 3467 ut
1499 3429 1690 3468 omnes
1729 3423 1914 3482 gentes
1942 3414 1997 3466 in

430 3507 638 3561 semine
673 3507 795 3577 ejus
837 3508 1305 3564 benedicerentur.
1367 3506 1622 3561 Viderunt
1661 3522 1838 3560 omnes
1892 3518 1998 3560 ter-

431 3601 561 3653 mini
597 3610 750 3655 terrce
788 3600 1024 3654 salutare
1070 3601 1169 3654 Dei
1217 3601 1407 3655 nostri.
1466 3598 1684 3654 Nullum
1721 3599 1867 3654 enim
1914 3615 2002 3655 re-

431 3707 595 3761 gnum
625 3706 734 3746 non
772 3693 1044 3762 partiCeps
1069 3703 1152 3748 est
1187 3696 1339 3763 regni
1362 3689 1588 3747 Christi.

503 3782 556 3848 5,
579 3782 633 3837 6.
665 3781 885 3836 Psattite
919 3782 1022 3836 Deo
1058 3793 1236 3836 nostro
1266 3785 1321 3836 in
1353 3785 1580 3838 cithara.
1615 3781 1888 3837 Citharam
1919 3783 2001 3838 di-

431 3875 504 3929 cit
531 3876 872 3930 harmoniam
906 3885 960 3931 et
987 3891 1313 3932 consensum
1345 3879 1540 3932 anima:
1570 3893 1692 3932 cum
1744 3891 1995 3946 corpore.

432 3966 497 4021 In
525 3969 662 4023 tubis
695 3968 983 4022 ductitibus
1012 3977 1061 4023 et
1101 3985 1219 4024 voce
1249 3969 1384 4024 tuba:
1411 3985 1630 4024 cornere.
1661 3969 1872 4024 Ardens
1917 3977 2001 4022 at-

431 4075 534 4130 que
575 4062 869 4116 vehemens
926 4061 1167 4116 studium
1225 4061 1546 4132 evangelica:
1601 4061 2000 4130 praedicationis

431 4169 526 4223 per
564 4153 724 4208 tubas
767 4153 1000 4208 ductiles
1030 4153 1336 4223 signiﬁcat;
1373 4168 1470 4222 per
1510 4167 1767 4206 corneam
1814 4161 1995 4206 autem

432 4243 634 4314 regiam
670 4244 1010 4314 dignitatem,
1039 4244 1168 4313 quia
1215 4259 1283 4298 ex
1318 4259 1487 4299 cornu
1521 4243 1795 4314 ungebam
1820 4258 1996 4314 reges.

431 4334 613 4405 Neque
640 4335 692 4390 id
723 4345 956 4399 tantum,
988 4335 1082 4390 sed
1117 4335 1242 4404 quia
1264 4351 1465 4390 cornea
1505 4335 1658 4405 regni
1689 4335 1998 4405 proclama-

431 4428 632 4482 tionem
667 4425 958 4481 faciebant.
1811 4417 1814 4421 ’

2106 1209 2164 1260 ἐν
2191 1210 2256 1278 τῇ
2309 1206 2504 1278 καρδίᾳ
2563 1207 2816 1279 ἀνατείλῃ
2848 1205 3176 1278 εὐφροσύνη.
3237 1203 3368 1258 Ἀπὸ
3414 1203 3600 1258 κοινοῦ
3627 1203 3689 1258 δὲ

2103 1297 2181 1364 τὸ,
2204 1295 2500 1360 ἀνατελεῖ,
2549 1295 2801 1366 ληπτέον.

2483 1387 2790 1439 ΨΑΛΜΟΣ
2837 1383 2917 1450 τῷ
2971 1383 3170 1437 Δαυΐδ.
3200 1384 3310 1451 ιιΖν.

2706 1477 3029 1542 Ὑπόθεσις.

2099 1567 2208 1621 Καὶ
2235 1561 2387 1632 οὗτος
2413 1569 2439 1621 ὁ
2481 1567 2692 1638 ψαλμὸς
2745 1567 2842 1638 τὴν
2900 1565 3168 1638 προτέραν
3225 1565 3529 1637 παρουσίαν
3582 1565 3681 1619 τοῦ

2169 1660 2374 1730 Κυρίου
2405 1659 2680 1731 σημαίνει,
2709 1659 2804 1714 καὶ
2825 1658 2923 1730 τὴν
2958 1659 3065 1712 τῶν
3108 1657 3275 1711 ἐθνῶν
3327 1658 3544 1712 πάντων
3600 1661 3684 1721 εἰς

2172 1752 2331 1804 αὐτὸν
2367 1753 2571 1826 πίστιν,
2596 1753 2662 1822 ἣν
2709 1753 3002 1822 ἐποιήσατο
3029 1751 3170 1805 κατὰ
3197 1751 3294 1814 τὰς
3327 1748 3682 1822 ἐπηγγελμέ-

2167 1861 2264 1907 νας
2297 1847 2410 1908 τοῖς
2449 1845 2718 1916 πατράσιν
2762 1842 3116 1912 ἐπαγγελίας.
3145 1841 3243 1896 Διὰ
3270 1842 3430 1895 τοῦτο
3456 1841 3526 1894 τὰ
3550 1840 3683 1910 ἔθνη

2168 1939 2346 1992 πάντα
2367 1937 2652 2001 ἀλαλάζειν
2677 1939 2704 1990 ὁ
2721 1935 2876 2004 λόγος
2895 1935 3260 2006 προτρέπεται
3279 1934 3368 1987 τὸν
3389 1936 3680 1998 ἐπινίκιον,

2167 2030 2226 2082 ὃν
2254 2029 2394 2099 ὑπὲρ
2425 2029 2600 2081 αὐτῶν
2633 2027 2946 2095 πεποίηται.

2172 2121 2395 2189 ’ᾼσατε
2415 2116 2494 2182 τῷ
2522 2118 2716 2186 Κυρίῳ
2744 2113 2908 2186 ᾆσμα
2947 2128 3178 2182 καινὸν,
3224 2117 3312 2170 ὅτι
3362 2117 3686 2186 θαυμαστὰ

2097 2211 2365 2278 ἐποίησε.
2391 2210 2713 2281 Θαυμαστὸν
2736 2209 2846 2279 γὰρ
2897 2209 3112 2280 ἀληθῶς
3157 2209 3218 2262 τὸ
3263 2208 3686 2280 καταργηθῆναι

2100 2299 2346 2365 θάνατον,
2376 2301 2472 2354 καὶ
2505 2301 2802 2355 ἀναϐιῶναι
2842 2302 3003 2355 πάλιν
3029 2301 3090 2355 τὺ
3127 2300 3470 2371 ἀνθρώπινον
3499 2300 3680 2368 γένος.

2104 2393 2372 2447 Ἕσωσεν·
2399 2391 2558 2457 αὐτῷ
2586 2395 2623 2461 ἡ
2663 2392 2830 2456 δεξιὰ
2853 2393 3060 2446 αὐτοῦ.
3105 2394 3431 2464 Προσήγαγε
3464 2392 3574 2463 γὰρ
3605 2392 3685 2462 τῷ

2102 2481 2218 2551 ἰδίῳ
2241 2481 2416 2553 Πατρὶ
2445 2483 2541 2553 τὴν
2564 2483 2654 2535 ὑπ’
2676 2483 2900 2554 οὐρανὸν
2920 2485 2951 2535 ὁ
2971 2483 3228 2554 Χριστὸς,
3271 2483 3330 2544 ὃς
3377 2484 3497 2534 ἐστι
3529 2481 3684 2546 δεξιὰ

2096 2573 2190 2628 τοῦ
2237 2574 2466 2646 Πατρός.
2495 2576 2570 2628 Οὐ
2599 2574 2705 2646 γὰρ
2740 2575 2932 2644 ἐδεήθη
2963 2573 3306 2645 ἀνθρωπίνης
3333 2571 3608 2644 βοηθείας.

2180 2667 2486 2737 Ἐγνὼρισε
2513 2669 2725 2736 Κύριος
2754 2669 2819 2721 τὸ
2850 2667 3144 2734 σωτήριον
3171 2666 3376 2720 αὑτοῦ.
3405 2665 3684 2736 Σωτήριον

2098 2753 2261 2813 οὖσαν
2293 2759 2390 2830 τὴν
2420 2759 2682 2832 ἐνσαρκον
2710 2759 2873 2814 αὐτοῦ
2898 2759 3194 2830 παρουσίαν
3229 2759 3508 2829 σημαίνει·
3536 2759 3683 2812 κατὰ

2098 2847 2158 2900 τὸ
2178 2848 2461 2918 εἰρημένον
2483 2848 2588 2901 ὑπὸ
2625 2848 2718 2901 τοῦ
2747 2847 2988 2917 Συμεών·
3019 2848 3148 2900 ’Ὀτι
3177 2842 3342 2900 εἶδον
3370 2848 3423 2898 οἱ
3451 2846 3679 2914 690ml-

2093 2938 2198 3008 μοί
2233 2957 2351 3006 μου
2384 2939 2447 2991 τὸ
2474 2939 2766 3006 σωτήριόν
2787 2953 2923 2991 σου.
2988 2938 3299 2991 Ἐναντίων
3345 2937 3465 2989 τῶν
3489 2935 3684 2990 ἐθνῶν

2098 3028 2457 3096 ἀπεκάλυψας
2514 3029 2629 3096 τὴν
2689 3029 3087 3097 δικαιοσύνην
3139 3028 3346 3082 αὐτοῦ.
3401 3027 3683 3081 Ἐκϐαλὼν

2104 3121 2200 3191 μὲν
2226 3120 2318 3173 τὸν
2352 3121 2585 3191 ἄρχοντα
2638 3120 2731 3174 τοῦ
2785 3121 2976 3183 αἰῶνος
3020 3120 3232 3184 τούτου,
3284 3120 3581 3184 δικαιώσας
3622 3122 3684 3173 δὲ

2099 3212 2224 3274 τοὺς
2254 3210 2418 3263 πάλαι
2454 3211 2880 3282 τυραννηθέντας
2913 3213 3078 3281 ἡμᾶς.

2180 3300 2485 3370 Ἐμνήσθη
2511 3302 2616 3355 τοῦ
2641 3302 2854 3367 ἐλέους
2875 3302 3081 3355 αὐτοῦ.
3138 3300 3248 3354 Τοῦ
3309 3299 3524 3354 Ἰακώϐ·
3583 3302 3685 3354 καὶ

2097 3390 2206 3463 γὰρ
2239 3394 2295 3444 ἐν
2327 3391 2406 3462 τῷ
2457 3392 2728 3463 σπέρματι
2784 3391 2949 3446 αὐτοῦ
3005 3391 3361 3462 εὐλογηθῆθαι
3401 3391 3580 3444 πάντα
3615 3391 3686 3444 τὰ

2098 3483 2224 3554 ἔθνη
2253 3482 2631 3554 ἐπηγγείλατο.
2683 3483 2951 3537 Είδοσαν
2990 3482 3185 3537 πάντα
3211 3484 3279 3536 τὰ
3308 3483 3532 3550 πέρατα
3568 3481 3686 3549 τῆς

2099 3572 2209 3643 γῆς
2236 3573 2303 3626 τὸ
2329 3573 2624 3641 σωτήριον
2655 3576 2759 3628 τοῦ
2793 3577 2939 3630 Θεοῦ
2996 3575 3183 3644 ἡμῶν.
3219 3575 3406 3638 Οὐδεὶς
3431 3574 3542 3646 γὰρ
3591 3575 3687 3628 τό-

2100 3682 2198 3728 πος
2228 3665 2492 3735 ἀμέτοχος
2516 3666 2616 3736 τῆς
2641 3665 2910 3735 βασιλείας
2932 3666 3025 3719 τοῦ
3054 3667 3304 3737 Χριστοῦ.

2174 3755 2412 3809 Ψάλατε
2447 3755 2528 3822 τῷ
2562 3756 2682 3822 Θεῷ
2710 3756 2875 3826 ἡμῶν·
2899 3759 2968 3810 ἐν
3023 3758 3253 3826 κιθάρᾳ.
3299 3760 3548 3832 Κιθὰραν
3582 3760 3686 3832 τὴν

2096 3846 2192 3900 τοῦ
2219 3847 2468 3918 σώματος
2499 3849 2635 3920 πρὸς
2672 3851 2768 3920 τὴν
2814 3849 2990 3921 ψυχὴν
3031 3851 3296 3922 ἁρμονίαν
3332 3854 3486 3923 φησι.
3525 3853 3688 3907 Σάλ-

2099 3937 2302 4007 πιγξιν
2331 3938 2591 4004 ἐλαι-αἷς,
2626 3939 2722 3992 καὶ
2747 3939 2915 4008 φωνῇ
2955 3940 3288 4011 σάλπιγγος
3339 3944 3682 4010 κερατίνης.

2100 4030 2174 4082 Τὸ
2213 4031 2607 4102 πεπυρωμένον
2654 4031 2748 4083 καὶ
2793 4031 3151 4101 ἐκτεταμένον
3183 4032 3275 4086 τοῦ
3319 4033 3684 4102 εὐαγγελικοῦ

2099 4122 2451 4194 κηρύγματος
2501 4121 2589 4176 διὰ
2640 4122 2748 4176 τῶν
2792 4122 2993 4175 ἐλατῶν
3040 4123 3353 4193 σαλπίγγων
3403 4125 3682 4196 σημαίνει·

2100 4215 2188 4268 διὰ
2209 4216 2264 4268 δὲ
2293 4215 2398 4269 τῶν
2426 4215 2726 4286 κερατίνων
2771 4217 2831 4268 τὸ
2868 4216 3164 4286 βασιλικὸν,
3200 4217 3332 4269 καθὸ
3374 4217 3452 4286 τῷ
3485 4217 3687 4288 κέρατι

2100 4308 2343 4379 ἐχρίοντο
2385 4309 2434 4360 oi.
2498 4307 2754 4378 βασιλεῖς.
2817 4309 2891 4361 Οὐ
2939 4310 3095 4380 μόνον
3134 4307 3268 4362 ἀλλὰ
3295 4309 3387 4359 καὶ
3419 4309 3477 4360 ὲν
3519 4325 3688 4381 κεραι-

2101 4399 2223 4473 τίνῃ
2258 4400 2353 4470 τῆς
2387 4400 2660 4470 βασιλείας
2693 4399 2790 4472 τὴν
2823 4400 3132 4473 ἐκφώνησιν
3167 4400 3464 4454 ἐποιοῦντο.

499 4520 554 4574 7.
593 4518 868 4573 Moventur
896 4533 1040 4572 mare
1081 4525 1132 4572 et
1189 4517 1458 4587 plenitudo
1495 4518 1628 4588 ejus.
1669 4517 1815 4572 Mare
1844 4529 2001 4573 vocat

2174 4491 2528 4558 Σαλευθήτω
2552 4493 2590 4561 ἡ
2625 4490 2909 4546 θάλασσα
2939 4492 3034 4546 καὶ
3059 4492 3125 4545 τὸ
3152 4493 3442 4562 πλήρωμα
3467 4491 3682 4558 αὐτῆς.

434 4620 751 4680 praesentem
781 4613 970 4672 vitam,
1007 4611 1077 4663 ob
1107 4611 1434 4665 salsedinem
1470 4619 1524 4665 et
1555 4611 1859 4666 molestiam
1890 4611 2001 4666 sol-

435 4703 776 4758 licitudinum
805 4702 942 4771 ejus.
975 4701 1119 4756 Mota
1154 4703 1338 4772 itaque
1367 4712 1451 4756 est
1484 4717 1514 4756 a
1543 4702 1715 4772 priori
1747 4710 1916 4766 statu,
1946 4702 2002 4756 id

434 4801 516 4847 est
541 4794 608 4848 ab
643 4793 977 4848 idololatria.

505 4969 557 5023 8.
599 4967 855 5022 Flumina
906 4968 1156 5037 plaudent
1193 4986 1353 5024 manu
1401 4969 1583 5025 simul.
1634 4968 1893 5024 Flumina
1928 4969 2004 5024 di-

436 5062 512 5117 cit
535 5070 753 5117 sanctos
785 5061 1168 5131 mysteriorum
1218 5063 1544 5127 initiatores,
1591 5079 1826 5133 quorum
1867 5078 2005 5133 prae-

439 5151 657 5208 dicandi
712 5151 950 5206 studium
979 5152 1186 5206 indicat
1230 5168 1296 5208 eo
1323 5155 1469 5222 quod
1518 5155 1779 5224 plaudant
1811 5156 2000 5211 simul.

436 5243 642 5299 Montes
690 5244 1030 5298 exsultabant
1087 5264 1118 5298 a
1157 5256 1432 5316 conspectu
1488 5249 1721 5315 Domini,
1751 5251 2003 5320 quoniam

437 5336 572 5389 venit
595 5334 839 5403 judicare
879 5344 1094 5388 terram.
1146 5337 1416 5406 Angelicm
1459 5338 1716 5394 nimirum
1753 5341 2001 5396 virtutes.

437 5426 574 5481 Nam
600 5426 856 5496 gaudium
891 5434 976 5481 est
1031 5443 1194 5497 super
1247 5444 1356 5483 uno
1407 5439 1689 5500 peccatore
1739 5433 2008 5503 poeniten-

441 5521 576 5575 tiam
605 5528 798 5590 agente
821 5521 887 5572 ⁷⁸.

517 5741 562 5774 ’⁵
601 5741 734 5797 Luc.
765 5757 825 5807 ιι,
853 5740 937 5796 30.
1016 5744 1061 5776 ⁷⁸
1107 5742 1239 5800 ch.
1275 5761 1364 5809 xv,
1397 5745 1445 5798 7.

2105 4580 2389 4633 Θάλασσαν
2432 4579 2520 4633 τὸν
2572 4580 2686 4649 βίον
2736 4581 2827 4634 τὸν
2870 4581 3112 4652 παρόντα
3166 4581 3440 4652 σημαίνει,
3487 4580 3580 4633 διὰ
3624 4580 3688 4633 τὸ

2105 4671 2346 4742 ἁλμυρὸν
2366 4671 2474 4724 τῶν
2507 4673 2564 4724 ἐν
2595 4670 2743 4742 αὐτῷ
2797 4673 3111 4743 φροντίδων.
3145 4672 3441 4744 Κεκίνηται
3475 4668 3568 4725 οὖν
3621 4673 3688 4725 ὲκ

2105 4762 2206 4832 τῆς
2261 4762 2529 4834 προτέρας
2603 4761 2871 4826 στάσεως,
2934 4761 3182 4814 τουτέστι
3234 4762 3335 4832 τῆς
3395 4756 3688 4815 εἰδωλολα-

2107 4853 2313 4923 τρείας.

2179 4942 2439 5011 Ποταμοὶ
2481 4942 2852 5011 κροτήσουσι
2903 4944 3053 5016 χειρὶ
3094 4945 3191 4998 ἐπὶ
3220 4942 3288 4997 τὸ
3317 4943 3487 4998 αὐτό.
3514 4944 3691 4998 Ποτα-

2115 5035 2247 5104 μοὺς
2266 5035 2393 5097 τοὺς
2415 5034 2602 5103 ἁγίους
2633 5031 2770 5089 εἷναί
2799 5055 2930 5108 φησι
2967 5036 3378 5108 μυσταγωγοὺς,
3408 5029 3484 5089 ὧν
3503 5039 3601 5089 καὶ
3629 5037 3690 5088 τὸ

2110 5125 2392 5180 σπουδαῖον
2427 5126 2518 5180 τοῦ
2543 5127 2893 5200 κηρύγματος
2933 5129 3022 5183 διὰ
3067 5130 3159 5183 τοῦ
3182 5130 3274 5182 ἐπὶ
3303 5129 3363 5182 τὸ
3395 5129 3525 5182 αὐτὸ
3557 5146 3688 5198 κρο-

2109 5221 2218 5270 τεῖν
2274 5219 2544 5288 σημαίνει.
2602 5219 2679 5274 Τὰ
2731 5219 2835 5288 ὄρη
2875 5220 3362 5289 ἁγαλλιάσοτται,
3414 5219 3505 5273 ὅτι
3556 5220 3688 5286 ἣκει

2110 5311 2304 5378 κρῖναι
2331 5307 2447 5377 τὴν
2475 5309 2607 5380 γῆν.
2669 5312 2734 5364 Αἱ
2793 5312 3080 5381 ἁγγελικαὶ
3119 5312 3360 5383 δηλονότι
3407 5309 3665 5375 δυνάμεις

2111 5399 2272 5472 Χαρὰ
2301 5400 2409 5472 γὰρ
2435 5402 2646 5471 γίνεται
2673 5405 2764 5457 ἐπὶ
2787 5405 2868 5458 ἑνὶ
2902 5403 3209 5477 ἁμαρτωλῷ
3235 5400 3605 5475 μετανοοῦντι..
