3880 6216
147 375 234 429 ιει
1131 372 1497 428 EXPOSITIO
1537 373 1601 426 IN
1641 373 1968 430 PSALMUM
2008 375 2239 432 XCVIII.

501 490 806 542 ΨΑΛΜΟΣ
845 487 927 552 τῷ
972 487 1172 542 Δαυΐὸ.
1205 489 1324 557 ιμ’.

748 580 1074 645 Ὑπόθεσις.

145 673 242 728 Καὶ
267 665 414 733 οὗτος
443 671 540 740 τὴν
571 670 804 741 Χριστοῦ
855 669 1132 741 βασιλείαν
1185 672 1439 742 σημαίνει
1467 672 1562 725 καὶ
1597 672 1696 741 τὴν

498 763 606 815 τῶν
653 762 952 834 ἀρχιερέων
995 762 1300 816 αὐθάδειαν.

215 854 265 906 '0
315 854 525 921 Κύριος
573 854 990 919 ἐϐασίλευσεν,
1041 853 1474 923 ὀργιζέονθωσαν
1534 857 1691 910 λαοί.

155 945 206 998 ’θ
223 945 442 1016 Χριστός
477 947 622 998 ἐστιν
647 939 708 999 οὗ
754 945 852 1016 τὴν
893 944 1168 1015 βασιλείαν
1205 947 1266 999 οὐ
1302 947 1694 1020 παραδέχονται

155 1034 376 1087 Ἰουδαῖοι
401 1034 764 1105 ὀργιζόμενοι.
809 1035 870 1087 '0
903 1034 1240 1104 καθήμενος
1287 1037 1388 1090 ἐπὶ
1427 1037 1549 1092 τῶν
1593 1055 1694 1107 χε-

143 1126 353 1195 ρουϐὶμ,
385 1126 736 1192 cuistqu
767 1127 806 1194 ἡ
839 1126 937 1196 γῆ.
984 1128 1156 1192 Αὐτὸς
1214 1128 1322 1203 γὰρ
1365 1124 1517 1194 οὗτος
1546 1133 1574 1184 ὁ
1604 1133 1696 1202 βα-

146 1218 381 1271 σιλεύσων
404 1220 488 1271 ἐπ’
520 1218 763 1289 ἐσχάτων
809 1219 918 1273 τῶν
945 1219 1156 1290 χρόνων
1183 1221 1290 1274 τῶν
1321 1222 1414 1274 ἐπὶ
1461 1221 1562 1292 τῆς
1593 1223 1695 1295 γῆς

144 1312 293 1371 ἐστιν,
339 1310 366 1362 ό
389 1311 615 1374 καὶτοῖς
638 1312 900 1383 χερουῶμ
930 1312 1316 1384 ἐποχούμενος,
1367 1314 1456 1383 ὑφ’
1489 1309 1549 1368 οὗ
1599 1317 1694 1370 καὶ

142 1398 383 1470 ἐσαλεύθη
425 1404 458 1470 ἡ
495 1401 588 1470 γῆ.
619 1403 785 1471 Φησὶν
820 1398 934 1456 οὖν’
968 1403 1038 1456 Σὺ
1060 1401 1108 1456 εἷ
1134 1405 1223 1459 ἐπὶ
1269 1405 1375 1459 τῶν
1407 1407 1690 1478 χερουϐὶμ,

142 1494 166 1542 ὁ
203 1493 289 1544 καὶ
322 1491 416 1561 τὴν
463 1493 555 1544 ἐπὶ
603 1493 759 1563 κακῷ
797 1495 986 1548 στάσιν
1047 1497 1414 1567 μετακινήσας
1445 1498 1546 1568 τῆς
1567 1499 1689 1569 γῆς,

142 1581 357 1648 γεγονὼς
387 1583 506 1636 καθ’
537 1586 703 1655 ἡμᾶς.
734 1585 930 1639 Στάσιν
961 1582 1054 1641 οὖν
1099 1588 1247 1657 λέγει
1278 1589 1375 1660 τὴν
1407 1590 1501 1661 τῆς
1537 1591 1690 1645 εἰδω-

142 1669 450 1742 λολατρείας.

197 1763 398 1828 Κύριος
417 1765 483 1817 ἐν
524 1765 680 1818 Σιὼν
724 1766 932 1835 μέγας.
963 1765 1101 1822 Σιὼν
1126 1770 1274 1821 ἐστιν
1302 1771 1335 1840 ἡ
1371 1770 1688 1842 Ἐκκλησία,

3262 377 3366 433 422

2088 486 2425 544 ΡδΑιΜΠδ
2461 488 2564 557 ipsi
2597 488 2786 542 David.
2824 487 2918 542 XC
2935 484 3101 540 VIII.

2377 581 2782 652 Argumentum.

1797 669 1863 724 Et
1899 669 1986 724 hic
2012 685 2230 740 quoque
2283 674 2528 741 psalmus
2561 674 2766 728 Christi
2805 688 3030 743 regnum
3072 671 3364 743 signiﬁcat,

1869 771 2031 832 atque
2054 765 2360 834 principum
2385 766 2728 820 sacerdotum
2767 765 3159 835 arrogantiam.

1868 855 1918 907 1.
1948 855 2206 912 Dominus
2259 861 2510 928 regnavit,
2539 861 2844 913 irascantur
2886 861 3087 929 populi.
3115 858 3364 915 Christus

1795 957 1878 1000 est
1901 946 2057 1015 cujus
2089 962 2313 1018 regnum
2347 947 2516 1004 Judaei
2564 949 2689 1003 irati
2743 966 2852 1004 non
2907 952 3201 1021 accipiunt.
3261 949 3364 1016 Qui

1795 1035 1936 1091 sedet
1963 1055 2121 1108 super
2165 1039 2453 1105 cherubim,
2498 1052 2767 1096 moveatur
2795 1051 2952 1095 terra.
2987 1042 3038 1097 ls
3075 1044 3219 1099 enim
3250 1042 3365 1112 ipse

1795 1137 1879 1183 est
1906 1130 2000 1199 qui
2027 1131 2082 1183 in
2117 1131 2436 1186 novissimis
2471 1135 2810 1202 temporibus
2831 1135 3078 1203 regnabit
3110 1135 3164 1188 in
3195 1143 3362 1194 terra,

1795 1218 1888 1288 qui
1919 1234 2083 1290 super
2117 1221 2404 1276 cherubim
2435 1224 2669 1290 vehitur,
2719 1233 2774 1279 et
2816 1226 2919 1280 sub
2950 1241 3060 1296 quo
3100 1234 3246 1282 mota
3282 1236 3364 1281 est

1797 1318 1958 1362 terra.
1991 1309 2082 1362 Ait
2135 1309 2341 1379 igitur:
2385 1311 2464 1366 Tu
2512 1328 2572 1367 es
2615 1329 2779 1382 super
2833 1316 3140 1379 cherubim,
3179 1317 3274 1386 qui
3305 1326 3360 1370 et

1793 1401 1997 1454 malum
2025 1410 2183 1455 terrae
2217 1411 2418 1457 statum
2451 1405 2823 1472 commutasti,
2861 1421 2986 1460 cum
3023 1407 3089 1460 ad
3119 1415 3360 1462 nostram

1794 1489 2208 1545 similitudinem
2243 1491 2419 1547 factus
2449 1507 2528 1548 es.
2557 1493 2632 1548 De
2661 1503 2804 1549 statu
2833 1495 3156 1552 idololatria:
3180 1497 3362 1568 loqui--

1795 1587 1902 1633 tur.

1862 1753 1917 1805 2.
1959 1752 2218 1809 Dominus
2244 1757 2301 1810 in
2339 1756 2471 1812 Sion
2505 1775 2749 1830 magnus.
2777 1759 2909 1816 Sion
2961 1768 3046 1818 est
3096 1763 3362 1831 Ecclesia,

141 1854 191 1904 ἐν
262 1853 529 1919 δοξάζεται
565 1859 660 1910 καὶ
689 1857 915 1927 ὑψοῦται
948 1861 1200 1931 Χριστὸς,
1260 1861 1400 1915 κατὰ
1427 1863 1488 1915 τὸ
1535 1865 1686 1936 εἰρη-

1801 1843 1845 1894 in
1869 1859 1973 1913 qua
2003 1846 2341 1915 gloriﬁcatur
2367 1857 2422 1902 et
2450 1851 2722 1906 exaltatur
2750 1854 3024 1916 Christus,
3076 1857 3233 1925 juxta
3279 1859 3364 1912 di-

143 1947 310 2014 μένον·
354 1949 608 2018 ’Υψώσω
662 1965 756 2017 σε,
803 1954 836 2005 ό
904 1953 1048 2017 Θεός
1090 1970 1244 2021 μου,
1305 1957 1338 2007 ό
1367 1955 1692 2022 ’βασιλεύς

139 2053 252 2102 μου.

209 2125 895 2198 Ἐξομολογησάσθωσαν
939 2130 1019 2196 τῷ
1052 2133 1296 2201 ὀνόματί
1319 2149 1436 2190 σου
1488 2136 1569 2202 τῷ
1587 2155 1691 2206 με-

140 2215 296 2282 γάλῳ.
329 2218 484 2287 Μέγα
513 2219 681 2273 αὐτοῦ
715 2221 774 2274 τὸ
823 2222 993 2294 ὄνομα
1029 2225 1111 2288 τὸ,
1160 2227 1383 2298 Ἰησοῦς,
1429 2229 1564 2282 καθὸ
1595 2232 1690 2283 καὶ

142 2308 351 2377 σωτηρία
388 2309 516 2363 λαοῦ
550 2312 932 2382 ἑρμηνεύεται.
962 2317 1120 2384 Μέγα
1147 2318 1306 2371 πάλιν
1351 2321 1410 2373 τὸ
1432 2321 1600 2393 ὄνομα
1629 2322 1690 2374 τὸ

141 2395 257 2466 ὑπὲρ
302 2400 403 2450 πᾶν
448 2399 647 2469 ὄνομα,
773 2402 954 2472 μέλλει
987 2405 1202 2476 κάμψαι
1237 2410 1344 2461 πᾶν
1381 2411 1530 2477 γόνυ,
1595 2413 1690 2465 καὶ

139 2487 266 2540 πᾶσα
307 2487 763 2561 ἐξομολογήσεται
814 2493 1055 2561 γλῶσσα,
1090 2497 1171 2550 ὅτι
1219 2498 1422 2570 Κύριος
1482 2502 1689 2572 Ἰησοῦς

139 2576 361 2647 Χριστός.
394 2582 521 2635 Ὅτι
581 2584 836 2652 φοϐερὸν
894 2587 987 2640 καὶ
1039 2587 1211 2658 ἅγιόν
1245 2591 1398 2645 ἐστι.
1457 2594 1688 2666 Φοϐερὸν

140 2669 222 2736 μὲν
247 2671 376 2724 κατὰ
399 2674 506 2728 τῶν
543 2674 914 2746 ὀργιζομένων
947 2677 1088 2733 λαῶν
1145 2683 1240 2736 καὶ
1285 2683 1358 2754 μὴ
1393 2686 1686 2756 προσδεχο-

140 2758 290 2826 μένων
321 2763 482 2816 αὐτοῦ
515 2763 620 2834 τὴν
650 2765 944 2835 βασιλείαν⁸
978 2769 1132 2838 ἅγιον
1159 2771 1215 2825 δὲ
1262 2777 1375 2838 τοῖς
1401 2777 1690 2830 πιστεύου-

138 2865 206 2901 σιν
226 2853 300 2914 εἰς
330 2855 507 2908 αὐτόν.
543 2856 658 2910 Καὶ
713 2858 848 2927 τιμὴ
888 2860 1196 2929 ,ϐασιλέως
1237 2867 1442 2932 κρίσιν
1467 2868 1686 2937 ἀγαπᾷ.

146 2938 336 3014 Ἐπειδὴ
383 2948 414 3016 ἡ
441 2947 582 3017 τιμὴ
639 2949 754 3018 ἦτοι
804 2953 836 3021 ἡ
885 2947 1010 3018 δόξα
1039 2953 1133 3008 τοῦ
1185 2955 1449 3025 βασιλέως
1502 2963 1692 3035 ἀγαπᾷ

135 3032 215 3101 τὴν
240 3034 602 3108 δικαιοσύνην,
627 3040 746 3110 ἥτις
769 3041 855 3095 διὰ
903 3045 1003 3115 τῆς
1034 3045 1269 3117 κρίσεως
1306 3051 1684 3122 ἑρμηνεύεταιο

134 3121 296 3176 τούτου
322 3126 477 3198 χάριν
503 3132 622 3192 τοῖς
651 3133 748 3200 μὲν
777 3134 1103 3206 ἀπειθήσασι
1139 3138 1198 3190 τὸ
1236 3142 1560 3214 πρόσταγμα
1592 3147 1688 3199 αύ-

135 3212 212 3264 τοῦ
236 3216 473 3288 φοϐερὸν,
500 3222 620 3282 τοῖς
644 3221 702 3272 δὲ
731 3223 1093 3279 ὑπακούουσιν
1124 3227 1297 3297 ἆγιον.
1333 3232 1417 3285 Σὺ
1447 3234 1690 3304 ἡτοίμα-

135 3318 232 3369 σας
250 3310 596 3378 εὑθύτητας.
635 3313 720 3366 Ἐν
751 3316 1062 3392 δικαιοσύνῃ
1112 3321 1220 3391 γὰρ
1273 3323 1455 3394 μέλλει
1485 3327 1689 3399 κρίνειν

135 3395 216 3466 τὴν
233 3402 572 3476 οἰκουμένην.

205 3488 449 3557 Ὑψοῦτε
484 3497 715 3563 Κύριον
743 3498 850 3554 τὸν
877 3499 1028 3555 Θεὸν
1065 3503 1253 3572 ἡμῶν.
1303 3507 1362 3559 '0
1394 3508 1594 3579 ὑψηλὸς
1614 3513 1688 3576 ὼς

135 3576 248 3642 Θεὸς
276 3584 364 3636 καὶ
396 3585 501 3640 ὑπὸ
532 3588 704 3652 πόδας
735 3590 874 3661 ἔχων
918 3595 1096 3647 πᾶσαν
1129 3596 1226 3667 τὴν
1261 3576 1449 3653 κτίσιν*
1467 3576 1688 3672 γέγονεν

136 3668 390 3739 ἀτρέπτως
418 3678 730 3750 ἄνθρωπος,
786 3681 987 3737 Τοῦτον
1038 3681 1150 3748 οὖν,
1214 3691 1366 3758 φησι,
1415 3668 1507 3747 τὸν
1533 3668 1685 3762 γενό-

138 3775 273 3826 μενον
316 3767 603 3838 ἀτρέπτως
653 3771 937 3844 ἄνθρωπον
971 3775 1192 3845 ὑῲοῦτε,
1257 3785 1687 3852 προσκυνοῦντες

135 3851 273 3906 αὑτὸν
306 3859 399 3928 μιᾷ
425 3863 796 3933 προσκυνήσει
827 3865 964 3934 μετὰ
987 3867 1086 3937 τῆς
1115 3868 1251 3932 ῑδίας
1285 3874 1502 3944 σαρκός.

192 4011 433 4081 Μωῢσῆς
464 4015 567 4069 καὶ
607 4017 823 4084 Ἀαρὼν
871 4019 942 4072 ἐν
987 4021 1113 4086 τοῖς
1164 4024 1430 4090 ἱερεῦσιν
1474 4029 1681 4084 αὐτοῦ.

134 4089 298 4163 Οὗτος,
333 4106 513 4173 φησὶν,
553 4108 582 4158 ό
615 4106 731 4170 νῦν,
763 4108 899 4162 καθὸ
927 4109 1172 4179 πέφυκεν
1193 4113 1497 4185 ἄνθρωπος.
1532 4119 1684 4190 βασι-

133 4184 302 4254 λεύσας
325 4193 429 4247 τῶν
469 4197 567 4249 ἐπὶ
609 4198 713 4268 γῆς
738 4194 826 4269 ἦν·
857 4199 914 4252 ὃν
964 4202 1059 4254 καὶ
1091 4205 1258 4257 πάλαι
1297 4184 1544 4280 Μωῦσῆς
1591 4215 1682 4267 καὶ

143 4276 328 4350 Ἀαρὼν
350 4285 441 4337 καὶ
467 4287 726 4356 Σαμουὴλ
779 4290 1162 4349 ἐπεκαλοῦντο.
1217 4295 1402 4349 Εἰπὼν
1447 4294 1560 4364 οὖν,
1600 4301 1680 4353 ὅτι

131 4371 502 4435 Προσκυνεῖτε
531 4376 614 4442 τῷ
641 4380 966 4448 ὑποποδίῳ,
1002 4384 1096 4436 καὶ
1125 4385 1221 4456 τὴν
1271 4387 1680 4462 ὲνανθρώπησιν

131 4460 210 4512 καὶ
233 4465 321 4536 τὴν
354 4469 666 4539 οἰκονομίαν
717 4471 980 4542 κηρύξας,
1040 4474 1199 4528 πάλιν
1251 4477 1680 4550 ἀσφαλιζόμενος

1791 1943 1939 1989 ctum
1979 1937 2145 1992 illud:
2185 1938 2452 1995 Exaltabo
2483 1950 2551 2006 te,
2576 1942 2717 1998 Deus
2746 1961 2912 2013 meus,
2939 1961 3032 2000 rex
3069 1964 3214 2003 meus
3242 1952 3314 2006 ⁷⁷.

1861 2112 1915 2177 5,
1954 2113 2009 2168 4.
2052 2111 2422 2184 Conﬁteantur
2462 2121 2665 2174 nomini
2714 2132 2805 2176 tuo
2858 2139 3072 2194 magno,
3116 2134 3222 2182 etc.
3250 2126 3364 2183 Ma-

1796 2219 1960 2272 gnum
1983 2214 2068 2259 est
2098 2222 2295 2261 nomen
2322 2208 2442 2279 ejus
2465 2211 2619 2277 illud,
2646 2210 2829 2281 Jesus,
2849 2215 2977 2284 quia
3006 2216 3155 2273 salus
3177 2221 3362 2288 populi

1792 2294 2086 2367 signiﬁcat.
2118 2295 2373 2369 Magnum
2399 2316 2592 2358 rursus
2618 2320 2817 2359 nomen
2847 2307 2977 2361 illud
2999 2311 3145 2378 quod
3169 2319 3254 2365 est
3276 2329 3364 2366 sn-

1791 2401 1886 2453 per
1902 2401 2061 2443 omne
2078 2404 2296 2456 nomen,
2317 2393 2403 2446 cui
2425 2395 2740 2450 curvabitur
2756 2411 2917 2452 omne
2936 2415 3095 2469 genu,
3114 2410 3167 2456 et
3183 2404 3362 2458 omnis

1791 2478 1977 2550 lingua
1996 2482 2360 2550 conﬁtebitur,
2386 2485 2511 2554 quia
2535 2485 2800 2545 Dominus
2823 2489 2982 2546 Jesus
3019 2492 3270 2549 Christus
3291 2497 3358 2560 ⁷⁸,

1789 2579 1894 2626 etc.
1926 2571 2189 2638 Quoniam
2215 2577 2446 2632 terribile
2475 2587 2526 2632 et
2559 2589 2803 2635 sanctum
2834 2593 2932 2638 est.
2968 2583 3237 2643 Terribile
3266 2589 3363 2643 ad-

1792 2678 1982 2718 versus
2007 2675 2193 2734 gentes
2232 2667 2398 2724 iratas
2432 2685 2555 2740 quae
2597 2688 2708 2727 non
2760 2687 3082 2746 receperunt
3108 2681 3229 2749 ejus
3273 2698 3360 2736 re-

1791 2770 1992 2823 gnum;
2034 2767 2283 2814 sanctum
2312 2771 2494 2817 autem
2525 2765 2874 2824 credentibus
2906 2770 2962 2825 in
2992 2787 3139 2827 eum.
3167 2773 3238 2828 Et
3267 2775 3360 2828 lio-

1793 2863 1890 2900 ποι·
1922 2851 2054 2920 regis
2074 2851 2338 2919 judirium
2368 2855 2563 2926 diligit.
2609 2857 2878 2926 Quoniam
2912 2863 3089 2920 honor
3124 2882 3217 2922 seu
3253 2866 3360 2938 glo-

1791 2941 1870 2994 ria
1900 2942 2042 3011 regis
2071 2943 2341 3012 justitiam
2369 2948 2568 3018 diligit,
2600 2966 2722 3019 quas
2753 2967 2850 3022 per
2889 2955 3157 3024 judicium
3209 2959 3362 3014 intel-

1790 3030 2009 3100 ligitur;
2045 3034 2166 3090 ideo
2217 3036 2704 3110 inobsequentibus
2744 3045 3058 3102 mandatum
3110 3049 3230 3118 ejus
3258 3059 3360 3105 ter-

1792 3122 1948 3177 ribile
1973 3135 2074 3190 est,
2107 3137 2356 3183 sanctum
2398 3141 2580 3188 autem
2610 3137 2958 3195 credentibus
2992 3142 3045 3194 in
3092 3158 3240 3198 eum.
3278 3141 3358 3198 Tu

1717 3199 1759 3256 C
1791 3214 1999 3280 parasti
2028 3215 2358 3274 directiones.
2396 3218 2453 3274 In
2476 3222 2690 3293 justitia
2719 3228 2864 3282 enim
2896 3230 3242 3300 judicaturus
3278 3254 3359 3295 est

1791 3303 1997 3357 orbem.

1861 3482 1914 3537 5.
1951 3482 2203 3542 Exaltate
2230 3488 2518 3546 Dominum
2549 3492 2716 3548 Deum
2744 3506 3006 3553 nostrum.
3050 3498 3154 3566 Qui
3179 3507 3358 3559 excel—

1791 3587 1888 3628 sus
1914 3583 1997 3630 est
2026 3584 2212 3647 utpote
2243 3578 2408 3644 Deus,
2455 3592 2511 3638 et
2555 3587 2660 3641 sub
2698 3590 2861 3657 pedes
2925 3591 3086 3646 habet
3138 3609 3356 3652 omnem

1790 3675 2122 3734 creaturam,
2165 3668 2281 3724 sine
2303 3675 2602 3730 mutatione
2638 3677 2815 3734 factus
2851 3689 2936 3736 est
2969 3684 3155 3741 homo.
3199 3686 3358 3744 Hunc

1788 3754 1991 3827 itaque,
2041 3760 2138 3823 ait,
2189 3762 2282 3830 qui
2312 3764 2430 3818 sine
2473 3769 2776 3824 mutatione
2819 3769 2998 3829 factus
3045 3787 3128 3832 est
3169 3781 3352 3847 homo,

1790 3848 2049 3913 exaltate,
2084 3851 2374 3910 adorantes
2403 3871 2528 3912 eum
2565 3871 2674 3914 una
2715 3863 3031 3921 adoratione
3082 3885 3206 3926 cum
3249 3889 3348 3930 sua

1786 3952 1970 3993 carne.

1856 4029 1910 4082 6.
1949 4029 2153 4100 Moyses
2182 4041 2232 4086 et
2263 4035 2438 4090 Aaron
2469 4039 2526 4091 in
2561 4042 2919 4099 sacerdotibus
2947 4045 3082 4106 eius.
3119 4047 3242 4118 Hic,
3274 4054 3355 4107 in-

1784 4119 1924 4187 quit,
1955 4122 2048 4190 qui
2087 4138 2234 4178 nunc
2263 4135 2534 4194 quatenus
2572 4129 2736 4185 homo
2781 4131 2958 4192 factus
2983 4145 3069 4192 est
3108 4145 3355 4211 regnavit

1783 4211 1837 4264 in
1867 4221 2103 4279 terrena,
2142 4217 2188 4271 is
2214 4217 2329 4286 ipse
2360 4227 2477 4273 erat
2510 4235 2670 4289 quem
2697 4223 2824 4277 olim
2850 4225 3062 4298 Moyses
3087 4241 3141 4285 et
3169 4233 3352 4288 Aaron

1781 4309 1835 4352 et
1855 4301 2073 4358 Samuel
2101 4305 2447 4362 invocabant.
2474 4307 2766 4380 Postquam
2788 4313 2925 4370 dixit
2954 4317 3138 4388 itaque
3162 4340 3175 4374 :
3209 4322 3355 4376 Ado-

1784 4402 1898 4447 rate
1927 4395 2209 4450 scabellum
2231 4397 2425 4468 pedum
2446 4401 2560 4470 ejus
2579 4402 2714 4474 (4i),
2737 4413 2899 4476 atque
2921 4409 3353 4469 incarnationem

1781 4487 2252 4558 (economiamque
2273 4493 2604 4558 praedicavit,
2629 4509 2848 4551 rursum
2867 4513 2968 4554 nos
2998 4500 3352 4568 conﬁrmans,

129 4553 275 4620 ἡμᾶς,
319 4557 412 4629 τὴν
455 4559 687 4632 θεότητα
762 4565 1016 4634 σημαίνει
1059 4566 1146 4619 διὰ
1206 4567 1298 4620 τοῦ
1357 4569 1684 4640 δηλωθέντος

1801 4575 2126 4634 iivinitatem
2162 4553 2541 4650 per-montem
2569 4586 2722 4640 illum
2751 4589 3019 4658 signiﬁcat
3046 4609 3060 4646 :
3090 4595 3354 4649 remansit

128 4641 282 4710 δρους.
334 4651 630 4722 Μεμένηκε
662 4653 770 4726 γὰρ
815 4655 966 4721 Θεὸς,
1021 4660 1071 4712 εἰ
1123 4661 1217 4713 καὶ
1264 4661 1421 4716 ἔλαϐε
1454 4664 1552 4736 τὴν
1585 4669 1679 4721 τοῦ

127 4732 288 4791 δούλου
324 4743 536 4814 μορφὴν
559 4743 646 4796 διὰ
677 4744 774 4815 τὴν
801 4746 958 4818 ήμῶν
991 4750 1285 4822 σωτηρίαν.

187 4831 348 4898 Κύριε
371 4837 403 4888 ό
443 4836 590 4902 Θεὸς
620 4837 807 4905 ἡμῶν,
833 4839 914 4892 σὺ
953 4840 1304 4910 ἐπήκουσας
1344 4847 1582 4914 αὐτούς.
1616 4851 1678 4904 Εἰ

128 4919 209 4970 καὶ
231 4919 402 4989 ἔδοξάν
456 4945 507 4980 τι
542 4927 878 4998 ἁμαρτάνειν
926 4929 1001 4992 ὡς
1029 4931 1322 5004 ἄνθρωποι,
1372 4937 1433 4988 οὐ
1463 4938 1679 5010 παρεώ-

131 5025 300 5077 ρακας,
329 5019 509 5088 φησίν.
563 5020 849 5092 Ἦλέγχετο
887 5019 980 5078 οὖν
1025 5025 1118 5078 ἐπὶ
1146 5025 1240 5080 τοῦ
1271 5027 1471 5098 μόσχου
1502 5033 1682 5103 ἀμαρ-

127 5102 280 5160 τάνων
322 5110 528 5183 Ἀαρὼν
560 5115 652 5167 καὶ
680 5115 922 5186 Μωϋσῆς
957 5117 1049 5170 ἐπὶ
1070 5118 1162 5171 τοῦ
1215 5119 1408 5196 ὓδατοςς
1455 5123 1554 5194 τῆς
1583 5102 1678 5178 ἀν-

125 5198 359 5264 τιλογίας.

188 5287 289 5344 Καὶ
310 5297 697 5362 προσκυνεῖτε
732 5301 820 5365 εἰς
844 5299 981 5368 ὄρος
1028 5301 1198 5372 ἅγιον
1235 5304 1441 5361 αὑτοῦ.
1479 5307 1551 5359 Ἦ
1576 5307 1672 5378 τὴν

127 5379 208 5434 ἐπὶ
251 5385 349 5455 γῆς
395 5387 428 5457 ἢ
491 5389 587 5461 τὴν
637 5392 958 5462 ἐπουράνιον
1021 5393 1375 5467 Ἰερουσαλήμ
1430 5399 1673 5470 φησιν-ἢ

127 5467 236 5537 ὅρος
259 5476 410 5531 πάλιν
460 5481 620 5534 αὑτὸν
655 5484 872 5554 νοητέον
923 5485 1015 5539 τὸν
1065 5487 1366 5558 Μονογενῆ,
1415 5489 1554 5543 κατὰ
1583 5467 1669 5543 τόέ

140 5558 365 5634 Ἐτμήθη
393 5573 558 5637 λίθος
579 5573 648 5638 ἐξ
673 5573 848 5642 ὄρους
873 5575 1019 5631 ἄνευ
1055 5577 1285 5646 χειρῶν.

1787 4665 1985 4736 quippe
2010 4667 2175 4732 Deus,
2204 4672 2421 4726 etiamsi
2452 4684 2673 4745 propter
2704 4688 2947 4734 nostram
2972 4683 3203 4739 salutem
3239 4699 3358 4740 car-

1787 4773 1911 4813 nem
1938 4764 2316 4831 assumpserit.

1861 4850 1915 4905 8.
1949 4853 2174 4908 Domine
2197 4855 2338 4909 Deus
2368 4867 2561 4926 noster,
2590 4871 2646 4912 tu
2666 4862 2985 4919 exaudiebas
3008 4882 3115 4921 eos.
3149 4865 3356 4922 Etiam-

1786 4942 1831 4995 si
1864 4942 1917 4996 in
1947 4944 2131 5015 aliquo
2178 4963 2404 5016 peccare
2435 4951 2535 5005 visi
2569 4961 2697 5008 sunt
2735 4963 2920 5024 utpote
2955 4957 3206 5015 homines
3231 5000 3247 5025 ,
3297 4972 3356 5014 tu

1792 5044 1970 5090 tamen
1999 5053 2106 5092 non
2133 5043 2506 5111 contempsisti
2541 5059 2654 5100 eos.
2687 5045 2896 5103 Peccati
2939 5051 3120 5120 itaque
3161 5069 3354 5122 argue-

1787 5125 1946 5180 batur
1966 5127 2147 5184 Aaron
2175 5131 2244 5186 ob
2276 5133 2502 5188 vitulum
2524 5174 2539 5198 ,
2567 5145 2620 5190 et
2642 5135 2851 5209 Moyses
2887 5150 3124 5219 propter.
3153 5157 3350 5211 aquam

1783 5219 2246 5278 contradictionis.

1855 5309 1908 5364 9.
1941 5310 2010 5363 Et
2039 5312 2256 5368 adorata
2292 5316 2347 5369 in
2377 5329 2548 5372 monte
2575 5329 2758 5374 sancto
2782 5323 2916 5390 ejus.
2943 5321 3051 5376 Aut
3081 5331 3347 5378 terrenam

1786 5410 1880 5456 aut
1913 5404 2187 5460 caelestem
2237 5405 2539 5465 Jerusalem
2573 5412 2706 5467 dicit
2737 5431 2750 5467 :
2787 5423 2881 5468 aut
2929 5430 3151 5470 rursum
3187 5431 3348 5470 mon-

1783 5499 1890 5546 tem
1922 5493 2218 5567 intelligere
2245 5514 2538 5568 possumus
2560 5500 2907 5574 Unigenitum
2933 5545 2948 5570 ,
2973 5506 3129 5576 juxta
3159 5506 3291 5562 illud
3331 5526 3343 5560 :

1782 5584 2009 5642 Excisus
2035 5600 2109 5644 est
2142 5591 2280 5662 lapis
2312 5595 2374 5649 de
2404 5604 2576 5652 monte
2603 5599 2713 5652 sine
2740 5599 2978 5655 manibus
2991 5603 3057 5658 "’.

190 5677 231 5710 ⁷⁷
256 5678 392 5737 Psal.
426 5700 600 5753 cxuv,
636 5689 686 5741 l.
759 5690 804 5721 ⁷⁸
831 5688 1063 5762 Philipp.
1096 5710 1154 5758 ιι,
1185 5694 1270 5758 10,
1313 5697 1395 5751 ll.
1475 5698 1519 5730 τ’
1559 5698 1686 5754 Dan.

1802 5742 1815 5767 ,
1856 5703 1942 5756 54.

195 5771 298 5834 (41.)
325 5773 448 5831 llaec
471 5781 742 5840 pertinent
772 5783 839 5837 ad
869 5799 1085 5840 versum
1119 5787 1170 5842 9.
