3880 6216
436 379 544 436 42⁵5
1283 372 1340 426 S.
1385 371 1758 426 ATHANASH
1797 373 1953 428 OPP.
1997 371 2179 426 PARS
2217 371 2306 426 ill.
2349 400 2416 409 ——
2456 366 2865 422 EXEGETICA.
3587 357 3699 413 ‘25

610 492 661 546 1.
729 489 1065 546 Ρεπιιλιιιτς
1093 490 1151 542 'in
1199 489 1595 556 confessionem.
1626 489 1837 544 XCIX.
2035 497 2080 550 Α

2035 497 2080 550 Α
2355 487 2660 542 ΨΑΛΜΟΣ
2684 485 2770 548 εἰς
2801 482 3261 550 ἐξομολόγησιν.
3307 479 3420 546 ιτΘΩ

1022 587 1060 636 Α
1074 595 1342 653 rgumenta
1352 602 1420 637 nt.

2737 575 2749 591 '
2764 575 3070 636 Υπόθεσις.

443 673 498 727 ιιι
531 676 636 730 hoc
659 677 868 744 psalmo
889 691 984 729 eos
1010 677 1101 743 qui
1129 676 1241 744 jam
1269 684 1617 728 accesserant
1641 674 1707 728 ad
1735 672 1893 728 ﬁdem
1927 690 1975 727 at

2171 673 2218 723 iv
2243 669 2415 740 τούτῳ
2433 668 2508 738 τῷ
2530 665 2728 736 ψαλμῷ
2754 667 2864 726 τοῖς
2897 663 2995 733 ήδη
3027 660 3384 733 προσελθοῦσι
3418 663 3486 731 τῇ
3517 660 3703 712 πίστει

516 765 756 819 hortatio
787 766 1084 834 alloquitur
1110 805 1123 828 ,
1172 775 1231 818 ut
1257 767 1552 835 gratiarum
1586 767 1827 820 actiones
1851 765 1916 819 de
1949 765 2016 819 iis

2192 761 2513 833 παραίνεσιν
2542 758 2805 828 εἰσφέρει,
2830 755 2970 825 ὑπὲρ
2987 752 3080 806 τοῦ
3106 753 3396 823 ἀναφέρειν
3424 752 3570 822 ὑπὲρ
3596 750 3704 802 τῶν

517 872 639 926 quae
679 866 827 927 gesta
861 868 988 910 sunt
1018 857 1270 911 oﬂ‘erant.
1325 857 1614 912 Confessio
1641 859 1786 911 enim
1822 858 1925 912 hoc
1960 858 2013 910 in

2189 853 2288 924 ἤδη
2317 849 2693 919 γεγενημένων
2726 846 3094 917 εὐχαριστίας.
3141 847 3205 898 Ἠ
3234 843 3342 914 γὰρ
3373 841 3707 913 ἐξομολόγη-

519 947 660 1010 loco,
691 947 990 1015 gratiarum
1022 949 1290 1001 actionem
1321 963 1444 1001 cum
1478 947 1638 1002 laude
1668 948 2014 1018 conjunctam

2193 959 2276 1004 σις
2302 943 2358 993 ἐν
2385 939 2556 1009 τούτῳ
2586 938 2682 1008 τὴν
2741 935 2856 1006 μετ’
2891 934 3151 997 αἰνέσεως
3200 933 3556 1004 εὐχαριστίαν
3614 949 3709 1000 ση-

516 1037 805 1107 signiﬁcat.

2195 1031 2393 1102 μαίνει.

509 1128 563 1181 2.
590 1127 826 1182 Jubilate
863 1128 989 1194 Deo,
1009 1130 1178 1182 omnis
1215 1139 1379 1185 terra.
1415 1129 1743 1200 Rcdemptos
1771 1133 1924 1202 jubet
1947 1137 2022 1189 vi-

2205 1121 2570 1186 Ἀλαλάξατε
2597 1120 2676 1186 τῷ
2705 1121 2845 1184 Θεῷ,
2892 1117 3061 1174 πᾶσα
3086 1118 3121 1184 ἠ
3152 1115 3249 1186 γῆ.
3292 1114 3395 1167 Τὸν
3436 1112 3707 1202 έπινίκιον

447 1221 630 1274 οιοτίω
652 1236 868 1275 carmen
896 1237 1108 1275 canere.
1136 1221 1416 1290 Redempti
1433 1224 1632 1292 quippe
1655 1235 1810 1279 erant
1832 1242 1979 1281 omne

2174 1217 2246 1278 νὸς
2273 1214 2709 1286 λελυτρωμένους
2739 1213 2881 1283 ᾄδειν
2933 1208 3382 1280 παρακελεύεται.
3438 1201 3625 1258 Ἦσαν
3650 1205 3706 1257 δὲ

448 1313 716 1367 homines.
797 1312 1020 1366 Terram
1079 1323 1259 1367 autem
1319 1324 1479 1368 vocat
1506 1315 1812 1370 habitantes
1850 1318 1903 1370 in
1932 1333 1980 1372 et

2201 1307 2594 1378 λελυτρωμένοι
2624 1307 2768 1358 ἆπαν
2801 1305 2860 1357 τὸ
2884 1303 2990 1356 τῶν
3036 1299 3339 1374 ἀνθρώπων
3373 1297 3554 1367 γένος.
3596 1297 3707 1366 Γῆν

450 1402 646 1458 Servite
663 1404 887 1457 Domino
913 1406 964 1457 in
992 1407 1198 1458 lartitia.
1233 1405 1524 1460 llominum
1545 1408 1776 1462 servitus
1798 1409 1982 1464 noxiur

2177 1402 2231 1471 Ξιρ
2263 1402 2387 1464 τοὺς
2410 1399 2792 1462 κατοικοῦντας
2823 1399 2921 1468 τὴν
2971 1397 3073 1466 γῆν
3123 1394 3295 1449 καλεῖ.
3325 1394 3709 1446 Δουλεύσατε

448 1495 700 1548 timorem
744 1495 937 1560 eiiicit,
995 1495 1206 1550 Domini
1246 1507 1425 1550 autem
1482 1499 1714 1552 servitus
1768 1499 1980 1554 timoret

2179 1492 2204 1558 ξ)
2231 1492 2424 1560 Κῳίῳ
2449 1492 2518 1544 ἐν
2547 1490 2918 1559 εὐφροσύνῃ.
2958 1489 3024 1542 Ἡ
3043 1487 3098 1539 δὲ
3121 1485 3228 1539 τῶν
3262 1483 3564 1555 ἀνθρώπων
3597 1483 3711 1535 δου-

451 1597 684 1649 castum,
735 1603 796 1640 cx
827 1603 935 1656 quo
961 1589 1157 1641 anima:
1183 1589 1430 1643 oboritur
1461 1590 1666 1644 laetitia.
1708 1589 1933 1645 Introite
1965 1594 1982 1645 i

2176 1586 2243 1637 μία
2273 1584 2435 1652 φόϐον
2469 1580 2789 1653 φθοροποιὸν
2819 1580 3054 1648 ἐμποιεῖ,
3084 1579 3116 1646 ἡ
3141 1577 3198 1629 δὲ
3225 1575 3316 1628 τοῦ
3345 1575 3550 1646 Κυρίου
3581 1574 3708 1627 δου-

453 1689 728 1746 conspectu
751 1677 864 1745 eius
895 1680 948 1731 in
983 1679 1350 1733 exsultatione.
1411 1680 1511 1746 Qui
1539 1682 1649 1749 jam
1684 1682 1985 1750 jubilationi

2172 1676 2243 1728 εία
2288 1675 2447 1744 φόϐον
2469 1672 2650 1740 ἁγνὸν,
2688 1671 2746 1735 ἐξ
2777 1665 2836 1724 οὗ
2869 1669 3077 1738 γίνεται
3105 1671 3170 1738 τῇ
3198 1667 3340 1737 ψυχῇ
3374 1664 3704 1734 εὐφροσύνη.

455 1769 691 1823 hetitiam
730 1781 907 1823 mente
941 1773 1222 1839 percepit,
1279 1772 1365 1824 hic
1393 1774 1552 1841 quasi
1602 1785 1751 1827 stans
1789 1775 1840 1826 in
1893 1790 1987 1829 con

2177 1763 2438 1816 ἐσέλθετε
2471 1759 2726 1814 ἐνώπιον
2766 1758 2951 1812 αὑτοῦ
2993 1758 3065 1811 ἐν
3093 1757 3468 1825 ἀγαλλιάσει.
3512 1755 3570 1807 ὐ
3605 1755 3709 1824 ἢδη

455 1869 642 1931 spectu
671 1859 873 1915 Christi
907 1863 1103 1930 gaudio
1135 1863 1350 1932 gaudet,
1385 1873 1437 1918 et
1473 1865 1577 1919 hoc
1601 1876 1685 1919 est
1710 1868 1987 1922 exsultatit

2164 1853 2217 1904 οῦ
2251 1850 2562 1922 ἀλαλαγμοῦ
2600 1850 2698 1921 τὴν
2729 1850 2808 1912 εἰς
2835 1848 2961 1901 νοῦν
2991 1848 3287 1917 δεξάμενος
3329 1845 3696 1915 εὐφροσύνην,

2128 1937 2281 2006 οὗτος
2312 1943 2498 2014 ὥσπερ
2545 1941 2774 1995 ἐνώπιον
2805 1941 3088 2011 ἱστάμενος
3147 1937 3241 1990 τοῦ
3292 1935 3531 2009 Χριστοῦ
3566 1937 3718 2006 χαρᾷ

2128 2037 2328 2108 χαίρει,
2353 2034 2446 2087 καὶ
2474 2033 2629 2086 τοῦτό
2658 2034 2805 2085 ἐστιν
2839 2031 3178 2100 ἀγαλλίασις.

527 2146 580 2199 5.
615 2145 814 2200 Scitote
839 2147 1084 2216 quoniam
1128 2148 1384 2202 Dominus
1415 2151 1522 2218 ipse
1551 2159 1626 2204 est
1659 2150 1798 2205 Deus
1834 2161 2027 2207 noster.

2199 2126 2400 2180 Γνῶτε
2433 2125 2522 2178 ὅτι
2553 2126 2770 2192 Κύριος
2813 2126 2997 2190 αὐτός
3040 2123 3212 2176 ἐστιν
3253 2123 3285 2174 ὁ
3333 2119 3479 2186 Θεὸς
3517 2119 3712 2188 ἡμῶν.

459 2235 558 2292 Hic
588 2214 872 2303 Dominus,
921 2241 1124 2308 inquit,
1154 2241 1244 2309 qui
1281 2214 1501 2310 proprio
1546 2243 1809 2312 sanguine
1860 2251 1991 2298 totat'

2185 2215 2314 2282 Βτος,
2368 2219 2551 2290 φησὶν,
2606 2221 2634 2272 ό
2666 2217 2869 2288 Κύριος
2915 2217 2943 2268 ὁ
2997 2215 3072 2285 τῷ
3109 2215 3225 2283 ἰδίῳ
3267 2214 3461 2284 αἵματι
3529 2215 3717 2266 πᾶσαν

457 2331 686 2384 redemit
709 2339 930 2399 terram,
956 2333 1068 2400 ipse
1096 2339 1179 2386 est
1206 2341 1410 2386 nostrre
1437 2303 1881 2402 facturzevopilex.
1909 2333 1987 2388 No

2186 2312 2542 2384 ’τρωσάρενος
2573 2311 2672 2382 τὴν
2699 2311 2825 2380 γῆν,
2874 2307 3036 2371 αὐτός
3081 2308 3229 2358 ἐστιν
3263 2306 3291 2357 ὁ
3325 2305 3418 2358 καὶ
3449 2303 3544 2356 τοῦ
3574 2306 3718 2375 ἡμε-

457 2422 601 2475 enim
629 2437 697 2477 ex
742 2423 900 2476 nobis
933 2423 1064 2492 ipsis
1091 2425 1429 2488 exstitimus,
1463 2425 1557 2479 sed
1591 2440 1729 2494 opus
1764 2441 1989 2479 manuut

2195 2423 2284 2476 pou
2312 2404 2436 2474 ποιὴ
2447 2421 2612 2474 ματος
2633 2402 2982 2473 δημιουργός.
3003 2400 3076 2452 Οὐ
3101 2398 3209 2469 γάρ
3235 2391 3556 2467 αὐτομάτως
3591 2413 3719 2448 συν-

460 2513 580 2581 ejus
605 2529 816 2569 sumus.
845 2513 1189 2584 Quapropter
1208 2525 1260 2569 et
1281 2517 1513 2585 populus
1543 2518 1662 2586 ejus
1684 2526 1736 2572 et
1759 2534 1886 2573 oves
1911 2518 1992 2587 cju

2189 2512 2388 2565 ’τημεν,
2447 2493 2582 2548 ἀλλὰ
2609 2493 2715 2546 τῶν
2741 2493 2940 2563 χειρῶν
2985 2488 3144 2544 αὐτοῦ
3194 2488 3354 2558 ἔργον
3411 2485 3600 2556 ἐσμέν.
3627 2485 3721 2538 Διὸ

458 2578 668 2669 sumus,
702 2605 775 2659 ita
808 2578 982 2659 IIl—illc
1011 2578 1230 2675 quidem
1261 2578 1494 2677 populus
1525 2578 1628 2672 sit,
1662 2609 1754 2678 qui
1787 2578 1990 2662 rationa

2186 2591 2224 2643 tl.
2246 2590 2372 2654 λαὸς
2394 2588 2554 2642 αὑτοῦ
2589 2589 2683 2642 καὶ
2731 2586 2980 2658 πρόϐατα
3030 2581 3193 2638 αὐτοῦ
3242 2579 3606 2651 τυγχάνομεν·
3643 2578 3718 2639 ὡς

463 2695 621 2748 bilior
643 2705 756 2763 est;
786 2712 915 2750 oves
941 2707 1145 2761 autem,
1176 2698 1268 2766 qui
1303 2699 1354 2751 in
1391 2699 1578 2753 ordine
1605 2700 1995 2754 irrationabilio

2187 2701 2268 2738 ναι
2299 2683 2396 2753 μὲν
2444 2683 2473 2734 ὁ
2510 2681 2634 2744 λαὸς
2677 2678 3058 2749 λογικώτερος,
3119 2674 3364 2745 πρόϐατα
3401 2672 3458 2725 δὲ
3515 2673 3563 2724 oi
3620 2670 3719 2740 τὴν

461 2800 584 2839 rum
621 2788 972 2849 consistunt,
1025 2804 1201 2857 neque
1255 2792 1684 2860 experimentum
1741 2793 1993 2862 quodpiat

2187 2775 2472 2844 λογωτέραν
2513 2771 2666 2837 τάξιν
2694 2769 3002 2840 ἐπέχοντες,
3034 2766 3130 2818 καὶ⁸
3185 2763 3258 2834 μὴ
3317 2765 3374 2815 ἐν
3419 2759 3719 2832 πειρατῶν

461 2877 628 2931 divini
676 2879 876 2948 eloquii
911 2852 1145 2946 habent,
1175 2852 1342 2951 juxta.
1377 2883 1581 2938 dictum
1619 2852 1802 2939 illud-z
1842 2852 1993 2940 Errat

2197 2866 2287 2918 ίων
2311 2865 2461 2928 ὅντες
2493 2863 2708 2932 λογίων,
2745 2860 2889 2914 κατὰ
2914 2859 2974 2912 τὸ
2995 2856 3299 2928 εἰρημένον·
3332 2852 3722 2919 Ἐπλανήθην

458 2971 596 3024 sicut
631 2972 738 3024 oris
769 2987 883 3041 quae
915 2973 1154 3039 periit”.

2131 2957 2211 3022 ὡς
2237 2956 2535 3023 πρόϐατον
2564 2952 2902 3016 ἀπολωλός.

527 3062 582 3114 4.
613 3059 727 3114 Nos
759 3032 931 3114 autem
979 3063 1202 3130 populus
1234 3061 1346 3130 ejus
1396 3071 1444 3117 et
1479 3079 1594 3119 oves
1637 3081 1847 3134 pascua:
1893 3067 2028 3136 ejus.

2220 3045 2422 3116 Ἡμεῖς
2483 3043 2550 3097 δὲ
2605 3043 2754 3107 λαὸς
2817 3038 3022 3105 αὑτοῦ,
3059 3037 3156 3091 καὶ
3210 3037 3478 3104 πρόϐατα
3523 3032 3718 3103 νομῆς

459 3151 566 3205 Alii
597 3161 725 3206 sunt
752 3159 810 3205 ut
838 3126 1069 3221 populus
1097 3154 1236 3222 ejus,
1254 3126 1364 3223 iqui
1396 3155 1605 3209 scilicet
1626 3126 1991 3224 priestantiorc

2190 3138 2341 3193 ὓτοῦ.
2373 3135 2556 3188 ’Ἄλλοι
2591 3135 2687 3205 μὲν
2721 3133 2795 3195 ὡς
2841 3131 2967 3192 λαὸς
3025 3128 3210 3187 αὑτοῦ,
3258 3130 3305 3180 οἱ
3340 3127 3646 3198 κρείττουςο
3672 3126 3722 3177 ol

463 3252 626 3308 sunt;
661 3245 750 3297 alii
781 3254 840 3298 ut
861 3260 990 3298 oves
1015 3260 1231 3314 pascuae
1253 3247 1393 3315 ejus,
1429 3248 1520 3315 qui
1556 3247 1608 3300 in
1634 3245 1888 3302 inferiore
1915 3263 1995 3317 gr:

2190 3230 2290 3293 ,ὡς
2317 3229 2561 3300 πρόϐατα
2585 3229 2754 3296 νομῆς
2805 3221 2990 3285 αὑτοῦ,
3039 3223 3086 3273 οἱ
3120 3218 3547 3288 ὑποϐεϐηκότες.
3571 3219 3722 3286 Πλὴν

463 3336 535 3388 du
567 3336 841 3391 incedunt.
873 3336 1164 3400 Caeterum,
1185 3354 1309 3391 cum
1344 3339 1589 3392 omnium
1615 3339 1756 3393 Deus
1783 3349 1834 3394 et
1864 3339 1995 3394 factc

2192 3323 2290 3386 that,
2324 3322 2539 3374 πάντων
2575 3319 2708 3382 Θεὸς
2763 3319 2836 3370 ὢν
2872 3318 2968 3370 καὶ
3020 3315 3268 3383 ποιητὴς,
3326 3312 3535 3374 πάντας
3567 3310 3724 3364 καλεί

464 3424 556 3488 sit,
587 3439 775 3480 omnes
803 3436 960 3480 vocat
994 3436 1049 3480 et
1075 3427 1325 3495 proprios
1352 3427 1455 3481 sibi
1482 3427 1661 3482 eﬂicit.
1695 3426 1829 3482 Nam
1859 3430 1996 3483 homi

2193 3415 2228 3466 tl
2261 3410 2636 3479 ἐξοικειοῦται.
2690 3406 3033 3479 Ἀνθρώπους
3079 3403 3187 3474 γὰρ
3237 3405 3329 3456 καὶ
3359 3404 3528 3472 κτήνη
3560 3398 3725 3463 σώζει

463 3531 561 3570 nes
589 3525 642 3570 et
664 3517 909 3585 jumenta
953 3519 1123 3573 salvat
1150 3517 1417 3573 Dominus
1438 3519 1513 3586 9‘;
1558 3520 1680 3574 illos
1713 3520 1929 3589 quidem
1979 3537 1995 3574 ι

2194 3507 2285 3568 εός·
2315 3506 2439 3566 τοὺς
2471 3503 2568 3572 μὲν
2597 3500 2672 3563 ὡς
2715 3498 2842 3551 λαὸν
2876 3495 3064 3556 αὑτοῦ,
3123 3495 3190 3546 τὰ
3235 3494 3291 3546 δὲ
3342 3491 3418 3556 ὡς
3473 3491 3726 3561 πρόϐατα

462 3609 724 3678 populum
753 3624 911 3663 suum
933 3651 947 3674 ,
987 3611 1085 3665 hos
1117 3626 1248 3664 vero
1279 3620 1337 3665 ut
1363 3627 1493 3666 oves
1520 3627 1738 3682 pascuae
1777 3628 1908 3667 suae.
1939 3612 1994 3666 In

2202 3597 2307 3666 μῆς
2341 3594 2524 3647 αὑτοῦ.
2562 3589 2881 3646 Εὶσέλθετε
2912 3591 2999 3654 είς
3022 3588 3120 3652 τὰς
3178 3586 3372 3650 πύλας
3424 3582 3614 3636 αὐτοῦ
3658 3582 3729 3634 ἐν

467 3702 622 3754 troite
650 3712 830 3771 portas
855 3702 964 3771 ejus
991 3704 1043 3756 in
1079 3705 1423 3773 confessione.
1471 3703 1662 3758 Portas
1695 3703 1911 3759 Domini
1939 3704 1999 3760 Et

2198 3684 2588 3755 ζομολογήσει.
2627 3681 2808 3743 Πύλας
2845 3679 2938 3733 τοῦ
2977 3677 3184 3747 Κυρίου
3213 3677 3309 3747 τὴν
3337 3675 3428 3727 ἐπὶ
3459 3673 3566 3742 γῆς
3604 3674 3730 3725 Ἐκ-

465 3793 689 3847 clesiam
746 3809 867 3863 quae
923 3795 976 3847 in
1027 3803 1170 3848 terra
1203 3804 1286 3849 est
1312 3806 1508 3861 vocat,
1545 3796 1600 3850 in
1649 3812 1756 3865 qua
1791 3797 1997 3851 conﬁtei

2193 3780 2366 3851 ιησίαν
2411 3778 2597 3848 φησὶν,
2625 3769 2745 3849 ὲνῇ
2804 3771 3242 3844 ἐξομολογεῖσθαι
3287 3769 3387 3833 δεῖ,
3437 3768 3533 3820 ἆτε
3583 3766 3725 3837 πρό-

469 3891 714 3954 oportet,
784 3901 848 3938 ac
898 3885 1233 3941 denuntiatis
1267 3897 1424 3942 antea
1476 3890 1744 3957 peccatis,
1780 3889 2001 3944 beneﬁci

2203 3889 2293 3942 ρον
2354 3867 2768 3937 ἐξαγγέλλοντες
2824 3866 2894 3918 τὰ
2941 3864 3337 3934 ἁμαρτήματα,
3387 3860 3487 3923 τάς
3529 3875 3591 3912 τε
3647 3862 3730 3923 εἰς

468 3977 629 4032 nobis
659 3977 851 4032 collata
882 3994 1161 4032 enarrare.

2139 3964 2285 4034 ἡμᾶς
2307 3961 2604 4031 γενομένας
2631 3955 2961 4028 ἀφηγεῖσθαι
2987 3953 3324 4025 εὐεργεσίας.

831 4066 944 4137 Ipsi
980 4068 1172 4122 David.
1227 4067 1566 4124 PSALMUS
1618 4069 1679 4124 C.

2520 4050 2603 4116 Τῷ
2637 4048 2836 4103 Δαυΐδ.
2905 4048 3217 4100 “mox
3253 4047 3332 4097 P'.

1061 4161 1458 4229 Argumentum.

2746 4141 3081 4203 ’Υπόθεσις.

468 4247 527 4303 1η
563 4250 665 4304 hoc
691 4251 901 4319 psalmo
933 4251 1229 4320 perfectum
1262 4253 1420 4308 nobis
1455 4254 1726 4309 hominem
1758 4255 1991 4310 describi

2199 4239 2240 4290 iv
2272 4234 2444 4305 τούτῳ
2482 4234 2561 4306 τῷ
2593 4233 2792 4304 ψαλμῷ
2842 4231 2932 4283 τὸν
2977 4229 3184 4282 τέλειον
3229 4227 3362 4297 ἡμῖν
3407 4225 3731 4298 διαγράφει,

531 4343 626 4411 qui
651 4344 950 4398 secundum
982 4343 1151 4397 Deum
1181 4345 1347 4399 vitam
1376 4345 1630 4406 instituit.
1656 4347 1917 4416 docetque
1942 4364 2042 4403 nos

2207 4330 2299 4382 τὸν
2367 4327 2509 4382 κατὰ
2573 4326 2704 4378 Θεὸν
2760 4322 3212 4390 πολιτευόμενον,
3253 4318 3522 4370 διδάσκων
3581 4320 3732 4389 ἡμᾶς

536 4408 682 4502 quod
714 4433 835 4486 vitae
868 4449 1036 4500 genus
1059 4435 1310 4503 amplecti
1338 4434 1568 4489 debeant
1599 4437 1652 4498 ii,
1689 4437 1781 4505 qui
1814 4408 2037 4506 regnum

2209 4420 2365 4472 ποίαν
2393 4419 2470 4472 δεῖ
2499 4416 2769 4471 πολιτείαν
2803 4412 3140 4483 ἐπιτηδεύειν
3166 4410 3290 4472 τοὺς
3323 4408 3735 4479 ἐπιθυμοῦντας

534 4525 795 4578 caelorum
825 4526 1050 4595 adipisci
1079 4534 1352 4595 exoptant.

1882 4505 1894 4506 ί
2074 4572 2114 4595 n
2207 4513 2305 4582 τῆς
2334 4510 2440 4564 τῶν
2468 4509 2708 4579 οὐρανῶν
2740 4506 3011 4578 βασιλείας
3035 4505 3329 4572 ἐπιτυχεῖν.

539 4572 795 4578 -..---,-.-
825 4572 1050 4595 __.,-.--.
1083 4572 1352 4595 -.-.,,..--.--

536 4615 590 4667 1.
616 4613 1041 4669 Misericordiam
1063 4627 1111 4669 et
1137 4616 1390 4678 iudicium
1415 4616 1633 4668 cantabo
1657 4615 1771 4679 tibi,
1798 4614 2035 4669 Domine.

2215 4605 2427 4656 Ἔλεον
2452 4602 2547 4654 καὶ
2572 4601 2773 4666 κρίσιν
2803 4596 3026 4666 ᾆσομαί
3079 4611 3202 4659 σοι,
3262 4594 3459 4661 Κύριε.
3515 4593 3730 4652 Ταῦτα,

467 4704 607 4758 Cum
636 4720 698 4758 ea
730 4722 851 4774 quae
882 4707 996 4760 scio
1026 4717 1077 4760 te
1109 4706 1270 4760 nobis
1291 4706 1587 4759 contulisse
1614 4705 1869 4760 beneﬁcia
1898 4722 1999 4761 sctr

2202 4695 2329 4764 ησὶν,
2389 4692 2481 4744 ἐπὶ
2531 4691 2795 4761 στόματος
2847 4688 3025 4759 φέρων
3080 4685 3367 4750 διαπαντὸς
3399 4685 3436 4739 ἃ
3498 4680 3622 4739 οῖδα.
3653 4688 3734 4746 εἰς

468 4812 564 4866 per
583 4797 635 4850 in
662 4813 756 4850 ore
781 4797 974 4863 feram,
997 4799 1216 4852 dabitur
1246 4797 1534 4865 judicium,
1553 4806 1752 4851 etsane
1773 4797 2000 4866 judiciut

2196 4787 2290 4854 αᾶς
2328 4783 2764 4855 κατορθωθέντα,
2803 4781 3088 4851 δοθήσεται
3143 4778 3343 4849 κρίσις,
3379 4777 3666 4830 τουτέστιν
3696 4779 3728 4845 ἡ

465 4887 699 4956 justum.
760 4887 1085 4942 J'ustilicavit
1115 4890 1262 4942 enim
1298 4904 1518 4943 causam
1563 4895 1808 4941 nostram
1847 4889 1997 4943 adch

2200 4875 2526 4948 καιοκρισία.
2571 4871 2885 4927 Ἐδικαίωσε
2920 4871 3028 4942 γὰρ
3057 4871 3120 4922 ἐκ
3165 4869 3272 4924 τῶν
3316 4867 3530 4939 ἐχθρῶν
3568 4867 3732 4940 ἡμῶν

471 4993 568 5032 sus
595 4977 847 5032 inimicos
882 4987 1120 5032 nostros.

1079 4996 1120 5032 ε,
2141 4966 2237 5038 τὴν
2262 4967 2414 5036 δίκην
2438 4965 2611 5036 ἡμῶν.

539 5068 595 5133 2,
625 5069 678 5122 5.
709 5068 949 5120 Psallam
989 5080 1033 5121 et
1090 5068 1380 5139 intelligam
1435 5071 1492 5122 in
1543 5070 1628 5121 via
1671 5067 2035 5122 immaculata.

2218 5056 2398 5111 Ψαλῶ
2448 5055 2546 5108 καὶ
2593 5053 2844 5120 συνήσω
2885 5053 2954 5106 ἐν
2982 5049 3099 5116 ὀδῷ
3141 5049 3376 5121 ἀμώμῳ.
3427 5048 3521 5113 Τό,
3552 5050 3733 5118 ψαλῶ

468 5160 743 5226 Psallam,
777 5159 984 5229 inquit,
1014 5161 1281 5229 hymnum,
1325 5177 1389 5214 ac
1418 5161 1464 5216 si
1512 5161 1714 5216 diceret
1756 5160 1995 5229 apertius

2198 5167 2246 5202 εν
2275 5149 2484 5217 ὕμνον,
2524 5149 2706 5219 φησιν,
2756 5146 2888 5199 ὡσεὶ
2919 5145 3064 5213 λέγοι
3101 5143 3430 5214 σαφέστερον
3459 5159 3472 5171 ο
3512 5142 3730 5212 Ὑμνῶν

467 5251 586 5307 Νοη
615 5253 777 5307 linem
805 5251 1000 5306 faciam
1035 5253 1266 5322 hymnos
1297 5253 1563 5318 canendi,
1594 5261 1648 5307 et
1687 5252 1826 5304 viam
1861 5267 1999 5304 meat

2198 5261 2207 5292 ι
2257 5241 2535 5311 παύσομαι
2597 5241 2690 5292 καὶ
2753 5238 2852 5309 τὴν
2899 5237 3038 5308 ἐμὴν
3100 5237 3218 5289 ὁδὸν
3285 5235 3730 5305 παρασκευάζων

469 5359 682 5414 semper
736 5344 1142 5398 immaculatatn
1174 5344 1542 5409 conservabo,
1573 5353 1749 5404 tuum,
1784 5356 1816 5395 ο
1850 5339 2001 5393 Domi

2195 5348 2392 5401 ιωμον,
2419 5331 2516 5402 τὴν
2543 5329 2659 5400 σὴν,
2691 5323 2736 5382 ὧ
2762 5329 3027 5390 Δέσποτα,
3053 5326 3356 5397 παρουσίαν
3389 5325 3727 5398 προσδοκῶν.

469 5453 556 5502 ne,
590 5437 882 5492 adventum
908 5445 1249 5505 exspectans.
1276 5435 1497 5505 Oportet
1525 5435 1668 5489 enim
1697 5441 1916 5503 paratos
1937 5447 2001 5484 no

2199 5427 2232 5476 εἰ
2257 5423 2365 5495 γὰρ
2390 5422 2853 5494 ηὑτρεπισμένους
2913 5423 3065 5492 ἡμᾶς
3110 5415 3250 5472 εἶναι
3311 5418 3450 5489 πρὸς
3497 5417 3598 5488 τὴν
3637 5416 3731 5471 τοῦ

469 5544 589 5586 esse
619 5529 684 5584 ad
720 5528 938 5584 Domini
992 5543 1295 5582 accessum.
1354 5527 1583 5581 Tantam
1625 5536 1805 5578 autem
1843 5524 1929 5578 hic
1952 5523 2001 5576 vi

2198 5516 2346 5588 υρίου
2380 5516 2583 5585 ἄφιξιν.
2641 5514 2921 5583 Τοσαύτην
2969 5512 3078 5584 γὰρ
3116 5515 3143 5565 ό
3192 5510 3612 5578 θαυμαζόμενος
3639 5501 3730 5562 οῦ-

469 5622 733 5678 mirabilis
764 5623 1052 5677 puritatem
1087 5621 1368 5676 obtinebat
1445 5629 1503 5673 ut
1531 5634 1657 5673 cum
1688 5617 1883 5672 fiducia
1924 5617 2001 5672 cla

2201 5628 2233 5673 ις
2255 5611 2392 5682 ἀνὴρ
2420 5610 2686 5680 ἐκτήσατο
2724 5606 3091 5678 καθαρότητα,
3129 5603 3205 5666 ὼς
3247 5599 3389 5672 μετὰ
3416 5599 3733 5671 παρρησίας

556 5818 600 5851 ⁸⁸
646 5820 791 5877 Psal.
841 5837 1030 5890 cxwzt,
1090 5822 1208 5875 HG.
1287 5820 1325 5850 "
1377 5815 1522 5872 Psal.
1569 5829 1731 5874 xxxv,
1763 5813 1814 5865 8.
