3880 6216
443 289 548 346 127

509 411 562 462 4.
583 408 732 476 ,ραία
760 406 1053 476 defecerunt
1087 407 1222 461 sicut
1261 407 1436 475 fumus
1467 408 1576 460 dies
1623 409 1756 474 mei,
1805 419 1852 460 et
1882 424 2000 462 ossa
2029 411 2076 466 Α

441 518 556 554 mea
581 501 716 554 sicut
770 501 1016 553 cremium
1059 507 1332 552 aruerunt.
1407 497 1612 553 Horum
1670 499 1784 568 jam
1833 501 2006 554 multo

440 601 564 647 ante
589 591 962 661 interpretatio
992 590 1120 644 data
1154 598 1341 653 est,-at
1366 606 1584 645 rursum
1608 591 1837 646 dicetur.
1868 589 2006 646 Tota

439 683 610 738 virtus
642 699 828 738 eorum
854 698 956 752 .per
995 698 1157 751 quam
1201 683 1532 736 consistebat
1562 684 1744 737 cultus
1777 683 2003 752 legalis,

439 773 610 828 fracta
639 782 720 828 est
749 782 800 826 et
834 772 1011 842 periit.
1049 772 1215 824 Erant
1243 779 1425 825 autem
1477 772 1572 824 illa
1617 772 2002 836 sacerdotium,

439 867 734 936 templum,
785 863 1052 918 sacriﬁcia
1099 875 1511 931 armentorum,
1563 865 1790 918 libertas
1821 865 2002 934 populi

437 959 553 1014 suis
582 958 791 1028 legibus
823 956 1058 1011 vivendi.

506 1133 556 1187 7.
585 1131 786 1186 Factus
816 1147 930 1184 sum
968 1130 1104 1184 sicut
1153 1131 1456 1198 nycticorax
1481 1128 1536 1182 in
1573 1129 1862 1184 domicilio.
1887 1127 2002 1184 Hoc

431 1225 563 1282 dicit
615 1226 685 1280 ob
738 1225 991 1279 tenebras
1056 1238 1176 1293 quae
1235 1224 1494 1292 populum
1557 1223 1998 1292 interceperunt;

431 1316 714 1386 ignorabat
745 1315 887 1370 enim
920 1315 1108 1368 Deum.
1165 1313 1304 1380 Quid
1354 1323 1532 1368 autem
1577 1297 1858 1384 proprium
1902 1331 1999 1385 ny-

433 1408 708 1472 cticoraci,
747 1407 852 1461 nisi
885 1415 947 1459 ut
975 1407 1174 1460 clamet
1204 1415 1382 1469 nocte,
1413 1407 1767 1476 quamobrem
1805 1407 1999 1476 hujus-

429 1502 578 1556 modi
607 1500 927 1556 vocabulum
960 1499 1184 1553 sortitus
1210 1499 1324 1552 est?
1344 1499 1610 1564 Quoniam
1639 1500 1803 1568 igitur
1830 1507 1995 1552 totam

429 1601 643 1646 noctem
682 1592 952 1661 precando
985 1591 1337 1662 transigebat,
1363 1606 1484 1646 sese
1515 1591 1643 1660 jure
1669 1590 1996 1661 nycticoraci

429 1682 662 1738 confert.

497 1775 550 1828 8.
614 1775 840 1845 Vigilavi
881 1782 930 1828 et
963 1774 1136 1843 factus
1166 1789 1282 1826 sum
1324 1773 1458 1825 sicut
1505 1789 1686 1842 passer
1723 1771 1998 1825 solitarius

429 1867 484 1919 in
517 1873 669 1920 tecto.
725 1866 857 1935 Ego,
909 1865 1105 1934 inquit,
1141 1865 1234 1940 qui
1283 1872 1522 1932 tempore
1555 1863 1758 1932 peccati
1806 1871 1999 1931 captus

429 1972 536 2009 non
577 1954 688 2022 fui,
713 1971 885 2024 usque
919 1955 1054 2008 adeo
1082 1955 1372 2008 derelictus
1404 1969 1546 2017 sum,
1586 1963 1645 2006 ut
1668 1953 1872 2020 passeri
1905 1949 2014 2005 uni

425 2046 620 2100 similis
641 2048 764 2102 sim.
791 2045 975 2099 Tanta:
998 2054 1126 2100 sunt
1156 2046 1300 2098 cutim
1325 2046 1594 2114 myriades
1625 2054 1996 2112 peccat-orum,

429 2149 486 2192 ut
513 2139 724 2193 etiamsi
764 2138 983 2206 plurimi
1013 2138 1242 2191 salutem
1281 2144 1710 2204 consequantur,
1747 2151 1889 2190 unus
1917 2144 1998 2190 ta-

427 2244 570 2293 men,
601 2233 679 2281 tot
710 2226 1044 2297 myriadibus
1069 2224 1392 2293 comparati,
1419 2223 1728 2276 videantur.

497 2319 552 2374 9.
613 2317 745 2371 Tota
790 2317 876 2370 die
906 2317 1297 2387 exprobrabant
1331 2315 1461 2368 mihi
1499 2313 1702 2367 inimici
1735 2311 1855 2364 mei.
1899 2309 1998 2364 Ri-

424 2403 637 2467 diculus
667 2411 744 2464 fui
769 2409 1004 2464 inimicis
1033 2410 1168 2463 meis
1200 2429 1211 2462 :
1255 2417 1307 2462 et
1335 2407 1428 2476 qui
1462 2407 1590 2460 olim
1619 2405 1748 2459 mihi
1785 2403 1996 2457 invide-

424 2505 574 2567 bant,
622 2504 882 2556 adversus
933 2517 1081 2556 meas
1111 2501 1449 2556 calamitates
1489 2499 1696 2568 jurant,
1742 2505 1998 2565 rogantes

425 2613 492 2650 ne
517 2595 618 2649 sibi
665 2595 818 2664 paria
855 2594 1192 2662 contingant.
1231 2592 1367 2644 Illud
1398 2599 1601 2656 autem,
1643 2605 1764 2642 cum
1804 2590 1996 2656 cinere,

424 2687 706 2741 cansimile
736 2694 819 2740 est
864 2683 1264 2754 septuagesimo
1309 2697 1453 2736 nono
1481 2681 1733 2750 psalmo:
1781 2677 1996 2732 Cibabis

424 2797 516 2834 uos
571 2796 705 2849 pane
738 2779 1097 2847 lacrymarum
1153 2775 1219 2828 ⁸³.
1276 2773 1432 2840 Quod
1493 2774 1538 2828 si
1583 2773 1688 2828 cibi
1747 2771 1995 2827 sumendi

424 2886 638 2942 tempus
695 2871 883 2925 dolore
933 2869 1155 2938 plenum
1208 2865 1332 2930 fuit,
1383 2865 1469 2920 vix
1514 2865 1659 2920 aliud
1703 2863 1993 2932 quodpiam

423 2974 636 3032 tempus
685 2961 843 3015 malis
889 2974 1122 3013 vacuum
1156 2957 1280 3012 erit.
1318 2955 1388 3009 Et
1435 2957 1525 3024 qui
1568 2953 1860 3008 laudabant
1912 2969 1992 3007 me

421 3055 700 3109 adversum
725 3067 804 3106 me
829 3051 1104 3120 jurabant.
1154 3049 1217 3101 Et
1247 3048 1432 3112 amici,
1477 3047 1674 3116 inquit,
1723 3045 1817 3116 qui
1861 3044 1992 3098 olim

421 3147 715 3200 laudabant
747 3159 851 3208 me,
907 3157 1058 3198 meas
1109 3141 1450 3196 calamitates
1506 3139 1560 3192 in
1608 3138 1992 3208 jusjurandum

422 3237 753 3290 adhibebant
796 3234 1079 3288 dicentes:
1115 3231 1275 3286 Absit
1320 3241 1379 3286 ut
1417 3232 1544 3286 talia
1595 3231 1770 3302 patiar
1812 3229 1994 3300 qualia

421 3327 592 3382 Israel
631 3327 644 3380 !

493 3417 576 3470 10.
641 3415 782 3480 Quia
807 3417 1031 3469 cinerem
1068 3426 1321 3486 tanquam
1359 3431 1548 3485 panem
1580 3413 1988 3470 manducabam.

421 3505 531 3561 Aut
558 3507 894 3561 calamitates
930 3506 1258 3574 captivitatis
1306 3505 1595 3575 signiﬁcat,
1622 3516 1715 3559 aut
1746 3504 1992 3559 amictio-

421 3614 544 3653 nem
577 3614 685 3668 qua
716 3615 774 3654 se
797 3599 1163 3666 macerabant,
1207 3607 1268 3652 ut
1291 3600 1526 3668 populus
1555 3597 1988 3654 miscricordiam

421 3701 868 3762 consequeretur.

493 3784 580 3838 ll.
642 3783 782 3847 Quia
812 3781 1016 3837 elevans
1057 3782 1280 3836 allisisti
1307 3797 1408 3835 me.
1453 3779 1616 3835 Solus
1647 3777 1811 3835 Israel
1842 3777 1988 3832 enim

419 3891 484 3931 ex
514 3875 768 3930 omnibus
809 3875 1058 3945 gentibus
1089 3874 1337 3929 excelsus
1371 3880 1508 3939 erat,
1550 3871 1750 3941 quippe
1779 3871 1872 3940 qui
1899 3885 1989 3924 so—

419 3968 505 4024 lus
538 3968 788 4023 notitiam
816 3969 929 4022 veri
959 3967 1051 4020 Dei
1085 3967 1326 4020 haberet.

489 4059 576 4112 19..
635 4057 759 4111 Dies
814 4058 916 4110 mei
977 4057 1114 4110 sicut
1149 4056 1337 4110 umbra
1399 4055 1810 4109 declinaverunt.
1859 4051 1986 4108 Dies

417 4161 549 4202 suos
577 4147 653 4200 ait
683 4155 987 4200 transactus
1014 4148 1067 4200 in
1095 4146 1253 4224 legali
1280 4145 1450 4209 cultu,
1475 4145 1570 4214 qui
1605 4155 1832 4200 vocatur
1863 4159 1986 4198 um-

417 4239 517 4292 bra
549 4237 856 4292 futurorum
887 4239 1180 4292 bonorum.
1229 4237 1300 4290 Et
1334 4254 1425 4306 ego
1461 4239 1598 4291 sicut
1621 4238 1800 4306 fenum
1840 4237 1982 4288 arui.

416 4327 576 4394 Illud,
607 4345 720 4400 ego,
746 4329 984 4398 positum
1024 4337 1108 4383 est
1149 4343 1270 4398 pro,
1297 4328 1540 4397 populus,
1575 4343 1724 4391 nam,
1759 4335 1819 4381 ut
1847 4327 1981 4391 dixi,

1297 291 1354 344 S.
1395 289 1766 347 ATHANASII
1805 289 1955 346 OPP.
1991 289 2170 346 PARS
2205 289 2296 346 ΠΙ.
2330 318 2400 332 -—
2427 289 2836 346 EXEGETICA.

3587 295 3692 350 428

2177 408 2304 460 Ὀτι
2324 406 2606 471 ἐξέλιπον
2649 407 2792 459 ὡσεὶ
2823 404 3052 470 καπνὸς
3085 407 3144 457 al
3176 405 3384 474 ἡμέραι
3403 424 3548 476 μου,
3587 411 3690 463 καὶ

2111 499 2182 551 τὰ
2215 496 2366 553 ὀστᾶ
2391 517 2508 567 μου
2531 498 2674 551 ὡσεὶ
2707 499 2959 568 φρύγιον
2989 501 3480 566 συνεφρὺγησαν.
3503 500 3692 554 Ταῦτα

2113 587 2212 654 μὲν
2251 586 2596 658 ὑπεράνωθεν
2649 586 2746 656 τὴν
2797 587 3092 657 ἑρμηνείαν
3145 587 3354 650 ἔλαϐον,
3387 587 3692 658 ῥηθήσεται

2107 679 2162 731 δὲ
2199 680 2291 732 καὶ
2319 677 2496 743 αὖθις.
2519 681 2678 734 Πᾶσα
2712 679 2822 750 γὰρ
2871 679 3101 750 δύναμις
3133 679 3334 742 αὐτῶν,
3365 681 3434 732 δι’
3471 676 3540 751 ἧς
3567 699 3690 735 συν-

2108 775 2352 842 ειστήκει
2391 773 2456 825 τὰ
2511 772 2610 841 τῆς
2637 771 2778 825 κατὰ
2797 773 2958 841 νόμον
2987 770 3262 841 λατρείας,
3299 771 3568 842 διεφθάρη
3595 773 3690 826 καὶ

2106 863 2400 916 ἀπόλωλεν.
2433 860 2540 916 THV
2584 863 2640 915 δὲ
2669 862 2841 915 ταῦτα
2895 864 2927 931 ἡ
2991 861 3390 932 ἀρχιερωσύνη,
3445 863 3475 912 ὁ
3535 860 3687 925 ναὸς,

2105 955 2162 1004 αἱ
2209 953 2296 1005 διὰ
2343 953 2451 1006 τῶν
2509 951 2840 1022 θρεμμάτων
2895 949 3098 1016 θυσίαι,
3151 953 3183 1021 ή
3232 947 3526 1018 αὑτονομία
3591 948 3688 1002 τοῦ

2103 1045 2308 1108 ἔθνους.

2185 1138 2504 1207 Ἐγενήθην
2531 1137 2672 1188 ὡσεὶ
2707 1134 3064 1204 νυκτικόραξ
3089 1134 3160 1187 ἐν
3179 1131 3487 1198 οἱκοπέδῳ.
3515 1131 3688 1184 Τοῦτό

2104 1247 2235 1300 φησι
2273 1230 2360 1282 διὰ
2384 1230 2474 1281 τὸν
2501 1227 2864 1298 κατειληφότα
2899 1229 3084 1280 σκότον
3117 1227 3206 1278 τὸν
3238 1227 3384 1278 λαόν·
3409 1224 3688 1292 ἀγνωσίαν

2101 1322 2209 1390 γὰρ
2237 1320 2360 1390 ἔσχε
2384 1319 2542 1374 Θεοῦ.
2590 1320 2654 1371 Τί
2681 1319 2736 1371 δὲ
2771 1317 2864 1371 τοῦ
2911 1318 3303 1386 νυκτικόρακος
3356 1315 3472 1368 ἀλλ’
3509 1315 3542 1385 ἢ
3589 1313 3684 1365 τοῦ

2105 1413 2232 1483 βοᾷν
2259 1411 2400 1466 κατὰ
2419 1411 2517 1474 τὰς
2549 1411 2750 1474 νύκτας
2791 1411 2940 1474 ἴδιον,
2971 1410 3092 1462 ὅθεν
3122 1408 3324 1477 ταύτην
3369 1405 3469 1475 τὴν
3511 1422 3654 1474 προσ
3674 1435 3686 1443 -

2101 1505 2326 1575 ηγορίαν
2371 1503 2596 1573 ἔλαχεν;
2669 1503 2884 1572 Ἐπειδὴ
2929 1502 3110 1554 τοίνυν
3165 1498 3453 1567 παννύχιον
3509 1496 3686 1549 ἐποίει

2103 1595 2557 1664 προσευχόμενος,
2617 1595 2928 1660 ἀναγκαίως
2989 1591 3178 1645 ἑαυτὸν
3214 1589 3554 1660 παραϐάλλει
3605 1586 3686 1656 τῷ

2100 1685 2476 1754 νυκτικόρακι.

2183 1776 2570 1844 Ἠηούχνηοά
2601 1776 2699 1828 καὶ
2727 1776 3018 1844 ἐγενόμην
3064 1774 3143 1838 ὡς
3208 1773 3530 1840 στρουθίον
3569 1787 3682 1842 μο-

2099 1869 2399 1928 νάζονέςτὶ
2451 1869 2689 1936 δώματι.
2755 1866 2914 1934 Ἐγὼ,
2959 1869 3142 1937 φησιν,
3200 1869 3228 1918 ὁ
3287 1866 3360 1936 μὴ
3387 1864 3466 1934 τῷ
3505 1863 3686 1934 καιρῷ

2097 1963 2196 2031 τῆς
2225 1961 2496 2030 ἁμαρτίας
2525 1961 2978 2030 κατειλημμένος,
3010 1957 3262 2011 τοσοῦτον
3292 1957 3680 2027 κατελείφθην,

2097 2053 2172 2115 ὡς
2228 2053 2321 2104 καὶ
2371 2053 2452 2104 ἐνὶ
2503 2052 2737 2104 ἑοικέναι
2791 2051 3076 2121 στρουθίῳ·
3109 2050 3216 2102 ἀπὸ
3261 2049 3367 2121 γὰρ
3400 2048 3684 2120 μυριάδων

2095 2142 2384 2207 τοσούτων,
2412 2143 2459 2194 εἰ
2489 2142 2580 2194 καὶ
2603 2141 2822 2203 πλείους
2854 2137 2992 2210 ἦσαν
3045 2143 3094 2192 οἱ
3145 2133 3460 2210 σωζόμενοι,
3504 2140 3586 2191 ἑνὶ
3613 2139 3681 2192 ἂν

2098 2233 2464 2302 παρεϐάλοντο
2492 2233 2566 2294 ὡς
2602 2231 2736 2301 πρὸς
2763 2231 2858 2292 τὰς
2891 2231 3178 2301 μυριάδας.

2169 2323 2362 2390 Ὅλην
2385 2322 2500 2389 τὴν
2524 2321 2753 2390 ἡμέραν
2789 2321 3086 2380 ὠνείδιζόν
3111 2339 3186 2390 με
3215 2324 3270 2374 οὶ
3299 2323 3504 2390 ἐχθροί
3533 2335 3676 2390 μου.

2097 2414 2510 2482 Καταγέλαστος
2545 2415 2812 2484 ἐγενόμην
2851 2416 2966 2474 τοῖς
3013 2415 3353 2484 δυσμενέσιν·
3415 2417 3463 2466 οἱ
3491 2415 3550 2467 δὲ
3571 2415 3683 2470 πά-

2095 2506 2183 2557 λαι
2225 2523 2292 2574 με
2337 2503 2623 2576 ζηλοῦντες
2677 2506 2817 2559 κατὰ
2846 2506 2955 2558 τῶν
2989 2505 3136 2575 ἐμῶν
3169 2505 3428 2575 ὀμνύουσι
3463 2524 3680 2576 συμφο-

2100 2597 2226 2667 ρῶν,
2250 2597 2528 2666 εὐχόμενοι
2558 2599 2634 2668 μὴ
2665 2597 2756 2650 ἴσα
2783 2599 2991 2651 παθεῖν.
3016 2599 3089 2650 Τὸ
3121 2599 3195 2662 δὲ,
3231 2615 3382 2666 μετα
3415 2599 3680 2660 σποδοῦ,

2093 2691 2225 2743 αὐτὸ
2253 2689 2630 2760 παραπλήσιον
2689 2689 2767 2759 τῷ
2806 2690 3189 2761 ἑϐδομηκοστῷ
3221 2691 3426 2760 ὲννάτῳ
3453 2691 3674 2760 ψαλμῷ·

2101 2780 2348 2848 Ψωμιεῖς
2386 2778 2542 2848 ἡμᾶς
2574 2780 2728 2848 ἄρτῳ
2747 2780 3039 2848 δακρύων.
3083 2782 3146 2833 Εἰ
3177 2781 3234 2832 δὲ
3266 2782 3294 2832 ὁ
3337 2782 3436 2850 τῆς
3469 2781 3680 2851 τροφῆς

2094 2871 2284 2941 καιρὸς
2339 2872 2530 2942 ὀδύνης
2587 2872 2798 2944 ὑπῆρχε
2835 2874 3050 2943 μεστὸς,
3101 2874 3262 2944 σχολῇ
3319 2877 3370 2942 γ’
3405 2874 3470 2927 ἂν
3521 2873 3680 2934 ἄλλος

2093 2965 2406 3034 ἀπήλλακτο
2459 2965 2684 3030 πάθους.
2737 2967 2848 3020 Καὶ
2893 2970 2947 3020 οἱ
2995 2967 3386 3032 ἐπαινοῦντές
3421 2985 3500 3036 με
3547 2968 3676 3020 κατ’

2095 3053 2237 3123 ἐμοῦ
2263 3056 2516 3124 ὤμνυον.
2552 3057 2657 3110 Καὶ
2683 3058 2733 3108 οἱ
2765 3057 2926 3126 φίλοι,
2967 3059 3150 3126 φησὶν,
3176 3059 3224 3109 οἱ
3273 3059 3438 3110 πάλαι
3463 3059 3680 3128 θαυμά-

2098 3145 2282 3210 ζοντές
2317 3165 2406 3217 με,
2437 3149 2598 3218 ὅρκον
2653 3149 2930 3206 ἐποιοῦντο
2955 3149 3051 3211 τὰς
3089 3148 3226 3218 ἐμὰς
3259 3149 3563 3219 συμφορὰς,
3589 3149 3680 3202 λέ-

2093 3255 2298 3306 γοντες·
2331 3241 2424 3310 Μὴ
2461 3239 2528 3293 τὰ
2556 3239 2692 3292 αὐτὰ
2711 3238 2787 3308 τῷ
2825 3238 3041 3310 Ἰσραὴλ
3069 3238 3330 3308 πάθοιμιῑ

2163 3419 2280 3470 Ὅτι
2303 3417 2537 3471 σποδὸν
2561 3418 2702 3472 ὡσεὶ
2729 3418 2908 3486 ἄρτον
2935 3420 3179 3487 ἔφαγον.
3213 3419 3284 3470 Ἢ
3317 3417 3415 3478 τὰς
3462 3432 3676 3485 συμφο-

2097 3507 2195 3580 ρὰς
2221 3509 2320 3571 τὰς
2351 3510 2408 3561 ὲν
2435 3511 2499 3579 τῇ
2548 3509 2891 3579 αἰχμαλωσίᾳ
2925 3509 3198 3579 σημαίνει,
3232 3509 3265 3578 ἦ
3299 3509 3398 3578 τὴν
3429 3507 3680 3561 κακοπάο

2093 3600 2244 3655 θειαν
2290 3602 2357 3672 ἢν
2421 3601 2700 3655 ἐποιοῦντο
2754 3602 2894 3673 ὑπὲρ
2955 3602 3049 3654 τοῦ
3114 3601 3523 3672 οἰκτειρηθῆναι
3582 3600 3680 3654 τὸν

2091 3693 2239 3746 λαόν.
2851 3701 2853 3703 ’

2165 3786 2293 3838 Ὅτι
2322 3783 2546 3852 ἐπάρας
2577 3785 2940 3853 κατέῤῥαξάς
2963 3802 3058 3852 με.
3088 3787 3262 3847 Μόνος
3291 3785 3398 3856 γὰρ
3421 3786 3480 3849 ἐξ
3509 3788 3682 3840 ἀπάν-

2089 3894 2196 3930 των
2223 3873 2331 3928 τῶν
2362 3875 2529 3929 ἐθνῶν
2565 3875 2764 3946 ὑψηλὸς
2807 3871 2875 3945 ἦν
2908 3877 2936 3927 ὁ
2989 3876 3116 3939 λαὸς
3161 3876 3392 3948 Ἰσραὴλ,
3415 3865 3540 3930 ’ἅτε
3581 3881 3679 3932 καὶ

2094 3969 2254 4038 μόνος
2280 3966 2482 4036 γνῶσιν
2511 3967 2647 4038 ἔχων
2671 3966 2765 4019 τοῦ
2795 3966 3048 4036 ἀληθινοῦ
3079 3967 3212 4020 Θεοῦ

2111 4047 2114 4050 ’
2157 4062 2228 4114 Al
2261 4059 2472 4128 ἡμέραι
2493 4077 2611 4128 μου
2635 4061 2778 4115 ὡσεὶ
2827 4061 2969 4115 σκιὰ
3017 4062 3368 4128 ἐκλίθηοάν.
3428 4062 3678 4133 Ἡμέρας

2089 4148 2253 4202 αὐτοῦ
2287 4151 2383 4220 τῆς
2422 4151 2656 4221 νομικῆς
2705 4151 2962 4220 λατρείας
3025 4147 3164 4205 εἷναί
3200 4170 3384 4223 φησιν,
3425 4155 3548 4222 ἥτις
3581 4155 3680 4206 καὶ

2091 4241 2216 4293 σκιά
2241 4241 2345 4294 τῶν
2374 4241 2672 4312 μελλόντων
2701 4243 2918 4311 ἀγαθῶν
2960 4244 3305 4312 ὀνομάζεται.
3334 4245 3504 4314 Κάγὼ
3529 4247 3680 4298 ὡσεὶ

2088 4335 2301 4401 χόρτος
2331 4333 2688 4402 ἐξηράνθην.
2721 4336 2812 4398 Τὸ,
2873 4335 3007 4404 ἐγὼ,
3051 4337 3172 4388 ἀντὶ
3225 4337 3342 4398 τοῦ,
3403 4339 3437 4388 ὀ
3497 4338 3678 4404 λαός.

379 4421 598 4474 'omnia
645 4435 768 4491 qua:
815 4421 882 4474 ad
933 4421 1192 4490 populum
1250 4421 1521 4490 pertinent
1555 4419 1712 4489 quasi
1765 4419 1984 4489 propria

2109 4426 2505 4478 ὶίκειοποιεῖται
2527 4425 2653 4496 γὰρ,
2683 4425 2759 4488 ὡς
2799 4425 2954 4496 ἔφην,
2989 4427 3165 4480 πάντα
3197 4426 3264 4479 τὰ
3289 4428 3380 4480 τοῦ
3410 4427 3566 4482 λαοῦ.

417 4513 520 4567 sibi
556 4514 824 4568 attribuit.

488 4603 576 4657 15.
633 4602 896 4668 Quoniam
929 4603 1240 4672 placuerunt
1279 4603 1442 4657 servis
1474 4603 1577 4655 tuis
1611 4603 1812 4671 lapides
1851 4604 1989 4674 ejus,

416 4703 468 4750 et
512 4705 666 4748 terra:
708 4695 821 4763 ejus
870 4696 1276 4752 miserebantur.
1313 4695 1544 4764 Lapides
1583 4705 1741 4750 vocat
1771 4711 1865 4752 eos
1897 4697 1991 4767 qui

417 4793 542 4855 post
585 4789 1041 4840 resurrectionem
1097 4787 1451 4842 crediderunt
1497 4789 1554 4842 in
1601 4787 1905 4857 Christum,
1939 4799 1993 4844 et

419 4877 548 4931 tacti
583 4884 709 4931 sunt
745 4875 950 4946 lapides
993 4879 1189 4943 sancti,
1247 4879 1549 4933 secundum
1592 4877 1872 4934 Zachariae
1895 4895 1993 4934 vo-

419 4981 536 5020 cem
568 4985 580 5019 :
608 4981 794 5022 servos
821 4976 1002 5022 autem
1021 4978 1408 5024 vocatsanctos
1435 4971 1730 5038 apostolos,
1757 4985 1992 5040 quorum

421 5069 581 5124 opera
612 5057 704 5127 qui
747 5060 1094 5114 crediderunt
1121 5061 1174 5113 in
1203 5059 1481 5115 Christum
1515 5063 1650 5117 salvi
1681 5062 1810 5118 facti
1842 5073 1988 5118 sunt.

421 5143 647 5200 Terram
690 5156 892 5210 autem,
925 5149 1172 5217 populos,
1225 5152 1318 5219 qui
1363 5152 1540 5207 adhuc
1574 5161 1789 5208 terreno
1841 5169 1992 5208 more

423 5237 630 5302 vivunt,
660 5248 714 5292 et
765 5238 942 5294 adhuc
987 5255 1092 5292 non
1146 5241 1396 5306 credunt,
1443 5259 1582 5312 quos
1633 5245 1990 5300 commisera-

425 5328 572 5382 tione
599 5328 794 5399 dignos
836 5330 930 5385 ait.
967 5328 1268 5385 Servantur
1297 5341 1478 5388 autem
1526 5335 1768 5405 reliquie:
1799 5337 1866 5392 ad
1891 5353 1991 5392 no-

425 5421 708 5477 vissimum
737 5438 910 5494 usque
932 5423 1096 5490 diem;
1121 5425 1224 5493 ipsi
1252 5427 1396 5482 enim
1425 5441 1522 5499 per
1549 5427 1721 5484 Eliam
1755 5431 1991 5501 prophe-

419 5521 534 5566 tam
565 5514 796 5569 salutem
821 5527 1247 5588 consequentur.

489 5666 536 5698 ⁸³
577 5665 720 5724 Psal.
757 5689 950 5739 Lxxtx,
991 5673 1045 5730 6.

2168 4603 2295 4655 Ὅτι
2341 4601 2692 4670 ηὐδόκησαν
2746 4605 2801 4654 ol
2851 4602 3060 4656 δοῦλοί
3108 4619 3223 4658 σου
3264 4605 3406 4670 τοὺς
3460 4608 3678 4674 λίθους

2095 4695 2304 4763 αὐτῆς,
2332 4697 2428 4749 καὶ
2457 4695 2562 4748 τὸν
2587 4696 2741 4764 χοῦν
2759 4695 2949 4762 αὐτῆς
2980 4697 3447 4764 οἰκτειρήσουσι.
3475 4700 3678 4764 Λίθους

2098 4787 2196 4856 μὲν
2237 4788 2362 4850 τοὺς
2418 4787 2812 4850 πιστεύσαντας
2845 4789 2923 4849 εἰς
2966 4789 3200 4857 Χριστὸν
3239 4789 3374 4858 μετὰ
3407 4793 3506 4859 τὴν
3541 4793 3677 4845 ἀνά-

2095 4880 2282 4934 στασίν
2307 4897 2459 4950 φησι,
2493 4880 2585 4934 καὶ
2607 4881 2929 4951 γενομένους
2953 4881 3134 4944 λίθους
3160 4883 3369 4950 ἁγίους,
3402 4886 3544 4938 κατὰ
3575 4886 3678 4956 τὴν

2093 4971 2364 5042 Ζαχαρίου
2395 4974 2598 5043 φωνήν·
2625 4972 2842 5036 δούλους
2867 4973 2922 5025 δὲ
2969 4975 3094 5036 τοὺς
3125 4975 3311 5043 ἁγίους
3340 4976 3678 5041 ἀποστόλους

2095 5065 2248 5136 φησι,
2277 5066 2342 5118 δι’
2372 5059 2446 5120 ὧν
2477 5066 2758 5139 ἐσώθησαν
2783 5070 2830 5120 οἱ
2853 5068 3240 5130 πιστεύσαντες
3285 5071 3366 5131 εἰς
3414 5072 3460 5122 Χ
3469 5073 3674 5142 ριστόν.

2093 5155 2236 5208 Χοῦν
2263 5155 2319 5208 δὲ
2349 5157 2472 5220 τοὺς
2490 5157 2674 5221 λαοὺς,
2705 5159 2830 5222 τοὺς
2860 5159 2940 5212 ἔτι
2964 5159 3286 5230 χοϊκὼτερον
3319 5159 3550 5224 ζῶντας,
3581 5163 3676 5215 καὶ

2093 5247 2172 5299 ἔτι
2205 5247 2300 5300 νῦν
2330 5247 2710 5312 ἀπιστοῦντας,
2742 5251 2835 5302 καὶ
2867 5250 3062 5313 αὐτοὺς
3089 5251 3144 5304 δὲ
3176 5253 3478 5323 οἰκτιρμῶν
3509 5272 3676 5324 φησιν

2093 5339 2278 5405 ἀξίους
2305 5336 2466 5394 εῖναι.
2499 5341 2755 5410 Τηρεῖται
2784 5342 2892 5414 γὰρ
2944 5345 3022 5406 εἰς
3050 5345 3147 5414 τὴν
3195 5345 3430 5415 ἐσχάτην
3459 5347 3676 5417 ἡμέραν

2091 5431 2152 5484 τὸ
2179 5432 2446 5502 λείψανον·
2484 5435 2818 5506 σωθήσονται
2865 5435 2974 5507 γὰρ
3007 5437 3102 5490 καὶ
3153 5437 3306 5490 αὐτοὶ
3364 5437 3454 5490 διὰ
3495 5439 3676 5491 Ἠλίου

2091 5523 2183 5576 τοῦ
2217 5527 2514 5598 προφήτου.
