3880 6216
149 335 262 391 439

1291 334 1656 392 EXPOSITIO
1689 335 1756 388 IN
1795 333 2130 392 PSALMUM
2168 335 2256 390 Cl.

3309 334 3412 389 ιδο

224 450 332 503 Kal
365 450 812 518 φοϐηθήσονται
851 450 922 505 τὰ
945 449 1090 517 ἔθνη
1132 449 1200 503 τὸ
1251 449 1437 518 ὄνομα
1487 451 1728 517 Κυρίου.

1910 449 1995 503 16.
2061 449 2129 502 Et
2185 449 2436 502 timebunt
2467 457 2643 518 gentes
2690 464 2877 503 nomen
2933 447 3163 501 Domini.
3211 448 3410 504 Merito

152 543 394 603 Εἰκότως
424 543 624 612 μεταξὺ
655 542 747 594 τοῦ
781 543 1068 610 εὐδοκῆσαι
1121 541 1247 604 τοὺς
1275 541 1455 604 λίθους
1482 541 1575 593 τοῦ
1605 558 1735 611 προ-

151 635 314 704 τέρου
346 633 475 684 λαοῦ
509 635 618 684 τῶν
645 633 812 686 ἐθνῶν
845 633 1199 686 ἐπισυνάπτει
1233 634 1332 702 τὴν
1376 632 1589 702 κλῆσιν.
1625 634 1734 686 Καὶ

157 723 382 790 πάντες
410 727 464 778 οἰ
505 725 786 792 ,βασιλεῖς
811 724 919 792 τῆς
971 725 1085 796 γῆς
1126 725 1241 794 τὴν
1272 724 1459 789 δόξαν
1491 742 1626 778 σου.
1675 726 1736 776 OE

154 815 399 884 βασιλεῖς
454 817 574 868 ἀντὶ
605 817 718 881 τοῦ,
757 818 812 871 αἱ
861 816 1146 887 βασιλεῖαι.
1185 818 1258 870 Οὐ
1295 817 1402 888 γάρ
1435 818 1550 869 ἐστι
1585 816 1735 884 βασι-

153 903 272 954 λεία
302 903 424 956 οὑδέ
454 903 604 968 ἔθνος
634 905 662 958 ὃ
691 906 764 976 μὴ
797 909 1091 977 προσκυνεῖ
1142 905 1238 975 τὴν
1285 905 1442 969 δόξαν
1471 905 1694 976 Κυρίου.

227 995 357 1048 Ὀτι
389 995 769 1062 οἰκοδομήσει
826 999 1037 1066 Κύριος
1089 998 1202 1065 τὴν
1257 997 1428 1052 Σιών.
1481 997 1734 1049 Τουτέστι
1824 1042 1832 1050 .

154 1086 252 1157 τὴν
287 1086 635 1157 Ἐκκλησίαν.

238 1181 606 1247 Ἐπέὄλεψεν
632 1179 729 1232 ἑπί
764 1179 876 1248 τὴν
901 1181 1249 1250 προσευχὴν
1279 1181 1395 1234 τῶν
1419 1181 1730 1236 ταπεινῶν.

157 1270 385 1339 Ἔλεγον
429 1272 542 1342 γὰρ
574 1273 623 1322 οἱ
657 1273 881 1336 ἑαυτοὺς
905 1274 1284 1337 ταπεινοῦντες
1314 1275 1737 1345 προσευχόμενοι

156 1361 453 1432 προφῆται.
488 1361 599 1413 Καὶ
633 1360 718 1424 σὺ,
771 1363 943 1434 Κύριε
982 1366 1009 1416 6
1044 1364 1174 1427 Θεὸς
1221 1366 1454 1437 Ἰσραὴλ,
1502 1367 1736 1438 πρόσχες

149 1449 247 1503 τοῦ
270 1453 670 1520 ἐπισκέψασθαι
709 1455 884 1508 πάντα
907 1455 974 1509 τὰ
1001 1456 1148 1527 ἔθνη.

223 1544 521 1612 Γραρήτω
546 1547 697 1613 αὕτη
740 1551 827 1612 εἰς
861 1548 1074 1616 γενεὰν
1121 1549 1350 1616 ἑτέραν.
1395 1550 1460 1602 Ἤ
1504 1550 1592 1605 διὰ
1641 1549 1736 1603 τοῦ

152 1632 372 1701 ψαλμοῦ
403 1637 701 1707 προσευχὴ,
731 1639 823 1690 καὶ
857 1640 888 1708 ὴ
918 1639 1045 1708 περὶ
1093 1639 1199 1692 τῶν
1225 1639 1393 1692 ἐθνῶν
1439 1640 1739 1708 ἐπαγγελία

154 1727 630 1800 πρςςιητευομένηζ
668 1730 918 1802 καθάπερ
941 1732 998 1783 ἐν
1034 1731 1202 1802 στήλῃ
1246 1731 1556 1785 τυπωθείσα
1594 1732 1736 1785 δέδο-

153 1833 242 1870 ται
306 1821 423 1881 τοῖς
485 1821 784 1884 Ἰουδαίοις,
848 1825 928 1885 εἰς
985 1822 1046 1874 τὸ
1097 1823 1453 1892 φυλάττεσθαι
1499 1825 1578 1895 τῷ
1629 1827 1734 1897 νὲῳ

165 1909 383 1980 Ἰσραὴλ
407 1911 504 1964 καὶ
529 1915 593 1981 τῇ
625 1913 765 1966 κατὰ
785 1914 1016 1984 Χριστὸν
1037 1917 1218 1986 γενεᾷ.
1249 1917 1360 1969 Καὶ
1387 1917 1536 1983 λαὸς
1557 1921 1590 1971 ὁ
1620 1936 1736 1972 κτι-

151 2000 396 2070 ζόμενος
427 2003 654 2057 αἰνέσει
683 2004 789 2057 τὸν
810 2008 1048 2073 Κύριον.

246 2096 350 2146 Οτι
381 2092 680 2163 ἐξέκυψεν
714 2097 782 2161 ἐξ
817 2098 1016 2166 ὕψους
1040 2099 1212 2167 ἁγίου
1243 2101 1447 2155 αὑτοῦ.
1497 2100 1606 2172 Τὴν
1651 2106 1735 2156 αί-

151 2182 271 2237 τίαν
295 2186 429 2254 ἡμῖν
459 2187 555 2256 τῆς
581 2187 826 2256 κλήσεως
847 2189 955 2241 τῶν
982 2191 1147 2243 ἐθνῶν
1170 2192 1550 2260 παρατίθεται.
1585 2194 1732 2265 Αὕτη

149 2279 206 2332 δέ
237 2283 388 2333 ἐστιν
421 2282 454 2351 ὴ
507 2283 798 2350 ἐπιφάνεια
829 2284 924 2336 τοῦ
959 2285 1210 2356 Σωτῆρος
1266 2286 1425 2356 ἡμῶν
1473 2287 1731 2360 Χριστοῦ,

147 2372 214 2441 ἣν
237 2372 463 2440 ἐποίησε
493 2373 676 2436 κλίνας
699 2375 979 2445 οὐρανούς.

224 2463 336 2517 Τοῦ
366 2464 624 2518 ἀκοῦσαι
646 2465 754 2518 τὸν
775 2466 1116 2536 στεναγμὸν
1137 2466 1256 2520 τῶν
1286 2469 1729 2539 πεπεδημένων.

146 2555 258 2607 Καὶ
295 2555 439 2619 τίνες
464 2558 512 2608 οἱ
542 2558 939 2628 πεπεδημένοι,
998 2560 1030 2630 ἢ
1069 2559 1164 2622 οὒς
1202 2563 1408 2631 σειραῖς
1464 2563 1736 2634 ἁμαρτίας

147 2644 407 2716 ἐσφιγξεν
433 2651 460 2701 6
484 2650 771 2718 μισόκαλος
794 2651 1034 2721 δαίμων;
1069 2651 1177 2704 Τοῦ
1201 2651 1387 2705 λῦσαι
1407 2653 1548 2718 τοὺς
1566 2654 1750 2719 υἱοὺς,

145 2736 268 2791 τῶν
293 2740 806 2808 τεθανατωμένων.
868 2743 930 2794 Ol
969 2741 1076 2793 υἱοὶ
1122 2741 1230 2795 τῶν
1279 2743 1735 2816 τεθανατωμένων

145 2824 260 2881 εἷεν
284 2827 350 2882 ἂν
383 2832 432 2882 οἱ
464 2831 524 2894 ἐξ
546 2831 735 2896 ἐθνῶν,
772 2831 949 2903 καθὴν
983 2832 1253 2886 ἀπέθανον
1283 2837 1332 2887 οἱ
1375 2837 1609 2909 πατέρες
1637 2839 1734 2890 αὐ-

146 2920 256 2972 τῶν
284 2923 404 2984 ταῖς
438 2921 595 2984 ἰδίαις
629 2922 926 2992 ἁμαρτίαις
959 2922 1469 2995 είδωλολατροῦντες
1492 2926 1590 2981 ἔτι,

223 3017 338 3072 Τοῦ
364 3018 709 3088 ἀναγγεῖλαι
760 3020 830 3073 ἐν
861 3019 1014 3073 Σιὼν
1040 3020 1108 3073 τὸ
1152 3020 1338 3089 ὄνομα
1380 3024 1585 3077 αὑτοῦ.
1626 3026 1736 3077 Καὶ

1763 1789 1810 1848 Β

1840 540 1968 595 dum
1999 541 2215 610 placent
2265 540 2470 608 lapides
2500 539 2696 607 prioris
2720 538 2907 610 populi
2956 539 3237 608 subjungit
3275 554 3408 609 gen-

1843 630 1975 684 lium
2032 630 2390 684 vocationem.
2447 627 2515 682 Et
2567 647 2742 684 omnes
2792 647 2934 700 reges
2988 640 3140 685 terra:
3184 630 3413 701 gloriam

1841 731 2007 775 tuam.
2067 719 2240 790 Reges
2272 721 2508 787 positum
2539 735 2639 789 pro
2673 735 2858 790 regna.
2911 717 3029 773 Non
3085 726 3167 774 est
3211 719 3412 788 quippe

1837 828 2064 882 regnum
2107 827 2283 881 neque
2313 827 2444 881 gens
2472 827 2593 882 qua
2637 828 2746 865 non
2793 812 2981 867 adoret
3014 811 3242 882 gloriam
3299 813 3408 867 Do-

1841 905 1995 958 mini.

1917 997 2008 1050 17.
2069 997 2212 1062 Quia
2254 997 2536 1065 mdiﬁcabit
2578 996 2834 1049 Dominus
2866 995 3016 1050 Sion.
3067 995 3124 1051 Id
3161 1005 3265 1061 est,
3306 995 3411 1050 Ec-

1843 1088 2086 1142 clesiam.

1913 1181 2000 1235 18.
2073 1179 2312 1248 Respexit
2354 1181 2410 1232 in
2454 1181 2745 1233 orationem
2798 1177 3100 1234 humilium.
3146 1179 3412 1235 Dicebant

1838 1273 2038 1342 quippe
2075 1273 2350 1342 prophetae
2378 1272 2505 1324 dum
2530 1272 2736 1326 orando
2777 1287 2897 1326 sese
2925 1271 3302 1326 humiliarent.
3339 1271 3409 1324 Et

1838 1373 1916 1428 tu,
1951 1361 2338 1417 Domine-Deus
2372 1360 2565 1424 Israel,
2603 1363 2834 1428 intende,
2881 1362 2949 1415 ad
2975 1363 3269 1416 uisitandas
3297 1379 3411 1414 om-

1839 1470 1928 1508 nes
1953 1465 2127 1524 gentes
2155 1453 2224 1506 εδ.

1911 1546 2000 1600 £9.
2058 1545 2336 1600 Scribatur
2378 1545 2488 1598 [uec
2532 1546 2588 1598 in
2620 1545 2951 1615 generatione
2980 1543 3173 1599 altera.
3221 1543 3410 1599 Oratio

1840 1638 2050 1692 scilicet
2074 1653 2196 1708 qua:
2221 1638 2274 1690 in
2300 1638 2512 1706 psalmo
2541 1637 2854 1701 etl'unditur,
2883 1649 2936 1692 et
2960 1637 3250 1704 promissio
3281 1651 3413 1706 geu-

1841 1731 1986 1783 tibus
2017 1729 2331 1798 prophetice
2380 1729 2546 1795 facta,
2605 1730 2764 1798 quasi
2802 1730 2856 1783 in
2912 1731 3074 1800 cippo
3136 1729 3412 1798 insculpta

1841 1824 2037 1877 tradita
2070 1832 2153 1876 est
2197 1823 2418 1887 Judaeis,
2479 1831 2539 1875 ιιι
2579 1831 2891 1877 servaretur
2923 1823 3068 1876 novo
3107 1823 3296 1877 lsraeli
3356 1831 3413 1877 et

1835 1915 2156 1969 Christianae
2205 1913 2563 1982 generationi.
2602 1913 2673 1966 Et
2724 1913 2947 1984 populus
2996 1916 3088 1984 qui
3145 1915 3411 1968 creabitur

1835 2005 2080 2058 laudabit
2103 2003 2409 2055 Dominum.

1904 2096 1995 2150 20.
2073 2095 2214 2159 Quia
2243 2094 2511 2162 prospexit
2553 2095 2618 2147 de
2658 2096 2860 2148 excelso
2901 2104 3085 2149 sancto
3116 2113 3232 2150 suo.
3268 2096 3412 2150 Cau-

1836 2201 1952 2240 sam
1981 2185 2136 2239 nobis
2167 2183 2709 2252 apponitvocalionis
2743 2186 3005 2259 gentium.
3048 2184 3174 2240 Hzec
3200 2195 3283 2240 est
3310 2203 3409 2240 au-

1835 2286 1941 2331 tem
1970 2277 2232 2329 adventus
2260 2272 2557 2327 Salvatoris
2591 2275 2764 2330 nostri
2800 2275 3024 2340 Christi,
3078 2277 3296 2345 quando
3322 2277 3408 2330 in-

1835 2370 2058 2425 clinavit
2086 2369 2275 2424 caelos.

1905 2462 1996 2515 21.
2056 2460 2123 2515 Ut
2172 2463 2378 2515 audiret
2420 2461 2671 2532 gemitum
2718 2459 3150 2527 compeditorum.
3203 2457 3407 2527 Ecqui-

1835 2568 1960 2608 nam
2014 2554 2326 2622 compediti,
2355 2555 2463 2608 nisi
2497 2569 2636 2623 quos
2665 2552 2872 2608 catenis
2899 2552 3110 2620 peccati
3137 2551 3412 2604 constrin—

1835 2645 1911 2715 git
1954 2645 2220 2698 bonorum
2259 2659 2386 2698 osor
2429 2644 2672 2699 daemon?
2715 2641 2779 2696 Ut
2827 2642 3040 2696 solveret
3073 2640 3212 2710 ﬁlios
3246 2642 3411 2694 inter~

1835 2748 2150 2806 emptorum.
2200 2738 2322 2792 Filii
2387 2738 2836 2804 interemptorum
2889 2733 3092 2788 fuerint
3139 2733 3407 2802 gentiles.

1837 2846 2070 2899 quarunt
2135 2840 2316 2900 patres
2381 2830 2437 2884 in
2498 2829 2732 2899 propriis
2794 2826 3034 2898 peccatis
3108 2825 3410 2880 idololatraa

1837 2924 2106 2977 obierunt.

1905 3013 1995 3067 22.
2064 3012 2133 3067 Ut
2161 3013 2469 3067 annuntiont
2502 3013 2559 3064 in
2587 3010 2717 3066 Sion
2766 3026 2952 3064 nomen
2997 3008 3131 3077 ejus.
3169 3005 3238 3061 Et
3276 3007 3408 3061 illud

145 3109 307 3162 τοῦτό
336 3127 469 3180 φησι
496 3112 596 3179 τῆς
622 3109 846 3165 καθόδου
879 3110 1070 3175 αἴτιον,
1088 3113 1235 3175 ὅπως
1262 3115 1294 3183 ὴ
1337 3114 1629 3185 Ἐκκλησία
1649 3119 1733 3171 ἀν-

1849 3123 2066 3179 quoque
2097 3108 2173 3162 ait
2215 3116 2299 3161 est
2331 3108 2627 3161 descensus
2678 3120 2864 3167 causa,
2917 3112 2978 3155 ut
3005 3101 3246 3156 Ecclesia
3293 3100 3413 3155 edi-

145 3204 338 3272 υμνεῖν
367 3201 588 3272 μάθοιεν
618 3202 680 3254 τὸ
721 3201 895 3274 ὄνομα
948 3202 1134 3256 αὐτοῦ.
1184 3202 1331 3274 Αὕτη
1374 3207 1480 3276 γάρ
1509 3210 1654 3262 ἐστιν
1703 3212 1736 3281 ή

146 3288 311 3344 Σιών.

234 3384 340 3436 Ἐν
363 3382 444 3448 τῷ
469 3383 952 3455 ἐπισυναχθῆναι
977 3385 1167 3452 λαοὺς
1193 3385 1292 3439 ἐπὶ
1319 3386 1384 3440 τὸ
1410 3385 1576 3442 αὐτό.
1618 3391 1737 3446 Τῶν

148 3477 322 3531 ἐθνῶν
370 3479 679 3549 ἑωρακότες
735 3481 823 3534 διὰ
869 3481 964 3533 τοῦ
1015 3479 1324 3551 πνεύματος
1370 3482 1467 3552 τὴν
1519 3484 1612 3535 ἐπὶ
1645 3484 1736 3538 τὸν

145 3568 355 3638 Κύριον
387 3569 710 3640 συναγωγὴν
757 3572 806 3622 οἰ
852 3570 1148 3641 προφῆται,
1215 3571 1593 3641 παρεκάλεσαν
1644 3573 1736 3625 καὶ¹

146 3662 305 3716 αὐτοὶ
329 3661 734 3732 καταξιωθῆναι
757 3661 960 3732 ταύτης
1001 3662 1100 3732 τῆς
1159 3661 1432 3732 μακαρίας
1478 3662 1604 3726 θέας
1640 3664 1736 3716 καὶ

145 3751 250 3824 τῆς
274 3753 386 3806 τῶν
413 3754 753 3824 πραγμάτων
783 3751 1080 3816 ἐκϐάσεως.
1203 3764 1205 3766 ’

231 3845 547 3911 Ἀπεκρίθη
595 3840 756 3907 αὑτῷ
816 3843 887 3896 ἐν
952 3842 1070 3908 ὀδῷ
1133 3843 1348 3912 ἰσχύος
1397 3842 1602 3895 αὑτοῦ.
1674 3844 1732 3896 ’0

146 3937 676 4011 προφητικὺςπχορὸς
711 3935 811 4006 μέν
859 3939 1005 3989 ἐστιν
1060 3936 1089 3987 6
1136 3935 1584 4006 ἀποκρινόμενος,
1615 3937 1732 4006 ἦτοι

148 4028 373 4099 ἐρωτῶν
411 4028 502 4082 τὸν
539 4029 689 4081 Θεόν.
739 4028 885 4081 Ὀδὸν
950 4027 1131 4097 ἰσχύος
1177 4025 1342 4078 αὐτοῦ
1372 4026 1469 4096 τὴν
1505 4027 1596 4078 ἐπὶ
1628 4027 1731 4096 γῆς

147 4121 458 4192 παρουσίαν
491 4121 675 4190 φησιν.
716 4116 886 4173 Ἦλθε
925 4119 1031 4190 γὰρ
1057 4120 1146 4173 ἵνα
1187 4120 1324 4192 δήσῃ
1367 4122 1456 4172 τὸν
1491 4121 1727 4191 ἰσχυρόν.

153 4212 276 4279 Τὴν
303 4212 620 4281 ὀλιγότητα
655 4212 776 4265 τῶν
805 4209 1042 4281 ἡμερῶν
1063 4230 1181 4280 μου
1213 4211 1568 4282 ἀνίὶγγειλόν
1605 4231 1726 4281 μοι.

148 4296 276 4365 Οἷός
307 4302 442 4365 ἐστι,
498 4301 680 4371 φησὶν,
716 4301 744 4352 ὁ
791 4301 1059 4372 ἡμέτερος
1102 4300 1214 4369 βίος
1265 4302 1582 4369 ἁνὰγγειλόν
1617 4319 1725 4371 μοι.

149 4393 363 4464 Ηῠχετο
416 4393 525 4462 γὰρ
561 4393 688 4445 ἰδεῖν
725 4396 773 4446 εἰ
806 4393 999 4461 φθάσει
1045 4395 1124 4455 εἰς
1150 4392 1362 4454 ἐκείνας
1387 4393 1484 4455 τὰς
1516 4393 1728 4462 ἡμέρας

146 4488 183 4554 ἠ
236 4484 351 4555 ζωὴ
381 4483 568 4547 αὑτοῦ,
617 4483 739 4537 καθ’
766 4484 832 4546 ἂς
889 4483 1111 4554 ἔμελλεν
1166 4483 1590 4556 ἐνανθρωπήσας
1637 4485 1730 4537 ἐπὶ

146 4576 254 4646 γῆς
283 4575 567 4645 φαίνεσθαι
601 4579 629 4630 6
675 4577 1004 4647 Μονογενής.

216 4668 319 4736 Μὴ
348 4668 656 4738 ἀναγάγῃς
687 4685 762 4737 με
781 4669 851 4721 ἐν
874 4668 1078 4736 ἡμίσει
1103 4666 1340 4737 ἡμερῶν
1357 4686 1495 4738 μου.
1521 4666 1728 4735 Ἥμισυ

145 4759 258 4814 τῶν
286 4761 508 4831 ἡμερῶν
539 4760 704 4814 αὐτοῦ
736 4761 853 4830 ἦτοι
901 4760 1001 4828 τῆς
1038 4760 1181 4830 ζωῆς
1237 4760 1298 4812 τὸ
1325 4759 1461 4821 τέως
1495 4760 1552 4810 ἐν
1592 4757 1728 4810 θεω-

151 4855 246 4925 ρίᾳ
275 4852 526 4921 γενέσθαι
583 4854 682 4923 τῆς
736 4852 1057 4920 ἐπιφανείας
1115 4851 1300 4921 φησίν.
1374 4848 1583 4920 Ηῦχετο
1635 4844 1728 4902 οὖν

145 4944 504 5016 πληρωθῆναι
529 4942 690 4997 αὐτοῦ
721 4943 813 4996 τὸν
849 4943 968 4996 ὅλον
1004 4943 1216 5014 χρόνονο
1251 4943 1345 4995 καὶ
1405 4944 1454 4994 εἰ
1507 4936 1616 4995 οἷόν
1667 4957 1727 4992 τε

146 5035 562 5107 παρεκταθῆναι
590 5035 686 5104 τὴν
718 5033 863 5105 ζωὴν
897 5033 1084 5096 αὑτοῦ,
1110 5033 1258 5096 ὅπως
1304 5031 1370 5085 ἂν
1421 5033 1516 5086 καὶ
1560 5031 1729 5100 αὐτῆς

144 5131 248 5201 τῆς
277 5129 386 5182 τῶν
415 5128 754 5198 πραγμάτων
775 5126 1051 5188 ἐκϐάσεως
1079 5123 1403 5194 καταξιωθῇ.
1439 5123 1595 5178 Οὕτω
1619 5122 1728 5194 γὰρ

143 5224 216 5278 ἂν
251 5223 476 5293 ἔμελλεν
501 5223 537 5292 ὴ
571 5223 719 5274 πᾶσα
754 5218 918 5274 αὐτοῦ
972 5217 1084 5290 ζωὴ
1117 5215 1474 5289 πληροῦσθαι.
1520 5216 1616 5267 Ἐν
1637 5232 1732 5284 γε-

145 5315 260 5383 νεᾷ
285 5315 507 5384 γενεῶν
525 5315 597 5369 τὰ
623 5313 726 5380 ἐτη
757 5328 895 5367 σου.
930 5312 1096 5374 Γνοὺς
1128 5313 1156 5364 6
1193 5308 1527 5380 προφητικὸς
1569 5307 1728 5378 χορὸς

143 5407 237 5461 διὰ
267 5405 364 5458 τοῦ
411 5404 742 5474 πνεύματος,
794 5403 869 5466 ὡς
891 5403 992 5456 οὐκ
1028 5401 1096 5455 ἃν
1144 5399 1338 5469 φθάσοι
1388 5400 1468 5460 εἰς
1521 5397 1580 5450 τὸ
1619 5396 1727 5449 τῶν

147 5496 496 5570 πραγμάτων
514 5495 708 5566 πέρας,
735 5493 917 5563 φησίν·
961 5490 1101 5560 Ἐγὼ
1125 5491 1180 5543 δὲ
1206 5489 1610 5560 κοιμηθήσομαι
1632 5486 1726 5540 ἆτε

146 5589 346 5661 θνητὸς
372 5587 466 5642 ὧν·
501 5587 566 5640 σὺ
612 5587 668 5640 δέ
700 5588 874 5657 μόνος,
902 5579 946 5640 ὦ
975 5583 1236 5647 Δέσποτα,
1284 5582 1376 5635 καὶ
1409 5581 1488 5643 εἰς
1516 5579 1730 5642 ἐκείνας

234 5746 280 5778 ⁸⁴
333 5743 479 5800 Psal.
529 5761 648 5802 LVI.
682 5745 734 5800 8.

1841 3209 2014 3257 sceret
2044 3199 2259 3268 hymnis
2303 3197 2579 3252 celebrare
2627 3209 2826 3249 nomen
2859 3194 3002 3263 ejus.
3042 3191 3164 3261 ipsa
3210 3192 3412 3262 quippe

1840 3302 1922 3347 est
1962 3292 2113 3345 Sion.

1908 3385 1998 3440 25.
2064 3381 2517 3437 In'conveniendo
2557 3379 2778 3450 populos
2822 3380 2875 3432 in
2896 3394 3081 3431 unum.
3114 3376 3250 3432 Cum
3282 3391 3412 3446 pro-

1838 3476 2013 3545 phetae
2042 3491 2138 3544 per
2164 3474 2415 3542 spiritum
2470 3471 2720 3525 viderent
2759 3468 3238 3539 congregationem
3273 3482 3408 3537 gen-

1837 3569 1974 3624 tium
2023 3567 2090 3621 ad
2119 3566 2420 3623 Christum,
2475 3569 2739 3632 rogarunt
2771 3569 2829 3614 ut
2858 3568 2912 3613 et
2943 3558 3052 3628 ipsi
3108 3559 3214 3613 hoc
3262 3556 3410 3612 felici

1837 3656 2149 3727 spectaculo
2197 3654 2532 3716 fruerentur,
2587 3659 2639 3706 et
2689 3665 2872 3704 rerum
2929 3649 3099 3702 exitu.

1903 3837 1994 3890 24.
2045 3833 2329 3904 Respondit
2366 3833 2413 3885 ei
2441 3833 2496 3884 in
2527 3831 2612 3884 via
2649 3832 2856 3884 virtutis
2891 3845 3020 3883 sum.
3051 3814 3407 3896 Propheticus

1835 3931 2034 3985 chorus
2064 3927 2260 3996 estqui
2291 3923 2599 3994 respondet,
2643 3923 2782 3976 idem
2821 3921 2935 3990 ipse
2976 3920 3070 3989 qui
3112 3920 3409 3988 interrogat

1833 4025 2025 4078 Deum.
2058 4020 2212 4074 Viam
2249 4018 2465 4072 virtutis
2518 4032 2651 4080 suae,
2711 4031 2871 4068 suum
2922 4014 2975 4066 in
3023 4021 3167 4065 terra
3201 4011 3406 4064 adven~

1833 4125 1948 4170 tum
1997 4121 2170 4167 vocat.
2221 4109 2383 4163 Venit
2419 4107 2620 4176 quippe
2656 4111 2717 4157 ut
2747 4104 2940 4172 ligaret
2996 4100 3213 4155 fortem.
3252 4097 3422 4152 Pan-5

1831 4211 2045 4261 citatem
2097 4205 2302 4257 dierum
2350 4216 2582 4254 meorum
2619 4198 2808 4250 nuntia
2847 4196 2996 4249 mihi.
3057 4193 3243 4259 Qualis
3296 4192 3403 4255 sit,

1831 4299 2027 4370 inquit,
2062 4298 2173 4351 vita
2212 4303 2396 4349 nostra
2439 4291 2702 4346 annuutia
2743 4288 2898 4341 mihi.
2938 4286 3273 4341 Precabatur
3302 4299 3405 4337 au-

1829 4403 1937 4448 tem
1967 4400 2027 4445 ut
2068 4389 2396 4443 indicaretur
2445 4383 2570 4445 sibi,
2617 4397 2746 4435 num
2777 4379 2843 4433 ad
2893 4393 2986 4432 eas
3025 4378 3140 4430 dies
3172 4391 3405 4444 perven-

1760 4464 1806 4519 D
1830 4495 1953 4538 tura
1983 4482 2095 4535 vita
2125 4479 2244 4546 ejus
2271 4485 2434 4538 esset,
2481 4474 2679 4543 quibus
2728 4470 2971 4524 futurum
3018 4475 3135 4521 erat
3165 4475 3224 4520 ut
3268 4463 3406 4518 Uni-

1832 4575 2046 4646 genitus
2080 4571 2245 4626 homo
2278 4567 2455 4621 factus
2489 4570 2770 4634 appareret
2804 4561 2858 4643 in
2887 4567 3047 4612 terra.

1901 4665 1993 4720 25.
2046 4661 2129 4716 Ne
2182 4675 2384 4714 revoces
2429 4673 2508 4710 me
2559 4652 2850 4708 indimidio
2899 4649 3103 4703 dierum
3147 4663 3403 4702 meorum.

1832 4755 2127 4810 Dimidium
2171 4753 2381 4807 dierum
2411 4748 2528 4817 ejus
2572 4746 2684 4800 sive
2731 4744 2854 4797 vita:
2885 4741 3027 4810 ejus,
3059 4749 3219 4795 vocat
3269 4737 3404 4794 illud

1831 4848 1976 4918 quod
2032 4842 2400 4900 intercedebat
2444 4849 2657 4908 tempus
2701 4836 2875 4889 donec
2918 4832 3209 4890 adventum
3254 4830 3406 4884 vide—

1831 4947 1972 4993 rent.
2035 4937 2214 5005 Rogat
2258 4933 2438 5001 ;igitur
2494 4940 2553 4983 ut
2627 4926 2917 4996 impleatur
2973 4931 3144 4978 totum
3190 4933 3404 4991 tempus

1833 5043 1993 5084 suum
2027 5045 2039 5080 :
2070 5034 2125 5080 et
2175 5024 2221 5079 si
2265 5022 2379 5076 ﬁeri
2424 5020 2617 5091 possit,
2651 5018 2984 5089 producatur
3030 5016 3142 5069 vita
3189 5029 3308 5080 sua,
3345 5022 3408 5066 ut

1831 5118 2009 5188 ipsum
2041 5131 2220 5170 rerum
2265 5113 2474 5167 exitum
2512 5111 2696 5164 videre
2756 5109 2952 5178 dignus
3002 5107 3288 5162 habeatur.
3322 5103 3403 5158 lta

1831 5210 1976 5263 enim
2030 5206 2276 5260 futurum
2324 5210 2443 5257 erat
2483 5209 2546 5256 ut
2574 5201 2892 5270 impleretur
2935 5207 3047 5252 tota
3100 5198 3210 5251 vita
3261 5196 3400 5264 ejus.

1830 5300 1896 5356 In
1929 5301 2314 5370 generationem
2347 5307 2396 5350 et
2445 5295 2833 5366 generationem
2882 5293 3008 5345 anni
3047 5292 3143 5344 tui.
3187 5288 3405 5344 Gnarus

1831 5395 2180 5464 propheticus
2204 5391 2406 5446 chorus
2429 5405 2524 5460 per
2555 5387 2826 5458 spiritum,
2869 5399 2978 5438 non
3015 5389 3400 5453 perventurum

1832 5501 1892 5540 se
1934 5485 1999 5539 ad
2047 5485 2311 5539 harumce
2355 5498 2537 5537 rerum
2582 5481 2766 5545 tinem,
2806 5477 2926 5531 ait:
2982 5475 3096 5543 Ego
3145 5486 3274 5528 vero
3303 5473 3404 5526 ob-

1830 5577 2098 5632 dormiam
2133 5585 2321 5647 utpote
2364 5575 2644 5640 mortalis;
2675 5582 2734 5626 tu
2778 5577 2958 5626 autem
2990 5567 3161 5635 solus,
3214 5580 3249 5620 ο
3290 5563 3402 5620 Do-
