3880 6216
446 291 545 345 151

1285 286 1341 342 5.
1387 286 1764 341 ATHANASII
1804 285 1958 342 OPP.
2003 285 2191 342 PARS
2231 286 2316 342 Ill.
2357 318 2426 369 -.—
2465 286 2875 343 EXEGETICA.

3592 289 3698 346 εει

446 409 609 471 mine,
647 418 817 476 usque
851 404 919 459 ad
969 404 1089 461 illas
1130 405 1505 477 generationes
1549 419 1873 473 permanes,
1922 414 2009 459 ut-

2134 407 2299 468 ιένεις
2330 404 2427 467 τὰς
2455 405 2667 473 γενεὰς,
2706 406 2799 459 διτε
2833 405 2898 474 δὴ
2930 402 3023 457 καὶ
3062 406 3125 458 σὺ
3157 404 3315 468 αὐτὸς
3352 404 3427 469 ὡς
3463 405 3624 476 Θεὸς,
3667 406 3699 463 ὁ

446 509 567 571 pote
596 497 740 553 Deus
767 497 860 568 qui
892 497 1060 553 caelos
1086 496 1154 551 ab
1185 498 1339 550 initio
1368 496 1567 551 fecisti.

513 586 603 651 26,
657 587 747 640 27.
817 584 930 656 Ipsi
957 586 1219 656 peribunt,
1271 596 1327 638 tu
1371 597 1546 640 «intem
1592 602 1884 655 permanes.
1932 586 2010 641 Tu

444 679 616 743 solus,
646 678 842 747 inquit,
882 692 915 731 o
955 676 1200 743 Domine,
1241 676 1595 731 aeternitatem
1641 685 1826 746 utpote
1871 675 2013 731 Deus

445 772 651 826 habes:
697 771 819 826 caeli
853 785 983 824 vero
1033 770 1136 825 etsi
1184 784 1439 839 magnum
1488 780 1542 823 et
1589 769 1853 823 eximium
1905 769 2014 823 sint

340 872 345 877 ‘
443 861 736 929 opiﬁcium,
780 868 1017 914 attamen
1054 867 1107 913 et
1136 859 1239 929 ipsi
1270 858 2010 928 corruptionitsubjicientnr.

442 950 733 1019 Corruptio
762 960 943 1004 autem
991 949 1107 1004 hac
1158 950 1262 1004 erit
1310 949 1416 1002 illis
1450 949 1505 1003 in
1556 950 2009 1003 renovationem:

442 1043 726 1097 volventur
765 1043 910 1097 enim
956 1043 1013 1096 in
1054 1042 1335 1097 meliorem
1391 1040 1625 1097 formam
1662 1043 2008 1097 commutati.

509 1133 580 1191 28
602 1175 617 1200 ,
667 1133 756 1187 29.
819 1132 953 1187 Filii
980 1150 1247 1187 servorum
1271 1142 1477 1186 tuorum
1508 1132 1840 1187 habitabant.
1874 1132 2011 1187 Nam

379 1214 385 1231 ’
440 1240 563 1281 cum
595 1226 718 1287 caeli
753 1226 946 1279 mutati
988 1225 1209 1291 fuerint,
1244 1234 1295 1280 et
1342 1234 1603 1279 renovata
1657 1225 1823 1279 fuerit
1867 1240 2013 1281 crea-

441 1325 586 1383 tura,
619 1326 749 1372 tunc
774 1316 827 1370 in
856 1316 1078 1371 aeternis
1130 1317 1497 1372 tabernaculis
1534 1317 1820 1371 constituti
1850 1326 2013 1371 erunt

434 1408 537 1462 ﬁlii
564 1423 844 1463 servorum
886 1416 1126 1473 tuorum;
1164 1406 1203 1460 ii
1244 1419 1423 1461 autem
1458 1415 1586 1461 sunt
1623 1407 1718 1477 qui
1759 1422 1855 1477 per
1885 1422 2013 1463 san-

440 1510 561 1554 ctos
586 1498 861 1569 apostolos
890 1497 1258 1563 crediderunt,
1290 1506 1336 1551 et
1368 1514 1541 1552 semen
1582 1514 1765 1551 eorum
1812 1499 1869 1551 in
1920 1514 2014 1553 sa:-

440 1590 617 1644 culum
641 1590 916 1660 dirigetur.
948 1586 1144 1642 Semen
1184 1597 1495 1643 sanctorum
1529 1590 1899 1659 apostolorum
1930 1598 2014 1644 est

440 1679 749 1749 evangelica
777 1688 831 1734 et
879 1678 1133 1734 salutaris
1178 1678 1513 1748 praedicatio,
1558 1694 1680 1750 quae
1727 1687 1914 1733 manet
1942 1679 2009 1740 ,in

443 1772 721 1828 saeculum.

759 1968 1096 2028 PSALMUS
1144 1970 1243 2037 ipsi
1303 1969 1496 2022 David.
1563 1967 1694 2023 cu.

1034 2063 1429 2134 Argumentum.

442 2157 626 2214 Novus
686 2157 919 2229 populus
966 2172 1033 2211 ex
1081 2156 1334 2226 gentibus
1377 2163 1622 2219 coactus,
1673 2154 1901 2209 docetur
1957 2152 2015 2208 in

526 2253 634 2305 hoc
666 2250 876 2321 psalmo
932 2250 1101 2304 Deum
1151 2248 1368 2316 hymnis
1419 2249 1719 2313 celebrare,
1758 2247 1854 2316 qui
1898 2235 2018 2301 nia-

524 2360 630 2416 gna
660 2344 763 2413 ipsi
789 2342 1051 2398 beneﬁcia
1092 2342 1338 2397 contulit.
1372 2341 1513 2395 Sunt
1552 2348 1737 2395 autem
1774 2354 1860 2405 ea,
1890 2353 2017 2409 pec-

513 2436 619 2489 cati
648 2434 944 2489 destructio
974 2442 1029 2489 et
1054 2433 1475 2489 resurrectionis
1507 2432 1704 2501 gloria.

515 2531 567 2583 1.
616 2527 874 2593 Benedic,
918 2528 1100 2580 anima
1141 2543 1294 2595 mea,
1338 2525 1589 2582 Domino.
1625 2524 1745 2595 Ipse
1784 2540 1905 2581 sese
1948 2524 2016 2579 ad

445 2623 710 2693 hymnum
752 2620 973 2684 excitat,
1032 2618 1300 2688 optimum
1358 2618 1462 2673 sibi
1505 2618 1572 2673 ad
1650 2618 1881 2673 salutem
1924 2631 2015 2670 re-

444 2715 683 2769 medium
714 2726 1193 2782 essegprOponens,
1234 2710 1556 2765 benedicere
1593 2708 1785 2765 Deum.
1822 2706 1903 2761 Ex
1950 2720 2017 2762 eo

444 2816 624 2862 autem
651 2805 799 2876 quod
842 2803 985 2858 Deus
1030 2803 1387 2858 miseraturus
1428 2802 1689 2873 populum
1733 2808 1900 2863 esset,
1950 2798 2017 2853 de

445 2899 653 2968 iustitia
700 2912 795 2950 sua
856 2896 910 2950 in
950 2894 1251 2965 judicando
1292 2894 1581 2957 laudatur;
1629 2902 1815 2962 utpote
1858 2890 2016 2961 quia

446 2986 801 3056 corruptione
829 2984 1021 3039 liberet
1052 2992 1107 3038 et
1136 2998 1362 3054 regnum
1391 2983 1655 3038 caelorum
1688 2983 1813 3047 det;
1848 2981 1923 3034 ita
1956 2988 2017 3034 ut

445 3094 684 3147 prmsens
740 3077 974 3146 hymnus
1028 3075 1284 3130 omnibus
1341 3075 1648 3130 conveniat.
1700 3073 1771 3127 Et
1838 3072 2016 3126 omnia

444 3184 563 3237 [μιαί
596 3168 740 3220 intra
779 3182 860 3219 me
890 3174 1013 3219 sunt
1039 3165 1239 3219 nomini
1267 3174 1450 3218 sancto
1486 3165 1626 3233 ejus.
1669 3162 1773 3217 Per
1797 3178 1861 3217 ea
1899 3177 2022 3232 quas

450 3261 590 3314 intra
635 3268 778 3321 sunt,
812 3256 1083 3327 signiﬁcat
1145 3255 1314 3311 Deum
1354 3271 1419 3310 ex
1446 3266 1560 3310 toto
1594 3255 1778 3321 corde,
1809 3270 1877 3310 ex
1912 3262 2021 3309 tota

452 3351 667 3415 virtute,
700 3358 752 3403 et
782 3364 849 3402 ex
884 3354 995 3404 tota
1033 3354 1215 3402 mente
1245 3347 1607 3400 invocandum
1629 3360 1771 3400 esse.

541 3439 597 3493 2.
665 3438 929 3503 Benedic,
982 3438 1162 3489 anima
1208 3452 1358 3501 mea,
1417 3436 1662 3489 Domino.
1705 3434 2024 3489 Perseverat

450 3545 570 3587 sese
592 3530 935 3585 exhortando
964 3528 1031 3582 ad
1061 3527 1636 3598 canendumhymnos,
1655 3527 1823 3596 probe
1841 3526 2022 3581 sciens

450 3624 503 3677 id
554 3638 676 3678 esse
707 3621 866 3677 oﬁicii
911 3621 994 3677 sui
1042 3635 1141 3691 pro
1183 3620 1398 3691 magnis
1430 3620 1667 3689 acceptis
1718 3619 2019 3673 beneﬁciis.

448 3714 581 3769 Nam
614 3714 706 3784 qui
735 3712 1045 3767 divinorum
1087 3712 1474 3766 beneﬁciorum
1517 3710 1857 3773 recordatur,
1884 3725 2019 3763 nun-

448 3822 613 3877 quam
669 3804 832 3860 ﬁnem
897 3802 1058 3858 faciet
1103 3803 1268 3873 hujus
1313 3802 1499 3873 hymni
1552 3802 1897 3858 concinendi.
1951 3801 2022 3855 Et

447 3900 557 3954 noli
579 3898 815 3953 oblivisci
845 3914 1019 3952 omnes
1067 3896 1438 3951 retributiones
1476 3896 1611 3963 ejus.
1666 3895 1775 3950 Pro
1810 3895 2022 3965 magnis

447 3993 593 4046 enim
624 3990 862 4063 peccatis
894 3990 1099 4045 nostris
1140 3989 1394 4044 retribuit
1440 3989 1601 4043 nobis
1649 3986 2024 4043 mansuetudi-

448 4098 596 4148 nem,
636 4080 1071 4137 misericordiam
1094 4121 1109 4147 ,
1147 4081 1546 4138 miserationes.
1586 4077 1720 4146 Qua:
1774 4078 2023 4142 oblivisci

449 4190 560 4231 non
596 4182 825 4245 oportet.

517 4268 571 4332 5,
598 4266 653 4319 4.
679 4266 783 4332 Qui
836 4266 1159 4335 propitiatur
1216 4267 1453 4319 omnibus
1492 4263 1856 4332 iniquitatibus
1885 4264 2019 4327 tuis,

448 4370 553 4414 etc.
578 4356 673 4413 Ha:
701 4366 828 4413 sunt
850 4357 1239 4413 retributiones
1261 4356 1353 4411 Dei
1386 4356 1543 4410 nobis
1573 4355 1817 4420 collatas;
1846 4354 2023 4425 primo

449 4450 597 4521 quod
614 4450 938 4521 propitiatus
953 4450 1025 4503 sit
1054 4449 1293 4518 peccatis
1318 4448 1559 4513 nostris;
1585 4446 1848 4509 secundo,
1876 4445 2022 4515 quod
2056 4440 2099 4495 D

451 4542 793 4597 inﬁrmitates
823 4552 1039 4597 nostras
1060 4540 1368 4606 sanaverit;
1397 4539 1576 4606 tertio,
1602 4538 1748 4610 Quod
1766 4539 1833 4593 de
1861 4540 2025 4594 inter-

453 4638 532 4689 itu
580 4633 870 4689 redemerit
910 4634 1077 4689 vitam
1130 4640 1401 4695 nostram,
1448 4646 1573 4686 cum
1624 4640 1909 4700 peccatum
1959 4632 2026 4686 de

450 4724 631 4779 medio
652 4724 905 4790 sustulit;
935 4733 1158 4796 quarto,
1184 4724 1330 4794 quod
1356 4723 1575 4792 propria
1611 4738 1745 4778 usus
1789 4722 2028 4777 clemen-

452 4818 551 4879 tia,
577 4814 952 4871 misericordia
972 4825 1026 4870 et
1052 4814 1521 4881 miserationibus,
1550 4828 1652 4868 nos
1677 4813 2029 4868 coronaverit

456 4907 770 4977 adoptionis
811 4908 1014 4977 gratia;
1059 4908 1276 4978 quinto,
1301 4908 1447 4977 quod
1493 4906 1871 4977 spiritualibus
1923 4920 2027 4962 nos

455 4999 616 5054 bonis
653 4998 955 5068 repleverit,
979 5014 1099 5054 sese
1126 5000 1284 5055 nobis
1310 5000 1521 5055 donans
1549 5014 1743 5069 panem
1774 5001 1917 5055 vitae.

532 5170 585 5223 5.
610 5167 961 5223 Renovabitur
983 5179 1041 5223 ut
1063 5173 1254 5241 aquila
1264 5175 1514 5242 juventus
1546 5183 1658 5227 tua.
1678 5173 1789 5230 Deo
1820 5190 1916 5244 per
1942 5189 2029 5228 re-

458 5260 863 5330 generationem
894 5261 1233 5330 juventutem
1266 5272 1508 5318 nostram
1537 5268 1698 5334 quasi
1726 5265 1924 5334 aquila;
1944 5279 2027 5318 re-

457 5363 715 5409 novante.
764 5352 1204 5410 Resurreetionis
1250 5357 1480 5426 gratiam
1527 5357 1686 5411 nobis
1734 5356 2025 5429 signiﬁcat.

458 5444 668 5515 Aquila:
710 5455 891 5501 autem
917 5462 1013 5501 eos
1048 5447 1143 5516 qui
1176 5448 1420 5503 renovati
1458 5457 1586 5504 sunt
1611 5457 1911 5519 comparat,
1939 5448 2028 5502 avi

459 5535 703 5588 omnium
727 5537 965 5591 maxime
992 5536 1319 5604 aitivolanti,
1354 5537 1535 5607 regiae,
1560 5544 1614 5593 et
1636 5553 1758 5608 qua:
1790 5537 1905 5595 sola
1930 5551 2029 5609 po-

459 5630 567 5678 test
587 5623 768 5680 radios
798 5627 928 5683 solis
950 5626 1176 5684 ﬁrmiter
1202 5626 1536 5698 conspicere.

2120 498 2212 549 καὶ
2236 498 2363 560 τοὺς
2389 498 2652 565 οὐρανοὺς
2680 493 2998 565 πεποιηκὼς
3032 494 3092 558 ἐξ
3112 494 3305 565 ἀρχῆς.

2185 588 2363 642 Αὐτοὶ
2401 588 2791 650 ἀπολοῦνται,
2819 586 2898 639 σὺ
2931 585 3000 638 δὲ
3032 585 3353 654 διαμένεις.
3406 587 3478 639 Σὺ
3516 586 3697 657 μόνος,

2116 672 2371 750 φησὶν,“ὧ
2399 679 2661 742 Δέσποτα,
2708 678 2770 731 τὸ
2822 677 2990 730 ἀΐδιον
3022 677 3117 729 ἁτε
3177 677 3308 739 Θεὸς
3353 676 3514 746 ἔχεις·
3564 678 3618 730 οἱ
3645 677 3701 731 δὲ

2115 771 2354 841 οὐρανοὶ,
2392 770 2441 821 εί
2495 769 2589 821 καὶ¹
2626 769 2767 838 μέγα
2822 786 2873 820 τι
2924 769 3018 822 καὶ
3064 766 3336 837 ἐξαίρετον
3393 769 3701 838 ὑπάρχουσι

2116 863 2341 931 κτίσμα,
2373 862 2487 915 ἀλλ’
2510 862 2658 931 ὅμως
2683 863 2777 915 καὶ
2804 862 2959 914 αὐτοὶ
2999 862 3464 931 ὑποϐληθήσονται
3498 862 3696 933 φθορᾷ.

2128 954 2190 1006 ἸΙ
2218 954 2273 1006 δὲ
2306 953 2482 1026 φθορὰ
2505 954 2644 1023 αὕτη
2673 955 2958 1023 γενήσεται
2979 954 3159 1015 αὐτοῖς
3179 954 3257 1015 είς
3283 953 3695 1021 ἁνακαινισμόν⁸

2115 1044 2487 1115 ἑλιχθήσονται
2514 1043 2622 1115 γὰρ
2650 1045 2730 1106 είς
2762 1043 2965 1113 βέλτιον
2998 1044 3181 1113 σχῆμα
3215 1042 3699 1113 μεταϐαλλόμενοι.

2190 1139 2252 1189 Οἱ
2290 1135 2405 1188 υἱοὶ
2442 1134 2560 1187 τῶν
2622 1134 2855 1187 δούλων
2906 1149 3022 1187 σου
3089 1132 3698 1199 κατασκηνώσουσιν.

2116 1228 2283 1281 Ὅταν
2320 1226 2428 1299 γὰρ
2474 1226 2851 1297 ἐλιχθήσονται
2897 1228 2945 1279 oi
2994 1224 3234 1295 οὐρανοὶ,
3270 1225 3366 1277 καὶ
3414 1224 3577 1293 καινὴ
3603 1223 3701 1291 γέ-

2114 1335 2271 1387 νηται
2298 1317 2472 1380 κτίσις
2491 1357 2503 1380 ,
2527 1316 2647 1369 τότε
2669 1316 2733 1387 δὴ
2757 1316 2879 1368 τότε
2918 1318 2975 1368 ὲν
3004 1318 3124 1377 ταῖς
3170 1313 3409 1375 αἰωνίοις
3465 1314 3704 1381 σκηναῖς

2113 1410 2393 1479 γενόμενοι
2424 1410 2473 1461 οἱ
2499 1408 2606 1462 τῶν
2634 1407 2741 1460 σῶν
2770 1408 2969 1461 δούλων
2993 1407 3117 1459 υἱοί·
3151 1401 3296 1460 οὗτοι
3328 1406 3371 1458 δ’
3400 1403 3467 1458 ἂν
3492 1400 3605 1457 εἷεν
3649 1408 3701 1457 οἱ

2112 1501 2199 1555 διὰ
2218 1502 2326 1554 τῶν
2347 1502 2517 1570 ἁγίων
2544 1500 2705 1554 αὐτοῦ
2736 1499 3045 1553 ἀποστόλων
3088 1498 3535 1559 πεπιστευκότες.
3586 1496 3702 1548 Καὶ

2113 1594 2179 1648 τὸ
2221 1594 2458 1663 σπέρμα
2490 1593 2687 1648 αὐτῶν
2712 1596 2798 1659 είς
2835 1591 2942 1645 τὸν
2992 1590 3176 1644 αἰῶνα
3216 1588 3703 1652 κατευθυνθήσε-

2114 1703 2225 1741 ται.
2268 1688 2498 1758 Σπέρμα
2521 1687 2627 1741 τῶν
2654 1687 2824 1755 ἁγίων
2868 1684 3183 1739 ἀποστόλων
3230 1683 3289 1736 τὸ
3337 1681 3702 1750 εὐαγγελικὸν

2040 1757 2209 1831 Βκαὶ
2239 1782 2501 1851 σωτήριον
2557 1780 2841 1850 κήρυγμα,
2899 1778 3036 1848 ὅπερ
3093 1779 3173 1839 εἰς
3231 1778 3321 1830 τὸν
3360 1775 3538 1828 αἰῶνα
3583 1773 3702 1825 δια-

2117 1868 2289 1937 μένει.

2506 1986 2815 2037 ΨΑΛΜΟΣ
2852 1981 2932 2046 τῷ
2959 1980 3160 2034 Δαυΐδ.
3191 1982 3322 2033 PB'.

2728 2074 2740 2092 '
2756 2074 3067 2137 Υπόθεσις.

2124 2168 2183 2220 '0
2206 2166 2323 2230 νέος
2350 2166 2409 2231 ἐξ
2439 2166 2606 2220 ὲθνῶν
2634 2165 2762 2228 λαὸς
2816 2167 2873 2219 ὲν
2903 2164 3077 2235 τούτῳ
3106 2164 3415 2217 διδάσκεται
3438 2162 3706 2231 ἁνυμνιῖν

2184 2258 2275 2311 τὸν
2322 2259 2452 2311 Θεὸν
2498 2258 2589 2311 τὸν
2628 2258 2696 2311 τὰ
2751 2256 2961 2326 μεγάλα
3020 2254 3449 2326 εὐηργετηκότα.
3514 2251 3704 2305 Ταῦτα

2184 2350 2241 2403 δέ
2272 2352 2386 2402 ἐστι
2430 2349 2499 2403 τὰ
2528 2351 2942 2420 εὐεργετήματα
2970 2349 3004 2418 ἦ
3035 2364 3093 2399 τε
3126 2348 3223 2417 τῆς
3249 2344 3527 2416 ἁμαρτίας
3560 2343 3707 2397 ἀναί-

2190 2458 2337 2514 ρεσις
2366 2443 2459 2495 καὶ
2485 2442 2581 2512 τῆς
2608 2442 2951 2503 ἀναστάσεως
2976 2440 3037 2492 τὸ
3064 2438 3342 2509 καύχημα.

2182 2534 2450 2601 Εὐλόγει,
2492 2535 2529 2600 ἡ
2576 2531 2743 2601 ψυχή
2773 2550 2914 2599 μου,
2952 2531 3058 2583 τὸν
3093 2531 3329 2594 Κύριον.
3370 2526 3545 2588 Αὐτὸς
3573 2526 3706 2576 ἑαν-

2120 2622 2211 2675 τὸν
2236 2624 2327 2676 ἐπὶ
2356 2624 2444 2676 τὸν
2478 2623 2644 2692 ὕμνον
2665 2623 2941 2692 διεγείρει,
2972 2621 3133 2675 καλὸν
3179 2618 3370 2672 ἑαυτοῦ
3395 2619 3496 2687 τῆς
3526 2634 3705 2687 σωτη-

2122 2714 2239 2785 ρίας
2269 2714 2559 2785 φάρμακον
2589 2714 2684 2784 τὴν
2715 2715 2795 2775 είς
2819 2713 2950 2766 Θεὸν
2972 2712 3220 2779 εὐλογίαν
3245 2708 3703 2780 προϐαλλόμενος.

2130 2807 2247 2875 Ἐφ’
2274 2802 2354 2870 οἷς
2382 2807 2439 2859 δὲ
2466 2806 2598 2869 Θεὸς
2629 2806 2718 2859 τὸν
2744 2806 2869 2859 λαὸν
2913 2804 3143 2875 ἤμελλεν
3177 2805 3345 2857 ἐλεεῖν
3383 2801 3707 2872 δικαιοσύνῃ

2116 2899 2393 2963 δοξάζεται
2433 2902 2677 2970 κριτικῇ,
2716 2898 2920 2969 φθορᾶς
2967 2915 3027 2949 τε
3072 2896 3430 2950 ἀπαλλάττων
3466 2895 3565 2946 καὶ
3610 2892 3709 2961 βα-

2121 2992 2322 3044 σιλείαν
2367 2991 2539 3053 διδοὺς
2590 2989 2857 3061 οὐρανῶψ
2912 2989 2988 3052 ὡς
3049 2990 3141 3042 καὶ
3187 2989 3351 3040 πᾶσιν
3408 2985 3707 3055 ἁρμόττειν

2047 3108 2089 3164 C
2122 3083 2211 3135 τὸν
2236 3084 2595 3152 προκείμενον
2627 3082 2814 3152 ὕμνον.
2867 3081 3216 3145 Καὶκττάντα
3268 3081 3339 3133 τὰ
3376 3079 3555 3142 ἐντός
3588 3094 3709 3145 μου

2121 3174 2187 3227 τὸ
2216 3174 2401 3243 ὄνομα
2438 3174 2501 3227 τὸ
2543 3175 2714 3243 ἅγιον
2734 3175 2937 3229 αὑτοῦ.
2957 3174 3054 3227 Διὰ
3084 3173 3192 3228 τῶν
3225 3172 3374 3234 ἐντὸς
3398 3171 3461 3223 τὸ
3490 3169 3554 3234 ἐξ
3581 3169 3710 3237 ὅλης

2122 3265 2369 3335 καρδίας,
2410 3266 2503 3318 καὶ
2536 3264 2595 3329 ἐξ
2624 3265 2751 3335 ὅλης
2785 3267 2883 3334 τῆς
2941 3264 3142 3334 ἰσχύος,
3192 3264 3287 3316 καὶ
3320 3262 3379 3328 ἐξ
3432 3263 3567 3330 ὅλης
3594 3261 3711 3313 δια-

2123 3358 2269 3421 νοίας
2298 3359 2388 3411 τὸν
2412 3359 2542 3411 Θεὸν
2566 3358 2940 3411 ἐπικαλεῖσθαι
2967 3357 3132 3426 δηλοῖ.

2196 3450 2467 3517 Εὑλόγει,
2503 3450 2541 3516 ἡ
2570 3448 2737 3517 ψυχή
2762 3466 2901 3517 μου,
2928 3447 3032 3501 τόν
3070 3448 3310 3514 Κύριον.
3350 3443 3715 3513 Ἐνδιατρίϐει

2120 3541 2188 3609 τῇ
2228 3540 2355 3610 περὶ
2402 3540 2494 3592 τὸν
2527 3539 2694 3610 ὕμνον
2744 3540 2936 3593 ἑαυτοῦ
2996 3541 3299 3610 προτροπῇ,
3351 3536 3508 3598 εἰδὼς
3554 3535 3714 3588 τοῦτο

2123 3633 2243 3686 ἀντὶ
2287 3632 2397 3685 τῶν
2451 3634 2701 3702 μεγάλων
2751 3633 2916 3686 αὐτοῦ
2973 3631 3299 3704 εὐεργεσιῶν
3360 3629 3561 3683 ἑαυτὸν
3616 3630 3716 3680 ὲπ-

2122 3724 2499 3792 οφείλοντα.⁹0
2528 3724 2636 3796 γὰρ
2669 3725 2776 3777 τῶν
2807 3725 2966 3777 θείων
2997 3722 3329 3794 εὐεργεσιῶν
3357 3723 3715 3793 μεμνημένος

2123 3815 2183 3866 οὐ
2231 3814 2493 3869 παύσεται
2568 3815 2727 3868 τοῦτο
2773 3816 2977 3886 ὑμνῶν.
3013 3817 3122 3869 Καὶ
3170 3815 3257 3884 μὴ
3297 3815 3714 3869 ἐπιλανθάνου

2123 3904 2325 3971 πάσας
2351 3906 2456 3971 τὰς
2493 3904 2927 3970 ἀνταποδόσεις
2952 3905 3156 3959 αὑτοῦ.
3198 3905 3580 3957 Ἀνταπέδωκε
3607 3904 3715 3975 γὰρ

2122 3997 2255 4067 ἡμῖν
2293 3998 2411 4050 ἀντὶ
2443 3997 2549 4049 τῶν
2577 3997 2825 4067 μεγάλων
2888 3996 3303 4067 ἁμαρτημάτων
3352 3990 3427 4048 ὧν
3462 3998 3715 4067 ἡμάρτο-

2127 4105 2246 4157 μεν,
2298 4088 2663 4159 χρηστότητα,
2715 4088 2884 4151 ἕλεον,
2946 4088 3284 4157 οἰκτιρμούς.
3342 4082 3446 4139 ’Ὧν
3501 4087 3587 4139 δεῖ
3639 4089 3715 4159 μὴ

2125 4179 2594 4235 ἐπιλανθάνεσθαι.

2200 4269 2311 4321 Ίῧν
2338 4270 2761 4323 εὐῖλατεύοντα
2800 4268 3027 4334 πάσαις
3067 4268 3195 4334 ταῖς
3246 4269 3526 4338 drop/au;
3571 4284 3711 4321 σου.

2125 4355 2297 4414 Αὖταί
2325 4363 2461 4414 εἰσιν
2495 4364 2552 4415 αί
2596 4364 2721 4433 περὶ
2760 4361 2917 4432 ήμῶν
2960 4361 3345 4423 ἀνταποδόσεις
3378 4361 3474 4413 τοῦ
3524 4360 3665 4413 Θεοῦ
3699 4380 3711 4390 ·

2126 4452 2205 4503 ὅτι
2240 4452 2455 4523 πρῶτον
2497 4452 2596 4521 μὲν
2628 4453 2852 4522 ἱλασμὸν
2879 4451 3040 4521 ἔθηκε
3074 4450 3180 4503 τῶν
3204 4450 3493 4520 ἡμετέρων
3525 4452 3715 4521 ἁμαρ-

2128 4544 2259 4595 τιῶν
2278 4561 2290 4573 ·
2322 4544 2572 4615 δεύτερον
2602 4545 2659 4597 δὲ
2692 4545 2790 4606 τὰς
2816 4544 3089 4613 ἡμετέρας
3136 4542 3419 4605 ἀσθενείας
3470 4543 3669 4595 ίὰσατο
3698 4558 3711 4570 ·

2128 4637 2309 4706 τρίτον
2337 4639 2400 4689 ὲκ
2432 4638 2636 4708 φθορᾶς
2665 4638 2819 4707 ἡμῶν
2862 4636 2958 4707 τὴν
3000 4635 3144 4705 ζωὴν
3190 4632 3561 4704 ἐλυτρώσατο,
3622 4636 3716 4687 ἀνι

2129 4728 2263 4781 ελὼν
2281 4728 2379 4799 τὴν
2398 4728 2690 4799 ἁμαρτίαν,
2718 4729 2973 4800 τέταρτον
3001 4728 3177 4797 οἰκείᾳ
3202 4725 3586 4795 φιλανθρωπίᾳ
3618 4728 3718 4778 καὶ

2130 4820 2267 4889 ἐλέῳ
2313 4821 2408 4873 καὶ
2458 4823 2760 4892 οίκτιρμοῖς
2804 4820 3083 4891 χρώμενος
3130 4818 3510 4885 ἐστεφάνωσεν
3562 4820 3716 4887 ἡμᾶς

2128 4907 2207 4979 τῷ
2239 4909 2339 4979 τῆς
2379 4909 2649 4973 υἱοθεσίας
2681 4911 3011 4981 χαρίσματι’
3042 4909 3289 4977 πέμπτον
3322 4908 3429 4959 τῶν
3465 4924 3717 4977 πνευμα-

2128 4999 2298 5053 τικῶν
2332 5001 2477 5070 ἡμᾶς
2508 5000 2807 5070 ἐνέπλησεν
2846 4999 3088 5068 ἀγαθῶν,
3141 4998 3332 5052 ἑαυτὸν
3362 4999 3495 5069 ἡμῖν
3544 4999 3713 5068 ἄρτον

2130 5090 2258 5145 ὄντα
2285 5090 2429 5161 ζωῆς
2458 5091 2748 5154 ἐπιδιδούς.
3384 5140 3392 5146 .

2214 5181 2802 5249 Ἂνακαινισθήσεται
2845 5180 2927 5247 ὠς
2982 5179 3161 5235 ἀετοῦ
3208 5180 3248 5248 ἡ
3295 5178 3512 5246 νεότης
3564 5195 3708 5233 σου.

2130 5273 2236 5326 Τοῦ
2293 5273 2429 5327 Θεοῦ
2487 5273 2576 5327 διὰ
2635 5276 2734 5345 τῆς
2792 5273 3211 5343 παλιγγενεσίας
3266 5270 3713 5334 ἁνακαινίζοντος

2128 5367 2288 5437 ἡμῶν
2337 5368 2412 5431 ὼς
2445 5367 2606 5421 ἀετοῦ
2641 5368 2739 5439 τὴν
2771 5369 3020 5439 νεότητα.
3073 5367 3147 5419 Τὸ
3199 5368 3298 5435 τῆς
3354 5365 3712 5424 ἀναστάσεως

2130 5457 2261 5525 ἡμῖν
2291 5457 2691 5526 κατασημαίνει
2716 5457 2986 5527 χάρισμα.
3026 5456 3191 5525 Ἀετῷ
3228 5455 3283 5508 δὲ
3316 5456 3441 5517 τοὺς
3480 5454 3713 5506 ἀνακαι-

2130 5544 2419 5613 νονμένους
2452 5546 2804 5616 παρείκασεν,
2830 5546 3057 5617 ὀρνίθων
3081 5547 3337 5600 ἁπάντων
3363 5545 3477 5599 ὄντι
3506 5544 3714 5614 ὑψηλο-

2133 5637 2448 5706 πετεστὰτῳ
2479 5638 2572 5690 καὶ
2627 5637 3055 5709 βασιλικωτάτῳ,
3117 5640 3210 5692 καὶ
3262 5640 3382 5701 ταῖς
3408 5636 3503 5690 τοῦ
3555 5636 3711 5705 ἡλίου

2135 5730 2523 5805 μαρμαρνγαῖς
2554 5730 2699 5800 μόνῳ
2728 5730 2994 5800 λαμπρῶς
3028 5728 3350 5794 ὲνατενίζειν
3383 5728 3694 5804 δοναμέκψ,
