3880 6216
170 337 281 392 455

1319 325 1678 383 EXPOSITIO
1711 324 1776 379 IN
1816 324 2147 385 PSALMUM
2186 329 2319 385 Clll.

3318 344 3426 399 ιιι

248 454 442 510 Ποιῶν
480 453 897 521 ἐλεημοσύνας
928 453 961 504 ὁ
995 452 1207 517 Κύριος
1240 448 1337 501 καὶ
1374 447 1552 515 κρῖμα
1610 443 1738 499 πᾶσ

1931 443 1987 498 6.
2032 443 2261 500 Faciens
2301 437 2690 503 misericordias
2736 450 3030 516 Dominus,
3077 463 3125 507 et
3159 436 3424 525 judicium

170 548 299 615 τοῖς
353 545 791 613 ἀδικουμένοις.
847 539 1033 608 Οὗτος,
1067 543 1251 611 φησιν,
1304 543 1332 593 6
1377 539 1581 610 Κύριος
1619 541 1647 591 6
1677 538 1754 608 τῷ

171 641 341 696 αὑτοῦ
373 640 515 692 ἐλέει
556 638 625 691 τά
673 635 1047 707 προειρημένα
1076 636 1207 704 ἡμῖν
1240 632 1625 703 χαρισάμενος,
1655 630 1753 683 αύ-

168 736 263 797 τός
289 737 441 786 ἐστιν
474 734 503 785 6
534 732 628 785 καὶ
682 730 848 783 πάλαι
903 728 1107 780 δίκαιον
1169 729 1342 798 κρῖμα
1388 725 1601 795 κρίνας,
1656 722 1752 777 καὶ

168 826 593 897 λυτρωσάμενος
625 821 685 885 ἐξ
714 820 993 889 Αἰγύπτου
1038 820 1165 881 τοὺς
1194 819 1343 881 υἱοὺς
1387 816 1625 888 Ἰσραὴλ,
1657 815 1751 869 καὶ

166 918 291 979 δοὺς
323 916 403 985 τῷ
444 931 505 967 τε
556 914 761 982 Μωῦσῇ
793 912 886 965 καὶ
935 910 1097 963 παντὶ
1134 908 1210 978 τῷ
1244 908 1358 979 λαῷ
1412 907 1613 976 γνῶσιν
1644 907 1751 959 τῶν

171 1007 337 1061 αὑτοῦ
375 1004 627 1058 ἐντολῶν.

243 1098 579 1166 Οὶκτίρμων
608 1096 702 1149 καὶ
732 1094 998 1162 ἐλεήμων
1031 1095 1063 1146 ό
1112 1093 1343 1159 Κύριος.
1400 1090 1585 1143 Ταῦτα
1640 1088 1749 1159 γὰρ

165 1194 261 1245 καὶ
291 1192 393 1261 τῆς
420 1189 675 1258 τοιαύτης
709 1186 1027 1256 εὐεργεσίας
1062 1185 1155 1238 καὶ
1183 1184 1350 1237 πάλαι
1392 1182 1489 1235 καὶ
1534 1181 1629 1234 νῦν
1657 1181 1749 1248 γέ-

164 1302 326 1352 γονεν
352 1282 521 1349 αἰτία,
546 1284 811 1352 φήσαντος
832 1279 927 1332 καὶ
948 1278 1226 1340 Μωῦσέως
1249 1294 1260 1306 ·
1292 1277 1509 1343 Κύριος
1528 1274 1748 1343 μακρό-

166 1382 376 1444 θυμος.
432 1373 530 1426 καὶ
585 1371 918 1436 πολυὲλεος
950 1410 966 1432 ,
1027 1368 1126 1421 καὶ
1181 1367 1519 1437 ἀληθινός·
1559 1364 1746 1417 ποιῶν

164 1468 341 1531 ἕλεος
367 1468 456 1530 εὶς
485 1463 777 1533 χιλιάδας.
814 1462 1028 1526 Ταύτας
1054 1456 1145 1515 οὖν
1172 1459 1334 1513 αὐτοῦ
1359 1459 1459 1523 τὰς
1487 1457 1744 1528 δυνάμεις

167 1556 436 1628 ἐγνώρισε
474 1556 551 1627 τῷ
602 1557 810 1625 Μωῦσῇ
836 1596 849 1621 ,
909 1554 1205 1625 λεγομένας
1256 1552 1447 1615 ὁδοὺς,
1504 1549 1598 1602 καὶ
1648 1548 1745 1611 τὰς

166 1650 372 1719 ἀρετὰς
402 1646 525 1699 καθ’
555 1645 623 1710 ἃς
652 1645 720 1699 τὰ
746 1647 920 1699 πάντα
946 1646 1141 1698 διέπει.
1180 1645 1301 1697 Οὐκ
1333 1645 1419 1708 είς
1445 1640 1619 1705 τέλος
1648 1640 1740 1706 ὀρ-

1860 537 2099 592 omnibus
2123 539 2376 607 injuriam
2412 542 2749 610 patientibus.
2779 542 2880 600 Hic
2913 544 3198 615 Dominus,
3228 550 3423 620 inquit,

1858 629 1953 697 qui
1998 644 2097 685 sua
2144 634 2517 689 misericordia
2563 650 2684 704 quae
2728 636 2871 692 dicta
2916 648 3043 693 sunt
3071 639 3220 695 dedit
3246 643 3425 708 nobis,

1858 716 1976 786 ipse
2007 729 2091 773 est
2122 722 2212 790 qui
2246 723 2372 776 olim
2411 724 2618 793 justum
2648 726 2913 794 judicium
2948 729 3086 796 tulit,
3123 739 3175 785 et
3200 732 3426 789 redemit

1856 825 1924 864 ex
1953 810 2186 883 Egypto
2225 813 2365 870 ﬁlios
2406 814 2590 880 lsrael,
2627 833 2691 872 ac
2724 817 2892 889 Moysi
2939 823 3197 893 omnique
3223 827 3423 896 populo

1858 901 2009 957 dedit
2038 904 2290 959 notitiam
2322 909 2701 963 mandatorum
2734 926 2979 967 suorum.

1932 1080 1985 1147 7,
2020 1081 2074 1136 8.
2117 1082 2402 1140 Miserator
2433 1096 2481 1141 et
2521 1092 2816 1147 misericors
2848 1093 3124 1164 Dominus,
3162 1108 3267 1155 etc.
3297 1100 3424 1158 Hec

1853 1173 2168 1242 ltujusmodi
2222 1180 2468 1235 beneﬁcii
2513 1194 2567 1238 et
2592 1184 2720 1238 olim
2765 1196 2821 1241 et
2860 1203 3005 1245 nunc
3055 1207 3220 1247 causa
3248 1194 3423 1259 fuere.

1852 1262 2064 1319 dicente
2089 1265 2273 1337 Moyse
2301 1287 2314 1322 :
2349 1268 2608 1326 Dominus
2637 1274 2973 1344 longanimis,
3006 1280 3187 1336 multa:
3215 1285 3425 1340 miseriv

1852 1356 2049 1409 cordia:
2076 1367 2125 1410 et
2162 1376 2349 1425 verax;
2381 1362 2579 1431 faciens
2618 1368 3036 1424 misericordiam
3068 1374 3120 1426 in
3154 1376 3327 1431 millia
3350 1378 3419 1433 ⁸⁵.

1851 1443 1962 1501 Has
1986 1448 2153 1518 igitur
2184 1452 2588 1511 misericordias
2609 1472 2739 1513 suas
2759 1469 2915 1514 notas
2938 1462 3065 1517 fecit
3087 1464 3279 1536 Moysi,
3302 1485 3424 1540 quas

1848 1548 2113 1593 vocantur
2143 1541 2245 1595 viae
2268 1550 2322 1596 et
2348 1544 2577 1602 virtutes
2605 1549 2806 1618 quibus
2837 1553 3016 1607 omnia
3055 1556 3418 1616 administrat.

1851 1625 1975 1681 Non
1996 1630 2052 1682 in
2073 1642 2375 1700 perpetuum
2413 1636 2693 1693 irascetur.
2727 1639 2981 1708 Etiamsi,
3010 1644 3212 1716 inquit,
3248 1649 3422 1708 iratus

164 1739 543 1808 τισθήσεται.
563 1739 625 1790 Ei
652 1738 745 1791 καὶ
768 1736 1034 1807 ὠργίσθη,
1059 1735 1213 1805 φησὶ,
1245 1732 1332 1787 διὰ
1348 1734 1446 1804 τὴν
1475 1734 1533 1785 ὲν
1569 1731 1738 1800 Ἀδὰμ

1853 1726 1931 1771 est
1958 1720 2028 1774 ob
2054 1722 2247 1776 Adami
2291 1728 2821 1798 praevaricationem,
2866 1743 2918 1789 et
2962 1751 3133 1804 genus
3173 1749 3422 1797 nostrum

164 1799 501 1903 παράϐασιν,
536 1829 631 1884 καὶ
664 1799 1012 1885 κατεδίκασε.
1040 1799 1253 1899 θανάτῳ
1283 1826 1342 1885 τὸ
1368 1799 1523 1896 γένος
1557 1841 1569 1854 ·
1625 1799 1738 1876 ἀλλ’

1853 1817 2021 1863 morte
2065 1811 2377 1879 damnavit;
2404 1816 2498 1870 sed
2528 1832 2639 1872 non
2671 1835 2843 1889 usque
2885 1822 2941 1875 in
2968 1822 3131 1878 ﬁnem
3167 1828 3421 1885 extendet

162 1924 261 1977 οὐκ
293 1923 528 1977 ἐκτείνει
553 1925 633 1985 είς
654 1922 812 1985 τέλος
840 1922 937 1993 τὴν
965 1922 1135 1993 ὀργήν
1154 1939 1168 1952 ο
1194 1920 1477 1990 ἐπέλαμψε
1514 1916 1620 1988 γὰρ
1653 1919 1738 1970 ἐπ’

162 2017 409 2087 ἐσχάτων
441 2016 549 2068 τῶν
571 2014 777 2085 χρόνων
806 2016 885 2076 είς
915 2013 1172 2083 ἀθέτησιν
1201 2012 1299 2082 τῆς
1325 2010 1550 2079 φθορᾶς.

232 2109 366 2159 Ὅτι
420 2105 606 2171 αὐτὸς
645 2104 799 2174 ἐγτνω
860 2103 928 2157 τὸ
984 2102 1235 2171 πλάσμα
1264 2100 1450 2170 ἡμῶν.
1500 2100 1587 2163 Ὧς
1631 2099 1739 2170 γάρ

164 2200 295 2254 διον
328 2200 555 2271 πλάσμα
586 2199 681 2252 καὶ
709 2198 845 2268 ἔργα
868 2196 974 2249 τῶν
1002 2196 1201 2266 χειρῶν
1236 2193 1398 2248 αὐτοῦ
1444 2193 1739 2264 κατῳκτεί-

238 2308 351 2345 σεν.

166 2309 301 2437 ρηῖό
312 2309 393 2437 1δέ
418 2386 593 2447 ἕλεος
619 2382 844 2450 Kvpiov
864 2378 982 2434 ἀπὸ
1004 2379 1110 2433 τοῦ
1132 2379 1367 2445 αἰῶνος.
1397 2379 1617 2449 Ὅμοιον
1643 2378 1730 2431 τό·

159 2475 271 2529 Kal
314 2473 506 2528 ποιῶν
550 2474 724 2539 ἕλεος
766 2476 854 2536 εἰς
885 2471 1159 2541 χιλιάδας
1191 2472 1316 2538 τοῖς
1342 2472 1736 2542 φοϐουμένοις

201 2583 252 2620 ε.

201 2583 252 2620 ε.

154 2583 199 2635 μ
226 2657 338 2711 Kal
373 2659 411 2725 ἡ
448 2656 804 2723 δικαιοσύνη
843 2654 1030 2709 αὐτοῦ
1060 2655 1158 2708 ἐπὶ
1206 2655 1378 2720 υἱοὺς
1428 2654 1576 2709 υἱῶν
1611 2655 1735 2721 τοῖς

158 2748 558 2817 φυλάσσουσι
587 2747 700 2815 τὴν
733 2746 1026 2815 διαθήκην
1046 2747 1253 2801 αὑτοῦ.
1293 2748 1480 2815 ’Ἄγιος
1500 2747 1607 2818 γὰρ
1636 2748 1732 2811 ὢν,

157 2842 217 2893 ἐν
248 2839 428 2909 ἁγίοις
455 2840 815 2903 ἀναπαύεται,
845 2842 965 2902 ταῖς
1013 2838 1328 2907 ὰγγελικαῖς
1354 2839 1594 2909 δηλονότι
1640 2838 1732 2891 δυ-

157 2929 415 3000 νάμεσιν.

227 3023 447 3089 Κύριος
476 3022 546 3075 ἐν
584 3021 661 3087 τῷ
684 3022 917 3091 οὐρανῷ
947 3022 1237 3093 ἡτοίμασε
1266 3021 1367 3075 τὸν
1396 3025 1613 3090 θρόνον
1630 3023 1733 3076 αὐ-

158 3113 285 3169 τοῦ.
330 3114 767 3168 Ἐπαναπαύεται
824 3116 941 3185 μὲν,
974 3114 1130 3186 φησὶ,
1170 3116 1285 3177 τοῖς
1334 3114 1446 3167 ἄνω
1485 3114 1730 3185 πνεύμα-
1762 3153 1805 3212 c

158 3223 244 3259 σιν
267 3224 281 3236 ·
315 3209 376 3260 ού
432 3208 539 3278 μὴν
569 3207 687 3260 οὐδὲ
716 3206 785 3260 τὰ
826 3209 918 3261 ἐπί
964 3208 1089 3277 γῆς·
1114 3207 1216 3279 τῆς
1246 3206 1410 3260 αὐτοῦ
1463 3208 1736 3278 βασιλείας

156 3298 489 3369 ἀφέστηκεν.
536 3298 709 3361 Αὐτὸς
758 3299 866 3368 γάρ
909 3300 1054 3352 ἐστιν
1094 3300 1123 3351 6
1152 3299 1587 3365 κατεξουσιάςων
1626 3299 1736 3353 τῶν

156 3388 297 3442 ὅλων
333 3389 410 3452 ὡς
440 3389 592 3451 Θεός.
618 3390 728 3444 Καὶ
762 3392 800 3459 ἠ
820 3390 1112 3455 ,Βασιλεία
1149 3392 1335 3445 αὐτοῦ
1363 3390 1606 3444 πάντων
1636 3391 1735 3445 δε-

155 3480 385 3540 σπόζει.
446 3480 736 3546 Δεσπόζειν
770 3481 828 3535 δὲ
860 3483 1111 3550 πάντων,
1159 3483 1274 3537 ἀλλ’
1320 3483 1380 3536 ού
1432 3484 1737 3555 βασιλεύειν

159 3571 401 3643 εἴρηται,
441 3573 563 3625 ἐπεὶ
599 3573 675 3644 μὴ
706 3573 908 3636 πάντες
941 3574 1082 3637 ἄξιοι
1115 3574 1213 3644 τῆς
1242 3573 1406 3635 αὐτοῦ
1439 3574 1731 3644 βασιλείας.

156 3666 252 3718 Διὸ
294 3668 406 3729 τοῖς
454 3666 546 3721 τὸν
578 3666 928 3735 εὐαγγελικδν
956 3666 1280 3739 κατορθοῦσι
1325 3667 1449 3737 βίον,
1492 3666 1590 3738 τὴν
1626 3667 1737 3720 τῶν

157 3757 407 3828 οὐρανῶν
434 3756 709 3827 βασιλείαν
737 3760 765 3811 6
797 3758 988 3829 Σωτὴρ
1010 3759 1397 3830 ἐπηγγείλατο.
1429 3761 1638 3831 Κρατεῖ
1678 3759 1737 3815 δὲ

158 3850 257 3905 καὶ
283 3848 392 3901 τῶν
418 3847 583 3912 ἀξίων
614 3851 643 3902 6
672 3849 896 3920 Κύριος.

223 3941 545 4009 Εὑλοτεῖτε
592 3941 701 3994 τὸν
741 3943 959 4009 Κύριον
989 3942 1212 4008 πάντες
1244 3945 1299 3997 ol
1354 3942 1593 4012 ἄγγελοι
1630 3946 1738 3997 αὐε-

154 4033 289 4086 τοῦ.
322 4032 572 4085 Διδάσκει
600 4033 688 4085 τὸν
721 4034 1011 4103 προσιόντα
1062 4037 1128 4106 τῇ
1176 4036 1356 4088 πίστει
1398 4035 1546 4099 λαὸν,
1594 4036 1668 4098 ὡς
1706 4039 1734 4088 6

156 4125 250 4178 τὸν
311 4123 481 4193 ὕμνον
525 4124 860 4195 ἐπιτηδεύων
891 4124 953 4178 τὸ
986 4126 1117 4179 αὐτὸ
1162 4128 1273 4189 τοῖς
1318 4126 1572 4194 ἀγγέλοις
1624 4126 1734 4191 ἕξει

156 4214 403 4283 ἀξίωμα.
436 4215 500 4266 El
527 4214 635 4285 γὰρ
668 4214 807 4285 αὕτη
852 4216 1075 4269 ἐκείνων
1109 4217 1141 4284 ἠ
1175 4217 1510 4286 λειτουργία,
1543 4217 1603 4270 τὸ
1646 4220 1734 4270 al-

156 4310 270 4359 νεῖν
296 4308 392 4358 καὶ
418 4306 660 4370 δοξάζειν
704 4308 795 4360 τὸν
822 4308 953 4360 Θεόν
979 4325 992 4338 ·
1023 4308 1153 4361 αὐτὸ
1184 4308 1239 4361 δὲ
1274 4308 1434 4362 τοῦτο
1462 4310 1735 4380 προστάτ-

153 4415 312 4450 τεται
344 4400 516 4450 ποιεῖν
550 4399 582 4468 ἡ
630 4398 796 4469 ψυχὴ,
828 4399 915 4452 ἀεὶ
959 4399 1024 4471 δὴ
1068 4399 1240 4468 λέγων
1291 4401 1384 4453 καὶ
1415 4400 1731 4469 δοξολογεῖν,

1846 1907 1983 1959 iram
2013 1921 2170 1961 suam
2203 1927 2219 1962 :
2248 1908 2424 1963 illuxit
2464 1911 2609 1965 enim
2641 1912 2698 1966 in
2730 1913 3050 1971 novissimis
3078 1920 3419 1989 temporibus

1845 1997 1910 2052 ad
1942 1998 2365 2055 destructionem
2393 2006 2782 2075 corruptionis.

1896 2085 1981 2139 14.
2018 2085 2282 2150 Quoniam
2312 2091 2420 2160 ipse
2450 2095 2689 2163 cognovit
2722 2096 3030 2165 ﬁgmentum
3059 2109 3319 2156 nostrum.
3345 2100 3417 2160 Ut

1843 2174 2159 2245 ﬁgmentum
2185 2194 2344 2234 suum
2379 2190 2433 2237 et
2460 2198 2625 2253 opera
2654 2200 2913 2241 manuum
2940 2204 3163 2245 suarum
3188 2206 3288 2247 nos
3314 2192 3416 2247 mi-

1844 2277 2057 2323 seratus
2085 2278 2187 2323 est.

1914 2359 2001 2413 17.
2033 2360 2401 2419 Misericordia
2429 2376 2607 2421 autem
2636 2367 2854 2425 Domini
2878 2373 2943 2426 ab
2973 2382 3188 2429 (eterna.
3223 2373 3413 2434 Simile

1840 2460 1923 2506 est
1951 2452 2084 2507 illud
2112 2472 2127 2509 :
2156 2453 2222 2509 Et
2252 2457 2451 2526 faciens
2484 2460 2901 2517 misericordiam
2941 2466 2996 2519 in
3020 2466 3192 2521 millia
3219 2469 3410 2524 timen-

1842 2541 1979 2593 tibus
2008 2558 2109 2598 me.

1915 2631 2004 2689 18.
2037 2632 2105 2687 Ει
2141 2634 2362 2704 justitia
2404 2639 2553 2694 illius
2598 2642 2654 2696 in
2699 2641 2840 2710 ﬁlios
2886 2644 3154 2713 ﬁliorum,
3199 2648 3279 2703 his
3320 2664 3409 2718 qui

1839 2733 2048 2778 servant
2103 2734 2470 2783 testamentum
2522 2731 2659 2799 ejus.
2692 2730 2926 2791 Sanctus
2973 2738 3117 2791 enim
3161 2754 3284 2794 cum
3315 2742 3407 2809 sit,

1840 2817 1894 2870 in
1945 2819 2150 2873 sanctis
2196 2821 2509 2891 requiescit,
2546 2823 2601 2877 in
2635 2825 2898 2897 angelicis
2936 2830 3187 2886 videlicet
3236 2834 3411 2889 virtu»-

1841 2908 2006 2964 tibus.

1910 3003 1996 3057 19.
2024 3001 2277 3057 Dominus
2308 3005 2365 3057 in
2392 3003 2520 3058 cwlo
2542 3009 2748 3075 paravit
2773 3009 2948 3064 sedem
2973 3027 3146 3067 suam.
3180 3013 3415 3084 Requie-

1839 3094 1960 3161 scit,
1989 3095 2195 3165 inquit,
2229 3096 2285 3150 in
2316 3097 2629 3154 coelestibus
2659 3100 2940 3169 spiritibus
2967 3122 2981 3158 :
3021 3119 3195 3175 neque
3226 3114 3431 3165 tamen.

1838 3194 2053 3242 terrena
2088 3188 2156 3242 ab
2184 3188 2303 3259 ejus
2325 3204 2494 3261 regno
2516 3201 2644 3246 sunt
2663 3192 2872 3248 avulsa.
2897 3193 3015 3264 Ipse
3042 3197 3185 3252 enim
3211 3209 3293 3254 est
3312 3202 3410 3271 qui

1837 3288 2023 3349 utpote
2046 3280 2191 3337 Deus
2217 3284 2464 3351 omnium
2506 3285 2838 3341 dominatur.
2875 3287 2946 3341 Et
2985 3306 3199 3360 regnum
3240 3294 3429 3361 ipsius;

1836 3372 2076 3426 omnibus
2098 3373 2482 3430 dominabitur.
2505 3373 2779 3431 Dominari
2809 3379 3087 3446 omnibus,
3113 3390 3168 3436 at
3189 3396 3298 3436 non
3322 3398 3409 3438 re-

1836 3478 2024 3534 gnare,
2046 3465 2253 3519 dictum
2282 3474 2385 3533 est,
2411 3467 2850 3538 quandoquidem
2884 3486 2992 3526 non
3024 3486 3214 3529 omnes
3240 3489 3438 3545 regno.

1835 3555 1956 3624 ejus
1997 3554 2148 3626 digni
2198 3565 2346 3611 sunt.
2391 3555 2735 3629 Quapropter
2776 3562 2845 3617 iis
2900 3564 2995 3631 qui
3037 3564 3403 3634 evangelicam

1836 3655 2005 3719 agunt
2047 3647 2234 3713 vitam,
2271 3663 2497 3717 regnum
2533 3651 2798 3706 caelorum
2837 3652 3091 3709 Salvator
3129 3656 3436 3725 pollicitus.

1834 3746 1939 3794 est.
1966 3737 2199 3809 Imperat
2224 3748 2405 3795 autem
2431 3740 2702 3798 Dominus
2722 3744 2791 3799 iis
2815 3745 2908 3815 qui
2938 3746 3086 3816 digni
3114 3757 3263 3802 sunt.

1900 3916 1991 3970 20.
2029 3917 2328 3973 Benedicite
2371 3919 2620 3986 Domino,
2649 3938 2824 3977 omnes
2871 3924 3044 3993 angeli
3070 3924 3205 3993 ejus.
3238 3924 3408 3982 Docet

1836 4008 2095 4075 populum
2121 4010 2211 4077 qui
2246 4010 2454 4065 accedit
2482 4012 2548 4065 ad
2586 4011 2768 4079 ﬁdem,
2793 4029 2918 4067 eum
2947 4016 3041 4084 qui
3072 4015 3289 4086 hymnis
3305 4031 3405 4071 va-

1838 4100 2237 4162 cat,,eamdem
2286 4117 2449 4171 quam
2492 4106 2665 4175 angeli
2707 4106 3022 4174 dignitatem
3068 4107 3407 4165 habiturum.

1835 4188 1971 4245 Nam
2001 4191 2047 4245 si
2081 4194 2187 4247 hoc
2217 4208 2409 4249 eorum
2452 4196 2816 4253 ministerium
2842 4208 2944 4264 est,
2981 4200 3205 4255 laudare
3233 4209 3285 4255 et
3315 4216 3404 4256 ce-

1837 4283 2048 4340 lebrare
2074 4284 2270 4353 Deum,
2304 4297 2359 4343 et
2385 4289 2488 4345 hoc
2518 4291 2694 4361 ipsum
2729 4296 2908 4348 anima
2939 4292 3117 4349 facere
3142 4294 3402 4364 jubetur;

1837 4390 1962 4431 cum
1990 4378 2077 4431 illa
2107 4379 2412 4448 gloriﬁcare
2451 4396 2668 4452 semper
2694 4383 2862 4438 Deum
2900 4386 3138 4451 dicatur,
3182 4387 3410 4443 manife-

154 4488 405 4560 δηλονότι
436 4490 533 4560 τῆς
582 4490 751 4559 αὐτῆς
797 4489 955 4554 ἀξίας
1000 4494 1202 4561 τυχεῖν.
1256 4484 1354 4544 Ὧν
1398 4492 1507 4562 γάρ
1549 4494 1735 4563 ἐπιτή-

1853 4477 1983 4524 stum
2004 4479 2086 4526 est
2106 4475 2352 4528 eamdem
2369 4476 2630 4546 consequi
2653 4476 2989 4546 dignitatem.
3012 4477 3147 4533 Nam
3169 4495 3422 4550 quorum.

154 4582 334 4653 δευμα
365 4582 425 4634 τὸ
456 4583 608 4646 αὐτὸ,
638 4583 840 4635 τούτων
861 4582 954 4636 καὶ
976 4583 1037 4637 τὸ
1064 4584 1279 4655 ἀξίωμα
1304 4584 1364 4637 τὸ
1390 4584 1540 4637 αὐτό.

230 4677 552 4744 Εὺλογεῒτε
600 4676 707 4730 τὸν
738 4677 954 4744 Κύριον
995 4675 1185 4732 πᾶσαι
1224 4680 1284 4731 αἱ
1308 4676 1592 4745 δυνάμεις
1625 4680 1733 4730 αὑ-

154 4766 288 4820 τοῦ.
348 4767 422 4818 υύ
462 4767 620 4836 μόνον
676 4767 896 4835 ἄγγελοι
946 4768 1027 4831 είς
1076 4768 1167 4821 τὸν
1224 4764 1372 4822 αἶνον
1420 4768 1731 4833 καλοῦνται,

154 4856 299 4912 ἀλλὰ
330 4856 425 4910 καὶ
468 4857 523 4909 εί
558 4875 611 4910 τι
654 4858 837 4930 ἕτερόν
888 4860 1037 4912 ἐστιν
1086 4859 1334 4932 οὐράνιον
1364 4860 1571 4930 τάγμα,
1623 4860 1732 4914 εἴτε

156 4948 363 5020 θρόνοι,
398 4950 507 5002 εἴτε
531 4950 714 5020 ἀρχαὶ,
747 4950 858 5003 εἴτε
911 4949 1171 5016 ἐξουσίαι,
1221 4951 1331 5005 εἴτε
1391 4952 1732 5023 κυριότητες.

155 5042 346 5093 Ταῦτα
368 5041 425 5093 δὲ
460 5042 637 5095 πάντα
665 5042 733 5095 τά
762 5042 1019 5113 τάγματα
1049 5041 1135 5097 διὰ
1167 5044 1276 5096 τῶν
1298 5044 1578 5115 δυνάμεων
1603 5047 1736 5116 ἡμῖν

156 5134 367 5203 κατεσή
378 5150 564 5203 μανεν.

308 5244 419 5299 Τοῦ
440 5244 621 5298 Δαυῒδ
640 5246 737 5299 ἐπὶ
762 5246 871 5315 τῆς
891 5247 998 5302 τοῦ
1021 5248 1252 5318 κόσμου
1283 5249 1589 5319 γενέσεως.

404 5336 821 5408 Ἀνεπιγραφος
854 5342 991 5409 παρ’
1024 5341 1331 5410 Ἑϐραίοις.
1370 5344 1499 5396 ΡΓ’.

800 5433 1120 5499 Ὺπόθεσις.

158 5540 390 5606 Διδάξας
416 5542 505 5596 διά
525 5544 621 5596 τοῦ
642 5544 1003 5615 προλαϐόντος
1023 5545 1237 5620 ψαλμοῦ
1277 5548 1367 5603 τὸν
1405 5548 1737 5620 προελθόντα

236 5715 283 5748 ⁸³
316 5715 488 5775 Exod.
517 5736 704 5791 xxxtv,
736 5724 789 5780 6.

1838 4563 1979 4617 idem
2009 4562 2266 4631 olﬁcium,
2294 4567 2480 4620 eadem
2515 4577 2568 4621 et
2594 4568 2845 4638 dignitas.

1900 4655 2314 4711 21.,Benedicite
2361 4658 2604 4725 Domino,
2637 4676 2813 4714 omnes
2860 4663 3077 4716 virtutes
3118 4662 3248 4731 ejus.
3282 4661 3400 4718 Non

1834 4748 2012 4803 solum
2052 4750 2227 4819 angeli
2263 4750 2328 4804 ad
2379 4751 2591 4805 laudem
2643 4761 2935 4819 vocantur,
2974 4770 3163 4809 verum
3198 4756 3243 4809 si
3280 4756 3417 4825 quis

1835 4840 1976 4895 alius
2004 4850 2088 4895 est
2117 4842 2355 4897 cmlestis
2385 4843 2539 4907 ordo,
2576 4844 2690 4899 sive
2737 4846 2952 4914 throni,
2982 4847 3097 4902 sive
3127 4848 3401 4917 principa-

1832 4942 1944 4999 tus,
1968 4935 2081 4989 sive
2108 4943 2431 5003 potestates,
2458 4937 2572 4992 sive
2617 4938 3034 4995 dominationes.
3085 4938 3197 4996 Hos
3242 4942 3387 4996 nimi-

1833 5041 1954 5079 rum
2000 5027 2220 5082 ordiues
2254 5041 2442 5084 omnes
2469 5044 2566 5098 per
2596 5031 2822 5087 virtutes
2868 5032 3026 5086 nobis
3055 5034 3381 5103 signiﬁcavit

1836 5246 1886 5303 ἰᾷ
1930 5245 2145 5301 Davidis
2175 5247 2239 5301 de
2270 5248 2453 5301 mundi
2490 5258 2631 5305 ortu.
2663 5248 2820 5303 Caret
2869 5251 3208 5318 inscriptione
3253 5250 3393 5318 apud

2388 5338 2658 5396 Hebraeos.
2690 5340 2852 5396 CIII.

2418 5435 2821 5504 Argumentum.

1834 5544 2128 5621 Postquam
2158 5547 2215 5605 in
2242 5547 2565 5621 praecedenti
2595 5547 2805 5620 psalmo
2833 5545 3093 5617 populum
3121 5543 3213 5616 qui
3240 5558 3377 5599 acm
