3880 6216
453 359 559 415 455

1304 353 1362 408 S.
1403 348 1774 408 ATHANASH
1810 353 1962 409 OPP.
2009 352 2188 409 PARS
2224 351 2308 407 Ill.
2355 382 2419 391 —
2458 346 2860 405 EXEGETICA

3597 341 3703 398 456

517 467 597 522 dit
622 466 691 522 ad
715 463 873 522 fidem
897 465 1083 522 docuit
1103 465 1333 537 hymnos
1357 465 1550 520 offerre
1575 463 1722 532 Deo;
1753 466 1838 520 his
1864 466 2022 522 ducet

2195 466 2261 534 τῇ
2299 463 2477 516 πίστει
2509 460 2636 513 λαὸν
2664 458 2790 520 τοὺς
2838 455 3040 525 ὕμνους
3084 435 3379 522 ἀναφέρειν
3424 447 3505 520 τῷ
3557 449 3702 519 Θεῷ,

515 568 571 613 et
599 558 838 613 declarat
880 568 1082 626 quanta
1112 556 1183 611 sit
1226 571 1315 610 res
1351 555 1472 623 ejus
1507 569 1633 624 erga
1663 569 1856 610 omnes
1887 570 2016 625 pro-

513 650 782 705 videntia.
812 649 950 715 Quia
978 663 1086 703 non
1112 647 1274 702 modo
1321 647 1627 702 caelestium
1665 655 1718 700 et
1746 646 2019 702 aeriorum

513 747 911 818 providentiam
960 746 1129 816 gerit,
1178 743 1272 800 sed
1330 744 1494 798 etiam
1542 751 1883 799 terrenorum
1933 746 2021 800 vel

512 838 951 894 tenuissimorum
970 855 984 902 ;
1003 837 1074 890 ita
1091 845 1149 890 ut
1171 850 1239 889 ne
1254 834 1514 888 vilissima
1529 834 1744 903 quidem
1768 835 2022 889 animalia

521 929 772 999 negligat,
803 927 896 983 sed
930 927 1092 982 etiam
1123 940 1313 979 eorum
1344 940 1532 978 curam
1565 935 1736 995 gerat.

510 1103 760 1169 Benedic,
787 1105 967 1157 anima
1001 1119 1138 1167 mea,
1173 1101 1422 1155 Domino.
1453 1099 1621 1154 Docet
1647 1100 1884 1154 animam
1911 1099 2021 1156 Deo

443 1195 515 1249 ob
547 1209 798 1264 magnam
831 1194 1228 1263 providentiam
1264 1195 1384 1262 ejus
1418 1192 1756 1257 benedicere,
1792 1193 1935 1247 sicut
1965 1193 2021 1246 in

443 1291 768 1358 praecedenti
805 1289 872 1344 de
918 1289 1238 1343 liberatione
1271 1303 1301 1342 a
1328 1288 1586 1357 peccatis.
1618 1288 1838 1342 Domine
1879 1287 2022 1342 Deus

444 1397 612 1446 meus,
654 1382 1026 1450 magniﬁcatus
1067 1397 1119 1433 es
1172 1379 1505 1434 vehementer.
1537 1379 1618 1432 Ad
1655 1392 1802 1433 tuam
1843 1382 2023 1449 provi-

445 1473 682 1527 dentiam
712 1473 1083 1541 respicientes,
1117 1486 1150 1525 ο
1181 1470 1429 1534 Domine,
1460 1472 1706 1540 ejusdem
1743 1473 2026 1541 providen-

447 1563 538 1616 tiae
558 1571 663 1615 tum
685 1563 1054 1631 praestantiam
1076 1561 1491 1629 magniﬁcamus
1514 1570 1734 1630 stupore
1762 1563 2020 1631 perculsi-

446 1653 525 1707 Ita
545 1653 689 1707 enim
725 1662 965 1708 nostram
1004 1651 1400 1707 confessionem
1461 1663 1514 1707 et
1545 1653 1816 1719 decorem,
1857 1654 1912 1707 id
1945 1664 2029 1709 est

446 1745 662 1798 laudem
695 1758 820 1798 cum
845 1741 1241 1812 gloriﬁcatione
1287 1743 1465 1797 induit
1493 1758 1591 1796 ceu
1625 1743 1897 1814 quoddam
1931 1758 2023 1798 ve-

448 1835 788 1890 stimentum.
829 1856 833 1863 -

514 1927 571 1981 2.
608 1927 850 1979 Amictus
893 1925 1089 1980 lumine
1131 1927 1269 1980 sicut
1310 1927 1635 1980 vestimento.
1678 1926 1722 1976 Α
1754 1924 2022 1994 spirituali

444 2016 652 2070 lumine
701 2016 963 2085 hymnum
1012 2016 1225 2069 orditur
1272 2017 1396 2084 ipsi.
1440 2014 1511 2069 Ut
1551 2024 1728 2069 autem
1768 2015 1874 2068 alio
1903 2014 2026 2068 loco

445 2106 644 2159 dicitur
678 2104 853 2159 lucem
897 2105 1144 2160 habitare
1185 2106 1656 2170 inaccessibilem,
1708 2105 1798 2161 hic
1830 2105 2022 2160 eodem

445 2196 652 2250 lumine
678 2196 914 2251 amictus
939 2197 1163 2252 dicitur.

522 2373 577 2428 3.
615 2373 912 2427 Extendens
943 2375 1128 2428 ctelum
1152 2377 1290 2429 sicut
1322 2376 1530 2445 pellem.
1571 2375 1886 2430 Secundum
1921 2376 2030 2434 hoc

444 2465 798 2534 providentiae
815 2481 951 2537 epus
970 2468 1313 2537 prepo-nitur,
1330 2469 1473 2538 quod
1491 2483 1657 2521 manu
1675 2468 1898 2523 artificis
1916 2483 2029 2523 caa-

444 2559 558 2612 lum
575 2559 730 2629 quasi
745 2560 1010 2629 quoddam
1025 2574 1323 2628 expansum
1339 2557 1800 2614 extendatur.Una
1814 2573 2030 2628 quoque

446 2653 679 2707 formam
708 2653 946 2707 declarat
988 2663 1150 2721 atque
1179 2651 1493 2706 facilitatem
1541 2651 1774 2720 opificis.
1817 2651 2025 2717 Quem.

446 2738 741 2792 admodum
773 2741 916 2793 enim
951 2740 1156 2793 homini
1186 2739 1344 2794 facile
1367 2751 1449 2794 est
1481 2741 1670 2809 pellem
1699 2743 1988 2795 extendere
2010 2783 2024 2802 .

446 2829 526 2885 ita
555 2839 609 2886 et
633 2830 740 2885 Deo
770 2832 968 2886 caelum
1000 2832 1239 2885 nondum
1264 2833 1532 2886 exsistens
1556 2833 1810 2886 condere.
1853 2832 2026 2886 Simul

448 2922 593 2978 aliud
615 2923 962 2978 adumbravit
993 2924 1225 2978 sublime
1251 2925 1568 2993 cogitatum,
1600 2924 1747 2994 quod
1771 2927 1837 2978 ad
1865 2926 2024 2979 aliam

448 3014 616 3068 vitam
653 3015 754 3068 iter
783 3015 1158 3082 instituamus,
1185 3025 1237 3070 et
1275 3017 1563 3084 pl'msentia
1591 3017 1701 3069 sint
1727 3018 1920 3069 umbra
1943 3017 2026 3069 fn-

447 3115 720 3172 turorum,
747 3122 810 3160 ac
844 3107 1088 3160 nondum
1124 3107 1190 3162 ad
1224 3108 1384 3176 adyta
1409 3107 1899 3177 penetraverimus,
1930 3107 2022 3162 sed

448 3195 629 3250 adhuc
671 3198 726 3249 in
761 3197 1013 3264 praesenti
1051 3199 1181 3261 vita,
1219 3213 1319 3252 ceu
1357 3197 1411 3251 in
1462 3213 1623 3252 scena
1664 3199 1858 3254 simus.
1889 3198 2024 3252 Nam
2053 3202 2095 3258 α

450 3301 613 3342 scena
650 3302 838 3341 eorum
871 3297 954 3342 est
987 3305 1107 3357 quae
1141 3291 1447 3344 solvuntur.
1483 3289 1551 3342 Et
1582 3300 1698 3361 post
1726 3308 1915 3360 pauca.
1945 3291 2022 3347 lla

447 3379 507 3433 in
549 3381 688 3434 curio
733 3391 1070 3436 commutato
1097 3383 1242 3436 aliud
1281 3384 1382 3438 erit
1427 3384 1549 3438 vita:
1577 3393 1631 3438 et
1663 3385 1824 3439 sortis
1855 3401 2023 3453 genus

448 3471 705 3539 praesenti
750 3471 966 3524 melius.
1010 3471 1124 3526 Erit
1159 3473 1304 3526 enim
1334 3474 1532 3528 caelum
1568 3489 1768 3528 novum
1800 3484 1852 3529 et
1880 3486 2022 3529 terra

450 3575 613 3615 nova.
647 3560 752 3616 Sed
782 3563 1068 3620 audiamus
1097 3580 1347 3634 quaenam
1380 3565 1445 3620 de
1474 3567 1614 3621 etnlo
1645 3567 1921 3636 propheta:
1938 3568 2021 3620 di-

450 3663 597 3720 cant,
621 3663 684 3707 ut
704 3670 799 3707 ora
818 3654 1134 3711 obturemus
1161 3672 1350 3710 eorum
1380 3658 1474 3726 qui
1500 3673 1748 3726 magnam
1778 3660 1827 3710 in
1857 3659 2022 3713 barba

451 3747 842 3802 confidentiam
874 3750 1094 3814 habent,
1127 3751 1221 3820 qui
1274 3766 1396 3820 quae
1445 3767 1564 3806 sese
1619 3752 1759 3805 ultro
1791 3751 2026 3806 oﬂerutit

451 3841 624 3894 menti
652 3840 960 3910 loquentes,
989 3842 1176 3896 dicunt
1196 3843 1357 3910 etiam
1377 3845 1480 3898 sub
1504 3853 1644 3898 terra
1667 3845 1863 3899 etclam
1881 3861 2022 3909 esse,

452 3939 643 3988 contra
668 3948 806 4002 quos
840 3943 991 3988 stans
1029 3933 1299 4004 Propheta
1327 3935 1574 3990 dicebat:
1603 3935 1901 3989 Exlendens
1927 3954 2027 3990 coe-

453 4023 560 4077 lum
590 4026 723 4078 sicut
757 4024 962 4094 pellem.
995 4024 1158 4081 Pellis
1185 4043 1291 4080 non
1325 4037 1408 4081 est
1432 4028 1638 4097 sphaera
1672 4029 1939 4098 quaedam,
1966 4038 2026 4084 ut

451 4127 729 4185 nugantur
763 4115 896 4184 ipsi;
926 4117 1020 4169 sed
1065 4117 1244 4170 solum
1277 4116 1661 4185 hemisphaerio
1711 4118 1924 4170 cuidam
1953 4118 2027 4172 si-

452 4207 599 4264 milis
622 4219 725 4264 est.
772 4207 927 4274 Quod
965 4208 1106 4263 alius
1144 4209 1402 4279 propheta
1429 4209 1674 4263 dicebat:
1706 4208 1811 4274 Qui
1842 4211 2027 4262 statuit

451 4309 510 4353 ut
549 4299 807 4368 fornicem
843 4298 1052 4363 caelum,
1081 4309 1130 4351 et
1172 4299 1402 4352 extendit
1434 4307 1492 4350 ut
1521 4297 1917 4351 tabernaculum
1957 4299 2026 4351 ad

453 4391 800 4445 habitandum
832 4394 888 4445 in
919 4401 1064 4445 terra
1087 4391 1151 4445 '°.
1185 4389 1251 4443 Et
1283 4406 1500 4444 rursum
1529 4408 1542 4443 :
1579 4389 1702 4442 Non
1734 4401 1905 4454 nutat,
1936 4390 2026 4444 sed

453 4494 560 4536 stat
583 4483 723 4552 ﬁxus
747 4483 813 4537 ⁸⁷.
837 4482 912 4538 Ita
941 4485 1072 4539 dicit
1093 4483 1355 4554 propheta
1378 4502 1390 4535 :
1413 4481 1518 4546 Qui
1545 4482 1664 4550 ﬁxit
1689 4481 1895 4534 caelum.
1921 4480 2026 4535 Te-

2193 555 2278 608 διά
2307 553 2414 606 τῶν
2447 557 2729 624 παρόντων
2765 549 3026 611 διδάσκει,
3059 544 3276 614 καὶτῆς
3309 545 3451 598 κατὰ
3483 543 3704 596 πάντων

2197 646 2453 717 προνοίας
2479 642 2641 698 αὑτοῦ
2669 643 2792 695 ὅσον
2833 641 2894 692 τὸ
2931 640 3122 710 χρῆμα
3153 637 3446 690 δείκνυσιν.
3483 635 3611 687 Ὅτι
3645 634 3703 686 οὐ

2199 739 2357 810 μόνον
2406 737 2513 790 τῶν
2557 732 2893 804 ἐπουρανίων
2923 732 3019 784 καὶ
3064 729 3264 800 ἀερίων
3304 727 3515 780 τίθεται
3571 727 3704 797 πρό-

2191 847 2360 895 νοιαν,
2391 827 2528 882 ἀλλά
2554 827 2662 896 γάρ
2689 826 2781 878 καὶ
2810 825 2918 877 τῶν
2949 824 3207 891 ἐπιγείων
3242 823 3335 874 καὶ
3369 821 3478 874 τῶν
3508 822 3568 873 ὲν
3607 821 3705 872 αὑ-

2197 925 2308 986 τοῖς
2335 921 2714 992 σμικροτάτων
2745 935 2757 947 ·
2792 917 2866 980 ὡς
2904 915 3038 986 μηδὲ
3061 915 3166 968 τῶν
3193 914 3332 966 πάνυ
3382 912 3706 965 εὐτελεστά-

2195 1031 2302 1068 των
2348 1011 2502 1076 ζώων
2554 1010 2797 1080 ἀμελεῖν,
2830 1007 2965 1060 ἀλλά
2991 1005 3310 1058 καὶτούτων
3344 1006 3619 1074 προνοεῖν.

2189 1106 2460 1173 Εὺλόγει,
2488 1105 2526 1170 ἠ
2554 1100 2723 1170 ψυχή
2750 1117 2890 1168 μου,
2923 1097 3029 1151 τὸν
3053 1099 3291 1165 Κύριον.
3328 1097 3581 1149 Διδάσκει
3611 1096 3709 1148 καὶ

2123 1196 2215 1247 ἐπὶ
2239 1197 2304 1264 τῇ
2343 1193 2554 1264 μεγάλῃ
2587 1189 2811 1264 προνοίᾳ
2841 1188 2935 1241 τοῦ
2981 1187 3116 1241 Θεοῦ
3160 1187 3399 1254 εὐλογεῖν
3432 1189 3496 1256 τῇ
3554 1185 3705 1256 ψυχῇ

2123 1286 2212 1337 τὸν
2234 1284 2386 1348 Θεὸν,
2423 1283 2612 1351 ῶσπερ
2659 1281 2753 1334 καὶ
2780 1280 2871 1332 ἐπί
2903 1278 2980 1349 τῷ
3019 1277 3342 1350 προλαϐόντι
3368 1278 3459 1328 ἐπὶ
3483 1279 3551 1346 τῇ
3596 1277 3708 1328 τῶν

2131 1375 2548 1447 ἁμαρτημάτων
2587 1373 2898 1442 ἀπαλλαγῇ.
2947 1372 3123 1439 Κύριε
3152 1374 3184 1423 ό
3237 1371 3384 1434 Θεός
3399 1386 3540 1437 μου,
3570 1369 3709 1438 ἐμε-

2124 1471 2428 1540 τιιλύνθης
2460 1465 2713 1535 σφόδρα.
2755 1463 3088 1532 Ἀφορῶντες
3112 1463 3192 1524 είς
3228 1461 3326 1531 τὴν
3361 1460 3459 1529 σὴν
3487 1459 3710 1530 πρόνοι-

2126 1579 2213 1624 αν,
2255 1556 2299 1614 ὧ
2333 1561 2600 1621 Δέσποτα,
2653 1557 3024 1628 μεγαλύνομεν
3071 1555 3168 1625 τῆς
3199 1555 3296 1625 σῆς
3343 1551 3601 1623 προνοίας
3643 1550 3711 1604 τὸ

2129 1650 2356 1720 μέγεθος
2404 1649 2849 1718 ἐκπληττόμενοι.
2912 1645 3068 1698 υῦτω
3118 1644 3226 1713 γάρ
3272 1643 3370 1714 τὴν
3423 1642 3708 1712 ἡμετέραν

2127 1739 2514 1810 ἐξομολόγησιν
2557 1739 2651 1791 καὶ
2703 1737 3037 1807 εὐπρέπειαν
3065 1777 3080 1800 ,
3131 1734 3381 1786 τουτέστι
3419 1733 3511 1784 τὸν
3557 1732 3705 1802 μετά

2048 1834 2090 1890 Β
2118 1831 2422 1900 δοξολογίας
2447 1827 2614 1892 αἶνον,
2643 1830 2831 1901 ὥσπερ
2860 1846 2912 1880 τι
2941 1826 3278 1898 περιϐόλαιον
3316 1826 3704 1895 ἀμφιέννυσιν.

2209 1923 2716 1990 Ἀναϐαλλόμενος
2773 1920 2899 1989 φῶς
2963 1920 3043 1984 ὡς
3100 1916 3353 1986 ἱμάτιον.
3421 1916 3556 1969 Ἀπὸ
3607 1916 3708 1969 τοῦ

2123 2013 2412 2084 νοουμένου
2445 2013 2620 2081 φωτὸς
2654 2013 2880 2083 ἄρχεται
2910 2011 3004 2062 τὸν
3034 2009 3199 2080 ὕμνον
3247 2007 3578 2060 ἀναπλέκειν
3609 2009 3713 2060 πίν-

2121 2106 2218 2177 τῷ.
2254 2107 2462 2177 ’Ὠσπερ
2491 2105 2544 2157 δὲ
2576 2108 2632 2157 ὲν
2666 2105 2836 2174 ἑτέρῳ
2865 2104 3110 2156 λέλεκται
3148 2100 3262 2170 φῶς
3292 2103 3460 2153 οἰκεῖν
3499 2101 3709 2170 ἀπρόσ-

2127 2217 2256 2263 ιτον,
2294 2199 2527 2251 ἐνταῦθα
2577 2196 2708 2250 αὐτὸ
2745 2195 2906 2248 τοῦτο
2944 2195 3003 2247 τὺ
3034 2193 3149 2264 φῶς
3175 2190 3576 2247 ἀναϐάλλεσθαι
3621 2191 3712 2245 λέ-

2124 2309 2300 2360 γεται.

2208 2385 2522 2438 Ἐκτείνων
2542 2381 2648 2434 τὸν
2679 2380 2942 2448 οὐρανὸν
2967 2379 3112 2432 ὡσεί
3163 2378 3384 2446 δέρῤιν.
3440 2375 3710 2444 Δεύτερον

2124 2475 2286 2533 Ιτοῦτο
2305 2475 2561 2546 προνοίας
2584 2473 2792 2525 τίθεται
2809 2471 2990 2543 ἔργον,
3007 2472 3066 2524 τὸ
3082 2469 3416 2524 ὲκτείνεσθαι
3434 2468 3529 2520 τὸν
3545 2468 3713 2538 οὐρα-

2126 2571 2214 2622 νὸν
2238 2568 2425 2638 ὥσπερ
2443 2585 2497 2619 τι
2533 2565 2746 2635 ἕκταμα
2770 2567 2826 2617 ἐν
2854 2565 3012 2634 χερσὶ
3027 2563 3290 2633 τεχνίτου.
3326 2561 3493 2631 Ὁμοῦ
3523 2562 3619 2613 καὶ
3650 2561 3712 2612 τὸ

2130 2665 2314 2733 σχῆμα
2332 2659 2642 2730 παρέστησε
2666 2657 2761 2709 καὶ·
2782 2657 2878 2725 τὴν
2899 2655 3147 2707 εὐκολίαν
3163 2653 3254 2705 τοῦ
3275 2653 3711 2723 δημιουργήσαν-

2126 2777 2236 2822 τος.
2274 2757 2539 2825 Καθάπερ
2582 2753 2692 2822 γὰρ
2715 2747 2988 2818 ἀνθρώπῳ
3025 2744 3201 2816 ῥᾴδιον
3231 2747 3470 2795 ἐκτεῖναι
3501 2742 3708 2813 δέρριν,

2126 2851 2267 2904 οὕτω
2290 2849 2382 2902 καὶ
2409 2847 2485 2916 τῷ
2515 2844 2632 2914 Θεῷ
2665 2843 2756 2894 τὸν
2785 2842 2886 2893 οὐκ
2907 2841 3033 2891 ὅντα
3057 2837 3276 2905 ποιῆσαι
3294 2833 3715 2904 οὐρανόμἋμει

2127 2945 2183 2998 δὲ
2209 2943 2300 2996 καί
2329 2961 2380 2994 τι
2412 2941 2595 3010 ἓτερον
2620 2935 2837 3007 ᾐνίξατο
2870 2933 3046 3001 νόημα
3073 2929 3294 2999 ὑψηλὸν,
3321 2929 3401 2979 ὅτι
3434 2926 3574 2996 πρὸς
3593 2925 3712 2977 ἓτε-

2129 3053 2219 3108 ρον
2253 3033 2362 3104 βίον
2388 3026 2771 3099 ὀδεύομεν,καὶ
2803 3024 2872 3076 τὰ
2896 3023 3138 3093 παρόντα
3180 3020 3304 3072 σκιά
3329 3018 3439 3070 τῶν
3485 3015 3708 3108 μελλόν-

2127 3144 2254 3188 των,
2295 3126 2390 3178 καὶ
2435 3123 2648 3176 οὐδέπω
2692 3119 2828 3189 πρὸς
2867 3116 2934 3169 τὰ
2966 3115 3131 3168 ἄδυτα
3163 3110 3565 3181 ἀφικνούμεθα,
3594 3107 3709 3162 ἀλλ’

2130 3219 2209 3271 ἔτι
2245 3221 2301 3270 ἐν
2327 3218 2496 3286 σκηνῇ
2541 3216 2707 3283 ἐσμεν
2740 3210 2818 3280 τῷ
2848 3208 3076 3278 παρόντι
3113 3206 3234 3275 βίῳ.
3278 3205 3347 3256 Ἡ
3386 3203 3498 3273 γάρ
3535 3203 3710 3272 σκηνὴ

2129 3310 2237 3363 τῶν
2261 3308 2554 3372 λυομένων.
2582 3305 2689 3359 Καὶ
2713 3303 2840 3372 μετ’
2869 3302 3062 3370 ὀλίγα*
3092 3299 3246 3352 Οὕτω
3283 3298 3378 3349 καὶ
3405 3295 3500 3348 τοῦ
3549 3298 3710 3366 οὐρα⁶

2131 3400 2222 3454 νοῦ
2251 3401 2346 3453 τοῦ
2380 3396 2781 3466 ἀλλασσομένου
2811 3394 2997 3464 ἕτερος
3027 3391 3181 3443 ἔσται
3211 3389 3410 3458 τρόπος
3449 3387 3598 3456 ζωῆς
3623 3387 3714 3439 καὶ

2131 3488 2283 3559 λῆξις
2309 3489 2409 3556 τῆς
2429 3485 2709 3556 παρούσης
2744 3483 3002 3554 ἀμείνων.
3041 3481 3234 3532 Ἔσται
3265 3477 3375 3548 γὰρ
3417 3479 3445 3528 ὁ
3485 3477 3717 3546 οὐρανὸς

2133 3578 2317 3640 καινὸς
2345 3579 2438 3630 καὶ
2468 3577 2500 3645 ἡ
2525 3575 2596 3644 γῆ
2625 3577 2809 3644 καινή.
2859 3572 2999 3623 Ἀλλ’
3046 3567 3406 3638 ἀκουσὼμεθα
3432 3567 3535 3619 ὅσα
3589 3565 3718 3636 περὶ

2133 3665 2366 3738 οὐρανοῦ
2404 3664 2655 3732 λέγουσιν
2681 3663 2730 3714 οἱ
2759 3661 3056 3732 προφῆται,
3105 3661 3190 3711 ἵνα
3223 3660 3290 3711 τὰ
3319 3657 3566 3725 στόματα
3608 3655 3717 3709 τῶν

2135 3760 2225 3812 ἐπὶ
2241 3756 2318 3827 τῷ
2339 3756 2559 3824 πώγωνι
2591 3756 2733 3824 μέγα
2759 3752 3096 3822 φρονούντων
3122 3749 3494 3820 ἐμφράξωμεν
3516 3765 3532 3778 ο
3567 3749 3618 3801 οἳ
3649 3747 3720 3800 τὰ

2134 3849 2427 3902 ἐπελθόντα
2472 3846 2855 3916 φθεγξάμενοι,
2895 3845 2990 3897 καὶ
3034 3843 3138 3894 ὑπὸ
3166 3844 3269 3912 γῆν
3301 3841 3536 3910 οὐρανὸν
3574 3837 3718 3892 εἶναι

2133 3943 2378 4010 λέγουσι’
2413 3938 2548 4009 πρὸς
2574 3938 2666 4002 οὓς
2689 3939 2974 4008 ἱστάμενος
3001 3937 3028 3988 ὁ
3051 3936 3338 4005 προφήτης
3365 3933 3541 4000 ἔλεγε·
3590 3935 3720 3986 Ἐκ-

2134 4033 2343 4085 τείνων
2391 4029 2497 4082 τὸν
2539 4029 2801 4096 οὐρανὸν
2849 4027 2991 4080 ὡσεὶ
3045 4026 3264 4094 ὃέρῤιν.
3317 4025 3382 4076 Ἡ
3428 4025 3619 4094 δέρρις
3657 4024 3720 4078 οὐ

2137 4121 2338 4191 σφαῖρά
2359 4121 2442 4185 τίς
2469 4121 2584 4173 ἐστι
2614 4119 2755 4172 κατά
2777 4119 2878 4189 τὴν
2902 4119 3125 4171 ἐκείνων
3173 4115 3442 4187 ληρωδίαν
3465 4131 3479 4144 ·
3517 4115 3641 4168 ἀλλ’
3671 4117 3720 4169 ei

2139 4212 2212 4284 μὴ
2243 4213 2450 4282 κυκλίῳ
2481 4214 2587 4264 τινί
2615 4211 2710 4265 καὶ
2735 4209 3080 4282 ἡμισφαιρίῳ
3123 4209 3466 4280 προσέοικεν.
3537 4207 3721 4278 Ὅπερ

2135 4298 2228 4354 οὖν
2275 4302 2459 4373 ἕτερος
2513 4301 2795 4372 προφήτης
2852 4299 3028 4370 δηλῶν
3087 4298 3308 4365 ἔλεγεν·
3368 4298 3430 4350 '0
3474 4296 3722 4362 στήσας

2135 4394 2214 4458 ὡς
2244 4393 2518 4462 καμάραν
2539 4393 2646 4444 τόν
2674 4391 2955 4458 οὐρανὸν,
2979 4392 3078 4443 καί
3119 4390 3420 4456 διατείνας
3445 4393 3529 4455 ὡς
3570 4407 3721 4456 σκη-

2134 4485 2253 4551 νὴν
2278 4483 2576 4538 κατοικεῖν
2597 4483 2697 4536 ἐπὶ
2723 4483 2830 4550 τῆς
2852 4482 2984 4552 γῆς.
3027 4484 3136 4535 Καὶ
3169 4481 3351 4544 πάλιν,
3382 4482 3466 4533 ὅτι
3503 4483 3591 4534 Οὐ
3619 4495 3724 4534 πε-

453 4578 827 4647 nuitatemque
848 4577 968 4646 ejus
999 4577 1064 4630 ad
1095 4591 1370 4632 summum
1400 4590 1576 4644 usque
1604 4575 1888 4630 declarans
1907 4574 1982 4627 ait
2012 4590 2026 4627 :

2143 4576 2446 4637 οιδονεῖται
2471 4593 2484 4606 ·
2519 4576 2654 4630 ἀλλ’
2693 4576 2913 4642 ἕστηκε
2961 4573 3260 4644 πεπηγώς.
3305 4572 3461 4626 Οὕτω
3487 4573 3660 4644 φησὶν
3694 4576 3725 4626 ό

455 4668 655 4722 Caelum
703 4671 838 4723 sicut
885 4669 1061 4739 fumus
1107 4670 1378 4737 firmatum
1433 4677 1530 4722 est.
1578 4668 1683 4731 Qui
1731 4668 1851 4736 tegit
1877 4667 2027 4735 aquis

454 4761 733 4829 superiora
771 4760 904 4828 ejus.
947 4759 1197 4815 Ostendit
1237 4774 1345 4812 non
1380 4767 1581 4813 temere
1627 4773 1891 4826 aquarum
1922 4758 2030 4812 fre-

454 4851 734 4919 quentiam
787 4851 843 4905 in
899 4867 1024 4906 aere
1088 4851 1463 4914 circumferri,
1523 4849 1618 4905 sed
1669 4851 1844 4919 ipsum
1913 4865 2028 4904 rem

454 4957 614 5012 agere
657 4943 1000 5012 providentia
1031 4945 1292 5013 quadam,
1329 4943 1404 4996 ita
1442 4951 1500 4996 ut
1529 4942 1755 4996 nubium
1801 4942 2029 4996 concin-

455 5030 627 5084 nitate
649 5041 703 5084 et
721 5031 990 5101 positione
1008 5033 1293 5086 videantur
1322 5032 1425 5101 tegi
1445 5032 1708 5086 caelorum
1734 5039 1936 5100 partes.

2132 4672 2438 4741 προφήτης,
2483 4669 2545 4720 '0
2569 4667 2769 4736 πήξας
2794 4667 2902 4719 τὸν
2921 4667 3206 4733 οὐρανόν.
3253 4666 3364 4718 Καὶ
3390 4665 3491 4734 τὴν
3523 4665 3725 4717 λεπτό-

2132 4779 2270 4831 τητα
2297 4763 2351 4815 δὲ
2375 4762 2539 4815 αὑτοῦ
2566 4762 2664 4831 τὴν
2699 4763 2779 4822 είς
2813 4759 2980 4831 ἄκρον
3011 4757 3292 4828 παριστῶν
3321 4757 3529 4824 ἔλεγεν,
3555 4758 3724 4809 ὅτιὊ

2135 4853 2389 4920 οὐρανὸς
2420 4854 2562 4907 ὡσεὶ
2588 4853 2817 4917 καπνὸς
2840 4852 3191 4919 ἐστερεώθη.
3243 4851 3297 4902 Ὁ
3330 4848 3637 4918 στεγάᾷον
3650 4849 3724 4902 ἐν

2134 4945 2315 4999 ὕδασι
2342 4947 2412 5000 τὰ
2437 4945 2675 5012 ὑπερῷα
2705 4944 2890 4998 αὑτοῦ
2909 4962 2922 4974 ·
2956 4943 3246 5006 δείκνυσιν,
3273 4942 3345 5002 ὼς
3374 4942 3473 4993 οὐκ
3504 4941 3631 5010 είκῆ
3651 4942 3724 4993 τα

2137 5037 2242 5088 τῶν
2269 5038 2476 5090 ὑδάτων
2507 5039 2827 5107 συστήματα
2854 5039 2910 5089 ὲν
2937 5037 3058 5109 ἀέρι
3108 5035 3466 5105 περιφέρεται
3491 5050 3504 5062 ·
3555 5033 3720 5094 αὐτὸς

454 5123 564 5194 γὰρ
618 5122 722 5194 ίδίᾳ
775 5123 1001 5194 προνοίᾳ
1034 5122 1156 5192 ἄγει
1197 5124 1260 5176 τὸ
1308 5125 1560 5194 πρᾶγμα,
1605 5123 1681 5186 ὡς
1729 5123 1823 5174 καὶ
1864 5123 2041 5175 δοκεῖν
2107 5125 2434 5197 ἐστεγάσθαι
2489 5133 2554 5201 τῇ
2588 5129 2696 5182 τῶν
2727 5129 2904 5197 νεφῶν
2932 5128 3232 5199 εὐαρμονία
3278 5127 3348 5179 τὰ
3411 5126 3540 5196 περὶ
3608 5125 3722 5178 τῶν

453 5216 698 5282 οὐρανῶν
727 5215 890 5287 μέρη.

531 5311 585 5363 4.
613 5308 716 5373 Qui
748 5309 894 5378 ponit
934 5308 1119 5361 nubem
1155 5323 1430 5361 ascensum
1467 5323 1640 5361 suum.
1667 5305 1832 5372 Quasi
1869 5321 2027 5374 aper-

456 5403 566 5456 tius
602 5401 806 5455 dieeret
835 5418 848 5453 :
877 5398 979 5464 Qui
1025 5399 1092 5453 ad
1138 5399 1284 5467 ipsas
1317 5414 1490 5467 usque
1530 5397 1701 5452 nubes
1743 5397 2030 5465 providen-

456 5494 587 5544 tiam
623 5492 895 5556 extendit;
933 5504 1224 5544 ascensum
1254 5489 1401 5541 enim
1428 5501 1526 5556 pro
1567 5486 1903 5556 providentia
1944 5501 2032 5554 po-

457 5586 586 5638 suit.
619 5585 723 5647 Qui
751 5582 990 5636 ambulat
1039 5598 1195 5652 super
1237 5597 1429 5651 pennas
1463 5591 1756 5634 uentorum.
1783 5577 2032 5634 Declarat

526 5777 573 5812 ’⁸
603 5782 709 5838 lsa.
747 5798 833 5849 η,
870 5783 958 5837 29..

1039 5785 1081 5814 ⁸⁷
1113 5782 1215 5839 lsa.
1253 5799 1326 5848 ιι,
1366 5781 1416 5838 6.

2241 5311 2338 5358 Οτι
2370 5307 2492 5372 θεὶς
2519 5305 2671 5374 νέφη
2725 5305 2839 5373 τὴν
2875 5306 3157 5358 ἐπίϐασιν
3191 5303 3398 5356 αυτοῦ.
3435 5302 3581 5353 Ὠσεὶ
3618 5319 3721 5353 σα-

2138 5398 2398 5468 φέστερον
2425 5397 2623 5461 ἔδειξεν
2645 5415 2656 5425 ·
2703 5399 2758 5449 ὐ
2791 5398 2884 5450 καὶ
2924 5397 3082 5466 μέχρι
3120 5395 3227 5447 τῶν
3265 5392 3500 5460 νεφελῶν
3535 5393 3722 5445 αὐτῶν

2137 5489 2205 5540 τὰ
2228 5490 2324 5556 τῆς
2346 5489 2598 5559 προνοίας
2616 5487 2888 5539 ἐκτείνων.
2924 5487 3035 5554 Τὴν
3057 5485 3164 5555 γάρ
3195 5483 3447 5536 ἐπίῦασιν
3471 5482 3595 5534 ἀντὶ
3620 5483 3722 5551 τῆς

2141 5577 2400 5647 προνοίας
2458 5577 2716 5632 τέθεικεν.
2770 5579 2830 5630 '0
2864 5574 3202 5646 περιπατῶν
3258 5573 3356 5628 ἐπὶ
3406 5574 3723 5643 πτερύγων
