3880 6216
193 353 297 412 ιΞΊ

1336 333 1694 395 EXPOSITIO
1737 331 1804 386 lN
1842 329 2174 387 PSALMUM
2212 326 2348 384 Clll.

3331 307 3437 366 ιδε

191 467 450 537 ἀνέμων.
510 460 812 522 Δείκνυσιν,
846 458 922 522 ὡς
977 457 1098 511 οὐδὲ
1131 458 1166 526 ἡ
1214 454 1322 508 τῶν
1362 453 1576 522 ἀνέμων
1626 447 1768 518 φορὰ

1903 461 1979 500 on
2025 455 2226 500 temere
2271 441 2399 496 ferri
2437 448 2719 493 ventorum
2767 434 3066 502 impetum;
3108 428 3203 484 sed
3258 430 3439 500 ipsum

190 560 315 628 εῖκῆ
349 556 573 628 φέρεται
594 570 608 583 ⁸
642 553 756 606 ἀλλ’
788 551 950 614 αὐτός
998 553 1145 603 ἐστιν
1185 547 1373 618 ὥσπερ
1399 563 1505 608 .τις
1557 543 1770 612 ἡνίοχος

1869 552 1988 590 esse
2011 537 2170 605 quasi
2199 534 2447 603 aurigam
2477 529 2794 600 quemdam,
2811 523 2956 593 quod
2982 520 3240 576 ascendat
3278 534 3443 590 super.

191 649 374 704 αὐτῶν
424 646 740 716 γινόμενος,
803 641 894 696 διὰ
936 641 1030 694 τοῦ
1078 642 1200 704 ταῖς
1243 637 1423 691 αὐτῶν
1472 633 1771 688 ἐπιϐαίνειν

1905 641 2075 680 ennas
2099 624 2242 693 ejus.
2319 683 2322 686 ,

190 745 295 797 ποτέ
307 741 479 813 ρυξιν.

275 835 344 886 '0
387 831 576 885 ποιῶν
607 829 751 890 τοὺς
802 827 1094 896 ἀγγέλους
1128 823 1314 878 αὐτοῦ
1346 821 1672 888 πνεύματα.
1712 817 1770 867 ὐ

191 927 456 994 κούφους,
485 925 639 993 φησὶ,
668 923 764 975 xui
793 920 1114 992 μεταρσίους
1141 919 1264 981 τοὺς
1293 914 1553 982 ἀγγέλους
1581 910 1771 964 ποιῶν.

192 1019 307 1071 Καὶ
337 1017 480 1080 τοὺς
506 1012 888 1082 λειτουργοὺς
929 1009 1113 1066 αὐτοῦ
1142 1009 1263 1076 πῦρ
1309 1004 1552 1075 spicifer.
1588 1001 1774 1064 Θῦτως

194 1104 306 1160 εἶδε
338 1106 666 1175 Μωῢσῆςὲν
704 1103 837 1175 πυρὶ
870 1102 1066 1170 φλογὸς
1115 1100 1206 1152 τὸν
1255 1097 1494 1165 ἄγγελον»
1512 1093 1774 1146 λαλοῦντα

194 1217 370 1270 αυτῳ.

279 1293 344 1344 Ὁ
366 1289 658 1360 θεμελιῶν
681 1289 797 1357 τὴν
827 1287 945 1358 γῆν
974 1286 1071 1340 ἐπὶ
1094 1285 1210 1354 τὴν
1236 1282 1594 1352 ἀσφάλειαν.
1622 1275 1777 1331 Μετὰ

194 1384 257 1436 τὸ
285 1383 459 1449 δεῖξαι
489 1382 587 1453 τὴν
635 1384 692 1436 ὲν
735 1381 812 1450 τῷ
843 1379 1056 1452 οὐρανῷ
1097 1379 1352 1449 πρόνοιαν
1378 1373 1471 1428 τοῦ
1515 1373 1774 1440 δημιουρ-

196 1473 320 1541 γοῦ.
357 1473 572 1543 πρόεισι
598 1473 692 1525 xui.
721 1472 848 1542 περὶ
881 1470 988 1523 τῶν
1022 1471 1081 1521 ὲν
1116 1471 1181 1539 τῇ
1205 1470 1276 1537 γῇ
1303 1465 1558 1535 πρόνοιαν
1587 1457 1774 1513 αὐτοῦ.

199 1565 344 1617 Αὐτὸ
375 1564 535 1617 τοῦτο
576 1563 670 1628 τὸ,
698 1562 940 1634 ’στερεὰν
997 1560 1168 1632 αὐτὴν
1214 1555 1378 1612 οὖσαν
1428 1557 1522 1609 xui.
1559 1553 1777 1623 βαρεῖαν

205 1658 292 1725 ἐφ’
322 1658 497 1727 ὑγρᾶς
535 1655 860 1726 ἑδρασθῆναι
889 1653 1095 1716 οὐσίας.

281 1747 580 1812 Ἃϐυσσος
617 1749 698 1810 ὡς
751 1745 981 1816 ἱμάτιον
1011 1745 1099 1796 ’τὸ
1146 1741 1525 1810 περιϐόλαιον
1568 1732 1773 1788 αὐτοῦ.

202 1836 377 1888 Αὐτοῦ
404 1837 503 1906 μὲν
533 1836 625 1888 τοῦ
654 1837 752 1906 τῆς
786 1837 888 1905 γῆς
920 1833 1184 1903 στοιχείου
1220 1827 1370 1900 φησί.
1405 1826 1568 1893 Λέγει
1596 1824 1672 1886 δὲ,
1697 1822 1776 1874 ὅτι

202 1925 393 1996 ὥσπερ
422 1926 624 1996 ἱματίῳ
653 1925 941 1996 περιέϐαλε
963 1926 1029 1992 τῇ
1060 1921 1281 1990 ἀϐύσσῳ
1315 1918 1414 1989 τὴν
1434 1918 1557 1986 γῆν,
1581 1912 1777 1980 ἔξωθεν

203 2020 388 2071 πᾶσαν
407 2034 474 2069 πε
482 2017 754 2087 ρικυκλῶν
776 2015 950 2067 ὐδατι.
969 2013 1098 2066 Ἐπὶ
1121 2011 1242 2065 τῶν
1251 2008 1434 2078 ὀρέων
1448 2004 1780 2070 στήσονται

204 2107 417 2171 ὕδατα,
452 2125 508 2162 x.
531 2124 582 2159 τ.
609 2105 660 2159 λ.
697 2107 784 2168 Ὠς
815 2105 938 2176 ὅρη,
984 2105 1138 2174 φησι,
1173 2102 1241 2156 τὰ
1271 2101 1374 2170 τῆς
1405 2098 1644 2152 ἀϐύσσου
1690 2097 1782 2147 ἀν-

207 2198 464 2250 ιστῶνται
491 2198 658 2250 ὕδατα
690 2196 990 2266 ύψούμενα,
1028 2197 1121 2248 καὶ
1151 2193 1313 2247 οἰονεὶ
1330 2190 1654 2244 ἀπειλοῦντα
1681 2202 1781 2238 κα-

205 2284 476 2337 τακλῦσαι
521 2285 622 2354 τὴν
649 2283 784 2353 γῆν·
824 2284 960 2337 ἀλλὰ
985 2282 1064 2353 τῷ
1111 2282 1188 2352 σῷ
1213 2282 1441 2352 νεύματι
1476 2279 1570 2332 καὶ
1617 2279 1681 2346 τῇ
1716 2277 1781 2346 σῇ

204 2374 456 2443 δυνάμει,
481 2375 602 2445 ἣτις
629 2375 724 2426 καὶ
757 2373 844 2427 διὰ
872 2374 972 2442 τῆς
1014 2374 1240 2444 βροντῆς
1274 2370 1614 2442 σημαίνεται,
1655 2367 1783 2418 ἀνα-

206 2465 469 2536 χωροῦσι,
502 2467 666 2535 φησίν
690 2483 704 2496 °
733 2466 766 2538 ἢ
801 2467 942 2536 τάχα
968 2468 1062 2519 καὶ
1092 2466 1189 2529 τὰς
1231 2464 1457 2536 βροντὰς
1492 2463 1578 2516 διὰ
1628 2460 1786 2513 τοῦτο

207 2558 538 2627 γεγενῆσθαί
562 2576 715 2630 φησι,
742 2559 878 2630 πρὸς
908 2559 966 2611 τὸ
997 2557 1160 2626 φόϐον
1197 2556 1320 2608 τινὰ
1356 2553 1654 2624 λαμϐάνειν
1681 2549 1787 2603 ἀπὸ

207 2650 316 2702 τῶν
351 2652 650 2721 γινομένων
688 2652 789 2720 τῆς
833 2651 1074 2704 ἀϐύσσου
1100 2651 1169 2703 τὰ
1201 2649 1387 2702 ὕδατα.
1418 2650 1479 2700 Ei
1514 2647 1570 2699 δὲ
1605 2647 1788 2702 ἐκεῖνα

205 2742 368 2796 τοῦτο
401 2745 685 2815 ὑπομένει,
728 2743 910 2814 πολλῷ
957 2743 1116 2798 πλέον
1150 2743 1212 2796 τὸ
1251 2740 1489 2795 τοιοῦτον
1518 2739 1598 2792 δεῖ
1642 2738 1788 2806 ἡμᾶς

209 2835 427 2890 παθεῖν.

292 2929 753 2983 Ἀναϐαίνουσιν
795 2929 901 2996 ὄρη
953 2927 1054 2982 καὶ
1111 2927 1540 2980 καταϐαίνουσι
1593 2921 1786 2976 πεδία.

222 3019 556 3090 ’Υψούμενα,
589 3020 740 3092 φησὶ,
770 3019 839 3072 τὰ
862 3019 1030 3073 ὐδατα
1054 3017 1444 3089 παρεικασθείη
1470 3016 1534 3070 ἂν
1560 3016 1742 3086 ὄρεσιν
1773 3031 1788 3043 ·

1943 805 1996 860 5.
2039 805 2146 870 Qui
2189 804 2319 873 facit
2362 799 2572 870 angelos
2606 813 2728 850 suos
2762 795 3004 863 spiritus.
3049 788 3153 855 Qui
3196 784 3439 856 angelos,

1873 898 2068 967 inquit,
2112 897 2257 951 leves
2291 903 2344 948 et
2391 890 2652 947 sublimes
2699 886 2847 940 facit.
2895 882 2962 935 Et
3011 881 3280 934 ministros
3318 891 3442 929 suos

1872 987 2042 1058 ignem
2085 996 2342 1039 urentem.
2384 982 2460 1035 Ita
2501 979 2636 1032 vidit
2678 976 2889 1046 Moyses
2919 975 2977 1027 in
3021 971 3237 1026 ﬂamma
3299 965 3443 1036 ignis

1874 1079 2125 1148 angelum
2157 1077 2260 1132 sibi
2289 1080 2619 1143 loquentem.

1949 1275 2055 1340 Qui
2105 1269 2350 1342 fundavit
2424 1276 2620 1320 terram
2671 1277 2826 1330 super
2875 1257 3216 1312 stabilitatem
3273 1265 3444 1306 suam.

1877 1341 2178 1432 Postquam
2204 1357 2450 1414 ostendit
2465 1353 2769 1409 conditoris
2791 1351 2846 1404 in
2872 1348 3010 1403 coelo
3028 1341 3446 1416 providentiam,

1877 1454 2227 1526 progreditur
2281 1450 2349 1502 ad
2404 1444 2798 1516 providentiam
2857 1439 2978 1508 ejus
3031 1451 3160 1503 erga
3213 1441 3446 1486 terrena.

1878 1521 2035 1614 Quod
2061 1546 2217 1599 ﬁrma
2257 1541 2348 1595 illa
2376 1549 2430 1594 et
2463 1537 2644 1608 gravis
2671 1549 2795 1589 cum
2829 1532 2920 1594 sit,
2956 1529 3011 1583 in
3043 1524 3265 1580 humida
3317 1521 3450 1576 sub-

1881 1638 2078 1694 smntia
2108 1635 2332 1689 fundata
2362 1631 2546 1685 fuerit.

1951 1731 2007 1794 6,
2046 1730 2097 1781 7.
2129 1727 2359 1797 Abyssus
2384 1726 2518 1778 sicut
2545 1723 2908 1775 vestimentum
2930 1713 3156 1766 amictus
3181 1709 3317 1779 ejus,
3349 1705 3454 1758 ele-

1881 1823 2049 1878 menti
2078 1821 2288 1876 scilicet
2317 1817 2542 1873 terreni.
2591 1815 2680 1868 Ait
2709 1812 2892 1882 igitur,
2921 1809 3121 1878 abysso
3151 1819 3251 1857 ceu
3281 1799 3449 1856 vesti-

1881 1924 2066 1967 mento
2097 1908 2527 1966 circumdedisse
2558 1914 2779 1964 terram,
2816 1910 2982 1954 totam
3023 1893 3264 1952 exterius
3292 1890 3449 1960 aquis

1883 2004 2151 2059 ambiens.
2185 2001 2354 2070 Super
2393 2008 2592 2052 montes
2637 1994 2864 2049 stabunt.
2898 2003 3068 2058 aqum,
3117 1993 3223 2039 etc.
3253 1982 3449 2052 Abyssi

1883 2111 2059 2167 aquae,
2085 2096 2179 2161 ait,
2221 2095 2396 2148 instar
2429 2090 2698 2145 montium
2729 2085 2991 2140 sublimes
3037 2080 3344 2146 insurgunt,
3397 2084 3452 2126 et

1883 2188 2042 2259 quasi
2071 2188 2396 2241 minitantur
2429 2185 2775 2250 submergere
2821 2187 3044 2240 terram,
3085 2171 3178 2226 sed
3228 2178 3360 2221 nutu
3397 2175 3452 2220 et

1884 2288 2152 2349 potestate
2185 2288 2297 2342 tua,
2327 2290 2449 2345 quae
2489 2288 2585 2344 per
2638 2271 2845 2326 tonitru
2891 2264 3247 2335 signiﬁcatur,
3301 2272 3452 2312 rece-

1885 2373 2060 2426 dunt:
2093 2379 2187 2424 aut
2213 2368 2445 2422 fortasse
2473 2367 2595 2420 ideo
2626 2362 2869 2417 tonitrua
2900 2357 3016 2411 ﬁeri
3054 2355 3149 2420 ait,
3184 2359 3244 2405 ut
3268 2365 3333 2404 ex
3359 2363 3452 2417 ge-

1887 2464 1988 2518 stis
2022 2463 2186 2516 rebus
2217 2461 2412 2514 timore
2445 2457 2678 2527 quodam
2733 2453 3037 2507 adiciantur
3065 2460 3218 2515 aqua:
3249 2441 3449 2513 abyssi.

1887 2554 2044 2620 Quod
2084 2555 2129 2608 si
2164 2553 2214 2607 id
2252 2553 2357 2607 illis
2391 2550 2626 2614 eveniat,
2676 2547 2848 2602 multo
2875 2541 3049 2612 magis
3093 2537 3269 2592 simile
3297 2533 3455 2588 nobis

1889 2647 2204 2715 contingere
2229 2659 2454 2700 necesse
2475 2651 2577 2697 est.

1963 2908 2017 2974 8,
2047 2906 2099 2960 9.
2133 2901 2434 2958 Ascendunt
2461 2908 2662 2954 montes
2701 2907 2749 2951 et
2784 2895 3098 2950 descendunt
3127 2892 3322 2961 campi.
3354 2890 3462 2943 Ex-

1895 2999 2096 3062 altatee,
2139 2998 2235 3061 ait,
2269 3010 2424 3064 aquae
2447 2995 2571 3065 jure
2600 2990 2883 3046 montibus
2916 2995 3320 3057 comparentur,
3367 2984 3462 3039 sed

210 3110 328 3163 ἀλλ’
363 3109 679 3178 άπλούμενα
714 3107 874 3162 πάλιν
907 3109 1012 3160 ὑπὸ
1035 3106 1128 3159 τοῦ
1161 3105 1254 3159 σοῦ
1287 3104 1472 3174 φόὸου,
1496 3105 1658 3157 οἱονεὶ
1691 3120 1790 3157 πε-

1903 3092 2117 3152 sedatae,
2148 3087 2348 3157 inquit,
2377 3102 2473 3156 per
2506 3085 2758 3138 timorem
2801 3090 2979 3143 tuum,
3026 3077 3185 3148 quasi
3238 3090 3466 3144 campus

209 3201 332 3266 διάς
372 3203 466 3255 καὶ
503 3201 679 3272 ὁμαλὴ
721 3203 932 3269 γίνεται
965 3200 1058 3270 γῆ.
1105 3196 1501 3268 Ἐθεμελίωσας
1543 3197 1652 3268 γὰρ
1694 3197 1791 3249 αὐ-
1830 3214 1836 3220 ·

209 3296 325 3358 τοῖς
349 3295 512 3347 τόπον
543 3294 600 3347 ὃν
622 3295 722 3364 οὐχ
737 3289 846 3347 οἷόν
867 3311 927 3346 τε
944 3291 1291 3362 ὑπερϐαίνειν
1313 3290 1470 3344 αὐτά.
1499 3291 1608 3343 Καὶ
1634 3290 1792 3342 τοῦτό

211 3386 355 3444 ἐστι,
387 3384 478 3436 τόο
535 3385 740 3452 ’Ὅριον
784 3384 924 3437 ἔθου
973 3383 1004 3436 ὃ
1049 3384 1122 3435 οὐ
1173 3382 1669 3450 παρελεύσονται.
1703 3380 1793 3432 Διὸ

211 3476 337 3529 οὐδὲ
362 3475 652 3528 ἐπικλύσαι
673 3476 922 3529 δύνανται
952 3477 1050 3546 τὴν
1078 3477 1200 3547 γῆν.
1230 3477 1452 3546 Ὅμοιον
1475 3473 1531 3526 δὲ
1567 3474 1627 3526 τὸ
1656 3473 1795 3542 πρὸς

212 3568 314 3639 τὴν
341 3567 612 3620 Θάλασσαν
646 3568 939 3639 εἰρημένον
974 3568 1063 3620 διά
1099 3568 1193 3621 τοῦ
1237 3567 1517 3636 προφήτου
1544 3581 1560 3597 ο
1604 3565 1794 3634 Μέχρι

211 3661 432 3713 τούτου
459 3659 686 3727 στήσῃ,
722 3660 819 3714 καὶ
843 3661 955 3730 οὐχ
982 3660 1317 3729 ὑπερϐήσῃ.
1355 3660 1506 3713 Ἀλλ’
1528 3658 1597 3712 ἐν
1616 3673 1795 3712 σεαυ-

213 3754 294 3822 τῆ
327 3753 838 3822 συντριϐήσονταί
870 3768 987 3808 σου
1017 3756 1090 3808 τὰ
1118 3757 1368 3822 κύματα.

302 3844 437 3898 Ἀνὰ
458 3845 656 3913 μέσον
711 3845 829 3898 τῶν
878 3844 1062 3912 ὀρέων
1116 3844 1528 3899 διελεύσονται
1583 3843 1792 3895 ὕδατα.

213 3935 378 3992 Κατὰ
410 3937 577 4007 μέρος
621 3936 915 4004 δοξολογῶν
971 3937 1264 4008 ἐπέρχεται
1310 3939 1376 4006 τῇ
1415 3935 1658 4005 προνοίᾳ,
1703 3935 1796 3986 καὶ

211 4026 316 4096 τὴν
364 4027 502 4096 μετὰ
547 4026 738 4094 σοφίας
787 4026 1132 4097 τεθαύμακεν
1179 4025 1512 4094 ἀγαθότητα,
1557 4023 1650 4076 καὶ
1697 4026 1795 4092 τῆς

214 4117 328 4172 τῶν
363 4117 575 4185 ἀλόγων
606 4116 761 4181 ζώων
786 4117 1207 4188 πεφροντικότος
1228 4116 1490 4186 διαμονῆς
1525 4114 1616 4166 τοῦ
1638 4112 1793 4165 Θεοῦ·

215 4210 454 4280 ποιήσας
505 4208 616 4279 γὰρ
654 4207 816 4271 αὐτὰ,
848 4209 944 4262 καί
992 4209 1180 4281 τρέφει
1209 4209 1304 4260 xui
1336 4205 1565 4270 ποτίζει.
1611 4205 1701 4258 Διὸ
1731 4203 1800 4257 τά

213 4305 319 4373 ὖρη
348 4300 552 4372 τεμὼν,
588 4301 820 4371 πάροδον
857 4302 970 4363 τοῖς
1003 4299 1187 4352 ὐδασιν
1218 4299 1562 4369 ἐτεκτήνατο.

290 4475 579 4529 Ποτιοῦσι
608 4473 806 4528 πάντα
833 4475 907 4528 τὰ
934 4475 1107 4544 θηρία
1143 4474 1248 4528 τοῦ
1276 4472 1482 4542 ἀγροῦ.
1519 4471 1674 4525 Οὕτω
1703 4471 1795 4523 καὶ
1825 4463 1871 4519 D

215 4568 330 4620 τῶν
355 4567 564 4636 ἀλόγων
598 4565 753 4630 ζώων
783 4567 877 4620 καὶ
928 4566 1172 4638 ἑρπετῶν
1203 4567 1298 4620 καὶ
1325 4565 1529 4636 θηρίων
1561 4567 1798 4635 προνοεῖ,

215 4662 298 4724 ὡς
331 4661 427 4714 καὶ
460 4661 669 4724 τούτοις
700 4661 763 4713 τὸ
793 4660 930 4731 πρὸς
957 4659 1102 4730 ζωὴν
1127 4661 1397 4730 χρήσιμον
1427 4659 1797 4728 ἐπιχορηγεῖν.

218 4751 668 4820 Προσδέξονται
691 4751 931 4820 ὅναγροι
955 4752 1043 4816 εἰς
1063 4749 1251 4818 δίψαν
1273 4749 1491 4804 αὐτῶν.
1516 4749 1624 4800 Καὶ
1645 4747 1802 4800 τοῦτο

217 4845 321 4913 τῆς
350 4843 450 4911 σῆς
491 4843 747 4913 προνοίας
787 4842 934 4895 ἐστὶν
965 4841 1142 4912 ἔργον,
1178 4841 1238 4894 τὸ
1283 4841 1357 4913 μὴ
1393 4841 1552 4912 μόνον
1583 4840 1670 4892 διὰ
1703 4838 1801 4902 τὰς

218 4936 351 5006 περὶ
375 4934 709 5005 χειμάρρους
739 4933 886 5004 ὥρας
918 4935 974 4985 ἐν
1005 4935 1124 4997 ταῖς
1157 4932 1395 5004 φάραγξι
1419 4933 1512 4985 xu‘t
1546 4934 1656 4994 τοῖς
1678 4929 1802 4982 Θάλ-

220 5042 393 5078 πουσι
441 5025 628 5090 τόποις
662 5024 832 5078 ὕδατα
859 5023 1116 5084 δίδοσθαι,
1145 5023 1279 5077 ἀλλὰ
1299 5023 1407 5094 γὰρ
1434 5023 1528 5076 καὶ
1572 5021 1673 5075 ἀνά
1711 5020 1803 5089 μέ-

222 5131 318 5167 σον
342 5113 452 5168 τῶν
481 5115 672 5187 ὀρέων,
703 5115 850 5177 ὅπως
880 5113 946 5168 ἂν
979 5113 1087 5167 τῶν
1113 5113 1320 5184 ἀγρίων
1347 5111 1499 5177 ζώων
1525 5111 1592 5164 τὰ
1618 5112 1804 5181 ἥμερα

218 5205 678 5277 ὃιαδράσκωνται,
715 5207 773 5258 ὲν
793 5205 911 5277 ὥρᾳ
942 5204 1440 5258 διαναπαύσωνται.

297 5297 557 5357 Ποτίζων
605 5298 711 5364 ὅρη
753 5298 819 5351 ἐκ
852 5296 972 5350 τῶν
1017 5296 1300 5365 ὑπερῴων
1346 5296 1552 5349 αὐτοῦ.
1588 5295 1803 5358 Ποτίζει

220 5387 335 5459 γὰρ
367 5386 469 5457 ὅρη
505 5389 601 5440 καὶ
646 5388 803 5440 πεδία
847 5389 946 5440 οὐκ
998 5388 1104 5441 ἀπὸ
1153 5389 1260 5442 τῶν
1306 5389 1363 5440 ὲν
1398 5391 1517 5450 ταῖς
1565 5386 1804 5457 φάραγξι

219 5478 440 5549 πηγῶν,
562 5478 669 5530 τῶν
706 5479 1020 5548 φερομένων
1048 5478 1189 5532 κατὰ
1221 5479 1327 5548 γῆς
1360 5477 1641 5548 ποταμῶν,
1687 5479 1803 5530 ἀλλ’

222 5569 436 5625 ἄνωθεν
460 5571 587 5633 τοὺς
618 5570 913 5641 αὐτάρκεις
963 5570 1212 5642 χορηγῶν
1248 5570 1454 5633 ὑετούς.
1497 5569 1630 5624 Ἀπὸ
1666 5585 1805 5636 καρ-

309 5748 355 5794 ⁸9
375 5747 475 5831 Job
520 5768 751 5808 xxxviii.
805 5751 876 5805 ll.

1894 3194 1948 3238 et
1988 3193 2146 3236 terra:
2177 3181 2433 3250 planities
2461 3178 2788 3233 efficiuntur.
2815 3172 3076 3229 Fundasti
3101 3169 3298 3241 quippe
3331 3167 3464 3237 ipsis

1895 3279 2101 3343 locum,
2129 3291 2292 3345 quem
2325 3271 2672 3344 praetergrcdi
2699 3284 2807 3322 non
2839 3276 3088 3337 possunt.
3131 3264 3306 3331 Atque
3332 3259 3466 3314 illud

1895 3378 1980 3424 est
2032 3367 2177 3438 quod
2234 3366 2482 3419 dicitur:
2537 3361 2845 3416 Terminum
2901 3354 3122 3426 posuisti
3160 3367 3311 3422 quem
3362 3364 3468 3402 non

1899 3460 2381 3530 transgredicntur.
2421 3454 2601 3521 Quare
2641 3451 2907 3506 inundare
2947 3456 3143 3500 terram
3185 3457 3293 3497 non
3343 3457 3470 3510 pos.-

1897 3562 2046 3608 sunt.
2093 3550 2284 3605 Simile
2313 3557 2491 3602 autem
2523 3545 2654 3599 illud
2692 3551 2774 3597 est
2802 3539 2946 3610 quod
2979 3537 3117 3592 mari
3165 3536 3298 3590 dicit
3343 3549 3468 3603 pro-

1896 3647 2060 3715 pheta
2090 3663 2104 3698 :
2144 3643 2414 3696 Hactenus
2445 3639 2631 3700 stabis,
2657 3649 2818 3704 neque
2845 3631 3130 3686 transities.
3179 3625 3375 3682 Sedit:
3420 3635 3468 3676 te

1898 3741 2012 3808 ipso
2046 3747 2380 3791 conterentur
2408 3731 2706 3802 [luctus-tui
2731 3729 2795 3780 ⁸⁸.

1971 3832 2057 3885 10.
2089 3829 2237 3883 Inter
2273 3827 2504 3880 medium
2558 3821 2815 3875 montium
2862 3814 3256 3888 pertransibunt
3299 3825 3468 3882 aquai.

1899 3922 2307 3979 Providentiam
2345 3917 2586 3972 celebrat
2612 3911 2924 3967 minutatim
2953 3907 3252 3980 gestaejus
3289 3917 3473 3971 perse-

1901 4029 2098 4086 quens,
2140 4011 2352 4068 scilicet
2376 4007 2677 4062 bonitatem
2720 4003 2840 4072 ejus
2875 4015 2996 4054 cum
3037 3995 3302 4064 sapientia
3344 4008 3475 4046 con-

1899 4111 2145 4180 junctam
2189 4103 2439 4165 miratur,
2507 4112 2717 4152 necnon
2759 4089 3220 4164 perseverantiam
3279 4085 3371 4139 Dei
3418 4085 3474 4138 in

1901 4199 2161 4257 curandis
2188 4196 2371 4252 brutis
2421 4189 2826 4248 animanlibus:
2861 4200 2987 4238 nam
3035 4190 3322 4252 postquam
3356 4176 3474 4244 ipsa

1902 4292 2178 4357 condidit,
2233 4289 2424 4343 eadem
2474 4283 2647 4338 nutrit
2691 4291 2744 4335 et
2801 4285 2970 4348 potat.
3028 4274 3207 4340 Quare
3261 4277 3475 4323 montes

1905 4387 2179 4450 scindens,
2214 4380 2371 4451 aquis
2399 4377 2690 4432 transitum
2719 4372 3020 4426 fabricatus
3053 4374 3156 4422 est.

1977 4480 2066 4535 il.
2102 4476 2379 4531 Potabunt-
2399 4487 2575 4525 omnes
2618 4468 2794 4520 bestia:
2823 4465 2959 4534 agri.
3007 4464 3085 4514 lla
3134 4456 3310 4513 brutis
3360 4453 3479 4509 ani-

1903 4570 2184 4628 mantibus
2234 4574 2344 4620 tam
2394 4562 2680 4632 rcptilibus
2734 4571 2898 4626 quam
2950 4553 3083 4608 feris
3115 4549 3383 4620 providet,
3420 4555 3479 4600 ut

1904 4665 2037 4734 ipsis
2079 4659 2388 4716 necessaria
2421 4656 2489 4709 ad
2524 4653 2690 4706 vitam
2723 4647 3049 4718 suppeditet.
3086 4639 3478 4710 Exspectabam

1905 4733 2092 4822 onagri
2122 4753 2174 4805 in
2199 4751 2292 4804 siti
2321 4764 2441 4801 sua.
2473 4743 2540 4797 Et
2569 4742 2697 4797 illud
2731 4753 2951 4810 quoque
2988 4733 3343 4806 providentia:
3379 4744 3481 4784 une

1905 4863 2043 4918 opus
2072 4854 2177 4911 est,
2209 4855 2403 4897 utnon
2437 4838 2613 4892 solum
2647 4835 2712 4888 ad
2743 4833 2994 4888 decorem
3023 4829 3232 4884 circum
3279 4834 3485 4879 torren-

1907 4917 1990 4995 tes
2012 4950 2175 5008 atque
2207 4937 2263 4990 in
2295 4933 2528 4988 vallibus
2571 4945 2635 4984 ac
2677 4925 2982 4981 virentibus
3015 4922 3152 4976 locis
3197 4933 3352 4987 aquae
3383 4917 3479 4970 da-

1904 5041 2092 5087 rentur
2120 5043 2348 5097 ;vcrum
2389 5026 2550 5081 etiam
2595 5022 2738 5076 inter
2779 5016 3021 5074 medium
3049 5012 3339 5074 montium,
3372 5023 3484 5078 quo

1905 5128 2202 5194 agrestium
2261 5117 2622 5175 animantium
2674 5110 3044 5168 mansuetiora
3080 5104 3395 5173 confugiant
3429 5110 3484 5154 et

1907 5217 1960 5270 in
1992 5214 2241 5284 specioso
2274 5213 2394 5264 loco
2422 5208 2726 5278 quiescant.

1981 5309 2068 5361 15.
2111 5305 2311 5375 Riguus
2339 5311 2541 5354 montes
2582 5299 2645 5352 de
2686 5294 3041 5367 superioribus
3071 5289 3201 5342 suis.
3237 5286 3396 5354 Rigat
3423 5299 3482 5335 e-

1906 5399 2020 5454 nim
2049 5404 2264 5452 montes
2295 5402 2348 5448 et
2375 5405 2617 5459 campos,
2644 5402 2754 5441 non
2784 5401 2846 5439 ex
2878 5381 3124 5437 fontibus
3144 5374 3235 5444 qui
3269 5374 3320 5425 in
3349 5385 3488 5423 con-

1905 5489 2145 5545 vallibus
2175 5494 2319 5549 sunt,
2354 5491 2448 5537 aut
2480 5498 2546 5536 ex
2576 5479 2895 5534 (luminibus
2925 5474 2978 5527 in
3008 5481 3155 5524 terra
3202 5461 3474 5520 mananti-

1906 5583 2031 5650 bus,
2061 5579 2156 5637 sed
2207 5579 2439 5646 desuper
2471 5573 2812 5629 abundantes
2854 5563 3212 5636 suppeditans
3247 5555 3478 5628 pluvias.
