3880 6216
429 313 535 369 459

430 539 696 592 aquarum
729 526 939 594 copiam
970 525 1136 589 dedit,
1176 526 1250 579 ita
1279 534 1333 580 et
1375 526 1690 582 alimentum
1740 544 1808 583 ex
1849 538 1995 585 terra

430 616 665 684 paravit.

504 708 593 771 14,
635 709 722 762 15.
777 707 1083 763 Prodacens
1128 709 1305 778 fenum
1344 711 1639 779 jumentis,
1680 721 1730 764 et
1782 711 1992 765 herbam

429 799 671 852 servituti
734 798 1025 854 hominum.
1099 799 1425 855 Servitutem
1488 802 1771 857 hominum
1834 809 1993 856 vocat

431 899 716 944 mansueta
754 890 1031 957 animalia,
1066 901 1126 945 ut
1155 901 1283 947 sunt
1311 893 1429 957 bos,
1463 894 1651 948 asinus
1692 902 1746 948 et
1771 895 1988 948 similia.

432 981 497 1035 Ut
532 984 725 1035 educas
748 1000 935 1051 panem
964 985 1028 1041 dc
1068 995 1231 1037 terra.
1281 984 1423 1049 Ideo,
1472 986 1669 1055 inquit,
1714 988 1993 1055 jumento-

426 1089 548 1125 rum
580 1090 767 1127 curam
800 1074 1059 1140 habuisti,
1106 1085 1164 1129 ut
1196 1077 1480 1131 arantibus
1523 1078 1630 1132 illis
1672 1080 1993 1133 necessaria

424 1164 493 1217 ad
542 1165 745 1218 victum
784 1165 1146 1221 inveniamus.
1192 1165 1374 1221 Nostri
1417 1170 1561 1222 enim
1595 1170 1767 1240 gratia
1804 1171 1990 1224 omnia

426 1256 516 1308 illa
544 1255 805 1309 beneﬁcia
835 1255 1064 1311 confert.

499 1348 710 1410 16,17.
763 1348 1164 1412 δαίιιναὸιιηίαγ
1210 1349 1357 1421 ligna
1404 1352 1597 1420 campi.
1652 1350 1896 1407 Declarat
1926 1368 1990 1407 ea

423 1456 545 1509 qua:
587 1441 639 1493 in
678 1441 830 1494 silvis
866 1448 1116 1510 vegetant
1141 1443 1305 1511 ligna,
1332 1443 1482 1496 verbi
1530 1444 1724 1513 gratia,
1776 1446 1987 1507 cedrus,

422 1540 479 1584 et
508 1539 720 1595 caetera,
752 1532 871 1599 ejus
908 1540 1039 1585 nutu
1069 1533 1312 1603 augenda
1348 1533 1483 1588 fore.
1516 1534 1680 1589 Facta
1730 1544 1857 1589 sunt
1888 1552 1989 1588 au-

423 1630 532 1676 tem
570 1623 659 1675 illa
694 1633 746 1675 et
775 1632 993 1693 propter
1017 1624 1122 1678 alia
1166 1627 1437 1693 quaadam,
1492 1642 1727 1694 quorum
1772 1627 1989 1695 experi-

424 1724 669 1768 mentum
712 1716 976 1770 habemus
1000 1758 1015 1782 ,
1064 1726 1117 1771 ct
1156 1718 1223 1771 ad
1259 1718 1419 1772 nidos
1454 1733 1759 1787 passerum.
1801 1718 1987 1772 Erodii

1271 318 1327 373 S.
1370 318 1744 375 ATHANASII
1781 320 1931 377 OPP.
1971 322 2154 381 PARS
2192 324 2282 380 ll].
2318 355 2389 369 —-
2426 326 2837 384 EXEGETICA.

434 433 507 485 Ire
553 432 729 502 fructu
776 448 989 502 operum
1038 442 1245 486 tuorum
1289 436 1575 489 satiabitur
1615 446 1776 491 terra.
1841 437 1996 493 Sicut

2100 441 2213 495 ποῦ
2239 441 2359 495 τῶν
2384 442 2574 512 ἔργων
2602 459 2718 498 σου
2748 443 3224 512 χορτασθήσεται
3248 445 3285 513 ἡ
3315 443 3413 515 τῆ.
3455 445 3670 516 ’Ὥσπερ
3766 458 3771 465 ‘

3562 328 3678 383 ΜΘ

2096 528 2203 581 τῶν
2234 529 2441 583 ὑδάτων
2468 530 2665 584 δέδωκε
2698 530 2797 602 τὴν
2844 533 3107 603 χορηγίαν
3135 574 3149 597 ,
3198 532 3370 596 οὔτως
3412 535 3506 587 καὶ
3556 535 3671 587 ἀπὸ

2094 618 2196 687 γῆς
2224 618 2516 687 τρέφεσθαι
2550 620 2977 685 παρεσκεύασεν.

2176 711 2230 761 Ὁ
2266 711 2686 775 ἐξανατέλλων
2711 715 2930 781 χόρτον
2960 713 3084 780 τοῖς
3109 714 3376 780 κτήνεσι,
3404 717 3501 783 καὶ
3525 717 3672 785 χλό-

2094 819 2174 868 ην
2192 801 2265 870 τῇ
2293 802 2537 869 δουλείᾳ
2553 804 2672 857 τῶν
2692 804 3034 874 ἀνθρώπων.
3055 805 3215 858 Δουλε
3224 807 3305 859 ίαν
3324 808 3431 860 τῶν
3456 807 3671 879 ἀνθ

2096 911 2211 946 πων
2241 896 2311 948 τὰ
2338 896 2520 967 ἥμερα
2545 896 2651 950 τῶν
2674 898 2884 969 κτηνῶν
2915 915 3096 968 φησιν,
3121 894 3232 951 οἷον
3264 898 3388 968 βοῦς
3420 900 3513 952 καὶ
3545 900 3670 963 ὄνος

2094 986 2186 1036 καὶ
2214 985 2282 1038 τὰ
2312 988 2490 1057 ὃμοια.
2528 988 2637 1041 Τοῦ
2680 988 2993 1058 ἐξαγαγεῖν
3035 989 3217 1057 ἄρτον
3260 991 3329 1043 ἐκ
3373 989 3482 1056 τῆς
3528 990 3669 1059 γῆς.

2092 1075 2189 1127 Διὰ
2217 1075 2394 1137 τοῦτο,
2443 1077 2625 1145 φησὶν,
2668 1078 2990 1148 ἐφρόντισας
3040 1078 3147 1131 τῶν
3206 1079 3438 1148 κτηνῶν,
3476 1080 3563 1131 ἵνα
3596 1080 3668 1132 δι’

2092 1168 2273 1219 αὐτῶν
2299 1169 2689 1239 γεωργούντων
2714 1168 2781 1221 τὰ
2813 1169 2948 1238 πρὸς
2981 1169 3124 1239 ζωὴν
3154 1169 3423 1240 εῦρωμεν.
3476 1171 3673 1226 Πάντα.

2091 1250 2198 1321 γὰρ
2236 1253 2418 1305 ἐκεῖνα
2444 1253 2601 1323 ἡμῶν
2632 1254 2792 1324 χάριν
2817 1256 3110 1327 εὐεργετεῖ.

2161 1343 2643 1409 Χορτασθήσεται
2678 1346 2751 1399 τὰ
2780 1346 2935 1409 ξύλα
2978 1347 3084 1400 τοῦ
3138 1348 3367 1402 πεδίου.
3411 1351 3669 1402 Διίκνυσι

2090 1432 2184 1483 καὶ
2212 1430 2280 1482 τὰ
2308 1432 2367 1483 ἐν
2396 1430 2586 1502 δρυμῷ
2617 1432 2848 1497 αὔξοντα
2874 1433 3025 1499 ξύλα,
3057 1430 3168 1489 οἷον
3209 1437 3431 1509 κέδρονς
3461 1440 3555 1491 καὶ
3590 1440 3668 1493 τὰ

2089 1519 2270 1591 ἕτερα,
2297 1524 2409 1583 τοῖς
2437 1520 2602 1574 αὑτοῦ
2626 1522 2886 1592 νεύμασιν
2920 1524 3335 1595 αύξηθήσονται.
3372 1528 3568 1595 Γέγονε
3606 1526 3670 1579 δὲ

2089 1613 2261 1667 ταῦτα
2291 1615 2385 1667 καὶ
2433 1614 2501 1667 δι’
2546 1616 2709 1687 ἔτερα
2748 1617 2845 1687 μὲν
2873 1617 3121 1683 πλεῖστα,
3157 1613 3231 1673 ὧν
3276 1620 3372 1673 καὶ
3408 1622 3507 1692 τὴν
3541 1625 3669 1674 πεῖ·

2095 1720 2192 1773 ραν
2224 1703 2437 1774 ἔχομεν,
2473 1705 2567 1758 καὶ
2608 1706 2715 1760 τῶν
2744 1707 3035 1777 στρουθίων
3069 1708 3125 1759 δὲ
3164 1711 3243 1772 εἰς
3283 1709 3493 1772 καλιάς.
3553 1711 3669 1766 Τοῦ

424 1807 615 1859 domus
643 1807 755 1859 dua:
782 1816 858 1862 est
900 1824 1100 1861 eorum.
1156 1808 1401 1878 Ipsorum
1448 1825 1728 1879 passerum
1770 1812 1846 1864 ait
1888 1812 1986 1864 du-

2100 1793 2331 1861 ἒρωδιοῦ
2363 1796 2401 1861 ὴ
2434 1796 2595 1848 οἰκία
2636 1797 2861 1866 ἡγεῖται
2911 1798 3127 1852 αὐτῶν.
3174 1800 3361 1852 Αὐτῶν
3411 1802 3512 1870 μὲν
3554 1801 3669 1855 τῶν

424 1912 544 1950 cem
575 1913 695 1952 esse
748 1913 843 1952 seu
886 1908 1143 1967 praestare
1176 1900 1311 1969 ipsis
1362 1900 1538 1954 erodii
1590 1900 1801 1954 nidum.
1850 1899 1988 1966 Quia

421 1988 611 2040 electis
640 1988 894 2041 arborum
939 1990 1278 2053 celsissimis,
1330 1992 1382 2043 in
1429 1991 1700 2045 abietibus
1743 1993 1988 2045 omnium

422 2078 741 2132 editissimis
773 2088 830 2132 ut
858 2079 1154 2147 plurimum
1192 2079 1496 2134 nidificant.

496 2251 582 2304 18.
616 2249 819 2305 Montes
842 2251 1032 2306 excelsi
1068 2254 1252 2308 cerris.
1288 2252 1477 2308 Cervis
1504 2268 1743 2323 quoque,
1794 2254 1889 2319 ait,
1933 2253 1991 2308 in

422 2343 694 2413 refugium
737 2355 950 2399 montes
983 2346 1151 2411 dedit,
1178 2355 1237 2399 ut
1280 2361 1345 2400 eo
1388 2346 1743 2413 confugerent
1780 2361 1810 2399 a
1844 2346 1991 2400 fero‘

420 2436 663 2493 cioribus
718 2439 1109 2494 animantibus.
1173 2439 1337 2494 Petra
1390 2441 1649 2509 refugium
1684 2440 1987 2493 herinaciis.

420 2530 890 2596 Quemadmodum
926 2532 1102 2586 cervis
1151 2542 1365 2587 montes
1418 2532 1571 2585 dedit
1615 2531 1682 2586 ad
1715 2532 1943 2586 salutem
1971 2572 1987 2598 ,

427 2622 503 2675 ita
534 2630 587 2676 et
621 2637 870 2677 recessus
900 2632 1180 2692 petrarum
1214 2624 1507 2677 herinaciis
1554 2624 1668 2678 sive
1719 2623 1991 2678 cuniculis

423 2713 587 2768 dedit.
623 2713 803 2780 Quare
832 2714 1265 2769 incolumitatem
1298 2715 1444 2769 nacti
1496 2716 1597 2781 illi,
1652 2726 1709 2770 ut
1737 2716 1989 2785 superius

422 2804 629 2859 dictum
668 2815 786 2859 est:
815 2804 892 2858 De
920 2806 1089 2859 medio
1126 2814 1398 2874 petrarum
1428 2807 1630 2860 dabunt
1659 2823 1823 2861 voces.
1854 2805 1991 2860 Lau-

418 2899 541 2952 dem
576 2898 826 2953 videlicet
852 2898 1044 2953 dantes
1077 2900 1315 2955 servanti
1346 2902 1515 2969 ipsos.

491 3057 577 3111 i9.
621 3056 767 3109 Fecit
807 3058 989 3111 lunam
1031 3058 1088 3111 in
1119 3067 1376 3127 tempora.
1413 3058 1664 3113 Recurrit
1697 3059 1890 3113 iterum
1920 3060 1987 3114 ad

2092 1885 2386 1957 στρουθίων
2416 1888 2663 1957 ἡγεῖσθαί
2709 1906 2872 1960 φησιν
2898 1891 3016 1960 ἢτοι
3051 1892 3148 1961 τὴν
3176 1891 3367 1945 καλιὰν
3397 1891 3493 1944 τοῦ
3526 1894 3670 1961 ἐρω-

2088 1975 2227 2041 διοῦ,
2252 1977 2341 2030 διὰ
2370 1977 2429 2030 τὸ
2460 1980 2524 2031 τὰ
2557 1978 2865 2050 ὑψηλότατα
2906 1981 3013 2033 τῶν
3043 1982 3271 2051 δένδρων
3310 1983 3673 2052 καταλαμϐά-

2090 2086 2246 2121 νοντα
2270 2070 2565 2123 νεοττεύειν
2596 2072 2671 2135 ὼς
2715 2073 2915 2126 ἐπίπαν
2954 2074 3013 2125 ὲν
3049 2073 3264 2137 ἐλάταις
3306 2076 3426 2138 ταῖς
3472 2075 3672 2128 πασῶν

2091 2160 2453 2231 ὑψηλοτάτοις
2484 2162 2592 2214 τῶν
2621 2163 2854 2233 δένδρων

2162 2254 2308 2321 Ὄρη
2332 2253 2404 2306 τὰ
2428 2253 2639 2321 ὑψηλὰ
2666 2253 2791 2320 ταῖς
2814 2256 3081 2324 ἐλάφοις.
3117 2256 3229 2310 Καὶ
3261 2258 3379 2317 ταῖς
3419 2255 3667 2323 ἐλάφοις,

2089 2346 2241 2413 φησὶ,
2277 2344 2473 2397 δέδωκε
2518 2345 2585 2398 τὰ
2634 2346 2735 2417 ὅρη
2784 2348 3104 2417 καταφυγὴν
3153 2349 3246 2399 ἐπὶ
3293 2347 3354 2400 τὸ
3402 2348 3671 2415 ἐκφυγεῖν

2088 2436 2195 2489 τῶν
2238 2436 2390 2500 ζώων
2426 2436 2495 2489 τὰ
2543 2437 2875 2508 ἀγριώτερα.
2940 2438 3134 2507 Πέτρα
3179 2437 3491 2506 καταφυγὴ
3540 2438 3669 2503 τοῖς

2086 2529 2361 2598 λαγωοῖς.
2418 2530 2629 2600 Ὥσπερ
2676 2530 2742 2583 τὰ
2792 2530 2891 2601 ὅρη
2934 2533 3012 2593 εἰς
3053 2530 3325 2600 σωτηρίαν
3379 2532 3502 2593 ταῖς
3544 2529 3671 2582 ὲλά-

2088 2635 2207 2686 φοις
2250 2617 2550 2682 ἀπέδωκεν,
2598 2618 2770 2681 οὓτως
2800 2619 2894 2671 καὶ
2939 2619 3037 2682 τὰς
3071 2618 3389 2682 καταδύσεις
3422 2619 3533 2671 τῶν
3565 2636 3665 2671 πε⁸

2085 2709 2233 2780 τρῶν
2286 2711 2397 2772 τοῖς
2436 2709 2685 2777 λαγωοῖς.
2749 2711 2839 2762 Διὸ
2883 2710 2947 2780 δὴ
2997 2710 3091 2762 καὶ
3137 2710 3293 2766 αὐτοὶ
3337 2711 3402 2763 ἐκ
3454 2710 3668 2763 τούτων

2088 2801 2382 2872 σωζόμενοι
2414 2803 2471 2855 ὲν
2499 2804 2610 2864 τοῖς
2634 2803 2809 2855 ὀπίσω
2840 2802 3025 2871 ἔλεγον
3054 2803 3114 2855 τό
3142 2819 3156 2831 ·
3198 2803 3292 2854 Ἐκ
3312 2801 3514 2868 μέσου
3545 2800 3669 2855 τῶν

2086 2892 2318 2962 πετρῶν
2350 2892 2621 2946 δώσουσι
2674 2892 2898 2963 φωνάς.
2940 2892 3229 2958 Αίνοῦντες
3278 2893 3525 2964 δηλονότι
3574 2893 3669 2946 τὸν

2088 2984 2345 3048 σώζοντα.

2169 3079 2442 3145 Ἐποίησε
2474 3076 2748 3145 σελήνην
2788 3079 2876 3143 εὶς
2902 3079 3165 3147 καιρούς.
3213 3078 3529 3149 Ἀνατρέχει
3560 3076 3667 3130 πά-

414 3150 817 3220 providentiam
851 3167 973 3220 quae
1018 3153 1072 3206 in
1104 3154 1256 3209 cretis
1304 3163 1545 3223 apparet.
1575 3154 1641 3209 Et
1681 3156 1751 3209 ob
1782 3156 1983 3209 nullam

2100 3178 2167 3221 λιν
2208 3171 2301 3222 ἐπὶ
2326 3170 2423 3240 τὴν
2457 3172 2512 3222 ἐν
2543 3172 2656 3233 τοῖς
2688 3170 2937 3241 οὐρανοῖς
2981 3145 3258 3241 πρόνοιαν,
3296 3145 3388 3221 Δι’-
3413 3145 3572 3222 οῦδὲν
3608 3168 3667 3221 δὲ

416 3243 579 3296 aliam
611 3257 833 3296 causam
870 3244 1066 3298 factam
1092 3259 1216 3299 esse
1245 3246 1431 3299 lunam
1471 3245 1621 3309 dicit,
1653 3247 1759 3301 nisi
1786 3248 1853 3300 ad
1889 3264 1986 3301 nu-

417 3349 631 3388 merum
686 3345 739 3389 et
767 3336 1175 3391 distinctionem
1209 3340 1481 3393 mensium
1534 3348 1695 3409 atque
1744 3340 1981 3396 dierum.

421 3425 515 3481 Sol
546 3428 779 3495 cognovit
810 3444 1055 3481 occasum
1078 3446 1250 3485 suum.
1281 3428 1475 3486 Divino
1500 3440 1554 3486 et
1584 3432 1699 3501 ipse
1729 3433 1985 3488 mandato

416 3518 821 3585 obtemperans.

494 3606 584 3661 20.
622 3607 861 3661 Posuisti
891 3611 1126 3665 tenebras
1150 3619 1199 3665 et
1230 3612 1376 3678 facta
1401 3625 1474 3667 est
1502 3631 1626 3668 nox.
1657 3613 1773 3671 Hoc
1803 3616 1899 3678 ait.
1928 3626 1985 3671 ut

417 3715 486 3753 ne
538 3699 705 3753 alium
734 3700 864 3766 diei,
921 3702 1088 3756 alium
1138 3704 1317 3759 noctis
1369 3704 1617 3774 opificem
1663 3722 1785 3761 esse
1833 3708 1983 3762 arbi-

416 3803 643 3845 tremur.

484 3885 574 3939 25.
606 3884 791 3938 Exibit
824 3887 977 3941 homo
1009 3886 1077 3940 ad
1121 3904 1250 3957 opus
1295 3906 1471 3944 suum.
1508 3889 1769 3945 Homines
1824 3904 1984 3947 nocte

412 3976 849 4045 impediebantur
907 3981 1202 4048 quominus
1255 3996 1350 4050 per
1407 3983 1523 4036 vias
1583 3984 1648 4035 ad
1699 3984 1979 4037 colendam

412 4077 611 4121 terram
642 4079 947 4138 pergerent.
983 4071 1088 4125 Sed
1122 4072 1233 4140 jam
1270 4082 1401 4127 eunt
1455 4075 1742 4143 quaesitum
1777 4089 1982 4139 escam,

412 4160 674 4228 quoniam
709 4177 818 4215 non
861 4162 971 4217 illis
1015 4172 1159 4218 terra
1204 4164 1459 4234 producit
1500 4164 1683 4220 fenum
1731 4176 1825 4221 aut
1856 4170 1981 4221 bere

412 4254 560 4307 bam.

478 4343 570 4407 24,
606 4344 697 4399 25.
734 4346 911 4412 Quam
955 4348 1297 4416 magni/irata
1347 4358 1469 4401 sunt
1508 4366 1666 4417 opera
1715 4360 1828 4413 tua,
1873 4351 1982 4403 Do-

2085 3262 2271 3333 ἓτερον
2300 3262 2625 3332 γεγενῆσθαι
2644 3261 2741 3332 τὴν
2766 3260 2993 3332 σελήνην
3011 3262 3229 3333 φησὶνῆ
3263 3261 3400 3332 πρὸς
3430 3260 3669 3332 ἀριθμὸν

2084 3354 2179 3406 καὶ
2205 3353 2491 3422 διάγνωσιν
2531 3352 2714 3421 μηνῶν
2734 3370 2793 3405 τε
2818 3352 2913 3405 καὶ
2932 3352 3178 3422 ἡμερῶν.
3205 3352 3267 3404 '0
3305 3350 3484 3417 ἣλιος
3514 3351 3670 3419 ἑγνω

2084 3442 2198 3511 τὴν
2216 3442 2396 3496 δύσιν
2409 3442 2615 3495 αὑτοῦ.
2634 3441 2772 3511 Θείῳ
2791 3443 2881 3495 καὶ
2897 3442 3059 3505 αὐτὸς
3075 3442 3461 3513 προστάγματι
3480 3440 3669 3494 med.

2088 3548 2267 3601 μενος.

2158 3622 2340 3676 Ἔθου
2368 3620 2588 3685 σκότος
2628 3620 2726 3673 καὶ
2778 3620 3016 3689 ἐγένετο
3061 3619 3199 3683 νύξ.
3254 3617 3427 3672 Τοῦτὸ
3477 3636 3668 3689 φησιν,

2086 3711 2173 3765 ἵνα
2209 3712 2281 3782 μὴ
2312 3711 2469 3764 ἄλλον
2494 3711 2823 3781 δημιουργὸν
2855 3712 2953 3781 τῆς
2984 3711 3214 3783 ἡμέρας,
3253 3711 3346 3763 καὶ
3376 3710 3537 3763 ἄλλον
3571 3712 3668 3781 τῆς

2084 3800 2275 3861 νυκτὸς
2308 3798 2647 3868 λογισώμεθα
2683 3797 2841 3853 εἶναι.

2169 3890 2583 3954 Ἐξελεύσεται
2630 3890 2939 3958 ἅνθρωπος
2975 3890 3073 3943 ἐπὶ
3124 3890 3191 3943 τὸ
3228 3890 3407 3959 ἔργον
3452 3892 3667 3943 αὑτοῦ.

2085 3980 2145 4031 Oi
2174 3978 2447 4047 ἄνθρωποι
2474 3979 2670 4044 ἐξιέναι
2694 3998 2752 4031 τε
2780 3980 2915 4049 πρὸς
2936 3980 3089 4043 ὁδοὺς
3125 3981 3217 4032 καὶ
3250 3981 3353 4048 γῆς
3398 3982 3667 4050 ἐργασίαν

2086 4069 2408 4122 ἐκωλύοντο.
2446 4070 2622 4122 Τανῦν
2663 4071 2717 4122 δὲ
2765 4072 2955 4134 νυκτὸς
2988 4071 3154 4137 ἔξεισι
3192 4072 3487 4140 ζητοῦντες
3525 4074 3668 4143 βρῶ-

2086 4178 2168 4214 σιν
2193 4162 2341 4235 παρὰ
2372 4162 2507 4216 Θεοῦ
2536 4182 2548 4193 ·
2582 4166 2701 4216 ἐπεὶ
2737 4166 2811 4234 μὴ
2839 4165 2931 4218 καὶ
2959 4167 3140 4229 αὐτοῖς
3164 4166 3497 4230 ἐξανέτειλεν
3528 4172 3561 4237 η
3595 4170 3664 4237 γῆ

2084 4256 2274 4327 χόρτον
2313 4257 2345 4327 ἦ
2372 4256 2552 4327 χλόην.

2168 4349 2262 4413 Ὡς
2293 4349 2665 4417 ἐμεγα.1ὐνϐη
2691 4349 2761 4401 τὰ
2792 4350 2935 4417 ἔργα
2963 4365 3101 4411 σου,
3133 4350 3330 4417 Κύριε.
3374 4347 3482 4401 Τὸν
3536 4350 3668 4419 περὶ

408 4437 566 4489 mine.
600 4435 900 4505 Postquam
929 4454 1237 4493 sermonem
1268 4441 1335 4493 de
1365 4441 1703 4508 providentia
1735 4445 1979 4512 comple-

2100 4440 2181 4509 τῆς
2210 4440 2465 4510 προνοίας
2496 4439 2775 4505 διεξελθὼν
2798 4441 2976 4508 λόγον.
3008 4441 3100 4493 ἐπὶ
3125 4439 3291 4510 ὕμνον
3320 4439 3414 4491 τοῦ
3441 4439 3668 4491 κτίσαν-

2100 4544 2107 4545 ,
2248 4528 2261 4545 ς
2338 4528 2355 4545 .,
2382 4528 2393 4545 ,
2588 4544 2591 4545 ν
2652 4527 2700 4545 ,ρ
2742 4529 2757 4545 .
2850 4528 2865 4541 .
3097 4529 3108 4542 .
3224 4528 3246 4542 ..
3430 4528 3453 4545 μ
3490 4528 3500 4545 .
3622 4528 3633 4539 .

408 4528 505 4593 vit,
531 4528 598 4582 ad
630 4529 1014 4584 celebrandum
1042 4546 1167 4584 eum
1194 4532 1288 4600 qui
1317 4532 1417 4585 ista
1450 4534 1821 4602 condiditjam
1850 4550 1981 4590 con-

408 4621 662 4685 vertitur,
710 4622 837 4674 hinc
881 4622 1110 4677 auribus
1153 4624 1395 4691 requiem
1424 4639 1645 4693 parans.
1678 4625 1880 4681 Deinde
1913 4628 1978 4682 ad

410 4713 575 4765 aliam
607 4714 959 4781 providentiae
983 4729 1191 4784 partem
1220 4718 1585 4787 progreditur,
1623 4719 1862 4773 humidae
1890 4736 1983 4774 na-

408 4812 550 4855 tura:
597 4804 885 4858 transitum
933 4820 1239 4861 enarrans:
1291 4823 1413 4876 qua:
1466 4825 1745 4879 nunquam
1792 4810 1982 4880 hujus-

411 4891 559 4945 modi
584 4890 795 4960 fuisset,
829 4893 935 4947 nisi
964 4894 1055 4949 Dei
1083 4899 1417 4966 providentia
1442 4901 1739 4967 gubernata
1764 4900 1977 4957 fuisset.

416 4982 609 5037 Omnia
640 4984 697 5035 in
720 4985 984 5052 sapientia
1013 4988 1207 5055 fecisti.
1258 4990 1502 5045 Mirabile
1546 4993 1649 5047 hoc
1678 5000 1779 5057 est,
1833 5003 1893 5048 ut
1927 5006 1982 5050 et

414 5075 699 5144 sapientia,
715 5092 823 5145 qua
848 5077 953 5133 lioc
975 5080 1184 5135 effecit:
1217 5090 1301 5137 est
1328 5086 1472 5139 enim
1490 5086 1741 5142 Christus
1764 5087 1857 5143 Dei
1874 5090 1981 5143 vir-

414 5174 504 5219 tus
530 5176 583 5219 et
622 5165 717 5219 Dei
740 5167 1028 5237 sapientia.

480 5256 572 5309 26.
604 5257 773 5311 Draco
819 5260 918 5312 iste
961 5276 1112 5329 quem
1153 5263 1399 5331 formasti
1441 5267 1509 5319 ad
1552 5268 1880 5322 illudendum
1908 5272 1977 5326 ei.

413 5347 710 5417 Postquam
768 5350 838 5405 de
897 5354 1035 5406 mari
1094 5354 1258 5409 verba
1316 5355 1444 5411 fecit
1487 5359 1743 5415 draconis
1796 5362 1982 5431 injecit

411 5444 772 5508 memoriam,
817 5460 941 5499 eum
986 5445 1137 5499 nulla
1176 5445 1281 5501 alia
1327 5447 1395 5502 de
1445 5465 1611 5504 causa
1655 5451 1981 5520 productum

413 5531 565 5587 aiens
594 5550 757 5603 quam
782 5544 841 5590 ut
873 5535 1212 5591 illuderetnr.
1233 5536 1438 5607 Etjure
1463 5541 1679 5609 quidem
1727 5541 1794 5594 de
1842 5542 1981 5596 mari

413 5624 637 5692 loquens
670 5627 834 5697 hujus
880 5629 1148 5697 meminit,
1201 5631 1329 5699 quia
1364 5640 1478 5685 tota
1510 5633 1616 5687 vita
1649 5642 1832 5688 nostra
1881 5651 1981 5691 ceu

2084 4544 2172 4591 τος
2212 4528 2303 4580 τὸν
2338 4528 2493 4595 λόγον
2536 4527 2820 4598 μετέϐαλε,
2846 4528 3190 4582 διαναπαύων
3214 4528 3401 4601 ὥσπερ
3426 4528 3515 4580 διὰ
3539 4528 3668 4579 τού-

2083 4636 2174 4672 του
2225 4619 2324 4690 τὴν
2362 4620 2553 4688 ἀκοήν.
2601 4616 2735 4673 Εἶτα
2784 4620 2945 4673 πάλιν
2988 4621 3073 4689 ἐφ’
3104 4620 3287 4690 ἕτερον
3346 4620 3513 4688 μέρος
3563 4619 3666 4688 τῆς

2085 4712 2338 4782 προνοίας
2388 4710 2624 4781 ἔρχεται,
2662 4712 2760 4782 τὴν
2796 4713 2851 4764 ἐν
2871 4714 2936 4781 τῇ
2971 4712 3115 4781 ὑγρᾷ
3142 4710 3365 4781 πορείαν
3397 4711 3669 4777 ἀναγγέλ,

2082 4800 2188 4852 λων
2226 4801 2357 4869 ἡμῖν
2382 4816 2395 4829 ο
2446 4800 2568 4869 ἤτις
2612 4801 2711 4852 οὐκ
2756 4799 2821 4852 ἂν
2851 4799 3069 4867 ἐγένετό
3107 4817 3259 4862 ποτε,
3313 4800 3388 4869 μὴ
3427 4800 3526 4867 τῆς
3566 4800 3663 4853 τοῦ

2082 4889 2216 4942 Θεοῦ
2248 4892 2304 4941 ὲν
2356 4889 2503 4959 αύτῷ
2540 4888 2977 4961 διακυϐερνώσης
3008 4890 3281 4960 προνοίας.
3335 4887 3539 4942 Πάντα
3592 4892 3668 4945 ἐν

2082 4982 2266 5051 σοφίᾳ
2298 4982 2609 5048 ἐποίησας.
2643 4983 3028 5052 Θαυμαστικὸν
3054 4982 3117 5052 δὴ
3146 4982 3226 5047 τὺ,
3249 4981 3325 5043 ὡς
3364 4981 3459 5033 καὶ
3497 4984 3667 5050 σοφία

2082 5076 2139 5125 ὲν
2239 5075 2416 5127 πάντα
2445 5075 2699 5145 ἐποίησεν
2741 5074 2770 5125 ὁ
2820 5074 3061 5145 Κύριος·
3105 5073 3219 5126 ἔστι
3269 5072 3380 5144 γὰρ
3424 5074 3667 5143 Χριστὸς

2082 5166 2215 5217 Θεοῦ
2238 5165 2467 5235 δύναμις
2492 5167 2588 5217 καὶ
2616 5164 2753 5218 Θεοῦ
2784 5167 2965 5234 σοφία.

2144 5256 2379 5322 Δράκων
2405 5252 2579 5322 οὗτος
2595 5257 2665 5309 ὃν
2684 5258 2957 5322 ἔπλασας
2979 5256 3278 5326 ἐμπαίζειν
3301 5256 3481 5321 αὐτῷ.
3507 5258 3665 5327 Παρ-

2082 5345 2301 5399 ενέϐαλε
2355 5346 2431 5417 τῷ
2459 5347 2559 5416 τῆς
2592 5346 2860 5417 θαλάττης
2894 5348 3035 5417 λόγῳ
3074 5348 3170 5419 τὴν
3216 5349 3345 5419 περὶ
3390 5346 3485 5399 τοῦ
3527 5347 3667 5417 δρά-

2081 5453 2265 5499 κοντος
2296 5437 2516 5507 μνήμην
2543 5437 2869 5507 γεγενῆσθαι
2890 5457 2901 5468 ·
2938 5439 3005 5488 δι’
3061 5440 3214 5492 οὐδὲν
3258 5439 3444 5509 ἕτερον
3478 5440 3669 5510 φήσας

2080 5526 2359 5597 παρῆχθαι
2385 5527 2566 5584 αὐτὸν.
2592 5528 2623 5597 ἢ
2663 5530 2741 5590 είς
2764 5528 2825 5581 τὸ
2854 5528 3305 5591 καταπαίζεσθαι.
3361 5530 3473 5582 Καὶ
3512 5529 3669 5584 εἰκόρ

2084 5634 2188 5680 τως
2223 5619 2279 5670 ἐν
2303 5617 2381 5687 τῷ
2412 5618 2540 5688 περὶ
2571 5618 2667 5688 τῆς
2709 5618 2984 5688 θαλάσσης
3014 5618 3157 5690 λόγῳ
3186 5619 3378 5674 τούτου
3418 5618 3672 5690 ἐμνημό-
