3880 6216
171 335 274 391 με

1291 275 1662 380 ἑΚΡῦΒΙΤΙΟ
1700 322 1767 378 1N
1807 325 2145 383 PSALMUM
2183 324 2312 380 CIV.

3309 321 3430 377 ιιςι

172 464 392 504 νευσεν·
440 448 536 501 ἁτε
567 446 631 517 δὴ
663 447 756 499 καὶ
785 443 882 499 τοῦ
931 443 1048 514 βίου
1095 441 1296 505 παντὸς
1334 440 1428 494 τοῦ
1479 440 1751 512 ἡμετέρου

1898 444 2104 498 uaedam
2131 443 2352 512 salsugo
2377 450 2480 505 est,
2507 437 2750 508 undique
2773 436 3073 508 agitata,et
3096 437 3428 492 immanibus

173 541 420 614 ἁλμυροῦ
440 556 587 604 τινος
619 539 804 600 ὄντος,
849 537 946 590 καὶ
993 532 1328 604 πανταχόθεν
1373 533 1748 604 ριπιζομένου,

177 638 271 690 καὶ
309 634 548 705 κύμασιν
578 632 794 703 ἀγρίοις
823 628 1308 698 συγκλονουμένου.

248 726 454 781 Πάντα
485 723 638 791 πρὸς
672 721 746 776 σὲ
769 717 1214 788 προσδοκῶσιν.
1245 717 1369 772 Εἴτε
1411 715 1520 788 γὰρ
1545 715 1753 785 ἀνθρω-

179 839 292 886 ποι,
322 820 431 872 εἴτε
462 817 616 881 ζώων
650 814 857 885 ἀγρίων
894 812 1104 880 ἀγέλαι,
1132 811 1242 863 εἴτε
1266 809 1500 879 κτηνῶν,
1527 807 1639 860 εἴτε
1659 808 1750 877 ἑρ-

183 912 380 972 πετῶν,
412 909 587 969 ἄλλως
608 907 710 959 οὐκ
737 905 805 958 ἂν
839 905 1097 976 τραφεῖεν
1128 900 1202 973 μὴ
1232 898 1396 953 αὑτοῦ
1421 899 1490 952 τὰ
1527 896 1754 967 ζωαρκῆ

176 1002 564 1075 χορηγοῦντος.

262 1090 621 1155 Ἀντανελεῖς
657 1089 726 1141 τὸ
765 1087 999 1156 πνεῦμα
1027 1083 1250 1146 αὐτῶν,
1300 1082 1397 1136 καὶ
1437 1082 1755 1150 ἐκλείψου-

177 1204 304 1242 σιν.
335 1185 584 1238 Δείκνυσι
607 1183 697 1236 διὰ
715 1181 938 1244 τούτων,
971 1180 1046 1242 ὡς
1074 1177 1236 1240 αύτός
1283 1177 1432 1229 ἐστιν
1461 1177 1490 1228 ὁ
1534 1175 1628 1227 καὶ
1660 1175 1756 1228 θα-

176 1281 343 1332 νάτου
365 1277 458 1330 καὶ
487 1274 631 1345 ζωῆς
659 1273 945 1342 δεσπότης.
1025 1336 1029 1340 ι

243 1367 742 1438 Εὐφρανθήσεται
771 1367 986 1432 Κύριος
1022 1363 1120 1416 ἐπὶ
1154 1360 1280 1426 τοῖς
1319 1359 1515 1430 ἔργοις
1545 1357 1752 1412 αὐτοῦ.

178 1464 290 1516 Καὶ
323 1463 473 1512 ποῖον
507 1460 568 1511 τὸ
595 1458 754 1529 ἔργον
788 1455 988 1519 aetat};
1025 1456 1093 1508 Ὀ
1144 1455 1438 1525 εἰργάσατο
1474 1451 1754 1505 ἀνακαινί-

180 1569 280 1614 σας
313 1550 414 1621 τὴν
448 1549 726 1618 ἡμετέραν
758 1546 938 1616 φύσιν,
986 1545 1248 1616 Σημαίνει
1284 1543 1389 1614 γὰρ
1429 1541 1520 1595 διὰ
1553 1541 1757 1594 τούτων

177 1645 278 1713 τὴν
306 1641 574 1712 ἐσομένην
601 1640 712 1694 τῶν
758 1637 1063 1709 ἀνθρώπων
1111 1635 1460 1703 θεογνωσίαν,
1494 1635 1581 1686 ὅτε
1625 1631 1757 1695 Θεὸς

179 1733 646 1805 εὐφρανθήσεται,
686 1731 746 1783 ού
802 1727 1298 1800 προσκυνούμενος,
1348 1725 1485 1778 ἀλλά
1516 1723 1760 1794 σωζομέ-

177 1844 302 1884 νους
324 1824 492 1895 όρῶν.

263 1917 329 1969 '0
362 1913 699 1968 ἐπιϐλέπων
759 1913 857 1966 ἐπὶ
911 1911 1028 1979 τὴν
1056 1908 1173 1980 γῆν
1225 1909 1323 1962 καὶ
1356 1906 1544 1960 ποιῶν
1567 1904 1763 1972 αὐτὴν

179 2009 444 2077 τρέμειν.
479 2006 588 2077 Τὴν
629 2006 857 2058 καθόλου
881 2005 1062 2075 κρίσιν
1091 2001 1467 2063 ἐπισυνάπτει,
1495 2000 1528 2070 ἢ
1553 1999 1646 2052 καὶ
1675 1998 1767 2068 φό-

176 2102 272 2152 ϐον
296 2099 526 2169 παρέξει
555 2100 686 2151 πᾶσι
722 2101 834 2160 τοῖς
865 2097 958 2149 ἐπὶ
983 2096 1108 2165 γῆς.
1157 2097 1232 2149 Οὐ
1272 2095 1381 2166 γάρ
1427 2095 1572 2145 ἐστιν
1609 2094 1637 2144 ὁ
1688 2090 1764 2162 μὴ

176 2191 434 2252 δεδοικὼς
476 2192 653 2243 ἐκεῖνο
685 2189 746 2241 τὸ
796 2189 1023 2262 φρικτὸν
1067 2189 1162 2241 καὶ
1199 2188 1341 2241 θεῖον
1387 2186 1758 2254 δικαστήριον.

189 2286 254 2336 Ὁ
275 2283 612 2351 ἁπτόμενος
651 2280 769 2334 τῶν
806 2281 1008 2348 ὀρέων,
1047 2280 1148 2333 καὶ
1188 2277 1588 2338 καπνίζονται.
1621 2278 1761 2347 Ὄρη

174 2377 277 2440 τὰς
331 2373 717 2444 ἀντικειμένας
765 2373 1022 2443 δυνάμεις
1047 2373 1231 2443 φησὶν,
1259 2371 1323 2434 ἀς
1362 2370 1458 2423 καὶ
1501 2367 1764 2435 ὲγκαύσει

175 2467 325 2521 κατὰ
374 2466 466 2518 τὸν
517 2465 620 2535 τῆς
669 2465 904 2536 κρίσεως
934 2463 1144 2532 καιρὸν,
1197 2457 1256 2516 οὗ
1291 2461 1386 2514 καὶ
1438 2457 1705 2528 σύμϐολον
1734 2460 1764 2512 ὁ

175 2557 412 2621 καπνός.

178 2650 193 2662 ⁸
263 2647 577 2714 Ἠδυνθειη
609 2644 768 2711 αὐτῷ
813 2647 852 2714 ἡ
884 2644 1137 2715 διαλοτή
1173 2661 1318 2712 μου.
1357 2644 1610 2714 Διαλογὴ,
1643 2641 1764 2695 ἀντὶ

172 2741 298 2804 τοῦ,
321 2743 354 2811 ἡ
373 2739 572 2808 ἐκλογή
604 2754 728 2808 μου.
754 2735 916 2804 Λέγει
947 2736 1003 2789 δὲ
1023 2737 1159 2807 ὅπερ
1186 2735 1484 2802 ἐξελέξατο,
1514 2736 1580 2788 τὸ
1601 2737 1763 2806 μόνον

174 2834 359 2889 θέλειν
390 2832 580 2903 ὑμνεῖν
607 2829 697 2882 τὸν
725 2827 878 2892 Θεὸν,
906 2828 934 2880 ὃ
954 2829 1047 2881 καὶ
1079 2827 1269 2898 ὰρέσει
1294 2827 1444 2899 αὐτῷ
1463 2826 1541 2897 τῷ
1567 2829 1766 2898 ύμνου-

177 2926 357 2997 μένῳ.

269 3015 615 3069 Ἐκλίποιεν
641 3009 978 3080 ἁμαρτωλοί
1004 3008 1122 3063 ἀπὸ
1147 3006 1261 3075 τῆς
1284 3005 1412 3076 γῆς.
1453 3007 1539 3059 Ἐν
1573 3005 1764 3075 ἐκείνῳ

173 3106 430 3177 δηλονότι
481 3103 558 3174 τῷ
602 3101 800 3175 καιρῷ.
859 3100 1211 3154 Ἀκούσονταθ
1255 3100 1362 3168 γάρ
1385 3116 1398 3129 ·
1433 3099 1765 3165 Πορεύεσθε

173 3199 286 3252 ἀπ’
312 3195 482 3265 ἐμοῦ,
511 3191 929 3262 κατηραμένοι,
982 3193 1070 3255 εὶς
1115 3189 1180 3242 τὸ
1218 3188 1338 3256 πῦρ
1389 3186 1456 3239 τὸ
1503 3187 1763 3249 αἰώνιον,

175 3290 250 3344 τὸ
293 3285 741 3356 ἡτοιμασμένον
775 3282 855 3348 τῷ
885 3282 1144 3345 διαϐόλῳ
1184 3279 1283 3333 καὶ
1330 3278 1454 3343 τοῖς
1492 3277 1768 3346 ἀγγέλοις

175 3381 398 3439 αὑτοῦ.
452 3381 562 3434 Καὶ
609 3377 816 3446 ἄνομοι
858 3371 1015 3428 ὥστε
1061 3370 1148 3441 μὴ
1187 3368 1482 3437 ὑπάρχειν
1522 3368 1764 3431 αὐτούς.

191 3477 291 3531 Ἐν
322 3475 394 3544 τῇ
443 3471 552 3524 τῶν
599 3467 964 3537 εύλογούντων
991 3464 1083 3518 τὸν
1122 3461 1254 3516 Θεὸν
1297 3459 1538 3530 δηλονότι
1590 3457 1767 3530 μερίδι

177 3564 551 3633 ἐκλείψουσιν.
586 3562 859 3630 Εὺλόγει,
907 3558 945 3625 ἡ
992 3553 1162 3624 ψυχή
1207 3570 1351 3623 μου,
1391 3553 1500 3605 τὸν
1525 3552 1768 3618 Κύριον.

176 3659 360 3720 Αὐτὸς
393 3658 500 3728 γὰρ
532 3657 626 3708 καὶ
657 3653 752 3708 τοῦ
787 3652 895 3705 τῶν
925 3647 1178 3721 πονηρῶν
1212 3645 1515 3716 ἀποστήσει
1541 3644 1766 3714 κλήρου,

179 3753 284 3806 καὶ
305 3749 401 3802 τοῦ
435 3747 544 3801 τῶν
573 3746 741 3814 ἁγίων
777 3742 1059 3808 ἀξιοῦσθαι
1090 3743 1253 3794 ποιεῖ.

719 3839 1092 3905 Ἂλληλούΐα.
1124 3839 1246 3890 ΡΔ’.

821 3932 1145 3995 Ὺπόθεσις.

184 4035 351 4086 Ἐστι
375 4029 434 4082 δὲ
463 4028 541 4091 τὸ,
572 4025 884 4096 ἀλληλούῖα,
917 4017 1064 4084 αἶνος
1091 4019 1167 4090 τῷ
1187 4019 1423 4090 ἀοράτῳ.
1456 4016 1687 4083 Λέγεται
1713 4014 1771 4067 δὲ

257 4123 389 4183 τοὺς
418 4118 681 4187 ἀγγέλους
727 4114 902 4184 ταύτῃ
953 4114 1019 4182 τῇ
1080 4113 1230 4180 φωνῇ
1285 4109 1453 4161 αἰνεῖν
1489 4107 1580 4158 τὸν
1615 4104 1768 4168 Θεὸν,

257 4214 453 4283 ὥσπερ
482 4211 551 4263 τά
576 4208 840 4281 χερουϐὶμ
867 4206 960 4258 τό·
993 4205 1201 4270 Ἄγιος.
1236 4203 1388 4270 ἅγιος
1407 4237 1421 4262 ,
1453 4199 1627 4266 ἅγιος.
1662 4196 1772 4248 Καὶ

257 4308 422 4360 τοῦτο
480 4305 625 4371 ἅγιοι
687 4295 1101 4370 παραδεδώκασι
1164 4292 1440 4363 πατέρες,
1516 4289 1771 4358 αὐτήκοοι

263 4398 574 4467 γενόμενοι,
599 4393 787 4462 ὥσπερ
813 4389 1039 4451 Ἡσαΐας
1066 4386 1172 4438 τῶν
1196 4383 1456 4455 σεραφίμ.
1480 4381 1781 4450 Διαιρεῖται⁴

261 4494 320 4546 δὲ
366 4491 430 4544 τὸ
459 4486 772 4557 ’ἀλληλούῖα
820 4483 1015 4545 οὕτως,
1068 4479 1166 4543 ἃλ,
1213 4477 1365 4541 Θεὸς,
1399 4477 1502 4544 ἣλ,
1531 4473 1768 4545 ἰσχυρὸς,
1800 4487 1854 4547 D

261 4586 422 4646 οὔῖα,
453 4579 731 4653 κραταιός.

275 4672 771 4744 Ἐξομολογεῖσθε
798 4668 876 4734 τῷ
905 4667 1117 4734 Κυρίῳ,
1161 4663 1256 4716 καὶ
1303 4658 1684 4714 ἐπικαλεῖσθε
1711 4657 1777 4711 τὸ

187 4768 382 4838 ὄνομα
414 4764 620 4827 αὑτοῦ,
651 4759 1046 4830 ἀπαγγείλατε
1067 4758 1134 4809 ἐν
1160 4753 1285 4818 τοῖς
1309 4753 1509 4805 ἔθνεσι
1537 4749 1610 4802 τὰ
1637 4749 1781 4817 ἔργα
1885 4745 1953 4838 ξιξ

189 4857 406 4912 αὑτοῦ.
455 4855 542 4907 Ἐν
567 4852 740 4921 τούτῳ
766 4849 843 4920 τῷ
871 4845 1071 4917 ψαλμῷ
1101 4843 1424 4914 προστάττει
1460 4841 1573 4903 τοῖς
1597 4838 1773 4908 ἁγίοις

190 4947 516 5008 ἀποστόλοις
532 4941 593 4999 τὸ
613 4942 838 5012 Πνεῦμα
859 4941 918 4994 τὸ
945 4940 1099 5007 ἀγιον
1123 4935 1202 5007 τῷ
1224 4935 1283 4998 ἐξ
1315 4931 1482 4986 ἐθνῶν
1508 4931 1621 5001 λαῴ
1638 4947 1772 4999 φαν-

190 5062 216 5095 ε
225 5041 326 5112 ρὰς
343 5039 566 5108 ποιῆσαι
588 5036 767 5098 πάσας
794 5032 894 5095 τὰς
914 5031 1013 5084 θαυ
1023 5027 1374 5100 ματουργίας,
1394 5024 1458 5087 ἃς
1480 5023 1773 5094 πεποίηται

191 5135 286 5185 ἐπὶ
319 5132 418 5200 τῆς
444 5127 747 5201 παρουσίας
777 5122 942 5177 αὑτοῦ
969 5123 997 5174 ὁ
1027 5121 1251 5192 Κύριος.

280 5226 658 5284 Ἐπαινεῒσθε
704 5226 776 5279 ἐν
832 5222 913 5289 τῷ
949 5222 1192 5289 ὀνόματι
1251 5216 1330 5285 τῷ
1374 5215 1520 5285 ἁγίῳ
1563 5210 1771 5267 αὐτοῦ.

198 5325 464 5384 Ἐπαινος
493 5319 603 5390 γὰρ
631 5319 726 5372 καὶ
757 5317 885 5382 δόξα
905 5317 1016 5378 τοῖς
1041 5313 1139 5383 τὴν
1165 5311 1365 5382 ἀρετὴν
1385 5306 1479 5361 τοῦ
1501 5304 1636 5359 Θεοῦ
1655 5304 1741 5376 διη
1759 5334 1774 5346 -

196 5414 512 5486 γουμένοις.
559 5407 965 5479 Εὑφρανθήτω
1020 5404 1236 5475 καρδία
1285 5401 1615 5470 ζητούντων
1671 5396 1734 5449 τὸ

198 5505 439 5573 Κύριον.
481 5502 654 5557 Πόσον
683 5500 744 5553 τὸ
776 5499 842 5554 ὲκ
864 5497 959 5552 τοῦ
993 5491 1432 5568 ἐξομολογεῖσθαι
1459 5488 1650 5559 ὄφελος
1693 5486 1777 5557 γί-

273 5756 542 5814 ”Mattlt.
606 5775 732 5825 xxv,
792 5758 876 5814 ll.
949 5755 1120 5812 ’-'lsa.
1159 5771 1234 5825 vl,
1275 5754 1327 5808 3.

1787 1791 1834 1846 Β

1859 545 2126 590 commota
2159 533 2437 587 ﬂuctibus.

1930 711 2020 778 Ἥ,
2043 710 2132 764 28.
2161 707 2357 764 Omnia
2379 723 2410 760 a
2440 715 2487 759 te
2515 711 2836 772 exspectant.
2855 700 2989 755 Nam
3016 701 3128 755 sive
3155 699 3429 778 homines,

1860 803 1974 857 sive
2015 801 2311 870 agrestium
2357 795 2698 857 animalium,
2743 794 2855 847 sive
2893 767 3291 861 jumentoruni,
3317 789 3430 842 sive

1862 893 2135 963 reptilium
2180 905 2391 961 greges,
2423 887 2494 940 ali
2544 899 2887 955 nequaquam
2923 892 3154 953 possunt
3202 880 3312 934 nisi
3363 878 3430 934 ad

1860 987 2065 1042 victum
2093 981 2406 1036 necessaria
2432 981 2546 1048 ipse
2574 976 2897 1047 suppeditet.

1931 1077 2021 1132 ἓξ).
2052 1073 2270 1142 Auferes
2298 1070 2545 1139 spiritum
2572 1081 2752 1120 eorum
2775 1078 2822 1118 et
2847 1063 3111 1131 deﬁcient.
3141 1060 3235 1114 llis
3257 1069 3434 1116 estcu-

1860 1169 1940 1224 dit
1963 1167 2138 1236 ipsum
2165 1176 2288 1218 esse
2310 1159 2502 1214 mortis
2537 1172 2602 1211 ac
2634 1156 2756 1208 vitae
2781 1153 3084 1207 dominum.

1935 1348 2024 1403 3|.
2053 1343 2350 1400 Lmtabitur
2375 1339 2632 1394 Dominus
2663 1337 2719 1389 in
2754 1333 2997 1403 operibus
3035 1331 3165 1384 suis.
3214 1325 3436 1396 Ecquod

1863 1440 1983 1510 ejus
2004 1435 2182 1507 opus?
2210 1433 2368 1500 Quod
2398 1432 2528 1487 fecit
2563 1441 2834 1482 reuovans
2858 1432 3133 1478 naturam.
3164 1417 3259 1473 His
3286 1419 3433 1472 enim

1865 1508 2140 1600 signiﬁcat
2173 1526 2419 1580 notitiam
2447 1523 2542 1576 Dei
2566 1518 2886 1574 hominibus
2929 1515 3191 1576 futuram,
3215 1508 3439 1580 quando

1865 1597 2010 1674 Deus
2033 1618 2329 1681 laztabitur,
2357 1630 2466 1669 non
2497 1622 2705 1666 tantum
2731 1607 2878 1678 quod
2901 1607 3016 1676 ipse
3039 1602 3315 1666 adoretur,
3340 1597 3438 1654 sed

1867 1713 2014 1784 quod
2045 1711 2277 1766 salutem
2312 1715 2502 1762 nactos
2531 1703 2730 1759 videat.

1943 1891 2031 1944 '52.
2070 1888 2176 1954 Qui
2201 1885 2410 1954 respicit
2441 1891 2638 1937 terram
2659 1887 2710 1933 et
2734 1877 2861 1948 facit
2896 1890 3013 1928 eam
3041 1883 3275 1926 tremere.
3301 1865 3439 1922 Uni-

1867 1983 2076 2038 versale
2101 1979 2370 2051 judicium
2415 1972 2719 2042 subjungit,
2752 1970 2894 2038 quod
2922 1963 3154 2020 terrenis
3182 1959 3439 2014 omnibus

1867 2085 2127 2128 terrorem
2158 2069 2399 2124 incutiet.
2430 2066 2599 2119 Nemo
2639 2064 2784 2118 enim
2813 2072 2894 2116 est
2925 2059 3056 2128 quin
3092 2056 3280 2110 timeat
3309 2052 3437 2105 hor-

1865 2165 2093 2220 rendum
2119 2161 2250 2214 illud
2281 2175 2346 2214 ac
2377 2158 2622 2212 divinum
2651 2152 2911 2207 tribunal.
2951 2149 3055 2213 Qui
3083 2147 3253 2215 tangit
3285 2157 3436 2194 mon-

1868 2267 1943 2311 tes
1989 2264 2038 2309 et
2074 2254 2355 2324 fumigant.
2401 2249 2614 2302 Montes
2650 2236 2992 2299 adversarius
3028 2238 3162 2291 dicit
3196 2241 3436 2305 potesta-

1867 2359 1969 2414 tes,
2011 2361 2150 2415 quas
2178 2353 2424 2410 tempore
2447 2337 2642 2409 judicii
2674 2333 2994 2396 comburet,
3037 2328 3193 2398 cujus
3217 2323 3436 2397 symbo-

1867 2441 1979 2495 lum
2011 2446 2095 2493 est
2121 2437 2326 2491 fumus.

1936 2620 2028 2676 54.
2059 2614 2369 2672 Iucundum
2397 2611 2468 2664 sit
2508 2608 2556 2661 ei
2593 2605 2854 2675 eloquium
2897 2615 3091 2654 meum.
3125 2593 3438 2662 Eloquium,

1865 2715 1920 2768 id
1946 2721 2031 2767 est
2075 2707 2269 2765 electio
2303 2718 2445 2758 mea.
2504 2699 2595 2753 Ait
2632 2707 2814 2750 autem
2863 2693 2993 2762 quid
3028 2688 3157 2743 illud
3192 2687 3264 2741 sit
3292 2683 3438 2754 quod

1867 2797 2114 2869 elegerit,
2155 2791 2408 2848 videlicet
2439 2787 2618 2842 solum
2669 2785 2838 2838 Deum
2891 2779 3108 2852 hymnis
3145 2775 3439 2840 celebrare,

1867 2891 2014 2962 quod
2040 2888 2142 2958 ipsi
2179 2885 2273 2954 qui
2299 2881 2608 2937 celebratur
2641 2884 2925 2944 acceptum
2955 2873 3082 2926 erit.

1939 2981 2027 3035 '55.
2064 2957 2328 3046 Deﬁciunt
2380 2979 2678 3042 peccatores
2712 2983 2744 3018 a
2781 2974 2942 3018 terra.
2999 2963 3054 3015 In
3106 2959 3199 3014 illo
3235 2957 3443 3014 scilicet

1870 3085 2131 3140 tempore.
2152 3068 2387 3121 Audient
2411 3063 2554 3118 enim
2580 3061 2708 3114 illud
2729 3079 2741 3113 :
2761 3055 3019 3110 Discedite
3043 3070 3076 3106 a
3099 3068 3198 3118 me,
3222 3049 3445 3104 maledi-

1872 3139 2054 3228 cti,.iin
2095 3163 2270 3231 ignem
2309 3166 2584 3217 wternum,
2618 3160 2866 3221 paratam
2903 3144 3115 3199 diabolo
3161 3152 3209 3196 et
3243 3139 3442 3210 angeli:

1872 3226 1987 3324 ejus
2011 3253 2078 3304 '9.
2117 3226 2185 3302 Et
2218 3247 2389 3316 iniqui
2416 3246 2494 3298 ita
2521 3251 2579 3296 ut
2611 3256 2714 3294 non
2747 3239 2876 3292 sint.
2911 3233 2969 3287 In
3008 3229 3256 3302 partibus
3294 3226 3443 3281 scilio

1875 3355 1961 3402 cet
1991 3358 2182 3399 eorum
2214 3341 2307 3408 qui
2342 3337 2454 3392 Deo
2484 3332 2817 3390 benedicunt
2844 3341 2951 3381 non
2988 3329 3168 3380 erunt.
3199 3316 3446 3383 Benedic,

1875 3439 2058 3500 anima
2110 3450 2250 3499 mea,
2284 3430 2532 3485 Domino.
2564 3425 2684 3496 Ipse
2715 3422 2862 3479 enim
2902 3426 2959 3473 et
3007 3432 3039 3472 a
3084 3413 3448 3483 malignorum

1875 3536 2023 3584 sorte
2054 3523 2328 3579 amovebit
2357 3521 2502 3586 illos,
2547 3527 2602 3573 et
2635 3524 2952 3574 sanctorum
2994 3509 3242 3583 partibus
3276 3503 3449 3562 ascri-

1875 3622 2005 3677 bere
2041 3616 2375 3690 dignabitur.

2433 3783 2686 3839 Alleluia.
2717 3779 2870 3837 CIV.

2460 3879 2860 3948 Argumentum.

1879 3977 2115 4036 Alleluia
2150 3972 2449 4044 signiﬁcat,
2484 3971 2606 4025 laus
2659 3964 2944 4022 invisibili.
2976 3959 3241 4016 Dicuntur
3268 3965 3456 4010 autem

1949 4068 2125 4138 angeli
2165 4067 2268 4119 hac
2300 4077 2432 4116 voce
2467 4059 2692 4114 laudare
2721 4056 2914 4120 Deum,
2959 4052 3124 4106 veluti
3165 4047 3448 4104 cherubim

1950 4136 2082 4216 illud
2109 4178 2123 4213 :
2161 4177 2178 4208 ι
2208 4155 2468 4217 Sanctus,
2504 4152 2762 4215 Sanctus,
2788 4149 3023 4202 Sanctus
3045 4143 3112 4196 ’°.
3154 4159 3172 4193 ι
3229 4136 3385 4204 Quod
3417 4152 3450 4190 a

1952 4252 2157 4309 sanctis
2177 4247 2432 4302 Patribus
2463 4243 2557 4314 qui
2589 4243 2706 4296 haec
2745 4240 2848 4309 ipsi
2880 4236 3166 4292 audierant
3191 4231 3448 4285 traditum

1952 4355 2056 4412 est,
2090 4354 2149 4397 ut
2178 4341 2350 4396 Isaias
2385 4335 2660 4404 seraphim
2709 4329 2936 4386 audivit.
2989 4324 3219 4380 Alleluia
3269 4330 3450 4374 autem

1952 4438 2032 4494 sic
2063 4435 2343 4497 dividitur,
2377 4429 2454 4495 al,
2483 4427 2650 4490 Deus,
2689 4424 2758 4490 el,
2791 4420 2970 4483 fortis,
3010 4419 3122 4481 uia,
3169 4413 3448 4468 robustus.

1951 4636 2004 4701 1,
2036 4635 2092 4689 2.
2127 4627 2466 4699 Conﬁtemini
2503 4623 2725 4678 Domino
2749 4627 2798 4672 et
2830 4619 3064 4671 invocale
3097 4623 3280 4663 nomen
3315 4605 3451 4674 ejus,

1957 4725 2200 4780 nuntiate
2231 4724 2370 4773 inter
2392 4726 2565 4788 gentes
2612 4727 2769 4782 opera
2802 4708 2938 4778 ejus.
2987 4703 3045 4758 In
3095 4702 3200 4756 hoc
3242 4696 3454 4769 psalmo

1879 4819 2036 4890 jubet
2065 4813 2330 4885 apostolis
2364 4808 2605 4878 Spiritus
2629 4812 2851 4872 sanctus
2885 4808 2944 4853 ut
2971 4795 3210 4866 gentium
3253 4788 3453 4860 populo

1885 4880 2242 4966 manifestent
2271 4899 2543 4958 mirabilia
2571 4911 2735 4968 opera
2764 4891 2949 4949 omnia
2989 4903 3111 4960 quae
3154 4883 3324 4942 edidit
3355 4880 3456 4934 Do-

1887 5004 2071 5059 minus
2099 5001 2156 5055 in
2191 4998 2424 5053 adventu
2465 5006 2587 5048 suo.

1957 5197 2012 5262 5,
2040 5195 2094 5248 4.
2128 5190 2453 5246 Laudamini
2479 5191 2534 5243 in
2560 5186 2770 5241 nomine
2813 5190 2998 5237 sancto
3045 5177 3181 5248 ejus.
3224 5171 3368 5225 Laus
3395 5183 3455 5222 e-

1883 5288 1999 5343 nim
2029 5295 2085 5342 et
2115 5284 2289 5355 gloria
2318 5283 2385 5337 iis
2411 5281 2508 5350 qui
2551 5279 2804 5334 virtutem
2847 5272 2941 5328 Dei
2971 5275 3249 5326 enarrant.
3285 5259 3454 5313 Laete-

1740 5363 1779 5449 β·
1885 5391 1973 5437 tur
2023 5395 2114 5435 cor
2166 5377 2517 5448 quaerentium
2560 5371 2867 5426 Dominum.
2917 5364 3084 5419 Docet
3130 5363 3330 5428 quanta
3381 5367 3450 5406 ex

1881 5472 2232 5532 confessione
2255 5467 2465 5525 utilitas
2493 5461 2736 5520 accedat.
2780 5458 2916 5514 Nam
2955 5455 3025 5524 si,
3059 5449 3265 5522 inquit,
3295 5459 3448 5516 quae-
