3880 6216
235 311 337 369 M5

1334 309 1720 368 'EXPOSlTlO
1758 307 1824 365 ΙΝ
1856 308 2184 366 PSALMUM
2221 305 2331 365 CV.

3385 299 3494 358 “6

233 449 287 500 δὲ
311 446 405 501 τοῦ
446 448 670 520 Ἰσραὴλ
697 450 791 502 καὶ
851 447 1068 513 Ἰακὼϐ,
1098 448 1169 512 ,ὃς
1217 448 1464 518 εἰσῆλθεν
1525 451 1605 512 εἰς
1648 450 1804 518 Αἴγυ-

1934 457 2084 502 ante.
2121 446 2226 501 Per
2248 445 2499 501 lsraelem
2532 453 2712 500 autem
2741 452 2795 498 et
2827 441 3118 506 Iacobum,
3147 441 3240 511 qui
3269 439 3495 495 intravit

237 555 386 602 πτον,
410 541 573 592 καίοι
591 539 781 593 τούτου
803 541 996 603 παῖδες
1019 539 1320 610 δηλοῦνται.
1339 540 1425 591 Ἐν
1451 539 1820 610 ἑϐδομήκοντα

233 629 337 700 γὰρ
366 629 570 700 ψυχαῖς
602 631 803 701 κατέϐη
845 631 1063 702 Ἰσραὴλ
1093 633 1173 694 εἰς
1221 632 1521 698 Αἴγυπτον,
1577 628 1734 685 εἶπεν
1783 635 1817 702 ή

235 720 442 792 Γραφή.
491 722 610 775 Καὶ
657 721 855 776 Ἰακὼϐ
889 721 1246 790 παρῴκησεν
1285 725 1356 776 ἐν
1399 723 1477 792 τῇ
1506 723 1653 792 Χάμ.
1689 723 1821 794 Χὰμ

235 811 487 882 ἐγέννησε
521 814 616 866 τὸν
649 814 889 878 Χαναὰν,
926 814 1151 867 Χαναὰν
1186 815 1244 867 δὲ
1288 817 1381 870 τὸν
1417 816 1734 889 Μεστραῗμ,
1761 816 1820 878 ὃς

236 905 600 974 ἑρμηνεύεται
634 907 927 973 Αἴγυπτος.
956 906 1046 959 Διὸ
1079 907 1174 959 καὶ
1207 907 1338 978 Χὰμ
1379 907 1485 977 γῆν
1518 909 1618 978 τὴν
1648 907 1817 975 Αἴγυο

238 1014 362 1050 πτον
390 997 572 1062 καλεῖ,
608 999 685 1061 ὡς
715 998 809 1052 τοῦ
829 1001 1097 1068 ἀπογόνου
1120 996 1287 1052 οὖσαν
1317 999 1412 1052 τοῦ
1447 1001 1599 1070 Χάμ.

298 1171 410 1226 Καὶ
432 1175 675 1242 ηὔξησε
699 1175 807 1228 τὸν
847 1175 1003 1229 λαὸν
1040 1175 1227 1230 αὐτοῦ
1253 1175 1507 1244 σφόδρα.
1544 1177 1706 1229 Ὥστε
1730 1175 1818 1228 τὸν

233 1265 427 1336 (apud)
464 1266 674 1334 λέγειν,
723 1266 782 1330 ὃς
823 1268 923 1319 οὐκ
962 1267 1079 1338 ᾔδει
1107 1268 1199 1321 τὸν
1239 1270 1473 1338 Ἰωσήφ⁹
1524 1267 1679 1322 Ἰδοὺ
1703 1267 1820 1321 νῦν

233 1358 621 1425 πολυπληθεῖ
638 1358 701 1411 τὸ
726 1359 924 1425 ἔθνος,
952 1362 1050 1413 καὶ
1084 1361 1278 1429 ἰσχύει
1308 1360 1461 1429 ὑπὲρ
1487 1359 1665 1430 ἡμᾶς.
1707 1361 1819 1413 Οὐκ

235 1448 297 1501 ἂν
320 1449 376 1502 δὲ
404 1449 742 1520 αὐξηθέντες
778 1449 1252 1520 ὲκραταιώθησαν,
1291 1453 1340 1504 εἰ
1373 1450 1448 1520 μὴ
1478 1454 1578 1521 τῆς
1621 1449 1818 1519 Ἰωσὴφ

233 1541 413 1610 ἔτυχον
443 1542 788 1612 προστασίας
821 1542 916 1595 καὶ
949 1544 1051 1612 τῆς
1083 1542 1179 1596 τοῦ
1205 1541 1404 1612 Φαραὼ
1425 1541 1744 1605 δεξιώσεως.

297 1710 404 1763 Καὶ
429 1711 813 1781 μετέστρεψε
837 1712 955 1781 τὴν
986 1713 1241 1782 καρδίαν
1269 1713 1480 1778 αὑτοῦ,
1509 1713 1616 1767 τοῦ
1635 1713 1822 1782 μισῆ-

1921 540 1977 594 in
2012 538 2328 609 AEgyptum,
2356 539 2475 606 ejus
2503 538 2666 591 etiam
2708 536 2804 590 ﬁlii
2837 536 3167 590 indicantur.
3199 531 3334 586 Nam
3367 547 3490 586 cum

1921 630 2261 700 septuaginta
2291 629 2583 682 animabus
2605 629 2884 683 descendit
2904 625 3069 680 Israel
3097 627 3150 678 in
3173 622 3490 695 Egyprum,

1919 721 1996 774 ait
2027 719 2328 788 Scriptura.
2363 717 2431 770 Et
2466 717 2630 771 Iacob
2661 717 2842 771 accola
2887 717 2989 786 fuit
3024 717 3080 768 in
3119 725 3261 768 terra
3303 713 3489 768 Citam.

1919 811 2090 864 Cham
2125 809 2312 875 genuit
2355 807 2636 872 Chanaan,
2672 808 2930 862 Chanaan
2976 816 3156 860 autem
3189 805 3491 868 Mcstraim,

1919 903 2012 972 qui
2042 903 2432 970 interpretatur
2470 899 2756 970 JEgyptus.
2789 898 2969 965 Quare
3002 896 3296 969 Egyptum
3320 895 3493 950 Cbam

1917 1000 2097 1058 vocat,
2128 1003 2314 1061 utpote
2359 1008 2480 1062 quae
2512 994 2808 1061 pertineret
2837 991 2905 1044 ad
2940 991 3120 1044 virum
3171 1004 3240 1043 ex
3285 986 3492 1042 Chamo

1917 1092 2264 1152 prognatum.

1916 1219 1950 1242 ρ
1989 1173 2079 1228 24.
2118 1172 2186 1225 Et
2237 1173 2390 1226 anxit
2430 1171 2685 1241 populum
2733 1187 2888 1224 suum
2929 1171 3268 1224 vehementer.
3321 1169 3396 1224 Ita
3434 1180 3493 1224 ut

1917 1263 2132 1318 Pharao
2164 1265 2410 1327 diceret,
2453 1264 2542 1318 ille
2594 1264 2802 1318 scilicet
2855 1264 2948 1330 qui
2979 1279 3087 1316 non
3131 1263 3494 1331 cognoscebat

1917 1354 2249 1424 Josephum:
2286 1354 2421 1407 Ecce
2451 1371 2588 1406 nunc
2625 1371 2816 1422 magna
2853 1363 2930 1407 est
2966 1352 3269 1417 multitudo,
3309 1361 3356 1405 el
3382 1354 3493 1420 ιον-

1921 1448 2025 1499 tior
2057 1447 2201 1499 nobis
2235 1455 2313 1498 est
2343 1446 2409 1498 ⁸³.
2441 1444 2733 1514 Nunquam
2761 1445 2904 1498 enim
2941 1443 3087 1496 aucti
3121 1451 3174 1496 et
3218 1441 3492 1507 prmvalidi

1919 1537 2045 1591 facti
2080 1546 2284 1601 essent,
2315 1538 2422 1590 nisi
2452 1536 2676 1606 Josephi
2701 1536 3065 1606 patrocinium
3102 1545 3157 1590 et
3186 1535 3492 1591 Pharaonis

1920 1628 2147 1698 gratiam
2172 1628 2313 1680 nacti
2341 1637 2547 1681 essent.

1989 1717 2082 1771 ‘25.
2114 1716 2382 1771 Convertit
2427 1733 2516 1770 cor
2554 1717 2668 1785 ejus
2722 1728 2781 1771 ut
2835 1716 3005 1770 adiret
3051 1717 3302 1786 populum
3354 1717 3488 1785 ejus.

232 1817 329 1855 σαι
356 1801 464 1854 τὸν
485 1804 649 1857 λαὸν
678 1804 885 1863 αὐτοῦ,
929 1805 1148 1876 Ἐπειδὴ
1176 1806 1240 1859 ἐκ
1260 1806 1352 1858 τοῦ
1377 1807 1639 1876 τιμᾶσθαι
1667 1806 1804 1877 παρά

1934 1805 2190 1873 Quoniam
2220 1808 2276 1861 in
2316 1808 2526 1862 honore
2564 1806 2738 1860 habiti
2801 1807 2944 1876 apud
2985 1805 3292 1878 Egyptios,
3325 1808 3377 1860 in
3413 1809 3490 1862 si-

230 1890 332 1944 τῶν
357 1893 680 1961 Αἰγυπτίων
718 1896 920 1960 αὐτοὺς
964 1899 1044 1960 είς
1075 1897 1172 1969 τὴν
1210 1898 1404 1968 ὁμοίαν
1446 1899 1631 1960 αὐτοῖς
1662 1898 1814 1950 εἰδω-

231 1982 542 2054 λολατρείαν
569 1986 864 2055 ἐξέϐησαν,
898 1987 1091 2040 τούτου
1120 1989 1281 2060 χάριν
1309 1989 1691 2060 παρεσκεύασε
1725 2007 1813 2059 μι-

231 2076 388 2144 σῆσαι
431 2077 637 2140 αὐτοὺς
668 2078 762 2131 καὶ
814 2078 885 2131 τὰ
933 2078 1108 2150 βαρέα
1144 2079 1254 2133 τῶν
1298 2080 1475 2152 ἔργων
1523 2081 1808 2146 ἐπιθεῖναι,

232 2167 314 2220 ἴνα
345 2167 695 2230 κακωθέντες
725 2169 1082 2238 καταφύγωσι
1113 2171 1249 2242 πρὸς
1275 2171 1363 2224 τὸν
1392 2171 1544 2235 Θεὸν,
1586 2172 1681 2223 καὶ
1721 2169 1811 2222 εῦ-

232 2273 308 2326 ροι
336 2256 520 2329 χώραν
539 2257 958 2331 πληρωθῆναιὴ
992 2260 1291 2329 ἐπαγγελία
1312 2261 1350 2330 ἡ
1368 2261 1502 2331 πρὸς
1539 2259 1808 2331 Ἀϐραάμ.

289 2349 720 2413 Ἐξαπέστειλε
740 2353 1008 2422 Μωῢσ-ῆν
1024 2355 1129 2407 τὸν
1142 2353 1366 2408 δοῦλον
1382 2354 1592 2420 αὐτοῦ,
1615 2371 1668 2407 κ.
1688 2371 1736 2407 τ.
1757 2354 1810 2406 λ.

230 2441 420 2504 Μόνοις
448 2444 558 2514 γὰρ
587 2447 705 2506 τοῖς
723 2445 850 2514 περὶ
867 2444 956 2497 τὸν
975 2445 1215 2514 Μωῦσῆν
1249 2447 1342 2497 καὶ
1358 2442 1574 2515 Ἀαρὼν⁴
1599 2443 1810 2496 ἀπεκά-

228 2531 352 2600 λυψε
386 2531 464 2603 τῷ
505 2532 657 2602 λόγῳ
696 2533 776 2598 τὸ,
808 2535 888 2596 είς
921 2523 1082 2604 αἷμα,
1125 2533 1220 2587 καὶ
1257 2533 1326 2586 τὰ
1366 2533 1532 2603 ἔτερα
1573 2531 1680 2585 τῶν
1709 2548 1810 2602 ση-

234 2622 416 2691 μείων.

305 2711 733 2775 Ἐξιιπέστειλε
777 2713 1000 2778 σκότος
1049 2715 1149 2766 καὶ
1186 2713 1543 2766 ἐσκότασεν.
1592 2711 1807 2783 Ἐπειδὴ

228 2803 450 2872 ἀφέντες
488 2804 584 2856 τὸν
621 2804 952 2875 δημιουργὸν
997 2804 1285 2872 Αἰγύπτιοι
1332 2807 1399 2874 τῇ
1458 2804 1632 2857 κτίσει
1684 2803 1808 2855 ἐλά-

227 2914 428 2967 τρευον,
463 2899 667 2952 τούτου
698 2899 856 2969 χάριν
882 2898 949 2951 δι’
979 2899 1152 2969 αὐτῆς
1197 2900 1392 2962 αὐτοὺς
1439 2899 1541 2968 τῆς
1578 2898 1808 2961 κτίσεως

227 2990 494 3055 ἐκόλαζεν,
532 2993 596 3059 ἐξ
630 2993 792 3063 ἀέρος
841 2991 985 3060 λέγω
1032 2991 1118 3062 δὴ,
1170 2992 1266 3043 καὶ
1310 2991 1504 3061 πυρὸς,
1553 2991 1646 3043 καὶ
1678 2991 1802 3061 γῆς,

228 3085 316 3137 καὶ
347 3085 559 3150 ὕδατος.

287 3178 671 3248 Μετέστρεψε
708 3179 781 3231 τὰ
819 3178 1009 3231 ὕδατα
1039 3174 1238 3230 αὐτῶν
1269 3171 1553 3244 εἱς-,αἷμα
1592 3176 1666 3228 Ού
1695 3176 1802 3244 γὰρ

1914 1899 2098 1952 milem
2123 1907 2287 1967 atque
2327 1900 2403 1952 illi
2432 1898 2795 1952 idololatriam
2829 1898 3038 1966 delapsi
3074 1899 3324 1964 fuerant;
3360 1900 3485 1956 ideo

1913 1989 2127 2044 curavit
2155 1997 2214 2042 ut
2243 1988 2460 2042 odirent
2504 2003 2599 2042 eos
2639 1996 2691 2042 et
2724 1989 2907 2058 gravia
2951 1989 3085 2058 ipsis
3117 2005 3283 2058 opera
3314 1990 3492 2060 impo-

1915 2089 2129 2145 nerent,
2165 2088 2226 2132 ut
2259 2078 2445 2133 alliicti
2479 2081 2544 2132 ad
2596 2078 2768 2133 Deum
2819 2078 3196 2150 confugerent,
3239 2088 3292 2134 et
3334 2080 3490 2136 locus

1912 2181 2057 2227 esset
2081 2171 2368 2241 impleudzr
2391 2170 2776 2239 promissionis
2801 2171 2868 2224 ad
2896 2170 3273 2225 Abrahamum
3309 2169 3484 2226 facta.

1981 2341 2070 2404 26,
2101 2341 2190 2394 27.
2228 2339 2378 2394 Misit
2416 2341 2651 2411 Moysem
2697 2358 2902 2395 servum
2947 2354 3102 2396 suum
3128 2381 3143 2406 ,
3189 2354 3294 2398 etc.
3318 2341 3487 2398 -Solis

1911 2435 2112 2503 quippe
2143 2433 2313 2502 Moysi
2347 2443 2401 2486 et
2431 2433 2616 2487 Aaron
2641 2434 2807 2488 verbo
2835 2433 3093 2488 revelavit
3121 2433 3336 2503 signum
3365 2449 3487 2488 mu-

1911 2522 2136 2577 tationis
2159 2532 2426 2591 aquarum
2459 2523 2516 2576 in
2556 2524 2876 2593 sanguinem
2910 2563 2926 2589 ,
2957 2533 3121 2593 atque
3165 2524 3272 2577 alia
3307 2525 3481 2594 signa.

1981 2705 2071 2759 28.
2110 2705 2263 2760 Misit
2321 2708 2560 2761 tenebras
2606 2719 2657 2762 et
2703 2708 3019 2762 obscuravit.
3057 2707 3194 2774 Quia
3247 2709 3484 2781 Egyptii

1911 2797 2103 2851 relicto
2131 2796 2388 2852 Creatore
2408 2808 2672 2853 creaturae
2689 2800 2992 2853 serviebant
3015 2817 3030 2855 :
3057 2801 3174 2854 ideo
3198 2816 3292 2870 per
3308 2803 3480 2872 ipsam

1908 2901 2220 2946 creaturam
2247 2894 2507 2962 puniebat
2537 2909 2652 2960 eos,
2683 2909 2780 2963 per
2802 2909 2982 2947 aerem
3015 2894 3243 2961 scilicet,
3276 2894 3478 2964 ignem,

1908 2986 2110 3034 terram
2140 2992 2194 3036 et
2223 2998 2445 3050 aquam.

1977 3177 2068 3231 29.
2102 3177 2372 3233 Convertit
2415 3197 2582 3250 aquas
2623 3197 2804 3234 eorum
2833 3181 2888 3234 in
2913 3180 3242 3251 sanguinem.
3273 3178 3393 3235 Non
3423 3197 3480 3236 e-

227 3264 317 3335 τὴν
344 3267 530 3337 χροιὰν
558 3266 668 3320 τῶν
701 3266 908 3320 ὑδάτων
935 3266 1115 3336 μόνον,
1154 3263 1290 3318 ἀλλὰ
1335 3265 1430 3317 καὶ
1465 3263 1632 3333 αὐτὴν
1675 3281 1803 3334 μετ-

1934 3265 2016 3318 lim
2053 3269 2232 3321 solum
2266 3285 2534 3338 aquarum
2582 3270 2818 3324 colorem
2849 3310 2864 3334 ,
2907 3271 2999 3324 sed
3048 3270 3218 3339 ipsam
3266 3273 3478 3339 saporis

224 3353 377 3410 ἇϐαλε
407 3359 506 3427 τῆς
534 3358 780 3426 γεύσεως
813 3356 911 3428 τὴν
937 3356 1198 3426 ποιότητα
1217 3373 1231 3386 ·
1269 3357 1410 3412 ὥστε
1451 3355 1665 3408 ἅπαντα
1699 3356 1807 3408 δια-

227 3448 490 3521 φθαρῆναι
518 3452 631 3504 τῶν
659 3449 856 3521 ἰχθύων
888 3449 957 3502 τὰ
985 3449 1144 3518 γένη.
1380 3438 1388 3447 ’

745 3543 1132 3610 Ἀλληλούῑα..
1161 3539 1292 3594 PE'.

839 3637 852 3656 '
865 3637 1181 3701 Υπόθεσις.

1902 3359 2220 3427 qualitatem
2252 3363 2511 3416 mutavit:
2556 3363 2632 3417 ita
2673 3372 2734 3417 ut
2784 3365 2969 3418 omnia
3009 3364 3245 3434 piscium
3279 3380 3477 3436 genera

1989 3464 2130 3520 aqua
2153 3453 2652 3523 exstinguerentur.

2481 3545 2740 3599 Alleluia.
2775 3544 2815 3600 C
2834 3545 2892 3600 V.

2482 3637 2888 3706 Argumentum.

239 3725 320 3782 Ἑν
342 3728 513 3800 τούτῳ
537 3728 618 3798 τῷ
649 3726 850 3798 ψαλμῷ
894 3727 993 3788 τὰς
1044 3723 1321 3796 ἁμαρτίας
1375 3723 1664 3792 καταλέγει
1703 3721 1798 3775 τοῦ

1934 3738 1958 3775 n
1994 3723 2097 3776 hoc
2128 3725 2342 3792 psalmo
2371 3736 2618 3780 recenset
2643 3737 2866 3796 peccata
2897 3729 3098 3797 prioris
3127 3731 3337 3800 populi,
3366 3731 3469 3786 do-

291 3821 549 3892 προτέρου
583 3819 737 3882 λαοῦ,
787 3818 1051 3871 διδάσκων
1083 3855 1098 3881 ,
1146 3816 1222 3878 ὡς
1255 3817 1349 3868 καὶ
1399 3815 1713 3884 διαγέγονεν
1762 3817 1798 3886 ἡ

288 3912 522 3983 ἀποϐολὴ
548 3909 752 3964 αὐτῶν.
787 3910 908 3962 Εἰσὶ
948 3909 1005 3962 δὲ
1030 3901 1224 3962 αὗται·
1264 3907 1480 3978 πρῶτον
1521 3907 1619 3977 μὲν
1662 3923 1801 3976 παρ-

287 4003 586 4074 επίκραναν
607 4001 771 4055 αὐτὸν
787 4000 1150 4064 διαϐαίνοντες
1167 4002 1223 4053 ὲν
1242 4001 1310 4070 τῇ
1345 3997 1578 4069 Ἐρυθρᾷ
1601 3996 1800 4050 θαλάσ-

295 4096 380 4165 σῇ,
433 4095 715 4155 εἰπόντες·
756 4092 922 4160 Παρὰ
977 4092 1043 4144 τὸ
1077 4091 1163 4160 μὴ
1211 4087 1365 4144 εἶναι
1402 4089 1682 4158 μνήματα
1729 4089 1799 4140 ἐν

279 4188 568 4254 Αἰγύπτῳ,
605 4183 902 4254 ἐξήγαγεν
922 4181 1080 4254 ἡμᾶς
1108 4176 1225 4236 ὧδε
1251 4181 1548 4236 ἀπολέσαι
1566 4199 1578 4211 ·
1615 4180 1799 4232 δεύτε-

292 4294 378 4348 ρον
405 4279 705 4350 ἐπείρασαν
731 4277 823 4330 τὸν
853 4276 988 4329 Θεὸν
1006 4277 1062 4328 ἐν
1089 4277 1154 4346 τῇ
1185 4275 1381 4346 ἐρήμῳ
1400 4287 1414 4301 °
1451 4271 1632 4342 τρίτον
1657 4288 1796 4341 παρ-

291 4364 526 4434 ώργισαν
575 4366 818 4435 Μωῦσῆν
877 4366 934 4418 ὲν
996 4366 1071 4434 τῇ,
1121 4361 1473 4433 παρεμϐολῇ·
1515 4360 1794 4432 ’τέταρτον

290 4454 548 4529 ἐποίησαν
592 4457 792 4528 μόσχον
824 4457 882 4508 ὲν
925 4453 1162 4526 Χωρήϐ’
1212 4453 1462 4522 πέμπτον
1510 4450 1795 4517 ὲξουδένω-
1828 4481 1879 4536 D

291 4565 384 4602 σαν
412 4551 514 4619 γῆν
547 4549 892 4620 ἐπιθυμητήν
913 4567 925 4579 ·
956 4548 1116 4602 ἕκτον
1153 4545 1514 4617 ὲτελέσθησαν
1539 4545 1616 4615 τῷ
1647 4545 1799 4598 Βεελ-

291 4642 504 4714 φεγώρο
566 4642 794 4712 ἕϐδομον
846 4640 1206 4712 παρὼργισαν
1261 4639 1423 4693 αὑτὸν
1474 4638 1565 4692 ἐπὶ
1602 4637 1795 4701 ὓδατος

289 4733 594 4802 ἀντιλογίας
619 4751 634 4765 ο
666 4734 850 4802 ὃγδοον
889 4732 967 4804 τῷ
1013 4732 1087 4802 μὴ
1123 4730 1501 4801 ὲξολοθρεῦσαι
1533 4730 1602 4782 τὰ
1641 4729 1792 4799 ἔθνη,

290 4824 324 4878 ἃ
346 4823 460 4879 εἷπε
491 4826 696 4897 Κύριος
743 4827 944 4889 αὐτοῖς,
982 4824 1118 4878 ἀλλὰ
1151 4825 1245 4876 καὶ
1273 4823 1644 4895 προσκυνῆσαι
1681 4825 1793 4886 τοῖς

291 4917 540 4982 εἰδώλοις,
571 4919 644 4980 ὡς
687 4920 780 4971 καὶ
825 4919 893 4972 τὰ
930 4919 1094 4971 τέκνα
1135 4916 1317 4970 αὐτῶν
1354 4919 1433 4979 εἰς
1468 4914 1656 4968 θυσία-ν
1689 4915 1792 4967 αὐ-

290 5013 394 5073 τοῖς
429 5014 766 5080 εἰσαγαγεῖν.

302 5099 785 5171 Ἔξομολογεῖσθε
825 5100 905 5166 τῷ
935 5102 1150 5169 Κιζρίῳ,
1186 5101 1275 5154 ὅτι
1303 5103 1573 5169 χρηστός
1611 5139 1624 5152 .
1663 5140 1676 5153 .
1715 5140 1728 5154 .
1769 5140 1788 5153 .

230 5189 496 5258 Μακάριοι
517 5197 568 5247 οἱ
581 5193 1007 5262 φυλάσσοντες
1031 5194 1252 5260 κρίσιν,
1273 5211 1322 5246 κ.
1344 5211 1392 5246 τ.
1415 5193 1464 5246 λ.
1496 5185 1653 5244 Οὗτοι
1677 5192 1784 5264 γὰρ

231 5277 359 5342 ἄξιοι
379 5283 522 5350 μόνοι
551 5285 648 5346 τὰς
677 5284 992 5347 δυναστείας
1017 5285 1196 5338 λαλεῖν
1224 5283 1317 5337 τοῦ
1336 5284 1562 5354 Κυρίου,
1580 5285 1629 5336 οἱ
1645 5284 1713 5336 τὰ
1730 5286 1788 5337 ἐν

231 5371 336 5432 ταῖς
356 5372 591 5443 Γραφαῖς
618 5375 721 5427 ὑπὸ
753 5375 889 5428 Θεοῦ
921 5377 1226 5446 κεκριμένα
1261 5376 1561 5439 ποιοῦντες,
1609 5375 1786 5428 πάντα

231 5471 284 5507 τε
308 5460 474 5530 κρίσει
513 5465 604 5517 καὶ
634 5465 778 5535 λόγῳ
815 5466 1294 5538 διαπραττόμενοι,
1328 5467 1422 5518 καὶ
1453 5465 1542 5518 διὰ
1586 5465 1784 5527 παντὸς

231 5544 426 5616 ἔχοντες
469 5555 562 5633 ἰοῦ¹
603 5555 736 5609 Θεοῦ
772 5557 870 5629 τὴν
919 5549 1099 5629 κρίσιν
1141 5558 1247 5628 πρὸ
1296 5557 1406 5612 τῶν
1464 5555 1778 5628 ὀφθαλμῶν.

298 5724 336 5754 ⁹¹
363 5725 524 5787 Exod.
552 5749 588 5802 ι,
626 5734 677 5790 9.
708 5736 802 5826 “9'
839 5733 1013 5793 Exod.
1054 5753 1163 5804 vv,
1202 5736 1281 5791 ll.

1971 3829 2100 3869 cens
2130 3830 2239 3883 quo
2280 3825 2442 3885 pacto
2481 3819 2802 3885 repudiatus
2844 3819 2933 3874 illc
2967 3820 3152 3875 fuerit.
3201 3820 3340 3877 Sunt
3375 3837 3476 3878 au-

1972 3914 2079 3959 tem
2112 3906 2223 3974 illa,
2251 3908 2430 3976 primo
2447 3909 2591 3976 quod
2620 3911 3066 3966 exacerbaverint
3091 3928 3214 3967 eum
3252 3914 3306 3967 in
3334 3916 3474 3969 mari

1969 3995 2155 4052 Rubro
2186 4039 2202 4064 ,
2268 3999 2542 4054 dicentes:
2605 4004 2692 4053 An
2733 4003 2859 4070 quia
2894 4021 2996 4056 nun
3034 4013 3186 4058 erant
3233 4005 3475 4074 sepulcra

1967 4089 2023 4142 in
2050 4089 2302 4160 Aigypto,
2335 4092 2514 4144 eduxit
2540 4107 2631 4144 nos
2662 4092 2763 4145 huc
2787 4103 2844 4146 ut
2871 4112 2960 4148 nos
2989 4097 3223 4165 perderet
3251 4097 3340 4150 "1?
3388 4113 3474 4152 se-

1964 4182 2166 4242 cundo,
2197 4183 2342 4252 quod
2365 4183 2693 4238 tentaverint
2723 4185 2891 4240 Deum
2925 4187 2978 4240 in
3009 4187 3256 4255 deserto;
3288 4189 3470 4254 tertio,

1973 4274 2117 4344 quod
2152 4274 2486 4330 irritaverint
2533 4275 2775 4348 Moysem
2836 4280 2890 4332 in
2931 4282 3170 4345 castris;
3223 4290 3422 4350 quarto
3453 4321 3470 4345 ,

1967 4366 2112 4436 quod
2144 4364 2372 4421 fecerint
2415 4368 2646 4422 vitulum
2687 4370 2741 4423 in
2783 4367 3032 4436 Choreb;
3065 4371 3278 4439 quinto,
3316 4371 3469 4440 quod

1967 4471 2068 4526 pro
2091 4457 2260 4532 nihilo
2292 4458 2584 4512 habuerint
2608 4468 2806 4513 terram
2825 4459 3238 4515 desiderabilem
3261 4469 3472 4528 ;sexto,

1968 4548 2117 4618 quod
2152 4549 2348 4602 initiati
2377 4549 2486 4603 sint
2512 4549 2880 4621 Beelphegor;
2913 4553 3167 4620 septimo,
3207 4553 3356 4622 quod
3391 4551 3470 4606 ir-

1936 4668 1939 4672 -
1974 4639 2261 4693 ritaverint
2314 4655 2436 4693 eum
2488 4641 2553 4693 ad
2599 4656 2770 4709 aquas
2809 4644 3287 4709 contradictionis;
3321 4654 3472 4701 octa-

1970 4747 2060 4796 vo,
2089 4731 2236 4800 quod
2287 4747 2396 4784 non
2455 4733 2879 4801 disperdiderint
2929 4743 3116 4803 gentes
3163 4751 3300 4804 quas
3336 4738 3472 4795 dixit

1969 4821 2397 4885 Dominusvillis,
2428 4826 2518 4878 sed
2552 4824 2901 4880 adoravcriut
2935 4828 3102 4892 idola,
3132 4829 3206 4884 ita
3240 4838 3300 4884 ut
3328 4830 3470 4887 ﬁlios

1969 4929 2102 4969 suos
2130 4915 2183 4967 in
2218 4916 2549 4970 sacriﬁcium
2586 4917 2720 4986 ipsis
2746 4917 3028 4972 oﬂ‘errent.

1959 5102 2010 5165 1,
2042 5101 2100 5167 2,
2124 5103 2176 5155 3.
2214 5101 2552 5171 Conﬁtemini
2575 5103 2800 5156 Domino
2822 5105 3070 5173 quoniam
3097 5104 3256 5156 bonus
3293 5141 3306 5155 .
3343 5139 3358 5155 .
3393 5141 3406 5155 .
3446 5143 3460 5158 .

1888 5187 2040 5246 Beati
2074 5193 2163 5261 qui
2190 5193 2496 5245 custodiunt
2522 5193 2812 5261 judicium,
2838 5204 2941 5246 ctc.
2963 5191 3001 5244 li
3033 5192 3175 5245 enim
3206 5191 3465 5260 solitligni

1890 5292 2016 5338 sunt
2049 5283 2141 5352 qui
2176 5285 2725 5352 enarrentpotentias
2750 5283 2984 5342 Domini,
3027 5281 3121 5350 qui
3159 5297 3219 5334 ea
3249 5295 3370 5349 quae
3408 5281 3463 5336 in

1897 5374 2198 5444 Scripturis
2220 5389 2249 5426 a
2278 5372 2390 5426 Deo
2422 5375 2639 5428 decreta
2672 5383 2800 5428 sunt
2830 5373 3055 5435 faciunt,
3090 5380 3252 5438 atque
3279 5371 3460 5425 omnia

1893 5481 2016 5520 cum
2043 5464 2253 5534 judicio
2283 5475 2336 5519 et
2382 5466 2593 5520 ratione
2633 5472 3029 5533 exsequuntur,
3061 5471 3116 5515 et
3150 5477 3362 5530 semper
3389 5461 3461 5514 ob

1891 5557 2102 5631 oculos»
2134 5557 2338 5613 habent
2362 5555 2628 5626 judicium
2667 5556 2782 5612 Dci.
2817 5554 2879 5609 Hi
2925 5567 3162 5624 namque
3208 5563 3334 5607 sunt
3366 5550 3463 5622 qui
