3880 6216
164 333 271 387 διο

1323 316 1689 373 EXPOSlTlO
1729 317 1796 371 IN
1835 317 2168 375 PSALMUM
2206 319 2338 375 CVI.

3313 323 3417 379 ιεο

162 444 438 512 ἠθέλησα
454 436 921 507 ἐπισυναγαγεῖν
949 435 1021 489 τὰ
1048 435 1228 489 τέκνα
1253 449 1405 499 o'ov;
1436 435 1495 487 τὸ
1520 436 1609 488 δέ·
1634 435 1744 489 Kal

1871 446 2048 501 iutem,
2082 454 2241 507 sepe,
2279 437 2459 492 simile
2486 447 2569 492 est
2594 436 2708 491 illi:
2770 435 2988 501 Quoties
3018 436 3161 491 volui
3199 455 3417 508 congre-

162 531 649 598 ὲταπειγώθησαν
680 529 750 581 ἐν
786 526 915 591 ταῖς
940 526 1215 595 ἀνομίαις
1248 525 1465 591 αὐτῶν,
1499 525 1598 596 τῷ,
1624 529 1747 581 Οὐκ

166 624 525 690 ἠθελήσατε.
545 621 795 688 Ἐπάγων
827 622 935 689 γὰρ
968 620 1064 688 τὴν
1097 618 1366 680 παιδείαν,
1415 618 1578 671 πάλιν
1614 635 1745 687 μετ-

164 714 337 766 εδίδου
359 711 768 781 φιλανθρωπίας
792 726 805 738 ο
825 710 874 761 οἱ
893 709 948 761 δὲ
971 709 1133 761 αὐτὸν
1153 711 1263 771 τοῖς
1289 707 1566 779 πολεμίοις
1587 708 1746 778 ἡμεί-

166 806 346 858 ϐοντο.

236 896 348 948 Kal
399 893 621 946 ἔδωκεν
667 893 887 957 αὐτοὺς
936 893 1024 956 εἰς
1077 889 1414 959 οὶκτιρμοὺς
1469 890 1749 943 ἐναντιον

166 985 410 1037 πάντων
462 983 581 1036 τῶν
627 981 1243 1052 αὶγμωλωτευσάντων
1291 982 1530 1046 αὐτούς.
1580 980 1748 1033 Τοῦτό

168 1093 303 1146 φησι
335 1074 425 1128 διὰ
464 1075 647 1144 Κῦρον
678 1076 768 1127 τὸν
806 1073 1153 1126 ἀπολύσαντα
1196 1073 1392 1134 αὐτοὺς
1420 1072 1519 1141 τῆς
1548 1073 1750 1141 αἰχμα-

164 1168 393 1230 λωσίας,
433 1167 527 1219 καὶ
548 1169 769 1237 Δαρεῖον
801 1165 894 1218 καὶ
924 1164 1303 1235 Ἀρταξέρξην,
1334 1164 1458 1226 τοὺς
1494 1165 1589 1216 καὶ
1622 1164 1751 1233 χρή-

170 1274 319 1327 ματα
346 1257 533 1319 δόντας
561 1258 641 1320 εἰς
675 1257 771 1326 τὴν
795 1257 1080 1326 οἰκοδομὴν
1110 1255 1203 1308 τοῦ
1233 1253 1381 1308 ναοῦ.

699 1350 1069 1415 Ἁλληλούΐα.
1104 1350 1245 1414 Pq'.

252 1438 739 1508 Ἐξομολογεῖσθε
785 1439 865 1504 τῷ
901 1440 1113 1507 Κυρίῳ,
1147 1438 1237 1492 ὅτι
1283 1438 1567 1506 χρηστός.
1597 1438 1752 1492 Μετὰ

165 1528 265 1601 τὴν
300 1530 571 1600 ἀποϐολὴν
603 1529 698 1582 τοῦ
735 1530 1001 1583 Ἰουδαίων
1030 1530 1157 1583 λαοῦ
1193 1533 1414 1596 είκὸτως
1436 1533 1532 1604 τὴν
1562 1533 1752 1603 κλῆσιν

166 1620 277 1673 τῶν
301 1619 470 1673 ἐθνῶν
494 1637 704 1691 καταση
714 1621 910 1691 μαίνει,
933 1622 1032 1693 τὴν
1059 1624 1355 1694 γενομένην
1384 1625 1473 1677 διὰ
1498 1624 1605 1677 τῶν
1628 1626 1755 1677 ἀπο-

169 1713 396 1767 στόλων.
434 1712 524 1766 Διὸ
557 1714 652 1766 καὶ
682 1716 847 1766 αίνεῖν
876 1715 1201 1784 προστάττει
1224 1715 1314 1768 τὸν
1347 1716 1500 1780 Θεὸν,
1538 1716 1633 1770 καὶ
1668 1716 1754 1783 ἐξ·-

165 1806 546 1877 ομολογεῖσθαι
580 1805 729 1875 αὑτῷ
755 1807 845 1858 ἐπὶ
872 1804 948 1875 τῷ
982 1806 1202 1876 μεγάλῳ
1226 1807 1388 1860 αὑτοῦ
1415 1807 1569 1877 ἐλέῳ.

252 1898 387 1951 Ἀπὸ
422 1896 735 1950 ἀνατολῶν
761 1896 861 1949 καὶ
887 1895 1155 1965 δυσμῶν,
1178 1896 1276 1950 καὶ
1294 1898 1489 1966 ,βορῤᾶ
1517 1898 1613 1951 καί
1654 1902 1753 1952 θα-

165 1989 437 2058 λάσσης.
474 1990 582 2041 Καὶ
610 1988 752 2052 τίνες
781 1989 844 2041 ὲκ
870 1988 978 2041 τῶν
1000 1989 1276 2061 τεσσάρων
1305 1990 1402 2060 τῆς
1430 1990 1753 2062 οἰκουμένης

168 2083 453 2154 κλιμάτων
504 2081 856 2151 συναχθέντες
899 2081 931 2152 ἢ
978 2082 1154 2135 πάντα
1186 2082 1254 2135 τά
1298 2082 1423 2154 ἔθνη
1473 2083 1541 2136 τὰ
1585 2083 1753 2136 πάλαι

168 2174 353 2245 ἔρημα
382 2172 690 2236 θεοσεϐείας
715 2170 1069 2242 τυγχάνοντα,
1098 2175 1191 2225 καὶ
1217 2174 1351 2242 μηδὲ
1373 2173 1572 2237 νοτίδος
1604 2173 1753 2236 Θείας

173 2264 565 2336 μεταλαϐόντα,
600 2263 712 2318 ἀλλ’
746 2266 802 2316 ὲν
834 2263 1013 2334 πολλῷ
1041 2264 1182 2332 δίψει
1208 2268 1572 2336 τυγχάνοντας

251 2356 420 2409 Ὁδὸν
449 2359 681 2420 πόλεως
704 2356 1159 2423 κατοικητηρίου
1185 2358 1295 2425 οὐχ
1323 2353 1521 2424 εὖρον.
1549 2358 1623 2409 Οὐ
1646 2355 1755 2426 γὰρ

168 2442 236 2517 ἦν
270 2448 454 2509 αὐτοῖς
482 2446 726 2499 πολιτεία
749 2446 981 2518 χρηστὴ,
996 2448 1110 2500 ἀλλ’
1125 2444 1263 2517 ἦσαν
1285 2451 1341 2502 ἐν
1364 2450 1538 2520 πλάνῃ
1563 2449 1749 2520 πολλῇ.

240 2629 571 2694 Πεινῶντες
619 2629 717 2683 καὶ
768 2628 1081 2697 διψῶντες,
1131 2630 1170 2697 ἡ
1220 2630 1391 2698 ψυχὴ
1440 2631 1638 2685 αὐτῶν
1686 2634 1756 2685 ἐν

171 2719 379 2785 αὐτοῖς
414 2718 747 2783 ἐξέλειπεν.
779 2719 915 2772 Οὐδὲ
940 2720 1049 2788 γάρ
1080 2715 1222 2788 εἶχον
1250 2720 1412 2790 ἄρτον
1441 2721 1533 2773 τὸν
1569 2722 1757 2792 στηρί-

172 2813 336 2874 ζοντα
365 2811 591 2881 καρδίαν
623 2810 907 2881 ἀνθρώπου
929 2829 942 2841 ·
975 2811 1176 2864 οὐδὲτὸ
1206 2811 1348 2882 ὕδωρ
1374 2812 1435 2864 τὸ
1462 2812 1587 2877 ζῶν,
1627 2815 1755 2884 περὶ

170 2897 231 2954 οὗ
260 2902 540 2955 λέλεκταιο
579 2902 633 2954 '0
662 2903 851 2954 πίνων
878 2903 946 2955 ἐκ
976 2902 1083 2955 τοῦ
1108 2902 1326 2968 ὕδατος
1346 2899 1419 2957 οὗ
1440 2903 1555 2973 ἐγὼ
1582 2903 1753 2957 δώσω

169 2992 356 3056 αὐτῷ,
392 2994 464 3045 οὺ
487 2991 573 3060 μὴ
601 2992 849 3061 διψήσει
880 2995 968 3058 είς
988 2992 1096 3045 τὸν
1127 2992 1332 3047 αἰῶνα.

242 3086 355 3139 Καὶ
396 3083 711 3154 ὡδήγησεν
758 3085 981 3151 αὐτοὺς
1033 3088 1121 3150 εὶς
1169 3084 1313 3140 ὁδὸν
1360 3085 1613 3142 εὐθεῖαν.
1645 3085 1754 3158 Τὴν

172 3178 251 3240 είς
300 3177 494 3230 ἑαυτὸν
548 3178 729 3229 πίστιν
758 3178 977 3249 δηλαδή.
1002 3178 1171 3241 Αὐτὸς
1204 3178 1311 3248 γάρ
1345 3178 1531 3246 ἔλεγεν
1552 3198 1565 3210 ·
1608 3180 1755 3248 Ἐγώ

171 3268 291 3337 εἰμι
324 3268 365 3335 ἡ
396 3266 555 3332 ὁδός.
598 3266 706 3320 Τοῦ
734 3268 1101 3336 πορευθῆναι
1129 3271 1217 3335 εἰς
1264 3272 1446 3323 πόλιν
1478 3287 1754 3338 κατοικη-

173 3357 405 3423 τηρίου.
456 3355 565 3424 Τὴν
612 3356 937 3427 Ἐκκλησίαν
988 3358 1171 3426 φησὶν,
1221 3359 1253 3428 ἢ
1291 3359 1388 3429 τὴν
1436 3360 1757 3430 ἐπουράνιον

185 3446 573 3517 Ἰερουσαλήμ.

256 3537 953 3607 Ἐξομολογησάσθωσαν
1002 3536 1081 3603 τῷ
1118 3540 1314 3606 Κυρίῳ
1355 3540 1428 3593 τὰ
1470 3539 1611 3607 ἐλέη
1649 3542 1758 3594 αὺ-

175 3629 351 3685 τοῦ...
388 3628 478 3681 ὅτι
509 3629 801 3697 ἐχόρτασε
825 3630 1038 3698 ψυχὴν
1069 3631 1273 3695 κενήν.
1316 3631 1427 3683 Καὶ
1466 3633 1550 3694 τίς
1577 3631 1757 3702 ἐκείνη

176 3724 209 3791 ἡ
242 3720 412 3790 ψυχὴ,
438 3720 472 3790 ἢ
500 3720 723 3773 ἐκείνων
752 3720 880 3789 περὶ
905 3714 979 3773 ὧν
1009 3720 1254 3774 λέλεκται
1274 3738 1288 3751 ο
1313 3720 1642 3787 Πεινῶντες
1662 3722 1758 3774 καί

176 3810 494 3879 διψῶντες,
534 3812 572 3879 ἡ
604 3812 773 3879 ψυχὴ
801 3809 999 3864 αὐτῶν
1038 3812 1108 3864 ἐν
1157 3811 1361 3878 αὐτοῖς
1406 3812 1719 3875 ἐξέλειπεν
1740 3829 1759 3876 ;

176 3903 288 3956 Kal
346 3901 559 3969 ψυχὴν
604 3902 907 3956 πεινῶσαν
950 3899 1293 3968 ἐνέπλησεν
1342 3900 1598 3969 ἀγαθῶν.
1653 3900 1759 3953 Τοῦ

174 3992 372 4064 νοητοῦ
408 3994 573 4064 ἄρτου
598 3992 863 4062 δηλονότι.

244 4085 633 4154 Καθημένους
663 4086 732 4137 ἐν
756 4085 958 4137 σκότει
987 4084 1084 4137 καὶ
1115 4083 1260 4152 σκιᾷ
1298 4085 1577 4139 θανάτου.
1597 4085 1762 4139 Σκιάν

176 4176 412 4230 θανάτου
439 4177 540 4227 οὐκ
586 4175 652 4228 ἂν
690 4175 955 4245 ἁμάρτοις
991 4176 1167 4245 λέγων
1194 4176 1294 4247 τὴν
1321 4176 1764 4247 είδωλολατρείαν

172 4270 273 4323 καὶ
303 4269 406 4330 τὰς
430 4269 488 4320 ὲν
521 4266 772 4337 ἀθεότητι
802 4267 1029 4338 πράξεις
1048 4284 1061 4297 ·
1095 4260 1255 4321 αὗται
1283 4269 1391 4339 γάρ
1416 4270 1554 4321 εἰσιν
1572 4269 1627 4320 αἱ
1658 4286 1765 4339 χω-

175 4358 426 4431 ρίζουσαι
475 4360 621 4428 ἡμᾶς
668 4359 765 4429 τῆς
812 4358 1067 4430 ἀληθινῆς
1117 4358 1281 4428 ζωῆς.
1302 4360 1389 4411 Ἐν
1437 4358 1664 4420 ταύταις
1708 4358 1764 4411 δὲ

1844 544 1969 596 gare
1988 528 2127 595 ﬁlios
2150 538 2265 581 tuos
2300 528 2380 581 9"?
2403 527 2537 582 Illud
2569 537 2785 582 autem:
2816 526 2883 581 Et
2920 528 3196 583 humiliati
3213 546 3329 581 sun.
3360 536 3416 582 in

1844 621 2213 688 iniquitatibus
2243 622 2375 686 suis,
2414 620 2493 673 illi
2542 639 2553 673 :
2606 619 2675 671 Et
2724 620 2970 674 noluistis
2999 621 3064 673 ".
3100 620 3238 674 Cum
3271 622 3420 675 enim

1847 713 2258 780 castigationem
2319 712 2661 775 immisissct,
2721 726 2941 764 rursum
2990 711 3423 765 misericorditer

1847 818 1970 856 cum
2006 803 2111 855 illis
2147 802 2360 871 agebat,
2391 802 2493 870 ipsi
2525 817 2654 854 vero
2676 802 2901 855 adversa
2934 802 3333 855 ntribucbant.

1918 896 2006 948 46.
2043 894 2109 946 Et
2138 895 2280 947 dedit
2310 911 2395 947 eos
2414 896 2467 946 in
2500 894 2892 946 misericordias
2928 894 2981 945 in
3006 901 3282 961 conspectu
3302 908 3418 944 om-

1849 989 1992 1039 nium
2025 988 2114 1057 qui
2145 996 2386 1055 ceperant
2411 1002 2517 1039 eos.
2539 984 2653 1039 Hoc
2700 987 2775 1039 ait
2814 996 3033 1054 propter
3062 984 3288 1055 Cyrum,
3324 984 3419 1054 qui

1849 1079 2057 1133 dimisit
2082 1093 2177 1132 eos
2200 1094 2265 1131 ex
2293 1079 2628 1147 captivitate,
2661 1087 2713 1131 et
2742 1076 2963 1131 Darium
2998 1078 3422 1132 etArtaxerxem

1850 1169 1944 1238 qui
1982 1168 2239 1237 pecunias
2270 1176 2563 1237 erogarunt
2595 1167 2663 1220 ad
2697 1169 3163 1245 constructionem
3207 1168 3418 1236 templi.

2419 1350 2675 1403 Alleluia.
2706 1347 2858 1403 CVI.

1925 1442 2040 1495 Ι-Ξ.
2074 1440 2406 1510 Conﬁtemini
2438 1440 2663 1494 Domino
2681 1440 2927 1511 quoniam
2952 1438 3135 1491 bonus.
3163 1435 3296 1492 Post
3327 1436 3425 1490 ab-

1850 1534 2144 1604 jcctioncm
2201 1532 2415 1587 Judaici
2464 1532 2681 1600 populi,
2749 1538 3053 1600 opportune
3082 1531 3426 1584 vocationem

1853 1625 2094 1696 gentium
2149 1639 2245 1693 per
2315 1623 2590 1691 apostolos
2644 1620 2844 1675 factam
2923 1620 3186 1674 declarat.
3242 1617 3428 1683 Quare

1851 1717 2006 1787 jubet
2044 1716 2267 1770 laudare
2302 1715 2469 1768 Deum
2516 1724 2570 1768 et
2629 1712 2876 1768 confiteri
2927 1713 3002 1765 illi
3036 1712 3107 1773 ob
3163 1724 3422 1781 magnam

1857 1810 2030 1880 ipsius
2060 1808 2517 1863 misericordiam.

1924 1903 1977 1955 5.
2020 1900 2055 1953 Α
2085 1900 2210 1953 solis
2238 1910 2358 1953 ortu
2390 1908 2437 1952 et
2494 1914 2707 1961 occasu,
2763 1896 2827 1949 ab
2880 1896 3123 1967 aquilone
3180 1905 3228 1949 et
3256 1896 3416 1949 mari.

1855 1992 2159 2063 Ecquinam
2221 2007 2287 2045 ex
2340 1998 2576 2060 quatuor
2618 1998 2777 2044 terrae
2812 1990 3073 2044 lateribus
3113 1988 3427 2059 congregati

1856 2094 1984 2141 sunt
2013 2084 2117 2139 n‘isi
2146 2098 2336 2138 omnes
2362 2090 2570 2153 gentes,
2604 2097 2726 2151 quae
2785 2081 2915 2135 olim
2961 2081 3163 2150 pietate
3204 2089 3257 2134 et
3288 2080 3423 2135 reli-

1855 2180 2013 2249 gione
2038 2193 2221 2233 vacuae
2267 2183 2443 2241 erant,
2484 2184 2537 2229 et
2576 2190 2644 2228 ne
2701 2173 2899 2227 stillam
2929 2174 3149 2242 quidem
3179 2173 3424 2227 divinam

1857 2269 2207 2337 accipientes,
2235 2266 2326 2321 sed
2350 2266 2553 2333 ingenti
2580 2263 2668 2318 siti
2693 2263 2941 2317 afﬂictae?

1925 2360 1979 2412 4.
2023 2357 2174 2411 Viam
2204 2358 2437 2410 civitatis
2472 2355 2764 2408 habitaculi
2791 2370 2894 2407 non
2941 2355 3264 2409 invenerint.
3308 2352 3430 2408 lVon

1854 2462 1971 2508 erat
1996 2452 2075 2506 eis
2110 2452 2399 2505 honestum
2431 2450 2745 2503 institutum
2800 2448 2944 2512 vitae,
2986 2448 3080 2501 sed
3128 2462 3325 2517 magno
3370 2446 3425 2500 in

1855 2561 2039 2601 errore
2071 2544 2451 2599 versabantur.

1928 2638 1980 2691 5.
2016 2636 2319 2690 Esurientes
2346 2642 2396 2687 et
2447 2634 2702 2694 sitientes,
2734 2632 2916 2683 anima
2977 2646 3159 2683 eorum
3194 2631 3251 2684 in
3298 2632 3430 2699 ipsis

1855 2732 2064 2799 defecit.
2090 2727 2277 2797 Neque
2303 2727 2449 2780 enim
2486 2724 2755 2777 habebant
2789 2739 2983 2792 panem
3018 2722 3430 2777 conﬁrmantem

1856 2835 1952 2874 cor
1977 2818 2247 2872 hominis:
2282 2830 2457 2884 neque
2490 2829 2688 2883 aquam
2746 2815 2918 2866 vivam
2966 2814 3034 2866 de
3060 2829 3166 2881 qua
3214 2814 3424 2869 dictum

1854 2917 1971 2962 est:
2003 2908 2107 2972 Qui
2138 2906 2356 2959 bibitex
2392 2920 2526 2973 aqua
2579 2920 2736 2972 quam
2784 2920 2877 2973 ego
2922 2904 3058 2958 dabo
3090 2907 3159 2968 ei,
3208 2922 3312 2960 non
3357 2909 3433 2961 si-

1858 2998 1949 3049 tiet
1975 2997 2031 3049 in
2062 3005 2316 3049 wternum
2361 2995 2428 3047 ’7.

1930 3088 1982 3143 7.
2017 3086 2085 3142 Et
2112 3088 2331 3143 deduxit
2356 3104 2444 3143 eos
2478 3089 2532 3142 in
2560 3089 2698 3143 viam
2729 3096 2945 3142 rectam.
2980 3086 3165 3144 Fidem
3217 3087 3433 3144 scilicet

1858 3181 1913 3233 in
1947 3181 2147 3249 ipsum.
2190 3180 2309 3249 Ipse
2353 3195 2589 3249 namque
2632 3179 2798 3233 dixit:
2838 3178 2948 3248 Ego
2981 3196 3101 3232 sum
3142 3180 3227 3233 via
3257 3180 3321 3231 ⁸⁸.
3361 3178 3429 3233 Ut

1855 3272 1992 3325 irent
2017 3273 2071 3325 in
2098 3273 2362 3325 civitatem
2388 3271 2759 3326 habitationis.
2796 3269 3097 3326 Ecclesiam
3137 3271 3306 3338 dicit,
3340 3282 3435 3326 aut

1856 3368 2130 3418 caelestem
2163 3362 2489 3417 Jerusalem.

1928 3543 2045 3598 8-9.
2073 3542 2440 3612 Conﬁteantur
2465 3543 2687 3596 Domino
2706 3542 3083 3598 misericordia:
3098 3560 3281 3613 ejus...
3309 3545 3437 3615 quia

1859 3640 2074 3691 satiavit
2104 3642 2341 3690 animam
2372 3640 2602 3691 inanem.
2646 3635 2907 3702 Quaenam
2957 3637 3049 3690 illa
3085 3638 3293 3697 anima,
3326 3638 3436 3692 nisi

1858 3746 2045 3784 eorum
2072 3728 2139 3782 de
2166 3729 2367 3796 quibus
2392 3727 2595 3781 dictum
2624 3737 2740 3781 est:
2768 3726 3078 3781 Esurientes
3114 3737 3164 3781 et
3198 3729 3437 3783 sitientes

1861 3822 2041 3874 anima
2080 3835 2260 3872 eorum
2279 3821 2329 3871 in
2359 3820 2490 3887 ipsis
2517 3817 2746 3885 defecit?
2770 3816 2838 3871 Et
2866 3819 3101 3870 animant
3123 3820 3438 3873 esurientem

1862 3915 2073 3968 satiavit
2103 3912 2271 3977 bonis,
2303 3909 2573 3980 spirituali
2599 3908 2852 3962 videlicet
2894 3922 3057 3977 pane.

1950 4083 2037 4136 10.
2072 4079 2316 4134 Sedentes
2363 4080 2418 4132 in
2474 4078 2694 4131 tenebris
2726 4086 2774 4130 et
2822 4076 3010 4130 umbra
3048 4079 3255 4131 mortis.
3305 4075 3440 4132 Um-

1862 4174 2016 4229 bram
2054 4172 2246 4227 mortis
2266 4171 2311 4225 si
2340 4170 2491 4224 dicas
2519 4185 2639 4223 esse
2664 4168 3027 4222 idololatriam
3074 4177 3127 4222 et
3184 4168 3435 4238 impieta-

1864 4269 1935 4322 tis
1970 4280 2173 4335 opera,
2218 4277 2562 4332 nequaquam
2624 4276 2654 4314 a
2701 4276 2832 4315 vero
2893 4260 3253 4315 aberraveris.
3304 4260 3438 4329 Ipsae

1865 4373 2101 4427 namque
2127 4364 2255 4410 sunt
2289 4370 2409 4423 quae
2441 4367 2540 4405 nos
2572 4362 2827 4421 separant
2855 4367 2884 4406 a
2921 4367 3047 4407 vera
3077 4352 3209 4405 vita.
3238 4351 3293 4405 In
3324 4353 3438 4405 liis-

174 4449 318 4521 ἦμεν
351 4450 637 4522 πρότερον,
665 4449 752 4501 διὰ
784 4448 845 4501 τὸ
884 4450 1340 4520 παραπικραίνειν
1370 4450 1460 4502 τὸν
1490 4450 1643 4513 Θεὸν,
1672 4450 1756 4503 καὶ

1871 4466 1928 4505 ce
1955 4449 2308 4504 versabamur
2346 4449 2518 4515 prius,
2556 4447 2683 4515 quia
2735 4444 3197 4498 exacerbabamus
3245 4445 3435 4509 Deum,

174 4545 272 4612 τὴν
314 4542 508 4612 βουλὴν
542 4541 634 4593 τοῦ
652 4540 903 4609 Ὑψίστου
935 4541 1276 4612 παροξύνειν.
1304 4541 1431 4593 Δέον
1453 4540 1560 4612 γὰρ
1586 4543 1648 4593 ὲκ
1677 4558 1766 4611 με-

175 4635 372 4701 γέθους
400 4634 491 4685 καὶ
519 4632 778 4702 καλλονῆς
801 4634 1113 4702 κτισμάτων
1137 4632 1226 4684 τὸν
1259 4631 1635 4702 γενεσιουργὸν
1656 4631 1762 4683 τῶν

172 4728 314 4779 ὅλων
347 4726 593 4796 θεωρεῖν,
624 4727 719 4777 καὶ
742 4726 839 4795 τὴν
872 4724 1040 4777 ἀΐδιον
1070 4723 1233 4775 αὑτοῦ
1257 4723 1486 4793 δύναμιν
1511 4723 1605 4777 καὶ
1632 4722 1768 4775 θειό-

172 4834 317 4889 τητα
366 4817 474 4869 ἀπὸ
531 4817 761 4879 κτίσεως
797 4816 1002 4885 κόσμου
1033 4817 1204 4866 νοεῖν·
1232 4815 1390 4884 ἡμεῖς
1431 4810 1517 4865 οἷα
1551 4813 1763 4881 τυφλοὶ,

172 4912 233 4963 ἐν
268 4910 449 4979 σκότῳ
481 4911 573 4962 καὶ
603 4911 730 4979 σκιᾷ
763 4908 991 4962 θανάτου
1022 4908 1321 4976 διάγοντες,
1352 4907 1446 4959 καὶ
1486 4908 1586 4970 τὰς
1622 4909 1767 4975 λογι-

176 5005 283 5067 ad;
309 5003 410 5072 τῆς
446 5003 621 5073 ψυχῆς
667 5001 924 5071 δυνάμεις
956 4999 1317 5070 πεπεδημένοι
1364 5000 1454 5052 καὶ
1504 5017 1765 5070 πεπηρωο

181 5096 356 5166 μένοι,
388 5094 784 5164 ὲνηλλάττομεν
813 5092 911 5162 τὴν
935 5092 1091 5155 δόξαν
1117 5091 1211 5144 τοῦ
1240 5091 1515 5161 ἀφθάρτου
1546 5092 1678 5144 Θεοῦ
1708 5092 1766 5145 ὲν

173 5186 487 5257 ὁμοιώματι
516 5187 723 5242 εἰκόνος
762 5183 1004 5255 φθαρτοῦ
1036 5182 1346 5251 ἀνθρώπου,
1384 5185 1475 5236 καὶ
1504 5186 1764 5237 πετεινῶν

176 5277 272 5328 καὶ
325 5274 689 5345 τετραπόδων.
719 5273 1178 5341 Πεπεδημένους
1237 5273 1308 5325 ἐν
1357 5274 1616 5343 πτωχείᾳ
1666 5276 1763 5329 καὶ

176 5366 425 5435 σιδήρῳ.
456 5368 589 5430 Ταῖς
636 5368 842 5437 σειραῖς
886 5365 993 5418 τῶν
1035 5365 1179 5417 ἰδίων
1227 5366 1511 5436 ἁμαρτιῶν
1536 5366 1767 5432 ἕκαστος

180 5460 496 5528 σφίγγεται,
525 5459 724 5522 παντὸς
753 5458 1046 5528 πτωχεύων
1078 5456 1283 5524 ἀγαθοῦ
1319 5460 1412 5511 καὶ
1441 5458 1630 5514 καλοῦ.

247 5748 296 5779 ⁵³
321 5745 455 5802 Luc.
486 5762 605 5810 sin,
632 5747 721 5801 54.
801 5750 846 5781 ⁸⁸
876 5749 1008 5804 ibid.
1080 5749 1127 5780 ’⁷
1160 5746 1319 5803 Joan.
1363 5762 1434 5811 Iv,
1472 5747 1557 5800 15.

1867 4551 1918 4596 et
1942 4540 2229 4595 consilium
2281 4537 2544 4591 Altissimi
2601 4536 2973 4590 irritabamus.
3027 4533 3253 4603 Oportet
3282 4534 3427 4589 enim

1866 4645 1933 4683 ex
1956 4626 2326 4698 magnitudine
2352 4636 2406 4679 et
2432 4624 2839 4695 pulchritudine
2882 4630 3282 4684 creaturarum,
3311 4624 3436 4677 uni-

1868 4735 2152 4775 versorum
2205 4719 2457 4787 opilicem
2510 4717 2890 4786 contemplari,
2942 4724 2995 4770 et
3047 4717 3436 4786 sempiternam

1865 4815 1983 4883 ejus
2008 4815 2261 4868 virtutem
2287 4828 2350 4867 ac
2384 4812 2724 4866 divinitatem
2766 4826 2797 4864 a
2826 4820 3077 4873 creatura
3111 4812 3300 4865 mundi
3349 4813 3438 4866 in-

1873 4907 2136 4974 telligere.
2196 4904 2311 4960 Nos
2349 4914 2533 4974 utpote
2586 4905 2716 4957 (ιωοὶ
2764 4904 2816 4958 in
2864 4906 3103 4960 tenebris
3145 4914 3198 4960 et
3244 4907 3440 4960 umbra

1872 5000 2066 5053 mortis
2097 4999 2378 5067 degentes,
2414 5005 2465 5049 et
2486 4995 2835 5051 facultatibus
2858 4997 3055 5051 animze
3078 4999 3445 5053 rationalibus

1871 5091 2146 5160 pra-pediti
2181 5099 2235 5144 et
2287 5089 2563 5151 obdurati,
2609 5087 3022 5142 immutavimus
3070 5088 3300 5157 gloriam
3355 5089 3441 5142 in-

1872 5182 2245 5250 corruptibilis
2274 5179 2390 5247 Dei,
2421 5181 2475 5234 in
2509 5180 2925 5234 similitudinem
2956 5180 3212 5249 imaginis
3261 5181 3439 5232 homi-

1872 5254 1960 5326 nis
1990 5274 2362 5342 corruptibilis
2423 5281 2476 5325 et
2505 5272 2807 5326 volatilium
2828 5313 2843 5336 ,
2880 5280 2935 5325 et
2997 5270 3433 5339 quadrupedum.

1883 5362 2096 5421 Vinctos
2132 5363 2186 5415 in
2220 5363 2558 5416 mendicitate
2605 5372 2655 5416 et
2710 5363 2871 5431 ferro.
2909 5360 3131 5415 Catenis
3189 5360 3438 5429 proprio-

1872 5469 1993 5507 rum
2026 5462 2373 5522 peccatorum
2420 5453 2795 5522 unusquisque
2821 5450 3235 5521 constringitur,
3279 5451 3444 5521 inops

1873 5560 2051 5600 omnis
2081 5544 2210 5600 boni
2234 5554 2289 5601 et
2336 5546 2571 5601 honesti.

1648 5745 1694 5778 ⁸⁸
1715 5743 1875 5800 Joan.
1904 5761 2016 5812 ιμ’,
2039 5745 2092 5800 6.
