3880 6216
383 338 485 393 εει

454 454 540 507 Η.
585 450 725 516 Quia
772 455 1207 503 exacerbaverat“
1271 445 1478 514 eloquia
1540 443 1658 496 Dei.
1707 441 1955 495 Divinam
1987 446 2034 502 Α

385 549 557 617 legem
586 546 894 598 nullatenus
917 541 1292 601 admittentes,
1322 540 1417 592 sed
1466 537 1806 605 sapientibus
1858 535 1960 587 bu-

383 640 472 708 jus
494 636 678 691 saeculi
703 649 824 690 sese
859 631 1224 686 instituendos
1257 625 1633 682 tradentes.Et
1679 625 1961 679 consilium

387 727 652 782 Altissimi
714 726 1084 780 irritaverant.
1137 721 1423 786 Quodnam
1484 727 1601 772 erat
1673 717 1962 772 consilium

387 815 682 881 Altissimi,
718 813 824 867 nisi
861 810 1008 881 quod
1053 810 1181 864 velit
1216 811 1332 878 ipse
1368 823 1545 860 omnes
1569 807 1802 859 homines
1848 805 1963 858 sal-

385 922 474 960 vas
490 904 628 974 ﬁeri,
650 913 699 958 et
725 904 792 957 ad
810 903 1130 974 agnitionem
1152 902 1388 954 veritatis
1413 900 1584 952 venire
1600 897 1684 949 9"?

461 1084 544 1136 12.
573 1081 1007 1153 Inﬁrmatisunt,
1040 1097 1130 1134 nec
1153 1080 1256 1149 fuit
1303 1079 1392 1149 qui
1445 1077 1744 1146 adjuvaret.
1794 1073 1966 1129 Nemo

385 1176 531 1228 enim
553 1183 760 1243 poterat
789 1183 1074 1243 peccatum
1105 1173 1413 1226 destruere.

460 1265 549 1318 15.
596 1263 661 1316 Et
713 1264 777 1316 de
829 1262 1232 1317 necessitatibus
1298 1276 1480 1314 eorum
1542 1259 1790 1313 liberavit
1853 1273 1962 1312 eos.

388 1354 716 1424 Ecquaanam
752 1354 926 1422 major
950 1353 1269 1416 necessitas,
1305 1367 1470 1420 quam
1525 1359 1585 1404 ut
1639 1351 1763 1418 quis
1805 1350 1966 1403 mali-

389 1462 620 1516 gnorum
660 1446 947 1515 spirituum
979 1461 1169 1499 servus
1203 1445 1295 1508 sit,
1326 1445 1379 1496 in
1401 1443 1712 1512 ignorantia
1746 1441 1964 1508 mentis,

388 1539 559 1592 animi
586 1537 954 1600 mendicitate,
979 1545 1033 1591 et
1059 1543 1380 1605 paupertate
1429 1550 1525 1603 per
1579 1535 1840 1587 malitiam
1879 1536 1967 1586 in-

389 1632 553 1684 ducta
575 1631 600 1682 τ

461 1721 548 1775 14.
580 1720 648 1772 Et
687 1720 897 1774 vincula
932 1736 1115 1771 eorum
1173 1719 1417 1778 disrupit.
1482 1715 1638 1780 Illud,
1696 1715 1952 1784 disrupit,

389 1811 722 1878 repentinam
757 1810 956 1878 peccati
981 1808 1406 1861 destructionem
1442 1807 1663 1859 indicat.

464 1903 646 1956 15-16.
709 1901 1079 1969 Conﬁteantur
1133 1900 1359 1953 Domino
1412 1899 1787 1952 misericordia:
1827 1897 1961 1964 ejus.

391 1994 588 2048 Eadem
623 1995 735 2062 ipsa
771 1995 837 2048 de
866 1993 1142 2046 beneﬁciis
1172 1992 1290 2059 ejus
1320 1992 1530 2059 repetit.
1555 1990 1692 2054 Quia
1721 1989 1967 2042 contrivit

388 2095 569 2156 portas
600 2101 784 2139 cereas.
849 2083 1180 2136 Descensum
1220 2080 1518 2135 Salvatoris
1562 2081 1629 2134 ad
1687 2079 1964 2133 infernum

390 2173 694 2241 signiﬁcat,
765 2185 1030 2240 quocum
1088 2169 1454 2238 pervenisset,
1525 2178 1710 2237 portas
1768 2168 1966 2222 interni

390 2265 624 2333 aperuit,
661 2262 790 2314 olim
820 2262 1056 2314 vinculis
1082 2261 1491 2320 insolubilibus,
1528 2259 1785 2312 omnibus
1818 2259 1966 2312 clau-

393 2368 500 2407 sas.
547 2350 662 2404 Non
685 2351 837 2404 enim
894 2351 1128 2404 facultas
1168 2359 1285 2403 erat
1317 2349 1628 2403 volentibus
1694 2356 1968 2416 retrogre-

391 2442 444 2494 di
477 2459 491 2505 ;
523 2441 616 2495 sed
653 2441 769 2508 ipse
797 2439 1021 2494 dixitiis
1049 2440 1136 2507 qui
1171 2439 1328 2491 vincti
1375 2447 1536 2491 sunt:
1582 2437 1757 2497 Exite.
1810 2450 1859 2490 et
1894 2438 1962 2490 iis

392 2535 481 2603 qui
515 2535 570 2585 in
606 2531 868 2586 tenebris:
893 2531 1213 2585 Reuelamini
1241 2530 1280 2583 ί.

466 2624 553 2675 18.
596 2621 813 2677 Omnem
844 2637 1018 2674 escam
1050 2620 1360 2672 abominata
1387 2628 1465 2672 est
1518 2621 1700 2672 anima
1762 2633 1966 2671 eorum.

394 2713 514 2768 Non
535 2714 680 2768 enim
703 2714 892 2767 aderat
919 2712 1147 2766 verbum
1181 2710 1331 2779 quod
1365 2719 1550 2778 posset
1582 2727 1676 2765 eos
1705 2711 1967 2765 enutrire.

393 2803 573 2858 Portae
605 2813 785 2858 autem
814 2803 1011 2857 mortis
1047 2812 1173 2857 sunt
1200 2811 1421 2872 peccata
1469 2817 1590 2871 quae
1618 2802 1685 2856 ad
1737 2809 1970 2854 mortem

396 2899 626 2951 ducunt.

467 2987 554 3041 Ἡ.
581 2987 650 3040 Et
673 2989 970 3058 sacriﬁcent
999 2989 1047 3042 ei
1061 2987 1385 3056 sacriﬁcium
1417 2987 1613 3041 laudis.
1639 2987 1718 3040 Ad
1749 2995 1971 3042 sanctos

1265 331 1319 385 S.
1361 327 1735 382 ATHANASII
1773 325 1922 380 ΟΡΡ.
1964 322 2144 378 PARS
2183 321 2270 377 lli.
2316 353 2385 362 —
2423 319 2833 375 EXEGETICA.

3535 313 3649 371 45!

2136 440 2263 491 ’Ότι
2291 412 2740 504 παρεπίκραναν
2780 434 2854 487 τὰ
2899 435 3074 502 λόγια
3114 433 3236 484 τού·
3253 433 3431 484 ’Θεουι
3475 430 3655 483 006a-

2068 530 2182 600 μῶς
2208 530 2298 582 τὸν
2324 529 2464 581 θεῖον
2493 527 2922 596 παραδεχόμενοι
2953 525 3134 594 νόμον,
3165 523 3301 576 ἀλλὰ
3321 525 3436 585 τοῖς
3459 525 3652 590 σοφοῖς

2064 623 2156 675 τοῦ
2209 622 2402 683 αἰῶνος
2453 619 2641 671 τούτου
2691 618 3056 688 προνέμοντες
3099 613 3344 676 ἑαυτούς.
3381 613 3490 666 Καὶ
3530 612 3652 678 τὴν

2059 711 2302 778 ,ϐουλὴν
2337 708 2444 762 τοῦ
2490 707 2770 776 Ὑψίστου
2809 704 3190 772 παρώξυναν.
3219 703 3330 756 Καὶ
3363 702 3491 755 ποία
3517 697 3586 772 ἦν
3609 703 3652 772 ἡ

2067 804 2228 875 βουλὴ
2259 801 2352 854 τοῦ
2400 799 2676 868 Ὑψίστου,
2701 799 2733 870 ἦ
2760 797 2820 850 τὸ
2855 797 3028 849 θέλειν
3063 795 3226 848 αὑτὸν
3263 793 3492 860 πάντας
3538 794 3654 847 ἁν-

2065 891 2336 960 θρώπους
2376 889 2683 952 σώζεσθαι,
2720 885 2825 939 ’καὶ
2869 888 2957 952 εὶς
2999 886 3327 954 ἐπίγνωσιν
3361 884 3656 951 ἀληθείας

2064 982 2264 1038 ἐλθεῖν
2279 999 2298 1046 ;

2150 1071 2537 1138 Ἠσθένησαν,
2569 1067 2669 1123 καὶ
2697 1069 2809 1122 οὐκ
2835 1063 2915 1137 ἦν
2936 1069 2970 1121 ό
2988 1064 3250 1134 βοηθῶν.
3269 1064 3344 1118 Οὐ
3365 1063 3473 1136 γὰρ
3493 1062 3657 1133 ῖσχυέ

2064 1183 2148 1228 τις
2176 1165 2274 1234 τῆς
2301 1164 2573 1234 ἁμαρτίας
2605 1159 2936 1232 ποιήσασθαι
2969 1159 3070 1228 τὴν
3094 1157 3397 1229 ἀναίρεσιν.

2135 1257 2243 1309 Kal
2294 1256 2362 1308 ἐκ
2403 1254 2521 1307 τῶν
2553 1252 2830 1323 ἀναγκῶν
2871 1251 3068 1305 αὐτῶν
3114 1249 3350 1302 ἔσωσεν
3399 1247 3654 1313 αὐτούς.

2066 1348 2163 1411 Τίς
2209 1347 2316 1417 γὰρ
2367 1347 2566 1418 μείζων
2614 1348 2825 1416 ἀνάγκη
2861 1343 2955 1397 τοῦ
2996 1341 3346 1395 δεδουλῶσθαι
3376 1339 3660 1410 πνεύμασι

2067 1430 2321 1509 πονηροῖς
2358 1440 2415 1492 ἐν
2451 1439 2642 1510 ἀγνοίᾳ
2676 1438 2833 1504 Θεοῦ,
2885 1438 2979 1491 κα)⁵
3033 1435 3276 1506 πτωχείᾳ
3329 1434 3526 1505 ψυχῆς,
3556 1432 3662 1487 καὶ

2068 1529 2228 1600 πενίᾳ
2261 1531 2458 1592 κακίας
2474 1547 2488 1595 ;

2139 1722 2244 1776 Kal
2263 1723 2405 1788 τοὺς
2424 1722 2684 1791 δεσμοὺς
2703 1721 2901 1776 αὐτῶν
2917 1719 3207 1789 διέρρηξε.
3227 1719 3321 1783 Τὸ,
3348 1717 3654 1787 διέρρηξε,

2065 1813 2161 1884 τὴν
2195 1807 2392 1884 ἁθρόαν
2415 1813 2514 1881 τῆς
2541 1812 2813 1883 ἁμαρτίας
2833 1811 3151 1882 καθαίρεσιν
3183 1810 3619 1863 καταδείκνυσιν.

2148 1902 2932 1972 Ἐξομολογησάσθωσαντῷ
2951 1903 3143 1969 Κυρίῳ
3171 1901 3243 1953 τὰ
3270 1900 3411 1967 ἐλέη
3440 1901 3658 1955 αὑτοῦ.

2066 1995 2146 2050 Τά
2182 1995 2320 2049 αὑτά
2347 1995 2596 2064 δεύτερον
2633 1990 2783 2047 εἶπεν
2827 1993 2932 2044 ἐπὶ·
2952 1996 3070 2054 ταῖς
3093 1991 3435 2060 εὐεργεσίαις
3463 1989 3654 2043 αὑτοῦ.

2069 2087 2186 2137 Ὅτι
2206 2085 2532 2152 συνέτριψε
2557 2085 2754 2147 πύλας
2783 2080 3036 2151 χαλκᾶς.
3061 2079 3169 2150 Τὴν
3195 2079 3385 2150 μέχρις
3410 2079 3537 2148 ᾅδου
3559 2077 3661 2130 τοῦ

2067 2178 2318 2248 Σωτῆρος
2365 2177 2588 2230 κάθοδον
2633 2176 2907 2245 σημαίνει,
2942 2175 3008 2242 ἣν
3037 2171 3423 2242 ποιησάμενος,
3457 2171 3658 2223 ἀνεπέ-

2065 2287 2196 2322 τασε
2242 2269 2334 2321 τοῦ
2380 2269 2504 2340 ᾅδου
2538 2266 2636 2330 τὰς
2683 2267 2877 2329 πύλας,
2905 2265 3071 2318 πάλαι
3109 2263 3327 2333 δεσμοῖς
3357 2263 3663 2333 ἀρρήκτοις

2068 2360 2457 2431 κεκλεισμένας
2499 2361 2682 2412 πᾶσιν.
2721 2359 2795 2411 Οὐ
2833 2358 2942 2428 γὰρ
2965 2353 3032 2426 ἢν
3061 2355 3501 2426 παλινδρομῆσαι
3538 2352 3663 2421 βου-

2068 2449 2312 2520 λομένοις
2331 2467 2343 2479 ⁸
2375 2449 2487 2502 ἀλλ’
2514 2448 2674 2510 αὐτὸς
2705 2448 2894 2518 εἴρηκε
2918 2447 3128 2511 τοῖςέν
3145 2442 3392 2512 δεσμοῖς
3414 2459 3428 2472 ·
3459 2443 3514 2492 Ἐ
3521 2439 3663 2504 ξόλ-

2069 2543 2226 2604 θατε,
2259 2538 2358 2593 καὶ
2393 2539 2517 2605 τοῖς
2549 2539 2618 2592 ἐν
2646 2537 2723 2602 τῷ
2749 2538 2982 2590 σκότει·
3026 2535 3522 2600 Ἀνακαλύφθητε.

2142 2629 2271 2684 Πᾶν
2313 2629 2525 2698 βρῶμα
2578 2627 2942 2691 occaecato
2999 2627 3037 2694 ἡ
3088 2624 3258 2693 ψυχὴ
3304 2623 3525 2676 αὐτῶν.
3580 2623 3660 2675 Οὐ

2072 2719 2180 2790 γὰρ
2221 2717 2288 2789 ἦν
2322 2722 2351 2771 ὁ
2375 2719 2686 2790 διατρέφειν
2712 2720 2907 2780 αὐτοὺς
2947 2717 3245 2786 δυνάμενος
3275 2715 3452 2782 λόγος.
3482 2711 3664 2782 Πύλαι

2069 2811 2125 2865 δὲ
2153 2811 2384 2865 θανάτου
2413 2814 2467 2866 αἱ
2499 2811 2759 2883 φέρουσαι
2796 2810 2932 2882 πρὸς
2963 2809 3192 2862 θάνατον
3222 2807 3509 2878 ἁμαρτίαι.

2142 2992 2251 3045 Καὶ
2302 2989 2665 3048 θυσάτωσαν
2720 2989 2881 3053 αὐτῷ
2931 2986 3665 3052 θυσίανπ,αὶι·ἐσεως.⁹Επὶ

398 3079 672 3148 apostolos
705 3093 1011 3134 sermonem
1046 3078 1355 3142 convertit;
1398 3078 1500 3147 ipsi
1553 3092 1790 3146 namque
1844 3085 1973 3151 sunt

2096 3081 2198 3144 τοὺς
2238 3081 2423 3148 ἁγίους
2467 3079 2796 3142 ἀποστόλους
2838 3079 3132 3150 μεταφέρει
3163 3079 3254 3132 τὸν
3283 3078 3473 3146 λόγον’
3504 3078 3665 3130 αὐτοὶ

397 3170 492 3238 qui
526 3171 783 3240 mysteria
839 3168 974 3224 Novi
1006 3169 1342 3224 Testamenti
1397 3171 1555 3224 nobis
1607 3169 1970 3224 tradiderunt.

469 3341 558 3396 53.
593 3339 776 3395 Posuit
798 3340 1020 3409 flumina
1055 3341 1109 3395 in
1133 3343 1419 3396 desertum.
1475 3339 1786 3395 Iudaeorum
1822 3341 1976 3395 volu-

399 3432 507 3487 bile
537 3447 600 3486 ac
633 3432 940 3499 improbum
969 3447 1138 3502 genus
1167 3432 1320 3486 dicit.
1359 3430 1496 3485 Nam
1558 3448 1654 3486 eos
1700 3432 1792 3502 qui
1846 3432 1976 3486 olim

402 3519 546 3574 fame
574 3520 947 3584 tabescebant,
980 3529 1036 3575 et
1072 3521 1341 3589 spirituali
1378 3521 1502 3576 cibo
1537 3531 1758 3590 egentes
1787 3529 1972 3588 erant,

399 3619 624 3683 propter
652 3629 716 3668 ea
743 3612 970 3667 ﬂumina
999 3613 1310 3668 collocavit.

474 3704 565 3759 54.
602 3704 818 3758 Terram
842 3704 1174 3772 fructiferam
1202 3707 1258 3758 in
1285 3705 1626 3774 salsuginem.
1663 3703 1974 3760 Iudaeorum

403 3807 733 3862 synagogam
765 3793 959 3862 inquit.
1002 3792 1171 3846 Erant
1210 3794 1484 3849 damones
1512 3794 1848 3850 habitatores
1879 3804 1982 3848 ter-

401 3897 550 3935 renae
574 3882 830 3946 civitatis,
866 3898 1026 3951 quem
1053 3881 1294 3936 fructum
1323 3883 1574 3952 impietas
1607 3883 1978 3939 ferebat.Eam

401 3981 582 4026 autem
627 3973 975 4026 exsiccarunt
1017 3972 1118 4040 ipsi
1163 3973 1396 4040 apostoli
1439 3975 1552 4029 sale
1603 3975 1884 4040 doctrinae,
1913 3974 1980 4028 de

400 4063 602 4132 quibus
635 4062 710 4116 ait
737 4079 750 4113 :
793 4061 893 4114 Vos
915 4063 1038 4115 estis
1072 4061 1155 4115 sal
1184 4064 1400 4117 terrae'.

471 4252 572 4307 35.
610 4252 798 4306 Posuit
821 4254 1083 4305 desertum
1109 4255 1162 4306 in
1188 4265 1378 4324 stagna
1406 4272 1684 4325 aquarum.
1716 4255 1980 4326 Populum

405 4343 658 4414 gentilem
709 4343 1008 4413 signiﬁcat,
1045 4359 1169 4397 nam
1210 4347 1500 4400 commista
1542 4358 1626 4401 est
1675 4348 1979 4416 prophetia,

2075 3174 2183 3244 γάρ
2210 3175 2346 3225 εἰσιν
2393 3175 2440 3224 οἱ
2473 3171 2544 3224 τά
2575 3173 2848 3243 μυστήρια
2872 3172 2970 3242 τῆς
3002 3171 3210 3241 Καινῆς
3253 3171 3527 3241 Διαθήκης
3562 3187 3670 3222 πα-

2077 3263 2329 3335 ραδόντες
2363 3265 2513 3332 ἡμῖν.

2149 3357 2350 3410 Ἕθετο
2398 3353 2703 3423 ποταμοὺς
2739 3357 2826 3420 είς
2850 3357 3091 3423 ἔρημον.
3133 3354 3205 3406 Τὸ
3244 3352 3354 3406 τῶν
3391 3352 3667 3406 Ἰουδαίων

2074 3444 2300 3516 εὔρυτον
2329 3446 2586 3516 ἀδόκιμον
2619 3446 2774 3514 γένος
2820 3446 2973 3516 φησί.
3007 3447 3144 3508 Τοὺς
3174 3444 3283 3515 γὰρ
3317 3443 3485 3498 πάλαι
3515 3444 3664 3515 λιμῷ

2073 3535 2410 3606 τηκομένους
2447 3535 2541 3588 καὶ
2588 3535 2689 3605 τῆς
2732 3536 3107 3606 πνευματικῆς
3143 3535 3347 3605 τροφῆς
3373 3533 3568 3597 ἐνδεεῖς
3603 3537 3666 3586 ὲν

2076 3625 2302 3687 ἐκείνοις
2329 3623 2603 3694 κατῴκισε
2630 3627 2742 3687 τοῖς
2774 3629 3061 3696 ποταμοῖς.

2145 3715 2278 3784 Γῆν
2321 3718 2703 3784 καρποφόρον
2727 3719 2815 3782 εὶς
2849 3717 3069 3785 ἅλμην.
3095 3715 3206 3787 Τὴν
3242 3714 3352 3767 τῶν
3394 3714 3666 3768 Ἰουδαίων

2079 3807 2210 3876 φησὶ
2251 3803 2779 3877 συναγωγήνῘΗσαν
2828 3805 2938 3877 γὰρ
2981 3807 3032 3858 oi
3088 3805 3339 3875 δαίμονες
3377 3805 3666 3875 οἰκήτορες

2077 3895 2174 3964 τῆς
2209 3895 2403 3964 γηΐνης
2443 3894 2753 3958 πολιτείας·
2797 3895 3161 3966 ἐκαρποφόρει
3191 3894 3247 3946 δὲ
3271 3894 3441 3964 αὐτὴν
3473 3897 3506 3963 ἡ
3538 3896 3661 3948 ἁσέν-

2079 3983 2539 4053 6εια.Ἐξήραναν
2565 3984 2617 4036 δὲ
2650 3985 2818 4054 αὐτὴν
2849 3986 2898 4036 οἱ
2925 3985 3215 4037 ἀπόστολοι
3258 3982 3336 4052 τῷ
3382 3982 3539 4037 ἅλατι
3563 3986 3668 4058 τῆς

2079 4075 2444 4138 διδασκαλίας,
2479 4077 2608 4147 περὶ
2646 4069 2719 4129 ὧν
2763 4093 2956 4147 φησιν·
3007 4076 3188 4144 Ὑμεῖς
3221 4075 3362 4128 ἐστε
3402 4075 3472 4128 τὸ
3509 4077 3667 4143 ἅλας

2081 4165 2190 4234 τῆς
2221 4164 2349 4236 γῆςο

2156 4260 2358 4311 Ἔθετο
2391 4257 2614 4326 ἔρημον
2639 4261 2726 4323 είς
2750 4260 2969 4327 λίμνας
3001 4258 3255 4315 ὑδάτων.
3279 4262 3383 4314 Τὸν
3410 4261 3468 4328 ἐξ
3494 4261 3666 4314 ἐθνῶν

2081 4350 2424 4420 διασημαίνει
2457 4350 2582 4402 λαόν
2607 4369 2619 4380 ’
2659 4350 2962 4420 σύμμικτος
2999 4351 3107 4422 γὰρ
3144 4354 3177 4420 ἡ
3204 4355 3530 4424 προφητεία,
3555 4354 3666 4406 τῶν

405 4433 638 4487 duorum
669 4433 994 4500 populorum
1029 4431 1210 4487 ferens
1246 4449 1560 4502 personam.
1594 4433 1743 4490 Illius
1773 4437 1980 4491 scilicet

2096 4441 2174 4493 Ξύο
2205 4440 2347 4493 λαῶν
2373 4441 2702 4512 εἰσφέρουσα
2730 4443 2790 4494 τὸ
2821 4443 3138 4512 πρόσωπον·
3161 4444 3256 4497 τοῦ
3287 4447 3384 4515 μὲν
3409 4447 3508 4513 τὴν
3537 4448 3667 4499 ἀπο-

407 4521 789 4589 abjectionem,
821 4521 984 4590 hujus
1009 4521 1491 4575 introductionem.

487 4611 576 4665 56.
604 4612 672 4665 Et
698 4613 1082 4664 constituerunt
1106 4612 1345 4666 civitates
1368 4611 1736 4666 habitationis.
1770 4612 1977 4669 Bonam

406 4701 657 4756 videlicet
685 4713 738 4756 et
758 4703 1035 4757 cmlestem
1066 4704 1190 4758 vitae
1218 4704 1507 4757 rationem.

484 4794 574 4847 57.
612 4793 675 4845 Et
704 4796 978 4848 seminavit
1013 4812 1170 4865 agros
1202 4807 1249 4849 et
1286 4795 1545 4865 plantavit
1573 4795 1769 4849 vineas.
1805 4794 1980 4864 Agros

408 4884 679 4954 intelliges
715 4887 784 4939 ab
817 4886 1129 4954 hujusmodi
1177 4888 1362 4942 dicto:
1401 4887 1550 4941 Exiit
1594 4889 1684 4958 qui
1730 4889 1979 4954 seminat,

409 4974 670 5028 seminare
692 4991 867 5028 semen
894 4992 1045 5030 suum
1071 4978 1126 5028 ³ι
1157 4979 1346 5032 vineas
1382 4988 1564 5032 autem
1607 4977 1900 5041 Ecclesias,
1923 4988 1984 5033 ut

410 5063 615 5120 dictum
644 5073 766 5118 est:
807 5063 982 5119 Vinea:
1015 5066 1328 5134 ﬂoruerunt,
1357 5069 1569 5121 odorem
1599 5067 1915 5122 dederunt‘.

484 5252 573 5308 33.
609 5251 679 5305 Et
718 5253 963 5322 jumenta
1012 5269 1192 5306 eorum
1243 5270 1345 5306 non
1393 5254 1696 5306 minoravit.
1731 5253 1982 5308 Jumcnta

410 5352 570 5398 vocat
587 5360 682 5399 eos
700 5345 792 5414 qui
819 5344 1306 5398 irrationabiliorcs
1331 5352 1461 5396 sunt
1492 5343 1544 5396 in
1569 5341 1809 5397 Ecclesia
1827 5342 1981 5410 juxta

411 5437 545 5492 illud
573 5456 585 5492 :
617 5435 684 5492 Ut
699 5437 997 5507 jumentum
1030 5439 1202 5506 factus
1231 5453 1346 5488 sum
1371 5437 1510 5503 apud
1549 5439 1666 5504 te';
1703 5444 1776 5499 et,
1807 5435 1985 5490 Homi-

411 5545 502 5582 nes
529 5538 577 5582 et
593 5529 836 5598 jumenta
859 5529 1108 5592 salvabis,
1140 5529 1362 5582 Domine
1391 5529 1432 5584 ‘.

485 5665 528 5743 ξ’
563 5662 745 5743 lTim.
773 5666 912 5743 n,_4.
975 5667 1029 5743 _‘
1057 5666 1162 5722 lsa.
1195 5681 1343 5730 ms,
1369 5665 1422 5721 9.
1504 5668 1536 5741 γ’
1563 5663 1750 5720 Mallh-
1783 5666 1944 5731 v.15-

2096 5665 2264 5722 νιειιῇ.
2302 5683 2422 5737 xm,
2453 5669 2505 5725 '5.

413 5735 436 5768 ⁶
459 5733 598 5788 Psal.
636 5750 798 5804 xxxv,
829 5735 902 5790 7.-

2081 4531 2264 4601 ὁολὴν,
2297 4531 2390 4583 τοῦ
2421 4532 2476 4584 δὲ
2503 4532 2600 4602 τὴν
2631 4533 2900 4603 εἰσϐολήν.

2153 4621 2260 4675 Kal
2285 4623 2748 4689 συνεστήσαντο
2777 4627 2988 4692 πόλεις
3015 4631 3412 4694 κατοικεσιάς.
3431 4631 3668 4703 Ἀγαθὴν

2081 4713 2322 4784 δηλονότι
2356 4715 2450 4767 καὶ
2478 4716 2729 4786 οὐράνιον
2762 4717 3038 4772 πολιτείαν

2152 4805 2261 4859 Καὶ
2305 4805 2589 4875 ἔσπειρεν
2630 4809 2852 4877 ἀγροὺς
2894 4811 2991 4863 καὶ
3026 4811 3360 4879 ἐφύτευσεν
3384 4814 3665 4882 ἀμπελῶ-

2081 4917 2212 4966 νας.
2230 4902 2462 4971 Νοήσεις
2479 4903 2603 4964 τοὺς
2627 4902 2830 4972 ἀγροὺς
2849 4903 2956 4955 ἀπὸ
2977 4904 3069 4956 τοῦ
3097 4907 3379 4977 εἰρηκότος
3398 4925 3411 4937 ·
3458 4909 3553 4972 Ἐξ
3562 4908 3662 4976 n.1-

2085 4994 2188 5044 θεν
2236 4993 2268 5043 ὀ
2301 4991 2562 5057 σπείρων
2605 4991 2711 5043 τοῦ
2749 4992 2988 5059 σπεῖραι
3036 4994 3143 5047 τὸν
3193 4998 3424 5064 σπόρον
3452 4999 3664 5050 αὐτοῦ·

2083 5081 2210 5143 τοὺς
2261 5080 2317 5133 δὲ
2359 5080 2687 5151 ἀμπελῶνας
2725 5080 2825 5145 τὰς
2859 5084 3199 5156 Ἐκκλησίας,
3235 5087 3371 5141 καθὸ
3411 5091 3622 5160 εἴρηται
3645 5106 3661 5120 ο

2085 5176 2156 5226 Al
2182 5172 2435 5241 ἄμπελοι
2473 5173 2826 5241 ἐκύπρισαν,
2857 5175 3090 5230 ἔδωκαν
3121 5177 3337 5246 ὀσμήν.

2155 5260 2271 5314 Kal
2313 5261 2385 5314 τὰ
2425 5260 2615 5329 κτήνη
2659 5261 2858 5316 αὐτῶν
2889 5267 3002 5317 οὐκ
3043 5267 3424 5334 ἐσμίκρυνεν.
3471 5269 3661 5338 Κτήνη

2086 5352 2211 5415 τοὺς
2244 5353 2613 5424 ἀλογωτὲρους
2641 5354 2739 5423 τῆς
2780 5355 3102 5425 Ἐκκλησίας
3131 5359 3285 5427 φησὶ,
3320 5358 3462 5412 κατά
3485 5360 3548 5412 τὸ
3582 5361 3658 5412 ει-

2094 5443 2324 5514 ρημὲνον
2347 5459 2360 5471 ·
2389 5442 2710 5512 Κτηνώδης
2730 5445 3023 5514 ἐγενήθην
3049 5447 3206 5515 παρὰ
3235 5448 3381 5503 σοῦ’
3414 5451 3528 5512 καὶ,
3545 5452 3639 5503 Ἂν

2091 5532 2357 5601 θρώπους
2394 5535 2490 5589 καὶ
2520 5536 2709 5604 κτήνη
2733 5535 2972 5603 σώσεις,
3010 5537 3202 5608 Κύριε.

2604 5669 2623 5702 ⁸
2650 5669 2806 5725 Cant.
2840 5687 2900 5740 ιι,
2930 5671 3015 5725 i3.
3123 5673 3144 5704 '
3173 5671 3318 5727 Psal.
3366 5686 3537 5740 Lsxu,
3562 5671 3654 5728 9.3.
