3880 6216
183 323 290 378 435

1294 317 1658 374 EXPOSITIO
1699 316 1769 371 IN
1805 315 2138 373 PSALMUM
2176 315 2340 372 CVII.

3343 319 3453 376 ιδι

256 435 371 489 Καὶ
411 433 822 504 ὼλιγὼθησαν.
873 436 936 487 Οἱ
993 436 1050 488 ἐν
1095 434 1172 504 τῷ
1223 435 1471 505 προτέρῳ
1529 432 1758 504 δηλονότι

1945 433 2036 486 ⁸59.
2074 432 2143 485 Ει
2164 435 2322 502 pauci
2369 433 2500 502 {acti
2545 442 2688 488 sunt.
2711 432 2816 500 Qui
2844 434 2898 488 in
2928 434 3094 504 priori
3123 436 3330 492 scilicet
3361 454 3454 508 po-

181 528 315 582 λαῶ.

265 622 551 692 Ἑξεχύθη
613 619 1012 684 ἐξουδένωσις
1076 620 1167 672 ἐπ’
1198 620 1494 688 ἄρχοντας
1548 616 1765 671 αὐτῶν.

181 716 324 778 Τοὺς
357 715 716 784 Γραμματεῖς
765 713 860 764 καὶ
895 713 1223 784 Φαρισαίους
1249 713 1402 782 φησί.
1434 711 1545 765 Καὶ
1575 709 1764 763 ἐπλά-

177 819 374 868 νησεν
399 802 622 868 αὐτοὺς
648 803 718 854 ἑν
739 802 951 868 ἀϐάτῳ,
983 805 1097 870 οὐχ
1125 802 1260 867 ὀδῷ.
1297 801 1610 856 Πλανῶνται
1635 799 1766 870 γὰρ,

179 898 366 965 φησὶν,
394 896 759 964 ἀγνοήσαντες
782 894 872 946 τὸν
908 894 1130 948 εἰπόντα
1147 913 1158 923 ·
1199 893 1344 964 Ἐγώ
1365 897 1479 962 εἰμι
1505 894 1543 960 ἡ
1569 891 1726 956 ὁδός.

252 986 366 1040 Καὶ
396 986 691 1053 ἐϐοήθησε
719 986 930 1055 πένητι
957 987 1027 1040 ἑν
1053 989 1334 1056 πτωχείᾳ.
1375 988 1486 1041 Καὶ
1508 987 1591 1050 τίς
1619 989 1647 1039 6
1671 987 1768 1040 πέ-

176 1092 297 1146 νης,
341 1075 375 1144 ἦ
413 1077 622 1138 ἐκεῖνος
655 1076 783 1146 περὶ
825 1068 885 1128 οὗ
917 1075 1163 1147 εἴρηται’
1195 1075 1483 1144 Μακάριοι
1521 1080 1575 1130 οἱ
1611 1090 1765 1130 πτω-

175 1167 274 1235 χοὶ
310 1163 392 1230 τῷ
416 1168 708 1235 πνεύματι
727 1183 746 1229 ;
767 1166 882 1219 Καὶ
906 1167 1075 1221 ἔθετο
1102 1169 1181 1232 ὡς
1203 1169 1468 1234 πρόϐατα
1492 1168 1762 1236 πατριάς.

189 1256 374 1319 Ἰδίας,
409 1259 594 1326 φησὶν,
630 1257 910 1326 ἐλογίσατο
934 1258 1032 1321 τὰς
1079 1261 1143 1312 ἐκ
1183 1259 1292 1312 τῶν
1326 1260 1568 1331 πατριῶν
1597 1261 1768 1314 ἀπάν-

173 1365 289 1402 των
323 1350 696 1419 συναγομένας
726 1351 946 1418 ἀγέλας.

250 1444 536 1510 Ὄψονται
568 1443 762 1508 εὐθεῐς
789 1445 887 1496 καὶ
914 1445 1454 1512 εὐφρανθήσονται.
1487 1446 1597 1497 Καὶ
1622 1445 1768 1510 τίνες

173 1535 223 1586 o!
271 1534 472 1599 ευθεῖς,
515 1535 548 1605 ἢ
584 1537 713 1606 περὶ
761 1529 834 1589 ὧν
868 1536 1116 1605 εἴρηται·
1166 1536 1350 1604 Ὑμῶν
1384 1538 1452 1590 δὲ
1490 1539 1769 1608 μακάριοι

173 1627 229 1676 οἱ
267 1625 589 1693 ὀφθαλμοὶ,
639 1626 728 1679 ὅτι
773 1628 1144 1691 βλέπουσιν.
1186 1627 1298 1681 Καὶ
1332 1627 1500 1682 πᾶσα
1551 1632 1768 1700 ἀνομία

172 1713 467 1782 ἐμφράξει
497 1715 563 1769 τὸ
601 1718 794 1787 στόμα
827 1717 1039 1786 αὐτῆς.
1078 1717 1220 1784 Θεὸς
1251 1722 1285 1772 ό
1318 1719 1581 1786 δικαιῶν,
1608 1724 1698 1789 τίς
1735 1727 1769 1776 ὀ

171 1806 553 1872 κατακρίνων
567 1847 582 1870 ,

474 1899 612 1968 ’ῼδὴ
650 1903 968 1954 ΨΑΛΜΟΥ
993 1900 1072 1966 τῷ
1101 1901 1303 1956 Δαυΐδ.
1343 1906 1472 1958 PZ'.

816 1991 1145 2058 Ὑπόθεσις.

171 2078 285 2132 Καὶ
317 2079 376 2130 ἐν
420 2080 594 2150 τούτῳ
643 2084 676 2154 ἡ
725 2087 994 2152 παρουσία
1018 2087 1111 2139 τοῦ
1141 2089 1344 2159 Κυρίου
1371 2092 1404 2160 ἡ
1435 2090 1512 2152 είς
1539 2093 1604 2143 τὰ
1638 2090 1766 2163 ἔθνη

242 2173 510 2244 γενομένη
543 2174 1037 2249 κηρύττεται.Ἤδη
1081 2180 1137 2232 δὲ
1173 2183 1388 2235 πάντων
1428 2183 1535 2235 τῶν
1570 2183 1767 2253 στίχων

241 2261 356 2316 τῶν
399 2265 456 2314 ἐν
486 2265 564 2334 τῷ
593 2267 821 2338 παρόντι
853 2269 1052 2342 ψαλμῷ
1099 2273 1156 2324 ἐν
1187 2277 1300 2337 τοῖς
1327 2275 1501 2328 ὀπίσω
1534 2277 1767 2346 ψαλμοῖς

242 2355 720 2427 ἑρμηνευομένων,
751 2363 1004 2432 περιττὸν
1039 2364 1105 2417 ἂν
1131 2367 1214 2436 εἴη
1250 2367 1412 2420 πάλιν
1445 2371 1558 2431 τοῖς
1583 2368 1766 2430 αὐτοῖς

239 2449 552 2518 χρήσασθαι
579 2453 659 2515 είς
688 2455 982 2525 ἑρμηνείαν
1013 2457 1118 2511 τῶν
1156 2461 1550 2530 προκειμένων.

251 2539 490 2610 Ἑτοίμη
520 2546 555 2612 ἡ
587 2546 799 2613 καρδία
830 2566 971 2616 μου,
1013 2554 1046 2604 ὁ
1077 2553 1239 2618 Θεός.
1267 2555 1376 2606 Καὶ
1404 2556 1462 2606 ἐν
1489 2554 1663 2623 τούτῳ
1686 2553 1764 2624 τῷ

165 2632 373 2703 ψαλμῷ
403 2637 436 2705 ἡ
471 2639 745 2708 παρουσία
789 2640 881 2692 τοῦ
930 2643 1136 2712 Κυρίου
1169 2648 1201 2713 ἡ
1233 2647 1312 2708 είς
1351 2645 1420 2698 τά
1459 2624 1585 2717 έθνη
1614 2663 1766 2714 γενο-

169 2726 312 2795 μένη
353 2728 854 2801 κηρύττεται.Ἥδη
899 2733 957 2784 δὲ
1006 2734 1115 2786 τῶν
1168 2735 1364 2805 στίχων
1417 2737 1620 2790 τούτων
1665 2739 1764 2810 τὴν

167 2818 471 2888 ἑρμηνείαν
499 2822 555 2873 ἐν
586 2820 663 2891 τῷ
693 2821 767 2874 νϐ’
791 2822 990 2894 ψαλμῷ
1021 2825 1368 2898 τεθείκαμεν.

252 2909 643 2978 Ἐξεγέρθητι,
679 2914 718 2980 ἡ
748 2912 899 2978 δόξα
921 2933 1063 2983 μου.
1105 2916 1244 2982 Δόξα
1275 2919 1330 2970 δὲ
1361 2917 1526 2970 αὑτοῦ
1559 2921 1593 2990 ἡ
1638 2919 1767 2973 θεω-

168 3002 373 3075 ρητικὴ
427 3006 520 3056 καὶ
566 3007 844 3077 πρακτικὴ
897 3007 1030 3073 ἕξις,
1059 3009 1180 3061 καθ’
1216 3010 1281 3081 ἢν
1327 3011 1596 3065 διάκειται
1629 3013 1766 3083 πρὸς

164 3095 269 3166 τὴν
304 3094 504 3168 ἠθικὴν
534 3101 627 3152 καὶ
660 3100 1046 3170 διακονητικὴν
1072 3103 1297 3173 ἀρετήν.

243 3187 378 3240 Ὅτι
411 3189 565 3258 μέγα
607 3190 808 3243 ἐπάνω
852 3190 972 3243 τῶν
1000 3191 1273 3258 οὐρανῶν
1316 3193 1384 3244 τὸ
1418 3193 1590 3258 ἔλεός
1621 3207 1759 3249 σευ.

164 3277 437 3332 Τοσοῦτόν
488 3297 582 3332 σου
632 3281 696 3332 τὸ
743 3281 908 3345 ἕλεος,
945 3283 1020 3345 ὡς
1063 3283 1410 3354 ὑπερϐαίνειν
1440 3283 1578 3353 ’ὕψος
1602 3284 1764 3356 οὐρά-

162 3387 302 3434 νιον,
342 3371 437 3423 καὶ
473 3372 746 3442 πανταχοῦ
793 3374 1097 3445 διᾴττουσιν
1143 3377 1200 3428 αἱ
1232 3377 1330 3447 τῆς
1379 3377 1476 3446 σῆς
1505 3376 1763 3448 ἀληθείας

161 3462 407 3525 ἀκτῖνες,
436 3462 730 3533 προφητῶν
784 3466 876 3516 καὶ
923 3464 1240 3518 ἀποστόλων
1291 3467 1386 3518 καὶ
1427 3465 1762 3520 διδασκάλων

161 3555 288 3615 ταῖς
321 3553 538 3622 ἐκείνης
579 3554 790 3625 ῥανίσιν
818 3556 1155 3627 ἀρδευόντων
1187 3557 1285 3628 τὴν
1310 3559 1434 3628 γῆν.

255 3645 540 3714 Ὑψώθητι
565 3646 664 3698 ἐπὶ
693 3647 834 3712 τοὺς
855 3647 1170 3714 οὐρανοὺς,
1197 3650 1229 3699 o'
1258 3650 1422 3713 Θεός.
1442 3648 1560 3702 Ἀπ’
1586 3649 1762 3719 ἀρχῆς

164 3739 332 3811 μέχρι
375 3738 476 3808 τῆς
516 3739 796 3807 παρούσης
826 3738 1025 3805 λέξεως
1052 3741 1081 3790 6
1107 3739 1271 3802 αὐτός
1313 3743 1428 3793 ἐστι
1462 3739 1537 3810 τῷ
1571 3758 1763 3810 πεντη-

162 3829 346 3900 κοστῷ
376 3829 521 3899 ’έκτῳ
540 3829 761 3901 ψαλμῷ,
786 3831 880 3883 καὶ
905 3832 1012 3884 ἀπὸ
1035 3831 1241 3903 ταύτης
1273 3833 1434 3903 μέχρι
1467 3833 1653 3895 τέλους
1683 3833 1760 3903 τῷ

161 3921 520 3993 πεντηκοστῷ
553 3924 776 3993 ἐννάτῳ.
804 3925 911 3976 Καὶ
942 3924 1153 3996 εἴρηται
1181 3925 1248 3978 τά
1272 3925 1474 3978 εἰκότα.

1066 4101 1091 4112 ρ

247 4103 668 4172 Ύψωθὴσομαι
698 4103 798 4156 καὶ
826 4101 1099 4173 διαμεριῶ
1127 4107 1170 4156 Σ
1175 4104 1358 4172 ι’χιμα.
1389 4101 1469 4156 Τά
1493 4101 1600 4154 τῶν
1629 4103 1761 4155 Ἰου-

160 4197 330 4250 δαίων
362 4197 595 4267 ἕγκριτα
631 4197 724 4249 καὶ
757 4197 1010 4267 ἐξαίρετα
1041 4197 1379 4268 διαμερίζειν
1421 4199 1533 4259 τοῖς
1581 4195 1758 4248 ἔθνεσι

160 4292 258 4342 καὶ
304 4291 385 4352 είς
425 4288 793 4360 κληρονομίαν
836 4292 1203 4359 καταμετρεῖ-ι
1250 4287 1388 4358 μετά
1432 4289 1606 4358 χαρᾶς
1659 4288 1759 4338 ὑπ-

160 4384 373 4452 έσχετο.
394 4382 482 4444 Ὠς
517 4382 625 4452 γὰρ
660 4381 861 4448 ἀγαθὸς
911 4382 1094 4452 πατὴρ
1127 4381 1305 4451 χαίρει
1340 4381 1568 4443 πολλοὺς
1609 4381 1758 4442 υἱοὺς

1877 525 2005 592 pulo
2027 533 2201 578 erant.

1947 615 2038 669 40.
2066 614 2259 684 Effusa
2290 624 2366 669 est
2402 619 2721 687 contemptio
2757 634 2912 687 super
2949 620 3209 688 principes
3247 637 3450 678 eorum.

1879 705 2100 762 Scribas
2115 717 2168 762 et
2185 707 2491 766 Pharisaeos
2514 711 2666 766 dicit.
2691 711 2754 764 Et
2773 729 2951 765 errare
2966 713 3085 782 fecit
3108 730 3194 767 eos
3217 716 3270 768 in
3289 718 3450 781 invio,

1875 809 1921 851 et
1967 815 2069 853 non
2104 800 2157 852 in
2200 802 2305 855 via.
2335 800 2534 856 Errant
2569 803 2752 868 enim,
2781 804 2978 874 inquit,
3022 806 3151 875 quia
3198 807 3464 876 ignorant.

1874 905 1998 944 eum
2021 892 2114 960 qui
2147 892 2285 946 dixit
2319 913 2331 946 :
2369 892 2482 963 Ego
2508 911 2625 948 sum
2658 896 2805 949 via".

1946 984 2036 1036 41.
2068 983 2136 1036 Et
2159 985 2365 1054 adjuvit
2388 1003 2672 1056 pauperem
2695 990 2751 1043 in
2774 991 2974 1060 inopia.
3001 991 3202 1064 Ecquis
3223 1010 3451 1065 pauper,

1875 1072 1980 1126 nisi
2035 1073 2103 1128 de
2149 1090 2259 1144 quo
2303 1076 2510 1137 dictum
2540 1086 2655 1134 est:
2703 1079 2858 1134 Beati
2889 1099 3142 1153 pauperes
3170 1089 3360 1156 spiritu
3385 1088 3453 1140 8?

1876 1161 1943 1215 Et
1977 1167 2150 1232 posuit
2177 1169 2312 1220 sicut
2357 1185 2474 1223 oves
2516 1169 2773 1238 familias.
2807 1173 3086 1244 Proprios,
3116 1178 3312 1248 inquit,
3347 1180 3453 1240 sibi

1873 1252 2209 1309 existimavit
2233 1272 2424 1327 greges
2449 1273 2517 1312 ex
2550 1261 2803 1316 omnibus
2845 1263 3066 1321 familiis
3104 1279 3346 1326 coactos.

1946 1440 2036 1494 42.
2083 1441 2342 1498 Videbunt
2380 1451 2506 1502 recti
2545 1458 2595 1503 et
2640 1451 2986 1510 laetabuntur.
3023 1455 3324 1527 Ecquinam
3361 1479 3450 1519 re-

1875 1534 1946 1586 cti
1984 1536 2091 1589 nisi
2129 1538 2194 1591 de
2235 1541 2434 1606 quibus
2462 1543 2667 1598 dictum
2718 1556 2804 1600 est
2837 1566 2850 1601 :
2882 1547 3055 1603 Vestri
3097 1563 3274 1606 autem
3311 1559 3452 1615 oculi

1877 1624 2014 1680 beati
2050 1630 2177 1697 quia
2221 1631 2395 1685 vident
2428 1633 2470 1686 θ.
2497 1632 2565 1685 Et
2595 1638 2764 1689 euntis
2793 1639 3047 1709 iniquitas
3092 1645 3344 1712 oppilabit
3394 1666 3452 1702 os

1875 1733 2028 1770 suunt
2056 1720 2119 1773 ¹⁰.
2155 1720 2292 1774 Deus
2315 1724 2404 1791 qui
2432 1716 2712 1794 iustiﬁcat,
2738 1730 2854 1797 quis
2876 1741 2954 1784 est
2977 1734 3067 1800 qui
3091 1735 3440 1792 condemnet?

2044 1898 2084 1951 Ι.
2112 1897 2387 1952 Canticum
2415 1899 2688 1956 PSALMI
2727 1905 2829 1972 ipsi
2858 1904 3050 1961 David.
3084 1906 3273 1962 CVII.

2451 1990 2861 2061 Argumentum.

1866 2073 1922 2128 In
1957 2077 2061 2131 hoc
2087 2094 2305 2148 quoque
2333 2081 2545 2150 psalmo
2573 2085 2842 2142 adventus
2875 2087 3094 2144 Domini
3147 2092 3214 2146 ad
3259 2104 3448 2163 gentes

1938 2167 2288 2234 przedicatur.
2352 2168 2490 2222 Cum
2550 2183 2735 2226 autem
2785 2191 2982 2231 versus
3036 2194 3228 2235 omnes
3282 2184 3452 2254 hujus

1938 2261 2136 2327 psalmi
2184 2261 2238 2314 in
2287 2265 2720 2332 praecedentibus
2772 2270 3030 2338 explicati
3077 2273 3300 2342 fuerint,
3355 2294 3450 2332 su-

1936 2368 2331 2421 pervacanequ
2367 2367 2512 2413 esset
2544 2360 2736 2415 iisdem
2769 2361 2903 2430 ipsis
2935 2365 3012 2418 uti
3037 2366 3104 2420 ad
3127 2367 3340 2423 horum‘
3361 2371 3450 2424 in-

1870 2469 1876 2478 -
1938 2447 2380 2513 terpretationem
2395 2488 2408 2500 .

1940 2535 1992 2590 2.
2039 2536 2297 2592 Paratum
2342 2557 2433 2594 cor
2495 2557 2687 2609 meum,
2741 2543 2905 2600 Deus.
2963 2547 3020 2602 ln
3080 2551 3187 2607 hoc
3229 2570 3450 2624 quoque

1865 2630 2076 2698 psalmo
2105 2630 2370 2687 adventus
2399 2633 2615 2688 Domini
2646 2635 2714 2688 ad
2743 2647 2931 2707 gentes
2959 2643 3306 2710 praedicatur.
3339 2646 3446 2702 Ho-

1867 2735 1989 2772 rum
2043 2737 2175 2774 vero
2224 2725 2644 2792 explicationem
2695 2728 2753 2781 in
2800 2731 3258 2803 quinquagesimo
3301 2753 3447 2792 nono

1866 2813 2078 2881 psalmo
2112 2816 2416 2871 attulimus.

1938 2905 1990 2958 5.
2009 2904 2272 2977 Exsurge,
2298 2909 2469 2978 gloria
2489 2927 2625 2965 mea.
2647 2912 2830 2968 Gloria
2854 2925 3037 2970 autem
3057 2919 3175 2989 ejus
3189 2922 3446 2978 estbabi-

1868 3005 1957 3049 tus
1976 3000 2381 3068 contemplandi
2407 3012 2460 3053 et
2488 3004 2705 3072 agendi,
2731 3009 3032 3060 secundum
3061 3025 3222 3078 quem
3239 3012 3305 3065 ad
3331 3027 3448 3068 mo-

1869 3090 2036 3142 ralem
2073 3099 2128 3145 et
2165 3091 2696 3149 administratoriam
2725 3097 2977 3152 virtutem
3005 3111 3086 3154 est
3114 3117 3442 3172 propensus.

1933 3181 1987 3236 5.
2023 3181 2164 3246 Quia
2204 3201 2395 3256 magna
2424 3198 2500 3241 est
2531 3205 2688 3258 super
2722 3192 2878 3244 caelos
2918 3194 3286 3249 misericordia
3329 3207 3442 3251 tua.

1866 3272 2038 3328 Tanta
2059 3285 2142 3330 est
2168 3278 2547 3335 misericordia
2579 3291 2693 3346 tua,
2718 3292 2780 3338 ut
2806 3285 3069 3340 cwlorum
3101 3289 3445 3346 altitudinem

1864 3376 2179 3436 exsuperet,
2212 3378 2266 3424 et
2302 3373 2504 3442 ubique
2531 3375 2847 3431 transiliunt
2879 3381 3126 3435 veritatis
3147 3390 3252 3436 tua:
3279 3385 3443 3450 radii,

1864 3460 2169 3528 prophetis,
2222 3465 2488 3532 apostolis
2535 3474 2592 3520 et
2633 3469 2914 3540 magistris
2950 3478 3152 3526 terram
3197 3488 3293 3543 per
3321 3474 3444 3545 ejus

1865 3552 2041 3605 stillas
2072 3553 2451 3623 irrigantibns.

1935 3644 1988 3698 6.
2026 3645 2281 3700 Exaltare
2309 3666 2464 3718 super
2489 3651 2666 3717 emtas,
2700 3652 2856 3708 Deus.
2887 3655 2971 3710 Ab
2998 3655 3155 3712 initio
3187 3658 3253 3712 ad
3295 3659 3444 3716 hunc

1856 3734 2081 3791 Versum
2127 3755 2302 3808 usque
2339 3741 2480 3794 idem
2521 3751 2604 3798 est
2649 3743 2739 3798 hic
2785 3747 3032 3814 psalmus
3077 3757 3242 3818 atque
3279 3753 3444 3820 quin-

1863 3829 2212 3898 quagesimus
2231 3840 2436 3897 sextus,
2455 3833 2524 3886 ab
2541 3834 2643 3887 hoc
2660 3844 2841 3890 autem
2862 3852 3017 3893 versu
3036 3840 3103 3893 ad
3121 3841 3284 3895 ﬁnem
3301 3845 3441 3898 idem

1863 3927 2027 3989 atque
2049 3921 2536 3992 quinquagesimus
2575 3941 2774 3982 nonus.
2803 3928 2870 3983 Et
2904 3930 3019 4000 jam
3054 3947 3176 4002 qua:
3214 3950 3442 4005 compe-

1862 4013 2046 4067 tebant
2078 4013 2219 4068 dicta
2261 4024 2406 4070 sunt.

1930 4108 1982 4162 8.
2023 4106 2321 4161 Exaitabor
2355 4118 2405 4162 et
2447 4109 2682 4163 dividam
2728 4109 2991 4166 Sichima.
3047 4113 3327 4171 Promittit
3377 4133 3439 4174 se

1861 4199 2169 4255 Judaeorum
2202 4202 2648 4269 praestantissima
2673 4212 2727 4257 et
2765 4205 3159 4274 pretiosissima
3184 4210 3436 4276 gentibus

1861 4294 2164 4348 divisurum
2202 4304 2254 4348 et
2285 4295 2338 4348 in
2383 4295 2754 4350 haereditatem
2802 4297 3246 4352 distributurum.
3297 4299 3436 4358 Nam

1861 4395 2044 4454 utpote
2066 4387 2240 4441 bonus
2271 4395 2442 4456 pater,
2477 4388 2617 4442 ﬁlios
2648 4389 2847 4444 multos
2883 4406 3005 4444 cum
3034 4394 3230 4461 gaudio
3258 4397 3436 4449 susci-

157 4475 604 4546 προσλαμϐάνων
640 4475 733 4526 καὶ
774 4473 1072 4545 κτώμενος.
1116 4474 1464 4545 Συμϐολικῶς
1501 4475 1557 4526 δὲ
1588 4473 1757 4526 ταῦτα

1881 4477 1940 4530 )it
1969 4486 2022 4531 et
2050 4479 2311 4547 possidet.
2347 4478 2473 4534 Haec
2519 4495 2682 4549 porro
2717 4482 2963 4551 ﬁgurate,
3000 4492 3054 4538 et
3078 4499 3174 4554 per
3199 4487 3434 4556 aenigma

157 4569 256 4621 καὶ
301 4567 370 4619 δι’
397 4568 717 4637 αἰνίγματος
765 4566 1132 4636 αἰνιττόμενος
1160 4566 1471 4635 φθέγγεται.
1493 4566 1616 4618 Ἐπὶ
1649 4566 1758 4635 γὰρ

153 4665 225 4732 τῇ
276 4661 485 4714 κοιλάδι
532 4661 640 4713 τῶν
691 4659 858 4713 ἐθνῶν
886 4659 1082 4730 χωρίον
1122 4657 1279 4709 τοῦτο
1321 4659 1420 4728 τῆς
1458 4659 1627 4728 Σιχέμ
1659 4658 1751 4709 καὶ

153 4758 365 4827 Σίχιμα
397 4755 698 4826 λεγομένης
734 4755 1048 4825 ἐτύγχανεν.
1068 4756 1126 4807 ὐ
1172 4752 1387 4819 Ἰακὼϐ,
1419 4755 1482 4805 ἐκ
1511 4754 1753 4804 Μεσοπο-

151 4854 360 4925 ταμίας
388 4852 595 4915 ἀναϐὰς
645 4850 784 4922 μετά
830 4851 938 4903 τῶν
985 4851 1210 4911 τέκνων,
1241 4847 1455 4918 ᾤκησεν
1494 4845 1622 4897 ἔνθα
1651 4843 1748 4914 τὴν

152 4945 320 4999 Δείνα
348 4943 622 5012 θυγατέρα
643 4941 736 4994 τοῦ
783 4941 976 4993 Ἰακὼό
1022 4940 1207 5010 Ἐμὼρ
1243 4939 1271 4989 6
1302 4937 1416 4999 υἱὸς
1444 4936 1537 4988 τοῦ
1583 4936 1750 5005 Σιχέμ

151 5035 412 5108 ἐρασθεὶς
462 5035 680 5106 ἥρπασε
714 5034 809 5086 καὶ
839 5032 1112 5106 ἔφθειρεν.
1145 5031 1207 5082 Οί
1254 5028 1365 5098 γὰρ
1413 5027 1506 5080 τοῦ
1555 5026 1747 5079 Ἰακὼϐ

152 5127 348 5189 παῖδες
387 5126 548 5178 αὐτὸν
576 5125 714 5195 μετὰ
745 5123 944 5186 παντὸς
969 5120 1098 5175 λαοῦ
1129 5115 1476 5187 κατέσφαξαν
1506 5117 1748 5187 ἀπαντή-

154 5237 375 5283 σαντες.
406 5219 562 5272 Οὒτω
610 5219 681 5270 τά
727 5217 946 5288 Σίχιμα,
979 5214 1090 5267 τῶν
1141 5212 1356 5284 σκηνῶν
1392 5211 1596 5274 κοιλὰς,
1626 5211 1746 5262 κτί-

153 5330 341 5384 σματα
371 5312 467 5365 τοῦ
501 5311 837 5382 πατριάρχου
865 5306 1251 5377 γέγονε.Τοῦτο
1273 5305 1448 5358 τοίνυν
1469 5303 1528 5356 τὸ
1550 5302 1745 5372 χωρίον

155 5405 400 5476 μερίζων
445 5402 640 5456 Ἰακὼό
689 5405 802 5463 τοῖς
850 5400 1027 5462 παισὶ,
1084 5397 1174 5450 τὸν
1224 5395 1424 5466 κλῆρον
1454 5393 1744 5479 ἐξαίρετον

162 5497 365 5568 Ἰωσὴφ
397 5497 692 5565 ἀπένειμεν
714 5511 726 5522 ·
765 5493 950 5562 ἐπειδὴ
982 5493 1094 5553 τοῖς
1120 5489 1366 5556 ἀδελφοῖς
1397 5487 1513 5539 νέος
1539 5485 1613 5537 ὢν
1645 5486 1743 5536 οὐκ

149 5588 430 5644 δκοινώνει
481 5587 578 5640 τοῦ
621 5587 916 5658 δράματος.
950 5583 1060 5635 Καὶ
1090 5581 1279 5634 τούτου
1324 5581 1482 5649 χάριν
1512 5595 1744 5648 καταμε-

224 5705 242 5735 ⁷
276 5703 435 5757 Joan.
461 5717 571 5769 xiv,
591 5699 643 5754 6.
724 5699 746 5732 ⁸
771 5696 959 5753 Matth.
988 5713 1043 5765 ν,
1079 5696 1132 5751 5.
1209 5697 1229 5727 ⁸
1258 5693 1445 5751 Matth.
1479 5710 1600 5762 xm,
1638 5694 1724 5748 16.

1865 4581 2029 4639 atque
2056 4571 2289 4626 obscure
2322 4573 2586 4643 loquitur.
2623 4573 2682 4628 In
2722 4576 2864 4629 valle
2892 4591 3128 4646 namque
3164 4581 3430 4649 gentium,

1856 4661 2011 4716 locus
2044 4662 2151 4724 hic,
2186 4662 2403 4716 Sichem
2441 4675 2534 4719 aut
2565 4665 2806 4719 Sicbima
2837 4667 2975 4722 situs
3016 4680 3131 4723 erat
3163 4687 3176 4723 :
3219 4671 3274 4723 in
3321 4686 3432 4739 quo

1854 4751 2024 4807 Jacob
2058 4770 2181 4808 cum
2219 4769 2286 4808 ex
2329 4756 2717 4826 Mesopotamia
2747 4761 3104 4826 ascendisset,
3138 4777 3262 4815 cum
3303 4762 3432 4818 ﬁliis

1854 4847 1971 4901 suis
2007 4847 2288 4903 habitavit.
2317 4848 2420 4904 Ubi
2455 4849 2646 4904 Di‘nam
2674 4850 2863 4906 Jacobi
2896 4853 3061 4907 ﬁliam
3091 4853 3258 4909 Emor
3285 4854 3430 4910 ﬁlius

1858 4938 2307 5009 Sichem,puellm
2332 4943 2734 5011 pulchritudine
2761 4953 2972 5013 captus,
2998 4945 3179 5015 rapuit
3199 4958 3251 5001 et
3272 4949 3431 5002 vitia-

1854 5026 1949 5078 vit.
1987 5025 2123 5079 Tum
2151 5027 2245 5080 ﬁlii
2271 5028 2439 5083 Jacob
2473 5046 2596 5084 eum
2628 5046 2751 5084 cum
2788 5034 2935 5086 omni
2967 5036 3168 5103 populo
3204 5051 3306 5090 suo
3331 5038 3430 5090 ob-

1854 5127 2195 5172 truncarunt.
2230 5118 2308 5173 Ita
2341 5118 2603 5185 Sichima,
2635 5124 2899 5179 convallis
2927 5125 3424 5191 tabernaculorum,

1854 5211 1922 5264 ad
1976 5211 2382 5280 possessionem
2446 5216 2769 5282 patriarcha:
2823 5217 3078 5273 devoluta
3112 5229 3212 5273 est.
3265 5219 3428 5274 Hunc

1853 5301 2054 5370 itaque
2073 5303 2250 5379 locum
2275 5301 2442 5358 Jacob
2467 5321 2588 5360 cum
2614 5314 2812 5360 terram
2844 5307 2970 5366 ﬁliis
2999 5310 3111 5363 suis
3136 5309 3422 5374 divideret,

1847 5395 2003 5462 quasi
2042 5396 2370 5464 praecipuam
2416 5406 2617 5451 sortem
2662 5396 2899 5468 Josepbo
2941 5399 3090 5453 dedit
3129 5399 3294 5468 :quia
3331 5400 3424 5469 ju-

1845 5489 2001 5541 venis
2079 5502 2204 5540 cum
2280 5499 2462 5555 esset,
2526 5491 2799 5559 ejusmodi
2867 5491 3128 5547 facinoris
3192 5505 3423 5550 consors

1842 5596 1967 5636 cum
2038 5579 2300 5634 fratribus
2365 5597 2475 5638 non
2546 5581 2757 5645 fuisset.
2808 5580 3041 5652 Ideoque
3094 5597 3156 5639 se
3211 5581 3421 5641 dii‘iBL—

1807 5693 1846 5723 ιο
1874 5691 2032 5748 Rom.
2067 5705 2184 5757 \‘lll,
2229 5691 2317 5746 55.
