3880 6216
450 276 560 332 455

1286 276 1344 331 S.
1385 272 1756 330 ATHANA’SII
1796 272 1946 328 OPP.
1991 272 2171 327 PARS
2209 272 2295 330 Ill.
2336 305 2405 315 —-
2446 274 2859 333 EXEGETICA.

3606 281 3715 335 ιδο

448 404 572 443 rum
603 386 1120 452 etdistribnturum,
1169 396 1228 441 ut
1254 388 1689 458 praestantiorem
1726 386 1873 440 illam
1899 383 2025 437 novi

2143 388 2278 455 τρεῖν
2329 387 2424 440 καὶ
2470 382 2711 458 μερίζειν
2751 386 3170 457 ἐπαγγέλλεται·
3201 388 3289 441 ἵνα
3310 387 3408 460 τὴν
3439 388 3721 462 ἐξαίρετον

446 482 649 551 Ioseph
686 479 889 535 Christi
921 481 1289 535 hereditatem
1332 484 1561 553 ﬁgurate
1590 480 1861 549 intelligas
1888 493 2023 547 gen-

450 576 597 630 tibus
614 573 965 626 dividendam
992 588 1134 627 esse.

631 662 671 716 l.
706 659 771 714 1n
801 663 979 731 ﬁnem,
1012 658 1350 715 PSALMUS
1381 656 1568 711 David.
1601 652 1824 710 CVIII.

1036 754 1441 824 Argumentum.

444 844 691 900 Prmsens
724 845 968 915 psalmus
1013 849 1299 915 passiones
1326 843 1531 898 Christi
1565 840 1858 910 signiﬁcat,
1895 855 2024 894 nec-

514 954 622 993 non
656 939 921 1008 supplicia
958 938 1025 993 de
1065 937 1202 991 Iuda
1241 945 1295 990 ct
1342 937 1408 990 de
1454 934 1654 1004 populo
1677 932 1905 986 Iudaico
1929 948 2023 986 su-

517 1031 730 1084 menda.
756 1030 1105 1099 Quaecunque
1136 1042 1297 1096 porro
1318 1028 1370 1080 in
1407 1027 1512 1080 hoc
1538 1024 1750 1093 psalmo
1782 1021 2021 1092 optando

512 1122 791 1187 dicuntur,
818 1122 1130 1191 prophetice
1150 1120 1334 1173 omnia
1363 1119 1506 1172 dicta
1539 1117 1710 1170 fuisse
1738 1116 2020 1170 sciendum

510 1224 616 1268 est.
655 1213 724 1268 Ut
761 1229 885 1268 cum
930 1214 1059 1268 dicit
1093 1232 1105 1265 :
1140 1211 1391 1265 Diabolus
1428 1219 1529 1263 stet
1568 1226 1601 1261 a
1648 1208 1847 1261 dextris
1881 1206 2017 1270 eius,

512 1305 736 1374 perinde
762 1319 845 1359 εει
865 1320 929 1358 ac
960 1305 1005 1359 si
1026 1305 1229 1358 diceret
1262 1324 1273 1355 ε
1309 1301 1505 1355 Stabit.
1539 1299 1657 1353 Non
1690 1300 1838 1353 enim
1868 1307 2021 1367 optat

512 1407 573 1451 ut
608 1397 659 1451 id
703 1398 951 1463 eveniat;
989 1397 1086 1451 sed
1121 1412 1243 1465 quae
1281 1396 1399 1463 ejus
1441 1393 1808 1463 improbitatis
1852 1405 2015 1445 causa

513 1499 777 1544 eventura
822 1491 932 1543 sint
983 1490 1097 1558 ipse
1137 1488 1466 1557 praenuntiat
1506 1504 1519 1538 :
1560 1485 1707 1555 quod
1743 1484 1908 1538 etiam
1953 1483 2020 1535 de

509 1583 634 1637 aliis
685 1584 935 1637 similiter
988 1582 1301 1635 dicendum.
1355 1578 1606 1633 Habeant
1662 1577 1760 1643 illi,
1818 1576 2015 1645 inquit,

510 1675 960 1736 calumniatores,
979 1672 1071 1741 qui
1097 1688 1203 1726 non
1229 1670 1527 1724 abscedant
1552 1669 1620 1722 ab
1646 1669 1744 1722 eis.
1766 1666 1823 1720 Si
1852 1680 2016 1735 porro

498 1764 839 1835 judicentur,
878 1735 953 1817 ab
987 1735 1095 1817 illis
1141 1763 1489 1816 damnentur.
1528 1759 1641 1814 lmo
1686 1760 1851 1813 etiam
1890 1758 1933 1812 si
1967 1766 2019 1811 te
2049 1735 2091 1790 Β

513 1854 568 1908 in
597 1864 841 1923 tempore
873 1852 1140 1923 angustis:
1169 1852 1561 1917 invocaverint,
1589 1852 1638 1904 id
1668 1851 1774 1905 illis
1808 1850 1862 1902 in
1891 1864 2017 1917 pec-

501 1953 688 1999 catum
715 1953 1079 2012 computetur,
1105 1952 1355 1997 revocata
1379 1951 1730 2011 peccatorum
1768 1940 2011 2009 ipsorum

508 2035 795 2091 memoria.
843 2036 969 2090 Dies
1010 2051 1201 2090 eorum
1253 2034 1531 2098 abbrevia,
1568 2040 1629 2087 ut
1658 2032 1791 2101 ipsis
1835 2031 2015 2084 adhuc

505 2127 814 2181 viventibus
864 2142 929 2180 ac
974 2127 1303 2190 videntibus,
1344 2126 1661 2193 dignitatem
1705 2124 1853 2185 illam
1905 2136 2014 2190 qua

506 2233 786 2287 nunquam
838 2220 1165 2287 vere-potiti
1208 2227 1339 2274 sunt
1381 2219 1521 2273 alter
1555 2216 1754 2285 rapiat.
1807 2212 2014 2267 Deinde

499 2326 649 2380 .psos
681 2311 805 2365 tolle
825 2312 891 2364 de
919 2309 1122 2375 medio,
1151 2311 1225 2365 ita
1266 2320 1325 2364 ut
1363 2310 1607 2380 ipsorum
1640 2306 1921 2362 calamitas
1945 2305 2014 2358 ad

494 2418 687 2457 eorum
722 2411 970 2472 posteros
1005 2403 1369 2469 devolvatur;
1415 2413 1470 2459 et
1516 2402 1611 2456 ﬁlii
1656 2414 1850 2455 eorum
1898 2396 2014 2452 sint

503 2495 755 2562 orphani,
792 2502 845 2548 et
882 2510 1018 2548 uxor
1063 2510 1256 2549 eorum
1298 2496 1564 2549 viduitate
1603 2492 1913 2561 allligatur;
1947 2502 2012 2543 ac

498 2582 596 2637 lilii
626 2584 676 2638 vi
717 2585 973 2653 pertracti
1002 2594 1166 2654 atque
1198 2585 1418 2655 raptati,
1452 2584 1519 2637 de
1544 2592 1761 2652 patrum
1791 2577 2011 2635 sceleri-

503 2677 605 2731 bus
634 2692 822 2743 ptnnas
856 2676 1031 2731 luant.

498 2767 554 2822 2.
606 2768 770 2831 Deus,
808 2768 1021 2821 laudem
1062 2781 1232 2819 meam
1268 2780 1330 2817 ne
1360 2768 1607 2817 tacueris.
1652 2762 1713 2817 In
1747 2762 2010 2821 Ecclesiis

428 2857 634 2914 Christi
662 2869 1147 2930 quantumcunque
1171 2872 1266 2926 per
1283 2857 1471 2910 orbem
1505 2856 1940 2925 multiplicentur
1956 2865 2012 2912 et

428 2951 763 3014 exoriantur,
812 2951 996 3004 laudat
1048 2949 1191 3003 Deus
1232 2948 1428 3001 Filium
1474 2962 1657 3001 suum.
1705 2949 1793 3001 Ait
1844 2948 2010 3020 igitur

426 3042 579 3096 Patri
614 3058 714 3097 suo
756 3041 1009 3097 Christus
1043 3060 1055 3095 :
1094 3040 1319 3094 Etiamsi
1356 3037 1524 3093 Judas
1557 3053 1683 3093 cum
1717 3054 1805 3094 me
1839 3041 2008 3095 tradi-

427 3134 505 3189 dit
532 3137 679 3189 visus
709 3137 809 3190 sibi
852 3135 1013 3189 fuerit
1038 3134 1302 3203 impedire
1335 3132 1553 3186 laudem
1591 3146 1768 3185 meam
1803 3149 1816 3196 ;
1852 3144 1908 3187 at
1947 3143 2004 3188 tu

427 3241 516 3279 me
554 3226 793 3291 laudato,
827 3226 1123 3295 deitatique
1177 3240 1310 3278 mese
1365 3223 1543 3293 praebe
1597 3223 2002 3289 testimonium,

426 3330 590 3383 quam
619 3317 746 3384 quia
778 3331 884 3369 non
921 3317 1151 3370 credidit
1175 3315 1365 3381 Iudas,
1389 3330 1477 3369 me
1504 3315 1743 3369 tradidit.
1776 3315 1917 3380 Quia
1945 3335 2002 3372 os

424 3408 717 3478 peccatoris
754 3418 800 3461 et
826 3424 881 3461 os
908 3406 1079 3460 dolosi
1118 3422 1275 3476 super
1297 3423 1376 3459 me
1409 3416 1651 3476 apertum
1686 3417 1783 3460 est.
1814 3406 2011 3463 Pecca-

428 3499 579 3565 toris,
609 3499 817 3553 scilicet
845 3498 1048 3552 diaboli
1076 3517 1089 3565 ;
1123 3499 1239 3569 ipse
1268 3514 1505 3567 namque
1524 3508 1775 3568 peccator
1813 3499 2006 3555 adver-

423 3604 521 3644 sus
558 3590 840 3644 veritatem
890 3607 902 3643 :
942 3590 1117 3643 dolosi
1164 3597 1369 3653 autem,
1396 3588 1548 3644 Iudae
1578 3606 1811 3661 nempe;
1840 3594 2003 3647 ambo

421 3679 569 3733 enim
603 3688 791 3733 contra
813 3678 1091 3733 Christum
1122 3678 1289 3733 locuti
1320 3687 1467 3732 sunt.

495 3770 548 3836 ’5,
579 3770 633 3829 4.
654 3769 706 3823 5'.
735 3770 839 3822 Pro
863 3786 922 3823 eo
942 3779 999 3822 ut
1016 3786 1095 3823 me
1111 3770 1389 3839 diligerent
1412 3769 1753 3825 detrahebant
1778 3772 1998 3825 minim.

420 3870 472 3914 et
501 3869 785 3930 posuerunt
806 3861 1082 3914 adversum
1104 3877 1183 3914 me
1208 3860 1351 3914 mala
1380 3877 1475 3930 pro
1503 3860 1674 3924 bonis,
1706 3860 2002 3916 etc.Verba

422 3954 529 4007 alia
560 3953 765 4007 amoris
795 3961 942 4016 sunt,
972 3953 1079 4006 alia
1110 3951 1245 4017 odii,
1307 3952 1415 4007 alia
1449 3952 1517 4007 ad
1550 3962 1805 4007 neutrum
1832 3955 2000 4023 perti-

422 4054 571 4098 nent.
598 4044 937 4098 Adulabatur
957 4059 1193 4112 namque
1221 4044 1311 4099 ille
1340 4059 1438 4099 ceu
1466 4045 1811 4115 magistrum,
1835 4055 2001 4115 atque

420 4136 563 4190 dolis
591 4136 641 4189 id
677 4136 1039 4190 contendebat
1064 4144 1124 4190 ut
1148 4136 1470 4205 magistrum
1496 4137 1768 4205 proderet.

493 4225 546 4280 6.
586 4226 859 4281 Constitue
886 4243 1043 4296 super
1076 4243 1196 4279 eum
1220 4235 1568 4295 peccatorem.
1613 4226 1877 4281 Peccator
1915 4237 1999 4282 est

421 4319 537 4388 ipse
565 4318 771 4388 peccati
809 4317 1060 4372 inventor
1102 4316 1355 4371 Satanas.
1388 4316 1529 4370 Illud
1560 4326 1765 4382 autem,
1798 4319 1997 4371 consti-

2127 477 2220 529 τοῦ
2255 478 2374 530 νέου
2415 479 2611 550 Ἰωσὴφ
2659 480 2753 533 τοῦ
2807 478 3044 550 Χριστοῦ
3082 480 3448 550 κληρονομίαν
3498 481 3723 553 μερίζε-

2130 568 2252 620 σθαι
2286 570 2627 639 συμϐολικῶς
2655 572 2854 643 νοήσῃς
2888 574 3000 633 τοῖς
3028 571 3258 627 ἔθνεσιν.

2277 665 2381 727 Εἰς
2411 663 2478 716 τὸ
2510 663 2705 728 τέλος,
2739 666 3049 717 ΨΑΛΜΟΣ
3078 663 3158 728 τῷ
3186 666 3386 720 Δαυΐδ.
3431 669 3563 721 PH'.

2760 756 3081 820 Ὑπόθεσις.

2136 844 2195 895 Ὀ
2226 844 2415 915 παρὼν
2447 846 2657 917 ψαλμὸς
2689 846 2758 899 τὰ
2794 847 2936 917 πάθη
2971 846 3065 900 τοῦ
3102 848 3339 918 Χριστοῦ
3368 852 3719 921 κατασημαί-

2196 953 2298 999 νει,
2341 937 2438 999 τάς
2481 955 2539 989 τε
2566 938 2829 1007 ἐσομένας
2855 939 3123 1009 τιμωρίας
3154 940 3294 993 κατά
3317 958 3376 992 τε
3405 940 3499 993 τοῦ
3548 941 3722 996 Ἰούδα

2194 1030 2287 1081 καὶ
2309 1031 2472 1082 αὑτοῦ
2502 1031 2596 1084 τοῦ
2638 1030 2902 1083 Ἰουδαίων
2932 1031 3231 1083 λαοῦ.”Οσα
3254 1032 3309 1085 δὲ
3330 1034 3601 1097 εὐκτικῶς
3625 1036 3719 1088 λέ-

2193 1118 2379 1171 λεκται
2402 1122 2457 1173 ἐν
2483 1121 2558 1191 τῷ
2578 1120 2799 1190 ψαλμῷ,
2828 1121 3021 1185 ἰστέον,
3045 1122 3127 1173 ὅτι
3151 1125 3508 1193 προφητικῶς
3532 1126 3721 1179 πάντα

2190 1212 2423 1280 εἴρηται.
2453 1207 2576 1265 Οῗον
2602 1215 2727 1265 ὅταν
2754 1212 2927 1280 λέγει·
2965 1214 3252 1280 Διάϐολος
3281 1216 3481 1281 στήτω
3509 1217 3580 1270 ἐκ
3613 1217 3718 1270 δε-

2192 1300 2337 1366 ξιῶν
2372 1304 2580 1368 αὐτοῦ,
2622 1297 2743 1357 ἀντὶ
2788 1305 2903 1369 τοῦ,
2933 1306 3245 1373 στήσεται,
3283 1307 3448 1374 λέγει.
3479 1309 3553 1360 Οὐ
3604 1310 3721 1380 γὰρ

2191 1394 2413 1464 εὔχεται
2440 1397 2599 1448 τοῦτο
2622 1396 2907 1464 γενέσθαι·
2940 1397 3054 1450 ἀλλ’
3083 1397 3111 1449 ὃ
3141 1399 3293 1468 μέλει
3323 1399 3599 1469 συμϐῆναι
3628 1401 3719 1455 διὰ

2189 1485 2285 1556 τὴν
2314 1486 2521 1539 ἐκείνου
2546 1488 2746 1540 κακίαν
2770 1487 2928 1541 τοῦτο
2953 1488 3342 1559 προαγορεύει·
3370 1489 3463 1540 καὶ
3488 1491 3583 1542 ἐπὶ
3604 1491 3720 1546 τῶν

2189 1577 2363 1631 ἄλλων
2396 1578 2453 1631 δὲ
2483 1578 3002 1643 ὼσαύτως.”Εξοιεν,
3040 1581 3192 1649 φησὶ,
3241 1580 3333 1632 καὶ
3383 1576 3527 1634 οὗτοι
3586 1582 3719 1645 τοὺς

2188 1668 2593 1731 διαϐάλλοντας,
2624 1669 2717 1721 καὶ
2753 1668 2827 1739 μὴ
2873 1670 3165 1721 ἀποσταῖεν
3192 1670 3390 1723 αὐτῶν.
3419 1672 3480 1724 Et
3507 1672 3563 1724 δὲ
3598 1674 3720 1743 κρί-

2188 1777 2382 1821 νοιντο,
2436 1760 2573 1831 πρὸς
2620 1761 2817 1822 αὐτοὺς
2868 1760 3268 1831 κατακριθεῖεν.
3298 1762 3458 1814 Ἀλλὰ
3517 1762 3613 1814 καὶ
3661 1765 3717 1816 εί

2188 1852 2583 1905 ἐπεκαλέσαντό
2618 1869 2698 1915 σε,
2724 1852 2907 1923 φησὶν,
2935 1853 2991 1905 ἐν
3014 1852 3089 1921 τῷ
3110 1853 3287 1923 καιρῷ
3314 1855 3412 1924 τῆς
3435 1855 3712 1925 ἀνάγκης,

2186 1944 2266 2005 εἰς
2299 1942 2575 2013 ἁμαρτίαν
2608 1944 2791 2007 αὐτοῖς
2822 1943 3121 2014 λογισθείη,
3157 1946 3379 2015 μνήμης
3407 1946 3715 2016 γενομένης

2184 2031 2259 2088 ὧν
2294 2036 2561 2107 ἥμαρτον.
2598 2035 2838 2106 Σύντεμε
2880 2036 2937 2089 δέ
2982 2037 3079 2100 τὰς
3108 2038 3322 2109 ἡμέρας
3359 2038 3558 2103 αὐτῶν,
3596 2040 3711 2100 ἵνα,

2183 2123 2401 2189 ζώντων
2446 2127 2541 2178 καὶ
2586 2125 2837 2196 ὁρώντων
2890 2125 3089 2189 αὐτῶν,
3121 2126 3221 2195 τὴν
3270 2124 3446 2191 ἀξίαν,
3475 2129 3541 2198 ἣν
3580 2128 3709 2180 οὐδὲ

2180 2216 2349 2282 ὅντως
2373 2217 2676 2288 ὠνήσαντο,
2705 2218 2892 2289 ἕτερος
2918 2218 3485 2289 άφαρπάσῃ.”Επειτα
3518 2219 3574 2271 δέ
3612 2221 3712 2272 καὶ

2179 2309 2376 2373 αὐτοὺς
2407 2308 2583 2370 ἄνελε,
2611 2309 2686 2373 ὡς
2714 2310 2962 2380 διαϐῆναι
3002 2311 3101 2381 τὴν
3132 2311 3415 2383 συμφορὰν
3459 2314 3539 2376 εἰς
3573 2314 3709 2375 τοὺς

2182 2400 2241 2467 ἐξ
2283 2400 2503 2455 ἐκείνων
2524 2419 2536 2431 ·
2564 2400 2706 2454 ὥστε
2736 2402 3117 2473 ὀρφανωθῆναι
3154 2404 3252 2474 μὲν
3291 2405 3416 2466 τοὺς
3440 2406 3591 2468 υἱοὺς
3617 2407 3713 2458 αὑ·-

2180 2491 2312 2553 τῶν,
2345 2490 2543 2562 χηρείᾳ
2574 2491 2631 2544 δέ
2659 2491 2947 2563 ἐκδοθῆναι
2975 2493 3073 2564 τὴν
3104 2496 3337 2562 γυναῖκα
3357 2511 3369 2523 ·
3407 2494 3549 2547 ὥστε
3578 2498 3709 2559 τοὺς

2182 2582 2329 2645 υἱοὺς
2358 2582 2709 2654 βιαζομένους
2736 2584 2833 2636 καὶ
2879 2585 3212 2655 συρομένους
3242 2587 3381 2657 ὑπὲρ
3432 2588 3708 2658 πατρῴων

2182 2676 2667 2747 παρανομημάτων
2696 2676 2850 2741 δίκας
2885 2678 3121 2747 ὑφέξειν.

2199 2766 2257 2818 '0
2292 2766 2457 2832 Θεὸς,
2491 2766 2606 2834 τὴν
2631 2768 2871 2821 αἴνεσίν
2905 2786 3023 2836 μου
3069 2768 3155 2837 μὴ
3200 2769 3705 2838 παρασιωπήσῃς.

2111 2849 2278 2907 Ὀσον
2310 2858 2367 2908 αἱ
2414 2856 2734 2927 Ἐκκλησίαι
2758 2858 2997 2928 Χριστοῦ
3030 2858 3358 2912 συνεστῶσιν
3391 2861 3447 2911 αἱ
3480 2860 3707 2913 ἀνατέλ-

2110 2946 2297 2999 λουσαι
2331 2946 2627 3015 πανταχοῦ,
2668 2947 2809 3000 αἰνεῖ
2854 2949 2881 2999 6
2935 2946 3067 3011 Θεὸς
3102 2950 3158 3000 ἐν
3194 2948 3383 3010 αὐταῖς
3427 2948 3521 3002 τὸν
3554 2948 3703 3001 Υίὸν.

2111 3037 2271 3105 Λέγει
2298 3032 2389 3091 οῦν
2416 3040 2443 3090 6
2469 3038 2705 3108 Χριστὸς
2731 3038 2868 3107 πρὸς
2900 3038 2989 3091 τὸν
3009 3038 3235 3109 Πατέρα
3256 3054 3267 3065 ·
3309 3041 3371 3091 EE
3398 3040 3494 3091 καλ¹
3526 3041 3708 3111 προδι-

2112 3127 2234 3190 δούς
2287 3145 2353 3198 με
2390 3130 2417 3180 6
2463 3126 2678 3192 Ἰούδας,
2714 3127 2853 3191 δόξει
2882 3127 3191 3197 ἐμποδίζειν
3239 3128 3327 3180 τὸν
3361 3124 3509 3181 αἷνὸν
3559 3147 3662 3200 μου
3687 3148 3701 3160 ·

2112 3218 2285 3282 οὕτως
2316 3220 2372 3273 δὲ
2414 3219 2623 3273 αἴνεσὸν
2662 3238 2749 3290 με,
2787 3220 3081 3290 μαρτυρῶν
3111 3237 3212 3290 μου
3257 3223 3323 3290 τῇ
3368 3220 3607 3289 θεότητι,
3638 3221 3706 3292 ἦν

2115 3312 2189 3383 μὴ
2238 3312 2534 3376 πιστεύσας
2582 3315 2640 3365 ἐν
2691 3314 2812 3383 ἐμοὶ
2852 3313 3068 3377 Ἰούδας,
3114 3313 3420 3384 προδέδωκέ
3475 3315 3706 3383 με.”υτι

2112 3408 2305 3474 στόμα
2335 3406 2686 3474 ἀμαρτωλοῦ
2722 3405 2819 3458 καὶ
2845 3407 3037 3473 στόμα
3062 3405 3271 3459 ὁολίου
3297 3407 3387 3458 ἐπ’
3405 3407 3510 3475 ἐμὲ
3535 3407 3704 3473 ἠνοί-

2111 3501 2246 3565 χθη.
2265 3497 2631 3566 Ἀμαρτωλοῦ
2675 3497 2768 3549 τοῦ
2811 3496 3055 3549 διαϐόλου
3075 3513 3089 3527 ο
3120 3497 3282 3559 αὐτὸς
3314 3498 3420 3568 γὰρ
3449 3499 3706 3566 ἁμαρτω-

2110 3590 2200 3653 λὸς
2221 3590 2357 3661 πρὸς
2377 3588 2654 3660 ἀλήθειαν·
2683 3589 2891 3643 δολίου
2913 3588 3007 3642 τοῦ
3025 3587 3211 3641 Ἰούδα·
3241 3588 3408 3658 ἄμφω
3429 3588 3537 3660 γὰρ
3559 3589 3704 3643 κατὰ

2108 3679 2202 3732 τοῦ
2230 3678 2465 3751 Χριστοῦ
2493 3678 2779 3748 ἐλάλησαν.

2191 3771 2339 3825 Ἀντὶ
2371 3769 2478 3823 τοῦ
2524 3766 2763 3840 ἀγαπᾷν
2803 3786 2881 3839 με
2931 3768 3321 3822 asseasse»
3362 3786 3459 3837 με.
3484 3807 3497 3821 .
3529 3809 3543 3822 .
3596 3769 3701 3825 καὶ

2107 3861 2311 3916 ἔθεντο
2337 3862 2463 3914 κατ’
2477 3859 2624 3929 ἐμοῦ
2651 3860 2805 3913 κακὰ
2832 3861 2965 3914 ἀντὶ
2980 3860 3235 3928 ἀγαθῶν,
3252 3878 3305 3912 κ.
3324 3878 3371 3913 τ.
3387 3860 3436 3911 λ.
3456 3858 3579 3912 Τῶν
3615 3859 3674 3912 λό

2107 3971 2218 4021 γων
2245 3956 2292 4005 οἱ
2317 3954 2413 4023 μέν
2427 3953 2562 4004 εἰσιν
2582 3952 2823 4020 ἀγάπης,
2843 3954 2891 4004 οἱ
2912 3953 2967 4005 δὲ
2988 3952 3200 4022 μίσους,
3218 3954 3266 4004 οἱ
3290 3952 3346 4004 δὲ
3369 3952 3477 4023 ουδ’
3492 3952 3701 4024 ἑτέρως

2107 4045 2339 4115 ἔχοντες.
2360 4044 2680 4097 Ἐκολάκευε
2709 4045 2817 4115 γὰρ
2847 4044 2923 4106 ὡς
2956 4043 3295 4105 διδάσκαλον,
3329 4046 3424 4096 καὶ
3453 4043 3533 4114 τῷ
3558 4045 3701 4115 δόλῳ

2105 4136 2180 4199 ὡς
2210 4136 2382 4190 ἐδόκει
2412 4136 2711 4206 ἠγωνίζετο
2744 4138 2822 4198 εἰς
2852 4135 3139 4205 προδοσίαν
3168 4136 3261 4188 τοῦ
3295 4136 3641 4189 διδασκάλου.

2175 4226 2578 4294 Κατάστησον
2622 4228 2715 4280 ἐπ’
2742 4227 2929 4280 αὐτὸν
2956 4227 3327 4295 ἀμαρτωλόν.
3347 4228 3697 4298 Ἀμαρτωλδς

2107 4318 2204 4389 μὲν
2234 4318 2397 4382 αὐτὸς
2430 4319 2457 4371 6
2482 4318 2577 4388 τῆς
2606 4318 2878 4389 ἁμαρτίας
2907 4319 3135 4389 εὑρετὴς
3164 4322 3191 4371 6
3217 4320 3459 4381 Σατανᾶς
3479 4338 3491 4349 ’
3524 4320 3587 4372 τὸ
3612 4320 3692 4387 δὲ,

421 4420 529 4475 tue,
566 4413 803 4479 positum
842 4417 926 4463 est
962 4423 1083 4478 pro,
1124 4407 1371 4461 futurum
1406 4416 1490 4462 est
1521 4417 1580 4460 ut
1607 4408 1994 4462 constituatur.

2143 4409 2511 4476 ατάστησον,
2542 4411 2661 4463 ἀντὶ
2686 4410 2801 4471 τοῦ,
2836 4410 3019 4480 μέλλει
3052 4410 3429 4463 καθίστασθαι.
3449 4410 3568 4461 Ἐπ’
3586 4413 3699 4465 αὐ-

421 4503 592 4571 Super
636 4518 777 4566 eum,
824 4515 989 4571 super
1027 4515 1189 4568 quem
1234 4499 1341 4553 nisi
1387 4500 1719 4567 proditorem
1754 4497 1998 4552 Iudam?

422 4592 491 4646 Et
520 4591 761 4645 diabolus
788 4600 887 4644 stet
917 4608 950 4644 a
988 4590 1188 4643 dextris
1214 4588 1351 4656 ejus.
1388 4586 1445 4639 ιη
1475 4585 1741 4640 Zacharia
1777 4601 1999 4654 quoque

420 4679 683 4747 scriptum
727 4686 812 4732 est
844 4678 885 4708 “
919 4697 933 4732 :
966 4676 1035 4731 Et
1081 4678 1309 4730 ostendit
1348 4675 1481 4727 mihi
1520 4674 1780 4727 Dominus
1810 4676 1997 4728 Jesum

418 4768 745 4822 sacerdotem
795 4785 1076 4838 magnum,
1133 4777 1364 4821 stantem
1418 4776 1540 4819 ante
1588 4766 1777 4835 facient
1825 4766 1997 4835 angeli

421 4860 668 4923 Domini,
709 4871 756 4913 et
782 4861 1021 4915 diabolus
1051 4860 1225 4912 stabat
1263 4876 1296 4911 a
1329 4859 1528 4912 dextris
1561 4858 1699 4926 ejus,
1732 4867 1790 4911 ut
1816 4861 1997 4912 adver-

418 4963 629 5006 saretur
659 4953 779 5021 ipsi.
810 4950 927 5005 Non
958 4955 1280 5005 adversatur
1312 4960 1496 5004 autem
1524 4948 1702 5003 Iudae.

494 5040 544 5095 7.
572 5039 703 5094 Cum
724 5040 1005 5108 judicatur
1045 5048 1193 5093 exeat
1236 5039 1634 5092 condemnatus.
1686 5038 1745 5092 ln
1788 5038 1994 5105 futuro,

422 5134 620 5204 inquit,
654 5133 911 5186 tribunali
945 5132 1147 5186 nullam
1181 5132 1404 5186 habebit
1442 5131 1778 5187 defensionis
1825 5134 1997 5186 ratio-

421 5243 567 5280 nem.
601 5223 669 5279 Et
705 5225 876 5278 oratio
898 5223 1011 5292 ejus
1048 5223 1143 5293 ﬁat
1171 5225 1228 5277 in
1266 5232 1558 5292 peccatum.
1595 5222 1827 5289 Quidam
1867 5234 1998 5278 sunt

418 5307 653 5387 quorum
678 5317 761 5370 vel
786 5317 902 5386 ipsa
922 5315 1096 5370 oratio
1118 5316 1170 5369 in
1197 5323 1480 5384 peccatum
1498 5315 1702 5381 evadit,
1720 5328 1798 5382 ut,
1820 5330 1997 5370 exem-

417 5410 492 5479 pli
514 5425 703 5475 causa,
730 5410 1037 5479 gentilium,
1069 5408 1162 5478 qui
1194 5407 1355 5463 idolis
1383 5408 1469 5463 vel
1509 5417 1775 5465 creatura:
1806 5424 1997 5479 preces

417 5501 697 5568 fundunt;
731 5511 785 5556 et
826 5499 1141 5556 Iudaeorum
1182 5500 1281 5573 qui
1319 5500 1493 5559 Deum
1538 5501 1762 5573 quidem
1810 5509 1994 5569 orant,

506 5677 530 5711 ι
567 5676 729 5733 Zach.
759 5694 838 5736 ut.
868 5681 910 5755 Ι.

2099 4503 2207 4555 τὸν
2234 4504 2289 4555 δέ
2318 4502 2438 4555 τίνα
2479 4502 2511 4571 ἢ
2555 4502 2645 4554 τὸν
2686 4503 2951 4573 προδότην
2996 4502 3231 4566 Ἰούδαν;
3268 4504 3379 4555 Καὶ
3408 4502 3694 4570 διάϐολος

2099 4593 2299 4660 στήτω
2344 4592 2414 4644 ἐκ
2460 4589 2675 4654 δεξιῶν
2704 4592 2911 4644 αὐτοῦ.
2951 4591 3059 4643 Καὶ
3110 4594 3167 4643 ἐν
3216 4590 3291 4661 τῷ
3343 4592 3591 4661 Ζαχαρία
3634 4592 3692 4644 δέ

2100 4695 2263 4749 φησι·
2308 4678 2421 4737 Καὶ
2469 4678 2661 4743 ἕδειξέ
2704 4696 2804 4748 μοι
2849 4681 3064 4748 Κύριος
3105 4679 3339 4747 Ἰησοῦν
3383 4682 3489 4733 τὸν
3531 4682 3694 4747 ἱερέα

2098 4770 2206 4822 τὸν
2230 4768 2444 4837 μέγαν,
2474 4768 2682 4822 ἑστῶτα
2725 4770 2828 4840 πρὸ
2860 4770 3149 4840 προσώπου
3183 4772 3414 4839 ἀγγέλου
3454 4773 3688 4843 Κυρίου,

2100 4861 2192 4912 καὶ
2219 4860 2462 4925 διάϐολος
2493 4863 2732 4932 εἱστήκει
2781 4864 2845 4914 ἐκ
2889 4862 3075 4926 δεξιῶν
3105 4862 3289 4925 αὐτοῦ,
3328 4864 3419 4917 τοῦ
3449 4864 3689 4917 ἀντικεῖ-

2102 4950 2223 5004 σθαι
2250 4953 2421 5023 αὑτῷ.
2455 4954 2566 5006 Οὐκ
2594 4954 2893 5007 ἀντίκειται
2921 4954 2977 5007 δὲ
3012 4954 3087 5024 τῷ
3125 4955 3313 5026 Ἰούδα.

2106 5080 2111 5085 ο
2181 5044 2278 5098 Ἐν
2311 5043 2391 5109 τῷ
2439 5046 2747 5113 κρίνεσθαι
2790 5045 2974 5099 αὑτὸν
3016 5046 3250 5109 ἐξέλθοι
3294 5042 3685 5111 καταδεδικα-

2099 5134 2341 5204 σμένος.
2361 5137 2449 5189 Ἐν
2501 5136 2579 5207 τῷ
2630 5138 2897 5207 μέλλοντι,
2933 5139 3087 5207 φησὶ,
3124 5138 3459 5207 δικαστηρίῳ
3492 5137 3688 5189 οὐδένα

2098 5229 2208 5293 ἕξει
2254 5227 2410 5296 λόγον
2452 5228 2767 5296 ἀπολογίας.
2803 5231 2910 5283 Kal
2956 5230 2993 5296 ἡ
3041 5227 3351 5296 προσευχὴ
3381 5225 3570 5280 αὑτοῦ
3598 5245 3692 5296 γε·

2098 5318 2292 5372 νέσθω
2314 5320 2401 5383 εὶς
2433 5318 2744 5388 ἁμαρτίαν.
2778 5321 2897 5373 Εἰσί
2920 5338 3059 5381 τινες
3079 5314 3151 5374 ὧν
3176 5317 3312 5387 αὐτὴ
3341 5319 3373 5388 ἡ
3402 5320 3684 5390 προσευχὴ

2099 5412 2177 5473 εἰς
2217 5410 2492 5481 ἁμαρτίαν
2525 5409 2753 5478 γίνεται,
2785 5412 2860 5472 ὡς
2900 5409 3067 5461 ἐθνῶν
3102 5407 3557 5478 προσερχομένων
3601 5409 3683 5458 εἰ-

2098 5499 2342 5571 δώλοις.ἢ
2368 5503 2434 5573 τῇ
2464 5499 2670 5554 κτίσει·
2701 5500 2792 5553 καὶ
2834 5499 3101 5554 Ἰουδαίων
3132 5499 3190 5550 οὐ
3223 5497 3310 5550 διὰ
3345 5495 3520 5567 Ἰησοῦ
3542 5493 3684 5569 Χρι-
