3880 6216
176 349 285 408 457

1285 341 1644 400 EXPOSITIO
1682 343 1748 398 IN
1788 343 2120 405 PSALMUM
2159 349 2339 409 CVIII.

3308 361 3414 418 458

176 465 307 521 στοῦ
341 460 786 532 προσευχομένων
816 457 892 530 τῷ
917 454 1033 531 Θεῷ
1051 476 1062 492 ⁸
1089 459 1180 513 καὶ
1205 461 1491 532 αἱρετικῶν
1517 461 1742 532 εὐχομέ-

1851 464 1944 517 sed
1975 481 2082 520 non
2112 482 2206 536 per
2223 463 2407 522 Iesum
2433 463 2709 522 Christum
2743 486 2758 534 ;
2789 483 2999 526 necnon
3031 472 3414 534 haereticorum

175 576 287 613 νων
318 553 440 624 Θεῷ
464 554 563 606 οὐκ
579 553 691 605 ὅντι
709 570 722 582 ⁸
749 553 842 604 καὶ
862 552 1307 622 προσευχομένων
1333 553 1388 606 δὲ
1419 556 1556 624 μετὰ
1579 555 1748 626 ὀργῆς

175 651 271 704 καὶ
302 647 389 700 διὰ
414 645 705 715 λογισμῶν,
727 643 761 713 ἢ
792 644 1058 713 διψυχίας,
1082 646 1114 715 ή
1144 646 1416 716 προσευχὴ
1439 645 1646 714 γίνεται
1669 651 1749 713 εἰς

175 739 466 812 ἁμαρτὲαν.

243 828 686 896 Γενηθήτωσαν
716 829 776 879 αἱ
812 826 1020 896 ἡμέραι
1051 826 1237 880 αὑτοῦ
1283 828 1497 898 ὀλίγαι.
1531 829 1749 896 Εὐθέως

170 921 281 992 γὰρ
314 920 449 992 μετὰ
478 921 574 990 τὴν
601 919 886 990 προδοσίαν
916 918 1118 991 ἀγχόνῃ
1152 920 1336 973 ἐαυτὸν
1365 923 1748 994 μεταχειρίσας

171 1015 483 1084 ἀτηλλάγη,
514 1013 603 1064 καὶ
635 1013 732 1064 οὐκ
767 1013 958 1081 ἐφάνη.
999 1011 1107 1064 Καὶ
1130 1012 1244 1077 τὴν
1270 1014 1614 1083 ἐπισκοπὴν
1639 1019 1747 1071 αὐ-

170 1103 485 1158 τοῦλάΰοι
516 1102 736 1168 ἕτερος.
777 1102 913 1171 Περὶ
943 1100 1036 1152 τοῦ
1068 1101 1310 1154 Ματθίου
1347 1104 1508 1172 φησίν
1529 1119 1542 1132 ’
1588 1107 1746 1170 αὐτὸς

168 1197 282 1264 γὰρ
299 1193 552 1263 ἐλογίσθη
576 1196 653 1256 εἰς
669 1193 1010 1264 δικαιοσύνην
1038 1196 1118 1258 εἰς
1148 1194 1237 1247 τον
1262 1195 1462 1266 κλῆρον
1489 1196 1596 1249 τῶν
1618 1201 1749 1252 ἁπο-

168 1286 394 1339 στόλων.

237 1375 678 1442 Γενηθήτωσαν
703 1377 757 1428 οἱ
785 1374 902 1428 υἱοὶ
926 1375 1110 1428 αὐτοῦ
1137 1376 1404 1443 ὀρφανοί.
1438 1377 1558 1430 Υἱοὶ
1587 1377 1635 1430 οξ
1662 1377 1748 1429 λοι

164 1469 357 1539 γισμοὶ
385 1466 548 1520 αὑτοῦ
571 1483 583 1496 ·
611 1467 834 1535 ὀρφανοὶ
869 1466 976 1536 γὰρ
1008 1466 1252 1532 ἐγένοντο
1279 1468 1386 1521 ἀπὸ
1407 1467 1507 1536 τῆς
1528 1468 1746 1539 χάριτος

164 1559 260 1613 τοῦ
305 1558 564 1630 Χριστοῦ.
612 1557 750 1627 Γυνὴ
782 1557 835 1608 δέ
862 1559 894 1626 ἡ
926 1556 1070 1626 ψυχὴ
1111 1557 1274 1610 αὐτοῦ
1295 1575 1307 1587 ο
1351 1560 1610 1628 ἐχήρευσε
1638 1559 1745 1628 γὰρ

167 1655 261 1706 καί
291 1653 428 1720 αὑτὴ
461 1650 767 1702 ἐκπεσοῦσα
790 1649 896 1701 ἀπὸ
931 1649 1025 1701 τοῦ
1052 1650 1286 1718 Χριστοῦ
1322 1649 1409 1703 διὰ
1437 1651 1534 1720 τῆς
1565 1667 1743 1720 παρα-

163 1742 379 1811 νομίας.
416 1743 813 1808 Σαλευέμενοι
840 1738 1298 1806 μεταναστήτωο
1311 1754 1388 1791 αν
1412 1742 1465 1792 οἱ
1492 1740 1606 1792 υἱοὶ
1637 1741 1743 1792 αὑ-

164 1835 272 1887 τοῦ
320 1831 421 1885 καὶ
462 1830 979 1897 ἑπιιιτησὰτωσαν.
1015 1832 1076 1882 Οἱ
1110 1830 1218 1901 γὰρ
1265 1831 1512 1900 λογισμοὶ
1557 1831 1740 1896 αὑτοῦ,
1775 1815 1817 1868 Β

163 1923 255 1988 οὓς
304 1924 515 1994 ἔφαμεν
566 1917 702 1975 εἶναι
757 1923 927 1984 υἱοὺς,
963 1923 1295 1992 μετανάσται
1327 1924 1603 1993 γενόμενοι
1635 1925 1743 1976 ἀπὸ

160 2015 256 2070 τοῦ
283 2013 543 2084 Χριστοῦ,
582 2016 660 2076 εἰς
688 2012 784 2084 τὴν
811 2013 1168 2084 φιλαργυρίαν
1200 2017 1354 2085 χεῖρα
1378 2013 1644 2079 ἐξέτειναν
1665 2017 1745 2079 εἰς

160 2105 223 2160 τὸ
251 2104 536 2177 ἀργύριον,
569 2105 642 2166 ὡς
666 2103 860 2166 ἐνδεεῖς
890 2105 982 2157 καὶ
1014 2107 1323 2176 προσοῖται.

244 2198 674 2265 Ἀναμνησθείη
721 2198 759 2264 ἡ
808 2197 1059 2264 ἁμαρτία
1102 2194 1220 2249 τῶν
1252 2195 1520 2264 πατέριον
1556 2195 1742 2249 αὑτοῦ

159 2287 367 2342 ἔναντι
400 2289 641 2354 Kvpiov.
673 2287 843 2340 Αὐτοῦ
888 2288 982 2352 τοῦ
1028 2288 1187 2340 λαοῦ·
1239 2289 1496 2340 συνάπτει
1531 2286 1638 2357 γὰρ
1662 2286 1741 2356 τῷ

159 2380 398 2451 προδότῃ
431 2380 521 2432 τὸν
554 2379 867 2450 παράνομον
897 2381 1042 2434 λαόν.
1063 2381 1315 2449 Ἀνομίαν
1340 2381 1395 2432 δὲ
1420 2379 1526 2432 τῶν
1573 2380 1739 2432 ποιτὲ-

160 2488 274 2543 ρων
301 2471 448 2538 λέγει
481 2470 539 2522 τὸ
573 2472 886 2523 ἀποκτεῖναι
915 2473 1039 2533 τοὺς
1069 2473 1372 2542 προφήτας,
1406 2471 1544 2524 κατὰ
1569 2472 1628 2523 τὸ
1661 2473 1741 2524 εξ-

161 2563 401 2636 ρημένον
447 2563 551 2615 ὑπὸ
601 2563 693 2615 τοῦ
739 2565 942 2634 Κυρίου
965 2582 976 2593 ·
1006 2565 1088 2616 ὅτι
1123 2565 1229 2617 πᾶν
1259 2559 1395 2634 αἷμα
1423 2564 1626 2617 δίκαιον
1651 2567 1742 2616 ἐκ·

157 2658 459 2725 χυνὸμενον
508 2655 614 2706 ἀπὸ
652 2653 746 2708 τοῦ
777 2655 939 2706 Ἅϐελ
965 2654 1068 2718 ἕως
1099 2655 1365 2724 Ζαχαρίου
1404 2654 1497 2707 τοῦ
1530 2657 1742 2726 προφή-

155 2762 253 2797 του
300 2745 714 2814 ὲκδικηθήσεται
762 2745 868 2798 ἀπὸ
917 2747 1016 2815 τῆς
1059 2748 1248 2813 γενεᾶς
1295 2747 1515 2818 ταύτης.
1557 2749 1665 2801 Καὶ
1700 2749 1738 2816 ἡ

157 2834 419 2903 ἁμαρτία
454 2835 563 2902 τῆς
600 2835 826 2904 μητρὸς
859 2837 1043 2889 αὐτοῦ
1066 2837 1151 2904 μὴ
1185 2837 1582 2906 ἐξαλειφθείη.
1616 2839 1739 2908 Μη-

154 2927 298 2999 τέρα.
345 2927 438 2980 τοῦ
483 2929 772 2992 δυσσεϐοῦς
817 2929 944 2981 λαοῦ
975 2931 1074 3000 τὴν
1109 2929 1349 3001 πονηρὰν
1374 2931 1586 2999 ἐκείνην
1614 2932 1740 3001 νοή-

159 3038 278 3084 σεις
308 3020 647 3091 συναγωγὴν,
697 3019 794 3090 τὴν
841 3021 1096 3086 πολλάκις
1124 3022 1621 3094 παραπικράνασαν
1648 3023 1739 3074 τὸν

152 3113 312 3166 Θεόν.

232 3203 554 3272 Γενηθήτω
586 3205 861 3258 ἐναντίον
882 3206 1099 3274 Κυρίου
1119 3205 1444 3272 διαπαντός
1461 3223 1474 3238 ·
1505 3205 1604 3260 καὶ
1644 3205 1739 3270 ἐξ·
1763 3175 1807 3233 c

149 3297 542 3363 ολοθρευθειή
565 3297 631 3349 ἑκ
655 3295 765 3364 γῆς
792 3296 857 3349 τὸ
880 3297 1278 3368 μνημόσυνον
1319 3297 1535 3353 αὐτῶν.
1575 3299 1735 3362 Ὅσα,

153 3386 328 3456 φησὶν
349 3427 363 3448 ,
395 3387 698 3457 ἐτόλμησαν
732 3388 818 3440 ἀεὶ
843 3387 1112 3458 θεώμενος
1144 3389 1172 3439 ὁ
1204 3385 1336 3450 Θεὸς
1362 3389 1616 3458 οὐδεμιᾶς
1643 3389 1740 3441 αύ-

153 3477 257 3530 τοῦ
289 3476 514 3542 ἀξιώσει
547 3477 791 3547 φειδοῦς·
842 3479 918 3541 ὡς
951 3478 1078 3548 περὶ
1108 3478 1323 3538 πάντων
1356 3478 1413 3531 δὲ
1457 3479 1564 3532 τῶν
1606 3482 1738 3550 ὴπι-

159 3568 464 3638 στηκύτων.
517 3568 626 3620 Καὶ
653 3571 714 3620 οὐ
750 3569 905 3638 μόνον
935 3567 1107 3635 λέγων
1150 3569 1348 3622 Ἰούδαν
1370 3608 1384 3631 ,
1415 3569 1481 3622 τὸ
1509 3571 1740 3638 μνημό-

152 3675 362 3714 συνον
387 3658 605 3723 αὐτῶν,
638 3659 738 3730 ἔφη
776 3658 1170 3728 πληθυντικῶς.
1209 3661 1400 3728 Λέγοις
1447 3662 1492 3713 δ’
1540 3661 1606 3714 ἂν
1646 3662 1738 3716 καὶ

155 3750 338 3812 ἄλλως
364 3750 606 3820 πατέρας
637 3750 806 3803 Ἰούδα
825 3751 949 3814 τοὺς
971 3750 1109 3802 κατὰ
1127 3751 1414 3821 προδοσίαν
1434 3751 1594 3804 αὑτὸν
1616 3750 1758 3819 γενέ

153 3843 450 3914 νήσαντας.
482 3835 638 3894 Οῦτοι
661 3841 704 3895 δ’
731 3840 796 3900 ἂν
826 3838 934 3895 εἷεν
959 3843 1006 3894 οἱ
1031 3841 1118 3894 διὰ
1140 3841 1248 3894 τῶν
1275 3841 1552 3912 ἀργυρίων
1576 3843 1738 3898 αὑτὸν

152 3935 639 4006 παρορμήσαντες.
675 3932 785 3986 Καὶ
814 3933 1028 4003 πρῶτος
1055 3935 1084 3985 ὁ
1110 3933 1360 4002 ἐμϐαλὼν
1385 3935 1482 4005 τὴν
1511 3934 1736 4004 καρδίαν

155 4025 329 4080 αὐτοῦ
358 4027 622 4089 Σατανᾶς,
641 4025 734 4078 καὶ
751 4027 799 4077 οἱ
824 4024 1034 4094 ἔχοντες
1066 4026 1256 4094 σοφίαν
1284 4024 1470 4077 τούτου
1493 4025 1586 4078 τοῦ
1611 4025 1741 4078 αἰῶ-

153 4136 249 4181 νος
277 4119 560 4189 ἄρχοντες,
585 4118 712 4188 περὶ
736 4110 809 4170 ὧν
831 4119 859 4169 ὁ
885 4116 1093 4181 Παῦλος
1120 4135 1282 4189 φησιν
1302 4133 1316 4147 ’
1333 4119 1376 4169 Ε
1382 4121 1399 4169 ὶ
1426 4118 1535 4187 γὰρ
1555 4118 1737 4187 ἔγνω-

153 4225 306 4270 σαν,
338 4210 411 4262 οὐ
435 4209 653 4274 Κύριον
685 4207 793 4276 τῆς
825 4207 1009 4274 δόξης
1041 4209 1450 4276 ἐσταύρωσαν.
1508 4210 1615 4262 Καὶ
1642 4210 1738 4274 ἐξα

155 4279 541 4367 ολοθρευθειή
566 4300 633 4354 ἐκ
660 4299 770 4368 γῆς
795 4299 858 4352 τὸ
880 4302 1276 4368 μνημόσυνον
1295 4299 1499 4353 αὑτοῦ.
1515 4300 1586 4352 Τὸ
1603 4317 1738 4370 μνη*

159 4390 394 4460 μόσυνον
425 4388 588 4440 αὑτοῦ
618 4387 711 4440 τοῦ
753 4388 920 4441 Ἰούδα
954 4389 1116 4457 φησίν
1137 4406 1150 4418 ο
1180 4388 1212 4459 ἦ
1257 4389 1350 4442 καὶ
1380 4387 1552 4449 ἄλλως
1571 4427 1585 4449 ,
1627 4388 1736 4440 τῶν

155 4480 441 4551 ἀρχόντων
493 4478 715 4532 ἐκείνων
761 4479 870 4532 τῶν
928 4479 1067 4532 κατὰ
1115 4478 1350 4550 Χριστοῦ
1403 4477 1730 4532 συστάντων.
1765 4519 1809 4574 D

156 4572 296 4627 οὐδὲ
341 4571 452 4641 γὰρ
502 4571 722 4643 σπέρμα
765 4570 942 4624 αὐτῶν
1000 4571 1211 4642 ἔμεινεν
1257 4572 1337 4634 εἰς
1395 4571 1735 4642 μνημόσυνον

155 4663 359 4717 αὐτῶν.

242 4753 390 4807 Ἀνθ’
413 4747 501 4807 ὧν
523 4755 635 4807 οὐκ
656 4752 929 4822 ἐμνήσθη
952 4751 1196 4820 ποιῆσαι
1221 4753 1410 4818 ἕλεος.
1464 4752 1537 4805 Τὸ
1565 4752 1731 4816 ἕλεος,

154 4845 348 4914 φησὶν,
373 4844 473 4896 ούκ
500 4844 730 4913 ἠθέλησε
759 4841 1012 4907 δέξασθαι
1035 4844 1062 4896 ὃ
1094 4842 1320 4896 δέδωκεν
1344 4843 1372 4894 ὁ
1407 4842 1595 4912 Πατὴρ
1622 4845 1733 4906 τοῖς

152 4933 254 4988 ἀνθ
263 4932 488 5003 ρώποις,
521 4933 616 4986 καὶ
639 4934 774 5003 πρὸς
801 4937 914 4997 τοῖς
943 4935 1126 4996 αὐτοῖς
1148 4934 1260 4996 τοῖς
1281 4930 1580 4985 ἀπολωλόσι
1603 4950 1735 5003 προ-

121 5078 127 5083 _
153 5023 350 5085 ϐάτοις
379 5021 473 5074 τοῦ
516 5021 752 5094 Ἰσραήλ.
785 5023 856 5075 Τὸ
879 5022 1018 5095 γὰρ,
1052 5023 1270 5094 ποιῆσαι
1290 5060 1304 5084 ,
1335 5021 1456 5075 ἀντὶ
1483 5019 1577 5075 τοῦ
1599 5062 1614 5087 ,
1644 5021 1732 5074 δέ·-

154 5116 354 5182 ξασθαι
371 5154 386 5178 ,
427 5114 688 5168 τέθεικεν.

225 5208 342 5262 Καὶ
369 5207 727 5271 κατεδίωξεν
750 5207 1061 5276 ἄνθρωπον
1093 5206 1321 5270 πένητα
1350 5202 1448 5256 καὶ
1473 5203 1730 5270 πτωχόν.

150 5300 332 5354 ἑύτὸν
355 5317 486 5370 φησι
512 5301 604 5352 τὸν
624 5299 844 5370 Κύριον,
867 5299 928 5364 ὃς
950 5297 1290 5365 ἐπτώχευσε
1314 5295 1606 5359 πλούσιος
1629 5292 1732 5356 ὢν,

150 5390 234 5446 ἵν’
267 5391 442 5458 ἡμεῖς
482 5389 558 5457 τῇ
595 5391 782 5444 αὐτοῦ
812 5389 1071 5457 πτωχείᾳ
1115 5385 1569 5454 πλουτήσωμεν.
1623 5385 1733 5439 Kal.

151 5483 680 5553 κατανενυγμένον
701 5480 775 5551 τῇ
805 5481 1017 5550 καρδίᾳ
1046 5479 1150 5534 τοῦ
1179 5476 1534 5533 θανατῶσαι.
1587 5476 1734 5530 Ἀντὶ

230 5725 476 5783 “Matth.
509 5742 666 5804 xxutn,
702 5726 791 5782 35.
869 5723 1099 5780 "ICor.
1136 5739 1195 5790 It,
1223 5724 1276 5780 8.

494 5821 764 5882 Pyrum.
800 5821 916 5881 Gn.
949 5818 1216 5882 XXVII.

1849 557 1942 625 qui
1967 556 2134 612 Deum
2158 573 2266 613 non
2283 573 2410 614 vere
2439 557 2788 616 exsistentem
2813 574 2974 618 orant
3003 583 3017 620 :
3059 567 3185 623 item
3214 585 3406 626 eorum

1848 648 1943 717 qui
1979 665 2103 702 eum
2154 650 2234 704 ira
2281 658 2335 704 et
2382 652 2808 724 cogitationibus
2847 656 3058 723 alienis,
3107 662 3188 714 vel
3225 665 3408 718 animo

1849 734 2048 803 duplici
2085 747 2398 805 precantur,
2436 740 2608 794 oratio
2637 741 2695 795 tit
2729 744 2781 797 in
2816 755 3119 813 peccatum.

1919 827 1972 881 8.
2017 827 2182 882 Fiant
2221 832 2330 884 dies
2386 831 2498 896 eius
2557 836 2732 901 pauci.
2775 834 2908 890 Nam
2955 841 3136 895 statim
3175 858 3205 896 a
3232 847 3419 912 prodi-

1849 917 2016 979 tione.
2044 919 2238 989 laqueo
2266 936 2323 974 se
2352 921 2653 990 praefocans
2698 927 2924 992 interiit,
2959 945 3058 984 nec
3093 933 3235 988 ultra
3265 937 3418 989 visus

1849 1016 1950 1060 est.
1979 1007 2047 1061 Et
2073 1012 2429 1079 episcopatum
2474 1013 2588 1082 ejus
2633 1020 2857 1086 accipiat
2889 1021 3043 1075 aiter.
3076 1021 3152 1080 De
3189 1024 3418 1081 Matthia

1849 1099 2113 1168 loquitur,
2141 1086 2236 1170 qui
2272 1104 2338 1157 ad
2366 1108 2741 1173 apostolorum
2775 1111 2980 1166 clerum
2999 1114 3228 1183 justitia:
3252 1134 3417 1196 causa

1847 1192 2075 1247 allectus
2105 1205 2207 1250 est.

1920 1368 2094 1433 9,10.
2140 1371 2306 1426 Fiant
2353 1377 2457 1444 ﬁlii
2503 1377 2615 1445 ejus
2661 1381 2902 1442 orn/iani.
2955 1381 3074 1437 Filii
3134 1395 3264 1440 sunt
3301 1388 3420 1458 ejus

1847 1462 2201 1530 cogitationes
2231 1485 2242 1519 :
2273 1470 2503 1537 orphani
2541 1487 2778 1541 namque
2810 1476 2984 1544 gratia
3007 1475 3212 1530 Christi
3246 1476 3416 1533 fuere.

1849 1551 1998 1608 Uxor
2045 1567 2248 1623 autem,
2285 1559 2405 1628 ejus
2443 1569 2528 1615 est
2571 1563 2776 1628 anima,
2812 1580 2937 1618 nam
2981 1577 3035 1620 ct
3090 1570 3206 1636 ipsa
3255 1569 3422 1624 vidua

1847 1645 1948 1700 fuit
1975 1647 2122 1718 lapsa
2166 1666 2196 1704 a
2230 1651 2449 1706 Christo
2476 1669 2572 1722 per
2613 1657 2955 1725 iniquitatem
2993 1674 3170 1714 suam.
3212 1658 3424 1714 Nutan-

1848 1747 1921 1790 tes
1945 1741 2336 1810 transferantur
2360 1744 2463 1812 ﬁlii
2497 1745 2610 1814 ejus
2634 1759 2680 1800 et
2707 1749 3019 1806 mendicant.
3052 1751 3423 1821 Cogitationes

1845 1829 1988 1882 enim
2023 1831 2164 1899 ejus,
2197 1849 2337 1900 quas
2367 1850 2489 1888 esse
2529 1835 2672 1891 lilios
2695 1838 2814 1906 ejus
2840 1839 3104 1906 diximus,
3136 1857 3164 1894 a
3197 1840 3420 1896 Christo

1844 1931 2087 1984 remoue,
2126 1937 2234 1991 pra:
2273 1925 2501 1978 avaritia
2537 1927 2602 1979 ad
2644 1929 2932 1995 pecuniam
2976 1945 3200 1984 manum
3223 1940 3416 1987 exten-

1843 2013 2060 2081 derunt,
2088 2024 2148 2070 ut
2175 2017 2329 2086 egeni
2365 2025 2419 2070 et
2459 2019 2714 2072 mendici.

1911 2196 1996 2262 ιι.
2035 2195 2099 2249 1η
2121 2199 2428 2251 memoriam
2461 2199 2637 2252 redeat
2674 2201 2928 2270 iniquitas
2961 2210 3171 2270 patrum
3202 2202 3314 2268 eius
3354 2205 3412 2258 in

1843 2295 2125 2354 conspectu
2149 2285 2385 2340 Domini.
2407 2287 2600 2358 Populi
2634 2290 2803 2358 ipsius
2831 2291 3079 2345 videlicet
3105 2310 3118 2357 ;
3148 2293 3415 2360 proditori

1842 2391 2078 2444 namque
2112 2379 2580 2446 praevaricatorem
2608 2381 2866 2450 pupulum
2896 2382 3161 2452 adjungit.
3199 2383 3410 2454 Iniqui-

1841 2474 2006 2522 tatem
2039 2477 2218 2522 autem
2251 2477 2465 2538 patrum
2492 2471 2643 2534 dicit,
2673 2473 2816 2541 quod
2853 2474 3154 2528 occiderint
3180 2479 3415 2545 prophe-

1843 2565 1948 2622 tas,
1979 2558 2130 2627 juxta
2159 2559 2289 2612 illud
2315 2560 2530 2614 Domini
2563 2561 2766 2616 dictum
2795 2565 2858 2628 ¹²,
2889 2565 3033 2635 quod
3063 2567 3270 2621 scilicet
3295 2583 3414 2621 om-

1841 2649 1927 2703 nis
1955 2650 2237 2718 sanguinis
2263 2652 2396 2720 justi
2427 2653 2581 2708 eﬂ‘usi
2606 2656 2674 2708 ab
2710 2656 2878 2711 Ahele
2911 2673 3083 2726 usque
3112 2657 3179 2712 ad
3207 2658 3414 2714 Zacha-

1841 2741 1978 2793 riam
2009 2743 2326 2811 prophetam
2358 2759 2520 2812 poena
2552 2745 2814 2799 sumenda
2848 2747 2918 2800 sit
2945 2748 3013 2801 ah
3043 2749 3143 2804 hac
3184 2765 3413 2817 genera-

1841 2833 2010 2887 tione.
2047 2832 2112 2886 Et
2136 2845 2404 2902 peccatum
2429 2837 2616 2890 matris
2647 2837 2760 2906 rjns
2783 2853 2884 2891 non
2902 2839 3163 2894 deleatur.
3182 2840 3409 2897 Matrem

1841 2923 1991 2993 impii
2015 2925 2220 2993 populi,
2242 2927 2547 2995 improbam
2575 2928 2720 2981 illam
2752 2927 3093 3001 Synagogam
3119 2931 3412 3004 intelligas,

1841 3030 1962 3084 qua:
1989 3015 2309 3087 plerumque
2339 3017 2508 3074 Deum
2532 3021 2895 3090 exasperavit.

1914 3197 2002 3253 I5.
2047 3198 2168 3253 Fiat
2199 3209 2384 3254 contra
2414 3199 2698 3254 Dominum
2735 3219 2937 3273 semper
2967 3213 3016 3259 et
3047 3205 3308 3276 dispereat
3348 3208 3414 3263 de

1842 3299 1986 3344 terra
2026 3293 2275 3345 memoria
2323 3308 2523 3348 eorum.
2585 3293 2752 3358 Cum,
2802 3296 2998 3364 inquit,
3052 3297 3194 3354 Deus
3229 3302 3413 3356 omnia

1839 3381 1958 3452 ejus
1989 3381 2231 3436 facinora
2259 3398 2473 3452 semper
2504 3383 2731 3451 viderit,
2773 3387 3082 3444 nullatenus
3126 3390 3415 3445 miserabi-

1838 3481 1930 3527 tur
1958 3490 2105 3539 eum,
2141 3475 2364 3544 perinde
2391 3486 2552 3544 atque
2577 3491 2767 3531 omnes
2794 3479 2884 3547 qui
2913 3495 3017 3532 non
3040 3481 3409 3538 crediderunt.

1837 3561 2026 3632 Neque
2056 3565 2200 3618 enim
2233 3565 2299 3618 de
2333 3566 2449 3620 solo
2477 3564 2614 3620 Juda
2649 3567 2912 3635 loquitur,
2949 3585 3070 3623 cum
3107 3571 3408 3640 pluraliter,

1840 3655 2095 3708 memoria
2145 3672 2346 3719 eorum,
2398 3656 2631 3711 dicatur.
2683 3658 2803 3710 Alio
2872 3661 3032 3714 modo
3075 3661 3181 3715 diei
3235 3673 3412 3732 potest

1839 3757 2022 3817 patres
2056 3745 2207 3802 Judze
2254 3748 2505 3816 indicari,
2543 3749 2637 3817 qui
2673 3750 2739 3803 ad
2789 3747 3152 3820 proditionem
3199 3772 3404 3824 genuc-

1839 3837 2169 3891 runtiilum.
2224 3834 2289 3888 IIi
2343 3845 2524 3890 autem
2563 3836 2784 3904 fuerint,
2840 3841 2931 3908 qui
2980 3857 3075 3910 per
3122 3856 3411 3914 argenteos

1839 3925 2196 3994 perpulerunt
2236 3925 2411 3978 illum.
2447 3926 2513 3978 Et
2544 3926 2753 3993 primus
2801 3929 2989 3982 eorum
3046 3928 3275 3986 Satanas
3305 3945 3408 3998 esr,

1839 4019 1935 4086 qui
1972 4016 2200 4070 immisit
2231 4016 2286 4067 in
2317 4030 2411 4068 cor
2430 4016 2569 4084 ejus,
2600 4032 2809 4070 necnon
2846 4020 3117 4087 principes
3143 4023 3409 4090 sapientia

1839 4107 2048 4177 prazditi
2079 4106 2308 4175 hujusce
2330 4107 2540 4171 mundi,
2565 4107 2632 4160 de
2654 4108 2853 4175 quibus
2881 4108 2957 4161 ait
2983 4109 3185 4165 Paulus
3217 4129 3232 4165 :
3265 4111 3410 4166 Nam

1838 4200 1885 4251 si
1916 4200 2298 4268 cognovissent,
2334 4216 2601 4270 nunquam
2644 4201 2928 4254 Dominum
2975 4204 3162 4272 gloria:
3199 4206 3410 4274 cruciﬁ-

1836 4294 2040 4344 asisscnt
2061 4290 2126 4344 ".
2156 4289 2223 4343 Et
2256 4292 2519 4360 dispereat
2543 4291 2606 4346 de
2627 4302 2764 4345 terra
2790 4294 3040 4346 memoria
3068 4311 3266 4349 eorum.
3299 4296 3412 4351 Me-

1838 4383 2012 4436 moria
2063 4380 2216 4436 Iudae
2265 4383 2510 4447 scilicet;
2572 4392 2666 4438 aut
2710 4384 2819 4437 alio
2868 4386 3051 4448 modo,
3102 4387 3408 4455 principum

1839 4489 2028 4528 eorum
2071 4474 2163 4543 qui
2211 4475 2471 4530 adversus
2516 4475 2794 4530 Christum
2828 4491 2937 4528 una
2981 4485 3266 4533 steterunt.
3300 4478 3406 4534 Ne-

1841 4581 1948 4636 que
2000 4566 2145 4620 enim
2181 4582 2364 4622 semen
2409 4581 2600 4620 eorum
2654 4569 2917 4622 remansit
2965 4570 3032 4622 ad
3087 4573 3410 4630 memoriam

1839 4672 2050 4711 eorum.

1916 4749 2002 4803 16.
2039 4747 2147 4801 Pro
2178 4765 2236 4802 eo
2275 4747 2415 4818 quod
2443 4765 2544 4801 non
2575 4757 2652 4802 est
2691 4750 2995 4804 recordatus
3036 4750 3208 4816 facere
3255 4753 3413 4808 mise-

1846 4840 2156 4892 ricordiam.
2183 4837 2390 4903 Noluit,
2419 4839 2616 4908 inquit,
2659 4839 3093 4895 misericordiam
3141 4828 3409 4922 accipere,

1841 4946 2004 5001 quam
2033 4931 2182 4985 dedit
2214 4929 2375 4984 Pater
2421 4930 2759 4996 hominibus,
2808 4940 2861 4984 et
2898 4933 3032 5001 ipsis
3065 4934 3258 4989 ovihus
3293 4951 3416 5004 quae

1840 5022 2115 5092 perierant
2143 5035 2210 5074 ex
2245 5019 2432 5074 Israel.
2481 5017 2640 5086 Nam,
2677 5019 2875 5086 facere,
2927 5021 3018 5077 hic
3062 5024 3300 5092 positum
3333 5036 3418 5080 est

1841 5127 1960 5182 pro.
1997 5111 2263 5180 accipere.

1911 5203 1998 5257 I7.
2034 5203 2103 5257 Et
2147 5211 2445 5270 persecutus
2473 5211 2550 5256 est
2579 5201 2844 5256 hominem
2887 5204 3090 5272 inopem
3140 5215 3188 5258 et
3215 5206 3411 5258 mendi-

1841 5311 1979 5348 cum.
2008 5293 2189 5363 Ipsum
2241 5295 2317 5347 ait
2347 5292 2662 5358 Dominum,
2715 5295 2805 5364 qui
2856 5293 3030 5362 factus
3088 5305 3165 5348 est
3213 5310 3412 5364 pauper

1841 5403 1960 5441 cum
1989 5386 2130 5440 dives
2161 5394 2310 5450 esset,
2343 5395 2400 5440 ut
2438 5400 2530 5438 nos
2577 5383 2695 5454 ejus
2720 5385 2902 5452 inopia
2945 5385 3313 5439 ditesceremus
3345 5385 3410 5442 ¹⁴’.

1843 5478 1912 5532 Et
1946 5487 2313 5547 compunctum
2337 5477 2493 5532 corde
2517 5477 2858 5546 mortiﬁcare.
2889 5475 2948 5531 Id
2971 5485 3074 5542 est,
3099 5477 3369 5533 dolentem
3392 5495 3409 5552 ς

1354 5724 1397 5758 ί*
1423 5721 1465 5778 II
1500 5720 1624 5776 Cor.
1660 5734 1779 5786 rm,
1809 5717 1862 5772 9.

3050 5808 3126 5870 15
