3880 6216
444 357 550 415 459

1276 340 1332 395 S.
1371 335 1744 395 ATHANASII
1791 333 1940 391 OPP.
1978 334 2161 391 PARS
2202 332 2291 388 lll.
2336 363 2402 374 -—
2440 326 2830 390 EXEGETICA

3585 325 3690 383 460

444 474 661 532 dolebat
697 469 841 527 enim
870 466 1057 522 videns
1082 477 1273 518 eorum
1300 459 1619 531 perniciem.
1656 456 1816 512 Hunc
1848 456 2016 528 igitur

2136 452 2211 507 :06
2231 493 2246 517 ,
2270 449 2606 521 λυπούμενον
2627 464 2639 477 ’
2695 443 2943 500 ἐλυπεῖτο
2966 440 3075 511 γὰρ
3105 436 3246 511 ὁρῶν
3273 436 3451 492 αὐτῶν
3474 436 3573 509 τὴν
3596 440 3702 492 ἀπ-

443 569 537 641 qui
568 574 790 639 propter
823 558 919 618 eos
948 557 1164 615 dolebat
1194 555 1263 611 ad
1286 562 1518 610 mortem
1549 551 1884 622 quaerebant.

519 750 699 815 18,19.
717 747 787 801 Et
800 743 987 800 dilexit
1002 738 1492 796 maledictionem...
1505 777 1518 790 .
1534 747 1582 790 et
1602 735 1776 790 induit
1794 732 2017 787 maledi-

441 846 666 899 ctionem
710 841 845 895 sicut
878 837 1262 891 vestimentum.
1307 829 1560 896 Quando,
1606 828 1804 896 inquit,
1852 825 2014 879 linem

442 935 703 991 facientes
733 946 822 985 me
849 925 1226 990 benedicendi,
1270 922 1605 978 maledicunt
1649 918 1781 972 mihi
1830 916 2015 987 quoti-

440 1029 528 1083 die
557 1046 570 1081 :
609 1026 663 1081 id
679 1036 937 1093 'namque
972 1021 1041 1075 ad
1066 1021 1212 1073 hunc
1246 1030 1420 1085 usque
1444 1014 1588 1069 diem
1614 1010 1785 1066 Judaei
1814 1018 2015 1079 agunt;

441 1121 565 1181 ideo
599 1117 787 1174 omnia
824 1114 1078 1185 superius
1111 1119 1412 1165 memorata
1448 1105 1702 1162 evenient
1747 1102 1904 1173 ipsis.
1946 1100 2016 1155 Et

440 1213 657 1268 intravit
709 1211 845 1265 sicut
889 1223 1029 1278 aqua
1080 1206 1136 1258 in
1193 1204 1449 1258 interiora
1506 1200 1641 1268 ejus.
1682 1195 1803 1251 Non
1854 1194 2017 1249 modo

442 1306 589 1361 enim
618 1302 862 1359 exterius
896 1299 989 1355 sed
1012 1298 1174 1353 etiam
1216 1295 1446 1349 interius
1481 1288 1895 1345 circumsistunt
1919 1300 2018 1339 nos

444 1398 588 1451 mala
623 1392 966 1449 inundantia.
1019 1389 1089 1443 Et
1126 1389 1263 1441 sicut
1314 1386 1482 1439 oleum
1523 1384 1579 1436 in
1617 1380 1821 1435 ossibus
1853 1377 2014 1460 _ejus.

442 1488 634 1543 Oleum
658 1487 800 1542 enim
826 1484 990 1539 habet
1020 1480 1270 1537 stabilem
1312 1476 1710 1532 humiditatem.
1749 1472 2017 1526 Malorum

446 1594 613 1651 porro
643 1577 933 1634 colluviem
960 1574 1112 1629 dicit.
1139 1570 1419 1641 Siquidem
1448 1582 1589 1637 aqua
1617 1563 2017 1619 vehementiam

443 1675 665 1728 denotat
692 1669 924 1742 ;Voleum
948 1673 1131 1720 autem
1164 1662 1539 1719 stabilitatem.
1581 1655 1793 1722 Quibus
1841 1655 2019 1724 inquit

444 1763 606 1818 malis
660 1760 819 1832 quasi
863 1757 1189 1814 vestimento
1236 1754 1535 1822 operiatur,
1591 1756 1646 1803 et
1688 1745 1845 1817 quasi
1880 1759 2017 1799 zona

444 1853 831 1924 prtecingatur.

516 1945 605 2000 20.
643 1942 759 1997 Hoc
805 1958 933 2012 opus
979 1955 1159 1995 eorum
1216 1936 1304 2007 qui
1355 1935 1639 1989 detrahunt
1694 1930 1823 1983 mihi
1876 1926 2017 1998 apud

444 2036 756 2100 Dominum,
786 2041 836 2086 et
871 2032 962 2101 qui
992 2030 1283 2100 loquuntur
1326 2025 1471 2079 mala
1504 2024 1752 2078 adversus
1785 2022 2019 2074 animam

446 2144 639 2183 meam.
676 2124 791 2180 Hos
811 2122 1114 2195 percipient
1139 2118 1350 2173 fructus
1377 2117 1469 2187 qui
1505 2115 1692 2171 odium
1727 2112 2015 2168 adversum

445 2237 537 2278 me
575 2224 957 2287 susceperunt,
992 2223 1047 2269 et
1066 2212 1312 2283 proditor
1351 2208 1445 2280 qui
1471 2221 1661 2263 eorum
1700 2204 2020 2259 administer

446 2314 570 2369 fuit.
617 2312 757 2367 Cum
795 2308 941 2365 enim
976 2321 1104 2362 eum
1142 2303 1255 2359 Deo
1296 2299 1671 2357 adversarium
1709 2312 1773 2353 ac
1806 2309 2017 2367 praeva-

444 2408 737 2461 ricatorem
778 2406 1058 2467 vocarent,
1094 2396 1220 2468 jure
1274 2394 1393 2449 ait:
1427 2391 1532 2457 Qui
1566 2389 1850 2445 detrahunt
1889 2387 2019 2441 mihi

443 2495 585 2567 apud
611 2493 919 2548 Dominum.

516 2588 607 2642 21.
641 2587 712 2640 Et
746 2594 825 2653 tu,
874 2582 1120 2648 Domine,
1161 2578 1406 2643 Domine,
1451 2575 1539 2645 fac
1579 2588 1782 2628 mecum
1807 2580 2020 2642 propter

440 2695 631 2735 nomen
671 2687 842 2731 tuum.
897 2673 1025 2729 Haec
1074 2673 1208 2727 item
1243 2668 1507 2725 Dominus
1536 2666 1791 2722 Christus
1821 2679 2019 2719 secun-

441 2771 576 2827 dum
622 2767 1023 2824 humanitatem
1057 2764 1326 2834 loquitur.
1359 2759 1612 2814 Humana
1642 2758 1790 2813 enim
1837 2757 2018 2812 omnia

439 2871 639 2934 praeter
681 2868 964 2932 peccatum
994 2855 1260 2927 implevit.
1307 2851 1479 2908 Natus
1508 2852 1656 2906 enim
1699 2858 1784 2906 est
1817 2864 2017 2905 secun-

442 2954 575 3008 dum
605 2960 815 3006 naturae
841 2950 1037 3021 legem.
1068 2945 1232 3001 Nasci
1258 2944 1405 2999 enim
1434 2959 1503 2998 ex
1535 2942 1786 3009 muliere,
1823 2940 1877 2995 id
1911 2939 2019 2993 bu-

440 3057 620 3099 mante
648 3051 860 3096 natura:
889 3050 1007 3106 est;
1038 3054 1204 3110 supra
1224 3038 1520 3092 humanam
1552 3042 1735 3089 autem
1762 3041 2017 3088 naturam

2115 545 2328 599 ώλειαν.
2351 542 2552 597 Τοῦτον
2581 537 2672 594 06v
2698 539 2791 592 τὸν
2818 536 2886 590 δι’
2903 534 3097 596 αὐτοὺς
3118 530 3287 585 λυπού
3297 546 3454 601 μενον
3476 530 3703 584 ἐδίωκον

2115 636 2441 693 θανατῶσαι.

2197 729 2307 785 Καὶ
2327 727 2606 799 ἠγάπησε
2633 724 2901 793 κατάραν
2937 761 2953 777 .
2981 763 2994 776 .
3026 763 3037 777 .
3066 762 3080 774 .
3110 759 3123 772 .
3154 760 3167 773 .
3198 758 3212 771 .
3246 717 3345 772 καί
3368 717 3706 771 ἐνεδύσατο

2114 820 2384 890 κατάραν
2413 819 2555 873 ὡσεὶ
2588 818 2839 888 ἱμάτιον.
2884 815 3125 887 Ἐπειδὴ,
3155 814 3319 884 φησιν
3338 853 3353 878 ,
3380 811 3615 880 ἀφέντες
3645 810 3709 890 τὸ

2115 884 2356 981 εὐλογεῖν
2376 911 2496 982 ἐμὲ,
2526 884 2646 964 καθ’
2673 909 2910 980 ἑκάστην
2936 884 3151 979 ἡμέραν
3174 904 3521 975 καταρῶνται
3541 923 3556 938 ο
3582 884 3711 954 τυῖῖνοο

2064 1016 2077 1031 ⁸
2115 1022 2177 1058 το
2198 1003 2307 1073 γὰρ
2336 1002 2496 1073 μέχρι
2522 1003 2622 1072 τῆς
2642 1002 2882 1072 σήμερον
2918 997 3189 1052 Ἰουδαίων
3212 995 3397 1058 παῖδες
3424 992 3673 1047 ποιοῦσιν
3690 1009 3706 1024 ο

2115 1096 2306 1149 τούτου
2336 1094 2495 1165 χάριν
2520 1093 2699 1145 πάντα
2728 1093 2911 1155 αὐτοῖς
2941 1090 3008 1144 τὰ
3041 1088 3448 1162 προλελεγμένα
3479 1087 3712 1157 γενήσε-

2116 1204 2226 1240 ται.
2270 1185 2379 1240 Καὶ
2412 1183 2701 1253 εἰσῆλθεν
2726 1183 2871 1237 ὡσεὶ
2904 1182 3061 1251 ὕδωρ
3092 1184 3181 1248 είς
3217 1181 3289 1235 τὰ
3326 1180 3548 1248 ἔγκατα
3595 1179 3713 1232 αὑ-

2117 1278 2247 1332 τοῦ.
2275 1278 2348 1330 Οὐ
2369 1276 2478 1347 γὰρ
2500 1274 2695 1340 ἔξωθεν
2722 1276 2902 1347 μόνον,
2921 1274 3056 1328 ἀλλά
3082 1274 3175 1326 καὶ
3193 1271 3401 1325 ἔνδοθεν
3429 1270 3714 1342 περίκειν-

2116 1386 2206 1422 ται
2235 1368 2305 1422 τά
2327 1370 2473 1422 κακά
2502 1368 2915 1440 περικλύζοντα.
2949 1366 3059 1421 Καὶ
3084 1365 3227 1419 ὡσεὶ
3249 1365 3456 1419 ἔλαιον
3488 1364 3558 1416 ἐν
3579 1362 3713 1429 τοῖς

2119 1460 2355 1527 ὀστέοις
2390 1460 2597 1515 αὑτοῦ.
2662 1460 2831 1514 Τοῦτο
2860 1461 2969 1531 γάρ
3003 1459 3116 1529 ἔχει
3154 1458 3378 1529 μόνιμον
3406 1456 3503 1527 τὴν
3538 1454 3712 1528 ὑγρό-

2118 1571 2276 1624 τητα.
2310 1554 2486 1626 Φοράν
2512 1552 2569 1607 δέ
2602 1570 2735 1625 φησι
2764 1553 2971 1615 κακῶν,
3005 1551 3097 1606 τοῦ
3136 1552 3234 1621 μὲν
3266 1550 3456 1612 ὓδατος
3481 1549 3543 1601 τὸ
3571 1565 3713 1617 σφο-

2118 1644 2241 1716 δρὸν
2266 1644 2583 1716 δηλοῦντος,
2627 1642 2719 1696 τοῦ
2750 1643 2807 1696 δὲ
2837 1643 3017 1697 ἐλαίου
3046 1642 3105 1695 τὸ
3141 1641 3385 1711 μόνιμον.
3456 1640 3575 1708 Ὑφ’
3608 1632 3711 1705 ὧν,

2121 1735 2277 1807 φησι,
2307 1737 2399 1790 καὶ
2430 1736 2505 1801 ὡς
2534 1738 2591 1791 ἐν
2618 1737 2804 1809 ἐσθῆτι
2836 1734 3214 1799 καλυπτέσθω,
3236 1732 3330 1785 καὶ
3356 1731 3431 1796 ὡς
3460 1732 3712 1804 ζωστῆρι

2048 1821 2093 1878 Β
2124 1828 2457 1898 σφιγγέσθω.

2196 1921 2377 1999 Τοῦτο
2424 1921 2493 1974 τὸ
2536 1920 2716 1993 ἔργον
2738 1920 2858 1974 τῶν
2883 1917 3401 1973 ἐνδιαϐαλλόντων
3440 1916 3540 1970 καί
3587 1914 3715 1969 τῶν

2118 2014 2471 2068 λαλούντων
2494 2013 2725 2081 πονηρὰ
2752 2011 2862 2080 τῆς
2890 2008 3100 2080 ψυχῆς
3120 2029 3260 2079 μου.
3310 2008 3544 2071 Τούτους
3572 2024 3710 2078 τρυο

2119 2107 2346 2177 γήσουσι
2379 2105 2504 2168 τοὺς
2534 2104 2780 2175 καρποὺς
2804 2103 2853 2154 οί
2882 2101 2943 2154 τὸ
2971 2101 3109 2172 πρὸς
3141 2101 3241 2170 ἐμὲ
3272 2101 3425 2170 μῖσος
3448 2082 3715 2161 ἀναδεξά-

2124 2214 2293 2268 μενοι,
2321 2196 2414 2248 καὶ
2441 2197 2469 2248 ὁ
2499 2195 2706 2258 τούτοις
2739 2193 3095 2264 ὑπουργήσας
3122 2191 3411 2262 προδότης.
3480 2188 3711 2259 Ἐπειδὴ

2119 2289 2229 2360 γὰρ
2260 2287 2503 2342 ἀντίθεον
2536 2286 2699 2341 αὐτὸν
2731 2286 2825 2340 καὶ
2852 2285 3166 2356 παράνομον
3198 2284 3445 2346 ἐκάλουν,
3480 2284 3714 2344 εἰκότως

2120 2377 2239 2434 εἶπε
2260 2397 2274 2411 °
2316 2380 2438 2436 Τῶν
2461 2379 2977 2433 ἐνδιαϐαλλόντων
2994 2395 3072 2447 με
3105 2377 3264 2445 παρὰ
3286 2377 3529 2444 Κυρίου.

2188 2563 2297 2618 Καὶ
2331 2561 2434 2627 σὺ,
2466 2562 2674 2630 Κύριε,
2708 2563 2917 2630 Κύριε,
2954 2561 3215 2627 ποίησον
3240 2559 3365 2629 μετ’
3393 2559 3542 2627 ἐμοῦ
3574 2558 3709 2613 ἑνε-

2119 2672 2226 2708 κεν
2242 2654 2351 2708 τοῦ
2375 2655 2668 2723 ὀνόματός
2690 2669 2830 2709 σου.
2852 2653 2963 2706 Καὶ
2982 2652 3154 2705 ταῦτα
3179 2652 3533 2723 ἀνθρωπίνως
3555 2652 3712 2723 εἴρη-

2118 2764 2214 2801 κεν
2250 2747 2281 2799 ὁ
2309 2747 2587 2817 Δεσπότης
2613 2745 2866 2817 Χριστός.
2925 2745 3110 2797 Πάντα
3153 2744 3263 2815 γὰρ
3292 2743 3360 2796 τὰ
3388 2743 3709 2814 ἀνθρώπινα

2119 2836 2258 2908 πλὴν
2291 2835 2564 2907 ἁμαρτίας
2592 2834 2976 2905 πεπλήρωκεν.
3034 2834 3260 2904 Ἐτέχθη
3304 2835 3411 2905 γὰρ
3439 2833 3583 2886 κατὰ
3615 2833 3707 2886 νό-

2122 2947 2223 3001 μον
2252 2928 2487 2999 φύσεως.
2520 2927 2594 2979 Τὸ
2623 2927 2719 2997 μέν
2748 2926 2857 2997 γὰρ
2892 2926 2956 2978 ἐκ
2984 2925 3266 2993 γυναικὸς,
3299 2925 3398 2995 τῆς
3424 2924 3707 2993 ἀνθρωπί-

2119 3039 2217 3093 νης
2244 3021 2457 3091 φύσεως
2478 3038 2491 3051 ο
2523 3019 2664 3089 ὑπὲρ
2683 3018 2887 3088 ταύτην
2914 3018 2991 3082 δὲ,
3022 3021 3087 3071 ἐκ
3111 3018 3408 3089 Παρθένου.
3454 3016 3714 3082 Ἐδέξατο

441 3144 550 3197 est,
585 3132 739 3187 nasci
772 3146 839 3186 ex
876 3108 1124 3199 virgine;
1139 3127 1377 3184 Admisit
1405 3140 1618 3197 pannos
1646 3135 1701 3179 et
1726 3122 2016 3178 circumci-

2136 3114 2417 3186 ςπάργανα
2445 3112 2540 3165 καὶ
2569 3109 2872 3181 περιτομὴν
2894 3150 2909 3173 ,
2949 3110 3042 3162 καὶ
3069 3108 3166 3179 τὴν
3199 3112 3263 3162 ἐκ
3284 3109 3557 3177 γάλακτος
3580 3125 3712 3179 τρο-

2176 3207 2183 3220 r
2366 3206 2378 3220 ι
2413 3203 2438 3220 Λ
2520 3203 2533 3220 Ι
2634 3202 2714 3220 ῬΙ
2769 3219 2778 3220 κ
2873 3218 2918 3220 η.
2975 3202 2991 3220 ι
3035 3202 3172 3220 1---.
3209 3217 3255 3220 _-
3312 3200 3395 3220 A,b.\
3427 3200 3679 3220 1___L._--_

443 3225 679 3291 sionem,
714 3237 926 3277 necnon
959 3220 1115 3276 lactis
1146 3220 1507 3275 alimentum:
1553 3216 1760 3271 hostias
1795 3214 2014 3281 obtulit,

439 3314 731 3384 jejunavit,
773 3312 1020 3378 esurivit,
1071 3311 1264 3372 sitivit,
1311 3310 1492 3365 lassus
1532 3306 1674 3373 fuit;
1721 3306 1797 3361 ita
1826 3304 1919 3360 diu
1952 3320 2018 3360 o-

442 3421 602 3462 rasse
640 3407 793 3460 illum
818 3406 873 3460 in
904 3404 1076 3460 sacris
1106 3402 1415 3474 Evangeliis
1440 3401 1705 3471 scriptum
1733 3408 1837 3455 est.
1870 3398 2019 3453 Pari-

444 3508 640 3568 terque
680 3513 828 3554 nunc
865 3498 1107 3552 humano
1165 3510 1320 3550 more
1347 3494 1594 3550 divinum
1640 3492 1893 3562 implorat
1917 3506 2019 3546 au-

441 3590 658 3645 xilium.

509 3681 606 3738 22.
638 3680 832 3735 Libera
861 3696 941 3732 me
971 3677 1094 3749 quia
1116 3693 1306 3748 egenus
1324 3686 1372 3731 et
1393 3692 1593 3747 pauper
1612 3690 1704 3746 ego
1730 3690 1869 3730 sum.
1905 3670 2021 3728 Hoc

443 3774 514 3830 ab
542 3775 667 3844 ipso
698 3774 753 3827 in
776 3773 950 3828 sacris
975 3770 1286 3842 Evangeliis
1320 3770 1521 3825 dictum
1553 3769 1883 3824 invenimus.
1916 3766 2021 3819 Ac-

444 3881 705 3922 cessurus
728 3864 873 3919 enim
905 3863 970 3917 ad
1000 3863 1314 3932 passionem
1349 3861 1427 3915 ait
1452 3880 1464 3915 :
1506 3859 1665 3914 Nunc
1694 3860 1876 3913 anima
1904 3874 2021 3912 mea

444 3959 659 4014 turbata
693 3967 791 4013 est.
819 3957 889 4012 Et
914 3956 1041 4026 quid
1077 3957 1255 4009 dicam
1281 3957 1305 4007 Ι)
1335 3955 1516 4019 Pater,
1546 3954 1694 4007 salva
1725 3970 1805 4006 me
1832 3968 1897 4006 ea:
1922 3953 2020 4005 hac

442 4054 595 4106 hora.
624 4049 798 4115 Abba,
829 4057 1108 4119 propterea
1141 4047 1255 4101 veni
1280 4046 1335 4099 in
1366 4046 1501 4099 hanc
1531 4045 1718 4098 horam
1744 4044 1807 4097 “’.

512 4225 604 4280 2'5.
646 4223 795 4277 Sicut
826 4221 1016 4274 umbra
1055 4235 1175 4272 cum
1209 4218 1442 4273 declinat
1483 4217 1694 4271 ablatus
1721 4232 1857 4269 sum.
1891 4213 2026 4269 Per-

444 4317 573 4371 inde
610 4324 776 4384 atque
817 4312 1013 4367 umbra
1050 4312 1355 4375 declinans,
1407 4310 1572 4364 linem
1614 4308 1740 4362 vitae
1789 4308 1972 4362 inveni
2006 4325 2020 4363 :

444 4407 539 4463 sed
566 4414 620 4460 et
649 4406 825 4459 inSIar
852 4404 1194 4457 locustarum
1223 4416 1253 4454 a
1284 4409 1447 4455 vento
1479 4400 1909 4469 circumquaque
1936 4414 2025 4453 ra-

2123 3207 2231 3276 φὴν
2252 3223 2265 3235 ·
2294 3206 2388 3258 καὶ
2412 3203 2601 3266 Θυσίας
2631 3202 2941 3272 ἐξήνεγκεν,
2971 3202 3280 3272 ἐνήστευσε,
3309 3200 3402 3253 καὶ
3423 3200 3706 3269 ἐπείνησε,

2121 3298 2217 3352 καὶ
2246 3296 2486 3367 ἐδίψησε,
2513 3296 2606 3348 καὶ
2640 3294 2929 3346 ἐκοπίασεν
2946 3312 2958 3323 ο
2983 3293 3124 3345 οὕτω
3146 3294 3239 3346 καὶ
3270 3292 3711 3363 προσευχόμενος

2122 3390 2181 3443 ἐν
2226 3391 2338 3452 τοῖς
2375 3388 2554 3456 ἁγίοις
2582 3384 2932 3453 Εὑαγγελίοις
2967 3384 3229 3456 διηνεκῶς
3267 3385 3705 3455 ἀναγέγραπται.

2122 3481 2236 3535 Καὶ
2267 3478 2503 3534 ἐνταῦθα
2534 3478 2893 3550 ἀνθρωπίνως
2909 3478 3008 3548 τὴν
3038 3477 3186 3530 θείαν
3215 3475 3558 3529 ἐπικαλεῖται
3587 3476 3713 3545 βοή-

2124 3574 2293 3627 θειαν.

2204 3664 2418 3719 Ῥὗσαί
2445 3679 2520 3731 με
2545 3701 2560 3726 ,
2592 3662 2709 3714 ’ὅτι
2747 3660 2984 3728 πτωχὸς
3034 3659 3131 3713 καὶ
3182 3659 3371 3727 πένης
3419 3657 3537 3728 εἰμί
3567 3658 3706 3726 ἐγώ.

2122 3755 2293 3811 Τοῦτο
2320 3755 2413 3808 καὶ
2443 3754 2534 3807 ὑπ’
2583 3752 2752 3806 αὐτοῦ
2782 3755 2839 3806 ἐν
2867 3755 2979 3814 τοῖς
3008 3752 3171 3821 ἱεροῖς
3192 3750 3542 3819 Εὑαγγελίοις
3566 3750 3713 3821 εὑρί-

2125 3864 2326 3918 σκομεν
2358 3846 2665 3918 εἰρημένον.
2711 3844 2940 3898 Μέλλων
2971 3843 3078 3915 γὰρ
3108 3843 3388 3914 προσιέναι
3426 3843 3505 3913 τῷ
3543 3843 3709 3896 πάθει

2124 3936 2245 3991 εἷπε
2264 3954 2278 3968 ο
2313 3936 2445 3991 Νῦν
2473 3937 2510 4003 ἡ
2544 3934 2714 4006 ψυχή
2743 3953 2863 4004 μου
2892 3934 3259 4004 τετάρακται.
3292 3938 3401 3990 Καὶ
3434 3938 3493 3990 τί
3516 3937 3667 3989 εἴπω
3689 3952 3713 3998 ;

2123 4029 2336 4097 Πάτερ,
2365 4028 2575 4082 σῶσόν
2596 4046 2673 4098 με
2690 4029 2757 4082 ἐκ
2789 4028 2899 4097 τῆς
2930 4029 3084 4098 ὧρας
3105 4032 3346 4098 ταύτης.
3385 4031 3576 4095 Ἀϐϐά,
3610 4029 3713 4085 διὰ

2124 4125 2300 4178 τοῦτο
2328 4124 2601 4190 ἐλήλυθα
2632 4125 2718 4188 είς
2745 4122 2862 4191 τὴν
2892 4121 3050 4191 ὥραν
3087 4123 3331 4190 ταύτην.

2205 4217 2369 4271 Ὡσεὶ
2392 4216 2533 4269 σκιὰ
2554 4215 2624 4268 ἐν
2647 4213 2727 4280 τῷ
2752 4213 3023 4268 ἐκκλῖναι
3049 4213 3245 4281 αὐτὴν
3268 4213 3706 4282 άντανῃρέθην.

2125 4311 2263 4380 Σκιᾷ
2290 4308 2535 4381 κλιθείσῃ
2562 4305 2959 4378 παραπλησίως
2984 4304 3252 4377 ἐδεξάμην
3275 4306 3366 4359 τοῦ
3400 4305 3513 4376 βίου
3537 4306 3596 4358 τὸ
3617 4305 3712 4359 τέ-

2126 4401 2215 4465 λος
2236 4419 2248 4432 ο
2277 4399 2411 4454 ἀλλὰ
2434 4399 2528 4452 καὶ
2548 4398 2704 4470 δίκην
2726 4398 3173 4469 περιφερομένων
3196 4398 3289 4450 ὑπ’
3311 4397 3529 4467 ἀνέμων
3550 4397 3684 4468 ἀκρί
3697 4427 3714 4438 -

448 4509 690 4569 ptarum,
718 4498 885 4550 vitam
923 4496 1030 4566 egi,
1086 4510 1196 4548 non
1244 4496 1457 4560 urbem,
1502 4510 1611 4548 non
1657 4494 1861 4558 vicum,
1912 4509 2021 4547 non

2136 4493 2230 4546 5ων
2263 4490 2539 4545 διετέλεσα
2566 4491 2627 4542 οὐ
2661 4489 2816 4541 πόλιν
2849 4488 3008 4559 ἔχων,
3036 4489 3095 4541 οὑ
3127 4486 3351 4558 κώμην,
3375 4489 3476 4540 οὐκ
3504 4488 3710 4553 οἰκίαν,

454 4590 680 4644 domum
729 4588 956 4653 habens,
995 4587 1130 4641 alias
1156 4586 1223 4640 ad
1267 4586 1374 4640 alia
1423 4584 1543 4640 loca
1586 4592 1641 4639 et
1688 4585 1757 4639 ad
1810 4595 2023 4641 montes

448 4682 837 4749 commigrans,
861 4680 1135 4733 interdum
1162 4678 1228 4732 ad
1253 4678 1529 4733 desertum
1560 4693 1878 4734 accurrens.

510 4770 612 4826 '25.
657 4769 910 4823 Viderunt
942 4780 1021 4821 me
1049 4776 1097 4821 et
1130 4778 1397 4821 moverunt
1419 4768 1601 4836 capita
1633 4783 1751 4821 sua.
1799 4765 1910 4821 Hoc
1947 4766 2025 4822 ait

448 4863 579 4931 quia
605 4862 735 4916 dum
768 4862 822 4913 in
855 4874 1017 4914 cruce
1056 4867 1223 4927 esset,
1266 4860 1559 4914 movebant
1590 4859 1767 4927 capita
1816 4874 1935 4923 sua,
1969 4866 2025 4914 et

443 4954 739 5011 dicebant:
795 4952 860 5006 ui
900 4951 1211 5021 Qtemplum
1272 4952 1477 5019 solvis,
1540 4951 1754 5007 salvum
1809 4949 1895 5006 fac
1944 4960 2025 5006 te—

448 5049 744 5118 metipsum
774 5048 837 5099 ‘°.

518 5141 610 5199 27.
640 5139 710 5193 Ει
740 5142 913 5193 sciant
941 5141 1069 5211 quia
1103 5155 1292 5192 manus
1336 5146 1427 5190 tua
1467 5137 1597 5191 lucc.
1631 5133 1827 5191 Manus
1867 5149 2028 5191 voca.

450 5251 589 5307 opus
626 5232 759 5289 illud
794 5247 904 5303 quo
939 5246 1145 5286 seseex
1183 5231 1415 5285 mortuis
1445 5228 1723 5283 excitavit.

519 5409 612 5464 28.
639 5409 958 5463 Maledicent
989 5407 1093 5471 illi,
1127 5416 1176 5461 et
1207 5414 1262 5460 tu
1290 5406 1599 5469 benedices;
1628 5404 1718 5475 qui
1748 5405 2027 5474 insurgunt

450 5501 504 5552 in
525 5514 604 5551 me
628 5498 1043 5568 confundantur.
1062 5494 1197 5549 Nam
1224 5496 1429 5564 pudore
1456 5495 1633 5549 affecti
1659 5501 1787 5547 sunt
1811 5507 2025 5556 omnes,

450 5588 597 5659 quod
627 5603 737 5643 non
765 5597 910 5643 esset
940 5587 1073 5657 ipsis
1103 5587 1384 5651 sacerdos,
1410 5601 1512 5641 nec
1535 5583 1893 5655 sacriﬁcium,
1925 5597 2029 5640 nec

563 5746 782 5804 "Joan.
826 5764 923 5817 xu,
963 5748 1053 5805 27.
1090 5822 1093 5825 _
1133 5751 1177 5784 ίθ
1198 5748 1386 5805 Matth.
1414 5764 1583 5814 xxvn,
1617 5746 1714 5802 πιο.

2130 4583 2315 4637 ἄλλοτε
2348 4581 2405 4635 δὲ
2436 4578 2667 4650 ἀλλαχοῦ
2700 4580 2794 4631 καὶ
2821 4578 2900 4642 είς
2929 4577 3030 4649 ὅρη
3073 4577 3444 4648 μεταϐαίνων,
3472 4576 3583 4630 ἐσθ’
3621 4578 3717 4631 ὅτε

2128 4674 2224 4727 καὶ
2254 4672 2463 4743 τρέχων
2492 4673 2570 4735 εἰς
2604 4670 2827 4741 ἔρημον.

2201 4762 2468 4818 Εἴδοσάν
2511 4779 2584 4832 με
2633 4761 2734 4815 καὶ
2766 4759 3115 4814 ἐσάλευσαν
3166 4760 3438 4829 κεφαλὰς
3487 4756 3712 4815 αὐτῶν.

2131 4852 2301 4908 Τοῦτό
2336 4871 2469 4924 φησι
2512 4853 2598 4906 διὰ
2633 4852 2694 4904 τὸ
2727 4853 2820 4904 ἐπὶ
2861 4850 2939 4922 τῷ
2985 4850 3203 4921 σταυρῷ
3228 4851 3340 4904 ὄντι
3368 4849 3519 4920 αὐτῷ
3541 4853 3715 4905 κινεῖν

2131 4943 2231 5006 τὰς
2253 4941 2518 5010 κεφαλὰς,
2550 4940 2645 4993 καὶ¹
2667 4939 2849 5009 λέγειν
2871 4957 2885 4970 σ
2923 4940 2981 4993 '0
3012 4937 3296 4992 καταλύων
3325 4938 3415 4991 τὸν
3438 4938 3586 5002 ναὸν,
3618 4939 3719 4990 σῶ-

2134 5051 2226 5086 σον
2264 5032 2512 5086 σεαυτόν.

2204 5126 2316 5179 Καὶ
2364 5124 2687 5195 γνώτωσαν
2710 5164 2724 5189 ,
2762 5124 2850 5176 ὅτι
2878 5124 2916 5191 ἡ
2950 5122 3080 5191 χείρ
3117 5135 3235 5175 σου
3268 5122 3445 5190 αὕτη.
3512 5122 3716 5193 Χεῖρας

2134 5216 2372 5271 ἐνταῦθα
2396 5216 2492 5287 τὴν
2518 5215 2716 5287 πρᾶξίν
2751 5232 2914 5286 φησιν
2934 5255 2949 5281 ,
2985 5217 3052 5286 ἣν
3082 5215 3378 5286 εἰργάσατο
3402 5215 3717 5285 ἀναστήσας

2135 5309 2324 5362 ἑαυτὸν
2356 5309 2420 5360 ἐκ
2447 5305 2676 5379 νεκρῶν.

2208 5398 2658 5467 Καταράσονται
2709 5396 2911 5461 αὐτοὶ,
2968 5396 3180 5451 καὶσὺ
3213 5396 3606 5465 εὐλογήσεις,
3665 5399 3720 5449 οι

2135 5490 2601 5559 ἐπανιστάμενοι
2620 5507 2720 5558 μοι
2746 5488 3269 5557 αἱσχυνθήτωσαν.
3321 5486 3720 5561 Κατῃσχύνθη-

2138 5598 2243 5637 σαν
2265 5581 2374 5654 γὰρ
2396 5581 2654 5667 ἀπαντες,
2679 5580 2778 5634 οὐκ
2800 5580 2953 5645 ὄντος
2974 5581 3155 5645 αὐτοῖς
3176 5581 3386 5653 ἱερέως,
3406 5580 3528 5634 οὐδὲ
3552 5577 3721 5649 οὔσης
