3880 6216
183 404 286 462 ιδι
1314 411 1679 473 EXPOSlTlO
1718 416 1790 473 1N
1830 418 2159 477 PSALMUM
2198 421 2331 479 CIX.
3330 440 3441 497 462

182 522 381 587 θυσίας
405 563 423 587 ,
464 523 588 577 οὔτε
618 527 886 596 ξερατείας
910 569 925 594 ,
970 528 1090 583 οὔτε
1123 530 1301 601 λογίου
1326 575 1341 598 ,
1374 537 1515 590 κατὰ
1540 537 1641 610 τὴν
1672 557 1720 593 τι

1834 544 2058 609 ,altare,
2124 559 2224 600 nec
2272 543 2661 616 sacerdotium,
2695 544 2902 621 'neque
2952 549 3238 619 rationale,
3280 540 3435 628 juxta

180 616 465 685 προφήτου
493 618 696 690 φωνήν.
773 620 834 671 '0
863 619 931 673 δὲ
960 622 1180 689 δοῦλός
1210 640 1326 680 σου
1357 630 1720 697 εὐφρανθήσε

1869 636 2150 707 Prophetas
2178 653 2385 693 vocem.
2424 637 2614 693 Servus
2640 616 2829 695 autem
2850 651 2971 698 tuus
3003 616 3301 702 lambitur:
3327 650 3435 705 Ne-

179 719 295 755 ται.
323 704 461 758 Οὐδέ
492 705 649 758 τοῦτο
674 709 820 777 ἡμᾶς
845 709 906 761 τὸ
934 711 1082 781 ῥῆμα
1107 711 1290 767 λαϐεῖν
1315 717 1394 779 εἰς
1421 718 1612 789 ἑτέραν
1643 721 1720 773 ὑπ

1865 704 2108 797 que-hoc
2136 729 2341 784 dictum
2384 731 2454 785 a‘d
2500 731 2646 786 aliud
2702 745 3085 804 argumentum
3138 739 3437 795 transferre

178 793 332 848 θεσιν
366 796 668 865 ἀναγκάσει
689 816 703 829 ⁸
760 801 974 854 Παύλου
1004 802 1251 871 λέγοντος
1277 824 1291 836 δ
1349 807 1514 863 Ἀλλ’
1545 810 1720 865 ἑαυτὸ

1865 833 2089 874 necesse
2117 820 2276 876 nobis
2310 829 2394 875 est
2425 838 2439 886 ;
2482 811 2604 876 cum
2638 822 2840 880 Paulus
2873 826 3058 883 dicat:
3098 827 3202 883 Sed
3241 840 3432 884 semet-

174 885 443 941 ἐκένωσε
488 891 736 960 μορφὴν
790 893 1014 948 δούλου
1070 896 1301 950 λαϐών·
1355 901 1449 954 καὶ
1505 902 1720 955 Ἡσαΐου

1863 909 2037 976 ipsum
2090 913 2382 965 exinanivit
2452 914 2683 980 formam
2739 924 2876 971 servi
2940 920 3201 989 accipiens
3245 922 3320 987 ’7;
3376 928 3433 976 et

179 978 384 1044 Οὕτως
410 980 574 1050 λέγει
602 984 817 1051 Κύριος
854 989 887 1039 ό
918 986 1160 1054 πλάσας
1185 1008 1262 1058 με
1299 992 1369 1044 ἐν
1393 994 1589 1060 κοιλίᾳ
1618 994 1720 1049 δοῦ

1863 999 2031 1056 Isaias
2057 1020 2070 1056 :
2107 1001 2198 1056 Sic
2224 1002 2358 1057 dicit
2391 1003 2647 1060 Dominus
2674 1010 2765 1079 qui
2792 1009 3041 1077 formavit
3068 1028 3147 1065 me
3187 1028 3251 1064 ea:
3280 1021 3429 1066 utero

176 1073 293 1122 λον
320 1072 513 1138 ἑαυτῷ
531 1090 544 1103 ’
590 1076 682 1127 καὶ
712 1076 873 1140 αὐτὸς
900 1077 956 1129 δέ
985 1096 1148 1150 φησιν
1180 1081 1237 1133 ἐν
1271 1083 1620 1151 Εὐαγγελίοις
1638 1126 1653 1149 ,
1684 1088 1720 1139 ἀ

1860 1106 2064 1144 servum
2092 1094 2193 1146 sibi
2218 1093 2260 1125 ιε
2286 1112 2299 1148 :
2324 1103 2377 1149 et
2407 1096 2526 1164 ipse
2550 1096 2602 1150 in
2635 1072 2943 1169 Evangeliis
2981 1101 3097 1156 ait:
3135 1100 3311 1158 Filius
3340 1103 3430 1157 Iw-

189 1158 252 1211 '0
306 1161 444 1226 Υἱὸς
474 1163 578 1216 τοῦ
624 1165 936 1233 ἀνθρώπου
973 1170 1084 1222 οὐκ
1114 1166 1264 1241 ἦλθε
1304 1172 1720 1245 διακονηθῆνα⁴

1859 1183 2019 1236 minis
2054 1198 2157 1237 non
2187 1186 2324 1238 venit
2354 1188 2674 1254 ministrari,
2715 1190 2804 1243 sed
2823 1194 3127 1247 ministrare
3148 1195 3213 1247 ¹⁹.

174 1251 338 1305 ἀλλὰ
368 1252 746 1323 διακονῆσαι.

256 1343 770 1403 Ἐνδυσάσθωσαν
809 1353 863 1403 cl
905 1351 1396 1421 ἐνδιαϐάλλοντές
1440 1375 1516 1426 με
1557 1359 1720 1427 ἐντρο

1926 1356 2016 1412 29.
2042 1357 2461 1437 Induanturqui
2489 1363 2773 1418 detrahunt
2796 1367 2925 1421 mihi
2954 1369 3171 1437 pudore.
3201 1368 3423 1440 Ecquod

170 1432 316 1499 mir.
352 1436 489 1489 Ποία
516 1438 620 1508 γὰρ
646 1440 744 1492 οὐκ
771 1440 919 1493 ἐστιν
952 1443 1224 1509 Ἰουδαίοις
1249 1448 1478 1519 αἰσχύνη
1502 1467 1515 1515 ;
1544 1451 1623 1504 Τὰ
1654 1452 1720 1521 μὲ

1859 1463 1969 1503 non
2005 1460 2089 1504 est
2126 1450 2329 1509 Judaais
2365 1432 2590 1524 pudoris
2634 1459 2851 1527 genus?
2880 1457 3079 1514 Sancta
3112 1476 3212 1516 sua
3245 1462 3427 1517 vident

170 1525 303 1593 ἅγια
333 1527 404 1579 τὰ
427 1529 636 1583 ἑαυτῶν
665 1531 863 1601 ὁρῶσιν
889 1535 953 1587 ὲκ
977 1533 1190 1605 βάθρων
1216 1540 1565 1609 ἠφανισμέναι
1585 1559 1598 1571 ο
1629 1544 1720 1596 τοῦ

1855 1556 1885 1593 a
1915 1540 2285 1599 fundamentis
2332 1546 2554 1602 diruta:
2594 1551 2908 1619 sepulcrum
2940 1560 3120 1607 autem
3169 1552 3288 1623 ejus
3329 1556 3421 1624 qui

168 1614 228 1665 τό
261 1631 321 1667 τε
361 1616 456 1669 τοῦ
493 1621 625 1689 παρ’
658 1620 835 1673 αὐτῶν
863 1622 1253 1694 ἀτιμασθέντος
1278 1630 1373 1681 καὶ
1407 1632 1719 1703 σταυρωθέν

1853 1633 1921 1687 ab
1948 1632 2081 1701 ipsis
2107 1634 2385 1705 despectui
2417 1638 2637 1694 habitus
2657 1614 2725 1695 ac
2744 1642 3039 1698 cruciﬁxus
3058 1653 3141 1699 est
3168 1644 3419 1701 adorari:

166 1721 256 1768 τος
278 1709 751 1780 προσκυνούμενον
767 1713 870 1784 μνῆ
879 1731 955 1783 μα
971 1730 983 1742 ·
1009 1717 1102 1769 καὶ
1116 1718 1215 1781 τὰς
1230 1720 1432 1793 Ἐκκλη
1440 1724 1560 1787 σίας
1585 1726 1720 1779 αὐτο

1851 1722 2233 1791 Ecelesiasque
2258 1728 2378 1797 ejus
2406 1731 2610 1802 ubique
2649 1742 2916 1788 terrarum
2950 1744 3160 1791 tantum
3190 1753 3420 1793 numero

168 1798 448 1867 πανταχοῦ
502 1799 755 1854 τοσοῦτον
805 1805 1146 1871 ἐπιδιδούσας
1182 1810 1262 1874 εἷς
1312 1830 1372 1865 τε
1416 1814 1620 1885 πλῆθος
1654 1836 1720 1872 κα

1850 1824 1902 1869 et
1935 1816 2107 1885 gloria
2138 1820 2348 1888 augeri.

166 1885 342 1950 δόξαν.
1514 1882 1523 1885 ⁷
1775 1882 1821 1939 Β

249 1980 797 2054 Ἐξομολογήσομαι
825 1987 904 2053 τῷ
929 1991 1124 2059 Κυρίῳ
1145 1992 1381 2062 σφόδρα
1403 1995 1472 2049 ἐν
1501 1997 1581 2063 τῷ
1605 2003 1719 2053 στό

1920 1989 2010 2043 50.
2047 1990 2348 2062 Conﬁtebor
2376 1994 2603 2050 Domino
2646 1999 2800 2051 nimis
2826 1999 2880 2052 in
2914 2016 3003 2053 ore
3028 2016 3161 2055 meo.
3190 2000 3418 2058 Confes-

160 2072 303 2139 ματι
327 2089 471 2140 μου.
515 2072 579 2127 Ἠ
625 2076 1009 2149 ἐξομολόγησις
1036 2081 1133 2152 τὴν
1161 2083 1511 2155 εὐχαριστίαν
1545 2091 1717 2160 σημαί

1846 2079 1930 2135 sio
1954 2083 2252 2152 gratiarum
2286 2086 2555 2141 actionem
2586 2088 2877 2159 signiﬁcat,
2908 2107 3072 2161 quam
3103 2107 3200 2161 per
3223 2102 3412 2164 gentes

164 2180 264 2227 νει,
292 2164 360 2233 ἢν
390 2166 622 2219 ποιεῖται
650 2167 737 2220 διὰ
759 2169 866 2223 τῶν
889 2170 1058 2225 ἐθνῶν
1086 2176 1115 2227 6
1143 2175 1291 2240 Υἱός.
1343 2180 1452 2233 Καὶ
1485 2180 1554 2233 ἐν
1575 2182 1720 2251 μέσιέ

1844 2168 2016 2226 Filius
2058 2172 2252 2228 reddit.
2285 2173 2356 2228 Et
2387 2176 2442 2229 in
2491 2177 2660 2231 medio
2694 2180 2983 2233 multorum
3014 2181 3243 2237 laudabo
3270 2200 3409 2239 eum.

162 2254 413 2309 πολλῶν
426 2257 646 2312 αὶνέσω
664 2262 869 2317 αὐτόν.
889 2263 989 2317 Διὰ
1006 2264 1115 2337 γὰρ
1138 2268 1234 2337 τῆς
1262 2269 1586 2341 Ἐκκλησίας
1605 2278 1718 2328 αὶνε

1843 2259 1946 2315 Per
1985 2260 2283 2319 Ecclesiam
2314 2281 2550 2337 namque
2572 2267 2784 2324 Patrem
2815 2272 3021 2329 laudat.

160 2344 248 2396 τὸν
278 2346 522 2418 Πατέρα.

721 2445 871 2497 ΨΑΛ
879 2448 937 2499 Μ
940 2448 1031 2499 ΟΣ
1075 2450 1185 2501 ΡΘ¹

2359 2443 2696 2501 PSALMUS
2728 2448 2880 2502 CIX.

230 2522 421 2581 Εἶπεν
452 2531 485 2582 ό
525 2532 744 2598 Κύριος
776 2534 856 2601 τῷ
885 2537 1082 2605 Κυρίῳ
1112 2557 1233 2608 μου
1253 2558 1267 2572 ·
1305 2543 1501 2599 Κάθου
1533 2546 1602 2599 ἐκ
1641 2546 1720 2601 δε-

1911 2532 1963 2585 1.
1988 2532 2140 2588 Dixit
2186 2533 2442 2590 Dominus
2500 2537 2728 2592 Domino
2776 2557 2885 2594 meo
2909 2557 2928 2594 :
2957 2539 3087 2597 Sede
3124 2559 3157 2596 a
3205 2544 3407 2599 dextris

160 2614 306 2678 ξιῶν
344 2635 488 2685 μου.
546 2620 656 2693 Τὴν
709 2624 851 2677 κατὰ
885 2627 1064 2697 σάρκα
1114 2629 1364 2703 γέννησιν
1394 2634 1487 2688 τοῦ
1527 2638 1720 2709 Κυρίοι

1838 2622 1987 2679 meis.
2024 2621 2186 2679 Hisce
2208 2625 2390 2680 verbis
2425 2629 2827 2696 generationem
2858 2631 3073 2687 Domini
3102 2636 3405 2690 secundum

152 2706 242 2760 διὰ
271 2707 381 2760 τῶν
415 2711 698 2783 παρόντων
746 2719 1143 2789 κατασημαίνει
1166 2761 1181 2785 ,
1208 2725 1300 2776 καὶ
1331 2727 1421 2779 τὸν
1453 2706 1720 2800 εὐαγγελι-

1836 2729 2058 2768 carnem
2122 2715 2412 2786 signiﬁcat,
2466 2727 2519 2772 et
2566 2721 2939 2789 evangelicum
2984 2724 3103 2793 ejus
3153 2726 3404 2792 verbum,

155 2801 250 2853 κὸν
288 2801 455 2855 αὐτοῦ
488 2804 676 2872 λόγον,
722 2808 811 2862 τὸν
842 2810 1059 2865 πάντων
1092 2819 1592 2888 κατακυριεύσαντα
1624 2825 1720 2878 τῶι

1834 2805 1981 2874 quod
2026 2805 2280 2860 omnibus
2315 2807 2567 2877 gentibus
2597 2809 2951 2865 dominatur:
2986 2821 3041 2867 et
3062 2814 3183 2883 ejus
3209 2829 3407 2870 ascen-

154 2893 349 2958 ἐθνῶν,
385 2897 478 2957 καὶ
511 2898 608 2969 τὴν
639 2901 718 2963 είς
738 2902 997 2972 οὐρανοὺς
1022 2905 1187 2960 αὐτοῦ
1208 2909 1412 2976 ἄνοδον,
1436 2909 1504 2985 ἧς
1527 2917 1720 2988 κατάρ-

1834 2908 1954 2948 sum
2007 2895 2062 2947 in
2120 2894 2328 2961 caelos,
2376 2911 2536 2965 quem
2570 2906 2789 2952 enarrat
2834 2899 3081 2969 psalmus
3126 2902 3401 2960 dicendo:

132 3000 308 3062 .XE‘tat
336 2987 365 3038 6
393 2985 605 3056 ψαλμὸς
631 2988 805 3057 λέγων
825 3006 839 3020 ’
873 2990 1059 3047 Εἶπεν
1103 2999 1137 3048 ὁ
1188 3000 1403 3068 Κύριος
1434 2981 1513 3067 τῷ
1534 2981 1720 3074 Κυρίῳ

1838 2981 1983 3036 Dixit
2008 2984 2266 3039 Dominus
2303 2984 2529 3040 Domino
2554 3002 2704 3041 meo:
2737 2987 2867 3043 Sede
2892 3007 2925 3042 a
2963 2991 3162 3045 dextris
3191 2993 3341 3048 meis.

141 3094 297 3145 μουο
332 3078 530 3134 Κάθου
567 3082 636 3135 ἐκ
669 3083 882 3147 δεξιῶν
910 3104 1050 3156 μου.

223 3172 376 3239 Ἕως
406 3172 482 3226 ἂν
509 3174 590 3228 θῶ
621 3176 763 3242 τοὺς
801 3178 1052 3247 ἐχθρούς
1092 3196 1208 3237 σου
1236 3188 1569 3244 ὑποπόδιον
1610 3192 1729 3248 τῶν
1755 3216 1797 3273 C

148 3262 355 3316 ποδῶν
383 3280 519 3319 σου.
568 3266 678 3319 Καὶ
710 3267 854 3332 τίνες
885 3270 951 3323 ἂν
980 3267 1091 3324 εἷεν
1115 3274 1165 3327 oi
1192 3276 1377 3348 ἐχθροὶ
1409 3282 1437 3331 6
1480 3282 1727 3338 Ἀπόστο-

145 3351 237 3415 λος
268 3352 422 3421 δηλοῖ
454 3352 622 3419 βοῶν’
658 3357 833 3410 Ὅταν
868 3361 1216 3433 καταργήσῃ
1259 3367 1367 3433 τὰς
1399 3369 1589 3439 ἀρχὰς
1627 3376 1725 3429 καὶ

143 3442 254 3507 τὰς
286 3441 594 3510 ἐξουσίας,
623 3445 721 3499 καὶ
746 3445 889 3513 τοὺς
915 3453 1400 3525 κοσμοκράτορας
1419 3497 1433 3523 ,
1466 3461 1726 3531 ἔσχατος

112 3588 119 3593 ,
144 3533 361 3601 ἐχθρὸς
389 3535 764 3604 καταργεῖται
795 3540 829 3591 ὀ
848 3539 1133 3609 ’θάνατος.

223 3624 475 3679 Ῥάὸδον
502 3624 811 3696 δυνάμεως
840 3630 1241 3695 ἐξαποστελεῖ
1278 3642 1616 3710 σομΚύριος
1654 3646 1723 3699 ἐκ

144 3713 318 3770 Σιών.
372 3717 487 3770 ,Τὸν
515 3718 870 3787 εὐαγγελικόν
900 3739 1032 3793 φησι
1059 3723 1215 3793 λόγον
1257 3728 1348 3781 τὸν
1381 3731 1726 3805 ἀπεσταλμέ-

140 3824 252 3872 νον,
285 3808 343 3871 ὃς
372 3808 466 3861 καὶ
499 3810 714 3863 πάντων
748 3812 854 3866 τῶν
884 3813 1094 3886 ἐχθρῶν
1128 3820 1466 3889 ἐκυρίευσεν.

209 3895 376 3949 Μετὰ
406 3896 521 3950 σοῦ
546 3898 584 3963 ἡ
619 3899 777 3969 ἀρχὴ
809 3900 880 3954 ἐν
900 3903 1089 3972 ἡμέρᾳ
1115 3905 1226 3973 τῆς
1248 3907 1555 3984 δυνάωᾲ
1579 3927 1719 3969 σου.

140 3988 216 4041 *Η
247 3990 337 4041 τὸν
373 3991 565 4061 καιρὸν
594 3992 693 4062 τῆς
724 3994 959 4063 κρίσεως
985 3996 1071 4049 διὰ
1099 3999 1302 4054 τούτων
1333 4006 1627 4075 σημαίνει,
1662 4010 1720 4062 ἐν

136 4072 182 4146 ᾧ
203 4079 433 4150 δυνάμει
462 4081 584 4153 θείᾳ
610 4083 818 4149 πάντας
848 4088 1025 4160 κρινεῖ
1048 4088 1217 4143 ἐλθὼν
1243 4072 1525 4163 μετα-τῶν
1550 4099 1719 4168 ἁγίων

136 4181 387 4249 ἀγγέλων
408 4183 604 4237 αὐτοῦ·
634 4185 667 4256 ἢ
702 4186 794 4240 τὸν
828 4187 1018 4259 καιρὸν
1050 4188 1154 4259 τῆς
1185 4190 1493 4261 γεννήσεως
1525 4190 1715 4256 αὑτοῦ,

133 4272 255 4341 ἥτις
281 4273 377 4325 καὶ
397 4272 578 4346 ἡμέρα
606 4276 889 4343 δυνάμεως
918 4280 1405 4352 προσαγορεύεται.
1438 4282 1593 4336 Μετὰ
1622 4282 1717 4336 σοῦ

134 4361 242 4433 γὰρ
276 4361 435 4417 ἔσται
468 4366 502 4435 ἡ
536 4366 700 4437 ἀρχή.
739 4368 1166 4435 Κατεξουσιὰζει
1200 4370 1308 4441 γὰρ
1343 4371 1451 4424 τῶν
1483 4372 1639 4435 ὅλων,
1668 4374 1718 4425 εἰ

134 4454 228 4507 καὶ
271 4454 495 4523 γέγονεν
546 4457 851 4529 ἄνθρωπος.
902 4463 1003 4515 Ἐν
1031 4462 1160 4528 ταῖς
1188 4464 1570 4532 λαμπρότησι
1599 4463 1717 4517 τῶν

129 4544 320 4613 ἁγίων
338 4562 475 4599 σου.
504 4548 576 4600 Τὸ
600 4548 679 4612 δὲ,
716 4551 811 4602 Ἐν
831 4551 958 4617 ταῖς
987 4554 1367 4623 λαμπρότησι
1388 4554 1506 4608 τῶν
1534 4556 1718 4624 ἁγίων
1751 4556 1795 4611 D

130 4649 282 4698 σου,
314 4635 468 4689 οὐδὲν
497 4638 683 4709 ἓτερον
713 4640 745 4709 ἢ
780 4641 878 4705 τὰς
909 4640 1127 4713 χορείας
1158 4644 1373 4708 ἐκείνας
1399 4645 1509 4698 τῶν
1542 4648 1714 4716 ἁγίων

130 4725 384 4794 ἀγγέλων
418 4729 552 4797 ἡμῖν
599 4733 1035 4803 κατασημαίνειι,
1085 4735 1184 4799 τὰς
1218 4735 1369 4807 παρὰ
1414 4738 1515 4808 τὴν
1545 4737 1716 4791 νύκτα

126 4818 349 4887 ἐκείνην
378 4819 500 4871 καθ’
547 4821 614 4891 ἢν
640 4822 902 4894 ἐγεννήθη
937 4826 966 4876 6
998 4827 1234 4897 Χριστὸς
1266 4826 1506 4897 βοώσας⁶
1563 4830 1718 4894 Δόξα

121 4924 195 4962 er
215 4909 504 4976 ὑψίστοις
532 4911 654 4977 Θεῷ
680 4913 779 4967 καὶ
799 4914 898 4967 ἐπὶ
926 4915 1041 4983 γῆς
1067 4916 1297 4984 εἰρήνη.
1342 4919 1437 4970 Ἐκ
1460 4921 1718 4986 γαστρὸς

122 4999 242 5066 πρὸ
278 5000 590 5069 ἑωσφόρον
628 5003 928 5074 ἐγέννησά
960 5023 1051 5060 σε.
1103 5008 1243 5079 Ὅρα
1270 5008 1385 5073 πῶς
1423 5011 1712 5063 οἰκειοῦται

121 5092 225 5158 τὴν
254 5090 398 5143 κατὰ
425 5092 603 5162 σάρκα
630 5092 883 5166 γέννησιν
928 5097 1023 5150 τοῦ
1056 5099 1393 5167 Μονογενοῦς
1422 5101 1451 5151 6
1496 5100 1648 5170 Πατή
1658 5117 1708 5169 ρ.

121 5182 266 5251 Φησὶ
298 5183 408 5254 γὰρ
436 5183 465 5235 ὁ
488 5186 676 5257 Πατὴρ
707 5188 844 5259 πρὸς
872 5189 962 5242 τὸν
990 5190 1116 5243 Υξόν
1135 5208 1148 5219 -
1183 5190 1297 5263 Πρὸ
1322 5191 1429 5262 γὰρ
1452 5190 1543 5245 τοῦ
1576 5194 1713 5262 ὀρω-

124 5273 303 5343 μένου
325 5276 532 5347 κόσμου
561 5278 749 5333 τούτου
782 5281 877 5334 καὶ
904 5282 1158 5350 διαυγοῦς
1185 5285 1362 5352 φωτὸς
1386 5285 1708 5353 γεννήσεως,

119 5361 235 5429 ἐγὼ
262 5364 571 5437 γεγέννηκά
600 5386 678 5422 σε.
695 5371 807 5441 Οὐχ
835 5372 916 5425 ὅτι
946 5376 1186 5442 γαστέρα
1208 5374 1319 5444 ἔχει
1348 5375 1376 5426 ὁ
1402 5375 1533 5438 Θεός
1551 5392 1564 5403 '
1595 5376 1711 5428 ἀλλ’

118 5451 314 5523 ἐπειδὴ
346 5454 416 5507 τὰ
446 5458 643 5527 γνήσια
665 5499 680 5523 ,
712 5463 807 5515 καὶ
849 5463 909 5515 οὐ
940 5463 1068 5515 νόθα
1087 5503 1101 5529 ,
1136 5464 1201 5516 ἐκ
1229 5465 1465 5534 γαστρὸς
1494 5482 1708 5535 πρωτο-

118 5545 322 5598 castin
355 5548 685 5616 πεφύκασιν.

195 5637 419 5705 Ὧμοσε
466 5643 712 5710 Κύριος,
746 5645 841 5697 καὶ
888 5646 960 5699 οὺ
1003 5647 1578 5716 μεταμεληθήσεται.
1664 5650 1706 5700 0

1904 3152 2078 3210 Donec
2100 3173 2291 3226 ponam
2321 3161 2568 3217 inimicos
2596 3171 2712 3217 tuos
2736 3163 3023 3219 scabellum
3050 3166 3238 3233 pedum
3280 3176 3403 3222 tuo-

1833 3261 1973 3300 rum.
2018 3248 2252 3315 Quinam
2282 3251 2467 3309 hostes
2501 3255 2613 3310 sint
2657 3255 2899 3313 declarat
2930 3258 3225 3329 Apostolus
3272 3274 3399 3316 cum

1830 3337 2067 3393 clamat:
2102 3338 2235 3395 Cum
2258 3347 2584 3399 evacuaverit
2620 3348 2975 3417 principatum
3015 3360 3065 3403 et
3116 3359 3400 3420 potestates

1827 3437 1879 3481 et
1914 3438 2139 3484 rectores
2174 3434 2378 3501 mundi,
2412 3436 2699 3490 novissima
2735 3438 2968 3492 omnium
3004 3440 3223 3494 inimica
3257 3456 3399 3496 mors

1832 3517 2130 3574 destruetur
2154 3522 2222 3577 ²⁰.

1898 3609 1954 3665 2.
2003 3609 2217 3683 Virgam
2258 3618 2471 3671 virtutis
2496 3628 2600 3673 tua:
2640 3621 2839 3673 emittet
2878 3618 3139 3675 Dominus
3162 3637 3227 3675 ea:
3245 3620 3394 3678 Sion.

1824 3698 2210 3772 Evangelicum
2240 3706 2372 3761 dicit
2402 3708 2648 3775 verbum,
2680 3709 2828 3779 quod
2862 3710 3125 3765 emissum
3160 3711 3397 3769 inimicis

1828 3795 2085 3851 omnibus
2108 3797 2445 3853 dominatum
2486 3809 2589 3855 est.

1894 3886 1949 3939 5.
1985 3886 2175 3941 Tecum
2208 3890 2527 3957 principium
2554 3891 2611 3943 in
2648 3891 2734 3944 die
2766 3890 2979 3944 virtutis
3022 3900 3148 3945 tua.
3191 3890 3287 3953 His
3320 3894 3397 3948 si-

1824 3978 2047 4047 gniﬁcat
2073 3987 2169 4032 aut
2192 3979 2385 4047 judicii
2426 3988 2659 4051 tempus,
2684 3995 2794 4049 quo
2827 3982 3028 4036 virtute
3054 3982 3235 4035 divina
3260 3998 3397 4038 om-

1823 4079 1922 4120 nes
1962 4063 2229 4135 judicabit
2279 4068 2506 4121 veniens
2570 4083 2694 4121 cum
2732 4069 2936 4122 sanctis
2984 4069 3191 4139 angelis
3240 4071 3391 4131 suis;

1822 4165 1918 4210 aut
1948 4164 2159 4226 tempus
2187 4158 2556 4228 generationis
2590 4157 2759 4223 illius,
2792 4173 2913 4228 quae
2947 4159 3112 4212 etiam
3150 4159 3268 4214 dies
3291 4160 3395 4213 vir-

1822 4247 1955 4302 tutis
1980 4248 2304 4318 appellatur.
2341 4246 2543 4303 Tecum
2574 4247 2719 4301 enim
2744 4247 2848 4301 erit
2875 4247 3228 4317 principium.
3253 4245 3391 4302 Nam

1822 4337 2138 4393 dominatur
2175 4339 2450 4395 universis
2496 4338 2710 4395 etiamsi
2757 4336 2936 4395 factus
2985 4340 3057 4393 sit
3102 4338 3286 4395 homo.
3324 4338 3391 4393 In

1821 4429 2184 4497 splendoribus
2218 4440 2769 4485 sanctorumtuorum.
2807 4428 2940 4484 Illud
2969 4449 2982 4483 :
3012 4429 3081 4482 In
3104 4430 3395 4499 splendori-

1825 4520 1918 4573 bus
1948 4530 2253 4575 sanctorum
2288 4531 2541 4583 tuorum,.
2566 4521 2701 4575 nihil
2730 4521 2875 4575 aliud
2916 4521 3189 4591 signiﬁcat
3222 4534 3389 4591 quam

1818 4611 2048 4667 choreas
2074 4612 2197 4667 illas
2231 4620 2547 4666 sanctorum
2583 4612 2925 4681 angelorum,
2958 4612 3257 4667 clamantes
3279 4628 3390 4683 qua

1816 4714 1977 4759 nocte
2009 4714 2173 4759 natus
2227 4703 2480 4758 Christus
2510 4712 2631 4759 est:
2666 4701 2848 4758 Gloria
2891 4703 2948 4755 in
2988 4703 3208 4756 excelsis
3242 4702 3387 4764 Deo,

1817 4806 1866 4848 et
1901 4796 1955 4849 in
1978 4804 2121 4849 terra
2140 4811 2245 4864 pax
2269 4795 2335 4848 τί.
2368 4794 2453 4849 Ea;
2489 4803 2638 4848 utero
2671 4804 2789 4848 ante
2820 4793 3102 4861 luciferum
3133 4796 3288 4863 genui
3316 4807 3386 4852 te.

1818 4885 1955 4941 Vide
1985 4902 2093 4956 quo
2124 4886 2286 4957 pactd
2330 4884 2493 4939 Pater
2524 4880 2803 4954 Unigeniti
2858 4884 3264 4953 generationem
3310 4901 3392 4941 se-

1819 4978 2056 5032 cundum
2116 4991 2333 5031 carnem
2388 4975 2493 5030 sibi
2544 4978 2817 5046 propriam
2874 4975 3057 5031 eﬁicit.
3116 4978 3209 5033 Ait
3240 4979 3387 5035 enim

1816 5066 1978 5123 Pater
2005 5068 2073 5121 ad
2103 5067 2301 5121 Filium
2329 5087 2341 5121 :
2372 5066 2511 5121 Ante
2540 5069 2800 5122 mundum
2835 5068 2979 5123 hunc
3005 5069 3303 5136 visibilem,
3336 5085 3392 5125 et

1816 5160 2161 5229 splendidum
2197 5160 2381 5214 lumen
2410 5174 2513 5230 ego
2536 5167 2589 5215 te
2617 5158 2936 5230 genui.Non
2969 5161 3115 5230 quod
3144 5171 3387 5216 ventrem

1815 5251 1960 5307 Deus
1984 5251 2181 5306 habeat
2207 5268 2221 5317 ;
2248 5251 2341 5305 sed
2372 5252 2501 5320 quia
2533 5266 2814 5321 germana,
2843 5260 2897 5306 et
2928 5266 3038 5305 non
3072 5250 3283 5320 spuria,
3320 5265 3385 5304 ex

1813 5352 2001 5398 ventre
2034 5342 2478 5414 primogenitum
2510 5342 2643 5399 oriri
2670 5344 2865 5397 solent.

1881 5649 1935 5702 4.
1972 5647 2181 5701 Iuravit
2222 5647 2476 5701 Dominus
2509 5657 2555 5700 et
2595 5664 2697 5703 non
2743 5648 3185 5721 panitebigeum.
3230 5645 3385 5705 Jun-

171 5813 240 5896 ,⁸⁷
267 5814 501 5889 Philipp.
547 5834 607 5889 ιι,
633 5821 685 5876 7.
732 5822 811 5896 ,η
834 5822 937 5880 lsa.
971 5839 1119 5894 nix,
1160 5825 1211 5881 5.
1236 5893 1249 5901 α
1294 5826 1334 5859 ι’
1358 5824 1545 5881 Matth.
1582 5840 1673 5891 xx,
1708 5824 1720 5878 ε

1868 5822 1918 5905 ξ’
1952 5821 1971 5877 ι
2003 5823 2130 5877 Cor.
2176 5838 2265 5893 xv,
2307 5823 2395 5880 26.
2430 5827 2514 5911 Γ²¹
2557 5824 2690 5883 Luc.
2744 5841 2802 5891 ιι,
2842 5826 2926 5882 14.
