3880 6216
168 341 280 398 465

168 548 414 620 πληροῦν
461 550 726 620 ἠθέλησε·
786 557 909 607 ποῖα
955 555 1010 608 δὲ
1045 553 1112 628 ἦν
1159 557 1193 613 ἃ
1238 563 1629 632 ἐπηγγείλατο,
1692 569 1749 638 ἢ.

169 643 311 694 Τότε
365 641 829 708 ἀναχθήσονται
873 646 1163 718 ὀφθαλμοὶ
1199 653 1479 721 τυφλῶν,
1539 659 1631 710 καὶ
1683 658 1752 712 τὰ

163 730 331 784 λοιπά
379 731 490 784 τῶν
540 735 812 803 σημείων;
845 739 906 790 οὐ
952 741 1059 811 μὴν
1094 742 1229 796 ἀλλὰ
1281 747 1372 798 καὶ
1420 748 1526 800 τῶν
1580 749 1750 803 ἐθνῶν

163 824 428 876 ἁπάντων
455 825 488 894 ἡ
521 826 733 895 κλῆσις,
759 831 824 899 ἢν
851 831 943 882 καὶ
972 832 1114 903 λόγῳ
1149 837 1241 888 καὶ
1270 836 1415 907 ἔργῳ
1443 841 1746 896 ἐπετέλεσε.

167 914 408 982 Τροεεὴν
431 915 616 970 ἔδωκε
648 919 772 984 τοῖς
797 923 1191 990 φοϐουμένοις
1230 929 1436 981 αὐτόν.
1493 931 1594 985 Τὸν
1625 950 1749 1004 νοη-

159 1006 253 1058 τὸν
279 1008 447 1078 ἄρτον
483 1010 637 1078 φησὶ,
669 1010 758 1063 τὸν
785 1013 842 1079 ἐξ
877 1016 1120 1086 οὐρανῶν
1154 1020 1479 1076 καταϐάντα.

230 1099 664 1167 Μνησθήσεται
715 1106 804 1169 εἰς
837 1105 945 1158 τὸν
977 1107 1162 1162 αἰῶνα
1210 1109 1501 1179 διαθήκης
1537 1116 1743 1170 αὑτοῦ.

159 1188 439 1260 Διαθήκης
462 1193 558 1262 τῆς
589 1194 723 1263 πρὸς
749 1196 840 1248 τὸν
875 1199 1153 1270 Ἀϐραάμ·
1181 1203 1262 1255 ὅτι
1285 1206 1746 1275 Eulog-7104001“-

160 1295 256 1334 ται
288 1282 361 1334 ἐν
384 1283 483 1335 σοὶ
516 1284 713 1338 πάντα
744 1287 813 1340 τὰ
845 1287 1014 1358 ἔθνη.
1074 1293 1283 1362 ’Ῑσκὺν
1311 1297 1498 1365 ἔργων
1535 1300 1739 1354 αὐτοῦ.

171 1371 232 1425 ’0
261 1373 641 1442 ἀποστολικὸς,
669 1380 822 1448 φησὶ,
847 1382 1006 1452 χορὸς
1031 1383 1107 1452 τῷ
1132 1385 1382 1456 κληθέντι
1409 1388 1541 1458 πρὸς
1566 1389 1743 1442 πίστιν

160 1461 276 1533 λαῷ
328 1464 428 1534 τὴν
481 1467 633 1537 ἰσχὺν
665 1468 772 1522 τῶν
807 1469 984 1543 ἔργων
1017 1475 1304 1545 ἀνήγγειλε
1335 1479 1430 1531 τοῦ
1467 1481 1701 1552 Χριστοῦ
1725 1499 1738 1512 ο

161 1557 281 1609 ἀντὶ
311 1558 408 1610 τοῦ
427 1575 442 1589 ·
493 1561 646 1615 Abeat
674 1563 745 1616 τὰ
773 1564 910 1636 ἔργα
934 1567 972 1622 δι
1011 1571 1095 1622 ἀεὶ
1127 1570 1416 1642 ἐργάζεται
1445 1576 1503 1627 ὲν
1533 1578 1598 1647 τῇ
1636 1576 1742 1648 ἰδία

163 1649 328 1718 ἰσχύϊ.

232 1925 534 2016 Μακάριος
581 1934 615 1983 ό
664 1932 821 2002 ἀνὴρ
862 1939 895 1988 ὁ
924 1940 1294 2008 φοϐούμενος
1337 1944 1446 1996 τὸν
1490 1945 1746 2016 Κύριον,

159 2013 227 2066 ἐν
285 2015 417 2081 ταῖς
471 2019 750 2086 ἐντολαῖς
791 2025 981 2099 αὑτοῦ
1019 2029 1261 2097 θελήσει
1324 2032 1578 2099 σφόδρα.
1658 2013 1749 2088 Ἐν

167 2107 342 2177 τούτῳ
365 2109 675 2166 διδάσκεται
707 2116 735 2167 6
762 2096 1118 2185 ἀποσέολικὺς
1151 2123 1330 2194 χορὸς,
1364 2125 1438 2187 ὡς
1466 2128 1497 2195 ἡ
1528 2125 1635 2178 τῶν
1665 2128 1751 2180 ὲν-

161 2195 326 2249 τολῶν
343 2200 516 2272 ὲκπλή
526 2219 710 2272 ρωσις,
734 2207 1032 2279 μακαρίους
1053 2213 1179 2274 τοὺς
1197 2213 1591 2284 ργαζομένους
1617 2216 1748 2269 ἀπο-

165 2289 458 2355 φαίνουσα,
483 2295 694 2362 ἀγαθὰς
717 2300 1042 2368 προσδοκίας
1065 2303 1145 2366 εἰς
1182 2304 1272 2356 τὸν
1297 2305 1554 2376 μέλλοντα
1575 2308 1746 2362 αἰῶνα

170 2381 487 2452 παρέχεται.

234 2475 520 2532 Δυνατὸν
560 2477 630 2532 ἐν
677 2479 753 2548 τῇ
801 2481 878 2550 γῇ
909 2482 1078 2538 ἔσται
1129 2485 1194 2539 τὸ
1251 2489 1488 2560 σπέρμα
1535 2493 1743 2550 αὐτοῦ.

158 2567 388 2639 Σπέρμα
422 2569 522 2633 τὰς
553 2573 762 2640 ἀγαθὰς
790 2578 1018 2650 πράξεις
1045 2580 1208 2649 φησιν
1233 2620 1248 2644 ,
1285 2581 1342 2635 αἳ
1380 2585 1474 2636 καὶ
1518 2585 1744 2656 δύναμιν

159 2656 340 2722 ἕξουσι
375 2665 750 2736 πνευματικὴν
784 2670 862 2730 εἰς
880 2669 1096 2740 ἐκείνην
1129 2671 1226 2741 τὴν
1261 2675 1483 2743 πραέων
1516 2677 1638 2746 γῆν,
1664 2679 1745 2740 εὶς

158 2751 218 2802 τὸ
245 2751 545 2807 ἀπολαϐεῖν
575 2757 770 2822 αὐτοὺς
798 2754 872 2813 ὧν
899 2762 1224 2832 εἰργάσαντο
1252 2764 1351 2827 τὰς
1378 2767 1631 2836 ἀμοιϐάς.

228 2842 386 2907 Δόξα
416 2846 513 2899 καὶ
548 2849 812 2916 πλοῦτος
833 2853 902 2904 ἐν
929 2852 1010 2917 τῷ
1033 2855 1177 2921 οἴκῳ
1207 2857 1413 2910 αὑτοῦ.
1459 2859 1565 2910 Καὶ
1596 2861 1628 2929 ή
1655 2859 1738 2912 δός

160 2933 224 2999 ξα
256 2938 354 2990 καὶ
381 2938 409 2990 6
441 2939 667 3004 πλοῦτος
696 2943 769 3013 μὴ
802 2944 908 2998 τῶν
941 2948 1368 3017 παρερχομένων
1412 2949 1738 3018 λογιζέσθω·

160 3026 312 3079 οὐδὲν
340 3027 452 3099 γὰρ
485 3030 669 3100 ὅμοιον
706 3033 857 3105 παρά
885 3039 996 3098 τοῖς
1027 3038 1201 3104 ἁγίοις
1231 3039 1566 3109 εὑρίσκεται.

241 3117 657 3182 Ἐξανέτειλεν
698 3125 768 3177 ἐν
810 3127 1011 3180 σκότει
1043 3128 1168 3196 φῶς
1207 3129 1328 3194 τοῖς
1361 3131 1582 3184 εὺθέσι.
1645 3131 1742 3186 Διά

1274 355 1640 413 EXPOSITIO
1676 359 1745 414 ΙΝ
1759 359 2116 432 ,ΡεΑιΜωι
2155 366 2318 424 CXl'l.

167 459 366 530 νομίας
394 459 569 530 καιρῷ
593 463 840 533 ποιήσειν
865 463 1145 536 θαυμάσια
1165 487 1178 500 ο
1207 471 1275 524 τὰ
1296 475 1434 529 αὐτὰ
1461 476 1644 532 ἐκεῖνα
1671 481 1762 532 ἑκ-

3320 377 3426 434 ωε

1787 487 1830 542 Α
1863 484 2129 543 mirabilia
2167 489 2456 558 facturum,
2488 493 2788 564 eademque
2822 495 2936 565 ipsa
2970 496 3194 566 implere
3229 499 3424 554 voluit.

1861 575 2117 641 Qumnam
2162 596 2292 635 vero
2332 583 2603 652 promisit,
2646 586 2751 639 nisi
2781 601 2887 640 ea:
2943 585 3086 640 Tunc
3128 588 3427 656 aperientur

1859 669 1998 722 oculi
2024 687 2280 726 ctrcorum
2308 675 2373 739 ³³,
2403 684 2454 730 et
2484 677 2689 746 reliqua
2720 676 2872 748 signa
2900 679 2924 732 ?
2952 679 3063 732 imo
3095 694 3223 734 vero
3251 679 3426 748 ipsam

1857 761 2098 827 gentium
2133 765 2378 818 omnium
2409 768 2772 834 vocationem,
2805 783 2968 838 quam
2995 769 3163 822 verbo
3190 779 3241 822 et
3263 784 3426 836 opere

1856 852 2116 922 implevit.
2167 855 2360 910 Escam
2408 859 2552 910 dedit
2601 861 2900 913 timentibus
2947 877 3019 914 se.
3075 859 3425 931 Spiritualem

1854 960 2046 1014 panem
2076 947 2229 1010 dicit,
2265 949 2459 1018 «μή-(1ο
2498 950 2656 1005 caelis
2695 949 2994 1006 descendit.

1923 1125 1974 1180 5.
2005 1124 2208 1179 Memor
2245 1128 2344 1180 erit
2370 1128 2425 1180 in
2470 1129 2722 1182 sarculum
2757 1131 3051 1184 testamenti
3079 1131 3184 1184 sui.
3235 1127 3424 1183 Testa-

1851 1217 2020 1271 menti
2056 1218 2265 1272 scilicet
2301 1234 2424 1272 cum
2463 1220 2773 1274 Abrahamo
2803 1221 2942 1290 pacti
2971 1238 2985 1274 :
3020 1220 3087 1274 In
3125 1232 3173 1275 te
3210 1220 3418 1274 benedi-

1851 1319 2030 1362 centur
2057 1326 2230 1364 onmes
2280 1321 2456 1380 gentes
2483 1315 2546 1367 ’⁵.
2615 1312 2871 1366 Virtutem
2915 1329 3128 1383 operum
3182 1328 3418 1368 suorum.

1847 1399 2198 1468 Apostolieus
2231 1401 2452 1470 chorus,
2484 1404 2680 1473 inquit,
2709 1406 2910 1474 p0pulo
2926 1405 2991 1458 ad
3017 1404 3175 1458 (idem
3201 1412 3414 1469 vocato,

1847 1489 2100 1544 virtutem
2145 1505 2368 1560 operum
2426 1493 2628 1548 Christi
2687 1495 3046 1561 annuntiavit,
3079 1495 3288 1550 scilicet
3353 1510 3419 1551 ea

1846 1581 1961 1653 ipsa
2003 1599 2166 1654 opera
2198 1601 2320 1655 quae
2354 1587 2570 1656 propria
2608 1587 2808 1642 virtute
2839 1603 3052 1658 semper
3081 1597 3360 1657 operatur.

2021 1753 2277 1809 Alleluia.
2297 1754 2626 1810 Rerersionis
2655 1757 2836 1826 Aggtei
2868 1766 2917 1811 et
2951 1756 3252 1812 lac/carice.

2367 1845 2705 1900 PSALMUS
2749 1847 2898 1903 CXI.

1922 1936 1971 1991 l.
1999 1937 2196 1992 Beatus
2217 1938 2298 1992 vir
2321 1940 2410 2006 qui
2435 1940 2580 1992 timet
2608 1939 2915 2006 Dominum,
2933 1941 2986 1993 in
3011 1941 3274 1994 mandatis
3301 1939 3417 2009 ejus

1848 2029 1982 2083 volet
2030 2031 2209 2083 nimis.
2272 2030 2330 2084 ln
2368 2031 2472 2085 hoc
2523 2031 2748 2086 docetur
2798 2031 3129 2100 apostolicus
3167 2031 3366 2085 chorus
3397 2072 3416 2097 ,

1849 2121 2228 2174 mandatorum
2259 2121 2718 2187 observationem,
2753 2121 2942 2176 beatos
2969 2137 3063 2178 eos
3089 2121 3296 2177 efficere
3320 2122 3415 2190 qui

1847 2211 1940 2265 illa
1992 2227 2153 2280 opere
2189 2212 2480 2281 complent,
2530 2222 2584 2268 et
2637 2213 2837 2268 bonam
2870 2227 3022 2282 spem
3063 2213 3131 2267 ad
3167 2211 3413 2267 futurum

1845 2303 2105 2356 saeculum
2137 2303 2397 2373 praebere.

1914 2475 1968 2529 2.
2008 2475 2204 2531 Potens
2239 2477 2291 2532 in
2324 2485 2465 2530 terra
2512 2478 2616 2531 erit
2655 2494 2826 2531 semen
2866 2477 2998 2547 ejus.
3052 2475 3248 2532 Semen
3279 2476 3412 2532 dicit

1843 2567 1984 2622 bona
2016 2583 2205 2639 opera,
2237 2585 2358 2638 qua:
2385 2570 2640 2623 virtutem
2678 2569 2955 2624 habebunt
2984 2569 3318 2638 spiritualem
3353 2569 3410 2622 in

1844 2657 1936 2710 illa
1961 2667 2380 2712 mansuctorum
2411 2667 2578 2724 terra,
2605 2659 2680 2712 ita
2710 2667 2770 2712 ut
2802 2659 3106 2714 mercedem
3133 2658 3256 2714 istic
3284 2673 3412 2728 0pc-

1843 2765 1962 2804 rum
1991 2751 2280 2818 accipiant.

1912 2840 1966 2894 5.
1999 2841 2181 2894 Gloria
2212 2855 2259 2896 et
2290 2842 2486 2898 divitia:
2515 2844 2568 2896 in
2602 2843 2756 2896 domo
2781 2843 2918 2912 ejus.
2951 2841 3133 2898 Gloria
3176 2852 3230 2896 et
3273 2841 3410 2896 divi-

1843 2931 1930 2984 tia:
1962 2932 2066 2986 illae
2106 2949 2173 2988 ne
2202 2935 2580 2989 existimentur
2609 2935 2769 2989 ﬂuxa:
2800 2943 2855 2988 et
2888 2935 3215 2990 transitoriae
3241 2949 3364 3007 esse
3390 2953 3408 3002 ;

1841 3023 1975 3092 nihil
2008 3024 2206 3094 quippe
2228 3025 2404 3080 simile
2439 3026 2492 3080 in
2525 3027 2730 3081 sanctis
2765 3024 3055 3094 reperitur.
3250 3090 3316 3102 η
3340 3093 3387 3106 υ

1910 3115 1965 3167 Ai.
1997 3113 2258 3169 Exortum
2284 3125 2359 3170 est
2403 3117 2459 3170 in
2492 3117 2713 3170 tenebris
2754 3117 2930 3170 lumen
2961 3117 3135 3169 rectis.
3168 3113 3272 3170 Per
3318 3129 3412 3169 co-

157 3210 257 3280 τῆς
284 3210 544 3278 γνώσεως
578 3215 794 3286 καὶτῆς
826 3217 1191 3282 διδασκαλίας.
1245 3220 1341 3284 Τίς
1365 3221 1453 3286 δὲ,
1485 3223 1516 3292 ἢ
1547 3225 1574 3276 6
1608 3225 1741 3276 ἀποο

1866 3205 2144 3274 ςηίιὶοιιεῐη
2184 3215 2237 3260 ct
2285 3223 2382 3279 per
2429 3208 2752 3262 doctrinam.
2792 3206 2947 3272 Quod
2981 3216 3159 3262 autem
3195 3207 3418 3272 lumen,

159 3301 408 3367 στολικὸς
449 3305 610 3376 χορὸς
641 3307 669 3358 6
704 3307 800 3378 τὴν
827 3308 1097 3377 ἀγνωσίαν
1127 3311 1385 3377 egenam;
1435 3313 1545 3368 τῶν
1577 3314 1744 3369 ἐθνῶν

164 3390 252 3444 διὰ
287 3393 385 3445 τοῦ
415 3395 770 3464 εὐαγγελικοῦ
806 3400 1192 3471 κηρύγματος;

231 3484 630 3552 Οᾰονομήσει
665 3487 808 3554 τοὺς
838 3491 1058 3557 λόγους
1083 3491 1271 3545 αὐτοῦ
1308 3491 1378 3545 ἐν
1403 3493 1616 3560 κρίσει.
1668 3497 1744 3550 Οὐ

159 3569 241 3623 δεῖ
267 3571 378 3644 γὰρ
409 3574 594 3638 ἁπλῶς
629 3577 721 3630 καὶ
753 3578 990 3649 ἀκρίτως
1023 3569 1158 3633 πᾶάι
1201 3583 1480 3652 προθεῖναι
1514 3585 1610 3655 τῆς
1647 3604 1746 3655 μυ’

163 3665 473 3732 σταγωγίας
508 3667 599 3720 τὸν
627 3668 802 3736 λόγον.
841 3671 952 3723 Καὶ
982 3672 1141 3724 τοῦτο
1165 3669 1232 3744 ἦν
1265 3674 1293 3727 ὃ
1322 3671 1474 3729 εἶπεν
1503 3677 1686 3741 αὐτοῖς
1716 3679 1744 3730 6

162 3755 368 3828 Κύριος
391 3775 404 3787 ο
439 3758 535 3826 Μὴ
559 3760 784 3823 ,βάλετε
809 3763 881 3816 τὰ
905 3763 1041 3834 ἅγια
1066 3765 1184 3829 τοῖς
1211 3768 1416 3821 κυσίν.

246 3850 387 3904 Ἀπὸ
435 3851 624 3919 ἀκοῆς
672 3853 938 3922 πονηρᾶς
969 3858 1038 3910 οὐ
1081 3858 1505 3926 φοϐηθήσεται.
1582 3861 1744 3916 Οὐδὲν

158 3941 270 4012 γὰρ
303 3941 441 4012 πρὸς
473 3943 599 4006 τοὺς
631 3944 817 4012 ἁγίους
845 3946 952 3999 τῶν
980 3948 1354 4020 κολαζομένων
1380 3953 1406 4003 6
1436 3951 1616 4020 φόϐος.
1718 3965 1743 4017 ις

243 4032 657 4100 Ἐσκόρπισεν,
679 4036 861 4090 ἔδωκε
891 4039 1014 4104 τοῖς
1039 4040 1278 4107 πένησι.
1334 4042 1576 4113 Πένητας
1613 4045 1744 4097 κάν-

159 4123 335 4178 ταῦθα
367 4127 494 4189 τοὺς
523 4127 719 4192 ἐνδεεῖς
746 4131 962 4201 νοήσεις
983 4129 1078 4184 τοῦ
1119 4132 1263 4185 θείου
1291 4132 1447 4202 λόγου
1469 4174 1482 4198 ,
1514 4134 1583 4186 τὰ
1613 4135 1740 4207 ἔθνη

158 4216 406 4287 δηλονότι
429 4233 442 4247 ⁸
475 4217 522 4270 οἳ
563 4219 823 4290 γεωργῶν
857 4221 1010 4292 δίκην
1042 4222 1134 4276 τὸν
1161 4223 1349 4295 νοητὸν
1375 4226 1743 4297 κατέσπειραν

159 4308 338 4377 λόγον.
363 4309 528 4364 Οὐδὲν
549 4311 657 4382 γὰρ
678 4312 873 4365 κωλύει
895 4314 988 4366 καὶ
1014 4315 1298 4387 ἱστορικῶς
1316 4317 1446 4370 αὐτὸ
1465 4317 1738 4384 δέξασθαι.

171 4399 242 4452 Ἠ
277 4399 631 4468 δικαιοσύνη
661 4404 846 4457 αὑτοῦ
862 4404 1029 4472 μένει
1051 4407 1138 4471 εἰς
1161 4407 1266 4458 τὸν
1294 4405 1498 4471 αἰῶνα,
1529 4408 1626 4459 καὶ
1676 4408 1742 4462 τὰ

1844 3299 1950 3354 nisi
1983 3299 2308 3368 apostolicus
2335 3299 2555 3366 chorus,
2590 3300 2683 3368 qui
2726 3316 2822 3369 per
2859 3299 3234 3368 evangelicam
3275 3312 3412 3367 pra:-

1847 3391 2177 3446 dicationem
2210 3391 2572 3461 ignorantiam
2599 3407 2629 3446 a
2658 3393 2910 3462 gentibus
2937 3389 3270 3448 eliminavit?

1913 3483 1968 3538 5.
2024 3484 2275 3553 Disponet
2311 3500 2574 3538 sermones
2611 3501 2732 3540 suos
2764 3486 2818 3538 in
2855 3485 3081 3554 judicio.
3134 3481 3254 3538 Non
3312 3495 3422 3550 par-

1845 3583 1931 3630 est
1961 3575 2106 3629 enim
2139 3584 2342 3630 temere
2374 3585 2426 3629 et
2458 3575 2857 3635 inconsiderate
2905 3575 3162 3630 omnibus
3214 3581 3416 3644 myste-

1845 3651 2055 3721 riorum
2084 3668 2245 3720 verba
2275 3681 2596 3736 proponere.
2632 3665 2698 3720 Et
2725 3667 2826 3722 hoc
2861 3677 2980 3721 erat
3015 3665 3157 3736 quod
3201 3665 3415 3719 dicebat

1844 3757 1951 3812 illis
1979 3756 2243 3812 Dominus
2276 3777 2288 3811 :
2321 3756 2502 3812 Nolite
2527 3758 2784 3828 projicere
2813 3768 3001 3813 sancta
3035 3757 3251 3813 canibus
3271 3758 3338 3812 ".

1913 3848 1969 3902 7.
1996 3847 2074 3902 Ab
2105 3848 2375 3901 auditione
2398 3849 2540 3902 mala
2569 3864 2671 3902 non
2705 3849 2923 3902 timebit.
2967 3849 3183 3904 Sanctis
3230 3849 3413 3904 nullus

1844 3939 1987 3995 inest
2016 3942 2182 3994 timor
2211 3939 2474 4008 supplicia
2515 3939 2844 3994 videntibus.

1913 4035 1967 4089 9.
2002 4035 2276 4104 Dispersit,
2306 4034 2447 4087 dedit
2473 4033 3093 4104 pauperibus.Pauperes
3124 4034 3286 4088 etiam
3326 4035 3415 4090 hic

1844 4125 2114 4194 intelligas
2142 4138 2342 4193 egenos
2373 4123 2541 4178 divini
2582 4123 2753 4188 verbi,
2797 4123 3003 4177 scilicet
3032 4132 3219 4192 gentes
3246 4141 3259 4176 :
3291 4139 3413 4193 quae

1842 4216 2207 4287 agricolarum
2256 4230 2408 4284 more
2453 4214 2734 4284 spirituale
2773 4215 2998 4269 verbum
3047 4215 3407 4268 seminarunt.

1841 4309 1987 4364 Nihil
2025 4309 2171 4364 enim
2214 4317 2382 4374 vetat,
2430 4307 2725 4378 quominus
2755 4308 2872 4362 ham
2922 4307 3180 4362 historice
3215 4307 3416 4362 intelli-

1843 4412 2057 4472 gantur.
2089 4399 2312 4454 Justitia
2337 4399 2448 4468 ejus
2478 4406 2652 4452 manet
2683 4399 2738 4452 in
2782 4397 3032 4452 sceculum
3064 4397 3266 4464 swculi,
3307 4406 3412 4454 etc.

161 4490 310 4562 ἑξῆς.
381 4491 490 4544 Τοῦ
536 4492 910 4564 διανείμαντος
978 4494 1218 4566 δηλονότι
1265 4496 1356 4549 τὸν
1394 4496 1741 4565 εὐαγγελικὸν

1866 4494 1982 4563 Ejus
2033 4493 2242 4548 scilicet
2285 4492 2378 4562 qui
2424 4490 2798 4562 evangelicum
2847 4503 3154 4546 sermonem
3199 4489 3416 4561 dispen-

160 4582 342 4651 λόγον.

245 4673 623 4743 Ἀμαρτωλὸς
651 4675 858 4744 ὄψεται
893 4678 990 4732 καὶ
1037 4678 1476 4748 ὀργισθήσεται.
1543 4681 1741 4753 Ἀμαρ-

159 4763 335 4819 τωλὸν
372 4765 464 4818 τὸν
496 4765 740 4820 διάϐολόν
785 4786 978 4840 φησιν,
1025 4770 1084 4834 ὃς
1129 4771 1223 4823 καὶ
1275 4772 1594 4842 σωζομένων
1635 4773 1745 4827 τῶν

160 4855 334 4911 ἐθνῶν
368 4858 776 4929 ἀγανακτήσει,
811 4861 906 4914 ἆτε
938 4862 1038 4932 τὴν
1088 4863 1304 4916 πάντων
1348 4864 1580 4936 διψήσας
1641 4867 1746 4919 ἁπ-

159 4947 384 5004 ώλειαν.

487 5046 800 5098 nam:
831 5046 995 5102 PIB'.
1037 5047 1418 5116 Ἀλληλούτα.

776 5137 790 5155 ⁹
801 5138 1109 5204 Υπόθεσις.

174 5225 268 5281 Ἦν
296 5225 470 5296 τούτῳ
503 5225 810 5282 διδάσκεται
843 5230 870 5282 6
902 5230 1020 5293 νέος
1045 5229 1171 5294 λαὸς
1198 5229 1536 5283 ἀδιάλειπτον
1574 5227 1741 5300 ὕμνον

235 5318 572 5391 πρρσφέρειν
626 5318 704 5389 τῷ
755 5319 1186 5393 λυτρωσαμένῳ·
1241 5323 1358 5391 ἃμα
1384 5321 1439 5374 δὲ
1491 5321 1582 5374 καὶ
1634 5321 1741 5377 τῶν

229 5408 400 5462 ἐθνῶν
435 5409 687 5464 ἁπάντων
716 5413 1111 5484 κατασημαίνει
1137 5413 1234 5484 τὴν
1271 5413 1482 5484 κλῆσιν.

233 5501 482 5566 Αἰνεῖτε,
508 5502 735 5568 παῖδες,
789 5503 897 5557 τὸν
922 5505 1140 5574 Κύριον
1165 5546 1178 5571 ,
1213 5505 1436 5566 αἰνεῖτε,
1457 5504 1524 5558 τὸ
1556 5502 1742 5572 ὄνομα

157 5593 270 5650 τοῦ
294 5594 540 5662 Κυρίου.
575 5595 892 5649 Διδάσκεται
921 5598 951 5650 6
974 5597 1092 5661 νέος
1115 5598 1262 5662 λαὸς,
1296 5597 1391 5662 ὡς,
1439 5599 1488 5650 εἰ
1517 5595 1611 5650 καὶ
1649 5598 1741 5649 ἀν-

240 5771 412 5830 “lea.
435 5789 599 5845 xxxv,
633 5776 686 5831 5.
761 5777 806 5808 ³⁸
827 5775 962 5834 Gen.
999 5793 1134 5845 nn,
1175 5777 1227 5832 3.
1300 5776 1347 5863 ’ἑ
1365 5773 1553 5832 Matth.
1580 5787 1672 5842 vn,
1695 5774 1746 5832 6.

1849 4593 1952 4640 sat.

1922 4681 2008 4734 lO.
2073 4680 2331 4734 Peccator
2378 4678 2568 4733 videbit
2620 4687 2668 4732 et
2734 4680 3014 4733 irascetur.
3068 4676 3415 4734 Peccatorem

1848 4771 1938 4825 hic
1967 4771 2245 4825 diabolum
2282 4778 2462 4836 vocat,
2518 4769 2610 4838 qui
2663 4771 2916 4839 gentibus
2947 4770 3176 4824 salutem
3226 4785 3417 4825 conse—

1848 4863 2145 4932 quentibus
2181 4863 2470 4928 irascetur,
2505 4869 2693 4930 utpote
2720 4863 2814 4932 qui
2841 4863 3087 4916 omnium
3117 4864 3415 4933 perniciem

1847 4949 2015 5006 sitiat.

2213 5038 2556 5095 PSALMUS
2583 5037 2764 5095 CXII.
2795 5041 3050 5099 Alleluia.

2434 5130 2831 5202 Argumentum.

1847 5221 1904 5277 In
1933 5224 2039 5278 hoc
2071 5223 2296 5278 docetur
2331 5237 2503 5278 novus
2533 5224 2785 5293 populus,
2819 5223 3082 5294 hymnum
3131 5223 3414 5279 incessan-

1919 5324 2000 5369 ter
2031 5315 2314 5368 liberalori
2369 5312 2650 5384 proferre:
2709 5324 2871 5385 atque
2923 5331 3032 5372 una
3078 5315 3415 5386 signiﬁcatur

1919 5405 2164 5460 omnium
2197 5406 2441 5474 gentium
2461 5406 2716 5460 -vocatio.

1918 5497 1968 5550 l.
2001 5496 2265 5561 Laudate,
2295 5497 2465 5566 pueri,
2502 5497 2808 5561 Dominum,
2835 5495 3051 5550 laudate
3078 5511 3263 5550 nomen
3306 5495 3415 5547 Do-

1847 5588 1995 5643 mini.
2042 5588 2508 5660 Doeetur‘uovus
2570 5589 2836 5659 populus,
2896 5585 3422 5662 etiamsi_D,omi_uus
