3880 6216
420 365 524 422 467
560 404 561 407 η

1271 366 1327 421 s.
1369 361 1740 419 ATHANASII
1778 338 1928 419 opp.
1970 360 2148 417 rans
2184 358 2274 415 Ill.
2312 389 2380 400 —
2418 359 2828 418 EXEGETICA.

3561 359 3675 415 468

422 488 610 536 noster
650 486 967 550 assumptus
1014 461 1095 534 sit.
1130 478 1182 531 in
1226 477 1445 532 dextera
1497 478 1690 541 Patris,
1751 486 1986 532 attamen
2015 482 2045 536 Α

2151 475 2298 544 ήφθη
2315 477 2343 529 ὁ
2368 475 2571 546 Κύριος
2595 474 2775 547 ἡμῶν,
2806 475 2899 528 καὶ
2920 474 3064 527 ἔστιν
3087 475 3143 526 ἐν
3158 471 3304 543 δεξιᾷ
3324 471 3417 525 τοῦ
3436 469 3682 543 Πὰτρδς,

425 573 588 625 etiam
623 587 770 626 nunc
803 572 1013 641 plenam
1052 586 1174 626 esse
1206 585 1422 626 omnem
1454 580 1654 625 terram
1686 552 1738 623 et
1769 568 1872 622 frui
1905 570 1988 621 vi-

428 662 683 716 sitatione
714 663 854 731 ejus.

502 752 553 805 7.
592 751 869 807 Suscitans
912 768 944 804 a
982 762 1123 805 terra
1170 752 1397 821 inopem.
1430 750 1690 807 Videlicet
1752 749 1994 821 gentium

429 843 709 913 populum.

503 935 556 989 9.
592 933 695 998 Qui
750 932 989 988 habitare
1046 934 1176 1003 facit
1208 934 1439 990 sterilem
1460 935 1518 988 in
1564 934 1738 988 domo.
1788 931 2002 986 Sterilis

432 1021 536 1078 fuit
567 1023 808 1094 gentium
840 1023 1152 1090 multitudo,
1178 1038 1300 1093 qua:
1332 1024 1528 1078 domus
1556 1020 1657 1076 fuit
1680 1018 1998 1091 spiritualis,

434 1122 625 1184 utpote
655 1129 777 1183 quae
807 1113 1099 1168 Dominum
1144 1114 1540 1168 inhabitantem
1576 1112 1850 1167 habuerit.
1880 1111 2005 1166 Fuit

2096 566 2209 618 ἀλλ’
2238 562 2330 619 οὖν
2356 568 2451 619 καὶ
2480 566 2651 630 οὕτως
2682 568 2893 638 πλήρης
2925 566 3041 619 ἐστὶ
3070 566 3218 619 πᾶσα
3240 566 3273 634 ἡ
3293 564 3403 634 γῆλ
3423 564 3514 616 καί
3540 565 3686 616 ἁπο-

2098 655 2249 710 λαύει
2278 658 2377 729 τῆς
2408 659 2714 729 ἐπισκοπῆς
2747 658 2933 713 αὐτοῦ.

2178 749 2241 803 '0
2278 750 2521 821 ἐγείρων
2572 749 2691 804 ἀπὸ
2746 748 2857 819 γῆς
2921 749 3175 819 πτωχόν.
3235 746 3339 801 Τὸν
3391 744 3688 799 τῶνέθνῶν

2097 841 2337 911 δηλονότι
2370 841 2516 897 λαόν.

2181 932 2245 985 'U
2265 932 2607 993 κατοικίζων
2625 933 2873 1000 στείραν
2896 932 2966 985 ἐν
2985 933 3147 996 οἴκῳ.
3176 930 3373 1003 Στείρα
3398 931 3495 1001 μὲν
3516 932 3549 1000 ἠ
3572 931 3691 983 τῶν

2104 1024 2272 1077 ἐθνῶν
2320 1024 2529 1095 πληθὺς
2554 1063 2569 1088 ,
2618 1024 2739 1095 ἥτις
2771 1025 2864 1076 καὶ
2894 1020 3042 1087 οἶκος
3072 1024 3262 1091 γέγονε
3295 1022 3689 1093 πνευματικὸς,

2104 1116 2202 1170 ἅτε
2230 1117 2325 1170 τὸν
2352 1116 2555 1188 Κύριον
2585 1117 2788 1171 ἐνοικον
2815 1117 3033 1187 ἔχουσα.
3094 1116 3290 1185 Γέγονε
3327 1115 3384 1169 δὲ
3418 1115 3514 1169 καὶ
3552 1113 3692 1166 πολ‹

436 1204 601 1259 etiam
632 1195 927 1259 multorum
961 1206 1199 1259 tiliorum
1234 1212 1410 1259 mater
1458 1218 1582 1259 cum
1616 1203 1823 1257 laetitia.
1869 1200 2003 1257 Nam

2146 1206 2211 1262 ὦν
2240 1207 2444 1261 τέκνων
2474 1209 2653 1279 μήτηρ
2682 1208 2796 1278 μετ’
2824 1206 3178 1278 εὐφροσύνης.
3218 1205 3425 1277 Ἐσώθη
3452 1205 3571 1275 γὰρ.
3591 1207 3696 1257 αύο

437 1295 535 1350 ﬁlii
560 1294 680 1364 ejus
712 1311 807 1365 per
828 1294 987 1349 tidem
1022 1297 1074 1349 in
1100 1294 1380 1350 Christum
1412 1296 1642 1350 salutem
1688 1293 1833 1349 nacti
1857 1302 2003 1348 sunt.

439 1381 553 1439 Hoc
583 1394 761 1437 autem
792 1384 1082 1439 discrimen
1108 1394 1191 1440 est
1220 1385 1358 1439 inter
1394 1399 1513 1439 eam
1558 1397 1612 1438 et
1645 1382 2007 1455 Synagogam,

441 1476 585 1545 quod
633 1476 916 1548 Synagoga
950 1477 1017 1531 de
1053 1478 1183 1533 ﬁliis
1225 1477 1405 1533 laetata
1450 1493 1558 1532 non
1601 1477 1794 1541 fuerit,
1827 1486 2011 1548 utpote

442 1568 700 1637 perniciei
736 1569 974 1625 traditis.

798 1724 1137 1783 PSALMUS
1161 1726 1377 1784 CXIII.
1416 1730 1669 1784 Alleluia.

1031 1883 1431 1953 Argumentum.

447 2014 505 2071 In
536 2017 640 2072 hoc
675 2018 801 2072 item
860 2019 1070 2087 psalmo
1103 2018 1344 2088 gentium
1390 2018 1607 2072 vocatio
1656 2015 2013 2087 signiﬁcatur.

517 2108 598 2161 Ad
626 2109 762 2172 lucc,
793 2108 1043 2164 doctrina
1066 2108 1132 2162 ad
1167 2123 1263 2163 eos
1281 2109 1377 2178 qui
1413 2109 1645 2163 salutem
1671 2120 2018 2175 consequun-

516 2210 646 2263 tur;
684 2200 830 2269 quod
855 2209 1010 2255 vetus
1059 2209 1465 2264 testamentum,
1514 2198 1608 2253 Dei
1658 2212 1778 2253 esse
1820 2210 2019 2266 cogno-

516 2298 692 2354 scant,
726 2297 780 2343 et
812 2290 1097 2358 pristinam
1133 2290 1278 2343 illam
1316 2291 1543 2344 salutem
1588 2286 1774 2358 populi
1810 2300 1875 2340 ex
1906 2285 2018 2340 cir-

517 2380 874 2448 cumcisione,
904 2396 999 2451 per
1028 2380 1318 2436 Dominum
1347 2381 1545 2435 factam
1582 2394 1723 2434 esse.

524 2470 575 2523 1.
611 2468 678 2523 In
704 2472 847 2524 exitu
874 2470 1049 2526 Israel
1082 2472 1144 2525 de
1164 2471 1489 2540 Μαξίμου..
1521 2467 1694 2521 Facta
1718 2476 1791 2521 est
1828 2465 2021 2520 Iudaea

451 2563 803 2631 sanctiﬁcatio
825 2563 958 2632 ejus.
986 2564 1145 2626 Cum,
1174 2565 1372 2633 inquit,
1397 2563 1659 2617 liberatus
1684 2570 1767 2616 est
1789 2559 2022 2630 populus

454 2670 485 2708 a
516 2656 777 2710 servitute
806 2654 1183 2726 Egyptiorum
1209 2674 1223 2721 ;
1254 2664 1386 2709 tunc
1414 2653 1600 2708 Judma
1627 2652 1769 2707 facta
1798 2661 1883 2705 est
1904 2666 2025 2705 san-

454 2749 716 2804 cttlicatio
748 2748 889 2817 ejus.
932 2745 1050 2803 Non
1085 2749 1139 2802 in
1178 2750 1355 2803 solum
1409 2756 1590 2802 autem
1633 2744 1886 2801 lsraelem
1916 2743 2023 2797 im-

456 2840 688 2911 peravit,
741 2840 834 2895 sed
882 2840 1019 2910 jam,
1071 2840 1184 2906 ait,
1240 2838 1494 2893 omnibus
1550 2837 1800 2908 gentibus
1853 2836 2024 2905 gratia

457 2932 636 2987 datur.

529 3022 583 3075 4.
628 3020 829 3075 Montes
858 3021 1250 3076 exsultaverunt
1278 3029 1337 3073 ut
1366 3021 1581 3074 arietes.
1610 3018 1747 3074 Cum
1777 3018 1920 3075 Deus
1970 3018 2023 3071 in

460 3112 594 3181 ipsis
615 3112 892 3167 montibus
912 3122 1212 3183 appareret,
1230 3113 1388 3183 quasi
1407 3111 1752 3167 exsultabant
1773 3110 1840 3165 de
1862 3110 2029 3164 lsrae—

460 3204 529 3260 iis
562 3208 755 3261 salute.

535 3297 588 3351 5.
620 3297 760 3361 Quid
785 3306 861 3350 est
894 3296 1012 3363 tibi,
1044 3313 1209 3359 mare,
1234 3296 1372 3367 quod
1418 3295 1625 3364 fugisti,
1658 3305 1706 3349 et
1748 3305 1804 3349 tu
1825 3293 2027 3348 Iorda-

463 3391 568 3455 nis,
596 3390 720 3460 quia
750 3407 1020 3445 conversus
1054 3406 1107 3443 es
1136 3400 1420 3443 retrorsum
1447 3389 1472 3441 ?
1511 3387 1777 3454 Quoniam
1820 3387 1912 3442 illa
1962 3389 2029 3441 ir-

463 3482 805 3538 rationabilia
827 3491 881 3537 et
900 3482 1197 3536 inanimata
1218 3488 1392 3546 erant,
1424 3480 1541 3548 ipse
1569 3494 1759 3533 eorum
1794 3478 1907 3532 vice
1942 3491 2031 3532 re-

466 3576 717 3646 spondeL

538 3667 589 3722 7.
628 3667 668 3719 Α
721 3669 857 3738 facie
891 3666 1106 3721 Domini
1137 3676 1277 3720 mota
1304 3675 1378 3720 est
1413 3676 1572 3729 terra,
1612 3674 1717 3720 etc.
1762 3663 1887 3718 Haec
1916 3662 2033 3716 sin-

464 3758 608 3827 gula,
636 3756 732 3824 ait,
756 3757 826 3811 ob
846 3757 1218 3812 advenientem
1264 3756 1554 3810 Dominum
1579 3755 1719 3810 facta
1744 3762 1889 3809 sunt.
1923 3754 2035 3807 Hac

465 3849 533 3901 de
561 3862 725 3903 causa
750 3846 851 3901 fuit
884 3856 1041 3902 terrae
1072 3848 1369 3903 commotio
1391 3854 1445 3900 et
1471 3846 1668 3901 divisio
1696 3846 1884 3900 maris.
1916 3846 2036 3913 Ipse

466 3954 701 4009 namque
722 3939 971 3994 sterilem
1015 3948 1246 4008 petram,
1298 3954 1363 3993 ac
1406 3938 1739 3994 humiditate
1765 3939 1913 3992 omni
1948 3953 2036 3990 va-

467 4043 650 4095 cuam,
681 4044 805 4099 qua:
843 4044 913 4082 ne
944 4030 1268 4084 incisionem
1302 4029 1522 4098 quidem
1561 4029 1633 4083 oh
1661 4028 1917 4083 duritiem
1948 4028 2037 4081 ad-

467 4119 736 4184 mittebat,
786 4134 1052 4189 aquarum
1102 4120 1257 4189 copia
1305 4119 1612 4185 inundavit,
1655 4117 1931 4187 jussitqde
1978 4126 2038 4170 ut

467 4209 597 4265 hinc
618 4210 855 4279 capiosze
884 4225 1150 4279 aquarum
1183 4210 1551 4279 scaturigines
1580 4217 1919 4263 emanarent.
1952 4207 2040 4262 Ni-

468 4300 545 4353 hil
593 4300 781 4371 igitur,
830 4301 926 4368 ait,
958 4301 1159 4354 mirum
1196 4300 1416 4355 evenit:
1464 4299 1631 4369 jussit
1673 4300 1817 4354 enim
1859 4300 2037 4370 opifex

467 4400 521 4445 et
553 4391 789 4447 divisum
812 4401 896 4445 est
933 4406 1104 4458 mare,
1154 4407 1218 4447 ac
1261 4401 1533 4461 prterupta
1568 4400 1721 4460 petra
1755 4392 2041 4448 scaturivit

469 4500 667 4555 aquam
696 4504 708 4539 :
752 4484 953 4540 ccelum
986 4500 1184 4539 manna
1213 4484 1601 4553 suppeditavit,
1643 4486 1790 4539 venti
1830 4492 2042 4555 ortygo-

470 4589 699 4634 metram
736 4584 1224 4649 congregaverant,
1253 4586 1307 4632 et
1332 4577 1538 4647 reliqua
1571 4577 1753 4631 omnia
1788 4577 1904 4647 ipso
1938 4594 2039 4632 an-

470 4678 673 4725 nuente
704 4668 845 4724 facta
887 4680 1035 4725 sunt.

544 4852 585 4909 l.
627 4852 747 4905 Non
789 4852 959 4917 nobis,
993 4852 1230 4917 Domine,
1258 4868 1360 4905 non
1399 4853 1569 4919 nobis,
1602 4852 1691 4906 sed
1727 4852 1925 4906 nomini
1950 4862 2033 4906 tuo

471 4946 544 4999 da
585 4945 827 5014 gloriam.
873 4943 1097 4999 Videtur
1133 4945 1457 5000 adumbrare
1500 4946 1709 5015 lapsum
1746 4945 1931 5014 populi
1972 4960 2039 4999 ex

471 5034 894 5092 circumcisione
928 5036 1375 5106 Eorationemque
1409 5036 1542 5105 ipsis
1573 5036 1783 5091 tradere
1809 5036 1875 5089 ad
1908 5051 2041 5090 con-

470 5128 791 5192 lessionem,
833 5136 1020 5197 utpote
1051 5128 1145 5198 qui
1180 5128 1417 5183 divinam
1459 5128 1712 5182 virtutem
1751 5128 2039 5196 inspectri-

472 5234 587 5274 cem
618 5233 683 5273 ac
709 5220 1077 5288 providentem
1106 5218 1244 5273 ultra
1275 5234 1380 5273 non
1405 5220 1655 5274 habeant.
1677 5218 1841 5273 Docet
1861 5228 2039 5272 autem

470 5326 565 5366 eos
589 5312 768 5365 dicere
800 5329 813 5363 :
843 5309 952 5365 Nos
980 5310 1202 5378 quidem
1249 5309 1456 5379 indigni
1491 5310 1662 5379 gratia
1697 5324 1890 5363 sumus
1931 5323 2039 5377 qua

471 5414 657 5473 gentes
706 5418 897 5456 omnes
926 5401 1103 5471 digna:
1140 5401 1340 5455 habitae.
1383 5410 1531 5454 sunt.
1581 5398 1781 5453 Verum
1822 5408 2041 5468 propter

468 5511 670 5550 nomen
705 5505 885 5553 tuum.
928 5492 1075 5563 quod
1119 5494 1187 5547 ab
1220 5493 1376 5547 initio
1421 5492 1731 5547 invocatum
1764 5498 1849 5545 est
1879 5504 2064 5563 super.

472 5604 594 5652 nos,
618 5588 751 5642 illud
778 5603 929 5659 agas.
956 5587 1062 5641 Sed
1091 5601 1158 5641 ne
1174 5586 1330 5642 nobis
1349 5584 1575 5655 justitiae
1596 5593 1702 5639 tum
1727 5582 2039 5637 retributio-

470 5692 594 5731 nem
621 5677 861 5744 dederis,
886 5685 940 5732 tu
972 5678 1065 5746 qui
1086 5692 1214 5734 vere
1231 5676 1375 5732 Deus
1391 5692 1472 5742 es,
1499 5684 1551 5730 et
1581 5690 1689 5729 non
1713 5674 1853 5729 sicut
1872 5672 2009 5728 idola
2027 5710 2042 5737 ,

473 5778 805 5843 quApropter
835 5768 1112 5843 subjungit
1138 5788 1149 5825 :

2108 1300 2205 1369 τῆς
2233 1299 2301 1353 τὰ
2325 1300 2488 1353 τέκνα
2508 1299 2596 1352 διὰ
2621 1300 2720 1368 τῆς
2743 1299 2977 1363 πίστεως
3002 1300 3099 1370 τῆς
3128 1300 3208 1363 εἰς
3244 1296 3494 1369 Χριστόν.
3530 1297 3691 1365 Ἔχει

2108 1392 2166 1445 δέ
2195 1410 2316 1444 τινα
2356 1392 2448 1444 καὶ
2476 1390 2877 1460 άντιδιαστολὴν
2927 1390 3061 1461 πρὸς
3084 1389 3183 1461 τὴν
3214 1387 3533 1459 συναγωγὴν
3558 1426 3571 1450 ,
3603 1388 3690 1439 ὅτι

2110 1483 2292 1552 ἐκείνη
2324 1482 2423 1535 οὐκ
2450 1481 2726 1552 εὐφράνθη
2758 1481 2848 1534 ἐπὶ
2891 1484 3004 1544 τοῖς
3027 1481 3270 1545 τέκνοις,
3316 1480 3410 1535 άτε
3441 1478 3695 1549 ἀπωλείᾳ

2114 1592 2188 1628 πα
2195 1575 2381 1646 ραδεδο
2388 1574 2587 1646 μένοις.

2441 1728 2739 1782 ΨᾹΛΜΟΣ
2771 1726 2892 1780 PII‘
2904 1733 2937 1778 '.
3018 1726 3389 1780 Ἁλληλούῖα.

2740 1884 3074 1948 Ὑπόθεσις.

2116 2027 2227 2080 Καὶ
2258 2025 2315 2079 ἐν
2347 2022 2521 2093 τούτῳ
2565 2023 2597 2091 ή
2638 2020 2827 2090 κλῆσις
2869 2018 2976 2071 τῶν
3004 2016 3175 2071 ἐθνῶν
3202 2015 3697 2087 κατασημαίνετατ.

2188 2112 2514 2167 Διδασκαλίαι
2539 2127 2599 2162 τε
2625 2108 2761 2180 πρὸς
2791 2106 2947 2160 τοῦτο
2972 2106 3154 2168 αὐτοῖς
3201 2107 3315 2168 τοῖς
3367 2104 3699 2174 σωζομένοις

2189 2205 2283 2257 ἐπὶ
2324 2202 2401 2273 τῷ
2434 2202 2528 2255 καὶ
2558 2199 2655 2269 τὴν
2682 2196 2926 2252 Παλαιὰν
2956 2195 3151 2249 εἰδέναι
3187 2194 3461 2265 Διαθήκην
3480 2235 3495 2258 ,
3529 2189 3704 2248 οὖσαν

2189 2294 2324 2348 Θεοῦ
2346 2336 2361 2357 ,
2393 2294 2486 2346 καὶ
2512 2290 2610 2362 τὴν
2638 2288 2910 2360 προτέραν
2958 2286 3226 2357 σωτηρίαν
3256 2285 3347 2339 τοῦ
3381 2288 3445 2339 ἐκ
3482 2303 3701 2358 περιτο-

2195 2388 2301 2458 μῆς
2334 2384 2461 2438 λαοῦ
2480 2426 2495 2449 ,
2529 2382 2616 2435 διά
2640 2380 2735 2434 τοῦ
2760 2379 2964 2450 Κυρίου
2994 2377 3385 2448 γεγενημένην,

2204 2481 2300 2531 Ἐν
2322 2475 2509 2541 ἐξόδῳ
2543 2472 2786 2540 Ἰσραήλ
2812 2513 2831 2526 .
2852 2511 2865 2523 .
2890 2508 2914 2524 ν
2934 2509 2949 2524 .
2976 2510 2989 2522 .
3018 2510 3039 2522 .
3059 2508 3073 2523 .
3099 2509 3113 2523 .
3142 2508 3156 2523 .
3183 2508 3200 2523 .
3233 2467 3520 2536 ’Ersmjon
3563 2468 3706 2521 ’Iovi

2122 2571 2261 2625 δαία
2297 2569 2559 2637 cirle
2592 2563 2798 2617 αὑτοῦ.
2857 2562 2985 2614 Ὅτε
3006 2601 3021 2623 ,
3059 2560 3257 2630 φησιν,
3285 2558 3579 2629 ἀπηλλάγη
3604 2559 3706 2628 τῆς

2122 2662 2231 2717 τῶν
2282 2658 2596 2729 Αἰγυπτίων
2643 2654 2921 2716 δουλείας⁸
2949 2652 3073 2705 τότε
3106 2654 3140 2722 η
3184 2650 3409 2704 Ἰουδαία
3452 2650 3706 2720 ἀγίασμα

2124 2747 2288 2803 αὑτοῦ
2319 2746 2561 2814 γέγονεν.
2626 2742 2741 2795 Οὐκ
2781 2739 2945 2795 αὐτοῦ
2989 2739 3047 2791 δὲ
3089 2738 3303 2809 Ἰσραὴλ
3346 2733 3483 2809 ἦρξε
3516 2738 3706 2808 μόνου,

2124 2834 2262 2889 ἀλλὰ
2293 2832 2386 2888 νῦν
2406 2873 2420 2896 ,
2450 2831 2611 2903 φησὶν
2632 2869 2655 2894 ,
2674 2830 2753 2893 εἰς
2787 2829 2966 2883 πάντα
2989 2827 3058 2881 τὰ
3079 2826 3205 2898 ἔθνη
3237 2829 3269 2897 ἡ
3296 2826 3457 2898 χάρις
3478 2827 3705 2882 δίδοται.

2189 3008 2280 3064 ’Τὰ
2311 3010 2416 3078 ὄρη
2464 3009 2838 3075 ἐσκιζοτησαν
2869 3003 3012 3058 ὡσεὶ
3042 3003 3215 3071 κριοί.
3285 3003 3389 3055 Τοῦ
3436 3002 3578 3057 Θεοῦ
3610 3003 3713 3065 τὰς

2126 3103 2447 3173 ἐπιφανείας
2478 3103 2534 3153 ἐν
2560 3100 2741 3162 αὐτοῖς
2762 3097 3106 3168 ποιουμένου,
3136 3096 3298 3149 οἱονεὶ
3322 3095 3593 3165 ἐσκίρτων
3618 3095 3710 3147 ἐπὶ

2054 3174 2095 3231 C
2128 3197 2194 3265 τῇ
2224 3193 2318 3246 τοῦ
2366 3192 2579 3263 Ἰσραὴλ
2615 3192 2881 3262 σωτηρία.

2206 3286 2265 3339 Τί
2292 3285 2392 3339 σοί
2416 3284 2573 3353 ἐστι,
2598 3281 2900 3344 θάλασσα,
2921 3280 3009 3334 ὅτι
3040 3279 3277 3349 ἔφυγες,
3304 3278 3402 3331 καὶ
3427 3278 3533 3341 σὺ,
3564 3278 3712 3345 Ἰορ-

2130 3378 2304 3444 δάνη,
2340 3376 2428 3428 ὅτι
2464 3373 2767 3443 coeptis,an
2792 3376 2879 3439 εὶς
2905 3372 2979 3425 τὰ
3021 3372 3250 3434 dalata;
3293 3369 3514 3440 Ἐπειδὴ
3540 3369 3717 3436 ἄλογα

2129 3467 2197 3542 ἦν
2230 3472 2413 3523 ἐκεῖνα
2447 3469 2542 3521 καὶ
2565 3467 2768 3536 ἀψυχα,
2797 3466 2957 3529 αὐτὸς
2984 3467 3217 3518 ποιεῖται
3239 3464 3375 3534 ὑπὲρ
3405 3464 3715 3535 αὐτῶντὴν

2132 3560 2443 3629 ἀπόκρισιν.

2218 3651 2361 3704 Ἀπὸ
2390 3648 2713 3718 προσώπου
2750 3646 2973 3715 Κυρίου
3001 3646 3300 3712 ἐσαλεύθη
3337 3645 3375 3711 ἡ
3411 3643 3506 3714 γῆ.
3540 3641 3721 3697 Τοῦτο

2133 3743 2381 3807 ἕκαστον,
2405 3742 2558 3813 φησὶ,
2576 3741 2663 3795 διὰ
2682 3741 2773 3793 τὸν
2797 3740 3126 3808 ἐπιφανέντα
3159 3740 3448 3808 γεγένηται
3482 3738 3717 3809 Κύριον.

2136 3832 2351 3903 Ταύτην
2381 3833 2559 3885 αἰτίαν
2588 3832 2686 3901 τῆς
2714 3831 2819 3901 γῆς
2846 3834 2874 3883 ὁ
2900 3830 3086 3894 κλόνος
3120 3831 3210 3883 καὶ
3244 3833 3278 3900 ἡ
3310 3830 3406 3900 τῆς
3435 3828 3720 3897 θαλάσσης

2135 3923 2419 3993 διαίρεσις.
2456 3921 2626 3985 Αὐτὸς
2659 3920 2768 3991 γὰρ
2793 3921 2885 3974 καὶ
2913 3921 3010 3990 τὴν
3035 3920 3228 3987 ἄγονον
3256 3920 3460 3990 πέτραν
3482 3918 3581 3991 τὴν
3612 3919 3723 3971 πάι-

2140 4031 2240 4085 σης
2289 4014 2512 4084 ἰκμάδος
2561 4012 2969 4084 ἐστερημένην,
3025 4013 3117 4065 καὶ⁵
3149 4011 3285 4082 μηδέ
3338 4011 3511 4081 τομῆς
3539 4010 3629 4063 διὰ
3657 4012 3723 4063 τὸ

2140 4105 2451 4176 στερέμνιον
2492 4104 2860 4174 ἁνεχομένην,
2916 4106 2982 4173 τῇ
3030 4101 3327 4173 προσχύσει
3367 4101 3475 4154 τῶν
3506 4101 3726 4155 ὑδάτων

2141 4197 2442 4261 ἐπέκλυσε,
2498 4200 2679 4267 πηγὰς
2704 4196 2910 4249 ἐκεῖθεν
2933 4195 3140 4249 ὑδάτων
3163 4195 3428 4264 ἀφθόνους
3456 4194 3726 4264 ἀναδοθῆ-

2141 4307 2227 4343 ναι
2256 4289 2538 4352 κελεύσας.
2574 4288 2742 4341 Ούδέν
2764 4283 2857 4342 οὖν
2876 4326 2891 4351 ,
2922 4288 3055 4357 φησὶ
3074 4327 3089 4351 ,
3123 4285 3433 4357 θαυμαστὸν
3487 4285 3728 4354 γεγένη-

2140 4400 2256 4437 ται·
2292 4378 2589 4454 προσέταξε
2620 4378 2728 4450 γὰρ
2758 4380 2786 4430 ὁ
2820 4376 3069 4447 ποιητὴς,
3097 4377 3190 4455 καὶ
3214 4374 3435 4447 διῃρέθη
3460 4373 3522 4426 τὺ
3550 4373 3726 4427 πέλα-

2144 4492 2239 4545 γος
2261 4518 2276 4541 ,
2309 4472 2402 4526 καὶ
2427 4474 2460 4542 ὴ
2489 4470 2794 4541 ὰκρότομος
2822 4468 3014 4523 ἐϐλυσε
3042 4467 3215 4538 πέτρα
3236 4507 3251 4530 ,
3300 4466 3393 4519 καὶ
3433 4465 3461 4516 ὁ
3491 4464 3730 4535 οὐρανὸς

2146 4567 2453 4637 ἐχορήγησε
2512 4561 2725 4633 μάννα,
2786 4560 2836 4612 οἱ
2898 4559 3087 4627 ἄνεμοι
3143 4557 3243 4627 τὴν
3302 4556 3731 4626 ὀρτυγομήτραν

2150 4658 2541 4729 συνήθροισαν·
2594 4652 2689 4707 καὶ
2739 4651 2907 4705 τᾶλλα
2957 4650 3135 4703 πάντα
3190 4647 3350 4701 αὐτοῦ
3428 4647 3731 4718 γεγένηται

2146 4751 2234 4805 νεύ
2246 4766 2451 4811 σαντος.

2213 4842 2309 4910 Μὴ
2356 4839 2519 4909 ἡμῖν,
2552 4833 2749 4905 Κύῥιε,
2776 4834 2863 4905 μὴ
2906 4833 3069 4902 ἡμῖν,
3098 4832 3237 4886 ἀλλ’
3264 4830 3301 4899 ἢ
3349 4829 3431 4895 τῷ
3477 4828 3734 4899 ὀνόματι

2148 4952 2261 4990 σου
2312 4932 2418 4998 δὸς
2462 4930 2892 4995 δόξαν-,Ἔοικεν
2921 4923 3250 4979 αἰνίττεσθαι
3278 4919 3369 4973 τοῦ
3412 4921 3476 4972 ἐκ
3505 4936 3731 4990 περιτο⁴

2150 5026 2257 5097 μῆς
2279 5022 2408 5077 λαοῦ
2434 5023 2533 5094 τὴν
2563 5020 2880 5075 ἀπόπτωσιν
2896 5033 2910 5047 ·
2930 5016 3096 5086 εὐχήν
3119 5032 3179 5067 τε
3200 5012 3407 5073 τούτοις
3436 5010 3700 5081 παραδιδό
3718 5038 3732 5050 ο

2146 5135 2229 5171 ναι
2264 5114 2396 5187 πρὸς
2420 5111 2825 5182 ἐξομολόγησιν,
2859 5106 2934 5169 ὡς
2979 5105 3174 5177 μηκέτι
3200 5106 3295 5174 τὴν
3318 5098 3732 5154 ἐπισκοποῦσαν

2142 5208 2292 5261 θείαν
2336 5205 2516 5275 έχουσι
2567 5202 2813 5271 δύναμιν.
2852 5197 3101 5255 Διδάσκει
3148 5196 3213 5266 δὴ
3246 5194 3424 5261 λέγειν
3454 5191 3529 5255 ὡς
3561 5193 3734 5263 ἡμεῖς

2147 5300 2243 5371 μὲν
2266 5296 2473 5362 ἀνάξιοι
2500 5296 2597 5365 τῆς
2628 5294 2847 5365 χάριτος
2867 5288 2936 5365 ἧς
2968 5292 3114 5345 άπαν
3142 5288 3290 5352 ἔθνος
3314 5287 3559 5357 ἠξίωται.
3579 5282 3735 5374 ῌλὴν

2140 5388 2229 5442 διὰ
2254 5388 2315 5441 τὸ
2345 5386 2434 5441 σὺν
2464 5385 2634 5455 ὄνομα
2668 5384 2889 5453 ποίησον
2914 5381 2972 5435 τὸ
3005 5381 3062 5446 ἐξ
3109 5380 3281 5450 ἀρχῆς
3312 5374 3607 5443 ἐπικληθὲν
3643 5374 3731 5439 ἐφ’

2150 5483 2316 5552 ἡμᾶς.
2336 5480 2470 5533 Ἀλλ’
2502 5479 2563 5531 οὐ
2606 5475 2949 5544 δικαιοσύνης
2993 5473 3163 5536 διδοὺς
3206 5468 3459 5541 ἀμοιϐάς,
3488 5462 3625 5527 Θεὸς
3654 5462 3735 5517 ὢν

2151 5574 2421 5646 ἀληθινὸς,
2452 5572 2563 5628 ἀλλ’
2597 5570 2691 5631 οὖν
2723 5563 2806 5622 οἷα
2850 5567 2917 5619 τὰ
2949 5566 3167 5636 εἴδωλα·
3205 5563 3392 5633 διόπερ
3425 5559 3729 5630 ἐπήγαγεν·
