3880 6216
199 344 313 404 469

1302 328 1666 409 exrosmo
1705 352 1773 408 IN
1810 352 2143 412 PSALMUM
2181 352 2368 414 cxrv.

3362 352 3466 409 ΠΟ

280 462 361 519 Τὰ
401 463 621 517 ειδωλα
662 461 780 515 τῶν
820 456 1009 517 ἐθνῶν
1051 462 1334 533 ἀργύριον
1375 466 1473 520 καὶ
1508 450 1788 537 χρυσίον,

1965 470 2020 523 4.
2050 465 2351 522 Simulacra
2386 466 2615 537 gentium
2652 471 2926 536 argentum
2961 471 3009 518 et
3050 479 3265 529 aurum,
3306 456 3467 533 opera

200 553 354 622 ἔργα
385 550 596 621 χειρῶν
619 551 959 620 ἀνθρώπων.
990 553 1164 608 Τινῶν
1189 555 1295 609 τῶν
1317 556 1665 628 ἀντιγράφων
1687 561 1787 632 ἀρ-

202 644 309 714 χὴν
334 642 447 713 ἔχει
476 641 650 697 ταῦτα
679 643 866 715 ἐτέρου
900 642 1137 715 ψαλμοῦ,
1168 645 1241 709 ὼς
1276 641 1416 700 εἶναι
1449 648 1636 701 τοῦτον
1662 649 1790 702 ἐκα-

201 733 398 786 τοστδν
441 733 1046 804 τεσσαρεσκαιδέκατον.
1064 735 1254 806 Ἡμεῖς
1286 736 1362 803 δὲ,
1398 737 1476 808 τῷ
1519 738 1791 809 Ἑϐραῖκῷ

204 825 583 897 παρεπόμενοι
615 825 788 897 μέρει,
828 821 966 880 εἶναι
991 827 1160 881 ταῦτα
1188 829 1452 899 τιθέμεθα
1477 830 1570 883 τοῦ
1604 832 1793 884 ἑκατο-

206 915 340 970 στοῢ
369 917 833 988 τρισκαιδεκάτου.
867 919 1221 973 Παιδεύονται
1247 922 1357 992 γὰρ
1401 924 1448 975 οἱ
1497 923 1683 986 παῖδες
1711 916 1793 986 οἷς

204 1010 395 1077 ἔλεγεν
416 1026 430 1039 ·
468 1009 713 1073 Αίνεῖτε,
742 1010 969 1077 παῖδες,
998 1013 1247 1080 Κύριον·
1282 1015 1556 1068 τουτέστιν
1602 1017 1630 1069 ὁ
1674 1015 1793 1078 νέος

203 1098 358 1161 λαός.
401 1099 558 1151 Ποῖον
582 1098 785 1169 Κύρων
819 1101 1091 1171 προσῆκόν
1118 1103 1264 1156 ἐστιν
1292 1104 1492 1169 αἰνεῖν;
1528 1105 1698 1158 Αὐτὸν
1728 1105 1791 1177 δὴ

204 1190 299 1242 τὸν
327 1190 421 1241 ἐπὶ
458 1190 566 1243 τῶν
606 1189 665 1255 ἐξ
705 1192 979 1260 Αἰγύπτου
1003 1194 1237 1248 τοσαῦτα
1263 1198 1791 1269 τερατουργήσαντα,

211 1280 357 1351 μετά
385 1278 480 1332 τοῦ
515 1280 707 1351 μαθεῖν
731 1283 904 1335 ὁποῖοί
931 1301 1075 1348 τινες
1102 1281 1243 1356 ἦσαν
1290 1287 1340 1339 oi
1381 1285 1550 1340 πάλαι
1589 1288 1795 1341 τούτων

208 1371 344 1426 θεοί.
384 1370 467 1424 Τὰ
493 1371 603 1443 γὰρ
632 1372 824 1425 εἴδωλα
851 1375 912 1426 οὐ
948 1375 1106 1445 μόνον
1149 1376 1300 1430 οὐδὲν
1341 1373 1487 1448 εἶχον
1510 1378 1695 1448 ὅμοιον
1719 1374 1796 1448 τῷ

210 1462 730 1535 παραδοξοποιοῦντι
777 1464 917 1536 Θεῷ,
946 1466 1060 1519 ἀλλ’
1086 1468 1206 1521 οὐδὲ
1258 1471 1370 1532 τοῖς
1409 1468 1514 1522 τῶν
1538 1468 1796 1540 ἐμψύχων

211 1548 487 1622 ἐσχάτοις,
515 1547 597 1617 οἷς
644 1555 948 1627 αἰσθήσεως
987 1558 1224 1629 μετέχει.
1255 1560 1500 1613 Κάκεῖνα
1535 1560 1633 1631 μὲν
1660 1560 1799 1632 ἔργα

212 1644 374 1708 Θεοῦ,
403 1644 575 1698 ταῦτα
597 1645 653 1698 δὲ
677 1646 873 1717 τέχνης
896 1649 991 1703 ἀνθ
1002 1648 1217 1720 ρώπων.
1246 1652 1598 1706 Διδάσκονται
1626 1652 1684 1705 δέ
1707 1651 1796 1705 λέ-

213 1754 364 1806 γειν·
403 1740 619 1807 Ὅμοιοι
658 1740 863 1807 αὐτοῖς
900 1741 1187 1811 γένοιντο.
1212 1744 1327 1798 Οὐκ
1354 1743 1659 1816 ἀνθρώποις
1695 1747 1795 1799 ἐπ-

214 1827 510 1899 αρώμενοι.
542 1809 983 1902 Μανθάνομεν-δέ
1004 1828 1115 1887 οἷον
1140 1834 1202 1887 τὸ
1232 1836 1331 1907 τῆς
1361 1809 1795 1908 εἰδωλολατρείας
1828 1809 1871 1868 Β

214 1919 367 1982 τέλος
396 1920 703 1976 ἀπόκειται.
737 1924 801 1975 Oi
826 1922 934 1995 γὰρ
959 1924 1297 1997 ἀναισθήτως
1326 1926 1682 1998 ἐπανέχοντες
1710 1928 1801 1981 ού-

209 2009 304 2063 εέν
337 2010 517 2063 αὐτῶν
541 2012 684 2066 κατὰ
707 2012 931 2086 γνώμην
958 2015 1266 2072 διοίσουσιν.
1286 2017 1564 2089 Τοσαύτην
1595 2018 1800 2090 βλάϐην

217 2102 402 2166 αὐτοῖς
422 2103 521 2174 τῆς
536 2105 953 2179 ἐμφωλευούσης
968 2108 1287 2180 δαιμονικῆς
1304 2110 1582 2181 ἐνεργείας
1614 2112 1801 2165 ποιού-

220 2205 341 2260 σηςι

229 2466 238 2474 .
294 2390 522 2459 Ὅμοιοι
570 2392 776 2459 αὐτοῖς
825 2392 1096 2463 γένοιντο
1146 2397 1201 2450 οἱ
1257 2397 1572 2467 ποιοῦντες
1627 2398 1799 2454 αὐτά.

223 2481 479 2535 Ἔσονται
511 2482 683 2547 οὕτως
718 2484 1098 2556 ἀπολλύμενοι,
1134 2487 1209 2551 ὡς
1241 2486 1311 2541 τὰ
1337 2490 1598 2561 χρήματα
1635 2491 1731 2545 καὶ
1754 2493 1803 2545 oi

219 2572 640 2644 θησαυρίζοντες
671 2575 845 2631 αὐτά.1

294 2658 471 2730 Οἶκος
512 2663 761 2733 Ἰσραὴλ
796 2665 1060 2735 ἤλπισεν
1092 2666 1194 2720 ἐπὶ
1235 2667 1477 2737 Κύριον.
1511 2669 1695 2724 Ταῦτα
1737 2670 1806 2725 τὰ

218 2751 347 2826 ἔθνη
396 2756 579 2823 φασὶν,
643 2757 747 2820 ὅτι,
810 2759 999 2829 ὥσπερ
1056 2760 1223 2814 πάλαι
1277 2760 1644 2816 πιστεύσαντα
1714 2763 1807 2818 τὸν

230 2841 446 2917 Ἰσραὴλ
469 2845 691 2912 ἔσωσεν,
725 2847 867 2902 οὓτω
888 2850 983 2903 καὶ
1004 2849 1097 2904 νῦν
1140 2849 1209 2903 τὰ
1236 2850 1361 2923 ἔθνη
1395 2852 1577 2908 σώσει.
1612 2856 1677 2907 Οἱ
1697 2854 1806 2927 γὰρ

216 2938 576 3006 φοϐούμενοι
625 2938 734 2992 τὸν
776 2938 1020 3008 Κύριον,
1051 2940 1273 3013 τάνέθνη
1305 2939 1416 2997 εἷεν
1446 2944 1805 3013 ἀν.⁹Υπεξαι-

220 3027 486 3099 ρουμένου
513 3029 622 3101 γὰρ
650 3029 743 3083 τοῦ
766 3030 915 3084 οἴκου
951 3032 1186 3103 Ἰσραὴλ,
1208 3034 1451 3087 τουτέστι
1485 3035 1685 3100 παντὸς
1710 3036 1806 3090 τοῦ

1893 574 2146 613 manuum
2186 559 2475 612 hominum.
2523 556 2581 611 In
2614 556 2963 627 'quibusdam
3016 554 3422 625 exemplaribus
3446 594 3465 623 ,

1892 650 2007 705 hinc
2029 659 2157 705 sunt
2188 649 2403 703 initium
2435 648 2661 704 alterius
2690 647 2908 717 psalmi,
2942 646 3016 701 ita
3040 653 3101 701 ut
3130 646 3221 700 hic
3247 647 3319 700 sit
3339 661 3469 701 cen-

1893 742 2121 795 tesimus
2166 740 2414 796 decimus
2455 748 2705 810 quartus.
2755 738 2868 795 Nos
2904 747 3086 794 autem
3131 737 3465 792 Hebraicum

1892 844 2202 905 sequentes,
2235 838 2351 893 haec
2380 848 2589 908 partem
2619 854 2741 893 esse
2770 838 3064 893 statuimus
3099 835 3298 906 psalmi
3343 850 3472 890 cen-
3522 858 3538 905 ;-

1893 924 2073 979 tesimi
2101 925 2297 981 decimi
2333 927 2498 983 tertii.
2532 927 2807 982 Docentur
2829 929 2975 981 enim
3002 928 3156 997 pueri
3180 925 3380 995 quibus
3397 924 3474 979 di-

1893 1019 1976 1073 xit
2010 1037 2023 1073 :
2052 1017 2313 1087 Laudate,
2344 1022 2534 1089 'pueri,
2588 1021 2871 1073 Dominum
2910 1021 2953 1052 ²⁷
2992 1036 3006 1085 ;
3041 1018 3094 1073 id
3144 1026 3249 1081 est,
3291 1032 3471 1072 novus

1894 1108 2151 1180 populus.
2211 1108 2452 1180 Ecquem
2511 1110 2805 1165 Dominum
2867 1109 3093 1165 laudare
3158 1107 3470 1163 convenit?

1896 1148 2151 1180 rerum...
2211 1148 2452 1180 usque...
2511 1148 2805 1165 ..νηηηιηη
2869 1148 3093 1165 ...πων
3158 1148 3418 1163 πων...
3450 1149 3464 1161 .

1894 1201 2077 1270 Ipsum
2107 1216 2257 1265 sane,
2290 1203 2384 1271 qui
2414 1203 2469 1256 in
2498 1201 2785 1273 [Egyptios
2814 1210 2967 1256 tanta
2997 1200 3243 1272 prodigia
3278 1148 3491 1278 edidit}.

1898 1299 2185 1357 postquam
2236 1289 2541 1344 didicerunt
2592 1290 2784 1359 quales
2828 1289 3032 1345 fuerint
3068 1290 3199 1345 olim
3250 1289 3474 1344 illorum

1896 1377 1991 1431 dii.
2030 1376 2180 1433 ldola
2205 1379 2351 1434 enim
2387 1378 2594 1435 nedum
2611 1379 2910 1449 quidquam
2942 1379 3119 1434 simile
3145 1379 3264 1434 Deo
3281 1379 3474 1449 prodi-

1898 1469 1986 1539 gia
2018 1472 2267 1540 operanti
2300 1471 2586 1534 haberent,
2618 1486 2686 1525 ne
2729 1471 2933 1526 inlimis
2972 1470 3193 1541 quidem
3226 1469 3479 1524 animali-

1898 1561 2001 1618 bus
2032 1562 2234 1633 quibus
2264 1578 2459 1618 sensus
2504 1573 2588 1618 est
2619 1563 2922 1633 quidpiam,
2954 1564 3109 1632 paria
3137 1570 3312 1617 erant.
3338 1559 3476 1617 Nam

1900 1657 1991 1711 illa
2016 1652 2237 1727 quidem
2270 1665 2398 1712 sunt
2434 1654 2529 1710 Dei
2557 1670 2745 1724 opera,
2781 1656 2898 1710 haec
2935 1664 3120 1710 autem
3144 1654 3312 1719 idola,
3341 1654 3478 1708 artis

1902 1748 2155 1802 humana:
2183 1766 2196 1800 :
2229 1748 2497 1802 docentur
2530 1755 2715 1801 autem
2750 1746 2931 1801 dicere
2970 1764 2986 1800 :
3025 1744 3239 1800 Similes
3276 1744 3385 1799 illis
3413 1744 3481 1814 fi-

1902 1849 2015 1891 ant.
2045 1835 2164 1893 Non
2197 1837 2343 1908 quod
2371 1836 2688 1891 hominibus
2732 1836 2875 1890 mala
2916 1844 3230 1906 precentur.
3263 1833 3481 1889 Edisci-

1902 1946 2026 1987 mus
2055 1939 2236 1986 autem
2280 1930 2376 2001 qui
2405 1929 2530 1986 linis
2570 1929 2894 1984 idololatriae
2926 1929 3215 1998 deputatus
3251 1928 3342 1982 sit.
3379 1925 3491 1993 Qui

1904 2020 2051 2075 enim
2086 2020 2245 2090 quasi
2273 2035 2441 2076 sensu
2461 2028 2713 2076 carerent
2734 2018 2898 2073 idolis
2930 2018 3175 2072 animum
3200 2015 3482 2078 adhibent,

1905 2109 2045 2163 nihil
2081 2110 2150 2164 ab
2186 2109 2269 2164 eis
2299 2109 2605 2165 secundum
2653 2118 2896 2164 mentem
2927 2108 3204 2162 differunt.
3247 2105 3489 2160 Tantum

1906 2199 2118 2255 scilicet
2142 2200 2278 2271 ipsis
2304 2200 2620 2257 nocumenti
2661 2199 2897 2255 alierum
2920 2199 3232 2255 daemonum
3272 2197 3378 2252 illa:
3406 2197 3484 2250 la-

1904 2290 2124 2346 titantes
2160 2292 2390 2348 insidiae.

1975 2382 2027 2437 8.
2058 2382 2270 2440 Similes
2310 2386 2418 2439 illis
2469 2384 2606 2455 ﬁant
2646 2384 2736 2454 qui
2780 2382 2982 2452 faciunt
3031 2398 3115 2436 ea.
3155 2378 3390 2435 Perinde
3428 2380 3486 2434 in

1906 2477 2205 2547 perniciem
2250 2477 2429 2544 ibunt,
2467 2485 2632 2548 atque
2655 2477 2855 2533 divitiae
2888 2484 2944 2533 et
2974 2474 3011 2530 ii
3051 2474 3147 2545 qui
3181 2472 3487 2529 recondunt

1907 2576 2049 2632 illas.

1976 2668 2031 2724 9.
2073 2666 2271 2720 Domus
2301 2662 2476 2718 Israel
2508 2664 2733 2733 speravit
2758 2661 2816 2717 in
2838 2658 3087 2727 Domino,
3114 2666 3221 2714 etc.
3250 2656 3377 2713 Haec
3402 2656 3488 2713 di-

1907 2768 2040 2816 cunt
2068 2766 2258 2828 gentes
2293 2775 2307 2812 :
2332 2756 2481 2828 quod
2508 2756 2719 2811 scilicet
2739 2751 3203 2824 quemadmodum
3220 2750 3350 2806 olim
3373 2764 3490 2806 cre-

1906 2853 2119 2909 dentem
2156 2851 2324 2907 lsrael
2366 2850 2577 2905 salvum
2618 2846 2787 2915 fecit;
2833 2846 2910 2902 ita
2956 2850 3010 2900 et
3042 2859 3191 2899 nunc
3235 2842 3489 2910 gentibus

1907 2946 2137 3002 salutem
2175 2943 2397 2999 tribuet.
2436 2940 2572 2997 Nam
2606 2942 2695 3013 qui
2722 2942 2902 2994 timent
2947 2937 3254 3002 Dominum,
3285 2936 3321 2990 ii
3353 2950 3489 3006 gen-

1908 3042 1991 3090 tes
2023 3033 2248 3089 fuerint.
2281 3032 2508 3087 Sublata
2535 3032 2736 3102 quippe
2763 3032 2930 3086 domo
2952 3029 3137 3093 Israel,
3164 3028 3217 3082 id
3235 3038 3321 3082 est
3337 3025 3489 3080 omni

218 3118 483 3190 πλήθους,
520 3123 615 3174 καὶ
645 3121 739 3175 τοῦ
765 3122 915 3176 οἴκου
951 3123 1161 3195 Ἀαρὼν
1194 3125 1289 3179 καὶ
1325 3125 1420 3178 τοῦ
1454 3126 1602 3181 οἴκου
1636 3129 1802 3185 Λευΐ-

1918 3122 2279 3189 multitudine,
2328 3130 2382 3176 et
2426 3121 2592 3176 domo
2634 3120 2818 3175 Aaron
2862 3128 3028 3189 atque
3062 3116 3192 3173 Levi
3228 3115 3363 3186 ;qui
3395 3114 3488 3169 alii
3584 3198 3587 3201 ἢ

216 3209 375 3274 τίνας
406 3212 626 3284 ἐτέρους
667 3209 804 3267 εἶναι
836 3215 1121 3285 συμϐαίνει
1158 3217 1284 3280 τοὺς
1321 3216 1689 3288 φοϐουμένους
1715 3219 1802 3274 τὸν

1918 3229 2031 3269 esse
2058 3213 2271 3284 possint
2290 3213 2384 3283 qui
2416 3214 2609 3269 timent
2642 3212 2954 3278 Dominum,
2991 3210 3098 3267 nisi
3140 3207 3357 3282 gentilis
3386 3222 3489 3278 po-

218 3300 448 3373 Κύριον,
478 3304 511 3373 ἢ
539 3303 629 3357 τὸν
659 3303 717 3371 ἐξ
750 3305 918 3359 ἐθνῶν
948 3306 1109 3372 λαόνς

289 3394 588 3463 Προσθείη
637 3393 855 3467 Κύριος
892 3397 989 3465 ἐφ’
1021 3396 1197 3467 ἡμᾶς,
1226 3397 1318 3467 ἐφ’
1353 3398 1510 3468 ἡμᾶς
1561 3401 1657 3454 καὶ
1707 3402 1821 3456 ἐπϊ

216 3485 363 3552 τοὺς
392 3487 563 3557 υἱοὺς
585 3486 773 3556 ἡμῶν.
814 3489 985 3553 Αὐτὸς
1016 3491 1125 3562 γάρ
1151 3493 1296 3544 ἐστιν
1340 3486 1401 3546 οὗ
1448 3494 1573 3552 τοὺς
1612 3494 1810 3565 νόμους

218 3578 707 3650 φυλάττομεν.⁰⁹1να
735 3580 844 3652 γὰρ
880 3582 953 3654 μὴ
977 3584 1173 3656 νομίσῃ
1200 3602 1283 3649 τις
1306 3584 1464 3638 ἄλλου
1490 3587 1636 3650 τινὸς
1668 3584 1810 3642 εἶναι

217 3671 318 3741 τὴν
339 3668 429 3723 διὰ
453 3671 732 3736 Μωῡ,σέως
761 3674 1102 3743 νομοθεσίαν,
1126 3676 1232 3747 πρὸ
1260 3676 1357 3747 τῆς
1385 3676 1588 3730 τούτων
1608 3677 1808 3743 δόσεως

216 3759 290 3810 τὰ
339 3760 470 3829 περὶ
502 3761 603 3831 τῆς
635 3764 995 3831 κοσμοποιίας
1019 3765 1305 3836 παρέδωκε
1329 3783 1341 3796 ⁸
1370 3766 1436 3819 δι’
1458 3761 1525 3839 ἧς
1554 3768 1648 3821 ἕνα
1675 3769 1809 3825 Θεὸν

217 3845 361 3906 εἶναι
390 3850 653 3917 διδάσκει,
681 3854 749 3907 τὰ
782 3855 839 3908 δὲ
866 3854 1028 3909 λοιπά
1054 3857 1277 3927 γενητὰ.

296 3946 423 4011 Οὐχ
477 3947 532 3999 οἱ
585 3947 787 4015 νεκροὶ
829 3947 1147 4003 αὶνέσουονι
1191 3964 1285 4014 σε,
1334 3953 1533 4021 Κύριε.
1563 3953 1809 4025 Νεκροὺς

219 4035 380 4089 καλεῖ
404 4038 531 4101 τοὺς
561 4039 669 4091 τῶν
699 4039 967 4110 δαιμόνων
1002 4041 1364 4113 θεραπευτὰς,
1391 4046 1517 4109 τοὺς
1546 4044 1619 4116 μὴ
1653 4045 1809 4115 ἔχον-

217 4146 319 4193 τας
342 4132 403 4182 ἐν
428 4132 612 4195 αὐτοῖς
638 4133 739 4204 τὴν
768 4134 936 4207 ζωὴν,
963 4136 1208 4190 τουτέστι
1236 4138 1336 4210 τὴν
1366 4139 1566 4208 γνῶσιν
1588 4138 1680 4193 τοῦ
1714 4139 1812 4210 μό-

217 4239 315 4278 νου
345 4222 503 4276 Θεοῦ.

567 4316 942 4386 Ἀλληλούτα.
978 4321 1287 4375 ΨΑΛΜΟΣ
1318 4324 1472 4377 Ρ1Δ¹.

858 4412 1182 4480 Ὑπόθεσις.

1908 3307 2092 3377 palus.
2318 3376 2321 3379 _

1982 3399 2070 3452 14.
2105 3396 2343 3467 Adjiciat
2376 3395 2631 3450 Dominus
2660 3412 2817 3466 super
2853 3412 2967 3462 nos,
2999 3411 3155 3465 super
3194 3411 3286 3449 nos
3315 3403 3365 3448 et
3399 3410 3491 3446 su-

1908 3505 2001 3558 per
2021 3488 2162 3558 ﬁlios
2193 3498 2419 3541 nostros.
2467 3485 2588 3556 Ipse
2622 3499 2861 3555 namque
2885 3492 2970 3540 est
3007 3484 3167 3554 cujus
3211 3484 3358 3553 leges
3388 3482 3489 3537 ob-

1910 3596 2212 3637 servamus.
2260 3577 2344 3634 Ne
2396 3580 2598 3649 cogitet
2650 3579 2797 3633 enim
2844 3578 3121 3648 quispiam
3168 3576 3312 3633 alius
3367 3590 3491 3631 esse

1909 3673 2083 3743 legem
2123 3671 2328 3743 Moysis
2364 3689 2379 3737 ;
2413 3680 2540 3725 ante
2568 3670 2736 3739 leges,
2770 3669 2961 3724 mundi
2998 3668 3336 3724 creationem
3378 3677 3491 3722 tra-

1909 3764 2048 3819 didit
2080 3782 2094 3817 :
2124 3778 2220 3833 per
2261 3777 2428 3832 quam
2460 3762 2622 3816 docet
2660 3776 2833 3815 unum
2874 3775 2999 3817 esse
3039 3760 3236 3826 Deum,
3278 3759 3490 3830 reliqua

1908 3871 2040 3911 vero
2073 3854 2239 3910 facta.

1981 3948 2070 4001 17.
2109 3945 2233 4001 Non
2276 3947 2474 3999 mortui
2508 3942 2801 3997 laudabunt
2844 3950 2912 4006 te,
2959 3941 3201 3996 Domine.
3243 3940 3488 3996 Mortuos

1907 4046 2070 4092 vocat
2098 4036 2409 4091 daemonum
2453 4034 2715 4097 cultores,
2745 4033 2841 4103 qui
2864 4047 2974 4089 non
3003 4032 3211 4089 habent
3234 4033 3288 4088 in
3319 4047 3379 4088 so
3405 4031 3489 4085 vi-

1912 4138 2043 4196 tam,
2077 4128 2132 4184 id
2156 4137 2241 4184 est
2278 4127 2452 4183 solius
2475 4126 2571 4181 Dei
2604 4124 2995 4197 cognitionem.

2279 4312 2523 4371 Alleluia.
2560 4307 2902 4366 PSALMUS
2929 4304 3170 4397 cxrv.‘
3206 4324 3207 4327 ~

2495 4407 2911 4476 Argumentum-

231 4498 322 4553 Ἐν
351 4496 526 4570 τούτῳ
545 4498 732 4568 ἀγῶνα.
757 4500 864 4555 τῶν
882 4502 981 4574 τὴν
1000 4502 1359 4576 εὐαγγελικὴν
1383 4505 1657 4559 πολιτείαν
1683 4523 1802 4577 μετ-

1918 4499 1971 4556 ln
2009 4501 2113 4557 hoc
2145 4498 2418 4571 signiﬁcat
2452 4508 2733 4553 certamen
2761 4510 2953 4550 eorum
2985 4493 3079 4563 qui
3117 4489 3490 4577 evangelicum

290 4589 605 4661 ερχομένων
637 4594 913 4663 σημαίνει,
948 4596 1042 4648 καὶ
1065 4595 1164 4667 τὴν
1194 4596 1334 4650 κατά
1358 4596 1489 4651 Θεὸν
1519 4596 1698 4651 αὐτῶν
1729 4598 1809 4652 νί-

290 4700 417 4754 κην,
452 4684 548 4737 καὶ¹
577 4683 668 4736 τὸν
699 4686 952 4756 ἐσόμενον
984 4688 1124 4771 ὑπὲρ
1166 4689 1273 4746 τῶν
1312 4690 1488 4745 πόνων
1522 4691 1804 4760 στέφανον.

302 4773 635 4844 Ἠγὰπηονα,
662 4776 750 4829 ὅτι
780 4781 1198 4834 εἰσακούονεται
1221 4782 1436 4850 Κύριος
1462 4782 1574 4851 τῆς
1600 4782 1807 4851 φωνῆς

216 4870 331 4937 τῆς
362 4869 628 4937 δεήσεως
649 4890 789 4941 μου.
828 4874 937 4926 Καὶ
966 4872 1407 4945 τίναιὴγάπησες
1457 4873 1663 4945 Κύριον
1713 4872 1806 4928 τὸν

216 4963 354 5016 Θεὸν
402 4962 462 5027 ἐξ
506 4963 635 5035 ὅλης
667 4966 916 5036 καρδίας,
950 4965 1043 5018 καὶ
1078 4966 1137 5031 ἐξ
1168 4967 1295 5038 ὅλης
1334 4965 1589 5030 διανοίας,
1622 4965 1717 5019 καὶ
1744 4963 1805 5028 ἐξ

216 5055 350 5127 ὅλης
393 5055 605 5126 ἰσχύος·
659 5058 754 5109 καὶ
805 5058 905 5128 τῆς
946 5058 1165 5129 ἀγάπης
1211 5059 1401 5130 μισθὸν
1450 5058 1664 5125 ἐδέξατο
1706 5059 1806 5129 τὴν

216 5149 487 5219 ὑπακοήν.

293 5237 406 5291 Καὶ
443 5238 513 5291 ὲν
559 5239 689 5306 ταῖς
734 5239 983 5309 ἡμέραις
1021 5260 1140 5311 μου
1187 5243 1641 5311 ἐπικαλέσομαι.
1695 5243 1805 5296 Καὶ

216 5328 407 5389 ποίαις
438 5330 695 5399 ἡμέραις,
726 5327 774 5401 ἢ’
798 5334 914 5393 ταῖς
942 5332 1035 5385 τοῦ
1063 5333 1295 5402 ἀγῶνος,
1318 5334 1407 5386 ὅτε
1435 5333 1804 5387 ἐκινδύνευσεν

214 5418 389 5470 αὑτοῦ
487 5419 633 5490 ψυχή
659 5437 673 5485 ;

294 5506 630 5575 Ιιεριέσχον
670 5525 749 5577 με
797 5509 1005 5578 ὠδῖνες
1046 5514 1324 5568 θανάτου.
1356 5514 1466 5586 Τὴν
1504 5515 1806 5588 ὑπερϐολὴν

218 5599 627 5668 κατασημαίνει
656 5600 762 5654 τῶν
790 5600 1040 5672 θλίψεων,
1080 5605 1186 5661 τῶν
1216 5607 1520 5678 γενομένων
1545 5607 1692 5681 αὐτῷ
1717 5608 1806 5663 διὰ

307 5770 347 5827 *⁷
388 5768 533 5827 Psal.
565 5787 700 5837 ειη,
732 5774 782 5830 1.

1987 4593 2114 4650 vitae
2147 4592 2458 4647 institutum
2506 4588 2749 4661 ingressi:
2789 4595 2938 4651 sunt,
2984 4572 3287 4654 eorumque
3322 4582 3494 4639 victo-

1984 4685 2127 4739 riam
2158 4681 2255 4737 Dei
2289 4690 2424 4735 nutu
2470 4685 2901 4750 reportatam,.et
2930 4675 3172 4731 futuram
3206 4688 3305 4745 pro
3336 4672 3493 4728 labo-

1986 4777 2141 4832 ribus
2173 4788 2458 4832 coronam.

1983 4868 2186 4934 Dilexi,
2219 4868 2470 4937 quoniam
2499 4864 2743 4918 exaudiet
2770 4863 3026 4917 Dominus
3051 4876 3223 4915 vocem
3240 4859 3496 4915 orationis

1914 4976 2061 5015 meae.
2111 4959 2354 5029 Ecquem
2401 4957 2644 5018 dilexit?
2687 4954 2981 5013 Dominum
3045 4954 3218 5009 Deum
3267 4969 3331 5008 ex
3380 4961 3498 5009 toto

1913 5052 2075 5107 corde
2117 5059 2174 5105 et
2198 5065 2267 5105 ex
2311 5058 2423 5111 tota
2455 5058 2654 5113 mente,
2687 5057 2744 5103 et
2786 5063 2854 5103 ex
2903 5056 3017 5102 tota
3050 5047 3248 5102 virtute
3281 5063 3297 5113 ;
3346 5055 3402 5101 et
3438 5045 3495 5099 in

1916 5143 2226 5199 dilectionis
2257 5143 2542 5212 praemium
2573 5141 2854 5197 exaudivit
2884 5141 3039 5196 illum
3082 5138 3246 5194 Deus.
3502 5124 3524 5189 ἔ

1980 5237 2035 5291 2.
2071 5235 2139 5290 Ει
2167 5238 2224 5289 in
2262 5235 2444 5289 diebus
2476 5238 2604 5290 meis
2634 5235 2907 5291 invocabo.
2943 5234 3010 5289 Et
3049 5234 3105 5287 in
3139 5231 3342 5301 quibus
3378 5229 3494 5284 die-

1912 5333 2015 5388 bus
2046 5348 2060 5397 ;
2090 5332 2196 5387 nisi
2236 5332 2290 5384 in
2334 5331 2529 5386 diebus
2558 5330 2879 5389 certaminis
2913 5345 3039 5385 cum
3075 5327 3196 5398 ejus
3225 5325 3409 5379 anima
3439 5326 3495 5379 in

1909 5423 2154 5493 periculo
2180 5422 2501 5477 versabatur
2525 5421 2549 5474 Τ

1908 5547 1933 5572 ι’
1981 5514 2034 5567 '5.
2073 5511 2540 5569 Circumdederunt
2569 5526 2650 5564 me
2688 5510 2894 5564 dolores
2938 5505 3143 5559 mortis.
3194 5502 3492 5560 Vehemen-

1915 5604 2047 5661 tiam
2078 5603 2353 5675 signiﬁcat
2382 5602 2759 5671 alllictionum,
2794 5616 2916 5672 quae
2947 5599 3050 5670 ipsi
3077 5598 3296 5669 pietatis
3321 5610 3492 5654 causa
