3880 6216
461 314 562 372 471
1311 311 1370 369 S.
1407 309 1782 368 ATHANASII
1819 310 1971 368 OPP.
2013 307 2192 366 PARS
2226 311 2317 366 III.
2355 344 2422 354 —-
2459 313 2872 374 EXEGETECA.
3593 313 3708 372 £7!

457 433 792 499 acciderunt,
819 447 981 504 quam
1011 431 1374 488 calamitatem
1407 441 1462 488 et
1493 433 1712 490 dolores
1741 435 1989 496 mortis,¢

2175 437 2224 506 ὴν
2253 437 2552 502 εὐσέϐειαν,
2579 440 2645 510 ἢν
2677 441 2770 494 καὶ
2799 440 2992 504 ὠδῖνας
3035 439 3262 494 θανάτου
3305 437 3398 492 καὶ
3421 435 3707 505 κινδύνους

455 525 698 580 uaricula
725 525 944 589 inferni,
993 533 1047 580 et
1079 524 1426 578 alllictionem
1472 533 1528 580 et
1572 525 1818 580 dolorem
1847 539 1987 580 vocal

2175 525 2276 590 δον,
2308 529 2401 580 καὶ
2432 527 2604 598 θλίψιν
2650 531 2742 584 καὶ
2783 531 2972 600 ὀδύνην
2999 528 3458 584 ἀποκαλεϊ.Ἀλλὰ
3487 529 3575 582 διὰ
3603 529 3707 584 τοῦ

457 615 562 670 Sed
595 631 660 668 eo
688 617 832 684 quod
875 616 1212 670 invocaverit
1242 613 1410 670 Deum
1457 617 1526 671 iis
1573 617 1828 673 omnibus
1867 635 1989 688 supr

2171 619 2500 674 πικαλεῖσθαι
2549 621 2636 674 τὸν
2685 623 2816 675 Θεὸν
2862 622 3184 693 ὑψηλότερος
3236 622 3439 676 τούτων
3487 622 3703 690 γέγονε,

455 707 568 760 rior
609 708 799 762 evasit.
853 707 1032 772 Quare
1061 708 1114 760 in
1163 709 1442 776 prooemiis
1485 709 1697 764 dicebat
1743 729 1756 764 :
1814 711 1987 764 Dilexi

2173 712 2278 781 ησί.
2319 712 2408 764 Διὸ
2452 713 2544 766 καὶ
2581 714 2636 764 ἐν
2668 713 2968 784 προοιμίοις
2995 713 3204 780 ἔλεγεν·
3251 711 3573 783 Ἠγάπησα,
3609 711 3705 766 ὅτι

453 799 700 868 quoniam
724 801 968 851 exaudiet
1001 799 1256 852 Dominus
1285 816 1456 853 vocem
1487 802 1743 854 orationis
1771 819 1918 856 mete.

2125 803 2539 856 είσακούσεται
2569 805 2781 871 Κύριος
2812 803 2919 872 τῆς
2951 804 3157 872 φωνῆς
3191 803 3453 871 δεήσεὼς
3475 822 3613 872 μου.

520 888 575 940 4.
616 886 661 942 0
695 887 936 954 Domine,
966 889 1132 943 libera
1165 893 1398 944 animam
1425 909 1614 946 nteant.
1663 891 2027 964 Singulariter

2194 889 2269 948 Ὦ
2293 896 2482 960 Κύριε,
2505 895 2688 962 ῥῦσαι
2723 895 2836 962 τὴν
2862 895 3071 964 ψυχήν
3097 913 3234 964 μου.
3251 895 3474 958 Ἐνικῶς
3497 894 3707 948 ἀνωτέ-

451 980 738 1047 superius:
767 979 831 1032 Et
859 982 910 1033 in
927 981 1106 1036 diebus
1135 983 1262 1036 meis
1289 983 1539 1037 invocavi.
1561 985 1678 1038 Jam
1715 1001 1840 1040 vero
1867 986 1983 1041 dom

2168 1006 2238 1052 ω,
2271 988 2352 1040 ὅτι
2383 985 2494 1040 Καὶ
2529 985 2987 1056 ἐπεκαλεσάμην
3017 988 3085 1038 ἐν
3117 986 3246 1052 ταῖς
3271 985 3514 1054 ἡμέραις
3555 1003 3700 1054 μου.

447 1087 571 1142 quae
602 1073 672 1126 sit
711 1073 999 1128 invocatio.
1037 1071 1360 1142 Eequzenam
1407 1077 1494 1128 illa
1523 1087 1626 1141 est,
1671 1078 1773 1132 nisi
1808 1079 1898 1133 illa
1929 1099 1941 1132 :
1975 1103 1979 1124 ς

2175 1077 2221 1138 ίς
2262 1078 2295 1146 ἡ
2340 1077 2622 1147 ἐπίκλησις
2667 1077 2920 1130 διδάσκει.
2951 1077 3060 1130 Καὶ
3110 1077 3236 1128 ποία
3281 1075 3442 1144 αὕτη,
3471 1076 3504 1144 ἢ
3539 1070 3700 1136 τὸ,Ὧ

435 1164 694 1232 ﬂamine,
730 1166 894 1220 libera
935 1171 1168 1222 animam
1207 1185 1376 1222 meam
1412 1170 1438 1222 ε)
1483 1169 1610 1224 llzec
1659 1181 1838 1226 autem
1885 1172 1967 1225 dis

2167 1165 2322 1234 ἰτριε,
2339 1169 2524 1234 ῥῦσαι
2553 1168 2665 1236 τὴν
2687 1169 2894 1238 ψυχήν
2914 1186 3031 1238 μου
3055 1185 3074 1232 ;
3097 1165 3230 1220 Εἷπε
3251 1169 3306 1220 δὲ
3327 1167 3498 1220 ταῦτα
3518 1165 3699 1228 εἰδὼς,

450 1271 654 1324 gnarus
700 1273 847 1322 eum,
897 1267 1085 1328 utpote
1147 1259 1584 1322 misericordem,
1632 1261 1982 1315 exauditurur

2165 1273 2196 1318 ις
2225 1256 2470 1326 ἐλεήμων
2515 1257 2894 1310 ἐπακούσεται.
2927 1257 2976 1310 Κ
2983 1259 3040 1312 αὶ
3071 1262 3102 1311 ὀ
3137 1257 3280 1324 Θεὸς
3319 1256 3489 1325 ἡμῶν
3515 1256 3697 1310 ἐλεεῖ.

447 1363 586 1402 esse.
608 1347 672 1401 Et
711 1349 850 1404 Deus
883 1361 1058 1404 noster
1078 1353 1368 1404 miseretur.
1394 1351 1504 1421 (4'2)
1531 1351 1900 1407 Misericordia
1937 1367 1979 1406 es

2167 1351 2311 1415 Ξλεός
2339 1355 2454 1406 ἐστι
2494 1351 2662 1416 πάθος
2690 1352 2782 1404 ἐπὶ
2817 1353 2941 1414 τοὺς
2969 1353 3096 1420 παρ’
3118 1349 3270 1414 ἀξίαν
3295 1350 3699 1419 τεταπεινωμέο

448 1439 632 1506 passio
677 1455 864 1494 eorum
921 1441 1014 1510 qui
1069 1443 1550 1497 commiseratione
1603 1445 1834 1512 permoti
1891 1461 1980 1499 sur

2161 1459 2244 1507 an;
2301 1442 2452 1513 παρὰ
2499 1443 2606 1495 τῶν
2668 1441 2966 1512 συμπαθῶς
3013 1441 3338 1512 τεθειμένων
3391 1443 3693 1512 γινόμενον.

449 1546 578 1599 erga
625 1545 722 1585 cos
767 1533 859 1600 qui
907 1534 1110 1588 amissa
1159 1535 1390 1602 pristina
1435 1535 1698 1604 dignitate
1748 1537 1970 1590 humilia

2163 1535 2284 1588 Επεὶ
2325 1531 2418 1588 οὖν
2471 1536 2566 1588 καὶ
2615 1537 2774 1605 ἡμεῖς
2807 1535 2864 1600 ἐξ
2893 1533 3118 1598 ἐνδόξων
3151 1533 3448 1603 γεγόναμεν
3493 1535 3695 1600 ἄδοξοι,

451 1626 596 1674 eum.
629 1619 764 1686 Quia
801 1622 1088 1690 igiturnos
1123 1639 1190 1677 ex
1225 1625 1501 1679 nobilibus
1549 1625 1812 1696 ignobiles
1841 1629 1983 1682 evasi

2164 1625 2218 1693 ἧς
2249 1627 2306 1677 ὲν
2335 1623 2408 1694 τῷ
2443 1625 2749 1697 παραδείσῳ
2779 1625 3052 1692 διαγωγῆς
3075 1625 3416 1686 ἐκπεσόντες,
3441 1619 3543 1676 οἷοι
3575 1623 3696 1680 ἀνθ’

449 1725 595 1776 mus,
636 1715 836 1768 amissa
865 1715 1102 1782 paradisi
1135 1717 1608 1784 commoratione;
1647 1717 1836 1773 videns
1873 1717 1981 1772 Deu

2165 1713 2243 1766 ἴων
2275 1716 2574 1786 γεγόναμεν
2603 1715 2744 1786 ὁρῶν
2779 1717 2925 1785 ἡμᾶς
2951 1717 2980 1767 ὁ
3019 1715 3170 1778 Θεὸς,
3199 1714 3354 1768 ἐλεεῖ.
3373 1715 3556 1768 Ἑλέου
3585 1715 3697 1787 γάρ

448 1803 637 1870 quales
669 1819 735 1858 ex
779 1805 1032 1874 qualibus
1061 1807 1356 1872 evasimus,
1389 1809 1676 1864 miseratur
1723 1825 1842 1864 nos.
1879 1807 1978 1863 Nat

2165 1777 2426 1857 νεκαλείτο
2449 1777 2598 1876 φωνὴ
2627 1777 2716 1858 τὸν
2750 1777 2944 1876 ’Ᾰδάψ
2971 1807 3092 1860 Ποῦ
3194 1821 3214 1869 ;
3241 1805 3395 1876 δῆλον
3417 1807 3501 1871 τὸ,
3521 1777 3697 1860 Πόθεν

445 1907 552 1948 vox
579 1895 963 1952 misericordiae
979 1897 1247 1952 Adamum
1279 1901 1626 1968 compellavit
1659 1901 1882 1958 dicens:
1919 1901 1977 1957 Ui

1033 1897 1247 1952 domum
1279 1901 1626 1968 compellavit
1659 1901 1882 1958 dicens:
1919 1901 2018 1957 Ubi
2119 1899 2212 1950 ποῖ
2237 1897 2565 1964 πέπτωκαςὶ

444 1999 498 2036 es
539 1983 584 2012 ³⁸
613 1983 635 2034 ?
678 1984 922 2040 videlicet
951 2005 964 2040 :
991 1988 1132 2040 unde
1155 1997 1206 2042 et
1229 2004 1339 2057 quo
1376 1990 1632 2058 delapsus
1665 2005 1724 2044 es
1754 1991 1777 2042 ?
2061 2026 2086 2036 -

513 2073 566 2128 6.
612 2073 924 2128 Custodiens
966 2076 1212 2145 parvulos
1247 2077 1526 2132 Dominus.
1571 2078 1835 2134 Parvulos
1885 2079 2018 2134 dicit

2187 2069 2528 2126 Φυλάσσων
2559 2073 2628 2126 τὰ
2659 2072 2846 2138 νήπια
2873 2076 2906 2128 ὁ
2935 2072 3168 2142 Κύριος.
3195 2071 3384 2144 Νήπιά
3404 2089 3540 2143 φησι
3565 2073 3693 2136 τοὺς

441 2181 539 2220 eos
567 2167 657 2234 qui
679 2183 773 2236 per
796 2167 1058 2236 Spiritum
1101 2177 1348 2224 sanctum
1389 2171 1440 2223 in
1467 2169 1686 2225 Christo
1713 2187 1970 2240 regenera

2161 2163 2200 2214 ά
2229 2164 2543 2234 Πνεύματος
2565 2163 2718 2232 ἁγίου
2745 2168 2802 2218 ἐν
2827 2166 3044 2236 Χριστῷ
3061 2164 3540 2232 άναγεννηθέντας,
3563 2166 3693 2227 τοὺς

444 2264 574 2310 sunt
605 2274 618 2310 :
653 2257 746 2326 qui
772 2259 1074 2312 secundum
1103 2259 1234 2314 Jesu
1262 2259 1464 2314 Christi
1507 2272 1862 2330 praeceptum,
1891 2277 1976 2330 pat

2160 2254 2255 2307 ατὰ
2291 2255 2387 2324 τὴν
2435 2255 2608 2324 Ἰησοῦ
2637 2255 2848 2326 ἐντολὴν
2869 2256 3090 2324 νηπίους
3116 2256 3293 2318 ὄντας,
3327 2255 3405 2324 τῷ
3434 2255 3692 2325 ἐπιστρέ-

443 2346 550 2398 vuli
585 2355 732 2410 sunt,
759 2348 882 2417 quia
917 2350 1128 2404 scilicet
1157 2350 1406 2404 conversi
1438 2359 1566 2406 sunt
1598 2361 1650 2406 et
1675 2351 1852 2406 ell‘ecti
1887 2369 1970 2406 SUI

2163 2345 2244 2396 θαι
2276 2347 2294 2366 ⁶
2318 2345 2411 2397 καὶ
2439 2345 2718 2412 γεγονέναι
2745 2345 2819 2410 ὡς
2850 2347 2916 2398 τά
2959 2346 3164 2399 παιδία.
3197 2347 3398 2408 Αὐτοὺς
3425 2348 3453 2398 ό
3487 2345 3695 2416 Κύριος

445 2439 590 2492 sicut
632 2440 863 2508 parvuli.
891 2438 998 2495 Eos
1031 2439 1295 2496 Dominus
1339 2441 1626 2508 custodit;
1675 2456 1851 2510 neque
1891 2457 1977 2510 per

2158 2435 2394 2498 νλάσσει,
2418 2437 2514 2488 οὐκ
2538 2437 2640 2489 ἑῶν
2666 2437 2985 2508 προσϐαλεῖν
3015 2437 3197 2500 αὐτοῖς
3225 2437 3348 2500 τοὺς
3371 2436 3689 2507 πολεμίους,

444 2531 610 2585 mittit
651 2532 720 2586 ab
743 2531 981 2586 inimicis
1009 2533 1332 2602 oppugnari,
1363 2533 1492 2602 quia
1529 2533 1770 2586 nondum
1801 2543 1976 2602 tempu

2158 2526 2189 2595 ξ)
2221 2530 2382 2598 μήπω
2411 2529 2596 2601 καιρδν
2623 2529 2764 2598 ἔχειν
2797 2529 3021 2596 ἀγῶνος.
3055 2531 3239 2599 Νήπια
3267 2530 3374 2600 γάρ
3405 2546 3538 2600 φησι
3565 2531 3690 2594 τοὺς

437 2622 776 2678 certaminis.
810 2623 984 2692 (Alius
1013 2624 1220 2690 codex.)
1243 2623 1509 2678 Parvulos
1549 2625 1692 2678 enim
1721 2634 1880 2678 vocat
1919 2641 1969 2678 et

2159 2618 2198 2671 ,ά
2232 2617 2542 2688 Πνεύματος
2571 2621 2723 2688 ἁγίου
2753 2624 2808 2672 ἐν
2839 2621 3056 2692 Χριστῴ
3101 2621 3272 2692 Ἰησοῦ
3299 2620 3691 2690 ἁναγεννηθέν-

439 2714 531 2782 qui
561 2729 657 2782 per
688 2713 952 2782 Spiritum
993 2723 1245 2768 sanetum
1279 2715 1332 2768 in
1367 2717 1589 2770 Christo
1630 2713 1758 2770 Jesu
1797 2731 1971 2785 regem

2160 2727 2230 2772 ις.
2271 2711 2380 2762 Καὶ
2415 2711 2552 2763 κατὰ
2593 2712 2683 2763 τὸν
2718 2712 2916 2764 ἁπλοῦν
2961 2711 3068 2782 γάρ
3099 2711 3271 2778 λόγον,
3304 2711 3465 2773 αὕτὸς
3493 2713 3550 2762 ἐν
3588 2712 3692 2781 μή·

439 2805 546 2858 rati
576 2813 722 2858 sunt.
769 2801 838 2857 Et
879 2805 1034 2874 juxta
1084 2805 1386 2874 simplicem
1426 2805 1697 2860 sermonis
1729 2821 1908 2872 usum,
1955 2807 1970 2860 i

2157 2819 2216 2872 σα
2246 2802 2500 2870 φυλάττει
2531 2803 2598 2856 τὰ
2641 2803 2810 2874 βρέφη
2830 2821 2842 2832 ·
2875 2805 2929 2856 ἐν
2969 2799 3012 2872 ᾧ
3163 2803 3310 2873 μόρῳ
3349 2801 3570 2873 σμικρῷ
3595 2801 3689 2854 καὶ

441 2905 598 2950 utero
624 2894 740 2964 ipse
765 2893 999 2950 infantes
1027 2897 1268 2951 custodit
1298 2915 1310 2949 :
1349 2912 1412 2952 ac
1441 2898 1495 2950 in
1527 2911 1592 2951 eo
1615 2898 1738 2952 loco
1773 2909 1878 2952 Iam
1921 2913 1973 2952 at

2157 2890 2376 2961 >σαύτης
2413 2892 2707 2963 ὑγρότητος
2853 2910 2947 2962 ρης
2979 2894 3072 2944 καὶ
3109 2895 3242 2962 μήτε
3267 2891 3534 2945 κινεῖσθαι
3565 2893 3689 2961 μήτ’

439 2993 620 3054 gusto,
651 2993 909 3056 tantaque
943 2987 1262 3042 humiditate
1287 2989 1468 3058 pleno,
1499 2989 1591 3044 ubi
1627 3004 1727 3044 nec
1759 3005 1971 3044 movent

2159 2987 2366 3036 Jamaiv
2394 2983 2774 3054 συγχωροῦντα
2800 2984 3020 3037 κωλύων
3048 2983 3434 3052 ἀποπνιγῆναι,
3483 2983 3580 3034 καὶ
3609 2981 3691 3034 κί-

438 3091 542 3132 nec
569 3077 874 3146 respirandi
903 3077 1156 3143 facultas,
1187 3079 1411 3149 impedit
1435 3095 1504 3134 ne
1535 3083 1916 3150 praefocentur,
1937 3096 1966 3134 a

2157 3091 2264 3145 ησιν
2299 3073 2470 3135 διδοὺς
2509 3075 2601 3125 καὶ
2641 3074 2866 3144 τροφὴν,
2903 3074 2995 3126 καὶ
3023 3073 3426 3144 περιψυχόμενα
3461 3071 3689 3124 κωλύων

437 3183 546 3236 que
575 3177 786 3223 motum
809 3177 862 3224 et
891 3185 1072 3226 escam
1099 3171 1312 3236 tribuit,
1349 3172 1709 3242 prohibetque
1737 3187 1804 3226 ne
1830 3189 1894 3226 ex
1920 3173 1967 3225 fr

2155 3165 2418 3230 ποθανεῖν,
2451 3164 2668 3218 ἐπειδάν
2713 3167 2776 3218 ὲκ
2813 3165 2910 3234 τῆς
2935 3167 2991 3216 ἐν
3033 3166 3212 3236 μήτρα
3245 3165 3582 3234 θερμότητος
3609 3165 3687 3227 είς

438 3273 568 3327 gorc
589 3260 1026 3330 exstinguantur,
1063 3263 1280 3331 quando
1320 3278 1386 3316 ex
1422 3263 1602 3318 calore
1633 3265 1804 3318 vulva:
1833 3265 1886 3318 in
1925 3265 1970 3320 le

2158 3258 2249 3328 ῇθη
2281 3259 2440 3310 τόπον
2467 3255 2814 3328 προέλθοι.Ἦ
2851 3257 2942 3308 καὶ
2969 3257 3138 3319 οὕτως
3158 3273 3170 3284 ’
3217 3255 3432 3326 Ἐπειδὴ
3463 3259 3690 3308 ἐταπει-

443 3363 570 3402 cum
599 3363 724 3404 aere
753 3358 808 3404 et
836 3361 996 3406 vento
1019 3351 1410 3408 circumfusum
1437 3363 1740 3408 transeunt.
1759 3355 1868 3409 Aut
1889 3357 1968 3409 sic

2153 3347 2283 3418 ,ὒθην
2315 3349 2389 3412 ὡς
2419 3350 2626 3418 νήπιον,
2662 3349 2755 3401 καὶ
2781 3348 2854 3411 ώς
2887 3347 3094 3400 παιδίον
3124 3347 3388 3417 ἐδεξάμην
3411 3347 3510 3418 τὴν
3535 3347 3685 3416 βασι-

440 3441 700 3506 quoniam
741 3437 1062 3496 humiliatus
1107 3457 1228 3494 sum
1257 3443 1398 3497 sicut
1431 3445 1712 3512 parvulus,
1749 3451 1798 3498 et
1847 3460 1972 3514 quas

2155 3439 2257 3492 είαν
2302 3439 2409 3492 τῶν
2458 3438 2720 3509 οὐρανῶν,
2758 3441 2786 3490 ό
2837 3439 3121 3506 φυλάσσων
3168 3437 3234 3490 τά
3273 3439 3443 3508 νήπια
3483 3439 3687 3510 Κύριος

439 3527 620 3584 infans
666 3531 883 3600 suscepi
913 3547 1140 3602 regnum
1165 3533 1452 3600 caalorum,
1487 3535 1578 3604 qui
1611 3535 1847 3590 custodit
1881 3553 1971 3605 par

2152 3531 2276 3583 ςωσέ
2313 3547 2399 3602 με.
2433 3532 2541 3584 Καὶ
2575 3530 2774 3592 ἄλλως’
2807 3530 2944 3594 Τοὺς
2979 3529 3119 3582 κατά
3147 3529 3242 3600 τὴν
3275 3528 3492 3598 ἐντολὴν
3509 3531 3582 3598 Ίη
3591 3529 3684 3582 σοῦ

437 3618 594 3674 vulos
622 3617 886 3676 Dominus
910 3624 1136 3676 salvavit
1177 3639 1283 3678 me.
1329 3625 1448 3678 Alio
1495 3627 1622 3680 item
1650 3628 1814 3682 modo
1853 3644 1866 3680 :
1911 3642 1969 3681 eo

2151 3623 2482 3694 ςπιάζοντας,
2504 3623 2563 3676 τὸ
2587 3623 2924 3694 στραφέντας
2955 3623 3046 3675 καὶ
3069 3623 3143 3684 ὡς
3173 3623 3354 3674 παιδία
3379 3622 3683 3690 γεγονέναι,

438 3709 702 3778 quijuxta
729 3725 1052 3782 praeceptum
1093 3714 1222 3770 Jesu
1247 3715 1450 3772 Christi
1489 3721 1736 3772 conversi
1765 3717 1970 3774 ellieiun

2151 3717 2268 3780 ὺτὺς
2295 3719 2322 3768 ό
2345 3715 2544 3786 Κύριος
2571 3715 2852 3784 φυλάσσει,
2879 3715 2937 3766 τὸ
2961 3715 3126 3784 μήπω
3153 3713 3339 3784 καιρὸν
3367 3712 3510 3782 ἔχειν
3533 3713 3683 3780 ἀγῶ-

437 3809 527 3855 tur
553 3809 614 3854 ut
633 3804 863 3871 parvuli,
889 3805 1004 3874 ipse
1029 3805 1294 3862 Dominus
1325 3807 1563 3862 custodit
1589 3827 1602 3863 :
1642 3819 1694 3864 ct
1719 3811 1846 3878 quia
1873 3825 1969 3864 nor

2153 3825 2214 3870 ig,
2251 3807 2611 3877 ἀπειράστους
2641 3825 2704 3876 τη
2716 3805 2839 3875 ρῶν.
2861 3805 2996 3858 Ἀλλ’
3028 3806 3145 3874 ἐμὲ,
3173 3805 3246 3868 ὼς
3271 3805 3685 3877 ὑπεραναϐεὸη-

437 3893 565 3946 dum
605 3901 817 3962 tempus
859 3894 985 3949 belli
1023 3905 1129 3964 est,
1180 3897 1375 3951 tentari
1419 3913 1528 3952 non
1561 3898 1710 3954 sinit.
1745 3899 1850 3954 Sed
1895 3915 1969 3953 me

2147 3898 2237 3950 ότα
2263 3899 2386 3960 τοὺς
2415 3897 2626 3961 παῖδας,
2666 3897 2753 3950 διὰ
2790 3895 3038 3967 μεγάλων
3061 3894 3400 3958 ταπεινώσας
3427 3893 3679 3964 ἀγώνων,

437 3992 624 4054 utpote
648 3985 742 4054 qui
771 3985 958 4054 pueris
987 3986 1146 4056 longe
1189 3986 1381 4042 fortior
1400 4002 1600 4052 essem,
1633 3991 1844 4058 magnis
1880 4005 1969 4045 cer

1503 4004 1600 4052 3m,
1633 3991 1844 4058 magnis
1880 4005 2003 4045 cer-
2103 3988 2540 4058 ἀκαταγώνιστον
2567 3989 2713 4058 ὅμως
2751 3987 3035 4059 ἐτήρησεν.

435 4073 733 4130 taminibus
778 4076 1092 4142 humilians,
1137 4077 1611 4149 inexpugnabilem
1654 4089 1834 4136 tamen
1871 4098 2002 4138 con-

435 4168 689 4222 servavit.

501 4257 552 4312 7.
587 4257 917 4324 Convertere,
951 4262 1132 4314 anima
1163 4277 1300 4327 mea,
1329 4262 1384 4314 in
1419 4263 1648 4332 requiem
1688 4273 1856 4318 tuam.
1901 4261 2004 4320 Re-

2185 4277 2596 4346 Ἐπίστρεψον,
2625 4277 2663 4344 ἡ
2697 4275 2866 4344 ψυχή
2893 4293 3032 4344 μου,
3066 4277 3153 4340 εὶς
3185 4272 3298 4342 τὴν
3327 4269 3681 4326 ἀνάπαυσίν

432 4347 614 4417 quiem
645 4350 764 4418 ejus
792 4349 924 4404 dicit
958 4366 1223 4420 supernas
1265 4351 1598 4418 mansiones,
1631 4371 1770 4423 quas
1797 4356 1852 4410 in
1879 4373 1964 4412 cer

2149 4387 2233 4422 ου.
2255 4369 2578 4422 Ἀνάπαυσιν
2611 4367 2771 4420 αὑτοῦ
2805 4367 2901 4430 τὰς
2931 4365 3040 4419 ἄνω
3063 4365 3208 4433 λέγει
3233 4364 3418 4435 μονὰς,
3446 4362 3513 4424 ἃς
3539 4361 3681 4414 ἀπο-

429 4439 697 4494 taminum
733 4443 1014 4511 prum-tium
1061 4443 1427 4499 nanciscetur.
1463 4441 1700 4516 Requies
1727 4448 1854 4504 item
1883 4467 1961 4506 an.

2146 4460 2326 4528 ῇψεται
2361 4458 2468 4510 τῶν
2507 4456 2730 4526 ἀγώνων
2773 4458 2851 4520 εἰς
2883 4455 3242 4526 ἀντιμισθίαν.
3263 4454 3593 4515 Ἀνάπαυσις
3627 4451 3678 4504 δ’

429 4546 535 4586 mae
559 4541 644 4587 est
675 4535 1026 4604 temperantia
1065 4551 1096 4589 a
1135 4537 1392 4604 peccatis.

2103 4545 2170 4604 αὖ
2211 4549 2366 4602 πάλιν
2391 4550 2486 4618 τῆς
2517 4548 2690 4618 ψυχῆς
2725 4550 2758 4619 ἡ
2791 4547 2896 4599 τῶν
2935 4547 3346 4616 ἁμαρτημάτων
3377 4545 3580 4614 ἁποχή.

509 4623 563 4688 8,
594 4625 647 4680 9.
679 4625 820 4690 Quia
841 4627 1032 4696 eripuit
1055 4629 1288 4682 animam
1313 4646 1479 4683 meum
1507 4630 1570 4684 de
1592 4645 1776 4700 morte,
1801 4641 1904 4690 etc.
1925 4634 2002 4692 De

2177 4642 2302 4694 ’Ότι
2328 4639 2588 4704 ἑξει’..ὶετο
2617 4639 2731 4705 τὴν
2763 4635 2971 4706 ’ψυχήν
3001 4654 3120 4705 μου
3158 4637 3224 4688 ἐκ
3256 4635 3532 4690 θανάτου.
3564 4635 3679 4689 Θα-

431 4726 608 4772 morte
637 4713 864 4787 peccati,
897 4719 1096 4790 inquit,
1133 4721 1185 4774 in
1217 4737 1381 4791 quam
1421 4732 1669 4780 metuens
1693 4741 1759 4780 ne
1792 4727 1963 4782 decidt

2145 4733 2263 4786 άτου
2303 4731 2400 4802 τῆς
2435 4729 2704 4802 ἁμαρτίας
2745 4727 2929 4798 φησίν·
2973 4729 3030 4782 ὃν
3073 4727 3166 4780 καὶ
3197 4727 3444 4792 δεδοικὼς
3478 4730 3677 4800 μήπως

431 4817 536 4874 ret,
587 4808 1006 4880 collarrymandi
1053 4811 1214 4866 finem
1247 4828 1358 4868 non
1401 4813 1656 4881 faciebat,
1703 4833 1901 4886 rogans
1945 4836 1963 4874 l

2148 4844 2215 4897 ρα
2241 4827 2318 4888 εἰς
2363 4824 2524 4876 αὐτὸν
2556 4821 2880 4892 κατηνέχθη,
2909 4821 2969 4874 οὐ
3003 4819 3234 4892 διέλειπε
3266 4819 3538 4890 δακρύων,
3575 4821 3679 4894 τὴν

430 4898 606 4968 ipsam
645 4899 880 4968 effugere
914 4903 1120 4958 liceret.
1157 4903 1521 4970 Quamobrem
1560 4906 1678 4976 ejus
1725 4911 1910 4978 pedes,
1947 4911 1962 4966 i

2143 4917 2164 4981 Ξ
2191 4915 2351 4970 αὑτοῦ
2395 4913 2569 4986 φυγὴν
2607 4913 2794 4974 αἰτῶν,
2821 4907 2880 4966 οὗ
2909 4911 2972 4983 δὴ
3013 4913 3170 4984 χάριν
3202 4913 3292 4966 καὶ
3317 4913 3364 4964 οἱ
3393 4911 3548 4976 πόδες
3578 4913 3675 4966 αὐ-

431 4999 515 5045 est
576 5007 800 5060 gressus
847 4993 1064 5060 animm,
1109 4997 1252 5065 apud
1299 4995 1469 5051 Deum
1513 4999 1656 5054 firmi
1708 5011 1963 5058 steterunt

2145 5008 2216 5072 οὗ,
2250 5005 2491 5058 τουτέστι
2537 5004 2604 5058 τά
2635 5004 2942 5075 διαϐήματα
2970 5005 3068 5074 τῆς
3101 5004 3297 5074 ψυχῆς,
3323 5004 3380 5056 ἐν
3425 5007 3492 5075 τῇ
3529 5003 3677 5059 κατὰ

432 5082 580 5136 onmi
628 5081 782 5152 lapsu
813 5083 968 5140 liberi
1011 5095 1064 5140 et
1109 5088 1435 5156 superiores.
1485 5089 1778 5162 Regionem
1821 5105 1964 5150 autet

2149 5100 2234 5152 εὸν
2283 5097 2512 5168 ἔστησαν
2559 5097 2764 5160 στάσει,
2803 5095 2999 5160 παντὸς
3025 5096 3236 5150 ὀλίσθου
3267 5097 3542 5168 κρείττους
3581 5117 3677 5168 γε..

429 5173 678 5228 vivorum
736 5185 896 5230 vocat
938 5178 1212 5233 ccelestem
1264 5179 1601 5248 Jerusalem,
1646 5185 1702 5238 in
1745 5203 1852 5256 qua
1904 5205 1960 5258 qt

2143 5192 2334 5262 άμενοι.
2368 5189 2564 5261 Χώραν
2607 5189 2662 5242 δὲ
2695 5189 2907 5254 ζώντων
2933 5188 3028 5260 τὴν
3060 5190 3374 5259 ἑπουράνιόν
3399 5207 3532 5260 φησι
3573 5191 3675 5244 Ἱε-

431 5265 955 5334 δοοιιιιίιιιῐη,1)ουιιι
1020 5283 1412 5341 pugnaverunt,
1475 5285 1659 5345 utpote
1712 5277 1963 5334 fortissim

2145 5280 2403 5351 ουσαλὴμ,
2435 5280 2491 5332 ἐν
2523 5273 2556 5352 ᾗ
2587 5279 2636 5331 οἱ
2669 5279 2809 5332 κατὰ
2843 5279 2974 5334 Θεὸν
3001 5281 3396 5351 ἀγωνισάμενοι
3433 5279 3509 5342 ὡς
3551 5281 3677 5352 ἄρι-

429 5355 688 5421 victores,
713 5359 938 5416 audient
960 5361 1092 5417 illud
1121 5381 1134 5416 :
1158 5361 1324 5433 Euge,
1345 5381 1486 5420 serve
1510 5369 1636 5423 bone
1661 5380 1707 5424 et
1727 5369 1902 5440 ﬁdelis
1927 5373 1961 5405 ²¹

2141 5389 2218 5424 τοι
2251 5369 2530 5442 νικηφόροι
2558 5369 2878 5424 ἀκούσονται
2905 5371 2982 5439 τὸ,
3012 5369 3122 5437 Εὖ,
3158 5371 3340 5428 δοῦλε
3359 5372 3544 5442 ἀγαθὲ
3570 5373 3673 5428 καὶ

2103 5463 2295 5520 πιστέ.

503 5582 550 5614 ⁸⁸
587 5579 722 5639 Gen.
751 5597 832 5649 nt,
877 5582 930 5638 9.
1011 5585 1056 5616 "
1095 5581 1289 5640 Matth.
1319 5601 1445 5656 xxv,
1485 5587 1574 5644 2L

501 5689 612 5760 με)
645 5690 704 5746 tn
739 5691 870 5765 Reg.
901 5669 940 5750 «ι’
972 5679 1087 5753 haec
1120 5697 1376 5756 dicuntur
1409 5699 1620 5762 Didwmi

1409 5699 1620 5762 Didvmi
2163 5709 2184 5732 ‘
2215 5707 2298 5762 An
2331 5706 2741 5778 ἐπεστράφθαιῖ
2763 5707 2917 5764 Εοιτ.
