3880 6216
233 291 344 348 ιτε

578 399 887 456 ΨΑΛΜΟΣ
922 405 1082 458 PI'E'.
1102 403 1472 474 Ἄλληλούιϊι.

314 485 698 556 Ἐπίστευσα,
739 492 829 546 διὸ
874 494 1170 562 ἐλάλησα.
1213 498 1495 570 Εἰρηκώς’
1535 501 1815 556 Ἐπίστευ-

229 597 319 644 σα,
354 579 436 634 διὸ
468 579 727 652 ἐλάλησα,
763 583 838 646 ὡς
873 585 1240 658 εὐαρεστήσας
1261 589 1336 658 τῷ
1370 591 1579 662 Κυρίῳ,
1612 593 1668 644 ὲν
1696 596 1812 657 ταῖς

226 668 343 722 ἅνω
373 673 815 742 παραγενόμενος
843 679 1047 744 μοναῖς,
1077 679 1240 749 φησίν
1262 697 1275 709 ·
1303 681 1378 744 ὡς
1406 683 1503 734 οὐκ
1529 683 1593 736 ἂν
1627 684 1812 736 τοῦτον

229 761 539 834 προσέφερε
573 763 664 815 τὸν
692 765 865 833 λόγον,
901 770 948 820 εί
999 770 1071 841 μὴ
1122 769 1401 842 Θαρρήσας
1446 768 1513 844 ἦν
1553 777 1672 838 ταῖς
1718 775 1811 828 τοῦ

228 848 366 901 Θεοῦ
403 851 784 920 ἐπαγγελίαις*
815 857 870 907 αἱ
899 857 954 908 δὲ
980 853 1119 928 ἦσαν
1149 859 1329 922 ἐλέους
1361 861 1655 930 γέμουσαι·
1687 867 1814 916 Μαι*

232 940 422 1009 κάριοι
456 945 508 996 οὶ
546 946 858 1012 κλαίοντες
878 948 1010 1011 νῦν,
1045 948 1130 1000 ὅτι
1152 951 1317 1003 αὐτοὶ
1342 952 1727 1020 χαρήσονται.
1749 957 1813 1008 Ei

230 1032 284 1084 δὲ
318 1033 547 1104 πλήρεις
578 1031 716 1106 ἦσαν
745 1038 794 1088 oi
843 1038 1108 1110 ὀφθαλμοὶ
1137 1041 1405 1113 δακρύων,
1446 1044 1680 1114 δηλονότι
1714 1047 1813 1117 τὴν

229 1123 550 1191 ἀγαλλίασιν
582 1129 638 1178 ἐν
669 1129 902 1192 ἐκείναις
929 1131 1296 1202 ἀπολήψονται
1329 1137 1446 1198 ταῖς
1478 1141 1682 1205 μοναίς.
1703 1137 1811 1209 Τὴν

225 1214 280 1266 δὲ
342 1215 486 1282 λέξιν
531 1217 735 1299 ταύτην
793 1223 1090 1292 προσφέρει
1135 1225 1438 1294 Κορινθίοις
1497 1230 1524 1279 ὁ
1580 1228 1808 1293 Παῦλος,

228 1305 533 1374 Ἔχοντες,
566 1310 753 1374 εἰπὼν,
794 1313 860 1364 τὸ
910 1314 1056 1367 αὐτὸ
1113 1315 1347 1384 πνεῦμα
1392 1316 1500 1384 τῆς
1531 1320 1808 1386 πίστεως,

225 1398 379 1450 κατὰ
420 1399 506 1462 τὸ,
537 1401 914 1468 Ἐπίστευσα,
951 1405 1040 1457 διὸ
1095 1405 1391 1474 ἐλάλησα.
1427 1408 1654 1476 Καρδίᾳ
1700 1410 1810 1479 γὰρ

226 1492 571 1543 πιστεύεται
611 1495 699 1557 είς
745 1495 1171 1564 δικαιοσύνηνο
1202 1499 1452 1567 στόματι
1490 1500 1558 1552 δὲ
1598 1504 1811 1568 ὁμολο-

226 1581 413 1650 γεῖται
458 1587 546 1650 είς
587 1589 912 1654 σωτηρίαν·
956 1588 1052 1641 καὶ
1091 1589 1260 1658 ἡμεῖς
1304 1593 1686 1661 πιστεύομεν,
1718 1592 1808 1646 διὸ

227 1673 324 1726 καὶ
375 1676 698 1744 λαλοῦμεν.
747 1677 971 1748 Πνεῦμα
1025 1679 1258 1742 πίστεως
1305 1679 1500 1748 λέγων,
1547 1681 1663 1750 ἤτοι
1711 1679 1808 1751 τὴν

1392 292 1759 352 EXPOSlTlO
1803 293 1868 349 IN
1909 293 2238 353 PSALMUM
2277 297 2432 355 CXV.

3379 299 3486 356 ιη

2293 410 2540 467 PSALM
2554 410 2642 467 US
2682 407 2850 467 CXV.
2875 412 3141 468 Alleluia.'

1988 499 2070 554 10.
2115 499 2329 554 Credidi
2356 510 2566 569 propter
2598 500 2735 570 quod
2765 499 2969 552 locutus
3008 515 3144 553 sunt.
3188 496 3484 569 Postquam

1910 592 2048 646 dixit
2094 591 2361 646 :Creditli
2419 605 2637 662 propter
2688 591 2832 661 quod
2890 591 3103 645 locutus
3152 605 3296 653 sum,
3349 605 3483 645 cum

1913 681 2144 735 Domino
2181 683 2492 751 placuisset,
2539 684 2593 736 in
2630 683 2882 752 supernis
2925 681 3302 735 mansionibus
3348 697 3483 735 con-

1913 777 2154 838 stitutus,
2179 775 2253 826 ait
2288 792 2300 826 :
2338 790 2394 827 se
2431 791 2708 843 nunquam
2755 775 2940 828 isthzec
2982 774 3321 842 prolaturum
3354 772 3484 827 fuis-

1911 882 2002 929 se,
2065 865 2169 918 nisi
2234 864 2326 920 Dei
2387 867 2842 935 promissionibus
2907 867 3266 928 contidisset;
3327 873 3484 917 erant

1911 969 2086 1013 autem
2129 960 2232 1014 illa:
2281 960 2661 1014 misericordia
2707 960 2896 1028 plenre,
2933 959 3159 1021 scilicet,
3194 957 3348 1011 Beati
3391 956 3481 1026 qui

1911 1053 2201 1120 nuncﬂent
2233 1053 2476 1121 quoniam
2506 1053 2605 1120 ipsi
2638 1051 2932 1119 gaudebunt
2965 1051 3032 1105 3°.
3071 1049 3226 1115 Quod
3249 1050 3293 1102 si
3335 1048 3481 1102 oculi

1911 1142 2164 1213 Iaerymis
2188 1141 2337 1196 fuere
2374 1143 2538 1211 pleni,
2564 1143 2818 1212 gaudium
2845 1157 2976 1195 sane
3007 1142 3058 1194 in
3094 1142 3199 1194 illis
3244 1139 3480 1193 mansio-

1909 1234 2071 1289 nibus
2102 1236 2401 1304 percepturi
2433 1245 2581 1289 sunt.
2615 1234 2729 1287 Hoc
2751 1251 2913 1303 porro
2940 1235 3144 1287 dictum
3177 1232 3480 1286 Corinthiis

1914 1323 2385 1392 prolertPaulus':
2439 1323 2740 1384 Habentes,
2797 1323 2890 1384 ait,
2945 1321 3179 1374 eumdem
3231 1321 3481 1387 spiritum

1910 1415 2055 1482 ﬁdei,
2117 1417 2399 1468 secundum
2442 1415 2575 1468 illud
2605 1431 2622 1467 :
2661 1413 2896 1475 Credidi,
2925 1421 3134 1481 propter
3171 1410 3308 1480 quod
3333 1409 3482 1461 locu-

1911 1517 1992 1559 tus
2020 1524 2152 1559 sum.
2181 1505 2348 1560 Corde
2363 1509 2497 1558 enim
2527 1507 2762 1558 creditur
2789 1506 2858 1558 ad
2879 1505 3146 1572 justitiam
3167 1519 3183 1554 :
3203 1519 3288 1555 ore
3307 1512 3482 1554 autem

1908 1598 2161 1666 confessio
2201 1598 2256 1665 ﬁt
2305 1599 2373 1650 ad
2407 1597 2676 1663 salutem;
2708 1607 2754 1650 et
2801 1613 2894 1649 nos
2949 1595 3230 1655 credimus,
3269 1603 3483 1660 propter

1908 1689 2045 1758 quod
2074 1699 2122 1743 et
2147 1689 2407 1759 loquimur
2432 1681 2497 1742 “.
2517 1689 2652 1743 Cum
2685 1700 2863 1742 autem
2889 1687 3141 1755 spiritum
3169 1683 3290 1738 ﬁdei
3323 1683 3474 1748 dicit,

227 1763 341 1829 ἕξιν
375 1768 474 1837 τὴν
504 1770 597 1820 ἀπ’
622 1770 792 1840 αὐτῆς
823 1773 1198 1843 ἐγγινομένην,
1235 1773 1350 1845 ἢτὸ
1376 1775 1806 1846 ἐπιχορηγούμε-

1921 1785 2000 1829 tut
2029 1777 2268 1847 ejusdem
2311 1778 2432 1830 lidci
2474 1777 2717 1831 habitum
2757 1776 3030 1845 intelligit,
3085 1782 3179 1828 aut
3223 1772 3479 1842 spiritum

227 1873 317 1908 νον
350 1859 413 1910 ὲκ
446 1859 580 1912 Θεοῦ
606 1861 682 1931 τῷ
713 1863 894 1916 πίστιν
918 1864 1092 1934 ἔχοντι
1118 1866 1352 1936 πνεῦμα.
1379 1869 1595 1938 Συνᾲδει
1625 1868 1678 1920 δὲ
1703 1868 1800 1938 τῷ·

239 1945 621 2012 Ἐπίστευσα,
650 1949 739 2002 διὸ
767 1951 1062 2019 ἐλάλησα,
1083 1954 1320 2008 τοιοῦτον
1339 1955 1431 2008 καὶ
1456 1956 1532 2008 τὸο
1569 1955 1803 2025 Ἐὰν·μὴ

227 2037 614 2105 πιστεύσητε,
646 2039 770 2093 οὐδ’
798 2043 868 2095 οὐ
905 2041 990 2110 μὴ
1029 2041 1283 2110 συνῆτε.
1315 2045 1536 2115 Πρῶτον
1564 2044 1804 2097 πιστεύει

225 2143 332 2193 τις,
375 2123 492 2182 εἶτα
523 2135 715 2196 συνιεῖ,
740 2134 831 2186 καὶ
859 2133 994 2203 μετὰ
1016 2134 1185 2187 ταῦτα
1212 2135 1517 2188 λαλεῖ.Ὂτε
1545 2136 1620 2201 δὲ,
1649 2135 1804 2207 φησὶ,

227 2218 527 2283 πιστεύσας
549 2221 785 2292 ἐλάλησα
811 2224 1040 2293 μεγάλα,
1071 2226 1191 2278 τότε
1231 2227 1392 2297 μηδὲν
1426 2227 1660 2295 ἐμαυτὸν
1685 2225 1808 2280 ἰδὼν

225 2309 630 2380 ὲταπεινώθην
656 2316 908 2382 σφόδρα.
947 2317 1197 2369 Τοιοῦτον
1227 2318 1286 2369 τὸ
1315 2317 1405 2370 τοῦ
1446 2319 1690 2370 Ἰωάννου
1720 2335 1809 2370 πε-

227 2403 282 2471 ρὶ
307 2403 402 2454 τοῦ
436 2405 608 2474 Ἰησοῦ
630 2425 641 2435 ε
675 2407 932 2460 Ἐκεῖνον
961 2407 1050 2462 δεῖ
1081 2409 1384 2474 αὐξάνειν,
1416 2409 1520 2478 ἐμὲ
1545 2409 1611 2461 δὲ
1636 2411 1808 2462 ἐλειτ-

225 2494 838 2551 τοῦσθαι.Ὴλαττοῦτο
883 2500 1010 2570 γὰρ,
1060 2501 1158 2553 οὐκ
1204 2500 1490 2553 ἀποϐαλών
1537 2518 1586 2552 τι
1635 2496 1803 2570 οὗπερ

226 2580 340 2654 εἶχε
379 2587 672 2656 μεγέθους-
705 2590 1126 2662 ἀντιπαραθέτει
1160 2592 1215 2643 δὲ
1243 2593 1340 2660 τῆς
1374 2591 1495 2644 καθ’
1536 2591 1806 2662 ὑπεροχὴν

227 2674 464 2743 Χριστοῦ
487 2677 827 2742 διδασκαλίας
853 2682 944 2732 καὶ
973 2681 1262 2743 πολιτείας.
1283 2680 1437 2733 Οὕτω
1459 2679 1550 2732 νῦν
1576 2681 1652 2741 τὸ,
1678 2681 1808 2732 ἐτα-

225 2765 544 2833 πεινώθην,
581 2769 640 2820 ού
677 2772 814 2822 κατᾶ
849 2769 1014 2839 ὕψους
1061 2771 1346 2841 ἀραίρεσιν
1397 2766 1569 2834 εἶπεν,
1601 2769 1714 2822 ἀλλ’
1741 2771 1804 2822 ὲκ

226 2857 326 2926 τῆς
359 2857 600 2927 μείζονος
632 2859 663 2929 ἢ
690 2861 808 2913 καθ’
837 2862 1024 2914 ἑαυτὸν
1057 2862 1307 2933 Θεωρίας.

1907 1884 1972 1922 ex
2000 1868 2109 1922 Deo
2135 1869 2181 1922 ei
2215 1871 2306 1938 qui
2357 1868 2513 1922 [idem
2546 1869 2725 1934 habet,
2765 1869 2972 1922 datum.
3011 1865 3260 1920 Concinit
3301 1872 3481 1916 autem

1909 1961 2039 2015 huic
2063 1962 2204 2014 dicto
2239 1979 2251 2014 :
2288 1960 2500 2014 Credidi
2531 1970 2741 2030 propter
2769 1960 2906 2029 quod
2940 1960 3146 2012 locutus
3183 1973 3319 2018 sum,
3349 1951 3481 2006 illud

1909 2063 2123 2116 quoque
2145 2047 2344 2102 dictum
2381 2067 2392 2101 :
2434 2047 2556 2101 Nisi
2587 2049 2936 2110 credideritis,
2959 2064 3059 2100 non
3086 2045 3387 2114 intelligetis
3411 2042 3478 2092 ³⁸.

1909 2136 2148 2218 Primum
2179 2140 2303 2208 quis
2338 2140 2527 2204 credit,
2558 2151 2741 2210 postea
2780 2140 3049 2208 intelligit,
3079 2154 3141 2191 ac
3175 2137 3368 2191 deinde
3399 2134 3484 2188 lo-

1909 2229 2113 2298 quitur.
2177 2230 2314 2283 Cum
2377 2240 2582 2295 autem,
2636 2232 2834 2300 inquit,
2896 2240 3186 2299 postquam
3248 2224 3480 2289 credidi.

1912 2333 2106 2387 magna
2141 2319 2354 2374 loeutus
2382 2337 2523 2386 smn,
2560 2330 2687 2375 tunc
2730 2321 2918 2374 videns
2955 2335 3039 2373 me
3081 2318 3211 2372 nihil
3241 2316 3486 2372 esscrltu-

1910 2409 2150 2462 miliatus
2199 2427 2314 2462 sum
2362 2413 2538 2464 nimis.
2595 2413 2782 2465 Simile
2835 2420 2917 2465 est
2955 2410 3092 2464 illttd
3137 2407 3363 2464 Joannis
3417 2406 3483 2458 de

1909 2498 2034 2554 Jesu
2087 2502 2358 2571 loquentis
2401 2522 2412 2556 :
2461 2503 2624 2556 Illum
2667 2512 2865 2570 oportet
2908 2517 3153 2563 crescere,
3201 2515 3280 2551 me
3309 2508 3484 2549 autent

1910 2592 2096 2643 minui.
2135 2593 2179 2622 ⁸³
2213 2592 2554 2648 Minuebatur
2594 2595 2736 2646 enim
2785 2609 2890 2645 non
2938 2591 3080 2660 quod
3106 2591 3183 2643 vel
3211 2588 3482 2642 tantillum

1911 2683 2300 2748 magnitudinis
2331 2701 2442 2739 sua:
2483 2685 2748 2738 amitteret
2784 2702 2797 2750 ;
2835 2684 2928 2738 sed
2969 2686 3022 2736 in
3065 2680 3485 2750 comparatione

1910 2773 2378 2829 excellentissime
2403 2777 2607 2829 Christi
2641 2776 2906 2829 doctrina:
2928 2791 2991 2827 ac
3024 2769 3478 2828 conversationis.

1908 2861 1984 2916 Ita
2007 2882 2223 2935 quoque
2242 2885 2386 2921 nunc
2406 2868 2877 2933 illud,ltumiliatus
2896 2885 3032 2931 sum,
3053 2882 3158 2920 non
3180 2864 3482 2920 secundum

225 2949 520 3017 quamdam
591 2954 922 3009 celsitudinis
972 2971 1084 3010 sua:
1128 2955 1513 3010 detractionem
1578 2954 1846 3024 inteliigit,
1909 2959 2004 3012 sed
2053 2977 2117 3014 ex
2162 2963 2354 3032 majori
2397 2979 2558 3032 quam
2606 2980 2705 3032 pro
2768 2963 3023 3018 facultate
3066 2963 3184 3032 ejus
3237 2959 3487 3029 specula-

228 3038 398 3093 tione.

309 3129 458 3201 Ἐγὼ
491 3131 558 3185 δὲ
584 3129 721 3188 εἶπα
745 3134 814 3188 ἐν
845 3135 919 3204 τῇ
949 3136 1232 3191 ἐκστάσει
1259 3155 1378 3206 μου
1402 3154 1415 3167 ⁸
1443 3135 1566 3202 Πᾶς
1595 3135 1810 3204 ᾶνθρω·
1834 3143 1876 3200 C

226 3237 344 3288 ,πος
388 3226 677 3292 ¹ςᾷπεύστης.
717 3227 1031 3297 Γενόμενος,
1083 3229 1267 3298 φησὶν,
1317 3229 1456 3297 ὑπὲρ
1503 3228 1806 3298 ἄνθρωπον,

228 3315 411 3368 πάντα
433 3324 500 3368 τὰ
524 3317 838 3389 ἀνθρώπινα
861 3319 1198 3390 ἐξηυτέλισα,
1218 3319 1281 3370 'll
1306 3319 1414 3390 γὰρ
1440 3319 1689 3382 ἔκστασις
1713 3319 1810 3388 τὴν

225 3403 514 3460 ἀλλοίωσιν
545 3409 816 3478 ϐημαξνει.
843 3410 1115 3481 Εἰρηκὼς,
1147 3411 1332 3480 φησὶν,
1361 3410 1436 3472 ὼς
1467 3409 1810 3477 Εὺαρεστή-

229 3513 317 3550 σω
346 3496 562 3566 Κιερίῳ,
595 3497 711 3553 εἶτα
755 3500 928 3564 εἰδὼς,
969 3500 1043 3563 ὡς
1076 3503 1184 3563 πᾶς
1217 3500 1501 3569 ἅνθρωπος
1531 3499 1768 3570 ψεύστης
1793 3516 1806 3529 °

230 3587 480 3658 λογισμο)⁴
527 3589 634 3660 γὰρ
677 3591 974 3663 ἀνθρώπων
1024 3591 1214 3644 δόλιον
1249 3591 1440 3644 τούτου
1485 3592 1643 3664 χάριν
1688 3593 1812 3644 ὲτα-

231 3679 451 3732 πείνουν
496 3681 688 3735 ἑαυτὸν
733 3684 826 3736 καὶ
880 3682 1336 3755 ἐοκληραγώγουν
1387 3688 1504 3747 ταῖς
1564 3700 1809 3737 κακοπα-

232 3766 423 3833 θείαις,
466 3771 658 3840 μήπως
684 3772 781 3840 τῆς
804 3773 1057 3842 τοιαύτης
1085 3773 1300 3824 ἐκπέσω
1337 3772 1598 3834 στάσεως.

308 3862 506 3930 Τίμιος
543 3863 821 3915 ἐναντίον
860 3863 1084 3932 Κυρίου
1120 3867 1152 3917 ό
1193 3863 1446 3929 θάνατος
1486 3863 1605 3916 τῶν
1629 3865 1814 3917 ὁσίων

231 3953 642 4024 αὑτοῦ.”Αλλη,
684 3956 866 4024 φησὶν,
907 3957 1006 4008 ούκ
1048 3956 1199 4008 ἔσται
1238 3959 1369 4026 ἡμῖν
1404 3957 1604 4027 ἀμοιϐὴ
1633 3951 1708 4009 ὧν
1740 3958 1816 4009 εί-

231 4043 487 4114 λήφαμεν
519 4044 668 4116 παρὰ
699 4045 854 4110 Θεοῦ,
885 4048 916 4118 ἢ
961 4047 1099 4117 ὑπὲρ
1124 4047 1286 4100 αὑτοῦ
1315 4049 1601 4118 ὑπομεῖναι
1642 4047 1812 4100 Θάνα-

231 4153 342 4199 τον,
374 4136 468 4188 καὶ
495 4137 664 4210 ταύτῃ
699 4139 978 4208 μιμεῖσθαι
1012 4139 1101 4190 τὸν
1145 4138 1350 4191 ἑαυτῶν
1380 4139 1674 4210 Δεσπότην.
1709 4135 1814 4193 Οὗ-

230 4245 320 4292 τος
368 4227 425 4282 δὲ
472 4229 532 4300 δὴ
579 4231 608 4282 ὁ
647 4230 876 4293 θάνατος
917 4229 1150 4283 καὶτῶν
1187 4230 1393 4303 σφόδρα
1435 4231 1630 4301 τιμίων
1662 4231 1813 4285 ἔσται

233 4318 387 4389 παρὰ
417 4318 553 4390 Θεῷ.

302 4405 373 4464 Ὦ
406 4409 602 4478 Κύριε,
646 4411 759 4480 ἐγὼ
800 4411 1020 4477 δοῦλος
1051 4412 1164 4476 σὸς
1189 4413 1288 4466 καὶ
1326 4414 1454 4478 υίὸς
1483 4412 1594 4482 τῆς
1618 4415 1814 4468 παιδί-

231 4515 394 4567 σκης
426 4514 558 4554 σου.
595 4501 820 4572 Θαρρῶν
868 4501 1050 4554 δοῦλον
1099 4503 1287 4555 ἑαυτὸν
1339 4500 1475 4556 εἷναί
1509 4522 1638 4575 φησι
1676 4506 1814 4559 κατὰ

232 4592 327 4644 τὸν
358 4591 654 4645 ἀπόστολον
678 4609 688 4622 °
721 4593 1010 4662 παιδίσκης
1039 4593 1094 4646 δὲ
1117 4595 1250 4660 υἱὸν,
1283 4595 1381 4665 τῆς
1405 4597 1672 4666 προτέρας
1699 4600 1813 4650 εἰσ-

232 4684 460 4754 αγωγῆς
492 4685 590 4753 τῆς
617 4683 706 4736 διὰ
733 4685 898 4754 νόμου
929 4687 1114 4755 φησίν.

304 4775 626 4844 Διέρῤ-ηξίις
675 4775 818 4842 τοὺς
865 4775 1126 4845 δεσμούς
1166 4795 1307 4847 μου.
1338 4779 1444 4831 Καὶ
1486 4780 1630 4843 τίνες
1655 4781 1702 4833 oi
1734 4779 1818 4832 δε-

236 4867 370 4937 σμοὶ
396 4867 428 4938 ἢ
454 4869 503 4919 οἱ
534 4865 632 4936 τῆς
660 4868 951 4938 ἁμαρτίας,
981 4867 1121 4920 κατὰ
1147 4869 1208 4921 τὸ
1237 4870 1522 4940 εἰρημένον
1542 4887 1555 4900 ·
1589 4870 1816 4938 Σειραῖς

236 4957 352 5028 τὰρ
417 4958 632 5011 ἑαυτοῦ
675 4957 972 5028 ἁμαρτιῶν
1020 4959 1276 5024 ἕκαστος
1315 4961 1660 5030 σφίγγετακ
1715 4963 1816 5016 Σοὶ

238 5049 408 5104 θύσω
436 5049 655 5102 θυσίαν
679 5048 1085 5115 αἱνέσεως.⁹Ως
1134 5051 1192 5104 ὲν
1238 5055 1485 5122 προκοπῇ
1531 5054 1816 5122 γενόμενος

238 5140 340 5204 τὰς
383 5139 482 5209 μὲν
521 5139 588 5192 δι’
622 5141 868 5210 αἱμάτων
917 5145 1277 5212 παραιτεῖται,
1309 5144 1405 5207 τὰς
1453 5144 1508 5196 δὲ
1561 5146 1816 5208 αἰνέσεως

240 5230 510 5284 ὲπιτελεῖν
537 5231 926 5301 ἐπαγγέλλεται
937 5271 969 5301 ..

317 5323 430 5387 Τὰς
454 5321 640 5392 εὐχάς
677 5342 796 5392 μου
835 5324 918 5390 τῷ
949 5325 1142 5394 Κυρίῳ
1167 5326 1474 5380 ἀποδώσω.
1504 5327 1680 5397 noxa;
1721 5329 1815 5392 τὰς

243 5414 576 5483 ἐπαγγελίας
609 5416 761 5486 φησί.
790 5417 854 5469 Τί
884 5417 938 5469 δὲ
971 5417 1353 5488 ἐπηγγείλατο,
1388 5418 1444 5487 ἢ,
1472 5418 1532 5470 τὸ
1560 5419 1815 5489 ποτήριον

240 5503 337 5560 τεῦ
361 5506 564 5577 Κυρίου
599 5506 799 5572 λαϐὼν,
831 5507 1203 5562 ἐπικαλεῖσθαι
1235 5508 1398 5562 αὐτοῦ
1423 5509 1483 5562 τὸ
1513 5509 1712 5580 ὂνομα;
1751 5511 1812 5563 '0

321 5681 367 5713 ³⁸
393 5679 582 5736 Matth.
615 5699 666 5745 ν,
693 5683 742 5737 5.

822 5682 932 5753 ",Il
959 5683 1081 5741 Cor.
1120 5699 1192 5752 Iv,
1233 5684 1319 5754 l5;
1354 5682 1508 5739 Rom.
1547 5700 1600 5750 x,
1638 5681 1721 5739 10.
1766 5683 1808 5716 ³¹
1845 5683 1951 5742 lsa.
1980 5697 2077 5748 vn,
2100 5680 2152 5736 9.
2225 5681 2269 5714 ⁸³
2307 5678 2458 5735 Joan.
2491 5695 2574 5744 ut.
2607 5680 2660 5734 5.

1982 3135 2066 3189 Η.
2112 3134 2224 3204 Ego
2265 3135 2378 3188 dixi
2408 3137 2459 3188 in
2504 3150 2716 3188 excessu
2757 3151 2868 3188 meo
2896 3151 2912 3188 :
2941 3133 3124 3189 Omnis
3155 3133 3307 3186 homo
3338 3148 3483 3185 men-

1909 3228 2033 3280 dam.
2061 3225 2234 3296 Supra
2259 3227 2532 3279 hominem
2559 3228 2804 3288 eﬂ‘ectus,
2825 3226 3018 3295 inquit,
3043 3225 3223 3278 omnia
3248 3225 3483 3278 humana

1910 3302 2035 3372 vilia
2082 3329 2134 3373 et
2181 3319 2390 3386 abjeeta
2424 3333 2544 3371 esse
2572 3319 2722 3371 duxi.
2753 3317 2884 3370 Nam
2932 3332 3188 3370 excessus
3230 3317 3486 3368 immuta-

1912 3413 2110 3464 tionem
2145 3410 2432 3479 signiticet.
2465 3408 2754 3480 Postquam
2790 3409 3054 3470 dixeram,
3101 3407 3276 3475 inquit
3310 3424 3323 3462 :
3359 3405 3488 3459 Pla-

1911 3504 2029 3554 θείω
2066 3501 2308 3565 Domino,
2342 3501 2536 3555 deinde
2565 3500 2754 3554 videns
2787 3514 3002 3552 omnem
3033 3499 3302 3551 hominem
3335 3513 3488 3552 men-

1910 3591 2098 3645 dacem
2145 3609 2262 3646 esse
2309 3610 2322 3645 :
2369 3607 2490 3644 nam
2542 3592 2898 3659 cogitationes
2951 3590 3231 3643 hominum
3287 3589 3488 3643 dolosa:

1912 3694 2077 3748 sunt;
2112 3685 2230 3736 ideo
2259 3684 2636 3751 memetipsum
2685 3681 3064 3744 humiliabam,
3099 3692 3150 3734 et
3185 3695 3272 3734 me
3309 3694 3488 3735 mace-

1911 3775 2214 3829 rationibus
2245 3773 2566 3842 allligebam,
2605 3787 2667 3824 ne
2705 3773 2773 3824 ab
2800 3773 2890 3824 illo
2917 3779 3060 3825 statu
3090 3771 3377 3824 dilaberer.

1987 3863 2071 3916 15.
2117 3861 2358 3915 Pretiosa
2383 3866 2434 3914 in
2469 3871 2743 3930 conspectu
2771 3861 2984 3913 Domini
3009 3877 3148 3913 mors
3183 3871 3488 3915 sanctorum

1912 3954 2045 4023 ejus.
2075 3953 2214 4018 Alia,
2244 3953 2440 4020 inquit,
2478 3953 2783 4014 retributio,
2815 3951 2968 4003 nobis
3001 3966 3104 4003 non
3139 3951 3241 4003 erit
3265 3965 3364 4018 pro
3389 3951 3488 4004 bo-

1914 4047 2001 4100 nis
2046 4061 2164 4115 qua:
2215 4045 2524 4113 accvpimus
2559 4059 2588 4096 a
2618 4042 2746 4104 Deo,
2781 4043 2882 4096 nisi
2914 4043 3057 4111 quod
3093 4058 3187 4111 pro
3222 4043 3312 4095 illo
3343 4057 3489 4096 mor—

1915 4146 2020 4191 tem
2048 4137 2438 4200 sustineamus,
2471 4142 2630 4203 atque
2664 4133 2737 4186 ita
2768 4132 3056 4187 Dominum
3086 4141 3330 4186 nostrum
3365 4133 3488 4185 imi-

1915 4237 2111 4282 temur.
2141 4226 2266 4281 Ηωο
2319 4236 2496 4280 autem
2545 4241 2692 4279 mors
2739 4226 2891 4280 valde
2935 4225 3173 4294 pretiosa
3213 4225 3318 4278 erit
3345 4225 3488 4295 apud

1916 4317 2107 4372 Deum.

1991 4411 2074 4466 16.
2121 4411 2164 4466 0
2187 4410 2424 4472 Domine,
2442 4426 2534 4479 ego
2556 4424 2730 4462 servus
2756 4417 2874 4460 tuus
2899 4417 2944 4460 et
2967 4406 3109 4475 ﬁlius
3128 4405 3336 4459 ancillae
3359 4415 3482 4462 tute.

1845 4482 1889 4536 D
1919 4504 2052 4558 Cum
2099 4504 2292 4557 fiducia
2345 4516 2464 4556 sese
2497 4515 2711 4556 servum
2747 4499 2894 4564 dicit,
2928 4498 3222 4551 secundum
3257 4496 3487 4564 Aposto-

1919 4595 2029 4648 lum
2063 4611 2075 4646 :
2111 4593 2321 4646 ancilla:
2362 4600 2538 4644 atttem
2567 4589 2762 4654 ﬁliuni,
2791 4588 3020 4657 loquens
3049 4585 3116 4640 de
3163 4586 3342 4655 priore
3384 4585 3489 4638 ini-

1920 4683 2140 4736 tiatione
2169 4697 2264 4750 per
2296 4681 2465 4748 legem
2500 4680 2658 4732 facta.

1994 4773 2080 4827 17.
2124 4772 2386 4840 Dirupisti
2437 4769 2643 4824 tincula
2689 4784 2824 4822 mea.
2858 4765 2925 4820 Et
2962 4781 3081 4836 qua:
3113 4765 3346 4830 vincula,
3381 4765 3488 4820 nisi

1921 4864 2146 4934 peccati,
2175 4863 2328 4931 juxta
2355 4863 2558 4914 dictum
2593 4861 2765 4914 illud:
2810 4858 3042 4912 Vinculis
3083 4859 3218 4911 enim
3251 4866 3486 4926 peccato-

1922 4973 2038 5008 rum
2066 4970 2280 5008 διιοιιιιη
2308 4955 2658 5022 unusquisque
2681 4953 3056 5021 constringitur
3073 4951 3142 5002 3‘?
3170 4950 3283 5004 Tibi
3323 4951 3489 5004 sacri-

1919 5048 2087 5116 ﬁcabo
2139 5046 2365 5099 hostiam
2405 5044 2597 5096 laudis.
2638 5043 2804 5108 Quasi
2837 5043 2889 5095 in
2923 5041 3250 5110 profectuct
3287 5041 3493 5108 majore

1863 5149 1872 5159 ’
1918 5138 2264 5208 perfectione,
2298 5135 2560 5190 sacrilicia
2593 5151 2688 5203 per
2713 5134 3029 5203 sanguinem
3055 5140 3288 5198 recusat,
3323 5131 3490 5186 sacri~

1919 5231 2039 5284 licia
2079 5243 2207 5283 vero
2241 5228 2414 5281 laudis
2446 5227 2751 5282 oblaturum
2781 5241 2838 5280 se
2863 5225 3150 5294 promittit.

1992 5323 2077 5375 17.
2131 5321 2259 5375 Vota
2295 5337 2408 5373 mea
2436 5320 2658 5373 Domino
2695 5320 2931 5373 reddant.
2969 5317 3124 5383 Vota,
3153 5315 3206 5369 id
3246 5322 3328 5368 est
3361 5329 3489 5383 pro-

1922 5414 2229 5468 missiones.
2256 5413 2396 5478 Quid
2439 5400 2617 5466 autem
2649 5411 2918 5481 promisit,
2955 5409 3058 5462 nisi
3091 5407 3233 5478 quod
3269 5415 3488 5474 accepto

1922 5507 2088 5564 calice
2114 5505 2348 5572 Domini,
2377 5505 2723 5560 invocaturus
2751 5511 2895 5558 esset
2920 5515 3116 5555 nomen
3151 5499 3300 5570 ejus?
3329 5496 3485 5566 Quod

2741 5677 2781 5709 ³³
2822 5675 2979 5730 Prov.
3014 5690 3066 5738 ν,
3107 5673 3197 5748 22.
