3880 6216
347 246 450 303 ιτς

1232 239 1292 296 S.
1329 237 1704 296 ATHANASII
1741 236 1893 294 OPP.
1935 235 2115 292 PARS
2154 235 2239 290 Ill.
2281 265 2351 275 —
2385 232 2794 290 EXEGETICA.

3498 237 3615 294 67G

347 368 566 427 tactam,
599 360 804 431 inquit,
829 375 956 415 cum
1001 358 1055 413 in
1089 357 1286 413 divinis
1310 359 1450 413 aulis
1477 374 1606 426 ero;
1639 359 1688 414 id
1721 366 1806 415 est
1859 359 1912 412 in
1942 361 1965 420 λ

2060 329 2370 426 αι’ποιήσω,
2403 353 2589 424 φησὶν,
2625 352 2841 406 ἐπειδὰν
2871 353 2928 404 ὲν
2959 354 3080 415 ταῖς
3112 351 3487 419 θείαιςοαὺλαῖς
3512 374 3617 426 γε-

347 451 592 507 Erclesi'a
630 450 855 518 Christi,
890 451 975 506 vel
1003 449 1058 504 in
1093 465 1328 520 superna
1354 449 1674 506 Jerusalem.

700 631 950 685 Alleluia.
992 629 1332 686 PSALMUS
1370 631 1464 686 CX
1481 630 1575 684 VI.

423 724 473 788 1,
505 723 559 777 2.
602 723 840 776 Landate
868 722 1174 789 Dominum,
1199 739 1374 776 omnes
1408 733 1648 793 gentes...
1679 724 1927 793 quoniam

351 815 665 883 conﬁrmata
687 824 763 868 est
793 830 948 883 super
975 831 1067 868 nos
1096 815 1462 868 misericordia
1490 813 1926 886 ejus.Nunquam

351 916 537 976 gentes
588 909 750 962 talem
800 909 1156 962 mutationem
1202 909 1411 977 experti
1442 908 1694 975 fuissent,
1730 909 1925 978 inquit,

351 998 460 1053 nisi
506 1000 772 1067 peccatis.
802 1001 1005 1054 nostris
1057 1001 1284 1054 validior
1323 1000 1516 1055 fuisset
1558 1002 1928 1058 misericordia

351 1089 469 1145 Dei.
501 1089 572 1143 Et
595 1092 787 1144 veritas
813 1090 1025 1145 Domini
1073 1100 1244 1146 manet
1283 1094 1335 1146 in
1378 1103 1651 1149 wternum.
1687 1093 1927 1149 Salutem

350 1179 497 1233 enim
530 1180 676 1234 dedit
705 1196 868 1250 quam
895 1196 989 1249 per
1013 1192 1232 1236 sanctos
1257 1184 1546 1252 prophetas
1585 1185 1928 1252 promiserat.

352 1267 410 1323 Id
457 1280 512 1325 et
551 1271 743 1328 beatus
775 1272 998 1340 Paulus,
1025 1275 1244 1328 ordiens
1280 1275 1490 1330 litteras
1524 1276 1593 1330 ad
1627 1276 1927 1343 Romanos,

353 1360 430 1414 ait
463 1376 478 1414 :
515 1361 719 1417 Paulus
762 1381 938 1419 servus
972 1363 1098 1418 Iesu
1141 1366 1360 1430 Christi,
1386 1379 1596 1421 vocatus
1623 1368 1929 1438 Apostolus,

352 1463 654 1522 segregatus
687 1455 741 1506 in
771 1453 1110 1525 Evangelium
1141 1453 1258 1522 Dei,
1290 1457 1427 1526 quod
1462 1468 1583 1511 ante
1619 1460 1932 1528 promiserat

354 1557 446 1610 per
465 1544 744 1612 praphetas
765 1561 887 1598 suos
916 1546 972 1598 in
996 1545 1286 1615 Scripturis
1317 1549 1511 1601 sanctis
1532 1548 1596 1602 ⁸⁵.
1613 1548 1678 1602 Et
1694 1550 1886 1604 iterum
1915 1568 1928 1605 :

355 1633 488 1688 Dico
519 1633 786 1690 Christum
812 1635 997 1691 Jesum
1026 1640 1327 1692 ministrum
1364 1641 1526 1709 fuisse
1567 1643 1930 1698 circumcisio-

356 1725 439 1777 nis
469 1735 680 1795 propter
724 1729 998 1782 veritatem
1036 1727 1152 1796 Dei,
1184 1729 1252 1782 ad
1289 1731 1680 1799 conﬁrmandos
1706 1736 1936 1803 promis-
1967 1710 2010 1764 Β

355 1816 527 1868 siones
551 1825 763 1883 patrum
791 1833 809 1869 :
836 1826 1011 1887 gentes
1049 1829 1224 1872 autem
1259 1836 1415 1889 super
1445 1822 1806 1876 misericordia
1845 1825 1940 1878 ho-

355 1922 548 1959 norare
586 1907 836 1963 Deum“.
884 1908 1115 1974 Quando
1162 1911 1329 1980 igitur
1374 1912 1750 1968 universorum
1797 1915 1939 1972 Deus

357 1997 603 2068 implevit
642 2001 1058 2070 promissioues,
1089 2011 1143 2058 et
1194 2005 1424 2059 salutem
1471 2021 1635 2074 quam
1667 2006 1940 2075 pollicitus

355 2101 442 2146 est
468 2091 637 2158 dedit,
665 2109 729 2148 ac
771 2094 1162 2150 misericordiae
1205 2095 1383 2152 fontes
1411 2098 1623 2167 aperuit
1650 2099 1937 2164 onmibus;

356 2193 412 2237 et
459 2198 554 2238 vos
597 2185 690 2254 qui
737 2201 803 2241 ex
849 2185 1052 2243 Iudaeis
1096 2191 1462 2258 processistis,
1495 2199 1551 2246 et.
1593 2207 1690 2246 vos
1739 2192 1834 2262 qui
1873 2207 1940 2247 ex

359 2274 613 2345 gentibus
643 2278 974 2346 credidistis,
1003 2281 1302 2338 concordes
1332 2283 1564 2353 hymnos
1589 2285 1943 2340 commiscen-

358 2375 463 2433 tes,
496 2367 739 2425 benelico
768 2371 940 2426 vicem
975 2371 1204 2428 reddite.

691 2627 944 2683 Alleluia.
987 2630 1326 2689 PSALJIUS
1366 2633 1610 2692 CIV”.

949 2724 1349 2793 Argumentum.

361 2803 597 2862 Docetur
617 2825 792 2866 novus
814 2815 1048 2882 populus
1070 2817 1407 2886 compositus
1431 2835 1496 2874 ex
1521 2819 1725 2878 Judzeis
1747 2831 1800 2878 et
1821 2838 1949 2894 gen-

432 2899 599 2965 tibus,
633 2918 802 2957 unum
827 2906 1004 2959 solum
1034 2917 1286 2976 oportere
1309 2912 1692 2968 auxiliatorem
1731 2915 1949 2972 invoca-

2026 446 2217 516 νοίμην
2238 463 2252 475 ·
2293 445 2392 516 τὴν
2429 443 2753 515 Ἐκκλησίαν
2797 443 3058 514 Χριστοῦ,
3091 443 3124 514 ἢ
3153 443 3251 515 τὴν
3282 447 3617 518 ἐπουράνιον

2039 538 2413 611 Ἰερουσαλήμ.

2347 628 2720 695 Ἀλληλούϊα.
2758 629 3067 711 ΨιξΛΜΟΣ
3098 626 3176 681 ΡΙ
3184 629 3240 695 C.’
3239 634 3273 682 '.

2098 721 2325 777 Αἰνεῖτε
2355 721 2464 774 τὸν
2503 719 2744 788 Κύριον,
2773 719 2968 775 πάντα
3000 721 3073 773 τὰ
3094 722 3305 789 ἔθνη...
3325 720 3415 775 ὅτι
3435 722 3618 789 ἐκρα-

2029 814 2242 883 ταιώθη
2294 814 2360 868 τὸ
2411 815 2584 879 ἕλεος
2628 812 2814 867 αὐτοῦ
2855 812 2948 882 ἐφ’
2982 811 3161 882 ἡμᾶς.
3190 813 3304 866 Οὑκ
3331 812 3419 877 ἂν,
3451 814 3614 882 φησὶ,

2028 909 2127 979 τῆς
2157 908 2414 978 τοιαύτης
2445 905 2745 976 μεταϐολῆς
2767 903 3029 975 ἐτύγχανε
3055 903 3123 956 τὰ
3152 903 3300 974 ἔθνη,
3323 905 3370 956 εί
3395 903 3469 974 μὴ
3492 905 3619 956 ἐπι-

2030 997 2394 1069 κρατέστερον
2427 996 2534 1050 τῶν
2567 997 2849 1068 ἡμετέρων
2897 996 3176 1069 ἁμαρτιῶν
3211 997 3274 1050 τὸ
3301 996 3447 1060 ἔλεος
3493 998 3619 1065 ἐγέ-

2030 1105 2151 1143 νετο
2175 1087 2270 1140 τοῦ
2297 1087 2452 1140 Θεοῦ.
2481 1085 2592 1143 Καὶ
2618 1088 2656 1155 ἡ
2680 1086 2928 1155 ἀλήθεια
2956 1086 3179 1154 Κυρίου
3198 1085 3367 1156 μένει
3392 1089 3480 1151 είς
3506 1085 3620 1139 τὸν

2030 1178 2249 1232 αἰῶναο
2281 1180 2347 1250 ἢν
2375 1178 2483 1249 γὰρ
2513 1177 2600 1231 διὰ
2647 1178 2755 1230 τῶν
2802 1177 2971 1246 ἁγίων
3011 1177 3304 1248 προφητῶν
3346 1176 3620 1246 ὑπέσχετο

2030 1270 2230 1324 δέδωκε
2257 1270 2551 1341 σωτηρίαν.
2569 1268 2736 1322 Τοῦτο
2768 1268 2862 1321 καὶ
2889 1271 2916 1322 6
2949 1270 3215 1340 μακάριος
3239 1268 3473 1332 Παῦλος,
3503 1267 3621 1320 τῶν

2033 1363 2169 1433 πρὸς
2222 1361 2524 1432 Ῥωμαίους
2583 1360 2925 1431 γραμμάτων
2977 1357 3312 1430 ἀρξάμενος⁹
3368 1357 3622 1422 Παῦλος

2033 1453 2253 1519 δοῦλος
2291 1453 2483 1520 Ἰησοῦ
2526 1451 2805 1520 Χριστοῦ,
2837 1450 3055 1518 κλητὸς
3097 1451 3462 1516 ἀπόστολος,
3501 1449 3620 1518 ἀξο-

2033 1545 2358 1614 ωρισμένος
2377 1546 2464 1610 εις
2479 1543 2847 1613 Εὑαγγέλιον
2875 1541 3043 1606 Θεοῦ,
3059 1542 3090 1595 ὃ
3107 1541 3624 1612 προεπηγγείλατο

2035 1636 2132 1690 διὰ
2154 1635 2271 1689 τῶν
2299 1635 2617 1705 προφητῶν
2642 1634 2826 1688 αὑτοῦ
2855 1635 2924 1686 ἐν
2951 1633 3218 1702 Γραφαῒς
3261 1635 3456 1704 ἁγίαις
3475 1649 3491 1664 ·
3525 1632 3625 1687 καὶ

2040 1728 2200 1781 πάλιν
2229 1727 2285 1780 δέ
2308 1745 2322 1757 ·
2357 1727 2518 1796 Λέγω
2558 1724 2818 1794 Χριστὸν
2846 1723 3080 1791 Ἰησοῦν
3126 1723 3407 1778 διάκονον
3449 1721 3622 1792 γενέ-

2041 1823 2180 1874 σθαι
2224 1816 2544 1886 περιτομῆς
2583 1816 2734 1886 ὑπὲρ
2767 1816 3050 1883 ἀληθείας
3093 1816 3260 1880 Θεοῦ,
3286 1817 3372 1880 εὶς
3408 1814 3474 1868 τὸ
3513 1815 3626 1878 ,ϐε-

2041 1910 2286 1965 ϐαιῶσαι
2311 1910 2417 1976 τὰς
2435 1910 2794 1978 ἐπαγγελίας
2813 1907 2932 1960 τῶν
2957 1906 3226 1975 πατέρων
3245 1924 3259 1937 ⁸
3289 1906 3361 1960 τὰ
3382 1905 3450 1958 δὲ
3473 1906 3623 1973 ἔθνη

2039 2000 2191 2068 ὑπὲρ
2220 1999 2430 2064 ἐλέους
2457 1997 2710 2062 δοξάσαι
2747 1998 2853 2051 τὸν
2882 1988 3050 2051 Θεόν.
3069 1996 3286 2068 Ἐπειδὴ
3314 1996 3494 2049 τοίνυν
3526 2012 3628 2048 πε·-

2042 2093 2298 2162 πλήρωκε
2343 2090 2443 2154 τὰς
2491 2089 2810 2159 ὑποσχέσεις
2855 2091 2884 2142 6
2928 2088 3036 2142 τῶν
3075 2089 3210 2142 ὅλων
3241 2089 3393 2151 Θεὸς,
3425 2088 3521 2140 καὶ
3553 2088 3623 2157 ἣν

2041 2187 2306 2255 ὑπέσχετο
2351 2184 2550 2237 δέδωκε
2595 2182 2888 2254 σωτηρίαν,
2917 2165 3010 2235 καὶ
3051 2180 3284 2253 ἀνέῳξεν
3314 2182 3487 2235 ἅπασι
3521 2180 3626 2243 τὰς

2040 2279 2134 2332 τοῦ
2163 2278 2345 2342 ἐλέους
2377 2276 2577 2348 πηγὰς,
2601 2276 2695 2329 καὶ
2727 2277 2884 2346 ὑμεῖς
2911 2277 2960 2328 οἱ
2979 2275 3038 2342 ἐξ
3067 2275 3333 2328 Ἰουδαίων
3360 2272 3630 2345 προσελη-

2041 2372 2279 2434 λυθότες,
2320 2369 2413 2422 καὶ
2448 2369 2603 2439 ὑμεῖς
2627 2369 2676 2421 oi
2709 2366 2768 2431 ἐξ
2804 2365 2970 2421 ἐθνῶν
3003 2364 3446 2430 πεπιστευκότες,
3481 2363 3628 2434 σύμε-

2043 2481 2217 2533 φωνον
2264 2462 2538 2534 ὑμνῳδίαν
2587 2461 2940 2532 κεράσαντες,
2979 2458 3410 2530 τὸνιεὺεργέτην
3459 2455 3627 2526 ἀμεί-

2041 2554 2234 2626 ψασθε.

2382 2646 2753 2713 Ἀλληλούῖα.·
2797 2647 3105 2698 ΨΑΛΜΟΣ
3141 2643 3298 2696 PIZ'.

2672 2737 2996 2802 Ύπόθεσις.

2044 2829 2361 2884 Διδάσκεται
2387 2829 2415 2881 6
2437 2828 2555 2891 νέος
2585 2828 2712 2890 λαὸς
2743 2829 2772 2878 6
2803 2825 3148 2897 συνεστηκὼς
3176 2824 3239 2878 ἔκ
3260 2842 3320 2878 τε
3349 2824 3626 2877 Ἰουδαίων

2117 2921 2211 2975 καὶ
2230 2920 2338 2972 τῶν
2366 2919 2555 2982 ὲθνῶν,
2585 2918 2661 2981 ὼς
2685 2917 2780 2971 ἕνα
2809 2917 2966 2988 μόνον
2991 2918 3071 2970 δεῖ
3091 2915 3467 2969 ἐπικαλεῖσθαι
3493 2915 3626 2986 βοη-

429 3005 511 3054 re,
545 2992 724 3061 ipsum
760 2996 968 3052 scilicet
999 3001 1144 3067 quod
1187 3001 1485 3058 humanam
1538 3008 1836 3077 assumpsit
1859 3025 1949 3071 na,

2120 3013 2234 3077 θον,
2270 3011 2432 3064 αὑτὸν
2469 3011 2559 3064 τὸν
2590 3010 3087 3081 ὲνανθρωπήσαντα
3126 3008 3218 3062 τοῦ
3249 3007 3385 3062 Θεοῦ
3427 3008 3628 3076 Λόγον,

432 3091 609 3138 turam
658 3085 754 3142 Dei
800 3087 1060 3156 Verbum,
1093 3102 1256 3164 atque
1309 3111 1377 3149 ex
1423 3097 1544 3166 ipso
1593 3098 1649 3153 in
1702 3107 1945 3169 tempore

431 3179 832 3244 persecutionis
887 3184 1150 3239 auxilium
1203 3201 1366 3242 omne
1409 3205 1674 3259 quaarere,
1739 3193 1946 3247 scilicet

434 3279 591 3334 opem
622 3283 688 3321 ex
713 3269 850 3324 cmlo
873 3272 1096 3326 missam
1131 3292 1142 3327 :
1175 3274 1386 3345 ipsique
1416 3275 1618 3331 referre
1645 3279 1943 3347 gratiarum

433 3355 676 3412 actiones
709 3375 808 3428 pro
839 3362 1086 3427 victoria,
1120 3373 1283 3435 atque
1331 3368 1400 3422 ab
1437 3368 1555 3436 ipso
1589 3369 1704 3422 vias
1733 3370 1947 3425 virtutis

435 3455 619 3514 petere
651 3467 664 3502 :
701 3459 755 3504 et
798 3453 865 3506 ad
912 3454 1026 3510 haec
1066 3458 1272 3521 omnia,
1317 3459 1562 3513 conﬁteri
1593 3458 1823 3514 Domino
1853 3461 1946 3530 qui

437 3539 756 3593 nominatur
781 3542 917 3611 lapis
945 3562 956 3596 :
985 3547 1306 3614 reprobatus
1335 3549 1555 3618 quidem
1586 3551 1655 3606 ab
1682 3551 1948 3608 adiﬁcan-

438 3627 604 3693 tibus;
637 3631 733 3685 sed
766 3631 941 3689 lactus
982 3635 1035 3688 in
1077 3640 1483 3708 caputang-uli.

437 3717 554 3772 1-4.
591 3718 924 3791 Confitemini
951 3725 1198 3792 Domino,
1217 3731 1462 3798 quoniam
1487 3732 1670 3798 bonus,
1697 3737 1946 3804 quoniam

354 3803 423 3864 'in
451 3811 703 3865 sceculum
737 3815 1100 3871 misericordia
1124 3819 1258 3887 ejus.
1287 3820 1444 3874 Dicat
1470 3839 1609 3876 nunc
1635 3803 1823 3880 domus
1857 3824 1944 3880 ls-

370 3903 500 3958 rael.
527 3902 679 3974 Ipsos
711 3906 922 3975 priores
956 3909 1353 3966 confessionem
1390 3913 1529 3967 inire
1554 3915 1729 3984 jubet,
1762 3926 1947 3986 utpote

369 3994 462 4064 qui
486 3995 645 4064 primi
671 4001 846 4052 vocati
871 3998 1070 4054 fuerint
1091 4017 1186 4071 per
1211 4005 1574 4073 evangelicam
1606 4007 1948 4076 praedicatio-

370 4102 518 4142 nem.
1180 4141 1184 4145 ,

439 4177 558 4232 5-9.
605 4178 679 4232 De
699 4181 1042 4237 tribulatione
1065 4183 1309 4238 invocavi
1341 4184 1646 4252 Dominum,
1671 4188 1950 4242 etexaudi-

369 4277 442 4332 uit
493 4296 573 4332 me
609 4280 663 4332 in
705 4274 1006 4331 latitudine.
1045 4275 1164 4328 Duo
1216 4276 1374 4330 docet
1410 4277 1498 4331 hic
1541 4293 1754 4341 versus,
1801 4279 1947 4348 quod

2118 3106 2212 3160 καὶ
2237 3105 2295 3170 ἐξ
2321 3103 2486 3158 αὑτοῦ
2509 3105 2566 3156 ἐν
2597 3102 2773 3173 καιρῷ
2793 3102 3032 3173 διωγμοῦ
3061 3101 3157 3172 τὴν
3183 3100 3501 3171 ἐπικουρίαν
3527 3100 3630 3171 ζη-

2114 3202 2223 3252 τεῖν
2257 3199 2456 3260 πᾶσαν,
2495 3197 2592 3267 τὴν
2619 3195 2678 3259 ἐξ
2700 3194 2929 3265 ούρανοῦ
2962 3192 3632 3265 παραπεμπομένηνᾙοὴ-

2115 3291 2265 3343 θειαν
2283 3307 2295 3320 ·
2324 3288 2472 3360 αὑτῷ
2495 3305 2554 3340 τε
2582 3287 2870 3358 ἀναφέρειν
2889 3285 2989 3356 τῆς
3008 3285 3165 3356 νίκης
3187 3283 3256 3337 τὰ
3273 3285 3624 3356 χαριστήρια·

2117 3384 2285 3436 αἰτεῖν
2317 3399 2377 3432 τε
2403 3381 2499 3444 τὰς
2522 3379 2612 3432 διὰ
2642 3379 2749 3432 τῶν
2780 3377 2988 3449 ἀρετῶν
3011 3376 3182 3440 ὁδοὺς,
3215 3377 3308 3429 καὶ¹
3342 3375 3479 3448 πρὸς
3506 3374 3631 3429 τού-

2121 3490 2233 3535 τοις
2265 3471 2468 3524 ἅπασιν
2497 3468 2930 3540 ἐξομολογεῖσθαι
2960 3466 3037 3538 τῷ
3068 3467 3258 3538 Κυρίῳ
3303 3465 3381 3536 τῷ
3424 3467 3626 3537 ὀνομα-

2118 3563 2328 3633 ζομένῳ
2366 3561 2498 3633 λίθῳ
2518 3578 2530 3591 ’
2566 3558 3001 3630 ὰπηγορευμένῳ
3032 3559 3128 3629 μὲν
3167 3558 3319 3628 παρὰ
3350 3556 3456 3611 τῶν
3485 3559 3632 3610 οἱκο-

2117 3654 2316 3723 δόμων,
2351 3652 2628 3721 γενομένῳ
2659 3651 2716 3703 δὲ
2746 3652 2828 3714 είς
2859 3650 3102 3720 κεφαλὴν
3129 3649 3349 3718 γωνίας.

2129 3743 2610 3814 Ἐξομολογεῖσθε
2649 3741 2729 3808 τῷ
2769 3741 2986 3809 Κυρίῳ,
3027 3741 3116 3794 ὅτι
3157 3741 3396 3810 ἀγαθὸς,
3425 3740 3516 3792 ὅτι
3544 3742 3634 3805 είς

2046 3835 2152 3889 τὸν
2193 3835 2380 3889 αἰῶνα
2423 3835 2490 3888 τὸ
2532 3834 2702 3900 ἕλεος
2777 3831 2983 3886 αὐτοῦ.
3054 3831 3290 3886 Eietde
3338 3830 3414 3900 δὴ
3465 3827 3632 3896 οἶκος

2059 3926 2314 3994 Ἰσραήλ.
2332 3927 2378 3978 Π
2387 3923 2588 3997 ρώτους
2600 3925 2794 3987 αὐτοὺς
2808 3923 2908 3986 τῆς
2923 3923 3010 3987 ego
3017 3923 3214 3993 μολογή
3222 3938 3357 3984 σεως
3366 3921 3634 3992 ἄρχεσθαι

2047 4013 2499 4087 παρακελεύεται,
2550 4014 2646 4067 ἅτε
2693 4011 2941 4083 πρώτους
2983 4011 3349 4081 κεκλημένους
3400 4010 3488 4063 διὰ
3533 4011 3632 4064 τοῦ

2048 4102 2402 4173 εὑαγγελικοῦ
2433 4103 2808 4174 κηρύγματος.

2129 4194 2224 4245 Ἐκ
2279 4193 2540 4260 θλίψεως
2587 4188 3055 4258 ἐπεκαλεσίῇμην
3102 4186 3210 4239 τὸν
3261 4183 3505 4252 Κύριον,
3533 4182 3635 4236 καί

2048 4283 2356 4350 ἐπήκουσέ
2381 4301 2499 4352 μου
2523 4285 2610 4348 εἰς
2638 4283 3014 4350 πλατυσμόν.
3045 4279 3150 4332 Δύο
3178 4277 3415 4332 διδάσκει
3434 4279 3462 4328 ὁ
3491 4292 3636 4346 παρ-

367 4365 751 4420 tribulationes
777 4365 974 4419 habere
997 4364 1226 4418 debeant
1253 4365 1345 4434 qui
1369 4367 1632 4420 accedunt
1658 4368 1723 4422 ad
1748 4368 1904 4423 tidem
1933 4389 1945 4424 :

2060 4375 2126 4428 ὼν
2159 4374 2360 4445 στίχος,
2401 4374 2475 4436 ὡς
2510 4373 2604 4426 καὶ
2631 4371 2862 4442 θλίψεως
2889 4371 3030 4442 ἔχειν
3066 4370 3147 4422 δεῖ
3177 4371 3303 4432 τοὺς
3337 4384 3638 4439 προσερχο-

365 4457 524 4526 juxta
555 4457 687 4512 illud
712 4476 724 4510 :
745 4456 960 4509 Accerlis
981 4455 1050 4508 ad
1075 4456 1402 4509 serviendum
1426 4456 1674 4523 Domino,
1705 4475 1950 4528 praepara

2060 4466 2247 4537 μένους
2273 4468 2338 4536 τῇ
2371 4465 2571 4531 πίστει,
2601 4461 2742 4518 κατὰ
2761 4464 2843 4528 τὸ,
2870 4467 3180 4531 Προσερχῃ
3209 4460 3522 4513 δουλεύειν
3556 4458 3637 4523 τῷ

371 4551 608 4602 animam
643 4557 791 4601 tuam
831 4548 900 4600 ad
935 4546 1353 4601 tentationem".
1390 4545 1456 4601 Et
1479 4548 1625 4616 quod
1673 4548 1721 4603 is
1771 4551 1863 4620 qui
1894 4551 1950 4606 in

2060 4559 2268 4627 Κυρίῳ,
2301 4559 2622 4628 ἑτοίμασον
2650 4556 2763 4625 τὴν
2787 4554 2998 4625 ψυχήν
3022 4569 3138 4608 σου
3160 4556 3247 4618 εὶς
3275 4551 3632 4620 πειρασμόν.

370 4642 634 4696 aerumnis
671 4649 946 4704 versatur,
979 4655 1087 4694 non
1122 4639 1288 4694 alium
1317 4639 1830 4710 debeatadjutorem
1867 4643 1951 4698 in-

2060 4652 2163 4704 Ka‘t
2196 4651 2506 4722 θλιϐόμενον
2540 4651 2613 4721 μὴ
2640 4649 2825 4720 ἓτερον
2851 4645 3228 4700 ἐπικαλεῖσθαι
3259 4643 3451 4715 βοηθὸν
3476 4642 3510 4714 ἢ
3539 4642 3639 4695 αὑ-

369 4747 572 4786 vocare
615 4746 780 4800 quam
819 4731 997 4800 ipsum
1049 4729 1362 4796 Dominum,
1395 4729 1488 4802 qui
1544 4731 1946 4788 tribulationem

2060 4743 2143 4798 τὸν
2177 4743 2269 4797 τὸν
2301 4741 2528 4813 Κύριον,
2557 4741 2614 4803 ὃς
2645 4741 2739 4794 καὶ
2761 4741 2858 4810 τὴν
2899 4738 3075 4808 θλίψιν
3101 4736 3257 4808 ἡμῶν
3282 4738 3361 4798 εἰς
3389 4735 3637 4806 εὑρυχω-

373 4837 620 4877 nostram
653 4822 706 4875 in
740 4820 1085 4875 latitudinem
1118 4837 1370 4893 magnam
1419 4822 1655 4876 deducit.
1688 4821 1794 4878 Pro
1825 4839 1951 4893 par-

2063 4836 2183 4907 ρίαν
2225 4835 2346 4903 ἄγει
2389 4834 2606 4905 πολλήν.
2642 4832 2764 4886 Τῶν
2801 4832 3010 4905 μικρῶν
3040 4830 3149 4902 γὰρ
3182 4830 3360 4882 πόνων
3394 4828 3640 4898 μεγάλας

372 4919 458 4973 vis
503 4931 742 4986 namque
794 4915 1074 4971 laboribus
1107 4931 1333 4988 magnas
1380 4917 1710 4986 accipiemus
1745 4931 1953 4972 merce-

2060 4924 2450 4996 ἀποληψόμεθα
2473 4925 2570 4988 τὰς
2593 4923 2844 4995 ἀμοιϐάς.

373 5011 490 5066 des.

445 5101 624 5156 10-14.
671 5099 861 5154 Omnes
891 5109 1064 5171 gentes
1095 5100 1416 5154 circuierunt
1463 5115 1610 5153 me...
1653 5098 1952 5154 Circumde-

2125 5101 2328 5154 Πάντα
2374 5102 2448 5155 τὰ
2488 5101 2631 5170 ἔθνη
2685 5101 3043 5156 ἐκύκλωσαν
3250 5101 3644 5156 Ἐκύκλωσάν

372 5193 564 5247 derunt
609 5209 688 5247 me
718 5195 854 5246 sicut
903 5207 1024 5261 apes
1073 5191 1272 5260 favum,
1307 5200 1356 5245 et
1395 5191 1450 5244 in
1488 5191 1694 5245 nomine
1735 5191 1950 5246 Domini

2060 5211 2128 5262 με
2159 5193 2301 5246 ὡσεί
2329 5194 2620 5262 μέλισσαι
2652 5195 2880 5260 κηρίον,
2911 5193 3007 5246 καὶ
3037 5192 3117 5258 τῷ
3143 5195 3384 5262 ὀνόματι
3415 5191 3642 5260 Κιρίου

376 5286 519 5339 ultus
561 5302 679 5339 sum
716 5302 823 5339 eos.
860 5285 952 5340 Dei
985 5299 1222 5354 namque
1249 5283 1480 5353 populus
1524 5284 1700 5339 solum
1726 5285 1953 5338 vocabat

2060 5283 2378 5353 ἠμυνάμην
2404 5286 2642 5351 αὐτούς.
2662 5286 2718 5337 Ὁ
2755 5285 2852 5356 μὲν
2881 5285 2989 5356 γὰρ
3017 5284 3111 5337 τοῦ
3156 5283 3291 5337 Θεοῦ
3326 5284 3452 5347 λαὸς
3481 5285 3646 5353 μόνον

379 5379 571 5444 Deum,
603 5388 659 5435 et
696 5395 892 5434 nomen
921 5379 1040 5448 ejus
1071 5392 1402 5440 memorans,
1433 5378 1618 5432 hostes
1639 5376 1878 5431 visibiles
1904 5386 1958 5430 et

2064 5374 2248 5427 ἐκάλει
2279 5375 2370 5428 τὸν
2397 5374 2548 5439 Θεὸν,
2578 5373 2673 5428 καὶ
2697 5374 2756 5426 τὸ
2785 5374 2954 5443 ὄνομα
2977 5372 3149 5441 λέγων
3195 5369 3359 5423 αὑτοῦ
3403 5369 3644 5439 ἠμύνετο

379 5471 680 5529 invisibiles
729 5471 1136 5528 ulciscebatur:
1178 5469 1426 5524 homines
1470 5478 1647 5524 autem
1698 5468 1784 5524 his
1828 5468 1962 5524 insi-

2067 5467 2190 5531 τοὺς
2219 5467 2574 5538 φαινομένους
2605 5467 2697 5522 καὶ
2728 5467 2952 5536 ἀφανεῖς
2984 5463 3271 5536 πολεμίους
3291 5479 3304 5492 ·
3340 5463 3389 5516 oi
3422 5461 3478 5515 δὲ
3517 5461 3641 5514 1013'-

425 5649 470 5682 ⁸⁸
513 5647 737 5720 Rom.1,
783 5650 830 5715 l,
861 5649 913 5703 2.
977 5649 1037 5734 _'_°
1079 5645 1237 5706 Rom.
1282 5662 1370 5718 xv,
1403 5645 1455 5714 8,
1488 5645 1540 5702 9.
1620 5645 1660 5679 ³⁷
1702 5643 1868 5700 Eccli.
1907 5658 1966 5713 ιι,
1999 5643 2047 5697 l.
