3880 6216
425 279 534 336 ΠΩ

1281 289 1338 348 S.
1374 293 1746 352 ATHANASI]
1787 294 1938 354 OPP.
1981 297 2164 354 PARS
2201 297 2292 358 111.
2325 329 2396 340 —-
2424 297 2836 358 EXEGETICA.

3599 303 3708 362 480

495 387 588 446 22.
624 390 878 462 Lapidem
917 413 1070 468 quem
1099 401 1504 472 rept'otiauerunt
1542 408 1886 476 aediﬁcantes,
1915 413 1985 464 Im

2171 413 2354 466 Λίθον
2377 413 2449 466 ὃν
2473 413 2926 484 ἀπεδοκίμασαν
2941 419 2995 470 ol
3017 416 3495 486 οἰκοδομοῦντες,
3518 411 3704 484 οὗτος

426 479 602 549 factus
629 493 706 537 est
761 487 816 538 in
863 499 1023 556 caput
1079 493 1282 562 anguli.
1313 493 1388 550 Te
1425 497 1604 566 ipsum
1657 500 1750 570 qui
1785 511 2010 570 propter

425 586 529 626 nos
556 571 732 630 factus
756 593 814 631 es
841 580 978 648 lapis
1017 583 1284 652 abiectus,
1311 591 1742 658 reprohaverunt
1785 595 2004 664 quidem

423 663 788 733 aediﬁcantes;
819 672 912 724 scd
953 685 1074 740 post
1109 677 1352 745 gentium
1391 683 1749 738 mutationem
1779 687 2006 741 alterius

425 759 608 824 anguli
655 770 816 828 caput
859 763 1082 819 etTectus
1111 783 1170 823 es
1196 788 1208 822 :
1239 779 1292 824 et
1325 774 1601 840 quodnam
1633 776 1800 830 illud?
1828 777 2004 848 Capu-

424 846 549 902 lavit
571 850 700 904 duos
723 856 945 923 populos
971 859 1026 912 in
1056 877 1221 916 unum
1250 880 1442 919 novum
1469 867 1732 924 hominem
1753 869 1820 926 δ”.

490 1023 579 1080 2i.
611 1028 739 1084 Παίς
761 1033 870 1088 dies
893 1054 1052 1105 quam
1075 1043 1197 1110 fecit
1230 1043 1508 1114 Dominus,
1537 1057 1643 1104 etc.
1671 1049 1998 1121 Ecquzcnam

417 1113 533 1170 dies
560 1115 722 1174 fuerit
745 1124 852 1178 nisi
881 1133 1296 1187 resurrectionis
1324 1135 1852 1204 Domini?chnam
1885 1144 1998 1198 haec

415 1207 553 1271 dies,
602 1212 702 1266 nisi
751 1231 812 1269 ea
849 1234 969 1288 quae
1009 1225 1260 1292 gentibus
1295 1229 1548 1284 omnibus
1595 1233 1849 1288 salutaris
1882 1244 1996 1300 est,

414 1315 446 1366 q
473 1315 521 1353 ra
570 1301 704 1372 lapis
749 1307 838 1364 ille
888 1314 1120 1380 rejectus
1145 1314 1321 1373 factus
1354 1329 1438 1374 est
1473 1321 1526 1374 in
1558 1332 1719 1391 caput
1769 1325 1998 1394 anguli?

415 1387 765 1461 Siguiticatur
811 1414 993 1458 autem
1042 1406 1158 1463 dics
1215 1415 1636 1470 resurrectioais
1697 1417 1996 1474 Saltatoris

411 1487 607 1551 nostri,
638 1504 758 1558 quae
781 1492 885 1562 ipsi
915 1502 1260 1568 cognominis
1297 1513 1399 1570 est,
1436 1507 1645 1562 scilicet
1687 1507 1992 1566 Dominica.

475 1667 664 1730 25-27.
695 1673 738 1728 0
765 1675 1002 1744 Domine,
1043 1684 1248 1740 salvum
1285 1704 1365 1741 me
1395 1688 1504 1758 fac,
1537 1705 1566 1742 ο
1591 1691 1837 1758 Domine,
1869 1695 1993 1747 bene

2109 502 2364 572 ἐγενήθη
2393 507 2480 568 είς
2532 505 2810 573 κεφαλὴν
2839 507 3076 574 γωνίας.
3113 507 3201 560 Σοὶ
3239 508 3388 577 αὐτῷ
3426 506 3505 578 τῷ
3533 523 3702 575 γεγο-

2109 595 2220 646 νότι
2253 595 2319 647 δι’
2355 597 2502 666 ἡμᾶς
2529 596 2660 667 λίθῳ
2685 599 3121 670 ἁπηγορευμένῳ
3156 600 3567 670 ἀπεδοκίμασαν
3597 598 3700 669 μὲν

2107 685 2156 736 oi
2188 684 2611 755 οἰκοδομοῦντες·
2645 686 2783 756 μετὰ
2807 686 2983 757 δὲτὴν
3039 689 3146 742 τῶν
3188 689 3355 742 ἐθνῶν
3389 689 3698 762 μεταϐολὴν

2106 777 2298 848 ἐτέρας
2357 779 2557 848 γωνίας
2619 780 2828 850 κεφαλὴ
2889 781 3138 850 γέγονας⁸
3201 783 3293 836 καὶ
3339 783 3466 836 ποία
3517 783 3696 854 αὖτης

2104 867 2352 936 inanitas
2413 869 2554 934 τοὺς
2615 867 2723 922 δύο
2775 872 2964 938 λαοὺς
3023 876 3111 940 εἱς
3160 873 3270 928 ἕνα
3325 874 3539 928 καινὸν
3585 873 3696 928 ἄν·

2103 961 2354 1030 θρωπον.

2171 1055 2333 1122 Αὕτη
2375 1057 2564 1128 ἡμέρα
2601 1059 2682 1127 ἣν
2710 1059 3000 1126 ἐποίησεν
3041 1063 3073 1114 ό
3099 1061 3334 1126 Κύριος.
3371 1058 3482 1112 Καὶ
3507 1059 3593 1122 τίς
3623 1057 3693 1111 ἂν

2101 1143 2268 1216 simi“
2305 1149 2338 1217 ἡ
2373 1149 2742 1222 ἁναστάσιμος
2797 1150 2890 1203 τοῦ
2941 1151 3148 1221 Κυρίου
3203 1151 3422 1222 ἡμέρα;
3465 1151 3604 1204 Ποία
3631 1149 3694 1204 δὲ

2099 1233 2238 1306 αὕτη
2271 1238 2454 1308 ἡμέρα
2487 1239 2656 1310 ἀλλ’ἢ
2689 1243 2720 1310 ή
2753 1243 3020 1312 σωτήριος
3054 1241 3161 1294 τῶν
3188 1241 3356 1294 ἐθνῶν
3396 1241 3686 1306 ἁπάντων,

2099 1327 2219 1380 καθ’
2255 1329 2318 1398 ἣν
2352 1331 2379 1382 ὁ
2403 1331 2727 1402 ἀποϐληθεὶς
2759 1333 2904 1396 λίθος
2929 1333 3153 1400 γέγονεν
3183 1335 3262 1396 εἰς
3295 1333 3538 1403 κεφαλὴν
3569 1349 3686 1399 γω-

2097 1415 2249 1482 νίας;
2286 1420 2358 1488 Ση
2370 1421 2545 1488 μαίνει
2577 1422 2632 1474 δὲ
2664 1425 2692 1476 ὁ
2724 1422 2880 1491 λόγος
2908 1423 3004 1492 τὴν
3037 1423 3406 1494 ἀναστάσιμον
3440 1423 3532 1476 τοῦ
3569 1425 3690 1476 Σω-

2095 1508 2262 1580 τῆρος
2290 1513 2464 1582 ἡμῶν,
2485 1515 2582 1585 τήν
2610 1532 2672 1583 γε
2701 1516 2986 1586 ἐπώνυμον
3035 1515 3198 1568 αὐτοῦ
3233 1515 3552 1588 γενομένην,
3577 1516 3684 1588 δη-

2095 1600 2226 1670 λαδὴ
2261 1604 2564 1676 Κυριακήν.

2164 1688 2238 1746 Ὦ
2267 1697 2462 1764 Κύριε,
2493 1697 2700 1750 σῶσον
2745 1697 2844 1766 δὴ,
2902 1697 2948 1751 ὦ
2979 1700 3180 1766 Κύριε,
3239 1701 3548 1754 εὐόδωσον
3575 1699 3680 1768 δή.

405 1773 712 1830 prosperare
747 1784 766 1821 :
805 1767 1104 1829 benedictus
1136 1780 1227 1848 qui
1257 1781 1390 1834 venit
1424 1782 1477 1834 in
1509 1784 1716 1836 nomine
1750 1783 1982 1838 Domini.

2086 1781 2505 1854 Εὐλογημένος
2555 1791 2586 1842 ό
2637 1789 2960 1858 ἐρχίὶμενος
3019 1792 3088 1844 ἐν
3137 1793 3380 1859 ὀνόματι
3425 1767 3676 1860 Kvplou.

410 1848 702 1924 Doxologia
738 1859 814 1928 (id
853 1873 936 1918 est
959 1876 1152 1922 cautus
1181 1869 1236 1922 in
1269 1871 1530 1926 honorem
1563 1873 1868 1934 Trinitatis)
1895 1874 1984 1930 Je—

401 1947 789 2016 rosolymitana
820 1953 1000 2020 docet,
1039 1959 1106 2013 de
1133 1977 1369 2030 quonam
1397 1967 1450 2019 id
1481 1966 1685 2021 dictum
1721 1969 1812 2022 sit.
1847 1969 1981 2024 illud

400 2045 582 2091 autem
614 2059 626 2094 :
660 2041 1032 2102 Benediximus
1068 2055 1210 2106 vobis
1255 2056 1317 2108 de
1371 2057 1528 2110 domo
1565 2059 1811 2124 Domini,
1855 2076 1982 2130 pro-

395 2127 572 2198 phetae
600 2134 788 2190 dicunt
821 2139 888 2194 iis
922 2143 1012 2212 qui
1050 2146 1282 2200 credunt
1309 2149 1366 2202 in
1396 2149 1676 2206 Christum
1711 2167 1726 2204 :
1759 2152 1976 2218 Beatos,

395 2223 669 2292 inquiunt,
727 2245 823 2285 vos
868 2235 1309 2304 pl‘zedicabimus,
1354 2243 1484 2310 quia
1535 2242 1719 2300 fuistis
1777 2245 1976 2301 domus

394 2316 694 2384 spiritualis
733 2340 745 2376 :
790 2323 1058 2382 inhabitat
1107 2333 1310 2400 quippe
1363 2333 1630 2390 Dominus
1683 2339 1737 2392 in
1793 2339 1971 2394 vobis.

391 2405 706 2468 Constituite
735 2417 874 2472 diem
927 2420 1208 2476 solemnem
1261 2427 1315 2478 in
1363 2429 1638 2482 condensis
1687 2447 1848 2500 usque
1903 2434 1972 2485 ad

390 2515 555 2555 cornu
581 2504 794 2561 altaris.
824 2507 1140 2566 Constituite
1165 2515 1304 2568 diem
1327 2519 1630 2574 solemnem.
1663 2521 1972 2592 Intelligen-

387 2592 516 2648 dum
552 2597 662 2663 dat,
691 2615 784 2654 eos
815 2604 908 2671 qui
944 2605 1010 2658 ad
1041 2607 1197 2660 (idem
1227 2611 1508 2674 accedent,
1543 2614 1615 2666 ita
1647 2614 1968 2684 implcturos

383 2685 628 2742 divinum
672 2693 1104 2763 tabernaculum,
1147 2709 1206 2752 ut
1241 2716 1351 2769 prae
1397 2704 1747 2762 multitudine
1793 2725 1967 2777 usque

383 2778 451 2834 ad
474 2797 676 2838 cornua
706 2785 891 2842 altaris
925 2791 1250 2859 pertingant.
1280 2792 1566 2850 Condensa
1597 2807 1776 2853 autem
1809 2811 1966 2857 vocat

379 2873 683 2940 cherubim,
701 2863 1274 2948 qum’propitiatorium
1295 2885 1726 2958 adumbrahant;
1753 2893 1960 2948 idenim

377 2963 647 3034 signiﬁcat
671 2969 824 3033 illud,
843 2972 1139 3027 condensis.
1157 2973 1294 3029 Nam
1321 2979 1656 3034 condensum
1681 2999 1800 3038 esse
1817 2985 1958 3039 idem

373 3064 456 3110 est
485 3059 631 3127 quod
667 3069 869 3130 tegere.
901 3062 1198 3120 Cherubim
1235 3084 1363 3125 vero
1400 3071 1502 3127 alis
1539 3074 1658 3130 suis
1699 3077 1959 3148 propitia-

371 3149 571 3204 torium
607 3153 874 3221 tegebant.

438 3239 528 3296 28.
553 3243 690 3298 Dens
722 3261 866 3298 meus
887 3264 941 3301 es
971 3257 1048 3312 tu,
1075 3261 1123 3304 et
1149 3255 1434 3323 conﬁtebor
1456 3258 1572 3312 tibi.
1593 3258 1746 3317 Hanc
1765 3278 1952 3318 vocem

373 3332 638 3392 Salvatori
661 3336 882 3396 Christo
910 3341 1116 3400 referre
1145 3347 1467 3406 edoceutur.

877 3506 1132 3562 Alleluia.
1170 3510 1266 3566 CX
1285 3511 1452 3567 VIII.

957 3600 1358 3670 Argumentum.

361 3679 424 3736 In
457 3681 562 3738 hoc
583 3688 796 3754 psalmo
824 3689 1086 3747 describit
1117 3700 1766 3758 sanctoruminstitutum
1800 3706 1944 3774 vitta,

434 3781 754 3846 certamina,
778 3799 1053 3843 aerumnas
1079 3808 1093 3856 ;
1124 3791 1346 3848 fraudes
1400 3805 1452 3850 et
1487 3797 1820 3868 irruptiones
1846 3803 1946 3857 daa-

431 3883 559 3923 mon
570 3887 680 3939 um,
699 3887 985 3933 sescentas
999 3882 1359 3950 cogitationes
1375 3887 1672 3956 immissas,
1693 3891 1941 3960 laqueos,

425 3966 716 4032 venabula,
751 3984 960 4024 necnon
1003 3989 1068 4026 ea
1096 3976 1296 4043 quibus
1335 3977 1524 4034 isthaec
1550 3995 1834 4052 superant,
1865 3985 1942 4040 le-

424 4059 804 4130 gem,eloquia
835 4064 1041 4131 divina,
1072 4069 1411 4138 patientiam,
1435 4089 1730 4144 supernum
1762 4088 1942 4134 etcoe-

421 4151 559 4207 leste
602 4157 986 4212 commilitium
1014 4177 1030 4225 ;
1069 4161 1266 4218 deinde
1299 4177 1427 4234 post
1461 4167 1700 4238 labores,
1727 4171 1935 4241 hravia,

423 4259 676 4311 coronas,
699 4251 944 4318 praemia.

421 4435 474 4482 1.
500 4428 655 4484 Beati
683 4431 1017 4486 immaculati
1067 4435 1122 4486 in
1159 4436 1264 4488 via.
1307 4437 1410 4503 Qui
1455 4439 1771 4498 nullatenus
1799 4459 1929 4514 pec-

349 4529 457 4588 cat,
487 4535 535 4574 lS
562 4519 946 4578 imtnaculatus
975 4531 1030 4578 et
1057 4524 1250 4580 beatus
1285 4536 1392 4582 est.

418 4687 471 4741 2.
493 4687 648 4745 Beati
698 4693 787 4762 qui
835 4703 1145 4748 scrutantur
1195 4700 1495 4755 testimonia
1540 4702 1674 4773 ejus,
1711 4709 1766 4760 in
1819 4718 1929 4764 toto

345 4783 500 4836 corde
527 4785 797 4852 exquirant
826 4803 966 4840 eum.
1003 4786 1122 4841 Non
1148 4800 1364 4859 oportet
1393 4795 1536 4849 enim
1565 4798 1728 4852 modo
1755 4800 1926 4868 legem

343 4873 589 4942 implere,
615 4878 776 4931 modo
810 4880 1174 4946 praevaricari.
1210 4882 1350 4950 Quid
1379 4889 1524 4940 enim
1553 4889 1690 4943 lucri
1723 4894 1848 4958 erit,
1877 4895 1924 4949 si

341 4965 666 5034 simpliciter
707 4971 1000 5040 exquirant
1051 4979 1368 5034 testimonia
1411 4981 1554 5051 ejus,
1586 4991 1641 5038 et
1687 5000 1754 5040 ex
1812 4995 1927 5043 toto

340 5057 503 5112 corde
529 5055 695 5114 Deum
730 5077 838 5116 non
873 5069 1159 5134 quaerant?

405 5247 458 5301 '5.
494 5247 617 5302 Non
640 5253 776 5305 enim
805 5255 896 5324 qui
925 5265 1210 5323 operantur
1233 5261 1569 5331 iniquitatem
1597 5266 1654 5318 in
1679 5268 1777 5320 viis
1805 5269 1919 5338 ejus

334 5337 754 5397 ambulaverunt.
781 5343 948 5414 Igitur
971 5348 1210 5404 divinam
1243 5351 1413 5422 legem
1439 5355 1651 5426 ignorat
1671 5360 1762 5430 qui
1789 5337 1918 5431 pec-

332 5437 460 5494 cat;
491 5445 615 5485 nam
663 5449 994 5505 cognoscere
1035 5439 1180 5496 idem
1213 5452 1294 5500 est
1327 5461 1392 5502 ac
1423 5448 1713 5509 observare
1742 5452 1913 5510 illam.

399 5727 444 5758 ”
471 5724 664 5798 Ephes.
696 5747 755 5798 ιι,
785 5732 868 5790 15.

1985 3139 2034 3201 C

2087 1875 2258 1930 Τοῦτο
2285 1879 2378 1931 καὶ¹
2428 1881 2460 1950 ἡ
2517 1881 2574 1932 ἐν
2625 1880 3016 1953 Ἰεροσολύμοις
3069 1883 3344 1952 δοξολογία
3403 1882 3496 1935 ἐπὶ
3553 1883 3680 1936 τίνα

2086 1968 2346 2038 φέρεσθαι
2381 1971 2637 2036 ἐδίδαξεν.
2681 1973 2752 2026 Τὸ
2789 1974 2864 2036 δὲ,
2926 1975 3360 2045 Εὑλογήκαμεν
3395 1972 3554 2043 ὑμᾶς
3603 1971 3680 2038 ἐξ

2083 2058 2252 2111 οἴκου
2281 2062 2526 2128 Κυρίου,
2561 2061 2735 2116 ταῦτα
2758 2065 2806 2115 οἱ
2837 2064 3112 2134 προφῆταί
3171 2080 3306 2133 φασι
3360 2063 3498 2134 πρὸς
3541 2064 3676 2126 τοὺς

2083 2149 2431 2215 πιστεύοντας
2455 2151 2532 2223 τῷ
2572 2154 2812 2225 Χριστῷ.
2855 2157 3195 2226 Μακαρίους,
3240 2157 3422 2226 φασιν,
3459 2157 3676 2209 ἀποκα-

2080 2237 2307 2311 λέσομεν
2333 2243 2497 2312 ὑμᾶς,
2525 2246 2606 2298 ὅτι
2655 2247 2718 2316 δὴ
2751 2243 2897 2311 οἶκος
2952 2249 3210 2318 γεγόνατε
3275 2251 3668 2319 πνευματικός·

2079 2332 2277 2384 ἐνοικεῖ
2301 2333 2407 2406 γὰρ
2441 2338 2497 2387 ὲν
2525 2338 2651 2407 ὑμῖν
2680 2341 2708 2390 ὁ
2732 2339 2954 2410 Κύριος.
3019 2341 3422 2406 Συστήο-ασθε
3451 2341 3674 2410 ἑορτὴν

2076 2417 2146 2470 ἐν
2189 2419 2310 2485 τοῖς
2339 2423 2691 2484 πυκάζουσι.
2726 2429 3128 2497 Συστήσίισθε
3161 2431 3391 2499 ἑορτήν.
3419 2433 3670 2487 Συνιέναι

2075 2510 2284 2564 κελεύει
2325 2515 2452 2578 τοὺς
2499 2518 2890 2588 προσελθόντας
2923 2524 2986 2591 τῇ
3043 2523 3244 2588 πίστει,
3279 2525 3371 2576 καὶ
3421 2523 3668 2596 πληροῦν

2072 2603 2171 2673 τὴν
2192 2604 2339 2658 Θείαν
2371 2610 2688 2680 σκηνὴν,ὼς
2711 2615 2801 2665 καὶ
2832 2615 2996 2685 μέχρι
3027 2615 3133 2668 τῶν
3165 2617 3410 2687 κεράτων
3439 2617 3666 2686 φθάνειν

2069 2694 2164 2746 τοῦ
2201 2695 2586 2770 θυσιαστηρίου
2619 2702 2706 2756 διὰ
2733 2701 2793 2756 τὸ
2850 2705 3072 2776 πλῆθος.
3129 2707 3448 2770 Πυκάζοντα
3507 2708 3565 2760 δὲ
3597 2709 3666 2763 τὰ

2069 2789 2334 2860 χερουϐίμ
2369 2810 2520 2862 φησι,
2547 2794 2612 2847 τὰ
2636 2797 3028 2862 ἐπισκιάζοντα
3058 2799 3118 2852 τὸ
3151 2799 3482 2871 ἱλαστήριον·
3503 2802 3663 2855 τοῦτο

2067 2879 2176 2950 γάρ
2213 2883 2326 2934 ἐστι
2357 2885 2438 2946 τὸ,
2475 2886 2826 2947 πυκάζουσι.
2863 2891 3133 2956 Πυκάζειν
3165 2893 3272 2964 γὰρ
3302 2893 3362 2946 τὸ
3404 2895 3658 2948 σκέπειν.

2068 2971 2148 3022 Τὰ
2212 2975 2480 3046 χερουϐὶμ
2541 2977 2598 3030 δὲ
2658 2979 2889 3036 ἔσκεπον
2949 2985 3072 3048 ταῖς
3142 2984 3370 3056 πτέρυξι
3427 2986 3491 3038 τὸ
3547 2985 3660 3040 ἱλα-

2067 3063 2306 3134 στήριον.

2131 3267 2275 3332 Θεός
2296 3285 2416 3334 μου
2453 3264 2509 3322 εἲ
2551 3270 2654 3334 σὺ,
2682 3273 2779 3326 καὶ
2803 3273 3326 3346 ἐξομολοτῆσομαί
3361 3291 3481 3332 σοι.
3517 3277 3654 3332 Ταΰ-

2057 3375 2154 3430 την
2187 3359 2476 3431 ἀναφέρειν
2505 3361 2582 3433 τῷ
2620 3364 2836 3437 Σωτῆρι
2893 3367 3114 3440 Χριστῷ
3152 3368 3492 3424 διδάσκονται
3543 3371 3648 3442 τὴν

2055 3452 2262 3522 φωνήν.

2560 3550 2740 3616 Ἄλλη
2747 3552 2940 3605 λούϊα.
2987 3553 3144 3608 ΡΙΗ’.

2687 3642 2700 3661 '
2713 3643 3021 3710 Υπόθεσις.

2064 3719 2152 3775 Ἐν
2187 3723 2362 3796 τούτῳ
2395 3727 2508 3781 τῶν
2542 3729 2713 3798 ἁγίων
2747 3732 3038 3803 διαγράφει
3061 3733 3160 3806 τὴν
3187 3735 3482 3799 πολιτείαν,
3511 3737 3644 3800 τοὺς

2117 3817 2355 3884 ἀγῶνας,
2387 3821 2486 3886 τὰς
2517 3821 2743 3893 θλίψεις,
2771 3825 2840 3880 τὰ
2869 3827 3192 3898 σκάμματα,
3246 3830 3344 3892 τὰς
3373 3828 3493 3902 ¹τῶν
3523 3829 3642 3884 δαι-

2121 3909 2298 3978 μόνων
2327 3913 2743 3980 ἐπαναστάσεις,
2797 3918 2924 3980 τοὺς
2975 3921 3202 3991 μυρίους
3266 3920 3641 3992 ὑποϐαλλομέ-

2116 4017 2240 4065 νους
2269 4002 2582 4076 λογισμοὺς,
2631 4009 2730 4072 τὰς
2768 4013 3022 4079 παγίδας,
3049 4013 3116 4065 τὰ
3150 4011 3413 4084 θήρατρα·
3439 4015 3501 4066 οὐ
3527 4015 3638 4086 μὴν

2110 4092 2244 4145 ἀλλὰ
2267 4095 2358 4147 καὶ
2392 4097 2459 4149 τὰ
2492 4097 2556 4150 δι’
2581 4093 2654 4152 ὧν
2687 4103 3100 4173 περιγένωνται,
3121 4104 3212 4157 τὸν
3241 4104 3422 4174 νόμον,
3447 4105 3516 4159 τὰ
3541 4106 3636 4158 λό-

2111 4201 2226 4252 για,
2252 4187 2350 4256 τὴν
2379 4189 2678 4262 ὑπομονὴν,
2715 4193 2813 4263 τὴν
2847 4195 3050 4248 ἄνωθεν
3074 4196 3408 4266 συμμαχίαν
3441 4197 3634 4252 ἔπειτα

2113 4278 2252 4346 μετὰ
2285 4280 2407 4343 τοὺς
2455 4281 2670 4346 πόνους,
2710 4285 2958 4356 βραδεῖα,
2986 4289 3114 4351 τοὺς
3161 4291 3478 4360 στεφάνους,
3528 4293 3632 4359 τὰς

2107 4369 2362 4439 ἀμοιϐάς.

2107 4461 2398 4531 Μακάριοι
2435 4467 2488 4519 οἱ
2523 4467 2746 4537 ἄμωμοι
2801 4472 2870 4524 ἐν
2901 4474 3036 4540 ὀδῷ.
3081 4477 3140 4528 ’0
3187 4476 3409 4550 μηδαμῆ
3451 4480 3626 4550 μηδα-

2035 4551 2151 4624 μῶς
2174 4554 2524 4625 ἁμαρτάνων,
2561 4552 2717 4623 οὗτος
2745 4561 2810 4613 ἂν
2835 4563 2920 4634 εἴη
2971 4565 3201 4636 ἄμωμος
3243 4569 3337 4622 καὶ
3371 4570 3476 4641 μὴν
3527 4571 3622 4625 καὶ

2033 4644 2322 4715 μακάριος.

2098 4735 2386 4804 Μακάριοι
2411 4741 2466 4792 οἱ
2497 4739 2929 4814 ἐξερευνῶντες
2955 4748 3028 4802 τὰ
3066 4752 3364 4820 μαρτύρια
3405 4756 3618 4822 αὐτου,

2023 4827 2093 4881 ἐν
2115 4826 2228 4896 ὅλῃ
2277 4829 2492 4897 καρδίῃ
2549 4832 2991 4902 ἑκζητήσουσιν
3029 4843 3238 4898 αὐτόν.
3279 4845 3354 4897 Οὐ
3393 4844 3505 4918 γὰρ
3539 4846 3624 4900 δεῖ

2031 4920 2160 4972 ποτὲ
2192 4920 2290 4990 μὲν
2320 4923 2616 4994 κατορθοῦν
2673 4927 2761 4981 τὸν
2791 4930 2973 5001 νόμον,
3010 4935 3138 4988 ποτὲ
3182 4937 3238 4990 δὲ
3287 4937 3618 5010 παραϐάτην

2029 5008 2302 5076 γενέσθαι.
2337 5012 2401 5063 Τί
2431 5013 2540 5084 γὰρ
2563 5014 2756 5086 κέρδος
2782 5020 2876 5072 τοῦ
2905 5019 3254 5096 ἐξερευνῆσαι
3301 5029 3369 5084 τὰ
3403 5033 3614 5101 μαρτύ-

2029 5109 2119 5162 ρια
2145 5096 2308 5148 αὑτοῦ
2365 5099 2572 5168 ἁπλῶς,
2607 5104 2700 5157 καὶ
2733 5107 2791 5173 ἐξ
2822 5109 2949 5179 ὅλης
3007 5111 3066 5164 δὲ
3099 5116 3328 5186 καρδίας
3360 5119 3451 5172 τὸν
3477 5120 3612 5176 Θεὸν

2031 5186 2104 5254 μὴ
2135 5187 2414 5259 ἐκζητεῖνς
3629 5217 3642 5282 ί

2101 5281 2182 5333 Οὐ
2226 5281 2334 5351 γὰρ
2371 5288 2422 5338 οί
2475 5287 2847 5360 ἐργπζόμενοι
2905 5294 3020 5363 τὴν
3057 5297 3314 5368 ἀνομίαν
3357 5301 3430 5355 ἐν
3475 5304 3609 5372 ταῖς

2027 5373 2188 5440 ὁδοῖς
2219 5379 2410 5432 αὐτοῦ
2443 5379 2880 5452 ἐπορεύθησαν.
2907 5388 3116 5444 Οὐκοῦν
3141 5391 3231 5444 τὸν
3271 5392 3410 5464 θεῖον
3441 5395 3606 5468 νόμον

2023 5467 2121 5520 οὐκ
2149 5463 2288 5520 οἶδεν
2318 5471 2347 5522 ὁ
2385 5471 2740 5545 ἁμαρτάνωνο
2775 5479 2836 5532 τὸ
2882 5479 2992 5552 γὰρ
3033 5463 3324 5552 γινώσκειν
3375 5463 3518 5542 ἐστὶ-
3543 5487 3605 5539 τὸ

2020 5557 2343 5630 ἐργάζεσθαι
2392 5565 2572 5622 αὐτόν.
