3880 6216
262 355 355 412 481

1313 357 1683 415 ΕἉΡΟΒῙἹΊΟ
1720 359 1792 413 ΙΝ
1834 357 2164 416 PSALMUM
2202 359 2433 417 CXVIII.

3420 361 3525 419 ‘82

334 471 415 526 Σὺ
447 471 722 524 ἑνετείλω
753 469 856 534 τὰς
875 471 1125 537 ἐντολάς
1147 488 1261 526 σου
1289 473 1675 542 φυλάξασθαι
1705 473 1824 541 σφό

2019 475 2074 538 Δ,
2099 474 2150 528 5.
2184 473 2260 526 Tu
2291 475 2558 527 mandasti
2606 474 2857 527 mandata
2908 484 3000 528 tua
3044 476 3298 529 custodiri
3344 479 3525 533 nimis.

258 564 390 634 δρα.
430 566 683 632 Ὄφελον
720 565 1265 632 κατευθυνθείησαν
1295 569 1354 619 αἱ
1407 565 1536 619 ὁδοί
1585 584 1703 634 μου
1738 563 1844 617 τοῦ

253 655 643 726 φυλάξασθαι
687 655 758 707 τὰ
811 655 1167 724 δικαιώματὰ
1228 673 1364 710 σου.
1401 657 1585 719 Γνοὺς,
1617 656 1691 719 ὡς
1742 655 1844 724 τῆς

253 746 462 800 ἄνωθεν
491 745 809 816 ἐπικουρίας
855 747 1023 818 χωρὶς
1073 748 1134 799 οὐ
1182 747 1404 801 δυνατόν
1460 765 1581 800 τινα
1628 747 1842 816 φύλακα

252 836 507 902 γενέσθαι
530 835 622 888 τοῦ
669 838 854 906 νόμου,
899 840 1030 909 εὐχῇ
1054 839 1211 892 τοῦτο
1255 840 1431 910 ἐαυτῷ
1456 839 1729 911 κατορθοῖ·
1758 840 1838 902 τὸ,

253 927 500 996 ὄφελεν,
533 931 652 982 ἀντὶ
674 930 788 995 τοῦ,
819 931 1046 998 γένοιτο,
1077 935 1272 986 κεῖται.

338 1020 890 1090 Ἐξομολογήσομαί
952 1037 1050 1074 σοι
1105 1023 1174 1075 ἐν
1242 1025 1516 1090 εὐθίντητι
1571 1025 1835 1091 καρδίας.

252 1109 412 1163 Μετὰ
442 1111 539 1179 τὴν
591 1111 757 1182 εὐχὴν
803 1113 896 1163 καὶ
935 1112 995 1164 τὸ
1052 1112 1158 1165 ἀπὸ
1203 1114 1577 1184 προαιρέσεως
1603 1115 1833 1184 τίθησιν.

265 1201 434 1272 Ἀρχὴ
465 1201 520 1252 δὲ
543 1202 640 1270 τῆς
667 1203 988 1274 σωτηρίαςὴ
1019 1202 1422 1273 ἐξομολόγησις.

325 1293 422 1357 Μή
457 1312 532 1361 με
563 1294 1003 1362 ἐγκαταλείπῃς
1053 1293 1162 1359 ἕως
1197 1295 1450 1365 σφόδρα.
1513 1295 1679 1349 Πάλιν
1739 1297 1836 1368 τὴν

249 1384 457 1437 ἄνωθεν
491 1385 804 1454 συμμαχίαν
831 1385 1184 1438 ἐπικαλεῖται.

334 1476 433 1527 Ἐν
460 1476 574 1527 τίνι
606 1475 963 1543 κατορθώσει
988 1473 1265 1544 νεώτερος
1305 1476 1418 1544 τὴν
1444 1477 1586 1530 ὁδὸν
1612 1479 1835 1542 αὺτοῦ;

247 1564 492 1628 Πολλῶν,
544 1566 728 1635 φησὶν,
778 1567 989 1636 ἐστινὴ
1033 1567 1222 1638 νεότης
1273 1568 1588 1620 σκανδάλων
1639 1571 1830 1640 μεστή.

248 1656 378 1720 Πῶς
414 1652 506 1709 οῦν
564 1674 648 1719 τις
674 1656 846 1712 ταῦτα
887 1656 1148 1727 ὑπερέϐη,
1211 1657 1244 1726 ἢ
1283 1657 1370 1709 διὰ
1415 1657 1509 1709 τοῦ
1562 1657 1702 1726 ἔχειν
1735 1659 1832 1728 τὴν

253 1750 479 1819 μνήμην
521 1748 646 1810 τοὺς
697 1747 791 1801 τοῦ
847 1746 979 1799 Θεοῦ
1025 1747 1216 1814 λόγους
1272 1746 1594 1810 διαπαντός;
1649 1749 1680 1816 ή
1722 1746 1831 1817 γὰρ

245 1841 428 1893 ἔννοια
453 1838 546 1891 τοῦ
576 1839 719 1890 θείου
742 1838 904 1908 νόμου
939 1838 1032 1890 καὶ
1061 1837 1362 1909 καθαρτικὴ
1404 1856 1495 1891 και
1520 1838 1828 1910 φυλακτικὴ

245 1931 470 1992 πάντως
499 1929 665 1982 ἐστίν.

325 2024 431 2076 Ἐν
465 2021 580 2089 ὅλῃ
629 2020 843 2088 καρδίᾳ
860 2037 978 2088 μου
1006 2016 1334 2085 ἑξεζνὶτησά
1360 2031 1452 2070 σε.
1482 2017 1542 2069 Εἰ
1577 2018 1609 2088 ή
1643 2017 1828 2089 μνήμη

238 2113 337 2168 τοῦ
385 2112 541 2177 Θεοῦ,
589 2113 754 2182 φησὶ,
817 2112 943 2173 τοὺς
995 2110 1323 2171 Σατανικοῦς
1385 2109 1602 2161 ἐκδῦναι
1657 2127 1832 2181 παρα-

244 2205 504 2270 σκευάζει
529 2206 772 2276 βρόχους,
809 2205 919 2272 ἐγὼ
942 2205 997 2257 δὲ
1023 2202 1256 2275 ἐμαυτοῦ
1297 2203 1424 2272 ὃλην
1473 2201 1568 2273 τὴν
1593 2203 1829 2257 διάνοιαν

237 2299 487 2370 ἀνέθηκα
517 2317 596 2351 σοι
629 2299 706 2368 τῷ
744 2298 881 2368 Θεῷ·
911 2298 1056 2363 ἄξιός
1083 2299 1196 2365 εἰμι
1226 2294 1331 2348 τῶν
1366 2294 1472 2347 σῶν
1499 2295 1602 2358 ἔξω
1629 2296 1700 2367 μὴ
1732 2296 1829 2364 μὲ-

238 2407 352 2444 νειν
381 2389 630 2443 ἐντολῶν.
669 2390 740 2442 ’Ἄ
788 2407 939 2460 φησι,
995 2390 1068 2460 μὴ
1127 2388 1451 2458 ἀπογνὸημὰ
1489 2406 1571 2451 τις
1695 2389 1870 2458 πρὸςι

235 2487 378 2554 ὅπερ
409 2485 664 2556 ἐροῦμεν,
688 2483 951 2554 ἐπιθυμία
977 2486 1042 2553 τῇ
1076 2483 1203 2552 περὶ
1225 2482 1315 2534 τὸν
1344 2483 1504 2551 νόμον
1533 2481 1823 2551 χρώμενοι,

233 2577 440 2629 δέδωκε
486 2576 582 2646 τὴν
613 2575 928 2628 ἁσυνεσίανο
984 2575 1016 2643 ἢ
1074 2573 1288 2636 πολλοῖς
1329 2574 1428 2644 τὴν
1483 2573 1714 2644 σπουδὴν
1749 2575 1828 2636 είς

232 2667 554 2722 τούναντίον
585 2666 915 2735 περιίστησι,
947 2665 1038 2718 καὶ
1065 2667 1121 2717 ἐν
1149 2660 1229 2728 οἷς
1280 2665 1494 2717 δοκοῦσι
1528 2666 1826 2736 κατορθοῦν

232 2763 446 2832 ἐσφάλη
458 2780 574 2825 σαν,
599 2761 740 2814 κατὰ
764 2761 824 2812 τὸ
843 2760 1132 2830 λεγόμενον
1156 2761 1298 2830 παρὰ
1323 2760 1828 2830 ΣολομῶνιοἝστιν

232 2855 380 2920 ὁδὸς
411 2854 448 2923 ἢ
478 2853 644 2907 δοκεῖ
665 2854 822 2919 παρὰ
851 2852 1182 2918 ἀνθρώποις
1221 2853 1363 2920 ὀρθὴ
1411 2849 1582 2904 εἶναι’
1625 2853 1695 2905 τὰ
1757 2850 1826 2904 δὲ

232 2945 552 3000 τελευταῖα
575 2943 764 3011 αὐτῆς
792 2944 1024 3013 ἔρχεται
1057 2947 1142 3009 εὶς
1187 2945 1458 3011 πυθμένα
1491 2943 1656 3009 ᾅδου.
1683 2943 1822 2994 Οὐκ-

230 3038 330 3095 οῦν
377 3041 526 3099 ὅστις
580 3036 639 3101 ἐξ
687 3037 944 3107 ἡμισείας
1011 3035 1238 3106 καρδίας
1270 3035 1359 3088 τὸν
1393 3034 1524 3087 Θεὸν
1555 3031 1820 3103 ἐπιζητεῖ,

1955 562 2170 618 Utinam
2204 566 2508 636 dirigantur
2535 567 2633 620 via:
2675 583 2802 619 mete
2828 565 2896 618 ad
2920 567 3291 620 custodiendas
3312 568 3523 637 justi/t-

1947 660 2176 709 cationes
2201 669 2318 710 tuas
2335 658 2354 709 .'
2377 657 2610 721 Gnarus,
2631 657 2747 710 sine
2768 659 2976 712 cmlesti
3006 657 3210 711 auxilio
3234 674 3337 711 non
3364 675 3524 727 posse

1945 750 2253 817 quempiam
2282 750 2414 816 legis
2441 765 2562 803 esse
2595 750 3024 814 observatorem,
3060 751 3111 803 id
3145 753 3393 806 oratione
3417 753 3520 806 Sibi

1945 849 2243 908 comparat.
2274 839 2430 904 Illud,
2463 842 2687 906 utinam,
2719 843 2956 910 positum
2991 850 3076 895 est
3109 857 3208 911 pro
3237 841 3349 899 ﬁat.

2021 1035 2071 1089 7.
2110 1034 2407 1089 Con/itebor
2453 1035 2546 1091 tibi
2580 1039 2634 1090 in
2668 1037 2949 1091 directione
2991 1039 3183 1091 cordis.
3227 1037 3359 1093 Post
3401 1054 3520 1093 ora-

1943 1124 2140 1177 tionem
2166 1127 2401 1194 explicat
2423 1142 2528 1194 qua
2557 1128 2626 1180 sit
2651 1127 3002 1180 inclinatione
3025 1129 3342 1182 voluntatis.
3361 1129 3517 1182 Priu-

1939 1214 2141 1283 cipium
2175 1227 2349 1268 autem
2381 1217 2594 1275 salutis.
2616 1225 2698 1270 est
2721 1217 3014 1271 confessio.

2020 1307 2072 1360 8.
2106 1306 2227 1359 Non
2257 1324 2334 1360 me
2363 1309 2692 1377 derelinquas
2721 1325 3102 1378 usquequaque.
3143 1309 3380 1366 Rursum
3421 1327 3513 1368 su-

1936 1397 2120 1464 perius
2145 1407 2502 1451 merueratqu
2534 1401 2772 1467 postulat
2805 1401 3067 1454 auxilium

2004 1485 2056 1539 9.
2088 1485 2153 1538 In
2183 1504 2284 1555 quo
2309 1490 2522 1557 corrigit
2556 1489 2935 1543 adolescentior
2953 1493 3086 1544 riam
3113 1509 3283 1547 suam.
3305 1491 3510 1562 Multis,

1937 1577 2147 1648 inquit,
2183 1579 2524 1634 olTendiculis
2573 1581 2730 1649 plena
2771 1590 2853 1636 est
2889 1583 3169 1652 juventus.
3200 1583 3318 1650 Quo
3350 1597 3508 1654 pacto

1935 1671 2097 1738 igitur
2133 1671 2221 1724 illa
2257 1672 2379 1739 quis
2411 1674 2767 1741 superaverit,
2806 1675 2909 1727 nisi
2953 1676 3329 1730 conservando
3368 1692 3510 1731 sem-

1934 1775 2029 1828 per
2062 1762 2381 1814 memoriam
2410 1763 2695 1816 verborum
2727 1762 3003 1817 Dei?Nam
3028 1767 3285 1835 cogitatio
3309 1767 3508 1821 divinae

1935 1852 2094 1923 legis,
2135 1869 2244 1907 una
2278 1851 2507 1907 mundat
2537 1862 2700 1924 atque
2730 1856 2991 1910 custodit.

1928 2067 1935 2075 -
2013 2028 2100 2082 10.
2130 2027 2194 2081 In
2225 2038 2331 2081 toto
2359 2029 2514 2082 corde
2552 2045 2664 2082 meo
2712 2030 2969 2097 exquisivi
3001 2041 3067 2084 te.
3100 2029 3156 2085 Si
3187 2031 3278 2085 Dei
3304 2049 3504 2090 memo-

1929 2121 2032 2186 ria,
2069 2119 2264 2191 inquit,
2293 2121 2358 2175 ad
2410 2120 2694 2176 Satanieos
2750 2122 2974 2192 laqueos
3021 2123 3272 2179 vitandos
3310 2126 3498 2194 juvat;

1929 2227 2029 2282 ego
2062 2228 2189 2266 vero
2222 2221 2386 2265 totam
2415 2213 2796 2281 cogitationem
2827 2228 3001 2266 meam
3033 2214 3126 2267 tibi
3159 2213 3265 2268 Deo
3290 2217 3498 2284 obtuli;

1928 2305 2119 2374 dignus
2146 2319 2262 2356 sum
2279 2303 2368 2372 qui
2389 2320 2491 2356 non
2514 2319 2756 2356 maneam
2785 2314 2936 2357 extra
2959 2305 3207 2359 mandata
3240 2315 3329 2360 tua
3363 2305 3497 2382 (14).

1928 2393 2058 2461 Quae
2087 2396 2182 2460 ait,
2232 2411 2300 2449 ne
2347 2397 2400 2449 in
2438 2395 2867 2463 desperationem
2909 2396 3214 2451 incidamus
3261 2414 3361 2452 nos
3406 2399 3500 2468 qui

1927 2503 2050 2557 erga
2112 2490 2282 2556 legem
2337 2488 2612 2542 desiderio
2649 2496 2914 2540 tenemur.
2969 2489 3103 2542 Sunt
3156 2491 3300 2542 mini
3359 2506 3498 2560 quos

1927 2578 2070 2633 Deus
2101 2581 2376 2648 permittat
2411 2580 2465 2632 in
2514 2580 2935 2646 imprudentiam
2985 2580 3090 2634 labi
3123 2599 3137 2646 ;
3177 2583 3291 2636 sive
3331 2585 3496 2640 etiam

1927 2671 2112 2725 multis
2149 2671 2387 2725 studium
2425 2671 2478 2724 in
2522 2671 2853 2724 contrarium
2899 2675 3199 2738 convertit;
3233 2675 3306 2727 ita
3353 2683 3408 2728 ut
3441 2677 3497 2731 in

1925 2762 2122 2830 quibus
2176 2778 2233 2816 se
2263 2771 2406 2815 recte
2453 2778 2610 2830 agere
2646 2771 2839 2831 putant
2877 2763 3302 2830 lm'luciurntur,
3341 2766 3496 2834 juxta

1924 2853 2095 2906 illuda
2117 2853 2408 2906 Salomone
2432 2853 2632 2906 dictum
2657 2853 2700 2883 *3
2727 2871 2738 2905 :
2770 2851 2860 2904 Est
2883 2854 2963 2905 via
2994 2869 3108 2923 qua:
3137 2854 3340 2906 videtur
3356 2855 3494 2924 apud

1924 2944 2154 2996 homines
2187 2955 2325 2996 recta
2349 2959 2478 3006 esse,
2507 2942 2656 3010 cujus
2683 2952 2912 2995 extrema
2939 2945 3146 2996 veniunt
3179 2945 3248 2998 ad
3271 2946 3494 3014 profun-

1924 3033 2049 3084 dum
2083 3033 2298 3102 inferni.
2346 3033 2455 3103 (45)
2492 3033 2662 3102 Igitur
2707 3032 2956 3101 quisquis
2989 3049 3053 3086 ex
3092 3036 3268 3088 media
3315 3037 3495 3090 cordis

229 3131 330 3185 νῦν
371 3131 471 3199 μὲν
501 3127 667 3197 αὐτῷ,
695 3126 787 3178 νῦν
834 3127 890 3179 δέ
941 3126 1017 3197 τῷ
1058 3127 1246 3196 κόσμῳ
1308 3125 1588 3196 σχολάζειν
1643 3125 1824 3194 βουλό-

1943 3135 2073 3178 )arte
2099 3123 2266 3177 Deum
2295 3125 2508 3194 qtuerit,
2532 3133 2585 3178 et
2614 3124 2776 3177 modo
2795 3125 2896 3192 ipsi
2922 3139 3047 3178 mox
3076 3127 3279 3180 mundo
3303 3141 3496 3180 vacare

234 3239 420 3293 μενος,
451 3219 636 3273 τοῦτον
666 3218 957 3271 ἀποϐάλλει
1001 3217 1108 3271 τῶν
1163 3215 1377 3269 οἰκείων
1428 3215 1678 3280 ἐντολῶν,
1744 3215 1821 3279 ὡς

232 3311 577 3384 στρατιώτην
603 3310 880 3380 ἀδόκιμον.

320 3404 418 3454 Ἐν
451 3401 523 3470 τῇ
563 3400 776 3468 καρδίᾳν
794 3417 914 3468 μου
947 3399 1184 3466 ἔκριίνψα
1220 3397 1293 3451 τὰ
1347 3397 1524 3466 λόγιὰ
1577 3413 1713 3452 σου.
1755 3398 1818 3450 Εἰ

235 3495 312 3566 μὴ
341 3493 451 3566 γὰρ
483 3493 733 3563 καθάπερ
764 3493 819 3544 ἐν
845 3491 1136 3561 θησαυροῖς
1188 3507 1272 3553 τις
1306 3493 1371 3561 τῇ
1396 3491 1590 3560 καρδίᾳ
1623 3491 1818 3543 ἐναπο-

230 3586 428 3657 κλεεσῃ
453 3584 552 3646 τὰς
599 3583 692 3636 τοῦ
740 3581 872 3635 Θεοῦ
924 3581 1162 3646 ἐντολὰς,
1202 3581 1468 3652 ἔρχεταιό
1511 3581 1818 3653 κακοῦργος

234 3678 332 3730 καὶ
354 3676 591 3748 ἁρπάζει
622 3675 810 3738 αὑτάς.
863 3673 1187 3745 Ἀμαρτάνει
1238 3673 1317 3743 τῷ
1369 3672 1486 3744 Θεῷ
1511 3674 1538 3724 ὁ
1567 3672 1818 3737 ἀξιωθεὶς

235 3769 436 3838 λογίων
488 3765 961 3838 ἁπορῤητοτέρων,
1013 3765 1104 3817 καὶ
1160 3763 1498 3831 κρύπτεσθαι
1540 3763 1648 3816 ἀπὸ
1709 3763 1817 3817 τῶν

237 3861 451 3918 πολλῶν
474 3861 660 3927 ἀξίων,
723 3859 815 3911 καὶ
863 3859 936 3928 μὴ
988 3857 1243 3927 κρύπτων
1293 3856 1432 3909 αὐτὰ
1480 3857 1570 3924 ἀφ’
1605 3849 1679 3908 ὧν
1717 3856 1813 3910 δεῖ.

232 3954 496 4015 Κίνδυνος
521 3951 630 4022 γὰρ
659 3950 720 4002 οὐ
751 3950 906 4019 μόνον
950 3949 1010 4002 τὸ
1041 3949 1109 4002 τὰ
1132 3948 1302 4018 ψευδῆ
1324 3947 1524 4015 λέγειν,
1549 3947 1683 4000 ἀλλὰ
1723 3948 1818 4000 καὶ

231 4047 293 4100 τὸ
324 4047 393 4099 τὰ
439 4043 638 4114 ἀληθῆ,
687 4041 824 4095 ἐπὰν
858 4041 994 4104 ὅλως
1054 4039 1089 4092 ἃ
1132 4040 1204 4110 μὴ
1239 4038 1320 4090 δεῖ
1371 4039 1681 4112 ἀπαγγείλῃ
1711 4055 1812 4102 τιςο

227 4141 313 4192 Οὐ
339 4138 448 4207 γὰρ
479 4135 574 4188 δεῖ
612 4134 755 4200 τοὺς
795 4131 1160 4202 μαργαρίτας
1219 4129 1561 4193 ,βάλλεσθαι
1596 4128 1815 4198 ἔμπρο-

232 4234 388 4286 σθεν
437 4228 557 4282 τῶν
607 4227 857 4297 χοίρων,
910 4222 1052 4277 οὐδὲ
1105 4220 1335 4274 διδόναι
1390 4220 1462 4274 τὰ
1505 4219 1641 4288 ἅγια
1692 4219 1817 4284 τοῖς

233 4323 444 4377 κυσίν.

306 4409 654 4478 Εὐλογητὸς
673 4401 744 4472 εἴ,
780 4405 974 4472 Κύριε,
995 4400 1244 4464 δίδαξόν
1260 4417 1336 4470 με
1366 4398 1438 4452 τὰ
1456 4398 1814 4467 δικαιώματά

1927 3217 2106 3284 cupit;
2138 3217 2282 3270 hunc
2318 3217 2406 3271 ille
2430 3231 2461 3270 a
2494 3216 2610 3271 suis
2643 3216 2916 3270 mandatis
2941 3215 3130 3286 abjicit
3169 3225 3228 3271 ut
3264 3219 3493 3274 militem

1926 3305 2200 3377 ignavum.

2004 3398 2090 3451 11.
2119 3397 2184 3450 In
2209 3398 2361 3452 corde
2391 3415 2502 3452 meo
2545 3397 2795 3451 abscondi
2836 3398 3042 3468 eloquia
3067 3411 3177 3454 tua.
3201 3398 3314 3455 Nisi
3347 3401 3492 3455 enim

1924 3489 2148 3560 quilibet
2183 3489 2274 3546 Dei
2302 3492 2552 3545 mandata
2589 3493 2642 3545 in
2669 3491 2832 3545 corde
2862 3506 2958 3544 ceu
2995 3492 3282 3546 thesauros
3305 3508 3494 3546 recon-

1923 3583 2034 3646 dat,
2063 3583 2207 3637 venit
2237 3582 2507 3651 maliguus
2533 3582 2620 3635 ille
2650 3591 2702 3635 et
2732 3581 2872 3650 rapit
2897 3597 2978 3635 ea.
3002 3580 3172 3652 (Alius
3203 3581 3406 3651 codex.)
3435 3580 3493 3637 In

1923 3676 2091 3729 Deum
2123 3681 2310 3745 peccat
2334 3674 2426 3742 qui
2450 3673 2645 3741 dignus
2678 3673 2909 3726 habetur
2929 3675 3222 3726 secretiora
3248 3675 3494 3742 accipere

1922 3765 2106 3825 verba,
2134 3779 2255 3832 qua:
2287 3779 2383 3832 par
2409 3771 2527 3816 erat
2569 3762 2902 3816 abscondere
2935 3763 3163 3825 multis,
3198 3778 3371 3832 neque
3407 3771 3490 3816 ta-

1922 3871 2045 3910 men
2077 3853 2362 3909 abscondit
2399 3853 2466 3906 iis
2501 3869 2638 3922 quos
2666 3869 2730 3906 ea
2776 3853 3027 3923 ignorare
3055 3855 3360 3922 Oportebat.
3387 3852 3494 3906 Pe~

1923 3948 2218 4001 ricuiosum
2260 3961 2494 4014 namque
2527 3957 2637 4007 est,
2675 3959 2780 3998 non
2833 3945 2995 3997 modo
3022 3943 3154 3998 falsa
3195 3945 3363 4013 loqui,
3395 3943 3492 3998 sed

1923 4040 2084 4096 etiam
2117 4054 2267 4100 vera,
2302 4037 2524 4107 quando
2565 4035 2834 4104 quispiam
2881 4050 2941 4088 ea
2975 4050 3097 4104 quae
3129 4051 3234 4088 non
3276 4043 3490 4102 oportet

1922 4131 2196 4186 renuntiat
2234 4147 2246 4183 :
2283 4127 2404 4181 Non
2444 4136 2645 4197 oportet
2683 4129 2821 4180 enim
2868 4129 3184 4196 margaritas
3233 4126 3490 4196 projicere

1921 4233 2040 4276 ante
2068 4238 2273 4293 porcos,
2311 4237 2468 4291 neque
2501 4221 2628 4273 dare
2660 4229 2844 4274 sancta
2876 4220 3094 4273 canibus
3116 4218 3182 4273 “.

1995 4405 2081 4458 12.
2118 4401 2429 4456 Benedictus
2454 4418 2527 4464 es,
2559 4400 2800 4468 Domine,
2825 4402 2950 4455 doce
2974 4417 3053 4456 me
3071 4401 3483 4471 justiﬁcationes

233 4520 374 4558 σου.
405 4500 735 4571 Αίσθὸμενος
783 4497 882 4566 τῆς
917 4491 1105 4547 ἐαυτοῦ
1142 4491 1423 4565 προκοπῆς
1459 4490 1559 4560 τῆς
1584 4491 1690 4542 ἀπὸ
1717 4489 1811 4542 τοῦ

1942 4512 2056 4548 uas.
2084 4495 2216 4549 Cum
2262 4494 2492 4549 senserit
2536 4492 2836 4562 profectum
2872 4510 3054 4559 suum,
3078 4510 3238 4564 quem
3285 4495 3487 4549 fecerat

235 4600 295 4650 ἐν
322 4596 420 4668 ὅλῃ
447 4594 645 4664 καρδίᾳ
695 4587 996 4659 ἐκζητῆσαι
1037 4586 1126 4638 τὸν
1171 4585 1322 4647 Θεὸν,
1372 4582 1582 4651 εὐλογεῖ
1633 4583 1816 4645 αὑτὸν,

237 4684 573 4759 εὐχαριστῶν
605 4683 705 4753 ἤδη
741 4681 824 4750 ἐφ’
849 4675 928 4741 οἷς
977 4675 1204 4747 ἠξιώθη·
1247 4675 1340 4727 καὶ
1367 4674 1493 4744 παρ’
1527 4673 1689 4726 αὐτοῦ
1725 4672 1820 4743 ζη..

233 4784 318 4835 τεῖ
356 4777 544 4849 μαθεῖν
564 4775 687 4828 τίνα
718 4771 840 4824 νοῦν
868 4770 978 4840 ἔχει
1016 4768 1084 4820 τὰ
1109 4765 1449 4834 δικαιώματα
1470 4763 1652 4816 αὐτοῦ.

318 4873 416 4922 Ἐν
447 4867 569 4932 τοῖς
601 4863 834 4934 χείλεσί
857 4879 975 4930 μου
1017 4859 1335 4928 ἐξήγγειλα
1383 4855 1577 4908 πάντα
1598 4856 1669 4909 τὰ
1699 4855 1819 4922 κρί-

226 4977 389 5032 ματα
435 4958 542 5011 τοῦ
599 4953 896 5022 στόματός
923 4966 1059 5002 σου.
1101 4949 1167 4999 "A
1211 4947 1309 5016 μὲν
1359 4947 1523 5016 ἐχρῆν
1556 4945 1818 5016 κρύπτειν

232 5055 528 5124 ἔκρυπτον,
565 5046 752 5116 φησὶν,
796 5043 832 5096 ἃ
872 5041 929 5094 δὲ
963 5037 1306 5107 ἐξαγγέλλειν
1360 5035 1701 5106 ἐξήγγελλον
1735 5037 1816 5089 ὅτι

229 5146 310 5215 τῷ
364 5143 444 5213 σῷ
493 5139 760 5212 κριτηρίῳ
797 5137 922 5199 τοὺς
956 5134 1162 5194 πάντας
1205 5131 1553 5201 παραστῆναι
1587 5129 1682 5181 δεῖ·
1732 5130 1817 5182 ἵνα

233 5232 592 5305 κομισώμεθα
622 5229 757 5300 προς
801 5227 838 5281 ἃ.
883 5225 1218 5296 ἐπράξαμεν.

337 5331 422 5381 Er
453 5323 528 5391 τῇ
562 5321 677 5386 ὀδῷ
699 5319 816 5373 τῶν·
835 5315 1172 5387 μαρτυρίων
1214 5312 1346 5366 σου”
1388 5308 1695 5378 ἐτέρφθηγ,
1736 5309 1816 5376 ὡς

233 5418 334 5471 ἐπὶ
367 5415 544 5468 παντὶ
593 5412 851 5474 πλούτῳ.
884 5401 980 5470 Τίς
1008 5408 1036 5459 ὁ
1085 5402 1224 5457 κατὰ
1257 5402 1388 5454 Θεὸν
1441 5398 1670 5464 πλοῦτος
1693 5417 1817 5452 παι-

228 5506 468 5560 δεύεταιο
499 5501 580 5554 διό
613 5513 796 5569 φησιν*
855 5495 1019 5550 Οὐδέν
1057 5510 1123 5564 με
1172 5487 1315 5544 εἶλεν
1367 5491 1424 5544 ἐν
1467 5487 1544 5559 τῷ
1590 5489 1815 5562 παρᾴντι

1414 5569 1420 5592 l

302 5640 350 5672 ⁵³
377 5637 538 5692 Prov.
569 5632 790 5701 “1,25.
865 5629 911 5664 “
941 5629 1129 5685 Matth.
1161 5643 1257 5694 vn,
1291 5628 1342 5682 6.

309 5775 424 5845 (ιιι
460 5773 665 5828 Locum
701 5770 953 5826 vitiosum
979 5766 1294 5825 augurando
1330 5764 1610 5823 vertimus.

1921 4583 2256 4652 exquirendo
2304 4582 2475 4636 Deum
2512 4583 2563 4635 in
2611 4590 2722 4636 toto
2756 4584 2917 4638 corde
2963 4598 3084 4647 suo,
3113 4584 3288 4652 ipsum
3325 4584 3488 4638 bene-

1919 4671 2050 4726 dicit
2071 4671 2272 4741 gratias
2293 4685 2456 4740 agens
2483 4671 2548 4724 de
2569 4671 2781 4726 collatis
2813 4672 2991 4738 bonis,
3022 4682 3075 4726 et
3105 4681 3259 4744 rogat
3281 4674 3483 4743 abipso

1920 4763 2124 4826 doceri,
2161 4778 2324 4833 quam
2361 4772 2594 4816 mentem
2627 4762 2859 4816 habeant
2887 4763 3306 4832 justiticationes
3339 4763 3478 4834 ejus.

1992 4858 2076 4910 15.
2113 4855 2178 4909 In
2209 4855 2365 4908 labiis
2414 4857 2541 4908 meis
2585 4856 2916 4924 prmtmttiavi
2943 4857 3119 4909 omnia
3136 4856 3342 4926 judicia
3375 4858 3482 4910 oris

1921 4950 2016 5002 tui.
2041 4947 2173 5014 Qua:
2199 4947 2456 5001 abscondi
2485 4946 2787 5016 oportebat,
2820 4947 3014 5016 inquit,
3047 4948 3480 5015 abscondebam;

1917 5054 2039 5107 qua:
2082 5038 2415 5102 renuntiare,
2459 5038 2874 5104 renuntiabant;
2920 5041 3047 5108 quia
3081 5051 3205 5096 ante
3245 5039 3484 5094 tribunal

1917 5139 2070 5184 tuum
2101 5144 2292 5183 omnes
2316 5127 2556 5183 adfuturi
2583 5146 2803 5196 sumus,
2836 5138 2896 5185 ut
2928 5133 3260 5202 accipiamus
3288 5147 3483 5187 secun-

1915 5221 2044 5275 dum
2071 5235 2233 5289 opera
2265 5228 2470 5274 nostra.

2001 5313 2089 5366 14.
2124 5312 2188 5366 In
2220 5313 2303 5365 via
2335 5312 2750 5365 testimoniorum
2783 5321 2991 5364 tuorum
3021 5311 3311 5366 delectatus
3343 5329 3480 5375 sum,

1915 5405 2050 5459 sicut
2098 5405 2154 5457 in
2196 5403 2434 5456 omnibus
2474 5403 2696 5457 divitiis.
2753 5403 3024 5457 Edocetur
3058 5419 3307 5472 quasnam
3354 5413 3482 5460 sunt

1915 5497 2216 5554 secundum
2276 5494 2446 5550 Deum
2492 5494 2731 5559 divitiae;
2775 5492 3134 5561 quamobrem
3181 5489 3479 5546 ait:'t'liliil

1967 5745 2098 5817 (£5)
2125 5745 2180 5834 lu
2214 5748 2341 5813 lica.
2373 5747 2406 5801 9.
2435 5747 2547 5804 hac
2573 5745 2826 5825 dicuntur
2857 5743 3132 5818 Hesychii.
