3880 6216
193 313 301 370 λεδ

1280 314 1643 372 EXPOSITIO
1684 316 1750 372 IN
1789 317 2121 376 PSALMUM
2159 316 2389 374 CXVI“.

3344 333 3453 389 εδδ

190 447 313 498 φειν
339 444 436 481 ουν
481 426 577 481 καὶ
616 429 911 500 γρηγορεῖν
942 428 1049 500 χρὴ
1094 428 1183 483 διὰ
1226 429 1316 483 τὸν
1351 431 1589 485 είπόντα”
1622 435 1776 501 Γρη-

1888 448 2041 503 agere
2067 441 2120 490 et
2149 423 2376 502 vigilare
2399 433 2653 488 convenit
2675 444 2896 507 propter
2928 452 3053 493 eum
3096 456 3191 512 qui
3214 441 3346 500 dicit
3367 447 3409 479 δ’
3435 466 3450 502 :

188 516 417 589 τορεῖτε
446 518 544 571 καὶ
585 521 1013 589 προσεύχεσθε.

274 609 452 663 Ὃδὸν
510 609 746 676 ἀδικίας
763 612 1142 680 ’ἀποστησον
1188 613 1288 666 ἀπ’
1334 613 1502 682 ἐμοῦ,
1541 616 1640 669 καί
1697 615 1778 682 τῷ

187 703 354 770 νόμῳ
377 719 494 755 σου
525 701 790 769 ἐλέησόν
835 721 932 772 με.
975 704 1144 758 Ὀδόν
1167 706 1447 773 ἀληθείας
1502 708 1779 775 ᾐρετισά-

181 809 332 861 μην,
369 791 444 845 Τὸ
473 793 572 862 μὲν
597 794 737 845 αίτεῖ
765 794 915 865 παρὰ
942 794 1098 862 Θεοῦ,
1126 795 1187 848 τὸ
1209 796 1266 848 δὲ
1299 797 1476 868 ἑαυτῷ
1504 799 1776 870 εἰσφέρειν

185 883 465 952 ὁμολογεῖ.

277 976 694 1044 Ἀπόστρεψον
752 977 895 1044 τοὺς
951 979 1299 1051 ὀφθαλμούς
1353 1001 1474 1052 μου
1537 983 1646 1037 τοῦ
1688 981 1774 1052 μὴ

192 1066 346 1121 ἰδεῖν
369 1069 753 1136 ματαιότητα.
781 1071 1094 1142 Ματαιὸτης
1139 1074 1286 1126 ἐστὶν
1309 1075 1341 1144 ή
1369 1075 1496 1145 περὶ
1523 1074 1620 1137 τὰς
1650 1073 1777 1136 θέας

193 1160 385 1228 μανία,
417 1164 450 1233 ἡ
486 1162 742 1233 περὶτῶν
776 1162 850 1234 μὴ
873 1162 1098 1217 δεόντων
1145 1163 1366 1236 θεωρία,
1418 1169 1511 1220 καὶ
1548 1169 1580 1239 ἡ
1635 1167 1776 1221 κατὰ

189 1251 432 1306 διάνοιαν
486 1254 543 1306 δὲ
591 1241 788 1318 ἄτοπός
825 1257 1116 1325 φαντασία,
1170 1260 1236 1330 ῆν
1293 1259 1388 1312 καὶ
1441 1259 1777 1332 σαφηνίζειό

190 1343 409 1408 Παῦλος
437 1345 629 1413 λέγων·
675 1345 777 1398 Ἐν
833 1349 1186 1416 ματαιότητι
1247 1351 1353 1404 τοῦ
1385 1351 1528 1418 νοὸς
1579 1351 1778 1406 αὐτῶν

187 1436 590 1505 ἐσκοτωμένοι
619 1435 694 1504 τῇ
725 1436 958 1506 διανοίᾳ
991 1439 1180 1506 ὄντες,
1232 1443 1778 1512 ἀπηλλοτριωμένοι

187 1527 305 1594 τῆς
334 1526 481 1596 ζωῆς
508 1529 614 1582 τοῦ
652 1530 822 1584 Θεοῦ.
870 1531 1011 1603 Ὅρα
1041 1534 1380 1604 ματαιότητα
1408 1535 1527 1598 νοὸς
1551 1535 1779 1607 λεγομέ-

188 1635 314 1689 νην,
346 1621 423 1672 ὄτ“
450 1619 516 1672 ἂν
551 1623 651 1691 σχῇ
687 1639 772 1686 τις
799 1623 944 1688 νοῦν,
981 1626 1075 1678 καὶ
1129 1625 1318 1679 τούτου
1379 1627 1453 1699 μὴ
1506 1631 1778 1701 χρήσηται

187 1712 332 1782 πρὸς
359 1712 457 1782 τὴν
477 1712 586 1765 τῶν
615 1712 830 1784 ἀληθῶν
879 1714 1132 1786 θεωρίαν,
1161 1718 1296 1772 ἀλλὰ
1341 1719 1570 1790 παρέχει
1617 1721 1777 1775 αὐτὸν

1892 528 2116 598 Vigilate
2147 539 2195 583 et
2223 537 2391 584 orate.

1955 621 2049 685 29,
2077 620 2165 674 50.
2210 620 2364 674 Viam
2406 623 2704 692 iniquitatis
2737 640 2916 691 amove
2957 643 2988 680 a
3035 643 3138 689 me,
3164 638 3214 681 et
3243 628 3308 682 de
3347 607 3487 701 lege‘

1879 722 1972 767 tua
1999 713 2242 766 miserere
2260 714 2380 766 mei.
2415 712 2567 767 Viam
2598 716 2836 768 ueritatis
2867 716 3018 786 elegi.
3060 717 3198 771 lllud
3230 718 3455 788 quidem

1875 821 1906 860 a
1939 805 2050 862 Deo
2079 806 2336 876 postulat,
2360 807 2464 862 hoc
2488 822 2547 862 se
2571 807 2670 862 sibi
2700 808 2972 864 ascribere
3001 809 3312 865 conﬁtetur.

1949 973 2038 1028 '57.
2070 976 2254 1028 Averte
2280 973 2458 1028 oculos
2509 990 2647 1028 meos
2675 991 2737 1028 ne
2767 972 2974 1028 videant
3011 975 3322 1028 vanitatem.
3348 971 3458 1027 Va-

1843 1089 1846 1091 λ
1878 1046 2020 1120 nitas
2035 1073 2118 1120 est
2141 1066 2574 1136 spectaculorum
2607 1066 2830 1120 insanus
2855 1081 3032 1132 amor,
3056 1066 3243 1120 illicita
3272 1081 3456 1121 rerum

1878 1158 2214 1228 speculatio,
2261 1159 2504 1212 absurda
2551 1158 2838 1227 phantasia
2879 1159 2936 1213 in
2990 1167 3169 1214 mente
3213 1169 3453 1228 recepta,

1876 1266 2039 1320 quam
2066 1251 2335 1320 signiﬁcat
2359 1249 2561 1305 Paulus
2593 1251 2678 1304 his
2709 1251 2888 1306 verbis
2916 1269 2930 1303 :
2963 1250 3030 1304 In
3052 1252 3282 1304 vanitate
3307 1267 3457 1304 men-

1880 1343 1947 1397 tis
1999 1359 2143 1407 sate,
2180 1343 2404 1397 tenebris
2448 1342 2785 1396 obscuratum
2827 1343 3070 1396 habentes
3108 1344 3455 1406 intellectum,

1879 1419 2098 1491 alienati
2127 1453 2158 1490 a
2189 1436 2296 1490 vita
2325 1435 2420 1489 Dei
2443 1436 2511 1489 ⁸⁸.
2542 1435 2927 1490 Animadverte
2945 1436 3235 1489 vanitatem
3258 1436 3458 1490 mentis

1879 1527 2007 1590 dici.
2034 1541 2157 1580 cum
2192 1523 2315 1594 quis
2353 1532 2533 1578 mente
2567 1525 2799 1592 pollens,
2825 1538 2888 1577 ea
2920 1538 3026 1576 non
3067 1524 3238 1577 utitur
3266 1524 3333 1576 ad
3364 1539 3460 1577 ve-

1878 1617 2058 1672 ritatis
2121 1616 2674 1685 contemplationem;
2708 1615 2801 1669 sed
2844 1615 3046 1684 praebet
3085 1630 3203 1668 eam
3241 1613 3460 1668 Satanae

1882 1709 2176 1779 colliganti.
2234 1707 2350 1763 Hoc
2385 1708 2554 1778 igitur
2587 1707 2861 1776 precando
2891 1708 2968 1761 ait
2998 1724 3012 1760 :
3047 1706 3231 1760 Averte
3280 1707 3458 1760 oculos

185 1801 270 1869 τῷ
316 1800 631 1871 δεσμεύοντι
684 1805 918 1876 Σατανᾷ.
955 1807 1124 1860 Τοῦτο
1151 1802 1336 1863 τοίνυν
1356 1810 1646 1881 εὐχόμενός
1674 1830 1776 1882 φη-

1888 1815 2020 1854 meos
2063 1816 2126 1853 ne
2168 1799 2378 1852 uideant
2423 1799 2702 1853 vanitates.
2751 1797 2886 1851 Nam
2916 1807 2966 1852 et
3001 1799 3132 1852 illud
3163 1799 3333 1868 gratia
3365 1797 3460 1852 Dei

189 1887 297 1944 σιν·
351 1893 764 1962 Ἀπόστρεψον
807 1897 949 1963 τοὺς
998 1900 1344 1968 ὀφθαλμούς
1385 1919 1504 1970 μου
1535 1903 1641 1956 τοῦ
1690 1903 1776 1972 μὴ

183 1981 344 2035 ἰδεῖν
385 1985 803 2053 ματαιότητας.
857 1989 969 2041 Καὶ
1018 1989 1176 2043 τοῦτο
1235 1991 1344 2062 γὰρ
1403 1994 1560 2064 χάρις
1618 1993 1776 2047 Θεοῦ.

191 2075 309 2128 Τοῦ
349 2078 555 2132 αὐτοῦ.
595 2079 675 2132 Τὰ
719 2081 776 2132 ὲν
802 2079 1015 2152 σώματι
1035 2083 1212 2154 ὡραῖα
1243 2085 1336 2138 καὶ
1361 2086 1561 2156 σαρκὸς
1583 2085 1780 2155 ὀφθαλ-

185 2170 315 2237 μοῖς
352 2168 650 2239 φαινόμενα
675 2170 836 2234 καλὰ,
864 2173 1194 2242 ματαιότητα
1216 2174 1496 2228 ἀποκαλεῖ.
1525 2236 1528 2244 1

260 2261 505 2331 Στῆσον
547 2265 626 2330 τῷ
669 2265 870 2333 δούλῳ
903 2283 1019 2322 σου
1059 2269 1124 2322 τὸ
1158 2271 1368 2338 λόγιόν
1401 2287 1516 2324 σου
1540 2274 1628 2338 εἰς
1672 2272 1780 2325 τὸν

181 2354 381 2422 φόϐον
426 2371 566 2409 σου.
615 2356 833 2429 Ἐπειδὴ
873 2359 1221 2428 παιδαγωγοῦ
1248 2360 1403 2432 δίκην
1426 2363 1721 2430 ἀναγκαῖος
1751 2365 1778 2414 6

182 2444 357 2512 φόϐος
385 2444 481 2498 τοῦ
511 2445 646 2501 Θεοῦ
693 2450 751 2501 ὲν
801 2450 1004 2513 πάσαις
1050 2451 1308 2515 ἐντολαῖς·
1382 2451 1574 2506 τούτου
1619 2455 1777 2525 χάριν

180 2534 481 2601 ἐφιστάναι
533 2537 683 2608 αὐτῷ
740 2539 900 2592 αὑτὸν
959 2539 1176 2611 εὔχεται
1227 2542 1318 2595 τὸν
1375 2542 1527 2596 Θεόν.
1577 2544 1649 2596 Τὸ
1699 2544 1775 2606 δὲ,

179 2625 439 2691 Περίελε
470 2625 579 2679 τόν
627 2627 972 2698 όνειδισμόν
1007 2649 1149 2699 μου,
1199 2632 1338 2702 μετὰ
1375 2633 1436 2686 τὸ
1486 2634 1777 2706 ἐπιστῆσαι

179 2717 383 2790 ὥσπερ
427 2719 549 2772 τινὰ
593 2720 809 2789 φύλακα
867 2722 974 2775 τῶν
1033 2723 1189 2776 θείων
1222 2724 1419 2794 νόμων.
1480 2725 1590 2777 Καὶ
1646 2727 1778 2798 περὶ

181 2803 266 2862 ὧν
301 2810 407 2880 ήδη
467 2812 730 2883 πρότερον
782 2814 1020 2884 συνέγνω
1052 2817 1242 2870 ἑαυτὸν
1272 2816 1488 2872 ὀνειδῶν
1526 2817 1776 2890 ἐξομολο-

181 2906 390 2971 γείται.

263 2995 511 3065 Στῆσον
546 2996 628 3063 τῷ
659 2998 856 3071 δούλῳ
893 3015 1009 3059 σου
1063 3001 1130 3055 τὸ
1181 3003 1390 3074 λόγιόν
1420 3018 1558 3058 σου.
1624 3005 1777 3059 Ἐπεὶ

1881 1900 1985 1948 est.
2024 1890 2300 1960 Ejusdem.
2327 1890 2600 1960 Corporea
2626 1905 2747 1959 quae
2770 1890 3013 1958 speciosa
3055 1899 3212 1956 sunt,
3241 1899 3296 1944 et
3323 1905 3428 1945 ocu
3456 1916 3463 1928 ι

1880 1985 1949 2041 lis
1972 1985 2156 2039 carnis
2182 1983 2414 2052 pulchra
2440 1983 2712 2047 videntur,
2742 1981 3037 2036 vanitatem
3067 1981 3321 2052 appellat.

1957 2247 2046 2304 58.
2073 2247 2259 2302 Statue
2285 2262 2430 2300 servo
2461 2253 2550 2300 tuo
2580 2245 2844 2315 eloquium
2872 2255 3017 2298 tuum
3042 2247 3100 2299 in
3133 2247 3454 2322 timoretuo.

1880 2341 2148 2407 Quoniam
2178 2341 2233 2395 in
2262 2341 2518 2396 omnibus
2549 2341 2833 2412 praeceptis
2864 2342 3027 2395 timor
3060 2339 3154 2396 Dei
3183 2343 3461 2414 paedagogi

1883 2432 2056 2486 instar
2095 2432 2442 2486 necessarius
2475 2441 2593 2499 est,
2628 2433 2749 2487 ideo
2787 2443 2944 2502 rogat
2969 2431 3139 2487 Deum
3172 2441 3233 2487 ut
3254 2441 3463 2489 statuat

1879 2522 1984 2577 sibi
2015 2523 2188 2577 illum.
2218 2522 2353 2578 Illud
2394 2533 2610 2580 autem:
2634 2525 2866 2594 Amputa
2893 2525 3231 2594 opprobrium
3262 2541 3458 2593 meum,

1878 2615 2012 2670 dicit
2032 2625 2318 2686 postquam
2363 2618 2652 2687 quemdam
2681 2633 2780 2673 ceu
2823 2619 3106 2674 custodem
3141 2611 3457 2673 divinarum

1878 2709 2060 2780 legum
2111 2710 2416 2765 constituit.
2463 2710 2657 2780 Etjam
2695 2711 2890 2766 iterum
2922 2711 3215 2766 conﬁtetur
3258 2726 3460 2780 oppro—

1876 2801 1996 2857 bria
2019 2802 2088 2858 de
2117 2803 2319 2874 quibus
2351 2803 2506 2874 prius
2535 2819 2595 2859 se
2622 2804 2723 2860 sibi
2764 2804 3048 2860 conscium
3071 2818 3193 2860 esse
3219 2804 3454 2860 dixerat.

1955 2999 2142 3055 Statue
2161 3015 2309 3053 servo
2337 3007 2425 3053 tuo
2452 2999 2718 3070 eloquium
2747 3009 2917 3054 tuum.
2945 2997 3084 3066 Quia
3115 3013 3304 3055 servus
3326 3005 3455 3053 tuus

176 3085 378 3150 δοῦλός
409 3102 502 3139 σου
529 3087 813 3157 τυγχάνων
871 3089 1142 3160 φοϐοῦμαί
1170 3107 1250 3156 σε,
1281 3089 1542 3162 βούλομαι
1586 3093 1643 3146 δὲ
1690 3094 1776 3147 λο-

1888 3105 2004 3146 cum
2032 3091 2155 3154 sim,
2191 3091 2358 3145 timeo
2394 3100 2464 3154 te,
2491 3090 2722 3160 voloque
2749 3090 3148 3144 rationabiliter
3173 3097 3227 3144 et
3258 3104 3459 3145 secun-

177 3177 363 3246 γικῶς
386 3179 482 3232 καὶ
529 3179 670 3232 κατὰ
721 3180 812 3233 τὸν
862 3181 1018 3250 λόγον
1067 3181 1230 3250 φόϐον
1264 3181 1437 3252 ἔχειν,
1471 3185 1665 3255 στῆσον
1714 3185 1775 3238 τὸ

178 3270 371 3338 λόγιόν
405 3287 501 3322 σου
529 3272 609 3332 είς
634 3271 725 3323 τὸν
771 3271 933 3341 φόϐον
969 3289 1084 3336 σου,
1106 3274 1196 3326 τὸν
1224 3273 1352 3328 ὄντα
1401 3276 1642 3342 σὸν,-οὐκ
1683 3277 1774 3346 ἀφ’

176 3354 248 3414 οὗ
279 3361 420 3432 φοϐῇ
457 3363 544 3425 σὺ,
571 3362 685 3415 ἀλλ’
715 3363 807 3430 ἀφ’
840 3357 899 3417 οὗ
955 3361 1066 3430 ἐγὼ
1113 3363 1384 3435 φοϐοῦμαί
1435 3383 1514 3418 σε.
1549 3367 1668 3420 Ἵνα
1700 3367 1774 3440 μὴ

177 3454 241 3506 δὲ
261 3453 393 3506 ἄνευ
425 3451 584 3520 λόγου
620 3453 814 3521 φόϐον,
835 3453 970 3524 μηδὲ
1007 3455 1135 3508 ἄνευ
1161 3457 1326 3522 φόϐου
1357 3456 1512 3526 λόγον
1541 3457 1772 3529 ἔχωμενο

182 3543 375 3614 ἵστησι
396 3541 455 3594 δὲ
487 3545 514 3596 6
547 3541 679 3606 Θεὸς
701 3543 760 3596 τὸ
793 3544 969 3613 λόγιον
1022 3545 1187 3598 αὑτοῦ
1238 3548 1316 3610 είς
1355 3548 1447 3601 τὸν
1489 3549 1652 3617 φόϐον
1679 3549 1776 3603 αὐ·-

181 3633 304 3699 τοῦ,
361 3633 593 3703 βεϐαιῶν
631 3635 696 3688 δι’
749 3637 1074 3702 ἀποδείξεως
1129 3639 1263 3693 αὐτὸ
1294 3643 1408 3703 τοῖς
1467 3641 1772 3696 εὐλαϐέσιν.

185 3726 408 3795 Ὥσπερ
441 3725 550 3796 γάρ
579 3726 721 3790 τινές
757 3729 894 3780 εἰσιν
927 3728 1144 3799 ἔχοντες
1172 3728 1352 3798 ζῆλον,
1402 3729 1518 3782 ἀλλ’
1550 3732 1610 3784 οὐ
1656 3733 1774 3785 κατ’

182 3818 510 3885 ἐπίγνωσιν,
557 3817 730 3882 οὕτως
772 3819 878 3873 εἰσί
924 3836 1071 3883 τινες
1131 3819 1344 3890 ἔχοντες
1401 3821 1565 3883 φόϐον
1615 3822 1773 3888 Θεοῦ,

181 3911 302 3965 ἀλλ’
329 3911 393 3963 οὐ
445 3912 567 3963 κατ’
598 3911 912 3980 ἐπίγνωσιν.
948 3914 1196 3980 Περίελε
1257 3913 1364 3968 τὸν
1433 3914 1777 3984 ὀνειδισμόν

1877 3183 2006 3238 dum
2030 3182 2254 3236 verbum
2277 3181 2527 3235 timorem
2552 3181 2774 3244 habere,
2795 3187 2971 3236 statue
2999 3180 3279 3251 eloquium
3305 3189 3459 3234 tuum

1878 3269 1933 3322 in
1973 3267 2224 3322 timorem
2275 3276 2426 3322 tuum
2461 3285 2474 3320 ε
2505 3266 2598 3336 qui
2628 3281 2819 3320 revera
2868 3273 2998 3321 tuus
3044 3276 3150 3332 est,
3178 3281 3285 3321 non
3311 3270 3460 3336 quod

1875 3367 1935 3415 tu
1967 3360 2179 3427 timeas,
2208 3359 2301 3414 sed
2322 3359 2449 3428 quia
2475 3374 2574 3430 ego
2602 3359 2769 3413 timeo
2800 3367 2870 3414 te.
2907 3357 2974 3413 Ut
2999 3368 3180 3424 autem
3211 3374 3312 3414 nec
3336 3359 3457 3414 sine

1874 3451 2041 3506 verbo
2067 3451 2337 3516 timorem,
2370 3465 2472 3505 nec
2499 3450 2617 3504 sine
2643 3449 2844 3505 timore
2871 3450 3098 3503 verbum
3128 3449 3457 3513 habeamus,

1877 3542 2069 3598 statuit
2098 3556 2232 3596 sane
2255 3540 2400 3596 Deus
2421 3540 2699 3610 eloquium
2719 3555 2881 3594 suum
2914 3540 2966 3593 in
2993 3540 3242 3594 timorem
3271 3553 3456 3603 suum,

1876 3650 1972 3704 per
1995 3642 2143 3689 certa
2175 3640 2492 3704 argumenta
2525 3633 2750 3686 lirmans
2779 3631 2910 3686 illud
2939 3632 3080 3700 apud
3119 3632 3240 3700 pios
3274 3632 3456 3686 homi-

1875 3743 1992 3782 nes.
2023 3726 2489 3794 Quemadmodum
2538 3727 2685 3780 enim
2723 3726 2943 3795 quidam
2970 3735 3098 3779 sunt
3141 3725 3322 3792 zelum
3356 3725 3458 3780 ha-

1875 3817 2086 3883 bentes,
2130 3817 2225 3872 sed
2267 3832 2378 3871 non
2433 3817 2735 3872 secundum
2777 3817 3061 3872 scientiam
3107 3816 3187 3881 ιο,
3223 3817 3296 3871 ita
3331 3825 3462 3873 sunt

1876 3904 2097 3974 quidam
2127 3906 2388 3960 habentes
2435 3905 2685 3959 timorem
2722 3906 2848 3971 Dei,
2893 3905 2987 3960 sed
3015 3920 3121 3958 non
3157 3906 3458 3961 secundum

175 4019 302 4069 μου
322 4000 398 4054 ὃν
422 4000 809 4056 ὑπώπτευσα.
837 4003 1077 4075 Ποιήσας
1099 4005 1127 4056 ὁ
1162 4007 1446 4077 προφήτης
1470 4005 1544 4068 ὼς
1576 4005 1776 4076 ἄνθρω-

1888 3995 2181 4050 scientiam.
2211 3995 2439 4064 Amputa
2473 3994 2808 4066 opprobrium
2850 4011 3057 4060 meum,
3091 3997 3230 4066 quod
3281 3999 3459 4067 suspi-

184 4110 289 4156 πος
321 4092 622 4164 ἁμαρτίαν,
669 4095 996 4165 παρακαλεῖ,
1051 4096 1174 4149 ἐπεὶ
1212 4099 1313 4170 ὁρᾷ
1348 4097 1436 4150 τὸν
1472 4097 1776 4169 ὀνειδισμὸν

1888 4093 2026 4137 catus
2054 4101 2189 4138 sum.
2218 4084 2351 4139 Cum
2385 4084 2654 4154 Propheta
2699 4096 2982 4155 peccasset
3029 4096 3088 4141 ut
3119 4088 3306 4151 homo,
3337 4097 3460 4143 orat

183 4182 703 4254 παρακολουθοῦντα
732 4187 789 4237 ὲν
832 4185 911 4256 τῷ
944 4184 1072 4256 θείῳ
1119 4186 1454 4259 δικαστηρίῳ
1487 4187 1623 4258 μετὰ
1680 4187 1776 4258 τὴν

1888 4185 1929 4230 et
1959 4176 2282 4245 deprecatur
2315 4177 2667 4249 opprobrium
2704 4179 2851 4247 quod
2882 4177 3124 4233 futurum
3159 4178 3304 4234 videt
3334 4189 3460 4248 post

182 4276 506 4341 ἀνάστασιν,
560 4276 654 4328 καὶ
686 4275 833 4344 λέγει
883 4278 973 4331 τὸν
1001 4279 1356 4350 προκείμενον
1411 4279 1610 4350 στίχον.
1664 4281 1776 4333 Οὐκ

1888 4269 2339 4323 resurrectionem
2386 4270 2441 4324 in
2483 4270 2672 4325 divino
2711 4270 2991 4334 tribunali,
3023 4281 3077 4326 et
3097 4272 3288 4326 recitat
3312 4272 3458 4328 hunc

181 4368 250 4420 ἂν
277 4367 337 4420 δὲ
354 4365 536 4435 λέγοις
562 4367 722 4421 τοῦτο
748 4369 943 4438 λέγων’
962 4371 1188 4441 Περίελε
1211 4370 1301 4423 τὸν
1323 4370 1626 4440 ὀνειδισμόν
1656 4386 1772 4423 σου.

1888 4377 2123 4417 versum.
2157 4359 2342 4432 Neque
2367 4362 2570 4417 dixeris
2600 4364 2702 4418 hoc
2733 4363 2894 4418 modo
2928 4382 2942 4418 :
2974 4364 3210 4433 Amputa
3250 4378 3455 4433 oppro-

183 4459 364 4512 Ὅταν
391 4458 501 4529 γὰρ
537 4459 862 4530 ὀνειδίζομαι
911 4460 999 4514 διὰ
1044 4461 1134 4514 τὸν
1173 4462 1444 4533 Χριστὸν,
1499 4463 1703 4524 ἐκεῖνος
1746 4463 1775 4514 ὀ

1888 4454 2061 4508 brium
2097 4463 2272 4508 tuum.
2304 4452 2440 4507 Nam
2473 4470 2595 4508 cum
2635 4455 2944 4524 opprobriis
2989 4455 3194 4510 είῐίρίοτ
3238 4464 3459 4526 propter

180 4549 495 4619 ὀνειδισμὸς
513 4549 613 4601 οὐκ
647 4548 793 4602 ἔστιν
827 4549 979 4619 ἐμὸς,
1029 4549 1166 4603 ἀλλὰ
1194 4549 1288 4603 τοῦ
1334 4550 1594 4621 Χριστοῦο
1646 4552 1773 4604 ὅταν

1888 4543 2185 4610 Christum,
2233 4545 2363 4600 illud
2409 4545 2760 4614 opprobrium
2819 4560 2930 4599 non
2985 4553 3072 4600 est
3119 4560 3324 4611 meum,
3361 4548 3457 4601 sed

182 4643 243 4695 δὲ
278 4642 608 4714 ὀνειδίζομαι
632 4642 721 4697 διὰ
745 4642 844 4707 τὰς
874 4645 1014 4715 ἐμὰς
1047 4645 1339 4716 ἁμαρτίας,
1375 4647 1470 4698 καὶ
1500 4645 1573 4717 μὴ
1607 4663 1771 4716 μετα-

1888 4635 2086 4690 Christi
2112 4644 2235 4691 est:
2271 4651 2396 4691 cum
2428 4645 2608 4690 autem
2644 4636 2953 4706 opprobriis
2997 4635 3200 4690 aﬂicior
3240 4647 3459 4707 propter

184 4731 316 4799 νοῶ,
339 4733 441 4785 οὐκ
474 4733 672 4802 ὀφείλω
722 4732 920 4801 λέγειν·
976 4736 1222 4803 Περίελε
1269 4735 1377 4789 τὸν
1428 4735 1772 4806 ὀνειδισμόν

1888 4736 2100 4795 peccata
2135 4742 2278 4792 mea,
2312 4743 2491 4797 neque
2534 4727 2909 4797 pcenitentiam
2941 4743 3065 4797 ago,
3105 4743 3213 4782 non
3247 4735 3460 4799 oportet

176 4842 303 4894 μου
357 4823 462 4878 ἀπ’
492 4824 660 4894 ἐμοῦ,
695 4824 768 4878 ὃν
821 4823 1208 4891 ὑπώπτευσα,
1257 4827 1346 4880 ὅτι
1402 4827 1475 4880 τὰ
1502 4826 1773 4898 ⁸κρίματά

1888 4834 1969 4873 me
1998 4819 2180 4874 dicere
2209 4839 2223 4874 :
2260 4820 2492 4890 Amputa
2539 4819 2875 4889 opprobrium
2916 4836 3087 4873 meum
3121 4837 3153 4874 a
3178 4837 3278 4890 me,
3318 4822 3456 4892 quod

181 4931 306 4970 σου
332 4916 587 4984 χρηστά.

1888 4913 2178 4980 suSpicatus
2216 4929 2355 4980 sum,
2378 4915 2501 4983 quia
2521 4912 2730 4981 judicia
2764 4922 2855 4965 tua
2877 4912 3138 4982 jucunda.

272 5005 419 5060 Ἰδοὺ
444 5006 794 5076 ἐπεθύμησα
816 5007 921 5074 τὰς
940 5007 1193 5073 ἐντολάς
1213 5021 1350 5073 σου,
1376 5007 1446 5060 ἐν
1465 5006 1540 5076 τῇ
1555 5007 1775 5063 δικαιο-

1958 5002 2047 5056 40.
2077 5001 2214 5056 Ecce
2253 5004 2522 5070 concupiui
2554 5005 2807 5077 mandata
2847 5013 2960 5070 tua,
2987 5004 3042 5056 in
3090 5005 3334 5077 aequitate
3365 5014 3456 5057 tua

181 5097 350 5166 σύν-ῃ
405 5111 521 5162 στου
565 5071 754 5165 ζῆσόν
788 5071 1187 5169 μείἊμοιϐὴν
1232 5071 1373 5153 αἰτεῖ
1419 5071 1534 5170 τὴν.
1557 5099 1772 5154 δικαίαν

1888 5095 2087 5163 vivi/ica
2138 5112 2240 5149 me.
2285 5094 2521 5150 Probam
2558 5106 2612 5150 et
2650 5096 2704 5150 in
2743 5071 2944 5150 virtute
2982 5105 3158 5150 actam
3194 5097 3360 5150 vitam
3400 5097 3457 5169 ip

184 5189 334 5260 ζωὴν
363 5190 458 5242 καὶ
489 5190 610 5242 κατ’
639 5190 861 5262 ἀρετὴν,
906 5192 965 5244 οὐ
1015 5191 1174 5262 μόνον
1208 5191 1448 5261 φυλάξας
1481 5192 1580 5255 τὰς
1627 5193 1775 5246 ἐντο-

1888 5185 2192 5255 praemium
2215 5187 2456 5255 postulat
2483 5205 2496 5240 :
2528 5202 2637 5241 non
2681 5187 2856 5243 solum
2886 5188 3012 5257 quia
3042 5197 3310 5257 praecepta
3341 5202 3458 5240 ser-

184 5278 307 5340 λὰς,
342 5277 480 5332 ἀλλὰ
512 5280 605 5332 καὶ
639 5281 916 5349 ἐρωτικῶς
939 5282 1064 5352 περὶ
1092 5281 1262 5345 αὐτὰς
1286 5281 1648 5353 διακείμενος,
1678 5281 1772 5334 καὶ

1888 5276 2042 5340 vavit,
2085 5276 2178 5330 sed
2209 5276 2337 5345 quia
2371 5277 2578 5333 amoris
2601 5277 2796 5333 allectu
2824 5277 2915 5332 illa
2939 5277 3336 5346 complectitur,
3355 5293 3455 5332 nec

186 5371 291 5423 οὐκ
323 5370 500 5424 ἄλλων
526 5372 704 5444 χάριν,
747 5373 864 5427 ἀλλ’
890 5374 1058 5437 αὐτὰς
1084 5375 1179 5427 καὶ⁵
1215 5373 1282 5427 δι’
1313 5373 1482 5438 αὐτὰς
1512 5373 1768 5429 ἐκτελῶν.

1888 5369 2103 5422 alterius
2131 5367 2210 5422 rei
2242 5383 2430 5433 causa,
2464 5368 2559 5423 sed
2594 5369 2686 5422 illa
2734 5369 2912 5422 solum
2951 5382 3202 5436 quaerens
3237 5376 3292 5421 et
3327 5383 3454 5433 pro-

185 5461 301 5514 Καὶ
334 5463 456 5515 ἐπεὶ
488 5463 800 5534 δικαιοσύνη
833 5464 926 5518 τοῦ
984 5466 1196 5538 Πατρὸς
1239 5469 1268 5520 6
1318 5468 1464 5533 Υἱὸς,
1514 5470 1542 5522 6
1570 5469 1628 5522 ἐν
1658 5467 1771 5540 Υίῷ

1888 5469 1993 5514 ater
2025 5458 2115 5512 illa
2149 5473 2336 5528 agens.
2371 5458 2435 5513 Et
2461 5459 2590 5529 quia
2623 5457 2794 5514 Filius
2819 5468 2902 5514 est
2919 5458 3132 5528 justitia
3159 5456 3360 5539 Patris,
3387 5454 3453 5510 ii-

188 5549 352 5621 ζῆσαι
381 5551 702 5623 βουλόμενος
725 5553 880 5606 τοῦτό
909 5571 1060 5626 φησι.

1897 5553 1965 5607 nd
1997 5553 2070 5607 ait
2093 5552 2186 5623 qui
2219 5551 2272 5605 in
2299 5549 2450 5626 Filiq,
2469 5552 2634 5607 vitam
2667 5567 2825 5622 agere
2851 5551 2987 5607 vult.

267 5760 311 5793 δ’
347 5759 540 5818 Matth.
575 5776 722 5832 xxvr,
765 5761 854 5818 41.
928 5763 973 5795 δ’
1015 5760 1213 5838 Ephes.
1253 5777 1325 5830 tv,
1366 5761 1571 5832 17,18.
1607 5755 1610 5759 ’
1649 5762 1691 5794 δ’
1722 5759 1776 5814 Rt

1908 5775 1964 5824 ι,
1993 5760 2051 5852 2..
