3880 6216
413 329 518 387 487

1229 324 1284 380 S.
1323 317 1698 376 ATHANASII
1737 317 1887 374 OPP.
1929 317 2112 373 PARS
2153 315 2242 371 ΙΙΙ.
2285 345 2354 357 --—
2388 315 2797 372 EXEGETICA.

3557 307 3664 362 £88

485 441 574 496 41.
607 437 678 494 Et
703 440 870 494 veniat
898 451 1051 506 super
1097 449 1173 488 me
1199 431 1565 486 misericordia
1589 439 1709 494 tua,
1740 428 1976 482 Domine.

2153 424 2262 480 Kal
2305 424 2468 480 ἔλθοι
2517 425 2610 478 ἐπ’
2637 424 2741 492 ἐμὲ
2775 421 2840 476 τὸ
2867 419 3041 485 ἔλεός
3070 435 3206 481 σου,
3239 419 3433 486 Κύριε.
3475 417 3540 470 El
3567 419 3662 471 τοῦ

418 535 474 592 Si
511 531 940 589 misericordiam
971 538 1142 590 tuam,
1179 525 1273 588 ait,
1309 537 1633 591 consequar,
1673 536 1794 589 qua:
1820 522 1986 574 mise-

416 627 648 686 ricordia
679 641 774 694 per
801 623 1037 678 salutare
1067 630 1216 672 tuum
1243 619 1307 672 ad
1345 632 1429 670 me
1463 615 1702 678 accedet,
1729 612 1982 666 ﬁduciam

415 721 626 776 habebo
653 719 914 772 adversus
961 729 1056 766 eos
1086 712 1176 780 qui
1214 711 1344 764 mihi
1374 707 1728 780 Oppi-ebrium
1773 704 1981 767 dicunt,

413 823 466 866 et
496 811 777 864 adversum
805 821 889 858 me
912 804 1218 872 insurgunt.

513 899 600 953 42.
632 897 698 951 Ει
741 893 1056 964 respondebo
1101 890 1533 959 exprobranﬁbus
1581 888 1708 940 mihi
1751 885 1981 948 verbum,

412 994 539 1063 quia
570 991 772 1060 speravi
814 991 868 1042 in
902 987 1230 1040 sermonibus
1281 984 1406 1036 tuis.
1449 979 1804 1048 Respondebo
1836 977 1982 1030 enim

413 1099 522 1138 non
555 1097 768 1151 aequum
800 1095 919 1134 esse
948 1077 1208 1132 conviciis
1238 1074 1450 1128 onerari
1480 1087 1601 1125 eum
1632 1071 1720 1139 qui
1749 1084 1808 1123 ea
1841 1077 1984 1121 tenet

414 1175 704 1244 dogmata;
731 1189 850 1241 qtuc
887 1170 1112 1224 irrident
1159 1167 1354 1234 impuri
1413 1163 1776 1216 illlemincs
1813 1175 1841 1213 a
1879 1159 1983 1212 (ide

415 1267 598 1322 alieni.
627 1265 738 1330 Ego
768 1279 893 1317 vero
932 1260 1214 1314 ostendam
1247 1259 1335 1310 illa
1376 1256 1672 1323 prudentiae
1700 1262 1861 1320 atque
1895 1265 1980 1304 sa-

414 1356 633 1426 pientiae
659 1357 813 1424 plena
837 1367 975 1406 esse.
1003 1348 1359 1414 Res-pendebo
1381 1354 1558 1399 autem
1589 1343 1834 1408 verbum,
1856 1341 1982 1410 quia

417 1452 469 1504 in
499 1450 666 1504 verbis
699 1451 802 1501 tuis
825 1442 1207 1513 supersperavi.
1895 1503 1898 1507 _

491 1540 580 1594 45.
617 1537 680 1590 Et
711 1554 772 1590 ne
801 1535 1009 1601 auferas
1037 1532 1100 1584 de
1133 1545 1218 1581 ore
1249 1541 1359 1580 meo
1390 1523 1600 1577 verbum
1629 1521 1864 1575 veritatis
1892 1534 1980 1570 us-

416 1646 734 1702 quequaque,
764 1629 888 1698 quia
917 1628 972 1677 in
1003 1623 1224 1693 judiciis
1257 1620 1360 1670 tuis
1389 1614 1766 1684 supersperavi.
1799 1611 1981 1678 Usque

419 1725 484 1778 ad
514 1733 836 1781 extremum,
869 1717 1061 1786 inquit,
1095 1715 1318 1766 halitum
1347 1730 1360 1777 ;
1393 1711 1438 1764 si
1487 1709 1702 1776 indigne
1733 1705 1980 1756 vivamus

416 1818 486 1873 iis
509 1831 630 1886 quae
657 1823 800 1868 recte
825 1813 1118 1881 loquimur,
1143 1805 1286 1860 Deus
1300 1803 1508 1858 auferet
1537 1799 1758 1855 verbum
1783 1795 1980 1850 verita-

418 1907 488 1963 tis
518 1909 583 1962 de
613 1921 705 1960 ore
735 1913 944 1957 nostro.

489 2087 578 2140 44.
609 2083 679 2137 Et
704 2082 992 2136 custodiam
1021 2079 1181 2148 legem
1209 2087 1351 2129 tuam
1369 2089 1588 2141 semper.
1625 2069 1738 2140 (4⁸1)
1762 2067 1980 2129 Custos,

417 2179 613 2248 inquit,
635 2191 728 2230 ero
761 2175 892 2243 legis
922 2182 1024 2225 tua:
1055 2190 1066 2223 :
1101 2185 1274 2237 neque
1307 2167 1468 2220 modo
1496 2173 1638 2218 recte
1665 2179 1752 2216 me
1771 2175 1978 2230 geram,

416 2271 577 2326 modo
613 2283 802 2332 secus;
850 2265 942 2319 sed
985 2274 1039 2317 et
1079 2264 1130 2316 in
1179 2259 1430 2330 praesenti
1459 2267 1512 2312 et
1547 2259 1601 2310 in
1645 2253 1828 2308 futuro
1859 2253 1983 2306 vita:

415 2377 551 2420 meae
581 2371 821 2428 tempore
857 2359 1027 2424 legem
1057 2355 1310 2422 implebo.

493 2453 583 2510 46.
629 2451 698 2507 Et
746 2449 994 2519 loquebar
1039 2450 1093 2500 in
1136 2445 1446 2499 testimoniis
1476 2443 1576 2494 tuis
1615 2441 1671 2492 in
1705 2445 1982 2506 conspectu

417 2563 620 2618 regum.
652 2543 800 2597 Talis
831 2541 934 2594 fuit
957 2539 1180 2602 Paulus,
1211 2538 1334 2592 talis
1361 2535 1572 2598 Petrus,
1599 2533 1720 2586 talis
1762 2537 1982 2598 aposto-

415 2641 591 2695 lorum
617 2647 670 2691 et
694 2645 988 2704 martyrum
1013 2633 1234 2685 chorus.
1261 2628 1385 2682 llaec
1409 2631 1630 2696 martyri
1657 2622 1984 2678 cenvcniunt

418 2729 514 2800 qui
556 2735 774 2798 propter
804 2723 1080 2777 Christum
1126 2721 1192 2772 ad
1243 2733 1396 2787 reges
1427 2727 1480 2769 et
1521 2714 1777 2784 prmsides
1809 2711 1980 2765 addu-

419 2823 590 2888 citur;
621 2817 870 2875 convenit
893 2818 1016 2870 item
1043 2813 1107 2866 iis
1134 2811 1223 2880 qui
1256 2826 1316 2864 os
1337 2809 1586 2877 aperiunt
1609 2806 1660 2858 in
1690 2811 1984 2872 conspectu

416 2921 732 2970 sanctorum
757 2909 939 2962 animo
961 2905 1108 2974 regio
1139 2901 1506 2971 prmdilorum.
1539 2897 1810 2950 Dedecore
1833 2907 1985 2945 nam-

418 3021 526 3078 que
579 3005 774 3074 dignus
821 2999 914 3069 qui
965 2997 1186 3050 verbum
1235 2992 1508 3059 accipiens
1540 3003 1570 3041 a
1603 2987 1732 3050 Deo,
1761 2999 1868 3038 non
1918 2997 1983 3036 eo

2089 515 2183 568 σοῦ
2229 515 2412 576 ἐλέους
2441 513 2608 584 τύχω,
2657 513 2810 583 φησὶ,
2857 509 3014 564 τοῦτο
3061 508 3118 561 δὲ
3165 508 3226 561 τὸ
3268 507 3412 569 ἕλεος
3452 507 3540 559 διὰ
3567 507 3661 558 τοῦ

2089 608 2354 678 σωτηρίου
2403 623 2494 660 σου
2549 603 2834 674 γενήσεταί
2867 621 2974 672 μοι,
3019 599 3332 671 παρρησίαν
3383 599 3491 664 ’ἐξω
3521 599 3662 671 πρὸς

2085 700 2210 762 τοὺς
2243 699 2598 762 ὀνειδίζοντας
2648 698 2744 750 καὶ
2775 693 3240 764 ἐπανισταμένους
3265 710 3376 762 μοι.

2156 875 2266 930 Καὶ
2294 875 2766 942 ἀποκριθήσομαι
2796 870 2919 936 τοῖς
2955 865 3310 927 ὀνειδίζουσί
3325 882 3424 934 μοι
3451 863 3660 934 λόγον,

2087 968 2174 1022 ὅτι
2211 968 2440 1036 ἤλπισα
2471 967 2568 1020 ἐπὶ
2591 966 2714 1031 τοῖς
2741 965 2944 1032 ,λόγοις
2966 977 3102 1014 σου.
3143 959 3282 1030 Ἐρῶ
3303 959 3429 1028 γὰρ,
3459 958 3534 1021 ὡς
3563 957 3664 1010 οὐκ

2085 1061 2232 1126 ἄξιος
2260 1059 2612 1122 ὀνειδίζεσθαι
2662 1059 2752 1110 τὸν
2779 1057 2847 1109 τὰ
2888 1055 3110 1108 τοιαῦτα
3157 1053 3400 1122 δόγματα
3449 1051 3661 1120 ἔχοντα,

2085 1153 2242 1206 ἅτινα
2270 1151 2500 1220 γελῶσιν
2543 1155 2591 1203 οἱ
2621 1152 2718 1220 τῆς
2778 1151 3011 1212 πίστεως
3043 1147 3310 1215 ἀλλότριοι
3362 1145 3410 1196 οἰ
3465 1142 3660 1212 μωροὶ.

2097 1241 2237 1310 Ἐγὼ
2283 1243 2338 1294 δὲ
2405 1243 2673 1305 συνέσεως
2725 1241 2990 1305 ἀποδείξω
3023 1236 3341 1306 καὶ¹⁸σοφίας
3371 1234 3666 1304 πεπληρω-

2087 1335 2242 1402 μένα.
2287 1335 2746 1405 Ἀποκριθήσομαι
2783 1335 2839 1386 δὲ
2875 1333 3051 1400 λόγον,
3099 1331 3228 1384 ἐπεὶ
3261 1333 3348 1395 εἰς
3393 1327 3534 1392 τοὺς
3561 1325 3666 1380 λό-

2083 1445 2227 1498 γους
2252 1443 2366 1480 σου
2404 1427 2736 1494 ἑπήλπισα.

2151 1520 2259 1572 Καὶ
2280 1519 2365 1587 μὴ
2399 1517 2681 1586 περιέλῃς
2712 1519 2780 1570 ἐκ
2811 1517 2916 1570 τοῦ
2957 1515 3253 1585 στόματός
3305 1531 3423 1583 μου
3473 1513 3664 1580 λόγον

2083 1613 2367 1678 ἀληθείας
2400 1611 2509 1675 ἕως
2560 1611 2811 1678 σφόδρα·
2849 1609 2936 1660 ὅτι
2975 1607 3074 1660 ἐπὶ
3119 1605 3241 1672 τοῖς
3265 1605 3510 1672 κρίμασί
3539 1619 3662 1655 σου

2083 1702 2412 1768 ἐπήλπισα.
2443 1702 2616 1772 Μέχρι
2645 1703 2741 1770 τῆς
2791 1699 3024 1771 ἐσχάτης
3077 1699 3263 1768 πνοῆς,
3305 1696 3486 1766 φησίν.
3533 1693 3663 1746 Ἐὰν

2085 1793 2315 1857 ἀναξίως
2362 1789 2435 1844 ὧν
2505 1791 2680 1855 καλῶς
2724 1791 2954 1861 λέγομεν
3021 1789 3342 1859 βιώσωμεν,
3415 1785 3664 1856 περιελεί

2065 1885 2176 1943 ,τὸν
2217 1885 2371 1952 λόγον
2413 1883 2514 1954 τῆς
2565 1883 2822 1954 ἀληθείας
2853 1886 2916 1935 ὲκ
2967 1881 3060 1933 τοῦ
3117 1881 3383 1950 στόματος
3431 1876 3592 1948 ἡμῶν
3631 1877 3663 1926 ὁ

2083 1977 2234 2040 Θεός.

2153 2067 2260 2122 Καὶ
2289 2065 2538 2137 φυλάξω
2573 2065 2679 2118 τὸν
2729 2065 2917 2132 νόμον
2965 2079 3078 2116 σου
3123 2061 3219 2116 διὰ
3265 2059 3506 2124 παντός.
3555 2055 3664 2112 Φύ-

2083 2159 2200 2223 λαξ,
2233 2159 2416 2228 φησιν,
2441 2158 2632 2227 ἔσομαι
2659 2155 2752 2208 τοῦ
2793 2155 2956 2224 νόμου
3001 2171 3114 2216 σου,
3155 2153 3214 2205 οὐ
3247 2153 3377 2205 ποτὲ
3409 2153 3506 2221 μὲν
3528 2167 3664 2204 κατ-

2083 2250 2276 2323 ορθῶν,
2322 2249 2451 2301 ποτε
2492 2247 2548 2300 δὲ
2591 2245 2672 2299 οὗ·
2705 2245 2840 2299 ἀλλὰ
2879 2245 2972 2298 καὶ
3015 2246 3072 2296 ὲν
3097 2246 3164 2314 τῇ
3221 2243 3468 2313 παρούσῃ
3521 2243 3658 2314 ζωῇ,

2084 2343 2234 2412 φησι,
2268 2341 2362 2394 καὶ
2392 2343 2448 2392 ὲν
2486 2342 2550 2408 τῇ
2587 2337 2852 2408 μελλούσῃ
2880 2335 3068 2388 τοῦτον
3095 2334 3444 2406 κατορθώσω.

2150 2434 2258 2487 Kal
2302 2431 2566 2486 ἐλάλουν
2587 2430 2654 2482 ἐν
2687 2427 2810 2494 τοῖς
2861 2428 3207 2495 μαρτυρίοις
3233 2441 3349 2478 σου
3378 2425 3665 2478 ἐναντίον

2077 2529 2407 2594 βασιλέων.
2460 2525 2709 2588 Τοιοῦτος
2763 2525 2982 2592 γέγονεν
3015 2523 3043 2574 ὁ
3083 2521 3314 2584 Παῦλος,
3365 2518 3608 2581 τοιοῦτος
3635 2520 3664 2571 ὁ

2087 2623 2312 2692 Πέτρος,
2349 2619 2586 2682 τοιοῦτος
2629 2617 2736 2670 τῶν
2766 2616 3076 2668 ἀποστόλων
3131 2615 3158 2666 ὁ
3215 2613 3372 2682 χορὸς
3421 2613 3520 2664 καί
3554 2610 3664 2662 τῶν

2091 2711 2398 2782 μαρτύρων.
2469 2707 2724 2780 Ἀρμόσει
2786 2705 2942 2759 τοῦτο
2987 2705 3064 2774 τῷ
3125 2705 3360 2773 μάρτυρι
3571 2701 3664 2753 ἐπὶ

2087 2803 2358 2872 ἡγεμόνας
2381 2801 2474 2855 καὶ
2506 2800 2743 2869 βασιλεῖς
2771 2799 3023 2867 ἀγομένῳ
3073 2796 3157 2848 (ἒιά
3206 2793 3460 2864 Χριστόν·
3499 2791 3665 2862 ἁρμό-

2088 2911 2166 2946 σει
2190 2895 2282 2946 καὶ
2307 2895 2416 2954 τοῖς
2446 2891 2717 2959 ἀνοίγουσι
2775 2889 2834 2940 τὸ
2891 2889 3062 2957 στόμα
3114 2889 3204 2940 ἐπὶ
3233 2887 3338 2938 τῶν
3369 2884 3665 2954 βασιλικῶν

2085 2987 2183 3050 τὰς
2213 2985 2391 3056 ψυχὰς
2421 2985 2610 3052 ἁγίων.
2653 2981 2923 3053 Αἰσχύνης
2951 2981 3059 3052 γὰρ
3089 2981 3234 3044 ἄξιος
3260 2982 3287 3033 ὁ
3323 2979 3396 3050 μὴ
3436 2980 3576 3050 πρὸς
3605 2979 3666 3032 τδ

418 3069 681 3156 utitur
719 3092 1064 3162 Evangelium
1097 3083 1534 3142 annuntiandum
1557 3081 1756 3134 virtute
1789 3075 1984 3130 multa.

2099 3076 2532 3146 εὐαγγελίζεσθαι
2563 3075 2788 3145 δυνάμει
2820 3075 2984 3144 πολλῇ
3012 3071 3158 3144 ῥῆμα
3191 3071 3370 3124 λαϐὼν
3409 3073 3474 3122 ὲκ
3501 3069 3660 3123 Θεοῦ·

421 3192 600 3248 Proba
635 3201 868 3255 namque
895 3185 1002 3238 vita
1039 3182 1287 3236 liduciam
1313 3178 1473 3247 parit.

503 3283 592 3340 47.
615 3281 682 3336 Et
706 3279 998 3336 meditabar
1016 3279 1070 3330 in
1090 3273 1350 3328 mandatis
1369 3272 1474 3322 tuis
1499 3282 1612 3338 qute
1636 3265 1801 3318 dilexi
1817 3263 1986 3316 valde.

422 3375 494 3432 Et
528 3375 690 3430 levavi
733 3388 918 3426 manus
967 3385 1106 3422 meas
1133 3366 1200 3419 ad
1243 3363 1496 3417 mandata
1523 3357 1844 3412 tua..\lanus
1901 3355 1992 3408 hic

421 3475 581 3524 vocat
623 3462 880 3534 Oper-andi
945 3459 1196 3513 virtutes.
1240 3453 1496 3522 Operatio
1545 3449 1689 3502 enim
1737 3454 1820 3500 est
1867 3443 1990 3500 ﬁnis

423 3556 795 3614 meditationis
819 3552 1218 3607 mandatorum.
1241 3544 1375 3598 Nam
1409 3551 1532 3612 post
1561 3537 1988 3606 assumptionem

425 3647 588 3706 Verbi
619 3647 1018 3704 mandatorum,
1050 3653 1226 3710 opera:
1275 3635 1504 3706 pretium
1542 3639 1626 3686 est
1669 3645 1860 3683 manus
1897 3643 1992 3682 ex-

423 3741 645 3797 tendere
679 3739 744 3792 ad
777 3736 1156 3791 mandatorum
1204 3728 1610 3797 operationem;
1639 3737 1747 3776 non
1789 3735 1855 3774 ex
1897 3719 1992 3773 tri-

425 3832 572 3888 stitia
599 3839 690 3884 aut
723 3844 786 3883 ex
821 3827 1162 3886 necessitate,
1189 3820 1283 3875 sed
1312 3835 1378 3874 ex
1425 3817 1638 3870 ali'ectu.
1677 3819 1753 3868 Ac
1803 3821 1992 3882 postea

425 3924 735 3995 frequenter
763 3935 926 3990 super
941 3919 1008 3972 iis
1033 3913 1301 3978 meditari,
1321 3927 1386 3966 ac
1407 3912 1472 3966 de
1493 3911 1562 3965 iis
1581 3909 1728 3976 loqui
1751 3914 1986 3977 oportet.

492 4079 580 4134 l9.
609 4077 810 4132 Memor
843 4085 950 4130 esto
985 4074 1123 4128 verbi
1175 4072 1252 4124 tui
1281 4084 1426 4124 servo
1461 4077 1569 4120 tuo.
1605 4063 1670 4117 Et
1708 4063 1992 4132 cujusnam

421 4171 574 4226 verbi
605 4183 900 4224 memorem
947 4181 1068 4221 esse
1111 4171 1302 4232 rogat,
1333 4160 1462 4224 nisi,
1497 4166 1556 4212 ut
1603 4155 1674 4210 sit
1713 4170 1836 4208 eum
1886 4153 1992 4206 illis

419 4262 576 4331 juxta
613 4258 1032 4329 promissionem
1077 4268 1258 4318 suam,
1297 4264 1420 4320 quae
1475 4244 1778 4302 consolatio
1823 4244 1992 4314 ipsius

423 4353 527 4408 fuit
551 4353 606 4407 in
637 4349 1142 4422 persecutionibus‘!

505 4534 594 4590 50.
629 4533 760 4586 licet:
792 4546 872 4584 me
894 4527 1164 4582 cons-alata
1191 4535 1265 4578 est
1307 4525 1362 4578 in
1395 4520 1691 4576 humilitate
1726 4535 1859 4573 mea.
1893 4517 1992 4572 Sc-

422 4625 703 4697 pluagima
731 4641 744 4676 :
775 4620 1086 4675 Reviviscere
1125 4617 1286 4684 [acies
1311 4629 1409 4666 me.
1437 4611 1560 4666 llam
1588 4625 1712 4679 apes
1743 4625 1834 4678 per
1875 4624 1994 4662 ver-

424 4719 552 4772 bum
587 4726 736 4769 tuum
771 4712 950 4767 oblata
981 4709 1134 4771 mihi,
1167 4707 1445 4762 consolata
1465 4711 1560 4758 cst
1590 4718 1696 4768 me,
1722 4713 1776 4756 et
1798 4701 1993 4756 solatio

425 4809 559 4864 mihi
591 4807 708 4861 fuit.
731 4804 866 4859 Nam
897 4805 940 4859 si
968 4801 1188 4873 quando
1219 4815 1400 4863 casus,
1426 4807 1518 4852 aut
1555 4795 1876 4865 periculum,
1902 4801 1996 4847 aut

425 4898 619 4953 mortis
637 4894 990 4962 exspectatio,
1015 4893 1194 4962 gravis
1215 4890 1462 4952 morbus,
1483 4896 1577 4942 aut
1594 4903 1758 4956 opum
1781 4886 1991 4954 jactura

426 4996 520 5042 aut
549 4984 852 5056 persecutio
881 4983 1148 5054 quaelibet,
1177 4989 1272 5036 aut
1296 4981 1524 5034 aliorum
1549 4977 1848 5047 quidpiam,
1873 4990 1994 5044 qua:

425 5081 587 5150 vulgo
617 5077 800 5144 gravia
825 5063 1227 5140 existimamur,
1258 5072 1438 5127 evenit
1461 5071 1617 5134 mihi,
1643 5083 1764 5138 spes
1793 5083 1920 5138 erga
1943 5075 1994 5122 te

426 5186 548 5224 mea
599 5167 958 5224 consolationi
997 5165 1132 5220 mihi
1181 5174 1316 5220 erat.
1347 5165 1486 5231 Quia
1531 5163 1795 5234 eloquium
1847 5171 1994 5214 tuum

425 5263 706 5330 vivi/icavit
735 5277 834 5314 me.
861 5258 1008 5313 Nihil
1029 5273 1182 5328 mque
1206 5259 1443 5312 animam
1467 5257 1786 5310 rationalem
1815 5256 1994 5310 vivere

425 5351 576 5416 facit,
608 5353 716 5407 vita
749 5351 949 5408 scilicet
983 5350 1084 5419 ipsi
1115 5349 1355 5419 propria,
1379 5357 1542 5417 atque
1573 5347 1848 5416 eloquium
1873 5343 1988 5398 Dei.

425 5443 560 5499 Nam
593 5445 720 5500 dum
765 5453 990 5514 augetur
1031 5441 1310 5511 eloquium
1337 5439 1452 5506 Dei,
1483 5441 1598 5496 sive
1647 5449 1990 5508 conceptum,

429 5538 544 5590 sive
583 5536 1032 5605 comprehensum
1085 5533 1142 5588 in
1197 5532 1436 5586 hominis
1481 5532 1696 5595 anima,
1727 5537 1994 5599 ,tantum-

429 5626 552 5682 dem
575 5636 837 5697 augentur
881 5641 1000 5697 quae
1023 5625 1186 5680 vitam
1221 5633 1483 5695 spectant.
1517 5622 1610 5678 llla
1635 5632 1814 5680 autem
1847 5629 1996 5687 sunt,

503 5739 616 5814 (£7)
641 5741 792 5798 Alius
815 5742 982 5799 codex
1005 5741 1119 5798 haec
1145 5737 1618 5812 Eusebio_tribuit.

2090 3173 2122 3242 ἠ
2150 3171 2257 3240 γὰρ
2291 3170 2512 3238 ἔννομος
2548 3167 2660 3237 ζωὴ
2691 3167 3001 3238 παῤῥησέας
3024 3164 3373 3234 δημιουργός.

2158 3262 2266 3316 Kal
2295 3260 2584 3330 ἐμελέτων
2613 3261 2681 3312 ἐν
2729 3257 2854 3322 ταῖς
2893 3255 3168 3320 ἐντολαῖς
3197 3271 3334 3314 σου,
3395 3247 3493 3318 αἶς
3515 3249 3664 3318 ἠτά-

2090 3367 2258 3421 πησα
2285 3352 2538 3420 σφόδρα.
2585 3351 2692 3404 Kal.
2719 3346 2832 3418 ἦρα
2859 3347 2963 3412 τὰς
2995 3345 3195 3414 χεῖράς
3227 3361 3345 3412 μου
3383 3343 3532 3410 πρὸς
3561 3345 3668 3408 τὰς

2089 3443 2340 3508 ἐντολάς
2369 3459 2502 3496 σου.
2533 3443 2730 3512 Χεῖρας
2781 3437 3012 3491 ἐνταῦθα
3039 3435 3136 3498 τὰς
3170 3433 3482 3504 πρακτικὰς
3511 3434 3668 3502 ἐνερ-

2089 3534 2240 3603 γείας
2294 3530 2430 3586 εἷναί
2469 3550 2650 3602 φησιν.
2695 3533 2757 3584 Ἦ
2805 3531 2914 3600 γὰρ
2967 3529 3166 3600 πρᾶξις
3215 3527 3365 3589 τέλος
3435 3525 3668 3596 μελέτης

2090 3625 2238 3678 ἐστὶν
2265 3623 2510 3678 ἐντολῶν·
2548 3621 2682 3692 μετὰ
2707 3621 2816 3692 γὰρ
2859 3621 3118 3688 ἀνάληψιν
3149 3617 3242 3670 τοῦ
3285 3615 3395 3668 τῶν
3437 3613 3668 3666 ἐντολῶν

2090 3716 2266 3782 Λόγου
2293 3714 2453 3766 καλὸν
2475 3713 2536 3765 τὸ
2568 3714 2766 3785 ἐπᾶραι
2789 3712 2888 3774 τὰς
2941 3714 3128 3780 χεῖρας
3159 3707 3250 3760 ἐπὶ
3287 3706 3386 3769 τὰς
3429 3706 3538 3758 τῶν
3581 3705 3670 3757 ὲν-

2091 3806 2260 3860 τολῶν
2301 3804 2544 3876 πράξεις·
2591 3805 2664 3874 μὴ
2709 3805 2772 3856 ἐκ
2815 3803 2990 3871 λύπης
3030 3802 3062 3871 ἧ
3103 3799 3162 3864 ἐξ
3213 3800 3480 3868 ἀνάγκης,
3529 3793 3672 3850 ἀλλὰ

2091 3899 2184 3952 καὶ
2216 3896 2524 3958 διαθέσεως·
2557 3896 2648 3948 καὶ
2675 3893 2811 3964 μετὰ
2839 3893 3008 3946 ταῦτα
3063 3891 3300 3962 συνεχῶς
3329 3890 3457 3962 περὶ
3485 3889 3668 3942 αὐτῶν

2092 3987 2393 4057 ἀδολεσχεῖν
2415 4003 2472 4039 ἰε
2503 3986 2596 4038 καὶ
2627 3982 2988 4050 διαλέγεσθαι.

2164 4077 2475 4144 Μνήσϐητι
2509 4076 2616 4128 τὸν
2647 4076 2830 4142 λόγον
2872 4087 2987 4126 σου
3016 4071 3096 4136 τῷ
3135 4071 3331 4134 δούλῳ
3357 4085 3498 4125 σου.
3555 4069 3672 4123 Καὶ

2093 4171 2240 4230 ποῖος
2263 4170 2290 4219 ὁ
2316 4167 2470 4234 λόγος
2521 4159 2582 4219 οὗ
2621 4163 2920 4234 μνησθῆναι
2967 4161 3130 4214 αὑτὸν
3160 4160 3316 4234 ἀξιοῖ,
3363 4160 3394 4229 ἢ
3439 4161 3500 4212 τὸ
3528 4155 3669 4214 εἶναι

2096 4258 2211 4326 μετ’
2259 4255 2458 4316 αὐτῶν,
2506 4253 2627 4308 καθ’
2670 4255 2735 4324 ἢν
2783 4253 3010 4306 δέδωκεν
3069 4229 3249 4315 αὐτοῖς
3301 4250 3668 4319 ἐπαγγελίαν,

2093 4349 2212 4418 ἣτις
2257 4347 2351 4400 καὶ
2403 4346 2748 4417 παράκλησις
2792 4347 2973 4409 αὐτοῖς
3022 4347 3080 4398 ἐν
3123 4346 3234 4407 τοῖς
3261 4343 3519 4412 διωγμοῖς
3551 4341 3670 4410 ἐγί-

2020 4447 2066 4504 D
2093 4457 2240 4504 νετο;

2165 4530 2326 4596 Αὕτη
2355 4547 2430 4600 με
2463 4527 2873 4596 παρεκάλεσεν
2919 4528 2988 4580 ἐν
3015 4525 3090 4594 τῇ
3140 4525 3490 4579 ταπεινώσει
3523 4540 3666 4593 μου.

2095 4623 2156 4676 Οἱ
2187 4621 2570 4692 ἑϐδομήκοντα·
2625 4617 2991 4684 ἀναζωώσέις
3017 4635 3114 4686 με.
3150 4617 3297 4684 Αὕτη
3317 4618 3455 4683 τιςὴ
3490 4615 3667 4678 ἐλπὶς,

2094 4713 2416 4783 ἐγγινομένη
2457 4731 2544 4783 μοι
2567 4713 2673 4764 ἀπὸ
2699 4711 2792 4764 τοῦ
2821 4710 2912 4763 σοῦ
2956 4711 3138 4778 λόγου,
3189 4707 3530 4779 παρεκάλεσέ
3577 4725 3670 4777 με,

2096 4807 2189 4860 καὶ
2229 4805 2650 4876 παρεμυθήσατὸ
2705 4822 2792 4874 με,
2844 4805 2922 4864 εἰς
2949 4801 3011 4854 τό
3034 4819 3046 4830 ·
3079 4803 3131 4854 εἴ
3161 4817 3290 4852 ποτε
3319 4799 3673 4870 περι-στάσεις

2096 4897 2434 4967 ἢκίνδυνος,
2495 4897 2528 4968 ἦ
2589 4896 2818 4949 θανάτου
2873 4894 3091 4964 δοκιμὴ,
3139 4891 3291 4953 νόσος
3351 4888 3587 4959 χαλεπὴ.
3637 4891 3670 4958 ἢ

2097 4987 2337 5042 ἀπώλεια
2397 4987 2503 5041 τῶν
2559 4985 2992 5058 ὑπαρχόντων,ἢ
3045 4981 3365 5052 διωγμοῦ,ἢ
3399 4981 3450 5032 εἴ
3497 4996 3550 5030 τι
3581 4980 3674 5049 δή·

2096 5099 2224 5134 ποτε
2252 5081 2358 5134 τῶν
2383 5079 2752 5150 νομιζομένων
2779 5076 3028 5148 χαλεπῶν
3070 5069 3448 5142 κατελάμϐανε
3502 5087 3594 5140 με,
3640 5073 3676 5140 ἡ

2097 5174 2189 5226 ἐπὶ
2215 5173 2274 5225 σὲ
2300 5172 2453 5234 ἐλπὶς
2488 5170 2828 5241 παράκλησίς
2883 5186 2983 5238 μου
3041 5162 3128 5239 ἦν.
3170 5166 3298 5216 ’Ὁτι
3354 5161 3420 5214 τὸ
3460 5160 3680 5228 λόγιόν

2096 5279 2212 5318 σου
2237 5262 2414 5330 ἐζησέ
2435 5280 2529 5332 με.
2563 5263 2726 5317 Οὐδὲν
2759 5260 2885 5315 ἄλλο
2915 5261 3056 5312 ποιεῖ
3105 5257 3201 5325 ζῇν
3239 5253 3460 5322 λογικὴν
3491 5249 3679 5319 ψυχὴν

2098 5353 2195 5424 τὴν
2221 5355 2414 5423 ἑαυτῆς
2455 5353 2598 5425 ζωὴν
2628 5354 2703 5416 ὡς
2731 5351 2791 5404 τό
2821 5351 2998 5419 λόγιον
3025 5347 3119 5401 τοῦ
3143 5345 3298 5398 Θεοῦ.
3331 5341 3462 5396 Καθ’
3493 5341 3522 5392 ὃ
3557 5340 3681 5408 gap

2101 5445 2255 5508 αὔξει
2280 5444 2340 5496 τὺ
2385 5443 2561 5520 λόγιον
2589 5444 2682 5497 τοῦ
2710 5443 2868 5507 Θεοῦ,
2922 5442 3017 5495 καὶ
3045 5439 3328 5508 νοούμενον
3363 5433 3457 5486 καὶ
3504 5448 3683 5502 παρα-

2099 5534 2502 5605 λαμϐανόμενον
2551 5537 2629 5599 εἰς
2669 5535 2766 5606 τὴν
2813 5533 2904 5587 τοῦ
2953 5531 3241 5602 ἀνθρώπου
3294 5526 3494 5596 ψυχὴν,
3531 5524 3684 5578 κατᾶ

2103 5625 2258 5680 τοῦτο
2287 5625 2506 5692 αὔξεται
2555 5627 2650 5684 καὶ
2697 5628 2766 5682 τὰ
2791 5630 2890 5700 τῆς
2949 5623 3114 5696 ζωῆς.
3167 5619 3350 5676 Ταῦτα
3377 5617 3437 5671 δέ
3470 5617 3590 5671 ἐστι
3616 5615 3680 5668 ’.ιδ
