3880 6216
173 259 284 311 λεν

1276 258 1641 314 EXPOSlTiO
1679 259 1747 313 ΙΝ
1790 261 2119 315 ΡΒΜᾹΠῘΜ
2161 261 2397 316 CXVI".

3334 267 3435 319 493

176 368 275 420 σὺν
297 368 462 436 ἀρετῇ
491 364 591 436 ζῇν
608 367 857 419 ἐνταῦθα·
880 370 1015 438 μετὰ
1037 368 1205 421 ταῦτα
1226 368 1280 422 δὲ
1307 371 1400 424 καὶ
1422 370 1519 442 τὴν
1542 372 1745 427 αἰώνιοκ.

1860 392 1981 430 cum
2023 378 2219 434 virtute
2261 381 2315 432 in
2350 379 2453 433 hac
2483 388 2587 433 rita
2628 395 2820 451 agere;
2856 388 2980 450 post
3011 380 3126 435 haec
3169 390 3350 437 autem
3381 392 3434 437 et

174 458 360 509 δίδωσι
393 455 559 526 ζωήν.

258 548 648 617 Ὑπερήφανοι
680 551 1071 620 παρηνόμουν
1096 551 1206 617 ἕως
1240 554 1499 622 σφόδρα,
1532 556 1651 609 ἀπὸ
1693 556 1762 610 δὲ

173 638 282 691 τοῦ
319 640 505 706 νόμου
536 654 654 693 σου
697 644 808 694 οὐκ
849 642 1147 707 ἐξέκλινα.
1190 645 1278 698 Ἐν
1310 645 1456 716 αὑτῷ
1488 648 1595 718 γὰρ
1627 648 1759 699 ἑπο-

172 730 466 801 λιτευόμην
498 733 683 803 τηρῶν
708 734 768 785 τὸ
793 736 1123 804 ἡγεμονικόν
1156 754 1278 807 μου,
1314 739 1400 792 ἵνα
1428 738 1502 809 μὴ
1537 739 1759 810 γένηται

175 825 330 895 ῥῆμα
362 827 605 896 κρυπτὸν
630 828 687 879 ὲν
712 830 778 897 τῇ
809 828 1004 899 καρδίᾳ
1035 846 1138 898 μου
1173 830 1456 900 ἀνὸμιμον.
1504 832 1757 885 Ἐκείνων

170 917 282 987 γὰρ
331 918 451 970 λίαν
501 919 995 989 παρανομούντων,
1028 921 1148 974 οὐδὲ
1196 922 1337 975 κατὰ
1394 923 1591 993 μικρὸν
1647 925 1758 992 ἐγὼ

166 1008 262 1061 τὸν
290 1008 454 1078 νόμον
487 1025 579 1061 σου
608 1010 958 1080 παρέϐαινον.

241 1098 588 1168 Ἐμνήσθην
600 1100 715 1152 τῶν
731 1100 1028 1169 χριμάτων
1041 1116 1158 1155 σου
1178 1116 1263 1155 απ
1302 1101 1538 1169 αἰῶνος,
1558 1105 1752 1173 Κύριε,

168 1190 270 1241 καί
284 1189 693 1258 παρεκλήθην.
714 1193 795 1243 Με
805 1210 908 1262 μνη
919 1192 1078 1261 μένος
1093 1193 1201 1264 γὰρ
1216 1191 1323 1245 τῶν
1343 1193 1435 1247 ἀπ’
1454 1194 1645 1257 αἰῶνος
1661 1195 1756 1247 καὶ

167 1283 273 1343 ἓως
305 1281 501 1344 αίῶνος
542 1281 1031 1353 ἀποδοθησομένων
1075 1283 1318 1353 ἑκάστῳ,
1353 1284 1754 1353 παρακαλεῖται

167 1373 263 1426 καὶ
313 1372 518 1435 ἄλυπος
565 1375 595 1426 ὁ
632 1374 838 1437 δίκαιος
877 1374 1029 1444 μένει
1079 1374 1287 1443 λέγων’
1337 1378 1459 1429 Οὐκ
1507 1375 1646 1439 ἄξια
1684 1374 1755 1428 τὰ

167 1464 490 1534 παθήματα
518 1465 623 1518 τοῦ
650 1466 765 1519 νῦν
796 1466 1005 1535 καιροῦ
1047 1467 1198 1533 πρὸς
1237 1466 1354 1535 τὴν
1395 1466 1754 1535 μέλλουσαν

165 1556 361 1621 δόξαν
388 1559 887 1629 ἀποκαλυφθῆναι
910 1563 997 1625 είς
1027 1561 1202 1630 ἡμᾶς.
1226 1557 1327 1613 τΩν
1357 1563 1619 1633 ἐποίησας
1646 1563 1751 1615 πά-

166 1648 256 1702 λαι
289 1652 405 1712 τοῖς
438 1650 682 1703 ἀδικοῦσι
724 1652 815 1704 τὸν
850 1653 1085 1723 Ἰσραὴλ,
1122 1653 1503 1724 μνημονεύσας
1544 1652 1750 1724 κριμά-

1861 470 2030 523 vitam
2056 469 2286 541 largitur
2314 480 2593 526 aeternam.

1924 561 2009 614 51.
2055 559 2276 631 Superbi
2330 562 2506 632 inique
2551 561 2771 631 agebant
2818 578 3216 633 usquequaque,
3254 581 3288 618 a
3327 564 3437 635 lege

1861 658 2035 702 autem
2062 658 2155 704 tua
2181 667 2283 704 non
2308 649 2585 703 declinavi.
2626 651 2681 703 ln
2702 651 2803 719 illa
2833 652 2977 705 enim
3013 652 3180 706 vitam
3208 654 3434 723 agebam
3488 666 3495 673 '

1860 737 2158 791 observans
2180 738 2287 791 vim
2312 738 2509 792 animm
2530 738 2904 809 principalem,
2925 755 2992 794 ne
3015 740 3168 795 ﬁeret
3195 741 3251 796 in
3272 742 3438 798 corde

1859 842 1981 881 meo
2010 828 2236 883 verbum
2290 829 2668 884 absconditum
2730 831 3095 902 illegitimum.
3126 830 3236 888 lllis
3289 834 3436 888 enim

1858 918 2197 987 iniquissime
2231 921 2533 990 agentibus,
2570 936 2637 975 ne
2664 923 2933 977 tantillum
2964 924 3184 993 quidem
3221 939 3323 995 ego
3358 925 3437 980 le-

1857 1025 1976 1081 gem
2009 1019 2156 1064 tuam
2189 1021 2558 1082 transgressus
2588 1028 2734 1067 sum.

1938 1100 2026 1155 52.
2057 1099 2263 1154 Memor
2309 1103 2386 1170 fui
2431 1101 2751 1169 iudiciorum
2786 1112 2993 1157 tuorum
3025 1122 3059 1159 a
3080 1105 3295 1173 sazculo,
3324 1105 3435 1161 Do-

1856 1191 2014 1252 mine,
2045 1199 2095 1243 et
2128 1191 2434 1245 consolatus
2464 1208 2601 1247 sum.
2633 1191 2839 1247 Memor
2859 1195 3004 1249 enim
3033 1210 3223 1250 eorum
3258 1211 3381 1267 quae
3401 1211 3433 1251 ι

1855 1282 2053 1336 sacculo
2083 1298 2258 1351 usque
2291 1282 2344 1336 in
2377 1284 2635 1337 saeculum
2661 1284 2890 1355 singulis
2916 1285 3091 1340 danda
3127 1296 3273 1352 sunt,
3300 1303 3433 1343 con-

1854 1369 2174 1423 solationem
2202 1371 2386 1439 justus
2424 1372 2655 1441 accipit,
2690 1389 2791 1428 nec
2830 1375 2892 1428 in‘
2932 1376 3148 1431 tristitia
3190 1378 3321 1446 agit,
3351 1379 3433 1432 di-

1853 1473 1983 1512 cens
2016 1478 2029 1511 :
2069 1457 2191 1510 Non
2223 1470 2345 1512 sunt
2391 1460 2663 1529 condigna:
2691 1462 2960 1530 passiones
2992 1462 3148 1532 hujus
3184 1467 3430 1533 temporis

1850 1550 1923 1601 ad
1948 1549 2181 1617 futuram
2201 1550 2425 1620 gloriam
2447 1568 2563 1621 qua:
2584 1552 2895 1604 revelabitur
2924 1554 2980 1605 in
3001 1553 3149 1607 nobis
3164 1553 3231 1607 ⁵ο.
3258 1554 3430 1623 (Alius

1851 1637 2062 1710 eodem.)
2090 1638 2299 1693 Memor
2324 1640 2655 1708 judiciorum
2678 1657 2798 1709 quae
2815 1642 2943 1695 olim
2975 1643 3145 1698 tulisti
3168 1646 3431 1701 adversus

164 1757 295 1803 των,
326 1741 710 1811 παρεκλήθην
739 1739 913 1805 εἰδὼς,
949 1743 1024 1805 ὡς
1057 1743 1175 1795 οὐδὲ
1203 1743 1364 1806 αὐτὸς
1391 1745 1448 1795 ὲν
1481 1746 1591 1806 τοῖς
1617 1742 1743 1795 διω⁹

1860 1743 1945 1783 eos
1991 1730 2085 1798 qui
2114 1730 2366 1798 injuriam
2403 1731 2637 1785 facerent
2667 1731 2874 1794 lsraeli,
2910 1735 3227 1791 consolatus
3251 1752 3373 1792 sum
3411 1755 3425 1791 :

164 1832 329 1900 γμοῖς
358 1831 914 1901 ἐγκαταληφθήσομαι
938 1871 953 1895 ,
984 1833 1077 1884 καὶ
1113 1833 1187 1895 ὡς
1230 1833 1410 1885 πάντα
1441 1833 1581 1887 κατὰ
1615 1833 1749 1887 Θεοῦ

165 1922 351 1991 κρίσιν
382 1923 494 1983 τοῖς
518 1920 824 1992 ἀνθρώποις
854 1939 915 1975 συ
926 1923 1162 1992 μῦαίνει.

248 2108 486 2176 Ἄθυμία
512 2106 769 2176 κατέσχε
788 2124 865 2175 με
893 2107 1011 2160 ἀπὸ
1040 2108 1403 2175 ἁμαρτωλῶν
1436 2107 1554 2161 τῶν
1576 2109 1749 2177 ἐγκα-

163 2203 661 2268 ταλιμπανόντων
695 2200 803 2253 τὸν
828 2201 1016 2265 νόμον
1034 2216 1170 2253 σου.
1210 2200 1334 2252 Ἐπὶ
1358 2202 1463 2252 τῶν
1492 2201 1749 2269 ἁμαρτω-

162 2289 291 2356 λῶν,
326 2293 374 2343 οἱ
408 2293 506 2360 μὲν
538 2292 754 2362 ἀνόμως
785 2291 1179 2360 ἁμαρτάνουσι,
1218 2290 1295 2361 τῷ
1343 2292 1476 2360 μηδὲ
1516 2292 1615 2359 τὴν
1651 2293 1749 2360 ἀρ-

160 2379 262 2449 χὴν
310 2382 669 2453 πειρασθῆναι
717 2382 928 2451 νόμων·
966 2382 1013 2433 οἱ
1059 2382 1115 2434 δὲ
1154 2383 1211 2433 ὲν
1249 2382 1418 2451 νόμῳ,
1450 2383 1526 2452 τῷ
1567 2399 1745 2453 παρα-

155 2472 370 2528 ϐαίνειν
423 2474 605 2526 αὐτόν.
653 2474 759 2527 Καὶ
799 2475 925 2543 μετ’
967 2474 1167 2542 ὀλίγαο
1205 2474 1271 2526 Εἴ
1302 2491 1355 2525 τι
1388 2474 1495 2544 γὰρ
1547 2474 1745 2543 πάσχει

158 2564 220 2616 ἓν
252 2566 434 2635 μέλος,
467 2566 777 2636 συμπάσχει
806 2566 982 2620 πάντα
1013 2565 1080 2617 τὰ
1123 2566 1256 2636 μέλη
1283 2583 1295 2595 ’
1333 2568 1425 2618 καὶ
1456 2567 1549 2619 ἐὰν
1583 2565 1741 2631 δοξά-

158 2658 323 2727 ζηται
356 2657 413 2712 ἓν
452 2658 632 2727 μέλος,
669 2658 950 2727 συγχαίρει
991 2658 1169 2712 πάντα
1201 2658 1270 2710 τὰ
1306 2658 1464 2728 μέλη.
1502 2657 1611 2710 Καὶ
1652 2657 1744 2711 ἐπὶ

157 2750 274 2809 τοῖς
303 2747 551 2815 ἀδελφοῖς
580 2742 671 2799 οὖν
702 2746 855 2816 ἡμῶν
884 2747 996 2808 τοῖς
1030 2745 1422 2815 ἁμαρτάνουσι,
1458 2745 1743 2798 λυπεῖσθαι

156 2838 418 2910 καθήκει,
448 2841 530 2892 ὅτι
561 2837 790 2891 τοιοῦτοί
821 2839 949 2900 εἱσι,
977 2838 1069 2891 καὶ
1102 2836 1242 2890 οὕτω
1271 2837 1573 2890 διακεῖσθαι
1603 2836 1743 2890 κατὰ

155 2934 251 2986 τὸν
286 2933 442 3003 ἅγιον
471 2933 681 2987 τοῦτον.

236 3024 451 3079 sane
477 3021 640 3095 ἦσάν
670 3042 773 3094 μοι.
807 3023 877 3077 τὰ
914 3022 1274 3094 δικαιώματά
1317 3039 1432 3078 σου
1476 3024 1549 3077 ἐν
1581 3024 1743 3089 τόπῳ

152 3118 477 3185 παροικίας
500 3134 640 3185 μου.
678 3117 855 3169 Τόπον
904 3116 1193 3187 παροικίας
1222 3115 1314 3167 τὸν
1353 3116 1594 3186 παρόντα
1627 3114 1741 3184 βίον

155 3207 294 3278 φησί
320 3225 334 3235 ⁸
386 3208 527 3260 κατὰ
577 3207 663 3260 τόο
724 3204 986 3271 Εὶδότες,
1021 3204 1111 3257 ὅτι
1151 3203 1313 3268 ξένοι
1349 3204 1448 3257 καὶ
1493 3205 1741 3274 παρεπί-

152 3298 337 3366 δημοι
374 3296 535 3365 ἦσαν
561 3296 659 3350 ἐπὶ
689 3295 798 3364 τῆς
835 3294 968 3364 γῆς.
1018 3295 1105 3349 Ἐν
1134 3286 1178 3362 ᾧ
1199 3293 1488 3365 εὐρύθμως
1510 3295 1741 3364 εὐφραι-

150 3387 331 3457 νόμην
359 3386 532 3455 λέγων
560 3385 629 3439 τὰ
646 3385 991 3456 δικαιώματά
1017 3402 1110 3439 σου
1134 3402 1148 3415 ’
1178 3384 1336 3438 τοῦτο
1370 3385 1469 3456 μὲν
1495 3386 1736 3457 θεωρῶν,

150 3479 318 3531 τοῦτο
345 3478 404 3530 δὲ
436 3478 690 3550 πράττων
715 3478 873 3532 αὐτά.

224 3568 668 3639 Διελογισάμην
704 3568 812 3634 τὰς
855 3568 1035 3635 ὁδούς
1070 3584 1212 3632 σου,
1257 3568 1349 3622 καί
1398 3566 1741 3636 ἐπέστρεψα

149 3661 300 3729 τοὺς
345 3661 538 3728 πόδας
582 3680 704 3731 μου
748 3664 834 3727 εὶς
882 3660 955 3714 τὰ
996 3658 1288 3730 μαρτύριά
1338 3675 1474 3713 σου.
1524 3659 1739 3733 Ἐπειδὴ

152 3757 341 3809 πᾶσαν
379 3753 477 3824 τὴν
505 3752 730 3824 γνώμην
758 3754 839 3817 εἰς
869 3752 968 3815 τὰς
998 3752 1126 3817 σὰς,
1151 3753 1313 3822 φησιν
1334 3791 1348 3815 ,
1386 3750 1627 3821 ἀνέθηκα
1657 3754 1742 3804 ὲν-

150 3849 341 3913 τολὰς,
371 3848 560 3901 τούτου
595 3848 754 3917 χάριν
788 3846 897 3898 τῶν
944 3846 1261 3918 μαρτυρίων
1302 3844 1603 3915 ἐπορεύθην
1643 3844 1740 3915 τὴν

151 3941 298 3995 ὀδόν.

237 4030 647 4100 Ἠτοιμάσθην
676 4031 775 4083 καὶ
806 4032 918 4083 οὐκ
958 4028 1314 4096 ἐταράχθην.
1351 4025 1523 4089 Εἰδὼς
1564 4028 1623 4080 τὸ
1660 4029 1738 4079 εί-

156 4123 398 4195 ρημένον
423 4138 436 4151 ·
481 4120 720 4183 Τέκνον,
745 4123 795 4173 εί
834 4117 1140 4189 προσέρχῃ
1168 4116 1482 4171 δουλεύειν
1508 4114 1591 4181 τῷ
1619 4119 1739 4169 Κυ-

144 4218 280 4285 ρίῳ,
322 4215 648 4283 ἐτοίμασον
686 4214 802 4280 τὴν
839 4210 1048 4280 ψυχήν
1087 4224 1204 4265 σου
1245 4213 1333 4274 εὶς
1366 4211 1698 4277 πειρασμόν
1721 4225 1735 4238 ·

153 4310 250 4361 καὶ
288 4306 452 4360 τοῦτο
495 4305 735 4376 μελετῶν
784 4303 1076 4365 διαπαντὸς
1127 4304 1183 4354 ἐν
1230 4304 1351 4362 ταῖς
1397 4299 1607 4369 ἐφόδοις
1638 4300 1740 4351 οὐκ

152 4397 557 4469 ἐταραττόμην,
594 4397 691 4449 ἆτε
738 4391 1126 4465 μεμελετηκὼς
1176 4390 1343 4453 αὑτὰς
1390 4388 1576 4458 φέρειν
1615 4406 1738 4455 γεν-

154 4491 348 4553 ναίως.

224 4586 272 4639 Σ
273 4583 475 4651 χοινία
513 4578 875 4649 ἁμαρτωλῶν
916 4575 1408 4647 περιεπλάκησάν
1449 4592 1572 4644 μοι.
1626 4572 1738 4626 Καὶ

149 4673 274 4726 τίνα
306 4668 374 4741 ἦν
405 4670 475 4723 τὰ
514 4671 719 4741 σχοινία
746 4711 759 4732 ,
799 4670 832 4741 ἦ
876 4671 921 4721 οἱ
971 4668 1198 4739 πονηροὶ
1243 4665 1513 4735 λογισμοὶ,
1563 4662 1628 4716 δι’
1663 4656 1738 4717 ὧν

149 4765 251 4835 τῆς
282 4762 427 4816 κατὰ
452 4762 583 4815 Θεὸν
616 4763 857 4824 στάσεως
883 4760 1201 4831 ἐπεχείρουν
1228 4755 1554 4811 καταϐαλεῖν
1578 4771 1593 4819 ;

224 4853 508 4909 Μεσονύκ
516 4869 640 4905 τιον
659 4851 1036 4921 ἑγετειρόμην
1059 4850 1163 4903 τοῦ
1181 4844 1740 4917 ἐξομολογήσασθαί

151 4962 273 5001 σοι.
312 4946 388 4998 Οὐ
422 4946 531 5015 γὰρ
566 4944 684 5014 μεθ’
718 4943 930 5015 ἡμέραν
960 4944 1139 5014 μόνον,
1176 4940 1315 4994 ἀλλὰ
1359 4939 1452 4992 καὶ
1502 4937 1737 5007 νύκτωρ,

152 5042 275 5092 κατ’
320 5038 453 5090 αὐτὸ
484 5037 581 5107 τῆς
636 5036 830 5097 νυκτὸς
887 5035 947 5087 τὸ
1000 5033 1345 5105 μεσαίτατ⁰ν’
1395 5031 1452 5081 ὲν
1496 5021 1541 5096 ᾧ
1602 5026 1741 5097 μετὰ

152 5129 399 5191 πλείονος
429 5129 624 5198 ἡδονῆς
656 5127 685 5178 ὁ
736 5124 903 5188 ὕπνος
929 5129 1042 5188 τοῖς
1073 5123 1381 5194 ἀνθρώποις
1427 5120 1738 5189 ἐπέρχεται,

152 5221 339 5291 ὑμνῶν
394 5237 454 5271 σε
506 5218 791 5281 διετέλουν,
856 5218 952 5270 καὶ
995 5217 1095 5279 τὰς
1143 5215 1356 5277 δικαίας
1408 5230 1499 5265 σου
1532 5210 1743 5281 ψήφους

150 5313 534 5382 ἀνηυφήμουν.
572 5310 741 5363 Τοῦτο
771 5310 864 5363 καὶ
894 5311 921 5361 ὁ
955 5308 1097 5375 θεῖος
1134 5304 1454 5365 ’Λπόστολος
1486 5302 1623 5372 μετὰ
1647 5299 1739 5352 τοῦ

151 5405 278 5459 Σίλα
309 5403 604 5473 πεποίηκε,
648 5402 743 5455 καὶ
798 5401 889 5453 τὸν
922 5399 1057 5452 πόδα
1089 5399 1249 5452 κάκεῖ
1299 5391 1738 5467 προσδεδεμένος,

154 5496 289 5566 μετὰ
321 5494 510 5557 αἰκίας
539 5493 635 5547 καὶ
666 5493 928 5562 μάστιγος
949 5494 1016 5562 τῇ
1049 5489 1321 5560 προσευχῇ
1346 5486 1443 5556 τὴν
1469 5482 1740 5555 ὑμνῳδίαν

1855 1836 2057 1890 gnarus
2079 1860 2093 1881 ,
2143 1838 2320 1891 neque
2357 1838 2442 1875 me
2476 1822 2527 1874 in
2565 1826 3033 1891 perseoutionibus
3069 1831 3428 1898 comprehen-

1852 1912 2087 1966 dendum
2126 1914 2257 1977 fore,
2289 1923 2451 1982 atque
2480 1913 2662 1967 omnia
2686 1918 2985 1971 secundum
3019 1919 3116 1974 Dei
3153 1921 3422 1991 judicium

1853 2001 2168 2057 hominibus
2198 2004 2530 2073 contingere.

1925 2093 2015 2147 55.
2049 2093 2284 2163 Deiectio
2329 2098 2493 2150 tenuit
2535 2114 2614 2151 me
2654 2115 2749 2167 pro
2790 2103 3144 2168 peccatoribus
3198 2102 3426 2159 derelin-

1849 2185 2124 2251 quentibus
2154 2185 2319 2254 legem
2352 2197 2517 2244 tuam.
2546 2188 2886 2256 Peccatores,
2934 2192 3025 2246 alii
3070 2193 3277 2264 absque
3310 2195 3427 2265 lege

1848 2286 2074 2342 peccant
2120 2279 2213 2347 qui
2250 2294 2527 2347 nunquam
2578 2281 2723 2349 leges
2774 2282 2860 2337 vel
2902 2283 3173 2338 tantillum
3216 2288 3425 2355 experti

1848 2374 2010 2431 sunt;
2047 2367 2139 2420 alii
2185 2368 2238 2420 in
2276 2367 2391 2435 lege
2436 2380 2660 2439 peccant
2686 2387 2808 2426 cum
2843 2374 3317 2444 transgrediuntur
3355 2374 3424 2429 il-

1846 2454 1976 2509 lam.
2011 2455 2080 2510 Et
2100 2471 2216 2527 post
2246 2476 2417 2528 pauca
2437 2477 2455 2514 :
2481 2460 2535 2516 Si
2562 2463 2692 2532 quid
2722 2464 2868 2517 enim
2895 2466 3100 2534 patitur
3117 2468 3423 2521 membrum

1845 2564 2035 2615 unum,
2068 2567 2176 2606 una
2208 2554 2491 2623 patiuntur
2521 2556 2703 2609 omnia
2753 2557 3014 2611 membra.
3052 2555 3113 2611 Et
3151 2557 3197 2612 si
3239 2558 3426 2611 laude-

1846 2649 1935 2693 tur
1957 2656 2123 2695 unum
2154 2646 2480 2709 membrum,
2508 2648 2847 2717 congaudent
2874 2647 3057 2700 omnia
3090 2647 3330 2701 membra
3353 2648 3421 2704 ⁸¹.

1845 2729 1950 2784 Par
1976 2741 2060 2785 est
2089 2747 2218 2803 ergo
2247 2734 2313 2789 de
2337 2734 2595 2790 fratribus
2628 2737 2790 2790 etiam
2833 2738 3038 2791 nostris
3073 2738 3165 2806 qui
3196 2747 3426 2806 peccant

1844 2821 2047 2886 dolere,
2077 2824 2205 2894 quia
2242 2826 2451 2881 scilicet
2487 2828 2621 2882 tales
2654 2838 2820 2894 sunt;
2853 2838 2905 2882 et
2936 2829 3052 2897 pari
3096 2828 3261 2884 modo
3292 2830 3425 2885 atre-

1843 2922 1963 2968 ctos
1990 2930 2092 2968 nos
2125 2930 2270 2983 esse,
2296 2933 2408 2985 quo
2440 2927 2663 2973 sanctus
2694 2918 2802 2972 ille.

1914 2998 2003 3052 54.
2025 2998 2330 3056 Cantabiles
2352 3002 2479 3055 mihi
2500 3012 2650 3056 erant
2672 3003 3084 3072 justiﬁcationes
3105 3013 3210 3058 tua:
3232 3003 3422 3056 inloco

1768 3100 1808 3157 α
1840 3091 2277 3160 peregrinationis
2302 3108 2448 3147 mese.
2472 3092 2676 3147 Locum
2700 3094 3159 3163 peregrinationis
3181 3110 3422 3164 praesen-

1839 3188 1948 3235 tem
1996 3182 2160 3236 vitam
2210 3184 2371 3250 dicit;
2408 3184 2562 3254 juxta
2606 3186 2782 3239 illud:
2817 3185 3050 3240 Scientes
3101 3187 3227 3256 quia
3268 3202 3423 3255 pere-

1840 3274 1979 3345 grini
2005 3284 2051 3327 et
2080 3275 2309 3345 hospites
2343 3286 2495 3329 erant
2536 3292 2691 3345 super
2720 3286 2913 3331 terram
2936 3277 3001 3330 ⁵².
3044 3276 3100 3331 In
3148 3293 3258 3347 quo
3305 3292 3426 3332 mo.

1840 3364 2023 3419 dulate
2038 3365 2261 3421 laetabar
2283 3368 2952 3438 narransjustilicationes
2974 3378 3118 3424 tuas.
3144 3370 3271 3425 Sive
3293 3386 3424 3426 con-

1841 3454 2131 3523 templans,
2157 3458 2272 3512 sive
2296 3471 2531 3527 operans
2562 3458 2707 3514 illas.

1911 3545 2000 3600 59.
2040 3544 2279 3616 Cogitavi
2318 3550 2429 3601 vias
2480 3558 2619 3616 tuas,
2648 3558 2697 3602 et
2743 3550 2972 3604 converti
3011 3548 3166 3619 pedes
3192 3565 3334 3605 meos
3367 3550 3424 3603 iis

1843 3640 2143 3693 testimonia
2199 3650 2310 3694 tua.
2369 3640 2674 3707 Quoniam,
2722 3642 2921 3713 inquit,
2962 3651 3130 3697 totam
3182 3650 3422 3698 mentem

1842 3730 2123 3799 praeceptis
2178 3730 2286 3785 tuis
2339 3731 2553 3795 addixi,
2586 3732 2710 3787 ideo
2758 3733 2926 3785 invia
2976 3732 3417 3786 testimoniorum

1842 3828 2062 3874 tuorum
2095 3821 2320 3876 incessi.

1910 4002 1998 4057 60.
2026 4001 2258 4056 Paratus
2279 4014 2455 4056 sumet
2475 4020 2575 4056 non
2593 4020 2708 4055 sunt
2725 4004 2986 4060 turbatus.
3002 4006 3138 4059 Cum
3162 4005 3331 4061 sciam
3351 4007 3417 4060 il-

1841 4095 1932 4149 lud
1962 4114 1974 4146 :
2007 4093 2152 4160 Fili,
2186 4096 2233 4146 si
2275 4095 2477 4148 accedis
2526 4094 2595 4148 ad
2642 4098 2970 4149 serviendum
3001 4097 3251 4165 Domino,
3280 4114 3420 4167 pra:-

1840 4202 1973 4254 para
2013 4185 2248 4249 animam
2290 4193 2433 4238 tuum
2463 4185 2533 4238 ad
2578 4187 2915 4239 tentationem
2942 4186 3024 4240 "z
3058 4187 3173 4241 haec
3204 4201 3420 4258 semper

1843 4279 2135 4341 meditans,
2176 4278 2230 4331 in
2269 4277 2580 4332 incursibus
2618 4277 2966 4333 inimicorum
3001 4294 3109 4331 non
3141 4293 3262 4335 sum
3305 4287 3420 4333 tur-

1844 4371 2023 4434 batus,
2048 4379 2233 4441 utpote
2261 4370 2609 4425 meditatione
2637 4378 2860 4438 paratus
2892 4370 2960 4425 ad
3000 4384 3062 4424 ea
3100 4369 3312 4425 fortiter
3340 4368 3421 4425 fe-

1767 4454 1818 4513 D
1844 4463 2035 4518 renda.

1915 4556 2003 4610 6i.
2032 4553 2211 4608 Funes
2255 4563 2589 4623 peccatorum
2637 4551 2982 4620 circumplexi
3028 4562 3151 4605 sunt
3206 4571 3305 4610 me.
3352 4555 3420 4611 Et

1845 4648 2067 4719 quinam
2118 4646 2300 4710 funes,
2330 4646 2433 4700 nisi
2469 4646 2624 4699 malae
2671 4638 3064 4714 cOgitationes,
3095 4646 3295 4714 quibus
3332 4664 3418 4704 me

1846 4758 1875 4795 a
1900 4740 1993 4794 Dei
2022 4740 2195 4811 gratia
2225 4737 2516 4794 deturbare
2545 4737 2930 4791 conabantur?

1917 4833 2004 4887 62.
2053 4831 2231 4886 Media
2278 4839 2428 4884 nocte
2473 4830 2749 4899 surgebam
2788 4828 2857 4881 ad
2896 4829 3250 4897 confitendum
3301 4832 3417 4887 tibi.

1846 4923 1962 4980 Non
1997 4926 2141 4979 enim
2169 4924 2255 4977 die
2283 4931 2518 4985 tantum,
2547 4921 2639 4976 sed
2673 4922 2836 4975 etiam
2872 4930 3061 4988 noctu,
3096 4930 3152 4977 et
3187 4922 3292 4977 sub
3336 4923 3418 4992 ip-

1846 5032 1967 5072 sum
1993 5015 2169 5070 noctis
2197 5014 2504 5077 dimidium,
2530 5027 2639 5082 quo
2667 5013 2872 5082 majore
2892 5013 3167 5083 voluptate
3191 5029 3418 5069 somnus

1844 5108 2095 5164 homines
2140 5115 2390 5176 occupat,
2434 5105 2649 5175 hymnis
2683 5104 2748 5159 ad
2796 5104 2871 5159 tui
2902 5106 3115 5160 laudem
3155 5106 3416 5159 canendis

1843 5202 2125 5264 vacabam,
2157 5210 2211 5255 et
2236 5200 2373 5268 iusta
2412 5199 2616 5268 judicia
2658 5207 2747 5251 tua
2782 5197 3161 5252 decantabam.
3188 5195 3304 5250 Hoc
3334 5196 3417 5247 di-

1844 5297 2006 5350 vinus
2057 5294 2219 5347 etiam
2259 5292 2553 5361 Apostolus
2585 5306 2708 5345 cum
2754 5290 2864 5343 Sila
2900 5288 3048 5354 fecit,
3079 5297 3133 5342 et
3161 5287 3417 5354 alligatus

1847 5385 2002 5454 pede,
2022 5382 2335 5437 vulneribus
2359 5390 2411 5435 et
2432 5380 2614 5451 ﬂagris
2630 5387 2906 5442 oneratus,
2925 5378 3225 5432 orationem
3254 5376 3415 5445 hym—

1848 5490 2042 5530 norum
2073 5482 2233 5529 cantu
2270 5473 2606 5543 temperavit,
2648 5482 2702 5527 et
2739 5471 3065 5541 Optimarum
3098 5467 3412 5553 qvigiliarum

222 5675 267 5704 "
294 5673 455 5729 Rom.
485 5667 717 5730 vui,18.
795 5667 837 5697 ⁸¹
871 5664 889 5716 l
921 5664 1047 5717 Cor.
1081 5678 1178 5723 χιι,
1210 5661 1299 5715 ‘26.
1372 5662 1415 5692 δ’
1442 5656 1607 5714 Hebr.
1650 5671 1724 5719 χι,

1912 5652 1957 5683 ⁸³
1993 5650 2157 5709 Eccli.
2194 5667 2255 5715 ιι,
2290 5651 2338 5703 Ι.

480 5765 748 5823 Ριτιιοι..
791 5761 907 5821 Gn.
954 5759 1221 5821 XXVII.

3018 5743 3090 5798 16
