3880 6216
437 315 536 367 491

1283 309 1344 397 ξ’.
1387 302 1752 357 ATHANASII
1796 302 1945 356 OPP.
1989 301 2171 356 PARS
2211 303 2298 356 lll.
2336 335 2399 344 —
2428 301 2846 359 EXEGETICA.

3582 303 3690 360 49?.

438 434 674 514 fructum
719 429 956 502 percepit
976 429 1038 479 “.
1093 425 1296 480 Divina:
1339 441 1573 496 namque
1620 425 2050 484 muniﬁcentiae}

2151 424 2350 493 ιέρασε,
2386 423 2478 476 καὶ
2500 423 2597 492 τῆς
2616 422 2784 492 καλῆς
2816 422 3118 493 ἀγρυπνίας
3144 419 3410 491 ἐτρύγησε
3435 419 3530 475 τδν
3557 437 3695 492 καρ-

439 522 598 576 donis
625 528 818 574 auctus
841 527 943 572 est.

510 609 602 666 65.
665 608 934 676 Particeps
992 623 1082 676 ego
1131 621 1244 656 sum
1294 603 1522 655 omnium
1580 600 1870 653 timentium
1939 607 2006 651 te.

437 701 724 757 Perfectus
769 700 933 754 homo
982 699 1250 767 particeps
1280 693 1480 748 Christi
1517 691 1708 758 fuerit,
1736 691 1888 761 juxta
1923 689 2008 743 di-

443 805 591 848 ctum
635 792 764 846 illud
794 809 808 845 :
839 788 979 842 Nam
1025 788 1224 842 Christi
1249 788 1530 855 participes
1565 785 1698 852 facti
1741 799 1919 838 sumus
1941 782 2008 838 ⁸⁸.

439 881 543 936 llic
569 889 748 934 autem
783 879 939 948 quasi
978 879 1245 943 initiatus,
1276 893 1335 931 se
1380 877 1686 931 timentium
1721 873 2012 929 Dominum

445 972 762 1042 participem
792 986 912 1026 esse
940 963 1104 1036 dicit;
1136 984 1310 1038 neque
1340 977 1546 1022 tantum
1576 965 2015 1032 timentium,scd

445 1064 609 1119 etiam
629 1047 818 1118 eorum
841 1063 932 1132 qui
956 1069 1177 1130 propter
1201 1061 1450 1115 timorem
1480 1059 1573 1113 Dei
1597 1059 1716 1128 ejus
1748 1067 2015 1129 pracepta

447 1166 684 1212 servant.
713 1156 1107 1226 Argumentum
1138 1164 1319 1209 autem
1358 1154 1568 1208 timoris
1596 1152 1691 1207 Dei
1719 1160 1802 1206 est
1830 1152 2018 1205 obser-

443 1247 591 1300 vatio
619 1254 1032 1316 praeceptorum.

522 1335 613 1390 6i.
641 1333 1005 1388 Misericordia
1038 1343 1146 1397 tua,
1174 1332 1416 1398 Domine,
1446 1335 1600 1401 plena
1622 1340 1699 1386 est
1729 1339 1888 1388 terra.
1919 1328 2017 1382 Ju-

448 1429 794 1496 sti/icationes
849 1435 964 1479 tuas
1017 1426 1142 1480 doce
1178 1442 1278 1480 me.
1328 1424 1646 1492 Prophctice
1678 1438 1796 1492 qua:
1839 1421 2020 1475 futura

451 1529 580 1575 sunt
603 1519 873 1584 enuntiat,
911 1518 1122 1587 plenam
1166 1517 1374 1571 scilicet
1425 1515 1542 1569 fore
1575 1515 1884 1568 universam
1913 1521 2023 1565 ter-

452 1628 571 1666 ram
604 1611 908 1664 timentium
956 1608 1266 1662 Dominum.
1299 1607 1365 1660 Et
1412 1607 1534 1671 hoc,
1573 1605 1767 1675 inquit,
1808 1619 1917 1658 non
1956 1618 2022 1656 ex

454 1704 561 1758 alio
585 1719 684 1757 usu
717 1717 880 1771 quam
914 1716 981 1754 ex
1018 1709 1106 1754 tua
1133 1699 1542 1765 misericordia;
1577 1713 1702 1751 nam
1735 1707 1789 1749 tu
1822 1697 1935 1764 ipse
1971 1694 2022 1748 id

454 1793 879 1848 misericorditer
923 1791 1081 1858 iacis,
1109 1792 1361 1872 ~teipsum
1413 1790 1550 1844 dans
1583 1788 1894 1842 hominibus
1928 1787 2025 1840 do-

456 1897 685 1940 ctorem.

528 1976 614 2031 65.
648 1975 948 2030 Bonitatem
979 1975 1149 2044 fecisti
1189 1990 1306 2027 cum
1340 1991 1484 2028 servo
1511 1984 1622 2040 tuo,
1651 1973 1891 2026 Domine.
1925 1971 2028 2026 Do-

457 2078 609 2125 cetur
635 2068 951 2138 quidivinis
989 2069 1220 2137 eloquiis
1257 2069 1505 2123 eruditus
1549 2077 1650 2130 est,
1687 2082 1754 2121 ne
1783 2067 2028 2136 ingratus

459 2163 531 2217 sit
556 2161 610 2214 in
644 2159 812 2214 Deum
846 2157 1104 2213 beneﬁcia
1137 2156 1524 2212 conferentem.
1563 2156 1851 2226 Nunquam
1882 2155 2026 2210 enim

459 2269 490 2307 a
517 2251 756 2322 peccatis
785 2250 1050 2305 liberatus
1089 2249 1300 2312 fuisset,
1335 2255 1390 2302 et
1427 2256 1817 2302 annumeratus
1857 2245 2030 2300 servis

461 2341 579 2410 Dei,
601 2341 706 2396 nisi
735 2341 916 2396 divina
940 2339 1186 2410 quazdam
1209 2340 1384 2410 gratia
1407 2354 1592 2392 eorum
1626 2337 1757 2407 ipsis
1788 2337 1841 2390 in
1866 2350 2030 2390 causa

461 2430 674 2488 fuisset.

530 2523 616 2578 67.
651 2522 970 2592 Priusquam
1023 2523 1334 2575 Immiliarer
1380 2538 1471 2590 ego
1506 2522 1724 2591 deliqui.
1756 2519 2031 2586 Traditus,

463 2615 661 2684 inquit,
691 2615 759 2668 ob
803 2614 1027 2683 pristina
1073 2621 1293 2681 peccata
1345 2628 1485 2678 mea,
1522 2612 1838 2666 humiliatus
1887 2628 2033 2678 sum,

455 2707 570 2762 .hoc
611 2722 678 2760 ex
719 2707 869 2775 justo
903 2703 992 2758 Dei
1031 2704 1237 2772 judicio
1280 2718 1495 2772 passus.
1527 2704 1762 2773 Ideoque
1806 2704 2036 2774 castiga-

463 2797 600 2852 tioni
629 2796 880 2857 traditus,
915 2810 1048 2865 rogo
1078 2796 1212 2849 mihi
1243 2795 1548 2849 doctrinam
1579 2794 1818 2857 immitti,
1845 2804 1905 2848 ut
1943 2809 2036 2849 co-

465 2903 722 2961 gnoscam
749 2888 1179 2943 humiliationem
1202 2886 1348 2942 illam
1380 2887 1514 2942 mihi
1543 2902 1637 2956 per
1665 2887 1962 2942 bonitatem
1985 2894 2038 2941 et

455 2983 534 3038 .ad
559 2983 971 3053 caStigationem
999 2982 1268 3038 evenisse.

539 3160 627 3216 68.
655 3160 836 3214 Bonus
880 3175 932 3214 es
969 3169 1045 3224 tu,
1086 3158 1324 3216 Domine.
1368 3159 1470 3224 Qui
1503 3160 1685 3229 justus
1716 3168 1798 3214 est
1829 3161 1883 3213 in
1911 3177 2030 3215 om-

470 3253 657 3317 nibus,
681 3251 1032 3320 quantumvis
1062 3252 1287 3305 molesta
1319 3251 1429 3304 sint
1455 3266 1574 3320 qua:
1607 3251 1878 3316 accidunt,
1907 3253 2033 3305 dicit

469 3327 582 3398 Deo
613 3362 626 3398 :
655 3343 832 3396 Bonus
849 3360 899 3396 es
918 3353 992 3397 tu.
1026 3343 1212 3398 Simile
1229 3353 1309 3399 est
1331 3345 1468 3398 illud
1490 3345 1832 3398 :Benedicam
1851 3343 2036 3398 Domi-

469 3448 596 3484 num
616 3433 669 3484 in
697 3433 837 3486 omni
863 3443 1086 3501 tempore
1111 3433 1261 3486 ".—
1279 3431 1348 3486 Et
1370 3435 1425 3486 in
1447 3434 1675 3487 bonitate
1700 3446 1790 3487 tua
1813 3432 1938 3486 doce
1961 3450 2038 3487 me

465 3520 870 3590 iustiﬁcationes
905 3533 1044 3576 tuas.
1077 3521 1142 3574 Et
1169 3532 1324 3592 rogat
1354 3538 1386 3577 a
1415 3523 1656 3578 bonitate
1683 3522 1780 3578 Dei
1801 3523 2036 3588 edoceri,

471 3611 598 3680 quia
641 3611 795 3666 bonae
840 3623 968 3666 sunt
1007 3613 1424 3682 justiticationes
1469 3613 1601 3678 Dei,
1654 3614 1719 3668 ad
1773 3613 2040 3683 cujusque

470 3703 726 3756 meritum
769 3703 1229 3758 accommodatae:
1275 3704 1344 3759 de
1399 3705 1600 3774 quibus
1627 3711 1750 3774 apte
1787 3704 2035 3758 dicatur:

475 3791 544 3845 Et
563 3792 862 3861 iustiﬁcata
889 3802 1009 3846 sunt
1029 3793 1238 3862 judicia
1261 3803 1375 3858 tua,
1410 3794 1550 3848 Deus
1572 3795 1648 3848 '".
1683 3835 1690 3842 .

543 3885 632 3952 69,
667 3885 752 3939 70.
788 3885 1140 3956 Multiplicata
1163 3898 1239 3964 est
1283 3904 1438 3956 super
1468 3905 1547 3942 me
1585 3889 1838 3958 iniquitas
1863 3904 2044 3958 super-

474 3977 677 4032 borum.
722 3976 798 4032 Eo
848 3993 1040 4048 usque,
1095 3980 1189 4045 ait,
1223 3979 1488 4048 superbiae
1535 3992 1940 4050 processerunt,
1984 3990 2044 4035 ut

474 4067 626 4121 cordi
654 4081 844 4124 eorum
874 4067 927 4122 id
954 4068 1096 4137 quod
1121 4068 1366 4139 sequitur
1389 4053 1668 4122 acciderit.
1687 4069 2042 4136 Coaqulatum

471 4170 546 4211 est
576 4161 708 4212 sicut
743 4159 826 4212 lac
867 4175 958 4213 cor
986 4175 1183 4214 eorum.
1214 4157 1626 4214 Tentationibus
1667 4161 1826 4216 malis
1866 4162 2044 4231 gravi-

473 4251 685 4322 busqua
713 4253 965 4319 traderis,
994 4253 1194 4322 quibus
1224 4253 1278 4305 in
1302 4253 1410 4306 vita
1442 4241 1839 4309 humiliaberis.
1864 4252 1930 4306 Et
1953 4252 2045 4306 do-

471 4343 676 4398 cebunt
729 4352 779 4397 te
821 4357 1020 4412 corpus
1062 4351 1214 4397 tuum
1265 4343 1530 4412 castigare
1559 4352 1612 4398 et
1646 4345 1698 4396 in
1730 4345 2042 4398 servitutem

475 4434 739 4504 redigere,
767 4449 870 4488 nec
893 4433 1140 4487 incedere
1169 4432 1222 4484 in
1253 4431 1360 4486 lata
1390 4441 1444 4486 et
1474 4432 1714 4507 spatiosa
1744 4433 1831 4487 via
1858 4448 2048 4502 super-
2082 4422 2122 4476 ι)

475 4525 690 4591 borum,
723 4524 817 4578 sed
843 4524 898 4578 in
928 4531 1158 4594 angusta
1187 4529 1240 4576 et
1269 4531 1438 4578 arcta.
1468 4522 1603 4578 Nam
1645 4533 1808 4580 tenue
1841 4536 1923 4580 est
1956 4541 2047 4581 cor

462 4626 811 4679 sanctorum,
842 4631 936 4670 cor
970 4622 1153 4669 autem
1184 4614 1545 4684 superborum
1568 4615 1788 4683 pingue.

542 4794 633 4848 .71.
659 4794 865 4848 Bonum
898 4796 1168 4864 mihiquia
1192 4794 1486 4848 humiliasti
1513 4811 1611 4849 me.
1641 4796 1717 4848 Ac
1741 4797 1786 4849 si
1803 4795 2038 4851 diceret:

478 4887 610 4940 Mihi
626 4888 818 4957 placeo
845 4889 898 4941 in
931 4888 1355 4949 inﬁrmitatibus,
1384 4887 1438 4940 in
1465 4887 1833 4950 contumeliis,
1867 4889 1924 4942 in
1955 4905 2050 4944 ne-

479 4979 859 5043 cessitatibus,
913 4980 969 5032 in
1020 4981 1512 5048 persecutionibus,
1563 4980 1618 5032 in
1664 4981 1962 5050 angustiis,
1994 4990 2053 5036 ut

479 5073 677 5142 dignus
701 5071 1378 5140 videarjustilicationibus
1406 5072 1536 5135 tuis,
1560 5086 1810 5141 quaerens
1837 5087 1900 5128 ea
1930 5088 2050 5142 quae

476 5164 614 5221 alias
641 5162 809 5217 edisci
839 5179 944 5216 non
977 5172 1221 5232 possunt.

552 5256 638 5309 72.
679 5257 884 5310 Bonum
926 5255 1054 5308 mihi
1080 5255 1164 5308 lea:
1192 5255 1297 5308 oris
1329 5253 1430 5317 tui,
1461 5269 1616 5322 super
1641 5253 1814 5306 millia
1838 5252 1958 5304 auri
1997 5261 2048 5304 et

482 5349 705 5418 argenti.
739 5347 945 5401 Ediscit
994 5347 1237 5401 initiatus
1290 5346 1456 5400 homo
1487 5354 1694 5414 quanto
1735 5343 1806 5398 sit
1844 5343 2052 5397 honore

483 5442 736 5495 donatus.

555 5530 641 5584 75.
677 5529 866 5583 Manus
890 5542 992 5586 tua:
1017 5528 1248 5598 fecerunt
1279 5545 1376 5581 me.
1407 5526 1586 5581 Altera
1620 5525 1877 5594 dignitas,
1902 5526 2049 5593 quod

2111 515 2230 568 πόν.
2260 514 2369 585 Τῆς
2397 513 2546 577 θείας
2572 513 2678 584 γὰρ
2712 511 3022 582 φιλοτιμίας
3047 511 3374 571 ἀπέλαυσεν,

2180 603 2446 671 Μέτοχος
2474 601 2585 672 ἐγώ
2624 603 2741 669 είμι
2784 601 3025 654 πάντων
3045 600 3162 653 τῶν
3183 601 3575 670 φοϐουμένων
3600 616 3696 656 σε.

2126 696 2183 748 '0
2219 697 2317 766 μὲν
2375 695 2575 758 τέλειος
2613 693 2849 766 Χριστοῦ
2898 693 2963 746 ἂν
2999 693 3084 764 εἴη
3151 695 3396 764 μέτοχος,
3442 695 3593 749 κατὰ
3642 698 3702 748 τὸ

2115 786 2416 857 είρημένοψ
2448 785 2697 854 Μέτοχοι
2734 785 2843 853 γὰρ
2892 785 2995 838 τοῦ
3049 785 3302 853 Χριστοῦ
3343 788 3699 856 γεγόναμεν.

2127 881 2184 933 Ὀ
2212 880 2267 932 δὲ
2299 877 2506 952 παρὼν,
2537 878 2612 941 ὡς
2659 878 3040 948 εἰσαγόμενος,
3073 879 3180 929 τῶν
3219 879 3578 948 φοϐουμένων
3612 879 3703 930 τὸν

2117 976 2321 1046 Κύριον
2386 975 2609 1044 μέτοχον
2665 973 2853 1026 ἑαυτὸν
2905 968 3042 1025 εἶναι
3094 972 3261 1040 λέγει·
3294 973 3391 1042 ούχ
3421 971 3616 1034 ἁπλῶς
3650 970 3705 1022 δὲ

2117 1068 2224 1121 τῶν
2258 1067 2627 1138 φοϐουμένων,
2657 1066 2788 1119 ἀλλά
2825 1064 2933 1117 τῶν
2964 1064 3050 1117 διὰ
3073 1064 3133 1116 τὸ
3157 1063 3436 1132 φοϐεῖσθαι
3491 1063 3703 1132 φυλασ-

2121 1162 2320 1213 σόντων
2351 1159 2450 1221 τὰς
2476 1158 2692 1220 ἐντολὰς
2734 1156 2826 1209 τοῦ
2857 1156 3013 1208 Θεοῦ.
3075 1157 3284 1226 Δεῖγμα
3338 1156 3396 1208 δὲ
3424 1155 3521 1208 τοῦ
3550 1153 3702 1206 θείου

2121 1250 2283 1318 φόϐου
2316 1251 2348 1318 ἠ
2379 1248 2486 1300 τῶν
2517 1246 2740 1299 ἐντολῶν
2775 1245 3008 1315 φυλακή.

2197 1341 2304 1394 Τοῦ
2331 1339 2542 1403 ἐλέους
2599 1354 2735 1400 σου,
2781 1338 2978 1404 Κύριε,
3011 1334 3249 1403 πλήρης
3291 1337 3330 1402 ἡ
3368 1336 3470 1404 γῆ.
3505 1339 3585 1389 Τὰ
3619 1335 3705 1388 δι-

2124 1430 2418 1500 καιώματά
2442 1447 2556 1483 σου
2579 1427 2828 1490 δίδαξον
2849 1443 2943 1496 με.
2973 1426 3330 1497 Προφητικῶς
3374 1427 3440 1479 τά
3469 1427 3708 1497 ἐσόμενά

2125 1540 2308 1592 φησιν,
2343 1522 2417 1584 ὡς
2451 1520 2599 1572 ἔσται
2631 1521 2780 1571 πᾶσα
2802 1519 2835 1586 ἡ
2864 1516 2935 1585 γῆ
2962 1516 3177 1586 πλήρης
3204 1516 3310 1568 τῶν
3352 1515 3708 1586 φοϐουμένων

2124 1613 2214 1666 τὸν
2237 1613 2460 1682 Κύριον.
2496 1611 2606 1664 Καὶ
2629 1610 2728 1662 οὐκ
2754 1607 2813 1671 ἐξ
2840 1605 3031 1677 ἐτέρας
3062 1607 3194 1675 φησὶ
3220 1606 3373 1658 τοῦτο
3403 1606 3594 1677 χρείας
3619 1624 3712 1673 γε-

2127 1708 2346 1777 νήσεται
2445 1707 2506 1758 ὲκ
2543 1703 2637 1756 τοῦ
2687 1703 2778 1756 σοῦ
2805 1699 3006 1761 ἐλέουςο
3061 1701 3155 1752 καὶ
3185 1700 3346 1763 αὐτὸς
3390 1700 3500 1770 γάρ
3549 1699 3711 1752 τοῦτο

2127 1797 2420 1868 ὲλεητικῶς
2476 1797 2671 1860 ποιεῖς,
2727 1796 2996 1858 ἐπιδιδοὺς
3028 1792 3217 1845 ἑαυτὸν
3251 1790 3356 1843 τῶν
3401 1789 3712 1860 ἀνθρώπων

2128 1885 2266 1942 εἶναι
2297 1887 2634 1942 διδάσκαλον.

2203 1981 2592 2050 Χρηστότητα
2635 1979 2926 2047 ἐποίησας
2946 1977 3095 2046 μετά
3151 1976 3258 2029 τοῦ
3309 1974 3536 2029 δούλου
3569 1989 3713 2035 σου,

2129 2076 2324 2142 Κύριε.
2357 2072 2678 2125 Διδάσκεται
2722 2072 2750 2122 ὁ
2785 2071 2855 2124 τά
2903 2069 3022 2122 θεῖα
3083 2068 3236 2136 λόγια
3282 2065 3716 2134 πεπαιδευμένος

2135 2167 2208 2238 μὴ
2237 2164 2578 2234 ἀναισθήτως
2599 2163 2742 2232 ἔχειν
2781 2161 2879 2224 τὰς
2926 2158 3053 2228 τοῦλ
3074 2158 3207 2212 Θεοῦ
3256 2157 3595 2227 εὐεργεσίας.
3638 2157 3713 2207 Ού

2132 2259 2238 2330 γὰρ
2264 2257 2436 2320 ἄλλως
2455 2255 2764 2325 ἀπήλλακτο
2789 2253 2887 2322 μὲν
2902 2251 3002 2320 τῆς
3020 2249 3309 2320 ἁμαρτίας,
3331 2245 3719 2318 κατηρίθμητο

2131 2352 2186 2405 δὲ
2215 2354 2272 2404 ὲν
2303 2350 2507 2412 δούλοις
2533 2345 2760 2418 Κυρίου,
2815 2347 2861 2397 εἰ
2916 2344 2990 2414 μὴ
3033 2342 3153 2398 θεία
3181 2359 3263 2405 τις
3317 2341 3476 2411 χάρις
3509 2339 3719 2392 τούτων

2134 2444 2281 2515 αὐτῷ
2309 2441 2457 2497 αίτία
2479 2440 2722 2509 γέγονεν.

2207 2529 2327 2597 Πρὸ
2375 2527 2481 2581 τοῦ
2513 2544 2589 2595 με
2612 2523 3041 2591 ταπεινωθῆναι
3091 2523 3206 2592 ἐγὼ
3251 2521 3714 2591 ἐπλημμέλησα.

2136 2619 2236 2672 Διά
2277 2618 2376 2681 τὰς
2410 2617 2680 2689 προτέρας
2718 2633 2840 2685 μου,
2892 2613 3045 2684 φησὶ,
3074 2612 3408 2684 πραχθείσας
3437 2613 3718 2683 ἁμαρτίας

2138 2709 2480 2782 παραδοθεὶς,
2540 2707 2929 2774 ὲταπεινὼθην,
2971 2705 3148 2775 κρίσει
3200 2701 3382 2774 δικαίᾳ.
3429 2703 3523 2756 τοῦ
3579 2703 3718 2756 Θεοῦ

2136 2805 2294 2860 τοῦτο
2325 2798 2532 2855 παθών.
2580 2791 2655 2852 Οὗ
2697 2799 2761 2869 δὴ
2791 2797 2884 2850 καὶ
2923 2797 3084 2868 χάριν
3128 2796 3342 2867 παιδείᾳ
3369 2795 3718 2866 παραδοθεὶς.

2137 2895 2326 2966 δέομαι
2370 2888 2717 2953 διδασκαλίας
2767 2888 2841 2952 ὡς
2887 2887 2953 2942 ἂν
2986 2887 3121 2957 γνῶ,
3179 2888 3260 2941 ὃτι
3308 2887 3342 2956 ή
3390 2886 3720 2947 ταπείνωσις

2137 2989 2172 3057 ᾖ
2230 2983 2494 3054 γενομένη
2567 2999 2656 3051 μοι
2719 2980 2858 3033 κατά
2929 2979 3273 3050 χρηστότητα
3333 2977 3428 3030 καὶ
3469 2975 3721 3029 παιδείαν

2065 3091 2108 3150 ο
2141 3079 2370 3146 ἐγένετο.

2209 3164 2480 3234 Χρηστός
2509 3160 2564 3216 εἴ
2589 3163 2691 3226 σὺ,
2725 3163 2919 3230 Κύριε.
2972 3160 3031 3212 '0
3054 3159 3261 3221 δίκαιος
3302 3157 3392 3209 ἐπὶ
3437 3159 3593 3219 πᾶσι,
3618 3157 3722 3210 κᾶν

2137 3254 2171 3327 ᾗ
2208 3255 2376 3327 πικρὰ
2405 3255 2472 3306 τὰ
2504 3253 2890 3323 συμϐαίνοντα,
2947 3250 3095 3318 λέγει
3158 3248 3235 3318 τῷ
3283 3247 3419 3318 Θεῷο
3446 3249 3724 3315 Χρηστὸς

2138 3346 2194 3397 εἷ
2218 3347 2320 3398 σύ.
2348 3344 2594 3396 Τοιοῦτον
2629 3341 2721 3394 καὶ
2750 3342 2828 3394 τό’
2867 3340 3198 3409 Εὺλυγήσω
3246 3339 3350 3392 τὸν
3383 3340 3603 3406 Κύριον
3657 3339 3726 3390 ἐν

2139 3434 2319 3488 παντὶ
2351 3433 2553 3502 καιρῷ.
2605 3433 2715 3486 Καὶ
2753 3434 2822 3485 ἐν
2849 3431 2921 3498 τῇ
2977 3431 3347 3500 χρηστότητι
3385 3445 3500 3483 σου
3557 3429 3725 3482 δίδα-

2142 3526 2252 3590 ξόν
2278 3542 2353 3595 με
2388 3526 2460 3578 τὰ
2498 3521 2852 3592 δικαιώματά
2880 3537 3018 3576 σου.
3055 3522 3166 3573 Καὶ
3201 3521 3368 3573 δεῖται
3399 3521 3460 3572 τὸ
3499 3520 3728 3590 χρηστῷ

2141 3618 2275 3670 Θεοῦ
2303 3616 2633 3686 διδαχθῆναιο
2665 3616 2745 3668 ὃτι
2779 3613 2990 3685 χρηστά
3010 3613 3080 3666 τά
3111 3611 3451 3682 δικαιώματα
3473 3611 3567 3664 τοῦ
3589 3610 3727 3663 Θεοῦ

2145 3709 2278 3781 πρὸς
2333 3709 2430 3778 τὴν
2477 3708 2631 3773 ἀξίαν
2683 3708 2909 3760 ἑκάστου
2954 3705 3231 3775 γινόμεναο
3295 3707 3380 3772 ἐφ’
3411 3698 3491 3767 οἷς
3547 3703 3729 3771 λέγειν

2145 3801 2311 3866 ἄξιον·
2355 3797 2698 3864 Ἑδικαιώθη
2725 3798 2795 3851 τὰ
2816 3795 3068 3864 κρίματα
3085 3812 3221 3860 σου,
3246 3798 3278 3849 ό
3297 3795 3460 3859 Θεός.

2226 3889 2562 3958 Ἐπληρώθη
2599 3889 2688 3941 ἐπ’
2736 3888 2840 3957 ἐμὲ
2887 3887 3090 3941 ἀδικία
3121 3885 3540 3954 ὑπερηφάνων.
3577 3885 3734 3938 ιἘπὶ

2142 3981 2412 4043 τοσοῦτον,
2445 3981 2626 4050 φησὶν,
2686 3978 2891 4048 ἤλασαν
2924 3979 3320 4049 ὑπερηφανίας,
3361 3975 3433 4038 ὡς
3469 3975 3733 4042 γενέσθαι

2143 4075 2240 4143 τὴν
2269 4073 2495 4145 καρδίαν
2521 4075 2577 4124 ὲν
2607 4073 2812 4133 αὐτοῖς.
2870 4069 3162 4138 Ἐτυρώθη
3207 4071 3286 4134 ὠς
3331 4067 3489 4136 γάλα
3515 4070 3556 4135 ή
3591 4086 3736 4137 καρ-

2144 4165 2244 4219 διά
2273 4164 2491 4218 αὐτῶν.
2509 4165 2632 4227 Τοῖς
2662 4165 2919 4234 πονηροῖς
2952 4163 3044 4215 καὶ
3077 4162 3366 4233 μοχθηροῖς
3399 4165 3736 4232 πειρασμοῖς

2145 4257 2493 4330 παραδοθήσῃ
2553 4255 2651 4326 βίῳ
2698 4255 2792 4309 καὶ
2838 4255 3080 4324 πολιτείᾳ
3136 4252 3474 4317 ταπεινοῦσι,
3512 4253 3614 4306 καὶ
3652 4254 3734 4306 δι-

2147 4350 2437 4403 δάσκουσιν
2469 4345 2791 4411 ὑποπιάζειν
2819 4347 2878 4398 τὸ
2900 4345 3057 4416 σῶμα
3089 4345 3183 4398 καὶ
3210 4344 3602 4415 δουλαγωγεῖν,
3639 4348 3738 4400 καὶ

2157 4441 2230 4512 μὴ
2286 4439 2489 4494 ὁδεύειν
2540 4437 2636 4509 τὴν
2693 4437 2949 4490 πλατεῖαν
2979 4436 3073 4488 καὶ
3123 4436 3430 4508 εὐρύχωρον
3481 4439 3581 4506 τὴν
3626 4438 3738 4490 τῶν

2155 4531 2548 4601 ὑπερηφάνων,
2611 4527 2748 4581 ἀλλά
2810 4527 2904 4598 τὴν
2957 4525 3144 4597 στενὴν
3195 4529 3290 4579 καὶ
3343 4526 3735 4598 τεθλιμμένην·

2152 4621 2321 4690 λεπτὴ
2357 4619 2581 4691 μὲνγὰρ
2611 4619 2645 4688 ἡ
2674 4617 2780 4672 τῶν
2817 4617 3009 4685 ἁγίων,
3059 4619 3198 4670 πίων
3229 4618 3285 4670 δὲ
3326 4620 3359 4688 ή
3411 4618 3520 4669 τῶν
3568 4620 3740 4690 ὑπερ-

2151 4713 2372 4783 ηφάνων
2395 4713 2607 4784 καρδία.

2236 4804 2483 4871 Ἀναθόν
2497 4820 2620 4870 μοι,
2647 4801 2737 4855 ὅτι
2766 4801 3171 4868 ἐταπείνωσάς
3198 4819 3296 4870 με.
3347 4803 3494 4855 Ὠσεὶ
3527 4803 3736 4872 ἔλεγεν·

2158 4892 2374 4944 Εύδοκῶ
2405 4895 2462 4944 ὲν
2505 4891 2826 4958 ἀσθενείαις,
2884 4895 2941 4946 ὲν
2975 4893 3211 4963 ὕϐρεσιν,
3261 4895 3318 4945 ἐν
3362 4894 3653 4962 ἀνάγκαις,
3682 4899 3740 4947 ἐν

2152 4985 2428 5054 διωγμοῖς,
2482 4987 2538 5036 ὲν
2573 4986 2974 5056 στενοχωρίαις,
3016 4987 3164 5052 ἄξιος
3209 4986 3439 5055 ὀφθῆναι
3470 4988 3580 5038 τῶν
3631 4988 3739 5038 σῶν

2151 5075 2569 5145 δικαιωμάτων,
2627 5074 2806 5146 ζητῶν
2863 5077 3004 5147 ἅπερ
3062 5079 3160 5130 οὐκ
3210 5078 3355 5131 ἔστιν
3403 5078 3579 5139 ἄλλως
3640 5097 3740 5149 μα-

2153 5167 2283 5220 θεῖν.

2236 5259 2480 5326 Ἀγαθός
2525 5275 2627 5327 μοι
2661 5260 2694 5311 ό
2725 5258 2907 5327 νόμος
2950 5261 3056 5313 τοῦ
3107 5262 3400 5330 στόματός
3427 5276 3544 5314 σου
3582 5265 3737 5330 ὑπὲρ

2156 5348 2429 5414 χιλιάδας
2463 5349 2720 5417 χρυσίου
2749 5350 2846 5402 καί
2890 5350 3196 5419 ἀργυρίου.
3236 5353 3406 5421 Ὅσης
3450 5352 3684 5420 ἠξίωται

2158 5439 2252 5493 ἄνθ
2259 5458 2440 5510 ρωπος
2467 5441 2772 5494 διδάσκεται
2796 5441 3164 5512 εἰσαγόμενος.

2232 5532 2300 5582 Al
2331 5529 2523 5598 χεῖρές
2545 5546 2660 5582 σου
2689 5528 2991 5595 ἐποίησάν
3023 5547 3118 5598 με.
3147 5530 3372 5600 Ἕτερον
3417 5529 3640 5598 ἀξίωμα
3679 5531 3740 5581 τὸ

541 5710 586 5740 ⁸³
616 5710 732 5765 Act.
773 5726 882 5778 va,
911 5711 1002 5766 25.
1031 5708 1037 5711 ’
1099 5713 1143 5743 ⁵⁸
1173 5709 1338 5766 Hebr.
1379 5724 1463 5778 ιιι,
1498 5709 1626 5782 14.“;
1663 5711 1709 5743 "
1732 5708 1883 5765 Psal.
1920 5724 2050 5763 xxxi

2151 5708 2194 5762 Ξ.
2274 5711 2314 5740 ⁵⁷
2349 5709 2488 5764 l’sal.
2526 5727 2678 5773 xvnt,
2715 5710 2798 5763 l0.
