3880 6216
169 318 274 373 έ-τέὅ

1235 310 1601 367 ΕΚΡΟΒΙΤῘΟ
1637 309 1701 362 ΙΝ
1743 307 2073 366 PSALMUM
2112 311 2342 367 CXVIII.

3324 312 3427 366 494

167 435 413 488 δεκτικὸν
443 435 605 486 αὐτὸν
631 430 769 488 εἶναι
803 434 894 486 καὶ
931 433 1236 504 χωρητικὸν
1295 433 1396 502 τῆς
1425 431 1589 486 αὑτοῦ
1636 431 1750 484 δια-

1885 432 1925 484 it
1973 447 2142 502 capax
2179 434 2307 490 talis
2352 434 2736 505 intelligentiae.
2774 434 2860 488 Da
2909 434 3036 487 mihi
3083 433 3429 500 intellectum,

174 525 338 588 νοίας.
374 525 703 579 Συνέτισόν
731 543 828 593 με,
859 525 960 578 καὶ
983 522 1331 594 μαθήσομαι
1364 522 1471 588 τὰς
1502 521 1754 586 ἐντολάς

168 631 306 670 σου.
329 615 407 684 Τῇ
431 615 524 666 ἐπὶ
556 615 656 684 τῆς
678 617 946 686 ποιήσεως
967 615 1288 685 εὐχαριστίᾳ
1311 613 1428 665 λίαν
1449 611 1754 675 ἀκολούθως

168 708 203 777 ἡ
230 705 333 775 τῆς
360 706 614 775 νοητικῆς
642 706 922 776 δυνάμεως
965 707 1064 776 τῆς
1099 705 1335 759 συνιέναι
1379 705 1635 774 ποιούσης
1657 705 1754 768 τὰς

170 797 415 859 ὲντολὰς.

243 890 309 940 Ol
323 888 682 956 φοϐούμενοί
696 901 789 952 σε,
814 887 1067 955 ὄψονται
1081 902 1177 952 σε,
1199 888 1295 940 καὶ
1312 889 1576 956 εὐφρανο
1585 886 1756 953 ήσον-

166 991 283 1028 ται.
333 975 604 1042 Διδάσκει,
629 975 706 1037 ὡς
734 974 835 1028 οὐκ
885 975 1049 1038 αὐτὸς
1078 975 1237 1047 μόνος
1289 975 1502 1040 καθέξει
1553 976 1613 1028 τὸ
1658 975 1755 1045 χὰ-

169 1080 365 1135 ρισμα,
408 1065 602 1134 φθάσει
628 1066 685 1118 δὲ
718 1067 809 1120 καὶ
856 1068 935 1129 είς
977 1066 1184 1130 πάντας
1236 1068 1364 1130 τοὺς
1393 1066 1754 1137 φοϐουμένους

166 1157 260 1208 τὸν
289 1157 511 1227 Κύριον.
539 1159 664 1220 Τοῖς
711 1157 821 1228 γὰρ
874 1159 1121 1212 εὐσεϐέσι
1175 1161 1357 1230 μόνοις
1401 1160 1550 1212 ἐστὶν
1601 1159 1752 1227 ἡδὺς,

167 1248 446 1318 αἰσθητῶς
480 1249 536 1301 δὲ
572 1249 789 1318 ὁραθείς
823 1250 918 1302 καὶ
971 1249 1114 1302 κατὰ
1146 1250 1238 1302 τὸν
1294 1249 1450 1318 λόγον
1489 1249 1584 1302 καὶ
1615 1248 1755 1302 κατὰ

166 1337 236 1389 τὰ
262 1339 507 1407 νοήματα
537 1339 636 1409 τῆς
661 1340 852 1407 σοφίας
874 1342 940 1410 ἣν
964 1339 1096 1410 ἔχει·
1134 1344 1246 1404 τοῖς
1282 1341 1338 1392 δὲ
1381 1341 1558 1404 ἄλλοις
1588 1341 1756 1410 βαρύς

166 1428 286 1479 ἐστι
323 1429 414 1480 καὶ
445 1429 790 1499 βλεπόμενος.
820 1431 940 1483 Ὅτι
963 1432 1209 1502 ἀνόμοιος
1242 1435 1353 1494 τοῖς
1382 1431 1560 1496 ἄλλοις
1587 1433 1615 1483 6
1646 1431 1756 1501 βίος

166 1517 335 1570 αὐτοῦ
367 1520 462 1572 καὶ
495 1520 888 1591 ἐξηλλαγμέναι
916 1523 974 1573 αἱ
1018 1523 1191 1594 τρίϐοι
1247 1521 1434 1588 αὐτοῦ,
1478 1521 1566 1574 διὰ
1601 1521 1757 1574 τοῦτο

165 1611 222 1663 δέ
247 1628 437 1680 φησιν·
480 1611 1036 1680 Εὑρραγθήσονται,
1074 1613 1164 1666 ὅτι
1195 1617 1283 1679 είς
1341 1613 1478 1678 τοὺς
1537 1613 1757 1682 λόγους

165 1719 288 1759 σου
316 1704 650 1771 ἑπήλπισα.

1859 532 1917 576 ut
1942 524 2144 579 discam
2170 527 2426 582 mandata
2457 538 2568 582 tua.
2597 527 2729 583 Post
2751 528 3046 598 gratiarum
3085 528 3328 583 actiones
3367 530 3432 582 de

1855 616 2133 671 creatione
2157 633 2276 683 sua,
2312 618 2467 672 valde
2495 627 2891 689 consequenter
2918 626 3282 672 annectuntur
3304 632 3432 686 gra-

1857 705 2055 759 tiarum
2106 707 2346 761 actiones
2394 722 2492 776 pro
2523 710 2648 763 data
2685 708 2958 778 cogitandi
3004 707 3279 771 facultate,
3312 722 3435 776 quae

1858 795 2112 848 mandata
2139 795 2434 865 intelligere
2464 795 2613 850 facit.

1933 883 2018 936 74.
2050 883 2154 947 Qui
2186 887 2372 938 timent
2404 896 2450 938 te
2500 887 2739 938 videbunt
2780 896 2846 950 te,
2873 895 2924 939 et
2959 883 3299 939 laetabuntur.
3324 881 3428 934 Do-

1859 983 1945 1030 cet
1977 992 2084 1030 non
2126 991 2186 1031 se
2213 978 2390 1031 solum
2424 993 2541 1032 eam
2580 980 2817 1048 gratiam
2867 988 3306 1042 consecuturum,
3337 977 3427 1029 sed

1857 1082 1977 1121 eam
2013 1068 2268 1123 omnibus
2309 1070 2624 1124 timentibus
2673 1068 2840 1123 Deum
2879 1071 3252 1124 obventuratn.
3294 1065 3428 1120 Nam

1857 1157 1964 1226 piis
2008 1158 2186 1212 solum
2228 1159 2542 1212 hominibus
2575 1159 2749 1213 dulcis
2779 1168 2892 1226 est;
2919 1160 2991 1212 ita
3027 1169 3084 1212 ut
3114 1159 3275 1213 etiam
3305 1173 3430 1212 sen-

1858 1247 2085 1301 sibiliter
2110 1249 2372 1313 videatur,
2391 1258 2444 1302 et
2471 1250 2766 1303 secundum
2795 1251 3041 1313 verbum,
3058 1259 3112 1303 ct
3133 1249 3430 1303 secundum

1857 1339 2214 1406 cogitationes
2240 1340 2520 1408 sapientiae
2540 1355 2704 1408 quam
2728 1340 2890 1394 habet
2914 1357 2928 1404 ;
2955 1340 3076 1393 aliis
3102 1347 3280 1393 autem
3309 1353 3430 1408 gra-

1858 1429 1940 1482 vis
1969 1437 2022 1484 et
2047 1429 2217 1482 durus
2245 1437 2348 1494 est,
2384 1431 2598 1484 etiamsi
2635 1430 2898 1484 videatur.
2941 1429 3079 1495 Quia
3120 1430 3240 1482 aliis
3270 1428 3431 1482 dissi-

1859 1521 2004 1575 milis
2036 1522 2252 1576 estvita
2278 1523 2396 1591 ejus
2433 1533 2486 1577 et
2521 1523 2751 1578 diversae
2790 1523 2890 1578 viae
2932 1523 3075 1592 ejus,
3103 1522 3225 1576 ideo
3262 1521 3430 1576 dicit:

1859 1613 2228 1679 Laetabuntur,
2263 1617 2389 1685 quia
2419 1616 2474 1668 in
2496 1616 2662 1670 verbis
2693 1617 2797 1669 tuis
2821 1615 3205 1685 supersperari.

245 1799 494 1865 Ἕγνων,
520 1799 710 1864 Κύριε,
744 1797 830 1850 ὅτι
861 1798 1214 1866 δικαιοσύνη
1243 1799 1314 1852 τὰ
1338 1798 1589 1867 κρίματα
1617 1813 1751 1851 σου.

1929 1794 2016 1848 75.
2059 1795 2307 1866 Cognovi,
2355 1796 2592 1862 Domine,
2619 1799 2744 1868 quia
2791 1799 3014 1868 (aquilas
3055 1798 3267 1867 judicia
3317 1804 3430 1852 tua.

165 1890 568 1960 Διδασκόμεοα,
603 1891 680 1953 ὡς
703 1891 880 1944 πάντα
909 1893 1040 1962 ἡμῖν
1072 1893 1101 1943 6
1155 1891 1287 1954 Θεὸς
1314 1891 1534 1954 δικαίως
1567 1890 1758 1958 ἐπιφέ-

171 2000 276 2054 ρει·
337 1981 480 2034 ὣστε
533 1983 826 2050 ἀναγκαῖον
894 1983 968 2053 μὴ
1027 1982 1309 2053 ὀλιγωρεῖν
1363 1983 1513 2052 ἡμᾶς
1551 1982 1608 2033 ὲν
1641 1983 1759 2042 ταῖς

167 2077 474 2137 παιδείαις,
525 2075 885 2146 προσπίπτειν
935 2075 993 2127 δὲ
1027 2074 1246 2144 μᾶλλον,
1282 2074 1375 2126 καὶ
1430 2075 1494 2126 ὲκ
1537 2070 1757 2142 τῆς-τοῦ

167 2169 339 2238 νόμου
365 2166 615 2236 φυλακῆς
642 2166 732 2218 τὸν
763 2165 910 2217 ἔλεον
937 2164 1190 2230 ἐξαιτεῖν.

244 2257 566 2324 Γενηθήτω
619 2256 696 2323 δὴ
749 2257 814 2308 τὸ
870 2256 1041 2319 ἔλεός
1067 2272 1182 2307 σου
1221 2253 1323 2306 τοῦ
1348 2251 1760 2321 παρακαλέσαι

163 2369 264 2421 με.
307 2351 497 2412 Ἔλεος
529 2347 624 2401 τοῦ
655 2347 864 2417 Πατρὸς
895 2351 924 2400 ὁ
969 2346 1115 2408 Υἱὸς,
1145 2345 1205 2408 ὃς
1263 2345 1356 2396 καὶ
1393 2344 1760 2415 παρεκάλεσεν

167 2441 337 2513 ἡμῶν
366 2441 466 2503 τὰς
499 2440 725 2511 καρδίας
782 2437 1216 2510 τυραννουμένας
1265 2435 1369 2488 ὑπό
1401 2433 1494 2486 τοῦ
1527 2434 1758 2486 Σατανᾶ.

175 2531 253 2584 Ἢ
292 2530 389 2583 καὶ
423 2528 612 2588 οὕτως·
647 2529 847 2598 Δέομαι
877 2526 1020 2581 κατὰ
1047 2525 1137 2578 τὸν
1179 2526 1270 2577 σὸν
1310 2525 1480 2592 Λόγον
1514 2523 1637 2593 ἐμοὶ
1686 2521 1761 2592 τῷ

175 2620 355 2689 δούλῳ
380 2637 474 2672 σου
503 2618 593 2670 ἐπὶ
626 2616 964 2687 παρακλήσει
1008 2614 1104 2667 καὶ
1142 2611 1464 2683 παραμυθίᾳ
1516 2611 1577 2662 τὸ
1616 2609 1761 2671 ἔλεός

175 2731 275 2766 σου
327 2711 604 2778 γενέσθαι.
666 2709 856 2762 Πολλοὶ
895 2709 1003 2778 γὰρ
1069 2705 1465 2776 παρακλήσεως
1511 2703 1760 2773 τυχόντες

169 2802 522 2865 ἀπατῶνται,
555 2800 629 2862 ὡς
661 2798 720 2862 ἐξ
755 2797 888 2860 ἰδίας
915 2797 1228 2867 φρονήσεως
1275 2793 1418 2846 τοῦτ’
1451 2792 1758 2861 ἐσχηκέναι.

173 2898 372 2957 Ὅπως
401 2894 476 2965 μὴ
505 2890 763 2953 ὡσαύτως
805 2889 1012 2952 τούτοις
1039 2886 1316 2959 πλανηθῶ,
1352 2885 1473 2955 ἐμοὶ
1495 2883 1571 2954 τῷ
1597 2882 1765 2952 δούλῳ

171 3001 276 3038 σου
306 2983 368 3036 τὸ
395 2982 543 3044 ἔλεός
581 2997 696 3043 σου,
728 2979 869 3032 κατὰ
891 2978 951 3031 τὸ
982 2978 1161 3046 λόγιόν
1197 2993 1312 3040 σου,
1347 2974 1609 3044 γενέσθω.

262 3070 640 3129 Ἐλθὲτωσάν
666 3087 768 3139 μοι
791 3072 844 3123 oi
873 3069 1162 3137 οἰκτιρμοί
1195 3083 1333 3129 σου,
1366 3065 1463 3118 καὶ
1495 3063 1764 3132 ζήσομαι.

173 3171 394 3239 Ὥσπερ
413 3137 677 3233 ὑπέσχου,
691 3161 842 3233 φησὶ,
861 3160 957 3232 τὴν
974 3159 1316 3231 παράκλησιν
1331 3156 1504 3218 οὕτως
1518 3156 1762 3226 ποίησον,
1795 3137 1835 3193 C

170 3260 306 3324 τοὺς
339 3260 469 3322 σοὺς
497 3256 778 3326 οἰκτείρων
811 3253 1047 3314 οἰκέτας.

251 3345 770 3418 Αίσχυνθήτωσαν
793 3341 1187 3411 ὑπερήφανοι,
1216 3339 1305 3392 ὅτι
1356 3338 1575 3402 ἀδίκως
1625 3336 1766 3403 ἡνό-

169 3459 390 3516 μησαν
431 3443 520 3506 εὶς
549 3437 669 3508 ἐμέ.
726 3439 789 3490 Ei
830 3436 1066 3506 τύχοιμι,
1125 3433 1280 3502 φησὶ,
1333 3432 1433 3501 τῆς
1479 3429 1630 3500 παρὰ
1674 3428 1765 3481 σοῦ

177 3533 464 3606 βοηθείας,
498 3531 619 3583 τότε
666 3531 716 3582 οἱ
772 3527 1000 3598 πονηροὶ
1025 3525 1225 3596 δηλαδὴ
1256 3521 1506 3607 δαίμονες
1534 3521 1627 3574 καὶ
1677 3520 1769 3572 ἇν-

177 3628 393 3698 θρωποι
435 3624 541 3695 τῆς
583 3619 840 3692 ἀληθείας
878 3618 1062 3689 ἐχθροὶ
1098 3614 1562 3686 αἱσχυνθήσονται.
1631 3611 1771 3678 Ἐγὼ

177 3718 262 3782 δὲ,
287 3715 511 3769 ἐκείνων
563 3711 990 3782 αἰσχυνομένων,
1053 3708 1152 3760 ούκ
1208 3705 1607 3775 ἐπαρθήσομαι·
1654 3701 1768 3754 ἀλλ’

177 3810 254 3863 ἐν
273 3806 405 3873 ταῖς
442 3803 715 3868 ἐντολαῖς
747 3816 863 3856 σου
895 3796 1312 3867 ἀδολεσχήσω.

265 3893 840 3963 Ἐπιστρεψάτωσάν
867 3909 969 3960 μοι
1017 3892 1072 3943 oi
1125 3887 1484 3957 φοϐούμενοί
1515 3899 1605 3938 σε.
1662 3886 1772 3956 Τῆς

180 3990 338 4063 παρὰ
365 3988 475 4040 τῶν
504 3986 610 4040 σῶν
639 3985 864 4039 οἰκετῶν
895 3981 1241 4044 διδασκαλίας
1289 3980 1528 4049 τύχοιμι.
1580 3979 1772 4031 "Eata.

181 4081 515 4151 δὲτοιαύτη,
547 4076 635 4132 οἷα
665 4079 757 4131 καὶ
813 4074 1160 4146 ἐπιστρέφειν
1221 4070 1394 4124 εἰδυῖα
1441 4068 1640 4138 ψυχὰς,
1685 4069 1772 4122 διὰ

180 4177 247 4231 τὸ
286 4174 539 4227 πλουτεῖν
560 4170 651 4224 τὸν
679 4167 840 4239 φόϐον
864 4167 953 4220 τὸν
983 4165 1094 4219 σόν.

255 4264 578 4333 Γενηθήτω
603 4261 642 4329 ἡ
675 4258 890 4328 καρδία
907 4274 1026 4325 μου
1079 4253 1335 4322 ἄμωμος.
1390 4251 1504 4303 Οὐκ
1527 4249 1592 4303 ἂν
1638 4249 1774 4318 μετὰ

183 4358 430 4414 τοσαῦτα
456 4355 592 4426 ἔχων
615 4351 839 4424 καρδίαν
889 4348 1117 4418 ἄμωμον
1147 4344 1318 4411 ἔλεγε
1367 4339 1683 4408 Γενηθήτω
1732 4339 1772 4406 ἡ

185 4449 408 4519 καρδία
430 4463 551 4517 μου
580 4443 835 4514 ἄμωμος.
864 4439 1050 4508 Τούτῳ
1077 4436 1478 4507 παραπλήσιον·
1509 4431 1772 4500 Καρδίαν
1803 4466 1850 4522 D

189 4538 464 4607 καθαρὰν
507 4535 718 4590 κτίσον
741 4535 810 4587 ἐν
833 4530 984 4600 ἐμοὶ,
1017 4533 1050 4584 ὁ
1073 4528 1236 4593 Θεός.
1296 4526 1430 4578 Τότε
1463 4524 1574 4594 γὰρ
1614 4523 1773 4592 μόνον

187 4634 294 4686 οὐκ
332 4628 788 4701 αἰσχυνθήσομαι,
815 4624 941 4676 ὅταν
985 4620 1230 4692 ἀμώμως
1252 4617 1350 4682 τὰς
1383 4617 1474 4670 τοῦ
1509 4615 1644 4668 Θεοῦ
1673 4631 1775 4682 φυ-

189 4724 342 4790 λάξω
369 4720 606 4782 ἐντολάς.

279 4811 574 4865 Ἐκλείπει
598 4811 684 4874 είς
707 4807 776 4860 τὸ
798 4803 1096 4871 σωτήριόν
1115 4816 1231 4855 σου
1253 4800 1292 4866 ἡ
1316 4797 1484 4867 ψυχή
1509 4815 1650 4865 μου,
1679 4795 1776 4848 καὶ

194 4907 284 4970 εὶς
316 4902 426 4956 τὸν
459 4901 646 4966 λόγον·
697 4911 814 4952 σου
871 4894 1205 4960 ἑπήλπισα.
1255 4891 1507 4944 Διδάσκει
1562 4889 1708 4957 ἡμᾶς
1750 4889 1777 4938 6

196 4996 496 5066 Προφήτης
519 4991 804 5060 ἐπιθυμεῖν
833 4987 925 5040 τοῦ
963 4985 1143 5053 λόγου,
1179 4984 1272 5036 καὶ
1329 4979 1604 5051 ἐρωτικῶς
1636 4977 1776 5048 ἔχειν

196 5087 339 5157 πρὸς
366 5085 429 5137 τὸ
463 5084 724 5153 σωτήριον
749 5080 840 5133 τοῦ
873 5076 1027 5130 Θεοῦ.
1059 5075 1168 5128 Καὶ
1195 5075 1246 5127 τί
1269 5073 1335 5126 ἂν
1367 5072 1451 5142 εἴη
1507 5070 1692 5139 ἕτερον
1719 5068 1779 5119 τὺ

201 5179 472 5249 σωτήριον
504 5175 537 5245 ἥ
571 5176 604 5245 ὴ
642 5172 910 5244 παρουσία
941 5167 1033 5221 τοῦ
1067 5167 1307 5237 Κυρίου;
1342 5166 1441 5228 Εὶς
1465 5161 1571 5214 τὸν
1597 5160 1781 5227 λόγον

201 5284 319 5323 σου
352 5266 682 5334 ἐπήλπισα.
713 5263 842 5315 Νόει
863 5261 982 5314 ἀντὶ
1016 5257 1132 5321 τοῦ,
1163 5257 1261 5327 τὴν
1292 5252 1638 5322 ἐπαγγελίαν.
1676 5249 1780 5302 Λέ-

201 5378 358 5430 γεται
393 5360 448 5412 δὲ
475 5358 655 5426 λόγιον
687 5357 780 5409 καὶ
813 5358 846 5426 ὴ
887 5353 1237 5413 θεόπνευστος
1266 5349 1474 5420 Γραφή.
1514 5343 1782 5397 Ἐκλείπει

203 5452 383 5508 τοίνυν
403 5451 466 5503 οὐ
501 5449 658 5502 μόνον
680 5452 708 5503 ὁ
726 5448 825 5519 τὴν
849 5447 1141 5516 ὑπόσχεσιν
1165 5443 1264 5512 τὴν
1304 5439 1454 5495 θείαν
1480 5434 1780 5507 ἀναμένων,

272 5629 321 5663 ⁸⁸
344 5626 493 5682 Psal.
519 5645 572 5687 ι..
605 5626 692 5679 12.

278 5724 389 5788 (48)
418 5723 596 5778 Locus
621 5721 864 5776 vitiatus.

1861 1884 2132 1942 Docemur
2161 1888 2331 1942 Deum
2373 1890 2532 1945 nobis
2573 1891 2752 1944 omnia
2778 1891 2927 1960 juste
2962 1879 3246 1956 conferre;
3277 1890 3350 1944 ita
3378 1898 3437 1944 ut;

1860 1979 2165 2032 consultum
2195 1980 2285 2043 sit,
2315 1997 2414 2035 nos
2446 1997 2554 2035 non
2587 1983 2772 2035 animo
2805 1982 3094 2037 concidere
3127 1982 3181 2036 in
3209 1982 3437 2051 castiga-

1862 2068 2122 2135 tionibus,
2156 2071 2250 2124 sed
2279 2085 2370 2126 eas
2394 2072 2572 2140 potius
2601 2073 2871 2141 amplecti,
2898 2082 3060 2143 atque
3096 2088 3163 2127 ex
3191 2073 3322 2143 legis
3341 2087 3437 2126 cu-

1863 2159 2034 2214 stodia
2065 2161 2495 2215 misericordiam
2521 2163 2820 2231 postulare.

1934 2251 2018 2303 76.
2060 2251 2188 2304 Fiat
2215 2254 2581 2308 misericordia
2614 2264 2706 2307 tua
2733 2265 2789 2307 ut
2815 2255 3118 2308 consoletur
3148 2271 3247 2308 me.
3275 2253 3438 2309 Mise-

1865 2343 2094 2397 ricordia
2126 2345 2302 2400 Patris
2330 2346 2520 2412 Filius,
2555 2347 2647 2416 qui
2682 2347 2996 2402 consolatus
3023 2359 3106 2402 est
3143 2347 3310 2401 corda
3335 2363 3440 2401 no-

1867 2444 1976 2488 stra
2035 2434 2251 2490 Satanae
2301 2437 2590 2507 tyrannide
2646 2453 2927 2506 oppressa.
2957 2439 3052 2492 Vel
3100 2439 3263 2492 etiam
3315 2439 3438 2493 sic:

1868 2524 2106 2581 Obsecro
2137 2537 2206 2592 te,
2228 2544 2323 2597 per
2353 2527 2589 2583 Verbum
2621 2539 2792 2596 tuum,
2819 2538 2880 2583 ut
2907 2530 3036 2583 mihi
3064 2545 3223 2584 servo
3253 2540 3345 2585 tuo
3372 2531 3442 2586 ad

1871 2619 2299 2674 consolationem
2333 2621 2703 2674 misericordia
2732 2631 2822 2675 tua
2853 2621 3094 2675 accedat.
3121 2620 3272 2675 Multi
3296 2637 3444 2676 nam-

1872 2723 1974 2777 que
2003 2710 2095 2778 qui
2127 2711 2532 2766 consolationes
2565 2712 2841 2779 accipiunt
2867 2711 3232 2780 decipiuntur,
3282 2712 3443 2781 quasi

1871 2813 1936 2852 ex
1969 2815 2067 2853 sua
2092 2801 2374 2869 prudentia
2406 2801 2459 2854 id
2483 2802 2627 2854 nacti
2653 2801 2876 2855 fuerint.
2903 2799 2979 2854 Ne
3006 2801 3186 2869 itaque
3206 2801 3324 2869 pari
3341 2814 3443 2871 ego

1873 2888 2035 2942 modo
2084 2893 2353 2953 aherrem,
2393 2889 2526 2942 mihi
2576 2903 2734 2943 servo
2773 2897 2869 2942 tuo
2925 2888 3021 2943 ﬁat
3068 2889 3442 2944 misericordia

1873 2987 1985 3042 tua,
2023 2980 2320 3033 secundum
2354 2979 2630 3044 eloquium
2666 2987 2841 3032 tuum.

1947 3070 2031 3122 7'7.
2051 3069 2411 3123 I’eniantmihi
2432 3071 2791 3124 miserationes
2817 3079 2942 3134 tute,
2965 3079 3013 3123 et
3035 3071 3223 3123 vivam.
3243 3069 3446 3135 Quem-

1872 3162 2186 3227 admodum,
2207 3163 2404 3231 inquit,
2427 3163 2857 3217 consolationem
2875 3164 3202 3232 promisisti,
3224 3163 3296 3216 ita
3325 3178 3447 3232 pro-

1870 3255 2098 3309 missum
2128 3254 2311 3324 imple,
2339 3271 2402 3309 ac
2430 3255 2689 3309 miserere
2718 3255 3056 3310 domesticos
3085 3264 3209 3310 tuos

1941 3345 2027 3398 78.
2053 3344 2460 3413 Conlundantur
2488 3345 2716 3414 superbi,
2739 3347 2863 3414 quia
2893 3346 3088 3413 injuste
3112 3347 3448 3416 iniquitatem

1871 3432 2102 3500 fecerunt
2146 3433 2201 3485 in
2253 3449 2352 3486 me.
2380 3433 2437 3485 Si
2485 3442 2674 3498 tuum,
2710 3434 2903 3503 inquit,
2951 3434 3214 3489 auxilium
3252 3450 3448 3491 conse-

1870 3537 2025 3590 quar,
2067 3532 2197 3576 tunc
2251 3522 2471 3590 maligni
2517 3523 2791 3578 daemones
2817 3534 2870 3577 et
2916 3524 3163 3580 homines
3204 3526 3448 3580 veritatis

1873 3611 2512 3665 inimiciconl'undentur.
2530 3611 2642 3682 Ego
2664 3623 2867 3678 autem,
2899 3614 2963 3668 iis
2989 3617 3194 3683 pudore
3216 3615 3445 3680 affectis,

1872 3717 1981 3756 non
2002 3703 2244 3756 extollar.
2282 3700 2384 3755 Sed
2416 3703 2472 3754 in
2505 3703 2771 3758 manda‘i:
2802 3705 2904 3756 tuis
2933 3706 3231 3759 exercebar.

1947 3898 2030 3952 79.
2068 3897 2452 3952 Convertuntur
2481 3897 2611 3950 mihi
2644 3899 2880 3952 timentes
2914 3907 2982 3953 te.
3017 3899 3449 3956 Domesticorum

1875 3996 2090 4040 tuorum
2134 3987 2378 4040 doctrina
2417 3986 2659 4051 imbuar,
2691 4003 2812 4055 qua:
2855 3989 2978 4042 talis
3014 3989 3149 4054 erit,
3195 3998 3254 4043 ut
3287 3988 3451 4045 sciat

1874 4078 2086 4132 animas
2111 4087 2443 4141 convertere,
2481 4077 2608 4146 quia
2639 4079 2831 4132 timore
2865 4087 2957 4133 tuo
2984 4080 3134 4134 dives
3163 4090 3266 4134 est.

1944 4254 2031 4308 80.
2068 4253 2192 4306 Fiat
2213 4269 2302 4306 cor
2322 4269 2493 4307 meum
2519 4255 2944 4307 immaculatum.
2966 4255 3078 4326 (48)
3104 4255 3326 4310 Etiamsi
3353 4272 3450 4311 cor

1873 4358 2069 4412 purum
2109 4344 2335 4406 habeat,
2371 4344 2487 4398 ait:
2523 4342 2648 4396 Fiat
2697 4360 2786 4396 cor
2817 4361 2989 4397 meum
3022 4347 3446 4402 immaculatum.

1877 4433 2014 4486 lluic
2061 4434 2236 4486 simile
2267 4442 2388 4486 est:
2422 4432 2526 4486 Cor
2548 4435 2801 4486 mundum
2835 4451 2955 4488 crea
3003 4435 3058 4488 in
3083 4453 3182 4502 me,
3221 4437 3356 4491 Deus
3380 4439 3447 4490 ⁸³.

1879 4525 2050 4596 (Alius
2069 4524 2278 4596 codex.)
2306 4524 2480 4592 Tunc,
2519 4525 2714 4595 inquit,
2741 4542 2848 4580 non
2878 4526 3198 4594 confundar,
3234 4531 3451 4598 quando

1878 4617 2225 4671 immaculato
2258 4616 2348 4670 Dei
2386 4625 2651 4686 prtecepta
2688 4617 2942 4672 servabo.

1950 4792 2038 4846 81.
2067 4791 2253 4861 Deﬁcit
2279 4793 2331 4844 in
2367 4792 2601 4844 salutare
2626 4802 2771 4844 tuum
2811 4795 2990 4846 anima
3019 4811 3152 4862 mea,
3179 4805 3229 4850 et
3258 4798 3314 4849 in
3342 4813 3458 4852 ver-

1881 4884 2002 4937 bum
2036 4894 2183 4936 tuum
2214 4886 2595 4952 supersperavi.
2622 4883 2788 4938 Docet
2811 4899 2911 4939 nos
2941 4883 3210 4956 Propheta
3246 4888 3460 4942 deside-

1885 4993 2005 5031 rare
2031 4978 2274 5036 verbum.
2301 4985 2354 5030 et
2383 4977 2686 5030 vehementi
2724 4992 2908 5030 amore
2949 4979 3186 5033 salutare
3210 4979 3304 5034 Dei
3329 4996 3457 5048 pro-

1886 5071 2059 5136 sequi.
2093 5066 2299 5136 Ecquid
2331 5067 2476 5121 aliud
2506 5066 2669 5120 fuerit
2696 5067 2933 5121 salutare
2975 5067 3090 5134 Dei,
3116 5070 3219 5123 nisi
3255 5071 3459 5123 adven-

1887 5167 1975 5213 tus
1998 5157 2249 5210 Domini?
2280 5159 2346 5208 ln
2376 5157 2585 5209 verbum
2612 5166 2759 5209 tuum
2790 5161 3166 5226 supersperavi,
3197 5160 3452 5229 intellige,

1887 5250 1943 5303 in
1986 5247 2418 5317 promissionem.
2467 5245 2754 5316 Eloquium
2799 5257 2978 5300 autem
3022 5257 3248 5301 vocatur
3289 5249 3455 5302 etiam

1891 5336 2171 5406 Scriptura
2203 5334 2459 5389 divinitus
2502 5335 2783 5404 inspirata.
2819 5333 3008 5388 Deﬁcit
3048 5349 3178 5404 ergo
3217 5349 3325 5388 non
3359 5349 3454 5389 so-

1888 5431 2002 5487 lum
2035 5429 2130 5501 qui
2153 5427 2392 5485 divinam
2429 5426 2851 5496 promissionem
2908 5435 3206 5495 exspectat,
3242 5438 3456 5482 necnon
