3880 6216
440 348 551 403 ’495

1283 338 1338 391 S.
1382 332 1753 389 ATHANASII
1791 330 1941 386 OPP.
1984 327 2163 382 PARS
2201 326 2286 382 Ill.
2334 356 2398 367 —
2440 320 2855 379 EXEGETICA.

3589 315 3700 370 496

445 465 765 522 instantium
794 470 1057 512 maiorum
1086 454 1409 508 solutionem
1435 468 1449 516 ;
1485 449 1581 504 sed
1610 448 1775 502 etiam
1800 446 1894 515 qui
1929 445 2014 497 di-
2046 495 2047 499 η

2144 442 2211 496 παὶ
2238 440 2334 511 τὴν
2387 439 2540 492 λύσιν
2590 437 2700 491 τῶν
2724 434 3085 504 ἐπικειμένων
3112 448 3297 485 κακων
3328 429 3701 501 προσδεχόμεο

444 553 574 610 vina
613 551 743 621 legit
782 547 1017 616 eloquia,
1047 551 1103 597 et
1146 541 1237 611 qui
1266 554 1457 595 eorum
1498 549 1731 592 mentem
1765 543 2019 590 accurate

447 644 689 701 ediscere
708 646 945 708 exoptat,
969 646 1022 689 et
1041 631 1469 688 consolationem
1495 628 2020 695 oblectationemque

449 735 619 791 animi
644 732 805 787 habet
829 744 952 785 cum
979 725 1265 781 invenerit.

519 906 607 959 82.
626 904 935 973 Defecerunt
965 899 1103 953 oculi
1130 900 1229 951 mei
1260 899 1315 951 in
1339 896 1603 967 eloquium
1630 904 1799 948 tuum.
1829 892 1887 946 In
1913 891 2020 945 Do—

450 998 659 1051 minum
703 993 955 1048 videlicet
996 997 1246 1045 nostrum
1274 987 1460 1043 Jesum
1490 986 1790 1049 Christum,
1821 982 2017 1053 inquit.

449 1085 628 1157 Ipsum
663 1099 898 1152 namque
911 1082 1160 1136 habemus
1191 1080 1503 1135 advocatum
1535 1078 1675 1148 apud
1702 1076 1942 1141 Patrem,
1969 1085 2019 1128 et

448 1180 559 1249 ipse
579 1188 652 1232 est
686 1176 991 1245 propitiatio
1012 1189 1107 1243 pro
1126 1172 1352 1243 peccatis
1377 1170 1592 1234 nostris,
1619 1169 1773 1239 juxta
1794 1166 2022 1236 apostoli

445 1269 719 1325 vocem”.
768 1267 1030 1330 Dicentes,
1070 1264 1279 1333 quando
1337 1260 1687 1314 consolaberis
1738 1259 1856 1311 me?
1886 1257 2019 1311 Cum

449 1363 675 1416 verbum
708 1358 964 1415 adveniet
1008 1356 1174 1423 mihi,
1230 1366 1360 1409 tunc
1404 1352 1835 1406 consolationem
1874 1347 2020 1404 acci-

449 1455 617 1524 piam.
1849 1478 1893 1495 ..

519 1544 609 1597 85.
639 1543 779 1607 Quia
809 1541 981 1609 factus
1003 1555 1119 1592 sum
1136 1538 1272 1593 sicut
1294 1546 1409 1590 uter
1430 1537 1485 1587 in
1517 1534 1730 1604 pruina.
1762 1530 1903 1586 Justi
1919 1528 2020 1585 etsi

450 1636 694 1689 viventes
727 1634 856 1699 sint,
892 1631 1049 1701 quasi
1075 1630 1275 1684 mortui
1306 1644 1373 1683 ex
1400 1626 1659 1682 aerumnis
1687 1621 2018 1683 efﬁciuntur,

452 1729 525 1780 ita
560 1736 621 1780 ut
654 1725 867 1780 utribus
895 1723 1068 1791 magis
1110 1735 1273 1790 quam
1310 1718 1626 1773 hominibus
1657 1714 1861 1771 similes
1889 1713 2018 1778 sint,

2118 551 2226 597 νος,
2257 532 2393 586 ἀλλά
2422 532 2517 584 καὶ
2548 531 2577 583 ό
2595 530 2706 592 τοῖς
2732 527 2895 591 θείοις
2954 524 3292 594 ἐντυγχάνων
3346 521 3570 591 λογίοις,
3607 522 3703 575 καὶ

2117 625 2215 695 τὴν
2237 623 2441 676 τούτων
2465 620 2701 675 διάνοιαν
2749 617 3087 688 καταμαθεῖν
3116 613 3359 687 ἀκριϐῶς
3392 613 3702 683 ἐφιέμενος,

2118 716 2212 769 καὶ
2244 712 2589 786 παράκλησιν
2644 711 2739 764 καὶ
2784 708 3136 779 ψυχαγωνίαν
3186 704 3564 776 ὑπολαμϐάνει
3607 702 3705 774 τὴν

2118 803 2351 875 εὕρεσιν.

2200 893 2515 959 Ἐξέλιπον
2541 893 2596 945 οἱ
2627 888 2932 959 ὀφθαλμοί,
2938 904 3058 958 μου
3096 887 3183 953 εὶς
3208 884 3276 939 τὸ
3327 884 3539 953 λόγιόν
3562 899 3707 937 σου.

2118 985 2213 1049 Εἰς
2235 984 2326 1039 τὸν
2357 983 2561 1055 Κύριον
2580 984 2613 1053 ἡ
2624 980 2738 1053 μῶν
2784 978 2989 1050 Ἰησοῦν
3011 977 3267 1049 Χριστὸν,
3312 976 3501 1046 φησίν.
3530 975 3711 1028 Αὑτὸν

2124 1077 2234 1149 γὰρ
2261 1077 2479 1145 ἔχομεν
2523 1071 2909 1142 παράκλητον
2954 1069 3104 1138 πρὸς
3147 1068 3255 1122 τὸν
3280 1066 3533 1135 Πατέρα,
3562 1064 3710 1119 κατὰ

2118 1169 2218 1241 τὴν
2253 1169 2347 1221 τοῦ
2372 1165 2667 1221 ἀποστόλου
2710 1163 2921 1235 φωνήνο
2962 1160 3059 1215 καὶ
3083 1159 3266 1224 αὐτὸς
3294 1157 3549 1226 ἱλασμός
3574 1157 3712 1209 ἐστι

2120 1260 2254 1329 περὶ
2281 1259 2401 1314 τῶν
2431 1255 2731 1327 ἁμαρτιῶν
2754 1253 2943 1325 ἡμῶν.
2975 1252 3288 1320 Λέγοντες,
3338 1249 3484 1301 πότε
3511 1262 3711 1313 napa-

2121 1352 2398 1417 καλέσεις
2424 1366 2542 1419 με;
2570 1350 2740 1402 Ὅταν
2771 1346 2880 1416 γὰρ
2900 1345 3226 1415 ἐπιδημήσει
3258 1358 3347 1413 μοι
3369 1341 3550 1407 λόγος,
3581 1337 3712 1391 τότε

2121 1441 2441 1515 παρακαλοῦ
2450 1459 2567 1513 μαι.

2196 1536 2326 1587 Ὅτι
2353 1531 2647 1604 ἐγενήθην
2673 1529 2816 1585 ὡσεὶ
2853 1527 3048 1592 ἀσκὸς
3097 1526 3166 1579 ὲν
3218 1523 3445 1591 πάχνῃ.
3495 1522 3713 1593 Νεκροὶ

2125 1627 2223 1698 μὲν
2247 1626 2445 1698 μᾶλλον
2465 1626 2514 1678 οἱ
2546 1623 2746 1688 ζῶντες
2769 1622 2873 1675 ὑπὸ
2899 1620 3007 1673 τῶν
3047 1614 3339 1671 κακώσεων
3383 1615 3631 1683 γίνονται
3661 1615 3712 1666 oi

2121 1718 2339 1783 δίκαιοι,
2369 1717 2445 1781 ὡς
2470 1717 2655 1779 ἀσκοῖς
2686 1714 2919 1768 ἐοικέναι
2953 1710 3149 1783 μᾶλλον
3178 1709 3210 1780 ἥ
3235 1707 3545 1779 ἀνθρώποις
3572 1708 3713 1760 ἀπο-

450 1818 867 1886 refrigescentes
892 1790 1049 1881 quasi
1084 1810 1275 1880 pruina
1303 1808 1606 1878 congelata,
1642 1805 1734 1875 qui
1772 1803 2020 1857 ardorem

2144 1810 2412 1879 μυχόμενοι
2434 1806 2684 1878 καθάπερ
2712 1806 2890 1876 πάχνη
2918 1800 3391 1874 περιπηγνυμένη,
3414 1800 3474 1853 τὸ
3504 1798 3711 1869 θερμὸν

450 1906 706 1977 νηριίεω
744 1904 866 1957 vita:
890 1902 1219 1971 delegerunt.
1253 1898 1526 1969 Ejusdem.
1572 1894 1704 1950 Uter
1739 1896 1791 1948 in
1824 1893 2020 1962 pruina

448 1998 701 2061 ellicitur,
732 1994 828 2066 qui
856 2007 1077 2049 carnem
1114 2006 1271 2046 suam
1310 1990 1568 2051 exsiccat,
1599 1997 1653 2042 et
1702 1986 1835 2039 nihil
1872 1985 1926 2038 in
1955 1999 2021 2039 ea

452 2090 665 2144 ardoris
698 2096 753 2141 et
779 2083 1235 2154 concupiscentiae
1278 2080 1554 2150 relinquit,
1596 2078 1690 2133 sed
1718 2092 1836 2132 eam
1864 2075 2022 2147 quasi

453 2181 760 2249 refrigerat.

523 2272 611 2327 84.
646 2271 785 2335 Quot
817 2276 939 2322 sunt
965 2266 1076 2320 dies
1102 2266 1240 2319 servi
1269 2265 1345 2318 tui
1362 2262 1563 2318 I’Pauci
1585 2261 1731 2317 enim
1755 2266 1883 2315 sunt
1906 2257 2023 2313 dies

452 2363 739 2416 hominum
764 2373 928 2428 super
949 2366 1172 2420 terram,
1197 2354 1251 2409 in
1269 2354 1469 2424 quibus
1500 2358 1655 2421 rogat
1687 2349 1868 2404 statim
1892 2360 2026 2401 con-

448 2456 556 2510 teri
589 2453 843 2507 Satanam
879 2450 981 2506 sub
1012 2447 1241 2519 pedibus
1293 2447 1434 2515 ejus,
1471 2452 1531 2499 ut
1559 2443 1742 2497 anima
1769 2437 2026 2509 subjicia-

445 2557 543 2601 tur
572 2544 755 2599 divino
779 2540 954 2597 Verbo
983 2540 1035 2594 in
1066 2554 1186 2594 eam
1214 2537 1485 2592 immisso.

526 2722 615 2776 85.
644 2719 1006 2773 Narraverunt
1024 2717 1152 2770 mihi
1178 2715 1347 2784 iniqui
1373 2711 1747 2783 fabulationes.
1779 2709 1887 2761 Aut
1909 2720 2028 2760 am-

457 2816 536 2869 les
576 2813 788 2868 tabulas
830 2822 987 2865 vocat
1030 2807 1341 2863 Iudaeorum
1394 2803 1721 2863 doctrinam,
1762 2808 1858 2855 aut
1890 2812 2028 2869 pra:-

448 2912 613 2973 cepta
668 2900 951 2955 hominum
1008 2906 1063 2952 et
1113 2909 1285 2966 nugas
1325 2891 1651 2964 sapientium
1708 2889 1873 2958 hujus
1928 2901 2029 2942 sae-

452 2996 589 3050 culi.

531 3086 619 3140 86.
660 3083 854 3139 Omnia
894 3081 1149 3135 mandata
1178 3086 1270 3132 tua
1299 3076 1514 3141 veritas,
1553 3073 1729 3143 inique
1772 3068 2029 3140 persecuti

459 3186 579 3227 sunt
615 3190 716 3237 me,
750 3172 943 3242 adjuva
967 3186 1067 3223 me.
1119 3167 1335 3223 Gnarus
1377 3179 1437 3219 se
1458 3163 1515 3216 in
1558 3141 1743 3217 divino
1773 3156 2030 3214 tribunali
2055 3141 2101 3203 C-

462 3263 764 3317 mercedem
811 3268 1157 3329 accepturum
1205 3270 1305 3327 pro
1348 3255 1417 3309 iis
1443 3265 1565 3323 quae.
1593 3251 1795 3322 injuste
1836 3262 2031 3319 passus

460 3366 565 3418 est,
584 3355 745 3425 gestit
765 3353 898 3407 illud
923 3362 1131 3422 tempus
1157 3349 1363 3406 videre.

532 3446 622 3500 87.
648 3443 820 3498 Paulo
845 3445 1016 3498 minus
1038 3446 1528 3497 consummaverunt
1560 3453 1637 3491 me
1658 3437 1715 3490 in
1740 3446 1901 3490 terra.
1922 3431 2031 3487 Pa-

463 3554 583 3593 rum
613 3536 789 3591 abfuit
812 3537 947 3606 quin
980 3550 1048 3589 ex
1090 3548 1190 3589 sua
1223 3531 1601 3604 persecutione
1645 3543 1733 3585 me
1774 3542 2033 3584 consum-

466 3636 699 3682 marcnt.
746 3616 793 3657 ‘5
812 3656 815 3659 <

535 3719 622 3773 ‘58.
653 3716 950 3772 Secundum
978 3714 1401 3768 misericordiam
1439 3721 1587 3765 tuam
1621 3710 1830 3779 uiviﬁca
1857 3724 1958 3774 me,
1981 3717 2033 3762 et

462 3809 760 3863 custodiam
788 3808 1087 3862 testimonia
1115 3806 1218 3859 oris
1249 3804 1346 3857 tui.
1373 3800 1447 3857 Os
1482 3801 1574 3855 Dei
1606 3808 1732 3855 sunt
1760 3798 2034 3869 propheta;

463 3907 557 3978 qui
582 3906 967 3961 administrant
994 3902 1326 3967 testimonia,
1361 3906 1651 3969 praecepta,
1681 3894 2032 3967 justiticatio—

465 4013 563 4054 nes
593 3998 731 4067 ejus.

532 4087 903 4152 In'teternum,
936 4084 1182 4151 Domine,
1216 4084 1428 4136 verbum
1480 4091 1628 4133 tuum
1669 4084 1933 4147 permanet
1976 4075 2034 4129 in

466 4186 618 4240 creto.
663 4183 723 4237 ln
754 4181 1000 4253 profectu
1045 4186 1323 4239 versatur,
1354 4182 1409 4228 et
1436 4170 1755 4227 sublimiora
1787 4169 2036 4239 dogmata

464 4276 718 4345 attingit,
756 4283 920 4341 atque
954 4279 1215 4323 aeternum
1248 4264 1428 4318 Patris
1470 4261 1710 4315 Verbum
1767 4259 2034 4325 meminit,

468 4377 524 4422 et
556 4373 768 4420 tantum
813 4378 921 4417 non
959 4358 1092 4413 illud
1125 4377 1138 4409 :
1176 4355 1243 4408 In
1288 4352 1546 4423 principio
1584 4358 1701 4404 erat
1746 4346 2035 4402 Verbum“

465 4456 630 4523 dicit;
655 4456 828 4524 deque
856 4449 1094 4505 universi
1119 4455 1312 4501 ornatu
1348 4443 1607 4512 loquitur,
1632 4448 1687 4495 et
1714 4439 1858 4494 clare
1878 4447 2037 4493 natu-

467 4564 585 4604 ram
614 4561 795 4602 rerum
830 4556 1045 4597 omnem
1075 4552 1287 4595 servam
1314 4536 1434 4604 ejus
1462 4540 1639 4587 vocat.

536 4722 625 4779 89.
650 4721 716 4776 In
747 4718 1129 4791 generationem
1172 4724 1221 4767 et
1264 4710 1650 4783 generationem
1695 4707 1886 4760 veritas
1919 4716 2033 4759 tua.

469 4817 600 4871 Duae
630 4820 757 4868 sunt
776 4809 1152 4881 generationes
1180 4819 1301 4874 quae
1324 4801 1417 4855 Dei
1454 4799 1738 4853 veritatem
1771 4796 1993 4865 capiunt
2019 4812 2033 4848 :

468 4907 778 4963 Judzeorum
812 4901 1064 4972 populus,
1092 4897 1187 4968 qui
1223 4894 1385 4949 habet
1425 4893 1596 4961 legem
1626 4895 1681 4944 et
1711 4888 2035 4958 prophetas,

471 5005 527 5052 et
558 4994 820 5051 Ecclesia.
845 4990 966 5045 Non
996 4991 1049 5043 in
1079 4985 1453 5057 generationes
1479 4985 1661 5052 itaque
1691 4980 1892 5033 veritas
1920 4976 2035 5040 Dei,

473 5088 569 5144 sed
593 5087 646 5141 in
678 5083 1080 5155 generationem
1106 5079 1340 5149 primam
1363 5084 1417 5130 et
1448 5076 1502 5129 in
1528 5072 1929 5144 generationem
1957 5086 2031 5125 se-

475 5178 730 5234 cundam.
772 5174 905 5227 Alia:
943 5179 1125 5226 autem
1173 5176 1358 5237 gentes
1404 5165 1459 5219 in
1493 5177 1680 5218 errore
1729 5169 2035 5216 versantur.

472 5273 608 5327 Cum
634 5278 812 5324 autem
850 5264 999 5336 prior
1021 5262 1109 5317 illa
1153 5258 1431 5332 generatio
1454 5255 1642 5326 rejecit
1676 5255 1955 5308 veritatem
1985 5259 2041 5306 et

472 5362 647 5416 dixit:
678 5357 844 5421 Tolle,
898 5354 1020 5408 tolle
1045 5354 1087 5385 “
1137 5353 1204 5406 de
1243 5358 1386 5404 terra
1414 5346 1755 5418 huiusmodi,
1789 5344 2041 5398 transivit

473 5454 673 5506 veritas
700 5450 769 5505 al)
799 5448 889 5503 illa
915 5448 967 5500 in
997 5446 1139 5499 hanc
1168 5440 1596 5513 generationem.
1634 5436 1894 5490 Fundasti
1930 5445 2035 5488 ter-

474 5558 589 5595 ram
610 5551 658 5595 et
680 5548 966 5609 permanet.
995 5534 1106 5589 Hac
1138 5535 1361 5587 veritate
1409 5540 1553 5585 terra
1593 5527 1812 5582 fundata
1838 5534 1939 5581 est.
1981 5524 2036 5577 ln

474 5634 577 5687 hoc
616 5632 760 5686 enim
785 5628 1031 5698 angulari
1083 5623 1262 5695 lapide
1303 5624 1359 5676 in
1394 5620 1805 5675 fundamentum
1837 5617 2036 5686 posito,

543 5741 589 5774 "
619 5737 817 5794 Hoan.
848 5755 906 5802 ιι,
934 5739 987 5791 2.
1063 5737 1105 5769 ⁶⁰
1129 5733 1283 5789 Joan.
1317 5748 1354 5799 ι,
1389 5732 1438 5785 1.
1494 5730 1536 5762 ⁸⁸
1566 5727 1726 5783 Joan.
1762 5743 1873 5785 nx.
1908 5725 1994 5779 ιε.

2124 1902 2219 1953 καὶ
2255 1898 2553 1971 πρακτικὸν
2605 1894 3046 1967 προαιρούμενοι.
3106 1890 3214 1944 Τοῦ
3260 1889 3466 1943 αὐτοῦ.
3514 1890 3712 1951 Ἀσκὸς

2126 1993 2181 2043 ἐν
2214 1992 2393 2062 πάχνη
2422 1990 2678 2058 γίνεταιὸ
2701 1988 2799 2057 τὴν
2826 1983 3018 2038 ἐαυτοῦ
3050 1982 3227 2053 σάρκα
3255 1979 3585 2051 κατατήξας,
3609 1983 3709 2033 καὶ

2130 2084 2294 2155 μηδὲν
2326 2086 2383 2136 ἐν
2412 2081 2561 2151 αύτῷ
2586 2078 2836 2151 πυρῶδες
2888 2076 2981 2130 καὶ
3014 2072 3405 2145 ἐπιθυμητικὸν
3434 2072 3560 2136 ἐῶν,
3591 2070 3711 2125 ἀλλ’

2127 2173 2406 2243 ἀποψύξας
2433 2171 2620 2242 ὥσπερ
2651 2169 2843 2238 αὑτήν.

2192 2269 2384 2319 Πόσαι
2416 2264 2574 2316 εἰσιν
2604 2264 2661 2313 αἱ
2679 2258 2888 2328 ἡμέραι
2914 2255 3020 2309 τοῦ
3041 2255 3263 2309 δούλου
3293 2268 3449 2317 σου;
3499 2250 3712 2320 Ὀλίγαι

2128 2357 2236 2426 γὰρ
2265 2358 2321 2409 αἱ
2349 2353 2455 2407 τῶν
2488 2350 2788 2423 ἀνθρώπων
2821 2347 3026 2418 ἡμέραι
3072 2345 3164 2399 ἐπὶ
3189 2344 3289 2414 τῆς
3322 2344 3445 2414 γῆς,
3499 2345 3560 2395 ἐν
3618 2336 3711 2405 αἷς

2129 2448 2345 2519 εὔχεται
2391 2444 2592 2507 εὐθέως
2633 2441 2981 2512 συντριϐῆναι
3010 2438 3101 2491 τὸν
3144 2436 3387 2489 Σατανᾶν
3438 2434 3545 2487 ὑπὸ
3584 2435 3714 2497 τοὺς

2129 2540 2297 2601 πόδας
2325 2535 2510 2601 αὐτοῦ,
2543 2534 2619 2598 ὡς
2644 2518 3093 2587 ἀν’ύποτάσσοιτο
3116 2527 3211 2599 τὴν
3238 2526 3416 2597 ψυχὴν
3446 2524 3542 2577 τοῦ
3566 2524 3713 2577 θείου

2130 2631 2304 2698 Λόγου
2330 2628 2611 2697 γεγονότος
2643 2617 2699 2677 ἐν
2720 2624 2876 2694 αὐτῇ.

2202 2719 2575 2790 Διηγήσαντό
2641 2732 2743 2785 μοι
2795 2712 3126 2782 παράνομοι
3184 2708 3571 2776 ἀδολεσχίας.
3634 2708 3708 2759 Ἦ

2131 2814 2255 2877 τοὺς
2280 2809 2545 2883 γραώδεις
2574 2806 2774 2879 μύθους
2797 2805 2905 2858 τῶν
2946 2802 3214 2857 Ἰουδαίων
3257 2802 3391 2872 φησὶ
3438 2799 3540 2863 τὰς
3564 2800 3714 2855 διδαο

2134 2905 2380 2968 σκαλὶας,
2407 2905 2440 2975 ἢ
2470 2902 2565 2957 καὶ
2587 2901 2655 2955 τὰ
2674 2900 2979 2969 ἐντάλματα
3000 2896 3108 2949 τῶν
3136 2893 3460 2964 ἀνθρώπων,
3494 2902 3592 2945 και
3614 2898 3717 2953 τάς

2134 2993 2398 3067 φλυαρίας
2428 2993 2536 3046 τῶν
2574 2991 2752 3061 σοφῶν
2780 2990 2872 3043 τοῦ
2895 2987 3087 3050 αίῶνος
3113 2984 3321 3037 τούτου.

2204 3084 2398 3139 Πᾶσαι
2443 3086 2501 3137 αὶ
2532 3082 2771 3135 ἑντολαί
2795 3096 2910 3133 σου
2943 3077 3227 3146 ἀλήθεια·
3284 3075 3503 3141 ἀδίκως
3547 3090 3716 3128 κατε-

2133 3177 2357 3242 δίωξαν
2397 3192 2492 3245 με’
2531 3172 2850 3240 ,ϐοήθησόν
2901 3188 3023 3239 μοι.
3074 3168 3263 3233 Εἰδὼς,
3303 3168 3378 3231 ὡς
3400 3168 3459 3220 ἐν
3483 3166 3563 3237 τῷ
3587 3166 3717 3236 θείῳ

2131 3269 2465 3340 δικαστηρίῳ
2489 3266 2824 3338 ἀπολήψεται
2850 3263 2989 3335 ὑπὲρ
3022 3258 3096 3318 ὧν
3140 3260 3409 3316 πέπονθεν
3462 3259 3715 3324 ἀδικιῶν,

2131 3359 2440 3415 ἐπισπεύδει
2471 3358 2597 3412 ίδεῖν
2626 3356 2813 3427 καιρὸν
2835 3356 3060 3408 ἐκεῖνον.

2201 3450 2367 3518 Παρὰ
2393 3448 2593 3516 ,ϐραχὺ
2624 3445 3038 3502 συνετέλεσαν
3059 3460 3137 3515 με
3164 3442 3234 3497 ἐν
3260 3439 3337 3510 τῇ
3364 3440 3461 3511 τῇ.
3494 3438 3718 3510 Μικροῦ

2131 3543 2237 3595 δεῖν
2268 3542 2333 3595 ἐκ
2358 3539 2451 3595 τοῦ
2479 3536 2718 3611 διωγμοῦ
2743 3536 2939 3592 αὐτῶν.

2202 3698 2365 3754 Κατὰ
2390 3696 2456 3751 τὸ
2494 3697 2666 3761 ἔλεός
2701 3710 2817 3749 σου
2838 3693 3023 3762 ζῆσόν
3049 3707 3148 3760 με,
3200 3689 3301 3742 καὶ
3334 3685 3589 3756 φυλάξω
3648 3684 3723 3737 τὰ

2128 3792 2421 3860 μαρτύρια
2476 3788 2583 3842 τοῦ
2617 3786 2916 3857 στόματός
2950 3799 3088 3838 σου.
3124 3782 3307 3853 Στόμα
3339 3779 3473 3833 Θεοῦ
3501 3780 3577 3831 οἱ.
3600 3778 3721 3831 δια-

2135 3883 2461 3951 κονήσαντες
2502 3879 2779 3952 προφῆται
2819 3879 2933 3940 τοῖς
2967 3874 3304 3947 μαρτυρίοις,
3332 3870 3425 3926 καὶ
3448 3869 3718 3935 ἐντολαῖς,

2133 3975 2246 4035 τοῖς
2270 3971 2632 4043 δικαιώμασιν
2662 3969 2848 4023 αὑτοῦ.

2200 4065 2304 4129 Εἰς
2350 4062 2457 4117 τὸν
2502 4061 2704 4128 αἰῶνα,
2753 4060 2948 4128 Κύριε,
2984 4061 3016 4112 o’
3050 4056 3236 4125 λόγος
3276 4070 3392 4108 σου
3455 4052 3727 4121 διαμένει

2135 4157 2219 4222 ἐν,
2233 4155 2314 4221 τῷ
2346 4153 2596 4222 οὐρανῷ.
2641 4154 2728 4205 Ἐν
2760 4152 3009 4220 προκοπῇ
3045 4147 3350 4217 γινόμενος,
3395 4143 3493 4197 καὶ
3520 4143 3726 4214 ὑψηλο-

2134 4247 2310 4319 τέρων
2339 4246 2565 4301 ἅπτεται
2612 4243 2918 4315 δογμάτων,
2964 4239 3060 4293 τοῦ
3094 4256 3154 4292 τε
3216 4237 3386 4291 ἀϊδίου
3421 4236 3599 4303 Λόγου
3624 4232 3725 4286 τοῦ

2138 4339 2349 4411 Πατρὸς
2404 4336 2773 4409 μνημονεύων,
2808 4334 2902 4387 καὶ
2951 4330 3231 4403 μονονουχὶ
3264 4329 3344 4383 τό·
3412 4328 3508 4380 Ἐν
3561 4325 3726 4396 ἀρχιῖ

2137 4427 2218 4500 ἦν
2240 4433 2272 4483 ό
2303 4428 2511 4498 Λόγος,
2555 4427 2749 4494 λέγων,
2780 4426 2875 4478 καὶ
2911 4424 3007 4493 τῆς
3026 4420 3435 4489 διακοσμήσεως
3456 4414 3551 4467 τοῦ
3584 4432 3726 4469 παν-

2138 4522 2248 4585 τὸς,
2279 4518 2464 4589 σαφῶς
2515 4535 2576 4571 τε
2622 4516 2814 4587 δούλην
2852 4511 3016 4569 αὑτοῦ
3046 4510 3143 4581 τὴν
3189 4508 3483 4580 σύμπασαν
3536 4506 3725 4558 κτίσιν

2137 4615 2420 4669 ἀποκαλεῖ.

2209 4713 2312 4776 Εἰς
2353 4708 2565 4779 γενεὰν
2591 4705 2687 4759 καὶ
2715 4702 2929 4773 γενεὰν
2952 4702 2990 4768 ἠ
3022 4693 3271 4763 ἀλήθειά
3295 4707 3432 4747 σου.
3462 4689 3572 4742 Δύο
3618 4690 3729 4741 εἰσὶ

2136 4802 2341 4871 γενεαὶ,
2392 4801 2446 4854 αἱ
2479 4798 2797 4870 χωρήσασαι
2822 4793 2918 4864 τὴν
2949 4790 3039 4845 τοῦ
3089 4783 3559 4855 Θεοῦςάλήθειαν,
3599 4781 3630 4834 ὃ
3663 4798 3726 4833 τε

2136 4893 2243 4946 τῶν
2279 4890 2551 4944 Ἰουδαίων
2608 4887 2735 4949 λαὸς
2773 4885 2909 4956 ἔχων
2938 4886 3029 4936 τὸν
3070 4879 3232 4949 νόμον
3291 4875 3384 4929 καὶ
3422 4872 3553 4935 τοὺς
3587 4888 3727 4941 προ⁸

2138 4985 2333 5053 φήτας,
2360 4982 2454 5035 καὶ
2478 4983 2513 5052 η
2554 4976 2847 5048 Ἐκκλησία
2924 4974 3037 5028 υύκ
3067 4972 3147 5033 είς
3179 4966 3373 5037 γενεὰς
3402 4959 3495 5017 οὖν
3519 4964 3557 5034 η
3594 4962 3728 5033 ἀλή·

2139 5075 2257 5128 θεια
2286 5073 2379 5127 τοῦ
2410 5071 2566 5133 Θεοῦ,
2594 5070 2707 5122 ἀλλ’
2731 5071 2808 5131 εἰς
2832 5065 3025 5135 γενεὰν
3061 5062 3157 5133 τὴν
3207 5056 3478 5128 προτέραν
3520 5054 3622 5106 καὶ
3646 5055 3728 5114 είς

2137 5167 2329 5236 γενεὰν
2355 5165 2452 5237 τὴν
2482 5162 2758 5233 δευτέραν.
2794 5161 2873 5213 Τά
2910 5159 2968 5212 δὲ
3000 5155 3133 5211 ἄλλα
3161 5154 3286 5223 ἔθνη
3322 5147 3725 5218 πεπλάνηνται.

2141 5261 2268 5313 Ὅτε
2290 5259 2346 5311 δέ
2373 5257 2464 5310 καὶ
2489 5259 2522 5327 ἡ
2554 5252 2794 5325 προτέρα
2823 5249 2984 5320 γενεὰ
3039 5245 3264 5314 ἐξέϐαλε
3307 5240 3407 5313 τὴν
3436 5237 3726 5327 ἀλήθειαν,

2137 5350 2231 5403 καὶ
2268 5348 2438 5401 εἶπεν·
2477 5326 2634 5409 Αἶρε,
2663 5340 2792 5411 αἶρε
2835 5342 2942 5395 ἀπὸ
2976 5340 3077 5409 τῆς
3141 5337 3245 5407 γῆς
3297 5332 3387 5385 τὸν
3436 5326 3723 5389 τοιοῦτον,

2142 5441 2509 5511 μεταϐέϐηκεν
2534 5440 2568 5509 ἡ
2591 5436 2813 5508 ἀλήθεια
2869 5435 2963 5485 ἀπ’
2991 5431 3207 5498 ἐκείνης
3255 5424 3354 5495 τῆς
3396 5421 3596 5511 γενεᾶς
3630 5418 3729 5471 ἐπὶ

2137 5510 2339 5602 ταύτην
2383 5532 2481 5601 τὴν
2535 5529 2731 5598 γενεάν
2790 5523 3216 5584 ἘθειιεΜιυσας
3278 5514 3396 5581 τὴν
3448 5510 3574 5582 γῆν
3625 5510 3725 5563 καὶ

2138 5601 2416 5692 διαμένει.
2453 5624 2635 5692 Ταύτῃ
2668 5621 2725 5673 δὲ
2756 5621 2821 5690 τῇ
2877 5615 3101 5686 ἁληθειᾳ
3126 5614 3160 5684 ἡ
3199 5610 3271 5681 γῆ
3304 5601 3724 5675 τεθεμελίωται.
