3880 6216
184 353 287 407 497

1272 343 1640 402 ΕΧΡΟΞΙΤΓΟ
1682 343 1745 397 IN
1784 342 2118 399 PSALMUM
2157 340 2390 399 CXVIII.

3340 339 3457 397 498‘

197 467 322 521 Ἐπὶ
342 468 519 521 τούτω
538 465 647 537 γὰρ
666 464 741 535 τῷ
766 464 1139 536 ἀκρογωνιαίῳ
1159 463 1291 535 λίθῳ
1310 462 1616 532 καταϐεϐλη
1626 460 1766 533 μένῳ

1878 460 2208 515 aediﬁcantur
2226 471 2417 513 omnes
2440 455 2724 526 terrigenae
2750 453 2844 525 qui
2865 452 3098 510 salutem
3126 451 3269 507 nacti
3292 459 3442 507 sunt.

182 556 423 627 θεμελίῳ
450 555 853 627 οἱκοδομοῦνται
901 556 1099 618 πάντες
1123 556 1172 608 οἱ
1203 557 1266 608 ὲκ
1313 555 1416 625 γῆς
1450 553 1764 624 σωζόμενοι.

184 649 349 703 Ὅθεν
400 650 493 701 καὶ
527 648 771 719 διαμένει
799 650 832 719 ἡ
862 649 956 718 γῆ,
990 648 1208 720 ἀρραγῆ
1234 647 1328 701 καὶ
1377 646 1592 717 ἀσφαλῆ
1628 662 1765 717 κρη¹

183 741 317 794 πίδα
341 742 438 794 καὶ
464 740 712 811 θεμέλιον
746 739 962 810 ἔχουσα.
1008 738 1167 792 Ἀλλά
1199 739 1294 793 καὶ
1342 739 1446 810 γῆν
1487 738 1769 808 φωτίσασα

181 834 218 904 ἡ
261 832 491 904 ἀλήθεια
550 833 764 905 ἡμέραν
833 832 1093 903 ἐποίησε,
1151 830 1287 885 Θεοῦ
1362 830 1767 902 ἐπιλάμψαντος

181 926 376 993 αὐτήν.

259 1015 341 1085 Τῇ
371 1014 633 1080 διατάξει
662 1030 779 1069 σου
823 1013 1082 1083 διαμένει
1134 1012 1344 1082 ἡμέρα,
1400 1012 1489 1066 ὅτι
1518 1011 1589 1065 τὰ
1613 1012 1766 1081 σύμ-

181 1124 384 1160 παντα
431 1105 625 1160 δοῦλά
684 1124 803 1160 σοι.
864 1106 977 1158 Ούκ
1021 1104 1413 1175 ἀλλαττομένη,
1450 1103 1571 1156 ούδὲ
1614 1102 1768 1165 τέλος

177 1199 559 1269 λαμϐάνουσα,
609 1198 686 1261 ὡς
739 1199 768 1250 6
809 1198 949 1251 κατὰ
975 1197 1072 1268 τὴν
1128 1196 1372 1250 Παλαιὰν
1408 1194 1627 1266 Γραφὴν
1654 1212 1767 1263 φω-

180 1290 396 1360 τισμός.
445 1290 598 1344 Ἐπεὶ
627 1290 721 1342 καὶ
748 1289 910 1360 μέχρι
947 1286 1141 1360 καιροῦ
1176 1286 1512 1358 διορθώσεως
1538 1286 1762 1339 τέθειτο.

183 1381 370 1435 Ταῦτα
396 1381 452 1434 δὲ
480 1381 657 1434 πάντα
684 1380 789 1434 ὑπὸ
830 1378 965 1432 Θεοῦ
1003 1379 1299 1449 ὑπῆρκται.
1366 1377 1624 1448 Ἐπείπερ
1651 1377 1767 1429 κτί-

184 1490 317 1526 στου
350 1474 445 1526 καὶ
490 1470 789 1545 προνοητοῦ
812 1471 985 1537 ὄντος,
1010 1471 1170 1525 δοῦλα
1195 1471 1264 1526 τὰ
1299 1470 1588 1543 σύμπαντά
1618 1473 1765 1523 ἐστιν

181 1564 373 1619 αὑτοῦ.

250 1657 322 1709 El
341 1655 427 1725 μὴ
454 1658 487 1710 ὁ
511 1655 696 1725 νόμος
727 1670 845 1710 σου
891 1657 1115 1725 μελέτη
1140 1655 1257 1725 μού
1284 1654 1416 1708 ἐστι
1436 1696 1452 1721 ,
1510 1655 1642 1708 τότε
1689 1652 1765 1707 ἂν

180 1747 514 1815 ἀπωλόμην
570 1748 638 1801 ἑν
667 1746 743 1816 τῇ
770 1747 1124 1802 ταπεινώσει
1170 1764 1310 1816 μου.
1368 1745 1762 1809 Εὶσόαλόντων,

182 1840 340 1910 φησὶ,
376 1840 482 1895 τῶν
512 1839 761 1912 πονηρῶν
785 1840 1080 1911 λογισμῶν,
1105 1841 1201 1894 καλ⁸
1237 1840 1346 1895 τῶν
1379 1839 1765 1910 ἀντικειμένων

178 1933 467 2001 δυνάμεων
500 1931 879 2002 πολεμούντων
913 1932 1057 2003 ἐμοὶ,
1084 1928 1230 2001 εἶχον
1257 1929 1325 1984 ἂν
1352 1930 1667 1995 ἀπολέσθαι,
1717 1932 1765 1982 εἰ

182 2023 261 2093 μὴ
281 2023 311 2074 6
342 2021 432 2086 σὸς
457 2022 621 2093 νόμος
653 2024 732 2086 εἰς
764 2024 1044 2094 στήριγμα
1066 2022 1305 2090 ἐγένετο.

242 2116 359 2179 Εἰς
382 2113 487 2167 τὸν
512 2112 697 2168 αἰῶνα
727 2117 799 2169 οὐ
849 2114 936 2184 μὴ
964 2114 1331 2185 ἐπιλάθωμαι
1374 2111 1495 2167 τῶν
1539 2113 1767 2167 δικαιω-

175 2204 383 2275 ματων
412 2215 548 2266 σου,
596 2201 688 2255 ὅτι
740 2203 811 2255 ἐν
842 2203 1046 2267 αὐτοῖς
1087 2202 1307 2271 ἐζησάς
1350 2220 1443 2272 με.
1499 2204 1623 2266 Τοῖς
1653 2204 1765 2266 σοῖς

178 2292 371 2363 νόμοις
397 2292 621 2364 ὂψομαι,
654 2294 839 2364 φησιν·
881 2293 986 2359 ἔξω
1018 2294 1127 2367 γὰρ
1156 2296 1213 2348 ἐν
1252 2296 1437 2358 αὐτοῖς
1470 2295 1567 2366 τὴν
1597 2294 1762 2365 ζωὴν,

178 2384 329 2439 καθὰ
346 2385 408 2456 δή
435 2402 523 2455 μοι
552 2384 646 2438 καὶ
675 2385 923 2457 εἴρηκας,
967 2386 1055 2439 ὅτι
1102 2390 1134 2441 ὀ
1176 2386 1436 2456 ποιήσας
1475 2386 1627 2440 αὐτὰ
1663 2388 1767 2440 ἄν·

177 2480 415 2546 θρωπος
459 2476 697 2548 ζήσεται
749 2479 819 2532 έν
857 2477 1082 2544 αὐτοῖς.
1140 2478 1256 2533 Ζῶν
1301 2475 1394 2533 οὖν
1448 2478 1764 2549 μόνοςόδί-

176 2586 358 2634 καιος,
396 2570 499 2624 κᾶν
530 2570 848 2641 τεθνηκέναι
874 2571 1024 2643 δοκῇ·
1049 2571 1234 2642 νεκροὶ⁸
1263 2571 1320 2625 δὲ
1350 2572 1399 2624 oi
1438 2571 1633 2637 ἄδικοι,
1661 2571 1764 2625 κᾶν

176 2656 280 2727 ζῇν
315 2655 636 2723 φαίνωνται.
685 2656 910 2709 Ἐκεῖνοι
970 2656 1068 2725 μὲν
1106 2655 1214 2726 γὰρ
1245 2654 1341 2726 τὴν
1372 2655 1468 2725 τῆς
1498 2652 1642 2725 ζωῆς
1674 2654 1765 2708 σύ-

178 2763 375 2802 στασιν
405 2750 466 2801 ἐν
496 2748 708 2810 ἑαυτοῖς
735 2746 937 2817 ἔχουσι,
960 2748 1057 2816 τὴν
1088 2747 1448 2818 δικαιοσύνηνο
1473 2749 1520 2799 οἱ
1552 2746 1608 2799 δὲ
1635 2746 1765 2800 ταύ-

178 2855 281 2908 την
314 2839 417 2891 οὐκ
436 2837 651 2909 ἔχοντες
682 2844 793 2902 τοῖς
846 2839 906 2892 ού
952 2839 1081 2910 παρ’
1126 2836 1355 2902 ἑαυτῶν,
1408 2836 1522 2890 ἀλλ’
1568 2838 1764 2905 ἔξωθεν

175 2930 519 3000 κινουμένοις
551 2930 778 3001 ἀψύχοις
804 2930 1061 2984 ἐοίκασιν.

250 3020 371 3085 Σός
408 3020 681 3091 ειμιέγὼ,
731 3021 939 3076 σῶσόν
980 3040 1077 3091 με.
1131 3024 1614 3094 Προσυπακούεται
1662 3023 1760 3095 τῷ,

178 3114 275 3176 σός
294 3114 411 3183 εἰμι
447 3113 650 3179 δοῦλος,
689 3114 914 3196 σόςεὶμι
965 3116 1106 3169 κατὰ
1137 3116 1296 3188 χάριν
1335 3115 1472 3180 υἱὸς,
1510 3118 1625 3187 εἰμὶ
1672 3117 1763 3181 σὸς
1789 3158 1832 3217 C

178 3204 463 3276 θεράπων.

266 3295 403 3365 Ἐμὲ
436 3296 763 3366 ὑπέμειναν
798 3299 1131 3368 ἁμαρτωλοὶ
1174 3300 1281 3353 τοῦ
1329 3300 1625 3354 ἀπολέσαι
1663 3318 1758 3370 με·

178 3386 254 3440 τὰ
270 3386 569 3455 μαρτύριά
617 3403 732 3443 σου
776 3388 1034 3458 συνῆκα.
1100 3390 1244 3443 Ἀντὶ
1278 3390 1393 3455 τοῦ,
1440 3391 1761 3463 ὲμελέτησα,

182 3470 279 3525 καὶ
306 3470 396 3524 διὰ
421 3472 523 3542 τῆς
552 3474 650 3543 σῆς
690 3472 921 3544 μελέτης
973 3474 1250 3544 ἄπρακτον
1280 3474 1458 3527 αὐτῶν
1510 3474 1766 3544 ἀπέφηνα

183 3562 283 3633 τὴν
309 3562 619 3633 ἐπιϐουλήν.

259 3652 471 3721 Πάσης
496 3655 852 3720 συντελείας
876 3655 1042 3709 εἶδον
1073 3657 1279 3726 πέρας,
1323 3659 1575 3713 πλατεῖα
1603 3661 1641 3727 ἡ
1668 3660 1765 3714 ἑν-

186 3744 337 3810 τολή
362 3758 479 3798 σου
502 3744 755 3813 σφόδρα.
787 3746 1100 3799 Συντέλειαν
1134 3748 1233 3818 τὴν
1290 3748 1579 3821 ἐπιϐουλήν
1634 3769 1765 3823 φησι

185 3835 285 3907 τὴν
344 3835 496 3905 παρὰ
548 3834 656 3889 τῶν
698 3835 985 3906 δαιμόνων.
1043 3836 1259 3909 Ταύτης
1316 3835 1455 3893 εἶδον
1508 3840 1566 3893 τὸ
1594 3840 1767 3911 πέρας

186 3925 359 3979 ἐκϐὰν
386 3928 466 3989 εἰς
500 3925 670 3987 οὐδὲν,
705 3926 791 3978 ὅτε
822 3927 917 3980 καὶ
968 3924 1196 3981 πλατεῖὰ
1230 3945 1319 3999 μοι
1364 3928 1644 4000 γέγονενή
1684 3931 1769 3983 ὲν-

184 4016 335 4086 τολή.
367 4014 538 4068 Τοῦτο
563 4015 656 4068 τοῦ
686 4016 771 4069 διὰ
823 4016 1005 4088 πάσης
1052 4020 1333 4090 προκοπῆς
1383 4021 1463 4083 εἰς
1505 4020 1565 4073 τὸ
1616 4021 1767 4086 τέλος

186 4107 493 4176 ἀφιγμένου
524 4108 622 4176 τῆς
676 4107 896 4178 ἀρετῆς,
938 4108 1031 4162 ἐπὶ
1074 4108 1135 4162 τὸ
1166 4109 1367 4162 τέλειον
1409 4111 1611 4180 ἀγαθὸν
1652 4112 1767 4165 δια-

188 4196 486 4258 ϐαίνοντος
515 4195 711 4259 πολλὰς
737 4197 910 4267 ἀρχὰς
942 4196 1035 4249 καὶ
1085 4197 1212 4269 τέλη
1271 4198 1765 4270 καταϐαλλομένου.

196 4286 396 4359 Ἦγὰρ
422 4287 521 4357 τῆς
568 4287 837 4359 προτέρας
881 4285 1209 4358 βελτιώσεως
1270 4290 1581 4362 περιγραφὴ
1628 4292 1769 4363 ἀρχὴ

185 4383 287 4452 τῆς
313 4381 581 4452 ἐχομένης
608 4381 742 4445 ἐστὶ,
777 4380 917 4434 κατὰ
948 4380 1031 4434 τόο
1062 4381 1248 4435 Ὅταν
1295 4383 1636 4454 συντελέσῃ
1663 4385 1768 4439 ἇν-

188 4466 439 4544 θρωποζι,
470 4474 603 4527 τότε
628 4473 885 4542 ἄρχεται.

272 4567 374 4632 Ὠς
397 4566 685 4635 ἠγάπησα
716 4568 823 4621 τὸν
850 4568 1037 4637 νόμον
1060 4584 1198 4631 σου,
1237 4569 1447 4637 Κύριε;
1472 4570 1626 4639 ὅλην
1654 4572 1768 4639 τὴν

189 4659 425 4728 ἡμέραν
455 4657 676 4727 μελέτη
711 4659 829 4727 μού
852 4659 1041 4713 ἐστιν.
1089 4660 1147 4712 '0
1181 4660 1359 4714 πάντα
1405 4662 1547 4716 κατὰ
1571 4662 1662 4717 τὸν
1684 4662 1769 4716 νό-

194 4763 296 4817 μον
324 4747 421 4799 καὶ
443 4745 618 4815 λέγων
669 4748 764 4800 καὶ
812 4748 1063 4818 πράττων
1096 4748 1293 4822 μελετᾷ
1343 4749 1434 4803 τὸν
1486 4751 1648 4824 νόμον
1674 4750 1768 4805 τοῦ

192 4839 353 4893 Θεοῦ.
396 4840 483 4891 Ἐν
507 4840 562 4893 δὲ
586 4839 664 4910 τῷ
687 4839 886 4911 πρώτῳ
933 4840 1133 4911 ψαλμῷ
1159 4844 1224 4913 τῇ
1278 4841 1463 4914 ἡμέρᾳ
1508 4844 1645 4916 πρὸς
1672 4844 1771 4916 τὴν

195 4929 430 5001 μελέτην
473 4929 568 4982 καὶ
600 4930 698 5000 τὴν
725 4929 894 4983 νύκτα
922 4931 1227 5003 προσέθηκε
1267 4931 1343 5003 τῷ
1397 4932 1650 5006 μακαρίῳ
1678 4952 1771 5004 γε-

193 5019 501 5090 νησομένῳ.
546 5020 832 5091 Ἐλέγομεν
870 5020 1003 5093 γὰρ,
1021 5020 1095 5085 ώς
1124 5022 1313 5092 μικτός
1367 5024 1512 5077 ἐστιν
1539 5023 1772 5079 ἐνταῦθα

193 5112 306 5164 τῶν
333 5111 634 5183 ἀνθρώπων
664 5113 693 5164 6
741 5112 874 5183 βίος.
926 5114 1017 5165 Διὸ
1062 5112 1157 5166 νῦν
1188 5113 1381 5185 ἔχομεν
1434 5115 1645 5187 ἡμέραν
1680 5118 1773 5170 καὶ

196 5204 393 5261 νύκτα·
429 5204 748 5273 γενομένους
800 5202 854 5255 δὲ
901 5203 1090 5272 ἁγίους
1122 5204 1182 5257 ού
1213 5204 1507 5271 διαδέξεται
1537 5205 1653 5271 νύξ.
1715 5208 1773 5261 Ὀ

197 5297 383 5350 τοίνυν
410 5296 731 5365 προκόπτων
777 5296 990 5367 ἡμέραν
1029 5296 1126 5366 μὲν
1167 5296 1287 5364 ἄγει
1314 5296 1452 5350 κατά
1476 5297 1566 5350 τὸν
1612 5300 1773 5369 νόμον

202 5386 374 5458 βιούςο
403 5384 572 5439 νύκτα
597 5386 676 5452 δὲ,
709 5388 797 5439 ὅτε
828 5386 902 5459 μὴ
952 5386 1149 5458 μελετᾷ
1174 5389 1230 5440 ἐν
1249 5387 1345 5458 ὅλῃ
1368 5389 1563 5462 καρδίᾳ
1587 5390 1770 5443 αὐτοῦ’

199 5479 299 5547 Μὴ
331 5478 561 5547 πράττῃ
584 5495 638 5532 τι
658 5479 826 5533 κατά.
861 5520 874 5533 ,
910 5519 923 5532 .
960 5519 972 5532 .

270 5572 384 5625 ,Ἐκ
403 5570 614 5642 ’πάσης
646 5572 789 5625 ὀδοῦ
812 5570 1077 5637 πονηρᾶς
1103 5570 1380 5626 ἐκώλυσα
1418 5573 1558 5639 τοὺς
1587 5574 1776 5638 πόδας

278 5750 321 5781 "
347 5747 521 5805 Levnt.
549 5764 702 5815 xvnt,
726 5751 778 5806 5.
852 5750 895 5781 ⁸³
924 5748 1087 5806 Eccli.
1112 5766 1265 5816 ιιι-ιιι,
1305 5750 1355 5807 6.

1795 4488 1842 4545 D

1868 552 2235 619 Quamobrem
2258 557 2503 605 remanet
2530 556 2699 614 terra,
2732 544 3020 601 infractam
3054 552 3109 598 et
3148 544 3446 599 inconcus-

1867 659 1985 702 sam
2008 643 2167 699 basin
2198 657 2262 698 ac
2283 640 2701 697 fundamentum
2729 621 2957 694 habens.
2994 636 3110 690 lmo
3132 635 3298 691 etiam
3324 636 3443 706 ipsa

1864 737 2066 793 veritas
2110 745 2307 791 terram
2353 735 2634 790 illustrans
2680 732 2822 789 diem
2860 731 3070 797 effecit,
3132 727 3245 786 Deo
3292 729 3441 785 illam

1864 829 2165 885 emittente.

1932 1021 2020 1078 91.
2058 1022 2404 1079 Ordinatione
2441 1031 2534 1074 tua
2562 1029 2853 1090 perseverat
2900 1020 3033 1087 dies,
3055 1020 3305 1090 quoniam
3329 1034 3442 1073 om-

1867 1114 1959 1167 nia
1988 1114 2220 1167 serviunt
2248 1113 2364 1166 tibi.
2389 1111 2506 1166 Non
2531 1120 2736 1167 mutata
2756 1125 2931 1181 neque
2955 1110 3117 1165 ﬁnem
3140 1108 3440 1179 accipiens,

1868 1205 2013 1260 sicut
2049 1203 2377 1259 illuminatio
2421 1203 2512 1257 illa
2544 1218 2667 1274 quae
2692 1202 2749 1257 in
2776 1200 2958 1257 Veteri
2999 1198 3283 1271 Scriptura
3320 1214 3441 1256 me-

1866 1303 2133 1352 moratur.
2161 1294 2615 1365 Quandoquidem
2640 1308 2815 1365 usque
2841 1293 2906 1348 ad
2928 1293 3282 1348 correctionis
3305 1303 3442 1347 tem-

1866 1398 1969 1454 pus
1992 1385 2174 1455 posita
2196 1392 2300 1438 est.
2328 1381 2453 1438 Haec
2474 1392 2653 1438 autem
2676 1382 2861 1437 omnia
2884 1381 2997 1437 Deo
3014 1381 3259 1451 subjecta
3288 1392 3437 1436 sunt.

1863 1474 1999 1531 Nam
2026 1492 2149 1532 cum
2174 1484 2386 1532 creator
2406 1476 2766 1547 provisorque
2787 1476 2879 1541 sit,
2910 1474 3096 1529 omnia
3127 1474 3231 1543 ipsi
3259 1472 3439 1529 famu-

1865 1568 2066 1623 lantur.

1936 1658 2025 1715 92.
2056 1657 2182 1713 Nisi
2226 1658 2365 1729 quod
2410 1657 2494 1711 lea:
2539 1664 2632 1709 tua
2677 1654 2958 1711 meditatio
3004 1670 3120 1709 mea
3170 1662 3269 1719 est,
3317 1662 3442 1709 tunc

1867 1750 2001 1820 forte
2046 1750 2317 1818 periissem
2349 1748 2407 1801 in
2456 1747 2756 1801 humilitate
2793 1762 2929 1800 mea.
2983 1745 3439 1816 Irrumpentibus,

1872 1842 2068 1913 inquit,
2096 1840 2256 1897 malis
2290 1840 2731 1912 cogitationibus,
2765 1847 2818 1894 et
2841 1838 3171 1894 adversariis
3198 1847 3441 1910 potesta-

1870 1933 2020 1988 tibus
2045 1948 2134 1988 me
2165 1931 2625 2002 oppugnantibus,
2661 1930 2903 1986 futurum
2930 1938 3050 1986 erat
3078 1938 3141 1986 ut
3176 1931 3230 1985 in
3263 1930 3446 2000 perni-

1871 2024 2011 2080 ciem
2042 2023 2201 2088 irem,
2232 2023 2337 2079 nisi
2364 2022 2451 2078 lex
2489 2031 2580 2078 tua
2616 2023 2671 2076 in
2694 2020 2930 2076 fulcrum
2956 2020 3089 2075 mihi
3118 2019 3330 2076 fuisset.

1939 2115 2028 2172 9'5.
2060 2113 2129 2170 In
2164 2124 2419 2173 internum
2440 2131 2542 2169 non
2569 2114 2849 2169 obliviscar
2868 2114 3273 2182 iustiﬁcationes
3299 2123 3440 2179 tuas,

1868 2209 1994 2280 quia
2032 2209 2089 2263 in
2126 2208 2255 2277 ipsis
2285 2207 2564 2277 viviﬁcasti
2600 2221 2700 2259 me.
2745 2203 2913 2272 Tuas,
2952 2204 3147 2274 inquit,
3178 2204 3323 2272 leges
3355 2219 3443 2259 re-

1871 2300 2096 2370 Spiciam
2128 2318 2141 2355 :
2169 2299 2225 2353 in
2255 2300 2388 2369 ipsis
2425 2298 2570 2352 enim
2615 2299 2723 2351 vita
2769 2295 2939 2363 fruar,
2980 2294 3439 2366 quemadmodum

1871 2402 1927 2446 tu
1959 2391 2075 2461 ipse
2097 2390 2281 2447 dixisti
2308 2390 2466 2459 mihi,
2490 2391 2614 2461 quia
2644 2390 2734 2460 qui
2761 2388 2942 2458 fecerit
2962 2404 3023 2441 ea
3050 2388 3204 2441 homo
3232 2388 3359 2443 vivet
3384 2389 3443 2441 in

1868 2482 1979 2538 illis
2002 2484 2067 2537 θ’.
2103 2482 2266 2539 Solus
2306 2483 2491 2553 itaque
2524 2482 2708 2554 justus
2754 2482 2902 2549 vivit,
2933 2482 3149 2538 etiamsi
3192 2490 3443 2537 mortuus

1869 2590 1991 2631 esse
2029 2575 2279 2630 videatur
2309 2593 2322 2629 :
2355 2574 2546 2645 injusti
2579 2584 2760 2629 autem
2798 2573 3001 2629 mortui
3030 2583 3191 2638 sunt,
3225 2574 3442 2629 etiamsi

1868 2668 2052 2722 virere
2097 2666 2406 2722 videantur.
2447 2665 2530 2719 Illi
2558 2680 2797 2736 namque
2830 2666 2955 2729 vita:
2990 2666 3443 2722 constitutionem

1870 2759 1927 2813 in
1959 2773 2018 2815 se
2044 2758 2265 2820 habent.
2291 2757 2562 2829 justitiam
2615 2758 2861 2825 scilicet;
2892 2757 2946 2812 hi
2995 2766 3185 2814 contra
3214 2774 3338 2814 cum
3370 2760 3440 2814 il-

1869 2852 1977 2906 lam
2013 2866 2124 2905 non
2167 2850 2423 2917 habeant,
2450 2849 2616 2905 rebus
2651 2848 2989 2915 inanimatis,
3020 2864 3130 2904 non
3164 2865 3194 2904 a
3222 2865 3302 2917 se,
3346 2853 3440 2905 sed

1868 2941 2208 2999 extrinsecus
2239 2941 2401 2995 vitam
2432 2939 2781 3006 habentibus,
2813 2938 3021 2995 similes
3048 2948 3194 2995 sunt.

1939 3032 2029 3088 94.
2068 3030 2211 3086 Tuus
2248 3047 2365 3085 sum
2401 3047 2514 3102 ego,
2543 3031 2748 3085 salvum
2801 3047 2883 3085 me
2923 3031 3030 3101 fac.
3081 3031 3439 3099 Subauditur,

1868 3139 2060 3180 servus
2104 3132 2233 3178 tuus
2268 3137 2415 3191 sum,
2448 3122 2594 3178 ﬁlius
2633 3130 2759 3178 tuus
2788 3137 2886 3193 per
2920 3123 3173 3195 gratiam,
3204 3124 3442 3181 famulus

1866 3226 2012 3272 ιυιιε.

1938 3309 2027 3365 95.
2059 3307 2145 3362 Me
2170 3315 2595 3377 exspectaverunt
2621 3318 2916 3376 peccatores
2949 3317 3003 3361 ut
3023 3308 3297 3378 perderent
3320 3327 3440 3375 me;

1866 3399 2169 3454 testimonia
2221 3408 2312 3452 tua
2365 3397 2621 3452 intellexi.
2660 3396 2719 3453 Id
2759 3406 2864 3463 est,
2894 3400 3186 3455 meditatus
3219 3416 3363 3467 sum,
3389 3412 3443 3457 et

1864 3505 1961 3560 per
1994 3490 2403 3545 meditationem
2435 3489 2772 3559 huiusmodi,
2799 3490 3025 3547 insidias
3052 3508 3243 3547 eorum
3269 3510 3443 3551 vanas

1865 3582 2037 3639 eﬁ‘eci.

1937 3674 2026 3729 96.
2054 3672 2238 3729 Omnis
2258 3674 2724 3729 consummationis
2754 3675 2860 3730 vidi
2880 3675 3061 3745 ﬁnem,
3093 3677 3263 3749 latum
3282 3694 3438 3734 man-

1866 3766 2050 3819 datum
2096 3775 2242 3819 tuum
2269 3766 2448 3818 nimis.
2482 3765 3021 3822 Consummationem
3046 3769 3178 3823 dicit
3214 3771 3439 3827 insidias

1867 3856 2197 3910 daemonum.
2236 3853 2441 3909 Harum
2480 3856 2644 3910 ﬁnem
2679 3857 2785 3911 vidi
2826 3859 2893 3912 ad
2934 3858 3163 3914 nihilum
3189 3862 3435 3927 evadere,

1868 3964 1994 4003 cum
2028 3949 2195 4003 latum
2238 3949 2372 4002 mihi
2412 3949 2617 4003 factum
2654 3958 2738 4003 est
2772 3951 3087 4005 mandatum
3119 3960 3294 4008 tuum.
3328 3952 3441 4010 Hoc

1869 4048 2050 4095 autem
2078 4040 2145 4095 ad
2171 4055 2294 4094 eum
2326 4040 2577 4109 pertinet,
2606 4041 2699 4110 qui
2731 4044 2878 4095 omni
2912 4042 3159 4112 profectu
3188 4045 3253 4100 ad
3277 4046 3437 4100 ﬁnem

1868 4130 2087 4185 virtutis
2119 4130 2387 4200 pervenit,
2414 4140 2467 4185 et
2509 4131 2576 4185 ad
2619 4131 2919 4201 perfectum
2955 4134 3157 4189 bonum
3187 4139 3439 4203 accessit,

1870 4222 1962 4294 qui
1990 4223 2160 4277 multa
2188 4222 2341 4277 initia
2367 4231 2420 4277 et
2446 4224 2647 4278 multos
2675 4224 2808 4278 ﬁnes
2837 4226 3042 4295 posuit.
3074 4225 3206 4282 Nam
3242 4229 3440 4298 prioris

1868 4312 2145 4384 profectus
2179 4314 2617 4384 circumscriptio
2661 4314 2879 4370 initium
2918 4326 3001 4373 est
3029 4319 3438 4390 subsequentis,

1865 4404 2022 4474 juxta
2048 4404 2174 4459 illud
2204 4420 2216 4454 ε
2244 4403 2376 4458 Cum
2395 4415 2789 4461 consummatur
2809 4408 2983 4477 homo,
3012 4420 3135 4465 tunc
3170 4413 3353 4481 incipit
3371 4416 3437 4472 ⁸³.

1865 4583 1912 4653 Ι’“
1938 4582 2026 4637 97⁷.
2068 4584 2339 4648 Quomodo
2375 4584 2537 4638 dilexi
2578 4587 2739 4655 legem
2789 4595 2967 4654 tuam,
3015 4587 3281 4647 Domine?
3328 4602 3441 4647 tota

1868 4675 1952 4729 die
1974 4675 2249 4729 meditatio
2298 4692 2414 4729 mea
2458 4685 2555 4730 est.
2584 4676 2687 4742 Qui
2728 4679 2912 4733 omnia
2942 4682 3239 4736 secundum
3267 4684 3439 4754 legem

1868 4762 2001 4817 dicit
2030 4772 2082 4818 et
2112 4762 2339 4834 perﬁcit,
2379 4765 2425 4819 is
2469 4765 2762 4822 meditatur
2800 4768 2971 4839 legem
3002 4769 3118 4826 Dei.
3168 4771 3226 4827 In
3265 4775 3455 4844 primo:

1868 4862 2046 4907 autem
2090 4854 2322 4925 psalmo,
2360 4855 2425 4910 ad
2459 4857 2862 4915 meditationem
2907 4861 3025 4917 diei.
3056 4872 3269 4921 noctem
3304 4868 3441 4938 adji-

1869 4946 2059 5011 cit,.iis
2100 4946 2196 5018 qui
2238 4949 2382 5003 beati
2435 4947 2606 5006 futuri
2645 4962 2792 5008 sunt.
2814 4952 3141 5013 Dicebamus
3169 4959 3314 5014 enim
3352 4961 3442 5019 hic

1870 5038 2186 5106 permistam
2213 5056 2335 5096 esse
2361 5041 2643 5098 hominum
2679 5046 2871 5101 vitam.
2902 5045 3270 5113 Quamobrem
3295 5068 3441 5109 nunc

1872 5128 2136 5187 habemus
2173 5133 2313 5187 diem
2349 5148 2413 5189 ac
2444 5144 2695 5202 noctem;
2739 5147 3022 5209 postquam
3056 5149 3233 5195 autem
3265 5144 3438 5198 sancti

1871 5222 2163 5291 evasimus,
2197 5226 2345 5280 nulla
2375 5228 2727 5299 subsequitur
2758 5245 2887 5286 nox.
2908 5230 3014 5298 Qui
3036 5233 3200 5304 igitur
3227 5235 3441 5302 prolicit

1871 5313 2014 5368 diem
2050 5315 2162 5385 agit
2190 5316 2318 5370 dum
2346 5320 2643 5375 secundum
2682 5321 2851 5393 legem
2886 5324 3018 5377 vivit
3046 5344 3057 5376 :
3087 5334 3300 5379 noctem
3336 5342 3439 5379 au-

1874 5413 2002 5471 tem,
2031 5421 2155 5459 cum
2189 5423 2298 5462 non
2330 5410 2618 5465 meditatur
2646 5427 2767 5467 eam
2798 5429 2863 5469 ex
2900 5424 3009 5469 toto
3039 5415 3313 5469 corde.....
3336 5416 3440 5470 Hic

1873 5496 2047 5564 deﬁcit
2072 5506 2260 5552 textus.

1946 5586 2064 5641 IOI.
2100 5587 2177 5641 Ab
2207 5591 2349 5645 omni
2392 5593 2477 5647 uia
2505 5593 2645 5647 mala
2672 5594 2915 5664 prohibui
2953 5596 3103 5666 pedes
3136 5612 3296 5653 meos.
3325 5594 3440 5652 Hoc
