3880 6216
448 365 554 425 499

1294 367 1352 425 s.
1395 353 1770 424 ATl-lANASll
1809 365 1958 421 ore.
2001 363 2180 421 P‘ARS
2218 357 2422 423 ur.‘—"-
2458 367 2878 424 EXEGETICA.

3613 368 3726 424 500

448 493 534 541 est
577 487 724 540 enim
762 483 1036 542 custodire
1075 485 1314 540 divinam
1369 486 1566 556 legem,
1607 484 1862 556 operibus
1905 498 2028 538 eam

2145 499 2266 535 uov.
2316 481 2486 535 Τοῦτο
2508 483 2616 554 γάρ
2644 487 2759 536 ἐστι
2799 483 2860 537 τὸ
2891 483 3119 552 φυλάξαι
3147 485 3237 537 τὸν
3279 483 3420 540 θεῖον
3449 485 3638 558 νόμον,
3661 491 3725 544 τὸ

455 573 698 647 implere.

524 669 646 723 102.
681 674 720 723 Α
745 671 964 740 judiciis
1016 671 1119 723 tuis
1168 687 1268 724 non
1311 671 1590 725 declinavi.
1647 669 1871 740 Semper
1915 684 2030 724 me-

453 761 592 816 mini
626 761 792 815 divini
821 761 1129 817 tribunalis.

523 856 646 910 105.
687 855 860 919 Quam
889 855 1070 908 dulcia
1107 855 1349 924 faucibus
1391 855 1520 908 meis
1543 855 1750 924 eloquia
1781 855 1914 908 tua!
1940 871 2024 908 su-

457 964 553 1016 per
585 948 688 1002 mel
713 949 956 1002 orimeo.
1016 947 1204 1002 Dulcia
1261 949 1330 1002 ob
1376 949 1756 1002 rationabilem
1809 949 1861 1000 in
1919 947 2029 1002 illis

467 1041 704 1108 positam
763 1041 1094 1110 voluptatem
1140 1060 1150 1094 :
1201 1041 1312 1094 imo
1353 1055 1506 1102 super
1554 1041 1674 1104 mel,
1739 1055 1832 1109 per
1879 1041 2026 1110 quod

451 1131 637 1184 omnia
669 1131 846 1184 dulcia
871 1131 1012 1200 apud
1047 1131 1295 1186 homines
1319 1132 1713 1201 significantur.

523 1221 645 1274 105.
679 1221 920 1274 Lucerna
969 1222 1184 1288 pedibus
1235 1224 1360 1274 meis
1411 1223 1622 1274 verbum
1667 1231 1836 1273 tuum.
1892 1219 2026 1274 Nam

453 1312 546 1380 qui
582 1313 634 1364 in
665 1313 872 1366 lumine
897 1313 1094 1366 divinae
1126 1315 1261 1384 legis
1294 1314 1556 1380 ambulat,
1591 1323 1800 1368 rectum
1851 1323 1904 1368 et
1939 1314 2028 1366 in-

453 1401 720 1458 offensum
749 1419 974 1458 cursum
1001 1405 1122 1458 vitae
1151 1407 1392 1460 coniicit.

529 1492 650 1546 112.
673 1491 1002 1547 Humiliatus
1033 1511 1150 1547 sum
1181 1513 1569 1566 usquequaque.
1625 1499 1735 1551 Aut
1767 1497 2026 1566 Spiritus-

459 1583 594 1637 lium
626 1583 988 1658 inimicorum
1024 1586 1442 1654 irruptionibus,
1493 1597 1588 1642 aut
1637 1588 2030 1644 macerationi-

451 1672 558 1728 bus
579 1689 644 1727 ex
673 1675 894 1744 propria
929 1677 1209 1730 voluntate
1233 1679 1526 1746 susceptis.

525 1767 648 1820 115.
685 1765 904 1837 Iniquos
939 1769 1058 1822 odio
1117 1771 1300 1834 habui,
1331 1781 1380 1826 et
1417 1772 1578 1842 legem
1633 1782 1776 1826 tuam
1837 1773 2024 1828 dilexi.

454 1857 740 1928 Sapientes
806 1861 970 1930 hujus
1001 1861 1187 1916 saeculi
1215 1862 1292 1916 ait
1329 1871 1383 1917 et
1433 1863 1816 1919 luereticorum
1867 1867 2023 1935 prin-

452 1951 626 2020 cipes.

522 2044 645 2098 115.
687 2043 956 2098 Declinate
979 2062 1012 2096 a
1045 2062 1146 2108 me,
1175 2046 1414 2115 maligni.
1467 2047 1574 2102 Aut
1596 2049 1770 2104 malas
1812 2053 2020 2121 cogita-

453 2134 634 2190 tiones
679 2135 774 2202 ait,
807 2145 901 2189 aut
925 2135 1214 2206 przedictos
1245 2138 1563 2207 magistros.

521 2315 642 2368 H7.
703 2316 911 2385 Adjuva
951 2335 1030 2372 me
1064 2328 1112 2372 et
1158 2321 1335 2375 salvus
1376 2339 1485 2376 ero.
1541 2321 1792 2388 Etiamsi,
1825 2325 2022 2394 inquit,

448 2404 667 2474 adjutor
687 2423 842 2464 meus
875 2418 931 2463 et
965 2423 1256 2481 susceptor
1281 2429 1439 2469 meus
1471 2431 1532 2470 es
1579 2426 1657 2482 tu,
1702 2425 1756 2470 at
1823 2417 2025 2472 indesi-

445 2497 598 2551 nenti
645 2499 850 2553 auxilio
880 2511 965 2556 est
991 2517 1151 2572 Opus.
1205 2504 1422 2570 Quanto
1452 2508 1598 2562 enim
1661 2519 1903 2578 tempore
1935 2510 2021 2565 hic

445 2603 663 2654 sumus,
697 2591 940 2652 nondum
985 2595 1291 2662 perfectum
1328 2607 1412 2654 est
1469 2599 1624 2666 illud,
1679 2603 1856 2656 salvus
1909 2621 2019 2658 ero.

445 2677 556 2733 Sed
591 2681 682 2734 ubi
709 2697 830 2736 cum
862 2685 1071 2754 angelis
1116 2687 1208 2740 Dei
1257 2689 1522 2754 vivemus,
1567 2701 1697 2747 tunc
1740 2685 2022 2748 meditatio

439 2769 898 2840 justiticationum
926 2777 1029 2829 erit
1052 2777 1190 2832 facie
1215 2779 1284 2834 ad
1319 2779 1542 2848 faciem,
1566 2798 1674 2836 non
1709 2785 1762 2838 in
1801 2787 2017 2850 umbra,

446 2863 542 2916 sed
577 2863 634 2916 in
668 2865 912 2919 veritate.

519 2955 642 3010 118.
671 2957 927 3025 Sprevisti
971 2975 1146 3014 omnes
1189 2963 1510 3018 discedentes
1561 2983 1592 3019 a
1631 2968 1853 3036 judiciis
1892 2973 2019 3026 tuis.

447 3045 548 3102 Hic
576 3049 702 3104 linis
727 3059 1004 3120 exspectat
1029 3067 1122 3108 eos
1148 3053 1242 3122 qui
1275 3054 1368 3108 Dei
1399 3055 1568 3124 legem
1603 3070 1982 3118 contemnunt.

519 3222 642 3276 119.
671 3223 1088 3281 Prtevaricautes
1119 3232 1352 3298 reputavi
1377 3248 1554 3288 omnes
1581 3247 1878 3303 peccatores
1907 3250 2014 3292 ter-

449 3328 557 3378 rae;
585 3315 700 3368 ideo
731 3316 896 3370 dilexi
925 3321 1224 3374 testimonia
1257 3331 1368 3376 tua.
1430 3323 1879 3393 (Prtevaricantes
1910 3333 2019 3388 sci-

447 3405 598 3468 licet)
634 3407 766 3474 quia
813 3409 1055 3464 divinam
1096 3412 1270 3482 legem
1303 3417 1627 3472 conculcare
1674 3421 1894 3476 vellent.

517 3493 642 3550 120.
677 3495 890 3568 Conﬁge
925 3501 1211 3554 timoretuo
1232 3521 1415 3557 carnes
1437 3523 1596 3562 meas.
1625 3506 1782 3576 Illud,
1801 3515 2016 3583 conﬁge,

447 3585 682 3656 positum
712 3604 830 3658 pro,
881 3591 1108 3646 obdura.
1139 3593 1356 3648 Obdura
1391 3599 1576 3668 igitur,
1603 3600 1801 3670 inquit,
1829 3605 1894 3658 ad
1927 3622 2017 3660 ca-

446 3675 684 3732 stitatem
711 3695 902 3736 carnes
939 3697 1109 3737 meas.
1143 3685 1270 3754 lloc,
1290 3689 1432 3741 enim
1462 3691 1805 3747 solummodo
1839 3695 2019 3754 dicere

446 3767 668 3824 Christo
692 3780 910 3840 potero:
943 3773 990 3804 “
1025 3773 1276 3844 Couﬁxu:
1303 3795 1418 3831 sum
1443 3783 1606 3835 cruci.
1641 3814 1704 3824 —
1737 3784 1780 3836 Α
1795 3786 2016 3855 judiciis

444 3857 581 3910 enim
616 3861 719 3913 tuis
755 3862 926 3917 timui.
965 3863 1214 3920 Divinam
1245 3869 1456 3924 scilicet
1485 3872 1654 3940 legem
1699 3875 1874 3930 timui.
1896 3877 2012 3932 Non

445 3950 592 4003 enim
647 3962 928 4020 peccatum
959 3957 1082 4024 quis
1117 3959 1376 4024 admittit,
1413 3962 1522 4016 nisi
1549 3979 1672 4020 sese
1702 3978 1828 4022 ante
1857 3977 2012 4024 extra

449 4041 544 4095 Dei
581 4043 828 4098 timorem
855 4047 1226 4104 collocaverit.

518 4133 641 4188 125.
685 4135 838 4189 Oculi
868 4139 966 4191 mei
999 4140 1302 4207 defecerunt
1355 4145 1412 4196 in
1475 4146 1710 4201 salutare
1755 4159 1922 4204 tuum.
1957 4151 2014 4206 ln

444 4225 690 4280 divinum
731 4227 1046 4296 adventum,
1087 4233 1283 4302 inquit,
1323 4250 1434 4302 quo
1467 4239 1718 4306 sperabat
1747 4251 1800 4294 et
1839 4259 1898 4297 se
1949 4253 2002 4299 et

447 4327 618 4373 totum
677 4320 976 4376 humanum
1025 4339 1197 4393 genus
1271 4328 1500 4382 salutem
1566 4343 2009 4390 consecuturum.

446 4409 516 4464 Et
545 4412 602 4464 in
632 4411 898 4481 eloquium
915 4413 1139 4481 justitia:
1172 4425 1296 4472 tute.
1325 4417 1553 4475 Etiamsi
1582 4424 1800 4490 quidam
1827 4427 2012 4496 inique

2129 573 2308 646 ἔργοις
2341 576 2500 628 αὐτὸν
2527 577 2935 648 ἀποπληρῶσαι.

2213 667 2356 720 Ἀπὸ
2385 667 2501 720 τῶν
2523 669 2820 738 χριμάτων
2846 683 2962 722 σου
2997 671 3109 723 οὐκ
3137 669 3439 734 ἐξέκλινα.
3479 672 3724 726 Διαπαν-

2133 757 2220 821 τὸς
2241 761 2564 833 ἐμεμνῄμην
2591 759 2682 812 τοῦ
2719 759 2860 812 θείου
2886 761 3262 832 δικαστηρίου.

2213 855 2310 919 Ὡς
2337 853 2562 924 γλυκέα
2587 853 2666 919 τῷ
2687 854 2944 924 λάρυγγί
2965 872 3082 924 μου
3110 855 3182 908 τὰ
3209 853 3386 925 λότιά
3409 856 3571 910 σου]
3599 857 3728 909 Γλυο

2131 947 2231 1000 κέα
2263 945 2352 1000 διὰ
2399 947 2496 1018 τὴν
2549 949 2634 998 ἐπ’
2668 947 2849 1009 αὐτοῖς
2883 947 3106 1016 λογικὴν
3151 947 3370 1018 τέρψιν·
3409 948 3524 1000 ἀλλ’
3565 949 3726 1016 ὑπὲρ

2126 1039 2268 1110 μέλι
2294 1083 2309 1107 ,
2368 1039 2476 1093 τῶν
2511 1039 2640 1110 παρ’
2665 1037 2972 1109 ἀνθρώποις
3007 1038 3225 1091 πάντων
3247 1038 3416 1108 ἡδέων
3449 1039 3519 1092 δι’
3551 1038 3724 1093 αὑτοῦ

2133 1131 2294 1202 δηλου
2305 1130 2478 1200 μένων
2487 1171 2498 1182 .

2203 1219 2438 1285 Λύχνος
2469 1217 2592 1282 τοῖς
2619 1219 2765 1270 ποσί
2787 1237 2906 1286 μου
2934 1219 2966 1271 ὁ
2995 1219 3177 1286 ’νόμος
3204 1235 3344 1273 σου.
3402 1221 3460 1272 Ὁ
3495 1221 3607 1292 γὰρ
3643 1219 3724 1290 τῷ

2133 1313 2270 1378 φωτὶ
2293 1309 2386 1361 τοῦ
2422 1309 2570 1362 θείου
2597 1310 2759 1379 νόμου
2791 1312 3103 1379 περιπατῶν
3132 1311 3295 1382 ὀρθὴν
3323 1313 3414 1366 καὶ
3434 1313 3721 1380 ἀπρόσκο-

2131 1417 2232 1453 πον
2257 1401 2355 1470 τὴν
2379 1401 2602 1471 πορείαν
2631 1403 2867 1452 ποιεῖται
2887 1399 2981 1452 τοῦ
3016 1401 3152 1470 βίου.

2213 1491 2640 1559 Ἐταπεινὼθην
2665 1491 2774 1557 ἕως
2800 1493 3054 1561 σφόδρα.
3111 1493 3180 1544 Ἢ
3205 1494 3324 1555 ταῖς
3357 1492 3462 1544 τῶν
3503 1493 3718 1562 νοητῶν

2131 1584 2341 1654 ἐχθρῶν
2371 1585 2678 1638 ἐπιθέσεσιν
2699 1625 2712 1648 ,
2743 1585 2774 1656 ἢ
2819 1587 2937 1648 ταῖς
2981 1584 3087 1655 ἰδίᾳ
3111 1584 3205 1637 καὶ
3247 1585 3310 1636 ἐκ
3339 1587 3721 1649 ποοαιοέσεως

2129 1675 2445 1744 γινομέναις
2491 1673 2954 1743 σκληραγωγίαις.

2201 1769 2592 1834 Παρανόμους
2612 1765 2896 1832 ἐμίσησα,
2925 1764 3032 1817 τὸν
3051 1763 3118 1816 δὲ
3138 1765 3325 1832 νόμον
3345 1781 3460 1818 σου
3485 1765 3724 1834 ἠγάπη-

2134 1873 2236 1913 σα.
2297 1859 2435 1920 Τοὺς
2463 1859 2659 1925 σοφοὺς
2690 1855 2782 1909 τοῦ
2829 1855 3022 1918 αῑῶνὸς
3055 1873 3186 1925 φησι
3215 1855 3308 1908 καὶ
3335 1857 3462 1918 τοὺς
3487 1857 3602 1912 ,τῶν
3631 1859 3721 1910 αἱ-

2135 1949 2410 2020 ρεσιωτῶν
2439 1947 2726 2020 ἄρχοντας.

2215 2042 2558 2093 Ἐκκλίνατε
2593 2041 2692 2092 ἀπ’
2718 2039 2862 2108 ἐμοῦ
2889 2079 2902 2102 ,
2934 2039 3420 2108 πονηρευόμενοι.
3487 2041 3560 2092 ’Ἦ
3591 2041 3722 2103 τοὺς

2133 2135 2403 2202 πονηροὺς
2456 2130 2748 2200 λογισμούς
2795 2147 2992 2199 φησιν,
3042 2130 3074 2200 ἦ
3113 2131 3241 2192 τοὺς
3283 2131 3721 2200 προειρημένοπ

2134 2225 2508 2288 διδασκάλους.

2203 2315 2520 2382 Βοήθησόν
2536 2331 2660 2382 μοι,
2685 2314 2784 2366 καὶ
2803 2312 3170 2381 σωθήσομαι.
3199 2315 3260 2366 Εἰ
3291 2312 3399 2384 γὰρ
3433 2314 3557 2378 καὶ,
3586 2313 3718 2386 ἔφη,

2133 2408 2323 2478 βοηθός
2358 2425 2456 2477 μου
2494 2407 2590 2458 καὶ
2643 2405 2988 2475 ἁντιλήπτωρ
3021 2421 3120 2474 μου
3153 2400 3204 2456 εἶ
3237 2406 3300 2457 σὺ
3321 2445 3335 2468 ,
3365 2405 3502 2458 ἀλλὰ
3545 2406 3718 2460 δεῖται

2133 2498 2382 2570 βοηθείας
2425 2497 2787 2550 ἀδιαλείπτου.
2847 2497 2933 2548 Ἐν
2964 2496 3072 2565 ὅσῳ
3123 2496 3229 2566 γάρ
3262 2497 3429 2565 ἐσμεν
3455 2497 3716 2563 ἐνταῦθα,

2129 2591 2282 2646 οὔπω
2314 2591 2518 2644 τέλειον
2547 2591 2606 2643 τὸ
2631 2631 2645 2654 ,
2673 2588 3024 2656 σωθήσομαι
3043 2603 3057 2616 ·
3117 2587 3232 2638 ἀλλ’
3264 2589 3390 2640 ὅταν
3423 2587 3562 2658 μετὰ
3605 2590 3718 2642 τῶν

2131 2683 2376 2752 ἀγγέλων
2407 2683 2661 2754 ζήσωμεν
2685 2680 2780 2734 τοῦ
2806 2679 2964 2742 Θεοῦ,
2998 2681 3120 2732 τότε
3153 2680 3261 2750 γὰρ
3293 2682 3386 2734 καὶ
3411 2681 3614 2751 μελέτη
3643 2681 3716 2734 δι-

2130 2778 2460 2848 καιωμάτων
2491 2777 2780 2847 πρόσωπον
2815 2773 2954 2844 πρὸς
2989 2772 3275 2842 πρόσωπον
3294 2813 3309 2837 ,
3353 2773 3412 2824 οὐ
3443 2773 3584 2826 κατὰ
3614 2773 3716 2826 rho

2131 2871 2313 2931 σκιὰν,
2345 2869 2480 2922 ἀλλὰ
2511 2869 2652 2921 κατὰ
2680 2868 2780 2938 τὴν
2805 2865 3084 2934 ἀλήθειαν.

2213 2962 2346 3026 Ἐξο
2355 2960 2660 3024 ιιδένωσας
2676 2959 2908 3023 πάντας
2925 2957 3067 3024 τοὺς
3087 2956 3578 3022 ἀποστατοῦ-ντας
3591 2957 3710 3010 ἀπὸ

2127 3051 2246 3104 τῶν
2297 3049 2702 3118 δικαιωμάτων
2753 3065 2888 3102 σου.
2963 3047 3133 3101 Τοῦτο
3165 3048 3272 3118 γὰρ
3314 3047 3603 3118 περιμένει
3649 3047 3713 3100 τὸ

2053 3179 2096 3234 C
2128 3144 2276 3206 τέλος
2301 3143 2428 3206 τοὺς
2453 3142 2543 3195 τὸν
2573 3141 2733 3212 νόμον
2767 3141 3094 3204 ἁθετοῦντας
3125 3142 3216 3194 τοῦ
3253 3141 3410 3193 Θεοῦ.

2198 3237 2678 3304 Παραϐαἰνοντας
2709 3233 3080 3302 ἐλογισάμην
3102 3233 3332 3298 πάντας
3363 3233 3504 3298 τοὺς
3532 3235 3712 3303 ἀμαρ-

2126 3329 2350 3393 τωλοὺς
2385 3327 2492 3396 τῆς
2516 3325 2623 3396 γῆς
2641 3343 2652 3355 ·
2680 3325 2774 3378 διὰ
2813 3327 2984 3380 τοῦτο
3019 3325 3301 3395 ἠγάπησα
3331 3325 3400 3379 τὰ
3415 3326 3712 3395 μαρτύριά

2126 3433 2261 3472 σου.
2295 3419 2368 3472 Τὸ
2403 3419 2644 3487 πατῆσαι
2675 3417 2958 3488 βούλεσθαι
2985 3417 3075 3469 τὸν
3104 3417 3244 3468 θεῖον
3269 3419 3452 3486 νόμον.

2197 3503 2566 3570 Καθήλωσον
2591 3506 2658 3556 ἐκ
2681 3505 2787 3556 τοῦ
2815 3506 3004 3572 φόϐου
3036 3521 3152 3556 σου
3177 3505 3284 3569 τὰς
3309 3505 3543 3572 σάρκας
3561 3524 3704 3574 μου.

2128 3594 2220 3656 Τὸ,
2247 3593 2625 3658 καθήλωσον,
2655 3594 2774 3646 ἀντὶ
2789 3594 2904 3658 τοῦ,
2941 3594 3129 3663 πῆξον.
3161 3595 3336 3664 Πῆξον
3361 3591 3454 3647 οὖν
3473 3637 3488 3658 ,
3517 3597 3706 3666 φησὶν,

2125 3687 2204 3747 είς
2235 3685 2454 3752 ἁγνείαν
2477 3685 2573 3750 τὰς
2599 3687 2806 3758 σάρκας
2840 3703 2960 3756 μου.
2994 3685 3180 3749 Οὕτως
3209 3687 3316 3757 γὰρ
3349 3687 3524 3757 μόνως
3545 3690 3712 3758 δυνη-

2125 3777 2265 3830 θεῖεν
2301 3781 2470 3831 εξπεῖν
2491 3779 2708 3849 Χριστῷ
2727 3797 2740 3808 ο
2767 3781 3262 3848 Συνεσταύρωμαι
3280 3796 3292 3808 ·
3321 3779 3440 3832 ἀπὸ
3455 3781 3564 3849 γὰρ
3587 3781 3710 3835 τῶν

2125 3867 2417 3935 κριμάτων
2441 3885 2557 3922 σου
2583 3869 2905 3938 ἐφοϐήθην.
2943 3869 3044 3922 Τὸν
3074 3869 3212 3921 θεῖον
3246 3869 3486 3939 δηλονότι
3513 3885 3706 3941 νομον.

2124 3959 2198 4010 (ὶύ
2237 3957 2344 4028 γὰρ
2371 3959 2545 4021 ἄλλως
2591 3977 2673 4022 τις
2707 3961 2944 4013 ἐπιτελεῖ
2967 3960 3062 4030 τὴν
3097 3961 3370 4030 ἁμαρτίαν
3393 4000 3408 4022 _.
3469 3962 3546 4033 μὴ
3599 3965 3712 4030 ἔξω

2123 4049 2313 4102 ἑαυτὸν
2349 4049 2610 4122 πρότερον
2639 4054 2982 4122 καταστήσας
3005 4052 3096 4104 τοῦ
3123 4053 3288 4122 φόϐου
3317 4051 3410 4106 τοῦ
3434 4053 3596 4108 Θεοῦ.

2195 4144 2258 4194 Ol
2281 4143 2573 4211 ὀφθαλμοί
2592 4161 2710 4210 μου
2739 4144 3021 4207 ἐξέλιπον
3039 4147 3126 4210 εἰς
3153 4145 3218 4198 τὸ
3241 4145 3539 4212 σωτήριόν
3557 4161 3702 4201 σου.

2122 4233 2216 4294 Εἰς
2239 4233 2336 4302 τὴν
2365 4233 2514 4286 θείαν
2549 4235 2888 4302 ἐπιφάνειαν,
2919 4237 3073 4304 φησὶ,
3099 4235 3162 4287 δι’
3197 4231 3264 4305 ἧς
3291 4236 3486 4305 ἤλπιζε
3517 4237 3704 4310 σωθή-

2123 4323 2310 4376 σεσθαι
2343 4325 2433 4376 καὶ
2471 4325 2630 4387 αὐτὸς
2659 4328 2751 4378 καὶ
2784 4327 2926 4380 ἁπαν
2955 4327 3063 4378 τῶν
3101 4325 3400 4398 ἀνθρώπων
3427 4329 3488 4381 τὸ
3511 4329 3698 4396 γένος.

2119 4417 2228 4470 Καὶ
2259 4420 2345 4482 εἰς
2375 4418 2438 4471 τὸ
2465 4420 2670 4488 λόγιον
2707 4419 2812 4488 τῆς
2859 4422 3250 4490 δικαιοσύνης
3295 4439 3430 4476 σου.
3487 4423 3552 4475 El
3601 4424 3703 4478 καὶ

445 4512 689 4572 agentes,
713 4520 895 4575 neque
923 4507 1172 4562 timorem
1201 4517 1354 4564 tuum
1403 4523 1528 4567 ante
1587 4515 1777 4571 oculos
1809 4519 2013 4574 haben-

2145 4510 2556 4580 παρανομοῦντες
2584 4528 2724 4576 τινες
2743 4551 2757 4576 ,
2792 4513 2883 4566 καὶ
2913 4513 3001 4567 τὸν
3027 4515 3116 4567 σὸν
3139 4515 3243 4584 πρὸ
3263 4513 3560 4583 ὀφθαλμῶν
3591 4515 3702 4568 οὐκ

445 4607 548 4660 tes,
573 4595 743 4665 legem
773 4605 917 4650 tuam
937 4599 1002 4652 de
1028 4599 1210 4656 medio
1237 4605 1597 4673 sustulerint;
1631 4620 1686 4663 at
1707 4627 1809 4682 ego
1859 4615 2010 4668 omni

445 4695 690 4756 tempore
727 4689 865 4744 hanc
891 4707 1052 4746 unam
1107 4693 1282 4766 legem
1333 4700 1696 4769 exsequebar,
1754 4706 1900 4774 quod
1951 4707 2006 4760 in

445 4777 794 4834 meditatione
821 4792 1080 4852 perpetuo
1117 4801 1382 4844 versarer.

515 4867 640 4924 125.
672 4869 862 4925 Servus
901 4883 1022 4928 tuus
1055 4893 1171 4930 sum
1195 4893 1307 4947 ego,
1333 4879 1402 4933 da
1429 4881 1560 4936 mihi
1582 4883 1926 4954 intellectum,
1961 4899 2011 4944 et

441 4961 609 5015 sciam
643 4965 942 5018 testimonia
1003 4975 1112 5022 tua.
1182 4967 1286 5036 Qui
1319 4973 1630 5030 nullatenus
1686 4993 1878 5035 servus
1927 4991 2012 5036 est

442 5053 673 5120 peccati,
700 5054 876 5110 dicat:
909 5055 1098 5114 Servus
1153 5071 1274 5116 tuus
1302 5081 1418 5116 sum
1445 5083 1557 5136 ego.
1583 5067 1884 5126 Mercedem
1913 5090 2010 5128 au-

441 5155 548 5198 tem
575 5146 874 5212 servitutis,
901 5148 1310 5220 intelligentiam
1361 5172 1556 5227 nempe
1589 5163 1850 5230 postulat,
1881 5181 2007 5234 qua:

439 5235 603 5290 datur
629 5251 660 5291 a
687 5235 796 5292 Deo
824 5277 840 5302 ,
875 5249 930 5294 et
959 5244 1101 5311 apud
1126 5259 1252 5298 eum
1278 5249 1432 5316 quasi
1479 5249 1534 5304 in
1571 5252 1816 5309 thesauri
1848 5258 2005 5313 theca

439 5328 774 5384 reconditur.
803 5329 938 5386 Nam
966 5333 1199 5403 Spiritus
1226 5339 1508 5408 sapientiae
1529 5351 1583 5398 et
1609 5344 1919 5403 intellectus
1941 5357 1996 5404 et

441 5422 654 5492 reliqua
678 5435 809 5480 sunt
833 5427 1102 5484 bonorum
1135 5447 1384 5488 munera.
1417 5435 1562 5492 Inter
1602 5441 1750 5494 enim
1788 5441 1930 5498 haue
1952 5451 2007 5498 et

438 5510 604 5568 aliam
637 5517 964 5586 sapientiam
1021 5521 1384 5583 dillereutiam
1437 5529 1800 5604 constituens,
1847 5534 1922 5592 ait
1949 5535 2006 5590 in

511 5773 558 5810 ⁸⁸
583 5775 754 5836 Galat.
791 5797 850 5850 ιι,
895 5783 958 5838 l9

2117 4599 2328 4670 ἔχοντες
2360 4601 2520 4670 φόϐον
2545 4643 2558 4666 ,
2589 4602 2680 4656 τόν
2715 4619 2807 4656 σου
2843 4605 2908 4656 ὲκ
2941 4605 3104 4674 μέσου
3135 4607 3456 4676 πεποίηνται
3487 4607 3660 4677 νόμον
3681 4626 3695 4638 ·

2113 4693 2226 4745 ἁλλ’
2255 4691 2366 4761 ἐγὼ
2396 4695 2487 4747 τὸν
2523 4696 2696 4748 πάντα
2737 4698 2924 4768 καιρὸν
2945 4699 3040 4750 ἕνα
3071 4699 3366 4770 ἐποιούμην
3389 4699 3604 4766 τοῦτον,
3637 4703 3698 4754 ὲν

2117 4785 2316 4857 μελέτῃ
2348 4784 2486 4855 ἔχων
2511 4785 2820 4852 διαπαντός.

2181 4873 2406 4939 Δοῦλός
2432 4889 2546 4928 σου
2569 4875 2707 4944 εἰμὶ,
2730 4876 3053 4932 συνέτισόν
3087 4895 3196 4946 με,
3243 4877 3339 4930 καὶ
3383 4877 3696 4948 γνώσομαι

2111 4962 2184 5014 τὰ
2229 4965 2521 5034 μαρτύριά
2569 4980 2706 5020 σου.
2795 4969 2851 5020 '0
2886 4969 2959 5040 μὴ
2991 4969 3250 5022 δουλεύων
3285 4970 3402 5023 κατ’
3437 4970 3592 5022 οὐδὲν
3621 4974 3691 5043 τῇ

2113 5055 2354 5126 ἁμαρτίᾳ
2383 5055 2586 5124 λεγέτω
2605 5075 2618 5088 ’
2665 5059 2892 5125 Δοῦλός
2920 5075 3035 5114 σου
3061 5061 3177 5130 εἰμὶ
3207 5059 3338 5130 ἐγώ.
3393 5061 3606 5116 Μισθδν
3631 5063 3692 5116 δὲ

2110 5145 2349 5210 δουλείας
2375 5149 2472 5220 τὴν
2507 5148 2720 5203 σύνεσιν
2765 5151 2988 5204 ἁπαιτεί
3031 5151 3309 5222 διδομένην
3342 5152 3494 5222 παρὰ
3523 5153 3687 5218 Θεοῦ,

2111 5235 2204 5287 καὶ
2248 5237 2379 5306 παρ’
2435 5236 2582 5306 αὑτῷ
2635 5239 2894 5311 κειμένην
2927 5241 3002 5304 ὡς
3065 5243 3120 5294 ὲν
3170 5230 3688 5314 θησαυροφυλακίξιι.

2109 5325 2332 5397 Πνεῦμα
2377 5327 2484 5400 γὰρ
2518 5331 2709 5398 σοφίας
2756 5331 2850 5384 καὶ
2885 5335 3148 5396 συνέσεως
3195 5335 3288 5386 καὶ
3321 5331 3390 5385 τὰ
3417 5333 3548 5402 ἑξῆς
3577 5335 3692 5390 τῶν

2109 5415 2326 5484 ἀγαθῶν
2350 5417 2420 5472 τὰ
2445 5419 2775 5489 χαρίσματα.
2803 5421 2946 5493 Πρὸς
2969 5423 3158 5492 ἑτέραν
3181 5421 3288 5492 γὰρ
3317 5419 3688 5476 ἀντιδιαστέλ-

2107 5505 2233 5574 λων,
2265 5508 2322 5563 ἐν
2353 5509 2628 5583 Παροιμίᾳ
2655 5511 2814 5584 φησι·
2850 5513 3102 5580 Σύνεσις
3129 5511 3197 5566 δὲ
3237 5511 3428 5582 ἀγαθὴ
3467 5511 3686 5568 δίδωσι
