3880 6216
192 300 293 356 591

1261 312 1635 371 EXPOSITIO.
1666 318 1735 372 IN
1768 319 2100 378 PSALMUM
2142 324 2371 384 CXVIII;

3341 336 3447 393 502

192 419 391 489 χάριν.
425 423 486 475 Ei
508 424 617 496 γὰρ
642 426 793 479 πᾶσα
820 443 1033 492 συνεσις
1061 431 1261 502 ἀγαθὴ,
1286 432 1385 485 οὐκ
1404 432 1470 487 ἂν
1501 435 1769 508 προσέθη-

1890 435 2163 495 .3roverhi0
2192 442 2234 473 ⁸⁸
2257 460 2268 495 :
2304 441 2663 513 Intelligentia
2686 452 2860 497 autem
2889 445 3025 498 bona
3060 448 3161 501 dat
3185 450 3443 517 gratiam.

191 529 293 567 κεν
322 515 522 585 ἀγαθή.

266 689 486 757 Καιρὸς
504 690 611 744 τοῦ
638 692 885 762 ποιῆσαι
907 693 987 760 τῷ
1008 699 1221 767 Κυρίῳ,
1247 701 1648 759 διεσκέδασαν
1669 708 1776 761 τὸν

190 780 388 845 νόμον
415 795 548 833 σου.
602 782 741 849 Ἐγὼ
775 785 871 854 μὲν
904 787 1135 859 ἐποίησα
1167 794 1339 861 κρῖμα
1372 794 1462 846 καὶ
1502 795 1776 850 δικαιοσύ-

192 886 296 939 νην
318 888 330 899 ·
364 870 515 925 ἔσται
545 873 603 925 δέ
635 891 765 926 ποτε
794 877 888 929 καί
918 895 999 931 σοι
1030 881 1218 951 καιρὸς
1243 883 1321 953 τῷ
1346 884 1463 956 Θεῷ
1490 887 1581 939 τοῦ
1618 889 1776 959 ποιῆ-

192 976 291 1013 σαι
317 962 559 1031 δηλονότι
588 967 760 1036 κρῖμα
781 969 875 1021 καὶ
899 969 1245 1044 δικαιοσύνην
1269 976 1410 1028 κατὰ
1438 977 1545 1031 τῶν
1567 979 1776 1032 διασκε-

188 1051 477 1106 δασάντων
505 1055 596 1109 τὸν
628 1058 789 1127 νόμον
814 1077 927 1113 σου.

264 1147 368 1200 Διὰ
399 1146 575 1201 τοῦτο
611 1150 901 1220 ἠγάπησα
928 1153 1036 1220 τὰς
1073 1156 1326 1224 ἐντολάς
1363 1172 1479 1214 σου
1517 1160 1668 1229 ὑπὲρ
1708 1162 1776 1215 τὸ

191 1240 458 1305 χρυσίον
489 1241 586 1294 καὶ
625 1243 921 1303 τοπάζιον.
971 1246 1157 1301 Ταῦτα
1191 1251 1405 1321 συνᾴδει
1435 1252 1512 1323 τῷ
1532 1270 1545 1283 ·
1608 1255 1776 1324 Ἀγα-

190 1330 305 1383 θόν
330 1348 431 1399 μοι
463 1335 497 1386 ό
529 1337 711 1403 νόμος
758 1337 867 1391 τοῦ
914 1340 1211 1409 στόματός
1243 1358 1358 1397 σου
1395 1345 1546 1413 ὑπὲρ
1580 1346 1772 1414 χιλιά-

192 1419 307 1487 δας
331 1427 589 1491 χρυσίου
620 1429 715 1481 καὶ
765 1430 1050 1499 ἀργυρίου
1069 1451 1081 1463 ·
1119 1437 1213 1487 καὶ
1244 1435 1321 1506 τῷ
1343 1451 1357 1465 ⁸
1403 1437 1623 1491 Λάϐετε
1653 1456 1776 1492 παι-

190 1510 385 1579 δείαν,
413 1516 509 1568 καὶ
527 1517 614 1585 μὴ
644 1519 959 1597 ἀργύριον.
976 1522 1076 1575 καὶ
1101 1524 1326 1593 γνῶσιν
1344 1530 1495 1596 ὑπὲρ
1519 1531 1776 1597 χρυσίον

188 1601 724 1675 δεδοκιμασμένον.
776 1596 1088 1678 Κρείσσων
1114 1616 1221 1685 γὰρ
1253 1619 1438 1687 σοφία
1469 1596 1654 1673 λίθων
1679 1635 1776 1674 πο-

190 1694 469 1748 λυτελῶν
492 1713 505 1727 °
552 1699 675 1753 πᾶν
695 1700 763 1753 δὲ
788 1703 983 1771 τίμιον
1016 1708 1126 1759 οὐκ
1151 1706 1229 1772 ᾰξ
1232 1726 1324 1762 ιον
1347 1709 1535 1778 αὐτῆς
1582 1713 1767 1766 ἐστιν.

1875 527 2011 584 Nam
2038 532 2083 585 si
2115 534 2295 587 omnis
2322 534 2675 604 intelligentia
2726 535 2868 590 bona
2899 547 3063 604 esset,
3099 554 3444 609 nequaquam

1875 622 2146 691 posuisset
2193 624 2356 679 bona.

1949 714 2067 767 126.
2107 713 2328 784 Tempus
2351 716 2578 784 faciendi
2604 716 2852 783 Domino,
2876 719 3443 790 dissipaveruntlegem

1877 805 2042 852 tuam.
2071 799 2181 870 Ego
2216 802 2432 870 quidem
2475 802 2860 873 fecijudieium
2920 815 2972 861 et
2997 808 3303 877 justitiam:
3341 811 3443 865 erit

1875 900 2057 945 autem
2086 892 2180 945 tibi
2217 909 2435 963 quoque
2462 893 2571 947 Deo
2594 903 2809 964 tempus
2838 895 3068 952 faciendi
3095 898 3363 968 judicium
3396 912 3449 955 et

1870 981 2161 1052 justitiam,
2195 993 2384 1038 contra
2409 999 2502 1040 eos
2531 986 2625 1054 qui
2649 984 3051 1055 dissipaverunt
3080 988 3251 1059 legem
3274 999 3443 1045 tuam.

1949 1166 2070 1219 127.
2104 1166 2232 1221 Ideo
2259 1168 2423 1222 dilexi
2456 1170 2708 1225 mandata
2727 1179 2817 1223 tua
2856 1189 3009 1241 super
3048 1190 3239 1227 aurum
3283 1184 3331 1228 et
3367 1185 3447 1227 to--

1872 1259 2081 1326 pazion.
2120 1257 2242 1313 Haec
2276 1260 2569 1315 concinunt
2606 1260 2682 1314 illi
2712 1262 2857 1317 dicto
2902 1281 2914 1316 :
2959 1262 3165 1318 Bonum
3199 1266 3326 1318 mihi
3364 1265 3449 1319 (ea:

1874 1352 1980 1403 oris
2024 1349 2101 1403 tui
2131 1366 2286 1420 super
2316 1350 2619 1405 milliaauri
2640 1360 2689 1406 et
2723 1356 2925 1423 argenti
2958 1355 3039 1409 “z
3066 1364 3119 1410 et
3142 1356 3309 1411 huic:
3343 1358 3446 1410 Ac-

1873 1440 2028 1509 cipite
2057 1440 2403 1494 eruditionem
2427 1450 2473 1495 et
2498 1458 2600 1495 non
2640 1454 2939 1513 argentum,
2997 1457 3045 1499 et
3100 1448 3445 1517 cognitionem

1872 1550 2027 1602 super
2039 1550 2223 1586 aurum
2247 1535 2603 1602 probatum.N
2606 1553 2690 1590 am
2709 1538 2979 1592 meliorest
3005 1540 3266 1606 sapientia
3282 1539 3445 1593 variis

1872 1624 2168 1694 lapidibus:
2200 1635 2248 1679 et
2273 1642 2420 1679 omne
2437 1628 2721 1695 pretiosum
2741 1644 2843 1682 non
2865 1636 2940 1683 est
2966 1629 3061 1682 illa
3080 1630 3298 1699 dignum
3320 1631 3385 1684 ⁸⁷.

263 1786 367 1839 Διὰ
395 1787 569 1841 τοῦτο
608 1791 756 1857 πρὸς
783 1793 987 1861 πάσας
1006 1797 1111 1862 τὰς
1136 1798 1388 1866 ἐντολάς
1409 1777 1525 1856 σου
1560 1821 1773 1872 κατωρ-

1901 1777 1905 1780 ”
1944 1802 2066 1859 128.
2101 1801 2383 1871 Propterea
2416 1803 2485 1855 ad
2516 1805 2697 1857 omnia
2744 1805 2998 1858 mandata
3019 1813 3108 1859 tua
3158 1807 3440 1876 dirigebar.

189 1877 446 1944 θούμην.
481 1880 582 1935 Διὰ
604 1883 800 1949 τοῦτο,
839 1888 1017 1954 ποῖον,
1067 1890 1100 1961 ἢ
1140 1891 1202 1944 τὸ
1231 1893 1459 1966 μελέτην
1487 1895 1630 1966 ἔχειν
1655 1897 1771 1951 δια-

189 1970 397 2032 παντὸς
427 1971 523 2025 τοῦ
562 1976 725 2045 νόμου
751 1996 765 2042 ;

263 2063 372 2113 Καὶ
401 2066 671 2119 συνετιεῖ
684 2068 888 2134 νήπια.
916 2073 1103 2144 Νήπια
1123 2076 1335 2147 νοήσεις
1355 2080 1480 2142 τοὺς
1504 2079 1561 2132 ὲν
1582 2080 1773 2153 ἀγνοίᾳ

188 2155 594 2244 αατεχομένους
626 2161 718 2212 καὶ
749 2160 1003 2230 βρέφεσιν
1034 2167 1298 2231 ἐοικότας.
1334 2169 1570 2234 Τούτους
1601 2172 1710 2244 γὰρ
1747 2176 1775 2226 ὁ

187 2241 352 2313 λόγος
381 2263 473 2299 σου
497 2289 510 2311 ,
540 2251 674 2319 φησὶ
693 2292 707 2316 ,
738 2254 816 2323 τῷ
843 2255 919 2325 σῷ
950 2260 1463 2331 καταυγαζομένους
1490 2266 1627 2333 φωτὶ
1654 2284 1775 2320 συν-

189 2333 368 2400 έσεως
404 2339 655 2411 ὲμφορεῖ.

265 2426 341 2478 Τὸ
389 2430 584 2497 στόμα
631 2450 751 2499 μου
786 2433 1022 2503 ἢνοιξα,
1058 2439 1157 2492 καὶ
1213 2441 1470 2497 εἵλκυσα
1520 2446 1769 2514 πνεῦμα.

187 2519 517 2587 Διανοίξεως
543 2523 599 2575 δὲ
633 2526 802 2580 δεῖται
831 2529 900 2582 τὰ
931 2530 1106 2599 λόγια.
1156 2534 1248 2587 Διὸ
1273 2536 1366 2587 καὶ
1392 2539 1419 2588 ὁ
1445 2538 1632 2609 Σωτὴρ
1658 2540 1772 2610 διή-

186 2610 333 2676 νοιξε
368 2612 460 2664 τὸν
487 2614 611 2666 νοῦν
638 2616 750 2670 τῶν
798 2620 1056 2692 μαθητῶν
1086 2624 1182 2676 τοῦ
1228 2628 1466 2680 συνιέναι
1497 2629 1595 2692 τὰς
1636 2631 1772 2702 Γρα-

188 2700 317 2767 φάς.
368 2703 479 2755 Καὶ
509 2704 608 2775 τὴν
643 2706 711 2758 δι’
740 2709 991 2782 ἡδονῆςῆ
1039 2713 1196 2785 δόξης
1240 2717 1454 2788 ἀπάτην
1484 2721 1516 2789 ἡ
1548 2719 1636 2773 διὰ
1666 2700 1773 2775 τῶν

186 2790 367 2859 λόγων
398 2793 614 2859 σύνεσις
642 2798 956 2871 ὲνδιδομένη
990 2803 1207 2858 κωλύει.

246 2883 617 2954 Ἐπίϐλεψον
630 2889 721 2942 ἐπ’
738 2892 861 2959 ἐμὲ,
881 2894 977 2946 καὶ
994 2895 1357 2965 ὲλέησόνμε,
1376 2916 1429 2955 κ.
1450 2917 1498 2953 τ.
1518 2900 1566 2955 λ.
1585 2902 1670 2967 Ὡς
1685 2904 1775 2957 κέ-

185 2993 411 3047 κρικας,
434 2979 617 3048 φησὶν,
642 2982 951 3052 ἐπιϐλέψαι,
976 2986 1069 3039 καὶ
1083 2988 1282 3058 πολλῆς
1304 2992 1603 3064 ἐπισκοπῆς
1622 2996 1775 3062 ἀξιῶ-

188 3084 279 3121 σαι
313 3070 444 3133 τοὺς
472 3074 799 3140 ἀγαπῶντας
826 3078 886 3128 τὸ
924 3078 1095 3148 ὄνομα
1126 3098 1218 3132 σου
1243 3100 1255 3111 ·
1286 3082 1426 3136 οὕτω
1463 3103 1527 3155 με
1554 3088 1651 3157 τῆς
1678 3090 1775 3141 αὑ-

183 3163 286 3231 τῆς
319 3156 560 3227 ἀξίωσον
586 3168 927 3238 ἐπισκοπῆς,
962 3170 1056 3224 τοῦ
1091 3173 1255 3225 αὐτοῦ
1291 3175 1491 3239 ἐλέους.

264 3340 347 3394 Τὰ
377 3341 710 3413 διαϐήματά
731 3365 852 3415 μου
875 3348 1245 3403 κατεύθυνον
1276 3351 1426 3405 κατὰ
1464 3352 1530 3405 τὸ
1569 3355 1774 3423 λόγιόν

186 3448 329 3487 σου.
398 3435 555 3489 Κατὰ
591 3438 651 3490 τὸ
683 3439 860 3507 λόγιον
900 3441 1069 3493 αὑτοῦ
1094 3443 1123 3494 ὁ
1165 3441 1296 3506 Θεὸς
1343 3444 1659 3499 κατευθύνει
1706 3447 1775 3500 τὰ

186 3526 511 3596 διαδήματα
552 3528 646 3582 τοῦ
679 3530 787 3583 ἀπὸ
818 3532 1015 3597 κακίας
1055 3532 1149 3587 καὶ
1194 3534 1417 3602 ἀγνοίας
1460 3537 1539 3599 είς
1575 3537 1774 3608 ἀρετὴν

187 3618 283 3670 καὶ
319 3618 522 3685 γνῶσιν
556 3620 944 3686 διαϐαίνοντος.
1017 3624 1073 3677 '0
1118 3623 1226 3694 γὰρ
1259 3624 1416 3695 ὀρθὸς
1464 3626 1618 3695 λόγος
1668 3627 1774 3682 τῶν

186 3710 450 3763 τοιούτων
475 3712 711 3782 ἡγεῖται’
750 3716 811 3767 Οἱ
836 3716 911 3785 μὴ
937 3714 1217 3779 ποιοῦντες
1246 3716 1341 3787 τὴν
1382 3718 1653 3789 ἁμαρτίαν
1674 3721 1774 3775 οὐκ

185 3802 297 3856 εἰσὶ
325 3802 504 3856 δοῦλοι
523 3804 627 3875 τῆς
656 3806 948 3877 ἁμαρτίας.

259 3895 577 3963 Λύτρωσαί
599 3914 676 3965 με
703 3897 819 3951 ἀπὸ
854 3901 1265 3968 συκοφαντίας
1288 3901 1629 3970 ἀνθρώπων.
1674 3903 1775 3956 Συ-

185 3987 492 4055 κοφαντίαν
518 3988 614 4041 ἀνθ
626 3988 821 4059 ρώπων
852 3991 951 4061 τὴν
979 3990 1087 4044 τῶν
1116 3994 1407 4064 αἱρετικῶν
1430 3994 1774 4049 διδασκαλίαν

186 4078 345 4147 φησὶ,
372 4078 468 4130 καὶ
491 4077 589 4149 τὴν
623 4079 730 4132 τῶν
759 4081 937 4149 σοφῶν
963 4082 1054 4135 τοῦ
1082 4084 1275 4148 αἰῶνος
1304 4085 1515 4138 τούτου.
1571 4085 1772 4138 Τούτου

186 4166 491 4238 τετύχηκεν
523 4169 797 4239 αἰσθητῶς
835 4171 1029 4242 Ἰωσὴφ
1056 4174 1148 4225 καὶ
1177 4173 1451 4227 Σωσάννα.
1487 4174 1771 4241 Τροπικῶς

184 4258 243 4310 δὲ
276 4258 608 4329 ἀνθρώπους
654 4260 752 4324 τὰς
804 4263 1046 4334 πονηρὰς
1074 4265 1219 4333 λέγει
1248 4265 1507 4337 δυνάμεις
1532 4306 1545 4329 ,
1576 4268 1668 4335 ἀφ’
1700 4260 1774 4320 ὧν

186 4350 289 4420 τῆς
325 4352 695 4419 συκοφαντίας
726 4353 886 4423 μόνου
921 4354 1244 4425 λυτροῦσθαι
1275 4356 1431 4410 Θεοῦ.

1801 3128 1844 3186 C

1819 3315 1822 3317 .
1875 3262 2075 3332 gneris.

1875 1893 2186 1962 Propterea,
2230 1910 2399 1963 quare
2463 1895 2569 1950 nisi
2624 1896 2994 1966 quiasemper
3040 1898 3445 1965 meditabarle—

1875 2002 1991 2055 gem
2012 1986 2035 2038 ?

1943 2077 2064 2130 150.
2101 2076 2170 2129 Ει
2215 2078 2539 2131 intellectum
2568 2078 2661 2132 dat
2689 2078 2944 2147 parvulis.
2990 2076 3253 2135 Parvulos
3285 2081 3443 2135 intel-

1874 2168 2006 2236 liges
2053 2182 2146 2223 eos
2175 2169 2269 2238 qui
2323 2169 2377 2223 in
2424 2168 3102 2239 ignorantiadetinentur,
3136 2181 3191 2226 et
3222 2171 3446 2227 infanti-

1876 2259 1977 2313 bus
2002 2258 2212 2313 similes
2236 2269 2383 2314 sunt.
2410 2259 2522 2315 llos
2559 2261 2727 2325 enim,
2757 2262 2955 2332 inquit,
3003 2264 3231 2318 verbum
3261 2273 3439 2330 tuum,

1874 2359 1966 2403 tuo
1994 2351 2292 2406 illustratos
2321 2352 2529 2405 lumine
2556 2352 2912 2424 intelligentia
2932 2354 3125 2424 replet.

1946 2442 2067 2495 151.
2091 2440 2162 2494 0s
2193 2458 2365 2496 meum
2392 2443 2575 2511 aperui
2602 2453 2651 2495 et
2671 2446 2874 2500 attraxi
2899 2445 3171 2515 spiritum.
3190 2446 3442 2515 Apertio-

1872 2547 1940 2585 ne
1959 2532 2199 2601 indigent
2226 2532 2460 2602 eloquia.
2480 2532 2660 2598 Quare
2682 2532 2939 2589 Salvator
2967 2535 3183 2605 aperuit
3208 2537 3446 2607 discipu-

1873 2624 2048 2677 lorum
2081 2632 2314 2678 mentem
2350 2634 2409 2678 ut
2441 2625 2799 2694 intelligerent
2835 2627 3170 2696 Scripturas.
3189 2626 3256 2681 Et
3285 2626 3441 2681 frau-

1874 2714 1996 2766 dem
2034 2728 2155 2782 quae
2184 2722 2278 2767 aut
2325 2729 2420 2783 per
2460 2713 2793 2783 voluptatem
2832 2722 3045 2785 autper
3080 2714 3310 2785 gloriam
3350 2727 3447 2782 pa-

1876 2812 2047 2870 ratur,
2070 2804 2422 2873 intelligentia
2452 2819 2574 2873 quae
2636 2820 2733 2873 per
2759 2805 2927 2860 verba
2970 2805 3132 2860 datur
3179 2804 3426 2874 impedit.

1949 2895 2072 2948 152.
2099 2894 2314 2963 Respice
2348 2896 2405 2947 in
2426 2911 2528 2959 me,
2568 2903 2617 2949 et
2651 2896 2898 2950 miserere
2937 2897 3061 2963 mei,
3091 2906 3197 2951 etc.
3237 2896 3443 2962 Quem.-

1877 2987 2195 3052 admodum,
2228 2989 2325 3053 ait,
2357 2988 2647 3043 decrevisti
2684 3004 2770 3044 me
2831 2990 3126 3059 respicere,
3158 2999 3211 3045 et
3246 3006 3447 3062 magna

1878 3078 2214 3145 providentia
2235 3088 2325 3132 tua
2343 3078 2556 3148 dignari
2577 3093 2673 3134 eos
2686 3080 2780 3149 qui
2798 3080 3030 3151 diligunt
3047 3094 3246 3135 nomen
3268 3089 3443 3147 tuum,

1880 3172 1959 3223 ita
1979 3185 2064 3225 me
2091 3171 2279 3225 eadem
2311 3171 2674 3240 providentia,
2710 3172 2905 3227 eadem
2932 3171 3313 3229 misericordia
3355 3174 3441 3229 di?

1948 3369 2049 3423 155
2132 3367 2352 3423 Gressus
2409 3385 2547 3424 meos
2604 3370 2773 3441 dirige
2839 3371 3128 3425 secundum
3183 3372 3449 3444 eloquium

1877 3470 2044 3513 tuum.
2095 3460 2409 3516 Secundum
2475 3462 2755 3532 eloquium
2814 3478 2976 3518 suum
3024 3462 3171 3520 Deus
3223 3480 3447 3535 gressus

1873 3550 2057 3619 dirigit
2077 3551 2197 3618 ejus
2232 3551 2325 3619 qui
2359 3566 2389 3604 a
2415 3552 2620 3605 malitia
2654 3560 2709 3606 et
2755 3551 3066 3622 ignorantia
3128 3552 3196 3608 ad
3242 3554 3447 3609 verita.-

1872 3650 1979 3696 tem
2018 3651 2071 3695 et
2091 3643 2155 3695 ad
2190 3642 2473 3696 scientiam
2539 3642 2777 3698 transiit.
2812 3642 3012 3699 Rectus
3065 3645 3213 3699 enim
3261 3660 3447 3700 sermo

1872 3732 2139 3802 ejusmodi
2169 3732 2332 3786 rebus
2358 3732 2529 3787 anteit
2556 3752 2569 3788 :
2613 3732 2717 3799 Qui
2750 3748 2858 3787 non
2892 3735 3102 3790 faciunt
3155 3746 3442 3805 peceatum

1777 3825 1786 3838 ⁸
1873 3841 1982 3879 non
2001 3833 2129 3880 sunt
2152 3825 2293 3879 servi
2320 3825 2546 3894 peccati.

1948 3915 2071 3969 154.
2110 3914 2325 3968 Redime
2370 3932 2450 3969 me
2478 3932 2511 3967 a
2554 3915 2829 3969 calumnia
2883 3916 3173 3973 hominum.
3223 3918 3446 3974 Calum-

1874 4008 2019 4061 niam
2081 4007 2366 4060 hominum
2426 4017 2586 4061 vocat
2645 4007 3044 4075 haereticorum,
3094 4024 3305 4065 necnon
3357 4026 3446 4065 sa-

1875 4097 2135 4168 pientium
2164 4096 2326 4165 hujus
2357 4096 2563 4161 saeculi,
2588 4094 2916 4149 doctrinam.
2947 4092 3064 4150 Hoc
3087 4095 3293 4150 bonum
3321 4112 3446 4150 sen-

1875 4188 2017 4243 sibili
2051 4187 2214 4241 modo
2255 4193 2452 4240 nactus
2484 4195 2568 4240 est
2590 4184 2793 4255 Joseph
2820 4194 2873 4240 et
2896 4185 3169 4242 Susanna.
3212 4185 3446 4256 Tropice

1874 4288 2051 4333 autem
2084 4277 2329 4332 homines
2353 4285 2512 4332 vocat
2546 4277 2812 4346 malignas
2856 4285 3177 4346 potestates,
3234 4292 3266 4332 a
3310 4293 3447 4348 qua.-

1874 4384 1992 4423 rum
2018 4368 2303 4424 calumnia
2324 4368 2555 4421 liberare
2572 4368 2742 4422 solius
2769 4366 2865 4421 Dei
2899 4376 3003 4423 est.

264 4443 338 4495 Τὸ
361 4443 689 4510 πρόσωπόν
705 4460 820 4497 σου
836 4445 937 4498 ἐπί
939 4464 1134 4515 φανον
1154 4448 1253 4501 ἐπὶ
1270 4448 1377 4501 τὸν
1395 4449 1619 4502 δοῦλόν
1633 4463 1768 4503 σου.

1945 4460 2068 4513 155.
2102 4458 2319 4513 Faciem
2372 4469 2517 4513 tuam
2564 4458 2810 4512 illumina
2866 4476 3020 4528 super
3045 4468 3443 4514 servumtuum.

186 4534 300 4605 Τὴν
335 4536 642 4605 παρουσίαν
676 4537 929 4590 ἐπιποθεῖ
959 4538 1053 4591 τοῦ
1079 4541 1285 4609 Κυρίου
1322 4540 1637 4594 θεάσασθαι.
1668 4542 1774 4593 Αύ-

184 4630 275 4693 τὸς
304 4629 416 4699 γάρ
450 4632 594 4683 ἐστιν
618 4633 644 4682 ὁ
666 4632 969 4702 χαρακτὴρ,
992 4632 1084 4684 τοῦ
1121 4634 1353 4705 Πατρός.
1379 4634 1489 4687 Καὶ
1524 4634 1773 4699 δίδαξόν

178 4740 258 4791 με
292 4722 369 4776 τὰ
395 4722 755 4790 δικαιώματά
797 4738 931 4777 σου.
982 4724 1091 4794 Τὴν
1124 4726 1269 4778 Νέαν
1297 4726 1571 4797 Διαθήκην
1617 4727 1770 4797 φησὶ,

180 4815 250 4867 δι’
280 4808 352 4885 ἧς
400 4814 749 4868 δεδικαίωκεν
793 4817 821 4867 ὁ
852 4817 984 4879 Θεὸς
1017 4817 1113 4869 καὶ
1140 4816 1330 4888 Πατὴρ
1361 4819 1486 4881 τοὺς
1539 4819 1631 4871 ἐπὶ
1671 4819 1771 4889 τῆς

182 4923 312 4975 γηςο

255 4995 580 5062 Διεξόδους
602 4996 835 5050 ὑδάτων
864 4997 1206 5067 κατέϐησαν
1226 5002 1279 5051 οὶ
1309 5000 1604 5068 ὀφθαλμοί
1630 5018 1770 5068 μου.

184 5089 404 5159 Πλῆθος
438 5090 619 5158 ἠφίειν
645 5088 896 5161 δακρύων
934 5092 1058 5154 τοὺς
1094 5091 1186 5144 τὸν
1219 5090 1308 5144 σὺν
1340 5091 1775 5161 παραϐαίνοντας

181 5178 350 5249 νόμον
385 5178 727 5249 ἁποθρηνῶν.

256 5270 501 5335 Δίκαιος
532 5266 604 5333 εἴ,
637 5271 835 5339 Κύριε,
856 5271 953 5325 καὶ
988 5271 1177 5339 εὺθὴςη
1200 5273 1238 5341 ἡ
1268 5272 1466 5340 κρίσις
1492 5284 1629 5326 σου.
1663 5272 1773 5343 Τὴν

184 5364 371 5416 αἰτίαν
401 5364 725 5428 ἀποδίδωσι,
774 5364 839 5417 δι’
881 5365 940 5435 ἢν
977 5365 1302 5419 ἀπεκλαίετο
1340 5367 1462 5430 τοὺς
1501 5366 1772 5437 παραϐαί-

186 5474 382 5520 νοντας
406 5455 499 5508 τὸν
522 5456 615 5509 τοῦ
642 5456 774 5510 Θεοῦ
807 5458 967 5529 νόμον
986 5476 999 5489 ·
1036 5462 1120 5513 ὅτι
1148 5458 1344 5529 δὴιτοῖς
1373 5457 1561 5510 τοῦτον
1596 5476 1774 5529 παρα-

189 5549 471 5605 ϐαίνουσιν
504 5553 561 5604 ὲν
581 5551 657 5619 τῷ
689 5550 817 5621 θείῳ
835 5552 1168 5608 δικαστηοίω
1188 5552 1460 5610 τιμωρίαν
1487 5551 1770 5620 ἠπείλησε,

1879 4552 2094 4605 Domini
2148 4552 2445 4606 adventum
2500 4551 2684 4605 videre
2751 4558 2992 4621 exoptat.
3041 4550 3162 4621 Ipse
3208 4568 3447 4621 namque

1875 4654 1961 4698 est
2011 4644 2293 4699 character
2340 4642 2539 4698 Patris.
2612 4641 2681 4695 Et
2736 4643 2862 4696 doce
2914 4659 2994 4697 me
3032 4643 3446 4713 justiﬁcationes

1876 4748 2018 4790 tuas.
2054 4733 2265 4789 Novum
2291 4733 2703 4791 Testamentum
2731 4736 2883 4801 dicit,
2915 4750 3025 4805 quo
3061 4735 3203 4790 Deus
3246 4744 3301 4790 et
3343 4734 3449 4791 Pa-

1875 4836 1956 4880 ter
2007 4839 2103 4881 eos
2148 4825 2243 4895 qui
2283 4840 2448 4895 super
2508 4835 2709 4881 terram
2758 4834 2915 4881 erant
2960 4825 3303 4896 justiﬁcavit.

1968 5000 2598 5072 136.7Exitusaquarum
2638 5001 2969 5057 deduxerunt
3004 5004 3143 5057 oculi
3181 5006 3303 5058 mei.
3347 5002 3449 5056 Lar

1876 5108 2184 5163 crymarum
2200 5093 2311 5147 vim
2341 5092 2676 5158 emittebam,
2710 5094 2998 5163 deplorans
3025 5108 3119 5149 eos
3146 5094 3241 5164 qui
3266 5104 3448 5149 trans.

1876 5184 2229 5255 grederentur
2262 5184 2431 5254 legem
2458 5192 2632 5239 tuam.

1953 5274 2224 5338 157,158.
2254 5274 2442 5330 Justus
2464 5294 2539 5344 es,
2576 5276 2820 5344 Domine,
2865 5286 2914 5332 et
2947 5287 3145 5332 rectum
3180 5279 3447 5347 judicium

1844 5390 1848 5394 -
1882 5376 2050 5421 tuum.
2083 5365 2318 5422 Causam
2338 5368 2537 5433 reddit,
2557 5386 2657 5424 cur
2686 5370 2996 5440 deploraret
3022 5384 3120 5425 eos
3148 5369 3242 5438 qui
3273 5378 3451 5423 trans-

1881 5458 2236 5529 grederentur
2258 5460 2429 5531 legem
2472 5460 2589 5529 Dei,
2612 5461 2741 5532 quia
2772 5460 2979 5517 scilicet
3006 5474 3127 5514 eam
3170 5468 3447 5530 transgre-

1879 5550 2153 5609 dientibus
2177 5566 2366 5623 poenas
2401 5552 2536 5624 sein
2581 5553 2765 5610 divino
2796 5552 2889 5609 illo
2920 5550 3181 5607 tribunali
3206 5549 3449 5617 inﬂictu-

270 5710 313 5739 "
348 5706 511 5764 Prov.
546 5723 668 5774 xm,
697 5698 799 5763 15.
842 5710 909 5781 ηθδ
959 5725 1102 5764 vers.
1142 5709 1227 5762 72.
1306 5708 1526 5763 "Prov.
1560 5723 1681 5776 vm,
1716 5705 1802 5774 10,
1837 5706 1923 5761 11.
