3880 6216
404 314 511 374 503

1256 325 1313 378 S.
1352 323 1725 380 ATHANASII
1768 325 1918 381 OPP.
1959 327 2138 381 PARS
2173 327 2259 383 ΙΙΙ.
2302 360 2370 369 -
2411 329 2829 385 ΕΧΕΕΕΤΙΩΑ.

3558 317 3667 375 504

408 453 531 494 rum
566 439 953 505 comminatus,
985 448 1039 495 et
1064 440 1176 512 jam
1199 442 1345 513 ipsas
1368 443 1652 500 adfuturas
1677 459 1800 500 esse
1828 444 1977 500 testi-
2007 482 2017 505 λ

2113 447 2173 498 καὶ
2190 447 2394 518 ταύτην
2423 447 2672 501 ἐντεῦθεν
2690 448 2788 518 ήδη
2805 447 3225 519 διεμαρτύρατο.
3253 449 3557 504 Ἑνπεέλω
3584 450 3671 504 δι-

412 534 608 589 tlcatus
637 533 726 589 sit.
762 533 1031 589 Mandasti
1052 535 1329 604 justitiam
1378 538 1681 592 testimonia
1721 548 1844 605 tua,
1869 547 1975 593 etc.

2080 540 2415 607 καιοσύνην
2430 539 2500 592 τὰ
2505 530 2795 607 μαρτύρῖά
2822 554 2960 603 σου,
2979 556 3031 591 κ.
3053 556 3102 592 τ.
3123 538 3169 591 λ.
3190 539 3271 593 Τὰ
3302 540 3439 610 μετὰ
3467 542 3672 611 μαρτύ’

411 626 675 694 Quaenam
718 626 846 691 alia,
893 628 1128 683 testibus
1188 629 1327 685 coelo
1383 638 1438 685 et
1496 638 1662 694 terra,
1710 630 1981 685 mandasti

2115 646 2189 682 ων
2205 628 2432 700 οὐρανοῦ
2449 630 2543 681 καλ⁵
2568 629 2671 698 γῆς
2703 630 2865 683 τινῶν
2885 628 3059 684 ἄλλων
3083 630 3333 683 ἐνετείλω
3364 632 3668 702 μαρτύρια,

412 715 742 781 testimonia,
769 730 890 785 quae
913 717 1022 771 sint
1041 716 1254 787 iustitia
1287 726 1341 773 et
1365 718 1566 773 veritas
1597 718 1980 788 apertissima?

2114 720 2423 791 ικαιοσύνην
2438 719 2567 774 ὄντα
2594 722 2689 774 καὶ
2713 719 2972 791 ἀλήθειαν
2994 722 3348 792 τρανωτάτην
3369 739 3382 787 ;
3400 722 3546 774 Ἀλλ’
3571 724 3670 776 οὐκ

415 806 520 861 Sed
556 822 662 862 non
691 808 978 864 occultasti
1001 824 1086 873 ea,
1120 810 1326 865 scilicet
1377 811 1697 867 rectissima;
1728 820 1857 865 sunt
1895 811 1984 881 ju-

415 898 679 952 iliciorum
710 906 928 953 tuorum
970 902 1191 971 regulae,
1237 916 1359 971 quae
1405 910 1553 956 tuam
1604 901 1874 971 justitiam
1905 902 1982 954 si-

418 985 695 1056 gniﬁcant.
724 985 910 1058 Itaque
936 990 1251 1045 testimonia
1280 1000 1372 1045 tua
1390 999 1515 1045 sunt
1544 1005 1711 1045 sacra:
1742 990 1986 1060 Scriptu-

2080 811 2362 883 ήμαύρους
2380 829 2395 841 ’
2418 812 2586 882 ήγουν
2616 811 2902 865 εὐθύτατοι
2929 812 3039 867 τῶν
3069 812 3177 865 σῶν
3204 814 3492 884 κριμάτων
3516 816 3673 868 κανό-

2083 920 2171 967 νες
2202 904 2299 974 τὴν
2337 905 2434 976 σὴν
2467 904 2816 976 δικαιοσύνην
2851 904 3136 976 μηνύουσι.
3180 905 3261 958 Τὰ
3289 901 3383 959 οὖν
3421 906 3491 959 σὰ
3527 925 3670 977 μαρ-

2082 995 2243 1065 τύρια
2273 997 2328 1049 αί
2367 994 2507 1049 θεῖαι
2531 997 2776 1066 Γραφαί·
2809 994 3122 1067 δικαιοσύνη
3158 997 3255 1067 μὲν
3280 997 3420 1050 κατὰ
3449 998 3519 1050 τὰ
3552 996 3676 1067 ἠθι-

417 1092 513 1143 rae,
541 1093 663 1147 qua
686 1087 815 1133 sunt
870 1080 1083 1150 justitia
1129 1082 1347 1152 quidem
1410 1083 1714 1137 secundum
1758 1083 1986 1137 moralia

2113 1087 2155 1141 ιὰ
2184 1088 2507 1158 τυγχάνουσι
2532 1088 3001 1159 παραγγέλματα,
3035 1089 3261 1159 ἀλήθεια
3295 1089 3355 1143 δὲ
3389 1089 3534 1143 κατὰ
3572 1088 3673 1160 τὴν

416 1179 685 1239 praecepta
707 1210 722 1235 ,
752 1171 957 1227 vetitas
981 1180 1167 1227 autem
1214 1174 1517 1229 secundum
1560 1174 1985 1244 speculationem

417 1262 649 1317 verboru
658 1278 706 1317 m
717 1303 730 1317 .

502 1355 624 1410 139.
666 1354 947 1410 Tabescere
995 1373 1076 1411 me
1134 1358 1258 1426 fecit
1283 1360 1425 1412 zelus
1470 1368 1614 1423 tuus,
1684 1357 1808 1427 quia
1839 1357 1991 1411 obliti

418 1454 547 1499 sunt
564 1446 717 1500 verba
743 1456 834 1500 tua
866 1447 1074 1502 inimici
1105 1450 1223 1502 mei.
1257 1447 1485 1514 Qualem
1517 1449 1738 1519 suscepi
1789 1449 1986 1515 zelum,

420 1536 469 1591 si
493 1551 657 1607 quem
679 1539 918 1594 viderem
946 1541 1240 1611 aliquando
1266 1541 1562 1596 verborum
1607 1550 1827 1596 tuorum
1887 1541 1990 1595 im-

420 1642 739 1684 memorem.
773 1628 958 1701 Neque
1017 1631 1339 1701 simpliciter
1370 1632 1571 1699 zelum,
1604 1632 1696 1688 sed
1727 1632 1894 1686 talem
1928 1640 1991 1686 ut

2086 1178 2319 1251 θεωρίαν
2353 1179 2461 1233 τῶν
2486 1180 2679 1249 λόγων.

2174 1360 2444 1427 Ἐξέτηξέ
2467 1377 2544 1429 με
2577 1363 2611 1414 ὁ
2639 1358 2817 1428 ζῆλός
2844 1374 2981 1422 σου,
3025 1361 3112 1413 ὅτι
3158 1360 3525 1413 ἐπελάθοντο
3551 1358 3681 1413 τῶν

2086 1452 2283 1521 λόγων
2310 1466 2426 1504 σου
2447 1454 2500 1505 οἱ
2525 1452 2726 1520 ἐχθροί
2748 1469 2887 1520 μου.
2926 1447 3050 1504 Οἷον
3078 1450 3240 1520 ζῆλον
3270 1450 3670 1521 ἀνελάμϐανον,

2087 1543 2141 1595 εῐ
2167 1559 2293 1595 ποτε
2338 1541 2524 1611 ἐώρων
2554 1542 2676 1595 τινὰ
2708 1542 3132 1613 ἐπιλελησμένον
3164 1541 3270 1595 τῶν
3314 1541 3422 1595 σῶν
3468 1540 3672 1608 λόγων.

2089 1632 2199 1685 Καὶ
2221 1633 2320 1703 οὐχ
2348 1633 2531 1697 ἁπλῶς
2563 1633 2723 1703 ζῆλον
2743 1674 2757 1698 ,
2806 1634 2939 1687 ἀλλὰ
2970 1634 3057 1688 διὰ
3084 1634 3176 1687 τὸν
3207 1634 3422 1688 τιθέντα
3454 1651 3542 1703 μοι
3576 1634 3677 1685 ἐκ·

421 1719 754 1775 tabescerem
789 1721 857 1775 ab
876 1721 1186 1792 bujusmodi
1210 1723 1327 1777 zelo
1371 1738 1469 1791 pro
1520 1731 1575 1776 te
1621 1732 1896 1792 suscepto,
1943 1722 1991 1776 si

2113 1725 2354 1796 τήκεσθαι
2384 1727 2490 1779 ἀπὸ
2521 1725 2615 1779 τοῦ
2641 1725 2803 1797 ζήλου
2829 1726 2923 1779 τοῦ
2949 1726 3084 1796 πρὸς
3114 1728 3194 1789 σὲ,
3220 1727 3267 1779 εί
3292 1724 3563 1796 ἐθεώρουν
3591 1740 3677 1776 τι*

421 1824 564 1880 quos
592 1811 833 1866 viderem
853 1827 1166 1867 sermonum
1214 1822 1434 1868 tuorum
1469 1814 1845 1869 immemores.
1878 1812 1993 1867 Hu-

2113 1791 2187 1881 νας
2221 1791 2742 1887 ἐπιλανθανομένους
2772 1833 2865 1869 σου
2898 1791 3007 1870 τῶν
3044 1817 3236 1885 λόγων.
3298 1791 3443 1887 Περὶ.
3473 1816 3677 1869 τούτου

416 1901 512 1971 jus
538 1902 640 1957 zeli
668 1903 935 1958 recordati
972 1915 1101 1960 sunt
1124 1905 1404 1974 discipuli,
1431 1906 1498 1959 de
1520 1920 1630 1975 quo
1660 1920 1727 1960 ex
1754 1921 1993 1975 persona

422 1992 638 2048 Domini
672 1994 729 2048 in
789 1994 1001 2065 psalmo
1027 1995 1563 2061 dicitueruoniam
1618 1996 1759 2049 zelus
1808 1997 1994 2050 domus

424 2094 530 2140 tua:
545 2085 769 2138 comedit
803 2101 884 2140 me
918 2086 986 2139 ⁸⁸.

513 2175 636 2231 140.
694 2175 928 2247 Ignitum
976 2178 1237 2248 eloquium
1284 2188 1431 2232 tuum
1483 2180 1821 2234 vehementer.
1870 2177 1995 2235 Elo-

422 2267 613 2339 quium
644 2266 858 2324 Domini
901 2270 1133 2340 ignitum
1184 2280 1269 2325 est
1308 2272 1678 2335 vehementer,
1728 2272 1989 2340 sublime,

423 2361 574 2415 omni
600 2361 921 2432 probatione
942 2363 1213 2433 superius.
1268 2361 1335 2418 Et
1373 2364 1421 2419 si
1465 2365 1591 2434 quis
1626 2364 1731 2419 hoc
1764 2366 1996 2436 ignitum

422 2453 703 2522 eloquium
744 2452 963 2520 habeat,
1004 2455 1052 2508 is
1112 2454 1298 2510 omnia
1348 2454 1560 2526 iudicat
1592 2465 1647 2510 et
1683 2471 1714 2511 a
1774 2457 1994 2512 nemine

419 2542 718 2613 iudicatur.

492 2635 617 2690 141.
643 2636 1077 2690 Adolescentulus
1102 2653 1217 2690 sum
1258 2654 1350 2707 ego
1388 2648 1438 2692 et
1481 2648 1826 2708 contemptus.
1852 2638 1999 2693 Ado-

424 2727 759 2781 lescentulus
793 2726 1013 2796 quidem
1048 2738 1131 2781 est
1169 2728 1262 2796 qui
1287 2728 1486 2783 divinis
1506 2729 1740 2797 eloquiis
1762 2744 1861 2783 ceu
1884 2730 1994 2783 ele-

426 2817 627 2873 mentis
653 2818 899 2873 initiatur
919 2859 934 2884 ,
969 2804 1315 2888 contemptus
1370 2828 1553 2875 autem
1583 2820 1714 2890 quia
1745 2836 1866 2876 sese
1895 2820 1997 2874 hu-

426 2910 622 2965 miliat.

505 3002 630 3058 142.
654 3000 881 3058 Iustitia
913 3012 1003 3056 tua
1021 3004 1241 3072 justitia
1270 3004 1325 3056 in
1350 3012 1631 3057 ceternum.
1666 2999 1801 3055 Nam
1830 3002 1996 3071 justi-

427 3091 505 3148 tia
534 3093 819 3147 hominum
852 3095 944 3162 qui
968 3092 1117 3162 juste
1144 3092 1415 3163 iudicant,
1448 3093 1515 3146 ad
1575 3092 1740 3147 breve
1783 3102 1997 3161 tempus

423 3184 695 3253 judicium
721 3183 867 3249 fert,
912 3183 1125 3253 justitia
1152 3193 1330 3239 autem
1366 3184 1457 3239 Dei
1503 3183 1773 3254 judicium
1823 3184 1999 3238 reddit

428 3284 635 3331 aeternu
644 3292 691 3329 m
702 3316 715 3328 .

521 3365 640 3418 M3.
677 3364 1066 3418 Tribulationcs
1089 3372 1139 3417 et
1172 3366 1432 3434 angustia:
1453 3366 1755 3418 invenerunt
1810 3381 1909 3418 me.
1938 3364 1999 3419 in

429 3457 769 3527 quibuslibet
804 3456 1211 3535 occasionibus,
1236 3458 1333 3524 ait,
1371 3456 1505 3527 legis
1528 3467 1635 3511 tuae
1689 3455 2002 3511 meditatio-

431 3562 558 3602 nem
590 3560 698 3600 non
732 3538 1111 3616 neglexerunt.

517 3638 640 3691 144.
675 3634 928 3707 ιΕᾳιιὶιαδ
961 3639 1262 3691 testimonia
1315 3648 1411 3691 tua
1456 3638 1513 3690 in
1560 3646 1835 3691 aeternum.
1871 3636 2003 3703 Quae

431 3731 629 3786 dedisti
659 3730 792 3784 mihi
824 3731 1157 3792 testimonia,
1189 3731 1387 3800 inquit,
1422 3746 1530 3784 non
1561 3731 1627 3785 ad
1678 3733 1841 3785 breve
1874 3738 2004 3785 tem-

431 3838 535 3893 pus
565 3822 740 3886 utilia,
761 3822 975 3891 justitia
1008 3833 1135 3878 sunt
1161 3824 1213 3875 in
1233 3834 1518 3885 aeternum,
1547 3837 1672 3875 nam
1704 3820 2004 3891 justilicant

430 3928 555 3967 eum
580 3914 675 3982 qui
692 3913 887 3968 affectu
921 3910 987 3968 ad
1015 3914 1131 3983 ipsa
1154 3912 1383 3969 accedit.
1405 3911 1735 3966 Intellectum
1758 3913 1827 3965 da
1852 3913 2001 3977 mihi,

430 4015 479 4060 et
502 4006 710 4075 vivifica
730 4022 830 4059 me.
849 4004 985 4059 Nam
1004 4005 1218 4075 justitia
1236 4021 1397 4075 quam
1418 4004 1472 4058 in
1491 4004 1745 4073 praesenti
1761 4014 2004 4073 tempore

430 4116 771 4167 exercemus,
800 4100 1124 4156 retribuitur
1150 4100 1327 4163 nobis,
1366 4114 1476 4152 non
1503 4097 1572 4151 ad
1630 4112 1835 4167 paucos
1863 4097 2002 4162 dies,

432 4194 528 4249 sed
558 4193 612 4247 in
647 4202 933 4247 aeternum.
969 4192 1074 4245 Sed
1114 4191 1318 4255 vivam,
1360 4188 1558 4259 inquit,
1589 4189 1635 4243 si
1667 4188 2002 4242 intellectum

431 4285 646 4341 dederis
674 4285 831 4339 mihi.
858 4285 914 4339 In
951 4282 1096 4337 illam
1126 4284 1272 4337 enim
1307 4282 1519 4335 beatam
1548 4281 1713 4333 vitam
1745 4279 2005 4349 insipiens

433 4390 545 4429 non
577 4374 897 4444 ingreditur.
932 4370 1265 4427 Postulanda
1296 4371 1461 4441 igitur
1508 4370 1868 4438 intelligentia
1923 4376 2008 4424 est

2091 1907 2185 1961 τοῦ
2218 1908 2380 1980 ζήλου
2410 1908 2757 1979 ἐμνήσθησαν
2786 1909 2836 1960 οἱ
2867 1908 3137 1979 μαθηταὶ,
3171 1910 3234 1961 ἐκ
3262 1908 3553 1979 προσώπου
3574 1908 3677 1960 τοῦ

2092 2001 2297 2071 Κυρίου
2333 2002 2390 2054 ἐν
2414 1999 2613 2071 ψαλμῷ
2640 2000 2950 2072 είρημένου.
3007 2001 3136 2053 Ὀτι
3174 2003 3206 2053 ό
3236 1999 3412 2067 ζῆλος
3444 1998 3553 2053 τοῦ
3587 1999 3678 2051 οι-

2094 2110 2201 2146 κου
2227 2108 2343 2146 σου
2377 2092 2668 2162 κατέφαγέ
2688 2110 2785 2161 με.

2162 2184 2596 2254 Πεπυρωμένον
2621 2185 2687 2238 τὸ
2716 2186 2925 2255 λόγιόν
2952 2200 3068 2237 σου
3106 2183 3361 2252 σφόδρα.
3394 2184 3467 2235 Τὸ
3494 2183 3679 2251 λόγιον

2092 2276 2186 2329 τοῦ
2215 2276 2349 2329 Θεοῦ
2381 2276 2776 2347 πεπυρωμένον
2808 2278 2922 2329 ἐστὶ
2952 2275 3154 2346 σφόδρα
3184 2275 3277 2327 καὶ
3296 2275 3679 2344 ἐξιστάμενον,

2094 2371 2187 2422 καὶ
2213 2369 2363 2441 πάσῃ
2397 2368 2612 2438 βασάνῳ
2638 2368 2978 2436 ἀνέλεγκτον.
3028 2368 3137 2420 Καὶ
3164 2365 3218 2418 εἴ
3238 2384 3321 2428 τις
3354 2364 3466 2434 ἔχει
3494 2382 3677 2417 πεπυ-

2096 2460 2338 2531 ρωμένον
2358 2459 2516 2513 τοῦτο
2542 2460 2603 2513 τὸ
2618 2459 2814 2527 λόγιον,
2848 2459 3127 2531 ἀνακρίνει
3159 2458 3259 2528 μὲν
3292 2457 3489 2520 πάντα,
3513 2458 3679 2520 αὐτὸς

2094 2552 2149 2607 δὲ
2177 2553 2268 2604 ὑπ’
2293 2552 2503 2616 οὐδενὸς
2527 2552 2900 2624 ἀνακρίνεται.

2164 2644 2457 2714 Νεώτερος
2484 2644 2595 2714 ἐγώ
2613 2647 2729 2713 είμι
2748 2645 2845 2697 καί
2871 2642 3366 2711 ἐξουδενωμένος,
3393 2638 3680 2709 Νεὼτερος

2101 2736 2195 2806 μὲν
2220 2738 2247 2789 ὁ
2275 2739 2390 2799 τοῖς
2420 2735 2585 2799 θείοις
2609 2735 2791 2803 λόγοις
2826 2733 3280 2804 στοιχειούμενος,
3311 2732 3677 2801 ἐξουδενωμέι

2097 2844 2184 2890 νος
2210 2826 2267 2879 δὲ
2300 2826 2387 2880 διὰ
2408 2826 2467 2879 τὸ
2495 2826 2781 2880 ταπεινοῦν
2810 2827 3021 2880 ἑαυτόν.

2179 3000 2242 3055 Ἡ
2271 2997 2621 3064 δικαιοσύνη
2654 3010 2770 3049 σου
2812 2993 3164 3060 δικαιοσύνη
3196 2994 3284 3057 εὶς
3330 2991 3436 3045 τὸν
3466 2990 3678 3043 αἰῶνα.

2111 3090 2175 3143 Ἡ
2211 3089 2309 3159 μὲν
2360 3088 2466 3159 γὰρ
2513 3089 2642 3157 παρ’
2670 3083 2975 3155 ἀνθρώποις
3003 3080 3315 3150 δικαιοσύνη
3340 3080 3475 3150 πρὸς
3496 3080 3682 3147 ὀλίγον

2101 3179 2392 3251 ψηφίζεται
2418 3178 2607 3250 χρόνον
2632 3176 2710 3246 τῷ
2742 3175 3045 3247 κρινομένῳ
3075 3172 3136 3225 τὸ
3163 3173 3399 3233 δίκαιον,
3428 3172 3462 3240 ή
3497 3171 3557 3224 δὲ
3579 3170 3679 3223 τοῦ

2102 3273 2235 3327 Θεοῦ
2262 3274 2360 3343 τὴν
2388 3272 2565 3343 κρίσιν
2595 3268 2809 3322 αἰώνιον
2836 3266 3179 3319 ἀποδίδωσιν.

2175 3366 2421 3433 saturem
2446 3362 2545 3417 καὶ
2580 3359 2831 3431 ἀνάγκαι
2857 3356 3118 3426 εὗροσάν
3152 3373 3248 3425 με.
3303 3353 3440 3408 Οὐδὲ
3471 3354 3531 3406 ἐν
3556 3354 3682 3416 ταῖς

2104 3457 2489 3529 περιστάσεσι,
2545 3454 2679 3527 φησὶ
2702 3493 2717 3517 ,
2764 3450 2859 3506 τοῦ
2881 3450 2971 3504 τὸν
3004 3449 3094 3502 σὸν
3120 3448 3351 3516 μελετᾷν
3395 3444 3683 3515 ἠμέλησαν

2102 3551 2283 3622 νόμον.

2172 3638 2532 3705 Δικαιοσύνη
2572 3635 2645 3690 τὰ
2681 3630 2975 3704 μαρτύριά
3022 3648 3137 3685 σου
3185 3632 3272 3694 εἰς
3317 3627 3423 3681 τὸν
3467 3625 3681 3679 αἰῶνα.

2108 3732 2176 3784 Ἀ
2206 3729 2442 3791 δέδωκάς
2475 3744 2586 3799 μοι,
2626 3724 2779 3796 φησὶ,
2816 3722 3108 3794 μαρτύρια,
3140 3720 3200 3774 οὐ
3228 3719 3363 3791 πρὸς
3385 3716 3565 3785 ὀλίγον
3594 3716 3686 3768 ὅν-

2101 3838 2169 3876 τα
2198 3819 2472 3889 ὠφέλιμα,
2500 3814 2813 3884 δικαιοσύνη
2846 3815 2926 3876 είς
2972 3812 3062 3866 τὸν
3110 3811 3279 3865 αἰῶνα
3315 3810 3685 3878 τυγχάνουσι,

2102 3911 2417 3966 δικαιοῦντα
2444 3909 2535 3963 τὸν
2559 3907 2796 3962 διαθέσει
2824 3903 3207 3973 συνεγγίζοντα
3242 3904 3446 3964 αὐτοῖς.
3526 3904 3687 3955 Συν-

2102 4005 2308 4061 ἐτισόν
2326 4021 2434 4073 με,
2471 4001 2569 4055 καὶ
2604 3999 2788 4068 ζῆσόν
2810 4016 2905 4068 με.
2964 3996 3065 4049 Ἢν
3109 3996 3214 4067 γὰρ
3261 3992 3538 4063 ἀσκοῦμεν
3588 3991 3689 4043 ἐπὶ

2102 4094 2193 4149 τοῦ
2229 4093 2492 4165 παρόντος
2520 4088 2862 4159 δικαιοσύνην
2893 4084 3199 4141 ἀποδίδοται
3235 4085 3334 4137 οὐκ
3370 4085 3425 4135 ὲν
3472 4082 3689 4149 ὀλίγαις

2104 4186 2341 4259 ἡμέραις
2371 4184 2531 4255 ἡμῶν
2555 4224 2570 4248 ,
2605 4182 2719 4236 ἀλλ’
2753 4183 2833 4246 είς
2858 4182 2949 4233 τὸν
2974 4179 3163 4233 αἰῶνα.
3207 4175 3364 4228 Ἀλλὰ
3398 4175 3493 4226 καὶ
3522 4172 3690 4244 ζήσο-

2109 4292 2206 4345 μαι
2226 4313 2241 4338 ,
2271 4273 2434 4341 φησιν
2458 4313 2472 4337 ,
2514 4271 2607 4325 ἐάν
2639 4288 2705 4341 με
2740 4270 3023 4341 συνετίσῃς
3042 4285 3057 4301 ο
3089 4270 3168 4329 εἰς
3199 4266 3410 4334 ἐκείνην
3438 4264 3551 4334 γὰρ
3585 4263 3690 4333 τὴν

2108 4367 2385 4439 μακαρίαν
2416 4363 2560 4435 ζωὴν
2585 4362 2806 4431 ἀνόητος
2826 4362 2925 4413 οὐκ
2949 4359 3269 4428 εἰσέρχεται.
3306 4354 3566 4425 Αἰτητέον
3591 4350 3690 4408 οὖν

432 4466 502 4521 ab
536 4481 602 4521 eo
625 4464 718 4535 qui
753 4465 846 4519 dat
875 4465 1131 4519 omnibus
1160 4472 1273 4518 toto
1325 4462 1508 4517 animo
1570 4461 1999 4533 postulantibus.

2113 4458 2323 4511 σύνεσιν
2360 4455 2511 4527 παρὰ
2545 4453 2639 4506 τοῦ
2668 4452 2899 4515 διδόντος
2931 4454 3063 4505 πᾶσι
3094 4452 3206 4512 τοῖς
3239 4447 3297 4513 ἐξ
3333 4447 3461 4518 ὅλης
3503 4447 3691 4517 ψυχῆς

505 4644 631 4711 M5,
675 4642 798 4697 146.
848 4641 1091 4698 Clamavi
1133 4641 1188 4694 in
1217 4649 1325 4693 toto
1367 4639 1523 4693 corde
1571 4654 1706 4693 meo.
1779 4636 1963 4692 Primo
1991 4655 2009 4692 :

433 4733 676 4788 Clamavi
715 4734 768 4785 in
812 4741 921 4786 toto
972 4732 1127 4784 corde
1176 4745 1309 4796 meo,
1360 4728 1557 4783 exaudi
1604 4744 1708 4792 me,
1741 4726 2007 4781 Domine:

426 4823 839 4894 justiﬁcationes
874 4832 993 4876 tuas
1028 4821 1311 4891 requiram.
1340 4817 1592 4875 Secundo
1622 4838 1636 4874 :
1668 4818 1908 4873 Clamavi
1940 4818 2008 4871 ad

437 4926 505 4981 te,
544 4913 748 4968 salvum
786 4930 863 4967 me
907 4914 1012 4984 fac.
1052 4911 1188 4967 Nam
1230 4912 1375 4981 quod
1408 4911 1669 4981 loquebar
1706 4912 2007 4965 secundum

434 5006 766 5078 praecipuam
810 5004 977 5059 animi
1026 5012 1255 5073 partem,
1302 5000 1439 5078 nihil
1493 5000 1641 5055 aliud
1678 5009 1797 5054 erat
1842 5014 2006 5069 quam

437 5097 602 5151 Deus.
641 5094 835 5164 Magna
884 5094 1047 5163 igitur
1089 5106 1221 5145 voce
1250 5100 1300 5145 te
1334 5090 1617 5156 invocans,
1650 5103 1844 5157 magna
1876 5102 2009 5142 voce

438 5187 696 5258 promitto
724 5202 812 5241 me
838 5197 927 5240 tua
956 5194 1219 5254 praecepta
1250 5182 1685 5238 observaturum.

509 5280 632 5335 H7.
670 5278 913 5333 Prteveni
945 5279 998 5330 in
1031 5276 1338 5331 maturitate
1368 5282 1417 5328 et
1447 5273 1695 5327 clamavi.
1726 5271 2008 5326 Maturita—

435 5380 543 5424 tem
580 5371 670 5425 hic
711 5378 870 5424 vocat
914 5367 1185 5431 tenebras,
1217 5366 1332 5422 sive
1371 5380 1552 5420 rerum
1596 5362 2002 5419 confusionem.

434 5462 563 5519 Haec
591 5470 771 5517 autem
793 5461 906 5516 ait:
959 5458 1185 5515 Etiamsi
1237 5458 1470 5528 improbi
1518 5472 1643 5512 cum
1684 5455 2006 5511 confusione

435 5555 615 5608 omnia
639 5562 876 5624 agerent,
921 5552 1091 5606 multa
1132 5553 1186 5607 in
1227 5561 1320 5607 tua
1353 5551 1470 5620 lege
1498 5548 1753 5604 incedens
1780 5563 2001 5612 perace-

436 5647 582 5701 bam.

508 5761 555 5792 “
581 5759 721 5814 Psal.
750 5776 935 5823 vam,
975 5760 1056 5815 l0.

2106 4550 2350 4606 αἰτοῦσιν
2379 4547 2560 4601 αὐτόν.

2190 4638 2511 4709 Ἐκέκραξα
2529 4639 2598 4691 ἐν
2628 4636 2743 4706 ὅλῃ
2776 4635 2990 4704 καρδίᾳ
3016 4651 3159 4704 μου.
3190 4631 3489 4704 Πρότερον-
3527 4632 3694 4686 Ἐχέ-

2105 4732 2295 4803 κραξα
2320 4732 2391 4785 ὲν
2416 4731 2531 4798 ὅλῃ
2555 4728 2768 4797 καρδίᾳ
2783 4746 2923 4797 μου,
2946 4725 3415 4791 ἐπάκουσόνμου
3432 4762 3446 4785 ,
3469 4724 3651 4791 Κύριε
3671 4741 3689 4754 ο

2104 4826 2178 4879 τὰ
2206 4820 2563 4891 δικαιώματά
2590 4837 2706 4875 σου
2725 4817 3048 4885 ἑκζητήσω.
3087 4814 3349 4883 Δεύτερον
3369 4830 3381 4843 ’
3418 4814 3694 4882 Ἐχέκρα-

2105 4914 2183 4981 Ed
2209 4929 2307 4968 σοι
2326 4954 2340 4978 ,
2371 4912 2577 4967 σῶσόν
2599 4928 2694 4982 με.
2751 4912 2816 4964 Ὃ
2841 4908 2949 4979 γὰρ
2983 4906 3205 4961 ἐλάλουν
3231 4905 3369 4958 κατὰ
3392 4905 3453 4956 τὸ
3475 4905 3577 4975 ήγε
3588 4921 3691 4975 μο-

2104 5006 2274 5070 νικὸν,
2302 5005 2402 5058 οὐκ
2426 5003 2552 5058 ἄλλο
2582 5021 2635 5056 τι
2667 4998 2736 5074 ἦν
2761 5001 2794 5072 ἢ
2828 5004 2856 5054 ὁ
2883 5000 3034 5063 Θεός.
3086 4996 3353 5066 Μεγάλως
3377 4992 3470 5048 οὖν
3496 5011 3555 5047 σε
3583 5012 3689 5047 κα-

2104 5099 2265 5161 λέσας
2285 5139 2298 5163 ,
2330 5096 2579 5167 μεγάλως
2614 5093 3018 5164 ἐπαγγέλλομαι
3066 5091 3228 5160 τὰ-σὰ
3274 5088 3508 5158 φυλάξαι
3540 5104 3689 5157 μαρ-

2104 5208 2284 5243 τυοια.

2174 5208 2529 5349 ῗίέοέφθασα
2579 5278 2648 5331 ἐν
2693 5277 2875 5345 ἁωρίᾳ
2909 5273 3009 5327 καὶ
3062 5269 3377 5341 ἐκέκραξα.
3447 5267 3652 5338 Ἀωρία

2104 5373 2194 5426 τὸν
2224 5372 2431 5435 σκότον,
2468 5372 2582 5441 ἦτοι
2606 5369 2703 5440 τήν
2733 5368 2992 5438 σύγχυσιν
3036 5366 3145 5418 τῶν
3191 5362 3534 5435 πραγμάτων
3579 5376 3690 5431 φη-

2107 5465 2178 5517 σί.
2229 5463 2415 5519 Ταῦτα
2441 5463 2499 5517 δὲ
2531 5462 2705 5529 λέγει·
2740 5459 2932 5514 Καίτοι
2961 5457 3071 5511 τῶν
3101 5455 3432 5529 παρανόμων
3462 5454 3523 5506 ἐν
3552 5469 3689 5519 συγ·

2104 5555 2258 5626 χύσει
2290 5554 2463 5610 πάντα
2494 5553 2806 5615 ποιούντων,
2840 5549 3010 5604 πολλὰ
3042 5551 3099 5604 ὲν
3126 5548 3204 5618 τῷ
3231 5547 3308 5617 σῷ
3339 5546 3488 5616 νόμῳ
3509 5544 3692 5598 ἐστοια

2102 5664 2253 5717 χουν.
