  <div class='ocr_page' id='page_1' title='image "/cluster/home/n/w/nwhite01/storage/ocr_20150623/27/nnc1.0046978631/266.png"; bbox 0 0 3880 6216; ppageno 0'>
   <div class='ocr_carea' id='block_1_1' title="bbox 228 310 336 369">
    <p class='ocr_par' dir='ltr' id='par_1_1' title="bbox 228 310 336 369">
     <span class='ocr_line' id='line_1_1' title="bbox 228 310 336 369; baseline -0.046 0"><span class='ocrx_word' id='word_1_1' title='bbox 228 310 336 369; x_wconf 79' lang='grc'><strong>505</strong></span> 
     </span>
    </p>
   </div>
   <div class='ocr_carea' id='block_1_2' title="bbox 1277 297 2401 357">
    <p class='ocr_par' dir='ltr' id='par_1_2' title="bbox 1277 297 2401 357">
     <span class='ocr_line' id='line_1_2' title="bbox 1277 297 2401 357; baseline -0.004 -2"><span class='ocrx_word' id='word_1_2' title='bbox 1277 301 1654 357; x_wconf 69' lang='lat' dir='ltr'><strong>EXPOSITIO</strong></span> <span class='ocrx_word' id='word_1_3' title='bbox 1693 298 1758 355; x_wconf 84' lang='lat' dir='ltr'><strong>IN</strong></span> <span class='ocrx_word' id='word_1_4' title='bbox 1800 298 2133 355; x_wconf 80' lang='lat' dir='ltr'><strong>PSALMUM</strong></span> <span class='ocrx_word' id='word_1_5' title='bbox 2170 297 2401 354; x_wconf 78' lang='lat' dir='ltr'><strong>CXVIII.</strong></span> 
     </span>
    </p>
   </div>
   <div class='ocr_carea' id='block_1_3' title="bbox 3380 294 3482 361">
    <p class='ocr_par' dir='ltr' id='par_1_3' title="bbox 3380 294 3482 361">
     <span class='ocr_line' id='line_1_3' title="bbox 3380 294 3482 361; baseline 0 0"><span class='ocrx_word' id='word_1_6' title='bbox 3380 294 3482 361; x_wconf 75' lang='lat'><strong>506</strong></span> 
     </span>
    </p>
   </div>
   <div class='ocr_carea' id='block_1_4' title="bbox 298 412 1792 496">
    <p class='ocr_par' dir='ltr' id='par_1_4' title="bbox 298 418 1792 496">
     <span class='ocr_line' id='line_1_4' title="bbox 298 418 1792 496; baseline -0.009 -14"><span class='ocrx_word' id='word_1_7' title='bbox 298 428 726 496; x_wconf 74' lang='grc' dir='ltr'>Προσήγγισαν</span> <span class='ocrx_word' id='word_1_8' title='bbox 750 424 801 475; x_wconf 88' lang='grc' dir='ltr'>οἱ</span> <span class='ocrx_word' id='word_1_9' title='bbox 829 418 1292 486; x_wconf 70' lang='grc' dir='ltr'>καταδιώκοντες</span> <span class='ocrx_word' id='word_1_10' title='bbox 1312 437 1388 488; x_wconf 81' lang='grc' dir='ltr'><strong>με</strong></span> <span class='ocrx_word' id='word_1_11' title='bbox 1409 419 1644 487; x_wconf 79' lang='grc' dir='ltr'>ἀνομίᾳ.</span> <span class='ocrx_word' id='word_1_12' title='bbox 1670 419 1792 469; x_wconf 83' lang='grc' dir='ltr'>Συν-</span> 
     </span>
    </p>
   </div>
   <div class='ocr_carea' id='block_1_5' title="bbox 1917 412 3482 496">
    <p class='ocr_par' dir='ltr' id='par_1_5' title="bbox 1974 412 3482 485">
     <span class='ocr_line' id='line_1_5' title="bbox 1974 412 3482 485; baseline -0.003 -15"><span class='ocrx_word' id='word_1_13' title='bbox 1974 415 2096 470; x_wconf 88' lang='grc'>150.</span> <span class='ocrx_word' id='word_1_14' title='bbox 2127 416 2686 485; x_wconf 82' lang='lat' dir='ltr'><strong>Appropinquaverunt</strong></span> <span class='ocrx_word' id='word_1_15' title='bbox 2703 421 3064 483; x_wconf 74' lang='lat' dir='ltr'><strong>persequentes</strong></span> <span class='ocrx_word' id='word_1_16' title='bbox 3087 428 3166 466; x_wconf 90' lang='lat' dir='ltr'><strong>me</strong></span> <span class='ocrx_word' id='word_1_17' title='bbox 3187 412 3482 480; x_wconf 87' lang='lat' dir='ltr'><strong>iniquitati.</strong></span> 
     </span>
    </p>
   </div>
   <div class='ocr_carea' id='block_1_6' title="bbox 225 509 1807 595">
    <p class='ocr_par' dir='ltr' id='par_1_6' title="bbox 225 509 1807 595">
     <span class='ocr_line' id='line_1_6' title="bbox 225 509 1807 595; baseline -0.011 -18"><span class='ocrx_word' id='word_1_18' title='bbox 225 525 372 595; x_wconf 66' lang='grc' dir='ltr'>ἧψαν</span> <span class='ocrx_word' id='word_1_19' title='bbox 426 524 476 574; x_wconf 81' lang='lat' dir='ltr'><strong>oi</strong></span> <span class='ocrx_word' id='word_1_20' title='bbox 511 515 873 588; x_wconf 74' lang='grc' dir='ltr'>πολεμοῦντες</span> <span class='ocrx_word' id='word_1_21' title='bbox 926 531 992 584; x_wconf 91' lang='grc' dir='ltr'><strong>με</strong></span> <span class='ocrx_word' id='word_1_22' title='bbox 1035 515 1098 584; x_wconf 82' lang='grc' dir='ltr'>τῇ</span> <span class='ocrx_word' id='word_1_23' title='bbox 1151 512 1376 583; x_wconf 78' lang='grc' dir='ltr'><strong>ἀνομίᾳ,</strong></span> <span class='ocrx_word' id='word_1_24' title='bbox 1426 511 1606 581; x_wconf 75' lang='grc' dir='ltr'>φησίν.</span> <span class='ocrx_word' id='word_1_25' title='bbox 1673 509 1807 561; x_wconf 80' lang='grc' dir='ltr'><strong>υύδέ</strong></span> 
     </span>
    </p>
   </div>
   <div class='ocr_carea' id='block_1_7' title="bbox 224 601 1808 686">
    <p class='ocr_par' dir='ltr' id='par_1_7' title="bbox 224 601 1808 686">
     <span class='ocr_line' id='line_1_7' title="bbox 224 601 1808 686; baseline -0.011 -16"><span class='ocrx_word' id='word_1_26' title='bbox 224 615 337 686; x_wconf 83' lang='grc' dir='ltr'>γάρ</span> <span class='ocrx_word' id='word_1_27' title='bbox 366 631 452 676; x_wconf 80' lang='grc' dir='ltr'><strong>τις</strong></span> <span class='ocrx_word' id='word_1_28' title='bbox 483 612 670 665; x_wconf 77' lang='grc' dir='ltr'><strong>διώκει</strong></span> <span class='ocrx_word' id='word_1_29' title='bbox 699 610 791 662; x_wconf 75' lang='grc' dir='ltr'>τὸν</span> <span class='ocrx_word' id='word_1_30' title='bbox 837 608 1044 660; x_wconf 86' lang='grc' dir='ltr'>δίκαιον</span> <span class='ocrx_word' id='word_1_31' title='bbox 1082 605 1156 676; x_wconf 82' lang='grc' dir='ltr'>μὴ</span> <span class='ocrx_word' id='word_1_32' title='bbox 1185 603 1383 674; x_wconf 74' lang='grc' dir='ltr'>ἀνομία</span> <span class='ocrx_word' id='word_1_33' title='bbox 1424 605 1660 655; x_wconf 75' lang='grc' dir='ltr'>συνεῖναι</span> <span class='ocrx_word' id='word_1_34' title='bbox 1691 601 1808 670; x_wconf 77' lang='grc' dir='ltr'>βου·</span> 
     </span>
    </p>
   </div>
   <div class='ocr_carea' id='block_1_8' title="bbox 223 704 474 775">
    <p class='ocr_par' dir='ltr' id='par_1_8' title="bbox 223 704 474 775">
     <span class='ocr_line' id='line_1_8' title="bbox 223 704 474 775; baseline -0.008 -16"><span class='ocrx_word' id='word_1_35' title='bbox 223 704 474 775; x_wconf 74' lang='grc' dir='ltr'>λόμενος.</span> 
     </span>
    </p>
   </div>
   <div class='ocr_carea' id='block_1_9' title="bbox 311 783 1803 864">
    <p class='ocr_par' dir='ltr' id='par_1_9' title="bbox 311 783 1803 864">
     <span class='ocr_line' id='line_1_9' title="bbox 311 783 1803 864; baseline -0.009 -17"><span class='ocrx_word' id='word_1_36' title='bbox 311 793 518 864; x_wconf 70' lang='grc' dir='ltr'>Έγτὺς</span> <span class='ocrx_word' id='word_1_37' title='bbox 567 787 626 844; x_wconf 79' lang='grc' dir='ltr'>εἴ</span> <span class='ocrx_word' id='word_1_38' title='bbox 667 790 778 853; x_wconf 84' lang='grc' dir='ltr'>σὺ,</span> <span class='ocrx_word' id='word_1_39' title='bbox 834 789 1032 855; x_wconf 80' lang='grc' dir='ltr'>Κύριε.</span> <span class='ocrx_word' id='word_1_40' title='bbox 1123 787 1180 838; x_wconf 90' lang='grc' dir='ltr'><strong>Ὀ</strong></span> <span class='ocrx_word' id='word_1_41' title='bbox 1207 785 1338 848; x_wconf 79' lang='grc' dir='ltr'>Θεὸς</span> <span class='ocrx_word' id='word_1_42' title='bbox 1370 783 1601 854; x_wconf 78' lang='grc' dir='ltr'><strong>ἀλλαχοῦ</strong></span> <span class='ocrx_word' id='word_1_43' title='bbox 1637 796 1803 852; x_wconf 84' lang='grc' dir='ltr'>φησι·</span> 
     </span>
    </p>
   </div>
   <div class='ocr_carea' id='block_1_10' title="bbox 225 873 1805 952">
    <p class='ocr_par' dir='ltr' id='par_1_10' title="bbox 225 873 1805 952">
     <span class='ocr_line' id='line_1_10' title="bbox 225 873 1805 952; baseline -0.011 -12"><span class='ocrx_word' id='word_1_44' title='bbox 225 884 373 950; x_wconf 81' lang='grc' dir='ltr'>Θεὸς</span> <span class='ocrx_word' id='word_1_45' title='bbox 399 879 640 952; x_wconf 73' lang='grc' dir='ltr'>ὲγτίζων</span> <span class='ocrx_word' id='word_1_46' title='bbox 668 878 782 948; x_wconf 74' lang='grc' dir='ltr'><strong>ἐγώ</strong></span> <span class='ocrx_word' id='word_1_47' title='bbox 808 880 954 946; x_wconf 76' lang='grc' dir='ltr'>εἰμι,</span> <span class='ocrx_word' id='word_1_48' title='bbox 1001 876 1097 930; x_wconf 77' lang='grc' dir='ltr'>καὶ</span> <span class='ocrx_word' id='word_1_49' title='bbox 1125 877 1258 945; x_wconf 75' lang='grc' dir='ltr'><strong>οὐχὶ</strong></span> <span class='ocrx_word' id='word_1_50' title='bbox 1297 873 1440 939; x_wconf 86' lang='grc' dir='ltr'><strong>Θεὸς</strong></span> <span class='ocrx_word' id='word_1_51' title='bbox 1484 873 1805 940; x_wconf 78' lang='grc' dir='ltr'>πόρρωθεν,</span> 
     </span>
    </p>
   </div>
   <div class='ocr_carea' id='block_1_11' title="bbox 219 961 1804 1046">
    <p class='ocr_par' dir='ltr' id='par_1_11' title="bbox 219 961 1804 1046">
     <span class='ocr_line' id='line_1_11' title="bbox 219 961 1804 1046; baseline -0.012 -13"><span class='ocrx_word' id='word_1_52' title='bbox 219 974 389 1046; x_wconf 69' lang='grc' dir='ltr'>λέγει</span> <span class='ocrx_word' id='word_1_53' title='bbox 416 975 650 1041; x_wconf 85' lang='grc' dir='ltr'>Κύριος.</span> <span class='ocrx_word' id='word_1_54' title='bbox 717 972 778 1027; x_wconf 86' lang='grc' dir='ltr'><strong>Ἦ</strong></span> <span class='ocrx_word' id='word_1_55' title='bbox 810 969 1038 1040; x_wconf 83' lang='grc' dir='ltr'>δύναμις</span> <span class='ocrx_word' id='word_1_56' title='bbox 1084 968 1192 1038; x_wconf 84' lang='grc' dir='ltr'>γὰρ</span> <span class='ocrx_word' id='word_1_57' title='bbox 1234 966 1325 1021; x_wconf 82' lang='grc' dir='ltr'>τοῦ</span> <span class='ocrx_word' id='word_1_58' title='bbox 1358 963 1495 1018; x_wconf 82' lang='grc' dir='ltr'>Θεοῦ</span> <span class='ocrx_word' id='word_1_59' title='bbox 1526 961 1804 1032; x_wconf 86' lang='grc' dir='ltr'>πανταχοῦ</span> 
     </span>
    </p>
   </div>
   <div class='ocr_carea' id='block_1_12' title="bbox 222 1052 1805 1130">
    <p class='ocr_par' dir='ltr' id='par_1_12' title="bbox 222 1052 1805 1130">
     <span class='ocr_line' id='line_1_12' title="bbox 222 1052 1805 1130; baseline -0.008 -11"><span class='ocrx_word' id='word_1_60' title='bbox 222 1066 344 1119; x_wconf 70' lang='grc' dir='ltr'>ἐστι</span> <span class='ocrx_word' id='word_1_61' title='bbox 364 1105 379 1128; x_wconf 86' lang='grc'><strong>,</strong></span> <span class='ocrx_word' id='word_1_62' title='bbox 411 1064 552 1116; x_wconf 86' lang='grc' dir='ltr'>κατὰ</span> <span class='ocrx_word' id='word_1_63' title='bbox 579 1063 670 1115; x_wconf 91' lang='grc' dir='ltr'><strong>τὸν</strong></span> <span class='ocrx_word' id='word_1_64' title='bbox 706 1060 804 1130; x_wconf 83' lang='grc' dir='ltr'>τῆς</span> <span class='ocrx_word' id='word_1_65' title='bbox 835 1057 1196 1130; x_wconf 75' lang='grc' dir='ltr'><strong>δημιουργίας</strong></span> <span class='ocrx_word' id='word_1_66' title='bbox 1220 1057 1314 1109; x_wconf 77' lang='grc' dir='ltr'><strong>καὶ</strong></span> <span class='ocrx_word' id='word_1_67' title='bbox 1341 1055 1598 1127; x_wconf 79' lang='grc' dir='ltr'><strong>προνοίας</strong></span> <span class='ocrx_word' id='word_1_68' title='bbox 1626 1052 1805 1120; x_wconf 88' lang='grc' dir='ltr'>λόγον.</span> 
     </span>
    </p>
   </div>
   <div class='ocr_carea' id='block_1_13' title="bbox 296 1143 1808 1225">
    <p class='ocr_par' dir='ltr' id='par_1_13' title="bbox 296 1143 1808 1225">
     <span class='ocr_line' id='line_1_13' title="bbox 296 1143 1808 1225; baseline -0.007 -17"><span class='ocrx_word' id='word_1_69' title='bbox 296 1155 519 1225; x_wconf 83' lang='grc' dir='ltr'>Κρῒνον</span> <span class='ocrx_word' id='word_1_70' title='bbox 555 1154 670 1221; x_wconf 80' lang='grc' dir='ltr'>τὴν</span> <span class='ocrx_word' id='word_1_71' title='bbox 703 1153 906 1220; x_wconf 78' lang='grc' dir='ltr'>κρίσιν</span> <span class='ocrx_word' id='word_1_72' title='bbox 928 1167 1046 1220; x_wconf 84' lang='grc' dir='ltr'><strong>μου</strong></span> <span class='ocrx_word' id='word_1_73' title='bbox 1071 1191 1085 1214; x_wconf 92' lang='grc'><strong>,</strong></span> <span class='ocrx_word' id='word_1_74' title='bbox 1119 1149 1213 1202; x_wconf 76' lang='grc' dir='ltr'>καὶ</span> <span class='ocrx_word' id='word_1_75' title='bbox 1246 1146 1549 1216; x_wconf 81' lang='grc' dir='ltr'>λύτρωσαί</span> <span class='ocrx_word' id='word_1_76' title='bbox 1567 1161 1674 1214; x_wconf 82' lang='grc' dir='ltr'><strong>με,</strong></span> <span class='ocrx_word' id='word_1_77' title='bbox 1711 1143 1808 1197; x_wconf 84' lang='grc' dir='ltr'>διὰ</span> 
     </span>
    </p>
   </div>
   <div class='ocr_carea' id='block_1_14' title="bbox 219 1234 1806 1314">
    <p class='ocr_par' dir='ltr' id='par_1_14' title="bbox 219 1234 1806 1314">
     <span class='ocr_line' id='line_1_14' title="bbox 219 1234 1806 1314; baseline -0.009 -14"><span class='ocrx_word' id='word_1_78' title='bbox 219 1248 332 1301; x_wconf 77' lang='grc' dir='ltr'><strong>τὸν</strong></span> <span class='ocrx_word' id='word_1_79' title='bbox 360 1248 546 1314; x_wconf 76' lang='grc' dir='ltr'>λόγον</span> <span class='ocrx_word' id='word_1_80' title='bbox 579 1261 694 1298; x_wconf 90' lang='grc' dir='ltr'>σου</span> <span class='ocrx_word' id='word_1_81' title='bbox 739 1241 924 1309; x_wconf 66' lang='grc' dir='ltr'>ξῆσόν</span> <span class='ocrx_word' id='word_1_82' title='bbox 962 1258 1056 1310; x_wconf 87' lang='grc' dir='ltr'><strong>με.</strong></span> <span class='ocrx_word' id='word_1_83' title='bbox 1114 1240 1286 1308; x_wconf 84' lang='grc' dir='ltr'>Λόγον</span> <span class='ocrx_word' id='word_1_84' title='bbox 1329 1237 1428 1308; x_wconf 81' lang='grc' dir='ltr'>τὴν</span> <span class='ocrx_word' id='word_1_85' title='bbox 1477 1234 1806 1304; x_wconf 86' lang='grc' dir='ltr'>ἐπαγγελίαν</span> 
     </span>
    </p>
   </div>
   <div class='ocr_carea' id='block_1_15' title="bbox 222 1327 1696 1408">
    <p class='ocr_par' dir='ltr' id='par_1_15' title="bbox 222 1327 1696 1408">
     <span class='ocr_line' id='line_1_15' title="bbox 222 1327 1696 1408; baseline -0.009 -17"><span class='ocrx_word' id='word_1_86' title='bbox 222 1338 391 1408; x_wconf 77' lang='grc' dir='ltr'>φησίν</span> <span class='ocrx_word' id='word_1_87' title='bbox 411 1355 426 1368; x_wconf 93' lang='grc'><strong>·</strong></span> <span class='ocrx_word' id='word_1_88' title='bbox 457 1335 819 1407; x_wconf 75' lang='grc' dir='ltr'><strong>ἐπηγγείλατο</strong></span> <span class='ocrx_word' id='word_1_89' title='bbox 843 1335 949 1404; x_wconf 83' lang='grc' dir='ltr'>γὰρ</span> <span class='ocrx_word' id='word_1_90' title='bbox 975 1333 1147 1402; x_wconf 77' lang='grc' dir='ltr'>ἥξειν,</span> <span class='ocrx_word' id='word_1_91' title='bbox 1183 1331 1276 1384; x_wconf 71' lang='grc' dir='ltr'><strong>καὶ</strong></span> <span class='ocrx_word' id='word_1_92' title='bbox 1307 1329 1500 1383; x_wconf 79' lang='grc' dir='ltr'>σώσειν</span> <span class='ocrx_word' id='word_1_93' title='bbox 1530 1327 1696 1398; x_wconf 80' lang='grc' dir='ltr'>ἡμᾶς.</span> 
     </span>
    </p>
   </div>
   <div class='ocr_carea' id='block_1_16' title="bbox 297 1489 1807 1570">
    <p class='ocr_par' dir='ltr' id='par_1_16' title="bbox 297 1489 1807 1570">
     <span class='ocr_line' id='line_1_16' title="bbox 297 1489 1807 1570; baseline -0.011 -14"><span class='ocrx_word' id='word_1_94' title='bbox 297 1501 546 1570; x_wconf 72' lang='grc' dir='ltr'>Μακρὰν</span> <span class='ocrx_word' id='word_1_95' title='bbox 567 1503 684 1554; x_wconf 82' lang='grc' dir='ltr'>ἀπο</span> <span class='ocrx_word' id='word_1_96' title='bbox 715 1498 1082 1568; x_wconf 70' lang='grc' dir='ltr'><strong>ἁμαρτωλῶν</strong></span> <span class='ocrx_word' id='word_1_97' title='bbox 1119 1496 1406 1562; x_wconf 82' lang='grc' dir='ltr'>σωτηρία.</span> <span class='ocrx_word' id='word_1_98' title='bbox 1476 1494 1580 1545; x_wconf 83' lang='grc' dir='ltr'>Ἦν</span> <span class='ocrx_word' id='word_1_99' title='bbox 1619 1489 1807 1542; x_wconf 82' lang='grc' dir='ltr'>ἐπλεο-</span> 
     </span>
    </p>
   </div>
   <div class='ocr_carea' id='block_1_17' title="bbox 221 1581 1805 1664">
    <p class='ocr_par' dir='ltr' id='par_1_17' title="bbox 221 1581 1805 1664">
     <span class='ocr_line' id='line_1_17' title="bbox 221 1581 1805 1664; baseline -0.011 -16"><span class='ocrx_word' id='word_1_100' title='bbox 221 1595 494 1664; x_wconf 81' lang='grc' dir='ltr'>νέκτησαν</span> <span class='ocrx_word' id='word_1_101' title='bbox 519 1593 569 1644; x_wconf 87' lang='grc' dir='ltr'>οἱ</span> <span class='ocrx_word' id='word_1_102' title='bbox 594 1590 851 1662; x_wconf 77' lang='grc' dir='ltr'>ἄρχοντες</span> <span class='ocrx_word' id='word_1_103' title='bbox 868 1589 961 1641; x_wconf 78' lang='grc' dir='ltr'>τοῦ</span> <span class='ocrx_word' id='word_1_104' title='bbox 980 1587 1174 1651; x_wconf 72' lang='grc' dir='ltr'>αἰῶνος</span> <span class='ocrx_word' id='word_1_105' title='bbox 1194 1587 1406 1640; x_wconf 86' lang='grc' dir='ltr'>τούτου.</span> <span class='ocrx_word' id='word_1_106' title='bbox 1434 1585 1562 1637; x_wconf 83' lang='grc' dir='ltr'>Ὅτι</span> <span class='ocrx_word' id='word_1_107' title='bbox 1583 1581 1805 1635; x_wconf 80' lang='grc' dir='ltr'>δικαιώ-</span> 
     </span>
    </p>
   </div>
   <div class='ocr_carea' id='block_1_18' title="bbox 215 1673 1806 1755">
    <p class='ocr_par' dir='ltr' id='par_1_18' title="bbox 215 1673 1806 1755">
     <span class='ocr_line' id='line_1_18' title="bbox 215 1673 1806 1755; baseline -0.009 -16"><span class='ocrx_word' id='word_1_108' title='bbox 215 1683 384 1755; x_wconf 81' lang='grc' dir='ltr'>ματὰ</span> <span class='ocrx_word' id='word_1_109' title='bbox 409 1698 524 1738; x_wconf 87' lang='grc' dir='ltr'><strong>σου</strong></span> <span class='ocrx_word' id='word_1_110' title='bbox 559 1684 667 1736; x_wconf 79' lang='grc' dir='ltr'>οὐκ</span> <span class='ocrx_word' id='word_1_111' title='bbox 693 1679 1079 1749; x_wconf 70' lang='grc' dir='ltr'>ἐξεζήτησαν.</span> <span class='ocrx_word' id='word_1_112' title='bbox 1112 1678 1258 1748; x_wconf 85' lang='grc' dir='ltr'>Α’ύτη</span> <span class='ocrx_word' id='word_1_113' title='bbox 1290 1680 1324 1749; x_wconf 77' lang='grc' dir='ltr'><strong>ἡ</strong></span> <span class='ocrx_word' id='word_1_114' title='bbox 1356 1675 1501 1730; x_wconf 77' lang='grc' dir='ltr'>αἰτία</span> <span class='ocrx_word' id='word_1_115' title='bbox 1524 1673 1617 1728; x_wconf 81' lang='grc' dir='ltr'>τοῦ</span> <span class='ocrx_word' id='word_1_116' title='bbox 1642 1688 1806 1726; x_wconf 85' lang='grc' dir='ltr'>κατα-</span> 
     </span>
    </p>
   </div>
   <div class='ocr_carea' id='block_1_19' title="bbox 1909 504 3484 574">
    <p class='ocr_par' dir='ltr' id='par_1_19' title="bbox 1909 504 3484 574">
     <span class='ocr_line' id='line_1_19' title="bbox 1909 504 3484 574; baseline -0.001 -13"><span class='ocrx_word' id='word_1_117' title='bbox 1909 507 2015 573; x_wconf 85' lang='lat' dir='ltr'><strong>Qui</strong></span> <span class='ocrx_word' id='word_1_118' title='bbox 2078 508 2210 561; x_wconf 78' lang='lat' dir='ltr'><strong>n&#39;iihi</strong></span> <span class='ocrx_word' id='word_1_119' title='bbox 2277 507 2477 561; x_wconf 87' lang='lat' dir='ltr'><strong>bellum</strong></span> <span class='ocrx_word' id='word_1_120' title='bbox 2537 506 2882 567; x_wconf 81' lang='lat' dir='ltr'><strong>inferebant,</strong></span> <span class='ocrx_word' id='word_1_121' title='bbox 2937 506 3152 574; x_wconf 84' lang='lat' dir='ltr'><strong>inquit,</strong></span> <span class='ocrx_word' id='word_1_122' title='bbox 3209 504 3484 573; x_wconf 74' lang='lat' dir='ltr'><strong>iniquitati</strong></span> 
     </span>
    </p>
   </div>
   <div class='ocr_carea' id='block_1_20' title="bbox 1910 597 3484 667">
    <p class='ocr_par' dir='ltr' id='par_1_20' title="bbox 1910 597 3484 667">
     <span class='ocr_line' id='line_1_20' title="bbox 1910 597 3484 667; baseline -0.002 -14"><span class='ocrx_word' id='word_1_123' title='bbox 1910 599 2110 653; x_wconf 90' lang='lat' dir='ltr'><strong>addicti</strong></span> <span class='ocrx_word' id='word_1_124' title='bbox 2142 608 2318 653; x_wconf 86' lang='lat' dir='ltr'><strong>erant.</strong></span> <span class='ocrx_word' id='word_1_125' title='bbox 2349 598 2520 652; x_wconf 86' lang='lat' dir='ltr'><strong>Nemo</strong></span> <span class='ocrx_word' id='word_1_126' title='bbox 2561 599 2705 652; x_wconf 88' lang='lat' dir='ltr'><strong>enim</strong></span> <span class='ocrx_word' id='word_1_127' title='bbox 2735 598 3345 667; x_wconf 81' lang='lat' dir='ltr'><strong>justumpersequitur,</strong></span> <span class='ocrx_word' id='word_1_128' title='bbox 3379 597 3484 652; x_wconf 83' lang='lat' dir='ltr'><strong>nisi</strong></span> 
     </span>
    </p>
   </div>
   <div class='ocr_carea' id='block_1_21' title="bbox 1909 689 2605 759">
    <p class='ocr_par' dir='ltr' id='par_1_21' title="bbox 1909 689 2605 759">
     <span class='ocr_line' id='line_1_21' title="bbox 1909 689 2605 759; baseline -0.004 -15"><span class='ocrx_word' id='word_1_129' title='bbox 1909 689 2186 759; x_wconf 88' lang='lat' dir='ltr'><strong>iniquitati</strong></span> <span class='ocrx_word' id='word_1_130' title='bbox 2225 692 2428 744; x_wconf 64' lang='lat' dir='ltr'><strong>haerere</strong></span> <span class='ocrx_word' id='word_1_131' title='bbox 2460 690 2605 743; x_wconf 80' lang='lat' dir='ltr'><strong>velit.</strong></span> 
     </span>
    </p>
   </div>
   <div class='ocr_carea' id='block_1_22' title="bbox 1981 775 3481 847">
    <p class='ocr_par' dir='ltr' id='par_1_22' title="bbox 1981 775 3481 847">
     <span class='ocr_line' id='line_1_22' title="bbox 1981 775 3481 847; baseline -0.003 -15"><span class='ocrx_word' id='word_1_132' title='bbox 1981 781 2104 833; x_wconf 80' lang='grc'>151.</span> <span class='ocrx_word' id='word_1_133' title='bbox 2162 777 2330 847; x_wconf 80' lang='lat' dir='ltr'><strong>Prope</strong></span> <span class='ocrx_word' id='word_1_134' title='bbox 2368 794 2419 831; x_wconf 91' lang='lat' dir='ltr'><strong>es</strong></span> <span class='ocrx_word' id='word_1_135' title='bbox 2468 789 2545 840; x_wconf 85' lang='lat' dir='ltr'><strong>tu,</strong></span> <span class='ocrx_word' id='word_1_136' title='bbox 2579 779 2800 831; x_wconf 84' lang='lat' dir='ltr'><strong>Domine</strong></span> <span class='ocrx_word' id='word_1_137' title='bbox 2830 776 2962 844; x_wconf 69' lang='grc'><strong>(49).</strong></span> <span class='ocrx_word' id='word_1_138' title='bbox 3009 775 3152 830; x_wconf 85' lang='lat' dir='ltr'><strong>Deus</strong></span> <span class='ocrx_word' id='word_1_139' title='bbox 3199 775 3325 830; x_wconf 84' lang='lat' dir='ltr'><strong>alibi</strong></span> <span class='ocrx_word' id='word_1_140' title='bbox 3358 775 3481 829; x_wconf 89' lang='lat' dir='ltr'><strong>ait:</strong></span> 
     </span>
    </p>
   </div>
   <div class='ocr_carea' id='block_1_23' title="bbox 1909 867 3480 940">
    <p class='ocr_par' dir='ltr' id='par_1_23' title="bbox 1909 867 3480 940">
     <span class='ocr_line' id='line_1_23' title="bbox 1909 867 3480 940; baseline -0.003 -16"><span class='ocrx_word' id='word_1_141' title='bbox 1909 869 2050 924; x_wconf 87' lang='lat' dir='ltr'><strong>Deus</strong></span> <span class='ocrx_word' id='word_1_142' title='bbox 2083 870 2508 939; x_wconf 78' lang='lat' dir='ltr'><strong>appropinquans</strong></span> <span class='ocrx_word' id='word_1_143' title='bbox 2551 887 2643 940; x_wconf 85' lang='lat' dir='ltr'><strong>ego</strong></span> <span class='ocrx_word' id='word_1_144' title='bbox 2679 887 2819 931; x_wconf 82' lang='lat' dir='ltr'><strong>sum,</strong></span> <span class='ocrx_word' id='word_1_145' title='bbox 2849 879 2897 920; x_wconf 88' lang='lat' dir='ltr'><strong>et</strong></span> <span class='ocrx_word' id='word_1_146' title='bbox 2943 884 3045 920; x_wconf 90' lang='lat' dir='ltr'><strong>non</strong></span> <span class='ocrx_word' id='word_1_147' title='bbox 3077 868 3217 921; x_wconf 86' lang='lat' dir='ltr'><strong>Deus</strong></span> <span class='ocrx_word' id='word_1_148' title='bbox 3241 884 3275 920; x_wconf 93' lang='lat' dir='ltr'><strong>a</strong></span> <span class='ocrx_word' id='word_1_149' title='bbox 3310 867 3480 936; x_wconf 74' lang='lat' dir='ltr'><strong>longe,</strong></span> 
     </span>
    </p>
   </div>
   <div class='ocr_carea' id='block_1_24' title="bbox 1907 957 3484 1027">
    <p class='ocr_par' dir='ltr' id='par_1_24' title="bbox 1907 957 3484 1027">
     <span class='ocr_line' id='line_1_24' title="bbox 1907 957 3484 1027; baseline -0.001 -15"><span class='ocrx_word' id='word_1_150' title='bbox 1907 959 2036 1012; x_wconf 86' lang='lat' dir='ltr'><strong>dicit</strong></span> <span class='ocrx_word' id='word_1_151' title='bbox 2061 957 2317 1011; x_wconf 78' lang='lat' dir='ltr'><strong>Dominus</strong></span> <span class='ocrx_word' id='word_1_152' title='bbox 2349 960 2416 1011; x_wconf 74' lang='grc' dir='ltr'><strong>θ’.</strong></span> <span class='ocrx_word' id='word_1_153' title='bbox 2449 957 2582 1010; x_wconf 89' lang='lat' dir='ltr'><strong>Nam</strong></span> <span class='ocrx_word' id='word_1_154' title='bbox 2628 959 2717 1012; x_wconf 88' lang='lat' dir='ltr'><strong>Dei</strong></span> <span class='ocrx_word' id='word_1_155' title='bbox 2747 959 2922 1013; x_wconf 80' lang='lat' dir='ltr'><strong>virtus</strong></span> <span class='ocrx_word' id='word_1_156' title='bbox 2965 957 3164 1026; x_wconf 85' lang='lat' dir='ltr'><strong>ubique</strong></span> <span class='ocrx_word' id='word_1_157' title='bbox 3192 967 3297 1022; x_wconf 85' lang='lat' dir='ltr'><strong>est,</strong></span> <span class='ocrx_word' id='word_1_158' title='bbox 3326 958 3484 1027; x_wconf 78' lang='lat' dir='ltr'><strong>juxta</strong></span> 
     </span>
    </p>
   </div>
   <div class='ocr_carea' id='block_1_25' title="bbox 1908 1050 2984 1118">
    <p class='ocr_par' dir='ltr' id='par_1_25' title="bbox 1908 1050 2984 1118">
     <span class='ocr_line' id='line_1_25' title="bbox 1908 1050 2984 1118; baseline 0 -14"><span class='ocrx_word' id='word_1_159' title='bbox 1908 1051 2201 1104; x_wconf 88' lang='lat' dir='ltr'><strong>creationis</strong></span> <span class='ocrx_word' id='word_1_160' title='bbox 2235 1060 2290 1103; x_wconf 91' lang='lat' dir='ltr'><strong>et</strong></span> <span class='ocrx_word' id='word_1_161' title='bbox 2316 1050 2667 1118; x_wconf 58' lang='lat' dir='ltr'><strong>providentiae</strong></span> <span class='ocrx_word' id='word_1_162' title='bbox 2694 1051 2984 1104; x_wconf 87' lang='lat' dir='ltr'><strong>rationem.</strong></span> 
     </span>
    </p>
   </div>
   <div class='ocr_carea' id='block_1_26' title="bbox 1980 1138 3482 1208">
    <p class='ocr_par' dir='ltr' id='par_1_26' title="bbox 1980 1138 3482 1208">
     <span class='ocr_line' id='line_1_26' title="bbox 1980 1138 3482 1208; baseline 0 -17"><span class='ocrx_word' id='word_1_163' title='bbox 1980 1139 2102 1193; x_wconf 72' lang='grc'>154.</span> <span class='ocrx_word' id='word_1_164' title='bbox 2131 1138 2331 1193; x_wconf 80' lang='lat' dir='ltr'><strong>Judica</strong></span> <span class='ocrx_word' id='word_1_165' title='bbox 2353 1141 2623 1208; x_wconf 81' lang='lat' dir='ltr'><strong>judicium</strong></span> <span class='ocrx_word' id='word_1_166' title='bbox 2656 1151 2801 1194; x_wconf 84' lang='lat' dir='ltr'><strong>tuum</strong></span> <span class='ocrx_word' id='word_1_167' title='bbox 2824 1151 2872 1194; x_wconf 87' lang='lat' dir='ltr'><strong>et</strong></span> <span class='ocrx_word' id='word_1_168' title='bbox 2906 1139 3102 1193; x_wconf 85' lang='lat' dir='ltr'><strong><em>redime</em></strong></span> <span class='ocrx_word' id='word_1_169' title='bbox 3132 1155 3233 1204; x_wconf 87' lang='lat' dir='ltr'><strong>me,</strong></span> <span class='ocrx_word' id='word_1_170' title='bbox 3267 1147 3482 1208; x_wconf 87' lang='lat' dir='ltr'><strong>propter</strong></span> 
     </span>
    </p>
   </div>
   <div class='ocr_carea' id='block_1_27' title="bbox 1907 1228 3482 1298">
    <p class='ocr_par' dir='ltr' id='par_1_27' title="bbox 1907 1228 3482 1298">
     <span class='ocr_line' id='line_1_27' title="bbox 1907 1228 3482 1298; baseline -0.001 -15"><span class='ocrx_word' id='word_1_171' title='bbox 1907 1230 2117 1283; x_wconf 75' lang='lat' dir='ltr'><strong>uerbum</strong></span> <span class='ocrx_word' id='word_1_172' title='bbox 2160 1240 2309 1283; x_wconf 83' lang='lat' dir='ltr'><strong>tuum</strong></span> <span class='ocrx_word' id='word_1_173' title='bbox 2341 1231 2545 1298; x_wconf 79' lang='lat' dir='ltr'><strong>viviﬁca</strong></span> <span class='ocrx_word' id='word_1_174' title='bbox 2589 1246 2689 1282; x_wconf 88' lang='lat' dir='ltr'><strong>me.</strong></span> <span class='ocrx_word' id='word_1_175' title='bbox 2721 1229 2954 1283; x_wconf 78' lang='lat' dir='ltr'><strong>Verbum</strong></span> <span class='ocrx_word' id='word_1_176' title='bbox 2991 1229 3123 1283; x_wconf 83' lang='lat' dir='ltr'><strong>dicit</strong></span> <span class='ocrx_word' id='word_1_177' title='bbox 3164 1228 3482 1298; x_wconf 85' lang='lat' dir='ltr'><strong>promissio-</strong></span> 
     </span>
    </p>
   </div>
   <div class='ocr_carea' id='block_1_28' title="bbox 1908 1318 3483 1389">
    <p class='ocr_par' dir='ltr' id='par_1_28' title="bbox 1908 1318 3483 1389">
     <span class='ocr_line' id='line_1_28' title="bbox 1908 1318 3483 1389; baseline -0.001 -15"><span class='ocrx_word' id='word_1_178' title='bbox 1908 1336 2052 1374; x_wconf 88' lang='lat' dir='ltr'><strong>nem.</strong></span> <span class='ocrx_word' id='word_1_179' title='bbox 2087 1318 2222 1372; x_wconf 88' lang='lat' dir='ltr'><strong>Nam</strong></span> <span class='ocrx_word' id='word_1_180' title='bbox 2250 1320 2498 1389; x_wconf 81' lang='lat' dir='ltr'><strong>promisit</strong></span> <span class='ocrx_word' id='word_1_181' title='bbox 2525 1335 2583 1374; x_wconf 88' lang='lat' dir='ltr'><strong>se</strong></span> <span class='ocrx_word' id='word_1_182' title='bbox 2621 1329 2908 1373; x_wconf 86' lang='lat' dir='ltr'><strong>venturum</strong></span> <span class='ocrx_word' id='word_1_183' title='bbox 2958 1329 3013 1373; x_wconf 90' lang='lat' dir='ltr'><strong>et</strong></span> <span class='ocrx_word' id='word_1_184' title='bbox 3034 1318 3262 1372; x_wconf 79' lang='lat' dir='ltr'><strong>salutem</strong></span> <span class='ocrx_word' id='word_1_185' title='bbox 3293 1319 3483 1372; x_wconf 82' lang='lat' dir='ltr'><strong>allatu-</strong></span> 
     </span>
    </p>
   </div>
   <div class='ocr_carea' id='block_1_29' title="bbox 1908 1409 2236 1463">
    <p class='ocr_par' dir='ltr' id='par_1_29' title="bbox 1908 1409 2236 1463">
     <span class='ocr_line' id='line_1_29' title="bbox 1908 1409 2236 1463; baseline -0.003 -1"><span class='ocrx_word' id='word_1_186' title='bbox 1908 1425 2027 1462; x_wconf 90' lang='lat' dir='ltr'><strong>rum</strong></span> <span class='ocrx_word' id='word_1_187' title='bbox 2057 1409 2236 1463; x_wconf 87' lang='lat' dir='ltr'><strong>nobis.</strong></span> 
     </span>
    </p>
   </div>
   <div class='ocr_carea' id='block_1_30' title="bbox 1978 1495 3482 1567">
    <p class='ocr_par' dir='ltr' id='par_1_30' title="bbox 1978 1495 3482 1567">
     <span class='ocr_line' id='line_1_30' title="bbox 1978 1495 3482 1567; baseline -0.002 -12"><span class='ocrx_word' id='word_1_188' title='bbox 1978 1501 2102 1555; x_wconf 89' lang='grc'>155.</span> <span class='ocrx_word' id='word_1_189' title='bbox 2133 1499 2308 1567; x_wconf 89' lang='lat' dir='ltr'><strong>Longe</strong></span> <span class='ocrx_word' id='word_1_190' title='bbox 2336 1516 2367 1552; x_wconf 91' lang='lat' dir='ltr'><strong>a</strong></span> <span class='ocrx_word' id='word_1_191' title='bbox 2390 1499 2749 1567; x_wconf 83' lang='lat' dir='ltr'><strong>peccatoribus</strong></span> <span class='ocrx_word' id='word_1_192' title='bbox 2775 1497 2944 1552; x_wconf 81' lang='lat' dir='ltr'><strong>salus.</strong></span> <span class='ocrx_word' id='word_1_193' title='bbox 2969 1495 3173 1554; x_wconf 79' lang='lat' dir='ltr'><strong>Contra</strong></span> <span class='ocrx_word' id='word_1_194' title='bbox 3205 1513 3368 1566; x_wconf 92' lang='lat' dir='ltr'><strong>quam</strong></span> <span class='ocrx_word' id='word_1_195' title='bbox 3395 1512 3482 1552; x_wconf 69' lang='lat' dir='ltr'><strong>se-</strong></span> 
     </span>
    </p>
   </div>
   <div class='ocr_carea' id='block_1_31' title="bbox 1907 1589 3483 1660">
    <p class='ocr_par' dir='ltr' id='par_1_31' title="bbox 1907 1589 3483 1660">
     <span class='ocr_line' id='line_1_31' title="bbox 1907 1589 3483 1660; baseline -0.003 -15"><span class='ocrx_word' id='word_1_196' title='bbox 1907 1592 2072 1645; x_wconf 88' lang='lat' dir='ltr'><strong>lutem</strong></span> <span class='ocrx_word' id='word_1_197' title='bbox 2101 1591 2332 1660; x_wconf 78' lang='lat' dir='ltr'><strong>superbe</strong></span> <span class='ocrx_word' id='word_1_198' title='bbox 2358 1600 2584 1659; x_wconf 82' lang='lat' dir='ltr'><strong>egerunt</strong></span> <span class='ocrx_word' id='word_1_199' title='bbox 2611 1591 2883 1658; x_wconf 81' lang='lat' dir='ltr'><strong>principes</strong></span> <span class='ocrx_word' id='word_1_200' title='bbox 2916 1589 3098 1643; x_wconf 65' lang='lat' dir='ltr'><strong>saeculi</strong></span> <span class='ocrx_word' id='word_1_201' title='bbox 3128 1589 3311 1658; x_wconf 86' lang='lat' dir='ltr'><strong>hujus.</strong></span> <span class='ocrx_word' id='word_1_202' title='bbox 3343 1589 3483 1654; x_wconf 76' lang='lat' dir='ltr'><strong>Quia</strong></span> 
     </span>
    </p>
   </div>
   <div class='ocr_carea' id='block_1_32' title="bbox 1897 1678 3483 1751">
    <p class='ocr_par' dir='ltr' id='par_1_32' title="bbox 1897 1678 3483 1751">
     <span class='ocr_line' id='line_1_32' title="bbox 1897 1678 3483 1751; baseline -0.001 -16"><span class='ocrx_word' id='word_1_203' title='bbox 1897 1683 2311 1751; x_wconf 66' lang='lat' dir='ltr'><strong>iustiﬁcationes</strong></span> <span class='ocrx_word' id='word_1_204' title='bbox 2351 1691 2470 1734; x_wconf 88' lang='lat' dir='ltr'><strong>tuas</strong></span> <span class='ocrx_word' id='word_1_205' title='bbox 2501 1697 2602 1735; x_wconf 87' lang='lat' dir='ltr'><strong>non</strong></span> <span class='ocrx_word' id='word_1_206' title='bbox 2627 1682 3007 1750; x_wconf 67' lang='lat' dir='ltr'><strong>exquixiernnt.</strong></span> <span class='ocrx_word' id='word_1_207' title='bbox 3049 1678 3174 1734; x_wconf 69' lang='lat' dir='ltr'><strong>Hazc</strong></span> <span class='ocrx_word' id='word_1_208' title='bbox 3204 1695 3368 1734; x_wconf 79' lang='lat' dir='ltr'><strong>causa</strong></span> <span class='ocrx_word' id='word_1_209' title='bbox 3399 1691 3483 1734; x_wconf 84' lang='lat' dir='ltr'><strong>est</strong></span> 
     </span>
    </p>
   </div>
   <div class='ocr_carea' id='block_1_33' title="bbox 219 1743 1792 1843">
    <p class='ocr_par' dir='ltr' id='par_1_33' title="bbox 219 1762 1792 1840">
     <span class='ocr_line' id='line_1_33' title="bbox 219 1762 1792 1840; baseline -0.01 -11"><span class='ocrx_word' id='word_1_210' title='bbox 219 1774 440 1829; x_wconf 84' lang='grc' dir='ltr'>διώκειν</span> <span class='ocrx_word' id='word_1_211' title='bbox 472 1773 562 1827; x_wconf 78' lang='grc' dir='ltr'><strong>τὸν</strong></span> <span class='ocrx_word' id='word_1_212' title='bbox 601 1771 810 1825; x_wconf 86' lang='grc' dir='ltr'>δίκαιον</span> <span class='ocrx_word' id='word_1_213' title='bbox 833 1811 848 1834; x_wconf 94' lang='grc'><strong>,</strong></span> <span class='ocrx_word' id='word_1_214' title='bbox 895 1769 954 1822; x_wconf 87' lang='grc' dir='ltr'><strong>τὸ</strong></span> <span class='ocrx_word' id='word_1_215' title='bbox 982 1767 1198 1840; x_wconf 73' lang='grc' dir='ltr'>μακρὰν</span> <span class='ocrx_word' id='word_1_216' title='bbox 1233 1766 1456 1828; x_wconf 82' lang='grc' dir='ltr'>ἑαυτοὺς</span> <span class='ocrx_word' id='word_1_217' title='bbox 1491 1762 1792 1832; x_wconf 79' lang='grc' dir='ltr'>ἀποστῆσαι</span> 
     </span>
    </p>
   </div>
   <div class='ocr_carea' id='block_1_34' title="bbox 1917 1743 3482 1843">
    <p class='ocr_par' dir='ltr' id='par_1_34' title="bbox 1917 1772 3482 1843">
     <span class='ocr_line' id='line_1_34' title="bbox 1917 1772 3482 1843; baseline -0.001 -15"><span class='ocrx_word' id='word_1_218' title='bbox 1917 1789 2002 1828; x_wconf 86' lang='lat' dir='ltr'><strong>:ur</strong></span> <span class='ocrx_word' id='word_1_219' title='bbox 2019 1773 2230 1842; x_wconf 88' lang='lat' dir='ltr'><strong>justum</strong></span> <span class='ocrx_word' id='word_1_220' title='bbox 2259 1775 2529 1842; x_wconf 80' lang='lat' dir='ltr'><strong>persecuti</strong></span> <span class='ocrx_word' id='word_1_221' title='bbox 2559 1784 2706 1836; x_wconf 91' lang='lat' dir='ltr'><strong>sunt,</strong></span> <span class='ocrx_word' id='word_1_222' title='bbox 2740 1773 2884 1842; x_wconf 91' lang='lat' dir='ltr'><strong>quod</strong></span> <span class='ocrx_word' id='word_1_223' title='bbox 2915 1773 3072 1843; x_wconf 86' lang='lat' dir='ltr'><strong>longe</strong></span> <span class='ocrx_word' id='word_1_224' title='bbox 3113 1772 3482 1827; x_wconf 89' lang='lat' dir='ltr'><strong>abscesserint</strong></span> 
     </span>
    </p>
   </div>
   <div class='ocr_carea' id='block_1_35' title="bbox 221 1863 722 1934">
    <p class='ocr_par' dir='ltr' id='par_1_35' title="bbox 221 1863 722 1934">
     <span class='ocr_line' id='line_1_35' title="bbox 221 1863 722 1934; baseline -0.01 -14"><span class='ocrx_word' id='word_1_225' title='bbox 221 1867 315 1920; x_wconf 79' lang='grc' dir='ltr'>τοῦ</span> <span class='ocrx_word' id='word_1_226' title='bbox 357 1865 501 1918; x_wconf 81' lang='grc' dir='ltr'>θείου</span> <span class='ocrx_word' id='word_1_227' title='bbox 534 1863 722 1934; x_wconf 87' lang='grc' dir='ltr'>νόμου.</span> 
     </span>
    </p>
   </div>
   <div class='ocr_carea' id='block_1_36' title="bbox 305 1948 1794 2024">
    <p class='ocr_par' dir='ltr' id='par_1_36' title="bbox 305 1948 1794 2024">
     <span class='ocr_line' id='line_1_36' title="bbox 305 1948 1794 2024; baseline -0.009 -12"><span class='ocrx_word' id='word_1_228' title='bbox 305 1961 372 2012; x_wconf 80' lang='lat' dir='ltr'><strong>Oi</strong></span> <span class='ocrx_word' id='word_1_229' title='bbox 404 1957 691 2024; x_wconf 70' lang='grc' dir='ltr'><strong>οἰκτιρμοί</strong></span> <span class='ocrx_word' id='word_1_230' title='bbox 711 1972 828 2008; x_wconf 85' lang='grc' dir='ltr'><strong>σου</strong></span> <span class='ocrx_word' id='word_1_231' title='bbox 860 1951 1317 2018; x_wconf 73' lang='grc' dir='ltr'>πο.1.ιοὶ,’Κύριε.</span> <span class='ocrx_word' id='word_1_232' title='bbox 1352 1949 1584 2016; x_wconf 88' lang='grc' dir='ltr'>Ἔγνων,</span> <span class='ocrx_word' id='word_1_233' title='bbox 1610 1948 1794 2019; x_wconf 76' lang='grc' dir='ltr'>φησὶν,</span> 
     </span>
    </p>
   </div>
   <div class='ocr_carea' id='block_1_37' title="bbox 217 2038 1798 2118">
    <p class='ocr_par' dir='ltr' id='par_1_37' title="bbox 217 2038 1798 2118">
     <span class='ocr_line' id='line_1_37' title="bbox 217 2038 1798 2118; baseline -0.006 -17"><span class='ocrx_word' id='word_1_234' title='bbox 217 2049 296 2110; x_wconf 80' lang='grc' dir='ltr'><strong>ὡς</strong></span> <span class='ocrx_word' id='word_1_235' title='bbox 319 2045 670 2118; x_wconf 82' lang='grc' dir='ltr'><strong>διεμαρτύρω</strong></span> <span class='ocrx_word' id='word_1_236' title='bbox 690 2043 788 2107; x_wconf 81' lang='grc' dir='ltr'>τὰς</span> <span class='ocrx_word' id='word_1_237' title='bbox 807 2041 1023 2105; x_wconf 80' lang='grc' dir='ltr'>ἐντολὰς</span> <span class='ocrx_word' id='word_1_238' title='bbox 1052 2043 1212 2111; x_wconf 77' lang='grc' dir='ltr'>ἡμῖν,</span> <span class='ocrx_word' id='word_1_239' title='bbox 1239 2041 1320 2093; x_wconf 83' lang='grc' dir='ltr'>ὅτι</span> <span class='ocrx_word' id='word_1_240' title='bbox 1351 2038 1556 2108; x_wconf 76' lang='grc' dir='ltr'>βέϐαιοί</span> <span class='ocrx_word' id='word_1_241' title='bbox 1575 2040 1680 2091; x_wconf 79' lang='grc' dir='ltr'>εἰσι</span> <span class='ocrx_word' id='word_1_242' title='bbox 1704 2040 1798 2092; x_wconf 79' lang='grc' dir='ltr'>καὶ</span> 
     </span>
    </p>
   </div>
   <div class='ocr_carea' id='block_1_38' title="bbox 219 2128 1794 2211">
    <p class='ocr_par' dir='ltr' id='par_1_38' title="bbox 219 2128 1794 2211">
     <span class='ocr_line' id='line_1_38' title="bbox 219 2128 1794 2211; baseline -0.009 -17"><span class='ocrx_word' id='word_1_243' title='bbox 219 2139 635 2211; x_wconf 77' lang='grc' dir='ltr'>ἀμετακίνητοι.</span> <span class='ocrx_word' id='word_1_244' title='bbox 667 2136 838 2188; x_wconf 79' lang='grc' dir='ltr'>Τοῦτο</span> <span class='ocrx_word' id='word_1_245' title='bbox 859 2134 965 2204; x_wconf 77' lang='grc' dir='ltr'>γὰρ</span> <span class='ocrx_word' id='word_1_246' title='bbox 986 2133 1136 2203; x_wconf 81' lang='grc' dir='ltr'>δηλοῖ</span> <span class='ocrx_word' id='word_1_247' title='bbox 1166 2131 1262 2183; x_wconf 75' lang='grc' dir='ltr'>καὶ</span> <span class='ocrx_word' id='word_1_248' title='bbox 1284 2131 1342 2182; x_wconf 87' lang='grc' dir='ltr'><strong>ἐν</strong></span> <span class='ocrx_word' id='word_1_249' title='bbox 1367 2129 1444 2200; x_wconf 83' lang='grc' dir='ltr'>τῷ</span> <span class='ocrx_word' id='word_1_250' title='bbox 1467 2128 1577 2181; x_wconf 85' lang='grc' dir='ltr'>ἅνω</span> <span class='ocrx_word' id='word_1_251' title='bbox 1608 2128 1794 2199; x_wconf 82' lang='grc' dir='ltr'>στίχῳ,</span> 
     </span>
    </p>
   </div>
   <div class='ocr_carea' id='block_1_39' title="bbox 216 2222 1687 2299">
    <p class='ocr_par' dir='ltr' id='par_1_39' title="bbox 216 2222 1687 2299">
     <span class='ocr_line' id='line_1_39' title="bbox 216 2222 1687 2299; baseline -0.011 -12"><span class='ocrx_word' id='word_1_252' title='bbox 216 2233 281 2287; x_wconf 87' lang='grc' dir='ltr'>τὺ</span> <span class='ocrx_word' id='word_1_253' title='bbox 299 2272 314 2295; x_wconf 90' lang='grc'><strong>,</strong></span> <span class='ocrx_word' id='word_1_254' title='bbox 342 2231 482 2285; x_wconf 83' lang='grc' dir='ltr'>Κατ’</span> <span class='ocrx_word' id='word_1_255' title='bbox 515 2229 706 2299; x_wconf 80' lang='grc' dir='ltr'>ἀρχὰς</span> <span class='ocrx_word' id='word_1_256' title='bbox 727 2227 921 2298; x_wconf 79' lang='grc' dir='ltr'>ἔγνων</span> <span class='ocrx_word' id='word_1_257' title='bbox 950 2226 1018 2278; x_wconf 85' lang='grc' dir='ltr'><strong>ἐκ</strong></span> <span class='ocrx_word' id='word_1_258' title='bbox 1045 2222 1165 2276; x_wconf 83' lang='grc' dir='ltr'><strong>τῶν</strong></span> <span class='ocrx_word' id='word_1_259' title='bbox 1183 2222 1522 2292; x_wconf 79' lang='grc' dir='ltr'>μαρτυρίων</span> <span class='ocrx_word' id='word_1_260' title='bbox 1553 2237 1687 2273; x_wconf 88' lang='grc' dir='ltr'>σου.</span> 
     </span>
    </p>
   </div>
   <div class='ocr_carea' id='block_1_40' title="bbox 291 2312 1798 2382">
    <p class='ocr_par' dir='ltr' id='par_1_40' title="bbox 291 2312 1798 2382">
     <span class='ocr_line' id='line_1_40' title="bbox 291 2312 1798 2382; baseline -0.007 -7"><span class='ocrx_word' id='word_1_261' title='bbox 291 2318 476 2376; x_wconf 76' lang='grc' dir='ltr'>Εἶδον</span> <span class='ocrx_word' id='word_1_262' title='bbox 503 2317 980 2381; x_wconf 83' lang='grc' dir='ltr'>ἀσυνετοῦντας,</span> <span class='ocrx_word' id='word_1_263' title='bbox 1017 2315 1114 2368; x_wconf 75' lang='grc' dir='ltr'>καὶ</span> <span class='ocrx_word' id='word_1_264' title='bbox 1144 2314 1534 2382; x_wconf 78' lang='grc' dir='ltr'>ἐξετηκόμην.</span> <span class='ocrx_word' id='word_1_265' title='bbox 1586 2312 1653 2364; x_wconf 74' lang='lat' dir='ltr'><strong>Ei</strong></span> <span class='ocrx_word' id='word_1_266' title='bbox 1676 2329 1798 2365; x_wconf 87' lang='grc' dir='ltr'>τινα</span> 
     </span>
    </p>
   </div>
   <div class='ocr_carea' id='block_1_41' title="bbox 215 2403 1798 2485">
    <p class='ocr_par' dir='ltr' id='par_1_41' title="bbox 215 2403 1798 2485">
     <span class='ocr_line' id='line_1_41' title="bbox 215 2403 1798 2485; baseline -0.009 -17"><span class='ocrx_word' id='word_1_267' title='bbox 215 2415 442 2485; x_wconf 73' lang='grc' dir='ltr'>ἑώρακα</span> <span class='ocrx_word' id='word_1_268' title='bbox 473 2412 549 2483; x_wconf 88' lang='grc' dir='ltr'>μὴ</span> <span class='ocrx_word' id='word_1_269' title='bbox 579 2411 826 2464; x_wconf 84' lang='grc' dir='ltr'>συνιέντα</span> <span class='ocrx_word' id='word_1_270' title='bbox 850 2407 960 2476; x_wconf 85' lang='grc' dir='ltr'>ἐγὼ</span> <span class='ocrx_word' id='word_1_271' title='bbox 981 2447 996 2470; x_wconf 91' lang='grc'><strong>,</strong></span> <span class='ocrx_word' id='word_1_272' title='bbox 1041 2407 1137 2460; x_wconf 81' lang='grc' dir='ltr'><strong>ἐπὶ</strong></span> <span class='ocrx_word' id='word_1_273' title='bbox 1162 2406 1253 2458; x_wconf 82' lang='grc' dir='ltr'><strong>τὸν</strong></span> <span class='ocrx_word' id='word_1_274' title='bbox 1288 2404 1524 2457; x_wconf 78' lang='grc' dir='ltr'>τοιοῦτον</span> <span class='ocrx_word' id='word_1_275' title='bbox 1547 2403 1798 2473; x_wconf 77' lang='grc' dir='ltr'>ἐξετηκό-</span> 
     </span>
    </p>
   </div>
   <div class='ocr_carea' id='block_1_42' title="bbox 217 2496 1443 2578">
    <p class='ocr_par' dir='ltr' id='par_1_42' title="bbox 217 2496 1443 2578">
     <span class='ocr_line' id='line_1_42' title="bbox 217 2496 1443 2578; baseline -0.009 -19"><span class='ocrx_word' id='word_1_276' title='bbox 217 2523 332 2578; x_wconf 85' lang='grc' dir='ltr'><strong>μην</strong></span> <span class='ocrx_word' id='word_1_277' title='bbox 357 2507 467 2558; x_wconf 81' lang='grc' dir='ltr'><strong>ἀπὸ</strong></span> <span class='ocrx_word' id='word_1_278' title='bbox 496 2503 589 2556; x_wconf 84' lang='grc' dir='ltr'>τοῦ</span> <span class='ocrx_word' id='word_1_279' title='bbox 625 2502 786 2572; x_wconf 82' lang='grc' dir='ltr'>ζήλου</span> <span class='ocrx_word' id='word_1_280' title='bbox 815 2500 953 2553; x_wconf 89' lang='grc' dir='ltr'><strong>κατά</strong></span> <span class='ocrx_word' id='word_1_281' title='bbox 985 2499 1082 2568; x_wconf 81' lang='grc' dir='ltr'><strong>τὴν</strong></span> <span class='ocrx_word' id='word_1_282' title='bbox 1118 2496 1443 2550; x_wconf 81' lang='grc' dir='ltr'>θεοσέϐειαν.</span> 
     </span>
    </p>
   </div>
   <div class='ocr_carea' id='block_1_43' title="bbox 298 2585 1793 2659">
    <p class='ocr_par' dir='ltr' id='par_1_43' title="bbox 298 2585 1793 2659">
     <span class='ocr_line' id='line_1_43' title="bbox 298 2585 1793 2659; baseline -0.007 -10"><span class='ocrx_word' id='word_1_283' title='bbox 298 2594 437 2659; x_wconf 77' lang='grc' dir='ltr'>Ἰδὲ,</span> <span class='ocrx_word' id='word_1_284' title='bbox 490 2593 580 2647; x_wconf 83' lang='grc' dir='ltr'>ὅτι</span> <span class='ocrx_word' id='word_1_285' title='bbox 613 2593 721 2659; x_wconf 84' lang='grc' dir='ltr'>τὰς</span> <span class='ocrx_word' id='word_1_286' title='bbox 751 2590 1003 2656; x_wconf 74' lang='grc' dir='ltr'>ἐντολάς</span> <span class='ocrx_word' id='word_1_287' title='bbox 1053 2606 1168 2642; x_wconf 91' lang='grc' dir='ltr'>σου</span> <span class='ocrx_word' id='word_1_288' title='bbox 1217 2586 1538 2656; x_wconf 72' lang='grc' dir='ltr'>ἠγάπησα,</span> <span class='ocrx_word' id='word_1_289' title='bbox 1597 2585 1793 2652; x_wconf 76' lang='grc' dir='ltr'>Κύριε.</span> 
     </span>
    </p>
   </div>
   <div class='ocr_carea' id='block_1_44' title="bbox 218 2677 1792 2758">
    <p class='ocr_par' dir='ltr' id='par_1_44' title="bbox 218 2677 1792 2758">
     <span class='ocr_line' id='line_1_44' title="bbox 218 2677 1792 2758; baseline -0.007 -19"><span class='ocrx_word' id='word_1_290' title='bbox 218 2685 387 2758; x_wconf 77' lang='grc' dir='ltr'>Ὀψει</span> <span class='ocrx_word' id='word_1_291' title='bbox 415 2685 523 2756; x_wconf 89' lang='grc' dir='ltr'><strong>γάρ</strong></span> <span class='ocrx_word' id='word_1_292' title='bbox 553 2687 610 2738; x_wconf 84' lang='grc' dir='ltr'><strong>ἐν</strong></span> <span class='ocrx_word' id='word_1_293' title='bbox 648 2685 772 2754; x_wconf 77' lang='grc' dir='ltr'>ἐμοὶ</span> <span class='ocrx_word' id='word_1_294' title='bbox 801 2683 908 2735; x_wconf 84' lang='grc' dir='ltr'><strong>τῶν</strong></span> <span class='ocrx_word' id='word_1_295' title='bbox 940 2679 1159 2750; x_wconf 84' lang='grc' dir='ltr'>ἀγαθῶν</span> <span class='ocrx_word' id='word_1_296' title='bbox 1193 2679 1368 2750; x_wconf 75' lang='grc' dir='ltr'>ἔργων</span> <span class='ocrx_word' id='word_1_297' title='bbox 1399 2679 1525 2741; x_wconf 76' lang='grc' dir='ltr'>τοὺς</span> <span class='ocrx_word' id='word_1_298' title='bbox 1557 2677 1792 2740; x_wconf 83' lang='grc' dir='ltr'>τύπους·</span> 
     </span>
    </p>
   </div>
   <div class='ocr_carea' id='block_1_45' title="bbox 211 2767 1796 2850">
    <p class='ocr_par' dir='ltr' id='par_1_45' title="bbox 211 2767 1796 2850">
     <span class='ocr_line' id='line_1_45' title="bbox 211 2767 1796 2850; baseline -0.009 -17"><span class='ocrx_word' id='word_1_299' title='bbox 211 2781 281 2833; x_wconf 82' lang='grc' dir='ltr'>οὐ</span> <span class='ocrx_word' id='word_1_300' title='bbox 310 2779 423 2850; x_wconf 83' lang='grc' dir='ltr'><strong>γὰρ</strong></span> <span class='ocrx_word' id='word_1_301' title='bbox 455 2776 643 2840; x_wconf 83' lang='grc' dir='ltr'>ἁπλῶς</span> <span class='ocrx_word' id='word_1_302' title='bbox 667 2777 935 2846; x_wconf 83' lang='grc' dir='ltr'>ἐτήρησα,</span> <span class='ocrx_word' id='word_1_303' title='bbox 965 2772 1080 2825; x_wconf 80' lang='grc' dir='ltr'>ἀλλ’</span> <span class='ocrx_word' id='word_1_304' title='bbox 1115 2771 1376 2841; x_wconf 80' lang='grc' dir='ltr'>ἠγάπησα</span> <span class='ocrx_word' id='word_1_305' title='bbox 1395 2811 1410 2835; x_wconf 94' lang='grc'><strong>,</strong></span> <span class='ocrx_word' id='word_1_306' title='bbox 1464 2769 1626 2840; x_wconf 75' lang='grc' dir='ltr'>μηδὲν</span> <span class='ocrx_word' id='word_1_307' title='bbox 1658 2767 1796 2837; x_wconf 80' lang='grc' dir='ltr'>ἔχων</span> 
     </span>
    </p>
   </div>
   <div class='ocr_carea' id='block_1_46' title="bbox 213 2855 1798 2940">
    <p class='ocr_par' dir='ltr' id='par_1_46' title="bbox 213 2855 1798 2940">
     <span class='ocr_line' id='line_1_46' title="bbox 213 2855 1798 2940; baseline -0.01 -16"><span class='ocrx_word' id='word_1_308' title='bbox 213 2871 362 2940; x_wconf 77' lang='grc' dir='ltr'>πρὸς</span> <span class='ocrx_word' id='word_1_309' title='bbox 388 2867 591 2930; x_wconf 86' lang='grc' dir='ltr'>ταύτας</span> <span class='ocrx_word' id='word_1_310' title='bbox 611 2863 1045 2936; x_wconf 72' lang='grc' dir='ltr'>ἠναγκασμένον.</span> <span class='ocrx_word' id='word_1_311' title='bbox 1085 2861 1220 2914; x_wconf 87' lang='grc' dir='ltr'>Ἀλλ’</span> <span class='ocrx_word' id='word_1_312' title='bbox 1242 2860 1391 2913; x_wconf 79' lang='grc' dir='ltr'>οὐδὲν</span> <span class='ocrx_word' id='word_1_313' title='bbox 1410 2855 1570 2932; x_wconf 80' lang='grc' dir='ltr'>ἦττον</span> <span class='ocrx_word' id='word_1_314' title='bbox 1597 2856 1798 2910; x_wconf 81' lang='grc' dir='ltr'>ἐλεοῦν·</span> 
     </span>
    </p>
   </div>
   <div class='ocr_carea' id='block_1_47' title="bbox 209 2953 1228 3029">
    <p class='ocr_par' dir='ltr' id='par_1_47' title="bbox 209 2953 1228 3029">
     <span class='ocr_line' id='line_1_47' title="bbox 209 2953 1228 3029; baseline -0.013 -12"><span class='ocrx_word' id='word_1_315' title='bbox 209 2963 310 3028; x_wconf 78' lang='grc' dir='ltr'><strong>τός</strong></span> <span class='ocrx_word' id='word_1_316' title='bbox 340 2978 434 3014; x_wconf 89' lang='grc' dir='ltr'><strong>σου</strong></span> <span class='ocrx_word' id='word_1_317' title='bbox 465 2961 653 3029; x_wconf 78' lang='grc' dir='ltr'>δέομαι</span> <span class='ocrx_word' id='word_1_318' title='bbox 693 2957 828 3028; x_wconf 81' lang='grc' dir='ltr'>πρὸς</span> <span class='ocrx_word' id='word_1_319' title='bbox 856 2956 918 3009; x_wconf 80' lang='grc' dir='ltr'><strong>τὸ</strong></span> <span class='ocrx_word' id='word_1_320' title='bbox 943 2953 1102 3026; x_wconf 78' lang='grc' dir='ltr'>ζῆσαί</span> <span class='ocrx_word' id='word_1_321' title='bbox 1139 2969 1228 3023; x_wconf 84' lang='grc' dir='ltr'><strong>με.</strong></span> 
     </span>
    </p>
   </div>
   <div class='ocr_carea' id='block_1_48' title="bbox 303 3034 1795 3118">
    <p class='ocr_par' dir='ltr' id='par_1_48' title="bbox 303 3034 1795 3118">
     <span class='ocr_line' id='line_1_48' title="bbox 303 3034 1795 3118; baseline -0.011 -14"><span class='ocrx_word' id='word_1_322' title='bbox 303 3047 486 3118; x_wconf 80' lang='grc' dir='ltr'><strong>Ἀρχὴ</strong></span> <span class='ocrx_word' id='word_1_323' title='bbox 508 3047 624 3112; x_wconf 74' lang='grc' dir='ltr'>τῶν</span> <span class='ocrx_word' id='word_1_324' title='bbox 645 3048 842 3116; x_wconf 75' lang='grc' dir='ltr'>λόγων</span> <span class='ocrx_word' id='word_1_325' title='bbox 861 3061 976 3098; x_wconf 89' lang='grc' dir='ltr'>σου</span> <span class='ocrx_word' id='word_1_326' title='bbox 1000 3041 1269 3108; x_wconf 71' lang='grc' dir='ltr'>ἀλήθεια.</span> <span class='ocrx_word' id='word_1_327' title='bbox 1297 3038 1445 3110; x_wconf 78' lang='grc' dir='ltr'>Αὕτη</span> <span class='ocrx_word' id='word_1_328' title='bbox 1470 3036 1659 3110; x_wconf 85' lang='grc' dir='ltr'>πρώτη</span> <span class='ocrx_word' id='word_1_329' title='bbox 1687 3034 1795 3089; x_wconf 85' lang='grc' dir='ltr'><strong>τῶν</strong></span> 
     </span>
    </p>
   </div>
   <div class='ocr_carea' id='block_1_49' title="bbox 213 3129 1799 3204">
    <p class='ocr_par' dir='ltr' id='par_1_49' title="bbox 213 3129 1799 3204">
     <span class='ocr_line' id='line_1_49' title="bbox 213 3129 1799 3204; baseline -0.008 -10"><span class='ocrx_word' id='word_1_330' title='bbox 213 3141 331 3195; x_wconf 82' lang='grc' dir='ltr'>σῶν</span> <span class='ocrx_word' id='word_1_331' title='bbox 357 3141 564 3193; x_wconf 84' lang='grc' dir='ltr'>δέδοται</span> <span class='ocrx_word' id='word_1_332' title='bbox 591 3136 840 3199; x_wconf 84' lang='grc' dir='ltr'>ἐντολῶν,</span> <span class='ocrx_word' id='word_1_333' title='bbox 869 3135 930 3187; x_wconf 82' lang='grc' dir='ltr'><strong>τὸ</strong></span> <span class='ocrx_word' id='word_1_334' title='bbox 952 3134 1236 3204; x_wconf 83' lang='grc' dir='ltr'>ἀληθεύειν</span> <span class='ocrx_word' id='word_1_335' title='bbox 1263 3135 1319 3185; x_wconf 91' lang='grc' dir='ltr'><strong>ἐν</strong></span> <span class='ocrx_word' id='word_1_336' title='bbox 1347 3133 1500 3197; x_wconf 84' lang='grc' dir='ltr'>πᾶσι,</span> <span class='ocrx_word' id='word_1_337' title='bbox 1536 3131 1632 3183; x_wconf 82' lang='grc' dir='ltr'><strong>καὶ</strong></span> <span class='ocrx_word' id='word_1_338' title='bbox 1663 3129 1799 3199; x_wconf 84' lang='grc' dir='ltr'>πρά-</span> 
     </span>
    </p>
   </div>
   <div class='ocr_carea' id='block_1_50' title="bbox 213 3225 1028 3300">
    <p class='ocr_par' dir='ltr' id='par_1_50' title="bbox 213 3225 1028 3300">
     <span class='ocr_line' id='line_1_50' title="bbox 213 3225 1028 3300; baseline -0.01 -14"><span class='ocrx_word' id='word_1_339' title='bbox 213 3232 324 3299; x_wconf 79' lang='grc' dir='ltr'>ξει,</span> <span class='ocrx_word' id='word_1_340' title='bbox 362 3231 454 3284; x_wconf 74' lang='grc' dir='ltr'><strong>καὶ</strong></span> <span class='ocrx_word' id='word_1_341' title='bbox 485 3229 647 3300; x_wconf 85' lang='grc' dir='ltr'>λόγῳ,</span> <span class='ocrx_word' id='word_1_342' title='bbox 683 3227 778 3282; x_wconf 81' lang='grc' dir='ltr'><strong>καὶ</strong></span> <span class='ocrx_word' id='word_1_343' title='bbox 801 3225 1028 3296; x_wconf 75' lang='grc' dir='ltr'>διανοίᾳ.</span> 
     </span>
    </p>
   </div>
   <div class='ocr_carea' id='block_1_51' title="bbox 290 3312 1792 3390">
    <p class='ocr_par' dir='ltr' id='par_1_51' title="bbox 290 3312 1792 3390">
     <span class='ocr_line' id='line_1_51' title="bbox 290 3312 1792 3390; baseline -0.008 -14"><span class='ocrx_word' id='word_1_344' title='bbox 290 3325 616 3390; x_wconf 75' lang='grc' dir='ltr'>Ἄρχοντες</span> <span class='ocrx_word' id='word_1_345' title='bbox 641 3316 1005 3380; x_wconf 77' lang='grc' dir='ltr'>κατεδίωξάν</span> <span class='ocrx_word' id='word_1_346' title='bbox 1019 3332 1095 3386; x_wconf 82' lang='grc' dir='ltr'><strong>με</strong></span> <span class='ocrx_word' id='word_1_347' title='bbox 1124 3313 1370 3381; x_wconf 83' lang='grc' dir='ltr'>δωρεάν.</span> <span class='ocrx_word' id='word_1_348' title='bbox 1425 3312 1675 3366; x_wconf 78' lang='grc' dir='ltr'>Ἔθλιϐόν</span> <span class='ocrx_word' id='word_1_349' title='bbox 1705 3329 1792 3382; x_wconf 91' lang='grc' dir='ltr'><strong>με,</strong></span> 
     </span>
    </p>
   </div>
   <div class='ocr_carea' id='block_1_52' title="bbox 209 3405 1797 3483">
    <p class='ocr_par' dir='ltr' id='par_1_52' title="bbox 209 3405 1797 3483">
     <span class='ocr_line' id='line_1_52' title="bbox 209 3405 1797 3483; baseline -0.006 -17"><span class='ocrx_word' id='word_1_350' title='bbox 209 3415 384 3483; x_wconf 65' lang='grc' dir='ltr'>φησιν</span> <span class='ocrx_word' id='word_1_351' title='bbox 404 3453 420 3477; x_wconf 94' lang='grc'><strong>,</strong></span> <span class='ocrx_word' id='word_1_352' title='bbox 455 3413 502 3465; x_wconf 81' lang='grc' dir='ltr'>οἱ</span> <span class='ocrx_word' id='word_1_353' title='bbox 530 3410 670 3465; x_wconf 83' lang='grc' dir='ltr'><strong>κατά</strong></span> <span class='ocrx_word' id='word_1_354' title='bbox 702 3409 924 3479; x_wconf 86' lang='grc' dir='ltr'>καιροὺς</span> <span class='ocrx_word' id='word_1_355' title='bbox 958 3407 1218 3478; x_wconf 81' lang='grc' dir='ltr'>ἄρχοντες</span> <span class='ocrx_word' id='word_1_356' title='bbox 1243 3445 1256 3468; x_wconf 90' lang='grc'><strong>,</strong></span> <span class='ocrx_word' id='word_1_357' title='bbox 1305 3405 1489 3476; x_wconf 79' lang='grc' dir='ltr'>ἐχθροὶ</span> <span class='ocrx_word' id='word_1_358' title='bbox 1517 3405 1667 3466; x_wconf 76' lang='grc' dir='ltr'>ὄντες</span> <span class='ocrx_word' id='word_1_359' title='bbox 1695 3405 1797 3470; x_wconf 84' lang='grc' dir='ltr'><strong>τῆς</strong></span> 
     </span>
    </p>
   </div>
   <div class='ocr_carea' id='block_1_53' title="bbox 209 3497 1795 3574">
    <p class='ocr_par' dir='ltr' id='par_1_53' title="bbox 209 3497 1795 3574">
     <span class='ocr_line' id='line_1_53' title="bbox 209 3497 1795 3574; baseline -0.006 -15"><span class='ocrx_word' id='word_1_360' title='bbox 209 3504 496 3574; x_wconf 82' lang='grc' dir='ltr'>ἀληθείας.</span> <span class='ocrx_word' id='word_1_361' title='bbox 545 3503 682 3556; x_wconf 84' lang='grc' dir='ltr'>Ἀλλ’</span> <span class='ocrx_word' id='word_1_362' title='bbox 723 3502 783 3555; x_wconf 88' lang='grc' dir='ltr'>οὐ</span> <span class='ocrx_word' id='word_1_363' title='bbox 819 3501 1033 3554; x_wconf 84' lang='grc' dir='ltr'>δέδοικα</span> <span class='ocrx_word' id='word_1_364' title='bbox 1061 3499 1158 3562; x_wconf 81' lang='grc' dir='ltr'>τὰς</span> <span class='ocrx_word' id='word_1_365' title='bbox 1185 3499 1410 3551; x_wconf 84' lang='grc' dir='ltr'>ἐκείνων</span> <span class='ocrx_word' id='word_1_366' title='bbox 1442 3498 1669 3566; x_wconf 66' lang='grc' dir='ltr'>θλίψεις,</span> <span class='ocrx_word' id='word_1_367' title='bbox 1702 3497 1795 3550; x_wconf 81' lang='grc' dir='ltr'><strong>τὸν</strong></span> 
     </span>
    </p>
   </div>
   <div class='ocr_carea' id='block_1_54' title="bbox 213 3584 1792 3664">
    <p class='ocr_par' dir='ltr' id='par_1_54' title="bbox 213 3584 1792 3664">
     <span class='ocr_line' id='line_1_54' title="bbox 213 3584 1792 3664; baseline -0.006 -12"><span class='ocrx_word' id='word_1_368' title='bbox 213 3598 311 3652; x_wconf 80' lang='grc' dir='ltr'><strong>σὸν</strong></span> <span class='ocrx_word' id='word_1_369' title='bbox 343 3596 499 3664; x_wconf 88' lang='grc' dir='ltr'>λόγον</span> <span class='ocrx_word' id='word_1_370' title='bbox 525 3593 795 3656; x_wconf 83' lang='grc' dir='ltr'>δεδοικώς.</span> <span class='ocrx_word' id='word_1_371' title='bbox 831 3594 942 3646; x_wconf 81' lang='grc' dir='ltr'>Καὶ</span> <span class='ocrx_word' id='word_1_372' title='bbox 975 3595 1126 3655; x_wconf 87' lang='grc' dir='ltr'>ποῖος</span> <span class='ocrx_word' id='word_1_373' title='bbox 1158 3584 1332 3654; x_wconf 73' lang='grc' dir='ltr'>οὗτος,</span> <span class='ocrx_word' id='word_1_374' title='bbox 1371 3590 1404 3661; x_wconf 83' lang='grc' dir='ltr'>ἢ</span> <span class='ocrx_word' id='word_1_375' title='bbox 1433 3590 1494 3642; x_wconf 83' lang='grc' dir='ltr'><strong>τό</strong></span> <span class='ocrx_word' id='word_1_376' title='bbox 1513 3607 1526 3620; x_wconf 85' lang='grc'><strong>·</strong></span> <span class='ocrx_word' id='word_1_377' title='bbox 1561 3589 1656 3656; x_wconf 81' lang='grc' dir='ltr'><strong>Μὴ</strong></span> <span class='ocrx_word' id='word_1_378' title='bbox 1686 3606 1792 3657; x_wconf 69' lang='grc' dir='ltr'><strong>φο-</strong></span> 
     </span>
    </p>
   </div>
   <div class='ocr_carea' id='block_1_55' title="bbox 213 3677 1797 3756">
    <p class='ocr_par' dir='ltr' id='par_1_55' title="bbox 213 3677 1797 3756">
     <span class='ocr_line' id='line_1_55' title="bbox 213 3677 1797 3756; baseline -0.006 -15"><span class='ocrx_word' id='word_1_379' title='bbox 213 3687 440 3756; x_wconf 72' lang='grc' dir='ltr'>ϐήθητε</span> <span class='ocrx_word' id='word_1_380' title='bbox 466 3686 584 3740; x_wconf 82' lang='grc' dir='ltr'><strong>ἀπὸ</strong></span> <span class='ocrx_word' id='word_1_381' title='bbox 615 3685 734 3738; x_wconf 83' lang='grc' dir='ltr'><strong>τῶν</strong></span> <span class='ocrx_word' id='word_1_382' title='bbox 763 3685 1238 3738; x_wconf 80' lang='grc' dir='ltr'>ἀποκτεινόντων</span> <span class='ocrx_word' id='word_1_383' title='bbox 1265 3681 1331 3734; x_wconf 83' lang='grc' dir='ltr'>τὸ</span> <span class='ocrx_word' id='word_1_384' title='bbox 1363 3681 1563 3750; x_wconf 84' lang='grc' dir='ltr'>σῶμα,</span> <span class='ocrx_word' id='word_1_385' title='bbox 1586 3679 1702 3746; x_wconf 80' lang='grc' dir='ltr'>τὴν</span> <span class='ocrx_word' id='word_1_386' title='bbox 1728 3677 1797 3731; x_wconf 77' lang='grc' dir='ltr'>δὲ</span> 
     </span>
    </p>
   </div>
   <div class='ocr_carea' id='block_1_56' title="bbox 209 3767 1796 3842">
    <p class='ocr_par' dir='ltr' id='par_1_56' title="bbox 209 3767 1796 3842">
     <span class='ocr_line' id='line_1_56' title="bbox 209 3767 1796 3842; baseline -0.005 -14"><span class='ocrx_word' id='word_1_387' title='bbox 209 3773 432 3842; x_wconf 65' lang='grc' dir='ltr'><strong>ψυχὴν</strong></span> <span class='ocrx_word' id='word_1_388' title='bbox 467 3772 811 3827; x_wconf 81' lang='grc' dir='ltr'>ἀποκτεῖναι</span> <span class='ocrx_word' id='word_1_389' title='bbox 851 3770 937 3840; x_wconf 84' lang='grc' dir='ltr'>μὴ</span> <span class='ocrx_word' id='word_1_390' title='bbox 976 3769 1356 3840; x_wconf 75' lang='grc' dir='ltr'><strong>δυναμένων·</strong></span> <span class='ocrx_word' id='word_1_391' title='bbox 1401 3768 1696 3839; x_wconf 76' lang='grc' dir='ltr'>φοϐήθητε</span> <span class='ocrx_word' id='word_1_392' title='bbox 1728 3767 1796 3821; x_wconf 84' lang='grc' dir='ltr'>δὲ</span> 
     </span>
    </p>
   </div>
   <div class='ocr_carea' id='block_1_57' title="bbox 203 3853 1791 3935">
    <p class='ocr_par' dir='ltr' id='par_1_57' title="bbox 203 3853 1791 3935">
     <span class='ocr_line' id='line_1_57' title="bbox 203 3853 1791 3935; baseline -0.003 -17"><span class='ocrx_word' id='word_1_393' title='bbox 203 3853 455 3935; x_wconf 71' lang='grc' dir='ltr'>μᾶλλον</span> <span class='ocrx_word' id='word_1_394' title='bbox 474 3865 579 3917; x_wconf 84' lang='grc' dir='ltr'>τὸν</span> <span class='ocrx_word' id='word_1_395' title='bbox 603 3863 942 3932; x_wconf 83' lang='grc' dir='ltr'><strong>δυνάμενον</strong></span> <span class='ocrx_word' id='word_1_396' title='bbox 966 3863 1065 3916; x_wconf 77' lang='grc' dir='ltr'>καὶ</span> <span class='ocrx_word' id='word_1_397' title='bbox 1094 3861 1306 3931; x_wconf 72' lang='grc' dir='ltr'>ψυχὴν</span> <span class='ocrx_word' id='word_1_398' title='bbox 1332 3861 1430 3915; x_wconf 80' lang='grc' dir='ltr'>καὶ</span> <span class='ocrx_word' id='word_1_399' title='bbox 1449 3859 1620 3930; x_wconf 84' lang='grc' dir='ltr'>σῶμα</span> <span class='ocrx_word' id='word_1_400' title='bbox 1646 3861 1791 3915; x_wconf 80' lang='grc' dir='ltr'>ἀπο-</span> 
     </span>
    </p>
   </div>
   <div class='ocr_carea' id='block_1_58' title="bbox 206 3955 835 4024">
    <p class='ocr_par' dir='ltr' id='par_1_58' title="bbox 206 3955 835 4024">
     <span class='ocr_line' id='line_1_58' title="bbox 206 3955 835 4024; baseline -0.006 -12"><span class='ocrx_word' id='word_1_401' title='bbox 206 3957 397 4012; x_wconf 67' lang='grc' dir='ltr'>λέσαι</span> <span class='ocrx_word' id='word_1_402' title='bbox 426 3958 474 4009; x_wconf 85' lang='grc' dir='ltr'>εὶ</span> <span class='ocrx_word' id='word_1_403' title='bbox 481 3976 509 4021; x_wconf 87' lang='grc' dir='ltr'><strong>ς</strong></span> <span class='ocrx_word' id='word_1_404' title='bbox 539 3955 796 4024; x_wconf 77' lang='grc' dir='ltr'>τεέν-νην</span> <span class='ocrx_word' id='word_1_405' title='bbox 817 3971 835 4017; x_wconf 87' lang='grc'><em>;</em></span> 
     </span>
    </p>
   </div>
   <div class='ocr_carea' id='block_1_59' title="bbox 296 4043 1796 4116">
    <p class='ocr_par' dir='ltr' id='par_1_59' title="bbox 296 4043 1796 4116">
     <span class='ocr_line' id='line_1_59' title="bbox 296 4043 1796 4116; baseline -0.003 -15"><span class='ocrx_word' id='word_1_406' title='bbox 296 4045 765 4116; x_wconf 67' lang='grc' dir='ltr'>Ἀγαλλιὰσομαι</span> <span class='ocrx_word' id='word_1_407' title='bbox 815 4047 930 4115; x_wconf 63' lang='grc' dir='ltr'><strong>ἐγὼ</strong></span> <span class='ocrx_word' id='word_1_408' title='bbox 973 4046 1072 4099; x_wconf 83' lang='grc' dir='ltr'><strong>ἐπὶ</strong></span> <span class='ocrx_word' id='word_1_409' title='bbox 1120 4046 1191 4099; x_wconf 84' lang='grc' dir='ltr'>τὰ</span> <span class='ocrx_word' id='word_1_410' title='bbox 1212 4044 1385 4113; x_wconf 70' lang='grc' dir='ltr'>λόγιά</span> <span class='ocrx_word' id='word_1_411' title='bbox 1427 4059 1564 4106; x_wconf 85' lang='grc' dir='ltr'>σου,</span> <span class='ocrx_word' id='word_1_412' title='bbox 1633 4043 1713 4108; x_wconf 87' lang='grc' dir='ltr'>ὠς</span> <span class='ocrx_word' id='word_1_413' title='bbox 1764 4045 1796 4096; x_wconf 84' lang='grc' dir='ltr'><strong>ό</strong></span> 
     </span>
    </p>
   </div>
   <div class='ocr_carea' id='block_1_60' title="bbox 206 4135 1796 4209">
    <p class='ocr_par' dir='ltr' id='par_1_60' title="bbox 206 4135 1796 4209">
     <span class='ocr_line' id='line_1_60' title="bbox 206 4135 1796 4209; baseline -0.004 -15"><span class='ocrx_word' id='word_1_414' title='bbox 206 4141 513 4209; x_wconf 82' lang='grc' dir='ltr'>εὑρίσκων</span> <span class='ocrx_word' id='word_1_415' title='bbox 557 4140 761 4193; x_wconf 74' lang='grc' dir='ltr'>σκῦλα</span> <span class='ocrx_word' id='word_1_416' title='bbox 811 4137 1030 4193; x_wconf 75' lang='grc' dir='ltr'><strong>πολλὰ.</strong></span> <span class='ocrx_word' id='word_1_417' title='bbox 1095 4140 1168 4192; x_wconf 85' lang='grc' dir='ltr'><strong>Οὐ</strong></span> <span class='ocrx_word' id='word_1_418' title='bbox 1225 4137 1375 4208; x_wconf 77' lang='grc' dir='ltr'>φόϐῳ</span> <span class='ocrx_word' id='word_1_419' title='bbox 1408 4137 1465 4191; x_wconf 84' lang='grc' dir='ltr'><strong>δὲ</strong></span> <span class='ocrx_word' id='word_1_420' title='bbox 1507 4137 1665 4206; x_wconf 84' lang='grc' dir='ltr'>μόνον</span> <span class='ocrx_word' id='word_1_421' title='bbox 1698 4135 1796 4206; x_wconf 77' lang='grc' dir='ltr'>τὴν</span> 
     </span>
    </p>
   </div>
   <div class='ocr_carea' id='block_1_61' title="bbox 207 4227 1795 4303">
    <p class='ocr_par' dir='ltr' id='par_1_61' title="bbox 207 4227 1795 4303">
     <span class='ocr_line' id='line_1_61' title="bbox 207 4227 1795 4303; baseline -0.004 -17"><span class='ocrx_word' id='word_1_422' title='bbox 207 4231 462 4303; x_wconf 73' lang='grc' dir='ltr'>ὑπακοὴν</span> <span class='ocrx_word' id='word_1_423' title='bbox 493 4232 592 4303; x_wconf 82' lang='grc' dir='ltr'>τὴν</span> <span class='ocrx_word' id='word_1_424' title='bbox 626 4231 762 4302; x_wconf 83' lang='grc' dir='ltr'>πρὸς</span> <span class='ocrx_word' id='word_1_425' title='bbox 817 4233 943 4294; x_wconf 86' lang='grc' dir='ltr'>τοὺς</span> <span class='ocrx_word' id='word_1_426' title='bbox 998 4230 1176 4293; x_wconf 86' lang='grc' dir='ltr'>θείους</span> <span class='ocrx_word' id='word_1_427' title='bbox 1219 4229 1410 4297; x_wconf 85' lang='grc' dir='ltr'>λόγους</span> <span class='ocrx_word' id='word_1_428' title='bbox 1467 4227 1795 4299; x_wconf 81' lang='grc' dir='ltr'>πεποιῆσθαί</span> 
     </span>
    </p>
   </div>
   <div class='ocr_carea' id='block_1_62' title="bbox 206 4318 1793 4394">
    <p class='ocr_par' dir='ltr' id='par_1_62' title="bbox 206 4318 1793 4394">
     <span class='ocr_line' id='line_1_62' title="bbox 206 4318 1793 4394; baseline -0.004 -17"><span class='ocrx_word' id='word_1_429' title='bbox 206 4341 380 4394; x_wconf 78' lang='grc' dir='ltr'>φησιν</span> <span class='ocrx_word' id='word_1_430' title='bbox 399 4363 414 4388; x_wconf 94' lang='grc'><strong>,</strong></span> <span class='ocrx_word' id='word_1_431' title='bbox 451 4322 585 4376; x_wconf 87' lang='grc' dir='ltr'><strong>ἀλλά</strong></span> <span class='ocrx_word' id='word_1_432' title='bbox 616 4323 710 4374; x_wconf 79' lang='grc' dir='ltr'>καὶ</span> <span class='ocrx_word' id='word_1_433' title='bbox 734 4324 878 4393; x_wconf 86' lang='grc' dir='ltr'>χαρᾷ</span> <span class='ocrx_word' id='word_1_434' title='bbox 897 4361 911 4384; x_wconf 93' lang='grc'><strong>,</strong></span> <span class='ocrx_word' id='word_1_435' title='bbox 947 4322 1066 4390; x_wconf 70' lang='grc' dir='ltr'>ἥτις</span> <span class='ocrx_word' id='word_1_436' title='bbox 1096 4321 1188 4372; x_wconf 75' lang='grc' dir='ltr'><strong>ἐπὶ</strong></span> <span class='ocrx_word' id='word_1_437' title='bbox 1219 4319 1431 4390; x_wconf 83' lang='grc' dir='ltr'>πλούτῳ</span> <span class='ocrx_word' id='word_1_438' title='bbox 1457 4323 1637 4390; x_wconf 81' lang='grc' dir='ltr'>χαίρει</span> <span class='ocrx_word' id='word_1_439' title='bbox 1662 4318 1793 4371; x_wconf 81' lang='grc' dir='ltr'>πολ-</span> 
     </span>
    </p>
   </div>
   <div class='ocr_carea' id='block_1_63' title="bbox 1903 1863 2316 1932">
    <p class='ocr_par' dir='ltr' id='par_1_63' title="bbox 1903 1863 2316 1932">
     <span class='ocr_line' id='line_1_63' title="bbox 1903 1863 2316 1932; baseline -0.01 -14"><span class='ocrx_word' id='word_1_440' title='bbox 1903 1879 1932 1918; x_wconf 90' lang='lat' dir='ltr'><strong>a</strong></span> <span class='ocrx_word' id='word_1_441' title='bbox 1960 1865 2142 1917; x_wconf 86' lang='lat' dir='ltr'><strong>divina</strong></span> <span class='ocrx_word' id='word_1_442' title='bbox 2179 1863 2316 1932; x_wconf 81' lang='lat' dir='ltr'><strong>lege.</strong></span> 
     </span>
    </p>
   </div>
   <div class='ocr_carea' id='block_1_64' title="bbox 1978 1951 3479 2016">
    <p class='ocr_par' dir='ltr' id='par_1_64' title="bbox 1978 1951 3479 2016">
     <span class='ocr_line' id='line_1_64' title="bbox 1978 1951 3479 2016; baseline -0.003 -6"><span class='ocrx_word' id='word_1_443' title='bbox 1978 1955 2104 2010; x_wconf 87' lang='grc'>156.</span> <span class='ocrx_word' id='word_1_444' title='bbox 2161 1951 2544 2008; x_wconf 67' lang='lat' dir='ltr'><strong>Misericordia</strong></span> <span class='ocrx_word' id='word_1_445' title='bbox 2593 1964 2698 2006; x_wconf 77' lang='lat' dir='ltr'><strong>tua:</strong></span> <span class='ocrx_word' id='word_1_446' title='bbox 2755 1954 2968 2016; x_wconf 80' lang='lat' dir='ltr'><strong>mutue,</strong></span> <span class='ocrx_word' id='word_1_447' title='bbox 3022 1953 3266 2009; x_wconf 87' lang='lat' dir='ltr'><strong>Domine.</strong></span> <span class='ocrx_word' id='word_1_448' title='bbox 3322 1951 3479 2016; x_wconf 85' lang='lat' dir='ltr'><strong>Novi,</strong></span> 
     </span>
    </p>
   </div>
   <div class='ocr_carea' id='block_1_65' title="bbox 1901 2042 3482 2112">
    <p class='ocr_par' dir='ltr' id='par_1_65' title="bbox 1901 2042 3482 2112">
     <span class='ocr_line' id='line_1_65' title="bbox 1901 2042 3482 2112; baseline -0.002 -13"><span class='ocrx_word' id='word_1_449' title='bbox 1901 2045 2100 2112; x_wconf 86' lang='lat' dir='ltr'><strong>inquit,</strong></span> <span class='ocrx_word' id='word_1_450' title='bbox 2135 2053 2186 2099; x_wconf 89' lang='lat' dir='ltr'><strong>te</strong></span> <span class='ocrx_word' id='word_1_451' title='bbox 2209 2045 2556 2099; x_wconf 85' lang='lat' dir='ltr'><strong>testilicatum</strong></span> <span class='ocrx_word' id='word_1_452' title='bbox 2575 2057 2699 2095; x_wconf 89' lang='lat' dir='ltr'><strong>esse</strong></span> <span class='ocrx_word' id='word_1_453' title='bbox 2717 2043 2896 2102; x_wconf 75' lang='lat' dir='ltr'><strong>nobis,</strong></span> <span class='ocrx_word' id='word_1_454' title='bbox 2929 2053 3196 2112; x_wconf 66' lang='lat' dir='ltr'><strong>praecepta</strong></span> <span class='ocrx_word' id='word_1_455' title='bbox 3216 2051 3306 2096; x_wconf 86' lang='lat' dir='ltr'><strong>tua</strong></span> <span class='ocrx_word' id='word_1_456' title='bbox 3327 2042 3482 2096; x_wconf 80' lang='lat' dir='ltr'><strong>ﬁrma</strong></span> 
     </span>
    </p>
   </div>
   <div class='ocr_carea' id='block_1_66' title="bbox 1901 2133 3481 2204">
    <p class='ocr_par' dir='ltr' id='par_1_66' title="bbox 1901 2133 3481 2204">
     <span class='ocr_line' id='line_1_66' title="bbox 1901 2133 3481 2204; baseline -0.001 -14"><span class='ocrx_word' id='word_1_457' title='bbox 1901 2143 1956 2190; x_wconf 87' lang='lat' dir='ltr'><strong>et</strong></span> <span class='ocrx_word' id='word_1_458' title='bbox 1988 2137 2211 2189; x_wconf 87' lang='lat' dir='ltr'><strong>immota</strong></span> <span class='ocrx_word' id='word_1_459' title='bbox 2263 2151 2406 2190; x_wconf 85' lang='lat' dir='ltr'><strong>esse.</strong></span> <span class='ocrx_word' id='word_1_460' title='bbox 2452 2133 2567 2188; x_wconf 89' lang='lat' dir='ltr'><strong>Hoc</strong></span> <span class='ocrx_word' id='word_1_461' title='bbox 2606 2134 2752 2186; x_wconf 89' lang='lat' dir='ltr'><strong>enim</strong></span> <span class='ocrx_word' id='word_1_462' title='bbox 2783 2133 3053 2204; x_wconf 73' lang='lat' dir='ltr'><strong>signiﬁcat</strong></span> <span class='ocrx_word' id='word_1_463' title='bbox 3093 2137 3150 2188; x_wconf 91' lang='lat' dir='ltr'><strong>in</strong></span> <span class='ocrx_word' id='word_1_464' title='bbox 3201 2133 3481 2204; x_wconf 70' lang='lat' dir='ltr'><strong>superiore</strong></span> 
     </span>
    </p>
   </div>
   <div class='ocr_carea' id='block_1_67' title="bbox 1901 2225 3122 2294">
    <p class='ocr_par' dir='ltr' id='par_1_67' title="bbox 1901 2225 3122 2294">
     <span class='ocr_line' id='line_1_67' title="bbox 1901 2225 3122 2294; baseline 0 -14"><span class='ocrx_word' id='word_1_465' title='bbox 1901 2242 2062 2280; x_wconf 82' lang='lat' dir='ltr'><strong>versu</strong></span> <span class='ocrx_word' id='word_1_466' title='bbox 2090 2245 2103 2279; x_wconf 90' lang='lat'><strong>:</strong></span> <span class='ocrx_word' id='word_1_467' title='bbox 2133 2225 2300 2279; x_wconf 80' lang='lat' dir='ltr'><strong>Initio</strong></span> <span class='ocrx_word' id='word_1_468' title='bbox 2317 2227 2533 2294; x_wconf 85' lang='lat' dir='ltr'><strong>cognovi</strong></span> <span class='ocrx_word' id='word_1_469' title='bbox 2562 2227 2626 2280; x_wconf 90' lang='lat' dir='ltr'><strong>de</strong></span> <span class='ocrx_word' id='word_1_470' title='bbox 2651 2228 2964 2281; x_wconf 75' lang='lat' dir='ltr'><strong>testimoniis</strong></span> <span class='ocrx_word' id='word_1_471' title='bbox 2996 2229 3122 2280; x_wconf 85' lang='lat' dir='ltr'><strong>tuis.</strong></span> 
     </span>
    </p>
   </div>
   <div class='ocr_carea' id='block_1_68' title="bbox 1975 2314 3477 2386">
    <p class='ocr_par' dir='ltr' id='par_1_68' title="bbox 1975 2314 3477 2386">
     <span class='ocr_line' id='line_1_68' title="bbox 1975 2314 3477 2386; baseline -0.001 -16"><span class='ocrx_word' id='word_1_472' title='bbox 1975 2315 2100 2370; x_wconf 88' lang='grc'>158.</span> <span class='ocrx_word' id='word_1_473' title='bbox 2142 2316 2261 2370; x_wconf 83' lang='lat' dir='ltr'><strong>Vidi</strong></span> <span class='ocrx_word' id='word_1_474' title='bbox 2281 2317 2710 2386; x_wconf 70' lang='lat' dir='ltr'><strong>prwvaricantes,</strong></span> <span class='ocrx_word' id='word_1_475' title='bbox 2760 2327 2810 2370; x_wconf 83' lang='lat' dir='ltr'><strong>et</strong></span> <span class='ocrx_word' id='word_1_476' title='bbox 2856 2318 3200 2371; x_wconf 84' lang='lat' dir='ltr'><strong>tabescebam.</strong></span> <span class='ocrx_word' id='word_1_477' title='bbox 3235 2314 3292 2370; x_wconf 87' lang='lat' dir='ltr'><strong>Si</strong></span> <span class='ocrx_word' id='word_1_478' title='bbox 3315 2330 3477 2386; x_wconf 87' lang='lat' dir='ltr'><strong>quem</strong></span> 
     </span>
    </p>
   </div>
   <div class='ocr_carea' id='block_1_69' title="bbox 1901 2407 3479 2479">
    <p class='ocr_par' dir='ltr' id='par_1_69' title="bbox 1901 2407 3479 2479">
     <span class='ocr_line' id='line_1_69' title="bbox 1901 2407 3479 2479; baseline 0 -17"><span class='ocrx_word' id='word_1_479' title='bbox 1901 2409 2151 2463; x_wconf 82' lang='lat' dir='ltr'><strong>videbam</strong></span> <span class='ocrx_word' id='word_1_480' title='bbox 2179 2424 2288 2461; x_wconf 90' lang='lat' dir='ltr'><strong>non</strong></span> <span class='ocrx_word' id='word_1_481' title='bbox 2321 2407 2740 2479; x_wconf 80' lang='lat' dir='ltr'><strong>inlelligentem,</strong></span> <span class='ocrx_word' id='word_1_482' title='bbox 2782 2409 2903 2478; x_wconf 89' lang='lat' dir='ltr'><strong>ejus</strong></span> <span class='ocrx_word' id='word_1_483' title='bbox 2929 2425 3095 2464; x_wconf 89' lang='lat' dir='ltr'><strong>causa</strong></span> <span class='ocrx_word' id='word_1_484' title='bbox 3117 2423 3182 2462; x_wconf 81' lang='lat' dir='ltr'><strong>ex</strong></span> <span class='ocrx_word' id='word_1_485' title='bbox 3215 2407 3331 2462; x_wconf 87' lang='lat' dir='ltr'><strong>zelo</strong></span> <span class='ocrx_word' id='word_1_486' title='bbox 3365 2408 3479 2476; x_wconf 82' lang='lat' dir='ltr'><strong>pie-</strong></span> 
     </span>
    </p>
   </div>
   <div class='ocr_carea' id='block_1_70' title="bbox 1901 2499 2544 2569">
    <p class='ocr_par' dir='ltr' id='par_1_70' title="bbox 1901 2499 2544 2569">
     <span class='ocr_line' id='line_1_70' title="bbox 1901 2499 2544 2569; baseline -0.003 -15"><span class='ocrx_word' id='word_1_487' title='bbox 1901 2501 2030 2554; x_wconf 82' lang='lat' dir='ltr'><strong>tatis</strong></span> <span class='ocrx_word' id='word_1_488' title='bbox 2048 2515 2148 2569; x_wconf 77' lang='lat' dir='ltr'><strong>ego</strong></span> <span class='ocrx_word' id='word_1_489' title='bbox 2175 2499 2544 2553; x_wconf 87' lang='lat' dir='ltr'><strong>tabesceham.</strong></span> 
     </span>
    </p>
   </div>
   <div class='ocr_carea' id='block_1_71' title="bbox 1973 2589 3476 2660">
    <p class='ocr_par' dir='ltr' id='par_1_71' title="bbox 1973 2589 3476 2660">
     <span class='ocr_line' id='line_1_71' title="bbox 1973 2589 3476 2660; baseline -0.001 -15"><span class='ocrx_word' id='word_1_490' title='bbox 1973 2593 2097 2646; x_wconf 87' lang='grc'>159.</span> <span class='ocrx_word' id='word_1_491' title='bbox 2151 2591 2279 2644; x_wconf 79' lang='lat' dir='ltr'><strong>Vide</strong></span> <span class='ocrx_word' id='word_1_492' title='bbox 2313 2591 2567 2660; x_wconf 89' lang='lat' dir='ltr'><strong>quoniam</strong></span> <span class='ocrx_word' id='word_1_493' title='bbox 2605 2592 2860 2644; x_wconf 90' lang='lat' dir='ltr'><strong>mandata</strong></span> <span class='ocrx_word' id='word_1_494' title='bbox 2891 2599 2982 2642; x_wconf 87' lang='lat' dir='ltr'><strong>tua</strong></span> <span class='ocrx_word' id='word_1_495' title='bbox 3012 2589 3196 2648; x_wconf 75' lang='lat' dir='ltr'><strong>dilexi.</strong></span> <span class='ocrx_word' id='word_1_496' title='bbox 3232 2589 3476 2644; x_wconf 80' lang='lat' dir='ltr'><strong>Domine.</strong></span> 
     </span>
    </p>
   </div>
   <div class='ocr_carea' id='block_1_72' title="bbox 1904 2679 3480 2752">
    <p class='ocr_par' dir='ltr' id='par_1_72' title="bbox 1904 2679 3480 2752">
     <span class='ocr_line' id='line_1_72' title="bbox 1904 2679 3480 2752; baseline 0 -16"><span class='ocrx_word' id='word_1_497' title='bbox 1904 2682 2128 2738; x_wconf 81' lang='lat' dir='ltr'><strong>Videbis</strong></span> <span class='ocrx_word' id='word_1_498' title='bbox 2144 2682 2290 2737; x_wconf 89' lang='lat' dir='ltr'><strong>enim</strong></span> <span class='ocrx_word' id='word_1_499' title='bbox 2319 2683 2372 2736; x_wconf 92' lang='lat' dir='ltr'><strong>in</strong></span> <span class='ocrx_word' id='word_1_500' title='bbox 2398 2698 2484 2736; x_wconf 88' lang='lat' dir='ltr'><strong>me</strong></span> <span class='ocrx_word' id='word_1_501' title='bbox 2513 2683 2782 2736; x_wconf 90' lang='lat' dir='ltr'><strong>bonorum</strong></span> <span class='ocrx_word' id='word_1_502' title='bbox 2814 2696 3042 2750; x_wconf 89' lang='lat' dir='ltr'><strong>operum</strong></span> <span class='ocrx_word' id='word_1_503' title='bbox 3078 2683 3330 2752; x_wconf 81' lang='lat' dir='ltr'><strong>vestigia.</strong></span> <span class='ocrx_word' id='word_1_504' title='bbox 3361 2679 3480 2736; x_wconf 87' lang='lat' dir='ltr'><strong>Non</strong></span> 
     </span>
    </p>
   </div>
   <div class='ocr_carea' id='block_1_73' title="bbox 1902 2774 3479 2840">
    <p class='ocr_par' dir='ltr' id='par_1_73' title="bbox 1902 2774 3479 2840">
     <span class='ocr_line' id='line_1_73' title="bbox 1902 2774 3479 2840; baseline -0.001 -9"><span class='ocrx_word' id='word_1_505' title='bbox 1902 2785 2113 2832; x_wconf 91' lang='lat' dir='ltr'><strong>tantum</strong></span> <span class='ocrx_word' id='word_1_506' title='bbox 2137 2777 2282 2830; x_wconf 88' lang='lat' dir='ltr'><strong>enim</strong></span> <span class='ocrx_word' id='word_1_507' title='bbox 2311 2775 2618 2840; x_wconf 80' lang='lat' dir='ltr'><strong>observavi,</strong></span> <span class='ocrx_word' id='word_1_508' title='bbox 2654 2775 2748 2829; x_wconf 92' lang='lat' dir='ltr'><strong>sed</strong></span> <span class='ocrx_word' id='word_1_509' title='bbox 2772 2775 2936 2828; x_wconf 89' lang='lat' dir='ltr'><strong>etiam</strong></span> <span class='ocrx_word' id='word_1_510' title='bbox 2955 2774 3140 2838; x_wconf 79' lang='lat' dir='ltr'><strong>dilexi,</strong></span> <span class='ocrx_word' id='word_1_511' title='bbox 3176 2774 3325 2828; x_wconf 85' lang='lat' dir='ltr'><strong>nulla</strong></span> <span class='ocrx_word' id='word_1_512' title='bbox 3344 2775 3393 2827; x_wconf 85' lang='lat' dir='ltr'><strong>vi</strong></span> <span class='ocrx_word' id='word_1_513' title='bbox 3411 2775 3479 2829; x_wconf 80' lang='lat' dir='ltr'><strong>ad</strong></span> 
     </span>
    </p>
   </div>
   <div class='ocr_carea' id='block_1_74' title="bbox 1905 2866 3476 2937">
    <p class='ocr_par' dir='ltr' id='par_1_74' title="bbox 1905 2866 3476 2937">
     <span class='ocr_line' id='line_1_74' title="bbox 1905 2866 3476 2937; baseline -0.003 -15"><span class='ocrx_word' id='word_1_514' title='bbox 1905 2883 1968 2922; x_wconf 90' lang='lat' dir='ltr'><strong>ea</strong></span> <span class='ocrx_word' id='word_1_515' title='bbox 1999 2867 2288 2937; x_wconf 89' lang='lat' dir='ltr'><strong>impulsus.</strong></span> <span class='ocrx_word' id='word_1_516' title='bbox 2318 2866 2519 2921; x_wconf 86' lang='lat' dir='ltr'><strong>Verum</strong></span> <span class='ocrx_word' id='word_1_517' title='bbox 2548 2866 2908 2921; x_wconf 86' lang='lat' dir='ltr'><strong>nihilominus</strong></span> <span class='ocrx_word' id='word_1_518' title='bbox 2941 2881 3072 2935; x_wconf 77' lang='lat' dir='ltr'><strong>rogo</strong></span> <span class='ocrx_word' id='word_1_519' title='bbox 3112 2876 3164 2920; x_wconf 90' lang='lat' dir='ltr'><strong>te</strong></span> <span class='ocrx_word' id='word_1_520' title='bbox 3195 2867 3476 2920; x_wconf 48' lang='lat' dir='ltr'><strong>miserata.</strong></span> 
     </span>
    </p>
   </div>
   <div class='ocr_carea' id='block_1_75' title="bbox 1901 2961 2532 3015">
    <p class='ocr_par' dir='ltr' id='par_1_75' title="bbox 1901 2961 2532 3015">
     <span class='ocr_line' id='line_1_75' title="bbox 1901 2961 2532 3015; baseline -0.003 -1"><span class='ocrx_word' id='word_1_521' title='bbox 1901 2975 2016 3015; x_wconf 88' lang='lat' dir='ltr'><strong>rem</strong></span> <span class='ocrx_word' id='word_1_522' title='bbox 2057 2970 2117 3014; x_wconf 88' lang='lat' dir='ltr'><strong>ut</strong></span> <span class='ocrx_word' id='word_1_523' title='bbox 2148 2961 2389 3015; x_wconf 82' lang='lat' dir='ltr'><strong>vivitices</strong></span> <span class='ocrx_word' id='word_1_524' title='bbox 2427 2975 2532 3013; x_wconf 91' lang='lat' dir='ltr'><strong>me.</strong></span> 
     </span>
    </p>
   </div>
   <div class='ocr_carea' id='block_1_76' title="bbox 1975 3047 3480 3121">
    <p class='ocr_par' dir='ltr' id='par_1_76' title="bbox 1975 3047 3480 3121">
     <span class='ocr_line' id='line_1_76' title="bbox 1975 3047 3480 3121; baseline -0.003 -15"><span class='ocrx_word' id='word_1_525' title='bbox 1975 3053 2099 3106; x_wconf 85' lang='grc'><strong>160.</strong></span> <span class='ocrx_word' id='word_1_526' title='bbox 2138 3053 2466 3121; x_wconf 87' lang='lat' dir='ltr'><strong>Principium</strong></span> <span class='ocrx_word' id='word_1_527' title='bbox 2515 3051 2788 3106; x_wconf 80' lang='lat' dir='ltr'><strong>uerborum</strong></span> <span class='ocrx_word' id='word_1_528' title='bbox 2843 3051 3316 3106; x_wconf 56' lang='lat' dir='ltr'><strong>tuorumweritas.</strong></span> <span class='ocrx_word' id='word_1_529' title='bbox 3364 3047 3480 3104; x_wconf 81' lang='lat' dir='ltr'><strong>Hoc</strong></span> 
     </span>
    </p>
   </div>
   <div class='ocr_carea' id='block_1_77' title="bbox 1901 3140 3477 3213">
    <p class='ocr_par' dir='ltr' id='par_1_77' title="bbox 1901 3140 3477 3213">
     <span class='ocr_line' id='line_1_77' title="bbox 1901 3140 3477 3213; baseline -0.001 -17"><span class='ocrx_word' id='word_1_530' title='bbox 1901 3145 2137 3213; x_wconf 90' lang='lat' dir='ltr'><strong>primum</strong></span> <span class='ocrx_word' id='word_1_531' title='bbox 2176 3153 2260 3196; x_wconf 86' lang='lat' dir='ltr'><strong>est</strong></span> <span class='ocrx_word' id='word_1_532' title='bbox 2285 3151 2679 3212; x_wconf 65' lang='lat' dir='ltr'><strong>praeceptorum</strong></span> <span class='ocrx_word' id='word_1_533' title='bbox 2705 3151 2947 3205; x_wconf 89' lang='lat' dir='ltr'><strong>tuorum,</strong></span> <span class='ocrx_word' id='word_1_534' title='bbox 2978 3149 3038 3195; x_wconf 88' lang='lat' dir='ltr'><strong>ut</strong></span> <span class='ocrx_word' id='word_1_535' title='bbox 3058 3157 3282 3197; x_wconf 79' lang='lat' dir='ltr'><strong>veraces</strong></span> <span class='ocrx_word' id='word_1_536' title='bbox 3303 3140 3477 3196; x_wconf 87' lang='lat' dir='ltr'><strong>simus</strong></span> 
     </span>
    </p>
   </div>
   <div class='ocr_carea' id='block_1_78' title="bbox 1897 3234 2929 3302">
    <p class='ocr_par' dir='ltr' id='par_1_78' title="bbox 1897 3234 2929 3302">
     <span class='ocr_line' id='line_1_78' title="bbox 1897 3234 2929 3302; baseline -0.005 -14"><span class='ocrx_word' id='word_1_537' title='bbox 1897 3235 1953 3288; x_wconf 90' lang='lat' dir='ltr'><strong>in</strong></span> <span class='ocrx_word' id='word_1_538' title='bbox 1983 3234 2261 3298; x_wconf 89' lang='lat' dir='ltr'><strong>omnibus,</strong></span> <span class='ocrx_word' id='word_1_539' title='bbox 2294 3248 2476 3302; x_wconf 85' lang='lat' dir='ltr'><strong>opere,</strong></span> <span class='ocrx_word' id='word_1_540' title='bbox 2507 3234 2694 3296; x_wconf 90' lang='lat' dir='ltr'><strong>verbo,</strong></span> <span class='ocrx_word' id='word_1_541' title='bbox 2729 3240 2929 3287; x_wconf 89' lang='lat' dir='ltr'><strong>mente.</strong></span> 
     </span>
    </p>
   </div>
   <div class='ocr_carea' id='block_1_79' title="bbox 1968 3319 3475 3392">
    <p class='ocr_par' dir='ltr' id='par_1_79' title="bbox 1968 3319 3475 3392">
     <span class='ocr_line' id='line_1_79' title="bbox 1968 3319 3475 3392; baseline -0.003 -15"><span class='ocrx_word' id='word_1_542' title='bbox 1968 3322 2090 3377; x_wconf 87' lang='grc'>161.</span> <span class='ocrx_word' id='word_1_543' title='bbox 2129 3321 2408 3390; x_wconf 87' lang='lat' dir='ltr'><strong>Principes</strong></span> <span class='ocrx_word' id='word_1_544' title='bbox 2447 3324 2702 3392; x_wconf 84' lang='lat' dir='ltr'><strong>persecuti</strong></span> <span class='ocrx_word' id='word_1_545' title='bbox 2742 3331 2863 3375; x_wconf 87' lang='lat' dir='ltr'><strong>sunt</strong></span> <span class='ocrx_word' id='word_1_546' title='bbox 2906 3337 2987 3375; x_wconf 91' lang='lat' dir='ltr'><strong>me</strong></span> <span class='ocrx_word' id='word_1_547' title='bbox 3019 3321 3208 3390; x_wconf 87' lang='lat' dir='ltr'><strong>gratis.</strong></span> <span class='ocrx_word' id='word_1_548' title='bbox 3247 3319 3352 3385; x_wconf 82' lang='lat' dir='ltr'><strong>Me,</strong></span> <span class='ocrx_word' id='word_1_549' title='bbox 3388 3319 3475 3373; x_wconf 87' lang='lat' dir='ltr'><strong>in-</strong></span> 
     </span>
    </p>
   </div>
   <div class='ocr_carea' id='block_1_80' title="bbox 1895 3410 3474 3484">
    <p class='ocr_par' dir='ltr' id='par_1_80' title="bbox 1895 3410 3474 3484">
     <span class='ocr_line' id='line_1_80' title="bbox 1895 3410 3474 3484; baseline -0.002 -16"><span class='ocrx_word' id='word_1_550' title='bbox 1895 3415 2035 3483; x_wconf 84' lang='lat' dir='ltr'><strong>quit,</strong></span> <span class='ocrx_word' id='word_1_551' title='bbox 2082 3414 2412 3484; x_wconf 79' lang='lat' dir='ltr'><strong>aﬂligebant,</strong></span> <span class='ocrx_word' id='word_1_552' title='bbox 2456 3413 2550 3482; x_wconf 90' lang='lat' dir='ltr'><strong>qui</strong></span> <span class='ocrx_word' id='word_1_553' title='bbox 2600 3414 2768 3468; x_wconf 89' lang='lat' dir='ltr'><strong>variis</strong></span> <span class='ocrx_word' id='word_1_554' title='bbox 2813 3413 3150 3482; x_wconf 89' lang='lat' dir='ltr'><strong>temporibus</strong></span> <span class='ocrx_word' id='word_1_555' title='bbox 3200 3410 3474 3481; x_wconf 89' lang='lat' dir='ltr'><strong>principes</strong></span> 
     </span>
    </p>
   </div>
   <div class='ocr_carea' id='block_1_81' title="bbox 1897 3507 3476 3576">
    <p class='ocr_par' dir='ltr' id='par_1_81' title="bbox 1897 3507 3476 3576">
     <span class='ocr_line' id='line_1_81' title="bbox 1897 3507 3476 3576; baseline -0.003 -15"><span class='ocrx_word' id='word_1_556' title='bbox 1897 3507 2069 3571; x_wconf 79' lang='lat' dir='ltr'><strong>fuere,</strong></span> <span class='ocrx_word' id='word_1_557' title='bbox 2107 3517 2294 3576; x_wconf 90' lang='lat' dir='ltr'><strong>utpote</strong></span> <span class='ocrx_word' id='word_1_558' title='bbox 2331 3507 2576 3563; x_wconf 84' lang='lat' dir='ltr'><strong>veritatis</strong></span> <span class='ocrx_word' id='word_1_559' title='bbox 2619 3507 2843 3562; x_wconf 85' lang='lat' dir='ltr'><strong>inimici.</strong></span> <span class='ocrx_word' id='word_1_560' title='bbox 2880 3507 2948 3561; x_wconf 91' lang='lat' dir='ltr'><strong>At</strong></span> <span class='ocrx_word' id='word_1_561' title='bbox 2989 3522 3178 3560; x_wconf 90' lang='lat' dir='ltr'><strong>eorum</strong></span> <span class='ocrx_word' id='word_1_562' title='bbox 3222 3520 3476 3574; x_wconf 86' lang='lat' dir='ltr'><strong>persecu-</strong></span> 
     </span>
    </p>
   </div>
   <div class='ocr_carea' id='block_1_82' title="bbox 1896 3595 3473 3663">
    <p class='ocr_par' dir='ltr' id='par_1_82' title="bbox 1896 3595 3473 3663">
     <span class='ocr_line' id='line_1_82' title="bbox 1896 3595 3473 3663; baseline -0.004 -11"><span class='ocrx_word' id='word_1_563' title='bbox 1896 3599 2072 3652; x_wconf 87' lang='lat' dir='ltr'><strong>tiones</strong></span> <span class='ocrx_word' id='word_1_564' title='bbox 2127 3612 2234 3651; x_wconf 90' lang='lat' dir='ltr'><strong>non</strong></span> <span class='ocrx_word' id='word_1_565' title='bbox 2281 3598 2598 3663; x_wconf 82' lang='lat' dir='ltr'><strong>reformido,</strong></span> <span class='ocrx_word' id='word_1_566' title='bbox 2645 3597 2738 3651; x_wconf 87' lang='lat' dir='ltr'><strong>sed</strong></span> <span class='ocrx_word' id='word_1_567' title='bbox 2796 3596 2970 3650; x_wconf 85' lang='lat' dir='ltr'><strong>solum</strong></span> <span class='ocrx_word' id='word_1_568' title='bbox 3019 3595 3244 3648; x_wconf 88' lang='lat' dir='ltr'><strong>verbum</strong></span> <span class='ocrx_word' id='word_1_569' title='bbox 3297 3604 3473 3646; x_wconf 90' lang='lat' dir='ltr'><strong>tuum.</strong></span> 
     </span>
    </p>
   </div>
   <div class='ocr_carea' id='block_1_83' title="bbox 1897 3683 3475 3756">
    <p class='ocr_par' dir='ltr' id='par_1_83' title="bbox 1897 3683 3475 3756">
     <span class='ocr_line' id='line_1_83' title="bbox 1897 3683 3475 3756; baseline -0.006 -12"><span class='ocrx_word' id='word_1_570' title='bbox 1897 3690 2185 3756; x_wconf 82' lang='lat' dir='ltr'><strong>Quodnam</strong></span> <span class='ocrx_word' id='word_1_571' title='bbox 2213 3690 2345 3744; x_wconf 87' lang='lat' dir='ltr'><strong>illud</strong></span> <span class='ocrx_word' id='word_1_572' title='bbox 2386 3699 2491 3755; x_wconf 87' lang='lat' dir='ltr'><strong>est,</strong></span> <span class='ocrx_word' id='word_1_573' title='bbox 2526 3690 2632 3744; x_wconf 88' lang='lat' dir='ltr'><strong>nisi</strong></span> <span class='ocrx_word' id='word_1_574' title='bbox 2667 3707 2680 3742; x_wconf 91' lang='lat'><strong>:</strong></span> <span class='ocrx_word' id='word_1_575' title='bbox 2727 3686 2908 3741; x_wconf 84' lang='lat' dir='ltr'><strong>Nolite</strong></span> <span class='ocrx_word' id='word_1_576' title='bbox 2943 3688 3128 3739; x_wconf 88' lang='lat' dir='ltr'><strong>timere</strong></span> <span class='ocrx_word' id='word_1_577' title='bbox 3170 3685 3234 3737; x_wconf 90' lang='lat' dir='ltr'><strong>ab</strong></span> <span class='ocrx_word' id='word_1_578' title='bbox 3277 3683 3344 3737; x_wconf 86' lang='lat' dir='ltr'><strong>iis</strong></span> <span class='ocrx_word' id='word_1_579' title='bbox 3384 3684 3475 3753; x_wconf 87' lang='lat' dir='ltr'><strong>qui</strong></span> 
     </span>
    </p>
   </div>
   <div class='ocr_carea' id='block_1_84' title="bbox 1897 3777 3474 3850">
    <p class='ocr_par' dir='ltr' id='par_1_84' title="bbox 1897 3777 3474 3850">
     <span class='ocr_line' id='line_1_84' title="bbox 1897 3777 3474 3850; baseline -0.005 -15"><span class='ocrx_word' id='word_1_580' title='bbox 1897 3782 2141 3835; x_wconf 89' lang='lat' dir='ltr'><strong>occidunt</strong></span> <span class='ocrx_word' id='word_1_581' title='bbox 2159 3798 2369 3850; x_wconf 88' lang='lat' dir='ltr'><strong>corpus,</strong></span> <span class='ocrx_word' id='word_1_582' title='bbox 2403 3781 2637 3834; x_wconf 89' lang='lat' dir='ltr'><strong>animam</strong></span> <span class='ocrx_word' id='word_1_583' title='bbox 2653 3790 2831 3834; x_wconf 84' lang='lat' dir='ltr'><strong>autem</strong></span> <span class='ocrx_word' id='word_1_584' title='bbox 2855 3797 2957 3832; x_wconf 92' lang='lat' dir='ltr'><strong>non</strong></span> <span class='ocrx_word' id='word_1_585' title='bbox 2976 3788 3189 3850; x_wconf 82' lang='lat' dir='ltr'><strong>possunt</strong></span> <span class='ocrx_word' id='word_1_586' title='bbox 3207 3777 3439 3828; x_wconf 86' lang='lat' dir='ltr'><strong>occidere</strong></span> <span class='ocrx_word' id='word_1_587' title='bbox 3456 3790 3474 3827; x_wconf 92' lang='lat'><strong><em>:</em></strong></span> 
     </span>
    </p>
   </div>
   <div class='ocr_carea' id='block_1_85' title="bbox 1897 3872 3478 3943">
    <p class='ocr_par' dir='ltr' id='par_1_85' title="bbox 1897 3872 3478 3943">
     <span class='ocr_line' id='line_1_85' title="bbox 1897 3872 3478 3943; baseline -0.006 -15"><span class='ocrx_word' id='word_1_588' title='bbox 1897 3875 1989 3928; x_wconf 84' lang='lat' dir='ltr'><strong>sed</strong></span> <span class='ocrx_word' id='word_1_589' title='bbox 2013 3874 2189 3943; x_wconf 84' lang='lat' dir='ltr'><strong>potius</strong></span> <span class='ocrx_word' id='word_1_590' title='bbox 2223 3875 2399 3926; x_wconf 86' lang='lat' dir='ltr'><strong>timete</strong></span> <span class='ocrx_word' id='word_1_591' title='bbox 2430 3889 2549 3927; x_wconf 90' lang='lat' dir='ltr'><strong>eum</strong></span> <span class='ocrx_word' id='word_1_592' title='bbox 2593 3873 2683 3939; x_wconf 87' lang='lat' dir='ltr'><strong>qui</strong></span> <span class='ocrx_word' id='word_1_593' title='bbox 2713 3881 2882 3941; x_wconf 85' lang='lat' dir='ltr'><strong>potest</strong></span> <span class='ocrx_word' id='word_1_594' title='bbox 2912 3882 2961 3925; x_wconf 89' lang='lat' dir='ltr'><strong>et</strong></span> <span class='ocrx_word' id='word_1_595' title='bbox 3003 3872 3238 3924; x_wconf 84' lang='lat' dir='ltr'><strong>animam</strong></span> <span class='ocrx_word' id='word_1_596' title='bbox 3266 3878 3315 3922; x_wconf 89' lang='lat' dir='ltr'><strong>et</strong></span> <span class='ocrx_word' id='word_1_597' title='bbox 3358 3883 3478 3920; x_wconf 80' lang='lat' dir='ltr'><strong>cor-</strong></span> 
     </span>
    </p>
   </div>
   <div class='ocr_carea' id='block_1_86' title="bbox 1895 3944 3529 4033">
    <p class='ocr_par' dir='ltr' id='par_1_86' title="bbox 1895 3944 3529 4033">
     <span class='ocr_line' id='line_1_86' title="bbox 1895 3944 3529 4033; baseline -0.004 -15"><span class='ocrx_word' id='word_1_598' title='bbox 1895 3981 1992 4033; x_wconf 84' lang='lat' dir='ltr'><strong>pus</strong></span> <span class='ocrx_word' id='word_1_599' title='bbox 2018 3964 2230 4032; x_wconf 84' lang='lat' dir='ltr'><strong>perdere</strong></span> <span class='ocrx_word' id='word_1_600' title='bbox 2252 3964 2307 4016; x_wconf 89' lang='lat' dir='ltr'><strong>in</strong></span> <span class='ocrx_word' id='word_1_601' title='bbox 2336 3965 2620 4032; x_wconf 79' lang='lat' dir='ltr'><strong>gehennam</strong></span> <span class='ocrx_word' id='word_1_602' title='bbox 2646 3964 2690 3993; x_wconf 87' lang='grc'><strong>⁷⁰</strong></span> <span class='ocrx_word' id='word_1_603' title='bbox 2717 3963 2738 4015; x_wconf 89' lang='lat'><strong>?</strong></span> <span class='ocrx_word' id='word_1_604' title='bbox 3522 3944 3529 3950; x_wconf 55' lang='grc'><em>’</em></span> 
     </span>
    </p>
   </div>
   <div class='ocr_carea' id='block_1_87' title="bbox 1973 4049 3476 4124">
    <p class='ocr_par' dir='ltr' id='par_1_87' title="bbox 1973 4049 3476 4124">
     <span class='ocr_line' id='line_1_87' title="bbox 1973 4049 3476 4124; baseline -0.006 -15"><span class='ocrx_word' id='word_1_605' title='bbox 1973 4055 2096 4109; x_wconf 74' lang='grc'>162.</span> <span class='ocrx_word' id='word_1_606' title='bbox 2133 4054 2382 4109; x_wconf 77' lang='lat' dir='ltr'><strong>Lwtabor</strong></span> <span class='ocrx_word' id='word_1_607' title='bbox 2424 4070 2518 4124; x_wconf 86' lang='lat' dir='ltr'><strong>ego</strong></span> <span class='ocrx_word' id='word_1_608' title='bbox 2562 4071 2718 4120; x_wconf 87' lang='lat' dir='ltr'><strong>super</strong></span> <span class='ocrx_word' id='word_1_609' title='bbox 2769 4053 2978 4123; x_wconf 83' lang='lat' dir='ltr'><strong>eloquia</strong></span> <span class='ocrx_word' id='word_1_610' title='bbox 3025 4063 3140 4116; x_wconf 91' lang='lat' dir='ltr'><strong>tua,</strong></span> <span class='ocrx_word' id='word_1_611' title='bbox 3190 4050 3328 4102; x_wconf 87' lang='lat' dir='ltr'><strong>sicut</strong></span> <span class='ocrx_word' id='word_1_612' title='bbox 3383 4049 3476 4118; x_wconf 88' lang='lat' dir='ltr'><strong>qui</strong></span> 
     </span>
    </p>
   </div>
   <div class='ocr_carea' id='block_1_88' title="bbox 1897 4141 3474 4216">
    <p class='ocr_par' dir='ltr' id='par_1_88' title="bbox 1897 4141 3474 4216">
     <span class='ocr_line' id='line_1_88' title="bbox 1897 4141 3474 4216; baseline -0.005 -15"><span class='ocrx_word' id='word_1_613' title='bbox 1897 4148 2092 4201; x_wconf 80' lang='lat' dir='ltr'><strong>invenit</strong></span> <span class='ocrx_word' id='word_1_614' title='bbox 2151 4147 2322 4216; x_wconf 84' lang='lat' dir='ltr'><strong>spolia</strong></span> <span class='ocrx_word' id='word_1_615' title='bbox 2377 4146 2568 4200; x_wconf 81' lang='lat' dir='ltr'><strong>multa.</strong></span> <span class='ocrx_word' id='word_1_616' title='bbox 2634 4143 2752 4200; x_wconf 88' lang='lat' dir='ltr'><strong>Non</strong></span> <span class='ocrx_word' id='word_1_617' title='bbox 2807 4145 3002 4198; x_wconf 89' lang='lat' dir='ltr'><strong>timore</strong></span> <span class='ocrx_word' id='word_1_618' title='bbox 3033 4153 3244 4198; x_wconf 87' lang='lat' dir='ltr'><strong>tantum</strong></span> <span class='ocrx_word' id='word_1_619' title='bbox 3297 4156 3354 4196; x_wconf 86' lang='lat' dir='ltr'><strong>se</strong></span> <span class='ocrx_word' id='word_1_620' title='bbox 3405 4141 3474 4194; x_wconf 86' lang='lat' dir='ltr'><strong>ad</strong></span> 
     </span>
    </p>
   </div>
   <div class='ocr_carea' id='block_1_89' title="bbox 1899 4232 3478 4308">
    <p class='ocr_par' dir='ltr' id='par_1_89' title="bbox 1899 4232 3478 4308">
     <span class='ocr_line' id='line_1_89' title="bbox 1899 4232 3478 4308; baseline -0.006 -15"><span class='ocrx_word' id='word_1_621' title='bbox 1899 4239 2308 4308; x_wconf 86' lang='lat' dir='ltr'><strong>obsequendum</strong></span> <span class='ocrx_word' id='word_1_622' title='bbox 2342 4237 2544 4292; x_wconf 86' lang='lat' dir='ltr'><strong>divinis</strong></span> <span class='ocrx_word' id='word_1_623' title='bbox 2573 4237 2756 4291; x_wconf 88' lang='lat' dir='ltr'><strong>verbis</strong></span> <span class='ocrx_word' id='word_1_624' title='bbox 2804 4235 3001 4290; x_wconf 87' lang='lat' dir='ltr'><strong>adduci</strong></span> <span class='ocrx_word' id='word_1_625' title='bbox 3045 4235 3141 4299; x_wconf 91' lang='lat' dir='ltr'><strong>ait,</strong></span> <span class='ocrx_word' id='word_1_626' title='bbox 3181 4233 3273 4288; x_wconf 89' lang='lat' dir='ltr'><strong>sed</strong></span> <span class='ocrx_word' id='word_1_627' title='bbox 3306 4232 3478 4286; x_wconf 52' lang='lat' dir='ltr'><strong>etiam.</strong></span> 
     </span>
    </p>
   </div>
   <div class='ocr_carea' id='block_1_90' title="bbox 1886 4329 3470 4400">
    <p class='ocr_par' dir='ltr' id='par_1_90' title="bbox 1886 4329 3470 4400">
     <span class='ocr_line' id='line_1_90' title="bbox 1886 4329 3470 4400; baseline -0.003 -17"><span class='ocrx_word' id='word_1_628' title='bbox 1886 4331 2120 4400; x_wconf 53' lang='lat' dir='ltr'><strong>gaudio,</strong></span> <span class='ocrx_word' id='word_1_629' title='bbox 2153 4331 2300 4399; x_wconf 88' lang='lat' dir='ltr'><strong>quod</strong></span> <span class='ocrx_word' id='word_1_630' title='bbox 2332 4331 2400 4384; x_wconf 90' lang='lat' dir='ltr'><strong>de</strong></span> <span class='ocrx_word' id='word_1_631' title='bbox 2447 4330 2686 4399; x_wconf 83' lang='lat' dir='ltr'><strong>acceptis</strong></span> <span class='ocrx_word' id='word_1_632' title='bbox 2729 4329 2935 4384; x_wconf 85' lang='lat' dir='ltr'><strong>divitiis</strong></span> <span class='ocrx_word' id='word_1_633' title='bbox 2979 4341 3331 4398; x_wconf 78' lang='lat' dir='ltr'><strong>permagnum</strong></span> <span class='ocrx_word' id='word_1_634' title='bbox 3367 4333 3470 4378; x_wconf 90' lang='lat' dir='ltr'><strong>est.</strong></span> 
     </span>
    </p>
   </div>
   <div class='ocr_carea' id='block_1_91' title="bbox 206 4411 1792 4489">
    <p class='ocr_par' dir='ltr' id='par_1_91' title="bbox 206 4411 1789 4482">
     <span class='ocr_line' id='line_1_91' title="bbox 206 4411 1789 4482; baseline -0.004 -13"><span class='ocrx_word' id='word_1_635' title='bbox 206 4414 298 4469; x_wconf 80' lang='grc' dir='ltr'>λά.</span> <span class='ocrx_word' id='word_1_636' title='bbox 363 4412 710 4482; x_wconf 79' lang='grc' dir='ltr'>Βεσαιωτέρα</span> <span class='ocrx_word' id='word_1_637' title='bbox 753 4411 810 4464; x_wconf 85' lang='grc' dir='ltr'>δὲ</span> <span class='ocrx_word' id='word_1_638' title='bbox 861 4413 1092 4482; x_wconf 80' lang='grc' dir='ltr'>τήρησις</span> <span class='ocrx_word' id='word_1_639' title='bbox 1138 4413 1170 4481; x_wconf 83' lang='grc' dir='ltr'><strong>ἡ</strong></span> <span class='ocrx_word' id='word_1_640' title='bbox 1209 4412 1265 4463; x_wconf 88' lang='grc' dir='ltr'><strong>ἐν</strong></span> <span class='ocrx_word' id='word_1_641' title='bbox 1318 4412 1460 4480; x_wconf 80' lang='grc' dir='ltr'>χαρᾷ</span> <span class='ocrx_word' id='word_1_642' title='bbox 1511 4411 1789 4480; x_wconf 82' lang='grc' dir='ltr'>γινομένη.</span> 
     </span>
    </p>
   </div>
   <div class='ocr_carea' id='block_1_92' title="bbox 1917 4411 3477 4489">
    <p class='ocr_par' dir='ltr' id='par_1_92' title="bbox 1917 4415 3477 4489">
     <span class='ocr_line' id='line_1_92' title="bbox 1917 4415 3477 4489; baseline -0.004 -14"><span class='ocrx_word' id='word_1_643' title='bbox 1917 4421 2138 4475; x_wconf 68' lang='lat' dir='ltr'><strong>Firmior</strong></span> <span class='ocrx_word' id='word_1_644' title='bbox 2165 4431 2347 4474; x_wconf 89' lang='lat' dir='ltr'><strong>autem</strong></span> <span class='ocrx_word' id='word_1_645' title='bbox 2371 4429 2454 4475; x_wconf 90' lang='lat' dir='ltr'><strong>est</strong></span> <span class='ocrx_word' id='word_1_646' title='bbox 2483 4419 2792 4474; x_wconf 86' lang='lat' dir='ltr'><strong>observatio</strong></span> <span class='ocrx_word' id='word_1_647' title='bbox 2821 4435 2885 4474; x_wconf 87' lang='lat' dir='ltr'><strong>ex</strong></span> <span class='ocrx_word' id='word_1_648' title='bbox 2909 4419 3106 4489; x_wconf 82' lang='lat' dir='ltr'><strong>gaudio</strong></span> <span class='ocrx_word' id='word_1_649' title='bbox 3136 4425 3310 4486; x_wconf 87' lang='lat' dir='ltr'><strong>parta.</strong></span> <span class='ocrx_word' id='word_1_650' title='bbox 3334 4415 3477 4470; x_wconf 87' lang='lat' dir='ltr'><strong>Cum</strong></span> 
     </span>
    </p>
   </div>
   <div class='ocr_carea' id='block_1_93' title="bbox 207 4501 1798 4574">
    <p class='ocr_par' dir='ltr' id='par_1_93' title="bbox 207 4501 1798 4574">
     <span class='ocr_line' id='line_1_93' title="bbox 207 4501 1798 4574; baseline -0.004 -15"><span class='ocrx_word' id='word_1_651' title='bbox 207 4505 496 4574; x_wconf 85' lang='grc' dir='ltr'>Πολεμίων</span> <span class='ocrx_word' id='word_1_652' title='bbox 516 4504 572 4557; x_wconf 86' lang='grc' dir='ltr'>δὲ</span> <span class='ocrx_word' id='word_1_653' title='bbox 594 4503 897 4557; x_wconf 85' lang='grc' dir='ltr'>διωκόντων</span> <span class='ocrx_word' id='word_1_654' title='bbox 923 4502 1199 4572; x_wconf 74' lang='grc' dir='ltr'>μνησθεὶς,</span> <span class='ocrx_word' id='word_1_655' title='bbox 1225 4503 1314 4554; x_wconf 75' lang='grc' dir='ltr'><strong>καὶ</strong></span> <span class='ocrx_word' id='word_1_656' title='bbox 1342 4501 1551 4554; x_wconf 86' lang='grc' dir='ltr'>σκύλων</span> <span class='ocrx_word' id='word_1_657' title='bbox 1573 4501 1798 4564; x_wconf 81' lang='grc' dir='ltr'>εἰκότως</span> 
     </span>
    </p>
   </div>
   <div class='ocr_carea' id='block_1_94' title="bbox 205 4593 1798 4668">
    <p class='ocr_par' dir='ltr' id='par_1_94' title="bbox 205 4593 1798 4668">
     <span class='ocr_line' id='line_1_94' title="bbox 205 4593 1798 4668; baseline -0.004 -16"><span class='ocrx_word' id='word_1_658' title='bbox 205 4595 481 4668; x_wconf 76' lang='grc' dir='ltr'>ἐμνήσθη.</span> <span class='ocrx_word' id='word_1_659' title='bbox 513 4597 627 4649; x_wconf 84' lang='grc' dir='ltr'>Οὐκ</span> <span class='ocrx_word' id='word_1_660' title='bbox 655 4595 720 4648; x_wconf 86' lang='grc' dir='ltr'><strong>ἂν</strong></span> <span class='ocrx_word' id='word_1_661' title='bbox 747 4595 878 4665; x_wconf 80' lang='grc' dir='ltr'>γὰρ,</span> <span class='ocrx_word' id='word_1_662' title='bbox 903 4595 1056 4665; x_wconf 66' lang='grc' dir='ltr'>φησι,</span> <span class='ocrx_word' id='word_1_663' title='bbox 1083 4594 1291 4656; x_wconf 82' lang='grc' dir='ltr'>πάντας</span> <span class='ocrx_word' id='word_1_664' title='bbox 1311 4593 1514 4648; x_wconf 79' lang='grc' dir='ltr'>ἀνελών</span> <span class='ocrx_word' id='word_1_665' title='bbox 1545 4595 1638 4647; x_wconf 80' lang='grc' dir='ltr'><strong>καὶ</strong></span> <span class='ocrx_word' id='word_1_666' title='bbox 1669 4611 1798 4647; x_wconf 91' lang='grc' dir='ltr'>σκυ-</span> 
     </span>
    </p>
   </div>
   <div class='ocr_carea' id='block_1_95' title="bbox 203 4685 1792 4758">
    <p class='ocr_par' dir='ltr' id='par_1_95' title="bbox 203 4685 1792 4758">
     <span class='ocr_line' id='line_1_95' title="bbox 203 4685 1792 4758; baseline -0.003 -15"><span class='ocrx_word' id='word_1_667' title='bbox 203 4688 434 4752; x_wconf 76' lang='grc' dir='ltr'>λεύσας,</span> <span class='ocrx_word' id='word_1_668' title='bbox 456 4687 708 4741; x_wconf 82' lang='grc' dir='ltr'>τοσοῦτον</span> <span class='ocrx_word' id='word_1_669' title='bbox 733 4686 937 4758; x_wconf 81' lang='grc' dir='ltr'>ᾠήθην,</span> <span class='ocrx_word' id='word_1_670' title='bbox 963 4685 1037 4748; x_wconf 85' lang='grc' dir='ltr'>ὼς</span> <span class='ocrx_word' id='word_1_671' title='bbox 1065 4686 1157 4738; x_wconf 80' lang='grc' dir='ltr'><strong>ἐπὶ</strong></span> <span class='ocrx_word' id='word_1_672' title='bbox 1177 4689 1290 4746; x_wconf 79' lang='grc' dir='ltr'>τοῖς</span> <span class='ocrx_word' id='word_1_673' title='bbox 1319 4685 1496 4754; x_wconf 81' lang='grc' dir='ltr'>λόγοις</span> <span class='ocrx_word' id='word_1_674' title='bbox 1519 4689 1632 4748; x_wconf 87' lang='grc' dir='ltr'>τοῖς</span> <span class='ocrx_word' id='word_1_675' title='bbox 1663 4689 1792 4748; x_wconf 83' lang='grc' dir='ltr'>σοῖς.</span> 
     </span>
    </p>
   </div>
   <div class='ocr_carea' id='block_1_96' title="bbox 207 4771 1791 4852">
    <p class='ocr_par' dir='ltr' id='par_1_96' title="bbox 207 4771 1791 4852">
     <span class='ocr_line' id='line_1_96' title="bbox 207 4771 1791 4852; baseline -0.004 -16"><span class='ocrx_word' id='word_1_676' title='bbox 207 4781 427 4852; x_wconf 87' lang='lat' dir='ltr'><strong>(Cord.)</strong></span> <span class='ocrx_word' id='word_1_677' title='bbox 459 4781 640 4844; x_wconf 86' lang='grc' dir='ltr'>Ποίοις</span> <span class='ocrx_word' id='word_1_678' title='bbox 689 4779 902 4846; x_wconf 87' lang='grc' dir='ltr'>λόγοις,</span> <span class='ocrx_word' id='word_1_679' title='bbox 953 4778 986 4847; x_wconf 83' lang='grc' dir='ltr'>ἢ</span> <span class='ocrx_word' id='word_1_680' title='bbox 1024 4778 1152 4849; x_wconf 80' lang='grc' dir='ltr'>περὶ</span> <span class='ocrx_word' id='word_1_681' title='bbox 1194 4771 1270 4830; x_wconf 82' lang='grc' dir='ltr'>ὧν</span> <span class='ocrx_word' id='word_1_682' title='bbox 1301 4777 1447 4845; x_wconf 85' lang='grc' dir='ltr'>λέγει</span> <span class='ocrx_word' id='word_1_683' title='bbox 1478 4779 1506 4829; x_wconf 89' lang='grc' dir='ltr'><strong>ό</strong></span> <span class='ocrx_word' id='word_1_684' title='bbox 1547 4776 1791 4840; x_wconf 80' lang='grc' dir='ltr'>Παῦλος·</span> 
     </span>
    </p>
   </div>
   <div class='ocr_carea' id='block_1_97' title="bbox 201 4868 1791 4944">
    <p class='ocr_par' dir='ltr' id='par_1_97' title="bbox 201 4868 1791 4944">
     <span class='ocr_line' id='line_1_97' title="bbox 201 4868 1791 4944; baseline -0.006 -13"><span class='ocrx_word' id='word_1_685' title='bbox 201 4873 438 4944; x_wconf 81' lang='grc' dir='ltr'>Πρῶτοι</span> <span class='ocrx_word' id='word_1_686' title='bbox 490 4878 602 4943; x_wconf 74' lang='grc' dir='ltr'>γὰρ</span> <span class='ocrx_word' id='word_1_687' title='bbox 648 4874 1092 4941; x_wconf 79' lang='grc' dir='ltr'>ἐπιστεύσαμεν</span> <span class='ocrx_word' id='word_1_688' title='bbox 1122 4870 1196 4923; x_wconf 83' lang='grc' dir='ltr'>τὰ</span> <span class='ocrx_word' id='word_1_689' title='bbox 1243 4870 1420 4940; x_wconf 74' lang='grc' dir='ltr'>λόγια</span> <span class='ocrx_word' id='word_1_690' title='bbox 1461 4869 1567 4922; x_wconf 85' lang='grc' dir='ltr'>τοῦ</span> <span class='ocrx_word' id='word_1_691' title='bbox 1622 4868 1791 4933; x_wconf 85' lang='grc' dir='ltr'>Θεοῦ,</span> 
     </span>
    </p>
   </div>
   <div class='ocr_carea' id='block_1_98' title="bbox 202 4964 1066 5038">
    <p class='ocr_par' dir='ltr' id='par_1_98' title="bbox 202 4964 1066 5038">
     <span class='ocr_line' id='line_1_98' title="bbox 202 4964 1066 5038; baseline -0.008 -15"><span class='ocrx_word' id='word_1_692' title='bbox 202 4967 343 5038; x_wconf 76' lang='grc' dir='ltr'>περὶ</span> <span class='ocrx_word' id='word_1_693' title='bbox 370 4967 479 5020; x_wconf 85' lang='grc' dir='ltr'><strong>τῶν</strong></span> <span class='ocrx_word' id='word_1_694' title='bbox 519 4965 788 5020; x_wconf 86' lang='grc' dir='ltr'>Ἰουδαίων</span> <span class='ocrx_word' id='word_1_695' title='bbox 821 4964 1066 5034; x_wconf 79' lang='grc' dir='ltr'>φάσκων.</span> 
     </span>
    </p>
   </div>
   <div class='ocr_carea' id='block_1_99' title="bbox 275 5052 1796 5126">
    <p class='ocr_par' dir='ltr' id='par_1_99' title="bbox 275 5052 1796 5126">
     <span class='ocr_line' id='line_1_99' title="bbox 275 5052 1796 5126; baseline -0.007 -12"><span class='ocrx_word' id='word_1_696' title='bbox 275 5057 542 5114; x_wconf 80' lang='grc' dir='ltr'>Ἀδικίαν</span> <span class='ocrx_word' id='word_1_697' title='bbox 555 5057 842 5126; x_wconf 80' lang='grc' dir='ltr'>ἐμίσησα,</span> <span class='ocrx_word' id='word_1_698' title='bbox 862 5074 916 5109; x_wconf 90' lang='grc' dir='ltr'><strong>κ.</strong></span> <span class='ocrx_word' id='word_1_699' title='bbox 935 5073 985 5107; x_wconf 86' lang='grc' dir='ltr'><strong>τ.</strong></span> <span class='ocrx_word' id='word_1_700' title='bbox 1004 5055 1054 5107; x_wconf 88' lang='grc' dir='ltr'><strong>λ.</strong></span> <span class='ocrx_word' id='word_1_701' title='bbox 1072 5055 1147 5108; x_wconf 85' lang='grc' dir='ltr'><strong>Οὐ</strong></span> <span class='ocrx_word' id='word_1_702' title='bbox 1168 5053 1277 5124; x_wconf 82' lang='grc' dir='ltr'><strong>γὰρ</strong></span> <span class='ocrx_word' id='word_1_703' title='bbox 1309 5053 1430 5106; x_wconf 83' lang='grc' dir='ltr'>κατ’</span> <span class='ocrx_word' id='word_1_704' title='bbox 1459 5052 1698 5115; x_wconf 85' lang='grc' dir='ltr'>ἐκείνους</span> <span class='ocrx_word' id='word_1_705' title='bbox 1719 5069 1796 5105; x_wconf 90' lang='grc' dir='ltr'>νε-</span> 
     </span>
    </p>
   </div>
   <div class='ocr_carea' id='block_1_100' title="bbox 201 5143 1791 5224">
    <p class='ocr_par' dir='ltr' id='par_1_100' title="bbox 201 5143 1791 5224">
     <span class='ocr_line' id='line_1_100' title="bbox 201 5143 1791 5224; baseline -0.008 -16"><span class='ocrx_word' id='word_1_706' title='bbox 201 5151 341 5224; x_wconf 81' lang='grc' dir='ltr'>κρὸν</span> <span class='ocrx_word' id='word_1_707' title='bbox 362 5150 544 5222; x_wconf 79' lang='grc' dir='ltr'>ἧμυνα</span> <span class='ocrx_word' id='word_1_708' title='bbox 565 5148 658 5202; x_wconf 72' lang='grc' dir='ltr'><strong>καὶ</strong></span> <span class='ocrx_word' id='word_1_709' title='bbox 687 5147 859 5201; x_wconf 81' lang='grc' dir='ltr'>σκῦλα</span> <span class='ocrx_word' id='word_1_710' title='bbox 884 5145 1062 5201; x_wconf 79' lang='grc' dir='ltr'>λαϐὼν</span> <span class='ocrx_word' id='word_1_711' title='bbox 1090 5145 1475 5216; x_wconf 84' lang='grc' dir='ltr'>βδελύττομαι·</span> <span class='ocrx_word' id='word_1_712' title='bbox 1501 5143 1660 5213; x_wconf 83' lang='grc' dir='ltr'>μόνον</span> <span class='ocrx_word' id='word_1_713' title='bbox 1683 5145 1791 5214; x_wconf 80' lang='grc' dir='ltr'>γὰρ</span> 
     </span>
    </p>
   </div>
   <div class='ocr_carea' id='block_1_101' title="bbox 198 5235 1787 5312">
    <p class='ocr_par' dir='ltr' id='par_1_101' title="bbox 198 5235 1787 5312">
     <span class='ocr_line' id='line_1_101' title="bbox 198 5235 1787 5312; baseline -0.006 -14"><span class='ocrx_word' id='word_1_714' title='bbox 198 5243 481 5312; x_wconf 81' lang='grc' dir='ltr'>ὠφέλιμον</span> <span class='ocrx_word' id='word_1_715' title='bbox 505 5241 718 5294; x_wconf 86' lang='grc' dir='ltr'>ἀδικίαν</span> <span class='ocrx_word' id='word_1_716' title='bbox 745 5238 1155 5310; x_wconf 83' lang='grc' dir='ltr'>βδελύττεσθαι·</span> <span class='ocrx_word' id='word_1_717' title='bbox 1193 5239 1273 5291; x_wconf 88' lang='grc' dir='ltr'><strong>διό</strong></span> <span class='ocrx_word' id='word_1_718' title='bbox 1306 5255 1398 5290; x_wconf 85' lang='grc' dir='ltr'><strong>σου</strong></span> <span class='ocrx_word' id='word_1_719' title='bbox 1432 5237 1526 5289; x_wconf 73' lang='grc' dir='ltr'><strong>καὶ</strong></span> <span class='ocrx_word' id='word_1_720' title='bbox 1561 5235 1787 5299; x_wconf 85' lang='grc' dir='ltr'>δεόντως</span> 
     </span>
    </p>
   </div>
   <div class='ocr_carea' id='block_1_102' title="bbox 200 5332 1786 5408">
    <p class='ocr_par' dir='ltr' id='par_1_102' title="bbox 200 5332 1786 5408">
     <span class='ocr_line' id='line_1_102' title="bbox 200 5332 1786 5408; baseline -0.004 -18"><span class='ocrx_word' id='word_1_721' title='bbox 200 5335 296 5389; x_wconf 75' lang='grc' dir='ltr'>τὸν</span> <span class='ocrx_word' id='word_1_722' title='bbox 321 5335 487 5406; x_wconf 85' lang='grc' dir='ltr'>νόμον</span> <span class='ocrx_word' id='word_1_723' title='bbox 501 5337 702 5406; x_wconf 83' lang='grc' dir='ltr'>νοήσας</span> <span class='ocrx_word' id='word_1_724' title='bbox 729 5336 1012 5408; x_wconf 74' lang='grc' dir='ltr'>ἠγάπησα,</span> <span class='ocrx_word' id='word_1_725' title='bbox 1037 5335 1304 5407; x_wconf 82' lang='grc' dir='ltr'>μηδαμῶς</span> <span class='ocrx_word' id='word_1_726' title='bbox 1327 5333 1491 5386; x_wconf 80' lang='grc' dir='ltr'>αὑτὸν</span> <span class='ocrx_word' id='word_1_727' title='bbox 1507 5332 1678 5386; x_wconf 72' lang='grc' dir='ltr'>ἕλκων</span> <span class='ocrx_word' id='word_1_728' title='bbox 1695 5333 1786 5385; x_wconf 76' lang='grc' dir='ltr'><strong>ἐπὶ</strong></span> 
     </span>
    </p>
   </div>
   <div class='ocr_carea' id='block_1_103' title="bbox 275 5529 825 5598">
    <p class='ocr_par' dir='ltr' id='par_1_103' title="bbox 275 5529 825 5598">
     <span class='ocr_line' id='line_1_103' title="bbox 275 5529 825 5598; baseline -0.002 -12"><span class='ocrx_word' id='word_1_729' title='bbox 275 5533 322 5564; x_wconf 85' lang='grc'><strong>⁶⁹</strong></span> <span class='ocrx_word' id='word_1_730' title='bbox 348 5529 549 5587; x_wconf 85' lang='lat' dir='ltr'><strong>Jerem.</strong></span> <span class='ocrx_word' id='word_1_731' title='bbox 581 5549 707 5598; x_wconf 77' lang='lat' dir='ltr'><strong>xxv,</strong></span> <span class='ocrx_word' id='word_1_732' title='bbox 737 5533 825 5587; x_wconf 67' lang='lat'><strong>9.5.</strong></span> 
     </span>
    </p>
   </div>
   <div class='ocr_carea' id='block_1_104' title="bbox 275 5711 1513 5782">
    <p class='ocr_par' dir='ltr' id='par_1_104' title="bbox 275 5711 1513 5782">
     <span class='ocr_line' id='line_1_104' title="bbox 275 5711 1513 5782; baseline 0.002 -15"><span class='ocrx_word' id='word_1_733' title='bbox 275 5713 394 5778; x_wconf 70' lang='lat' dir='ltr'><strong>(i9)</strong></span> <span class='ocrx_word' id='word_1_734' title='bbox 431 5712 485 5768; x_wconf 85' lang='lat' dir='ltr'><strong>In</strong></span> <span class='ocrx_word' id='word_1_735' title='bbox 513 5711 576 5766; x_wconf 74' lang='grc' dir='ltr'><strong>ιι.</strong></span> <span class='ocrx_word' id='word_1_736' title='bbox 614 5714 648 5767; x_wconf 75' lang='grc'>2</span> <span class='ocrx_word' id='word_1_737' title='bbox 673 5713 785 5770; x_wconf 68' lang='lat' dir='ltr'><strong>haec</strong></span> <span class='ocrx_word' id='word_1_738' title='bbox 813 5714 1067 5771; x_wconf 87' lang='lat' dir='ltr'><strong>dicuntur</strong></span> <span class='ocrx_word' id='word_1_739' title='bbox 1093 5713 1341 5782; x_wconf 79' lang='lat' dir='ltr'><strong>Origcnis</strong></span> <span class='ocrx_word' id='word_1_740' title='bbox 1374 5733 1513 5772; x_wconf 82' lang='lat' dir='ltr'><strong>esse.</strong></span> 
     </span>
    </p>
   </div>
   <div class='ocr_carea' id='block_1_105' title="bbox 890 5533 1880 5606">
    <p class='ocr_par' dir='ltr' id='par_1_105' title="bbox 890 5533 1880 5606">
     <span class='ocr_line' id='line_1_105' title="bbox 890 5533 1880 5606; baseline 0.01 -21"><span class='ocrx_word' id='word_1_741' title='bbox 890 5535 936 5565; x_wconf 82' lang='lat'><strong>&#39;°</strong></span> <span class='ocrx_word' id='word_1_742' title='bbox 971 5533 1160 5589; x_wconf 78' lang='lat' dir='ltr'><strong>Matth.</strong></span> <span class='ocrx_word' id='word_1_743' title='bbox 1199 5551 1251 5597; x_wconf 73' lang='grc' dir='ltr'><strong>κ,</strong></span> <span class='ocrx_word' id='word_1_744' title='bbox 1278 5536 1366 5590; x_wconf 69' lang='grc'><strong>28.</strong></span> <span class='ocrx_word' id='word_1_745' title='bbox 1447 5539 1489 5568; x_wconf 83' lang='grc'><strong>⁷¹</strong></span> <span class='ocrx_word' id='word_1_746' title='bbox 1517 5537 1675 5594; x_wconf 69' lang='lat' dir='ltr'><strong>Rern.</strong></span> <span class='ocrx_word' id='word_1_747' title='bbox 1707 5557 1790 5606; x_wconf 91' lang='lat' dir='ltr'><strong>Ill,</strong></span> <span class='ocrx_word' id='word_1_748' title='bbox 1831 5541 1880 5596; x_wconf 73' lang='grc'>2.</span> 
     </span>
    </p>
   </div>
   <div class='ocr_carea' id='block_1_106' title="bbox 1896 4507 3472 4582">
    <p class='ocr_par' dir='ltr' id='par_1_106' title="bbox 1896 4507 3472 4582">
     <span class='ocr_line' id='line_1_106' title="bbox 1896 4507 3472 4582; baseline -0.002 -18"><span class='ocrx_word' id='word_1_749' title='bbox 1896 4521 2078 4566; x_wconf 88' lang='lat' dir='ltr'><strong>autem</strong></span> <span class='ocrx_word' id='word_1_750' title='bbox 2129 4520 2520 4582; x_wconf 85' lang='lat' dir='ltr'><strong>persequentes</strong></span> <span class='ocrx_word' id='word_1_751' title='bbox 2573 4511 2829 4566; x_wconf 87' lang='lat' dir='ltr'><strong>inimicos</strong></span> <span class='ocrx_word' id='word_1_752' title='bbox 2895 4509 3303 4573; x_wconf 85' lang='lat' dir='ltr'><strong>memoraverit,</strong></span> <span class='ocrx_word' id='word_1_753' title='bbox 3347 4507 3472 4576; x_wconf 86' lang='lat' dir='ltr'><strong>jure</strong></span> 
     </span>
    </p>
   </div>
   <div class='ocr_carea' id='block_1_107' title="bbox 1895 4600 3468 4672">
    <p class='ocr_par' dir='ltr' id='par_1_107' title="bbox 1895 4600 3468 4672">
     <span class='ocr_line' id='line_1_107' title="bbox 1895 4600 3468 4672; baseline -0.002 -15"><span class='ocrx_word' id='word_1_754' title='bbox 1895 4602 2196 4672; x_wconf 87' lang='lat' dir='ltr'><strong>spoliorum</strong></span> <span class='ocrx_word' id='word_1_755' title='bbox 2224 4603 2559 4657; x_wconf 87' lang='lat' dir='ltr'><strong>mentionem</strong></span> <span class='ocrx_word' id='word_1_756' title='bbox 2584 4601 2735 4657; x_wconf 79' lang='lat' dir='ltr'><strong>fecit.</strong></span> <span class='ocrx_word' id='word_1_757' title='bbox 2765 4600 2899 4656; x_wconf 86' lang='lat' dir='ltr'><strong>Nam</strong></span> <span class='ocrx_word' id='word_1_758' title='bbox 2933 4603 2979 4658; x_wconf 91' lang='lat' dir='ltr'><strong>si</strong></span> <span class='ocrx_word' id='word_1_759' title='bbox 3025 4616 3240 4663; x_wconf 90' lang='lat' dir='ltr'><strong>omnes,</strong></span> <span class='ocrx_word' id='word_1_760' title='bbox 3269 4600 3468 4669; x_wconf 86' lang='lat' dir='ltr'><strong>inquit,</strong></span> 
     </span>
    </p>
   </div>
   <div class='ocr_carea' id='block_1_108' title="bbox 1892 4693 3481 4764">
    <p class='ocr_par' dir='ltr' id='par_1_108' title="bbox 1892 4693 3481 4764">
     <span class='ocr_line' id='line_1_108' title="bbox 1892 4693 3481 4764; baseline 0.001 -16"><span class='ocrx_word' id='word_1_761' title='bbox 1892 4695 1960 4748; x_wconf 88' lang='lat' dir='ltr'><strong>de</strong></span> <span class='ocrx_word' id='word_1_762' title='bbox 1987 4693 2168 4749; x_wconf 88' lang='lat' dir='ltr'><strong>medio</strong></span> <span class='ocrx_word' id='word_1_763' title='bbox 2213 4695 2560 4749; x_wconf 87' lang='lat' dir='ltr'><strong>sustulissem</strong></span> <span class='ocrx_word' id='word_1_764' title='bbox 2611 4710 2675 4750; x_wconf 90' lang='lat' dir='ltr'><strong>ac</strong></span> <span class='ocrx_word' id='word_1_765' title='bbox 2719 4695 3064 4764; x_wconf 76' lang='lat' dir='ltr'><strong>spoliassent,</strong></span> <span class='ocrx_word' id='word_1_766' title='bbox 3109 4710 3215 4748; x_wconf 92' lang='lat' dir='ltr'><strong>non</strong></span> <span class='ocrx_word' id='word_1_767' title='bbox 3251 4694 3386 4749; x_wconf 82' lang='lat' dir='ltr'><strong>tanti</strong></span> <span class='ocrx_word' id='word_1_768' title='bbox 3415 4695 3481 4749; x_wconf 81' lang='lat' dir='ltr'><strong>id.</strong></span> 
     </span>
    </p>
   </div>
   <div class='ocr_carea' id='block_1_109' title="bbox 1892 4784 3482 4858">
    <p class='ocr_par' dir='ltr' id='par_1_109' title="bbox 1892 4784 3482 4858">
     <span class='ocr_line' id='line_1_109' title="bbox 1892 4784 3482 4858; baseline 0.001 -20"><span class='ocrx_word' id='word_1_769' title='bbox 1892 4784 2150 4848; x_wconf 79' lang='lat' dir='ltr'><strong>facerem,</strong></span> <span class='ocrx_word' id='word_1_770' title='bbox 2191 4786 2382 4854; x_wconf 88' lang='lat' dir='ltr'><strong>quanti</strong></span> <span class='ocrx_word' id='word_1_771' title='bbox 2415 4787 2578 4839; x_wconf 85' lang='lat' dir='ltr'><strong>verba</strong></span> <span class='ocrx_word' id='word_1_772' title='bbox 2598 4797 2712 4840; x_wconf 89' lang='lat' dir='ltr'><strong>tua.</strong></span> <span class='ocrx_word' id='word_1_773' title='bbox 2743 4785 3103 4858; x_wconf 84' lang='lat' dir='ltr'><strong>(Corderius.)</strong></span> <span class='ocrx_word' id='word_1_774' title='bbox 3132 4788 3264 4854; x_wconf 68' lang='lat' dir='ltr'><strong>Quae</strong></span> <span class='ocrx_word' id='word_1_775' title='bbox 3285 4787 3482 4853; x_wconf 86' lang='lat' dir='ltr'><strong>verba,_</strong></span> 
     </span>
    </p>
   </div>
   <div class='ocr_carea' id='block_1_110' title="bbox 1892 4876 3483 4946">
    <p class='ocr_par' dir='ltr' id='par_1_110' title="bbox 1892 4876 3483 4946">
     <span class='ocr_line' id='line_1_110' title="bbox 1892 4876 3483 4946; baseline 0.001 -15"><span class='ocrx_word' id='word_1_776' title='bbox 1892 4877 1998 4932; x_wconf 89' lang='lat' dir='ltr'><strong>nisi</strong></span> <span class='ocrx_word' id='word_1_777' title='bbox 2028 4878 2096 4932; x_wconf 87' lang='lat' dir='ltr'><strong>de</strong></span> <span class='ocrx_word' id='word_1_778' title='bbox 2121 4878 2323 4946; x_wconf 86' lang='lat' dir='ltr'><strong>quibus</strong></span> <span class='ocrx_word' id='word_1_779' title='bbox 2353 4876 2554 4932; x_wconf 83' lang='lat' dir='ltr'><strong>Paulus</strong></span> <span class='ocrx_word' id='word_1_780' title='bbox 2585 4897 2598 4932; x_wconf 72' lang='grc' dir='ltr'>ε</span> <span class='ocrx_word' id='word_1_781' title='bbox 2630 4877 2801 4932; x_wconf 87' lang='lat' dir='ltr'><strong>Primi</strong></span> <span class='ocrx_word' id='word_1_782' title='bbox 2826 4881 2963 4933; x_wconf 88' lang='lat' dir='ltr'><strong>enim</strong></span> <span class='ocrx_word' id='word_1_783' title='bbox 3002 4879 3320 4934; x_wconf 87' lang='lat' dir='ltr'><strong>credidimus</strong></span> <span class='ocrx_word' id='word_1_784' title='bbox 3362 4880 3483 4933; x_wconf 85' lang='lat' dir='ltr'><strong>elo-.</strong></span> 
     </span>
    </p>
   </div>
   <div class='ocr_carea' id='block_1_111' title="bbox 1893 4967 2886 5040">
    <p class='ocr_par' dir='ltr' id='par_1_111' title="bbox 1893 4967 2886 5040">
     <span class='ocr_line' id='line_1_111' title="bbox 1893 4967 2886 5040; baseline 0.001 -19"><span class='ocrx_word' id='word_1_785' title='bbox 1893 4969 2020 5039; x_wconf 82' lang='lat' dir='ltr'><strong>quia</strong></span> <span class='ocrx_word' id='word_1_786' title='bbox 2051 4967 2150 5022; x_wconf 88' lang='lat' dir='ltr'><strong>Dei</strong></span> <span class='ocrx_word' id='word_1_787' title='bbox 2189 4969 2258 5036; x_wconf 77' lang='lat'><strong>7&#39;,</strong></span> <span class='ocrx_word' id='word_1_788' title='bbox 2288 4969 2354 5023; x_wconf 89' lang='lat' dir='ltr'><strong>de</strong></span> <span class='ocrx_word' id='word_1_789' title='bbox 2383 4967 2586 5026; x_wconf 68' lang='lat' dir='ltr'><strong>Iudaeis</strong></span> <span class='ocrx_word' id='word_1_790' title='bbox 2617 4971 2886 5040; x_wconf 87' lang='lat' dir='ltr'><strong>loquens?</strong></span> 
     </span>
    </p>
   </div>
   <div class='ocr_carea' id='block_1_112' title="bbox 1963 5061 3470 5133">
    <p class='ocr_par' dir='ltr' id='par_1_112' title="bbox 1963 5061 3470 5133">
     <span class='ocr_line' id='line_1_112' title="bbox 1963 5061 3470 5133; baseline -0.001 -17"><span class='ocrx_word' id='word_1_791' title='bbox 1963 5063 2089 5116; x_wconf 75' lang='grc'>165.</span> <span class='ocrx_word' id='word_1_792' title='bbox 2135 5061 2488 5132; x_wconf 83' lang='lat' dir='ltr'><strong>Iniquitatem</strong></span> <span class='ocrx_word' id='word_1_793' title='bbox 2532 5064 2653 5117; x_wconf 89' lang='lat' dir='ltr'><strong>odio</strong></span> <span class='ocrx_word' id='word_1_794' title='bbox 2684 5064 2866 5130; x_wconf 81' lang='lat' dir='ltr'><strong>habui,</strong></span> <span class='ocrx_word' id='word_1_795' title='bbox 2893 5075 2998 5120; x_wconf 85' lang='lat' dir='ltr'><strong>etc.</strong></span> <span class='ocrx_word' id='word_1_796' title='bbox 3023 5063 3140 5119; x_wconf 87' lang='lat' dir='ltr'><strong>Non</strong></span> <span class='ocrx_word' id='word_1_797' title='bbox 3165 5067 3308 5120; x_wconf 87' lang='lat' dir='ltr'><strong>enim</strong></span> <span class='ocrx_word' id='word_1_798' title='bbox 3341 5079 3470 5133; x_wconf 81' lang='lat' dir='ltr'><strong>per-</strong></span> 
     </span>
    </p>
   </div>
   <div class='ocr_carea' id='block_1_113' title="bbox 1893 5155 3480 5224">
    <p class='ocr_par' dir='ltr' id='par_1_113' title="bbox 1893 5155 3480 5224">
     <span class='ocr_line' id='line_1_113' title="bbox 1893 5155 3480 5224; baseline -0.001 -15"><span class='ocrx_word' id='word_1_799' title='bbox 1893 5155 2020 5210; x_wconf 85' lang='lat' dir='ltr'><strong>inde</strong></span> <span class='ocrx_word' id='word_1_800' title='bbox 2069 5164 2234 5224; x_wconf 89' lang='lat' dir='ltr'><strong>atque</strong></span> <span class='ocrx_word' id='word_1_801' title='bbox 2285 5155 2402 5222; x_wconf 89' lang='lat' dir='ltr'><strong>illi,</strong></span> <span class='ocrx_word' id='word_1_802' title='bbox 2465 5165 2744 5212; x_wconf 88' lang='lat' dir='ltr'><strong>mortuum</strong></span> <span class='ocrx_word' id='word_1_803' title='bbox 2792 5158 2938 5214; x_wconf 90' lang='lat' dir='ltr'><strong>ultus</strong></span> <span class='ocrx_word' id='word_1_804' title='bbox 2996 5175 3138 5222; x_wconf 88' lang='lat' dir='ltr'><strong>sum,</strong></span> <span class='ocrx_word' id='word_1_805' title='bbox 3185 5166 3239 5210; x_wconf 88' lang='lat' dir='ltr'><strong>et</strong></span> <span class='ocrx_word' id='word_1_806' title='bbox 3297 5155 3480 5223; x_wconf 83' lang='lat' dir='ltr'><strong>raptis.</strong></span> 
     </span>
    </p>
   </div>
   <div class='ocr_carea' id='block_1_114' title="bbox 1894 5246 3478 5317">
    <p class='ocr_par' dir='ltr' id='par_1_114' title="bbox 1894 5246 3478 5317">
     <span class='ocr_line' id='line_1_114' title="bbox 1894 5246 3478 5317; baseline -0.003 -14"><span class='ocrx_word' id='word_1_807' title='bbox 1894 5246 2104 5317; x_wconf 83' lang='lat' dir='ltr'><strong>spoliis,</strong></span> <span class='ocrx_word' id='word_1_808' title='bbox 2145 5247 2328 5316; x_wconf 86' lang='lat' dir='ltr'><strong>ipsum</strong></span> <span class='ocrx_word' id='word_1_809' title='bbox 2371 5247 2721 5305; x_wconf 80' lang='lat' dir='ltr'><strong>abominatus</strong></span> <span class='ocrx_word' id='word_1_810' title='bbox 2770 5266 2914 5304; x_wconf 89' lang='lat' dir='ltr'><strong>sum.</strong></span> <span class='ocrx_word' id='word_1_811' title='bbox 2945 5248 3077 5302; x_wconf 82' lang='lat' dir='ltr'><strong>Nam</strong></span> <span class='ocrx_word' id='word_1_812' title='bbox 3120 5247 3478 5316; x_wconf 82' lang='lat' dir='ltr'><strong>iniquitatem.</strong></span> 
     </span>
    </p>
   </div>
   <div class='ocr_carea' id='block_1_115' title="bbox 1893 5331 3476 5406">
    <p class='ocr_par' dir='ltr' id='par_1_115' title="bbox 1893 5331 3476 5406">
     <span class='ocr_line' id='line_1_115' title="bbox 1893 5331 3476 5406; baseline -0.004 -12"><span class='ocrx_word' id='word_1_813' title='bbox 1893 5336 2068 5394; x_wconf 87' lang='lat' dir='ltr'><strong>solam</strong></span> <span class='ocrx_word' id='word_1_814' title='bbox 2093 5335 2400 5392; x_wconf 84' lang='lat' dir='ltr'><strong>abominari</strong></span> <span class='ocrx_word' id='word_1_815' title='bbox 2436 5337 2570 5395; x_wconf 78' lang='lat' dir='ltr'><strong>utile</strong></span> <span class='ocrx_word' id='word_1_816' title='bbox 2595 5351 2697 5396; x_wconf 86' lang='lat' dir='ltr'><strong>est.</strong></span> <span class='ocrx_word' id='word_1_817' title='bbox 2723 5337 2902 5406; x_wconf 86' lang='lat' dir='ltr'><strong>Quare</strong></span> <span class='ocrx_word' id='word_1_818' title='bbox 2935 5349 3081 5392; x_wconf 83' lang='lat' dir='ltr'><strong>tuam</strong></span> <span class='ocrx_word' id='word_1_819' title='bbox 3113 5338 3282 5406; x_wconf 79' lang='lat' dir='ltr'><strong>legem</strong></span> <span class='ocrx_word' id='word_1_820' title='bbox 3313 5331 3476 5388; x_wconf 42' lang='lat' dir='ltr'><strong>luteis</strong></span> 
     </span>
    </p>
   </div>
  </div>
