3880 6216
471 317 578 374 507

1308 316 1366 372 s.
1411 300 1788 372 ATIIANASII
1829 315 1980 370 opp.
2023 314 2206 370 PARS
2246 313 2332 369 ιιι.
2367 345 2438 356 -
2483 281 2917 372 exeamus.

3617 304 3725 362 508

469 437 664 505 ligens,
699 435 776 489 uti
803 450 900 504 par
935 443 1053 490 erat
1089 435 1278 498 dilexi,
1323 437 1632 491 nullatenus
1666 453 1785 490 eam
1822 438 2044 490 trahens

2146 434 2215 486 τὰ
2249 437 2430 502 γήϊνα.
2486 435 2676 504 Ἡμεῖς
2713 432 2818 503 γὰρ
2846 431 2921 494 ὡς
2952 424 3363 498 συνεγερθέντες
3395 421 3619 496 Χριστῷ
3657 424 3727 476 τὰ

469 531 540 583 ad
595 537 827 584 terrena.
877 527 988 583 Nos
1031 528 1175 582 enim
1231 537 1418 597 utpote
1475 546 1579 582 una
1638 545 1763 584 cum
1821 528 2042 584 Christo

469 622 802 687 resuscitati,
831 631 1062 689 superna
1086 622 1397 690 qumrimus,
1434 638 1542 675 non
1565 633 1798 676 terrena.

546 713 664 767 164.
701 711 897 782 Septies
934 714 987 765 in
1035 713 1118 765 die
1145 712 1356 766 laudem
1384 713 1498 766 dixi
1550 715 1664 768 tibi.
1720 713 1825 767 Per
1871 722 2042 767 totam

468 806 636 858 vitam
668 821 821 859 suam
853 805 1190 858 illuminatus
1217 805 1311 873 qui
1346 805 1531 873 justus
1559 815 1661 867 est,
1706 805 1760 858 in
1804 803 2041 873 perfecta

469 897 556 950 die
584 896 914 958 versabitur,
950 911 1058 949 non
1085 897 1384 964 interrupta
1415 912 1510 964 per
1535 906 1771 960 noctem,
1804 906 1856 950 et
1879 911 2041 964 supra

467 986 732 1040 mundum
781 988 1023 1042 elevatus
1074 986 1245 1040 Deum
1294 989 1493 1056 septies
1539 987 1745 1052 laudat,
1786 1003 1851 1044 eo
1897 991 2039 1057 quod

465 1098 633 1150 supra
671 1082 938 1136 mundum
963 1097 1056 1136 sex
1097 1083 1286 1137 diebus
1333 1083 1608 1137 conditum
1643 1083 2039 1149 insurrexerit;

465 1172 727 1226 nimirum
769 1173 824 1226 in
867 1173 1122 1241 paradiso
1157 1172 1252 1227 Dei
1291 1174 1642 1239 constitutus,
1669 1174 1963 1229 creationis
1990 1183 2043 1228 et

465 1263 816 1329 providentia:
841 1263 932 1317 Dei
961 1267 1233 1318 rationem
1265 1263 1687 1332 contemplatus,
1717 1263 1891 1333 ipsum
1920 1264 2040 1319 lau-

465 1353 558 1407 dat
585 1371 747 1424 super
781 1357 986 1425 judicia
1029 1356 1254 1425 iustitia:
1299 1355 1416 1410 Dei.
1459 1355 1770 1410 Secundum
1807 1371 1870 1410 ea
1911 1371 2041 1410 vero

461 1445 702 1515 judicia,
770 1447 1131 1516 singulorum
1218 1446 1574 1514 multiplicem
1645 1446 2040 1515 providentiam

465 1540 650 1607 gessit.
675 1539 844 1608 (Alius
869 1540 1075 1610 codex.)
1101 1538 1195 1594 llis
1219 1540 1489 1609 signiﬁcat
1518 1539 1730 1593 laudem
1760 1553 2040 1608 nunquam

464 1630 825 1685 desinentem.
872 1631 1115 1700 Semper,
1171 1633 1266 1698 ait,
1328 1648 1538 1686 memor
1582 1631 2038 1701 fui,judiciorum

463 1729 710 1787 tuorum,
743 1739 864 1790 qua;
885 1724 1029 1789 juste
1059 1723 1232 1778 tulisti
1267 1742 1280 1789 ;
1313 1725 1654 1795 principibus
1683 1723 1778 1793 qui
1810 1722 2039 1792 superbe

2145 524 2256 578 ἄνω
2284 524 2551 598 ζητοῦμεν
2572 564 2587 591 ,
2613 524 2674 578 οὺ
2701 523 2772 578 τὰ
2797 523 2889 576 ἐπὶ
2912 519 3016 590 τῆς
3044 520 3166 590 γῆς.

2227 704 2503 769 Ἐπτάκις
2527 703 2638 772 τῆς
2673 702 2896 774 ἡμέρας
2927 698 3120 771 ᾔνεσά
3147 715 3266 754 σοι.
3323 699 3460 768 Παρ’
3483 698 3608 751 ὅλον
3636 697 3728 750 τὸν

2147 795 2259 865 βίον
2281 795 2446 850 αὑτοῦ
2475 797 2503 848 ὁ
2525 797 2734 859 δίκαιος
2761 794 3124 865 φωτιζόμενος
3148 795 3204 846 ἐν
3237 793 3419 865 ἡμέρᾳ
3449 791 3608 844 ἔσται
3643 809 3728 842 τε-

2144 885 2263 956 λείᾳ
2283 926 2299 949 ,
2333 886 2394 938 οὐ
2452 885 2896 957 μεσολαϐουμένῃ
2923 884 3026 936 ὑπὸ
3069 883 3262 946 νυκτός
3284 902 3296 914 ·
3336 883 3430 936 καὶ
3462 883 3608 934 αἰνεῖ
3639 882 3728 932 τὸν

2143 976 2275 1028 Θεὸν
2307 975 2532 1039 ἑπτάκις
2564 975 2932 1046 ὑπερκόσμιος
2959 973 3196 1043 γεγονὼς
3215 1013 3230 1037 ,
3279 971 3372 1025 τοῦ
3405 973 3517 1025 ἄνω
3551 989 3728 1041 κεχω-

2147 1067 2374 1137 ρηκέναι
2393 1066 2484 1119 τοῦ
2513 1068 2570 1119 ἐν
2594 1065 2652 1130 ἓξ
2675 1065 2908 1136 ἡμέραις
2925 1065 3215 1134 γενομένου
3241 1064 3446 1133 κόσμου
3468 1080 3480 1092 ·
3508 1061 3610 1114 ἆτε
3635 1062 3730 1113 καὶ

2145 1161 2204 1212 ἐν
2233 1158 2312 1229 τῷ
2348 1158 2659 1230 παραδείσῳ
2693 1157 2785 1212 τοῦ
2814 1157 2948 1210 Θεοῦ
2974 1156 3358 1226 γεγενημένος,
3388 1155 3477 1207 τὸν
3509 1155 3614 1224 τῆς
3644 1153 3728 1221 δητ

2149 1248 2436 1320 μιουργίας
2469 1249 2562 1301 καὶ
2589 1246 2849 1317 προνοίας
2903 1245 3038 1299 Θεοῦ
3079 1246 3235 1314 λόγον
3269 1243 3598 1316 θεωρήσας,
3639 1243 3726 1306 ἐξ·

2144 1341 2484 1409 ομολογεῖται
2507 1339 2599 1392 ἐπὶ⁸
2612 1339 2678 1392 τὰ
2699 1337 2942 1409 κρίματα
2956 1337 3052 1408 τῆς
3072 1335 3414 1406 δικαιοσύνης
3433 1334 3530 1388 τοῦ
3553 1335 3724 1387 Θεοῦ·

2145 1431 2267 1485 καθ’
2315 1432 2350 1486 ἃ
2383 1433 2628 1503 κρίματα
2661 1432 2904 1484 ἑκάστων
2950 1429 3202 1498 ’ποικίλην
3233 1428 3595 1501 δημιουργίαν
3631 1428 3726 1479 καὶ

2148 1523 2403 1594 πρόνοιαν
2432 1523 2608 1592 ἔσχεν.
2640 1522 2714 1574 Τὸ
2744 1521 3082 1575 ἀδιάλειπτόν
3109 1537 3293 1589 φησιν.
3337 1521 3498 1588 Λέγει
3531 1520 3614 1583 δὲ,
3642 1521 3754 1572 ὅτι

2143 1614 2434 1676 διαπαντὸς
2487 1613 2853 1684 ἐμνημόνευον
2886 1612 2992 1664 τῶν
3040 1610 3147 1664 σῶν
3178 1612 3492 1682 χριμάτων,
3542 1604 3621 1664 ὧν
3647 1611 3728 1664 δι-

2145 1706 2313 1771 καίως
2343 1707 2655 1777 ἐπήγαγεςο
2711 1705 2839 1768 τοὺς
2883 1706 2981 1774 μὲν
3025 1705 3524 1774 πλεονεκτήσαντας
3556 1704 3726 1757 ἐκϐα-

463 1816 696 1883 agebant
732 1815 936 1884 ejectis,
991 1815 1057 1868 iis
1105 1830 1234 1870 vero
1279 1817 1374 1885 qui
1418 1816 1615 1886 injuria
1669 1815 2038 1870 alliciebantur

2143 1797 2248 1853 λὼν
2279 1799 2567 1869 ἄρχοντας,
2595 1799 2720 1861 τοὺς
2745 1797 2803 1851 δὲ
2840 1797 3192 1868 ἀδικηθέντας
3226 1797 3684 1868 λυτρωσάμενος.Δ

463 1903 726 1956 liberatis.

535 1992 658 2048 17ος
707 1994 1097 2066 Appmpinquet
1123 1997 1418 2066 deprecatio
1444 1995 1824 2051 mea...'lntret
1858 1998 2035 2068 digni-

463 2093 545 2137 tas
585 2101 700 2138 mea
747 2087 802 2138 in
852 2096 1128 2157 conspectu
1183 2098 1294 2156 tuo,
1351 2089 1590 2142 Domine.
1641 2087 1775 2142 Vide
1824 2099 2033 2144 rectum

461 2175 773 2228 divinorum
801 2177 1090 2231 verborum
1134 2180 1403 2234 ordinem.
1438 2178 1682 2232 Primum
1709 2179 1854 2232 enim
1879 2183 2036 2248 poni-

461 2272 572 2331 tur,
617 2267 1011 2337 appropinquat,
1066 2269 1280 2334 deinde,
1333 2271 1478 2340 quod
1517 2273 1692 2340 majus
1733 2279 1834 2335 est,
1875 2272 2034 2327 intret

461 2357 754 2424 postulatio
794 2375 911 2411 mea
949 2375 968 2411 :
1018 2370 1143 2413 ante
1191 2362 1498 2431 ingressum
1546 2365 1690 2418 enim
1738 2367 2034 2436 apprOpin-

459 2448 758 2516 quandum.
809 2447 940 2503 Nam
985 2451 1077 2504 ubi
1119 2454 1574 2522 appropinquavit
1615 2457 1887 2525 quispiam
1938 2457 2035 2511 do-

461 2553 648 2602 mum,
722 2541 768 2594 si
823 2542 894 2596 sit
949 2543 1162 2598 amicus
1216 2546 1650 2612 patrisfamilias,
1711 2547 2035 2616 ingreditur.

458 2628 629 2695 Quam
691 2641 869 2686 autem
917 2625 1355 2702 deprecationem
1411 2638 1646 2702 vocavit,
1705 2653 1852 2693 nunc
1906 2640 2038 2694 dicit

457 2721 796 2791 dignitatem,
829 2740 859 2778 a
889 2726 1173 2794 dignando.
1217 2725 1355 2780 Num
1383 2727 1534 2782 forte
1562 2730 1687 2798 quia
1715 2737 1841 2783 sunt
1877 2746 2036 2784 mun-

458 2814 945 2884 danaedignitates,
985 2817 1058 2870 ita
1101 2818 1298 2872 animae
1329 2819 1494 2872 etiam
1535 2821 1827 2890 dignitates
1864 2823 2036 2876 sunt?

459 2903 703 2974 Dignitas
728 2907 926 2976 quippe
953 2916 1036 2961 est
1065 2909 1369 2976 apostolum
1397 2925 1518 2963 esse
1549 2928 1562 2963 :
1592 2911 1880 2979 dignitates
1906 2913 2034 2966 item

458 3006 586 3050 sunt
628 2997 843 3052 ordines
874 2999 1252 3053 ecclesiastici.
1289 2999 1535 3070 Dignitas
1575 3013 1755 3055 autem
1816 3005 2030 3069 animae,

2217 2000 2542 2070 Ἐγτισάτω
2579 1999 2618 2067 ἠ
2661 1998 2872 2067 δέησίς
2889 2017 3008 2068 μου
3032 2039 3048 2054 .
3074 2039 3088 2053 .
3115 2040 3128 2052 .
3155 2041 3170 2054 .
3196 2041 3210 2054 .
3238 2041 3251 2054 .
3281 2041 3294 2053 .
3321 2041 3334 2054 .
3359 2040 3374 2054 .
3403 2042 3416 2054 .
3443 2041 3456 2054 .
3480 2001 3727 2055 ,Είσέλο

2133 2097 2225 2148 θοι
2261 2093 2328 2146 τὸ
2357 2091 2585 2161 ἀξίωμά
2604 2110 2724 2161 μου
2752 2091 3008 2146 ἐνώπιόν
3032 2107 3170 2157 σου,
3205 2095 3399 2162 Κύριε.
3433 2094 3576 2164 Ὅρα
3609 2093 3722 2146 τῶν

2135 2183 2293 2236 θείων
2326 2183 2586 2254 ῥημάτων
2615 2181 2676 2234 τὸ
2704 2180 2988 2236 εὔτακτον.
3048 2183 3271 2254 Πρῶτον
3300 2184 3408 2253 γὰρ
3439 2183 3499 2236 τὸ
3519 2223 3534 2247 ,
3560 2185 3728 2252 ἐγγι-

2134 2275 2296 2328 σάτω
2315 2291 2328 2305 °
2359 2270 2497 2339 εἶτα,
2521 2273 2582 2326 τὺ
2606 2274 2812 2344 μεῖζον,
2838 2272 2919 2338 τὸ,
2939 2276 3201 2329 εἰσέλθοι
3219 2274 3284 2328 τὸ
3311 2273 3540 2343 ἀξίωμά
3561 2293 3682 2343 μου
3701 2292 3716 2304 ·

2134 2367 2238 2438 πρὸ
2271 2366 2380 2438 γὰρ
2411 2367 2504 2420 τοῦ
2530 2406 2545 2432 ,
2581 2368 2850 2435 εἰσέλθοι,
2887 2368 2966 2431 τὸ,
3005 2367 3242 2436 ἐγγίσαι.
3300 2367 3557 2434 Ἐγγίσας
3607 2367 3724 2436 γάρ

2132 2477 2215 2523 τις
2242 2459 2439 2524 οἰκίαν,
2475 2460 2570 2513 ἐὰν
2656 2461 2808 2529 φίλος
2827 2460 2922 2513 τοῦ
2949 2459 3322 2514 οἰκοδεσπότου
3343 2498 3358 2522 ,
3385 2458 3716 2528 εἰσέρχεται.

2143 2551 2246 2603 ’Ἦν
2277 2551 2333 2604 δὲ
2361 2551 2598 2623 κέκληκε
2627 2552 2842 2624 δέησιν,
2874 2551 2969 2606 νῦν
3005 2548 3156 2604 εἶπεν
3189 2551 3434 2620 ἀξίωμα,
3472 2551 3627 2619 παρὰ
3661 2550 3721 2603 τὸ

2136 2640 2369 2704 ἀξιοῦν.
2387 2643 2612 2713 Μήποτε
2637 2643 2711 2706 ὡς
2725 2642 2839 2696 ἔστι
2862 2642 3104 2713 κοσμικὰ
3127 2641 3248 2695 καθ’
3273 2641 3720 2713 ὑπεροχὴνιάξιὼ·

2141 2749 2322 2802 ματα,
2358 2731 2500 2786 οῦτω
2547 2734 2642 2786 καὶ
2683 2733 2923 2804 ψυχικά;
2991 2733 3232 2803 Ἀξίωμα
3282 2734 3386 2804 γὰρ
3421 2733 3724 2786 ἀπόστολον

2136 2820 2275 2880 εἶναι
2306 2827 2544 2898 Χριστοῦ
2565 2845 2578 2858 ·
2615 2827 2900 2898 ἀξιώματα
2933 2829 3027 2882 καὶ
3054 2829 3308 2897 τάγματα
3337 2829 3405 2882 τὰ
3432 2831 3722 2899 ἐκκλησιαο

2139 2918 2317 2973 στικά.
2362 2919 2601 2990 Ἀξίωμα
2634 2919 2689 2972 δὲ
2722 2920 2897 2992 ψυχῆς
2926 2920 3022 2972 καὶ
3047 2921 3108 2973 τὸ
3133 2920 3276 2990 ἔχειν
3307 2921 3405 2984 τὰς
3433 2923 3657 2992 ἀρετὰς,
3683 2923 3716 2992 ἢ

2139 3009 2267 3080 μίαν
2293 3010 2493 3066 αὐτῶν.
2567 3013 2624 3066 Ὁ
2661 3011 2902 3065 τοιοῦτον
2932 3011 3071 3081 ἔχων
3115 3011 3329 3082 ἀξίωμα
3358 3013 3428 3066 τὰ
3470 3015 3717 3085 παρόντα

457 3087 685 3141 virtutes
717 3087 934 3152 habere,
966 3098 1059 3142 aut
1086 3104 1272 3143 earum
1303 3091 1564 3158 aliquam.
1589 3090 1691 3156 Qui
1721 3092 2028 3160 hujusmodi
2059 3133 2108 3198 Ο
2139 3102 2318 3173 φησίν,

1037 3179 1143 3198 ..ψ

459 3176 771 3245 dignitatem
807 3179 1015 3232 obtinet
1037 3179 1149 3233 haec
1179 3181 1438 3248 loquitur.

531 3267 652 3319 171.
692 3266 942 3321 Eructent
981 3268 1124 3322 labia
1170 3286 1284 3322 mea
1320 3271 1593 3338 hymnum.
1641 3271 1939 3341 Eructatio,
1975 3283 2035 3327 ut

459 3358 776 3425 plurimum,
817 3349 1079 3414 saturatis
1129 3363 1343 3414 accidit.
1385 3361 1545 3417 Novit
1577 3365 1741 3433 igitur
1787 3366 2031 3420 divinum

457 3449 681 3501 verbum
719 3449 1051 3517 spiritualem
1083 3467 1288 3505 eseam.
1315 3452 1495 3521 Ipsum
1525 3454 1689 3524 igitur
1712 3455 1948 3511 Verbum
1975 3475 2033 3514 se

456 3557 649 3610 panem
679 3557 800 3596 esse
844 3543 938 3596 ait.
968 3541 1078 3610 Ego
1127 3545 1263 3597 enim
1306 3562 1423 3598 sum
1474 3549 1626 3615 panis
1671 3550 1794 3602 vita:
1834 3552 1922 3619 qui
1970 3552 2033 3604 de

459 3634 588 3686 coelo
635 3635 902 3687 descendit
943 3637 1005 3688 ⁷⁵.
1049 3635 1140 3689 Ait
1182 3636 1309 3690 item
1345 3657 1355 3690 :
1392 3636 1494 3701 Qui
1544 3639 1826 3693 manducat
1867 3658 2034 3695 meam

456 3744 690 3793 carnem,
742 3729 895 3781 habet
958 3731 1121 3782 vitam
1169 3733 1224 3784 in
1252 3733 1546 3801 {semetipso
1590 3733 1655 3786 ⁷³.
1704 3732 1860 3788 Hunc
1907 3751 2030 3788 eum

458 3821 822 3888 comedimus,
869 3822 1130 3890 hymnum
1175 3834 1510 3878 eruclamus.
1553 3823 1702 3879 lianc
1732 3834 1860 3896 opto
1897 3828 2033 3881 mihi

452 3913 848 3966 eructationem
895 3915 1161 3971 accidere.
1206 3915 1362 3982 Quod
1401 3918 1517 3971 ﬁeri
1561 3901 1749 3989 nequit
1791 3920 1899 3975 nisi
1945 3936 2034 3974 me

452 4005 706 4058 docueris
731 4005 1150 4074 justiﬁcationes
1180 4016 1320 4063 tuas.

525 4097 648 4151 172.
688 4097 1001 4153 Pronuntiet
1053 4101 1235 4170 lingua
1280 4117 1396 4156 mea
1440 4103 1649 4172 eloquia
1691 4113 1802 4179 tua.
1857 4104 2034 4178 Rogat

453 4191 593 4242 ut‘ea
617 4205 738 4258 qua:
763 4189 879 4259 ipse
905 4191 1145 4261 loquitur
1164 4193 1273 4246 sint
1297 4195 1524 4248 verbum
1552 4194 1668 4260 Dei,
1684 4196 1842 4264 juxta
1862 4197 1992 4253 illud
2015 4218 2028 4253 :

455 4278 614 4347 Aperi
647 4296 703 4333 os
732 4288 878 4333 tuum
902 4281 1051 4335 verbo
1084 4282 1182 4336 Dei
1211 4283 1275 4336 ⁷⁸.
1301 4273 1625 4353 Hujusmodi
1655 4296 1834 4342 autem
1866 4289 2030 4343 homo

452 4372 627 4426 otiosa
655 4373 818 4426 verba
844 4389 952 4427 non
985 4374 1247 4445 loquitur.
1283 4375 1464 4441 Quare
1493 4377 1694 4433 Paulus
1727 4380 1803 4434 ait
1835 4375 1854 4434 ε’
1882 4380 2029 4434 Illud

2131 3285 2167 3350 ζ
2217 3283 2652 3353 Ἐξερεύξοιντο
2683 3285 2754 3339 τὰ
2782 3286 2956 3354 χείλη
3001 3303 3120 3355 μου
3154 3286 3366 3355 ὕμνον.
3439 3288 3504 3339 Ἦ
3543 3281 3718 3358 ἐρυγη

2131 3375 2204 3438 ὡς
2235 3376 2327 3427 ἐπὶ
2361 3377 2468 3429 πᾶν
2496 3377 2703 3445 γίνεται
2748 3379 2860 3440 τοῖς
2891 3378 3326 3449 κεκορεσμένοις.
3391 3373 3546 3432 Οἶδεν
3572 3376 3665 3432 οῦν
3687 3383 3721 3441 ῥ

2134 3466 2274 3529 θεῖος
2305 3467 2463 3535 λόγος
2484 3468 2857 3538 πνευματικὴν
2885 3470 3106 3539 τροφήν.
3141 3469 3311 3532 Αὐτὸς
3339 3466 3432 3522 οὖν
3472 3471 3501 3521 ὁ
3544 3471 3719 3536 Λόγος

2135 3559 2300 3628 φησὶν
2327 3557 2490 3629 ἄρτος
2523 3554 2682 3613 εἶναι.
2719 3558 2857 3628 Ἐγὼ
2877 3559 2987 3628 γάρ
3017 3563 3132 3630 εἰμι
3161 3564 3194 3614 ό
3223 3561 3399 3627 ἄρτος
3437 3557 3544 3624 τῆς
3568 3559 3718 3626 ζωῆς

2135 3653 2167 3703 ὁ
2196 3650 2263 3714 ἐξ
2315 3651 2574 3718 οὐρανοῦ
2629 3651 2890 3717 καταϐάς
2910 3669 2921 3678 ·
2959 3652 3105 3720 λέγει
3131 3653 3185 3705 δὲ
3212 3653 3332 3705 καί·
3399 3652 3450 3703 '0
3480 3651 3724 3720 τρώγων

2129 3761 2248 3813 μου
2280 3743 2396 3812 τὴν
2426 3743 2622 3812 σάρκα
2671 3744 2794 3814 ἕχει
2837 3744 2988 3811 ζωὴν
3017 3747 3087 3798 ἐν
3131 3743 3343 3809 ἐαυτῷ.
3402 3744 3602 3797 Τοῦτον
3654 3745 3721 3814 δὴ

2135 3836 2422 3906 φάγοντες,
2455 3835 2622 3908 ὕμνον
2651 3837 3010 3908 ἐρευγόμεθα.
3059 3837 3326 3907 Τοιαύτης
3357 3835 3590 3906 εὔχομαι
3620 3853 3720 3888 τυ-

2136 3930 2252 3996 χεῖν
2288 3928 2510 3998 ἐρυγῆς.
2547 3929 2723 3998 Ὅπερ
2759 3928 3038 3992 ἀδύνατον,
3067 3927 3161 3980 ἐὰν
3193 3928 3263 3998 μή
3299 3944 3368 3996 με
3399 3926 3621 3997 διδάξῃς
3655 3929 3724 3980 τὰ

2133 4018 2500 4089 δικαιώματα.

2203 4111 2518 4179 Φθέγξοιτο
2551 4113 2589 4178 ἡ
2624 4110 2870 4180 γλῶσσά
2889 4131 3008 4181 μου
3048 4113 3120 4167 τὰ
3153 4111 3326 4182 λόγιά
3350 4129 3486 4166 σου.
3549 4112 3722 4183 Εὔχε-

2135 4220 2225 4256 ται
2257 4202 2292 4256 ἃ
2317 4202 2360 4254 δ’
2387 4202 2452 4256 ἂν
2483 4203 2622 4256 εἴποι
2645 4203 2798 4271 λόγον
2823 4199 2959 4256 εἶναι
2991 4203 3147 4267 Θεοῦ,
3179 4203 3320 4256 κατὰ
3352 4203 3444 4255 τό-
3479 4204 3722 4271 ’Λνοιγε

2132 4295 2249 4348 σόν
2277 4296 2470 4364 στόμα
2496 4295 2655 4363 λόγῳ
2685 4295 2852 4348 Θεοῦ.
2924 4296 2981 4348 Ὁ
3013 4295 3069 4347 δέ
3098 4294 3335 4358 τοιοῦτος
3365 4295 3536 4364 ἀργὸν
3565 4296 3632 4365 ρῆ
3643 4312 3722 4364 μα

2131 4388 2191 4440 οὐ
2216 4387 2384 4440 λαλεῖ.
2427 4388 2516 4440 Διό
2570 4403 2732 4458 φησιν
2759 4388 2786 4439 ὁ
2816 4386 3028 4448 Παῦλος
3051 4403 3065 4416 ο
3103 4387 3170 4440 Τὸ
3201 4386 3340 4454 γὰρ,
3384 4388 3466 4440 Οὐ
3497 4388 3722 4454 ερονεύ-

450 4463 608 4529 enim,
646 4462 769 4516 Non
819 4466 1059 4531 occides,
1118 4484 1219 4520 non
1258 4468 1611 4526 iniec/laberis.
1669 4487 1772 4524 non
1822 4473 2022 4541 furtum

2143 4494 2280 4544 γεις,
2309 4480 2380 4532 οὐ
2403 4480 2767 4548 μοιχεύσεις,
2809 4480 2880 4531 οὐ
2910 4478 3180 4545 κλέψεις,
3210 4477 3308 4530 καὶ
3337 4477 3394 4530 εἴ
3423 4495 3514 4543 τις
3544 4478 3723 4548 ἑτέρα

451 4554 636 4622 facies,
668 4566 715 4609 et
746 4558 792 4608 si
835 4557 974 4626 quod
1014 4559 1164 4612 aliud
1189 4573 1525 4629 prwceptum,
1554 4565 1607 4617 in
1635 4564 1729 4617 lzoc
1758 4565 1910 4618 verbo
1944 4568 2032 4619 in-

449 4657 726 4700 stauratur
759 4663 776 4701 :
806 4648 1005 4720 Diliges
1037 4654 1337 4721 proximum
1365 4664 1512 4709 tuum
1534 4657 1669 4710 sicut
1709 4660 1928 4730 teipsum
1957 4661 2021 4712 ⁷⁵.

449 4737 586 4792 Nam
618 4741 749 4794 illud
773 4741 986 4811 justitia
1013 4754 1096 4799 est
1123 4763 1136 4799 :
1171 4746 1366 4817 Diliges
1393 4751 1689 4816 proximum
1719 4760 1883 4807 tuum.

524 4920 645 4981 175.
687 4919 816 4975 Fiat
847 4939 1035 4979 manus
1065 4935 1156 4979 tua
1198 4936 1254 4979 ut
1278 4927 1443 4982 salvet
1480 4946 1577 4982 me.
1611 4929 1888 4998 Signiﬁcat
1915 4948 2022 4986 non

450 5011 650 5068 iactam
680 5029 802 5069 esse
829 5032 1049 5072 manum
1078 5019 1217 5088 ejus,
1243 5021 1337 5075 sed
1365 5022 1484 5091 ejus
1527 5031 1728 5078 statum
1767 5040 1892 5094 erga
1929 5041 2023 5080 eos

450 5109 544 5176 qui
597 5108 825 5163 salutem
868 5123 1298 5181 consequuntur.
1340 5113 1509 5180 Quale
1542 5125 1625 5170 est
1667 5117 1843 5171 illud:
1894 5116 2023 5170 Esto

450 5198 579 5251 mihi
609 5202 666 5253 in
700 5200 862 5254 Deum
888 5213 1231 5272 protectorem
1251 5206 1317 5257 ⁷⁸.

523 5289 645 5344 174.
694 5291 980 5362 Concupivi
1022 5293 1258 5347 salutare
1314 5303 1482 5360 tuum,
1521 5295 1759 5350 Domine.
1795 5295 1853 5350 Si
1893 5296 2024 5351 velis

452 5382 753 5451 retrogredi
801 5392 854 5437 et
899 5385 1183 5451 superiora
1225 5388 1530 5455 respicere,
1585 5388 1821 5443 salutare
1868 5397 2024 5442 tuum

454 5472 708 5530 Christus
733 5485 836 5530 est.
861 5475 1020 5532 Jesus
1052 5478 1195 5531 enim
1220 5479 1488 5548 signiﬁcat
1512 5481 1610 5534 Dei
1640 5481 1809 5535 salus.
1833 5479 1932 5534 Hic
1957 5480 2026 5534 ad

452 5580 554 5620 nos
575 5567 778 5623 missus
794 5580 896 5624 est.
925 5568 1096 5640 (Alius
1115 5570 1321 5642 codex.)
1341 5571 1486 5642 Opus
1515 5584 1596 5629 est
1638 5577 2024 5646 concupiscere

520 5746 567 5779 "
593 5745 745 5803 Jorm.
777 5768 846 5820 Vl,
873 5753 960 5807 55.
1040 5755 1084 5786 ⁷³
1123 5755 1252 5809 ibid.
1281 5756 1368 5810 53.

1444 5756 1488 5786 τι
1514 5755 1672 5811 μον,
1708 5758 1926 5821 δίειμί).
1976 5759 2019 5790 ⁷⁵
2054 5757 2210 5811 Rom.
2253 5772 2370 5822 xm,
2398 5755 2451 5810 9.

2127 4569 2370 4637 ἐντολὴ,
2403 4571 2474 4624 ἐν
2500 4569 2581 4635 τῷ
2610 4571 2770 4639 λόγῳ
2799 4571 2986 4636 τούτῳ
3015 4569 3564 4637 ἀνακεφαλαιοῦται
3626 4572 3720 4635 τὸ,

2141 4662 2500 4732 Ἀγαπήσεις
2534 4661 2639 4715 τὸν
2671 4663 2940 4727 πλησίον
2965 4675 3079 4714 σου
3109 4661 3186 4726 ὼς
3213 4660 3446 4712 ἑαυτόν.
3507 4662 3725 4729 Δικαιο-

2131 4754 2263 4823 σύνη
2294 4752 2402 4821 γὰρ
2429 4751 2585 4806 τοῦτό
2613 4755 2729 4806 ἐστι
2761 4753 2821 4804 τό
2841 4769 2852 4781 ·
2917 4750 3276 4821 Ἀγαπήσεις
3302 4749 3410 4802 τὸν
3443 4751 3722 4819 πλησίον

2128 4864 2266 4900 σου.

2126 4953 2130 4972 ι
2197 4937 2474 4992 Γενέσθω
2505 4938 2543 5003 ἡ
2571 4938 2699 5004 χείρ
2732 4951 2846 4989 σου
2879 4935 2982 4988 τοῦ
3012 4934 3211 4989 σῶσαι
3257 4952 3352 5005 με.
3411 4935 3579 5005 Δηλοί
3609 4935 3720 5007 γὰρ

2127 5033 2187 5085 ού
2221 5031 2319 5102 τὴν
2355 5029 2475 5083 κατ’
2503 5028 2688 5080 οὐσίαν
2715 5027 2928 5095 γένεσιν
2949 5025 3116 5096 αὐτῆς
3136 5065 3149 5089 ,
3194 5025 3327 5079 ἀλλὰ
3352 5025 3452 5096 τὴν
3479 5026 3619 5098 πρὸς
3651 5028 3722 5079 τὰ

2130 5123 2414 5192 σωζόμενα
2451 5119 2653 5189 σχέσιν.
2725 5118 2938 5170 Ὀποῖον
2973 5117 3068 5169 καὶ
3113 5117 3200 5168 τό·
3235 5119 3285 5169 Γ
3286 5115 3427 5169 ενοῦ
3477 5134 3586 5186 μοι
3630 5120 3720 5179 εις

2129 5215 2276 5268 Θεὸν
2305 5208 2787 5280 ὑπερασπιστήν.

2211 5303 2590 5369 Ἐπεπόθησα
2630 5299 2696 5352 τὸ
2723 5298 3015 5366 σωτήριόν
3061 5311 3199 5361 σου,
3227 5299 3420 5364 Κύριε.
3473 5297 3604 5351 Ἐὰν
3633 5296 3704 5350 θέι

2131 5395 2227 5466 λης
2252 5395 2584 5463 ἐπαναϐῆναι
2605 5392 2682 5462 τῷ
2713 5391 2876 5461 λόγῳ,
2908 5391 2970 5443 τὸ
2989 5390 3254 5461 σωτήριόν
3283 5407 3374 5443 σου
3405 5392 3432 5442 ὁ
3474 5390 3719 5461 Χριστός

2132 5489 2295 5538 ἐστιν.
2315 5484 2518 5554 Ἰησοῦς
2540 5483 2648 5553 γὰρ
2679 5481 3037 5551 ἑρμηνεύεται
3057 5482 3206 5535 Θεοῦ
3229 5482 3513 5553 σωτηρία.
3545 5477 3719 5542 Οὗτος

2135 5580 2264 5646 ἡμῖν
2299 5574 2571 5644 ἐπέμφθη.
2641 5574 2840 5642 Ἔργον
2893 5571 3008 5623 ἐστὶ
3043 5572 3101 5624 τὸ
3143 5572 3420 5625 ἐπιποθεῖν
3454 5571 3722 5626 τοῦ-Θεοῦ

2534 5755 2579 5786 ⁷⁵
2614 5753 2758 5808 Psal.
2798 5769 2926 5818 xxx,
2951 5752 2986 5806 5
