3880 6216
157 331 264 386 509

1257 320 1614 377 EXPOSlTlO
1653 318 1720 374 IN
1760 317 2088 374 PSALMUM
2122 321 2282 377 CXX.

3323 310 3426 369 510

156 451 219 506 τὸ
246 452 536 520 σωτήριον.
575 450 638 503 Ol
669 448 778 518 γὰρ
809 446 994 500 πολλοὶ
1019 445 1080 498 τὸ
1110 444 1252 498 κατὰ
1286 444 1463 515 σάρκα
1495 442 1740 496 ποθοῦσι.

1879 442 2086 496 alutare
2155 443 2267 496 Dei.
2321 441 2473 495 Mqu
2515 439 2658 495 enim
2699 453 2818 508 qua:
2861 435 3161 492 secundum
3206 446 3428 488 carnem

157 541 234 594 Τὸ
257 541 317 594 δὲ
338 540 432 592 τοῦ
462 539 620 602 Θεοῦ”,
637 539 699 592 τὸ
720 540 778 590 ὲν
810 535 956 606 αὐτῷ
980 535 1246 604 σωθῆναι,
1279 535 1340 587 τὸ
1367 537 1423 586 ἐν
1453 533 1600 604 αὐτῷ
1627 535 1748 586 ἀνα-

160 631 462 696 παύεσθαι,
497 631 901 700 κληρονομῆσαι
929 628 999 680 τὰ
1034 627 1182 695 ἅγια.
1218 627 1386 679 Τοῦτο
1412 627 1519 696 γάρ
1547 627 1663 678 ἐστι
1688 625 1749 676 τὸ

159 725 432 793 σωτήριον
454 720 548 774 τοῦ
577 719 785 790 Θεοῦ,ή
821 718 1035 781 αἰώνιος
1057 718 1192 787 ζωή.
1232 717 1394 770 Ἀλλὰ
1413 718 1506 769 καὶ
1543 714 1748 786 Ἰησοῦς

159 812 530 884 ἑρμηνεύεται
562 811 709 865 Θεοῦ
725 809 1040 878 σωτήριον,
1063 808 1336 878 πεμφθεὶς
1365 810 1497 878 ἡμῖν
1528 808 1619 859 ἐπὶ
1638 823 1746 858 σω-

158 905 330 976 τηρίᾳ
354 921 367 934 ·
406 896 466 957 οὗ
492 903 630 975 πρὸς
655 903 748 958 τὸν
779 902 942 958 πόθον
969 904 997 955 ὁ
1018 902 1187 956 θέλων
1217 900 1434 954 ὁδεῦσαι
1464 899 1748 969 μελετήσει

158 997 253 1049 τὸν
289 997 474 1067 νόμον.

238 1169 499 1237 Ζήσεται
557 1172 596 1238 ἠ
633 1170 804 1238 ψυχή
827 1185 971 1237 μου,
1035 1169 1137 1223 καὶ
1177 1167 1407 1222 αἰνέσει
1465 1183 1556 1221 σε.
1617 1164 1749 1235 Περὶ

166 1263 471 1334 μελλούσης
493 1262 642 1330 λέγει
667 1261 834 1331 ζωῆς.
882 1261 944 1332 ᾘ
964 1259 1072 1330 γὰρ
1095 1258 1206 1328 ζωὴ
1230 1259 1399 1329 ἡμῶν
1425 1259 1750 1326 κέκρυπται

163 1357 290 1410 σὺν
333 1355 414 1421 τῷ
452 1352 683 1422 Χριστῷ
710 1355 778 1407 ὲν
804 1352 886 1418 τῷ
915 1351 1054 1417 Θεῷ.
1110 1351 1241 1404 Τότε
1295 1351 1498 1423 κυρίως
1527 1350 1746 1414 αἰνέσω,

163 1449 292 1502 τότε
332 1448 593 1518 βοηθῆσαί
641 1464 732 1518 μοι
751 1461 766 1476 ⁸
797 1446 867 1500 τὰ
897 1445 1160 1516 ὲπιϐόητα
1191 1444 1457 1512 γενόμενα
1486 1440 1594 1494 τῶν
1625 1457 1748 1509 κρι-

165 1541 414 1610 νομένων
446 1557 527 1592 σοι
560 1539 804 1610 κρίματα
833 1537 912 1608 τῷ
940 1538 1037 1608 μὲν
1061 1537 1254 1607 δικαίῳ
1283 1536 1452 1609 χωρὶς
1478 1533 1748 1604 βασάνων,

167 1633 249 1704 τῷ
274 1634 333 1686 δὲ
367 1633 606 1702 δεομένῳ
633 1632 722 1686 διὰ
752 1631 1019 1703 βασάνων.

250 1724 639 1792 Ἐπλανήθην
664 1724 745 1789 ὡς
775 1723 1074 1793 πρόϐατον
1105 1719 1440 1784 ἀπωλολός.
1508 1716 1662 1770 Μετά
1691 1714 1752 1768 τὸ

1851 544 1980 589 sunt
2016 535 2430 604 concupiscunt.
2477 531 2635 598 Quod
2676 539 2859 583 autem
2901 526 3198 582 secundum
3233 523 3427 590 Deum,

1850 635 1954 691 est,
1985 627 2037 680 in
2081 628 2197 695 ipso
2234 626 2462 679 salutem
2496 622 2781 690 consequi,
2810 621 2866 673 in
2908 619 3028 687 ipso
3062 615 3424 685 requiescere,

1851 728 2036 773 sancta
2069 719 2122 772 in
2166 718 2536 772 licereditatem
2583 715 2848 780 accipere.
2900 709 3034 763 lllud
3056 721 3293 775 namque
3345 712 3431 759 est

1850 811 2090 865 salutare
2117 810 2229 875 Dei,
2247 818 2448 863 aeterna
2467 807 2592 858 vita.
2617 806 2730 858 lmo
2754 803 2916 856 etiam
2942 799 3099 854 Jesus
3127 796 3432 866 explicatur

1849 899 1950 952 Dei
1977 899 2232 963 salutare,
2261 897 2384 966 quia
2417 896 2620 948 missus
2661 899 2744 945 est
2773 890 2932 944 nobis
2960 887 3027 941 ad
3065 887 3319 941 salutem.
3343 882 3427 935 Ad

1851 988 2011 1057 cujus
2033 987 2366 1043 desiderium
2391 986 2436 1040 si
2468 985 2593 1054 quis
2623 981 2874 1036 incedere
2895 978 3045 1043 velit,
3072 975 3428 1030 meditabitur

1850 1079 2044 1132 legem.

1936 1094 2044 1131 em.

1903 1094 2048 1223 g1'75.
2091 1166 2235 1220 Vivet
2285 1164 2468 1216 anima
2511 1178 2627 1214 mea
2656 1169 2704 1213 et
2732 1158 2974 1212 laudabit
3009 1168 3077 1211 te.
3114 1155 3190 1210 De
3238 1152 3427 1208 futura

1849 1263 1958 1318 vita
1999 1261 2255 1330 loquitur.
2292 1257 2436 1309 Nam
2471 1259 2578 1309 vita
2623 1263 2804 1307 nostra
2848 1249 3157 1305 abscondita
3199 1257 3274 1301 est
3306 1262 3427 1300 cum

1851 1353 2057 1407 Christo
2105 1352 2160 1404 in
2211 1349 2321 1401 Deo
2378 1347 2443 1398 ⁷⁷.
2495 1345 2648 1399 Tunc
2701 1344 2918 1414 proprie
2982 1340 3249 1402 laudabo,
3299 1348 3430 1391 tunc

1851 1442 2116 1497 auxiliare
2170 1438 2326 1492 mihi.
2375 1435 2636 1489 Laudabo
2685 1434 2894 1488 scilicet
2939 1429 3146 1500 judicia
3193 1439 3280 1482 tua
3337 1427 3428 1480 illa

1851 1535 2157 1595 decantata,
2208 1531 2273 1583 de
2304 1529 2453 1599 justo
2481 1529 2590 1581 lata
2626 1527 2746 1580 sine
2779 1522 3065 1579 tormentis
3093 1562 3106 1586 ,
3153 1521 3220 1574 de
3262 1518 3428 1572 noxio

1853 1643 1977 1682 cum
2002 1623 2310 1679 tormentis.

1928 1717 2046 1772 176.
2084 1713 2275 1768 Eri-avi
2296 1713 2430 1767 sicut
2460 1711 2567 1764 ovis
2594 1724 2711 1779 qua:
2732 1707 2908 1777 periit.
2941 1705 3239 1773 Postquam
3265 1715 3432 1770 opera

167 1821 346 1873 εἰπεῖν
372 1817 499 1888 περὶ
519 1815 684 1870 αὐτοῦ
715 1814 852 1886 ἔργα
875 1812 1281 1884 κατορθωκότος
1301 1851 1316 1875 ,
1368 1811 1531 1864 πάλιν
1554 1808 1752 1878 πρόϐα-

1877 1819 2002 1865 'ecte
2027 1825 2055 1862 a
2084 1825 2140 1862 se
2163 1815 2311 1877 gesta
2340 1803 2603 1866 narravit,
2628 1815 2849 1855 rursum
2879 1799 2954 1852 ait
2973 1814 3031 1852 se
3058 1811 3215 1850 ovem
3241 1808 3433 1846 erran-

166 1927 261 1964 τον
289 1909 482 1963 ἑαυτὸν
515 1907 928 1977 πεπλανημένον
958 1900 1096 1957 εῖναι
1128 1904 1297 1970 λέγει,
1318 1898 1746 1970 ταπεινοφροσύ-

167 2020 268 2071 νην
304 1997 675 2069 ἐπιτηδεύων,
735 1995 876 2050 κατὰ
906 1997 969 2049 τὸ
1018 1994 1304 2066 εἰρημένον
1352 1992 1456 2045 ὑπὸ
1503 1990 1746 2060 Κυρίου·

169 2090 364 2141 Ὅταν
383 2085 580 2140 πάντα
598 2083 1028 2154 ωθορθώσητε,
1052 2083 1258 2152 λέγετε
1277 2099 1290 2112 ³
1314 2081 1525 2136 Δοῦλοι
1553 2079 1739 2149 ἀχρεῖα

168 2180 229 2232 ot'
263 2179 476 2248 ἐσμεν.

536 2268 660 2339 ῼδὴ
693 2267 812 2322 τῶν
855 2264 1226 2335 ἀναϐαθμῶν.
1268 2266 1427 2318 ΡΙΘν.

803 2358 816 2375 '
829 2357 1137 2420 Υπόθεσις.

167 2451 286 2504 Τλν
319 2449 542 2521 πρώτην
587 2449 731 2520 ᾠδὴν
764 2447 872 2501 τῶν
909 2446 1235 2517 ἀναϐαθμῶν
1287 2446 1403 2518 ᾄδει
1442 2443 1522 2514 τῷ
1574 2441 1692 2512 Θεῷ
1722 2442 1751 2495 6

248 2541 308 2592 ὲν
354 2539 633 2592 Βαϐυλῶνι
680 2538 825 2601 λαὸς,
878 2537 1162 2607 ἀδημονῶν
1209 2536 1300 2588 ἐπὶ
1341 2534 1418 2604 τῷ
1445 2535 1606 2605 μήκει
1651 2533 1752 2603 τῆς

247 2629 647 2700 αἰχμαλωσίας,
683 2630 778 2682 καὶ
809 2629 1096 2698 εὐχόμενος
1124 2627 1572 2697 ὲλευθερωθῆναι.

245 2721 407 2788 Πρὸς
434 2721 649 2789 Κύριον
673 2721 742 2774 ἐν
767 2718 848 2785 τῷ
876 2719 1185 2773 θλίϐεσθαί
1222 2735 1291 2785 με
1321 2717 1617 2785 ἐκέκραξα

166 2814 358 2881 Κύριε
379 2852 395 2876 ,
425 2811 612 2879 ῥῦσαι
654 2812 768 2880 τὴν
796 2810 1006 2881 ψυχήν
1031 2828 1150 2877 μου
1188 2811 1306 2864 ἀπὸ
1343 2808 1592 2879 χειλέων
1625 2808 1753 2862 ἀδί-

169 2921 304 2957 κων
337 2902 436 2956 καὶ
466 2902 584 2956 ἀπὸ
619 2901 906 2971 γλώσσης
934 2903 1161 2969 δολίας.
1197 2902 1322 2964 Πῶς
1341 2901 1449 2972 γὰρ
1473 2902 1572 2954 οὐκ
1596 2901 1756 2954 ἄδικα

170 2995 334 3065 χείλη
363 2993 471 3047 τῶν
504 2995 880 3056 Βαϐυλωνίων,
905 2994 973 3046 τὰ
998 2995 1097 3063 τὴν
1122 2992 1562 3063 εἰδωλολατρείαν
1607 2992 1755 3062 ὡμο-

169 3085 472 3156 λογηκότα.
503 3085 650 3157 Αὐτὴ
681 3085 738 3139 δὲ
776 3086 868 3138 καὶ
898 3084 1119 3152 γλῶσσα
1163 3084 1388 3154 κληθείη
1421 3082 1571 3136 δολία
1592 3122 1606 3147 ,
1658 3083 1755 3136 ἆτε

177 3175 357 3247 μηδὲν
391 3175 548 3240 εὐθὲς
582 3176 821 3230 λαλοῦσα
854 3178 982 3247 περὶ
1010 3175 1166 3230 Θεοῦ.

256 3269 323 3323 Τί
365 3269 564 3335 δοθείη
619 3282 717 3322 σοι
741 3309 756 3334 ,
805 3269 901 3322 καὶ
954 3270 1010 3322 τι
1059 3268 1411 3337 προστεθείη
1466 3283 1565 3321 σοι
1617 3268 1763 3336 πρὸς

170 3361 478 3433 ⁴τελῶσσαν
501 3359 746 3425 δολίαν;
797 3360 873 3414 Τὰ
907 3359 1066 3428 ,βέλη
1104 3360 1212 3414 τοῦ
1252 3359 1512 3414 δυνατοῦ
1548 3359 1766 3426 ἠκονη-

165 3451 355 3523 μένα.
395 3451 459 3502 Τί
487 3450 647 3504 πλέον
674 3450 892 3520 δοθῆναί
921 3468 1002 3504 σοι
1050 3454 1220 3514 αἰτεῖς
1247 3491 1261 3514 ,
1295 3451 1458 3522 φησὶν
1477 3493 1492 3516 ,
1530 3451 1564 3520 ἢ
1592 3449 1643 3501 τί
1675 3449 1765 3502 θέ-

175 3545 300 3606 λεις
338 3541 523 3612 ἕτερον
546 3541 909 3613 προστεθῆναί
931 3558 1012 3594 σοι
1033 3541 1128 3595 τοῦ
1153 3541 1297 3595 κατὰ
1325 3541 1433 3594 τῶν
1455 3540 1642 3593 δολίων
1663 3556 1768 3609 χει-

176 3638 362 3702 λέων;
399 3637 536 3706 Βέλη
566 3635 738 3707 πυρὸς
766 3633 941 3705 μεστὰ
973 3634 1272 3703 ὲξαφθῆναι
1303 3632 1454 3702 παρὰ
1484 3630 1578 3683 τοῦ
1611 3631 1770 3683 δυνα-

176 3727 304 3780 τοῦ.
346 3725 608 3796 Σημαίνει
654 3725 712 3778 δὲ
751 3724 848 3796 τὴν
903 3723 1048 3777 κατὰ
1094 3724 1202 3777 τῶν
1250 3721 1602 3775 Βαϐυλωνίων
1644 3721 1766 3773 ὅσον

177 3818 343 3873 οὔπω
363 3817 636 3888 τιμωρίαν
667 3815 954 3887 ἐσομένην.

259 3912 332 3965 Ol
351 3928 476 3981 μοι,
501 3909 590 3962 ὅτι
626 3911 665 3978 η
695 3909 976 3976 παροικία
994 3925 1114 3976 μου
1143 3907 1504 3976 έμακρύνθη.
1548 3904 1772 3975 Ἑτέραν

178 4005 400 4071 αἴτησιν
429 4000 647 4071 εὔχεται
677 3999 830 4070 παρὰ
871 3999 1006 4052 Θεοῦ
1031 4041 1046 4066 ,
1095 4001 1194 4070 τῆς
1233 3997 1523 4069 παροικίας
1557 3995 1772 4049 ἐλευθε-

182 4093 452 4165 ρωθῆναι.
497 4091 947 4158 Κατεσκήνωσα
1006 4091 1157 4160 μετὰ
1206 4088 1324 4144 τῶν
1365 4087 1774 4158 σκηνωμάτων

178 4183 409 4252 Κηδάρ.
444 4181 610 4254 Χώρα
636 4199 720 4245 τις
739 4181 887 4233 ἐστὶν
916 4182 950 4251 ἡ
982 4181 1173 4251 Κηδὰρ
1198 4182 1290 4234 ἐπὶ
1319 4181 1416 4250 τῆς
1433 4181 1641 4250 ἐρήμου
1673 4179 1773 4249 τῆς

183 4278 331 4349 πρὸς
366 4275 630 4339 ἀνατολὰς
664 4274 890 4345 κειμένη
913 4311 928 4337 ,
964 4272 1059 4327 καὶ
1100 4273 1260 4344 μέχρι
1291 4273 1392 4343 τῆς
1420 4271 1644 4344 Περσῶν
1672 4287 1776 4324 πα-
1835 4305 1838 4308 -

1857 1911 1962 1956 tem
2009 1899 2200 1960 fuisse,
2248 1897 2542 1950 humilitati
2579 1908 2805 1955 vacans,
2835 1891 2989 1960 juxta
3034 1887 3170 1941 illud
3213 1883 3431 1938 Domini

1855 1995 2058 2049 dictum
2083 2011 2097 2046 :
2128 1990 2262 2045 Cum
2291 1990 2467 2043 omnia
2490 1986 2835 2058 perfeceritis,
2865 1982 3025 2035 dicite
3050 1995 3066 2032 :
3100 1979 3246 2034 Servi
3269 1975 3435 2029 inuti-

1858 2090 1932 2143 les
1971 2101 2152 2141 sumus
2185 2083 2252 2135 ⁷⁸.

2209 2251 2483 2308 Canticum
2522 2245 2802 2317 graduum.
2869 2237 3053 2296 CXIX

2452 2340 2851 2408 Argumentum.

1857 2438 2101 2492 Primum
2128 2432 2392 2504 graduum
2440 2427 2711 2483 canticum
2769 2423 2876 2477 Deo
2925 2419 3073 2475 canit
3114 2417 3349 2487 populus
3381 2416 3438 2471 in

1933 2527 2210 2597 Babylone
2243 2522 2596 2583 constitutus,
2626 2526 2888 2588 pertaesus
2918 2510 3442 2582 diuturnaqcaptivi-

1931 2619 2080 2682 tatis,
2117 2624 2171 2670 et
2211 2629 2416 2682 rogans
2449 2611 2776 2664 libertatem.

1932 2712 1985 2774 1,
2012 2709 2067 2762 2.
2104 2708 2184 2760 Ad
2248 2705 2534 2758 Dominum
2581 2717 2697 2753 cum
2745 2696 3030 2752 tribularer
3083 2693 3307 2746 clamavi
3334 2731 3347 2745 .
3380 2729 3394 2744 .
3422 2731 3438 2746 .

1861 2800 2114 2858 Domine,
2159 2795 2590 2861 liberalanimam
2624 2806 2793 2842 meam
2819 2806 2850 2840 a
2881 2788 3034 2840 labiis
3069 2785 3264 2853 iniquis
3285 2825 3299 2846 ,
3331 2792 3381 2835 et
3409 2799 3443 2834 a

1863 2893 2045 2961 lingua
2065 2888 2270 2941 dolosa.
2310 2885 2431 2952 Quo
2455 2892 2612 2954 pacto
2641 2897 2746 2936 non
2775 2878 2986 2947 iniqua}
3014 2877 3440 2946 Babyloniorum

1864 2982 2006 3035 labia
2030 3020 2044 3044 ,
2081 2994 2202 3049 qua:
2236 2975 2596 3031 idololatriam
2625 2967 3059 3042 profitebantur?
3098 2964 3222 3018 Haec
3262 2974 3441 3016 autem

1862 3073 2049 3141 lingua
2080 3079 2227 3125 recte
2256 3068 2448 3123 dolosa
2484 3071 2746 3130 vocetur,
2797 3069 2982 3130 utpote
3009 3073 3131 3128 qua:
3172 3055 3306 3110 nihil
3359 3069 3447 3109 re—

1788 3181 1832 3239 c
1865 3175 2014 3222 ctum
2044 3166 2111 3220 de
2145 3163 2256 3217 Deo
2283 3163 2560 3230 loquatur.

1935 3256 1990 3321 5,
2019 3255 2073 3308 4.
2117 3252 2258 3318 Quid
2301 3252 2454 3304 detur
2485 3248 2604 3313 tibi,
2639 3255 2730 3298 aut
2760 3244 2885 3314 quid
2915 3250 3211 3311 apponatur
3244 3239 3336 3292 tibi
3377 3237 3447 3291 ad

1868 3345 2101 3414 linguam
2151 3341 2438 3396 dolosam?
2487 3337 2710 3407 Sagith
2764 3334 2990 3403 potentis
3036 3340 3225 3385 acutae.
3305 3327 3448 3395 Quid

1867 3436 2008 3489 ultra
2039 3434 2157 3488 dari
2189 3433 2283 3486 tibi
2314 3430 2560 3502 postulas
2581 3468 2596 3494 ,
2645 3427 2822 3496 inquit
2844 3465 2858 3488 ,
2894 3433 2988 3478 aut
3022 3424 3152 3493 quid
3185 3421 3329 3475 aliud
3365 3419 3448 3473 vis

1871 3527 2034 3596 adjici
2069 3525 2164 3581 tibi
2197 3525 2463 3580 adversus
2505 3523 2721 3591 linguas
2751 3518 3007 3572 dolosas?
3055 3516 3291 3587 Sagittas
3325 3513 3449 3581 igne

1872 3621 2064 3691 plenas
2092 3634 2122 3672 a
2153 3627 2373 3688 potente
2407 3616 2684 3669 incensas.
2741 3609 3022 3680 Signiﬁcat
3059 3617 3240 3661 autem
3272 3604 3452 3674 Baby-

1873 3711 2151 3765 loniorum
2181 3708 2447 3762 ultionem
2477 3719 2602 3759 mox
2635 3703 2894 3758 futuram.

1944 3889 1997 3952 5,
2031 3887 2082 3940 6.
2114 3885 2234 3939 Heu
2262 3865 2438 3948 mihi,
2461 3884 2586 3953 quia
2624 3880 2886 3934 incolatus
2936 3894 3080 3930 meus
3109 3875 3452 3946 prolongatus

1873 3991 1948 4037 est
1973 3981 1992 4034 !
2022 3980 2183 4033 Aliud
2210 3994 2239 4031 a
2267 3977 2379 4031 Deo
2409 3977 2647 4044 postulat
2674 4016 2688 4038 ,
2723 3974 2983 4026 nimirum
3019 3980 3077 4022 ut
3115 3971 3184 4022 ab
3214 3968 3453 4021 incolatu

1874 4074 2154 4127 liberetur.
2207 4067 2464 4122 Habitan
2495 4082 2613 4118 cum
2648 4061 3064 4116 habitationibus
3097 4059 3286 4113 Cedar.
3345 4058 3450 4112 Ce-

1875 4168 1976 4222 dar
2007 4165 2158 4235 regio
2188 4161 2435 4231 quaedam
2459 4168 2542 4213 est
2571 4157 2637 4211 ad
2666 4171 2909 4210 eremum
2953 4168 3142 4206 versus
3185 4151 3452 4235 orientem

1879 4259 2008 4322 sita,
2042 4264 2097 4310 et
2133 4267 2308 4322 usque
2349 4251 2417 4305 ad
2461 4249 2737 4304 Persidem
2783 4245 3098 4315 pertingens
3121 4285 3136 4308 ,
3172 4220 3333 4310 qnam
3365 4242 3452 4293 in-

180 4333 530 4444 paiseivouua,
564 4333 630 4440 ἢν
662 4333 819 4436 γένος
849 4333 1602 4438 Σίαρακηνιῶνὶοίκεῖΐηολλὰ
1629 4381 1757 4431 παρ-

1877 4352 2006 4406 colit
2029 4348 2427 4402 Saracenorum
2453 4357 2646 4412 genus.
2682 4338 2911 4392 Illultum
2942 4336 3117 4390 incola
3149 4335 3249 4404 fuit
3274 4333 3455 4386 anima

175 4465 428 4532 ᾤκησεν
452 4464 490 4530 ἠ
525 4461 696 4529 ψυχή
721 4477 864 4528 μου.

1877 4456 2014 4494 mea.

256 4511 420 4608 Dicta
447 4511 565 4604 tib;-
585 4511 929 4619 £01037ch
965 4545 1214 4615 εἰρήνην
1250 4543 1416 4612 ἢμην
1453 4545 1752 4611 εἰρηνικός

1953 4532 2004 4584 7.
2034 4529 2168 4585 Cum
2204 4529 2284 4580 his
2309 4527 2397 4596 qui
2423 4525 2645 4577 oderunt
2666 4537 2846 4591 pacem
2873 4535 3017 4573 eram
3041 4517 3292 4586 paciﬁcus
3317 4511 3452 4582 (50).

178 4645 374 4700 Κακία
420 4640 774 4696 Βαϐυλωνίων
820 4639 883 4692 τὸ
928 4638 1186 4707 πολεμεῖν
1247 4634 1361 4687 ἀντ’
1411 4634 1624 4698 οὐδενὸς
1665 4638 1757 4688 τοῖς

1884 4624 1959 4680 Ea
1983 4632 2100 4679 erat
2142 4621 2344 4682 malitia
2368 4616 2816 4687 Babyloniorum,
2844 4622 2902 4666 ut
2927 4612 3073 4666 nulla
3104 4611 3170 4663 de
3197 4623 3359 4662 causa
3387 4607 3456 4661 iis

182 4735 586 4810 εἰρηνεύουσιν.
633 4735 696 4786 Εἰ
722 4735 795 4804 μή
831 4750 884 4786 τι
908 4732 1016 4785 δέοι
1060 4727 1315 4801 κριτικῆς
1348 4727 1616 4797 τιμωρίας
1639 4765 1654 4790 ,
1711 4728 1777 4798 ἣν

182 4830 332 4884 κατὰ
361 4826 683 4880 Χαναναίων
725 4825 822 4878 καὶ
856 4821 1198 4895 Ἀμορραίων
1245 4819 1541 4872 ἐπέταττεν
1568 4821 1596 4872 ὁ
1622 4820 1772 4884 Θεὸς,

179 4923 287 4992 τὴν
337 4919 473 4989 πρὸς
511 4918 706 4980 αὐτοὺς
748 4914 1112 4986 ἀπαγορεύων
1159 4913 1359 4982 φιλίαν.
1400 4913 1462 4965 Οί
1495 4911 1552 4962 δὲ
1584 4910 1754 4978 φαῦλο

181 5013 331 5083 πρὸς
351 5010 573 5072 τούτους
595 5009 921 5078 ἀσύμϐατοι,
957 5007 1056 5077 τὴν
1086 5005 1394 5058 θεοσέϐειαν
1426 5002 1775 5073 βδελυττόμε-

183 5120 292 5156 νοι.
345 5101 530 5153 Ὅταν
570 5099 835 5152 ἐλάλουν
882 5097 1120 5162 αὐτοῖς,
1167 5094 1505 5163 ἐπολέμουν
1549 5110 1626 5161 με
1669 5093 1749 5145 δω

177 5192 356 5262 ρεάν.

551 5281 690 5350 ’ῼδὶι
724 5281 842 5334 τῶν
874 5274 1250 5346 ἀναϐαθμῶν.
1299 5277 1430 5330 PK'.

827 5371 839 5389 '
852 5372 1140 5433 Υπόθεσις
1149 5411 1160 5423 .

189 5465 306 5536 Τὴν
336 5462 596 5534 δευτέραν
621 5461 763 5532 ᾠδὴν
793 5459 931 5530 ᾅδει,
968 5456 1365 5528 προαπολυθεὶς
1413 5457 1508 5527 μὲν
1547 5457 1645 5525 τῆς
1690 5459 1772 5508 αἰ-

264 5554 606 5627 χμαλωσίας,
643 5555 700 5605 ἐν
727 5550 914 5621 ὁδῴ,δὲ
939 5548 1135 5602 ὁδεύων
1160 5549 1256 5618 τῆς
1293 5551 1506 5618 μακρᾶς
1538 5549 1658 5600 ὁδοῦ
1682 5551 1777 5619 τῆς

267 5660 314 5691 ⁷⁷
346 5658 559 5713 Cnloss.
593 5672 673 5720 ιιι,
707 5655 761 5710 ’5.
837 5654 884 5686 ⁷⁸
914 5654 1045 5709 Luc.
1073 5670 1200 5720 xvn,
1234 5651 1317 5706 10.

265 5751 382 5817 (50)
417 5747 658 5803 Incertus
695 5748 866 5802 locus.

1882 4720 1976 4790 qui
2009 4732 2195 4788 pacem
2234 4713 2489 4769 colebant
2511 4708 2712 4763 bellum
2747 4704 3032 4759 inferrent.
3079 4701 3194 4756 Nisi
3225 4699 3457 4754 fortasse

1881 4809 2140 4878 respiciat
2178 4802 2502 4874 supplicium
2536 4798 2679 4867 quod
2721 4797 2786 4849 de
2820 4793 3146 4848 Cliananzeis
3182 4799 3234 4843 et
3261 4791 3458 4842 Amor-

1880 4901 2044 4956 rhaeis
2072 4898 2215 4954 sumi
2245 4895 2501 4966 praecepit
2526 4891 2688 4952 Deus,
2717 4897 2908 4942 vetans
2934 4902 3001 4940 ne
3033 4885 3328 4938 amicitiam
3375 4882 3460 4934 in-

1882 4995 2024 5048 irent
2056 5006 2180 5045 cum
2213 4987 2342 5042 illis.
2378 4985 2535 5037 Nulla
2567 4992 2748 5036 autem
2790 4987 2874 5033 cst
2900 4979 3032 5047 ipsis
3065 4977 3302 5030 amicitia
3334 4989 3458 5027 cum

1883 5082 2146 5153 improbis
2183 5080 2276 5148 qui
2310 5092 2496 5131 veram
2527 5074 2847 5142 religionem
2879 5079 3263 5124 exsecrantur.
3323 5066 3459 5121 Cum

1879 5173 2127 5244 loquebar
2161 5171 2290 5232 illis,
2328 5167 2708 5236 impugnabant
2736 5180 2815 5217 me
2848 5164 3037 5232 gratis.

2201 5263 2251 5315 1.
2309 5259 2588 5314 Canticum
2618 5257 2896 5327 graduum.
2971 5251 3136 5310 CXX.
3225 5307 3238 5327 Ι

2463 5351 2866 5420 Argumentum.

1886 5446 2200 5504 Secundum
2238 5442 2556 5498 modulatur
2588 5441 2890 5502 canticum,
2915 5436 3042 5489 dum
3073 5439 3195 5499 post
3223 5428 3458 5484 solutam

1956 5541 2319 5611 captivitatmn
2363 5538 2581 5606 longum
2632 5534 2733 5588 iter
2765 5538 2949 5602 ageret
2991 5525 3259 5590 Babylone
3303 5519 3462 5577 Jero-
