3880 6216
494 297 598 360 5H

1312 310 1370 365 S.
1410 312 1783 370 ATHANASII
1825 315 1978 373 ()PP.
2014 317 2194 373 PARS
2229 319 2320 374 Ill.
2363 351 2434 362 —
2471 319 2887 378 EXEGETICA.

3637 332 3760 388 5i!

567 426 856 496 solymam.
905 426 1086 496 Atque
1126 427 1268 483 inter
1303 431 1540 488 medium
1595 438 1858 492 montium
1903 439 2069 493 inter-

2245 441 2448 511 μεταξὺ
2473 441 2789 506 Βαϐυλῶνος
2811 445 2906 498 καὶ
2950 445 3254 518 ’Ῑερουσαλή
3264 466 3322 518 μ.
3362 451 3458 514 ’ος
3477 489 3493 514 ,
3524 453 3626 506 καὶ
3661 452 3756 524 μι-

563 529 757 588 oeptus
776 557 791 582 ,
816 527 973 588 rogat
997 519 1259 574 auxilium
1291 522 1390 577 sibi
1417 523 1678 594 impendi,
1705 544 1868 597 quem
1901 544 2068 584 exau-

562 609 722 666 diens
749 609 1105 679 propheticus
1153 611 1394 682 Spiritus
1438 619 1731 686 respondet
1761 637 1774 674 :
1807 619 2066 677 Dominus

561 702 819 758 custodiet
850 702 1129 759 introitum
1160 714 1312 760 tuum
1345 719 1397 763 et
1430 713 1630 764 exitum
1660 722 1825 767 tuum.

566 856 616 922 Ι,
640 856 696 913 2.
727 856 920 912 Levavi
968 860 1147 914 oculos
1177 877 1318 916 meos
1368 865 1424 916 in
1453 878 1651 922 montes
1677 909 1692 924 .
1723 911 1736 924 .
1766 911 1778 923 .
1805 872 2067 928 auxilium

489 961 662 998 meum
701 963 736 1000 a
767 945 1014 1013 Domino,
1046 952 1136 1020 qui
1165 951 1289 1019 fecit
1322 955 1505 1008 caelum
1533 967 1582 1011 et
1624 969 1839 1015 terram.
1872 961 2066 1020 Osten-

486 1032 622 1090 dcns
651 1033 747 1090 Dei
773 1037 1072 1106 potentiam
1096 1041 1172 1096 ait
1200 1058 1214 1093 :
1247 1041 1353 1108 Qui
1381 1045 1506 1114 fecit
1554 1049 1736 1102 coelum
1769 1060 1816 1104 et
1845 1061 2060 1109 terram.

556 1312 612 1380 5,
641 1313 695 1368 4.
737 1314 859 1368 Non
901 1318 984 1370 det
1019 1320 1073 1371 in
1105 1325 1504 1377 commotionem
1533 1328 1712 1392 pedem
1758 1340 1935 1397 tuum,
1968 1349 2058 1387 ne-

481 1419 585 1474 que
614 1407 863 1461 dormitet
897 1413 987 1487 qui
1023 1413 1253 1467 custodit
1291 1426 1358 1470 te.
1429 1417 1565 1472 Ecce
1599 1436 1700 1475 non
1730 1422 2058 1496 dormitabit,

481 1505 590 1552 etc.
618 1498 767 1555 Hanc
800 1502 998 1558 habeto
1029 1521 1201 1574 spem,
1236 1517 1288 1562 et
1321 1512 1643 1568 salvaberis.
1696 1515 1826 1572 Illud
1851 1528 2060 1587 autem,

485 1605 585 1642 non
618 1591 958 1660 dormitabit,
988 1612 1095 1650 non
1124 1599 1364 1655 laborem
1399 1617 1588 1659 eorum
1623 1607 1715 1676 qui
1748 1612 2061 1668 custodiunt

481 1681 781 1747 exercitus,
822 1687 1018 1753 urbes,
1071 1690 1276 1757 ovilia;
1341 1695 1435 1749 sed
1466 1696 1923 1766 impatibilitatem
1963 1702 2057 1758 Dei

481 1772 753 1842 signiﬁcat
785 1777 917 1832 illud
944 1797 958 1832 :
988 1778 1108 1834 Non
1153 1781 1461 1840 dormitabit
1506 1805 1666 1859 neque
1697 1792 1921 1848 dormiet
1971 1797 2061 1865 qui

479 1866 712 1920 custodit
746 1866 936 1922 Israel.
977 1870 1197 1929 Videtur
1231 1885 1410 1932 autem
1439 1881 1896 1941 dormitarecum
1942 1899 2059 1943 tur-

479 1954 723 2012 bulentis
773 1959 939 2030 hujus
972 1964 1097 2019 vitae
1126 1968 1361 2036 negotiis
1410 1983 1462 2025 et
1513 1973 1728 2030 insidiis
1762 1981 2054 2047 agitamur.

553 2047 604 2101 '5.
640 2046 896 2106 Dominus
924 2055 1191 2110 custodiat
1220 2068 1268 2112 te
1292 2100 1307 2125 ,
1343 2059 1600 2116 Dominus
1639 2046 1888 2134 protectio
1942 2082 2054 2140 tua,

477 2152 637 2205 super
671 2155 883 2192 manum
933 2143 1207 2199 dexteram
1257 2157 1424 2204 tuam.
1478 2149 1714 2222 ldipsum
1755 2157 1806 2208 in
1843 2159 2057 2214 decimo

476 2227 673 2297 quinto
719 2231 931 2299 psalmo
977 2235 1090 2291 ait:
1123 2236 1467 2294 Providebam
1517 2244 1801 2300 Dominum
1833 2249 1886 2302 in
1933 2269 2056 2304 con-

475 2327 655 2387 spectu
692 2338 801 2376 meo
836 2339 1071 2394 semper,
1107 2334 1357 2400 quoniam
1387 2350 1419 2386 a
1448 2335 1651 2390 dextris
1675 2349 1753 2392 est
1796 2341 1959 2407 mihi,
1993 2359 2056 2396 ne

471 2421 804 2464 commoveor
829 2413 894 2470 τ’.
929 2414 993 2469 Ει
1029 2418 1135 2472 hoc
1163 2420 1290 2474 item
1321 2422 1442 2477 loco
1474 2425 1607 2480 dicit
1633 2445 1645 2480 :
1669 2428 1750 2482 Ad
1776 2430 2053 2486 dexteram

474 2516 700 2556 manum
735 2514 882 2560 tuam
919 2511 1273 2580 constitutus,
1304 2523 1359 2570 et
1379 2527 1645 2590 proteget,
1683 2530 1737 2576 et
1761 2525 2050 2590 custodiet,

472 2599 529 2646 et
563 2595 713 2648 omni
742 2597 1083 2664 providentia
1113 2603 1447 2673 dignabitur.

831 2685 1108 2744 Canticum
1136 2697 1418 2763 graduum.
1489 2699 1696 2757 CXXI.

1062 2784 1464 2855 Argumentum.

471 2867 718 2926 Tertium
759 2873 1034 2930 canticum
1089 2877 1193 2932 iter
1249 2884 1538 2948 agentibus
1574 2887 1834 2954 praedicat
1882 2897 1941 2943 ut
1998 2888 2048 2942 in

544 2960 766 3016 domum
797 2961 894 3018 Dei
923 2966 1243 3022 concedant.
1303 2970 1484 3036 Quare
1516 2975 1596 3030 sic
1622 2976 1882 3047 loquitur.

542 3138 598 3192 1.
637 3137 879 3195 Lanatus
928 3159 1047 3196 sum
1081 3145 1139 3198 in
1175 3147 1242 3201 iis
1292 3165 1410 3219 qua
1447 3152 1590 3206 dicta
1623 3166 1746 3210 sunt
1797 3159 1924 3213 nti/ti
1952 3177 1970 3213 :
1997 3163 2050 3214 in
2078 3125 2121 3184 Ο

468 3227 688 3282 domum
722 3229 944 3287 Domini
990 3235 1205 3292 ibimus.

539 3317 595 3373 2.
627 3319 842 3377 Stantes
882 3337 1034 3380 erant
1060 3329 1212 3396 pedes
1260 3333 1431 3385 nostri
1472 3333 1525 3386 in
1555 3337 1710 3390 atriis
1739 3341 1868 3407 tuis,
1897 3341 2055 3396 Jeru-

469 3410 660 3468 salem.
713 3414 830 3470 Vox
861 3432 1054 3473 senum
1084 3420 1200 3478 haec
1228 3433 1332 3489 est,
1371 3427 1464 3495 qui
1499 3431 1867 3498 captivitatem
1893 3437 2054 3490 susti-

469 3515 740 3570 nuerunt,
799 3515 854 3561 et
896 3519 1122 3566 narrant
1177 3513 1343 3582 pedes
1395 3532 1528 3574 suos
1576 3521 1778 3578 auibus
1803 3524 1918 3594 jam
1953 3527 2053 3582 iter

469 3609 696 3666 agerent
719 3599 851 3654 olim
879 3603 1098 3660 stetisse
1136 3605 1189 3659 in
1224 3606 1552 3664 Jerusalem.

544 3771 598 3826 5.
633 3771 964 3843 Jerusalem,
992 3796 1108 3848 qua:
1135 3783 1436 3856 mdiﬁcatur
1465 3797 1523 3841 ut
1557 3791 1761 3847 civitas.
1827 3793 1907 3848 Ita
1930 3835 1945 3861 ,
1970 3795 2052 3848 in-

474 3863 616 3932 quit,
649 3867 844 3922 civitas
874 3870 1005 3924 olim
1029 3882 1180 3939 erat;
1208 3892 1317 3931 non
1347 3879 1476 3934 hinc
1506 3882 1630 3937 inde
1657 3884 1922 3954 dispersa,
1955 3887 2049 3942 sed

465 3951 544 4010 ita
602 3966 919 4015 construua
942 3999 959 4024 ,
1013 3971 1073 4016 ut
1128 3965 1404 4022 videretur
1432 3985 1540 4025 una
1570 3973 1768 4030 domus
1797 3990 1950 4044 esse,
1982 3993 2049 4032 ex

465 4045 755 4101 domorum
788 4053 1052 4107 continua
1087 4057 1230 4112 serie
1255 4063 1726 4121 et'concinnitatc.

536 4223 592 4278 4.
639 4223 782 4279 Illuc
811 4229 949 4282 enim
975 4233 1323 4319 ascenderunt
1352 4238 1544 4294 tribus.
1605 4239 1808 4300 Omnes
1845 4247 2041 4316 tribus,

462 4315 664 4386 inquit,
709 4335 830 4389 qua:
854 4337 920 4376 ex
952 4322 1185 4395 IEgypto
1207 4317 1302 4396 per
1335 4330 1591 4387 virtutem
1626 4334 1843 4393 Domini
1867 4315 2046 4409 egres-

462 4421 540 4461 sua
575 4418 722 4474 sunt,
760 4410 828 4464 ad
853 4426 972 4466 eam
1002 4415 1192 4469 urbem
1224 4421 1604 4487 prOperabant,
1646 4426 1712 4480 ad
1751 4425 2034 4485 ferendum
2078 4467 2122 4522 Β

463 4501 871 4570 testimonium,
906 4504 1019 4559 sive
1047 4507 1114 4561 ad
1157 4512 1359 4578 gratias
1402 4514 1643 4581 agendas
1693 4516 1804 4574 Deo
1850 4519 2038 4578 Israel.

461 4591 547 4646 Ad
579 4595 936 4664 conﬁtendum
965 4601 1165 4653 nomini
1193 4601 1423 4660 Domini.
1455 4605 1710 4684 quuod
1737 4612 2042 4683 impleverit:

460 4682 839 4742 admirabilem
881 4693 1304 4758 promissionem
1338 4712 1517 4754 suam.
1546 4682 1823 4760 'Tbronos
1855 4721 2037 4764 autem

460 4775 660 4831 domus
690 4777 858 4835 David
895 4798 1058 4852 super
1081 4800 1200 4839 eam
1230 4786 1486 4846 fundatos
1510 4806 1633 4847 esse
1658 4794 1753 4862 ait,
1777 4801 2038 4867 quoniam

460 4867 668 4922 scilicet
703 4885 930 4939 regnum
970 4875 1024 4928 in
1055 4891 1246 4933 omnes
1291 4885 1621 4948 praenuntiat
1674 4885 1864 4946 David.
1919 4889 2036 4947 Non

460 4956 630 5011 unius
661 4958 950 5028 imperium
985 4980 1323 5034 memorans,
1356 4972 1449 5026 sed
1480 4989 1793 5044 commune,
1826 4979 1878 5034 in
1909 4984 2041 5051 opti-

462 5065 584 5104 mos
613 5059 667 5105 et
697 5054 1139 5124 religiosissimos
1169 5075 1416 5131 quosque
1442 5103 1458 5129 ,
1493 5080 1523 5118 a
1571 5068 1768 5134 quibus
1811 5086 2036 5141 regnum

461 5141 685 5200 Davidis
712 5147 940 5216 erigitur
969 5165 1063 5218 per
1092 5155 1320 5219 gratiam
1353 5155 1553 5212 Christi
1583 5177 1596 5212 :
1627 5161 1721 5228 qui
1751 5162 2034 5220 duodecim

463 5239 725 5306 apostolis
745 5281 760 5305 ,
794 5255 959 5309 super
989 5242 1274 5298 duodecim
1304 5248 1532 5304 thronos
1561 5251 1875 5310 sedentibus
1898 5296 1913 5322 ,
1942 5273 2038 5326 po-

460 5337 713 5384 testatem
746 5331 894 5386 dedit
924 5333 1205 5403 judicandi
1233 5335 1506 5393 lsraelem.

532 5420 588 5475 5.
610 5421 751 5485 Quia
780 5423 892 5477 illic
913 5425 1156 5479 sederunt
1185 5428 1360 5482 throni
1393 5431 1445 5484 in
1465 5431 1695 5498 judicio.
1729 5435 2035 5495 Secundum

463 5506 748 5565 historiam
788 5512 897 5568 illic
932 5514 1079 5583 regia
1133 5514 1265 5580 fuit,
1300 5517 1408 5572 illic
1443 5522 1784 5578 sacerdotum
1818 5525 2036 5591 throni;

528 5689 574 5720 "
597 5689 736 5743 Psal.
775 5710 859 5754 xv,
896 5696 928 5744 8

2241 549 2334 597 σος
2359 534 2470 588 τῶν
2497 536 2668 608 ὀρέων
2698 537 3058 608 ἀποληφθεὶς,
3083 538 3300 609 εὔχεται
3327 542 3476 612 αὐτῷ
3496 544 3754 616 βοήθειαν

2239 625 2490 692 γενέσθαι
2509 643 2526 662 ⁸
2551 620 2614 681 οὗ
2635 630 2729 682 καὶ
2762 630 3094 699 ἐπακούσας,
3113 632 3176 686 τὸ
3203 633 3428 704 Πνεῦμα
3445 635 3507 688 τὸ
3537 655 3754 710 προφηο

2234 717 2387 771 τικὸν
2423 720 2866 789 ἀποφθέγγεται·
2911 723 3128 791 Κύριος
3171 724 3428 793 φυλάξει
3466 726 3589 797 τὴν
3620 730 3752 784 εῑσ-

2234 807 2381 861 οδόν
2409 824 2527 864 σου
2553 811 2652 865 καὶ
2671 813 2786 880 τὴν
2813 813 3029 878 ἐξοδόν
3051 829 3186 870 σου.

2234 895 2381 969 Ἦρα
2400 901 2541 968 τοὺς
2569 904 2916 974 ὀφθαλμούς
2938 925 3058 975 μου
3076 910 3164 974 εις
3183 910 3257 963 τὰ
3284 908 3391 979 ὄρη
3418 953 3429 966 .
3458 949 3475 964 .
3505 952 3519 966 .
3550 953 3566 967 .
3596 952 3614 967 .
3644 956 3660 971 .
3690 955 3704 967 .
3735 955 3751 968 .

2176 989 2237 1045 Ἡ
2256 989 2510 1056 βοήθειά
2534 1010 2654 1061 μου
2683 994 2842 1062 παρὰ
2861 996 3080 1064 Κυρίου
3108 997 3211 1052 τοῦ
3239 1000 3614 1068 ποιήσαντος
3643 1004 3752 1054 τὸν

2162 1081 2424 1149 οὐρανὸν
2454 1081 2556 1136 καὶ
2592 1082 2708 1151 τὴν
2736 1083 2874 1154 γῆν.
2933 1085 3040 1138 Τοῦ
3069 1086 3204 1163 Θεοῦ
3231 1088 3535 1154 δεικνύντος
3568 1091 3634 1144 τδ
3660 1093 3750 1144 δυ-

2160 1171 2319 1226 νατὸν
2338 1211 2352 1235 ,
2397 1172 2511 1226 Τοῦ
2536 1174 2942 1244 ποιήσαντος,
2972 1177 3142 1247 φησὶ,
3176 1178 3286 1234 τὸν
3333 1182 3600 1251 οὐρανόν
3650 1184 3749 1238 καί

2159 1262 2278 1332 τὴν
2309 1263 2445 1333 γῆν.

2231 1354 2328 1423 Μὴ
2360 1355 2479 1422 δῴη
2512 1357 2599 1422 εις
2623 1355 2822 1412 σάλον
2848 1357 2956 1412 τὸν
2981 1358 3138 1413 πόδα
3163 1375 3300 1424 σου,
3330 1363 3487 1432 μηδὲ
3517 1365 3749 1419 νυστὰ-

2162 1443 2238 1512 ξῃ
2270 1448 2303 1499 ὁ
2333 1445 2672 1513 φυλάσσων
2699 1464 2794 1502 σε.
2870 1449 3085 1520 Ταύτην
3110 1451 3200 1522 ἔχε
3235 1452 3334 1524 τὴν
3377 1453 3572 1509 ἐλπίδα
3597 1496 3613 1520 ,
3651 1457 3748 1510 καὶ

2163 1533 2330 1606 σώζῃ.
2363 1536 2437 1589 Τὸ
2461 1536 2538 1600 δὲ,
2577 1539 2649 1591 οὐ
2675 1539 2983 1604 νυστάζει,
3017 1541 3077 1593 οὐ
3107 1541 3169 1595 τὸ
3199 1539 3452 1597 ἐπίπονον
3485 1546 3604 1600 ἀπὸ
3634 1548 3747 1602 τῶν

2160 1627 2536 1696 φυλαττόντων
2565 1629 2663 1694 τὰς
2709 1633 2970 1704 στρατιὰς
3002 1634 3096 1686 καὶ
3142 1635 3323 1700 πόλεις
3351 1638 3444 1691 καὶ
3487 1639 3744 1711 ποίμνια,

2160 1718 2296 1771 ἀλλὰ
2319 1719 2378 1771 τὸ
2405 1721 2612 1784 ἀπαθὲς
2631 1721 2692 1774 τὸ
2717 1722 2868 1776 Θεῖον
2889 1724 3038 1794 δηλοῖ
3058 1725 3139 1791 τὺ,
3174 1728 3247 1780 οὐ
3274 1727 3568 1793 νυστάζει
3598 1732 3746 1786 οὐδὲ

2093 1796 2132 1849 Β
2161 1810 2428 1863 ὑπνώσει
2453 1814 2485 1864 ὀ
2509 1811 2849 1880 φυλάσσων
2884 1814 3140 1882 Ἰσραήλ.
3166 1820 3326 1870 Δοκεῖ
3343 1818 3400 1872 δὲ
3426 1821 3743 1886 νυστάζειν,

2158 1905 2376 1958 ἐπειδὰν
2387 1909 2498 1969 τοῖς
2513 1907 2764 1972 ἁστάτοις
2791 1907 2882 1960 τοῦ
2912 1909 3026 1978 βίου
3059 1910 3400 1982 σαλευόμεθα
3419 1915 3742 1985 πράγμασι,

2156 1999 2276 2059 ταῖς
2301 1997 2423 2050 καθ’
2450 1999 2605 2068 ἡμῶν
2632 1999 2962 2063 ἐπιϐουλαῖς.

2226 2091 2443 2158 Κύριος
2470 2090 2735 2159 φυλάξαι
2765 2105 2859 2156 σε,
2879 2093 3094 2160 Κύριος
3107 2092 3306 2162 σκέπη
3335 2111 3458 2159 σοι,
3481 2095 3582 2149 ἐπὶ
3614 2097 3742 2164 χεῖ-

2152 2196 2231 2246 ρα
2259 2179 2465 2243 δεξιάν
2497 2197 2635 2234 σου.
2687 2181 2862 2234 Τοῦτο
2905 2183 2997 2234 καὶ
3045 2185 3102 2235 ὲν
3129 2183 3207 2255 τῷ
3242 2191 3316 2237 ιε’
3345 2186 3448 2258 ἔφη
3495 2186 3702 2259 ψαλμῷ
3727 2204 3743 2220 ι

2156 2271 2552 2339 Προεωρὼμην
2583 2271 2690 2324 τὸν
2717 2273 2936 2340 Κύριον
2955 2273 3212 2328 ἐνώπιόν
3236 2292 3356 2343 μου
3385 2275 3740 2345 διαπαντὸς,

2156 2360 2244 2414 ὅτι
2268 2362 2336 2414 ἐκ
2366 2360 2581 2425 δεξιῶν
2596 2363 2714 2431 μού
2742 2365 2931 2428 ἐστιν,
2965 2365 3065 2418 ἵνα
3082 2365 3169 2434 μὴ
3190 2367 3488 2422 σαλευθῶ.
3524 2369 3638 2424 Καὶ
3660 2371 3742 2423 ἑν-

2153 2450 2328 2504 ταῦθα
2363 2452 2524 2504 πάλιν
2560 2453 2756 2524 φησὶν,
2806 2455 2887 2507 ὅτι
2925 2455 3084 2526 Παρὰ
3110 2457 3209 2528 τὴν
3237 2457 3416 2522 δεξιάν
3443 2475 3541 2512 σοι.
3577 2462 3742 2532 χεῖρα

2153 2541 2460 2610 γενόμενος,
2499 2541 2594 2594 καὶ
2623 2543 2886 2596 σκεπάσει
2904 2583 2920 2609 ,
2952 2545 3045 2598 καὶ
3074 2547 3406 2618 φρουρήσει,
3435 2549 3532 2602 καὶ
3551 2547 3740 2622 πάσης

2156 2629 2377 2694 ἀξιώσει
2407 2632 2683 2702 προνοίας.

2499 2721 2636 2791 ’ῼδὴ
2671 2721 2790 2777 τῶν
2822 2723 3195 2794 ἀναϐαθμῶν.
3233 2728 3414 2783 PKA'.

2779 2814 2791 2833 '
2805 2818 3113 2884 Υπόθεσις.

2165 2900 2228 2953 'H
2265 2901 2422 2973 τρίτη
2452 2903 2559 2974 ᾠδὴ
2587 2905 2712 2968 τοὺς
2744 2905 2822 2958 ἔτι
2866 2908 3278 2980 ὁδοιποροῦντας
3301 2911 3733 2981 εὐαγγελίζεται,

2222 2991 2320 3063 τὴν
2350 2995 2429 3056 εἰς
2456 2994 2546 3048 τὸν
2570 2990 2717 3049 οῐκον
2743 2997 2835 3050 τοῦ
2856 2997 2990 3052 Θεοῦ
3012 2999 3214 3070 ἄφιξιν.
3241 3002 3330 3056 Διὸ
3344 3003 3738 3078 καὶ-ἀναφθέγ-

2221 3100 2396 3151 γεται.

2213 3177 2580 3246 Ηύφράνθην
2609 3178 2709 3232 ἐπὶ
2757 3179 2883 3246 τοῖς
2919 3184 3189 3251 εἱρηκόσι
3228 3203 3365 3254 μοι·
3431 3189 3520 3256 εις
3563 3185 3737 3248 οἷκον

2151 3270 2374 3338 Κυρίου
2401 3271 2832 3341 πορευσόμεθα.

2233 3359 2518 3427 Ἐστῶτες
2547 3358 2712 3432 ἦσαν
2742 3366 2795 3417 οὶ
2839 3364 3021 3432 πόδες
3057 3366 3226 3436 ἡμῶν
3252 3368 3322 3422 ἐν
3356 3370 3484 3438 ταῖς
3512 3375 3734 3443 αὐλαῖς

2151 3462 2293 3514 σου,
2335 3451 2745 3522 Ἰερουσαλήμ.
2770 3454 2917 3526 Αὕτη
2948 3456 3055 3509 τῶν
3082 3461 3469 3530 γεγηρακότων
3491 3467 3525 3536 ἡ
3556 3467 3735 3539 φωνὴ,

2151 3543 2259 3595 τῶν
2286 3542 2378 3596 καὶ
2411 3543 2511 3616 τὴν
2542 3545 2916 3615 αἰχμαλωσίαν
2945 3550 3382 3620 ὑπομεινάντων,
3436 3556 3736 3630 διηγουμέ-

2152 3651 2279 3698 νων,
2307 3634 2383 3697 ὼς
2410 3636 2518 3705 ἄρα
2542 3636 2723 3690 αὐτῶν
2749 3639 2798 3690 οἱ
2825 3641 3004 3704 πόδες,
3040 3643 3090 3693 οί
3115 3642 3210 3696 νῦν
3235 3643 3334 3716 τὴν
3357 3649 3584 3717 πορείαν
3605 3669 3736 3705 ποι-

2149 3723 2392 3794 ούμενοι,
2420 3725 2589 3779 πάλαι
2621 3726 2853 3798 ἔστησαν
2879 3731 2936 3784 ὲν
2972 3732 3344 3806 Ἰερουσαλήμ.

2228 3817 2615 3888 Ἰερουσαλὴμ
2663 3822 3128 3894 οἰκοδομουμένη
3161 3828 3242 3894 ὡς
3291 3830 3489 3894 πόλις.
3551 3832 3735 3900 Οὕτω,

2148 3909 2310 3977 φησιν
2336 3948 2350 3973 ,
2379 3906 2445 3981 ἦν
2479 3911 2644 3964 πάλαι
2685 3913 2761 3976 ὡς
2790 3915 2943 3978 πόλις
2969 3957 2984 3982 ,
3015 3917 3076 3970 ού
3103 3918 3469 3992 διεσπαρμένη
3500 3916 3606 3978 ὧδε
3638 3944 3740 3981 κα-

2149 4005 2298 4055 κείσε
2320 4021 2332 4033 ·
2377 4003 2491 4057 ἀλλ’
2513 4003 2685 4070 οὕτως
2709 4002 2778 4077 ἦν
2803 4009 3120 4083 ἡρμοσμένη
3147 4050 3162 4074 ,
3191 4011 3266 4075 ὡς
3285 4012 3433 4077 δόξαι
3459 4016 3557 4070 ἕνα
3584 4017 3737 4072 οἶκον

2149 4089 2292 4148 εἶναι
2324 4099 2389 4168 τῇ
2426 4098 2687 4170 συναφετᾳ
2716 4100 2809 4154 καὶ
2838 4103 2904 4173 τῇ
2932 4103 3167 4174 ἁρμονίᾳ
3209 4106 3316 4160 τῶν
3354 4109 3734 4183 οἰκοδομημά-

2144 4203 2274 4242 των.

2229 4278 2392 4332 Ἐκεῖ
2407 4280 2520 4350 γὰρ
2547 4281 2855 4351 ἀνέϐησαν
2886 4286 2946 4337 al
2971 4287 3180 4353 φυλαί.
3211 4287 3390 4342 Πᾶσαι
3435 4291 3491 4344 αἱ
3538 4293 3735 4360 φυλαὶ,

2146 4369 2311 4439 φησὶν
2331 4410 2346 4434 ,
2378 4371 2438 4436 ἐξ
2467 4372 2743 4441 Αἰγύπτου
2765 4374 2991 4444 δυνάμει
3020 4375 3227 4447 Κυρίου
3256 4376 3570 4444 ἐξελθοῦσαι
3598 4421 3614 4444 ,
3651 4385 3736 4447 είς

2147 4460 2316 4532 αὐτὴν
2340 4461 2596 4518 ἔσπευδον
2621 4466 2722 4535 τὴν
2747 4465 2900 4518 πόλιν
2933 4468 3316 4539 μαρτυρῆσαι,
3350 4470 3466 4540 ἦτοι
3500 4473 3733 4545 εὐχαρι-

2145 4552 2342 4621 στῆσαι
2371 4552 2450 4624 τῷ
2471 4554 2589 4625 Θεῷ
2609 4555 2704 4609 τοῦ
2747 4558 2982 4630 Ἰσραήλ.
3025 4559 3135 4613 Τοῦ
3161 4559 3734 4633 ἐξομολογήσασθαι

2139 4642 2220 4708 τῷ
2253 4645 2496 4714 ὀνόματι
2528 4649 2770 4718 Κυρίου.
2815 4652 2931 4720 Ἐφ’
2964 4644 3045 4715 οἷς
3077 4652 3359 4724 ἐπλήρωσε
3384 4654 3480 4726 τὴν
3510 4657 3736 4729 θαυμα-

2142 4732 2263 4787 σίαν
2297 4736 2610 4808 ὑπόσχεσιν,
2640 4738 2864 4811 θρόνους
2892 4757 2952 4793 τε
2975 4740 3071 4794 τοῦ
3101 4743 3251 4796 οἴκου
3282 4743 3446 4798 Δαυῒδ
3474 4745 3730 4820 ἱδρυνθῆ-

2140 4827 2229 4882 ναί
2262 4846 2424 4901 φησιν
2457 4832 2542 4883 ἐπ’
2584 4832 2788 4901 αύτῆςο
2840 4835 2961 4887 ἐπεὶ
2993 4834 3088 4887 καὶ
3133 4834 3408 4905 βασιλείαν
3444 4839 3672 4893 πάντων
3701 4843 3732 4896 ὁ

2138 4919 2300 4972 Δαυῒδ
2328 4922 2660 4993 προφητεύει
2685 4941 2699 4953 ·
2730 4925 2828 4994 οὐχ
2854 4925 2970 4988 ἑνὸς
2996 4925 3170 4994 λέγων
3195 4927 3367 4998 ἀρχὴν
3390 4969 3405 4992 ,
3437 4929 3577 4984 ἀλλὰ
3617 4949 3730 4985 κοι-
3819 4985 3838 5000 ,

2139 5011 2236 5076 νὴν
2255 5050 2270 5074 ,
2297 5011 2438 5083 ὑπὲρ
2469 5013 2706 5085 ἀρίστων
2736 5015 2829 5067 καὶ
2862 5014 3324 5069 θεοσεθεστάτων·
3356 5016 3423 5069 δι’
3455 5011 3532 5070 ὧν
3559 5020 3593 5089 ἡ
3627 5019 3727 5089 βα-

2141 5102 2315 5156 σιλεία
2336 5103 2498 5158 Δαυῒδ
2518 5105 2836 5176 ἀνορθοῦται
2865 5107 3047 5178 χάριτι
3074 5106 3166 5160 τοῦ
3193 5108 3452 5178 Χριστοῦ,
3484 5113 3600 5174 τοῖς
3625 5110 3728 5164 δὼ-

2137 5194 2269 5248 δεκα
2298 5195 2588 5260 δεδωκότος
2618 5199 2964 5262 ἀποστόλοις,
2999 5203 3111 5263 τοῖς
3143 5201 3232 5252 ἐπὶ
3263 5199 3474 5256 δώδεκα
3507 5203 3725 5266 θοόνοις

2138 5285 2522 5360 καθεζομένοις
2552 5291 2756 5362 κρίνειν
2781 5291 2872 5343 τὸν
2912 5291 3146 5365 Ἰσραήλ.

2215 5444 2344 5498 Ὀτι
2373 5444 2503 5499 ἐκεῖ
2525 5444 2817 5501 ἐκάθισαν
2839 5448 3038 5516 θρόνοι
3061 5450 3150 5512 εὶς
3178 5447 3399 5516 κρίσιν.
3439 5445 3554 5501 Καὶ
3578 5445 3726 5501 κατά

2137 5535 2235 5606 τὴν
2266 5536 2506 5592 ἱστορίαν
2533 5537 2738 5592 ἐκεῖτὰ
2765 5538 3031 5609 βασίλεια,
3055 5539 3150 5594 καὶ
3170 5538 3276 5594 τῶν
3296 5537 3490 5609 ἱερέων
3517 5540 3570 5594 οι
3597 5537 3727 5614 θρό-
