3880 6216
154 340 267 399 513

1244 325 1613 385 EXPOSITIO
1654 325 1718 380 IN
1758 323 2089 381 PSALMUM
2130 320 2366 379 CXXIV.

3307 317 3418 377 514

153 475 266 514 νοι·
299 456 487 528 ὥσπερ
512 454 619 508 τινὶ
644 452 814 524 διπλῷ
839 452 1084 522 στεφάνῳ
1104 448 1199 503 καὶ
1218 449 1509 519 διαδήματι
1534 445 1733 499 καλλω-

1872 442 2058 497 ivitate
2079 456 2174 496 seu
2199 440 2434 510 quadam
2457 437 2661 507 duplici
2686 451 2886 491 corona
2910 451 2975 493 ac
2995 436 3301 491 diademate
3324 449 3415 489 ονε

152 548 457 620 πιζομένης
479 546 580 616 τῆς
604 546 832 608 πόλεως.
866 543 981 596 Νῦν
1000 542 1055 594 δὲ
1080 540 1295 593 πάντων
1326 538 1617 601 ἔκπτωσις,
1642 535 1738 588 καὶ

152 641 261 713 τῆς
290 640 530 700 παλαιᾶς
564 635 906 706 εὐδαιμονίας
946 635 1201 703 ἐλάχιστα
1232 629 1479 699 λείψανα.
1530 628 1739 696 Θρόνοι

152 733 255 787 ἐπὶ
278 732 446 785 οἶκον
468 728 668 783 Δαυΐδ.
704 727 791 779 Ἐν
812 725 1005 795 ταύτῃ,
1031 723 1184 795 φησί,
1211 723 1276 791 τῇ
1300 720 1471 783 πόλει,
1495 717 1739 771 τουτέστι

153 827 225 896 τῇ
274 819 650 891 Ἰερουσαλὴμ,
678 816 857 888 θρόνοι
884 814 1144 885 ἐτέθησαν
1169 811 1436 882 βασιλικοὶ
1467 812 1639 879 κρῖμα
1664 806 1742 859 δί-

155 932 316 969 καιον
348 912 625 984 κρίνοντες
648 928 662 941 ο
702 903 777 963 ὧν
807 906 1021 979 πρῶτος
1054 902 1289 974 κατῆρξε
1320 901 1481 954 Δαυῒδ
1500 941 1514 965 ,
1550 898 1741 951 ἔπειτα

152 1006 209 1060 οἰ
239 1005 303 1071 ἐξ
326 1004 492 1058 αὑτοῦ
532 1001 674 1055 κατὰ
708 999 906 1070 σάρκα.
937 998 1027 1050 Διὸ
1059 998 1153 1051 καὶ
1180 992 1325 1049 οἰκον
1351 992 1516 1049 αὐτοῦ
1541 991 1741 1062 ὀνομά-

157 1096 243 1160 ζει
275 1094 371 1148 τοῦ
402 1091 586 1147 Δαυῖδ.

243 1182 614 1253 Ἐρωτήσατε
654 1179 731 1248 δὴ
763 1178 836 1233 τὰ
862 1180 950 1243 εἰς
991 1175 1239 1246 εἰρήνην
1284 1174 1400 1243 τὴν
1441 1172 1741 1241 Ἰερουσα-

153 1273 305 1343 λήμ.
334 1272 617 1332 Μαθόντες
636 1310 652 1336 ,
691 1267 737 1322 ὦ
763 1262 907 1321 οῦτοι
928 1306 942 1331 ,
976 1265 1060 1328 τίς
1099 1282 1228 1318 ποτε
1253 1259 1322 1335 ἦν
1366 1262 1738 1333 Ἰερουσαλὴμ,

156 1365 388 1436 εὔχεσθε
417 1365 553 1435 ὑπὲρ
580 1366 678 1433 τῆς
710 1363 932 1433 εἰρήνης
962 1359 1131 1431 αὐτῆς
1150 1398 1164 1423 ,
1196 1357 1358 1427 μηδὲν
1388 1353 1739 1427 ἐπιζητοῦντες

154 1458 348 1529 ἓτερον
376 1456 407 1526 ἢ
436 1456 505 1507 τὰ
530 1454 666 1525 πρὸς
703 1454 925 1523 εἰρήνην
951 1450 1119 1519 αὐτῆς
1153 1447 1527 1501 συντελοῦντα.

234 1550 515 1602 Γενέσθω
545 1544 623 1613 δὴ
651 1544 856 1613 εἰρήνη
876 1544 946 1597 ἐν
970 1541 1044 1611 τῇ
1068 1539 1319 1609 δυνάμει
1348 1553 1486 1603 σου,
1514 1534 1612 1589 καί
1644 1536 1741 1588 εὑ-

156 1640 340 1707 θηνία
367 1638 437 1690 ὲν
468 1636 592 1702 τοῖς
616 1632 1016 1703 πυργοϐάρεσί
1038 1645 1175 1685 σου.
1218 1631 1361 1683 Ἀντὶ
1393 1628 1507 1692 τοῦ,
1543 1629 1601 1680 ἐν
1629 1627 1741 1688 τοῖς

159 1730 454 1800 βασιλείοις
480 1745 593 1780 σου.
616 1724 856 1795 Εὔχομαί
887 1741 987 1788 σοι,
1020 1723 1172 1793 φησὶ,
1206 1721 1276 1775 τὰ
1302 1715 1482 1788 ἀγαθὰ
1504 1718 1591 1771 διὰ
1614 1716 1739 1778 τοὺς

157 1792 503 1883 ἐνοικοῦντας
536 1820 597 1871 ἐν
754 1792 977 1887 πλησίον
998 1792 1159 1877 ὄντας
1178 1814 1272 1867 καὶ
1296 1810 1573 1880 ἀδελφούς.
1606 1808 1742 1861 Ταῦ·
1770 1792 1812 1846 Β

158 1929 230 1967 τα
256 1913 367 1982 γὰρ
398 1912 448 1965 οἰ
478 1910 848 1980 γεγηρακότες
872 1906 1121 1978 εὔχονται
1152 1908 1219 1976 τῇ
1262 1901 1647 1974 Ἰερουσαλὴμ,
1678 1898 1742 1952 τὸ

159 2008 219 2059 ἐν
247 2006 364 2067 τοῖς
394 2003 631 2073 τείχεσιν
662 2001 831 2071 αὐτῆς
864 1997 1004 2054 εἶναι
1042 2000 1284 2070 εἰρήνην.
1345 1994 1600 2063 Δυνάμει
1631 1992 1741 2063 γὰρ

156 2095 229 2147 τὰ
259 2094 418 2163 τείχη
450 2092 640 2162 φησιν’
695 2091 729 2161 ἢ
764 2090 887 2143 καθ’
932 2089 1117 2160 ἕτερον
1150 2087 1307 2155 λόγον
1349 2086 1475 2148 τοὺς
1505 2087 1562 2137 ἐν
1603 2084 1739 2154 αὐτῇ

163 2185 381 2253 ἁγίους.

233 2278 452 2330 Ἕνεκα
495 2275 600 2330 τοῦ
634 2274 805 2328 οἴκου
863 2272 1083 2340 Κυρίου
1117 2273 1224 2325 τοῦ
1255 2270 1401 2325 Θεοῦ
1439 2267 1609 2338 ἡμῶν
1640 2266 1742 2331 ἐξ·

156 2365 425 2435 εζήτησα
460 2362 649 2435 ἀγαθά
673 2379 794 2417 σοι.
831 2361 980 2415 Ἐπεὶ
1004 2362 1062 2414 ὲν
1090 2362 1172 2415 σοί
1202 2363 1370 2424 ἐστιν,
1394 2354 1439 2412 ὣ
1467 2359 1741 2429 Ἰερουσα-

159 2459 295 2531 λὴμ,
311 2455 496 2521 ὁοίκος
522 2457 616 2511 τοῦ
634 2454 769 2510 Θεοῦ
790 2456 823 2527 ἠ
833 2454 970 2525 μῶν,
997 2452 1359 2525 ἀμειϐόμενός
1385 2468 1445 2504 σε
1470 2447 1745 2517 ἐξεζήτη-

156 2568 247 2607 σα
262 2551 453 2622 ἀγαθά
467 2566 586 2605 σοι.

510 2640 634 2713 ῼδὴ
662 2637 782 2693 τῶν
812 2632 1185 2705 ἀναϐαθμῶν.
1222 2636 1413 2688 PKB'.

789 2728 1114 2790 Ύπόθεσις.

172 2825 243 2877 Ἦ
280 2823 515 2893 τετάρτη
562 2819 672 2890 ᾠδὴ
706 2818 869 2889 εὐχὴν
916 2816 1159 2887 περιέχει
1190 2814 1298 2868 τῶν
1328 2813 1389 2867 ἐν
1425 2814 1498 2884 τῇ
1533 2811 1743 2865 ὁδοιπο-

240 2912 336 2985 ρίᾳ
387 2909 477 2963 διὰ
511 2907 719 2962 πολλῶν
772 2904 906 2959 ἐτῶν
939 2904 1037 2975 τὴν
1070 2902 1328 2956 ἐπάνοδον
1381 2900 1739 2971 ποιουμένων.

236 3008 303 3060 Οἳ
333 3004 428 3059 καὶ
448 3041 465 3067 ,
488 3001 754 3073 καμόντες
776 2997 916 3052 κατὰ
934 2996 1033 3067 τὴν
1064 2995 1181 3049 ὁδὸν
1196 3034 1210 3059 ,
1241 2994 1426 3056 ἐλέους
1446 2992 1541 3045 καὶ
1558 2990 1741 3046 οἴκτου

235 3101 448 3153 δέονται
472 3097 653 3166 τυχεῖν
694 3090 844 3162 παρὰ
873 3090 967 3143 τοῦ
1009 3087 1144 3142 Θεοῦ
1165 3130 1179 3153 ,
1220 3086 1296 3150 ὡς
1329 3083 1742 3155 ἐξουθενημένοι
1770 3116 1813 3175 C

236 3189 391 3261 παρὰ
427 3186 536 3240 τῶν
572 3183 760 3238 ἐθνῶν.
796 3181 888 3235 Διὺ
918 3180 1009 3234 καὶ
1039 3177 1443 3247 ἀναφθέγγεται
1474 3175 1613 3247 πρὸς
1646 3176 1745 3229 αὺ-

236 3282 363 3343 τοὺς
388 3276 877 3350 παραμυθούμενον
902 3272 964 3326 τὸ
997 3268 1242 3341 Πνεῦμα,
1273 3269 1367 3322 καὶ
1389 3266 1543 3336 λέγον
1559 3282 1593 3337 ',
1617 3266 1747 3332 Τοῖς

238 3370 571 3441 εὐθηνοῦσι
603 3367 671 3422 τὸ
700 3364 948 3429 ὄνειδος.

236 3463 396 3534 Πρὸς
418 3461 494 3516 σὲ
519 3456 635 3531 ἦρα
658 3457 800 3523 τοὺς
830 3454 1175 3525 ὀφθαλμούς
1208 3469 1328 3520 μου
1348 3492 1363 3516 ,
1397 3451 1504 3504 τὸν
1548 3467 1744 3504 κατοι-

159 3557 393 3612 κοῦντα
419 3554 487 3606 ἐν
512 3551 593 3616 τῷ
620 3546 871 3617 οὐρανῷ.
910 3545 1057 3602 ’Ῑδοὺ
1087 3545 1168 3609 ὡς
1189 3542 1482 3611 ὀφθαλμοὶ
1509 3541 1748 3595 δούλων

160 3652 257 3716 εἰς
287 3647 491 3719 χεῖρας
535 3642 654 3699 τῶν
694 3642 915 3710 κυρίων
959 3635 1174 3693 αὐτῶν.
1229 3634 1348 3687 Τῶν
1384 3634 1482 3704 μὲν
1515 3633 1746 3704 ἐχόντων

165 3742 232 3796 τὺ
258 3740 476 3809 πνεῦμα
506 3738 603 3807 τῆς
631 3733 872 3796 δουλείας
915 3732 994 3794 εἰς
1028 3728 1192 3799 φόϐον
1230 3724 1497 3796 ὀφθαλμοὶ
1525 3726 1603 3788 εἰς
1632 3725 1744 3794 χεῖ-

166 3852 272 3906 ρας
305 3832 507 3903 κυρίων
550 3846 610 3881 τε
655 3827 748 3881 καὶ
797 3824 1023 3895 κυρίαςο
1055 3820 1150 3874 τοῦ
1187 3819 1243 3872 δὲ
1292 3818 1353 3871 τὸ
1383 3815 1603 3887 ,πνεῦμα
1649 3816 1747 3886 τῆς

165 3926 445 3986 υἱοθεσίας
470 3922 704 3991 ἔχοντος,
734 3916 870 3987 πρὸς
896 3913 1097 3985 Κύριον
1129 3911 1218 3963 τὸν
1247 3908 1399 3962 Θεόν.

255 4015 553 4081 Ἐλέησον
578 4008 755 4079 ἡμᾶς,
791 4008 987 4074 Κύριε,
1017 4002 1279 4068 ἐλέησον
1304 3998 1483 4068 ἡμᾶς.
1529 3997 1589 4050 '0
1619 3997 1749 4048 ἀνα-

161 4105 568 4176 διπλασιασμὸς
594 4102 745 4174 δηλοί
768 4099 829 4153 τὸ
854 4097 1053 4170 θερμὸν
1088 4097 1188 4166 τῆς
1217 4094 1483 4163 αἰτήσεως
1505 4130 1520 4154 ,
1545 4089 1643 4158 οὐχ
1671 4088 1747 4151 ὡς

163 4202 312 4268 ἄξιοι
338 4198 427 4251 τὸν
469 4195 615 4249 ἔλεον
655 4191 914 4261 αἰτοῦμεν
934 4227 949 4253 ,
978 4186 1092 4241 ἀλλ’
1133 4184 1209 4249 ὡς
1245 4180 1596 4237 ἐπονείδιστοι
1627 4177 1747 4234 λίαν

163 4293 476 4365 γενόμενοι.

500 4378 639 4450 ᾮδὴ
674 4374 792 4431 τῶν
817 4368 1189 4440 ἀναϐαθμῶν.
1221 4368 1416 4421 ΡΚΓν.

483 4474 553 4527 Et
576 4469 662 4541 μὴ
692 4468 781 4521 ὅτι
802 4467 1020 4533 Κύριος
1048 4459 1128 4533 ἧν
1164 4460 1233 4513 ὲν
1260 4456 1425 4527 ἡμῖν.

800 4557 1122 4618 Ὑπόθεσις.

161 4654 283 4726 Τὴν
304 4652 561 4723 πέμπτην
583 4648 725 4721 ᾠδὴν
744 4648 959 4720 ᾄδοντες
979 4646 1029 4697 οἰ
1054 4640 1341 4702 ἐπιϐάντες
1360 4640 1458 4709 τῆς
1488 4634 1747 4696 Ἰουδαίας

239 4724 365 4813 λγῆς,
393 4740 556 4810 εὐχὰς
588 4738 1024 4808 ἀναπέμπουσιν,
1054 4734 1137 4800 ἐφ’
1159 4727 1241 4794 οἷς
1269 4726 1612 4800 ἐρρύσθησαν
1641 4724 1748 4778 ἀπὸ

236 4835 339 4904 τῆς
377 4831 754 4903 αἰχμαλωσίας
783 4830 873 4882 καὶ
901 4826 1008 4879 τῶν
1044 4823 1246 4895 μεταξὺ
1281 4820 1510 4892 ἐχθρῶν.

485 4922 625 4993 ’ῼδὴ
663 4921 781 4975 τῶν
811 4914 1184 4986 ἀναϐαθμῶν.
1254 4917 1391 4968 ΡΚΔ
1412 4920 1443 4965 ’.

295 5018 363 5070 Oi
394 5014 740 5078 πεποιθότες
774 5010 874 5064 ἐπὶ
906 5010 1126 5077 Κύριον
1154 5008 1235 5073 ὡς
1263 5005 1399 5073 ὅρος
1430 5000 1602 5057 Σιών.

793 5100 808 5120 ⁹
821 5101 1128 5162 Υπόθεσις.

162 5201 280 5272 Τὴν
308 5199 474 5270 ἕκτην
500 5198 641 5268 ᾠδὴν
672 5194 886 5266 ᾅδουσιν
916 5191 1002 5244 ἐπ’
1027 5189 1158 5243 αὐτὸ
1183 5188 1245 5241 τὸ
1266 5185 1597 5255 ποθούμενον
1624 5182 1749 5252 ὄρος

239 5290 543 5361 γενόμενοι.
602 5283 735 5341 Εἶτα
814 5283 1047 5355 ὁρῶντες
1081 5280 1179 5352 τὴν
1222 5279 1375 5333 πόλιν
1423 5276 1745 5346 ἀτείχιστον,

241 5387 425 5454 τεῖχος
452 5381 589 5452 αὐτῇ
618 5380 718 5450 τὴν
765 5376 859 5430 τοῦ
910 5376 1116 5447 Κυρίου
1147 5370 1463 5442 ἐπικουρίαν
1499 5367 1747 5438 εὔχονται

236 5472 516 5545 γενέσθαι,
548 5470 702 5540 φησί,
726 5469 821 5521 καὶ
856 5467 963 5537 μὴν
989 5467 1083 5519 καὶ
1108 5464 1217 5517 τῶν
1247 5459 1457 5534 ἐχθρῶν
1486 5457 1747 5531 θαρροῦσι

238 5566 524 5635 διαφυγεῖν
555 5562 654 5625 τὰς
684 5559 1000 5622 ἐπιϐουλάςο
1032 5557 1091 5621 ἐξ
1120 5556 1289 5627 αὐτῆς
1317 5554 1371 5607 δέ
1395 5553 1492 5623 τῆς
1526 5555 1744 5605 ἐπικου-

241 5726 288 5758 ⁶⁶
321 5722 480 5777 Rom.
512 5734 632 5784 vui,
666 5717 755 5772 15.
835 5716 876 5747 ⁸¹
907 5714 1033 5771 ibid.

1771 4451 1823 4512 D

1842 542 1987 587 nata.
2037 532 2158 587 Jam
2184 546 2313 587 vero
2337 531 2581 585 omnium
2611 529 2769 583 ruina
2817 529 3056 582 cernitur
3087 535 3140 582 et
3174 526 3416 595 pristina:

1841 625 2117 679 felicitatis
2169 624 2411 693 reliquiae
2458 623 2686 692 exigure.
2753 620 2947 673 Throni
2996 636 3151 688 super
3201 620 3417 671 domum

1844 716 2034 769 David.
2070 716 2126 769 In
2158 715 2280 780 hac,
2314 714 2515 784 inquit,
2548 714 2793 778 civitate,
2821 712 2872 765 id
2899 720 2982 765 est
3013 711 3065 764 in
3090 709 3413 773 Jerusalem,

1842 811 2021 866 throni
2062 810 2194 875 regii
2228 808 2385 877 positi
2428 815 2589 873 sunt,
2622 806 2676 858 in
2712 805 2914 874 quibus
2951 803 3224 872 justorum
3263 801 3414 870 judi-

1841 906 1984 961 cium
2023 904 2288 958 redditur.
2377 900 2527 967 Quos
2586 899 2734 968 prior
2767 898 3053 966 occupavit
3107 895 3272 950 David
3297 936 3312 962 ,
3352 909 3419 949 ac

1840 998 2036 1053 deinde
2087 999 2180 1066 qui
2232 1012 2297 1049 ex
2338 995 2430 1048 illo
2493 993 2789 1048 secundum
2837 1005 3056 1045 carnem
3112 989 3215 1043 orti
3265 997 3415 1043 sunt.

1841 1087 2182 1157 Quapropter
2203 1086 2426 1139 domum
2456 1083 2628 1153 ipsius
2664 1081 2832 1135 David
2866 1088 3165 1148 nuncupat.

1910 1179 1964 1233 6.
1994 1177 2196 1249 Rogate
2223 1192 2338 1247 qua:
2376 1176 2443 1228 ad
2485 1190 2667 1244 pacem
2717 1182 2839 1226 sunt
2889 1170 3206 1224 Jerusalem.
3270 1168 3418 1224 Heus

1840 1286 1962 1332 vos,
1986 1284 2127 1326 cum
2151 1269 2453 1324 didiceritis
2475 1282 2723 1337 quaenam
2753 1265 2882 1319 olim
2913 1262 3214 1317 Jerusalem
3244 1270 3414 1325 esset,

1839 1364 2143 1434 precamini
2183 1377 2280 1431 pro
2331 1375 2463 1430 pace
2516 1360 2636 1428 ejus
2663 1398 2677 1422 ,
2714 1357 2849 1410 nihil
2882 1355 3027 1409 aliud
3079 1355 3416 1423 requirentes

1840 1470 2006 1525 quam
2036 1470 2157 1524 qua:
2188 1454 2254 1507 ad
2284 1466 2469 1521 pacem
2494 1451 2613 1520 ejus
2648 1449 2958 1504 conducunt

1913 1551 1965 1606 7.
2001 1549 2128 1603 Fiat
2157 1566 2264 1619 paa:
2289 1550 2342 1601 in
2374 1549 2567 1601 virtute
2612 1553 2703 1599 tua
2732 1586 2746 1610 ,
2776 1553 2825 1596 et
2861 1540 3194 1595 abundantia
3219 1540 3276 1592 in
3304 1548 3417 1591 ture

1842 1644 1985 1696 ribus
2018 1642 2145 1696 tuis.
2181 1640 2259 1694 Ac
2288 1640 2333 1694 si
2367 1639 2543 1701 dicat,
2574 1636 2629 1689 in
2668 1633 2815 1705 regia
2851 1645 2959 1688 tua.
3002 1632 3187 1701 Rogo,
3218 1631 3416 1699 inquit,

1844 1735 1940 1788 tibi
1965 1734 2126 1797 bona,
2154 1740 2375 1801 propter
2403 1729 2773 1783 inhabitantes
2797 1727 2850 1779 in
2884 1734 2936 1778 te
2962 1763 2978 1791 ,
3008 1726 3099 1793 qui
3126 1722 3417 1791 propinqui

1841 1836 1894 1881 et
1926 1824 2121 1879 fratres
2160 1825 2242 1877 tui
2278 1831 2424 1877 sunt.
2456 1820 2579 1875 Haec
2607 1835 2764 1875 senes
2811 1817 3163 1887 Jcrosolymae
3193 1829 3420 1885 precan—

1842 1928 1951 1984 tur,
1976 1927 2035 1971 ut
2061 1916 2268 1971 scilicet
2290 1930 2395 1985 pax
2427 1915 2499 1968 sit
2526 1914 2581 1965 in
2608 1913 2778 1965 muris
2803 1912 2955 1980 ejus:
2981 1924 3076 1977 per
3104 1909 3220 1962 haec
3245 1906 3414 1968 enim,

1841 2011 1909 2065 In
1947 2013 2168 2075 virtute,
2194 2024 2385 2063 muros
2426 2007 2693 2077 intelligit.
2756 2008 2865 2060 Aut
2912 2004 3211 2060 secundum
3254 2003 3418 2057 aliam

1843 2104 2108 2159 rationem
2133 2141 2147 2166 ,
2178 2110 2396 2156 sanctos
2423 2101 2515 2169 qui
2546 2100 2601 2152 in
2629 2100 2744 2168 ipsa
2777 2106 2951 2152 erant.

1912 2260 1965 2317 9.
1995 2259 2219 2329 Propter
2240 2259 2455 2313 domum
2483 2257 2699 2311 Domini
2725 2255 2821 2309 Dei
2851 2257 3018 2309 nostri
3047 2256 3265 2325 quaesivi
3285 2256 3418 2310 bona

1844 2352 1961 2406 tibi.
2034 2350 2210 2417 Quia,
2254 2349 2468 2419 inquit,
2510 2364 2545 2404 ο
2572 2346 2911 2410 Jerusalem,
2948 2348 3001 2400 in
3035 2355 3087 2400 te
3113 2356 3194 2400 est
3222 2347 3418 2400 domus

1841 2442 1936 2497 Dei
1978 2442 2172 2507 nostri,
2207 2446 2430 2509 accepta
2460 2437 2703 2494 referens
2736 2437 3000 2492 beneficia
3030 2436 3249 2506 quwaivi
3283 2436 3420 2489 bona

1843 2533 1960 2589 tibi.

2170 2640 2451 2696 Canticum
2496 2639 2783 2710 graduum.
2840 2635 3082 2694 CXXII.

2434 2730 2837 2800 Argumentum.

1843 2826 2110 2893 Quartum
2149 2826 2422 2881 canticum
2451 2824 2755 2879 orationem
2790 2822 3037 2876 continet
3085 2834 3273 2876 eorum
3320 2821 3418 2892 qui

1914 2918 2273 2989 remigrantes
2293 2916 2481 2971 multis
2497 2914 2655 2969 annis
2678 2914 2730 2967 in
2749 2914 2943 2967 itinere
2962 2913 3161 2967 versati
3180 2912 3418 2966 fuerant.

1913 3008 2017 3075 Qui
2042 3006 2240 3062 defessi
2273 3006 2328 3058 in
2349 3005 2456 3071 via,
2480 3002 2910 3058 misericordiam
2938 3010 2991 3056 et
3013 3001 3419 3056 miserationem

1915 3116 1946 3155 a
1976 3099 2087 3154 Deo
2112 3097 2351 3167 impendi
2396 3096 2499 3152 sibi
2523 3095 2819 3173 postulant,
2848 3102 3034 3164 utpote
3059 3094 3153 3163 qui
3181 3108 3211 3147 a
3242 3093 3419 3163 genti-

1916 3190 2020 3245 bus
2070 3189 2225 3243 nihili
2261 3187 2642 3258 penderentur.
2703 3184 2883 3250 Quare
2934 3185 3232 3239 consolans
3275 3184 3423 3252 ipsos

1918 3278 2156 3349 Spiritus
2189 3286 2412 3332 sanctus
2432 3318 2447 3341 ,
2500 3275 2791 3345 respondet
2838 3283 2893 3329 et
2924 3274 3000 3328 ait
3027 3292 3040 3327 :
3071 3272 3422 3342 Opprobrium

1916 3370 2326 3425 abundantibus.
2362 3410 2366 3417 .

1916 3464 1970 3529 i,
2001 3463 2052 3516 2.
2090 3460 2173 3514 Ad
2204 3470 2254 3513 te
2278 3459 2442 3514 levavi
2464 3456 2643 3511 oculos
2672 3471 2835 3522 meos,
2882 3455 2973 3525 qui
2999 3454 3208 3508 habitas
3234 3454 3289 3507 in
3319 3468 3422 3506 cae-

1846 3555 1933 3609 tis.
1962 3552 2097 3607 Ecce
2114 3554 2252 3605 sicut
2278 3550 2415 3604 oculi
2440 3563 2710 3603 servorum
2738 3548 2795 3599 in
2820 3546 3062 3599 manibus
3089 3544 3421 3597 dominorum

1845 3660 2080 3699 suorum.
2105 3640 2262 3697 Oculi
2284 3654 2474 3695 eorum
2505 3638 2599 3708 qui
2630 3636 2829 3690 habent
2853 3634 3107 3704 spiritum
3138 3634 3422 3689 servitutis

1846 3739 1900 3791 in
1929 3738 2123 3790 timore
2138 3734 2183 3766 ⁸ο
2208 3740 2335 3788 sunt
2360 3732 2413 3784 in
2436 3728 2690 3783 manibus
2708 3727 3055 3782 dominorum
3074 3736 3127 3780 et
3149 3726 3419 3791 dominae;

1846 3827 1966 3897 ejus
1999 3834 2179 3879 autem
2210 3822 2304 3892 qui
2334 3820 2588 3890 Spiritum
2609 3817 2920 3887 adoptionis
2939 3816 2985 3850 ⁸¹
3012 3816 3197 3880 habet,
3222 3815 3288 3869 ad
3316 3813 3423 3869 Do-

1844 3918 2055 3973 minum
2093 3914 2283 3968 Deum.

1917 4007 1972 4061 5.
2024 4004 2270 4057 Miserere
2301 3999 2503 4062 nostri,
2534 3996 2777 4059 Domine,
2818 3994 3065 4048 miserere
3096 3995 3285 4049 nostri.
3317 3992 3424 4048 Rc-

1846 4092 2140 4164 duplicatio
2169 4090 2436 4145 fervorem
2464 4083 2795 4155 precationis
2827 4084 3093 4138 ostendit;
3112 4082 3232 4137 Non
3261 4084 3422 4152 quasi

1846 4186 1997 4257 digni
2027 4185 2198 4239 simus
2226 4177 2657 4235 misericordiam
2702 4177 3067 4247 postulamus,
3109 4176 3205 4230 sed
3239 4184 3428 4245 utpote

1847 4274 2154 4348 opprobriis
2193 4272 2425 4327 onerati.

2151 4365 2430 4420 Canticum
2486 4362 2767 4433 graduum.
2826 4357 3103 4415 CXXIII.

2126 4457 2250 4511 Nisi
2286 4457 2413 4526 quia
2446 4454 2704 4508 Dominus
2735 4461 2850 4507 erat
2876 4452 2931 4503 in
2972 4449 3139 4503 nobis.

2429 4547 2831 4615 Argumentum.

1846 4640 2106 4708 Quintum
2135 4637 2407 4693 canticum
2435 4645 2695 4692 canentes
2729 4636 2820 4704 qui
2851 4635 2904 4687 in
2948 4634 3191 4689 Iudaeam
3231 4646 3428 4688 ascen-

1917 4734 2131 4790 derunt,
2170 4743 2355 4797 preces
2393 4730 2667 4794 emittunt,
2717 4740 2782 4780 eo
2825 4726 2966 4795 quod
3002 4722 3213 4777 liberati
3247 4722 3358 4775 sint
3397 4737 3428 4775 a

1914 4821 2241 4892 captivitate,
2265 4828 2319 4875 et
2346 4820 2415 4873 ab
2440 4820 2675 4873 inimicis
2691 4832 2828 4887 quos
2861 4825 3044 4885 postea
3070 4822 3425 4884 superarunt.

2163 4911 2443 4966 Canticum
2492 4911 2774 4981 graduum.
2829 4905 3092 4960 CXXIV.

1988 5006 2090 5071 Qui
2122 5005 2392 5074 conﬁdunt
2419 5006 2472 5057 in
2500 5004 2724 5056 Domino
2752 5003 2887 5056 sicut
2933 5017 3081 5053 mons
3126 4998 3274 5053 Sion.

2427 5098 2826 5164 Argumentum.

1850 5193 2071 5245 Sextum
2104 5190 2376 5246 canticum
2405 5197 2631 5252 canunt,
2664 5195 2955 5255 postquam
2975 5184 3044 5238 ad
3078 5184 3257 5253 ipsum
3276 5180 3434 5235 desi--

1916 5284 2162 5337 deratum
2213 5289 2452 5335 montem
2498 5284 2875 5348 pervenerant.
2927 5273 3131 5329 Deinde
3174 5272 3425 5325 videntes

1918 5375 2106 5429 urbem
2141 5372 2347 5441 absque
2377 5371 2571 5435 muris,
2607 5384 2826 5423 murum
2858 5365 2959 5435 ipsi
3004 5362 3121 5417 fore
3144 5361 3421 5432 postulant

1921 5466 2137 5521 Domini
2168 5465 2456 5529 auxilium,
2483 5464 2682 5533 inquit,
2718 5477 2783 5517 ac
2808 5459 3157 5514 inimicorum
3188 5453 3421 5509 insidias

1917 5560 2151 5632 eﬂ‘ugere
2167 5572 2328 5630 posse
2345 5556 2623 5613 conﬁdunt
2649 5572 2663 5610 :
2681 5570 2746 5612 ex
2763 5552 2952 5610 eodem
2970 5548 3232 5605 nimirum
3260 5544 3423 5600 auxi-
