  <div class='ocr_page' id='page_1' title='image "/cluster/home/n/w/nwhite01/storage/ocr_20150623/27/nnc1.0046978631/271.png"; bbox 0 0 3880 6216; ppageno 0'>
   <div class='ocr_carea' id='block_1_1' title="bbox 439 324 545 381">
    <p class='ocr_par' dir='ltr' id='par_1_1' title="bbox 439 324 545 381">
     <span class='ocr_line' id='line_1_1' title="bbox 439 324 545 381; baseline -0.075 1"><span class='ocrx_word' id='word_1_1' title='bbox 439 324 545 381; x_wconf 74' lang='lat'><strong>515</strong></span> 
     </span>
    </p>
   </div>
   <div class='ocr_carea' id='block_1_2' title="bbox 1269 307 2847 372">
    <p class='ocr_par' dir='ltr' id='par_1_2' title="bbox 1269 307 2847 372">
     <span class='ocr_line' id='line_1_2' title="bbox 1269 307 2847 372; baseline -0.007 -1"><span class='ocrx_word' id='word_1_2' title='bbox 1269 320 1324 372; x_wconf 85' lang='lat' dir='ltr'><strong>S.</strong></span> <span class='ocrx_word' id='word_1_3' title='bbox 1374 314 1749 370; x_wconf 74' lang='lat' dir='ltr'><strong>ATIIANASII</strong></span> <span class='ocrx_word' id='word_1_4' title='bbox 1790 314 1940 367; x_wconf 77' lang='lat' dir='ltr'><strong>OP‘P.</strong></span> <span class='ocrx_word' id='word_1_5' title='bbox 1985 310 2165 365; x_wconf 76' lang='lat' dir='ltr'><strong>PARS</strong></span> <span class='ocrx_word' id='word_1_6' title='bbox 2207 309 2292 363; x_wconf 84' lang='lat' dir='ltr'><strong>Ill.</strong></span> <span class='ocrx_word' id='word_1_7' title='bbox 2333 340 2397 347; x_wconf 93' lang='lat'><strong><em>—</em></strong></span> <span class='ocrx_word' id='word_1_8' title='bbox 2440 307 2847 361; x_wconf 64' lang='lat' dir='ltr'><strong>EXEG&#39;ETlCA.</strong></span> 
     </span>
    </p>
   </div>
   <div class='ocr_carea' id='block_1_3' title="bbox 3591 301 3709 362">
    <p class='ocr_par' dir='ltr' id='par_1_3' title="bbox 3591 301 3709 362">
     <span class='ocr_line' id='line_1_3' title="bbox 3591 301 3709 362; baseline 0 0"><span class='ocrx_word' id='word_1_9' title='bbox 3591 301 3709 362; x_wconf 62' lang='lat'><strong>516</strong></span> 
     </span>
    </p>
   </div>
   <div class='ocr_carea' id='block_1_4' title="bbox 503 425 2054 513">
    <p class='ocr_par' dir='ltr' id='par_1_4' title="bbox 503 441 2017 513">
     <span class='ocr_line' id='line_1_4' title="bbox 503 441 2017 513; baseline -0.009 -14"><span class='ocrx_word' id='word_1_10' title='bbox 503 446 580 499; x_wconf 90' lang='lat' dir='ltr'><strong>lio</strong></span> <span class='ocrx_word' id='word_1_11' title='bbox 608 444 724 510; x_wconf 90' lang='lat' dir='ltr'><strong>Dei,</strong></span> <span class='ocrx_word' id='word_1_12' title='bbox 761 463 779 494; x_wconf 87' lang='grc'><strong><em>‹</em></strong></span> <span class='ocrx_word' id='word_1_13' title='bbox 836 444 929 513; x_wconf 89' lang='lat' dir='ltr'><strong>qui</strong></span> <span class='ocrx_word' id='word_1_14' title='bbox 958 458 1067 496; x_wconf 91' lang='lat' dir='ltr'><strong>non</strong></span> <span class='ocrx_word' id='word_1_15' title='bbox 1098 442 1356 510; x_wconf 78' lang='lat' dir='ltr'><strong>relinquit</strong></span> <span class='ocrx_word' id='word_1_16' title='bbox 1397 441 1605 508; x_wconf 81' lang='lat' dir='ltr'><strong>virgam</strong></span> <span class='ocrx_word' id='word_1_17' title='bbox 1659 446 2017 505; x_wconf 75' lang='lat' dir='ltr'><strong>peccatorum</strong></span> 
     </span>
    </p>
   </div>
   <div class='ocr_carea' id='block_1_5' title="bbox 2161 425 3726 513">
    <p class='ocr_par' dir='ltr' id='par_1_5' title="bbox 2208 425 3726 502">
     <span class='ocr_line' id='line_1_5' title="bbox 2208 425 3726 502; baseline -0.004 -19"><span class='ocrx_word' id='word_1_18' title='bbox 2208 433 2326 502; x_wconf 84' lang='grc' dir='ltr'>ρίας</span> <span class='ocrx_word' id='word_1_19' title='bbox 2355 431 2515 484; x_wconf 83' lang='grc' dir='ltr'>πάλιν</span> <span class='ocrx_word' id='word_1_20' title='bbox 2533 432 2625 484; x_wconf 90' lang='grc' dir='ltr'><strong>τοῦ</strong></span> <span class='ocrx_word' id='word_1_21' title='bbox 2642 430 2801 493; x_wconf 87' lang='grc' dir='ltr'>Θεοῦ,</span> <span class='ocrx_word' id='word_1_22' title='bbox 2837 448 2853 479; x_wconf 82' lang='grc' dir='ltr'><strong>ι</strong></span> <span class='ocrx_word' id='word_1_23' title='bbox 2884 428 2957 499; x_wconf 83' lang='grc' dir='ltr'>μὴ</span> <span class='ocrx_word' id='word_1_24' title='bbox 2989 428 3239 497; x_wconf 82' lang='grc' dir='ltr'><strong>ἀφιέντος</strong></span> <span class='ocrx_word' id='word_1_25' title='bbox 3257 426 3355 496; x_wconf 79' lang='grc' dir='ltr'><strong>τὴν</strong></span> <span class='ocrx_word' id='word_1_26' title='bbox 3385 425 3583 495; x_wconf 78' lang='grc' dir='ltr'>ῥάϐδον</span> <span class='ocrx_word' id='word_1_27' title='bbox 3610 426 3726 478; x_wconf 83' lang='grc' dir='ltr'><strong>τῶν</strong></span> 
     </span>
    </p>
   </div>
   <div class='ocr_carea' id='block_1_6' title="bbox 512 525 2022 606">
    <p class='ocr_par' dir='ltr' id='par_1_6' title="bbox 512 525 2022 606">
     <span class='ocr_line' id='line_1_6' title="bbox 512 525 2022 606; baseline -0.013 -15"><span class='ocrx_word' id='word_1_28' title='bbox 512 552 675 606; x_wconf 84' lang='lat' dir='ltr'><strong>super</strong></span> <span class='ocrx_word' id='word_1_29' title='bbox 698 544 897 589; x_wconf 82' lang='lat' dir='ltr'><strong>sortem</strong></span> <span class='ocrx_word' id='word_1_30' title='bbox 917 534 1190 603; x_wconf 88' lang='lat' dir='ltr'><strong>justorum</strong></span> <span class='ocrx_word' id='word_1_31' title='bbox 1225 542 1279 586; x_wconf 89' lang='lat' dir='ltr'><strong>et</strong></span> <span class='ocrx_word' id='word_1_32' title='bbox 1300 539 1616 585; x_wconf 88' lang='lat' dir='ltr'><strong>sanctorum</strong></span> <span class='ocrx_word' id='word_1_33' title='bbox 1643 539 1871 581; x_wconf 92' lang='lat' dir='ltr'><strong>suorum</strong></span> <span class='ocrx_word' id='word_1_34' title='bbox 1902 525 1970 572; x_wconf 77' lang='grc' dir='ltr'><strong>δ’.</strong></span> <span class='ocrx_word' id='word_1_35' title='bbox 2004 541 2022 573; x_wconf 71' lang='grc' dir='ltr'><strong>ι</strong></span> 
     </span>
    </p>
   </div>
   <div class='ocr_carea' id='block_1_7' title="bbox 512 703 2031 776">
    <p class='ocr_par' dir='ltr' id='par_1_7' title="bbox 512 703 2031 776">
     <span class='ocr_line' id='line_1_7' title="bbox 512 703 2031 776; baseline -0.009 -11"><span class='ocrx_word' id='word_1_36' title='bbox 512 710 565 765; x_wconf 77' lang='lat'><strong>5.</strong></span> <span class='ocrx_word' id='word_1_37' title='bbox 626 707 745 761; x_wconf 76' lang='lat' dir='ltr'><strong>Pax</strong></span> <span class='ocrx_word' id='word_1_38' title='bbox 774 724 927 776; x_wconf 82' lang='lat' dir='ltr'><strong>super</strong></span> <span class='ocrx_word' id='word_1_39' title='bbox 956 705 1149 761; x_wconf 81' lang='lat' dir='ltr'><strong>Israel.</strong></span> <span class='ocrx_word' id='word_1_40' title='bbox 1196 705 1309 759; x_wconf 79' lang='lat' dir='ltr'><strong>Pax</strong></span> <span class='ocrx_word' id='word_1_41' title='bbox 1340 703 1485 758; x_wconf 92' lang='lat' dir='ltr'><strong>enim</strong></span> <span class='ocrx_word' id='word_1_42' title='bbox 1518 716 1642 771; x_wconf 68' lang='lat' dir='ltr'><strong>quae</strong></span> <span class='ocrx_word' id='word_1_43' title='bbox 1681 713 1900 754; x_wconf 91' lang='lat' dir='ltr'><strong>omnem</strong></span> <span class='ocrx_word' id='word_1_44' title='bbox 1935 713 2031 752; x_wconf 90' lang='lat' dir='ltr'><strong>su-</strong></span> 
     </span>
    </p>
   </div>
   <div class='ocr_carea' id='block_1_8' title="bbox 442 796 2027 875">
    <p class='ocr_par' dir='ltr' id='par_1_8' title="bbox 442 796 2027 875">
     <span class='ocr_line' id='line_1_8' title="bbox 442 796 2027 875; baseline -0.007 -15"><span class='ocrx_word' id='word_1_45' title='bbox 442 816 595 875; x_wconf 88' lang='lat' dir='ltr'><strong>perat</strong></span> <span class='ocrx_word' id='word_1_46' title='bbox 624 816 858 859; x_wconf 89' lang='lat' dir='ltr'><strong>mentem</strong></span> <span class='ocrx_word' id='word_1_47' title='bbox 905 805 982 870; x_wconf 83' lang='grc'>⁸³,</span> <span class='ocrx_word' id='word_1_48' title='bbox 1013 805 1061 858; x_wconf 91' lang='lat' dir='ltr'><strong>ei</strong></span> <span class='ocrx_word' id='word_1_49' title='bbox 1118 805 1222 860; x_wconf 90' lang='lat' dir='ltr'><strong>soli</strong></span> <span class='ocrx_word' id='word_1_50' title='bbox 1278 803 1441 856; x_wconf 86' lang='lat' dir='ltr'><strong>datur</strong></span> <span class='ocrx_word' id='word_1_51' title='bbox 1499 800 1592 870; x_wconf 88' lang='lat' dir='ltr'><strong>qui</strong></span> <span class='ocrx_word' id='word_1_52' title='bbox 1646 805 1830 853; x_wconf 84' lang='lat' dir='ltr'><strong>mente</strong></span> <span class='ocrx_word' id='word_1_53' title='bbox 1866 796 2027 851; x_wconf 89' lang='lat' dir='ltr'><strong>valet.</strong></span> 
     </span>
    </p>
   </div>
   <div class='ocr_carea' id='block_1_9' title="bbox 441 890 1890 963">
    <p class='ocr_par' dir='ltr' id='par_1_9' title="bbox 441 890 1890 963">
     <span class='ocr_line' id='line_1_9' title="bbox 441 890 1890 963; baseline -0.005 -14"><span class='ocrx_word' id='word_1_54' title='bbox 441 896 555 950; x_wconf 91' lang='lat' dir='ltr'><strong>lmo</strong></span> <span class='ocrx_word' id='word_1_55' title='bbox 592 896 755 951; x_wconf 79' lang='lat' dir='ltr'><strong>etiam</strong></span> <span class='ocrx_word' id='word_1_56' title='bbox 794 896 985 951; x_wconf 85' lang='lat' dir='ltr'><strong>deletis</strong></span> <span class='ocrx_word' id='word_1_57' title='bbox 1011 896 1249 951; x_wconf 90' lang='lat' dir='ltr'><strong>inimicis</strong></span> <span class='ocrx_word' id='word_1_58' title='bbox 1281 894 1337 948; x_wconf 93' lang='lat' dir='ltr'><strong>hi</strong></span> <span class='ocrx_word' id='word_1_59' title='bbox 1367 908 1503 963; x_wconf 88' lang='lat' dir='ltr'><strong>pace</strong></span> <span class='ocrx_word' id='word_1_60' title='bbox 1536 890 1890 945; x_wconf 78' lang='lat' dir='ltr'><strong>fruebantur.</strong></span> 
     </span>
    </p>
   </div>
   <div class='ocr_carea' id='block_1_10' title="bbox 787 1068 1687 1141">
    <p class='ocr_par' dir='ltr' id='par_1_10' title="bbox 787 1068 1687 1141">
     <span class='ocr_line' id='line_1_10' title="bbox 787 1068 1687 1141; baseline 0 -16"><span class='ocrx_word' id='word_1_61' title='bbox 787 1071 1062 1127; x_wconf 81' lang='lat' dir='ltr'><strong>Canticum</strong></span> <span class='ocrx_word' id='word_1_62' title='bbox 1112 1073 1392 1141; x_wconf 84' lang='lat' dir='ltr'><strong>graduum.</strong></span> <span class='ocrx_word' id='word_1_63' title='bbox 1463 1068 1687 1125; x_wconf 84' lang='lat' dir='ltr'><em>CXXV.</em></span> 
     </span>
    </p>
   </div>
   <div class='ocr_carea' id='block_1_11' title="bbox 1038 1164 1443 1231">
    <p class='ocr_par' dir='ltr' id='par_1_11' title="bbox 1038 1164 1443 1231">
     <span class='ocr_line' id='line_1_11' title="bbox 1038 1164 1443 1231; baseline -0.002 -17"><span class='ocrx_word' id='word_1_64' title='bbox 1038 1164 1443 1231; x_wconf 81' lang='lat' dir='ltr'><strong>Argumentum.</strong></span> 
     </span>
    </p>
   </div>
   <div class='ocr_carea' id='block_1_12' title="bbox 449 1249 2028 1321">
    <p class='ocr_par' dir='ltr' id='par_1_12' title="bbox 449 1249 2028 1321">
     <span class='ocr_line' id='line_1_12' title="bbox 449 1249 2028 1321; baseline -0.001 -15"><span class='ocrx_word' id='word_1_65' title='bbox 449 1249 752 1321; x_wconf 80' lang='lat' dir='ltr'><strong>Septimum</strong></span> <span class='ocrx_word' id='word_1_66' title='bbox 782 1254 1055 1308; x_wconf 82' lang='lat' dir='ltr'><strong>canticum</strong></span> <span class='ocrx_word' id='word_1_67' title='bbox 1096 1263 1297 1307; x_wconf 88' lang='lat' dir='ltr'><strong>canunt</strong></span> <span class='ocrx_word' id='word_1_68' title='bbox 1332 1252 1423 1321; x_wconf 86' lang='lat' dir='ltr'><strong>qui</strong></span> <span class='ocrx_word' id='word_1_69' title='bbox 1458 1266 1583 1306; x_wconf 92' lang='lat' dir='ltr'><strong>cum</strong></span> <span class='ocrx_word' id='word_1_70' title='bbox 1626 1251 1693 1305; x_wconf 91' lang='lat' dir='ltr'><strong>ad</strong></span> <span class='ocrx_word' id='word_1_71' title='bbox 1726 1251 1901 1321; x_wconf 86' lang='lat' dir='ltr'><strong>ipsam</strong></span> <span class='ocrx_word' id='word_1_72' title='bbox 1931 1266 2028 1305; x_wconf 86' lang='lat' dir='ltr'><strong>ur-</strong></span> 
     </span>
    </p>
   </div>
   <div class='ocr_carea' id='block_1_13' title="bbox 520 1341 2029 1411">
    <p class='ocr_par' dir='ltr' id='par_1_13' title="bbox 520 1341 2029 1411">
     <span class='ocr_line' id='line_1_13' title="bbox 520 1341 2029 1411; baseline -0.001 -16"><span class='ocrx_word' id='word_1_73' title='bbox 520 1342 640 1396; x_wconf 91' lang='lat' dir='ltr'><strong>bem</strong></span> <span class='ocrx_word' id='word_1_74' title='bbox 671 1342 1033 1411; x_wconf 79' lang='lat' dir='ltr'><strong>pervenerint,</strong></span> <span class='ocrx_word' id='word_1_75' title='bbox 1067 1342 1407 1395; x_wconf 88' lang='lat' dir='ltr'><strong>liberationis</strong></span> <span class='ocrx_word' id='word_1_76' title='bbox 1441 1356 1469 1393; x_wconf 91' lang='lat' dir='ltr'><strong>a</strong></span> <span class='ocrx_word' id='word_1_77' title='bbox 1518 1342 1835 1411; x_wconf 85' lang='lat' dir='ltr'><strong>captivitate</strong></span> <span class='ocrx_word' id='word_1_78' title='bbox 1864 1341 2029 1395; x_wconf 80' lang='lat' dir='ltr'><strong>certi-</strong></span> 
     </span>
    </p>
   </div>
   <div class='ocr_carea' id='block_1_14' title="bbox 522 1429 2031 1500">
    <p class='ocr_par' dir='ltr' id='par_1_14' title="bbox 522 1429 2031 1500">
     <span class='ocr_line' id='line_1_14' title="bbox 522 1429 2031 1500; baseline -0.002 -14"><span class='ocrx_word' id='word_1_79' title='bbox 522 1433 764 1487; x_wconf 89' lang='lat' dir='ltr'><strong>tudinem</strong></span> <span class='ocrx_word' id='word_1_80' title='bbox 813 1432 1031 1485; x_wconf 87' lang='lat' dir='ltr'><strong>habent.</strong></span> <span class='ocrx_word' id='word_1_81' title='bbox 1065 1432 1278 1500; x_wconf 82' lang='lat' dir='ltr'><strong>Rogant</strong></span> <span class='ocrx_word' id='word_1_82' title='bbox 1318 1440 1498 1484; x_wconf 88' lang='lat' dir='ltr'><strong>autem</strong></span> <span class='ocrx_word' id='word_1_83' title='bbox 1537 1447 1634 1499; x_wconf 91' lang='lat' dir='ltr'><strong>pro</strong></span> <span class='ocrx_word' id='word_1_84' title='bbox 1672 1431 1897 1500; x_wconf 88' lang='lat' dir='ltr'><strong>reliquis</strong></span> <span class='ocrx_word' id='word_1_85' title='bbox 1936 1429 2031 1499; x_wconf 85' lang='lat' dir='ltr'><strong>qui</strong></span> 
     </span>
    </p>
   </div>
   <div class='ocr_carea' id='block_1_15' title="bbox 524 1522 2091 1593">
    <p class='ocr_par' dir='ltr' id='par_1_15' title="bbox 524 1522 2091 1593">
     <span class='ocr_line' id='line_1_15' title="bbox 524 1522 2091 1593; baseline -0.004 -14"><span class='ocrx_word' id='word_1_86' title='bbox 524 1524 705 1579; x_wconf 88' lang='lat' dir='ltr'><strong>adhuc</strong></span> <span class='ocrx_word' id='word_1_87' title='bbox 753 1533 910 1577; x_wconf 92' lang='lat' dir='ltr'><strong>erant</strong></span> <span class='ocrx_word' id='word_1_88' title='bbox 953 1524 1008 1577; x_wconf 92' lang='lat' dir='ltr'><strong>in</strong></span> <span class='ocrx_word' id='word_1_89' title='bbox 1061 1523 1357 1593; x_wconf 85' lang='lat' dir='ltr'><strong>Babylone,</strong></span> <span class='ocrx_word' id='word_1_90' title='bbox 1418 1531 1476 1575; x_wconf 86' lang='lat' dir='ltr'><strong>ut</strong></span> <span class='ocrx_word' id='word_1_91' title='bbox 1528 1524 1631 1592; x_wconf 88' lang='lat' dir='ltr'><strong>ipsi</strong></span> <span class='ocrx_word' id='word_1_92' title='bbox 1679 1524 1846 1577; x_wconf 80' lang='lat' dir='ltr'><strong>etiam</strong></span> <span class='ocrx_word' id='word_1_93' title='bbox 1883 1522 2030 1577; x_wconf 90' lang='lat' dir='ltr'><strong>redi-</strong></span> <span class='ocrx_word' id='word_1_94' title='bbox 2086 1538 2091 1551; x_wconf 63' lang='grc' dir='ltr'><strong><em>λ</em></strong></span> 
     </span>
    </p>
   </div>
   <div class='ocr_carea' id='block_1_16' title="bbox 523 1622 822 1669">
    <p class='ocr_par' dir='ltr' id='par_1_16' title="bbox 523 1622 822 1669">
     <span class='ocr_line' id='line_1_16' title="bbox 523 1622 822 1669; baseline -0.007 0"><span class='ocrx_word' id='word_1_95' title='bbox 523 1622 822 1669; x_wconf 82' lang='lat' dir='ltr'><strong>merentur.</strong></span> 
     </span>
    </p>
   </div>
   <div class='ocr_carea' id='block_1_17' title="bbox 520 1703 2033 1775">
    <p class='ocr_par' dir='ltr' id='par_1_17' title="bbox 520 1703 2033 1775">
     <span class='ocr_line' id='line_1_17' title="bbox 520 1703 2033 1775; baseline -0.003 -14"><span class='ocrx_word' id='word_1_96' title='bbox 520 1710 583 1773; x_wconf 70' lang='lat'><strong>{1.</strong></span> <span class='ocrx_word' id='word_1_97' title='bbox 638 1708 704 1760; x_wconf 87' lang='lat' dir='ltr'><strong>In</strong></span> <span class='ocrx_word' id='word_1_98' title='bbox 746 1706 1087 1760; x_wconf 86' lang='lat' dir='ltr'><strong>convertenda</strong></span> <span class='ocrx_word' id='word_1_99' title='bbox 1121 1706 1379 1759; x_wconf 81' lang='lat' dir='ltr'><strong>Dominus</strong></span> <span class='ocrx_word' id='word_1_100' title='bbox 1410 1707 1766 1775; x_wconf 78' lang='lat' dir='ltr'><strong>captivitatem</strong></span> <span class='ocrx_word' id='word_1_101' title='bbox 1794 1703 1925 1758; x_wconf 86' lang='lat' dir='ltr'><strong>Sion</strong></span> <span class='ocrx_word' id='word_1_102' title='bbox 1954 1705 2033 1773; x_wconf 80' lang='lat' dir='ltr'><strong>fa-</strong></span> 
     </span>
    </p>
   </div>
   <div class='ocr_carea' id='block_1_18' title="bbox 2205 514 3727 592">
    <p class='ocr_par' dir='ltr' id='par_1_18' title="bbox 2205 514 3727 592">
     <span class='ocr_line' id='line_1_18' title="bbox 2205 514 3727 592; baseline -0.006 -17"><span class='ocrx_word' id='word_1_103' title='bbox 2205 522 2545 592; x_wconf 88' lang='grc' dir='ltr'>ἁμαρτωλῶν</span> <span class='ocrx_word' id='word_1_104' title='bbox 2583 522 2674 574; x_wconf 76' lang='grc' dir='ltr'><strong>ἐπὶ</strong></span> <span class='ocrx_word' id='word_1_105' title='bbox 2718 521 2808 573; x_wconf 85' lang='grc' dir='ltr'><strong>τὸν</strong></span> <span class='ocrx_word' id='word_1_106' title='bbox 2840 519 3041 590; x_wconf 83' lang='grc' dir='ltr'>κλῆρον</span> <span class='ocrx_word' id='word_1_107' title='bbox 3078 519 3186 571; x_wconf 88' lang='grc' dir='ltr'><strong>τῶν</strong></span> <span class='ocrx_word' id='word_1_108' title='bbox 3231 517 3456 569; x_wconf 90' lang='grc' dir='ltr'>δικαίων</span> <span class='ocrx_word' id='word_1_109' title='bbox 3488 514 3727 568; x_wconf 76' lang='grc' dir='ltr'>καὶτῶν</span> 
     </span>
    </p>
   </div>
   <div class='ocr_carea' id='block_1_19' title="bbox 2202 613 2643 682">
    <p class='ocr_par' dir='ltr' id='par_1_19' title="bbox 2202 613 2643 682">
     <span class='ocr_line' id='line_1_19' title="bbox 2202 613 2643 682; baseline -0.005 -15"><span class='ocrx_word' id='word_1_110' title='bbox 2202 615 2371 682; x_wconf 84' lang='grc' dir='ltr'>ἁγίων</span> <span class='ocrx_word' id='word_1_111' title='bbox 2401 613 2587 666; x_wconf 83' lang='grc' dir='ltr'>αὑτοῦ.</span> <span class='ocrx_word' id='word_1_112' title='bbox 2625 633 2643 665; x_wconf 74' lang='grc' dir='ltr'><strong>ι</strong></span> 
     </span>
    </p>
   </div>
   <div class='ocr_carea' id='block_1_20' title="bbox 2206 700 3727 773">
    <p class='ocr_par' dir='ltr' id='par_1_20' title="bbox 2206 700 3727 773">
     <span class='ocr_line' id='line_1_20' title="bbox 2206 700 3727 773; baseline -0.003 -15"><span class='ocrx_word' id='word_1_113' title='bbox 2206 705 2433 773; x_wconf 81' lang='grc' dir='ltr'><strong>Εἰρήνη</strong></span> <span class='ocrx_word' id='word_1_114' title='bbox 2468 704 2565 757; x_wconf 81' lang='grc' dir='ltr'><strong>ἐπὶ</strong></span> <span class='ocrx_word' id='word_1_115' title='bbox 2620 703 2728 756; x_wconf 77' lang='grc' dir='ltr'>τὸν</span> <span class='ocrx_word' id='word_1_116' title='bbox 2779 701 3037 771; x_wconf 77' lang='grc' dir='ltr'>Ἰσραήλ.</span> <span class='ocrx_word' id='word_1_117' title='bbox 3104 701 3170 755; x_wconf 85' lang='grc' dir='ltr'><strong><em>Ἦ</em></strong></span> <span class='ocrx_word' id='word_1_118' title='bbox 3216 700 3324 771; x_wconf 86' lang='grc' dir='ltr'>γὰρ</span> <span class='ocrx_word' id='word_1_119' title='bbox 3372 700 3727 770; x_wconf 81' lang='grc' dir='ltr'>ὑπερέχουσα.</span> 
     </span>
    </p>
   </div>
   <div class='ocr_carea' id='block_1_21' title="bbox 2132 790 3723 865">
    <p class='ocr_par' dir='ltr' id='par_1_21' title="bbox 2132 790 3723 865">
     <span class='ocr_line' id='line_1_21' title="bbox 2132 790 3723 865; baseline -0.004 -17"><span class='ocrx_word' id='word_1_120' title='bbox 2132 796 2314 849; x_wconf 89' lang='grc' dir='ltr'>πάντα</span> <span class='ocrx_word' id='word_1_121' title='bbox 2337 795 2463 849; x_wconf 89' lang='grc' dir='ltr'>νοῦν</span> <span class='ocrx_word' id='word_1_122' title='bbox 2493 796 2680 865; x_wconf 81' lang='grc' dir='ltr'>εἰρήνη</span> <span class='ocrx_word' id='word_1_123' title='bbox 2707 793 2849 864; x_wconf 83' lang='grc' dir='ltr'><strong>μόνῳ</strong></span> <span class='ocrx_word' id='word_1_124' title='bbox 2870 793 2947 863; x_wconf 83' lang='grc' dir='ltr'>τῷ</span> <span class='ocrx_word' id='word_1_125' title='bbox 2967 795 3091 846; x_wconf 83' lang='grc' dir='ltr'>νοῦν</span> <span class='ocrx_word' id='word_1_126' title='bbox 3117 792 3290 864; x_wconf 75' lang='grc' dir='ltr'>ἔχοντι</span> <span class='ocrx_word' id='word_1_127' title='bbox 3315 790 3533 843; x_wconf 88' lang='grc' dir='ltr'>δίδοται.</span> <span class='ocrx_word' id='word_1_128' title='bbox 3556 790 3723 842; x_wconf 74' lang='grc' dir='ltr'>Ἀλλὰ</span> 
     </span>
    </p>
   </div>
   <div class='ocr_carea' id='block_1_22' title="bbox 2134 877 3723 957">
    <p class='ocr_par' dir='ltr' id='par_1_22' title="bbox 2134 877 3723 957">
     <span class='ocr_line' id='line_1_22' title="bbox 2134 877 3723 957; baseline -0.004 -16"><span class='ocrx_word' id='word_1_129' title='bbox 2134 890 2226 941; x_wconf 86' lang='grc' dir='ltr'><strong>καὶ</strong></span> <span class='ocrx_word' id='word_1_130' title='bbox 2256 884 2360 941; x_wconf 81' lang='grc' dir='ltr'><strong>τῶ.</strong></span> <span class='ocrx_word' id='word_1_131' title='bbox 2392 888 2664 957; x_wconf 90' lang='grc' dir='ltr'>πολεμίων</span> <span class='ocrx_word' id='word_1_132' title='bbox 2694 886 3051 939; x_wconf 82' lang='grc' dir='ltr'><strong>ἀπολωλότων</strong></span> <span class='ocrx_word' id='word_1_133' title='bbox 3073 926 3087 949; x_wconf 95' lang='grc'><strong>,</strong></span> <span class='ocrx_word' id='word_1_134' title='bbox 3146 877 3291 937; x_wconf 79' lang='grc' dir='ltr'>οῦτοι</span> <span class='ocrx_word' id='word_1_135' title='bbox 3334 883 3435 953; x_wconf 85' lang='grc' dir='ltr'>τῆς</span> <span class='ocrx_word' id='word_1_136' title='bbox 3491 884 3723 954; x_wconf 75' lang='grc' dir='ltr'><strong>εἰρήνης</strong></span> 
     </span>
    </p>
   </div>
   <div class='ocr_carea' id='block_1_23' title="bbox 2132 980 2472 1051">
    <p class='ocr_par' dir='ltr' id='par_1_23' title="bbox 2132 980 2472 1051">
     <span class='ocr_line' id='line_1_23' title="bbox 2132 980 2472 1051; baseline -0.006 -17"><span class='ocrx_word' id='word_1_137' title='bbox 2132 980 2472 1051; x_wconf 83' lang='grc' dir='ltr'>ἀπήλαυσαν.</span> 
     </span>
    </p>
   </div>
   <div class='ocr_carea' id='block_1_24' title="bbox 2459 1064 3379 1141">
    <p class='ocr_par' dir='ltr' id='par_1_24' title="bbox 2459 1064 3379 1141">
     <span class='ocr_line' id='line_1_24' title="bbox 2459 1064 3379 1141; baseline -0.005 -18"><span class='ocrx_word' id='word_1_138' title='bbox 2459 1069 2595 1141; x_wconf 77' lang='grc' dir='ltr'>’ῼδὴ</span> <span class='ocrx_word' id='word_1_139' title='bbox 2622 1068 2739 1122; x_wconf 89' lang='grc' dir='ltr'><strong>τῶν</strong></span> <span class='ocrx_word' id='word_1_140' title='bbox 2768 1064 3140 1134; x_wconf 79' lang='grc' dir='ltr'>ἀναϐαθμῶν.</span> <span class='ocrx_word' id='word_1_141' title='bbox 3185 1066 3379 1119; x_wconf 86' lang='grc' dir='ltr'><strong>ΡΚΕ¹.</strong></span> 
     </span>
    </p>
   </div>
   <div class='ocr_carea' id='block_1_25' title="bbox 2751 1160 3088 1223">
    <p class='ocr_par' dir='ltr' id='par_1_25' title="bbox 2751 1160 3088 1223">
     <span class='ocr_line' id='line_1_25' title="bbox 2751 1160 3088 1223; baseline 0.003 -12"><span class='ocrx_word' id='word_1_142' title='bbox 2751 1160 2764 1178; x_wconf 84' lang='lat'><strong>&#39;</strong></span> <span class='ocrx_word' id='word_1_143' title='bbox 2778 1160 3088 1223; x_wconf 82' lang='grc' dir='ltr'>Υπόθεσις.</span> 
     </span>
    </p>
   </div>
   <div class='ocr_carea' id='block_1_26' title="bbox 2131 1246 3723 1325">
    <p class='ocr_par' dir='ltr' id='par_1_26' title="bbox 2131 1246 3723 1325">
     <span class='ocr_line' id='line_1_26' title="bbox 2131 1246 3723 1325; baseline -0.006 -18"><span class='ocrx_word' id='word_1_144' title='bbox 2131 1255 2241 1325; x_wconf 84' lang='grc' dir='ltr'><strong>Τὴν</strong></span> <span class='ocrx_word' id='word_1_145' title='bbox 2278 1254 2511 1323; x_wconf 81' lang='grc' dir='ltr'>ἑϐδόμην</span> <span class='ocrx_word' id='word_1_146' title='bbox 2544 1248 2760 1323; x_wconf 76' lang='grc' dir='ltr'>ᾁδουσιν</span> <span class='ocrx_word' id='word_1_147' title='bbox 2794 1250 2931 1320; x_wconf 82' lang='grc' dir='ltr'>ᾠδὴν</span> <span class='ocrx_word' id='word_1_148' title='bbox 2969 1251 3016 1301; x_wconf 82' lang='grc' dir='ltr'>οἱ</span> <span class='ocrx_word' id='word_1_149' title='bbox 3048 1250 3108 1301; x_wconf 89' lang='grc' dir='ltr'><strong>τὸ</strong></span> <span class='ocrx_word' id='word_1_150' title='bbox 3149 1248 3389 1317; x_wconf 83' lang='grc' dir='ltr'>ἀσφαλὲς</span> <span class='ocrx_word' id='word_1_151' title='bbox 3414 1246 3723 1317; x_wconf 70' lang='grc' dir='ltr'><strong>ἐσχηκότες</strong></span> 
     </span>
    </p>
   </div>
   <div class='ocr_carea' id='block_1_27' title="bbox 2205 1339 3722 1415">
    <p class='ocr_par' dir='ltr' id='par_1_27' title="bbox 2205 1339 3722 1415">
     <span class='ocr_line' id='line_1_27' title="bbox 2205 1339 3722 1415; baseline -0.003 -19"><span class='ocrx_word' id='word_1_152' title='bbox 2205 1348 2304 1415; x_wconf 82' lang='grc' dir='ltr'>τῆς</span> <span class='ocrx_word' id='word_1_153' title='bbox 2333 1344 2649 1415; x_wconf 85' lang='grc' dir='ltr'>λυτρώσεως</span> <span class='ocrx_word' id='word_1_154' title='bbox 2678 1344 2767 1396; x_wconf 77' lang='grc' dir='ltr'><strong>διὰ</strong></span> <span class='ocrx_word' id='word_1_155' title='bbox 2796 1344 2947 1411; x_wconf 48' lang='grc' dir='ltr'>τὸῖὲν</span> <span class='ocrx_word' id='word_1_156' title='bbox 2980 1342 3117 1411; x_wconf 80' lang='grc' dir='ltr'>αὐτῇ</span> <span class='ocrx_word' id='word_1_157' title='bbox 3158 1340 3483 1410; x_wconf 81' lang='grc' dir='ltr'>γεγενῆσθαι</span> <span class='ocrx_word' id='word_1_158' title='bbox 3622 1339 3722 1391; x_wconf 84' lang='grc' dir='ltr'>πό-</span> 
     </span>
    </p>
   </div>
   <div class='ocr_carea' id='block_1_28' title="bbox 2202 1431 3720 1504">
    <p class='ocr_par' dir='ltr' id='par_1_28' title="bbox 2202 1431 3720 1504">
     <span class='ocr_line' id='line_1_28' title="bbox 2202 1431 3720 1504; baseline -0.004 -15"><span class='ocrx_word' id='word_1_159' title='bbox 2202 1437 2302 1489; x_wconf 88' lang='grc' dir='ltr'>λει.</span> <span class='ocrx_word' id='word_1_160' title='bbox 2345 1436 2728 1503; x_wconf 86' lang='grc' dir='ltr'>Παρακαλοῦσι</span> <span class='ocrx_word' id='word_1_161' title='bbox 2761 1435 2817 1487; x_wconf 81' lang='grc' dir='ltr'><strong>δὲ</strong></span> <span class='ocrx_word' id='word_1_162' title='bbox 2868 1435 3006 1504; x_wconf 73' lang='grc' dir='ltr'>ὑπὲρ</span> <span class='ocrx_word' id='word_1_163' title='bbox 3052 1433 3160 1485; x_wconf 86' lang='grc' dir='ltr'><strong>τῶν</strong></span> <span class='ocrx_word' id='word_1_164' title='bbox 3195 1431 3427 1495; x_wconf 83' lang='grc' dir='ltr'>λοιπῶν,</span> <span class='ocrx_word' id='word_1_165' title='bbox 3483 1431 3597 1483; x_wconf 89' lang='grc' dir='ltr'><strong>τῶν</strong></span> <span class='ocrx_word' id='word_1_166' title='bbox 3636 1431 3720 1483; x_wconf 82' lang='grc' dir='ltr'>ἔτι</span> 
     </span>
    </p>
   </div>
   <div class='ocr_carea' id='block_1_29' title="bbox 2203 1520 3721 1594">
    <p class='ocr_par' dir='ltr' id='par_1_29' title="bbox 2203 1520 3721 1594">
     <span class='ocr_line' id='line_1_29' title="bbox 2203 1520 3721 1594; baseline -0.005 -16"><span class='ocrx_word' id='word_1_167' title='bbox 2203 1526 2370 1578; x_wconf 73' lang='grc' dir='ltr'>ὄντων</span> <span class='ocrx_word' id='word_1_168' title='bbox 2404 1528 2459 1579; x_wconf 83' lang='grc' dir='ltr'><strong>ὲν</strong></span> <span class='ocrx_word' id='word_1_169' title='bbox 2488 1528 2553 1594; x_wconf 78' lang='grc' dir='ltr'>τῇ</span> <span class='ocrx_word' id='word_1_170' title='bbox 2590 1524 2901 1587; x_wconf 87' lang='grc' dir='ltr'>Βαϐυλῶνι,</span> <span class='ocrx_word' id='word_1_171' title='bbox 2931 1525 3077 1585; x_wconf 83' lang='grc' dir='ltr'>ὅπως</span> <span class='ocrx_word' id='word_1_172' title='bbox 3110 1521 3175 1575; x_wconf 85' lang='grc' dir='ltr'>ἂν</span> <span class='ocrx_word' id='word_1_173' title='bbox 3203 1524 3297 1574; x_wconf 66' lang='grc' dir='ltr'><strong>καὶ¹</strong></span> <span class='ocrx_word' id='word_1_174' title='bbox 3323 1521 3476 1574; x_wconf 75' lang='grc' dir='ltr'>αὐτοὶ</span> <span class='ocrx_word' id='word_1_175' title='bbox 3501 1520 3721 1590; x_wconf 80' lang='grc' dir='ltr'><strong>λυτρω⁴</strong></span> 
     </span>
    </p>
   </div>
   <div class='ocr_carea' id='block_1_30' title="bbox 2167 1616 2394 1687">
    <p class='ocr_par' dir='ltr' id='par_1_30' title="bbox 2167 1616 2394 1687">
     <span class='ocr_line' id='line_1_30' title="bbox 2167 1616 2394 1687; baseline 0.013 -20"><span class='ocrx_word' id='word_1_176' title='bbox 2167 1620 2181 1687; x_wconf 34' lang='lat' dir='ltr'><strong>‘k</strong></span> <span class='ocrx_word' id='word_1_177' title='bbox 2207 1616 2394 1670; x_wconf 87' lang='grc' dir='ltr'>Θῶσιν.</span> 
     </span>
    </p>
   </div>
   <div class='ocr_carea' id='block_1_31' title="bbox 2219 1702 3722 1775">
    <p class='ocr_par' dir='ltr' id='par_1_31' title="bbox 2219 1702 3722 1775">
     <span class='ocr_line' id='line_1_31' title="bbox 2219 1702 3722 1775; baseline -0.004 -14"><span class='ocrx_word' id='word_1_178' title='bbox 2219 1709 2321 1761; x_wconf 84' lang='grc' dir='ltr'>Ἐν</span> <span class='ocrx_word' id='word_1_179' title='bbox 2356 1705 2436 1771; x_wconf 86' lang='grc' dir='ltr'>τῷ</span> <span class='ocrx_word' id='word_1_180' title='bbox 2480 1707 2836 1775; x_wconf 72' lang='grc' dir='ltr'><strong>ἐπιστρέψαι</strong></span> <span class='ocrx_word' id='word_1_181' title='bbox 2880 1707 3097 1774; x_wconf 79' lang='grc' dir='ltr'>Κύριον</span> <span class='ocrx_word' id='word_1_182' title='bbox 3140 1704 3255 1772; x_wconf 81' lang='grc' dir='ltr'><strong>τὴν</strong></span> <span class='ocrx_word' id='word_1_183' title='bbox 3297 1702 3722 1772; x_wconf 58' lang='grc' dir='ltr'>αἱχμαλωίαν</span> 
     </span>
    </p>
   </div>
   <div class='ocr_carea' id='block_1_32' title="bbox 453 1776 2054 1867">
    <p class='ocr_par' dir='ltr' id='par_1_32' title="bbox 453 1796 2033 1865">
     <span class='ocr_line' id='line_1_32' title="bbox 453 1796 2033 1865; baseline -0.003 -14"><span class='ocrx_word' id='word_1_184' title='bbox 453 1799 729 1852; x_wconf 72' lang='lat' dir='ltr'><strong>ctisumus</strong></span> <span class='ocrx_word' id='word_1_185' title='bbox 776 1798 913 1851; x_wconf 82' lang='lat' dir='ltr'><strong>sicut</strong></span> <span class='ocrx_word' id='word_1_186' title='bbox 960 1798 1242 1851; x_wconf 82' lang='lat' dir='ltr'><strong>consolati.</strong></span> <span class='ocrx_word' id='word_1_187' title='bbox 1306 1796 1431 1851; x_wconf 80' lang='lat' dir='ltr'><strong>Haec</strong></span> <span class='ocrx_word' id='word_1_188' title='bbox 1484 1797 1713 1865; x_wconf 83' lang='lat' dir='ltr'><strong>apostoli</strong></span> <span class='ocrx_word' id='word_1_189' title='bbox 1779 1810 2033 1864; x_wconf 81' lang='lat' dir='ltr'><strong>praenun-</strong></span> 
     </span>
    </p>
   </div>
   <div class='ocr_carea' id='block_1_33' title="bbox 2161 1776 3721 1867">
    <p class='ocr_par' dir='ltr' id='par_1_33' title="bbox 2161 1796 3721 1867">
     <span class='ocr_line' id='line_1_33' title="bbox 2161 1796 3721 1867; baseline -0.002 -17"><span class='ocrx_word' id='word_1_190' title='bbox 2161 1796 2288 1850; x_wconf 66' lang='grc' dir='ltr'>ῗιὼν</span> <span class='ocrx_word' id='word_1_191' title='bbox 2315 1796 2681 1867; x_wconf 77' lang='grc' dir='ltr'>ἐγενήθημεν</span> <span class='ocrx_word' id='word_1_192' title='bbox 2707 1797 2848 1849; x_wconf 80' lang='grc' dir='ltr'>ὡσεὶ</span> <span class='ocrx_word' id='word_1_193' title='bbox 2872 1797 3401 1865; x_wconf 72' lang='grc' dir='ltr'><strong>παρακεκλημένοι.</strong></span> <span class='ocrx_word' id='word_1_194' title='bbox 3456 1797 3517 1847; x_wconf 88' lang='grc' dir='ltr'>Οί</span> <span class='ocrx_word' id='word_1_195' title='bbox 3577 1796 3721 1848; x_wconf 81' lang='grc' dir='ltr'>ἀπό-</span> 
     </span>
    </p>
   </div>
   <div class='ocr_carea' id='block_1_34' title="bbox 453 1885 2034 1957">
    <p class='ocr_par' dir='ltr' id='par_1_34' title="bbox 453 1885 2034 1957">
     <span class='ocr_line' id='line_1_34' title="bbox 453 1885 2034 1957; baseline -0.003 -14"><span class='ocrx_word' id='word_1_196' title='bbox 453 1890 593 1943; x_wconf 85' lang='lat' dir='ltr'><strong>tiant</strong></span> <span class='ocrx_word' id='word_1_197' title='bbox 618 1889 684 1941; x_wconf 90' lang='lat' dir='ltr'><strong>de</strong></span> <span class='ocrx_word' id='word_1_198' title='bbox 719 1889 913 1957; x_wconf 89' lang='lat' dir='ltr'><strong>seipsis</strong></span> <span class='ocrx_word' id='word_1_199' title='bbox 946 1898 999 1942; x_wconf 88' lang='lat' dir='ltr'><strong>et</strong></span> <span class='ocrx_word' id='word_1_200' title='bbox 1045 1889 1109 1942; x_wconf 91' lang='lat' dir='ltr'><strong>dc</strong></span> <span class='ocrx_word' id='word_1_201' title='bbox 1145 1888 1416 1957; x_wconf 80' lang='lat' dir='ltr'><strong>gentibus.</strong></span> <span class='ocrx_word' id='word_1_202' title='bbox 1468 1885 1601 1940; x_wconf 88' lang='lat' dir='ltr'><strong>Nam</strong></span> <span class='ocrx_word' id='word_1_203' title='bbox 1644 1886 1862 1940; x_wconf 87' lang='lat' dir='ltr'><strong>Davidis</strong></span> <span class='ocrx_word' id='word_1_204' title='bbox 1900 1895 2034 1939; x_wconf 89' lang='lat' dir='ltr'><strong>tem—</strong></span> 
     </span>
    </p>
   </div>
   <div class='ocr_carea' id='block_1_35' title="bbox 452 1975 2033 2047">
    <p class='ocr_par' dir='ltr' id='par_1_35' title="bbox 452 1975 2033 2047">
     <span class='ocr_line' id='line_1_35' title="bbox 452 1975 2033 2047; baseline 0 -16"><span class='ocrx_word' id='word_1_205' title='bbox 452 1993 584 2046; x_wconf 89' lang='lat' dir='ltr'><strong>pore</strong></span> <span class='ocrx_word' id='word_1_206' title='bbox 610 1978 757 2031; x_wconf 91' lang='lat' dir='ltr'><strong>nulla</strong></span> <span class='ocrx_word' id='word_1_207' title='bbox 804 1978 1090 2047; x_wconf 84' lang='lat' dir='ltr'><strong>captivitas</strong></span> <span class='ocrx_word' id='word_1_208' title='bbox 1133 1986 1269 2032; x_wconf 90' lang='lat' dir='ltr'><strong>erat.</strong></span> <span class='ocrx_word' id='word_1_209' title='bbox 1322 1975 1574 2031; x_wconf 89' lang='lat' dir='ltr'><strong>Fortasse</strong></span> <span class='ocrx_word' id='word_1_210' title='bbox 1623 1992 1753 2031; x_wconf 86' lang='lat' dir='ltr'><strong>vero</strong></span> <span class='ocrx_word' id='word_1_211' title='bbox 1807 1980 1921 2031; x_wconf 57' lang='lat' dir='ltr'><strong>hinc</strong></span> <span class='ocrx_word' id='word_1_212' title='bbox 1967 1977 2033 2031; x_wconf 92' lang='lat' dir='ltr'><strong>de</strong></span> 
     </span>
    </p>
   </div>
   <div class='ocr_carea' id='block_1_36' title="bbox 453 2068 2028 2138">
    <p class='ocr_par' dir='ltr' id='par_1_36' title="bbox 453 2068 2028 2138">
     <span class='ocr_line' id='line_1_36' title="bbox 453 2068 2028 2138; baseline -0.001 -16"><span class='ocrx_word' id='word_1_213' title='bbox 453 2069 724 2138; x_wconf 88' lang='lat' dir='ltr'><strong>spirituali</strong></span> <span class='ocrx_word' id='word_1_214' title='bbox 792 2070 1109 2137; x_wconf 81' lang='lat' dir='ltr'><strong>captivitate</strong></span> <span class='ocrx_word' id='word_1_215' title='bbox 1160 2068 1311 2122; x_wconf 89' lang='lat' dir='ltr'><strong>dicit.</strong></span> <span class='ocrx_word' id='word_1_216' title='bbox 1389 2068 1525 2122; x_wconf 90' lang='lat' dir='ltr'><strong>lllud</strong></span> <span class='ocrx_word' id='word_1_217' title='bbox 1578 2068 1723 2123; x_wconf 89' lang='lat' dir='ltr'><strong>enim</strong></span> <span class='ocrx_word' id='word_1_218' title='bbox 1755 2111 1768 2135; x_wconf 96' lang='lat'><strong>,</strong></span> <span class='ocrx_word' id='word_1_219' title='bbox 1818 2068 2028 2135; x_wconf 86' lang='lat' dir='ltr'><strong>dicent,</strong></span> 
     </span>
    </p>
   </div>
   <div class='ocr_carea' id='block_1_37' title="bbox 452 2158 1366 2230">
    <p class='ocr_par' dir='ltr' id='par_1_37' title="bbox 452 2158 1366 2230">
     <span class='ocr_line' id='line_1_37' title="bbox 452 2158 1366 2230; baseline 0.003 -19"><span class='ocrx_word' id='word_1_220' title='bbox 452 2158 698 2214; x_wconf 81' lang='lat' dir='ltr'><strong>futurum</strong></span> <span class='ocrx_word' id='word_1_221' title='bbox 732 2160 1045 2230; x_wconf 89' lang='lat' dir='ltr'><strong>prophetice</strong></span> <span class='ocrx_word' id='word_1_222' title='bbox 1074 2161 1366 2230; x_wconf 83' lang='lat' dir='ltr'><strong>signiﬁcat.</strong></span> 
     </span>
    </p>
   </div>
   <div class='ocr_carea' id='block_1_38' title="bbox 518 2334 2031 2406">
    <p class='ocr_par' dir='ltr' id='par_1_38' title="bbox 518 2334 2031 2406">
     <span class='ocr_line' id='line_1_38' title="bbox 518 2334 2031 2406; baseline -0.001 -17"><span class='ocrx_word' id='word_1_223' title='bbox 518 2337 637 2390; x_wconf 68' lang='lat'><strong>2-4.</strong></span> <span class='ocrx_word' id='word_1_224' title='bbox 695 2336 839 2389; x_wconf 78' lang='lat' dir='ltr'><strong>Tunc</strong></span> <span class='ocrx_word' id='word_1_225' title='bbox 862 2336 1033 2389; x_wconf 88' lang='lat' dir='ltr'><strong>dicent</strong></span> <span class='ocrx_word' id='word_1_226' title='bbox 1074 2337 1211 2389; x_wconf 87' lang='lat' dir='ltr'><strong>inter</strong></span> <span class='ocrx_word' id='word_1_227' title='bbox 1251 2347 1469 2405; x_wconf 77' lang='lat' dir='ltr'><strong>gentes:</strong></span> <span class='ocrx_word' id='word_1_228' title='bbox 1510 2335 1871 2406; x_wconf 82' lang='lat' dir='ltr'><strong>Magniﬁcavit</strong></span> <span class='ocrx_word' id='word_1_229' title='bbox 1918 2334 2031 2387; x_wconf 89' lang='lat' dir='ltr'><strong>Do-</strong></span> 
     </span>
    </p>
   </div>
   <div class='ocr_carea' id='block_1_39' title="bbox 455 2427 2031 2499">
    <p class='ocr_par' dir='ltr' id='par_1_39' title="bbox 455 2427 2031 2499">
     <span class='ocr_line' id='line_1_39' title="bbox 455 2427 2031 2499; baseline 0 -18"><span class='ocrx_word' id='word_1_230' title='bbox 455 2430 651 2493; x_wconf 77' lang='lat' dir='ltr'><strong>minus,</strong></span> <span class='ocrx_word' id='word_1_231' title='bbox 692 2437 794 2482; x_wconf 92' lang='lat' dir='ltr'><strong>etc.</strong></span> <span class='ocrx_word' id='word_1_232' title='bbox 834 2427 947 2481; x_wconf 82' lang='lat' dir='ltr'><strong>Hoc</strong></span> <span class='ocrx_word' id='word_1_233' title='bbox 978 2442 1079 2482; x_wconf 91' lang='lat' dir='ltr'><strong>nos</strong></span> <span class='ocrx_word' id='word_1_234' title='bbox 1126 2428 1314 2482; x_wconf 87' lang='lat' dir='ltr'><strong>multis</strong></span> <span class='ocrx_word' id='word_1_235' title='bbox 1367 2428 1625 2499; x_wconf 85' lang='lat' dir='ltr'><strong>lacrymis</strong></span> <span class='ocrx_word' id='word_1_236' title='bbox 1671 2428 2031 2497; x_wconf 89' lang='lat' dir='ltr'><strong>deplorandos</strong></span> 
     </span>
    </p>
   </div>
   <div class='ocr_carea' id='block_1_40' title="bbox 454 2516 2034 2587">
    <p class='ocr_par' dir='ltr' id='par_1_40' title="bbox 454 2516 2034 2587">
     <span class='ocr_line' id='line_1_40' title="bbox 454 2516 2034 2587; baseline -0.002 -14"><span class='ocrx_word' id='word_1_237' title='bbox 454 2534 575 2573; x_wconf 89' lang='lat' dir='ltr'><strong>esse</strong></span> <span class='ocrx_word' id='word_1_238' title='bbox 604 2519 672 2572; x_wconf 91' lang='lat' dir='ltr'><strong>ab</strong></span> <span class='ocrx_word' id='word_1_239' title='bbox 701 2518 955 2573; x_wconf 89' lang='lat' dir='ltr'><strong>omnibus</strong></span> <span class='ocrx_word' id='word_1_240' title='bbox 998 2518 1289 2587; x_wconf 85' lang='lat' dir='ltr'><strong>signiﬁcat.</strong></span> <span class='ocrx_word' id='word_1_241' title='bbox 1331 2516 1535 2573; x_wconf 89' lang='lat' dir='ltr'><strong>Omnes</strong></span> <span class='ocrx_word' id='word_1_242' title='bbox 1582 2518 1727 2572; x_wconf 91' lang='lat' dir='ltr'><strong>enim</strong></span> <span class='ocrx_word' id='word_1_243' title='bbox 1778 2518 1873 2571; x_wconf 88' lang='lat' dir='ltr'><strong>Dei</strong></span> <span class='ocrx_word' id='word_1_244' title='bbox 1922 2532 2034 2571; x_wconf 86' lang='lat' dir='ltr'><strong>ma-</strong></span> 
     </span>
    </p>
   </div>
   <div class='ocr_carea' id='block_1_41' title="bbox 455 2609 2030 2680">
    <p class='ocr_par' dir='ltr' id='par_1_41' title="bbox 455 2609 2030 2680">
     <span class='ocr_line' id='line_1_41' title="bbox 455 2609 2030 2680; baseline 0 -19"><span class='ocrx_word' id='word_1_245' title='bbox 455 2609 820 2680; x_wconf 80' lang='lat' dir='ltr'><strong>gniﬁcentiam</strong></span> <span class='ocrx_word' id='word_1_246' title='bbox 870 2609 1161 2674; x_wconf 86' lang='lat' dir='ltr'><strong>mirantur,</strong></span> <span class='ocrx_word' id='word_1_247' title='bbox 1223 2609 1369 2678; x_wconf 85' lang='lat' dir='ltr'><strong>quod</strong></span> <span class='ocrx_word' id='word_1_248' title='bbox 1423 2624 1524 2663; x_wconf 92' lang='lat' dir='ltr'><strong>nos</strong></span> <span class='ocrx_word' id='word_1_249' title='bbox 1578 2624 1645 2663; x_wconf 84' lang='lat' dir='ltr'><strong>ex</strong></span> <span class='ocrx_word' id='word_1_250' title='bbox 1696 2610 1891 2663; x_wconf 88' lang='lat' dir='ltr'><strong>acerba</strong></span> <span class='ocrx_word' id='word_1_251' title='bbox 1940 2609 2030 2662; x_wconf 89' lang='lat' dir='ltr'><strong>illa</strong></span> 
     </span>
    </p>
   </div>
   <div class='ocr_carea' id='block_1_42' title="bbox 457 2697 2031 2771">
    <p class='ocr_par' dir='ltr' id='par_1_42' title="bbox 457 2697 2031 2771">
     <span class='ocr_line' id='line_1_42' title="bbox 457 2697 2031 2771; baseline -0.001 -18"><span class='ocrx_word' id='word_1_252' title='bbox 457 2704 719 2754; x_wconf 87' lang='lat' dir='ltr'><strong>servitute</strong></span> <span class='ocrx_word' id='word_1_253' title='bbox 750 2699 1084 2755; x_wconf 87' lang='lat' dir='ltr'><strong>liberaverit.</strong></span> <span class='ocrx_word' id='word_1_254' title='bbox 1112 2697 1298 2771; x_wconf 86' lang='lat' dir='ltr'><strong>Etnos</strong></span> <span class='ocrx_word' id='word_1_255' title='bbox 1334 2699 1552 2767; x_wconf 89' lang='lat' dir='ltr'><strong>quidem</strong></span> <span class='ocrx_word' id='word_1_256' title='bbox 1579 2699 1905 2761; x_wconf 90' lang='lat' dir='ltr'><strong>clamamus,</strong></span> <span class='ocrx_word' id='word_1_257' title='bbox 1936 2713 2031 2752; x_wconf 86' lang='lat' dir='ltr'><strong>ue-</strong></span> 
     </span>
    </p>
   </div>
   <div class='ocr_carea' id='block_1_43' title="bbox 459 2792 2029 2861">
    <p class='ocr_par' dir='ltr' id='par_1_43' title="bbox 459 2792 2029 2861">
     <span class='ocr_line' id='line_1_43' title="bbox 459 2792 2029 2861; baseline 0.001 -15"><span class='ocrx_word' id='word_1_258' title='bbox 459 2805 567 2859; x_wconf 86' lang='lat' dir='ltr'><strong>que</strong></span> <span class='ocrx_word' id='word_1_259' title='bbox 595 2792 743 2845; x_wconf 88' lang='lat' dir='ltr'><strong>enim</strong></span> <span class='ocrx_word' id='word_1_260' title='bbox 789 2806 1047 2845; x_wconf 87' lang='lat' dir='ltr'><strong>vacamus</strong></span> <span class='ocrx_word' id='word_1_261' title='bbox 1089 2806 1277 2855; x_wconf 91' lang='lat' dir='ltr'><strong>sensu,</strong></span> <span class='ocrx_word' id='word_1_262' title='bbox 1333 2806 1457 2845; x_wconf 90' lang='lat' dir='ltr'><strong>cum</strong></span> <span class='ocrx_word' id='word_1_263' title='bbox 1520 2793 1759 2860; x_wconf 85' lang='lat' dir='ltr'><strong>reliquos</strong></span> <span class='ocrx_word' id='word_1_264' title='bbox 1787 2793 2029 2861; x_wconf 87' lang='lat' dir='ltr'><strong>captivos</strong></span> 
     </span>
    </p>
   </div>
   <div class='ocr_carea' id='block_1_44' title="bbox 460 2885 2031 2953">
    <p class='ocr_par' dir='ltr' id='par_1_44' title="bbox 460 2885 2031 2953">
     <span class='ocr_line' id='line_1_44' title="bbox 460 2885 2031 2953; baseline 0.002 -17"><span class='ocrx_word' id='word_1_265' title='bbox 460 2885 704 2937; x_wconf 85' lang='lat' dir='ltr'><strong>nondum</strong></span> <span class='ocrx_word' id='word_1_266' title='bbox 764 2885 1154 2952; x_wconf 87' lang='lat' dir='ltr'><strong>receperimus,</strong></span> <span class='ocrx_word' id='word_1_267' title='bbox 1208 2899 1306 2952; x_wconf 89' lang='lat' dir='ltr'><strong>pro</strong></span> <span class='ocrx_word' id='word_1_268' title='bbox 1365 2885 1564 2953; x_wconf 91' lang='lat' dir='ltr'><strong>quibus</strong></span> <span class='ocrx_word' id='word_1_269' title='bbox 1625 2887 1699 2939; x_wconf 91' lang='lat' dir='ltr'><strong>ita</strong></span> <span class='ocrx_word' id='word_1_270' title='bbox 1760 2886 2031 2953; x_wconf 85' lang='lat' dir='ltr'><strong>supplica-</strong></span> 
     </span>
    </p>
   </div>
   <div class='ocr_carea' id='block_1_45' title="bbox 459 2974 2029 3043">
    <p class='ocr_par' dir='ltr' id='par_1_45' title="bbox 459 2974 2029 3043">
     <span class='ocr_line' id='line_1_45' title="bbox 459 2974 2029 3043; baseline 0 -16"><span class='ocrx_word' id='word_1_271' title='bbox 459 2990 582 3029; x_wconf 88' lang='lat' dir='ltr'><strong>mus</strong></span> <span class='ocrx_word' id='word_1_272' title='bbox 613 2994 624 3027; x_wconf 93' lang='lat'><strong>:</strong></span> <span class='ocrx_word' id='word_1_273' title='bbox 657 2974 925 3039; x_wconf 82' lang='lat' dir='ltr'><strong>Converte,</strong></span> <span class='ocrx_word' id='word_1_274' title='bbox 948 2974 1183 3039; x_wconf 85' lang='lat' dir='ltr'><strong>Domine,</strong></span> <span class='ocrx_word' id='word_1_275' title='bbox 1226 2976 1585 3043; x_wconf 86' lang='lat' dir='ltr'><strong>captivitatem</strong></span> <span class='ocrx_word' id='word_1_276' title='bbox 1616 2985 1852 3029; x_wconf 88' lang='lat' dir='ltr'><strong>nostram</strong></span> <span class='ocrx_word' id='word_1_277' title='bbox 1894 2977 2029 3029; x_wconf 82' lang='lat' dir='ltr'><strong>sicut</strong></span> 
     </span>
    </p>
   </div>
   <div class='ocr_carea' id='block_1_46' title="bbox 463 3062 2030 3136">
    <p class='ocr_par' dir='ltr' id='par_1_46' title="bbox 463 3062 2030 3136">
     <span class='ocr_line' id='line_1_46' title="bbox 463 3062 2030 3136; baseline 0.002 -19"><span class='ocrx_word' id='word_1_278' title='bbox 463 3075 663 3118; x_wconf 86' lang='lat' dir='ltr'><strong>torrens</strong></span> <span class='ocrx_word' id='word_1_279' title='bbox 695 3066 749 3117; x_wconf 88' lang='lat' dir='ltr'><strong>in</strong></span> <span class='ocrx_word' id='word_1_280' title='bbox 806 3074 1006 3117; x_wconf 82' lang='lat' dir='ltr'><strong>austro.</strong></span> <span class='ocrx_word' id='word_1_281' title='bbox 1059 3062 1154 3118; x_wconf 88' lang='lat' dir='ltr'><strong>llis</strong></span> <span class='ocrx_word' id='word_1_282' title='bbox 1205 3065 1511 3134; x_wconf 82' lang='lat' dir='ltr'><strong>signiﬁcant</strong></span> <span class='ocrx_word' id='word_1_283' title='bbox 1558 3081 1809 3136; x_wconf 86' lang='lat' dir='ltr'><strong>magnam</strong></span> <span class='ocrx_word' id='word_1_284' title='bbox 1854 3067 2030 3120; x_wconf 88' lang='lat' dir='ltr'><strong>adhuc</strong></span> 
     </span>
    </p>
   </div>
   <div class='ocr_carea' id='block_1_47' title="bbox 461 3121 2097 3226">
    <p class='ocr_par' dir='ltr' id='par_1_47' title="bbox 461 3121 2097 3226">
     <span class='ocr_line' id='line_1_47' title="bbox 461 3121 2097 3226; baseline 0.001 -15"><span class='ocrx_word' id='word_1_285' title='bbox 461 3159 865 3211; x_wconf 88' lang='lat' dir='ltr'><strong>multitudinem</strong></span> <span class='ocrx_word' id='word_1_286' title='bbox 897 3159 948 3210; x_wconf 95' lang='lat' dir='ltr'><strong>in</strong></span> <span class='ocrx_word' id='word_1_287' title='bbox 985 3156 1259 3226; x_wconf 79' lang='lat' dir='ltr'><strong>Babylone</strong></span> <span class='ocrx_word' id='word_1_288' title='bbox 1292 3173 1598 3221; x_wconf 88' lang='lat' dir='ltr'><strong>remanere,</strong></span> <span class='ocrx_word' id='word_1_289' title='bbox 1630 3159 1701 3211; x_wconf 90' lang='lat' dir='ltr'><strong>ita</strong></span> <span class='ocrx_word' id='word_1_290' title='bbox 1731 3166 1791 3212; x_wconf 89' lang='lat' dir='ltr'><strong>ut</strong></span> <span class='ocrx_word' id='word_1_291' title='bbox 1823 3158 2030 3213; x_wconf 89' lang='lat' dir='ltr'><strong>reditus</strong></span> <span class='ocrx_word' id='word_1_292' title='bbox 2057 3121 2097 3177; x_wconf 57' lang='grc' dir='ltr'><strong>Ο</strong></span> 
     </span>
    </p>
   </div>
   <div class='ocr_carea' id='block_1_48' title="bbox 461 3250 2029 3321">
    <p class='ocr_par' dir='ltr' id='par_1_48' title="bbox 461 3250 2029 3321">
     <span class='ocr_line' id='line_1_48' title="bbox 461 3250 2029 3321; baseline -0.003 -15"><span class='ocrx_word' id='word_1_293' title='bbox 461 3252 579 3321; x_wconf 94' lang='lat' dir='ltr'><strong>ejus</strong></span> <span class='ocrx_word' id='word_1_294' title='bbox 628 3251 865 3321; x_wconf 61' lang='lat' dir='ltr'><strong>Egyptii</strong></span> <span class='ocrx_word' id='word_1_295' title='bbox 918 3251 1157 3303; x_wconf 84' lang='lat' dir='ltr'><strong>ﬂuminis</strong></span> <span class='ocrx_word' id='word_1_296' title='bbox 1226 3251 1483 3305; x_wconf 87' lang='lat' dir='ltr'><strong>decursui</strong></span> <span class='ocrx_word' id='word_1_297' title='bbox 1552 3251 1746 3305; x_wconf 90' lang='lat' dir='ltr'><strong>similis</strong></span> <span class='ocrx_word' id='word_1_298' title='bbox 1798 3250 2029 3305; x_wconf 90' lang='lat' dir='ltr'><strong>dicatur.</strong></span> 
     </span>
    </p>
   </div>
   <div class='ocr_carea' id='block_1_49' title="bbox 464 3342 1337 3399">
    <p class='ocr_par' dir='ltr' id='par_1_49' title="bbox 464 3342 1337 3399">
     <span class='ocr_line' id='line_1_49' title="bbox 464 3342 1337 3399; baseline -0.005 -3"><span class='ocrx_word' id='word_1_299' title='bbox 464 3345 665 3399; x_wconf 86' lang='lat' dir='ltr'><strong>Auster</strong></span> <span class='ocrx_word' id='word_1_300' title='bbox 693 3344 781 3397; x_wconf 91' lang='lat' dir='ltr'><strong>hic</strong></span> <span class='ocrx_word' id='word_1_301' title='bbox 811 3343 1085 3397; x_wconf 79' lang='lat' dir='ltr'><strong>desertum</strong></span> <span class='ocrx_word' id='word_1_302' title='bbox 1120 3342 1337 3395; x_wconf 90' lang='lat' dir='ltr'><strong>dicitur.</strong></span> 
     </span>
    </p>
   </div>
   <div class='ocr_carea' id='block_1_50' title="bbox 534 3431 2034 3501">
    <p class='ocr_par' dir='ltr' id='par_1_50' title="bbox 534 3431 2034 3501">
     <span class='ocr_line' id='line_1_50' title="bbox 534 3431 2034 3501; baseline -0.003 -12"><span class='ocrx_word' id='word_1_303' title='bbox 534 3436 587 3499; x_wconf 80' lang='lat'><strong>5,</strong></span> <span class='ocrx_word' id='word_1_304' title='bbox 642 3434 693 3489; x_wconf 91' lang='lat'><strong>6.</strong></span> <span class='ocrx_word' id='word_1_305' title='bbox 751 3434 857 3500; x_wconf 85' lang='lat' dir='ltr'><strong>Qui</strong></span> <span class='ocrx_word' id='word_1_306' title='bbox 906 3435 1166 3487; x_wconf 78' lang='lat' dir='ltr'><strong>seminam</strong></span> <span class='ocrx_word' id='word_1_307' title='bbox 1214 3436 1267 3485; x_wconf 87' lang='lat' dir='ltr'><strong>in</strong></span> <span class='ocrx_word' id='word_1_308' title='bbox 1299 3432 1546 3501; x_wconf 86' lang='lat' dir='ltr'><strong>lacrgmis</strong></span> <span class='ocrx_word' id='word_1_309' title='bbox 1582 3433 1635 3485; x_wconf 90' lang='lat' dir='ltr'><strong>in</strong></span> <span class='ocrx_word' id='word_1_310' title='bbox 1684 3431 2034 3485; x_wconf 72' lang='lat' dir='ltr'><strong>exsultatione</strong></span> 
     </span>
    </p>
   </div>
   <div class='ocr_carea' id='block_1_51' title="bbox 463 3523 2034 3592">
    <p class='ocr_par' dir='ltr' id='par_1_51' title="bbox 463 3523 2034 3592">
     <span class='ocr_line' id='line_1_51' title="bbox 463 3523 2034 3592; baseline -0.001 -14"><span class='ocrx_word' id='word_1_311' title='bbox 463 3536 671 3579; x_wconf 77' lang='lat' dir='ltr'><strong>nictent.</strong></span> <span class='ocrx_word' id='word_1_312' title='bbox 706 3525 901 3578; x_wconf 85' lang='lat' dir='ltr'><strong>Euntes</strong></span> <span class='ocrx_word' id='word_1_313' title='bbox 942 3525 1086 3579; x_wconf 83' lang='lat' dir='ltr'><strong>ibant</strong></span> <span class='ocrx_word' id='word_1_314' title='bbox 1123 3534 1171 3577; x_wconf 85' lang='lat' dir='ltr'><strong>et</strong></span> <span class='ocrx_word' id='word_1_315' title='bbox 1200 3524 1413 3592; x_wconf 83' lang='lat' dir='ltr'><strong>ﬂebant.</strong></span> <span class='ocrx_word' id='word_1_316' title='bbox 1450 3523 1791 3592; x_wconf 79' lang='lat' dir='ltr'><strong>Rogantibus</strong></span> <span class='ocrx_word' id='word_1_317' title='bbox 1822 3538 1919 3590; x_wconf 86' lang='lat' dir='ltr'><strong>pro</strong></span> <span class='ocrx_word' id='word_1_318' title='bbox 1945 3538 2034 3577; x_wconf 89' lang='lat' dir='ltr'><strong>re-</strong></span> 
     </span>
    </p>
   </div>
   <div class='ocr_carea' id='block_1_52' title="bbox 462 3613 2031 3687">
    <p class='ocr_par' dir='ltr' id='par_1_52' title="bbox 462 3613 2031 3687">
     <span class='ocr_line' id='line_1_52' title="bbox 462 3613 2031 3687; baseline -0.001 -17"><span class='ocrx_word' id='word_1_319' title='bbox 462 3617 645 3687; x_wconf 86' lang='lat' dir='ltr'><strong>liquiis</strong></span> <span class='ocrx_word' id='word_1_320' title='bbox 675 3618 1034 3687; x_wconf 85' lang='lat' dir='ltr'><strong>captivorum,</strong></span> <span class='ocrx_word' id='word_1_321' title='bbox 1071 3616 1362 3684; x_wconf 82' lang='lat' dir='ltr'><strong>respondet</strong></span> <span class='ocrx_word' id='word_1_322' title='bbox 1391 3614 1624 3683; x_wconf 89' lang='lat' dir='ltr'><strong>Spiritus</strong></span> <span class='ocrx_word' id='word_1_323' title='bbox 1664 3613 2031 3682; x_wconf 67' lang='lat' dir='ltr'><strong>proliheticus,</strong></span> 
     </span>
    </p>
   </div>
   <div class='ocr_carea' id='block_1_53' title="bbox 462 3706 2034 3777">
    <p class='ocr_par' dir='ltr' id='par_1_53' title="bbox 462 3706 2034 3777">
     <span class='ocr_line' id='line_1_53' title="bbox 462 3706 2034 3777; baseline -0.001 -16"><span class='ocrx_word' id='word_1_324' title='bbox 462 3718 517 3761; x_wconf 89' lang='lat' dir='ltr'><strong>et</strong></span> <span class='ocrx_word' id='word_1_325' title='bbox 543 3709 617 3762; x_wconf 89' lang='lat' dir='ltr'><strong>ait</strong></span> <span class='ocrx_word' id='word_1_326' title='bbox 645 3727 657 3762; x_wconf 91' lang='lat'><strong>:</strong></span> <span class='ocrx_word' id='word_1_327' title='bbox 690 3707 748 3762; x_wconf 89' lang='lat' dir='ltr'><strong>Si</strong></span> <span class='ocrx_word' id='word_1_328' title='bbox 784 3708 1031 3762; x_wconf 84' lang='lat' dir='ltr'><strong>ﬂeverint</strong></span> <span class='ocrx_word' id='word_1_329' title='bbox 1064 3723 1160 3777; x_wconf 91' lang='lat' dir='ltr'><strong>pro</strong></span> <span class='ocrx_word' id='word_1_330' title='bbox 1190 3708 1258 3761; x_wconf 90' lang='lat' dir='ltr'><strong>iis</strong></span> <span class='ocrx_word' id='word_1_331' title='bbox 1304 3707 1397 3775; x_wconf 91' lang='lat' dir='ltr'><strong>qui</strong></span> <span class='ocrx_word' id='word_1_332' title='bbox 1434 3706 1489 3759; x_wconf 91' lang='lat' dir='ltr'><strong>in</strong></span> <span class='ocrx_word' id='word_1_333' title='bbox 1535 3706 1807 3777; x_wconf 80' lang='lat' dir='ltr'><strong>Babylone</strong></span> <span class='ocrx_word' id='word_1_334' title='bbox 1846 3721 2034 3775; x_wconf 90' lang='lat' dir='ltr'><strong>super-</strong></span> 
     </span>
    </p>
   </div>
   <div class='ocr_carea' id='block_1_54' title="bbox 462 3798 1372 3863">
    <p class='ocr_par' dir='ltr' id='par_1_54' title="bbox 462 3798 1372 3863">
     <span class='ocr_line' id='line_1_54' title="bbox 462 3798 1372 3863; baseline -0.005 -9"><span class='ocrx_word' id='word_1_335' title='bbox 462 3808 613 3863; x_wconf 74' lang='lat' dir='ltr'><strong>sunt,</strong></span> <span class='ocrx_word' id='word_1_336' title='bbox 648 3799 855 3854; x_wconf 84' lang='lat' dir='ltr'><strong>reditus</strong></span> <span class='ocrx_word' id='word_1_337' title='bbox 894 3798 1001 3852; x_wconf 90' lang='lat' dir='ltr'><strong>illis</strong></span> <span class='ocrx_word' id='word_1_338' title='bbox 1026 3798 1372 3853; x_wconf 84' lang='lat' dir='ltr'><strong>concedetur.</strong></span> 
     </span>
    </p>
   </div>
   <div class='ocr_carea' id='block_1_55' title="bbox 625 3974 1879 4047">
    <p class='ocr_par' dir='ltr' id='par_1_55' title="bbox 625 3974 1879 4047">
     <span class='ocr_line' id='line_1_55' title="bbox 625 3974 1879 4047; baseline 0.002 -20"><span class='ocrx_word' id='word_1_339' title='bbox 625 3974 901 4028; x_wconf 84' lang='lat' dir='ltr'><strong>Canticum</strong></span> <span class='ocrx_word' id='word_1_340' title='bbox 949 3977 1214 4047; x_wconf 86' lang='lat' dir='ltr'><strong>graduum</strong></span> <span class='ocrx_word' id='word_1_341' title='bbox 1269 3975 1563 4032; x_wconf 91' lang='lat' dir='ltr'><strong>Salomoni.</strong></span> <span class='ocrx_word' id='word_1_342' title='bbox 1620 3977 1879 4033; x_wconf 82' lang='lat' dir='ltr'><strong>CXXVI.</strong></span> 
     </span>
    </p>
   </div>
   <div class='ocr_carea' id='block_1_56' title="bbox 1040 4068 1444 4137">
    <p class='ocr_par' dir='ltr' id='par_1_56' title="bbox 1040 4068 1444 4137">
     <span class='ocr_line' id='line_1_56' title="bbox 1040 4068 1444 4137; baseline 0.007 -17"><span class='ocrx_word' id='word_1_343' title='bbox 1040 4068 1444 4137; x_wconf 86' lang='lat' dir='ltr'><strong>Argumentum.</strong></span> 
     </span>
    </p>
   </div>
   <div class='ocr_carea' id='block_1_57' title="bbox 460 4158 2035 4229">
    <p class='ocr_par' dir='ltr' id='par_1_57' title="bbox 460 4158 2035 4229">
     <span class='ocr_line' id='line_1_57' title="bbox 460 4158 2035 4229; baseline 0.001 -16"><span class='ocrx_word' id='word_1_344' title='bbox 460 4158 721 4213; x_wconf 84' lang='lat' dir='ltr'><strong>Octavum</strong></span> <span class='ocrx_word' id='word_1_345' title='bbox 751 4159 965 4212; x_wconf 90' lang='lat' dir='ltr'><strong>canitur</strong></span> <span class='ocrx_word' id='word_1_346' title='bbox 1004 4160 1277 4213; x_wconf 89' lang='lat' dir='ltr'><strong>canticum</strong></span> <span class='ocrx_word' id='word_1_347' title='bbox 1310 4161 1473 4229; x_wconf 88' lang='lat' dir='ltr'><strong>jactis</strong></span> <span class='ocrx_word' id='word_1_348' title='bbox 1500 4159 1869 4215; x_wconf 81' lang='lat' dir='ltr'><strong>fundamentis</strong></span> <span class='ocrx_word' id='word_1_349' title='bbox 1900 4170 2035 4215; x_wconf 66' lang='lat' dir='ltr'><strong>temo</strong></span> 
     </span>
    </p>
   </div>
   <div class='ocr_carea' id='block_1_58' title="bbox 534 4247 2035 4317">
    <p class='ocr_par' dir='ltr' id='par_1_58' title="bbox 534 4247 2035 4317">
     <span class='ocr_line' id='line_1_58' title="bbox 534 4247 2035 4317; baseline 0.003 -16"><span class='ocrx_word' id='word_1_350' title='bbox 534 4249 631 4317; x_wconf 92' lang='lat' dir='ltr'><strong>pli,</strong></span> <span class='ocrx_word' id='word_1_351' title='bbox 671 4248 1023 4317; x_wconf 89' lang='lat' dir='ltr'><strong>sperantibus</strong></span> <span class='ocrx_word' id='word_1_352' title='bbox 1050 4247 1251 4303; x_wconf 70' lang='lat' dir='ltr'><strong>Judmis</strong></span> <span class='ocrx_word' id='word_1_353' title='bbox 1279 4248 1396 4305; x_wconf 85' lang='lat' dir='ltr'><strong>fore</strong></span> <span class='ocrx_word' id='word_1_354' title='bbox 1430 4261 1489 4304; x_wconf 88' lang='lat' dir='ltr'><strong>ut</strong></span> <span class='ocrx_word' id='word_1_355' title='bbox 1517 4250 1806 4305; x_wconf 65' lang='lat' dir='ltr'><strong>aediﬁcium</strong></span> <span class='ocrx_word' id='word_1_356' title='bbox 1837 4252 2035 4306; x_wconf 89' lang='lat' dir='ltr'><strong>immo-</strong></span> 
     </span>
    </p>
   </div>
   <div class='ocr_carea' id='block_1_59' title="bbox 536 4340 2036 4411">
    <p class='ocr_par' dir='ltr' id='par_1_59' title="bbox 536 4340 2036 4411">
     <span class='ocr_line' id='line_1_59' title="bbox 536 4340 2036 4411; baseline 0.003 -19"><span class='ocrx_word' id='word_1_357' title='bbox 536 4349 653 4392; x_wconf 92' lang='lat' dir='ltr'><strong>tum</strong></span> <span class='ocrx_word' id='word_1_358' title='bbox 692 4354 907 4409; x_wconf 86' lang='lat' dir='ltr'><strong>semper</strong></span> <span class='ocrx_word' id='word_1_359' title='bbox 954 4348 1218 4394; x_wconf 84' lang='lat' dir='ltr'><strong>maneret.</strong></span> <span class='ocrx_word' id='word_1_360' title='bbox 1268 4340 1522 4395; x_wconf 88' lang='lat' dir='ltr'><strong>Latenter</strong></span> <span class='ocrx_word' id='word_1_361' title='bbox 1568 4343 1733 4411; x_wconf 84' lang='lat' dir='ltr'><strong>igitur</strong></span> <span class='ocrx_word' id='word_1_362' title='bbox 1784 4358 2036 4411; x_wconf 70' lang='lat' dir='ltr'><strong>praanun-</strong></span> 
     </span>
    </p>
   </div>
   <div class='ocr_carea' id='block_1_60' title="bbox 2135 1884 3720 1957">
    <p class='ocr_par' dir='ltr' id='par_1_60' title="bbox 2135 1884 3720 1957">
     <span class='ocr_line' id='line_1_60' title="bbox 2135 1884 3720 1957; baseline -0.001 -19"><span class='ocrx_word' id='word_1_363' title='bbox 2135 1886 2310 1938; x_wconf 89' lang='grc' dir='ltr'>στολοι</span> <span class='ocrx_word' id='word_1_364' title='bbox 2338 1886 2507 1938; x_wconf 84' lang='grc' dir='ltr'>ταῦτα</span> <span class='ocrx_word' id='word_1_365' title='bbox 2548 1885 2976 1957; x_wconf 80' lang='grc' dir='ltr'>προφητεύονται</span> <span class='ocrx_word' id='word_1_366' title='bbox 3002 1886 3129 1955; x_wconf 76' lang='grc' dir='ltr'>περὶ</span> <span class='ocrx_word' id='word_1_367' title='bbox 3158 1886 3365 1938; x_wconf 78' lang='grc' dir='ltr'>ἑαυτῶν</span> <span class='ocrx_word' id='word_1_368' title='bbox 3389 1887 3482 1938; x_wconf 74' lang='grc' dir='ltr'>καὶ</span> <span class='ocrx_word' id='word_1_369' title='bbox 3510 1884 3623 1938; x_wconf 88' lang='grc' dir='ltr'><strong>τῶν</strong></span> <span class='ocrx_word' id='word_1_370' title='bbox 3655 1887 3720 1938; x_wconf 79' lang='grc' dir='ltr'>ὲν</span> 
     </span>
    </p>
   </div>
   <div class='ocr_carea' id='block_1_61' title="bbox 2131 1975 3719 2047">
    <p class='ocr_par' dir='ltr' id='par_1_61' title="bbox 2131 1975 3719 2047">
     <span class='ocr_line' id='line_1_61' title="bbox 2131 1975 3719 2047; baseline 0 -18"><span class='ocrx_word' id='word_1_371' title='bbox 2131 1980 2243 2039; x_wconf 88' lang='grc' dir='ltr'>τοῖς</span> <span class='ocrx_word' id='word_1_372' title='bbox 2270 1977 2467 2030; x_wconf 78' lang='grc' dir='ltr'>ἔθνεσι.</span> <span class='ocrx_word' id='word_1_373' title='bbox 2531 1978 2688 2030; x_wconf 77' lang='grc' dir='ltr'>Κατὰ</span> <span class='ocrx_word' id='word_1_374' title='bbox 2719 1976 2827 2047; x_wconf 81' lang='grc' dir='ltr'><strong>γὰρ</strong></span> <span class='ocrx_word' id='word_1_375' title='bbox 2861 1978 2987 2040; x_wconf 78' lang='grc' dir='ltr'>τοὺς</span> <span class='ocrx_word' id='word_1_376' title='bbox 3018 1977 3111 2029; x_wconf 89' lang='grc' dir='ltr'><strong>τοῦ</strong></span> <span class='ocrx_word' id='word_1_377' title='bbox 3145 1975 3307 2028; x_wconf 79' lang='grc' dir='ltr'>Δαυῒδ</span> <span class='ocrx_word' id='word_1_378' title='bbox 3336 1978 3562 2046; x_wconf 82' lang='grc' dir='ltr'>χρόνους</span> <span class='ocrx_word' id='word_1_379' title='bbox 3610 1979 3719 2030; x_wconf 70' lang='grc' dir='ltr'><strong>οὐκ</strong></span> 
     </span>
    </p>
   </div>
   <div class='ocr_carea' id='block_1_62' title="bbox 2130 2062 3719 2137">
    <p class='ocr_par' dir='ltr' id='par_1_62' title="bbox 2130 2062 3719 2137">
     <span class='ocr_line' id='line_1_62' title="bbox 2130 2062 3719 2137; baseline 0.001 -19"><span class='ocrx_word' id='word_1_380' title='bbox 2130 2062 2198 2136; x_wconf 81' lang='grc' dir='ltr'>ἦν</span> <span class='ocrx_word' id='word_1_381' title='bbox 2226 2066 2585 2136; x_wconf 85' lang='grc' dir='ltr'>αἰχμαλωσία.</span> <span class='ocrx_word' id='word_1_382' title='bbox 2646 2066 2796 2136; x_wconf 81' lang='grc' dir='ltr'>Τάχα</span> <span class='ocrx_word' id='word_1_383' title='bbox 2834 2062 2926 2119; x_wconf 75' lang='grc' dir='ltr'><strong>οὖν</strong></span> <span class='ocrx_word' id='word_1_384' title='bbox 2982 2068 3108 2137; x_wconf 83' lang='grc' dir='ltr'>περὶ</span> <span class='ocrx_word' id='word_1_385' title='bbox 3160 2065 3259 2135; x_wconf 83' lang='grc' dir='ltr'>τῆς</span> <span class='ocrx_word' id='word_1_386' title='bbox 3296 2067 3493 2136; x_wconf 78' lang='grc' dir='ltr'>νοητῆς</span> <span class='ocrx_word' id='word_1_387' title='bbox 3536 2067 3719 2121; x_wconf 82' lang='grc' dir='ltr'>ταῦτά</span> 
     </span>
    </p>
   </div>
   <div class='ocr_carea' id='block_1_63' title="bbox 2133 2157 3715 2229">
    <p class='ocr_par' dir='ltr' id='par_1_63' title="bbox 2133 2157 3715 2229">
     <span class='ocr_line' id='line_1_63' title="bbox 2133 2157 3715 2229; baseline -0.002 -18"><span class='ocrx_word' id='word_1_388' title='bbox 2133 2174 2285 2228; x_wconf 84' lang='grc' dir='ltr'>φησι.</span> <span class='ocrx_word' id='word_1_389' title='bbox 2343 2158 2415 2209; x_wconf 91' lang='grc' dir='ltr'><strong>Τὸ</strong></span> <span class='ocrx_word' id='word_1_390' title='bbox 2446 2157 2586 2227; x_wconf 85' lang='grc' dir='ltr'>γὰρ,</span> <span class='ocrx_word' id='word_1_391' title='bbox 2643 2158 2878 2225; x_wconf 81' lang='grc' dir='ltr'>ἐροῦσι,</span> <span class='ocrx_word' id='word_1_392' title='bbox 2924 2158 3273 2229; x_wconf 80' lang='grc' dir='ltr'>προφητικῶς</span> <span class='ocrx_word' id='word_1_393' title='bbox 3301 2157 3360 2209; x_wconf 82' lang='grc' dir='ltr'><strong>τὸ</strong></span> <span class='ocrx_word' id='word_1_394' title='bbox 3398 2158 3587 2227; x_wconf 80' lang='grc' dir='ltr'>μέλλον</span> <span class='ocrx_word' id='word_1_395' title='bbox 3616 2158 3715 2229; x_wconf 79' lang='grc' dir='ltr'>δη-</span> 
     </span>
    </p>
   </div>
   <div class='ocr_carea' id='block_1_64' title="bbox 2131 2249 2336 2304">
    <p class='ocr_par' dir='ltr' id='par_1_64' title="bbox 2131 2249 2336 2304">
     <span class='ocr_line' id='line_1_64' title="bbox 2131 2249 2336 2304; baseline 0.015 -3"><span class='ocrx_word' id='word_1_396' title='bbox 2131 2249 2336 2304; x_wconf 79' lang='grc' dir='ltr'>λοῦται.</span> 
     </span>
    </p>
   </div>
   <div class='ocr_carea' id='block_1_65' title="bbox 2207 2336 3716 2407">
    <p class='ocr_par' dir='ltr' id='par_1_65' title="bbox 2207 2336 3716 2407">
     <span class='ocr_line' id='line_1_65' title="bbox 2207 2336 3716 2407; baseline -0.002 -17"><span class='ocrx_word' id='word_1_397' title='bbox 2207 2340 2341 2390; x_wconf 73' lang='grc' dir='ltr'>Τιῐτε</span> <span class='ocrx_word' id='word_1_398' title='bbox 2369 2337 2615 2406; x_wconf 78' lang='grc' dir='ltr'>ἐροῦσιν</span> <span class='ocrx_word' id='word_1_399' title='bbox 2647 2338 2718 2391; x_wconf 84' lang='grc' dir='ltr'>ἐν</span> <span class='ocrx_word' id='word_1_400' title='bbox 2747 2339 2870 2403; x_wconf 81' lang='grc' dir='ltr'>τοῖς</span> <span class='ocrx_word' id='word_1_401' title='bbox 2902 2338 3171 2392; x_wconf 73' lang='grc' dir='ltr'>ἔθνεσιν·</span> <span class='ocrx_word' id='word_1_402' title='bbox 3207 2337 3569 2407; x_wconf 75' lang='grc' dir='ltr'>Ἐμεγάλυνε</span> <span class='ocrx_word' id='word_1_403' title='bbox 3598 2336 3716 2388; x_wconf 83' lang='grc' dir='ltr'><strong>Κύ-</strong></span> 
     </span>
    </p>
   </div>
   <div class='ocr_carea' id='block_1_66' title="bbox 2123 2426 3714 2501">
    <p class='ocr_par' dir='ltr' id='par_1_66' title="bbox 2123 2426 3714 2501">
     <span class='ocr_line' id='line_1_66' title="bbox 2123 2426 3714 2501; baseline -0.004 -18"><span class='ocrx_word' id='word_1_404' title='bbox 2123 2446 2275 2497; x_wconf 86' lang='grc' dir='ltr'>ριος,</span> <span class='ocrx_word' id='word_1_405' title='bbox 2293 2446 2348 2484; x_wconf 90' lang='grc' dir='ltr'><strong>κ.</strong></span> <span class='ocrx_word' id='word_1_406' title='bbox 2370 2445 2420 2482; x_wconf 89' lang='grc' dir='ltr'>τ.</span> <span class='ocrx_word' id='word_1_407' title='bbox 2442 2428 2490 2483; x_wconf 90' lang='grc' dir='ltr'><strong>λ.</strong></span> <span class='ocrx_word' id='word_1_408' title='bbox 2512 2428 2680 2481; x_wconf 88' lang='grc' dir='ltr'>Τοῦτο</span> <span class='ocrx_word' id='word_1_409' title='bbox 2694 2429 2749 2482; x_wconf 83' lang='grc' dir='ltr'>δὲ</span> <span class='ocrx_word' id='word_1_410' title='bbox 2766 2431 2910 2500; x_wconf 78' lang='grc' dir='ltr'>ἡμᾶς</span> <span class='ocrx_word' id='word_1_411' title='bbox 2926 2429 3362 2501; x_wconf 86' lang='grc' dir='ltr'>πολυθρηνήτους</span> <span class='ocrx_word' id='word_1_412' title='bbox 3377 2426 3530 2498; x_wconf 80' lang='grc' dir='ltr'>παρὰ</span> <span class='ocrx_word' id='word_1_413' title='bbox 3545 2428 3714 2479; x_wconf 81' lang='grc' dir='ltr'>πᾶσιν</span> 
     </span>
    </p>
   </div>
   <div class='ocr_carea' id='block_1_67' title="bbox 2131 2515 3712 2589">
    <p class='ocr_par' dir='ltr' id='par_1_67' title="bbox 2131 2515 3712 2589">
     <span class='ocr_line' id='line_1_67' title="bbox 2131 2515 3712 2589; baseline -0.003 -19"><span class='ocrx_word' id='word_1_414' title='bbox 2131 2518 2429 2588; x_wconf 84' lang='grc' dir='ltr'>ἀπέφηνεν.</span> <span class='ocrx_word' id='word_1_415' title='bbox 2459 2519 2733 2581; x_wconf 78' lang='grc' dir='ltr'>’Ἅπαντες</span> <span class='ocrx_word' id='word_1_416' title='bbox 2762 2519 2868 2588; x_wconf 79' lang='grc' dir='ltr'>γὰρ</span> <span class='ocrx_word' id='word_1_417' title='bbox 2897 2518 2993 2589; x_wconf 83' lang='grc' dir='ltr'><strong>τὴν</strong></span> <span class='ocrx_word' id='word_1_418' title='bbox 3025 2518 3117 2571; x_wconf 92' lang='grc' dir='ltr'><strong>τοῦ</strong></span> <span class='ocrx_word' id='word_1_419' title='bbox 3146 2517 3280 2571; x_wconf 85' lang='grc' dir='ltr'>Θεοῦ</span> <span class='ocrx_word' id='word_1_420' title='bbox 3309 2515 3712 2587; x_wconf 78' lang='grc' dir='ltr'>μεγαλουργίαν</span> 
     </span>
    </p>
   </div>
   <div class='ocr_carea' id='block_1_68' title="bbox 2132 2608 3712 2681">
    <p class='ocr_par' dir='ltr' id='par_1_68' title="bbox 2132 2608 3712 2681">
     <span class='ocr_line' id='line_1_68' title="bbox 2132 2608 3712 2681; baseline 0.001 -20"><span class='ocrx_word' id='word_1_421' title='bbox 2132 2608 2527 2679; x_wconf 78' lang='grc' dir='ltr'>θαυμάζουσιν,</span> <span class='ocrx_word' id='word_1_422' title='bbox 2573 2612 2655 2663; x_wconf 87' lang='grc' dir='ltr'>ὅτι</span> <span class='ocrx_word' id='word_1_423' title='bbox 2686 2611 2781 2680; x_wconf 81' lang='grc' dir='ltr'>τῆς</span> <span class='ocrx_word' id='word_1_424' title='bbox 2815 2612 3016 2681; x_wconf 83' lang='grc' dir='ltr'>πικρᾶς</span> <span class='ocrx_word' id='word_1_425' title='bbox 3044 2610 3257 2679; x_wconf 77' lang='grc' dir='ltr'>ἐκείνης</span> <span class='ocrx_word' id='word_1_426' title='bbox 3282 2612 3426 2680; x_wconf 81' lang='grc' dir='ltr'>ἡμᾶς</span> <span class='ocrx_word' id='word_1_427' title='bbox 3468 2609 3712 2671; x_wconf 84' lang='grc' dir='ltr'>δουλείας</span> 
     </span>
    </p>
   </div>
   <div class='ocr_carea' id='block_1_69' title="bbox 2129 2700 3711 2772">
    <p class='ocr_par' dir='ltr' id='par_1_69' title="bbox 2129 2700 3711 2772">
     <span class='ocr_line' id='line_1_69' title="bbox 2129 2700 3711 2772; baseline -0.001 -18"><span class='ocrx_word' id='word_1_428' title='bbox 2129 2700 2405 2772; x_wconf 78' lang='grc' dir='ltr'>ἀπήλλαξε</span> <span class='ocrx_word' id='word_1_429' title='bbox 2426 2719 2439 2731; x_wconf 79' lang='lat'><strong>&#39;</strong></span> <span class='ocrx_word' id='word_1_430' title='bbox 2467 2702 2560 2755; x_wconf 78' lang='grc' dir='ltr'><strong>καὶ</strong></span> <span class='ocrx_word' id='word_1_431' title='bbox 2582 2704 2743 2771; x_wconf 82' lang='grc' dir='ltr'><strong>ἡμεῖς</strong></span> <span class='ocrx_word' id='word_1_432' title='bbox 2771 2702 2951 2772; x_wconf 89' lang='grc' dir='ltr'>μέντοι</span> <span class='ocrx_word' id='word_1_433' title='bbox 2976 2702 3210 2771; x_wconf 88' lang='grc' dir='ltr'>βοῶμεν,</span> <span class='ocrx_word' id='word_1_434' title='bbox 3237 2703 3297 2754; x_wconf 84' lang='grc' dir='ltr'><strong>οὐ</strong></span> <span class='ocrx_word' id='word_1_435' title='bbox 3323 2700 3431 2771; x_wconf 79' lang='grc' dir='ltr'>γὰρ</span> <span class='ocrx_word' id='word_1_436' title='bbox 3458 2701 3711 2769; x_wconf 74' lang='grc' dir='ltr'>ἀναισθη-</span> 
     </span>
    </p>
   </div>
   <div class='ocr_carea' id='block_1_70' title="bbox 2130 2792 3712 2863">
    <p class='ocr_par' dir='ltr' id='par_1_70' title="bbox 2130 2792 3712 2863">
     <span class='ocr_line' id='line_1_70' title="bbox 2130 2792 3712 2863; baseline 0 -20"><span class='ocrx_word' id='word_1_437' title='bbox 2130 2792 2331 2860; x_wconf 91' lang='grc' dir='ltr'>τοῦμεν</span> <span class='ocrx_word' id='word_1_438' title='bbox 2354 2832 2368 2852; x_wconf 83' lang='grc'><strong>,</strong></span> <span class='ocrx_word' id='word_1_439' title='bbox 2406 2794 2454 2844; x_wconf 90' lang='grc' dir='ltr'><strong>εί</strong></span> <span class='ocrx_word' id='word_1_440' title='bbox 2493 2793 2586 2844; x_wconf 76' lang='grc' dir='ltr'><strong>καὶ</strong></span> <span class='ocrx_word' id='word_1_441' title='bbox 2623 2794 2695 2863; x_wconf 86' lang='grc' dir='ltr'>μὴ</span> <span class='ocrx_word' id='word_1_442' title='bbox 2727 2794 2853 2855; x_wconf 77' lang='grc' dir='ltr'>τοὺς</span> <span class='ocrx_word' id='word_1_443' title='bbox 2883 2794 3101 2856; x_wconf 81' lang='grc' dir='ltr'>λοιποὺς</span> <span class='ocrx_word' id='word_1_444' title='bbox 3133 2793 3545 2863; x_wconf 81' lang='grc' dir='ltr'>ἀπειλήφαμεν·</span> <span class='ocrx_word' id='word_1_445' title='bbox 3582 2793 3712 2861; x_wconf 57' lang='grc' dir='ltr'><strong>’περὶ⁵</strong></span> 
     </span>
    </p>
   </div>
   <div class='ocr_carea' id='block_1_71' title="bbox 2128 2876 3712 2954">
    <p class='ocr_par' dir='ltr' id='par_1_71' title="bbox 2128 2876 3712 2954">
     <span class='ocr_line' id='line_1_71' title="bbox 2128 2876 3712 2954; baseline 0.001 -20"><span class='ocrx_word' id='word_1_446' title='bbox 2128 2876 2201 2935; x_wconf 84' lang='grc' dir='ltr'>ὧν</span> <span class='ocrx_word' id='word_1_447' title='bbox 2235 2884 2547 2954; x_wconf 81' lang='grc' dir='ltr'>ἱκετεύομεν</span> <span class='ocrx_word' id='word_1_448' title='bbox 2569 2884 2818 2951; x_wconf 84' lang='grc' dir='ltr'>λέγοντες</span> <span class='ocrx_word' id='word_1_449' title='bbox 2844 2900 2856 2913; x_wconf 90' lang='grc'>·</span> <span class='ocrx_word' id='word_1_450' title='bbox 2898 2885 3321 2952; x_wconf 68' lang='grc' dir='ltr'>Ἐπίστρεψον,</span> <span class='ocrx_word' id='word_1_451' title='bbox 3353 2887 3561 2952; x_wconf 80' lang='grc' dir='ltr'>Κύριε,</span> <span class='ocrx_word' id='word_1_452' title='bbox 3598 2884 3712 2951; x_wconf 80' lang='grc' dir='ltr'>τὴν</span> 
     </span>
    </p>
   </div>
   <div class='ocr_carea' id='block_1_72' title="bbox 2130 2974 3707 3045">
    <p class='ocr_par' dir='ltr' id='par_1_72' title="bbox 2130 2974 3707 3045">
     <span class='ocr_line' id='line_1_72' title="bbox 2130 2974 3707 3045; baseline -0.001 -17"><span class='ocrx_word' id='word_1_453' title='bbox 2130 2979 2543 3045; x_wconf 80' lang='grc' dir='ltr'>αἰχμαλωσίαν</span> <span class='ocrx_word' id='word_1_454' title='bbox 2590 2976 2759 3045; x_wconf 78' lang='grc' dir='ltr'>ήμῶν</span> <span class='ocrx_word' id='word_1_455' title='bbox 2804 2978 2884 3041; x_wconf 85' lang='grc' dir='ltr'>ὡς</span> <span class='ocrx_word' id='word_1_456' title='bbox 2922 2978 3275 3045; x_wconf 71' lang='grc' dir='ltr'>χειμάρρους</span> <span class='ocrx_word' id='word_1_457' title='bbox 3305 2978 3375 3029; x_wconf 84' lang='grc' dir='ltr'>ἐν</span> <span class='ocrx_word' id='word_1_458' title='bbox 3420 2974 3501 3039; x_wconf 84' lang='grc' dir='ltr'>τῷ</span> <span class='ocrx_word' id='word_1_459' title='bbox 3533 2978 3707 3042; x_wconf 81' lang='grc' dir='ltr'>νότῳ.</span> 
     </span>
    </p>
   </div>
   <div class='ocr_carea' id='block_1_73' title="bbox 2132 3066 3708 3138">
    <p class='ocr_par' dir='ltr' id='par_1_73' title="bbox 2132 3066 3708 3138">
     <span class='ocr_line' id='line_1_73' title="bbox 2132 3066 3708 3138; baseline 0.001 -21"><span class='ocrx_word' id='word_1_460' title='bbox 2132 3066 2357 3136; x_wconf 84' lang='grc' dir='ltr'>Δηλοῦσι</span> <span class='ocrx_word' id='word_1_461' title='bbox 2387 3067 2448 3119; x_wconf 86' lang='grc' dir='ltr'><strong>τὸ</strong></span> <span class='ocrx_word' id='word_1_462' title='bbox 2496 3067 2629 3119; x_wconf 85' lang='grc' dir='ltr'>πολὺ</span> <span class='ocrx_word' id='word_1_463' title='bbox 2662 3066 2865 3136; x_wconf 82' lang='grc' dir='ltr'>πλῆθος</span> <span class='ocrx_word' id='word_1_464' title='bbox 2900 3069 3254 3138; x_wconf 83' lang='grc' dir='ltr'>ὲναπομείναν</span> <span class='ocrx_word' id='word_1_465' title='bbox 3302 3070 3358 3119; x_wconf 86' lang='grc' dir='ltr'>ὲν</span> <span class='ocrx_word' id='word_1_466' title='bbox 3404 3066 3708 3129; x_wconf 84' lang='grc' dir='ltr'>Βαϐυλῶνι,</span> 
     </span>
    </p>
   </div>
   <div class='ocr_carea' id='block_1_74' title="bbox 2131 3157 3712 3230">
    <p class='ocr_par' dir='ltr' id='par_1_74' title="bbox 2131 3157 3712 3230">
     <span class='ocr_line' id='line_1_74' title="bbox 2131 3157 3712 3230; baseline 0.002 -21"><span class='ocrx_word' id='word_1_467' title='bbox 2131 3158 2206 3220; x_wconf 82' lang='grc' dir='ltr'>ὡς</span> <span class='ocrx_word' id='word_1_468' title='bbox 2236 3158 2328 3211; x_wconf 77' lang='grc' dir='ltr'><strong>καὶ</strong></span> <span class='ocrx_word' id='word_1_469' title='bbox 2355 3160 2452 3229; x_wconf 81' lang='grc' dir='ltr'><strong>τὴν</strong></span> <span class='ocrx_word' id='word_1_470' title='bbox 2484 3159 2816 3229; x_wconf 76' lang='grc' dir='ltr'>ἐπιστροφὴν</span> <span class='ocrx_word' id='word_1_471' title='bbox 2866 3157 3029 3211; x_wconf 82' lang='grc' dir='ltr'>αὑτοῦ</span> <span class='ocrx_word' id='word_1_472' title='bbox 3050 3200 3065 3224; x_wconf 93' lang='grc'><strong>,</strong></span> <span class='ocrx_word' id='word_1_473' title='bbox 3117 3159 3471 3230; x_wconf 74' lang='grc' dir='ltr'>παρεικάζσιν</span> <span class='ocrx_word' id='word_1_474' title='bbox 3514 3160 3712 3220; x_wconf 67' lang='grc' dir='ltr'>αὐτοὺς</span> 
     </span>
    </p>
   </div>
   <div class='ocr_carea' id='block_1_75' title="bbox 2132 3248 3712 3321">
    <p class='ocr_par' dir='ltr' id='par_1_75' title="bbox 2132 3248 3712 3321">
     <span class='ocr_line' id='line_1_75' title="bbox 2132 3248 3712 3321; baseline 0 -21"><span class='ocrx_word' id='word_1_475' title='bbox 2132 3248 2209 3318; x_wconf 82' lang='grc' dir='ltr'>τῷ</span> <span class='ocrx_word' id='word_1_476' title='bbox 2238 3248 2470 3319; x_wconf 76' lang='grc' dir='ltr'>ῥεύματι</span> <span class='ocrx_word' id='word_1_477' title='bbox 2501 3249 2595 3301; x_wconf 89' lang='grc' dir='ltr'><strong>τοῦ</strong></span> <span class='ocrx_word' id='word_1_478' title='bbox 2628 3250 2926 3317; x_wconf 77' lang='grc' dir='ltr'>Αἰγυπτίου</span> <span class='ocrx_word' id='word_1_479' title='bbox 2960 3250 3229 3321; x_wconf 83' lang='grc' dir='ltr'>ποταμοῦ.</span> <span class='ocrx_word' id='word_1_480' title='bbox 3279 3250 3447 3303; x_wconf 86' lang='grc' dir='ltr'>Νότον</span> <span class='ocrx_word' id='word_1_481' title='bbox 3474 3251 3583 3319; x_wconf 84' lang='grc' dir='ltr'><strong>γάρ</strong></span> <span class='ocrx_word' id='word_1_482' title='bbox 3613 3252 3712 3321; x_wconf 71' lang='grc' dir='ltr'>τὴν</span> 
     </span>
    </p>
   </div>
   <div class='ocr_carea' id='block_1_76' title="bbox 2133 3340 2555 3411">
    <p class='ocr_par' dir='ltr' id='par_1_76' title="bbox 2133 3340 2555 3411">
     <span class='ocr_line' id='line_1_76' title="bbox 2133 3340 2555 3411; baseline 0.007 -20"><span class='ocrx_word' id='word_1_483' title='bbox 2133 3340 2337 3411; x_wconf 77' lang='grc' dir='ltr'>ἔρημόν</span> <span class='ocrx_word' id='word_1_484' title='bbox 2370 3359 2555 3411; x_wconf 88' lang='grc' dir='ltr'>φησιν.</span> 
     </span>
    </p>
   </div>
   <div class='ocr_carea' id='block_1_77' title="bbox 2210 3432 3714 3502">
    <p class='ocr_par' dir='ltr' id='par_1_77' title="bbox 2210 3432 3714 3502">
     <span class='ocr_line' id='line_1_77' title="bbox 2210 3432 3714 3502; baseline 0.002 -18"><span class='ocrx_word' id='word_1_485' title='bbox 2210 3435 2273 3484; x_wconf 85' lang='lat' dir='ltr'><strong>Ol</strong></span> <span class='ocrx_word' id='word_1_486' title='bbox 2305 3434 2653 3499; x_wconf 80' lang='grc' dir='ltr'>σπείροντες</span> <span class='ocrx_word' id='word_1_487' title='bbox 2683 3433 2752 3485; x_wconf 85' lang='grc' dir='ltr'>ἐν</span> <span class='ocrx_word' id='word_1_488' title='bbox 2782 3432 2905 3497; x_wconf 82' lang='grc' dir='ltr'>τοῖς</span> <span class='ocrx_word' id='word_1_489' title='bbox 2930 3432 3227 3501; x_wconf 72' lang='grc' dir='ltr'>δάκρυσιν</span> <span class='ocrx_word' id='word_1_490' title='bbox 3255 3433 3326 3485; x_wconf 83' lang='grc' dir='ltr'>ἐν</span> <span class='ocrx_word' id='word_1_491' title='bbox 3353 3434 3714 3502; x_wconf 67' lang='grc' dir='ltr'>ἀγαλλιάσει</span> 
     </span>
    </p>
   </div>
   <div class='ocr_carea' id='block_1_78' title="bbox 2134 3522 3711 3592">
    <p class='ocr_par' dir='ltr' id='par_1_78' title="bbox 2134 3522 3711 3592">
     <span class='ocr_line' id='line_1_78' title="bbox 2134 3522 3711 3592; baseline 0.002 -16"><span class='ocrx_word' id='word_1_492' title='bbox 2134 3522 2417 3589; x_wconf 86' lang='grc' dir='ltr'>θεριοῦσι.</span> <span class='ocrx_word' id='word_1_493' title='bbox 2482 3524 2875 3590; x_wconf 86' lang='grc' dir='ltr'>Πορευόμενοι</span> <span class='ocrx_word' id='word_1_494' title='bbox 2916 3524 3271 3592; x_wconf 81' lang='grc' dir='ltr'>ἐπορεύοντο</span> <span class='ocrx_word' id='word_1_495' title='bbox 3312 3525 3409 3577; x_wconf 79' lang='grc' dir='ltr'>καὶ</span> <span class='ocrx_word' id='word_1_496' title='bbox 3441 3526 3711 3579; x_wconf 50' lang='grc' dir='ltr'>ἔκλαιον.</span> 
     </span>
    </p>
   </div>
   <div class='ocr_carea' id='block_1_79' title="bbox 2136 3612 3713 3685">
    <p class='ocr_par' dir='ltr' id='par_1_79' title="bbox 2136 3612 3713 3685">
     <span class='ocr_line' id='line_1_79' title="bbox 2136 3612 3713 3685; baseline 0.002 -22"><span class='ocrx_word' id='word_1_497' title='bbox 2136 3614 2261 3675; x_wconf 85' lang='grc' dir='ltr'>Τοῖς</span> <span class='ocrx_word' id='word_1_498' title='bbox 2309 3612 2624 3682; x_wconf 78' lang='grc' dir='ltr'>εὐξαμένοις</span> <span class='ocrx_word' id='word_1_499' title='bbox 2671 3613 2798 3682; x_wconf 78' lang='grc' dir='ltr'>περὶ</span> <span class='ocrx_word' id='word_1_500' title='bbox 2840 3612 2949 3665; x_wconf 88' lang='grc' dir='ltr'><strong>τῶν</strong></span> <span class='ocrx_word' id='word_1_501' title='bbox 2987 3613 3329 3667; x_wconf 87' lang='grc' dir='ltr'>καταλοίπων</span> <span class='ocrx_word' id='word_1_502' title='bbox 3357 3615 3713 3685; x_wconf 85' lang='grc' dir='ltr'>ἀποκρίνεται</span> 
     </span>
    </p>
   </div>
   <div class='ocr_carea' id='block_1_80' title="bbox 2134 3702 3713 3775">
    <p class='ocr_par' dir='ltr' id='par_1_80' title="bbox 2134 3702 3713 3775">
     <span class='ocr_line' id='line_1_80' title="bbox 2134 3702 3713 3775; baseline 0.003 -22"><span class='ocrx_word' id='word_1_503' title='bbox 2134 3702 2194 3753; x_wconf 87' lang='grc' dir='ltr'><strong>τὸ</strong></span> <span class='ocrx_word' id='word_1_504' title='bbox 2221 3703 2556 3773; x_wconf 78' lang='grc' dir='ltr'>προφητικὸν</span> <span class='ocrx_word' id='word_1_505' title='bbox 2584 3702 2825 3772; x_wconf 88' lang='grc' dir='ltr'>Πνεῦμα,</span> <span class='ocrx_word' id='word_1_506' title='bbox 2858 3703 2953 3757; x_wconf 86' lang='grc' dir='ltr'><strong>καί</strong></span> <span class='ocrx_word' id='word_1_507' title='bbox 2980 3721 3162 3775; x_wconf 83' lang='grc' dir='ltr'>φησιν,</span> <span class='ocrx_word' id='word_1_508' title='bbox 3190 3705 3295 3768; x_wconf 83' lang='grc' dir='ltr'>ὅτι,</span> <span class='ocrx_word' id='word_1_509' title='bbox 3328 3706 3389 3756; x_wconf 84' lang='lat' dir='ltr'><strong>Ei</strong></span> <span class='ocrx_word' id='word_1_510' title='bbox 3418 3705 3713 3759; x_wconf 80' lang='grc' dir='ltr'>κλαύσαιεν</span> 
     </span>
    </p>
   </div>
   <div class='ocr_carea' id='block_1_81' title="bbox 2135 3793 3709 3867">
    <p class='ocr_par' dir='ltr' id='par_1_81' title="bbox 2135 3793 3709 3867">
     <span class='ocr_line' id='line_1_81' title="bbox 2135 3793 3709 3867; baseline 0.003 -22"><span class='ocrx_word' id='word_1_511' title='bbox 2135 3794 2274 3863; x_wconf 85' lang='grc' dir='ltr'>ὑπὲρ</span> <span class='ocrx_word' id='word_1_512' title='bbox 2326 3793 2433 3845; x_wconf 86' lang='grc' dir='ltr'><strong>τῶν</strong></span> <span class='ocrx_word' id='word_1_513' title='bbox 2485 3796 2542 3846; x_wconf 82' lang='grc' dir='ltr'><strong>ἐν</strong></span> <span class='ocrx_word' id='word_1_514' title='bbox 2604 3794 2914 3863; x_wconf 88' lang='grc' dir='ltr'>Βαϐυλῶνι,</span> <span class='ocrx_word' id='word_1_515' title='bbox 2974 3795 3122 3848; x_wconf 76' lang='grc' dir='ltr'>ἔσται</span> <span class='ocrx_word' id='word_1_516' title='bbox 3170 3796 3262 3847; x_wconf 83' lang='grc' dir='ltr'><strong>καὶ</strong></span> <span class='ocrx_word' id='word_1_517' title='bbox 3288 3796 3472 3859; x_wconf 81' lang='grc' dir='ltr'>αὐτοῖς</span> <span class='ocrx_word' id='word_1_518' title='bbox 3504 3800 3537 3867; x_wconf 80' lang='grc' dir='ltr'>ἡ</span> <span class='ocrx_word' id='word_1_519' title='bbox 3588 3800 3709 3850; x_wconf 79' lang='grc' dir='ltr'>ἐπι-</span> 
     </span>
    </p>
   </div>
   <div class='ocr_carea' id='block_1_82' title="bbox 2138 3888 2369 3958">
    <p class='ocr_par' dir='ltr' id='par_1_82' title="bbox 2138 3888 2369 3958">
     <span class='ocr_line' id='line_1_82' title="bbox 2138 3888 2369 3958; baseline 0.009 -21"><span class='ocrx_word' id='word_1_520' title='bbox 2138 3888 2369 3958; x_wconf 82' lang='grc' dir='ltr'>στροφὴ.</span> 
     </span>
    </p>
   </div>
   <div class='ocr_carea' id='block_1_83' title="bbox 2223 3976 3625 4048">
    <p class='ocr_par' dir='ltr' id='par_1_83' title="bbox 2223 3976 3625 4048">
     <span class='ocr_line' id='line_1_83' title="bbox 2223 3976 3625 4048; baseline 0.001 -19"><span class='ocrx_word' id='word_1_521' title='bbox 2223 3977 2361 4046; x_wconf 81' lang='grc' dir='ltr'><strong>’ῼδὴ</strong></span> <span class='ocrx_word' id='word_1_522' title='bbox 2397 3976 2514 4031; x_wconf 87' lang='grc' dir='ltr'><strong>τῶν</strong></span> <span class='ocrx_word' id='word_1_523' title='bbox 2542 3977 2898 4047; x_wconf 79' lang='grc' dir='ltr'>ἀναϐαθμῶν</span> <span class='ocrx_word' id='word_1_524' title='bbox 2925 3978 3005 4043; x_wconf 87' lang='grc' dir='ltr'>τῷ</span> <span class='ocrx_word' id='word_1_525' title='bbox 3033 3978 3356 4048; x_wconf 74' lang='grc' dir='ltr'>Σολομῶνι.</span> <span class='ocrx_word' id='word_1_526' title='bbox 3414 3981 3575 4045; x_wconf 66' lang='lat' dir='ltr'><strong>PKC</strong></span> <span class='ocrx_word' id='word_1_527' title='bbox 3597 3983 3625 4031; x_wconf 82' lang='grc'>’.</span> 
     </span>
    </p>
   </div>
   <div class='ocr_carea' id='block_1_84' title="bbox 2753 4071 3057 4136">
    <p class='ocr_par' dir='ltr' id='par_1_84' title="bbox 2753 4071 3057 4136">
     <span class='ocr_line' id='line_1_84' title="bbox 2753 4071 3057 4136; baseline -0.003 -12"><span class='ocrx_word' id='word_1_528' title='bbox 2753 4071 2767 4090; x_wconf 80' lang='grc'><strong>’</strong></span> <span class='ocrx_word' id='word_1_529' title='bbox 2779 4072 3057 4136; x_wconf 79' lang='grc' dir='ltr'>Υπόθεσις</span> 
     </span>
    </p>
   </div>
   <div class='ocr_carea' id='block_1_85' title="bbox 2148 4161 3714 4235">
    <p class='ocr_par' dir='ltr' id='par_1_85' title="bbox 2148 4161 3714 4235">
     <span class='ocr_line' id='line_1_85' title="bbox 2148 4161 3714 4235; baseline 0.001 -21"><span class='ocrx_word' id='word_1_530' title='bbox 2148 4161 2214 4214; x_wconf 81' lang='grc' dir='ltr'><strong>Ἦ</strong></span> <span class='ocrx_word' id='word_1_531' title='bbox 2246 4161 2404 4231; x_wconf 81' lang='grc' dir='ltr'>ὀγδόη</span> <span class='ocrx_word' id='word_1_532' title='bbox 2430 4162 2613 4233; x_wconf 78' lang='grc' dir='ltr'>ᾄδεται</span> <span class='ocrx_word' id='word_1_533' title='bbox 2648 4163 2777 4235; x_wconf 86' lang='grc' dir='ltr'>ᾠδὴ,</span> <span class='ocrx_word' id='word_1_534' title='bbox 2806 4163 3299 4233; x_wconf 87' lang='grc' dir='ltr'>καταϐεϐλημένων</span> <span class='ocrx_word' id='word_1_535' title='bbox 3332 4163 3432 4233; x_wconf 73' lang='grc' dir='ltr'>ἤδη</span> <span class='ocrx_word' id='word_1_536' title='bbox 3486 4162 3596 4215; x_wconf 88' lang='grc' dir='ltr'><strong>τῶν</strong></span> <span class='ocrx_word' id='word_1_537' title='bbox 3626 4163 3714 4216; x_wconf 85' lang='grc' dir='ltr'>θε-</span> 
     </span>
    </p>
   </div>
   <div class='ocr_carea' id='block_1_86' title="bbox 2208 4249 3712 4325">
    <p class='ocr_par' dir='ltr' id='par_1_86' title="bbox 2208 4249 3712 4325">
     <span class='ocr_line' id='line_1_86' title="bbox 2208 4249 3712 4325; baseline 0.001 -20"><span class='ocrx_word' id='word_1_538' title='bbox 2208 4254 2405 4323; x_wconf 85' lang='grc' dir='ltr'>μελίων</span> <span class='ocrx_word' id='word_1_539' title='bbox 2451 4254 2546 4308; x_wconf 91' lang='grc' dir='ltr'><strong>τοῦ</strong></span> <span class='ocrx_word' id='word_1_540' title='bbox 2595 4256 2742 4325; x_wconf 89' lang='grc' dir='ltr'>ἱεροῦ</span> <span class='ocrx_word' id='word_1_541' title='bbox 2768 4272 2781 4286; x_wconf 77' lang='grc'><em>’</em></span> <span class='ocrx_word' id='word_1_542' title='bbox 2818 4255 3143 4319; x_wconf 75' lang='grc' dir='ltr'>ἐλπιζόντων</span> <span class='ocrx_word' id='word_1_543' title='bbox 3177 4253 3515 4308; x_wconf 81' lang='grc' dir='ltr'>ἁδιάσειστον</span> <span class='ocrx_word' id='word_1_544' title='bbox 3571 4249 3712 4307; x_wconf 73' lang='grc' dir='ltr'>εἶναι</span> 
     </span>
    </p>
   </div>
   <div class='ocr_carea' id='block_1_87' title="bbox 2203 4338 3712 4414">
    <p class='ocr_par' dir='ltr' id='par_1_87' title="bbox 2203 4338 3712 4414">
     <span class='ocr_line' id='line_1_87' title="bbox 2203 4338 3712 4414; baseline -0.002 -19"><span class='ocrx_word' id='word_1_545' title='bbox 2203 4343 2266 4395; x_wconf 83' lang='grc' dir='ltr'><strong>τὸ</strong></span> <span class='ocrx_word' id='word_1_546' title='bbox 2297 4344 2574 4414; x_wconf 87' lang='grc' dir='ltr'>τείχισμα.</span> <span class='ocrx_word' id='word_1_547' title='bbox 2618 4344 2933 4414; x_wconf 86' lang='grc' dir='ltr'>Λεληθότως</span> <span class='ocrx_word' id='word_1_548' title='bbox 2970 4338 3061 4396; x_wconf 82' lang='grc' dir='ltr'><strong>οῦν</strong></span> <span class='ocrx_word' id='word_1_549' title='bbox 3096 4342 3426 4413; x_wconf 76' lang='grc' dir='ltr'>προφητεύει</span> <span class='ocrx_word' id='word_1_550' title='bbox 3457 4341 3558 4413; x_wconf 81' lang='grc' dir='ltr'><strong>τὴν</strong></span> <span class='ocrx_word' id='word_1_551' title='bbox 3590 4342 3712 4393; x_wconf 77' lang='grc' dir='ltr'>ἐσο-</span> 
     </span>
    </p>
   </div>
   <div class='ocr_carea' id='block_1_88' title="bbox 544 4430 2054 4513">
    <p class='ocr_par' dir='ltr' id='par_1_88' title="bbox 544 4430 2030 4500">
     <span class='ocr_line' id='line_1_88' title="bbox 544 4430 2030 4500; baseline 0.002 -16"><span class='ocrx_word' id='word_1_552' title='bbox 544 4432 645 4485; x_wconf 90' lang='lat' dir='ltr'><strong>tiat</strong></span> <span class='ocrx_word' id='word_1_553' title='bbox 674 4430 917 4485; x_wconf 78' lang='lat' dir='ltr'><strong>futurum</strong></span> <span class='ocrx_word' id='word_1_554' title='bbox 949 4432 1068 4500; x_wconf 84' lang='lat' dir='ltr'><strong>ejus</strong></span> <span class='ocrx_word' id='word_1_555' title='bbox 1096 4432 1274 4485; x_wconf 91' lang='lat' dir='ltr'><strong>denuo</strong></span> <span class='ocrx_word' id='word_1_556' title='bbox 1315 4433 1416 4486; x_wconf 91' lang='lat' dir='ltr'><strong>sub</strong></span> <span class='ocrx_word' id='word_1_557' title='bbox 1448 4432 1708 4487; x_wconf 81' lang='lat' dir='ltr'><strong>Romanis</strong></span> <span class='ocrx_word' id='word_1_558' title='bbox 1736 4434 2030 4487; x_wconf 80' lang='lat' dir='ltr'><strong>excidium.</strong></span> 
     </span>
    </p>
   </div>
   <div class='ocr_carea' id='block_1_89' title="bbox 2161 4430 3713 4513">
    <p class='ocr_par' dir='ltr' id='par_1_89' title="bbox 2210 4432 3713 4502">
     <span class='ocr_line' id='line_1_89' title="bbox 2210 4432 3713 4502; baseline 0 -18"><span class='ocrx_word' id='word_1_559' title='bbox 2210 4433 2377 4502; x_wconf 88' lang='grc' dir='ltr'>μένην</span> <span class='ocrx_word' id='word_1_560' title='bbox 2411 4433 2576 4486; x_wconf 83' lang='grc' dir='ltr'>αὐτοῦ</span> <span class='ocrx_word' id='word_1_561' title='bbox 2618 4433 2824 4487; x_wconf 85' lang='grc' dir='ltr'>πτῶσιν</span> <span class='ocrx_word' id='word_1_562' title='bbox 2855 4434 3013 4486; x_wconf 86' lang='grc' dir='ltr'>πάλιν</span> <span class='ocrx_word' id='word_1_563' title='bbox 3043 4433 3135 4485; x_wconf 70' lang='grc' dir='ltr'><strong>ἐπὶ</strong></span> <span class='ocrx_word' id='word_1_564' title='bbox 3164 4432 3261 4502; x_wconf 85' lang='grc' dir='ltr'>τῆς</span> <span class='ocrx_word' id='word_1_565' title='bbox 3297 4432 3584 4500; x_wconf 83' lang='grc' dir='ltr'>Ῥωμαίων</span> <span class='ocrx_word' id='word_1_566' title='bbox 3614 4432 3713 4500; x_wconf 63' lang='grc' dir='ltr'><strong>ἀρα</strong></span> 
     </span>
    </p>
   </div>
   <div class='ocr_carea' id='block_1_90' title="bbox 535 4522 2035 4591">
    <p class='ocr_par' dir='ltr' id='par_1_90' title="bbox 535 4522 2035 4591">
     <span class='ocr_line' id='line_1_90' title="bbox 535 4522 2035 4591; baseline 0.001 -14"><span class='ocrx_word' id='word_1_567' title='bbox 535 4522 839 4591; x_wconf 79' lang='lat' dir='ltr'><strong>Adjicitque</strong></span> <span class='ocrx_word' id='word_1_568' title='bbox 885 4522 1221 4590; x_wconf 85' lang='lat' dir='ltr'><strong>prophetiam</strong></span> <span class='ocrx_word' id='word_1_569' title='bbox 1276 4524 1340 4576; x_wconf 91' lang='lat' dir='ltr'><strong>de</strong></span> <span class='ocrx_word' id='word_1_570' title='bbox 1387 4522 1589 4577; x_wconf 90' lang='lat' dir='ltr'><strong>Christi</strong></span> <span class='ocrx_word' id='word_1_571' title='bbox 1625 4522 1888 4579; x_wconf 85' lang='lat' dir='ltr'><strong>Ecclesia.</strong></span> <span class='ocrx_word' id='word_1_572' title='bbox 1937 4524 2035 4578; x_wconf 87' lang='lat' dir='ltr'><strong>Ca-</strong></span> 
     </span>
    </p>
   </div>
   <div class='ocr_carea' id='block_1_91' title="bbox 546 4612 2032 4682">
    <p class='ocr_par' dir='ltr' id='par_1_91' title="bbox 546 4612 2032 4682">
     <span class='ocr_line' id='line_1_91' title="bbox 546 4612 2032 4682; baseline 0.002 -16"><span class='ocrx_word' id='word_1_573' title='bbox 546 4614 694 4666; x_wconf 87' lang='lat' dir='ltr'><strong>nitur</strong></span> <span class='ocrx_word' id='word_1_574' title='bbox 729 4629 889 4682; x_wconf 91' lang='lat' dir='ltr'><strong>porro</strong></span> <span class='ocrx_word' id='word_1_575' title='bbox 922 4613 1236 4681; x_wconf 89' lang='lat' dir='ltr'><strong>prophetice</strong></span> <span class='ocrx_word' id='word_1_576' title='bbox 1263 4629 1292 4667; x_wconf 92' lang='lat' dir='ltr'><strong>a</strong></span> <span class='ocrx_word' id='word_1_577' title='bbox 1330 4612 1640 4669; x_wconf 90' lang='lat' dir='ltr'><strong>Salomone.</strong></span> <span class='ocrx_word' id='word_1_578' title='bbox 1677 4614 1829 4669; x_wconf 82' lang='lat' dir='ltr'><strong>Sicut</strong></span> <span class='ocrx_word' id='word_1_579' title='bbox 1865 4616 2032 4670; x_wconf 88' lang='lat' dir='ltr'><strong>etiam</strong></span> 
     </span>
    </p>
   </div>
   <div class='ocr_carea' id='block_1_92' title="bbox 549 4701 2027 4775">
    <p class='ocr_par' dir='ltr' id='par_1_92' title="bbox 549 4701 2027 4775">
     <span class='ocr_line' id='line_1_92' title="bbox 549 4701 2027 4775; baseline 0.001 -20"><span class='ocrx_word' id='word_1_580' title='bbox 549 4717 737 4755; x_wconf 88' lang='lat' dir='ltr'><strong>revera</strong></span> <span class='ocrx_word' id='word_1_581' title='bbox 786 4702 954 4769; x_wconf 89' lang='lat' dir='ltr'><strong>aliqui</strong></span> <span class='ocrx_word' id='word_1_582' title='bbox 1001 4702 1198 4770; x_wconf 90' lang='lat' dir='ltr'><strong>psalmi</strong></span> <span class='ocrx_word' id='word_1_583' title='bbox 1255 4701 1533 4757; x_wconf 77' lang='lat' dir='ltr'><strong>Zacharia:</strong></span> <span class='ocrx_word' id='word_1_584' title='bbox 1587 4714 1714 4758; x_wconf 89' lang='lat' dir='ltr'><strong>sunt</strong></span> <span class='ocrx_word' id='word_1_585' title='bbox 1746 4714 1800 4759; x_wconf 88' lang='lat' dir='ltr'><strong>et</strong></span> <span class='ocrx_word' id='word_1_586' title='bbox 1827 4706 2027 4775; x_wconf 73' lang='lat' dir='ltr'><strong>Aggaei.</strong></span> 
     </span>
    </p>
   </div>
   <div class='ocr_carea' id='block_1_93' title="bbox 547 4794 2030 4867">
    <p class='ocr_par' dir='ltr' id='par_1_93' title="bbox 547 4794 2030 4867">
     <span class='ocr_line' id='line_1_93' title="bbox 547 4794 2030 4867; baseline 0.003 -20"><span class='ocrx_word' id='word_1_587' title='bbox 547 4794 747 4848; x_wconf 85' lang='lat' dir='ltr'><strong>Octava</strong></span> <span class='ocrx_word' id='word_1_588' title='bbox 786 4805 965 4847; x_wconf 87' lang='lat' dir='ltr'><strong>autem</strong></span> <span class='ocrx_word' id='word_1_589' title='bbox 994 4795 1117 4863; x_wconf 89' lang='lat' dir='ltr'><strong>jure</strong></span> <span class='ocrx_word' id='word_1_590' title='bbox 1152 4795 1486 4865; x_wconf 87' lang='lat' dir='ltr'><strong>intelligatur</strong></span> <span class='ocrx_word' id='word_1_591' title='bbox 1529 4812 1651 4852; x_wconf 88' lang='lat' dir='ltr'><strong>esse</strong></span> <span class='ocrx_word' id='word_1_592' title='bbox 1702 4798 2030 4867; x_wconf 91' lang='lat' dir='ltr'><strong>principium</strong></span> 
     </span>
    </p>
   </div>
   <div class='ocr_carea' id='block_1_94' title="bbox 546 4883 1081 4940">
    <p class='ocr_par' dir='ltr' id='par_1_94' title="bbox 546 4883 1081 4940">
     <span class='ocr_line' id='line_1_94' title="bbox 546 4883 1081 4940; baseline 0.004 -2"><span class='ocrx_word' id='word_1_593' title='bbox 546 4883 683 4938; x_wconf 88' lang='lat' dir='ltr'><strong>Novi</strong></span> <span class='ocrx_word' id='word_1_594' title='bbox 726 4883 1081 4940; x_wconf 88' lang='lat' dir='ltr'><strong>Testamenti.</strong></span> 
     </span>
    </p>
   </div>
   <div class='ocr_carea' id='block_1_95' title="bbox 534 4974 2035 5048">
    <p class='ocr_par' dir='ltr' id='par_1_95' title="bbox 534 4974 2035 5048">
     <span class='ocr_line' id='line_1_95' title="bbox 534 4974 2035 5048; baseline 0.006 -19"><span class='ocrx_word' id='word_1_595' title='bbox 534 4977 587 5029; x_wconf 79' lang='grc'>1.</span> <span class='ocrx_word' id='word_1_596' title='bbox 651 4974 774 5029; x_wconf 88' lang='lat' dir='ltr'><strong>Nisi</strong></span> <span class='ocrx_word' id='word_1_597' title='bbox 828 4977 1083 5030; x_wconf 87' lang='lat' dir='ltr'><strong>Dominus</strong></span> <span class='ocrx_word' id='word_1_598' title='bbox 1117 4980 1457 5048; x_wconf 59' lang='lat' dir='ltr'><strong>aediﬁcaverit</strong></span> <span class='ocrx_word' id='word_1_599' title='bbox 1491 4980 1727 5044; x_wconf 90' lang='lat' dir='ltr'><strong>domum,</strong></span> <span class='ocrx_word' id='word_1_600' title='bbox 1762 4983 1816 5035; x_wconf 88' lang='lat' dir='ltr'><strong>in</strong></span> <span class='ocrx_word' id='word_1_601' title='bbox 1840 5000 2035 5037; x_wconf 89' lang='lat' dir='ltr'><strong>vanum</strong></span> 
     </span>
    </p>
   </div>
   <div class='ocr_carea' id='block_1_96' title="bbox 464 5070 2035 5142">
    <p class='ocr_par' dir='ltr' id='par_1_96' title="bbox 464 5070 2035 5142">
     <span class='ocr_line' id='line_1_96' title="bbox 464 5070 2035 5142; baseline 0.006 -21"><span class='ocrx_word' id='word_1_602' title='bbox 464 5070 832 5123; x_wconf 84' lang='lat' dir='ltr'><strong>laboraverunt</strong></span> <span class='ocrx_word' id='word_1_603' title='bbox 857 5070 945 5137; x_wconf 88' lang='lat' dir='ltr'><strong>qui</strong></span> <span class='ocrx_word' id='word_1_604' title='bbox 984 5070 1251 5136; x_wconf 67' lang='lat' dir='ltr'><strong>azdiﬁcant</strong></span> <span class='ocrx_word' id='word_1_605' title='bbox 1280 5089 1414 5125; x_wconf 90' lang='lat' dir='ltr'><strong>eam.</strong></span> <span class='ocrx_word' id='word_1_606' title='bbox 1452 5071 1576 5126; x_wconf 69' lang='lat' dir='ltr'><strong>Haec</strong></span> <span class='ocrx_word' id='word_1_607' title='bbox 1606 5070 1808 5129; x_wconf 75' lang='lat' dir='ltr'><strong>Judzeis</strong></span> <span class='ocrx_word' id='word_1_608' title='bbox 1840 5077 1937 5142; x_wconf 89' lang='lat' dir='ltr'><strong>ait,</strong></span> <span class='ocrx_word' id='word_1_609' title='bbox 1968 5076 2035 5131; x_wconf 88' lang='lat' dir='ltr'><strong>de</strong></span> 
     </span>
    </p>
   </div>
   <div class='ocr_carea' id='block_1_97' title="bbox 464 5162 1625 5220">
    <p class='ocr_par' dir='ltr' id='par_1_97' title="bbox 464 5162 1625 5220">
     <span class='ocr_line' id='line_1_97' title="bbox 464 5162 1625 5220; baseline 0.004 -5"><span class='ocrx_word' id='word_1_610' title='bbox 464 5162 719 5217; x_wconf 76' lang='lat' dir='ltr'><strong>ﬁrmitate</strong></span> <span class='ocrx_word' id='word_1_611' title='bbox 747 5162 960 5216; x_wconf 73' lang='lat' dir='ltr'><strong>aedilicii</strong></span> <span class='ocrx_word' id='word_1_612' title='bbox 990 5163 1074 5217; x_wconf 90' lang='lat' dir='ltr'><strong>sui</strong></span> <span class='ocrx_word' id='word_1_613' title='bbox 1104 5163 1209 5216; x_wconf 89' lang='lat' dir='ltr'><strong>alte</strong></span> <span class='ocrx_word' id='word_1_614' title='bbox 1246 5166 1625 5220; x_wconf 88' lang='lat' dir='ltr'><strong>sentientibus.</strong></span> 
     </span>
    </p>
   </div>
   <div class='ocr_carea' id='block_1_98' title="bbox 533 5338 2029 5406">
    <p class='ocr_par' dir='ltr' id='par_1_98' title="bbox 533 5338 2029 5406">
     <span class='ocr_line' id='line_1_98' title="bbox 533 5338 2029 5406; baseline 0.005 -13"><span class='ocrx_word' id='word_1_615' title='bbox 533 5339 587 5393; x_wconf 78' lang='lat'><strong>5.</strong></span> <span class='ocrx_word' id='word_1_616' title='bbox 617 5338 749 5394; x_wconf 89' lang='lat' dir='ltr'><strong>Cum</strong></span> <span class='ocrx_word' id='word_1_617' title='bbox 773 5340 975 5393; x_wconf 86' lang='lat' dir='ltr'><strong>dederit</strong></span> <span class='ocrx_word' id='word_1_618' title='bbox 993 5340 1200 5394; x_wconf 82' lang='lat' dir='ltr'><strong>dilectis</strong></span> <span class='ocrx_word' id='word_1_619' title='bbox 1216 5342 1323 5394; x_wconf 83' lang='lat' dir='ltr'><strong>suis</strong></span> <span class='ocrx_word' id='word_1_620' title='bbox 1341 5359 1599 5406; x_wconf 89' lang='lat' dir='ltr'><strong>somnum,</strong></span> <span class='ocrx_word' id='word_1_621' title='bbox 1620 5362 1731 5398; x_wconf 86' lang='lat' dir='ltr'><strong>ecce</strong></span> <span class='ocrx_word' id='word_1_622' title='bbox 1748 5346 2029 5400; x_wconf 73' lang='lat' dir='ltr'><strong>hcereditas</strong></span> 
     </span>
    </p>
   </div>
   <div class='ocr_carea' id='block_1_99' title="bbox 465 5430 2028 5507">
    <p class='ocr_par' dir='ltr' id='par_1_99' title="bbox 465 5430 2028 5507">
     <span class='ocr_line' id='line_1_99' title="bbox 465 5430 2028 5507; baseline 0.005 -23"><span class='ocrx_word' id='word_1_623' title='bbox 465 5430 700 5496; x_wconf 87' lang='lat' dir='ltr'><strong>Domini,</strong></span> <span class='ocrx_word' id='word_1_624' title='bbox 731 5431 853 5499; x_wconf 84' lang='lat' dir='ltr'><strong>ﬁlii.</strong></span> <span class='ocrx_word' id='word_1_625' title='bbox 886 5431 1003 5485; x_wconf 87' lang='lat' dir='ltr'><strong>Alte</strong></span> <span class='ocrx_word' id='word_1_626' title='bbox 1032 5433 1097 5486; x_wconf 92' lang='lat' dir='ltr'><strong>dc</strong></span> <span class='ocrx_word' id='word_1_627' title='bbox 1140 5435 1340 5503; x_wconf 92' lang='lat' dir='ltr'><strong>tcmplo</strong></span> <span class='ocrx_word' id='word_1_628' title='bbox 1372 5436 1535 5489; x_wconf 80' lang='lat' dir='ltr'><strong>nolite</strong></span> <span class='ocrx_word' id='word_1_629' title='bbox 1573 5436 1792 5503; x_wconf 88' lang='lat' dir='ltr'><strong>sentire,</strong></span> <span class='ocrx_word' id='word_1_630' title='bbox 1834 5438 2028 5507; x_wconf 88' lang='lat' dir='ltr'><strong>inquit,</strong></span> 
     </span>
    </p>
   </div>
   <div class='ocr_carea' id='block_1_100' title="bbox 466 5522 2028 5591">
    <p class='ocr_par' dir='ltr' id='par_1_100' title="bbox 466 5522 2028 5591">
     <span class='ocr_line' id='line_1_100' title="bbox 466 5522 2028 5591; baseline 0.006 -17"><span class='ocrx_word' id='word_1_631' title='bbox 466 5522 623 5590; x_wconf 90' lang='lat' dir='ltr'><strong>quasi</strong></span> <span class='ocrx_word' id='word_1_632' title='bbox 658 5522 712 5575; x_wconf 89' lang='lat' dir='ltr'><strong>in</strong></span> <span class='ocrx_word' id='word_1_633' title='bbox 748 5522 839 5577; x_wconf 90' lang='lat' dir='ltr'><strong>illo</strong></span> <span class='ocrx_word' id='word_1_634' title='bbox 868 5524 1024 5578; x_wconf 88' lang='lat' dir='ltr'><strong>vobis</strong></span> <span class='ocrx_word' id='word_1_635' title='bbox 1066 5526 1351 5580; x_wconf 67' lang='lat' dir='ltr'><strong>hmreditas</strong></span> <span class='ocrx_word' id='word_1_636' title='bbox 1402 5527 1543 5591; x_wconf 55' lang='lat' dir='ltr'><strong>dataj</strong></span> <span class='ocrx_word' id='word_1_637' title='bbox 1581 5528 1669 5581; x_wconf 90' lang='lat' dir='ltr'><strong>sit.</strong></span> <span class='ocrx_word' id='word_1_638' title='bbox 1718 5528 1918 5583; x_wconf 88' lang='lat' dir='ltr'><strong>Verum</strong></span> <span class='ocrx_word' id='word_1_639' title='bbox 1966 5545 2028 5584; x_wconf 87' lang='lat' dir='ltr'><strong>ea</strong></span> 
     </span>
    </p>
   </div>
   <div class='ocr_carea' id='block_1_101' title="bbox 547 5714 1517 5788">
    <p class='ocr_par' dir='ltr' id='par_1_101' title="bbox 547 5714 1517 5788">
     <span class='ocr_line' id='line_1_101' title="bbox 547 5714 1517 5788; baseline 0.005 -20"><span class='ocrx_word' id='word_1_640' title='bbox 547 5714 592 5745; x_wconf 82' lang='grc'><strong>⁸³</strong></span> <span class='ocrx_word' id='word_1_641' title='bbox 642 5714 793 5771; x_wconf 81' lang='lat' dir='ltr'><strong>Vers.</strong></span> <span class='ocrx_word' id='word_1_642' title='bbox 830 5719 881 5773; x_wconf 86' lang='grc'><strong>’5.</strong></span> <span class='ocrx_word' id='word_1_643' title='bbox 965 5721 1007 5750; x_wconf 84' lang='grc'><strong>⁸³</strong></span> <span class='ocrx_word' id='word_1_644' title='bbox 1060 5718 1292 5788; x_wconf 83' lang='lat' dir='ltr'><strong>Philipp.</strong></span> <span class='ocrx_word' id='word_1_645' title='bbox 1358 5738 1429 5784; x_wconf 77' lang='lat' dir='ltr'><strong>iv,</strong></span> <span class='ocrx_word' id='word_1_646' title='bbox 1468 5726 1517 5773; x_wconf 83' lang='lat'><strong>7.</strong></span> 
     </span>
    </p>
   </div>
   <div class='ocr_carea' id='block_1_102' title="bbox 2207 4521 3712 4593">
    <p class='ocr_par' dir='ltr' id='par_1_102' title="bbox 2207 4521 3712 4593">
     <span class='ocr_line' id='line_1_102' title="bbox 2207 4521 3712 4593; baseline 0 -18"><span class='ocrx_word' id='word_1_647' title='bbox 2207 4522 2328 4592; x_wconf 81' lang='grc' dir='ltr'>χῆς.</span> <span class='ocrx_word' id='word_1_648' title='bbox 2378 4524 2645 4576; x_wconf 83' lang='grc' dir='ltr'>Συνάπτει</span> <span class='ocrx_word' id='word_1_649' title='bbox 2673 4522 2730 4575; x_wconf 81' lang='grc' dir='ltr'><strong>δὲ</strong></span> <span class='ocrx_word' id='word_1_650' title='bbox 2777 4523 2870 4575; x_wconf 77' lang='grc' dir='ltr'><strong>καὶ</strong></span> <span class='ocrx_word' id='word_1_651' title='bbox 2915 4522 3247 4592; x_wconf 80' lang='grc' dir='ltr'>προφητείαν</span> <span class='ocrx_word' id='word_1_652' title='bbox 3290 4522 3545 4591; x_wconf 76' lang='grc' dir='ltr'>περὶτῆς</span> <span class='ocrx_word' id='word_1_653' title='bbox 3577 4521 3712 4593; x_wconf 67' lang='grc' dir='ltr'>Χρι-</span> 
     </span>
    </p>
   </div>
   <div class='ocr_carea' id='block_1_103' title="bbox 2210 4614 3711 4686">
    <p class='ocr_par' dir='ltr' id='par_1_103' title="bbox 2210 4614 3711 4686">
     <span class='ocr_line' id='line_1_103' title="bbox 2210 4614 3711 4686; baseline 0.001 -20"><span class='ocrx_word' id='word_1_654' title='bbox 2210 4614 2335 4667; x_wconf 90' lang='grc' dir='ltr'>στοῦ</span> <span class='ocrx_word' id='word_1_655' title='bbox 2376 4616 2717 4685; x_wconf 86' lang='grc' dir='ltr'>Ἑκκλησίας·</span> <span class='ocrx_word' id='word_1_656' title='bbox 2759 4616 2977 4686; x_wconf 71' lang='grc' dir='ltr'>’ᾼδεται</span> <span class='ocrx_word' id='word_1_657' title='bbox 3006 4616 3062 4667; x_wconf 80' lang='grc' dir='ltr'><strong>δὲ</strong></span> <span class='ocrx_word' id='word_1_658' title='bbox 3094 4614 3446 4685; x_wconf 85' lang='grc' dir='ltr'>προφητικῶς</span> <span class='ocrx_word' id='word_1_659' title='bbox 3472 4614 3579 4666; x_wconf 82' lang='grc' dir='ltr'>ὑπὸ</span> <span class='ocrx_word' id='word_1_660' title='bbox 3615 4615 3711 4667; x_wconf 88' lang='grc' dir='ltr'><strong>τοῦ</strong></span> 
     </span>
    </p>
   </div>
   <div class='ocr_carea' id='block_1_104' title="bbox 2207 4706 3712 4778">
    <p class='ocr_par' dir='ltr' id='par_1_104' title="bbox 2207 4706 3712 4778">
     <span class='ocr_line' id='line_1_104' title="bbox 2207 4706 3712 4778; baseline 0.001 -21"><span class='ocrx_word' id='word_1_661' title='bbox 2207 4707 2542 4776; x_wconf 71' lang='grc' dir='ltr'>Σολομῶνοςο</span> <span class='ocrx_word' id='word_1_662' title='bbox 2598 4708 2849 4778; x_wconf 85' lang='grc' dir='ltr'>καθάπερ</span> <span class='ocrx_word' id='word_1_663' title='bbox 2909 4707 3097 4777; x_wconf 78' lang='grc' dir='ltr'>ἀμέλει</span> <span class='ocrx_word' id='word_1_664' title='bbox 3144 4706 3238 4759; x_wconf 77' lang='grc' dir='ltr'>καὶ</span> <span class='ocrx_word' id='word_1_665' title='bbox 3282 4706 3549 4775; x_wconf 87' lang='grc' dir='ltr'>Ζαχαρίου</span> <span class='ocrx_word' id='word_1_666' title='bbox 3606 4707 3712 4758; x_wconf 76' lang='grc' dir='ltr'>εἰσὶ</span> 
     </span>
    </p>
   </div>
   <div class='ocr_carea' id='block_1_105' title="bbox 2206 4795 3712 4867">
    <p class='ocr_par' dir='ltr' id='par_1_105' title="bbox 2206 4795 3712 4867">
     <span class='ocr_line' id='line_1_105' title="bbox 2206 4795 3712 4867; baseline -0.001 -18"><span class='ocrx_word' id='word_1_667' title='bbox 2206 4796 2411 4865; x_wconf 73' lang='grc' dir='ltr'>ψαλμοὶ</span> <span class='ocrx_word' id='word_1_668' title='bbox 2436 4799 2525 4849; x_wconf 67' lang='grc' dir='ltr'><strong>καὶ¹</strong></span> <span class='ocrx_word' id='word_1_669' title='bbox 2564 4798 2837 4865; x_wconf 85' lang='grc' dir='ltr'>Ἀγγαίου.</span> <span class='ocrx_word' id='word_1_670' title='bbox 2912 4798 2978 4849; x_wconf 85' lang='grc' dir='ltr'><strong>Ἠ</strong></span> <span class='ocrx_word' id='word_1_671' title='bbox 3008 4797 3065 4849; x_wconf 82' lang='grc' dir='ltr'>δὲ</span> <span class='ocrx_word' id='word_1_672' title='bbox 3108 4795 3266 4866; x_wconf 86' lang='grc' dir='ltr'>ὀγδόη</span> <span class='ocrx_word' id='word_1_673' title='bbox 3313 4796 3541 4858; x_wconf 77' lang='grc' dir='ltr'>εἰκότως</span> <span class='ocrx_word' id='word_1_674' title='bbox 3569 4796 3712 4867; x_wconf 80' lang='grc' dir='ltr'><strong>ἀρχὴ</strong></span> 
     </span>
    </p>
   </div>
   <div class='ocr_carea' id='block_1_106' title="bbox 2206 4889 2794 4961">
    <p class='ocr_par' dir='ltr' id='par_1_106' title="bbox 2206 4889 2794 4961">
     <span class='ocr_line' id='line_1_106' title="bbox 2206 4889 2794 4961; baseline 0.003 -20"><span class='ocrx_word' id='word_1_675' title='bbox 2206 4890 2305 4959; x_wconf 83' lang='grc' dir='ltr'><strong>τῆς</strong></span> <span class='ocrx_word' id='word_1_676' title='bbox 2334 4889 2478 4952; x_wconf 87' lang='grc' dir='ltr'>Νέας</span> <span class='ocrx_word' id='word_1_677' title='bbox 2505 4890 2794 4961; x_wconf 83' lang='grc' dir='ltr'>Διαθὴκης.</span> 
     </span>
    </p>
   </div>
   <div class='ocr_carea' id='block_1_107' title="bbox 2217 4977 3714 5050">
    <p class='ocr_par' dir='ltr' id='par_1_107' title="bbox 2217 4977 3714 5050">
     <span class='ocr_line' id='line_1_107' title="bbox 2217 4977 3714 5050; baseline -0.001 -17"><span class='ocrx_word' id='word_1_678' title='bbox 2217 4980 2357 5033; x_wconf 88' lang='grc' dir='ltr'><strong>Ἐὰν</strong></span> <span class='ocrx_word' id='word_1_679' title='bbox 2383 4980 2469 5049; x_wconf 82' lang='grc' dir='ltr'>μὴ</span> <span class='ocrx_word' id='word_1_680' title='bbox 2505 4984 2717 5049; x_wconf 78' lang='grc' dir='ltr'>Κύριος</span> <span class='ocrx_word' id='word_1_681' title='bbox 2745 4979 3112 5050; x_wconf 77' lang='grc' dir='ltr'>οὶκοδομήσῃ</span> <span class='ocrx_word' id='word_1_682' title='bbox 3145 4977 3344 5045; x_wconf 71' lang='grc' dir='ltr'>οἶκον,</span> <span class='ocrx_word' id='word_1_683' title='bbox 3376 4982 3463 5045; x_wconf 82' lang='grc' dir='ltr'>εις</span> <span class='ocrx_word' id='word_1_684' title='bbox 3509 4980 3714 5048; x_wconf 80' lang='grc' dir='ltr'>μάτην</span> 
     </span>
    </p>
   </div>
   <div class='ocr_carea' id='block_1_108' title="bbox 2130 5070 3711 5142">
    <p class='ocr_par' dir='ltr' id='par_1_108' title="bbox 2130 5070 3711 5142">
     <span class='ocr_line' id='line_1_108' title="bbox 2130 5070 3711 5142; baseline -0.001 -19"><span class='ocrx_word' id='word_1_685' title='bbox 2130 5070 2463 5127; x_wconf 82' lang='grc' dir='ltr'>ὲκοπίιισαν</span> <span class='ocrx_word' id='word_1_686' title='bbox 2490 5076 2542 5125; x_wconf 83' lang='grc' dir='ltr'>οἱ</span> <span class='ocrx_word' id='word_1_687' title='bbox 2572 5072 3038 5141; x_wconf 74' lang='grc' dir='ltr'>οἰκοδομοῦντες.</span> <span class='ocrx_word' id='word_1_688' title='bbox 3070 5072 3153 5135; x_wconf 84' lang='grc' dir='ltr'>Ὠς</span> <span class='ocrx_word' id='word_1_689' title='bbox 3188 5072 3325 5142; x_wconf 86' lang='grc' dir='ltr'>μέγα</span> <span class='ocrx_word' id='word_1_690' title='bbox 3372 5071 3711 5140; x_wconf 82' lang='grc' dir='ltr'>φρονούντων</span> 
     </span>
    </p>
   </div>
   <div class='ocr_carea' id='block_1_109' title="bbox 2130 5162 3712 5235">
    <p class='ocr_par' dir='ltr' id='par_1_109' title="bbox 2130 5162 3712 5235">
     <span class='ocr_line' id='line_1_109' title="bbox 2130 5162 3712 5235; baseline 0 -21"><span class='ocrx_word' id='word_1_691' title='bbox 2130 5162 2237 5214; x_wconf 87' lang='grc' dir='ltr'><strong>τῶν</strong></span> <span class='ocrx_word' id='word_1_692' title='bbox 2280 5164 2546 5216; x_wconf 86' lang='grc' dir='ltr'>Ἰουδαίων</span> <span class='ocrx_word' id='word_1_693' title='bbox 2607 5164 2697 5215; x_wconf 74' lang='grc' dir='ltr'>ἐπὶ</span> <span class='ocrx_word' id='word_1_694' title='bbox 2736 5164 2815 5233; x_wconf 82' lang='grc' dir='ltr'>τῷ</span> <span class='ocrx_word' id='word_1_695' title='bbox 2856 5163 3059 5235; x_wconf 87' lang='grc' dir='ltr'>στερεῷ</span> <span class='ocrx_word' id='word_1_696' title='bbox 3109 5164 3209 5233; x_wconf 80' lang='grc' dir='ltr'>τῆς</span> <span class='ocrx_word' id='word_1_697' title='bbox 3261 5162 3582 5232; x_wconf 72' lang='grc' dir='ltr'>οἰκοδομῆς,</span> <span class='ocrx_word' id='word_1_698' title='bbox 3644 5162 3712 5214; x_wconf 79' lang='grc' dir='ltr'><strong>τά</strong></span> 
     </span>
    </p>
   </div>
   <div class='ocr_carea' id='block_1_110' title="bbox 2130 5251 2551 5321">
    <p class='ocr_par' dir='ltr' id='par_1_110' title="bbox 2130 5251 2551 5321">
     <span class='ocr_line' id='line_1_110' title="bbox 2130 5251 2551 5321; baseline 0.005 -18"><span class='ocrx_word' id='word_1_699' title='bbox 2130 5251 2349 5305; x_wconf 87' lang='grc' dir='ltr'>τοιαῦτά</span> <span class='ocrx_word' id='word_1_700' title='bbox 2370 5270 2551 5321; x_wconf 85' lang='grc' dir='ltr'>φησιν.</span> 
     </span>
    </p>
   </div>
   <div class='ocr_carea' id='block_1_111' title="bbox 2211 5340 3709 5413">
    <p class='ocr_par' dir='ltr' id='par_1_111' title="bbox 2211 5340 3709 5413">
     <span class='ocr_line' id='line_1_111' title="bbox 2211 5340 3709 5413; baseline 0.001 -20"><span class='ocrx_word' id='word_1_701' title='bbox 2211 5343 2394 5394; x_wconf 84' lang='grc' dir='ltr'>’Ὅταν</span> <span class='ocrx_word' id='word_1_702' title='bbox 2428 5342 2511 5407; x_wconf 82' lang='grc' dir='ltr'>δῷ</span> <span class='ocrx_word' id='word_1_703' title='bbox 2545 5343 2667 5407; x_wconf 84' lang='grc' dir='ltr'>τοῖς</span> <span class='ocrx_word' id='word_1_704' title='bbox 2716 5344 3040 5413; x_wconf 69' lang='grc' dir='ltr'>ἀγαπητοῖς</span> <span class='ocrx_word' id='word_1_705' title='bbox 3076 5344 3264 5399; x_wconf 80' lang='grc' dir='ltr'>αὑτοῦ</span> <span class='ocrx_word' id='word_1_706' title='bbox 3314 5343 3533 5407; x_wconf 79' lang='grc' dir='ltr'>ῦπνον,</span> <span class='ocrx_word' id='word_1_707' title='bbox 3581 5340 3709 5395; x_wconf 72' lang='grc' dir='ltr'>ἰδοὺ</span> 
     </span>
    </p>
   </div>
   <div class='ocr_carea' id='block_1_112' title="bbox 2138 5435 3707 5505">
    <p class='ocr_par' dir='ltr' id='par_1_112' title="bbox 2138 5435 3707 5505">
     <span class='ocr_line' id='line_1_112' title="bbox 2138 5435 3707 5505; baseline -0.001 -18"><span class='ocrx_word' id='word_1_708' title='bbox 2138 5435 2177 5501; x_wconf 79' lang='grc' dir='ltr'>ἡ</span> <span class='ocrx_word' id='word_1_709' title='bbox 2206 5435 2568 5502; x_wconf 72' lang='grc' dir='ltr'>κληρονομία</span> <span class='ocrx_word' id='word_1_710' title='bbox 2616 5437 2836 5502; x_wconf 84' lang='grc' dir='ltr'>Κυρίου</span> <span class='ocrx_word' id='word_1_711' title='bbox 2864 5475 2878 5496; x_wconf 86' lang='grc'><strong>,</strong></span> <span class='ocrx_word' id='word_1_712' title='bbox 2933 5437 3070 5489; x_wconf 77' lang='grc' dir='ltr'>υἱοί.</span> <span class='ocrx_word' id='word_1_713' title='bbox 3120 5436 3209 5505; x_wconf 82' lang='grc' dir='ltr'><strong>Μὴ</strong></span> <span class='ocrx_word' id='word_1_714' title='bbox 3248 5435 3387 5505; x_wconf 87' lang='grc' dir='ltr'>μέγα</span> <span class='ocrx_word' id='word_1_715' title='bbox 3437 5437 3707 5503; x_wconf 85' lang='grc' dir='ltr'>φρονεῖτε,</span> 
     </span>
    </p>
   </div>
   <div class='ocr_carea' id='block_1_113' title="bbox 2140 5526 3713 5599">
    <p class='ocr_par' dir='ltr' id='par_1_113' title="bbox 2140 5526 3713 5599">
     <span class='ocr_line' id='line_1_113' title="bbox 2140 5526 3713 5599; baseline 0.001 -21"><span class='ocrx_word' id='word_1_716' title='bbox 2140 5526 2304 5595; x_wconf 74' lang='grc' dir='ltr'>φησὶν</span> <span class='ocrx_word' id='word_1_717' title='bbox 2329 5567 2341 5589; x_wconf 91' lang='grc'><strong>,</strong></span> <span class='ocrx_word' id='word_1_718' title='bbox 2372 5528 2465 5579; x_wconf 73' lang='grc' dir='ltr'>ἐπὶ</span> <span class='ocrx_word' id='word_1_719' title='bbox 2510 5526 2587 5597; x_wconf 82' lang='grc' dir='ltr'>τῷ</span> <span class='ocrx_word' id='word_1_720' title='bbox 2621 5527 2752 5597; x_wconf 83' lang='grc' dir='ltr'>ίερῷ</span> <span class='ocrx_word' id='word_1_721' title='bbox 2776 5567 2789 5591; x_wconf 91' lang='grc'><strong>,</strong></span> <span class='ocrx_word' id='word_1_722' title='bbox 2828 5528 2903 5590; x_wconf 85' lang='grc' dir='ltr'>ὠς</span> <span class='ocrx_word' id='word_1_723' title='bbox 2950 5529 3005 5581; x_wconf 85' lang='grc' dir='ltr'><strong>ὲν</strong></span> <span class='ocrx_word' id='word_1_724' title='bbox 3034 5527 3180 5597; x_wconf 81' lang='grc' dir='ltr'>αὐτῷ</span> <span class='ocrx_word' id='word_1_725' title='bbox 3212 5527 3308 5597; x_wconf 86' lang='grc' dir='ltr'><strong>τῆς</strong></span> <span class='ocrx_word' id='word_1_726' title='bbox 3345 5527 3713 5599; x_wconf 76' lang='grc' dir='ltr'>κληρονομίας</span> 
     </span>
    </p>
   </div>
  </div>
