3880 6216
157 313 274 368 ’317

1270 310 1638 368 EXPOSITIO
1673 309 1740 364 IN
1781 311 2118 367 PSALMUM
2159 311 2396 366 CXXIX.

3332 310 3436 363 5|8

167 429 325 502 ὑμῶν
345 427 652 499 διδομένης.
690 428 762 481 Οὐ
798 428 905 500 γάρ
929 430 1074 482 ἐστιν
1106 428 1263 501 αὕτη.
1315 430 1455 483 Ἀλλ’
1478 432 1605 484 ὃταν
1625 432 1750 484 ἀνα-

1879 431 2145 485 ιωτεάίιοε
2190 445 2315 484 vere
2345 445 2452 483 non
2499 439 2601 484 est.
2642 430 2712 481 At
2758 443 2881 482 cum
2915 428 3143 483 dilectos
3187 441 3318 481 suos
3368 441 3436 479 ex

167 521 353 592 παύσῃ
404 523 528 584 τοὺς
581 522 966 592 ήγαπημένους
1019 520 1183 574 αὑτοῦ
1239 524 1305 575 ἐκ
1337 521 1431 576 τοῦ
1486 523 1752 595 προτέρου

165 611 340 678 λαοῦ,
389 612 636 665 τουτέστι
686 613 811 674 τοὺς
864 613 1183 684 προφήτας·
1220 614 1339 666 τότε
1387 617 1498 676 τοῖς
1543 615 1752 668 ἐκείνου

165 702 309 756 υἱέσι
343 703 442 772 τὴν
472 703 837 773 κληρονομίαν
863 701 1041 757 δώσει.
1103 703 1259 766 Τίνες
1281 703 1324 755 δ’
1347 701 1413 756 ἂν
1448 701 1555 756 εἶεν
1605 699 1750 757 οὗτοι

163 793 198 864 ἢ
231 796 285 847 οἱ
317 793 596 865 μαθηταί;
634 793 844 864 (ϐοτά.)
891 796 953 847 Ἡ
987 795 1097 865 γὰρ
1127 795 1246 848 θεία
1301 797 1623 866 ὑπόσχεσις,
1655 797 1750 850 καὶ

164 888 198 956 ἡ
223 887 354 956 περὶ
378 888 504 949 τοὺς
535 886 727 948 παῖδας
757 886 996 954 εὐλογία,
1030 887 1278 959 καθάπερ
1306 906 1388 950 τις
1420 888 1606 959 μισθὸς
1639 891 1750 951 τοῖς

164 977 254 1028 ἐπ’
292 977 454 1031 αὐτὸν
486 977 741 1047 ὴλπικόσι
773 977 1091 1049 δεδώρηται.
1135 980 1197 1032 Ὀ
1220 981 1438 1049 μισθὸς
1469 981 1576 1034 τοῦ
1615 998 1751 1048 καρ-

164 1067 287 1120 ⁶τεοῦ
337 1067 450 1136 τῆς
489 1070 770 1136 γαστρός.
839 1069 898 1120 '0
927 1069 1138 1138 καρπὸς
1167 1069 1267 1139 τῆς
1294 1071 1530 1142 γαστρὸς
1561 1071 1644 1143 εἴη
1683 1073 1750 1126 ἂν

164 1160 198 1228 ἡ
236 1160 482 1230 σωτηρία
535 1159 630 1212 τοῦ
666 1159 995 1230 πνεύματος,
1019 1160 1161 1213 κατὰ
1197 1161 1286 1213 τό·
1355 1161 1750 1231 Ὠδινήσαμεν

163 1249 264 1302 καὶ
311 1249 594 1319 ἐτέκομεν
624 1251 859 1318 πνεῦμα
905 1252 1204 1318 σωτηρίας
1227 1289 1242 1314 ,
1303 1250 1334 1303 ὃ
1376 1252 1751 1321 ἐποιήσαμεν

1857 522 2039 589 priore
2072 521 2272 590 populo
2305 520 2646 589 requiescere
2676 517 2884 586 fecerit,
2915 519 2968 573 id
2994 528 3076 572 est
3107 517 3428 586 prophetas,

1859 623 1990 668 tunc
2040 615 2168 668 ﬁliis
2230 613 2346 668 suis
2393 612 2761 666 haereditatem
2812 613 3041 666 daturus
3085 619 3189 666 est.
3234 608 3438 678 Ecqui-

1856 721 1982 759 nam
2042 707 2077 758 ii
2103 704 2326 769 fuerint,
2357 704 2462 758 nisi
2496 702 2796 773 discipuli?
2831 703 3043 774 (Cord.)
3072 701 3207 755 Nam
3251 701 3436 754 divina

1856 796 2177 866 promissio,
2215 806 2270 850 et
2319 811 2616 865 puerorum
2668 796 2993 861 benedictio,
3054 810 3154 848 ceu
3187 793 3434 861 quaedam

1857 902 2069 942 merces
2099 887 2451 956 sperantibus
2491 887 2545 939 in
2595 901 2720 940 eum
2763 887 2887 940 data
2917 894 3020 940 est.
3072 884 3271 937 Merces
3321 882 3438 951 fru-

1857 989 1970 1033 ctus
2008 980 2220 1033 ventris.
2286 977 2521 1034 Fructus
2576 979 2783 1033 ventris
2833 987 2915 1033 est
2977 977 3128 1032 salus
3182 975 3435 1044 spiritus,

1851 1073 2008 1142 juxta
2058 1072 2236 1126 illud:
2290 1071 2683 1125 Parturivimus
2745 1079 2792 1124 et
2843 1072 3137 1140 peperimus
3189 1067 3436 1136 spiritum

1855 1164 2070 1229 salutis,
2112 1179 2263 1233 quem
2320 1163 2538 1231 fecimus
2570 1163 2626 1214 in
2661 1172 2801 1215 terra
2836 1162 2900 1214 ⁸³.
2938 1159 3176 1228 llujusce
3223 1158 3437 1210 fructus

1857 1271 2089 1319 merces,
2118 1265 2176 1309 ut
2200 1261 2255 1309 et
2284 1255 2577 1308 baereditas
2605 1255 2845 1317 dabitur,
2887 1253 3098 1308 scilicet
3119 1248 3361 1318 adoptio.

161 1336 263 1391 ἐπὶ
296 1337 408 1407 τῆς
433 1338 565 1410 γῆς.
616 1340 818 1394 Τούτου
853 1338 942 1392 τοῦ
973 1340 1187 1410 καρποῦ
1225 1340 1414 1411 μισθὸς
1438 1340 1627 1412 ὥσπερ
1652 1343 1746 1394 καὶ
1778 1344 2112 1416 κληρονομία
2139 1345 2478 1415 δοθήσεταιὴ
2512 1345 2769 1398 υἱοθεσία.

247 1429 412 1484 Ὠσεὶ
461 1431 620 1500 ,ϐέλη
672 1433 743 1485 ἐν
793 1435 943 1503 χειρὶ
991 1435 1287 1499 δυνατοῦ,
1320 1434 1507 1499 οὕτως
1550 1437 1601 1487 οἱ
1627 1435 1743 1487 υἱοὶ

163 1519 287 1572 τῶν
319 1521 843 1591 ἐκτετιναγιμένων.
883 1525 1396 1596 Ἐκτετιναγμένους
1426 1527 1550 1590 τοὺς
1577 1527 1750 1597 ἀττορ-

165 1614 429 1682 ριφέντας
454 1617 586 1685 φησὶ
608 1617 700 1670 τοῦ
735 1617 1000 1690 προτέρου
1021 1617 1151 1670 λαοῦ
1179 1635 1192 1647 ·
1222 1611 1296 1672 ὧν
1327 1620 1376 1670 οἱ
1415 1620 1522 1671 υἱοὶ
1545 1659 1559 1682 ,
1595 1635 1751 1671 τουτ-
1789 1670 1799 1680 ,

161 1705 315 1758 ἐστιν
344 1707 394 1758 οί
427 1709 738 1776 ἀπόστολοι,
769 1711 1025 1779 γεγόνασι
1060 1710 1186 1783 βέλη
1217 1711 1318 1764 ’τοῦ
1347 1710 1594 1765 δυνατοῦ.
1668 1711 1744 1764 Δι’

161 1798 347 1850 αὐτῶν
375 1801 472 1863 τὰς
500 1802 878 1872 ἀντικειμένας
905 1803 1163 1873 δυνάμεις
1195 1803 1602 1869 κατετόξευσεν.

234 1891 536 1960 Μακάριος
566 1893 634 1960 ὃς
658 1894 961 1962 πληρώσει
989 1895 1105 1963 τὴν
1129 1896 1446 1965 ἐπιθυμίαν
1469 1895 1654 1949 αὐτοῦ
1678 1894 1746 1960 ἐξ

161 1978 385 2032 αὐτῶν.
458 1983 546 2048 Ἐξ
582 1985 758 2036 αὐτῶν
790 1985 1084 2056 μακαρίζει
1122 1987 1247 2049 τοὺς
1281 1988 1344 2039 ὲκ
1367 1987 1464 2056 τῆς
1494 1987 1748 2040 διδασκαο

160 2070 284 2134 λίας
331 2071 872 2146 ὠφεληθησομένους.
962 2079 1044 2131 Οὐ
1099 2077 1744 2146 καταισχυνθήσονται,

159 2161 312 2212 ὅταν
365 2163 599 2219 λαλῶσι
669 2166 795 2233 τοῖς
845 2167 1079 2236 ἐχθροῖς
1126 2166 1326 2220 αὐτῶν
1377 2168 1448 2222 ἐν
1502 2168 1745 2233 πύλαις.

159 2253 364 2324 Σαφῶς
391 2255 488 2326 τὴν
514 2257 816 2327 παρουσίαν
843 2259 935 2311 τοῦ
969 2257 1319 2329 κηρύγματος
1345 2257 1514 2327 δηλοῖ.

495 2348 634 2418 ’ῼδὴ
666 2348 786 2403 τῶν
817 2348 1191 2419 ἀναϐαθμῶν.
1245 2351 1425 2403 PKZ'.

787 2445 801 2465 '
813 2446 1121 2512 Υπόθεσις.

166 2536 238 2587 'ﬂ
273 2536 470 2605 ἐννάτη
495 2534 606 2605 ᾠδὴ
642 2536 934 2607 μακαρίζει
962 2535 1054 2591 τὸν
1093 2535 1458 2606 προσελθόντα
1494 2534 1572 2605 τῷ
1599 2535 1749 2606 φόϐῳ

246 2625 340 2678 τοῦ
364 2624 522 2678 Θεοῦ.
554 2625 797 2690 Εἰκότως
816 2627 873 2680 δὲ
903 2627 1042 2699 μετὰ
1067 2627 1163 2698 τὴν
1193 2626 1460 2693 ἀνάδειξιν
1489 2629 1598 2682 τῶν
1621 2629 1749 2682 ἀπο-

244 2717 450 2772 στόλων
485 2718 778 2789 μακαρίζει
808 2721 935 2784 τοὺς
962 2720 1375 2784 πιστεύσαντας.

232 2896 522 2965 Μακάριοι
557 2897 780 2965 πάντες
805 2902 860 2954 οἱ
887 2901 1242 2971 φοϐούμενοι
1267 2902 1373 2956 τὸν
1401 2903 1638 2972 Κύριον.
1668 2903 1678 2908 ’
1757 2973 1762 2978 ἢ

247 2990 321 3041 Ἠ
340 2987 495 3056 γυνή
522 3005 639 3042 σου
664 2990 744 3054 ὡς
768 2990 1036 3059 ἄμπελος
1054 2992 1416 3059 εὐθηνοῦσα.
1445 2993 1535 3063 Τῷ
1556 2993 1749 3062 φοϐου-

153 3079 316 3149 μένῳ
339 3078 431 3132 τὸν
454 3078 660 3150 Κύριον
693 3079 863 3150 δῶρον
896 3080 1092 3134 δίδοται
1134 3082 1230 3152 οὐχ
1264 3085 1296 3152 ἡ
1320 3081 1557 3152 τυχοῦσα
1584 3084 1744 3155 γυνὴ,

1925 1439 1978 1492 4.
2045 1438 2197 1492 Sicut
2248 1439 2458 1506 sagitta:
2488 1438 2541 1489 in
2594 1452 2753 1488 manu
2782 1435 3024 1504 potentis,
3063 1435 3139 1486 ita
3187 1432 3288 1501 ﬁlii
3339 1449 3435 1485 ex-

1855 1545 2147 1582 cussorum.
2214 1528 2490 1583 Excussos
2545 1536 2706 1583 vocat
2751 1543 2846 1581 eos
2894 1543 2959 1580 ex
3010 1529 3189 1595 priore
3239 1525 3438 1593 populo

1852 1623 1945 1691 qui
2000 1621 2198 1689 abjecti
2256 1629 2403 1674 sunt.
2460 1619 2706 1685 Quorum
2766 1620 2885 1683 ﬁlii,
2922 1619 3132 1674 scilicet
3179 1617 3435 1686 apostoli,

1853 1712 2004 1766 fuere
2031 1713 2242 1774 sagittae
2274 1712 2528 1780 potentis.
2570 1710 2730 1764 Hisce
2772 1711 2918 1764 enim
2955 1708 3300 1764 adversarias
3332 1723 3436 1778 po-

1852 1813 2076 1859 testates
2111 1804 2267 1873 quasi
2310 1802 2527 1874 sagittis
2573 1801 2832 1858 confecit.

1919 1895 1974 1948 5.
2023 1894 2220 1948 Beatus
2268 1897 2348 1948 vir
2393 1896 2483 1964 qui
2528 1894 2758 1963 implevit
2798 1893 3118 1947 desiderium
3164 1912 3320 1950 suum
3371 1913 3435 1952 ea:

1846 1984 1996 2054 ipsis.
2022 1983 2216 2038 Beatos
2241 1984 2502 2053 praedicat
2527 2000 2622 2037 eos
2649 1983 2743 2052 qui
2773 1997 2839 2037 ex
2860 1983 3108 2037 doctrina
3140 1985 3432 2040 utilitatem

1847 2075 2166 2142 percipient.
2202 2072 2324 2125 Non
2357 2073 2748 2142 confundentur
2789 2089 2907 2124 cum
2937 2072 3217 2142 loquentur
3257 2075 3434 2128 inimi-

1847 2167 1923 2219 cis
1949 2167 2060 2220 suis
2107 2167 2164 2218 in
2209 2168 2398 2235 portis.
2451 2166 2652 2235 Aperte
2697 2165 3104 2234 praedicationis
3133 2165 3432 2220 adventum

1849 2258 2142 2329 significat.

2166 2347 2446 2402 Canticum
2497 2348 2781 2418 graduum.
2816 2347 2966 2403 CXX
2982 2347 3093 2402 VII

2436 2441 2840 2510 Argumentum.

1847 2531 2063 2587 Nonum
2090 2532 2366 2587 canticum
2395 2532 2615 2586 beatum
2644 2532 2905 2601 praedicat
2931 2547 3058 2587 eum
3099 2533 3193 2602 qui
3226 2533 3437 2589 accedit

1920 2623 1988 2678 ad
2023 2624 2276 2678 timorem
2308 2623 2422 2677 Dei.
2452 2621 2584 2678 Jure
2615 2631 2801 2678 autem
2842 2633 3130 2694 postquam
3157 2627 3435 2694 apostolos

1923 2712 2141 2769 futuros
2169 2714 2489 2782 declaravit,
2521 2715 2713 2770 beatos
2741 2715 3006 2786 praedicat
3036 2699 3133 2772 eos
3175 2718 3272 2788 qui
3315 2734 3436 2774 cre-

1918 2806 2198 2862 diderunt.
2598 2795 2600 2798 ’
2901 2804 2903 2807 ’

1919 2899 1973 2952 1.
2030 2897 2187 2952 Beati
2228 2914 2405 2952 omnes
2451 2899 2542 2969 qui
2587 2899 2772 2952 timent
2819 2898 3130 2957 Dominum.

1919 2990 1972 3044 '5.
2030 2988 2175 3043 Uxor
2207 2999 2300 3044 tua
2328 2991 2466 3044 sicut
2498 2991 2619 3043 vitis
2661 2991 2958 3046 abundans.
2999 2991 3232 3049 Timenti
3264 2993 3433 3050 Deum

1852 3079 1996 3135 dono
2022 3081 2186 3136 datur
2242 3097 2352 3135 non
2409 3083 2614 3152 quaevis
2671 3083 2890 3150 mulier,
2948 3085 3041 3139 sed
3093 3100 3217 3155 qua
3275 3086 3436 3142 bonis

149 3171 279 3224 ἀλλ’
305 3173 338 3242 ἡ
366 3173 595 3242 καρποῖς
615 3172 841 3241 ἀγαθοῖς
869 3173 1280 3245 κεκοσμημένη.
1313 3173 1456 3244 Γυνὴ
1481 3173 1589 3245 γὰρ
1614 3176 1750 3242 ἁγα-

1879 3173 2126 3229 ructibus
2187 3183 2380 3229 ornata
2445 3176 2536 3231 sit.
2594 3173 2732 3230 Nam
2793 3179 2934 3231 bona
2992 3179 3226 3243 mulier,
3291 3179 3436 3235 bona

150 3261 232 3330 δὴ
264 3262 427 3332 μερὶς
453 3261 654 3333 ἀγαθή.

233 3351 348 3403 Καὶ
406 3350 559 3417 ἴδοις
607 3353 680 3406 τὰ
725 3352 916 3422 ἀγαθὰ
973 3351 1371 3421 Ἰερουσαλὴμ
1409 3352 1613 3420 πάσας
1643 3353 1750 3420 τὰς

149 3443 394 3512 ἡμέρας
442 3444 552 3513 τῆς
603 3443 752 3512 ζωῆς
809 3460 948 3502 σου.
1011 3445 1092 3499 Τὰ
1139 3445 1304 3516 νοητὰ
1360 3444 1633 3516 δηλονότι·
1680 3447 1749 3499 Ἃ

153 3534 479 3607 (ἀθαλμὸς
515 3537 628 3589 οὐκ
662 3532 805 3599 οἵδε,
830 3535 1018 3589 καὶτὰ
1055 3534 1201 3606 ἑξῆς.

236 3625 344 3679 Kal
384 3625 533 3690 ἴδοις
563 3625 733 3691 υἱοὺς
761 3624 878 3679 τῶν
917 3621 1064 3680 υἱῶν
1089 3642 1238 3690 σου,
1270 3624 1476 3695 εἰρήνη
1521 3624 1620 3678 ἐπὶ
1647 3625 1753 3679 τὸν

173 3714 451 3783 Ἰσραήλ.
484 3715 594 3779 Τὰς
627 3716 960 3784 ἐπαγγελίας
997 3717 1163 3785 λέγει.
1227 3716 1437 3789 Ὥσπερ
1469 3715 1578 3786 γὰρ
1605 3714 1754 3787 πρῶ-

156 3826 248 3860 τοι
283 3807 488 3878 καρποὶ
522 3808 620 3877 τῆς
655 3806 935 3876 Θεοφιλοῦς
972 3806 1148 3877 ψυχῆς
1188 3807 1292 3859 εἰσι
1320 3807 1388 3860 τὰ
1415 3808 1750 3878 γεννήματα,

157 3899 343 3964 οὕτως
377 3899 472 3954 καὶ
507 3899 750 3970 δεύτεροι
783 3902 838 3952 αἱ
875 3897 1216 3968 ἐπαγγελίαι.

502 3991 641 4061 ’ῼδὴ
675 3991 794 4044 τῶν
823 3989 1194 4058 ἀναϐαθμῶν.
1249 3992 1431 4046 PKH'.

801 4079 814 4098 '
829 4080 1138 4146 Υπόθεσις.

151 4175 244 4228 ’Ἦ
271 4173 476 4244 δεκάτη
639 4172 766 4236 τοὺς
793 4172 1020 4236 πολλοὺς
1069 4173 1340 4245 διωγμοὺς
1387 4173 1468 4245 τῷ
1518 4174 1754 4244 Χριστοῦ

239 4263 358 4335 λαῷ
391 4264 729 4328 ἐκδιδάσκει,
781 4263 877 4317 καὶ
926 4262 1116 4335 ὥσπερ
1154 4264 1332 4318 πάντα
1379 4264 1756 4336 ὑπερπηδήσει

239 4357 508 4429 κρείττων
532 4357 619 4410 ἀεὶ
637 4355 746 4409 τῶν
774 4355 1228 4410 ἐπιϐουλευόντων
1257 4357 1568 4428 γενόμενος.
1619 4355 1756 4410 Τοῦ-

235 4451 298 4504 τό
325 4466 462 4522 φησι
494 4449 582 4502 διὰ
600 4449 660 4501 τὸ
692 4449 786 4503 ἀπ’
807 4449 979 4520 ἀρχῆς
1009 4447 1105 4502 τοῦ
1126 4449 1480 4522 κηρύγματος
1502 4451 1754 4520 γενέσθαι

239 4543 368 4604 τοὺς
402 4539 696 4610 διωγμούς.
1693 4606 1698 4612 ε

241 4631 576 4697 Πλεονάκις
631 4630 1022 4701 ἐπολέμησαν
1061 4647 1140 4701 με
1175 4671 1189 4684 .
1226 4671 1240 4685 .
1284 4670 1299 4686 .
1336 4672 1350 4685 .
1396 4633 1614 4702 Κύριος
1666 4631 1754 4686 δί-

160 4743 340 4790 καιος
383 4724 753 4793 συνέτριψεν
797 4723 1062 4792 αὐχένας
1111 4723 1496 4792 ἁμαρτωλῶν.
1546 4724 1753 4788 Πάντες

159 4817 282 4887 γὰρ
307 4818 358 4870 οἱ
386 4813 676 4878 διώξαντες
703 4813 860 4868 κακοὶ
895 4813 1078 4876 κακῶς
1105 4813 1455 4868 ἀπολοῦνται.

505 4907 646 4977 ’ῼδὴ
678 4905 796 4960 τῶν
832 4905 1202 4975 ἀναϐαθμῶν.
1238 4909 1416 4960 PKO'.

805 4998 817 5016 '
832 4999 1144 5063 Υπόθεσις.

172 5091 251 5144 Ἥ
287 5089 551 5160 ἑνδεκάτη
565 5089 677 5160 ᾠδὴ
710 5089 876 5160 εὐχὴν
897 5089 1141 5160 περιέχει
1164 5088 1475 5160 μαρτύρων,
1507 5090 1600 5143 καὶ
1620 5089 1760 5144 διδα-

246 5182 473 5236 σκαλίαν
522 5182 960 5252 ὲξομολογήσεως
1005 5180 1082 5252 τῷ
1116 5182 1222 5252 νέῳ
1268 5180 1401 5252 λαῷ.
1456 5181 1651 5252 Σαφῶς
1701 5181 1760 5235 δὲ

243 5275 452 5347 ἀρετῆς
499 5274 724 5345 ἱλασμὸν
772 5273 1058 5344 κηρύσσει,
1093 5274 1152 5336 ὃς
1203 5276 1319 5327 ἐστι
1367 5275 1622 5346 Χριστός.
1655 5275 1760 5327 Πε-

243 5369 302 5440 ρὶ
331 5366 498 5420 αὑτοῦ
529 5366 637 5437 γὰρ
669 5367 914 5438 εἴρηται·
955 5368 1066 5422 Καὶ
1099 5367 1282 5432 αὐτὸς
1323 5369 1582 5436 ἱλασμός
1627 5368 1760 5422 ἐστι

247 5460 529 5532 περὶτῶν
550 5462 851 5531 ἁμαρτιῶν
877 5461 1068 5531 ἡμῶν.

259 5554 367 5611 Ἕκ
385 5555 626 5620 βαθέων
653 5553 951 5624 ἐξέκραξά
987 5570 1124 5618 σοι,
1161 5555 1339 5621 Κύριε
1371 5595 1382 5606 .
1425 5596 1436 5607 .
1473 5595 1484 5608 .
1523 5595 1535 5608 .
1577 5596 1591 5610 .
1634 5595 1647 5606 .
1684 5595 1697 5607 .
1739 5588 1756 5610 .

256 5729 320 5798 ,⁸⁸
364 5732 464 5788 lsa.
523 5751 671 5804 xm,
719 5735 801 5790 18.
913 5737 955 5768 ³⁵
1007 5737 1024 5788 ι
1077 5735 1202 5791 Cor.
1259 5751 1329 5802 ll,
1382 5738 1435 5791 9.

1853 3264 2057 3333 portio.

1923 3357 1977 3410 5.
2013 3355 2082 3410 Et
2123 3357 2302 3412 videas
2334 3358 2468 3411 bona
2490 3357 2791 3413 Jerusalem
2832 3361 3074 3414 omnibus
3104 3361 3288 3415 diebus
3317 3363 3439 3417 vita:

1854 3459 1979 3503 tute.
2024 3447 2338 3518 Spiritualia
2391 3451 2599 3506 scilicet
2628 3451 2792 3519 bona,
2839 3467 2956 3521 qua:
2987 3453 3172 3506 oculus
3206 3470 3310 3507 non
3360 3456 3439 3508 ei-

1852 3541 1932 3594 dit
1971 3540 2017 3572 ⁸⁸
2034 3583 2050 3606 ,
2093 3549 2198 3597 etc.

1924 3631 1978 3686 6.
2021 3631 2091 3686 Et
2112 3634 2289 3687 videas
2341 3633 2484 3702 ﬁlios
2539 3633 2776 3703 ﬁliorum
2821 3643 3054 3701 tuorum,
3124 3653 3231 3703 pax
3282 3653 3438 3706 super

1854 3722 2050 3779 Israel.
2081 3723 2484 3781 Promissiones
2513 3725 2668 3781 dicit.
2697 3725 2850 3781 Sicut
2869 3727 3015 3782 enim
3040 3728 3199 3796 primi
3228 3727 3438 3784 fruetus

1853 3814 2050 3868 animat
2074 3829 2201 3884 erga
2224 3813 2397 3868 Deum
2428 3814 2699 3883 religiosa:
2728 3821 2856 3868 sunt
2880 3813 3022 3868 fetus
3065 3814 3205 3884 ejus,
3241 3815 3321 3870 sic
3348 3829 3438 3868 se-

1855 3906 2021 3961 eundi
2049 3915 2177 3960 sunt
2207 3905 2619 3974 promissiones.

2106 3994 2411 4064 Canticum
2470 3994 2754 4064 graduum.
2820 3992 3152 4048 CXXVIII.

2449 4087 2852 4155 Argumentum.
2967 4151 2972 4154 _

1857 4181 2141 4237 Decimum
2183 4177 2458 4234 canticum
2513 4177 2686 4230 multa
2740 4175 3183 4246 persecutionum
3239 4189 3439 4245 genera

1857 4323 1892 4343 η
1915 4273 2122 4328 Christi
2171 4271 2430 4342 populum
2466 4271 2679 4336 edocet,
2704 4277 2757 4323 et
2784 4285 2894 4338 quo
2928 4277 3090 4338 pacto
3126 4267 3312 4321 omnia
3340 4282 3438 4321 su-

1925 4373 2220 4436 peraturus
2247 4365 2339 4430 sit,
2369 4361 2786 4418 insidiatoribus
2827 4374 3043 4429 semper
3073 4358 3326 4428 superior
3353 4357 3437 4412 ef-

1927 4457 2122 4511 fectus.
2156 4455 2273 4510 Hoc
2301 4463 2483 4510 autem
2515 4454 2592 4507 ait
2619 4453 2747 4524 quia
2778 4452 2848 4506 ab
2893 4451 3050 4505 initio
3096 4449 3440 4520 praedicatio-

1929 4549 2016 4603 nis
2045 4547 2456 4617 persecutiones
2490 4545 2733 4600 fuerunt.

1927 4641 2054 4706 1,4.
2095 4639 2244 4710 Saepe
2282 4645 2710 4708 expugnaverunt
2755 4651 2928 4691 me....
2970 4632 3228 4686 Dominus
3257 4632 3442 4701 justus

1857 4733 2101 4786 contrivit
2147 4733 2366 4785 cervices
2406 4741 2758 4800 peccatorum.
2791 4726 2928 4780 Nam
2958 4739 3150 4780 omnes
3189 4724 3285 4793 qui
3325 4737 3445 4792 per-

1857 4824 2029 4880 secuti
2062 4831 2192 4879 sunt
2219 4823 2345 4877 mali
2375 4823 2517 4877 male
2547 4821 2823 4892 peribunt.

2092 4950 2098 4956 -
2208 4913 2487 4970 Canticum
2517 4915 2800 4985 graduum.
2827 4909 3088 4967 CXXIX.

2451 5005 2854 5075 Argumentum.

1865 5097 2222 5154 Undecimum
2241 5097 2513 5152 canticum
2542 5096 2844 5150 orationem
2882 5092 3264 5162 complectitur
3300 5105 3449 5144 mar-

1936 5199 2113 5260 tyrum
2143 5197 2197 5244 et
2221 5189 2523 5244 doctrinam
2557 5188 2921 5242 confessionis
2951 5198 3094 5238 novo
3123 5182 3326 5253 populo
3349 5182 3448 5235 da-

1937 5292 2068 5337 tam.
2103 5281 2260 5336 Clare
2293 5289 2476 5334 autem
2504 5280 2724 5334 virtutis
2759 5277 3202 5348 prepitiationem
3243 5271 3445 5342 prtedi-

1938 5383 2045 5438 cat,
2063 5386 2186 5441 qua:
2203 5371 2454 5426 Christus
2471 5379 2572 5426 est.
2600 5373 2673 5424 De
2693 5371 2810 5439 ipso
2830 5382 3064 5437 namque
3081 5365 3289 5419 dictum
3315 5372 3402 5419 est
3425 5379 3442 5417 :

1938 5463 2006 5517 Et
2030 5467 2138 5534 ipse
2157 5463 2468 5534 propitiatio
2500 5472 2576 5517 est
2605 5479 2700 5532 pro
2728 5462 2956 5531 peccatis
2983 5457 3176 5511 nostris
3197 5456 3262 5508 ⁸³.

1940 5556 1990 5611 1.
2021 5556 2092 5610 De
2123 5556 2400 5626 profundis
2433 5555 2658 5610 clamavi
2691 5555 2758 5608 ad
2785 5564 2852 5617 te,
2884 5550 3188 5605 Domina...

1537 5737 1581 5767 ⁸⁸
1610 5736 1626 5788 l
1653 5733 1809 5790 Joan.
1846 5751 1902 5801 ιι,
1937 5734 1988 5786 ‘2.
