  <div class='ocr_page' id='page_1' title='image "/cluster/home/n/w/nwhite01/storage/ocr_20150623/27/nnc1.0046978631/273.png"; bbox 0 0 3880 6216; ppageno 0'>
   <div class='ocr_carea' id='block_1_1' title="bbox 446 309 551 367">
    <p class='ocr_par' dir='ltr' id='par_1_1' title="bbox 446 309 551 367">
     <span class='ocr_line' id='line_1_1' title="bbox 446 309 551 367; baseline -0.019 -1"><span class='ocrx_word' id='word_1_1' title='bbox 446 309 551 367; x_wconf 75' lang='grc'><strong><em>519</em></strong></span> 
     </span>
    </p>
   </div>
   <div class='ocr_carea' id='block_1_2' title="bbox 1260 281 2842 348">
    <p class='ocr_par' dir='ltr' id='par_1_2' title="bbox 1260 281 2842 348">
     <span class='ocr_line' id='line_1_2' title="bbox 1260 281 2842 348; baseline -0.009 0"><span class='ocrx_word' id='word_1_2' title='bbox 1260 295 1316 348; x_wconf 89' lang='lat' dir='ltr'><strong><em>S.</em></strong></span> <span class='ocrx_word' id='word_1_3' title='bbox 1360 287 1730 346; x_wconf 55' lang='lat' dir='ltr'><strong><em>ATHANASH</em></strong></span> <span class='ocrx_word' id='word_1_4' title='bbox 1773 285 1922 342; x_wconf 78' lang='lat' dir='ltr'><strong><em>OPP.</em></strong></span> <span class='ocrx_word' id='word_1_5' title='bbox 1963 281 2147 336; x_wconf 73' lang='lat' dir='ltr'><strong><em>PARS</em></strong></span> <span class='ocrx_word' id='word_1_6' title='bbox 2187 282 2274 336; x_wconf 79' lang='lat' dir='ltr'><strong><em>ill.</em></strong></span> <span class='ocrx_word' id='word_1_7' title='bbox 2316 309 2381 324; x_wconf 81' lang='lat'><strong><em>——</em></strong></span> <span class='ocrx_word' id='word_1_8' title='bbox 2426 281 2842 337; x_wconf 72' lang='lat' dir='ltr'><strong><em>EXEGETICA.</em></strong></span> 
     </span>
    </p>
   </div>
   <div class='ocr_carea' id='block_1_3' title="bbox 3602 271 3713 325">
    <p class='ocr_par' dir='ltr' id='par_1_3' title="bbox 3602 271 3713 325">
     <span class='ocr_line' id='line_1_3' title="bbox 3602 271 3713 325; baseline -0.018 0"><span class='ocrx_word' id='word_1_9' title='bbox 3602 271 3713 325; x_wconf 70' lang='lat'><strong><em>520</em></strong></span> 
     </span>
    </p>
   </div>
   <div class='ocr_carea' id='block_1_4' title="bbox 511 387 2051 474">
    <p class='ocr_par' dir='ltr' id='par_1_4' title="bbox 511 400 2022 474">
     <span class='ocr_line' id='line_1_4' title="bbox 511 400 2022 474; baseline -0.017 0"><span class='ocrx_word' id='word_1_10' title='bbox 511 421 568 474; x_wconf 56' lang='grc' dir='ltr'><strong><em>θ.</em></strong></span> <span class='ocrx_word' id='word_1_11' title='bbox 601 418 764 472; x_wconf 82' lang='lat' dir='ltr'><strong><em>Fiant</em></strong></span> <span class='ocrx_word' id='word_1_12' title='bbox 801 431 954 469; x_wconf 84' lang='lat' dir='ltr'><strong><em>aures</em></strong></span> <span class='ocrx_word' id='word_1_13' title='bbox 987 422 1091 466; x_wconf 78' lang='lat' dir='ltr'><strong><em>tute</em></strong></span> <span class='ocrx_word' id='word_1_14' title='bbox 1117 408 1439 464; x_wconf 82' lang='lat' dir='ltr'><strong><em>intendentes</em></strong></span> <span class='ocrx_word' id='word_1_15' title='bbox 1481 408 1538 458; x_wconf 84' lang='lat' dir='ltr'><strong><em>in</em></strong></span> <span class='ocrx_word' id='word_1_16' title='bbox 1572 418 1745 457; x_wconf 83' lang='lat' dir='ltr'><strong><em>vocem</em></strong></span> <span class='ocrx_word' id='word_1_17' title='bbox 1774 400 2022 467; x_wconf 84' lang='lat' dir='ltr'><strong><em>depreca-</em></strong></span> 
     </span>
    </p>
   </div>
   <div class='ocr_carea' id='block_1_5' title="bbox 2156 387 3716 474">
    <p class='ocr_par' dir='ltr' id='par_1_5' title="bbox 2192 387 3716 465">
     <span class='ocr_line' id='line_1_5' title="bbox 2192 387 3716 465; baseline -0.007 -15"><span class='ocrx_word' id='word_1_18' title='bbox 2192 397 2512 465; x_wconf 75' lang='grc' dir='ltr'>Γενηθήτω</span> <span class='ocrx_word' id='word_1_19' title='bbox 2538 397 2610 449; x_wconf 82' lang='grc' dir='ltr'>τὰ</span> <span class='ocrx_word' id='word_1_20' title='bbox 2637 392 2759 449; x_wconf 82' lang='grc' dir='ltr'><strong><em>ὦτά</em></strong></span> <span class='ocrx_word' id='word_1_21' title='bbox 2797 410 2914 447; x_wconf 87' lang='grc' dir='ltr'>σου</span> <span class='ocrx_word' id='word_1_22' title='bbox 2936 406 3317 462; x_wconf 80' lang='grc' dir='ltr'>προσεχοντα</span> <span class='ocrx_word' id='word_1_23' title='bbox 3341 391 3427 454; x_wconf 76' lang='grc' dir='ltr'>εἰς</span> <span class='ocrx_word' id='word_1_24' title='bbox 3445 387 3563 456; x_wconf 85' lang='grc' dir='ltr'>τὴν</span> <span class='ocrx_word' id='word_1_25' title='bbox 3593 405 3716 455; x_wconf 66' lang='lat' dir='ltr'><strong><em>9cm-</em></strong></span> 
     </span>
    </p>
   </div>
   <div class='ocr_carea' id='block_1_6' title="bbox 447 487 2022 567">
    <p class='ocr_par' dir='ltr' id='par_1_6' title="bbox 447 487 2022 567">
     <span class='ocr_line' id='line_1_6' title="bbox 447 487 2022 567; baseline -0.018 -1"><span class='ocrx_word' id='word_1_26' title='bbox 447 513 607 566; x_wconf 83' lang='lat' dir='ltr'><strong><em>tionis</em></strong></span> <span class='ocrx_word' id='word_1_27' title='bbox 636 516 781 564; x_wconf 72' lang='lat' dir='ltr'><strong><em>metu.</em></strong></span> <span class='ocrx_word' id='word_1_28' title='bbox 813 509 988 560; x_wconf 83' lang='lat' dir='ltr'><strong><em>Aures</em></strong></span> <span class='ocrx_word' id='word_1_29' title='bbox 1014 506 1066 557; x_wconf 90' lang='lat' dir='ltr'><strong><em>in</em></strong></span> <span class='ocrx_word' id='word_1_30' title='bbox 1100 500 1210 555; x_wconf 90' lang='lat' dir='ltr'><strong><em>Deo</em></strong></span> <span class='ocrx_word' id='word_1_31' title='bbox 1238 498 1510 567; x_wconf 79' lang='lat' dir='ltr'><strong><em>angelicas</em></strong></span> <span class='ocrx_word' id='word_1_32' title='bbox 1548 498 1840 564; x_wconf 71' lang='lat' dir='ltr'><strong><em>potestates</em></strong></span> <span class='ocrx_word' id='word_1_33' title='bbox 1864 487 2022 542; x_wconf 86' lang='lat' dir='ltr'><strong><em>intel-</em></strong></span> 
     </span>
    </p>
   </div>
   <div class='ocr_carea' id='block_1_7' title="bbox 449 583 2025 677">
    <p class='ocr_par' dir='ltr' id='par_1_7' title="bbox 449 583 2025 677">
     <span class='ocr_line' id='line_1_7' title="bbox 449 583 2025 677; baseline -0.015 -17"><span class='ocrx_word' id='word_1_34' title='bbox 449 608 666 677; x_wconf 82' lang='lat' dir='ltr'><strong><em>ligimus</em></strong></span> <span class='ocrx_word' id='word_1_35' title='bbox 713 616 855 665; x_wconf 85' lang='lat' dir='ltr'><strong><em>esse,</em></strong></span> <span class='ocrx_word' id='word_1_36' title='bbox 905 614 997 669; x_wconf 84' lang='lat' dir='ltr'><strong><em>per</em></strong></span> <span class='ocrx_word' id='word_1_37' title='bbox 1050 611 1189 666; x_wconf 86' lang='lat' dir='ltr'><strong><em>quas</em></strong></span> <span class='ocrx_word' id='word_1_38' title='bbox 1231 590 1657 663; x_wconf 75' lang='lat' dir='ltr'><strong><em>supplicationes</em></strong></span> <span class='ocrx_word' id='word_1_39' title='bbox 1706 595 1905 641; x_wconf 72' lang='lat' dir='ltr'><strong><em>nostrae</em></strong></span> <span class='ocrx_word' id='word_1_40' title='bbox 1954 583 2025 637; x_wconf 64' lang='lat' dir='ltr'><strong><em>all</em></strong></span> 
     </span>
    </p>
   </div>
   <div class='ocr_carea' id='block_1_8' title="bbox 449 693 932 751">
    <p class='ocr_par' dir='ltr' id='par_1_8' title="bbox 449 693 932 751">
     <span class='ocr_line' id='line_1_8' title="bbox 449 693 932 751; baseline -0.01 0"><span class='ocrx_word' id='word_1_41' title='bbox 449 699 620 751; x_wconf 85' lang='lat' dir='ltr'><strong><em>Deum</em></strong></span> <span class='ocrx_word' id='word_1_42' title='bbox 648 693 932 748; x_wconf 85' lang='lat' dir='ltr'><strong><em>accedunt.</em></strong></span> 
     </span>
    </p>
   </div>
   <div class='ocr_carea' id='block_1_9' title="bbox 515 769 2024 852">
    <p class='ocr_par' dir='ltr' id='par_1_9' title="bbox 515 769 2024 852">
     <span class='ocr_line' id='line_1_9' title="bbox 515 769 2024 852; baseline -0.012 -12"><span class='ocrx_word' id='word_1_43' title='bbox 515 771 573 841; x_wconf 62' lang='grc' dir='ltr'>ξ’).</span> <span class='ocrx_word' id='word_1_44' title='bbox 616 784 676 840; x_wconf 88' lang='lat' dir='ltr'><strong><em>Si</em></strong></span> <span class='ocrx_word' id='word_1_45' title='bbox 713 783 1019 852; x_wconf 80' lang='lat' dir='ltr'><strong><em>iniquitates</em></strong></span> <span class='ocrx_word' id='word_1_46' title='bbox 1061 776 1446 835; x_wconf 74' lang='lat' dir='ltr'><strong><em>observaveris,</em></strong></span> <span class='ocrx_word' id='word_1_47' title='bbox 1484 772 1726 833; x_wconf 82' lang='lat' dir='ltr'><strong><em>Domine,</em></strong></span> <span class='ocrx_word' id='word_1_48' title='bbox 1779 769 2024 834; x_wconf 83' lang='lat' dir='ltr'><strong><em>Domine,</em></strong></span> 
     </span>
    </p>
   </div>
   <div class='ocr_carea' id='block_1_10' title="bbox 446 861 2028 950">
    <p class='ocr_par' dir='ltr' id='par_1_10' title="bbox 446 861 2028 950">
     <span class='ocr_line' id='line_1_10' title="bbox 446 861 2028 950; baseline -0.014 -16"><span class='ocrx_word' id='word_1_49' title='bbox 446 881 563 950; x_wconf 86' lang='lat' dir='ltr'><strong><em>quis</em></strong></span> <span class='ocrx_word' id='word_1_50' title='bbox 610 875 927 931; x_wconf 79' lang='lat' dir='ltr'><strong><em>sustinebit?</em></strong></span> <span class='ocrx_word' id='word_1_51' title='bbox 964 872 1055 924; x_wconf 88' lang='lat' dir='ltr'><strong><em>Illa</em></strong></span> <span class='ocrx_word' id='word_1_52' title='bbox 1095 879 1275 924; x_wconf 87' lang='lat' dir='ltr'><strong><em>autem</em></strong></span> <span class='ocrx_word' id='word_1_53' title='bbox 1327 863 1685 934; x_wconf 87' lang='lat' dir='ltr'><strong><em>reduplicatio</em></strong></span> <span class='ocrx_word' id='word_1_54' title='bbox 1722 862 1893 927; x_wconf 83' lang='lat' dir='ltr'><strong><em>vocis,</em></strong></span> <span class='ocrx_word' id='word_1_55' title='bbox 1922 861 2028 913; x_wconf 87' lang='lat' dir='ltr'><strong><em>Do-</em></strong></span> 
     </span>
    </p>
   </div>
   <div class='ocr_carea' id='block_1_11' title="bbox 447 953 2026 1037">
    <p class='ocr_par' dir='ltr' id='par_1_11' title="bbox 447 953 2026 1037">
     <span class='ocr_line' id='line_1_11' title="bbox 447 953 2026 1037; baseline -0.013 -13"><span class='ocrx_word' id='word_1_56' title='bbox 447 971 607 1033; x_wconf 91' lang='lat' dir='ltr'><strong><em>mine,</em></strong></span> <span class='ocrx_word' id='word_1_57' title='bbox 641 967 880 1030; x_wconf 86' lang='lat' dir='ltr'><strong><em>Domine,</em></strong></span> <span class='ocrx_word' id='word_1_58' title='bbox 906 961 1227 1037; x_wconf 72' lang='lat' dir='ltr'><strong><em>admirantis</em></strong></span> <span class='ocrx_word' id='word_1_59' title='bbox 1249 967 1333 1012; x_wconf 90' lang='lat' dir='ltr'><strong><em>est</em></strong></span> <span class='ocrx_word' id='word_1_60' title='bbox 1359 957 1553 1010; x_wconf 73' lang='lat' dir='ltr'><strong><em>divina:</em></strong></span> <span class='ocrx_word' id='word_1_61' title='bbox 1583 953 1886 1009; x_wconf 56' lang='lat' dir='ltr'><strong><em>clementia</em></strong></span> <span class='ocrx_word' id='word_1_62' title='bbox 1909 967 2026 1005; x_wconf 84' lang='lat' dir='ltr'><strong><em>ma-</em></strong></span> 
     </span>
    </p>
   </div>
   <div class='ocr_carea' id='block_1_12' title="bbox 449 1045 2025 1131">
    <p class='ocr_par' dir='ltr' id='par_1_12' title="bbox 449 1045 2025 1131">
     <span class='ocr_line' id='line_1_12' title="bbox 449 1045 2025 1131; baseline -0.012 -16"><span class='ocrx_word' id='word_1_63' title='bbox 449 1061 810 1131; x_wconf 74' lang='lat' dir='ltr'><strong><em>gnitudinem,</em></strong></span> <span class='ocrx_word' id='word_1_64' title='bbox 851 1056 993 1127; x_wconf 87' lang='lat' dir='ltr'><strong><em>apud</em></strong></span> <span class='ocrx_word' id='word_1_65' title='bbox 1032 1068 1192 1124; x_wconf 84' lang='lat' dir='ltr'><strong><em>quem</em></strong></span> <span class='ocrx_word' id='word_1_66' title='bbox 1240 1065 1362 1106; x_wconf 89' lang='lat' dir='ltr'><strong><em>esse</em></strong></span> <span class='ocrx_word' id='word_1_67' title='bbox 1401 1048 1839 1118; x_wconf 86' lang='lat' dir='ltr'><strong><em>propitiationem</em></strong></span> <span class='ocrx_word' id='word_1_68' title='bbox 1875 1045 2025 1109; x_wconf 85' lang='lat' dir='ltr'><strong><em>dicit,</em></strong></span> 
     </span>
    </p>
   </div>
   <div class='ocr_carea' id='block_1_13' title="bbox 446 1141 1471 1214">
    <p class='ocr_par' dir='ltr' id='par_1_13' title="bbox 446 1141 1471 1214">
     <span class='ocr_line' id='line_1_13' title="bbox 446 1141 1471 1214; baseline -0.015 -6"><span class='ocrx_word' id='word_1_69' title='bbox 446 1162 506 1208; x_wconf 90' lang='lat' dir='ltr'><strong><em>at</em></strong></span> <span class='ocrx_word' id='word_1_70' title='bbox 533 1169 639 1207; x_wconf 86' lang='lat' dir='ltr'><strong><em>non</em></strong></span> <span class='ocrx_word' id='word_1_71' title='bbox 671 1153 725 1205; x_wconf 91' lang='lat' dir='ltr'><strong><em>in</em></strong></span> <span class='ocrx_word' id='word_1_72' title='bbox 761 1148 919 1202; x_wconf 91' lang='lat' dir='ltr'><strong><em>bonis</em></strong></span> <span class='ocrx_word' id='word_1_73' title='bbox 953 1145 1211 1214; x_wconf 75' lang='lat' dir='ltr'><strong><em>apol-ibus</em></strong></span> <span class='ocrx_word' id='word_1_74' title='bbox 1245 1141 1471 1195; x_wconf 89' lang='lat' dir='ltr'><strong><em>nostris.</em></strong></span> 
     </span>
    </p>
   </div>
   <div class='ocr_carea' id='block_1_14' title="bbox 517 1223 2029 1310">
    <p class='ocr_par' dir='ltr' id='par_1_14' title="bbox 517 1223 2029 1310">
     <span class='ocr_line' id='line_1_14' title="bbox 517 1223 2029 1310; baseline -0.013 -11"><span class='ocrx_word' id='word_1_75' title='bbox 517 1246 571 1299; x_wconf 70' lang='grc'>4.</span> <span class='ocrx_word' id='word_1_76' title='bbox 604 1243 827 1310; x_wconf 78' lang='lat' dir='ltr'><strong><em>Propter</em></strong></span> <span class='ocrx_word' id='word_1_77' title='bbox 857 1255 1038 1292; x_wconf 83' lang='lat' dir='ltr'><strong><em>nomen</em></strong></span> <span class='ocrx_word' id='word_1_78' title='bbox 1069 1249 1218 1290; x_wconf 89' lang='lat' dir='ltr'><strong><em>tuum</em></strong></span> <span class='ocrx_word' id='word_1_79' title='bbox 1259 1231 1488 1285; x_wconf 75' lang='lat' dir='ltr'><strong><em>sustinui</em></strong></span> <span class='ocrx_word' id='word_1_80' title='bbox 1519 1239 1586 1292; x_wconf 88' lang='lat' dir='ltr'><strong><em>te,</em></strong></span> <span class='ocrx_word' id='word_1_81' title='bbox 1623 1228 1860 1281; x_wconf 85' lang='lat' dir='ltr'><strong><em>Domine.</em></strong></span> <span class='ocrx_word' id='word_1_82' title='bbox 1903 1223 2029 1280; x_wconf 66' lang='lat' dir='ltr'><strong><em>Haec</em></strong></span> 
     </span>
    </p>
   </div>
   <div class='ocr_carea' id='block_1_15' title="bbox 451 1320 2026 1396">
    <p class='ocr_par' dir='ltr' id='par_1_15' title="bbox 451 1320 2026 1396">
     <span class='ocr_line' id='line_1_15' title="bbox 451 1320 2026 1396; baseline -0.014 -4"><span class='ocrx_word' id='word_1_83' title='bbox 451 1345 580 1392; x_wconf 89' lang='lat' dir='ltr'><strong><em>sunt</em></strong></span> <span class='ocrx_word' id='word_1_84' title='bbox 625 1335 786 1388; x_wconf 80' lang='lat' dir='ltr'><strong><em>verba</em></strong></span> <span class='ocrx_word' id='word_1_85' title='bbox 833 1345 1022 1385; x_wconf 87' lang='lat' dir='ltr'><strong><em>eorum</em></strong></span> <span class='ocrx_word' id='word_1_86' title='bbox 1075 1327 1168 1396; x_wconf 88' lang='lat' dir='ltr'><strong><em>qui</em></strong></span> <span class='ocrx_word' id='word_1_87' title='bbox 1214 1340 1321 1378; x_wconf 85' lang='lat' dir='ltr'><strong><em>non</em></strong></span> <span class='ocrx_word' id='word_1_88' title='bbox 1379 1332 1598 1392; x_wconf 84' lang='lat' dir='ltr'><strong><em>prOpter</em></strong></span> <span class='ocrx_word' id='word_1_89' title='bbox 1647 1320 2026 1374; x_wconf 81' lang='lat' dir='ltr'><strong><em>necessitatem</em></strong></span> 
     </span>
    </p>
   </div>
   <div class='ocr_carea' id='block_1_16' title="bbox 450 1410 2028 1497">
    <p class='ocr_par' dir='ltr' id='par_1_16' title="bbox 450 1410 2028 1497">
     <span class='ocr_line' id='line_1_16' title="bbox 450 1410 2028 1497; baseline -0.013 -15"><span class='ocrx_word' id='word_1_90' title='bbox 450 1426 815 1497; x_wconf 83' lang='lat' dir='ltr'><strong><em>spiritualem,</em></strong></span> <span class='ocrx_word' id='word_1_91' title='bbox 841 1421 932 1476; x_wconf 83' lang='lat' dir='ltr'><strong><em>sed</em></strong></span> <span class='ocrx_word' id='word_1_92' title='bbox 968 1429 1188 1488; x_wconf 67' lang='lat' dir='ltr'><strong><em>promer</em></strong></span> <span class='ocrx_word' id='word_1_93' title='bbox 1215 1414 1579 1469; x_wconf 85' lang='lat' dir='ltr'><strong><em>venerandum</em></strong></span> <span class='ocrx_word' id='word_1_94' title='bbox 1611 1426 1812 1465; x_wconf 88' lang='lat' dir='ltr'><strong><em>nomen</em></strong></span> <span class='ocrx_word' id='word_1_95' title='bbox 1848 1410 2028 1478; x_wconf 92' lang='lat' dir='ltr'><strong><em>ipsum</em></strong></span> 
     </span>
    </p>
   </div>
   <div class='ocr_carea' id='block_1_17' title="bbox 451 1504 2028 1581">
    <p class='ocr_par' dir='ltr' id='par_1_17' title="bbox 451 1504 2028 1581">
     <span class='ocr_line' id='line_1_17' title="bbox 451 1504 2028 1581; baseline -0.011 -8"><span class='ocrx_word' id='word_1_96' title='bbox 451 1519 739 1581; x_wconf 85' lang='lat' dir='ltr'><strong><em>accedunt,</em></strong></span> <span class='ocrx_word' id='word_1_97' title='bbox 775 1530 838 1566; x_wconf 90' lang='lat' dir='ltr'><strong><em>ac</em></strong></span> <span class='ocrx_word' id='word_1_98' title='bbox 867 1513 916 1565; x_wconf 84' lang='lat' dir='ltr'><strong><em>si</em></strong></span> <span class='ocrx_word' id='word_1_99' title='bbox 945 1513 995 1563; x_wconf 88' lang='lat' dir='ltr'><strong><em>in</em></strong></span> <span class='ocrx_word' id='word_1_100' title='bbox 1027 1509 1285 1578; x_wconf 82' lang='lat' dir='ltr'><strong><em>patientia</em></strong></span> <span class='ocrx_word' id='word_1_101' title='bbox 1313 1515 1531 1560; x_wconf 86' lang='lat' dir='ltr'><strong><em>currunt</em></strong></span> <span class='ocrx_word' id='word_1_102' title='bbox 1565 1504 1889 1573; x_wconf 84' lang='lat' dir='ltr'><strong><em>propositum</em></strong></span> <span class='ocrx_word' id='word_1_103' title='bbox 1914 1519 2028 1556; x_wconf 84' lang='lat' dir='ltr'><strong><em>cer-</em></strong></span> 
     </span>
    </p>
   </div>
   <div class='ocr_carea' id='block_1_18' title="bbox 451 1594 2030 1671">
    <p class='ocr_par' dir='ltr' id='par_1_18' title="bbox 451 1594 2030 1671">
     <span class='ocr_line' id='line_1_18' title="bbox 451 1594 2030 1671; baseline -0.01 -7"><span class='ocrx_word' id='word_1_104' title='bbox 451 1622 631 1664; x_wconf 87' lang='lat' dir='ltr'><strong><em>tamen</em></strong></span> <span class='ocrx_word' id='word_1_105' title='bbox 654 1608 721 1671; x_wconf 73' lang='lat'><strong><em>&quot;,</em></strong></span> <span class='ocrx_word' id='word_1_106' title='bbox 747 1614 802 1660; x_wconf 88' lang='lat' dir='ltr'><strong><em>et</em></strong></span> <span class='ocrx_word' id='word_1_107' title='bbox 829 1604 977 1656; x_wconf 91' lang='lat' dir='ltr'><strong><em>nullo</em></strong></span> <span class='ocrx_word' id='word_1_108' title='bbox 1021 1611 1266 1670; x_wconf 87' lang='lat' dir='ltr'><strong><em>tempore</em></strong></span> <span class='ocrx_word' id='word_1_109' title='bbox 1307 1598 1610 1653; x_wconf 87' lang='lat' dir='ltr'><strong><em>abscedunt</em></strong></span> <span class='ocrx_word' id='word_1_110' title='bbox 1639 1612 1671 1651; x_wconf 89' lang='lat' dir='ltr'><strong><em>a</em></strong></span> <span class='ocrx_word' id='word_1_111' title='bbox 1706 1594 1838 1661; x_wconf 88' lang='lat' dir='ltr'><strong><em>Deo,</em></strong></span> <span class='ocrx_word' id='word_1_112' title='bbox 1875 1603 1928 1648; x_wconf 86' lang='lat' dir='ltr'><strong><em>et</em></strong></span> <span class='ocrx_word' id='word_1_113' title='bbox 1961 1594 2030 1648; x_wconf 89' lang='lat' dir='ltr'><strong><em>ab</em></strong></span> 
     </span>
    </p>
   </div>
   <div class='ocr_carea' id='block_1_19' title="bbox 456 1679 1057 1769">
    <p class='ocr_par' dir='ltr' id='par_1_19' title="bbox 456 1679 1057 1769">
     <span class='ocr_line' id='line_1_19' title="bbox 456 1679 1057 1769; baseline -0.012 -14"><span class='ocrx_word' id='word_1_114' title='bbox 456 1703 524 1755; x_wconf 70' lang='lat' dir='ltr'><strong><em>i-is</em></strong></span> <span class='ocrx_word' id='word_1_115' title='bbox 553 1679 798 1769; x_wconf 39' lang='lat' dir='ltr'><strong><em>quatripsi</em></strong></span> <span class='ocrx_word' id='word_1_116' title='bbox 825 1697 1057 1760; x_wconf 87' lang='lat' dir='ltr'><strong><em>placent.</em></strong></span> 
     </span>
    </p>
   </div>
   <div class='ocr_carea' id='block_1_20' title="bbox 527 1753 2101 1854">
    <p class='ocr_par' dir='ltr' id='par_1_20' title="bbox 527 1753 2101 1854">
     <span class='ocr_line' id='line_1_20' title="bbox 527 1753 2101 1854; baseline -0.01 -10"><span class='ocrx_word' id='word_1_117' title='bbox 527 1753 587 1844; x_wconf 64' lang='grc' dir='ltr'><strong><em>θῖ</em></strong></span> <span class='ocrx_word' id='word_1_118' title='bbox 600 1791 644 1844; x_wconf 84' lang='grc' dir='ltr'><em>Α</em></span> <span class='ocrx_word' id='word_1_119' title='bbox 677 1753 918 1842; x_wconf 72' lang='lat' dir='ltr'><strong><em>custodia</em></strong></span> <span class='ocrx_word' id='word_1_120' title='bbox 939 1785 1198 1838; x_wconf 88' lang='lat' dir='ltr'><strong><em>matutina</em></strong></span> <span class='ocrx_word' id='word_1_121' title='bbox 1231 1800 1392 1854; x_wconf 81' lang='lat' dir='ltr'><strong><em>usque</em></strong></span> <span class='ocrx_word' id='word_1_122' title='bbox 1421 1781 1491 1835; x_wconf 87' lang='lat' dir='ltr'><strong><em>ad</em></strong></span> <span class='ocrx_word' id='word_1_123' title='bbox 1527 1789 1730 1834; x_wconf 87' lang='lat' dir='ltr'><strong><em>noctem</em></strong></span> <span class='ocrx_word' id='word_1_124' title='bbox 1750 1787 1917 1848; x_wconf 83' lang='lat' dir='ltr'><strong><em>speret</em></strong></span> <span class='ocrx_word' id='word_1_125' title='bbox 1940 1775 2026 1831; x_wconf 81' lang='lat' dir='ltr'><strong><em>Is-</em></strong></span> <span class='ocrx_word' id='word_1_126' title='bbox 2051 1753 2101 1814; x_wconf 65' lang='grc' dir='ltr'><strong><em>Β</em></strong></span> 
     </span>
    </p>
   </div>
   <div class='ocr_carea' id='block_1_21' title="bbox 457 1870 2034 1946">
    <p class='ocr_par' dir='ltr' id='par_1_21' title="bbox 457 1870 2034 1946">
     <span class='ocr_line' id='line_1_21' title="bbox 457 1870 2034 1946; baseline -0.009 -10"><span class='ocrx_word' id='word_1_127' title='bbox 457 1881 572 1936; x_wconf 82' lang='lat' dir='ltr'><strong><em>rael</em></strong></span> <span class='ocrx_word' id='word_1_128' title='bbox 600 1883 656 1934; x_wconf 87' lang='lat' dir='ltr'><strong><em>in</em></strong></span> <span class='ocrx_word' id='word_1_129' title='bbox 696 1879 942 1932; x_wconf 87' lang='lat' dir='ltr'><strong><em>Domino.</em></strong></span> <span class='ocrx_word' id='word_1_130' title='bbox 978 1875 1202 1946; x_wconf 83' lang='lat' dir='ltr'><strong>Oportet</strong></span> <span class='ocrx_word' id='word_1_131' title='bbox 1231 1878 1376 1929; x_wconf 90' lang='lat' dir='ltr'><strong><em>enim</em></strong></span> <span class='ocrx_word' id='word_1_132' title='bbox 1401 1874 1568 1928; x_wconf 88' lang='lat' dir='ltr'><strong><em>etiam</em></strong></span> <span class='ocrx_word' id='word_1_133' title='bbox 1600 1872 1652 1924; x_wconf 91' lang='lat' dir='ltr'><strong><em>in</em></strong></span> <span class='ocrx_word' id='word_1_134' title='bbox 1688 1870 1933 1924; x_wconf 88' lang='lat' dir='ltr'><strong><em>molestis</em></strong></span> <span class='ocrx_word' id='word_1_135' title='bbox 1956 1884 2034 1922; x_wconf 84' lang='lat' dir='ltr'><strong><em>re-</em></strong></span> 
     </span>
    </p>
   </div>
   <div class='ocr_carea' id='block_1_22' title="bbox 456 1965 2033 2046">
    <p class='ocr_par' dir='ltr' id='par_1_22' title="bbox 456 1965 2033 2046">
     <span class='ocr_line' id='line_1_22' title="bbox 456 1965 2033 2046; baseline -0.011 -14"><span class='ocrx_word' id='word_1_136' title='bbox 456 1978 559 2032; x_wconf 88' lang='lat' dir='ltr'><strong><em>bus</em></strong></span> <span class='ocrx_word' id='word_1_137' title='bbox 593 1974 878 2046; x_wconf 72' lang='lat' dir='ltr'><strong><em>Domiuum</em></strong></span> <span class='ocrx_word' id='word_1_138' title='bbox 911 1980 1248 2040; x_wconf 82' lang='lat' dir='ltr'><strong><em>exspectare.</em></strong></span> <span class='ocrx_word' id='word_1_139' title='bbox 1281 1966 1398 2023; x_wconf 89' lang='lat' dir='ltr'><strong><em>Non</em></strong></span> <span class='ocrx_word' id='word_1_140' title='bbox 1432 1967 1606 2022; x_wconf 91' lang='lat' dir='ltr'><strong><em>solum</em></strong></span> <span class='ocrx_word' id='word_1_141' title='bbox 1643 1967 1787 2019; x_wconf 88' lang='lat' dir='ltr'><strong><em>enim</em></strong></span> <span class='ocrx_word' id='word_1_142' title='bbox 1831 1965 1884 2018; x_wconf 93' lang='lat' dir='ltr'><strong><em>in</em></strong></span> <span class='ocrx_word' id='word_1_143' title='bbox 1916 1978 2033 2016; x_wconf 90' lang='lat' dir='ltr'><strong><em>ma-</em></strong></span> 
     </span>
    </p>
   </div>
   <div class='ocr_carea' id='block_1_23' title="bbox 456 2055 2033 2128">
    <p class='ocr_par' dir='ltr' id='par_1_23' title="bbox 456 2055 2033 2128">
     <span class='ocr_line' id='line_1_23' title="bbox 456 2055 2033 2128; baseline -0.008 -7"><span class='ocrx_word' id='word_1_144' title='bbox 456 2067 634 2121; x_wconf 87' lang='lat' dir='ltr'><strong><em>tutina</em></strong></span> <span class='ocrx_word' id='word_1_145' title='bbox 679 2064 964 2128; x_wconf 88' lang='lat' dir='ltr'><strong><em>custodia,</em></strong></span> <span class='ocrx_word' id='word_1_146' title='bbox 1007 2078 1118 2116; x_wconf 90' lang='lat' dir='ltr'><strong><em>non</em></strong></span> <span class='ocrx_word' id='word_1_147' title='bbox 1159 2060 1455 2128; x_wconf 88' lang='lat' dir='ltr'><strong><em>conspicua</em></strong></span> <span class='ocrx_word' id='word_1_148' title='bbox 1493 2060 1676 2114; x_wconf 83' lang='lat' dir='ltr'><strong><em>omnia</em></strong></span> <span class='ocrx_word' id='word_1_149' title='bbox 1723 2067 1888 2120; x_wconf 88' lang='lat' dir='ltr'><strong><em>sunt,</em></strong></span> <span class='ocrx_word' id='word_1_150' title='bbox 1938 2055 2033 2109; x_wconf 83' lang='lat' dir='ltr'><strong><em>sed</em></strong></span> 
     </span>
    </p>
   </div>
   <div class='ocr_carea' id='block_1_24' title="bbox 454 2144 2033 2227">
    <p class='ocr_par' dir='ltr' id='par_1_24' title="bbox 454 2144 2033 2227">
     <span class='ocr_line' id='line_1_24' title="bbox 454 2144 2033 2227; baseline -0.009 -13"><span class='ocrx_word' id='word_1_151' title='bbox 454 2161 621 2214; x_wconf 88' lang='lat' dir='ltr'><strong><em>etiam</em></strong></span> <span class='ocrx_word' id='word_1_152' title='bbox 675 2172 850 2227; x_wconf 88' lang='lat' dir='ltr'><strong><em>usque</em></strong></span> <span class='ocrx_word' id='word_1_153' title='bbox 878 2156 946 2210; x_wconf 90' lang='lat' dir='ltr'><strong><em>ad</em></strong></span> <span class='ocrx_word' id='word_1_154' title='bbox 990 2154 1277 2208; x_wconf 85' lang='lat' dir='ltr'><strong><em>tenebrosa</em></strong></span> <span class='ocrx_word' id='word_1_155' title='bbox 1322 2151 1534 2221; x_wconf 75' lang='lat' dir='ltr'><strong><em>negotia</em></strong></span> <span class='ocrx_word' id='word_1_156' title='bbox 1575 2156 1629 2202; x_wconf 90' lang='lat' dir='ltr'><strong><em>et</em></strong></span> <span class='ocrx_word' id='word_1_157' title='bbox 1675 2158 1887 2202; x_wconf 81' lang='lat' dir='ltr'><strong><em>eventa.</em></strong></span> <span class='ocrx_word' id='word_1_158' title='bbox 1925 2144 2033 2200; x_wconf 89' lang='lat' dir='ltr'><strong><em>Sed</em></strong></span> 
     </span>
    </p>
   </div>
   <div class='ocr_carea' id='block_1_25' title="bbox 454 2241 2033 2314">
    <p class='ocr_par' dir='ltr' id='par_1_25' title="bbox 454 2241 2033 2314">
     <span class='ocr_line' id='line_1_25' title="bbox 454 2241 2033 2314; baseline -0.011 -6"><span class='ocrx_word' id='word_1_159' title='bbox 454 2255 669 2309; x_wconf 86' lang='lat' dir='ltr'><strong><em>oriente</em></strong></span> <span class='ocrx_word' id='word_1_160' title='bbox 689 2267 814 2307; x_wconf 86' lang='lat' dir='ltr'><strong><em>vero</em></strong></span> <span class='ocrx_word' id='word_1_161' title='bbox 835 2250 1061 2314; x_wconf 86' lang='lat' dir='ltr'><strong><em>lumine,</em></strong></span> <span class='ocrx_word' id='word_1_162' title='bbox 1082 2261 1234 2301; x_wconf 85' lang='lat' dir='ltr'><strong><em>mens</em></strong></span> <span class='ocrx_word' id='word_1_163' title='bbox 1255 2244 1558 2314; x_wconf 84' lang='lat' dir='ltr'><strong><em>perspicax,</em></strong></span> <span class='ocrx_word' id='word_1_164' title='bbox 1577 2241 1820 2296; x_wconf 70' lang='lat' dir='ltr'><strong><em>laetarum</em></strong></span> <span class='ocrx_word' id='word_1_165' title='bbox 1849 2253 2033 2292; x_wconf 90' lang='lat' dir='ltr'><strong><em>rerum</em></strong></span> 
     </span>
    </p>
   </div>
   <div class='ocr_carea' id='block_1_26' title="bbox 457 2329 2032 2416">
    <p class='ocr_par' dir='ltr' id='par_1_26' title="bbox 457 2329 2032 2416">
     <span class='ocr_line' id='line_1_26' title="bbox 457 2329 2032 2416; baseline -0.011 -17"><span class='ocrx_word' id='word_1_166' title='bbox 457 2354 830 2416; x_wconf 81' lang='lat' dir='ltr'><strong><em>augmentum,</em></strong></span> <span class='ocrx_word' id='word_1_167' title='bbox 870 2339 1110 2396; x_wconf 88' lang='lat' dir='ltr'><strong><em>tristium</em></strong></span> <span class='ocrx_word' id='word_1_168' title='bbox 1139 2337 1463 2391; x_wconf 74' lang='lat' dir='ltr'><strong><em>vacuitatem</em></strong></span> <span class='ocrx_word' id='word_1_169' title='bbox 1501 2333 1729 2402; x_wconf 81' lang='lat' dir='ltr'><strong><em>accipit;</em></strong></span> <span class='ocrx_word' id='word_1_170' title='bbox 1765 2338 1944 2400; x_wconf 84' lang='lat' dir='ltr'><strong><em>speret</em></strong></span> <span class='ocrx_word' id='word_1_171' title='bbox 1974 2329 2032 2382; x_wconf 91' lang='lat' dir='ltr'><strong><em>in</em></strong></span> 
     </span>
    </p>
   </div>
   <div class='ocr_carea' id='block_1_27' title="bbox 457 2420 2033 2504">
    <p class='ocr_par' dir='ltr' id='par_1_27' title="bbox 457 2420 2033 2504">
     <span class='ocr_line' id='line_1_27' title="bbox 457 2420 2033 2504; baseline -0.012 -13"><span class='ocrx_word' id='word_1_172' title='bbox 457 2437 609 2491; x_wconf 91' lang='lat' dir='ltr'><strong><em>illum</em></strong></span> <span class='ocrx_word' id='word_1_173' title='bbox 641 2432 800 2504; x_wconf 89' lang='lat' dir='ltr'><strong><em>quasi</em></strong></span> <span class='ocrx_word' id='word_1_174' title='bbox 831 2432 886 2485; x_wconf 87' lang='lat' dir='ltr'><strong><em>in</em></strong></span> <span class='ocrx_word' id='word_1_175' title='bbox 915 2430 1120 2485; x_wconf 84' lang='lat' dir='ltr'><strong><em>fontem</em></strong></span> <span class='ocrx_word' id='word_1_176' title='bbox 1145 2446 1158 2494; x_wconf 93' lang='lat'>;</span> <span class='ocrx_word' id='word_1_177' title='bbox 1187 2427 1330 2497; x_wconf 87' lang='lat' dir='ltr'><strong><em>apud</em></strong></span> <span class='ocrx_word' id='word_1_178' title='bbox 1359 2426 1511 2480; x_wconf 88' lang='lat' dir='ltr'><strong><em>illum</em></strong></span> <span class='ocrx_word' id='word_1_179' title='bbox 1545 2437 1782 2492; x_wconf 88' lang='lat' dir='ltr'><strong><em>namque</em></strong></span> <span class='ocrx_word' id='word_1_180' title='bbox 1809 2430 1894 2476; x_wconf 91' lang='lat' dir='ltr'><strong><em>est</em></strong></span> <span class='ocrx_word' id='word_1_181' title='bbox 1929 2420 2033 2474; x_wconf 88' lang='lat' dir='ltr'><strong><em>mi-</em></strong></span> 
     </span>
    </p>
   </div>
   <div class='ocr_carea' id='block_1_28' title="bbox 453 2511 2033 2594">
    <p class='ocr_par' dir='ltr' id='par_1_28' title="bbox 453 2511 2033 2594">
     <span class='ocr_line' id='line_1_28' title="bbox 453 2511 2033 2594; baseline -0.013 -11"><span class='ocrx_word' id='word_1_182' title='bbox 453 2525 756 2583; x_wconf 83' lang='lat' dir='ltr'><strong><em>sericordia</em></strong></span> <span class='ocrx_word' id='word_1_183' title='bbox 789 2525 882 2594; x_wconf 88' lang='lat' dir='ltr'><strong><em>qui</em></strong></span> <span class='ocrx_word' id='word_1_184' title='bbox 909 2521 1207 2590; x_wconf 83' lang='lat' dir='ltr'><strong><em>redemptio</em></strong></span> <span class='ocrx_word' id='word_1_185' title='bbox 1248 2527 1333 2574; x_wconf 87' lang='lat' dir='ltr'><strong><em>est</em></strong></span> <span class='ocrx_word' id='word_1_186' title='bbox 1365 2526 1420 2572; x_wconf 89' lang='lat' dir='ltr'><strong><em>et</em></strong></span> <span class='ocrx_word' id='word_1_187' title='bbox 1440 2514 1773 2586; x_wconf 86' lang='lat' dir='ltr'><strong><em>propitiatio,</em></strong></span> <span class='ocrx_word' id='word_1_188' title='bbox 1803 2512 1897 2582; x_wconf 87' lang='lat' dir='ltr'><strong><em>qui</em></strong></span> <span class='ocrx_word' id='word_1_189' title='bbox 1918 2511 2033 2564; x_wconf 81' lang='lat' dir='ltr'><strong><em>vir-</em></strong></span> 
     </span>
    </p>
   </div>
   <div class='ocr_carea' id='block_1_29' title="bbox 455 2619 1259 2688">
    <p class='ocr_par' dir='ltr' id='par_1_29' title="bbox 455 2619 1259 2688">
     <span class='ocr_line' id='line_1_29' title="bbox 455 2619 1259 2688; baseline -0.016 -12"><span class='ocrx_word' id='word_1_190' title='bbox 455 2628 571 2676; x_wconf 86' lang='lat' dir='ltr'><strong><em>tute</em></strong></span> <span class='ocrx_word' id='word_1_191' title='bbox 594 2619 764 2673; x_wconf 87' lang='lat' dir='ltr'><strong><em>multa</em></strong></span> <span class='ocrx_word' id='word_1_192' title='bbox 796 2625 1016 2688; x_wconf 89' lang='lat' dir='ltr'><strong><em>peccata</em></strong></span> <span class='ocrx_word' id='word_1_193' title='bbox 1045 2619 1259 2687; x_wconf 80' lang='lat' dir='ltr'><strong><em>purgat.</em></strong></span> 
     </span>
    </p>
   </div>
   <div class='ocr_carea' id='block_1_30' title="bbox 833 2783 1678 2858">
    <p class='ocr_par' dir='ltr' id='par_1_30' title="bbox 833 2783 1678 2858">
     <span class='ocr_line' id='line_1_30' title="bbox 833 2783 1678 2858; baseline -0.013 -11"><span class='ocrx_word' id='word_1_194' title='bbox 833 2790 1113 2847; x_wconf 81' lang='lat' dir='ltr'><strong><em>Canticum</em></strong></span> <span class='ocrx_word' id='word_1_195' title='bbox 1137 2787 1422 2858; x_wconf 80' lang='lat' dir='ltr'><strong><em>graduum.</em></strong></span> <span class='ocrx_word' id='word_1_196' title='bbox 1455 2783 1678 2840; x_wconf 78' lang='lat' dir='ltr'><strong><em>CXXX.</em></strong></span> 
     </span>
    </p>
   </div>
   <div class='ocr_carea' id='block_1_31' title="bbox 1043 2885 1446 2952">
    <p class='ocr_par' dir='ltr' id='par_1_31' title="bbox 1043 2885 1446 2952">
     <span class='ocr_line' id='line_1_31' title="bbox 1043 2885 1446 2952; baseline -0.007 -16"><span class='ocrx_word' id='word_1_197' title='bbox 1043 2885 1446 2952; x_wconf 80' lang='lat' dir='ltr'><strong><em>Argumentum.</em></strong></span> 
     </span>
    </p>
   </div>
   <div class='ocr_carea' id='block_1_32' title="bbox 457 2967 2034 3039">
    <p class='ocr_par' dir='ltr' id='par_1_32' title="bbox 457 2967 2034 3039">
     <span class='ocr_line' id='line_1_32' title="bbox 457 2967 2034 3039; baseline -0.007 -6"><span class='ocrx_word' id='word_1_198' title='bbox 457 2977 847 3033; x_wconf 84' lang='lat' dir='ltr'><strong><em>Duodecimum</em></strong></span> <span class='ocrx_word' id='word_1_199' title='bbox 881 2981 1154 3029; x_wconf 78' lang='lat' dir='ltr'><strong><em>canticum</em></strong></span> <span class='ocrx_word' id='word_1_200' title='bbox 1187 2971 1346 3026; x_wconf 84' lang='lat' dir='ltr'><strong><em>docet</em></strong></span> <span class='ocrx_word' id='word_1_201' title='bbox 1372 2985 1497 3024; x_wconf 91' lang='lat' dir='ltr'><strong><em>eum</em></strong></span> <span class='ocrx_word' id='word_1_202' title='bbox 1530 2969 1621 3039; x_wconf 89' lang='lat' dir='ltr'><strong><em>qui</em></strong></span> <span class='ocrx_word' id='word_1_203' title='bbox 1652 2967 2034 3038; x_wconf 78' lang='lat' dir='ltr'><strong><em>prapitiatione</em></strong></span> 
     </span>
    </p>
   </div>
   <div class='ocr_carea' id='block_1_33' title="bbox 526 3059 2030 3130">
    <p class='ocr_par' dir='ltr' id='par_1_33' title="bbox 526 3059 2030 3130">
     <span class='ocr_line' id='line_1_33' title="bbox 526 3059 2030 3130; baseline -0.007 -7"><span class='ocrx_word' id='word_1_204' title='bbox 526 3069 765 3123; x_wconf 88' lang='lat' dir='ltr'><strong><em>donatus</em></strong></span> <span class='ocrx_word' id='word_1_205' title='bbox 817 3063 954 3129; x_wconf 77' lang='lat' dir='ltr'><strong><em>fuit,</em></strong></span> <span class='ocrx_word' id='word_1_206' title='bbox 991 3078 1060 3118; x_wconf 93' lang='lat' dir='ltr'><strong><em>ne</em></strong></span> <span class='ocrx_word' id='word_1_207' title='bbox 1101 3061 1276 3117; x_wconf 87' lang='lat' dir='ltr'><strong><em>ﬁdens</em></strong></span> <span class='ocrx_word' id='word_1_208' title='bbox 1329 3076 1430 3116; x_wconf 88' lang='lat' dir='ltr'><strong><em>suo</em></strong></span> <span class='ocrx_word' id='word_1_209' title='bbox 1461 3059 1707 3130; x_wconf 81' lang='lat' dir='ltr'><strong><em>profectu</em></strong></span> <span class='ocrx_word' id='word_1_210' title='bbox 1741 3059 2030 3124; x_wconf 79' lang='lat' dir='ltr'><strong><em>exaltetur,</em></strong></span> 
     </span>
    </p>
   </div>
   <div class='ocr_carea' id='block_1_34' title="bbox 528 3154 1181 3215">
    <p class='ocr_par' dir='ltr' id='par_1_34' title="bbox 528 3154 1181 3215">
     <span class='ocr_line' id='line_1_34' title="bbox 528 3154 1181 3215; baseline -0.011 0"><span class='ocrx_word' id='word_1_211' title='bbox 528 3159 624 3215; x_wconf 86' lang='lat' dir='ltr'><strong><em>sed</em></strong></span> <span class='ocrx_word' id='word_1_212' title='bbox 655 3157 936 3213; x_wconf 84' lang='lat' dir='ltr'><strong><em>humiliter</em></strong></span> <span class='ocrx_word' id='word_1_213' title='bbox 958 3154 1181 3212; x_wconf 86' lang='lat' dir='ltr'><strong><em>sentiat.</em></strong></span> 
     </span>
    </p>
   </div>
   <div class='ocr_carea' id='block_1_35' title="bbox 531 3242 2034 3317">
    <p class='ocr_par' dir='ltr' id='par_1_35' title="bbox 531 3242 2034 3317">
     <span class='ocr_line' id='line_1_35' title="bbox 531 3242 2034 3317; baseline -0.006 -12"><span class='ocrx_word' id='word_1_214' title='bbox 531 3251 778 3317; x_wconf 86' lang='lat' dir='ltr'><strong><em>Domine,</em></strong></span> <span class='ocrx_word' id='word_1_215' title='bbox 807 3266 910 3303; x_wconf 90' lang='lat' dir='ltr'><strong><em>non</em></strong></span> <span class='ocrx_word' id='word_1_216' title='bbox 935 3258 1011 3302; x_wconf 86' lang='lat' dir='ltr'><strong><em>est</em></strong></span> <span class='ocrx_word' id='word_1_217' title='bbox 1033 3247 1326 3302; x_wconf 71' lang='lat' dir='ltr'><strong><em>exaltatum</em></strong></span> <span class='ocrx_word' id='word_1_218' title='bbox 1349 3262 1440 3300; x_wconf 88' lang='lat' dir='ltr'><strong><em>cor</em></strong></span> <span class='ocrx_word' id='word_1_219' title='bbox 1461 3260 1698 3300; x_wconf 88' lang='lat' dir='ltr'><strong><em>meum...</em></strong></span> <span class='ocrx_word' id='word_1_220' title='bbox 1725 3242 1903 3314; x_wconf 69' lang='lat' dir='ltr'><strong><em>Neque</em></strong></span> <span class='ocrx_word' id='word_1_221' title='bbox 1919 3259 2034 3297; x_wconf 88' lang='lat' dir='ltr'><strong><em>am-</em></strong></span> 
     </span>
    </p>
   </div>
   <div class='ocr_carea' id='block_1_36' title="bbox 453 3337 2030 3412">
    <p class='ocr_par' dir='ltr' id='par_1_36' title="bbox 453 3337 2030 3412">
     <span class='ocr_line' id='line_1_36' title="bbox 453 3337 2030 3412; baseline -0.008 -12"><span class='ocrx_word' id='word_1_222' title='bbox 453 3344 637 3400; x_wconf 57' lang='lat' dir='ltr'><strong><em>oulaui</em></strong></span> <span class='ocrx_word' id='word_1_223' title='bbox 678 3343 737 3396; x_wconf 83' lang='lat' dir='ltr'><strong><em>in</em></strong></span> <span class='ocrx_word' id='word_1_224' title='bbox 781 3341 1022 3412; x_wconf 86' lang='lat' dir='ltr'><strong><em>magnis,</em></strong></span> <span class='ocrx_word' id='word_1_225' title='bbox 1062 3355 1222 3408; x_wconf 86' lang='lat' dir='ltr'><strong><em>neque</em></strong></span> <span class='ocrx_word' id='word_1_226' title='bbox 1256 3339 1312 3391; x_wconf 86' lang='lat' dir='ltr'><strong><em>in</em></strong></span> <span class='ocrx_word' id='word_1_227' title='bbox 1353 3337 1684 3392; x_wconf 81' lang='lat' dir='ltr'><strong><em>mirabilibus</em></strong></span> <span class='ocrx_word' id='word_1_228' title='bbox 1736 3352 1890 3405; x_wconf 80' lang='lat' dir='ltr'><strong><em>super</em></strong></span> <span class='ocrx_word' id='word_1_229' title='bbox 1929 3352 2030 3401; x_wconf 88' lang='lat' dir='ltr'><strong><em>me,</em></strong></span> 
     </span>
    </p>
   </div>
   <div class='ocr_carea' id='block_1_37' title="bbox 457 3429 2033 3504">
    <p class='ocr_par' dir='ltr' id='par_1_37' title="bbox 457 3429 2033 3504">
     <span class='ocr_line' id='line_1_37' title="bbox 457 3429 2033 3504; baseline -0.005 -14"><span class='ocrx_word' id='word_1_230' title='bbox 457 3446 565 3490; x_wconf 89' lang='lat' dir='ltr'><strong><em>etc.</em></strong></span> <span class='ocrx_word' id='word_1_231' title='bbox 606 3433 677 3489; x_wconf 87' lang='lat' dir='ltr'><strong><em>Ut</em></strong></span> <span class='ocrx_word' id='word_1_232' title='bbox 697 3432 822 3504; x_wconf 89' lang='lat' dir='ltr'><strong><em>quis</em></strong></span> <span class='ocrx_word' id='word_1_233' title='bbox 855 3447 964 3487; x_wconf 89' lang='lat' dir='ltr'><strong><em>non</em></strong></span> <span class='ocrx_word' id='word_1_234' title='bbox 996 3429 1284 3496; x_wconf 77' lang='lat' dir='ltr'><strong><em>exaltetur,</em></strong></span> <span class='ocrx_word' id='word_1_235' title='bbox 1308 3429 1385 3483; x_wconf 87' lang='lat' dir='ltr'><strong><em>ait</em></strong></span> <span class='ocrx_word' id='word_1_236' title='bbox 1412 3429 1744 3484; x_wconf 84' lang='lat' dir='ltr'><strong><em>contrariam</em></strong></span> <span class='ocrx_word' id='word_1_237' title='bbox 1776 3431 2033 3484; x_wconf 81' lang='lat' dir='ltr'><strong><em>virtutem</em></strong></span> 
     </span>
    </p>
   </div>
   <div class='ocr_carea' id='block_1_38' title="bbox 458 3519 2035 3592">
    <p class='ocr_par' dir='ltr' id='par_1_38' title="bbox 458 3519 2035 3592">
     <span class='ocr_line' id='line_1_38' title="bbox 458 3519 2035 3592; baseline -0.005 -9"><span class='ocrx_word' id='word_1_238' title='bbox 458 3542 582 3583; x_wconf 82' lang='lat' dir='ltr'><strong><em>esse</em></strong></span> <span class='ocrx_word' id='word_1_239' title='bbox 622 3525 916 3581; x_wconf 83' lang='lat' dir='ltr'><strong><em>admodum</em></strong></span> <span class='ocrx_word' id='word_1_240' title='bbox 961 3522 1170 3588; x_wconf 87' lang='lat' dir='ltr'><strong><em>utilem,</em></strong></span> <span class='ocrx_word' id='word_1_241' title='bbox 1220 3537 1382 3592; x_wconf 90' lang='lat' dir='ltr'><strong><em>quam</em></strong></span> <span class='ocrx_word' id='word_1_242' title='bbox 1427 3519 1673 3574; x_wconf 82' lang='lat' dir='ltr'><strong><em>Salvator</em></strong></span> <span class='ocrx_word' id='word_1_243' title='bbox 1713 3520 1902 3575; x_wconf 84' lang='lat' dir='ltr'><strong><em>docuit</em></strong></span> <span class='ocrx_word' id='word_1_244' title='bbox 1947 3521 2035 3576; x_wconf 90' lang='lat' dir='ltr'><strong><em>his</em></strong></span> 
     </span>
    </p>
   </div>
   <div class='ocr_carea' id='block_1_39' title="bbox 459 3612 2035 3682">
    <p class='ocr_par' dir='ltr' id='par_1_39' title="bbox 459 3612 2035 3682">
     <span class='ocr_line' id='line_1_39' title="bbox 459 3612 2035 3682; baseline -0.006 -8"><span class='ocrx_word' id='word_1_245' title='bbox 459 3618 676 3674; x_wconf 82' lang='lat' dir='ltr'><strong><em>verbis:</em></strong></span> <span class='ocrx_word' id='word_1_246' title='bbox 706 3614 833 3670; x_wconf 80' lang='lat' dir='ltr'><strong><em>Nisi</em></strong></span> <span class='ocrx_word' id='word_1_247' title='bbox 862 3615 1092 3668; x_wconf 78' lang='lat' dir='ltr'><strong><em>conversi</em></strong></span> <span class='ocrx_word' id='word_1_248' title='bbox 1123 3613 1330 3682; x_wconf 83' lang='lat' dir='ltr'><strong><em>fueritis</em></strong></span> <span class='ocrx_word' id='word_1_249' title='bbox 1355 3621 1405 3667; x_wconf 85' lang='lat' dir='ltr'><strong><em>et</em></strong></span> <span class='ocrx_word' id='word_1_250' title='bbox 1429 3612 1728 3682; x_wconf 69' lang='lat' dir='ltr'><strong><em>eﬂ‘iciamini</em></strong></span> <span class='ocrx_word' id='word_1_251' title='bbox 1757 3613 1888 3666; x_wconf 81' lang='lat' dir='ltr'><strong><em>sicut</em></strong></span> <span class='ocrx_word' id='word_1_252' title='bbox 1910 3628 2035 3681; x_wconf 76' lang='lat' dir='ltr'><strong><em>par-</em></strong></span> 
     </span>
    </p>
   </div>
   <div class='ocr_carea' id='block_1_40' title="bbox 459 3703 2033 3775">
    <p class='ocr_par' dir='ltr' id='par_1_40' title="bbox 459 3703 2033 3775">
     <span class='ocr_line' id='line_1_40' title="bbox 459 3703 2033 3775; baseline -0.001 -12"><span class='ocrx_word' id='word_1_253' title='bbox 459 3709 592 3774; x_wconf 75' lang='lat' dir='ltr'><strong><em>vuli,</em></strong></span> <span class='ocrx_word' id='word_1_254' title='bbox 629 3724 736 3762; x_wconf 86' lang='lat' dir='ltr'><strong><em>non</em></strong></span> <span class='ocrx_word' id='word_1_255' title='bbox 764 3705 1031 3761; x_wconf 77' lang='lat' dir='ltr'><strong><em>intrabttis</em></strong></span> <span class='ocrx_word' id='word_1_256' title='bbox 1061 3705 1115 3758; x_wconf 89' lang='lat' dir='ltr'><strong><em>in</em></strong></span> <span class='ocrx_word' id='word_1_257' title='bbox 1132 3721 1347 3775; x_wconf 83' lang='lat' dir='ltr'><strong><em>regnum</em></strong></span> <span class='ocrx_word' id='word_1_258' title='bbox 1364 3705 1613 3758; x_wconf 77' lang='lat' dir='ltr'><strong><em>ctelorum</em></strong></span> <span class='ocrx_word' id='word_1_259' title='bbox 1632 3704 1699 3758; x_wconf 76' lang='grc'>⁸⁸.</span> <span class='ocrx_word' id='word_1_260' title='bbox 1716 3703 2033 3761; x_wconf 79' lang='lat' dir='ltr'><strong><em>Ablaclatos</em></strong></span> 
     </span>
    </p>
   </div>
   <div class='ocr_carea' id='block_1_41' title="bbox 456 3794 2035 3868">
    <p class='ocr_par' dir='ltr' id='par_1_41' title="bbox 456 3794 2035 3868">
     <span class='ocr_line' id='line_1_41' title="bbox 456 3794 2035 3868; baseline -0.001 -14"><span class='ocrx_word' id='word_1_261' title='bbox 456 3808 648 3855; x_wconf 82' lang='lat' dir='ltr'><strong><em>autem</em></strong></span> <span class='ocrx_word' id='word_1_262' title='bbox 678 3813 879 3868; x_wconf 91' lang='lat' dir='ltr'><strong><em>pueros</em></strong></span> <span class='ocrx_word' id='word_1_263' title='bbox 903 3797 1056 3862; x_wconf 86' lang='lat' dir='ltr'><strong><em>dicit,</em></strong></span> <span class='ocrx_word' id='word_1_264' title='bbox 1099 3797 1505 3852; x_wconf 78' lang='lat' dir='ltr'><strong><em>tribulationem</em></strong></span> <span class='ocrx_word' id='word_1_265' title='bbox 1561 3796 1893 3867; x_wconf 80' lang='lat' dir='ltr'><strong><em>signiﬁcans.</em></strong></span> <span class='ocrx_word' id='word_1_266' title='bbox 1941 3794 2035 3852; x_wconf 87' lang='lat' dir='ltr'><strong><em>Et-</em></strong></span> 
     </span>
    </p>
   </div>
   <div class='ocr_carea' id='block_1_42' title="bbox 461 3887 2032 3953">
    <p class='ocr_par' dir='ltr' id='par_1_42' title="bbox 461 3887 2032 3953">
     <span class='ocr_line' id='line_1_42' title="bbox 461 3887 2032 3953; baseline -0.002 -8"><span class='ocrx_word' id='word_1_267' title='bbox 461 3893 606 3945; x_wconf 90' lang='lat' dir='ltr'><strong><em>enim</em></strong></span> <span class='ocrx_word' id='word_1_268' title='bbox 631 3891 851 3945; x_wconf 88' lang='lat' dir='ltr'><strong><em>nonnisi</em></strong></span> <span class='ocrx_word' id='word_1_269' title='bbox 903 3905 1028 3945; x_wconf 90' lang='lat' dir='ltr'><strong><em>cum</em></strong></span> <span class='ocrx_word' id='word_1_270' title='bbox 1059 3889 1272 3943; x_wconf 86' lang='lat' dir='ltr'><strong><em>ﬂetibus</em></strong></span> <span class='ocrx_word' id='word_1_271' title='bbox 1302 3887 1483 3943; x_wconf 78' lang='lat' dir='ltr'><strong><em>infans</em></strong></span> <span class='ocrx_word' id='word_1_272' title='bbox 1516 3903 1546 3941; x_wconf 89' lang='lat' dir='ltr'><strong><em>a</em></strong></span> <span class='ocrx_word' id='word_1_273' title='bbox 1576 3896 1751 3942; x_wconf 85' lang='lat' dir='ltr'><strong><em>matre</em></strong></span> <span class='ocrx_word' id='word_1_274' title='bbox 1782 3888 2032 3953; x_wconf 85' lang='lat' dir='ltr'><strong><em>discedit,</em></strong></span> 
     </span>
    </p>
   </div>
   <div class='ocr_carea' id='block_1_43' title="bbox 461 3979 2030 4053">
    <p class='ocr_par' dir='ltr' id='par_1_43' title="bbox 461 3979 2030 4053">
     <span class='ocr_line' id='line_1_43' title="bbox 461 3979 2030 4053; baseline -0.001 -17"><span class='ocrx_word' id='word_1_275' title='bbox 461 3983 652 4038; x_wconf 84' lang='lat' dir='ltr'><strong><em>dolens</em></strong></span> <span class='ocrx_word' id='word_1_276' title='bbox 684 3981 830 4052; x_wconf 89' lang='lat' dir='ltr'><strong><em>quod</em></strong></span> <span class='ocrx_word' id='word_1_277' title='bbox 857 3981 997 4037; x_wconf 86' lang='lat' dir='ltr'><strong><em>lacte</em></strong></span> <span class='ocrx_word' id='word_1_278' title='bbox 1017 3979 1258 4049; x_wconf 77' lang='lat' dir='ltr'><strong><em>privatus</em></strong></span> <span class='ocrx_word' id='word_1_279' title='bbox 1290 3982 1471 4035; x_wconf 56' lang='lat' dir='ltr'><strong><em>fuerit.</em></strong></span> <span class='ocrx_word' id='word_1_280' title='bbox 1505 3980 1585 4035; x_wconf 85' lang='lat' dir='ltr'><strong><em>ita</em></strong></span> <span class='ocrx_word' id='word_1_281' title='bbox 1609 3989 1664 4036; x_wconf 90' lang='lat' dir='ltr'><strong><em>et</em></strong></span> <span class='ocrx_word' id='word_1_282' title='bbox 1686 3996 1808 4052; x_wconf 81' lang='lat' dir='ltr'><strong><em>ego,</em></strong></span> <span class='ocrx_word' id='word_1_283' title='bbox 1832 3982 2030 4053; x_wconf 88' lang='lat' dir='ltr'><strong><em>inquit,</em></strong></span> 
     </span>
    </p>
   </div>
   <div class='ocr_carea' id='block_1_44' title="bbox 460 4072 2034 4145">
    <p class='ocr_par' dir='ltr' id='par_1_44' title="bbox 460 4072 2034 4145">
     <span class='ocr_line' id='line_1_44' title="bbox 460 4072 2034 4145; baseline -0.001 -16"><span class='ocrx_word' id='word_1_284' title='bbox 460 4076 518 4129; x_wconf 91' lang='lat' dir='ltr'><strong><em>in</em></strong></span> <span class='ocrx_word' id='word_1_285' title='bbox 541 4075 803 4130; x_wconf 82' lang='lat' dir='ltr'><strong><em>aerumnis</em></strong></span> <span class='ocrx_word' id='word_1_286' title='bbox 845 4074 1070 4145; x_wconf 79' lang='lat' dir='ltr'><strong><em>degens,</em></strong></span> <span class='ocrx_word' id='word_1_287' title='bbox 1101 4087 1313 4142; x_wconf 87' lang='lat' dir='ltr'><strong><em>semper</em></strong></span> <span class='ocrx_word' id='word_1_288' title='bbox 1345 4072 1514 4128; x_wconf 91' lang='lat' dir='ltr'><strong><em>Deum</em></strong></span> <span class='ocrx_word' id='word_1_289' title='bbox 1550 4089 1761 4144; x_wconf 87' lang='lat' dir='ltr'><strong><em>precor.</em></strong></span> <span class='ocrx_word' id='word_1_290' title='bbox 1803 4073 1956 4140; x_wconf 86' lang='lat' dir='ltr'><strong><em>Quod</em></strong></span> <span class='ocrx_word' id='word_1_291' title='bbox 1987 4075 2034 4130; x_wconf 91' lang='lat' dir='ltr'><strong><em>si</em></strong></span> 
     </span>
    </p>
   </div>
   <div class='ocr_carea' id='block_1_45' title="bbox 454 4163 2035 4235">
    <p class='ocr_par' dir='ltr' id='par_1_45' title="bbox 454 4163 2035 4235">
     <span class='ocr_line' id='line_1_45' title="bbox 454 4163 2035 4235; baseline 0.001 -15"><span class='ocrx_word' id='word_1_292' title='bbox 454 4180 572 4220; x_wconf 84' lang='lat' dir='ltr'><strong><em>non</em></strong></span> <span class='ocrx_word' id='word_1_293' title='bbox 607 4166 682 4221; x_wconf 88' lang='lat' dir='ltr'><strong><em>ita</em></strong></span> <span class='ocrx_word' id='word_1_294' title='bbox 709 4163 937 4220; x_wconf 69' lang='lat' dir='ltr'><strong><em>aﬁ‘ectus</em></strong></span> <span class='ocrx_word' id='word_1_295' title='bbox 968 4179 1168 4232; x_wconf 89' lang='lat' dir='ltr'><strong><em>essem,</em></strong></span> <span class='ocrx_word' id='word_1_296' title='bbox 1194 4176 1498 4220; x_wconf 83' lang='lat' dir='ltr'><strong><em>extremum</em></strong></span> <span class='ocrx_word' id='word_1_297' title='bbox 1544 4166 1871 4235; x_wconf 89' lang='lat' dir='ltr'><strong><em>supplicium</em></strong></span> <span class='ocrx_word' id='word_1_298' title='bbox 1915 4167 2035 4221; x_wconf 84' lang='lat' dir='ltr'><strong><em>lue-</em></strong></span> 
     </span>
    </p>
   </div>
   <div class='ocr_carea' id='block_1_46' title="bbox 455 4272 598 4314">
    <p class='ocr_par' dir='ltr' id='par_1_46' title="bbox 455 4272 598 4314">
     <span class='ocr_line' id='line_1_46' title="bbox 455 4272 598 4314; baseline -0.007 -1"><span class='ocrx_word' id='word_1_299' title='bbox 455 4272 598 4314; x_wconf 63' lang='lat' dir='ltr'><strong><em>Nm.</em></strong></span> 
     </span>
    </p>
   </div>
   <div class='ocr_carea' id='block_1_47' title="bbox 815 4339 1678 4418">
    <p class='ocr_par' dir='ltr' id='par_1_47' title="bbox 815 4339 1678 4418">
     <span class='ocr_line' id='line_1_47' title="bbox 815 4339 1678 4418; baseline -0.003 -15"><span class='ocrx_word' id='word_1_300' title='bbox 815 4339 1094 4403; x_wconf 74' lang='lat' dir='ltr'><strong><em>Canticum</em></strong></span> <span class='ocrx_word' id='word_1_301' title='bbox 1123 4350 1403 4418; x_wconf 87' lang='lat' dir='ltr'><strong><em>graduum.</em></strong></span> <span class='ocrx_word' id='word_1_302' title='bbox 1424 4347 1678 4402; x_wconf 74' lang='grc' dir='ltr'><strong><em>ΕΧΧΧι.</em></strong></span> 
     </span>
    </p>
   </div>
   <div class='ocr_carea' id='block_1_48' title="bbox 1059 4441 1458 4510">
    <p class='ocr_par' dir='ltr' id='par_1_48' title="bbox 1059 4441 1458 4510">
     <span class='ocr_line' id='line_1_48' title="bbox 1059 4441 1458 4510; baseline -0.005 -15"><span class='ocrx_word' id='word_1_303' title='bbox 1059 4441 1458 4510; x_wconf 83' lang='lat' dir='ltr'><strong><em>Argumentum.</em></strong></span> 
     </span>
    </p>
   </div>
   <div class='ocr_carea' id='block_1_49' title="bbox 462 4533 2038 4605">
    <p class='ocr_par' dir='ltr' id='par_1_49' title="bbox 462 4533 2038 4605">
     <span class='ocr_line' id='line_1_49' title="bbox 462 4533 2038 4605; baseline 0.001 -17"><span class='ocrx_word' id='word_1_304' title='bbox 462 4534 746 4590; x_wconf 88' lang='lat' dir='ltr'><strong><em>Decimum</em></strong></span> <span class='ocrx_word' id='word_1_305' title='bbox 771 4533 989 4588; x_wconf 90' lang='lat' dir='ltr'><strong><em>tertium</em></strong></span> <span class='ocrx_word' id='word_1_306' title='bbox 1016 4533 1289 4588; x_wconf 87' lang='lat' dir='ltr'><strong><em>canticum</em></strong></span> <span class='ocrx_word' id='word_1_307' title='bbox 1329 4533 1630 4586; x_wconf 86' lang='lat' dir='ltr'><strong><em>orationem</em></strong></span> <span class='ocrx_word' id='word_1_308' title='bbox 1669 4545 1912 4588; x_wconf 84' lang='lat' dir='ltr'><strong><em>continet</em></strong></span> <span class='ocrx_word' id='word_1_309' title='bbox 1938 4549 2038 4605; x_wconf 88' lang='lat' dir='ltr'><strong><em>pro</em></strong></span> 
     </span>
    </p>
   </div>
   <div class='ocr_carea' id='block_1_50' title="bbox 535 4625 2037 4696">
    <p class='ocr_par' dir='ltr' id='par_1_50' title="bbox 535 4625 2037 4696">
     <span class='ocr_line' id='line_1_50' title="bbox 535 4625 2037 4696; baseline 0.001 -16"><span class='ocrx_word' id='word_1_310' title='bbox 535 4627 759 4682; x_wconf 87' lang='lat' dir='ltr'><strong><em>Davide.</em></strong></span> <span class='ocrx_word' id='word_1_311' title='bbox 790 4625 925 4681; x_wconf 89' lang='lat' dir='ltr'><strong><em>Nam</em></strong></span> <span class='ocrx_word' id='word_1_312' title='bbox 961 4642 1086 4682; x_wconf 90' lang='lat' dir='ltr'><strong><em>cum</em></strong></span> <span class='ocrx_word' id='word_1_313' title='bbox 1125 4625 1436 4696; x_wconf 87' lang='lat' dir='ltr'><strong><em>propitiatio</em></strong></span> <span class='ocrx_word' id='word_1_314' title='bbox 1465 4626 1722 4681; x_wconf 90' lang='lat' dir='ltr'><strong><em>omnibus</em></strong></span> <span class='ocrx_word' id='word_1_315' title='bbox 1751 4628 2037 4682; x_wconf 85' lang='lat' dir='ltr'><strong><em>remissio-</em></strong></span> 
     </span>
    </p>
   </div>
   <div class='ocr_carea' id='block_1_51' title="bbox 536 4717 2038 4789">
    <p class='ocr_par' dir='ltr' id='par_1_51' title="bbox 536 4717 2038 4789">
     <span class='ocr_line' id='line_1_51' title="bbox 536 4717 2038 4789; baseline 0.001 -17"><span class='ocrx_word' id='word_1_316' title='bbox 536 4735 658 4772; x_wconf 89' lang='lat' dir='ltr'><strong><em>nem</em></strong></span> <span class='ocrx_word' id='word_1_317' title='bbox 679 4728 1027 4789; x_wconf 77' lang='lat' dir='ltr'><strong><em>peccatorum</em></strong></span> <span class='ocrx_word' id='word_1_318' title='bbox 1044 4718 1318 4784; x_wconf 89' lang='lat' dir='ltr'><strong><em>conciliet,</em></strong></span> <span class='ocrx_word' id='word_1_319' title='bbox 1334 4717 1648 4772; x_wconf 83' lang='lat' dir='ltr'><strong><em>necessario</em></strong></span> <span class='ocrx_word' id='word_1_320' title='bbox 1669 4717 1904 4788; x_wconf 89' lang='lat' dir='ltr'><strong><em>Spiritus</em></strong></span> <span class='ocrx_word' id='word_1_321' title='bbox 1919 4734 2038 4789; x_wconf 89' lang='lat' dir='ltr'><strong><em>pro-</em></strong></span> 
     </span>
    </p>
   </div>
   <div class='ocr_carea' id='block_1_52' title="bbox 529 4810 2038 4882">
    <p class='ocr_par' dir='ltr' id='par_1_52' title="bbox 529 4810 2038 4882">
     <span class='ocr_line' id='line_1_52' title="bbox 529 4810 2038 4882; baseline 0.003 -18"><span class='ocrx_word' id='word_1_322' title='bbox 529 4812 804 4882; x_wconf 89' lang='lat' dir='ltr'><strong><em>pheticus,</em></strong></span> <span class='ocrx_word' id='word_1_323' title='bbox 823 4827 945 4865; x_wconf 83' lang='lat' dir='ltr'><strong><em>cum</em></strong></span> <span class='ocrx_word' id='word_1_324' title='bbox 970 4810 1194 4880; x_wconf 86' lang='lat' dir='ltr'><strong><em>reliquis</em></strong></span> <span class='ocrx_word' id='word_1_325' title='bbox 1209 4810 1301 4880; x_wconf 91' lang='lat' dir='ltr'><strong><em>qui</em></strong></span> <span class='ocrx_word' id='word_1_326' title='bbox 1318 4811 1546 4866; x_wconf 81' lang='lat' dir='ltr'><strong><em>salutem</em></strong></span> <span class='ocrx_word' id='word_1_327' title='bbox 1557 4821 1970 4881; x_wconf 86' lang='lat' dir='ltr'><strong><em>consequuntur</em></strong></span> <span class='ocrx_word' id='word_1_328' title='bbox 1983 4822 2038 4868; x_wconf 80' lang='lat' dir='ltr'><strong><em>et</em></strong></span> 
     </span>
    </p>
   </div>
   <div class='ocr_carea' id='block_1_53' title="bbox 537 4902 2035 4971">
    <p class='ocr_par' dir='ltr' id='par_1_53' title="bbox 537 4902 2035 4971">
     <span class='ocr_line' id='line_1_53' title="bbox 537 4902 2035 4971; baseline 0.002 -14"><span class='ocrx_word' id='word_1_329' title='bbox 537 4918 662 4957; x_wconf 91' lang='lat' dir='ltr'><strong><em>cum</em></strong></span> <span class='ocrx_word' id='word_1_330' title='bbox 693 4902 896 4958; x_wconf 84' lang='lat' dir='ltr'><strong><em>Davide</em></strong></span> <span class='ocrx_word' id='word_1_331' title='bbox 918 4903 1026 4958; x_wconf 84' lang='lat' dir='ltr'><strong><em>ait:</em></strong></span> <span class='ocrx_word' id='word_1_332' title='bbox 1064 4922 1084 4955; x_wconf 75' lang='grc' dir='ltr'><strong><em>ι</em></strong></span> <span class='ocrx_word' id='word_1_333' title='bbox 1114 4905 1360 4970; x_wconf 91' lang='lat' dir='ltr'><strong><em>Domine,</em></strong></span> <span class='ocrx_word' id='word_1_334' title='bbox 1396 4913 1690 4971; x_wconf 89' lang='lat' dir='ltr'><strong><em>memento,</em></strong></span> <span class='ocrx_word' id='word_1_335' title='bbox 1733 4906 2035 4961; x_wconf 89' lang='lat' dir='ltr'><strong><em>secundum</em></strong></span> 
     </span>
    </p>
   </div>
   <div class='ocr_carea' id='block_1_54' title="bbox 538 4996 2035 5067">
    <p class='ocr_par' dir='ltr' id='par_1_54' title="bbox 538 4996 2035 5067">
     <span class='ocr_line' id='line_1_54' title="bbox 538 4996 2035 5067; baseline 0.001 -15"><span class='ocrx_word' id='word_1_336' title='bbox 538 4997 1009 5052; x_wconf 82' lang='lat' dir='ltr'><strong><em>mansuetudinem</em></strong></span> <span class='ocrx_word' id='word_1_337' title='bbox 1025 4998 1143 5067; x_wconf 88' lang='lat' dir='ltr'><strong><em>ejus</em></strong></span> <span class='ocrx_word' id='word_1_338' title='bbox 1157 4998 1396 5052; x_wconf 88' lang='lat' dir='ltr'><strong><em>retribue</em></strong></span> <span class='ocrx_word' id='word_1_339' title='bbox 1412 4998 1512 5052; x_wconf 91' lang='lat' dir='ltr'><strong><em>illi.</em></strong></span> <span class='ocrx_word' id='word_1_340' title='bbox 1527 5017 1546 5050; x_wconf 73' lang='grc' dir='ltr'><strong><em>ι</em></strong></span> <span class='ocrx_word' id='word_1_341' title='bbox 1567 4996 2035 5063; x_wconf 79' lang='lat' dir='ltr'><strong><em>Quemadmodum</em></strong></span> 
     </span>
    </p>
   </div>
   <div class='ocr_carea' id='block_1_55' title="bbox 536 5089 2037 5154">
    <p class='ocr_par' dir='ltr' id='par_1_55' title="bbox 536 5089 2037 5154">
     <span class='ocr_line' id='line_1_55' title="bbox 536 5089 2037 5154; baseline 0.001 -10"><span class='ocrx_word' id='word_1_342' title='bbox 536 5091 681 5145; x_wconf 90' lang='lat' dir='ltr'><strong><em>enim</em></strong></span> <span class='ocrx_word' id='word_1_343' title='bbox 705 5091 814 5154; x_wconf 87' lang='lat' dir='ltr'><strong><em>ille,</em></strong></span> <span class='ocrx_word' id='word_1_344' title='bbox 838 5099 1158 5144; x_wconf 85' lang='lat' dir='ltr'><strong><em>mansuetus</em></strong></span> <span class='ocrx_word' id='word_1_345' title='bbox 1183 5105 1308 5144; x_wconf 92' lang='lat' dir='ltr'><strong><em>cum</em></strong></span> <span class='ocrx_word' id='word_1_346' title='bbox 1345 5099 1510 5154; x_wconf 89' lang='lat' dir='ltr'><strong><em>esset,</em></strong></span> <span class='ocrx_word' id='word_1_347' title='bbox 1541 5091 1750 5145; x_wconf 90' lang='lat' dir='ltr'><strong><em>dimisit</em></strong></span> <span class='ocrx_word' id='word_1_348' title='bbox 1777 5089 1928 5146; x_wconf 89' lang='lat' dir='ltr'><strong><em>Sauli</em></strong></span> <span class='ocrx_word' id='word_1_349' title='bbox 1951 5091 2037 5146; x_wconf 90' lang='lat' dir='ltr'><strong><em>in-</em></strong></span> 
     </span>
    </p>
   </div>
   <div class='ocr_carea' id='block_1_56' title="bbox 537 5182 1874 5255">
    <p class='ocr_par' dir='ltr' id='par_1_56' title="bbox 537 5182 1874 5255">
     <span class='ocr_line' id='line_1_56' title="bbox 537 5182 1874 5255; baseline 0.001 -17"><span class='ocrx_word' id='word_1_350' title='bbox 537 5183 711 5255; x_wconf 70' lang='lat' dir='ltr'><strong><em>iurias</em></strong></span> <span class='ocrx_word' id='word_1_351' title='bbox 730 5183 832 5237; x_wconf 89' lang='lat' dir='ltr'><strong><em>sibi</em></strong></span> <span class='ocrx_word' id='word_1_352' title='bbox 865 5182 1063 5246; x_wconf 87' lang='lat' dir='ltr'><strong><em>illatas,</em></strong></span> <span class='ocrx_word' id='word_1_353' title='bbox 1093 5182 1166 5236; x_wconf 82' lang='lat' dir='ltr'><strong><em>ita</em></strong></span> <span class='ocrx_word' id='word_1_354' title='bbox 1194 5193 1248 5237; x_wconf 91' lang='lat' dir='ltr'><strong><em>et</em></strong></span> <span class='ocrx_word' id='word_1_355' title='bbox 1279 5183 1382 5253; x_wconf 92' lang='lat' dir='ltr'><strong><em>ipsi</em></strong></span> <span class='ocrx_word' id='word_1_356' title='bbox 1413 5184 1606 5238; x_wconf 88' lang='lat' dir='ltr'><strong><em>delicta</em></strong></span> <span class='ocrx_word' id='word_1_357' title='bbox 1639 5185 1874 5240; x_wconf 89' lang='lat' dir='ltr'><strong><em>remitte.</em></strong></span> 
     </span>
    </p>
   </div>
   <div class='ocr_carea' id='block_1_57' title="bbox 540 5273 2036 5342">
    <p class='ocr_par' dir='ltr' id='par_1_57' title="bbox 540 5273 2036 5342">
     <span class='ocr_line' id='line_1_57' title="bbox 540 5273 2036 5342; baseline 0 -12"><span class='ocrx_word' id='word_1_358' title='bbox 540 5279 593 5342; x_wconf 77' lang='grc'>1,</span> <span class='ocrx_word' id='word_1_359' title='bbox 621 5276 676 5330; x_wconf 70' lang='grc'><strong><em>2.</em></strong></span> <span class='ocrx_word' id='word_1_360' title='bbox 711 5274 991 5341; x_wconf 83' lang='lat' dir='ltr'><strong><em>Memento,</em></strong></span> <span class='ocrx_word' id='word_1_361' title='bbox 1018 5274 1260 5339; x_wconf 88' lang='lat' dir='ltr'><strong><em>Domine,</em></strong></span> <span class='ocrx_word' id='word_1_362' title='bbox 1294 5273 1463 5328; x_wconf 86' lang='lat' dir='ltr'><strong><em>David</em></strong></span> <span class='ocrx_word' id='word_1_363' title='bbox 1509 5285 1559 5328; x_wconf 75' lang='lat' dir='ltr'><strong><em>et</em></strong></span> <span class='ocrx_word' id='word_1_364' title='bbox 1599 5277 1767 5330; x_wconf 83' lang='lat' dir='ltr'><strong><em>omnis</em></strong></span> <span class='ocrx_word' id='word_1_365' title='bbox 1794 5293 2036 5330; x_wconf 82' lang='lat' dir='ltr'><strong><em>mansue-</em></strong></span> 
     </span>
    </p>
   </div>
   <div class='ocr_carea' id='block_1_58' title="bbox 463 5365 2036 5436">
    <p class='ocr_par' dir='ltr' id='par_1_58' title="bbox 463 5365 2036 5436">
     <span class='ocr_line' id='line_1_58' title="bbox 463 5365 2036 5436; baseline 0.001 -15"><span class='ocrx_word' id='word_1_366' title='bbox 463 5366 667 5422; x_wconf 71' lang='lat' dir='ltr'><strong><em>tudinis</em></strong></span> <span class='ocrx_word' id='word_1_367' title='bbox 689 5367 823 5436; x_wconf 84' lang='lat' dir='ltr'><strong><em>ejus.</em></strong></span> <span class='ocrx_word' id='word_1_368' title='bbox 861 5365 1012 5420; x_wconf 83' lang='lat' dir='ltr'><strong><em>Sicut</em></strong></span> <span class='ocrx_word' id='word_1_369' title='bbox 1034 5366 1240 5434; x_wconf 85' lang='lat' dir='ltr'><strong><em>juravit</em></strong></span> <span class='ocrx_word' id='word_1_370' title='bbox 1280 5365 1526 5433; x_wconf 85' lang='lat' dir='ltr'><strong><em>Domino,</em></strong></span> <span class='ocrx_word' id='word_1_371' title='bbox 1553 5377 1726 5420; x_wconf 82' lang='lat' dir='ltr'><strong><em>uotum</em></strong></span> <span class='ocrx_word' id='word_1_372' title='bbox 1761 5370 1895 5423; x_wconf 80' lang='lat' dir='ltr'><strong><em>uouit</em></strong></span> <span class='ocrx_word' id='word_1_373' title='bbox 1929 5368 2036 5423; x_wconf 88' lang='lat' dir='ltr'><strong><em>Deo</em></strong></span> 
     </span>
    </p>
   </div>
   <div class='ocr_carea' id='block_1_59' title="bbox 465 5457 2034 5529">
    <p class='ocr_par' dir='ltr' id='par_1_59' title="bbox 465 5457 2034 5529">
     <span class='ocr_line' id='line_1_59' title="bbox 465 5457 2034 5529; baseline 0.003 -17"><span class='ocrx_word' id='word_1_374' title='bbox 465 5458 655 5521; x_wconf 66' lang='lat' dir='ltr'><strong><em>Iacob,</em></strong></span> <span class='ocrx_word' id='word_1_375' title='bbox 683 5468 787 5514; x_wconf 87' lang='lat' dir='ltr'><strong><em>etc.</em></strong></span> <span class='ocrx_word' id='word_1_376' title='bbox 826 5457 964 5512; x_wconf 91' lang='lat' dir='ltr'><strong><em>Cum</em></strong></span> <span class='ocrx_word' id='word_1_377' title='bbox 995 5457 1276 5512; x_wconf 91' lang='lat' dir='ltr'><strong><em>didicisset</em></strong></span> <span class='ocrx_word' id='word_1_378' title='bbox 1301 5458 1446 5511; x_wconf 92' lang='lat' dir='ltr'><strong><em>enim</em></strong></span> <span class='ocrx_word' id='word_1_379' title='bbox 1489 5475 1555 5511; x_wconf 82' lang='lat' dir='ltr'><strong><em>ex</em></strong></span> <span class='ocrx_word' id='word_1_380' title='bbox 1583 5458 1786 5529; x_wconf 88' lang='lat' dir='ltr'><strong><em>Spiritu</em></strong></span> <span class='ocrx_word' id='word_1_381' title='bbox 1822 5470 2034 5527; x_wconf 87' lang='lat' dir='ltr'><strong><em>sancto,</em></strong></span> 
     </span>
    </p>
   </div>
   <div class='ocr_carea' id='block_1_60' title="bbox 468 5545 2038 5623">
    <p class='ocr_par' dir='ltr' id='par_1_60' title="bbox 468 5545 2038 5623">
     <span class='ocr_line' id='line_1_60' title="bbox 468 5545 2038 5623; baseline 0.004 -22"><span class='ocrx_word' id='word_1_382' title='bbox 468 5545 760 5603; x_wconf 84' lang='lat' dir='ltr'><strong><em>Dominum</em></strong></span> <span class='ocrx_word' id='word_1_383' title='bbox 793 5548 938 5618; x_wconf 88' lang='lat' dir='ltr'><strong><em>apud</em></strong></span> <span class='ocrx_word' id='word_1_384' title='bbox 971 5549 1222 5603; x_wconf 88' lang='lat' dir='ltr'><strong><em>homines</em></strong></span> <span class='ocrx_word' id='word_1_385' title='bbox 1264 5549 1642 5615; x_wconf 80' lang='lat' dir='ltr'><strong><em>adventui-um,</em></strong></span> <span class='ocrx_word' id='word_1_386' title='bbox 1674 5551 2038 5623; x_wconf 87' lang='lat' dir='ltr'><strong><em>daturumque</em></strong></span> 
     </span>
    </p>
   </div>
   <div class='ocr_carea' id='block_1_61' title="bbox 559 5660 1612 5732">
    <p class='ocr_par' dir='ltr' id='par_1_61' title="bbox 559 5660 1612 5732">
     <span class='ocr_line' id='line_1_61' title="bbox 559 5660 1612 5732; baseline 0.002 -16"><span class='ocrx_word' id='word_1_387' title='bbox 559 5662 604 5695; x_wconf 84' lang='lat'>&quot;</span> <span class='ocrx_word' id='word_1_388' title='bbox 633 5662 794 5718; x_wconf 65' lang='lat' dir='ltr'><strong><em>Hebr.</em></strong></span> <span class='ocrx_word' id='word_1_389' title='bbox 821 5677 918 5728; x_wconf 78' lang='lat' dir='ltr'><strong><em>xu,</em></strong></span> <span class='ocrx_word' id='word_1_390' title='bbox 946 5662 998 5717; x_wconf 77' lang='grc'>1.</span> <span class='ocrx_word' id='word_1_391' title='bbox 1074 5661 1121 5694; x_wconf 78' lang='grc'><strong>⁸⁸</strong></span> <span class='ocrx_word' id='word_1_392' title='bbox 1146 5660 1341 5719; x_wconf 83' lang='lat' dir='ltr'><strong><em>Matth.</em></strong></span> <span class='ocrx_word' id='word_1_393' title='bbox 1364 5679 1492 5718; x_wconf 78' lang='lat' dir='ltr'><strong><em>xvm</em></strong></span> <span class='ocrx_word' id='word_1_394' title='bbox 1513 5705 1527 5732; x_wconf 94' lang='lat'><strong><em>,</em></strong></span> <span class='ocrx_word' id='word_1_395' title='bbox 1560 5663 1612 5718; x_wconf 85' lang='grc'>5.</span> 
     </span>
    </p>
   </div>
   <div class='ocr_carea' id='block_1_62' title="bbox 537 5752 1150 5828">
    <p class='ocr_par' dir='ltr' id='par_1_62' title="bbox 537 5752 1150 5828">
     <span class='ocr_line' id='line_1_62' title="bbox 537 5752 1150 5828; baseline -0.002 -19"><span class='ocrx_word' id='word_1_396' title='bbox 537 5753 676 5828; x_wconf 77' lang='lat'><strong><em>(50‘)</em></strong></span> <span class='ocrx_word' id='word_1_397' title='bbox 706 5752 884 5811; x_wconf 88' lang='lat' dir='ltr'><strong><em>Locus</em></strong></span> <span class='ocrx_word' id='word_1_398' title='bbox 911 5753 1150 5811; x_wconf 86' lang='lat' dir='ltr'><strong><em>vitiatus.</em></strong></span> 
     </span>
    </p>
   </div>
   <div class='ocr_carea' id='block_1_63' title="bbox 2061 3106 2108 3168">
    <p class='ocr_par' dir='ltr' id='par_1_63' title="bbox 2061 3106 2108 3168">
     <span class='ocr_line' id='line_1_63' title="bbox 2061 3106 2108 3168; baseline 0 0"><span class='ocrx_word' id='word_1_399' title='bbox 2061 3106 2108 3168; x_wconf 89' lang='lat' dir='ltr'>C</span> 
     </span>
    </p>
   </div>
   <div class='ocr_carea' id='block_1_64' title="bbox 2130 480 3718 557">
    <p class='ocr_par' dir='ltr' id='par_1_64' title="bbox 2130 480 3718 557">
     <span class='ocr_line' id='line_1_64' title="bbox 2130 480 3718 557; baseline -0.006 -15"><span class='ocrx_word' id='word_1_400' title='bbox 2130 489 2251 556; x_wconf 79' lang='grc' dir='ltr'>νήν</span> <span class='ocrx_word' id='word_1_401' title='bbox 2289 489 2399 556; x_wconf 77' lang='grc' dir='ltr'>τῆς</span> <span class='ocrx_word' id='word_1_402' title='bbox 2435 488 2702 557; x_wconf 84' lang='grc' dir='ltr'>δεήσεώς</span> <span class='ocrx_word' id='word_1_403' title='bbox 2723 504 2865 557; x_wconf 84' lang='grc' dir='ltr'>μου.</span> <span class='ocrx_word' id='word_1_404' title='bbox 2896 482 3038 540; x_wconf 66' lang='grc' dir='ltr'><strong><em>τΩτα</em></strong></span> <span class='ocrx_word' id='word_1_405' title='bbox 3063 485 3155 539; x_wconf 73' lang='grc' dir='ltr'>ἐπὶ</span> <span class='ocrx_word' id='word_1_406' title='bbox 3173 482 3333 545; x_wconf 86' lang='grc' dir='ltr'>Θεοῦ,</span> <span class='ocrx_word' id='word_1_407' title='bbox 3358 482 3454 536; x_wconf 71' lang='grc' dir='ltr'><strong><em>καὶ</em></strong></span> <span class='ocrx_word' id='word_1_408' title='bbox 3484 480 3586 543; x_wconf 79' lang='grc' dir='ltr'>τὰς</span> <span class='ocrx_word' id='word_1_409' title='bbox 3612 482 3718 548; x_wconf 82' lang='grc' dir='ltr'><strong><em>ἁγ-</em></strong></span> 
     </span>
    </p>
   </div>
   <div class='ocr_carea' id='block_1_65' title="bbox 2130 570 3718 650">
    <p class='ocr_par' dir='ltr' id='par_1_65' title="bbox 2130 570 3718 650">
     <span class='ocr_line' id='line_1_65' title="bbox 2130 570 3718 650; baseline -0.005 -18"><span class='ocrx_word' id='word_1_410' title='bbox 2130 580 2352 648; x_wconf 79' lang='grc' dir='ltr'>γελικάς</span> <span class='ocrx_word' id='word_1_411' title='bbox 2381 581 2638 650; x_wconf 79' lang='grc' dir='ltr'>δυνάμεις</span> <span class='ocrx_word' id='word_1_412' title='bbox 2681 580 2930 650; x_wconf 76' lang='grc' dir='ltr'>νοοῦμεν,</span> <span class='ocrx_word' id='word_1_413' title='bbox 2978 578 3044 632; x_wconf 87' lang='grc' dir='ltr'>δι’</span> <span class='ocrx_word' id='word_1_414' title='bbox 3071 570 3169 646; x_wconf 27' lang='grc' dir='ltr'><strong><em>,ὧν</em></strong></span> <span class='ocrx_word' id='word_1_415' title='bbox 3213 577 3269 630; x_wconf 85' lang='grc' dir='ltr'>αἱ</span> <span class='ocrx_word' id='word_1_416' title='bbox 3303 576 3518 646; x_wconf 76' lang='grc' dir='ltr'><strong><em>δεήσεις</em></strong></span> <span class='ocrx_word' id='word_1_417' title='bbox 3552 571 3718 644; x_wconf 81' lang='grc' dir='ltr'>ἡμῶν</span> 
     </span>
    </p>
   </div>
   <div class='ocr_carea' id='block_1_66' title="bbox 2132 674 2812 745">
    <p class='ocr_par' dir='ltr' id='par_1_66' title="bbox 2132 674 2812 745">
     <span class='ocr_line' id='line_1_66' title="bbox 2132 674 2812 745; baseline -0.001 -18"><span class='ocrx_word' id='word_1_418' title='bbox 2132 674 2270 744; x_wconf 84' lang='grc' dir='ltr'>πρὸς</span> <span class='ocrx_word' id='word_1_419' title='bbox 2293 674 2424 726; x_wconf 87' lang='grc' dir='ltr'>Θεὸν</span> <span class='ocrx_word' id='word_1_420' title='bbox 2451 674 2812 745; x_wconf 78' lang='grc' dir='ltr'><strong><em>εἰσέρχονται.</em></strong></span> 
     </span>
    </p>
   </div>
   <div class='ocr_carea' id='block_1_67' title="bbox 2213 756 3719 835">
    <p class='ocr_par' dir='ltr' id='par_1_67' title="bbox 2213 756 3719 835">
     <span class='ocr_line' id='line_1_67' title="bbox 2213 756 3719 835; baseline -0.007 -16"><span class='ocrx_word' id='word_1_421' title='bbox 2213 767 2354 819; x_wconf 84' lang='grc' dir='ltr'><strong><em>Ἐὰν</em></strong></span> <span class='ocrx_word' id='word_1_422' title='bbox 2385 767 2636 835; x_wconf 80' lang='grc' dir='ltr'>ἀνομίας</span> <span class='ocrx_word' id='word_1_423' title='bbox 2667 763 3116 834; x_wconf 82' lang='grc' dir='ltr'>παρατηρήσῃς,</span> <span class='ocrx_word' id='word_1_424' title='bbox 3156 763 3354 829; x_wconf 84' lang='grc' dir='ltr'>Κύριε,</span> <span class='ocrx_word' id='word_1_425' title='bbox 3388 759 3590 827; x_wconf 83' lang='grc' dir='ltr'>Κύριε,</span> <span class='ocrx_word' id='word_1_426' title='bbox 3620 756 3719 822; x_wconf 77' lang='grc' dir='ltr'><strong><em>τίς</em></strong></span> 
     </span>
    </p>
   </div>
   <div class='ocr_carea' id='block_1_68' title="bbox 2130 850 3717 922">
    <p class='ocr_par' dir='ltr' id='par_1_68' title="bbox 2130 850 3717 922">
     <span class='ocr_line' id='line_1_68' title="bbox 2130 850 3717 922; baseline -0.005 -13"><span class='ocrx_word' id='word_1_427' title='bbox 2130 855 2582 922; x_wconf 78' lang='grc' dir='ltr'>ὐποστήσεται;</span> <span class='ocrx_word' id='word_1_428' title='bbox 2625 857 2683 908; x_wconf 83' lang='grc' dir='ltr'><strong>Ὀ</strong></span> <span class='ocrx_word' id='word_1_429' title='bbox 2726 856 2782 908; x_wconf 87' lang='grc' dir='ltr'>δὲ</span> <span class='ocrx_word' id='word_1_430' title='bbox 2813 854 2930 916; x_wconf 86' lang='grc' dir='ltr'>τοῦ,</span> <span class='ocrx_word' id='word_1_431' title='bbox 2965 855 3162 922; x_wconf 79' lang='grc' dir='ltr'>Κύριε,</span> <span class='ocrx_word' id='word_1_432' title='bbox 3192 853 3388 922; x_wconf 86' lang='grc' dir='ltr'>Κύριε,</span> <span class='ocrx_word' id='word_1_433' title='bbox 3421 850 3717 904; x_wconf 84' lang='grc' dir='ltr'>διπλασια-</span> 
     </span>
    </p>
   </div>
   <div class='ocr_carea' id='block_1_69' title="bbox 2135 940 3717 1017">
    <p class='ocr_par' dir='ltr' id='par_1_69' title="bbox 2135 940 3717 1017">
     <span class='ocr_line' id='line_1_69' title="bbox 2135 940 3717 1017; baseline -0.005 -18"><span class='ocrx_word' id='word_1_434' title='bbox 2135 947 2268 1017; x_wconf 83' lang='grc' dir='ltr'>σμὸς</span> <span class='ocrx_word' id='word_1_435' title='bbox 2297 945 2663 1016; x_wconf 78' lang='grc' dir='ltr'>θανμάζοντὸς</span> <span class='ocrx_word' id='word_1_436' title='bbox 2693 947 2808 998; x_wconf 76' lang='grc' dir='ltr'>ἐστι</span> <span class='ocrx_word' id='word_1_437' title='bbox 2838 945 2936 1014; x_wconf 75' lang='grc' dir='ltr'>τῆς</span> <span class='ocrx_word' id='word_1_438' title='bbox 2969 944 3060 997; x_wconf 88' lang='grc' dir='ltr'><strong><em>τοῦ</em></strong></span> <span class='ocrx_word' id='word_1_439' title='bbox 3115 941 3249 995; x_wconf 84' lang='grc' dir='ltr'>Θεοῦ</span> <span class='ocrx_word' id='word_1_440' title='bbox 3299 940 3717 1012; x_wconf 77' lang='grc' dir='ltr'><strong><em>φιλανθρωπίας</em></strong></span> 
     </span>
    </p>
   </div>
   <div class='ocr_carea' id='block_1_70' title="bbox 2133 1029 3718 1110">
    <p class='ocr_par' dir='ltr' id='par_1_70' title="bbox 2133 1029 3718 1110">
     <span class='ocr_line' id='line_1_70' title="bbox 2133 1029 3718 1110; baseline -0.003 -20"><span class='ocrx_word' id='word_1_441' title='bbox 2133 1037 2223 1090; x_wconf 87' lang='grc' dir='ltr'><strong><em>τὸν</em></strong></span> <span class='ocrx_word' id='word_1_442' title='bbox 2274 1035 2456 1104; x_wconf 80' lang='grc' dir='ltr'>ὄγκον,</span> <span class='ocrx_word' id='word_1_443' title='bbox 2497 1036 2626 1107; x_wconf 79' lang='grc' dir='ltr'>παρ’</span> <span class='ocrx_word' id='word_1_444' title='bbox 2677 1033 2745 1110; x_wconf 77' lang='grc' dir='ltr'>ἧς</span> <span class='ocrx_word' id='word_1_445' title='bbox 2799 1036 2892 1088; x_wconf 72' lang='grc' dir='ltr'><strong><em>καὶ</em></strong></span> <span class='ocrx_word' id='word_1_446' title='bbox 2928 1035 3019 1087; x_wconf 87' lang='grc' dir='ltr'><strong><em>τὸν</em></strong></span> <span class='ocrx_word' id='word_1_447' title='bbox 3067 1035 3294 1104; x_wconf 75' lang='grc' dir='ltr'><strong><em>ἱλασμὸν</em></strong></span> <span class='ocrx_word' id='word_1_448' title='bbox 3328 1029 3468 1086; x_wconf 76' lang='grc' dir='ltr'>εἷναί</span> <span class='ocrx_word' id='word_1_449' title='bbox 3520 1049 3718 1103; x_wconf 84' lang='grc' dir='ltr'>φησιν,</span> 
     </span>
    </p>
   </div>
   <div class='ocr_carea' id='block_1_71' title="bbox 2131 1125 3389 1198">
    <p class='ocr_par' dir='ltr' id='par_1_71' title="bbox 2131 1125 3389 1198">
     <span class='ocr_line' id='line_1_71' title="bbox 2131 1125 3389 1198; baseline -0.004 -17"><span class='ocrx_word' id='word_1_450' title='bbox 2131 1128 2248 1182; x_wconf 81' lang='grc' dir='ltr'>ἀλλ’</span> <span class='ocrx_word' id='word_1_451' title='bbox 2275 1130 2373 1181; x_wconf 78' lang='grc' dir='ltr'>οὐκ</span> <span class='ocrx_word' id='word_1_452' title='bbox 2407 1132 2463 1181; x_wconf 82' lang='grc' dir='ltr'>ἐν</span> <span class='ocrx_word' id='word_1_453' title='bbox 2493 1131 2604 1190; x_wconf 83' lang='grc' dir='ltr'>τοῖς</span> <span class='ocrx_word' id='word_1_454' title='bbox 2632 1128 2921 1198; x_wconf 82' lang='grc' dir='ltr'>ἡμετέροις</span> <span class='ocrx_word' id='word_1_455' title='bbox 2952 1125 3389 1197; x_wconf 77' lang='grc' dir='ltr'>κατορθώμασιν.</span> 
     </span>
    </p>
   </div>
   <div class='ocr_carea' id='block_1_72' title="bbox 2208 1216 3717 1288">
    <p class='ocr_par' dir='ltr' id='par_1_72' title="bbox 2208 1216 3717 1288">
     <span class='ocr_line' id='line_1_72' title="bbox 2208 1216 3717 1288; baseline -0.004 -14"><span class='ocrx_word' id='word_1_456' title='bbox 2208 1221 2458 1274; x_wconf 80' lang='grc' dir='ltr'>’Ἕνεκεν</span> <span class='ocrx_word' id='word_1_457' title='bbox 2488 1220 2595 1273; x_wconf 83' lang='grc' dir='ltr'><strong><em>τοῦ</em></strong></span> <span class='ocrx_word' id='word_1_458' title='bbox 2622 1220 2914 1288; x_wconf 81' lang='grc' dir='ltr'>ὀνόματός</span> <span class='ocrx_word' id='word_1_459' title='bbox 2943 1233 3058 1271; x_wconf 84' lang='grc' dir='ltr'>σου</span> <span class='ocrx_word' id='word_1_460' title='bbox 3080 1216 3369 1286; x_wconf 74' lang='grc' dir='ltr'>ὑπέμεινα</span> <span class='ocrx_word' id='word_1_461' title='bbox 3389 1233 3483 1280; x_wconf 89' lang='grc' dir='ltr'><strong><em>σε,</em></strong></span> <span class='ocrx_word' id='word_1_462' title='bbox 3510 1216 3717 1282; x_wconf 76' lang='grc' dir='ltr'>Κύριε.</span> 
     </span>
    </p>
   </div>
   <div class='ocr_carea' id='block_1_73' title="bbox 2134 1303 3718 1382">
    <p class='ocr_par' dir='ltr' id='par_1_73' title="bbox 2134 1303 3718 1382">
     <span class='ocr_line' id='line_1_73' title="bbox 2134 1303 3718 1382; baseline -0.005 -18"><span class='ocrx_word' id='word_1_463' title='bbox 2134 1310 2318 1364; x_wconf 87' lang='grc' dir='ltr'>Ταῦτα</span> <span class='ocrx_word' id='word_1_464' title='bbox 2345 1310 2452 1363; x_wconf 70' lang='grc' dir='ltr'>τῶν</span> <span class='ocrx_word' id='word_1_465' title='bbox 2484 1311 2556 1381; x_wconf 87' lang='grc' dir='ltr'>μὴ</span> <span class='ocrx_word' id='word_1_466' title='bbox 2587 1309 2676 1363; x_wconf 78' lang='grc' dir='ltr'>διὰ</span> <span class='ocrx_word' id='word_1_467' title='bbox 2703 1309 2892 1382; x_wconf 85' lang='grc' dir='ltr'>χρείαν</span> <span class='ocrx_word' id='word_1_468' title='bbox 2941 1306 3335 1378; x_wconf 79' lang='grc' dir='ltr'>πνευματικὴν,</span> <span class='ocrx_word' id='word_1_469' title='bbox 3379 1306 3445 1358; x_wconf 79' lang='grc' dir='ltr'>δι’</span> <span class='ocrx_word' id='word_1_470' title='bbox 3487 1305 3625 1358; x_wconf 75' lang='grc' dir='ltr'>αὐτὸ</span> <span class='ocrx_word' id='word_1_471' title='bbox 3660 1303 3718 1357; x_wconf 63' lang='grc' dir='ltr'>δὲ</span> 
     </span>
    </p>
   </div>
   <div class='ocr_carea' id='block_1_74' title="bbox 2133 1397 3718 1472">
    <p class='ocr_par' dir='ltr' id='par_1_74' title="bbox 2133 1397 3718 1472">
     <span class='ocr_line' id='line_1_74' title="bbox 2133 1397 3718 1472; baseline -0.006 -15"><span class='ocrx_word' id='word_1_472' title='bbox 2133 1404 2194 1457; x_wconf 93' lang='grc' dir='ltr'><strong><em>τὸ</em></strong></span> <span class='ocrx_word' id='word_1_473' title='bbox 2244 1403 2438 1456; x_wconf 84' lang='grc' dir='ltr'>σεπτὸν</span> <span class='ocrx_word' id='word_1_474' title='bbox 2479 1404 2648 1472; x_wconf 80' lang='grc' dir='ltr'>ὄνομα</span> <span class='ocrx_word' id='word_1_475' title='bbox 2691 1402 3045 1472; x_wconf 79' lang='grc' dir='ltr'>προσιόντων,</span> <span class='ocrx_word' id='word_1_476' title='bbox 3097 1400 3249 1454; x_wconf 82' lang='grc' dir='ltr'>οὕτω</span> <span class='ocrx_word' id='word_1_477' title='bbox 3302 1397 3399 1451; x_wconf 81' lang='grc' dir='ltr'>καὶ</span> <span class='ocrx_word' id='word_1_478' title='bbox 3442 1398 3514 1450; x_wconf 76' lang='grc' dir='ltr'>ἐν</span> <span class='ocrx_word' id='word_1_479' title='bbox 3566 1399 3718 1451; x_wconf 74' lang='grc' dir='ltr'>ὐπο-</span> 
     </span>
    </p>
   </div>
   <div class='ocr_carea' id='block_1_75' title="bbox 2129 1487 3719 1567">
    <p class='ocr_par' dir='ltr' id='par_1_75' title="bbox 2129 1487 3719 1567">
     <span class='ocr_line' id='line_1_75' title="bbox 2129 1487 3719 1567; baseline -0.006 -16"><span class='ocrx_word' id='word_1_480' title='bbox 2129 1495 2289 1567; x_wconf 78' lang='grc' dir='ltr'>μονῇ</span> <span class='ocrx_word' id='word_1_481' title='bbox 2314 1497 2648 1565; x_wconf 78' lang='grc' dir='ltr'>τρεχόντων</span> <span class='ocrx_word' id='word_1_482' title='bbox 2671 1495 2776 1548; x_wconf 79' lang='grc' dir='ltr'><strong><em>τὸν</em></strong></span> <span class='ocrx_word' id='word_1_483' title='bbox 2798 1493 3189 1562; x_wconf 81' lang='grc' dir='ltr'>προκείμενον</span> <span class='ocrx_word' id='word_1_484' title='bbox 3209 1491 3432 1560; x_wconf 79' lang='grc' dir='ltr'>ἀγῶνα,</span> <span class='ocrx_word' id='word_1_485' title='bbox 3453 1490 3551 1543; x_wconf 76' lang='grc' dir='ltr'>καὶ</span> <span class='ocrx_word' id='word_1_486' title='bbox 3573 1487 3719 1542; x_wconf 83' lang='grc' dir='ltr'><strong><em>κατά</em></strong></span> 
     </span>
    </p>
   </div>
   <div class='ocr_carea' id='block_1_76' title="bbox 2139 1582 3691 1660">
    <p class='ocr_par' dir='ltr' id='par_1_76' title="bbox 2139 1582 3691 1660">
     <span class='ocr_line' id='line_1_76' title="bbox 2139 1582 3691 1660; baseline -0.005 -18"><span class='ocrx_word' id='word_1_487' title='bbox 2139 1590 2262 1660; x_wconf 87' lang='grc' dir='ltr'>μηδ’</span> <span class='ocrx_word' id='word_1_488' title='bbox 2286 1591 2381 1640; x_wconf 68' lang='grc' dir='ltr'><strong><em>ἕνα</em></strong></span> <span class='ocrx_word' id='word_1_489' title='bbox 2411 1588 2600 1658; x_wconf 88' lang='grc' dir='ltr'>καιρὸν</span> <span class='ocrx_word' id='word_1_490' title='bbox 2632 1587 3016 1657; x_wconf 79' lang='grc' dir='ltr'>ἀφισταμένων</span> <span class='ocrx_word' id='word_1_491' title='bbox 3037 1585 3171 1637; x_wconf 79' lang='grc' dir='ltr'>Θεοῦ</span> <span class='ocrx_word' id='word_1_492' title='bbox 3191 1586 3280 1637; x_wconf 71' lang='grc' dir='ltr'><strong><em>καὶ</em></strong></span> <span class='ocrx_word' id='word_1_493' title='bbox 3311 1583 3416 1636; x_wconf 82' lang='grc' dir='ltr'>τῶν</span> <span class='ocrx_word' id='word_1_494' title='bbox 3448 1582 3691 1653; x_wconf 76' lang='grc' dir='ltr'>ἀρεσκὸν</span> 
     </span>
    </p>
   </div>
   <div class='ocr_carea' id='block_1_77' title="bbox 2136 1678 2444 1750">
    <p class='ocr_par' dir='ltr' id='par_1_77' title="bbox 2136 1678 2444 1750">
     <span class='ocr_line' id='line_1_77' title="bbox 2136 1678 2444 1750; baseline 0 -18"><span class='ocrx_word' id='word_1_495' title='bbox 2136 1697 2242 1733; x_wconf 89' lang='grc' dir='ltr'><strong><em>των</em></strong></span> <span class='ocrx_word' id='word_1_496' title='bbox 2275 1678 2444 1750; x_wconf 83' lang='grc' dir='ltr'>αὐτῷ.</span> 
     </span>
    </p>
   </div>
   <div class='ocr_carea' id='block_1_78' title="bbox 2213 1765 3719 1840">
    <p class='ocr_par' dir='ltr' id='par_1_78' title="bbox 2213 1765 3719 1840">
     <span class='ocr_line' id='line_1_78' title="bbox 2213 1765 3719 1840; baseline -0.006 -14"><span class='ocrx_word' id='word_1_497' title='bbox 2213 1772 2348 1826; x_wconf 80' lang='grc' dir='ltr'><strong><em>Ἀπὸ</em></strong></span> <span class='ocrx_word' id='word_1_498' title='bbox 2375 1771 2658 1840; x_wconf 71' lang='grc' dir='ltr'><strong><em>φυλακῆς</em></strong></span> <span class='ocrx_word' id='word_1_499' title='bbox 2691 1771 2904 1840; x_wconf 82' lang='grc' dir='ltr'>πρωΐας</span> <span class='ocrx_word' id='word_1_500' title='bbox 2949 1771 3125 1839; x_wconf 79' lang='grc' dir='ltr'>μέχρι</span> <span class='ocrx_word' id='word_1_501' title='bbox 3164 1767 3380 1833; x_wconf 81' lang='grc' dir='ltr'>νυκτὸς</span> <span class='ocrx_word' id='word_1_502' title='bbox 3406 1765 3719 1830; x_wconf 55' lang='lat' dir='ltr'><strong><em>admonita,</em></strong></span> 
     </span>
    </p>
   </div>
   <div class='ocr_carea' id='block_1_79' title="bbox 2147 1860 3686 1934">
    <p class='ocr_par' dir='ltr' id='par_1_79' title="bbox 2147 1860 3686 1934">
     <span class='ocr_line' id='line_1_79' title="bbox 2147 1860 3686 1934; baseline -0.007 -15"><span class='ocrx_word' id='word_1_503' title='bbox 2147 1864 2395 1934; x_wconf 77' lang='grc' dir='ltr'>Ἰσραὴλ</span> <span class='ocrx_word' id='word_1_504' title='bbox 2420 1863 2518 1916; x_wconf 81' lang='grc' dir='ltr'><strong><em>ἐπὶ</em></strong></span> <span class='ocrx_word' id='word_1_505' title='bbox 2547 1864 2653 1917; x_wconf 82' lang='grc' dir='ltr'><strong><em>τὸν</em></strong></span> <span class='ocrx_word' id='word_1_506' title='bbox 2681 1866 2920 1931; x_wconf 79' lang='grc' dir='ltr'>Κύριον.</span> <span class='ocrx_word' id='word_1_507' title='bbox 2955 1865 3046 1914; x_wconf 82' lang='grc' dir='ltr'><strong><em>Δεῖ</em></strong></span> <span class='ocrx_word' id='word_1_508' title='bbox 3076 1860 3183 1932; x_wconf 76' lang='grc' dir='ltr'>γὰρ</span> <span class='ocrx_word' id='word_1_509' title='bbox 3211 1861 3306 1914; x_wconf 72' lang='lat' dir='ltr'><strong><em>mi.</em></strong></span> <span class='ocrx_word' id='word_1_510' title='bbox 3342 1861 3399 1912; x_wconf 82' lang='grc' dir='ltr'>ὲν</span> <span class='ocrx_word' id='word_1_511' title='bbox 3429 1861 3542 1921; x_wconf 80' lang='grc' dir='ltr'>τοῖς</span> <span class='ocrx_word' id='word_1_512' title='bbox 3580 1875 3686 1910; x_wconf 83' lang='grc' dir='ltr'>σκυ</span> 
     </span>
    </p>
   </div>
   <div class='ocr_carea' id='block_1_80' title="bbox 2134 1950 3719 2030">
    <p class='ocr_par' dir='ltr' id='par_1_80' title="bbox 2134 1950 3719 2030">
     <span class='ocr_line' id='line_1_80' title="bbox 2134 1950 3719 2030; baseline -0.006 -19"><span class='ocrx_word' id='word_1_513' title='bbox 2134 1957 2371 2030; x_wconf 84' lang='grc' dir='ltr'>θρωποῖς</span> <span class='ocrx_word' id='word_1_514' title='bbox 2399 1956 2700 2028; x_wconf 80' lang='grc' dir='ltr'>προσδοκᾷν</span> <span class='ocrx_word' id='word_1_515' title='bbox 2733 1956 2826 2007; x_wconf 75' lang='grc' dir='ltr'>ἐπὶ</span> <span class='ocrx_word' id='word_1_516' title='bbox 2870 1955 3093 2026; x_wconf 80' lang='grc' dir='ltr'>Κύριον.</span> <span class='ocrx_word' id='word_1_517' title='bbox 3143 1953 3218 2005; x_wconf 85' lang='grc' dir='ltr'><strong><em>Οὺ</em></strong></span> <span class='ocrx_word' id='word_1_518' title='bbox 3260 1951 3368 2020; x_wconf 82' lang='grc' dir='ltr'><strong><em>γὰρ</em></strong></span> <span class='ocrx_word' id='word_1_519' title='bbox 3415 1951 3578 2020; x_wconf 89' lang='grc' dir='ltr'>μόνον</span> <span class='ocrx_word' id='word_1_520' title='bbox 3625 1950 3719 2003; x_wconf 67' lang='lat' dir='ltr'><strong><em>frte</em></strong></span> 
     </span>
    </p>
   </div>
   <div class='ocr_carea' id='block_1_81' title="bbox 2135 2043 3720 2120">
    <p class='ocr_par' dir='ltr' id='par_1_81' title="bbox 2135 2043 3720 2120">
     <span class='ocr_line' id='line_1_81' title="bbox 2135 2043 3720 2120; baseline -0.005 -17"><span class='ocrx_word' id='word_1_521' title='bbox 2135 2049 2350 2120; x_wconf 78' lang='grc' dir='ltr'>φυλακὴ</span> <span class='ocrx_word' id='word_1_522' title='bbox 2383 2047 2525 2120; x_wconf 79' lang='grc' dir='ltr'>πρωῒ</span> <span class='ocrx_word' id='word_1_523' title='bbox 2559 2049 2632 2119; x_wconf 81' lang='grc' dir='ltr'><strong><em>μὴ</em></strong></span> <span class='ocrx_word' id='word_1_524' title='bbox 2667 2049 2762 2102; x_wconf 69' lang='grc' dir='ltr'><strong><em>καὶ</em></strong></span> <span class='ocrx_word' id='word_1_525' title='bbox 2793 2047 3022 2117; x_wconf 77' lang='grc' dir='ltr'>λαμπρὰ</span> <span class='ocrx_word' id='word_1_526' title='bbox 3043 2045 3111 2098; x_wconf 89' lang='grc' dir='ltr'><strong><em>τά</em></strong></span> <span class='ocrx_word' id='word_1_527' title='bbox 3145 2046 3411 2118; x_wconf 82' lang='grc' dir='ltr'>παρόντα,</span> <span class='ocrx_word' id='word_1_528' title='bbox 3446 2043 3588 2096; x_wconf 83' lang='grc' dir='ltr'><strong><em>ἀλλά</em></strong></span> <span class='ocrx_word' id='word_1_529' title='bbox 3620 2043 3720 2098; x_wconf 81' lang='grc' dir='ltr'><strong><em>καὶ</em></strong></span> 
     </span>
    </p>
   </div>
   <div class='ocr_carea' id='block_1_82' title="bbox 2137 2137 3719 2214">
    <p class='ocr_par' dir='ltr' id='par_1_82' title="bbox 2137 2137 3719 2214">
     <span class='ocr_line' id='line_1_82' title="bbox 2137 2137 3719 2214; baseline -0.004 -18"><span class='ocrx_word' id='word_1_530' title='bbox 2137 2145 2298 2214; x_wconf 83' lang='grc' dir='ltr'>μέχρι</span> <span class='ocrx_word' id='word_1_531' title='bbox 2349 2143 2459 2195; x_wconf 83' lang='grc' dir='ltr'><strong><em>τῶν</em></strong></span> <span class='ocrx_word' id='word_1_532' title='bbox 2519 2141 2762 2212; x_wconf 79' lang='grc' dir='ltr'>ζοφερῶν</span> <span class='ocrx_word' id='word_1_533' title='bbox 2797 2139 3196 2211; x_wconf 83' lang='grc' dir='ltr'>περιστάσεων,</span> <span class='ocrx_word' id='word_1_534' title='bbox 3247 2137 3404 2189; x_wconf 82' lang='grc' dir='ltr'>Ἀλλά</span> <span class='ocrx_word' id='word_1_535' title='bbox 3455 2138 3551 2190; x_wconf 73' lang='grc' dir='ltr'><strong><em>καὶ</em></strong></span> <span class='ocrx_word' id='word_1_536' title='bbox 3579 2137 3719 2192; x_wconf 53' lang='grc' dir='ltr'>ἀνα.</span> 
     </span>
    </p>
   </div>
   <div class='ocr_carea' id='block_1_83' title="bbox 2131 2226 3718 2302">
    <p class='ocr_par' dir='ltr' id='par_1_83' title="bbox 2131 2226 3718 2302">
     <span class='ocr_line' id='line_1_83' title="bbox 2131 2226 3718 2302; baseline -0.004 -17"><span class='ocrx_word' id='word_1_537' title='bbox 2131 2233 2406 2295; x_wconf 84' lang='grc' dir='ltr'>τέλλοντος</span> <span class='ocrx_word' id='word_1_538' title='bbox 2426 2232 2519 2284; x_wconf 86' lang='grc' dir='ltr'><strong><em>τοῦ</em></strong></span> <span class='ocrx_word' id='word_1_539' title='bbox 2547 2230 2798 2302; x_wconf 73' lang='grc' dir='ltr'>ἀληθινοῦ</span> <span class='ocrx_word' id='word_1_540' title='bbox 2826 2230 3004 2298; x_wconf 74' lang='grc' dir='ltr'>φωτὸς</span> <span class='ocrx_word' id='word_1_541' title='bbox 3021 2231 3049 2282; x_wconf 86' lang='grc' dir='ltr'>ὁ</span> <span class='ocrx_word' id='word_1_542' title='bbox 3071 2228 3373 2299; x_wconf 86' lang='grc' dir='ltr'>διορατικὸς</span> <span class='ocrx_word' id='word_1_543' title='bbox 3398 2226 3521 2289; x_wconf 91' lang='grc' dir='ltr'>νοῦς</span> <span class='ocrx_word' id='word_1_544' title='bbox 3543 2243 3718 2297; x_wconf 68' lang='grc' dir='ltr'>προσ-ο</span> 
     </span>
    </p>
   </div>
   <div class='ocr_carea' id='block_1_84' title="bbox 2135 2319 3718 2397">
    <p class='ocr_par' dir='ltr' id='par_1_84' title="bbox 2135 2319 3718 2397">
     <span class='ocr_line' id='line_1_84' title="bbox 2135 2319 3718 2397; baseline -0.006 -18"><span class='ocrx_word' id='word_1_545' title='bbox 2135 2326 2307 2397; x_wconf 83' lang='grc' dir='ltr'>θήκην</span> <span class='ocrx_word' id='word_1_546' title='bbox 2369 2325 2634 2395; x_wconf 78' lang='grc' dir='ltr'>λαμϐάνει</span> <span class='ocrx_word' id='word_1_547' title='bbox 2683 2325 2747 2376; x_wconf 83' lang='grc' dir='ltr'>ὲκ</span> <span class='ocrx_word' id='word_1_548' title='bbox 2798 2322 2933 2375; x_wconf 85' lang='grc' dir='ltr'>Θεοῦ</span> <span class='ocrx_word' id='word_1_549' title='bbox 2981 2321 3090 2374; x_wconf 81' lang='grc' dir='ltr'>τῶν</span> <span class='ocrx_word' id='word_1_550' title='bbox 3139 2320 3411 2393; x_wconf 81' lang='grc' dir='ltr'>φαιδρῶν,</span> <span class='ocrx_word' id='word_1_551' title='bbox 3463 2320 3559 2373; x_wconf 77' lang='grc' dir='ltr'>καὶ</span> <span class='ocrx_word' id='word_1_552' title='bbox 3605 2319 3718 2372; x_wconf 83' lang='grc' dir='ltr'><strong><em>τῶν</em></strong></span> 
     </span>
    </p>
   </div>
   <div class='ocr_carea' id='block_1_85' title="bbox 2136 2411 3719 2489">
    <p class='ocr_par' dir='ltr' id='par_1_85' title="bbox 2136 2411 3719 2489">
     <span class='ocr_line' id='line_1_85' title="bbox 2136 2411 3719 2489; baseline -0.004 -19"><span class='ocrx_word' id='word_1_553' title='bbox 2136 2416 2474 2489; x_wconf 83' lang='grc' dir='ltr'>σκυθρωπῶν</span> <span class='ocrx_word' id='word_1_554' title='bbox 2492 2416 2810 2487; x_wconf 85' lang='grc' dir='ltr'>ἀπαλλαγήν</span> <span class='ocrx_word' id='word_1_555' title='bbox 2827 2416 2959 2484; x_wconf 76' lang='lat'><strong><em>(50‘)</em></strong></span> <span class='ocrx_word' id='word_1_556' title='bbox 2975 2433 2984 2445; x_wconf 89' lang='grc'>·</span> <span class='ocrx_word' id='word_1_557' title='bbox 3002 2415 3275 2468; x_wconf 80' lang='grc' dir='ltr'>ὲλπισάτω</span> <span class='ocrx_word' id='word_1_558' title='bbox 3290 2416 3418 2484; x_wconf 86' lang='grc' dir='ltr'>παρ’</span> <span class='ocrx_word' id='word_1_559' title='bbox 3436 2411 3586 2482; x_wconf 79' lang='grc' dir='ltr'>αὑτῷ</span> <span class='ocrx_word' id='word_1_560' title='bbox 3606 2412 3719 2483; x_wconf 81' lang='grc' dir='ltr'>γὰρ</span> 
     </span>
    </p>
   </div>
   <div class='ocr_carea' id='block_1_86' title="bbox 2133 2503 3716 2580">
    <p class='ocr_par' dir='ltr' id='par_1_86' title="bbox 2133 2503 3716 2580">
     <span class='ocr_line' id='line_1_86' title="bbox 2133 2503 3716 2580; baseline -0.003 -20"><span class='ocrx_word' id='word_1_561' title='bbox 2133 2508 2208 2571; x_wconf 86' lang='grc' dir='ltr'>ὡς</span> <span class='ocrx_word' id='word_1_562' title='bbox 2242 2511 2299 2561; x_wconf 80' lang='grc' dir='ltr'><strong><em>ἐν</em></strong></span> <span class='ocrx_word' id='word_1_563' title='bbox 2333 2512 2506 2580; x_wconf 85' lang='grc' dir='ltr'>πηγῇ,</span> <span class='ocrx_word' id='word_1_564' title='bbox 2539 2511 2634 2562; x_wconf 75' lang='grc' dir='ltr'><strong><em>καὶ</em></strong></span> <span class='ocrx_word' id='word_1_565' title='bbox 2665 2511 2793 2580; x_wconf 83' lang='grc' dir='ltr'>παρ’</span> <span class='ocrx_word' id='word_1_566' title='bbox 2821 2507 2986 2561; x_wconf 82' lang='grc' dir='ltr'>αὑτοῦ</span> <span class='ocrx_word' id='word_1_567' title='bbox 3013 2508 3074 2560; x_wconf 88' lang='grc' dir='ltr'><strong><em>τὸ</em></strong></span> <span class='ocrx_word' id='word_1_568' title='bbox 3103 2507 3270 2570; x_wconf 76' lang='grc' dir='ltr'>ἕλεος,</span> <span class='ocrx_word' id='word_1_569' title='bbox 3305 2505 3383 2576; x_wconf 81' lang='grc' dir='ltr'>τῷ</span> <span class='ocrx_word' id='word_1_570' title='bbox 3414 2503 3564 2574; x_wconf 79' lang='grc' dir='ltr'>αὑτῷ</span> <span class='ocrx_word' id='word_1_571' title='bbox 3600 2503 3716 2556; x_wconf 84' lang='grc' dir='ltr'>δντι</span> 
     </span>
    </p>
   </div>
   <div class='ocr_carea' id='block_1_87' title="bbox 2133 2595 3716 2674">
    <p class='ocr_par' dir='ltr' id='par_1_87' title="bbox 2133 2595 3716 2674">
     <span class='ocr_line' id='line_1_87' title="bbox 2133 2595 3716 2674; baseline -0.006 -18"><span class='ocrx_word' id='word_1_572' title='bbox 2133 2601 2420 2674; x_wconf 79' lang='grc' dir='ltr'>λυτρώσει,</span> <span class='ocrx_word' id='word_1_573' title='bbox 2456 2604 2549 2656; x_wconf 69' lang='grc' dir='ltr'>καὶ</span> <span class='ocrx_word' id='word_1_574' title='bbox 2576 2601 2654 2673; x_wconf 81' lang='grc' dir='ltr'>τῷ</span> <span class='ocrx_word' id='word_1_575' title='bbox 2699 2602 2933 2672; x_wconf 82' lang='grc' dir='ltr'>ίλασμῷ,</span> <span class='ocrx_word' id='word_1_576' title='bbox 2974 2601 3054 2671; x_wconf 79' lang='grc' dir='ltr'>τῷ</span> <span class='ocrx_word' id='word_1_577' title='bbox 3089 2599 3342 2655; x_wconf 81' lang='grc' dir='ltr'>ἱκανὼσει</span> <span class='ocrx_word' id='word_1_578' title='bbox 3394 2597 3563 2667; x_wconf 78' lang='grc' dir='ltr'>πολλῇ</span> <span class='ocrx_word' id='word_1_579' title='bbox 3615 2595 3716 2661; x_wconf 83' lang='grc' dir='ltr'>τὰς</span> 
     </span>
    </p>
   </div>
   <div class='ocr_carea' id='block_1_88' title="bbox 2133 2695 2894 2767">
    <p class='ocr_par' dir='ltr' id='par_1_88' title="bbox 2133 2695 2894 2767">
     <span class='ocr_line' id='line_1_88' title="bbox 2133 2695 2894 2767; baseline -0.001 -18"><span class='ocrx_word' id='word_1_580' title='bbox 2133 2695 2408 2766; x_wconf 78' lang='grc' dir='ltr'>ἁμαρτίας</span> <span class='ocrx_word' id='word_1_581' title='bbox 2435 2695 2894 2767; x_wconf 81' lang='grc' dir='ltr'>περικαθαίροντι.</span> 
     </span>
    </p>
   </div>
   <div class='ocr_carea' id='block_1_89' title="bbox 2492 2775 3349 2858">
    <p class='ocr_par' dir='ltr' id='par_1_89' title="bbox 2492 2775 3349 2858">
     <span class='ocr_line' id='line_1_89' title="bbox 2492 2775 3349 2858; baseline -0.001 -16"><span class='ocrx_word' id='word_1_582' title='bbox 2492 2788 2632 2858; x_wconf 82' lang='grc' dir='ltr'><strong><em>’ῼδὴ</em></strong></span> <span class='ocrx_word' id='word_1_583' title='bbox 2665 2787 2782 2842; x_wconf 81' lang='grc' dir='ltr'>τῶν</span> <span class='ocrx_word' id='word_1_584' title='bbox 2805 2775 3176 2855; x_wconf 77' lang='grc' dir='ltr'>ἀναϐαθμῶν.</span> <span class='ocrx_word' id='word_1_585' title='bbox 3218 2790 3349 2841; x_wconf 81' lang='lat' dir='ltr'><strong><em>PA&#39;.</em></strong></span> 
     </span>
    </p>
   </div>
   <div class='ocr_carea' id='block_1_90' title="bbox 2755 2879 3089 2942">
    <p class='ocr_par' dir='ltr' id='par_1_90' title="bbox 2755 2879 3089 2942">
     <span class='ocr_line' id='line_1_90' title="bbox 2755 2879 3089 2942; baseline -0.003 -9"><span class='ocrx_word' id='word_1_586' title='bbox 2755 2879 2769 2897; x_wconf 86' lang='lat'>&#39;</span> <span class='ocrx_word' id='word_1_587' title='bbox 2782 2882 2865 2933; x_wconf 81' lang='grc' dir='ltr'><strong><em>Υπ</em></strong></span> <span class='ocrx_word' id='word_1_588' title='bbox 2872 2881 3089 2942; x_wconf 78' lang='grc' dir='ltr'>όθεσις.</span> 
     </span>
    </p>
   </div>
   <div class='ocr_carea' id='block_1_91' title="bbox 2145 2970 3716 3043">
    <p class='ocr_par' dir='ltr' id='par_1_91' title="bbox 2145 2970 3716 3043">
     <span class='ocr_line' id='line_1_91' title="bbox 2145 2970 3716 3043; baseline -0.001 -16"><span class='ocrx_word' id='word_1_589' title='bbox 2145 2973 2211 3027; x_wconf 87' lang='grc' dir='ltr'><strong>Ἦ</strong></span> <span class='ocrx_word' id='word_1_590' title='bbox 2230 2972 2504 3042; x_wconf 82' lang='grc' dir='ltr'>δωδεκάτη</span> <span class='ocrx_word' id='word_1_591' title='bbox 2531 2972 2641 3043; x_wconf 80' lang='grc' dir='ltr'><strong><em>ᾠδὴ</em></strong></span> <span class='ocrx_word' id='word_1_592' title='bbox 2673 2972 2765 3026; x_wconf 86' lang='grc' dir='ltr'><strong><em>τὸν</em></strong></span> <span class='ocrx_word' id='word_1_593' title='bbox 2805 2971 3210 3038; x_wconf 81' lang='grc' dir='ltr'>καταξιωθέντα</span> <span class='ocrx_word' id='word_1_594' title='bbox 3250 2970 3345 3025; x_wconf 90' lang='grc' dir='ltr'><strong><em>τοῦ</em></strong></span> <span class='ocrx_word' id='word_1_595' title='bbox 3377 2970 3608 3042; x_wconf 83' lang='grc' dir='ltr'>ἱλασμοῦ</span> <span class='ocrx_word' id='word_1_596' title='bbox 3634 2973 3716 3026; x_wconf 87' lang='grc' dir='ltr'>δι-</span> 
     </span>
    </p>
   </div>
   <div class='ocr_carea' id='block_1_92' title="bbox 2210 3063 3719 3137">
    <p class='ocr_par' dir='ltr' id='par_1_92' title="bbox 2210 3063 3719 3137">
     <span class='ocr_line' id='line_1_92' title="bbox 2210 3063 3719 3137; baseline -0.001 -17"><span class='ocrx_word' id='word_1_597' title='bbox 2210 3066 2400 3120; x_wconf 83' lang='grc' dir='ltr'>δάσκει</span> <span class='ocrx_word' id='word_1_598' title='bbox 2435 3065 2509 3135; x_wconf 83' lang='grc' dir='ltr'>μὴ</span> <span class='ocrx_word' id='word_1_599' title='bbox 2553 3063 2902 3136; x_wconf 60' lang='grc' dir='ltr'>ἐπαίρεσθαι,</span> <span class='ocrx_word' id='word_1_600' title='bbox 2932 3067 2997 3135; x_wconf 84' lang='grc' dir='ltr'>τῇ</span> <span class='ocrx_word' id='word_1_601' title='bbox 3033 3063 3224 3117; x_wconf 75' lang='grc' dir='ltr'>ἑαυτοῦ</span> <span class='ocrx_word' id='word_1_602' title='bbox 3273 3063 3552 3134; x_wconf 79' lang='grc' dir='ltr'>βελτιώσει</span> <span class='ocrx_word' id='word_1_603' title='bbox 3582 3065 3719 3137; x_wconf 76' lang='grc' dir='ltr'>θαρ-</span> 
     </span>
    </p>
   </div>
   <div class='ocr_carea' id='block_1_93' title="bbox 2216 3157 3081 3229">
    <p class='ocr_par' dir='ltr' id='par_1_93' title="bbox 2216 3157 3081 3229">
     <span class='ocr_line' id='line_1_93' title="bbox 2216 3157 3081 3229; baseline 0 -19"><span class='ocrx_word' id='word_1_604' title='bbox 2216 3157 2432 3229; x_wconf 77' lang='grc' dir='ltr'>ροῦντα,</span> <span class='ocrx_word' id='word_1_605' title='bbox 2463 3157 2599 3210; x_wconf 82' lang='grc' dir='ltr'>ἀλλὰ</span> <span class='ocrx_word' id='word_1_606' title='bbox 2622 3159 3081 3228; x_wconf 58' lang='grc' dir='ltr'>ταπεινοφρονεω.</span> 
     </span>
    </p>
   </div>
   <div class='ocr_carea' id='block_1_94' title="bbox 2209 3248 3716 3319">
    <p class='ocr_par' dir='ltr' id='par_1_94' title="bbox 2209 3248 3716 3319">
     <span class='ocr_line' id='line_1_94' title="bbox 2209 3248 3716 3319; baseline -0.002 -16"><span class='ocrx_word' id='word_1_607' title='bbox 2209 3252 2407 3319; x_wconf 85' lang='grc' dir='ltr'>Κύριε,</span> <span class='ocrx_word' id='word_1_608' title='bbox 2443 3252 2554 3318; x_wconf 82' lang='grc' dir='ltr'><strong><em>οὐχ</em></strong></span> <span class='ocrx_word' id='word_1_609' title='bbox 2601 3249 2812 3318; x_wconf 67' lang='grc' dir='ltr'>ὑψώθη</span> <span class='ocrx_word' id='word_1_610' title='bbox 2847 3250 2885 3317; x_wconf 79' lang='grc' dir='ltr'><em>ἠ</em></span> <span class='ocrx_word' id='word_1_611' title='bbox 2918 3248 3130 3316; x_wconf 79' lang='grc' dir='ltr'>καρδία</span> <span class='ocrx_word' id='word_1_612' title='bbox 3168 3266 3288 3318; x_wconf 79' lang='grc' dir='ltr'><strong><em>μου</em></strong></span> <span class='ocrx_word' id='word_1_613' title='bbox 3320 3289 3334 3301; x_wconf 93' lang='grc'><strong><em>.</em></strong></span> <span class='ocrx_word' id='word_1_614' title='bbox 3370 3289 3384 3302; x_wconf 93' lang='grc'><strong><em>.</em></strong></span> <span class='ocrx_word' id='word_1_615' title='bbox 3424 3289 3438 3302; x_wconf 94' lang='grc'><strong><em>.</em></strong></span> <span class='ocrx_word' id='word_1_616' title='bbox 3471 3289 3485 3302; x_wconf 94' lang='grc'><strong><em>.</em></strong></span> <span class='ocrx_word' id='word_1_617' title='bbox 3520 3288 3535 3302; x_wconf 93' lang='grc'><strong><em>.</em></strong></span> <span class='ocrx_word' id='word_1_618' title='bbox 3570 3249 3716 3304; x_wconf 82' lang='grc' dir='ltr'>οὐδὲ</span> 
     </span>
    </p>
   </div>
   <div class='ocr_carea' id='block_1_95' title="bbox 2139 3338 3714 3410">
    <p class='ocr_par' dir='ltr' id='par_1_95' title="bbox 2139 3338 3714 3410">
     <span class='ocr_line' id='line_1_95' title="bbox 2139 3338 3714 3410; baseline -0.001 -16"><span class='ocrx_word' id='word_1_619' title='bbox 2139 3341 2472 3408; x_wconf 81' lang='grc' dir='ltr'>ἐπορεύθην</span> <span class='ocrx_word' id='word_1_620' title='bbox 2497 3340 2569 3392; x_wconf 84' lang='grc' dir='ltr'>ἐν</span> <span class='ocrx_word' id='word_1_621' title='bbox 2584 3338 2872 3410; x_wconf 69' lang='grc' dir='ltr'>μεγάλοις</span> <span class='ocrx_word' id='word_1_622' title='bbox 2909 3339 3052 3392; x_wconf 80' lang='grc' dir='ltr'>οὐδὲ</span> <span class='ocrx_word' id='word_1_623' title='bbox 3084 3339 3156 3392; x_wconf 81' lang='grc' dir='ltr'>ἐν</span> <span class='ocrx_word' id='word_1_624' title='bbox 3191 3339 3544 3407; x_wconf 78' lang='grc' dir='ltr'>θαυμασίοις</span> <span class='ocrx_word' id='word_1_625' title='bbox 3558 3339 3714 3408; x_wconf 70' lang='grc' dir='ltr'><strong><em>ὑπὲρ</em></strong></span> 
     </span>
    </p>
   </div>
   <div class='ocr_carea' id='block_1_96' title="bbox 2139 3428 3715 3502">
    <p class='ocr_par' dir='ltr' id='par_1_96' title="bbox 2139 3428 3715 3502">
     <span class='ocr_line' id='line_1_96' title="bbox 2139 3428 3715 3502; baseline -0.004 -16"><span class='ocrx_word' id='word_1_626' title='bbox 2139 3430 2263 3501; x_wconf 82' lang='grc' dir='ltr'>ἐμέ,</span> <span class='ocrx_word' id='word_1_627' title='bbox 2281 3449 2335 3487; x_wconf 89' lang='grc' dir='ltr'><strong><em>κ.</em></strong></span> <span class='ocrx_word' id='word_1_628' title='bbox 2353 3449 2405 3485; x_wconf 91' lang='lat'><strong><em>1.</em></strong></span> <span class='ocrx_word' id='word_1_629' title='bbox 2422 3430 2470 3484; x_wconf 92' lang='grc' dir='ltr'><strong><em>λ.</em></strong></span> <span class='ocrx_word' id='word_1_630' title='bbox 2489 3431 2632 3500; x_wconf 82' lang='grc' dir='ltr'>Πρὸς</span> <span class='ocrx_word' id='word_1_631' title='bbox 2645 3430 2701 3484; x_wconf 81' lang='grc' dir='ltr'>δὲ</span> <span class='ocrx_word' id='word_1_632' title='bbox 2715 3431 2776 3483; x_wconf 88' lang='grc' dir='ltr'><strong><em>τὸ</em></strong></span> <span class='ocrx_word' id='word_1_633' title='bbox 2794 3434 2868 3502; x_wconf 84' lang='grc' dir='ltr'>μὴ</span> <span class='ocrx_word' id='word_1_634' title='bbox 2886 3428 3188 3501; x_wconf 81' lang='grc' dir='ltr'>ὲπαρθῆναὶ</span> <span class='ocrx_word' id='word_1_635' title='bbox 3203 3446 3335 3499; x_wconf 84' lang='grc' dir='ltr'>φησι</span> <span class='ocrx_word' id='word_1_636' title='bbox 3349 3429 3446 3498; x_wconf 84' lang='grc' dir='ltr'><strong><em>τὴν</em></strong></span> <span class='ocrx_word' id='word_1_637' title='bbox 3462 3431 3715 3484; x_wconf 72' lang='grc' dir='ltr'>ἐναντίαν</span> 
     </span>
    </p>
   </div>
   <div class='ocr_carea' id='block_1_97' title="bbox 2138 3522 3717 3596">
    <p class='ocr_par' dir='ltr' id='par_1_97' title="bbox 2138 3522 3717 3596">
     <span class='ocr_line' id='line_1_97' title="bbox 2138 3522 3717 3596; baseline -0.003 -18"><span class='ocrx_word' id='word_1_638' title='bbox 2138 3525 2341 3596; x_wconf 84' lang='grc' dir='ltr'>ἀρετὴν</span> <span class='ocrx_word' id='word_1_639' title='bbox 2356 3526 2433 3586; x_wconf 81' lang='grc' dir='ltr'><strong><em>είς</em></strong></span> <span class='ocrx_word' id='word_1_640' title='bbox 2452 3522 2755 3594; x_wconf 78' lang='grc' dir='ltr'>ὑπερϐολὴν</span> <span class='ocrx_word' id='word_1_641' title='bbox 2784 3522 3105 3594; x_wconf 77' lang='grc' dir='ltr'>ἐπιτήδειον,</span> <span class='ocrx_word' id='word_1_642' title='bbox 3129 3524 3196 3593; x_wconf 82' lang='grc' dir='ltr'>ἣν</span> <span class='ocrx_word' id='word_1_643' title='bbox 3219 3523 3315 3575; x_wconf 76' lang='grc' dir='ltr'>καὶ</span> <span class='ocrx_word' id='word_1_644' title='bbox 3341 3526 3369 3576; x_wconf 86' lang='grc' dir='ltr'>ὁ</span> <span class='ocrx_word' id='word_1_645' title='bbox 3395 3523 3588 3592; x_wconf 76' lang='grc' dir='ltr'>Σωτὴρ</span> <span class='ocrx_word' id='word_1_646' title='bbox 3608 3524 3717 3576; x_wconf 71' lang='grc' dir='ltr'><strong><em>ιδε-</em></strong></span> 
     </span>
    </p>
   </div>
   <div class='ocr_carea' id='block_1_98' title="bbox 2139 3613 3718 3685">
    <p class='ocr_par' dir='ltr' id='par_1_98' title="bbox 2139 3613 3718 3685">
     <span class='ocr_line' id='line_1_98' title="bbox 2139 3613 3718 3685; baseline 0 -16"><span class='ocrx_word' id='word_1_647' title='bbox 2139 3617 2265 3680; x_wconf 78' lang='grc' dir='ltr'>δαξε</span> <span class='ocrx_word' id='word_1_648' title='bbox 2307 3617 2482 3684; x_wconf 78' lang='grc' dir='ltr'>λέγων</span> <span class='ocrx_word' id='word_1_649' title='bbox 2506 3633 2520 3646; x_wconf 89' lang='grc'><strong>·</strong></span> <span class='ocrx_word' id='word_1_650' title='bbox 2567 3617 2700 3669; x_wconf 83' lang='grc' dir='ltr'><strong><em>Ἐὰν</em></strong></span> <span class='ocrx_word' id='word_1_651' title='bbox 2741 3615 2826 3684; x_wconf 74' lang='grc' dir='ltr'>μὴ</span> <span class='ocrx_word' id='word_1_652' title='bbox 2860 3613 3168 3683; x_wconf 64' lang='grc' dir='ltr'>στραφῆτε</span> <span class='ocrx_word' id='word_1_653' title='bbox 3205 3615 3303 3668; x_wconf 83' lang='grc' dir='ltr'>καὶ</span> <span class='ocrx_word' id='word_1_654' title='bbox 3338 3615 3594 3685; x_wconf 76' lang='grc' dir='ltr'>γένησθε</span> <span class='ocrx_word' id='word_1_655' title='bbox 3635 3615 3718 3681; x_wconf 81' lang='grc' dir='ltr'>ὡς</span> 
     </span>
    </p>
   </div>
   <div class='ocr_carea' id='block_1_99' title="bbox 2137 3705 3719 3776">
    <p class='ocr_par' dir='ltr' id='par_1_99' title="bbox 2137 3705 3719 3776">
     <span class='ocr_line' id='line_1_99' title="bbox 2137 3705 3719 3776; baseline -0.001 -14"><span class='ocrx_word' id='word_1_656' title='bbox 2137 3709 2211 3762; x_wconf 80' lang='grc' dir='ltr'>τὰ</span> <span class='ocrx_word' id='word_1_657' title='bbox 2255 3709 2482 3769; x_wconf 80' lang='grc' dir='ltr'>παιδία,</span> <span class='ocrx_word' id='word_1_658' title='bbox 2527 3709 2600 3761; x_wconf 86' lang='grc' dir='ltr'>οὐ</span> <span class='ocrx_word' id='word_1_659' title='bbox 2640 3706 2728 3776; x_wconf 82' lang='grc' dir='ltr'>μὴ</span> <span class='ocrx_word' id='word_1_660' title='bbox 2772 3705 3083 3774; x_wconf 69' lang='grc' dir='ltr'>εἰσέλθητε</span> <span class='ocrx_word' id='word_1_661' title='bbox 3111 3708 3198 3772; x_wconf 78' lang='grc' dir='ltr'><strong><em>εἰς</em></strong></span> <span class='ocrx_word' id='word_1_662' title='bbox 3239 3706 3351 3773; x_wconf 74' lang='grc' dir='ltr'><strong><em>τὴν</em></strong></span> <span class='ocrx_word' id='word_1_663' title='bbox 3382 3707 3719 3770; x_wconf 74' lang='grc' dir='ltr'>,βασιλείαν</span> 
     </span>
    </p>
   </div>
   <div class='ocr_carea' id='block_1_100' title="bbox 2138 3798 3716 3868">
    <p class='ocr_par' dir='ltr' id='par_1_100' title="bbox 2138 3798 3716 3868">
     <span class='ocr_line' id='line_1_100' title="bbox 2138 3798 3716 3868; baseline 0.001 -15"><span class='ocrx_word' id='word_1_664' title='bbox 2138 3799 2258 3854; x_wconf 81' lang='grc' dir='ltr'><strong><em>τῶν</em></strong></span> <span class='ocrx_word' id='word_1_665' title='bbox 2287 3798 2578 3867; x_wconf 83' lang='grc' dir='ltr'>οὐρανῶν.</span> <span class='ocrx_word' id='word_1_666' title='bbox 2628 3799 3192 3868; x_wconf 82' lang='grc' dir='ltr'>Ἀπογαλακτισθέντα</span> <span class='ocrx_word' id='word_1_667' title='bbox 3219 3800 3274 3852; x_wconf 85' lang='grc' dir='ltr'>δὲ</span> <span class='ocrx_word' id='word_1_668' title='bbox 3307 3799 3455 3866; x_wconf 84' lang='grc' dir='ltr'>λέγει</span> <span class='ocrx_word' id='word_1_669' title='bbox 3504 3800 3716 3865; x_wconf 80' lang='grc' dir='ltr'>παιδία,</span> 
     </span>
    </p>
   </div>
   <div class='ocr_carea' id='block_1_101' title="bbox 2139 3891 3716 3965">
    <p class='ocr_par' dir='ltr' id='par_1_101' title="bbox 2139 3891 3716 3965">
     <span class='ocr_line' id='line_1_101' title="bbox 2139 3891 3716 3965; baseline 0 -19"><span class='ocrx_word' id='word_1_670' title='bbox 2139 3893 2237 3964; x_wconf 84' lang='grc' dir='ltr'>τὴν</span> <span class='ocrx_word' id='word_1_671' title='bbox 2266 3894 2443 3964; x_wconf 81' lang='grc' dir='ltr'>θλίψιν</span> <span class='ocrx_word' id='word_1_672' title='bbox 2491 3894 2686 3965; x_wconf 85' lang='grc' dir='ltr'>δη-λῶν.</span> <span class='ocrx_word' id='word_1_673' title='bbox 2744 3895 2821 3947; x_wconf 88' lang='grc' dir='ltr'><strong>Οὐ</strong></span> <span class='ocrx_word' id='word_1_674' title='bbox 2872 3894 2981 3962; x_wconf 78' lang='grc' dir='ltr'>γὰρ</span> <span class='ocrx_word' id='word_1_675' title='bbox 3029 3891 3320 3959; x_wconf 61' lang='grc' dir='ltr'>ἀφίσταται</span> <span class='ocrx_word' id='word_1_676' title='bbox 3353 3894 3452 3963; x_wconf 81' lang='grc' dir='ltr'>τῆς</span> <span class='ocrx_word' id='word_1_677' title='bbox 3487 3894 3716 3964; x_wconf 80' lang='grc' dir='ltr'>μητρὸς,</span> 
     </span>
    </p>
   </div>
   <div class='ocr_carea' id='block_1_102' title="bbox 2139 3985 3718 4058">
    <p class='ocr_par' dir='ltr' id='par_1_102' title="bbox 2139 3985 3718 4058">
     <span class='ocr_line' id='line_1_102' title="bbox 2139 3985 3718 4058; baseline 0.001 -20"><span class='ocrx_word' id='word_1_678' title='bbox 2139 3985 2468 4056; x_wconf 81' lang='grc' dir='ltr'>ὀδυνώμενον</span> <span class='ocrx_word' id='word_1_679' title='bbox 2496 3987 2588 4039; x_wconf 71' lang='grc' dir='ltr'>ἐπὶ</span> <span class='ocrx_word' id='word_1_680' title='bbox 2613 3985 2707 4039; x_wconf 89' lang='grc' dir='ltr'><strong><em>τοῦ</em></strong></span> <span class='ocrx_word' id='word_1_681' title='bbox 2733 3986 3059 4058; x_wconf 82' lang='grc' dir='ltr'>στερηθῆναι</span> <span class='ocrx_word' id='word_1_682' title='bbox 3083 3985 3177 4038; x_wconf 89' lang='grc' dir='ltr'><strong><em>τοῦ</em></strong></span> <span class='ocrx_word' id='word_1_683' title='bbox 3201 3985 3491 4052; x_wconf 77' lang='grc' dir='ltr'>γάλακτος.</span> <span class='ocrx_word' id='word_1_684' title='bbox 3529 3986 3718 4050; x_wconf 80' lang='grc' dir='ltr'>Οῦτως</span> 
     </span>
    </p>
   </div>
   <div class='ocr_carea' id='block_1_103' title="bbox 2139 4078 3717 4152">
    <p class='ocr_par' dir='ltr' id='par_1_103' title="bbox 2139 4078 3717 4152">
     <span class='ocr_line' id='line_1_103' title="bbox 2139 4078 3717 4152; baseline 0.001 -22"><span class='ocrx_word' id='word_1_685' title='bbox 2139 4078 2214 4132; x_wconf 81' lang='grc' dir='ltr'>ὢν</span> <span class='ocrx_word' id='word_1_686' title='bbox 2269 4080 2329 4132; x_wconf 84' lang='grc' dir='ltr'>ὲν</span> <span class='ocrx_word' id='word_1_687' title='bbox 2377 4083 2680 4152; x_wconf 81' lang='grc' dir='ltr'>συμφοραῖς</span> <span class='ocrx_word' id='word_1_688' title='bbox 2729 4079 2903 4148; x_wconf 81' lang='grc' dir='ltr'>κάγὼ,</span> <span class='ocrx_word' id='word_1_689' title='bbox 2948 4079 3131 4149; x_wconf 68' lang='grc' dir='ltr'>φησιν,</span> <span class='ocrx_word' id='word_1_690' title='bbox 3181 4078 3428 4149; x_wconf 80' lang='grc' dir='ltr'>ηὐχόμην</span> <span class='ocrx_word' id='word_1_691' title='bbox 3481 4080 3570 4132; x_wconf 74' lang='grc' dir='ltr'><strong><em>ἀεὶ</em></strong></span> <span class='ocrx_word' id='word_1_692' title='bbox 3623 4079 3717 4132; x_wconf 87' lang='grc' dir='ltr'><strong><em>τοῦ</em></strong></span> 
     </span>
    </p>
   </div>
   <div class='ocr_carea' id='block_1_104' title="bbox 2137 4170 3587 4242">
    <p class='ocr_par' dir='ltr' id='par_1_104' title="bbox 2137 4170 3587 4242">
     <span class='ocr_line' id='line_1_104' title="bbox 2137 4170 3587 4242; baseline -0.001 -18"><span class='ocrx_word' id='word_1_693' title='bbox 2137 4171 2296 4224; x_wconf 83' lang='grc' dir='ltr'>Θεοῦ.</span> <span class='ocrx_word' id='word_1_694' title='bbox 2332 4173 2395 4226; x_wconf 78' lang='lat' dir='ltr'><strong><em>Ei</em></strong></span> <span class='ocrx_word' id='word_1_695' title='bbox 2417 4172 2474 4225; x_wconf 83' lang='grc' dir='ltr'>δὲ</span> <span class='ocrx_word' id='word_1_696' title='bbox 2513 4172 2587 4242; x_wconf 81' lang='grc' dir='ltr'>μὴ</span> <span class='ocrx_word' id='word_1_697' title='bbox 2613 4171 2784 4233; x_wconf 74' lang='grc' dir='ltr'>οὕτως</span> <span class='ocrx_word' id='word_1_698' title='bbox 2815 4173 2954 4237; x_wconf 79' lang='grc' dir='ltr'>εἵην,</span> <span class='ocrx_word' id='word_1_699' title='bbox 2983 4171 3138 4238; x_wconf 86' lang='grc' dir='ltr'>δίκην</span> <span class='ocrx_word' id='word_1_700' title='bbox 3175 4170 3323 4241; x_wconf 85' lang='grc' dir='ltr'>δοίην</span> <span class='ocrx_word' id='word_1_701' title='bbox 3348 4170 3587 4240; x_wconf 82' lang='grc' dir='ltr'>ἐσχάτην</span> 
     </span>
    </p>
   </div>
   <div class='ocr_carea' id='block_1_105' title="bbox 2467 4348 3378 4418">
    <p class='ocr_par' dir='ltr' id='par_1_105' title="bbox 2467 4348 3378 4418">
     <span class='ocr_line' id='line_1_105' title="bbox 2467 4348 3378 4418; baseline 0.001 -18"><span class='ocrx_word' id='word_1_702' title='bbox 2467 4349 2607 4418; x_wconf 77' lang='grc' dir='ltr'><strong><em>’ῼδὴ</em></strong></span> <span class='ocrx_word' id='word_1_703' title='bbox 2638 4350 2757 4401; x_wconf 85' lang='grc' dir='ltr'>τῶν</span> <span class='ocrx_word' id='word_1_704' title='bbox 2779 4348 3152 4417; x_wconf 75' lang='grc' dir='ltr'>ἀναϐαθμῶν.</span> <span class='ocrx_word' id='word_1_705' title='bbox 3197 4352 3378 4403; x_wconf 85' lang='grc' dir='ltr'><strong><em>ΡΛΛ’.</em></strong></span> 
     </span>
    </p>
   </div>
   <div class='ocr_carea' id='block_1_106' title="bbox 2753 4441 3090 4506">
    <p class='ocr_par' dir='ltr' id='par_1_106' title="bbox 2753 4441 3090 4506">
     <span class='ocr_line' id='line_1_106' title="bbox 2753 4441 3090 4506; baseline 0.003 -13"><span class='ocrx_word' id='word_1_706' title='bbox 2753 4441 2766 4459; x_wconf 76' lang='grc'><strong>⁰</strong></span> <span class='ocrx_word' id='word_1_707' title='bbox 2781 4444 2825 4493; x_wconf 84' lang='grc' dir='ltr'><strong><em>Υ</em></strong></span> <span class='ocrx_word' id='word_1_708' title='bbox 2823 4441 3090 4506; x_wconf 73' lang='grc' dir='ltr'>πόθεσις.</span> 
     </span>
    </p>
   </div>
   <div class='ocr_carea' id='block_1_107' title="bbox 2153 4531 3713 4605">
    <p class='ocr_par' dir='ltr' id='par_1_107' title="bbox 2153 4531 3713 4605">
     <span class='ocr_line' id='line_1_107' title="bbox 2153 4531 3713 4605; baseline 0 -19"><span class='ocrx_word' id='word_1_709' title='bbox 2153 4532 2219 4586; x_wconf 85' lang='grc' dir='ltr'>Ἡ</span> <span class='ocrx_word' id='word_1_710' title='bbox 2236 4534 2655 4605; x_wconf 85' lang='grc' dir='ltr'>τρισκαιδεκάτη</span> <span class='ocrx_word' id='word_1_711' title='bbox 2671 4533 2780 4604; x_wconf 82' lang='grc' dir='ltr'><strong><em>ᾠδὴ</em></strong></span> <span class='ocrx_word' id='word_1_712' title='bbox 2799 4533 2962 4604; x_wconf 76' lang='grc' dir='ltr'>εὐχὴν</span> <span class='ocrx_word' id='word_1_713' title='bbox 2993 4550 3057 4584; x_wconf 81' lang='grc' dir='ltr'><strong><em>πε</em></strong></span> <span class='ocrx_word' id='word_1_714' title='bbox 3069 4531 3234 4603; x_wconf 84' lang='grc' dir='ltr'>ριέχει</span> <span class='ocrx_word' id='word_1_715' title='bbox 3263 4531 3401 4601; x_wconf 79' lang='grc' dir='ltr'>ὑπὲρ</span> <span class='ocrx_word' id='word_1_716' title='bbox 3416 4531 3512 4584; x_wconf 88' lang='grc' dir='ltr'><strong><em>τοῦ</em></strong></span> <span class='ocrx_word' id='word_1_717' title='bbox 3529 4533 3713 4586; x_wconf 76' lang='grc' dir='ltr'>Δαυῖδ.</span> 
     </span>
    </p>
   </div>
   <div class='ocr_carea' id='block_1_108' title="bbox 2209 4626 3718 4699">
    <p class='ocr_par' dir='ltr' id='par_1_108' title="bbox 2209 4626 3718 4699">
     <span class='ocr_line' id='line_1_108' title="bbox 2209 4626 3718 4699; baseline -0.001 -20"><span class='ocrx_word' id='word_1_718' title='bbox 2209 4626 2318 4680; x_wconf 85' lang='grc' dir='ltr'><strong><em>Τοῦ</em></strong></span> <span class='ocrx_word' id='word_1_719' title='bbox 2369 4627 2478 4699; x_wconf 84' lang='grc' dir='ltr'>γὰρ</span> <span class='ocrx_word' id='word_1_720' title='bbox 2537 4627 2761 4698; x_wconf 73' lang='grc' dir='ltr'>ἱλασμοῦ</span> <span class='ocrx_word' id='word_1_721' title='bbox 2814 4629 2950 4681; x_wconf 82' lang='grc' dir='ltr'>πᾶσι</span> <span class='ocrx_word' id='word_1_722' title='bbox 2999 4626 3383 4696; x_wconf 76' lang='grc' dir='ltr'>προξενοῦντος</span> <span class='ocrx_word' id='word_1_723' title='bbox 3426 4627 3718 4698; x_wconf 85' lang='grc' dir='ltr'>ἁμαρτιῶν</span> 
     </span>
    </p>
   </div>
   <div class='ocr_carea' id='block_1_109' title="bbox 2207 4717 3721 4790">
    <p class='ocr_par' dir='ltr' id='par_1_109' title="bbox 2207 4717 3721 4790">
     <span class='ocr_line' id='line_1_109' title="bbox 2207 4717 3721 4790; baseline -0.003 -16"><span class='ocrx_word' id='word_1_724' title='bbox 2207 4720 2423 4788; x_wconf 78' lang='grc' dir='ltr'>ἄφεσιν,</span> <span class='ocrx_word' id='word_1_725' title='bbox 2441 4721 2753 4790; x_wconf 76' lang='grc' dir='ltr'>ἀναγκαίως</span> <span class='ocrx_word' id='word_1_726' title='bbox 2773 4721 2835 4774; x_wconf 85' lang='grc' dir='ltr'><strong><em>τὸ</em></strong></span> <span class='ocrx_word' id='word_1_727' title='bbox 2865 4720 3089 4789; x_wconf 86' lang='grc' dir='ltr'>Πνεῦμα</span> <span class='ocrx_word' id='word_1_728' title='bbox 3111 4719 3172 4771; x_wconf 91' lang='grc' dir='ltr'><strong><em>τὸ</em></strong></span> <span class='ocrx_word' id='word_1_729' title='bbox 3205 4719 3544 4789; x_wconf 81' lang='grc' dir='ltr'>προφητικὸν</span> <span class='ocrx_word' id='word_1_730' title='bbox 3579 4717 3721 4789; x_wconf 80' lang='grc' dir='ltr'><strong><em>μετά</em></strong></span> 
     </span>
    </p>
   </div>
   <div class='ocr_carea' id='block_1_110' title="bbox 2207 4807 3717 4879">
    <p class='ocr_par' dir='ltr' id='par_1_110' title="bbox 2207 4807 3717 4879">
     <span class='ocr_line' id='line_1_110' title="bbox 2207 4807 3717 4879; baseline 0.001 -19"><span class='ocrx_word' id='word_1_731' title='bbox 2207 4808 2317 4862; x_wconf 82' lang='grc' dir='ltr'><strong><em>τῶν</em></strong></span> <span class='ocrx_word' id='word_1_732' title='bbox 2361 4809 2562 4862; x_wconf 82' lang='grc' dir='ltr'>λοιπῶν</span> <span class='ocrx_word' id='word_1_733' title='bbox 2589 4810 2698 4862; x_wconf 85' lang='grc' dir='ltr'><strong><em>τῶν</em></strong></span> <span class='ocrx_word' id='word_1_734' title='bbox 2729 4808 3070 4879; x_wconf 74' lang='grc' dir='ltr'>σωζομένων,</span> <span class='ocrx_word' id='word_1_735' title='bbox 3120 4807 3320 4862; x_wconf 77' lang='grc' dir='ltr'>καὶτοῦ</span> <span class='ocrx_word' id='word_1_736' title='bbox 3342 4807 3504 4860; x_wconf 79' lang='grc' dir='ltr'><strong><em>Δαυῖδ</em></strong></span> <span class='ocrx_word' id='word_1_737' title='bbox 3534 4826 3673 4878; x_wconf 80' lang='grc' dir='ltr'>φησι</span> <span class='ocrx_word' id='word_1_738' title='bbox 3701 4823 3717 4836; x_wconf 82' lang='grc'><strong><em>⁸</em></strong></span> 
     </span>
    </p>
   </div>
   <div class='ocr_carea' id='block_1_111' title="bbox 2214 4897 3722 4972">
    <p class='ocr_par' dir='ltr' id='par_1_111' title="bbox 2214 4897 3722 4972">
     <span class='ocr_line' id='line_1_111' title="bbox 2214 4897 3722 4972; baseline 0.002 -24"><span class='ocrx_word' id='word_1_739' title='bbox 2214 4915 2233 4948; x_wconf 77' lang='grc' dir='ltr'><strong><em>ι</em></strong></span> <span class='ocrx_word' id='word_1_740' title='bbox 2258 4898 2449 4972; x_wconf 83' lang='grc' dir='ltr'>Κύριε,</span> <span class='ocrx_word' id='word_1_741' title='bbox 2473 4899 2756 4970; x_wconf 86' lang='grc' dir='ltr'>μνήσθητι,</span> <span class='ocrx_word' id='word_1_742' title='bbox 2776 4900 2916 4953; x_wconf 82' lang='grc' dir='ltr'><strong><em>κατά</em></strong></span> <span class='ocrx_word' id='word_1_743' title='bbox 2932 4901 3030 4968; x_wconf 80' lang='grc' dir='ltr'>τὴν</span> <span class='ocrx_word' id='word_1_744' title='bbox 3046 4902 3324 4971; x_wconf 79' lang='grc' dir='ltr'>πραότητα</span> <span class='ocrx_word' id='word_1_745' title='bbox 3349 4897 3513 4952; x_wconf 80' lang='grc' dir='ltr'>αὑτοῦ</span> <span class='ocrx_word' id='word_1_746' title='bbox 3531 4898 3722 4952; x_wconf 85' lang='grc' dir='ltr'>ἀποδι-</span> 
     </span>
    </p>
   </div>
   <div class='ocr_carea' id='block_1_112' title="bbox 2209 4991 3721 5063">
    <p class='ocr_par' dir='ltr' id='par_1_112' title="bbox 2209 4991 3721 5063">
     <span class='ocr_line' id='line_1_112' title="bbox 2209 4991 3721 5063; baseline -0.002 -16"><span class='ocrx_word' id='word_1_747' title='bbox 2209 4993 2334 5056; x_wconf 83' lang='grc' dir='ltr'>δοὺς</span> <span class='ocrx_word' id='word_1_748' title='bbox 2352 4991 2520 5061; x_wconf 78' lang='grc' dir='ltr'>αὐτῷ.</span> <span class='ocrx_word' id='word_1_749' title='bbox 2553 5011 2568 5042; x_wconf 74' lang='grc' dir='ltr'><strong><em>ι</em></strong></span> <span class='ocrx_word' id='word_1_750' title='bbox 2589 4993 2676 5054; x_wconf 87' lang='grc' dir='ltr'>Ὠς</span> <span class='ocrx_word' id='word_1_751' title='bbox 2697 4992 2803 5062; x_wconf 88' lang='grc' dir='ltr'>γὰρ</span> <span class='ocrx_word' id='word_1_752' title='bbox 2819 4992 2980 5054; x_wconf 82' lang='grc' dir='ltr'>αὐτὸς</span> <span class='ocrx_word' id='word_1_753' title='bbox 2998 4994 3170 5063; x_wconf 81' lang='grc' dir='ltr'>πρᾶος</span> <span class='ocrx_word' id='word_1_754' title='bbox 3185 4991 3260 5044; x_wconf 84' lang='grc' dir='ltr'><strong><em>ὢν</em></strong></span> <span class='ocrx_word' id='word_1_755' title='bbox 3282 4992 3430 5060; x_wconf 54' lang='grc' dir='ltr'>ἠφίει</span> <span class='ocrx_word' id='word_1_756' title='bbox 3449 4991 3528 5060; x_wconf 78' lang='grc' dir='ltr'>τῷ</span> <span class='ocrx_word' id='word_1_757' title='bbox 3546 4993 3721 5045; x_wconf 80' lang='grc' dir='ltr'>Σαοὺλ</span> 
     </span>
    </p>
   </div>
   <div class='ocr_carea' id='block_1_113' title="bbox 2209 5084 3722 5157">
    <p class='ocr_par' dir='ltr' id='par_1_113' title="bbox 2209 5084 3722 5157">
     <span class='ocr_line' id='line_1_113' title="bbox 2209 5084 3722 5157; baseline 0.001 -20"><span class='ocrx_word' id='word_1_758' title='bbox 2209 5084 2277 5138; x_wconf 81' lang='grc' dir='ltr'>τὰ</span> <span class='ocrx_word' id='word_1_759' title='bbox 2303 5087 2382 5148; x_wconf 83' lang='grc' dir='ltr'><strong><em>εἰς</em></strong></span> <span class='ocrx_word' id='word_1_760' title='bbox 2415 5084 2574 5137; x_wconf 82' lang='grc' dir='ltr'>αὑτὸν</span> <span class='ocrx_word' id='word_1_761' title='bbox 2595 5084 2754 5155; x_wconf 85' lang='grc' dir='ltr'>ἁδική</span> <span class='ocrx_word' id='word_1_762' title='bbox 2765 5102 2930 5155; x_wconf 88' lang='grc' dir='ltr'>ματα,</span> <span class='ocrx_word' id='word_1_763' title='bbox 2955 5085 3098 5139; x_wconf 79' lang='grc' dir='ltr'>οὕτω</span> <span class='ocrx_word' id='word_1_764' title='bbox 3129 5085 3223 5138; x_wconf 80' lang='grc' dir='ltr'>καὶ</span> <span class='ocrx_word' id='word_1_765' title='bbox 3254 5084 3401 5155; x_wconf 79' lang='grc' dir='ltr'>αὐτῷ</span> <span class='ocrx_word' id='word_1_766' title='bbox 3431 5087 3722 5157; x_wconf 85' lang='grc' dir='ltr'>συγχώρη-</span> 
     </span>
    </p>
   </div>
   <div class='ocr_carea' id='block_1_114' title="bbox 2216 5177 2867 5248">
    <p class='ocr_par' dir='ltr' id='par_1_114' title="bbox 2216 5177 2867 5248">
     <span class='ocr_line' id='line_1_114' title="bbox 2216 5177 2867 5248; baseline 0 -16"><span class='ocrx_word' id='word_1_767' title='bbox 2216 5196 2308 5232; x_wconf 86' lang='grc' dir='ltr'><strong><em>σον</em></strong></span> <span class='ocrx_word' id='word_1_768' title='bbox 2335 5177 2434 5240; x_wconf 85' lang='grc' dir='ltr'><strong><em>τὰς</em></strong></span> <span class='ocrx_word' id='word_1_769' title='bbox 2466 5178 2867 5248; x_wconf 83' lang='grc' dir='ltr'>πλημμελείας.</span> 
     </span>
    </p>
   </div>
   <div class='ocr_carea' id='block_1_115' title="bbox 2209 5267 3721 5339">
    <p class='ocr_par' dir='ltr' id='par_1_115' title="bbox 2209 5267 3721 5339">
     <span class='ocr_line' id='line_1_115' title="bbox 2209 5267 3721 5339; baseline 0.002 -18"><span class='ocrx_word' id='word_1_770' title='bbox 2209 5269 2546 5339; x_wconf 78' lang='grc' dir='ltr'>Μνήσθητι,</span> <span class='ocrx_word' id='word_1_771' title='bbox 2591 5272 2787 5337; x_wconf 85' lang='grc' dir='ltr'>Κύριε,</span> <span class='ocrx_word' id='word_1_772' title='bbox 2829 5270 2934 5323; x_wconf 83' lang='grc' dir='ltr'><strong><em>τοῦ</em></strong></span> <span class='ocrx_word' id='word_1_773' title='bbox 2979 5269 3161 5323; x_wconf 72' lang='grc' dir='ltr'>Δαυῗδ</span> <span class='ocrx_word' id='word_1_774' title='bbox 3205 5270 3300 5326; x_wconf 82' lang='grc' dir='ltr'>καὶ</span> <span class='ocrx_word' id='word_1_775' title='bbox 3347 5269 3558 5335; x_wconf 79' lang='grc' dir='ltr'>πάσης</span> <span class='ocrx_word' id='word_1_776' title='bbox 3612 5267 3721 5336; x_wconf 81' lang='grc' dir='ltr'>τῆς</span> 
     </span>
    </p>
   </div>
   <div class='ocr_carea' id='block_1_116' title="bbox 2139 5363 3723 5434">
    <p class='ocr_par' dir='ltr' id='par_1_116' title="bbox 2139 5363 3723 5434">
     <span class='ocr_line' id='line_1_116' title="bbox 2139 5363 3723 5434; baseline -0.002 -16"><span class='ocrx_word' id='word_1_777' title='bbox 2139 5365 2471 5433; x_wconf 76' lang='grc' dir='ltr'>πραότητος</span> <span class='ocrx_word' id='word_1_778' title='bbox 2519 5364 2726 5417; x_wconf 84' lang='grc' dir='ltr'>αὐτοῦ.</span> <span class='ocrx_word' id='word_1_779' title='bbox 2764 5364 2862 5428; x_wconf 85' lang='grc' dir='ltr'><em>Ὡς</em></span> <span class='ocrx_word' id='word_1_780' title='bbox 2906 5364 3105 5434; x_wconf 79' lang='grc' dir='ltr'>ὤμοσε</span> <span class='ocrx_word' id='word_1_781' title='bbox 3143 5363 3222 5430; x_wconf 84' lang='grc' dir='ltr'>τῷ</span> <span class='ocrx_word' id='word_1_782' title='bbox 3241 5365 3456 5433; x_wconf 82' lang='grc' dir='ltr'>Κυρίῳ,</span> <span class='ocrx_word' id='word_1_783' title='bbox 3487 5365 3723 5432; x_wconf 77' lang='grc' dir='ltr'>ηὔξατο</span> 
     </span>
    </p>
   </div>
   <div class='ocr_carea' id='block_1_117' title="bbox 2139 5455 3720 5527">
    <p class='ocr_par' dir='ltr' id='par_1_117' title="bbox 2139 5455 3720 5527">
     <span class='ocr_line' id='line_1_117' title="bbox 2139 5455 3720 5527; baseline -0.001 -18"><span class='ocrx_word' id='word_1_784' title='bbox 2139 5455 2220 5521; x_wconf 83' lang='grc' dir='ltr'>τῷ</span> <span class='ocrx_word' id='word_1_785' title='bbox 2265 5455 2387 5520; x_wconf 86' lang='grc' dir='ltr'>Θεῷ</span> <span class='ocrx_word' id='word_1_786' title='bbox 2431 5456 2647 5519; x_wconf 77' lang='grc' dir='ltr'>Ἰακὼϐ,</span> <span class='ocrx_word' id='word_1_787' title='bbox 2683 5456 2776 5508; x_wconf 80' lang='grc' dir='ltr'><strong><em>καὶ</em></strong></span> <span class='ocrx_word' id='word_1_788' title='bbox 2804 5455 2874 5509; x_wconf 86' lang='grc' dir='ltr'><strong><em>τὰ</em></strong></span> <span class='ocrx_word' id='word_1_789' title='bbox 2907 5456 3052 5527; x_wconf 79' lang='grc' dir='ltr'>ἑξῆς.</span> <span class='ocrx_word' id='word_1_790' title='bbox 3085 5455 3294 5512; x_wconf 84' lang='grc' dir='ltr'>Μαθὼν</span> <span class='ocrx_word' id='word_1_791' title='bbox 3320 5455 3432 5527; x_wconf 84' lang='grc' dir='ltr'>γὰρ</span> <span class='ocrx_word' id='word_1_792' title='bbox 3459 5456 3518 5520; x_wconf 82' lang='grc' dir='ltr'>ἐξ</span> <span class='ocrx_word' id='word_1_793' title='bbox 3561 5455 3720 5523; x_wconf 80' lang='grc' dir='ltr'>ἁγίου</span> 
     </span>
    </p>
   </div>
   <div class='ocr_carea' id='block_1_118' title="bbox 2139 5546 3719 5634">
    <p class='ocr_par' dir='ltr' id='par_1_118' title="bbox 2139 5546 3719 5634">
     <span class='ocr_line' id='line_1_118' title="bbox 2139 5546 3719 5634; baseline 0.002 -34"><span class='ocrx_word' id='word_1_794' title='bbox 2139 5546 2477 5618; x_wconf 80' lang='grc' dir='ltr'>Πνεῦματος,</span> <span class='ocrx_word' id='word_1_795' title='bbox 2511 5548 2586 5611; x_wconf 84' lang='grc' dir='ltr'>ὡς</span> <span class='ocrx_word' id='word_1_796' title='bbox 2605 5548 2932 5634; x_wconf 72' lang='grc' dir='ltr'>ἐπιδημήσει</span> <span class='ocrx_word' id='word_1_797' title='bbox 2955 5551 3067 5613; x_wconf 81' lang='grc' dir='ltr'>τοῖς</span> <span class='ocrx_word' id='word_1_798' title='bbox 3095 5547 3403 5621; x_wconf 80' lang='grc' dir='ltr'>ἀνθρώποις</span> <span class='ocrx_word' id='word_1_799' title='bbox 3429 5552 3458 5602; x_wconf 87' lang='grc' dir='ltr'>ὁ</span> <span class='ocrx_word' id='word_1_800' title='bbox 3489 5548 3719 5620; x_wconf 83' lang='grc' dir='ltr'>Κύριος.</span> 
     </span>
    </p>
   </div>
  </div>
