3880 6216
180 320 278 376 521

1242 310 1603 366 EXPOSITIO
1643 311 1710 366 IN
1743 311 2076 368 PSALMUM
2111 313 2345 369 CXXXI.

3318 311 3424 366 εἱεῆ

174 437 369 507 ἄφεσιν
397 435 572 500 διδους
593 436 700 490 τῶν
728 436 936 490 πολλῶν
981 436 1412 507 ἁμαρτημάτων,
1440 436 1536 488 καὶ
1585 435 1745 498 αὐτὸς

1882 436 2138 489 tultorum
2165 447 2507 505 peccatorum
2541 433 2939 498 remissionem,
2974 439 3027 486 et
3074 446 3196 487 cum
3233 446 3354 500 sper
3394 459 3421 471 -

177 527 520 598 σωθήσεσθαι
563 528 653 581 διὰ
701 527 908 598 ταύτης
955 527 1180 588 ἐλπίσας
1210 567 1225 591 ,
1284 526 1501 580 σπεύδει
1559 527 1750 597 μαθεῖν

177 619 308 671 πότε
344 617 519 679 ξσται,
562 619 654 670 καὶ
681 617 783 670 ποῦ
815 619 1124 687 γενήσεται,
1155 616 1276 669 τίνα
1300 616 1357 668 δὲ
1387 616 1586 687 τρόπον
1629 617 1752 668 ἐπι-

174 707 430 778 δημήσει.
463 707 645 760 Ταῦτα
669 708 871 776 γνῶναι
912 707 1111 770 ποθῶν,
1148 708 1228 770 είς
1257 705 1526 778 τοσαύτην
1561 707 1750 760 ἑαυτὸν

178 803 417 856 ὑπέϐαλε
443 803 705 864 κάκωσιν,
737 802 811 865 ὡς
828 804 1008 856 πᾶσαν
1037 803 1134 873 μὲν
1163 803 1542 874 παραιτεῖσθαι
1575 820 1752 874 στρω-

181 893 340 964 μνὴν,
377 893 747 957 ἀποτάξασθαι
773 894 828 947 δὲ
856 893 934 963 τῷ
966 894 1120 964 οἴκῳ,
1156 893 1368 947 κεῖσθαι
1397 893 1454 946 δὲ
1499 895 1607 965 πρὸ
1656 893 1749 946 τοῦ

177 978 318 1036 (⁵)εοῦ
367 984 506 1036 κατὰ
543 984 830 1054 πρόσωπον
870 983 964 1038 τοῦ
997 985 1335 1056 ἁγιάσματος
1365 986 1452 1037 ἐπ’
1486 985 1712 1054 ἐδάφους
1733 1025 1751 1050 ,

179 1073 329 1144 ὅρκῳ
359 1075 661 1145 βεϐαιώσας
714 1077 786 1147 μὴ
821 1077 1115 1146 ἀναστῆναι
1158 1077 1286 1148 πρὶν
1312 1076 1484 1131 ταῦτα
1542 1077 1751 1148 μαθεῖν.

192 1163 317 1217 Ἐπὶ
341 1165 398 1216 δὲ
430 1167 496 1234 τῇ
533 1165 719 1217 τούτου
749 1166 961 1236 εὐτονία
986 1165 1162 1218 λαϐὼν
1183 1162 1361 1219 οἶκτον
1393 1167 1422 1218 ὁ
1467 1166 1598 1229 Θεὸς
1631 1168 1754 1219 ἐπι-

178 1256 328 1308 νεύει
354 1269 369 1283 ’
400 1257 476 1318 ὡς
509 1256 566 1309 ἒν
593 1257 735 1323 ἅπαξ
769 1258 990 1328 ὠμόσας
1026 1259 1099 1330 μὴ
1160 1257 1433 1328 ψεύσατο⁹
1490 1259 1612 1312 ὅθεν
1657 1261 1754 1312 ἐπ-

176 1347 443 1420 ήνεγκεν·
495 1348 646 1402 Ἰδοὺ
686 1349 1033 1418 ἠκούσαμεν
1071 1350 1265 1417 αὐτὴν
1300 1351 1370 1403 ἐν
1391 1349 1715 1419 Εὐφρανθά
1737 1367 1750 1380 °

178 1437 322 1508 αὕτη
351 1439 498 1492 ὲστίν
543 1441 576 1509 ἡ
614 1438 878 1508 Βηθλεέμ.
921 1439 1054 1491 Τίνα
1091 1439 1147 1492 δὲ
1195 1439 1365 1510 αὐτὴν
1406 1439 1440 1510 ἢ
1489 1441 1589 1510 τὴν
1632 1439 1757 1510 μέλ-

179 1524 380 1579 λουσαν
405 1525 622 1578 ἔσεσθαι
649 1527 854 1597 Κυρίου
885 1527 1124 1592 ἒλευσιν;

250 1618 522 1686 Εῦρομεν
551 1618 748 1686 αὐτὴν
789 1619 859 1671 ἐν
903 1618 1024 1684 τοῖς
1079 1619 1308 1684 πεδίοις
1355 1618 1461 1672 τοῦ
1505 1617 1754 1688 δρυμοῦ.

180 1702 260 1761 Τὸ
286 1709 395 1778 γάρ
438 1709 698 1780 σπήλαιον
732 1712 790 1762 ἐν
817 1703 862 1778 ᾧ
893 1711 1182 1781 γεγένηται
1215 1713 1243 1764 ὁ
1274 1710 1509 1781 Χριστὸς
1556 1711 1613 1765 ὲν
1655 1728 1753 1764 πε-

179 1802 317 1865 δίοις
347 1803 513 1865 ἐστὶν,
554 1803 671 1873 ἦτοι
697 1806 809 1867 τοῖς
845 1805 1053 1875 ἀγροῖς.

255 1894 741 1964 Εἱσελευσόμεθα
768 1900 854 1963 εὶς
883 1898 954 1952 τὰ
991 1897 1356 1966 σκηνώματα
1391 1897 1598 1951 αὐτοῦ.
1648 1896 1758 1960 Τὰς

182 1988 329 2042 κατὰ
361 1989 550 2059 καιρὸν
592 1988 855 2059 ἐσομένας
899 1989 1226 2059 Ἐκκλησίας
1259 1989 1537 2058 σημαίνει.
1567 1992 1757 2056 Προσ-

181 2080 535 2148 κυνήσομεν
575 2083 663 2145 εὶς
703 2079 811 2132 τὸν
855 2081 1042 2133 τόπον
1075 2076 1146 2136 οὗ
1179 2080 1452 2147 ἔστησαν
1488 2084 1542 2134 οἱ
1575 2080 1759 2147 πόδες

181 2170 394 2224 αὑτοῦ.
432 2170 505 2222 Τὸ
543 2170 667 2241 ὄρος
687 2169 795 2224 τῶν
834 2170 1056 2224 Ἐλαιῶν
1089 2188 1275 2242 φησιν,
1321 2170 1449 2224 ἔνθα
1473 2173 1579 2235 πᾶς
1613 2189 1756 2242 παρ-

183 2280 212 2316 ε
217 2263 318 2334 ρχό
325 2279 479 2333 μενος
509 2265 822 2334 προσκυνεῖ.

275 2351 617 2419 Ἀνάστηθι,
643 2354 836 2422 Κύριε,
859 2355 946 2420 εὶς
973 2353 1089 2423 τὴν
1107 2355 1456 2410 ἀνάπαυσιν
1482 2371 1618 2410 σου.
1647 2356 1760 2425 Τὴν

186 2446 273 2509 εἷς
296 2446 557 2516 οὐρανοὺς
583 2445 848 2515 ἀνάληψιν
883 2446 1294 2500 ὲπισπεύδουσιν
1329 2446 1516 2500 αὑτοῦ.
1550 2447 1632 2500 Σὺ
1659 2446 1760 2498 καὶ

181 2535 226 2602 ἡ
255 2533 498 2600 κιϐωτὸς
525 2534 629 2588 τοῦ
655 2535 1020 2604 ἁγιάσματός
1059 2551 1195 2590 σου.
1230 2536 1473 2590 Κιϐωτδν
1494 2536 1584 2589 τοῦ
1610 2537 1762 2604 ἁγιά-

185 2644 395 2700 σματος
424 2628 524 2698 τὴν
551 2629 711 2696 άγίαν
743 2628 906 2681 αὐτοῦ
938 2629 1114 2700 σάρκα
1142 2630 1326 2699 φησίν.

263 2722 331 2773 Oi
381 2720 552 2787 ἱερεῖς
597 2735 713 2774 σου
741 2719 1096 2774 ἐνδύσονται
1145 2719 1559 2787 δικαιοσύνην.
1616 2721 1758 2772 Οὐκο

183 2809 291 2871 ἑτι,
324 2810 478 2879 φησὶ,
506 2809 643 2862 κατὰ
667 2810 756 2862 τὸν
789 2809 951 2878 νόμον
983 2809 1193 2874 στολὰς,
1220 2811 1332 2863 ἀλλ’
1361 2811 1529 2880 αὐτὴν
1555 2809 1651 2880 τὴν
1677 2811 1758 2862 δι-

183 2898 504 2969 καιοσύνην.
541 2897 864 2969 Δικαιοσύνη
891 2898 1002 2960 δὲχὸ
1028 2898 1280 2968 Χριστός.

260 2990 510 3043 Ἕνεκεν
536 2988 714 3042 Δαυῒδ
733 2989 838 3043 τοῦ
871 2989 1094 3043 δούλου
1124 3004 1240 3043 σου
1258 2988 1343 3058 μὴ
1371 2989 1763 3058 ἀποστρέψας

182 3080 257 3135 τὸ
280 3083 607 3148 πρόσωπον
626 3080 1014 3148 τοῦ-Χριστοῦ
1040 3095 1177 3134 σου.
1207 3080 1358 3134 Μετὰ
1384 3081 1484 3150 τῆς
1518 3083 1596 3143 είς
1633 3083 1764 3134 πάν-

1857 537 1940 580 ret
1972 526 2087 595 ipse
2116 540 2213 594 per
2238 525 2356 595 ejus
2387 525 2676 578 adventum
2726 525 2953 579 salutem
2999 538 3058 577 se
3096 533 3422 577 consecutu-

1857 637 2002 685 rum,
2032 621 2274 675 ediscere
2301 621 2479 690 gestit,
2507 620 2853 690 quandonam
2886 619 2940 673 id
2975 621 3099 679 erit,
3130 628 3183 672 et
3212 619 3301 672 ubi
3327 618 3422 671 ad-

1856 723 2120 766 venturus
2151 711 2241 777 sit,
2267 720 2320 765 et
2351 726 2589 782 quonam
2618 713 2778 766 modo
2811 711 3278 781 peregrinaturus.
3299 707 3425 764 llaec

1858 801 2074 855 edoceri
2117 812 2397 870 excptans,
2436 803 2490 855 in
2524 812 2728 856 tantam
2757 818 2876 857 sese
2913 802 3256 856 alllictioncm
3290 816 3424 855 con-

1855 890 2004 960 jecit,
2048 901 2110 946 ut
2163 895 2360 947 lectum
2399 909 2613 947 omnem
2669 895 3021 958 recusaverit,
3064 893 3250 946 domui
3305 891 3424 946 vale

1860 983 2074 1038 dixerit.
2104 994 2156 1038 et
2207 992 2332 1038 ante
2378 983 2541 1037 Deum
2584 983 2750 1040 iaceat
2782 985 2930 1038 humi
2975 994 3272 1040 prostratus
3299 991 3425 1037 ante

1863 1075 2054 1128 faelem
2085 1077 2630 1144 sanctuarii,juratus
2654 1092 2710 1130 se
2741 1092 3017 1146 nunquam
3051 1085 3384 1130 ευτι-ρριιιι·.ι.
3405 1111 3423 1128 .

1863 1165 1968 1220 nisi
2001 1167 2115 1220 haec
2143 1167 2424 1220 edisceret.
2463 1166 2543 1220 Ob
2567 1166 2685 1235 ejus
2718 1167 3173 1236 perseverantiam
3211 1167 3425 1220 miseri-

1862 1257 2045 1310 cordia
2074 1267 2256 1311 motus
2279 1256 2442 1320 Deus,
2467 1258 2659 1310 annuit
2689 1257 2786 1325 ipsi
2816 1271 2831 1310 :
2855 1273 2920 1311 ac
2943 1265 3230 1327 postquam
3257 1257 3421 1310 semcl

1859 1347 2063 1415 juravit
2109 1364 2216 1400 non
2249 1346 2618 1404 frustrabitur.
2649 1347 2826 1413 Quare
2859 1348 3077 1400 intulit:
3109 1345 3239 1398 Ecce
3271 1348 3428 1399 audi-

1865 1437 2030 1490 vimus
2050 1451 2164 1489 eam
2182 1437 2235 1490 in
2261 1435 2553 1505 Ephratha,
2581 1439 2698 1506 ipsa
2724 1447 2807 1492 est
2836 1435 3168 1489 Bcthleliem.
3189 1437 3425 1504 Ecquam

1865 1527 2070 1580 audivit
2098 1528 2199 1580 nisi
2235 1527 2468 1582 futuram
2497 1528 2980 1597 peregrinationem
3009 1525 3256 1580 Domini?

1969 1613 2021 1668 6.
2045 1615 2342 1668 Invenimus
2366 1632 2480 1668 eam
2506 1616 2559 1668 in
2591 1616 2788 1683 campis
2823 1614 2988 1667 silvae.
3012 1611 3146 1666 Nam
3173 1613 3427 1682 spelunca

1865 1713 1958 1768 ubi
2006 1722 2164 1767 natus
2217 1723 2300 1768 est
2336 1713 2584 1768 Christus
2633 1712 2685 1766 in
2735 1711 2977 1781 planitie,
3009 1725 3103 1764 seu
3137 1710 3191 1763 iu
3222 1709 3430 1777 campis

1788 1794 1831 1853 Β
1859 1813 1961 1858 est.

1935 1899 1986 1952 7.
2042 1895 2386 1952 Introibimus
2429 1897 2485 1948 in
2531 1884 2927 1948 tabernaculum
2970 1890 3102 1959 ejus.
3159 1886 3431 1943 Ecclesias

1864 1989 2212 2059 subsequenti
2242 1997 2485 2056 tempore
2518 1985 2731 2039 futuras
2760 1983 3048 2053 significat.
3078 1979 3430 2034 Adorabimus

1864 2081 1918 2132 in
1951 2079 2064 2131 loco
2109 2077 2196 2131 ubi
2243 2085 2495 2130 steterunt
2519 2075 2671 2143 pedes
2710 2075 2848 2144 ejus.
2883 2073 3116 2127 Montem
3151 2069 3427 2126 Olival'utn

1864 2171 2015 2238 dicit,
2047 2170 2138 2224 ubi
2160 2169 2340 2223 omnis
2373 2169 2463 2238 qui
2497 2167 2788 2237 pertransit
2832 2165 3043 2220 adorat.

1935 2349 1988 2404 8.
2021 2347 2210 2419 Surge,
2239 2347 2474 2409 Domine,
2498 2347 2553 2398 in
2576 2346 2802 2414 requiem
2832 2353 2998 2398 tuam.
3025 2343 3157 2413 Ejus
3188 2344 3240 2396 in
3263 2343 3431 2399 omlos

1865 2453 2152 2494 ascensum
2199 2437 2382 2491 videre
2410 2437 2663 2506 gestiunt.
2703 2433 2779 2487 Tu
2809 2445 2859 2488 et
2904 2451 3029 2488 arca
3052 2434 3430 2502 sanctiﬁcatio-

1868 2531 2098 2584 nisime.
2143 2528 2340 2581 Arcam
2391 2525 2836 2581 sanctiﬁcationis
2873 2532 3116 2580 sanctam
3149 2524 3269 2594 ejus
3307 2539 3430 2578 car-

1865 2635 1989 2673 nem
2013 2628 2190 2672 vocat.

1939 2705 1990 2759 9.
2023 2703 2330 2758 Sacerdotes
2365 2704 2442 2756 tui
2473 2701 2755 2756 induentur
2779 2703 3070 2772 justitiam.
3112 2701 3228 2758 Non
3269 2703 3434 2758 vesti-

1867 2805 2047 2849 menta
2068 2795 2134 2848 de
2161 2809 2330 2856 more,
2352 2793 2546 2862 inquit,
2577 2793 2672 2846 sed
2696 2794 2867 2861 ipsam
2889 2791 3189 2861 justitiam;
3219 2792 3433 2862 justitia

1869 2897 2048 2942 autem
2075 2896 2158 2940 est
2186 2885 2457 2939 Christus.

1944 2979 2027 3031 10.
2079 2978 2301 3046 PrOpter
2336 2977 2503 3030 David
2549 2991 2752 3030 servum
2789 2984 2936 3030 tuum
2978 2991 3080 3029 non
3110 2985 3315 3030 avertas
3349 2975 3434 3045 [a-

1869 3068 1998 3122 ciem
2050 3068 2250 3124 Christi
2291 3069 2388 3122 tui.
2442 3068 2554 3137 (5|)
2586 3066 2722 3120 Cum
2762 3066 3148 3122 beneficiorum
3179 3068 3434 3122 omnibus

180 3189 288 3235 τας
321 3171 638 3241 ἀνθρώπους
671 3170 988 3241 εὐεργεσίας
1020 3171 1113 3224 καὶ
1140 3171 1235 3224 τοῦ
1261 3171 1422 3225 Δαυῒδ
1448 3172 1715 3244 μνήσθητι
1745 3215 1759 3238 ,

1882 3161 2178 3216 nominibus
2205 3162 2541 3225 collatorum,
2574 3167 2686 3212 tum
2718 3157 2935 3213 Davidis
2959 3170 3248 3225 memento,
3273 3175 3434 3229 quem

179 3263 222 3314 ὁ
254 3261 486 3330 ποιήσας
512 3259 674 3313 αὑτὸν
702 3260 1048 3332 ἐπιστρέφειν
1076 3259 1165 3312 διὰ
1193 3259 1290 3330 τὴν
1319 3260 1614 3331 ἁμαρτίαν.
1646 3261 1769 3313 Δοῦ-

183 3354 282 3417 λος
314 3353 422 3423 γὰρ
454 3353 482 3401 6
511 3351 572 3415 ἐξ
598 3351 761 3404 αὑτοῦ
790 3351 930 3404 κατὰ
967 3352 1146 3423 σάρκα
1169 3351 1348 3405 λαϐὼν
1384 3353 1484 3422 τὴν
1521 3352 1616 3406 τοῦ
1643 3351 1768 3406 δού-

185 3445 286 3498 λου
323 3446 557 3516 μορφήν-

268 3537 493 3604 Ὠμοσε
529 3535 748 3605 Κύριος
790 3535 871 3601 τῷ
920 3535 1100 3590 Δαυτδ
1148 3535 1454 3602 ἀλήθειαν.
1501 3538 1612 3591 Καὶ
1663 3531 1766 3591 ποῦ

185 3628 272 3690 τὺ,
304 3627 547 3698 ῶμοσεν;
591 3631 650 3681 ἐν
694 3627 772 3699 τῷ
816 3630 986 3682 εἰπεῖν
1028 3641 1163 3700 προς
1203 3629 1396 3682 αὐτόν·
1429 3629 1543 3684 Καὶ
1569 3631 1763 3696 ἔσται,

187 3719 344 3772 ὅταν
375 3718 772 3786 πληρωθῶσιν
802 3723 862 3772 αὶ
888 3719 1100 3788 ἡμέραι
1122 3734 1264 3786 σου,
1298 3721 1398 3774 καὶ
1425 3723 1765 3793 κοιμήθήσῃ

177 3809 343 3878 μετὰ
361 3808 479 3862 τῶν
498 3809 767 3878 πατέρων
786 3827 922 3874 σου,
947 3809 1352 3876 ἀναστήσεται
1365 3811 1434 3864 ἐκ
1460 3811 1564 3865 τοῦ
1583 3813 1767 3880 σπέρ-

179 3901 378 3969 ματός
408 3916 524 3954 σου
554 3901 766 3967 ἄλλος,
814 3901 882 3967 ὃς
913 3903 1082 3956 ἔσται
1115 3903 1183 3956 ἐκ
1225 3900 1334 3970 τῆς
1372 3905 1602 3968 κοιλίας
1625 3920 1762 3958 σου.

187 3989 307 4044 Καὶ
331 3991 624 4061 ἑτοιμάσω
655 3996 742 4058 εὶς
769 3992 876 4044 τὸν
910 3991 1096 4047 αἰῶνα
1131 3992 1249 4061 τὴν
1285 3994 1615 4057 ,βασιλείαν
1660 3997 1767 4048 αὐ·

186 4083 324 4137 τοῦ.
365 4083 555 4149 Αὐτὸς
595 4083 976 4152 οἰκοδομήσει
1020 4085 1188 4139 οἷκον
1232 4085 1312 4150 τῷ
1347 4088 1590 4156 ὀνόματί
1619 4105 1760 4158 μου·

188 4180 296 4234 καὶ
343 4175 660 4242 ἀνορθώσω
719 4174 832 4243 τὴν
877 4177 1204 4239 ,ϐασιλείαν
1259 4177 1446 4231 αὐτοῦ
1500 4182 1585 4245 εἰς
1661 4179 1768 4231 τὸν

185 4265 400 4322 αἰῶνα.
441 4263 580 4334 Ἐγὼ
606 4263 820 4332 ἔσομαι
846 4265 1005 4331 αὐτῷ
1034 4271 1120 4321 elo
1155 4267 1410 4334 πατέρα.
1441 4269 1541 4322 καὶ
1583 4269 1765 4323 aliter

185 4359 368 4412 ἔσται
394 4372 495 4424 μοι
527 4357 615 4419 είς
639 4357 796 4408 υἱόν.

278 4445 424 4499 Ἐὰν
475 4443 856 4512 φυλάξωνται
900 4447 954 4498 οἱ
997 4447 1116 4499 υἱοί
1157 4462 1274 4502 σου
1321 4447 1436 4516 τὴν
1472 4449 1764 4518 διαθήκην

1869 3260 2091 3321 pr0pter
2122 3261 2400 3319 peccatum
2441 3250 2510 3303 ad
2539 3248 2948 3303 conversionem
2978 3248 3270 3304 adduxisti.
3309 3247 3408 3302 Ser

1868 3357 1969 3396 vus
1999 3343 2197 3411 quippe
2227 3350 2307 3396 est
2350 3340 2444 3410 qui
2473 3355 2539 3395 ex
2573 3339 2667 3394 illo
2711 3337 3012 3393 secundum
3044 3354 3262 3394 carnem
3293 3341 3436 3396 servi

1865 3434 2099 3489 formant
2133 3435 2358 3503 accepit.

1942 3527 2026 3581 Η.
2049 3525 2260 3580 Iuravit
2286 3527 2541 3580 Dominus
2581 3524 2748 3580 David
2773 3530 3063 3582 veritatem.
3102 3525 3168 3579 Et
3190 3525 3435 3595 quando-

1867 3633 1992 3672 nam
2011 3616 2247 3685 juravit?
2270 3631 2392 3670 cum
2411 3617 2613 3671 diceret
2633 3619 2682 3671 ei
2701 3619 2780 3672 ⁸⁹ε
2815 3617 2882 3673 Ει
2906 3619 3005 3672 erit
3027 3626 3306 3687 postquam
3328 3618 3402 3670 im
3422 3645 3434 3657 -

1866 3709 1992 3778 pleti
2016 3709 2210 3776 fuerint
2238 3708 2350 3760 dies
2384 3708 2481 3772 tui,
2515 3717 2563 3759 et
2597 3706 2874 3762 dormieris
2904 3723 3020 3760 cum
3042 3706 3279 3774 patribus
3304 3707 3442 3771 tuis,

1870 3807 2110 3869 exsurget
2143 3813 2207 3851 επ
2241 3797 2433 3850 semine
2469 3807 2558 3850 tuo
2601 3797 2738 3850 alius
2762 3799 2851 3867 qui
2885 3799 2986 3851 erit
3021 3812 3086 3849 ea:
3113 3807 3284 3850 ventre
3307 3808 3433 3850 tuo:

1867 3901 1916 3943 et
1953 3889 2260 3959 prwparabo
2294 3888 2347 3940 in
2375 3886 2624 3940 swcuium
2656 3902 2868 3954 regnum
2897 3886 3032 3954 ejus,
3067 3885 3175 3952 ipse
3203 3885 3436 3954 cedi/ica-

1871 3981 1946 4034 bit
1986 3985 2199 4033 domum
2232 3977 2432 4031 nomini
2464 3993 2575 4030 meo
2609 3991 2628 4030 :
2658 3984 2709 4030 et
2749 3976 2952 4045 erigam
2983 3991 3197 4044 regnum
3239 3976 3352 4046 ejus
3381 3979 3434 4030 in

1869 4073 2140 4127 swculum.
2169 4069 2281 4140 Ego
2307 4086 2395 4124 ero
2422 4069 2503 4122 illi
2544 4070 2597 4122 in
2627 4076 2852 4137 patrem,
2875 4077 2925 4122 et
2952 4067 3058 4135 ipse
3089 4069 3189 4120 erit
3221 4069 3346 4121 mihi
3377 4070 3434 4122 in

1870 4164 2063 4232 ﬁlium.

1939 4467 2028 4521 12.
2059 4465 2118 4522 Si
2167 4468 2509 4522 custodierint
2553 4468 2653 4536 lilii
2703 4469 2780 4520 lui
2835 4479 3200 4522 testamentum
3238 4486 3431 4527 meum.

181 4553 332 4608 μου.
368 4511 488 4605 Τὴν
519 4534 814 4604 μέλλουσαν
845 4535 1030 4605 σαφῶς
1061 4511 1428 4610 ἀνακηρύττει
1474 4511 1759 4612 διαθήκην,

1945 4511 2028 4521 --.
2059 4511 2118 4522 .,-
2167 4511 2507 4522 ,πη-.-.πη
2553 4511 2653 4536 ,....
2704 4511 2780 4520 η..
2835 4511 3200 4522 .ν-..............,.
3239 4511 3431 4527 ...........

1882 4557 2136 4613 Futurum
2186 4569 2568 4614 testamentum
2607 4572 2790 4632 aperte
2831 4562 3176 4630 praenuntiat,
3205 4563 3349 4631 quod
3383 4563 3433 4618 si

187 4630 262 4698 ἢν
292 4629 344 4681 εἰ
373 4622 510 4696 ἦσαν
537 4625 869 4695 φυλάξαντες
893 4629 940 4680 οἱ
964 4627 1105 4681 κατὰ
1133 4629 1308 4698 σάρκα
1332 4631 1436 4684 υἱοὶ
1464 4631 1554 4684 τοῦ
1580 4631 1762 4700 Δαυῒδ,

187 4718 418 4787 ἔμελλον
462 4718 528 4770 ἂν
572 4719 647 4788 μὴ
705 4719 954 4771 ἐκπεσεῖν
1002 4719 1103 4788 τῆς
1147 4722 1556 4793 ἡτοιμασμένης
1612 4723 1766 4794 βασι-

189 4809 367 4871 λείας.

259 4902 428 4968 Αῠτη
475 4902 514 4968 ἠ
559 4900 938 4968 κατάπαυσις
961 4919 1081 4971 μου
1112 4905 1201 4968 εὶς·
1241 4903 1444 4958 αἰῶνα.
1491 4906 1553 4958 Et
1593 4905 1700 4959 νὰο
1739 4908 1766 4959 ὁ

187 4994 362 5046 πάλαι
388 4993 514 5055 ναὸς
543 4993 746 5063 ἕρημος
777 4993 862 5046 διὰ
915 4995 1112 5064 μανίαν
1159 4995 1264 5048 τῶν
1322 4996 1614 5063 Ἰουδαιων,
1647 4998 1763 5050 αλλ’

187 5078 285 5136 οὖν
314 5083 432 5133 ἐκεῖ
454 5081 617 5134 πάλιν
646 5084 740 5136 καὶ
768 5081 860 5134 τοῦ
886 5083 1139 5153 σταυροῦ,
1159 5085 1252 5138 καὶ
1273 5086 1370 5152 τῆς
1399 5087 1764 5150 ἀναστάσεως.

188 5171 289 5225 καὶ
321 5171 420 5239 τῆς
451 5171 766 5241 ἀναλήψεως
790 5171 858 5225 τὰ
895 5174 1072 5244 χωρία
1096 5173 1198 5243 τῆς
1230 5174 1376 5238 θείας
1410 5175 1637 5244 ἠξίωται
1669 5182 1766 5247 χά-

192 5279 368 5334 ριτος.

269 5353 394 5420 Τὴν
417 5351 606 5422 θήραν
635 5353 826 5422 αὐτῆς
843 5357 1110 5425 εὐλογων
1141 5357 1474 5426 εὐλογήσω.
1501 5359 1767 5414 Ἕκαστος

187 5445 302 5518 τιὶιρ
331 5444 438 5497 τῶν
470 5445 741 5510 τοιούτων,
775 5446 984 5500 δικαίου
1038 5448 1260 5519 σπέρμα
1305 5450 1618 5521 τυγχάνων.
1669 5454 1769 5507 οὐκ

263 5598 308 5631 ⁶¹
343 5595 385 5651 ll
413 5595 546 5667 Reg.
573 5614 670 5661 vn,
707 5597 890 5653 12-14.

264 5758 382 5828 (5|)
411 5756 725 5827 lmplicatus
747 5759 919 5813 locus.

477 5841 670 5910 Pun.
731 5851 847 5912 Gn.
909 5850 1174 5912 XXV".

1867 4651 2232 4705 custodissent
2255 4651 2348 4720 qui
2375 4666 2441 4705 ex
2459 4650 2660 4706 Davide
2677 4655 2976 4708 secundum
3010 4668 3229 4708 carnem
3253 4665 3430 4718 erant,

1868 4737 2110 4793 futurum
2153 4747 2270 4794 erat
2321 4748 2381 4796 ut
2424 4757 2456 4796 a
2495 4752 2685 4812 parato
2731 4743 2834 4799 sibi
2866 4759 3034 4814 regno
3062 4759 3171 4799 non
3213 4745 3432 4800 excide-

1866 4840 2003 4886 rent.

1943 4921 2024 4975 l4.
2054 4921 2180 4976 Ilaae
2225 4925 2424 4994 requies
2463 4942 2578 4979 mea
2624 4927 2678 4979 in
2721 4927 2992 4982 saeculum.
3029 4929 3168 4984 Nam
3216 4929 3261 4985 si
3293 4931 3436 4986 anti-

1868 5026 2035 5082 quum
2067 5013 2198 5067 illud
2235 5017 2516 5085 templum,
2539 5017 2607 5072 ob
2636 5016 2946 5074 Judaeorum
2976 5019 3216 5077 furorem
3248 5023 3436 5078 deser-

1871 5115 1982 5158 lum
2014 5106 2103 5164 sit.
2125 5118 2178 5160 at
2205 5107 2401 5162 ibidem
2427 5110 2540 5164 loca
2563 5113 2762 5179 crucis,
2781 5116 3216 5180 resurrectionis,
3241 5119 3435 5170 ascen”.

1869 5195 2041 5250 sionis
2076 5197 2256 5250 divina
2287 5199 2459 5268 gratia
2494 5201 2693 5256 donata
2715 5212 2862 5258 sunt.

1945 5351 2026 5406 15.
2061 5351 2254 5406 Escam
2291 5355 2403 5424 ejus
2448 5359 2748 5416 benedicens
2795 5361 3112 5416 benedicam.
3169 5355 3433 5427 Pauperes

1869 5442 1982 5510 ejus
2004 5446 2257 5500 saturabo
2288 5449 2532 5516 panibus.
2567 5449 2778 5521 Singuli
2816 5467 3054 5508 namaue
3087 5464 3276 5505 eorum
3299 5449 3433 5518 justi

3008 5848 3083 5907 17
