3880 6216
1304 288 1359 341 S.
1403 285 1776 342 ATHANASII
1817 282 1967 339 OPP.
2012 283 2192 338 PARS
2232 283 2323 341 Ill.
2363 315 2436 329 -—
2475 283 2885 339 EXEGETICA.
3604 285 3709 339 524

460 428 643 468 :emen
684 426 807 464 cum
838 411 945 465 sint
974 424 1079 462 non
1113 416 1271 478 egent
1304 408 1555 477 panibus.
1595 406 1863 462 Scribitur
1885 420 2009 474 quo-

2135 405 2441 459 ἐλαττοῦται
2464 405 2669 476 ἄρτοις.
2701 405 2977 476 Γράφεται
3000 403 3057 456 δὲ
3094 403 3205 467 καί,
3236 406 3277 456 Τ
3277 402 3355 469 ἡν
3389 402 3588 472 χήραν
3605 405 3710 456 αὺ-

461 521 613 575 que:
667 503 891 558 Viduam
942 503 1091 572 ejus,
1137 501 1344 555 scilicet
1390 515 1509 554 eam
1555 515 1676 569 quae
1720 497 2009 567 patrocinic

2135 497 2255 565 τῆς,
2273 499 2364 551 καὶ
2384 498 2626 568 δηλονότι
2646 498 2744 569 τὴν
2767 498 3246 568 ἀπροστασίαστον.
3275 497 3419 561 Τοὺς
3432 494 3715 563 πτωχοὺς,

462 294 564 349 59.5

460 603 627 650 caret.
656 593 913 649 Pauperes
937 592 1048 661 ejus
1069 590 1320 644 saturabo
1339 591 1583 659 panibus.
1608 588 1665 642 ld
1688 600 1790 653 est,
1814 602 1909 642 eos
1931 586 2023 656 qui

460 682 755 737 secundum
810 680 978 733 Deum
1028 694 1294 749 pauperes
1336 687 1486 734 sunt.
1542 677 1784 733 Panibus
1840 686 2023 731 autem

457 770 852 842 spiritualibus.

527 864 612 917 16.
656 862 959 917 Sacerdotes
1008 861 1121 929 ejus
1182 860 1401 913 induam
1452 858 1702 912 salutari.
1737 858 1859 926 Ipse
1886 854 2020 908 item

459 953 708 1008 Christus
737 962 842 1017 est,
874 953 965 1022 qui
994 953 1228 1007 salutare
1253 958 1356 1015 est,
1378 949 1585 1018 justitia
1607 960 1824 1017 quoque
1858 958 2021 1014 supra

455 1055 699 1100 VOCﬂlllS.

522 1136 605 1189 l7.
633 1136 772 1189 Illuc
798 1139 1082 1203 producam
1112 1149 1272 1187 cornu
1303 1131 1490 1185 David.
1520 1130 1640 1197 Quo
1665 1139 1906 1198 tempore
1932 1142 2021 1181 sa-

452 1229 625 1283 lutare
654 1228 950 1297 apparebit,
983 1226 1151 1297 gloria
1180 1225 1397 1279 Davidis
1431 1225 1654 1279 orietur.
1696 1221 1889 1275 Paravi
1932 1219 2019 1272 lu—

458 1333 659 1372 “eruam
685 1317 893 1373 Christo
940 1335 1070 1371 meo.
1124 1315 1236 1371 Hoc
1271 1317 1337 1370 de
1372 1316 1581 1370 Joanne
1611 1317 1703 1378 ait,
1730 1315 1885 1384 juxta
1908 1312 2018 1365 Do-

452 1411 583 1465 mini
618 1411 819 1464 dictum
850 1428 860 1462 :
898 1408 1019 1478 Ipse
1050 1417 1163 1461 erat
1192 1408 1407 1461 lucerna
1438 1407 1627 1461 ardens
1659 1415 1707 1459 et
1741 1406 1918 1458 lucens
1947 1404 2014 1457 9°.

787 1678 1063 1733 Canticum
1090 1694 1366 1747 graduum.
1405 1676 1697 1732 CXXXII.

1027 1771 1433 1839 Argumentum.

443 1864 723 1920 Decimum
752 1872 1007 1933 quartum
1034 1864 1305 1917 canticum
1332 1863 1571 1917 declarat
1592 1862 1794 1917 bonum
1828 1878 1857 1915 a
1893 1860 2017 1916 Sal-

514 1969 729 2019 vatore,
776 1963 1065 2023 postquam
1118 1954 1296 2008 illuxit
1338 1954 1688 2021 hominibus,
1739 1954 2013 2021 collatum,

511 2047 698 2100 dicens
732 2064 746 2099 :

511 2139 563 2202 1,
584 2137 638 2193 2.
674 2136 807 2190 Ecce
850 2152 1009 2205 quam
1034 2136 1223 2189 bonum
1250 2145 1299 2191 et
1333 2152 1489 2203 quam
1509 2136 1822 2206 jucundum.
1864 2135 2012 2191 Sicut

439 2237 759 2299 unguentum
787 2229 842 2280 in
873 2228 1061 2296 capite,
1079 2227 1217 2297 quod
1244 2227 1506 2279 descendit
1537 2227 1593 2279 in
1619 2225 1855 2279 barbam.
1876 2224 2013 2280 Cum

438 2328 763 2391 congregata
785 2358 801 2384 ,
865 2320 1077 2389 inquit,
1112 2319 1275 2372 fuerit
1332 2317 1567 2372 Ecclesia
1593 2359 1607 2383 ,
1634 2327 1687 2372 et
1722 2319 2012 2387 quemdam

437 2428 538 2469 ceu
563 2421 883 2466 concentum
922 2411 1146 2466 fecerit:
1184 2420 1297 2465 tum
1334 2411 1520 2465 unctio
1568 2411 1743 2465 sancti
1772 2409 2011 2480 Spiritus

439 2521 503 2561 ac
530 2506 893 2561 sacerdotium
919 2503 1223 2565 inducetur,
1252 2504 1484 2573 primum
1517 2504 1733 2572 quidem
1764 2503 1819 2556 in
1851 2511 2012 2572 caput

440 2597 728 2664 Ecclesiae,
767 2596 913 2666 quod
963 2606 1047 2651 est
1085 2594 1338 2650 Christus
1382 2595 1618 2650 :deinde
1666 2596 1720 2649 in
1762 2595 2006 2660 barbam,

438 2702 561 2756 quae
607 2694 690 2741 est
734 2686 900 2740 decor
934 2683 1099 2738 faciei
1132 2683 1405 2738 Ecclesiae.
1439 2683 1538 2738 Hic
1575 2694 1758 2739 autem
1806 2686 2009 2739 intelli-

440 2786 643 2847 guntur
690 2776 941 2846 apostoli.
969 2776 1251 2830 Postremo
1294 2786 1472 2831 autem
1504 2778 1569 2831 ad
1599 2785 1772 2831 totum
1809 2792 2008 2846 corpus

440 2869 773 2937 pertransiit,
803 2869 854 2922 id
905 2876 988 2922 est
1017 2868 1083 2921 ad
1130 2884 1317 2922 onmes
1351 2874 1442 2940 qui
1479 2869 1532 2922 in
1573 2867 1814 2924 Ecclesia
1847 2869 2007 2925 Chri-

438 2968 583 3014 stum
614 2959 928 3013 induerunt.

506 3138 563 3193 5.
583 3136 845 3201 Quoniam
865 3138 976 3190 illic
999 3137 1269 3191 mandavit
1296 3136 1553 3190 Dominus
1577 3136 2002 3205 benedictionem,

432 3235 487 3284 et
512 3228 676 3282 vitam
705 3244 866 3297 usque
895 3229 949 3280 in
971 3228 1242 3281 saeculum.
1273 3226 1395 3279 Illic
1415 3268 1428 3292 ,
1456 3227 1564 3289 ait,
1595 3227 1839 3281 videlicet
1864 3229 2006 3297 apud

436 3319 633 3375 fratres
662 3320 968 3374 habitantes
1012 3320 1067 3373 in
1101 3336 1265 3373 unum
1296 3337 1310 3385 ;
1344 3329 1391 3373 et
1437 3320 1640 3383 vitam;
1675 3335 1781 3373 non
1817 3336 2008 3387 quam-

436 3408 589 3473 libet,
638 3411 732 3465 sed
777 3411 1159 3464 immortalem.
1199 3409 1254 3462 In
1304 3408 1433 3462 Sion
1488 3410 1631 3462 enim
1676 3410 2007 3465 sanctissimi

438 3500 675 3568 Spiritus
705 3518 797 3558 ros
830 3503 1079 3557 viviticus
1112 3504 1167 3557 in
1203 3518 1389 3557 sacros
1428 3502 1704 3571 apostolos
1737 3504 2007 3559 demissus

435 3603 541 3660 est,
572 3609 667 3663 per
701 3610 863 3664 quem
915 3609 1105 3649 omnes
1153 3596 1247 3664 qui
1294 3594 1521 3649 credunt
1570 3595 2004 3651 benedictionem

432 3693 690 3740 aternam
722 3695 1151 3756 consequuntur.
1188 3684 1409 3740 lllorum
1437 3685 1581 3739 enim
1618 3700 1711 3740 cor
1740 3694 1795 3741 et
1823 3686 2006 3741 anima

435 3789 567 3833 una.

750 3956 1024 4013 Canticum
1060 3961 1337 4029 graduum.
1359 3959 1686 4015 CXXXIII.

497 4048 554 4103 1.
605 4047 736 4104 Ecce
776 4068 915 4105 nunc
959 4052 1241 4107 benedicite
1290 4052 1607 4117 Dominum,
1651 4069 1827 4107 omnes
1871 4053 2006 4109 servi

436 4137 671 4195 Domini.

1013 4233 1417 4303 Argumentum.

431 4317 713 4379 Decimum
740 4324 993 4395 quintum
1026 4324 1323 4387 canticum,
1359 4324 1512 4393 jubet
1553 4339 1650 4380 eos
1699 4326 1793 4395 qui
1825 4324 2005 4380 adhuc

2126 588 2314 657 αὐτῆς
2345 589 2614 657 χορτάσω
2642 590 2854 657 ἄρτων.
2890 589 3027 650 Τοὺς
3053 588 3194 640 κατὰ
3224 588 3355 640 Θεὸν
3406 587 3506 658 μὲν
3557 602 3708 639 πτω-

2127 679 2422 749 χεύσαντας
2443 696 2457 711 ⁸
2490 682 2668 751 ἄρτων
2700 680 2756 733 δὲ
2790 678 2896 733 τῶν
2938 679 3162 748 νοητῶν.

2200 860 2343 926 Τοὺς
2376 860 2547 928 ἱερεῖς
2577 860 2765 928 αὐτῆς
2787 858 3020 912 ἐνδύσω
3048 857 3365 924 σωτηρίαν.
3389 855 3564 917 Αὐτός
3587 855 3708 906 ἐστι

2126 952 2287 1004 πάλιν
2311 954 2338 1004 ὁ
2365 951 2597 1021 Χριστὸς
2622 954 2655 1021 ἡ
2683 951 2942 1020 σωτηρία,
2974 949 3002 1000 ὁ
3036 948 3130 1000 καὶ
3152 948 3467 1017 δικαιοσύνη
3496 948 3554 998 ὲν
3594 946 3705 1009 τοῖς

2124 1045 2414 1115 ἀνωτέροις
2442 1043 2848 1112 ὠνομασμένος.

2205 1135 2365 1188 Ἐκεῖ
2384 1133 2720 1198 ἐξανατελῶ
2748 1133 2925 1201 κέρας
2951 1128 3032 1195 τῷ
3066 1129 3263 1182 Δαυΐδ.
3323 1130 3458 1181 Κατ’
3489 1129 3704 1180 ἐκεῖνον

2121 1225 2210 1278 τὸν
2234 1225 2421 1297 χρόνον
2447 1225 2564 1278 καθ’
2592 1225 2650 1276 ὃν
2685 1225 2937 1291 ἐπιφανεῖ
2962 1221 3020 1274 τὸ
3054 1223 3319 1292 σωτήριον
3339 1260 3352 1283 ,
3384 1218 3632 1289 δηλονότι
3666 1220 3700 1288 ἠ

2120 1316 2245 1379 δόξα
2262 1316 2504 1368 ἀνατελεῖ
2534 1315 2627 1368 τοῦ
2658 1314 2839 1368 Δαυῖδ.
2866 1312 3433 1382 Ἠτοίμασαλὺχνον
3462 1309 3543 1374 τῷ
3575 1312 3706 1377 Χρι-

2120 1407 2243 1472 στῷ
2251 1426 2388 1476 μου.
2408 1406 2577 1460 Τοῦτο
2594 1407 2720 1478 περὶ
2743 1406 2989 1458 Ἰωάννου
3004 1405 3154 1475 φησι,
3175 1403 3315 1457 κατὰ
3335 1404 3395 1455 τὸ
3408 1401 3705 1473 εἰρημένον

2120 1500 2268 1571 παρὰ
2310 1499 2403 1553 τοῦ
2450 1500 2676 1571 Κυρίου’
2720 1498 2982 1564 Ἐκεῖνος
3012 1493 3090 1567 ἦν
3125 1499 3156 1549 o'
3185 1497 3412 1564 λύχνος
3461 1498 3493 1547 ὁ
3538 1494 3705 1547 καιό-

2114 1608 2298 1661 μενος
2346 1591 2445 1644 καὶ
2475 1592 2852 1659 φαινόμενος.

2446 1682 2580 1753 ’ῼδὴ
2616 1681 2732 1736 τῶν
2772 1678 3147 1747 ἀναϐαθμῶν.
3177 1674 3358 1731 PAB’.

2734 1771 2747 1790 '
2761 1773 3073 1836 Υπόθεσις.

2128 1864 2192 1917 Ἠ
2239 1864 2803 1935 τεσσαρεσκαιδεκάτη
2838 1863 2947 1933 ᾠδὴ
2982 1862 3288 1924 ἀκολούθως
3336 1861 3400 1929 τῇ
3448 1857 3545 1911 τοῦ
3594 1858 3702 1909 Σω-

2185 1957 2348 2026 τῆρος
2375 1956 2669 2026 ὲπιλάμψει
2694 1955 2755 2007 τὸ
2799 1954 2858 2019 ἐξ
2892 1950 3056 2007 αὑτοῦ
3089 1952 3426 2024 δωρούμενον
3458 1952 3574 2011 τοῖς
3604 1951 3700 2002 ἀν·

2184 2044 2422 2118 θρώποις
2460 2046 2621 2099 καλὸν
2648 2045 2881 2116 φανερὸν
2912 2046 3056 2097 ποιεῖ
3088 2043 3338 2110 λέγουσα.

2197 2140 2349 2194 Ἰδοὺ
2392 2138 2467 2205 δὴ
2512 2138 2569 2190 τί
2603 2138 2815 2201 καλὸν,
2860 2137 2898 2204 ἣ
2944 2137 3001 2189 τί
3038 2136 3317 2203 τερπνόν.
3361 2132 3454 2195 Ὡς
3496 2131 3698 2198 μύρον

2110 2232 2207 2285 ἐπὶ
2244 2228 2514 2298 κεφαλῆς
2561 2229 2627 2282 τὸ
2667 2228 3026 2282 καταϐαῖνον
3052 2226 3151 2279 ἐπὶ
3184 2224 3453 2293 πώγωνα.
3510 2223 3696 2273 Ἐπει-

2110 2322 2226 2387 δὰν,
2257 2322 2408 2392 φησὶ,
2443 2321 2733 2390 συναχθείη
2762 2321 2794 2390 ἡ
2842 2319 3134 2390 Ἐκκλησία
3158 2358 3173 2384 ,
3211 2318 3305 2370 καὶ
3340 2317 3469 2386 μίαν
3502 2314 3695 2384 ὥσπερ

2111 2414 2231 2467 τινὰ
2278 2413 2541 2484 ἁρμονίαν
2598 2414 2911 2483 ποιήσηται,
2941 2412 3061 2464 τότε
3096 2411 3159 2481 δὴ
3216 2410 3335 2462 τότε
3369 2410 3463 2461 καὶ
3513 2409 3695 2477 χρίσις

2110 2506 2202 2559 τοῦ
2244 2506 2397 2574 ἁγίου
2422 2506 2739 2575 Πνεύματος
2770 2505 2864 2557 καὶ
2902 2505 3197 2576 ἱεράτευμα
3227 2500 3509 2573 προσαχθῇ
3540 2499 3694 2570 πρῶ-

2110 2614 2198 2649 τον
2225 2597 2321 2667 μὲν
2354 2596 2445 2649 ἐπὶ
2472 2596 2571 2666 τὴν
2602 2594 2841 2665 κεφαλὴν
2875 2597 2973 2664 τῆς
3010 2592 3356 2663 Ἐκκλησίας,
3383 2591 3504 2661 ἥτις
3536 2591 3686 2642 ἐστὶν

2110 2695 2137 2745 ὁ
2171 2693 2427 2763 Χριστὸς,
2462 2692 2653 2744 ἔπειτα
2701 2692 2794 2745 καὶ
2828 2692 2907 2754 εἰς
2932 2690 3019 2743 τὸν
3051 2687 3308 2755 πώγωνα,
3343 2686 3400 2747 ὃς
3428 2686 3575 2735 ἐστιν
3600 2682 3692 2733 εὗ·-

2112 2782 2345 2852 πρέπεια
2375 2782 2469 2834 τοῦ
2502 2780 2794 2852 προσώπου
2823 2782 2921 2850 τῆς
2965 2778 3306 2848 Ἑκκλησίας.
3339 2772 3603 2827 Νοοῦνται
3634 2772 3691 2824 δὲ

2109 2874 2196 2925 διὰ
2223 2873 2411 2925 τούτου
2447 2874 2493 2925 οἱ
2529 2872 2839 2927 ἀπόστολοι.
2896 2871 2968 2922 Τὸ
3014 2868 3319 2920 τελευταῖον
3366 2864 3422 2917 δὲ
3470 2864 3561 2915 καὶ
3609 2864 3691 2924 εἰς

2108 2963 2227 3016 ὅλον
2260 2964 2319 3016 τὸ
2351 2964 2508 3031 σῶμα
2567 2962 2937 3033 μεταϐέϐηκε,
2986 2959 3264 3012 τουτέστιν
3310 2958 3389 3018 εἰς
3441 2954 3690 3015 ἅπαντας

2109 3056 2233 3117 τοὺς
2262 3056 2319 3108 ἐν
2345 3058 2408 3125 τῇ
2451 3053 2743 3123 Ἐκκλησία
2771 3051 3149 3121 ἐνδεδυμένους
3196 3046 3452 3118 Χριστόν.

2185 3147 2307 3199 Ὅτι
2328 3145 2455 3199 ἐκεῖ
2473 3145 2811 3198 ἐνετείλατο
2842 3141 3059 3211 Κύριος
3097 3141 3211 3209 τὴν
3243 3141 3549 3209 εὐλογίαν.
3584 3138 3689 3191 καὶ

2110 3235 2261 3304 ζωὴν
2299 3236 2407 3301 ἕως
2450 3235 2555 3288 τοῦ
2586 3234 2815 3298 αἰῶνος.
2857 3233 3032 3297 Ἐκεῖ,
3078 3230 3209 3302 φησί
3240 3248 3253 3260 ·
3289 3229 3444 3299 δῆλον
3478 3230 3554 3292 δὲ,
3604 3228 3690 3281 ὅτι

2106 3326 2235 3397 παρ’
2274 3326 2456 3388 αὐτοῖς
2488 3328 2599 3386 τοῖς
2636 3321 2982 3376 κατοικοῦσιν
3015 3319 3261 3387 ἀδελφοῖς
3295 3320 3385 3370 ἐπὶ
3418 3316 3478 3368 τὸ
3511 3316 3649 3368 αὐτὸ
3675 3337 3689 3350 ο

2108 3419 2204 3471 καὶ
2235 3415 2422 3482 ζωήνο
2471 3415 2532 3467 οὐ
2581 3416 2680 3485 τὴν
2721 3412 2986 3484 τυχοῦσαν
3011 3456 3024 3477 ,
3066 3412 3201 3465 ἀλλὰ
3251 3410 3349 3480 τὴν
3394 3408 3685 3463 ἀθάνατον.

2120 3509 2241 3561 Ἐπὶ
2266 3508 2365 3578 τὴν
2403 3505 2543 3559 Σιὼν
2578 3506 2687 3575 γὰρ
2717 3508 2749 3577 ἡ
2778 3504 2872 3558 τοῦ
2908 3504 3172 3573 παναγίου
3226 3501 3541 3571 Πνεύματος
3590 3501 3687 3552 ἐπὶ

2106 3600 2232 3662 τοὺς
2284 3600 2459 3669 ἱεροὺς
2489 3597 2819 3660 ἀποστόλους
2861 3594 3120 3660 ζωοποιὸς
3158 3593 3517 3663 κατεπέμφθη
3556 3590 3684 3661 δρό-

2109 3710 2218 3756 σος,
2247 3693 2311 3745 δι’
2349 3689 2416 3763 ἧς
2451 3692 2687 3754 ἅπαντες
2731 3692 2779 3743 οἱ
2825 3690 3169 3751 πιστεύοντες
3208 3689 3307 3758 τὴν
3340 3686 3555 3740 αἰώνιον
3593 3687 3686 3737 εὑ-

2106 3782 2289 3850 λογίαν
2336 3781 2696 3850 καρποῦνται.
2740 3780 2992 3832 Ἐκείνων
3022 3777 3128 3848 γὰρ
3153 3772 3220 3847 ἦν
3246 3777 3279 3846 ή
3306 3774 3500 3845 καρδία
3531 3773 3625 3826 καὶ
3649 3776 3683 3843 ἡ

2105 3872 2250 3944 ψυχὴ
2276 3872 2392 3944 μία.

2436 3963 2575 4033 ’ῼδὴ
2620 3963 2737 4015 τῶν
2774 3960 3147 4029 ἀναϐαθμῶν.
3180 3960 3364 4012 PAI".

2189 4051 2334 4107 Ἰδοὺ
2364 4051 2441 4120 δὴ
2471 4051 2770 4121 εὐλογεῖτε
2806 4050 2913 4104 τὸν
2944 4052 3183 4118 Κύριον,
3216 4048 3438 4113 πάντες
3459 4050 3515 4101 οἱ
3546 4046 3684 4102 δοῦ-

2105 4150 2203 4202 λοι
2226 4147 2469 4213 Κυρίου.

2730 4236 2742 4253 ²
2757 4236 3065 4300 Υπόθεσις.

2117 4327 2183 4381 Ἦ
2228 4326 2683 4397 πεντεκαιδεκάτη
2712 4325 2821 4396 ᾠδὴ
2852 4328 2963 4387 τοῖς
3012 4325 3091 4377 ἔτι
3146 4323 3574 4394 κατηχουμένοις
3625 4323 3684 4376 ὲν

504 4413 562 4468 in
586 4411 830 4469 Ecclesia
854 4414 1236 4469 catechumeni
1258 4424 1389 4468 sunt
1417 4413 1636 4468 laudare
1659 4413 1851 4468 Deum.
1881 4412 2008 4468 Ser-

2179 4424 2245 4490 τῇ
2288 4419 2582 4490 Ἐκκλησία
2615 4421 2783 4471 αίνεῖν
2808 4418 2896 4470 τὸν
2921 4418 3052 4470 Θεὸν
3070 4415 3521 4487 παρακελεύεται.
3550 4414 3683 4467 Δού-

502 4517 601 4559 vos
632 4514 811 4560 autem
848 4514 1007 4560 vocat
1056 4505 1239 4575 ipsos,
1276 4513 1461 4575 utpote
1498 4507 1591 4575 qui
1626 4505 1867 4559 nondum
1913 4504 2005 4559 ad-

500 4600 724 4671 0ptione
748 4600 949 4671 dignati
973 4602 1101 4656 sint.
1126 4600 1181 4653 2.
1211 4599 1277 4652 1η
1296 4600 1535 4653 noctibus
1559 4600 1793 4653 extollite
1818 4615 2006 4653 manus

500 4699 700 4745 uestras
738 4691 796 4743 in
829 4700 1034 4745 sancta.
1088 4690 1143 4744 ln
1189 4691 1440 4746 noctibus
1483 4691 1662 4745 adhuc
1708 4690 2008 4745 consistere

501 4784 627 4839 illos
663 4784 759 4844 ait,
791 4784 918 4853 quia
962 4784 1202 4838 nondum
1232 4781 1469 4854 Spiritus
1515 4784 1689 4839 sancti
1728 4784 2004 4838 illumina-

501 4875 651 4931 tione
670 4875 853 4928 donati
877 4886 1022 4930 sunt.

503 4966 558 5024 5.
590 4964 873 5020 Benedicat
906 4976 952 5019 te
979 4965 1233 5020 Dominus
1259 4982 1322 5020 ea:
1358 4964 1507 5020 Sion.
1543 4964 1622 5019 Ex
1661 4964 1791 5019 Sion
1828 4964 1958 5019 dicit
1988 4982 2002 5018 ε

431 5057 561 5126 quia
603 5057 708 5111 hoc
752 5071 950 5110 nomen
983 5056 1216 5111 amabile
1251 5056 1384 5124 ipsis
1421 5064 1557 5119 erat,
1587 5056 1679 5110 ubi
1723 5065 1840 5110 erat
1869 5054 2004 5124 ipsis

432 5149 614 5204 omnis
658 5148 1109 5205 sanctificationis
1168 5157 1570 5220 argumentum.
1624 5149 1831 5203 Exinde
1876 5162 2003 5201 vero

432 5241 589 5296 docet
614 5256 681 5296 ex
706 5257 1033 5311 quoeunquc
1050 5242 1172 5297 loco
1202 5243 1567 5300 invocandum
1600 5257 1742 5310 esse,
1770 5239 1957 5296 dicens
1986 5257 1999 5293 :

432 5334 538 5404 Qui
573 5335 694 5404 fecit
725 5334 911 5388 caelum
944 5345 993 5388 et
1028 5344 1243 5391 terram.

938 5427 1188 5482 Alleluia.
1217 5426 1530 5482 CXXXIV.

502 5519 554 5573 1.
586 5518 823 5573 Laudate
867 5535 1054 5575 nomen
1099 5520 1331 5588 Domini,
1358 5519 1596 5585 laudate,
1628 5518 1781 5585 servi,
1820 5516 2004 5570 Domi-

502 5677 550 5711 ”
574 5672 731 5733 Joan.
767 5692 822 5745 ν,
854 5677 942 5733 35.

2180 4511 2303 4573 λους
2319 4510 2375 4563 δὲ
2391 4512 2585 4573 αὐτοὺς
2603 4510 2773 4574 καλεῖ,
2798 4510 2893 4563 ἅτε
2914 4510 3079 4579 μήπω
3096 4512 3195 4579 τῆς
3217 4508 3495 4569 υἱοθεσίας
3517 4507 3684 4577 ἠξιω-

2181 4603 2396 4674 μένους.
2415 4604 2510 4655 Ἐν
2538 4603 2666 4667 ταῖς
2686 4602 2865 4665 νυξὶν
2891 4600 3146 4669 ἐπάρατε
3168 4600 3271 4665 τὰς
3287 4602 3488 4668 χεῖρας
3513 4599 3683 4667 ὑμῶν

2179 4699 2264 4761 εἰς
2295 4697 2367 4749 τὰ
2394 4695 2547 4764 ἅγια.
2605 4696 2692 4748 Ἐν
2717 4695 2873 4748 νυκτὶ
2906 4694 2986 4747 ἔτι
3014 4694 3234 4747 ἑστάναι
3268 4691 3463 4754 αὐτούς
3494 4709 3682 4762 φησιν,

2179 4788 2272 4841 ἆτε
2322 4788 2395 4859 μὴ
2442 4788 2789 4858 φωτίσματος
2824 4787 2915 4841 τοῦ
2964 4785 3119 4854 ἁγίου
3167 4783 3486 4853 Πνεῦματος
3518 4782 3683 4853 ἠξιωο

2181 4881 2393 4950 μένους.

2171 4967 2515 5036 Εὐλογήοναι
2554 4985 2626 5021 σε
2674 4970 2889 5036 Κύριος
2940 4968 3007 5020 ἐκ
3062 4965 3234 5021 Σιὼν.
3290 4965 3383 5017 Ἐκ
3434 4963 3577 5016 Σιὼν
3628 4962 3682 5015 δέ

2108 5076 2271 5129 φησιν
2291 5075 2303 5089 ·
2340 5060 2525 5128 ἐπειδὴ
2556 5059 2650 5111 καὶ
2668 5057 2903 5129 τοῦνομα
2931 5056 3177 5110 ποθεινὸν
3202 5057 3447 5126 ὑπῆρχεν
3476 5056 3681 5116 αὺτοῖς,

2106 5152 2233 5207 ἔνθα
2281 5152 2460 5222 πάσης
2504 5152 2784 5219 ἁγιστείας
2830 5148 3085 5213 ὑπόθεσις
3132 5144 3222 5219 ἦν.
3260 5144 3393 5201 Εἶτα
3440 5147 3680 5200 διδάσκει

2106 5239 2441 5311 πανταχόθεν
2473 5240 2658 5293 καλεῖν
2695 5239 2901 5308 λέγων’
2945 5239 3006 5291 '0
3057 5238 3319 5307 ποιήσας
3369 5236 3476 5291 τὸν
3508 5239 3679 5304 οὺραο

2102 5329 2215 5384 νὸν
2251 5332 2350 5384 καὶ
2380 5331 2496 5399 τὴν
2524 5330 2661 5401 γῆν.

2603 5422 2977 5485 Ἀλληλούῖα.
3006 5424 3143 5473 Pun
3170 5461 3182 5473 .

2176 5509 2401 5566 Αἰνεῖτε
2429 5514 2494 5566 τὸ
2525 5513 2711 5582 ὄνομα
2741 5510 2987 5579 Κυρίου,
3026 5510 3272 5575 αἱνεῖτε,
3298 5507 3530 5575 δοῦλοι,
3566 5506 3679 5562 Κύ-
