3880 6216
153 323 262 382 5ἓ5

1203 326 1568 383 EXPOSlTlO
1606 326 1672 380 1N
1714 325 2048 381 PSALMUM
2087 325 2345 382 CXXXV.

3300 327 3402 384 520

153 457 302 504 οιον.
342 439 462 494 Ἔτι
489 438 584 491 καὶ
616 431 770 501 οὗτος
801 439 914 500 τοῖς
937 438 1310 509 εἰσαγομένοις
1340 438 1557 506 λέγεται
1591 437 1719 507 ψαλ·

1836 451 1977 490 num.
2021 435 2121 493 Hic
2149 452 2365 508 quoque
2405 438 2647 508 psalmus
2696 437 2919 492 initiatis
2952 437 3170 502 dicitur,
3207 437 3405 506 iubens

155 532 280 596 μδς,
331 530 864 600 παρακελευόμενος,
901 529 1107 580 Αἰνεῖτε
1161 527 1254 580 τὸν
1297 527 1450 580 Θεόν.
1496 528 1570 579 Τὸ
1599 527 1728 597 γὰρ,

151 621 454 688 ἁλληλοὺ,
497 619 878 692 ἑρμηνεύεται,
908 618 1147 682 alr-size,
1177 619 1236 672 τὸ
1267 617 1342 683 δὲ,
1373 619 1452 684 τα,
1483 618 1579 670 τὸν
1618 619 1732 671 Κύ-

156 729 291 782 ριον.

223 805 453 857 Αἰνεῖτε
477 802 585 856 τὸν
621 803 865 871 Κύριον,
911 802 1000 855 ὅτι
1044 802 1264 872 ἀγαθὸς
1314 801 1568 869 Κύριοςο
1614 799 1730 869 ψά-

150 898 301 949 λατε
338 895 418 960 τῷ
449 896 690 963 ὀνόματι
739 895 945 958 αὐτοῦ,
981 894 1069 946 ὅτι
1110 896 1320 947 καλόν.
1363 894 1598 947 Ψάλλειν
1630 895 1729 945 αὺ-

151 987 283 1049 τοὺς
338 987 724 1057 προτρέπεται,
765 986 857 1054 ἀφ’
913 979 990 1038 ὧν
1034 985 1133 1056 1ἤδη
1179 986 1274 1037 καὶ
1317 985 1502 1055 ἓτερον
1541 986 1603 1036 ἐν
1634 985 1727 1035 Αἱ-

153 1077 350 1147 γύπτῳ
381 1079 952 1150 εἰδωλολατρήσαντες.
983 1072 1140 1131 Οὗτοι
1177 1079 1234 1130 δὲ
1265 1073 1404 1148 ἦσαν
1437 1078 1485 1130 οἱ
1519 1078 1578 1143 ἐξ
1622 1077 1727 1130 Ἰα-

155 1169 296 1224 κώϐ.
333 1170 668 1240 Ἐκλήθησαν
693 1171 748 1223 δὲ
781 1173 858 1234 εἰς
883 1171 943 1224 τὸ
961 1171 1146 1241 ὑμνεῖν
1169 1169 1260 1222 τὸν
1285 1169 1436 1222 Θεόν.
1479 1167 1726 1237 Ἰσραὴλ

156 1263 247 1326 εἰς
279 1261 752 1331 περιουσιασμὸν
779 1260 988 1326 ἑαυτῷ.
1046 1261 1190 1313 Ἀντὶ
1217 1259 1331 1325 τοῦ,
1363 1259 1636 1332 ἐξαίρετον
1655 1278 1666 1290 ο
1699 1263 1726 1313 ὁ

154 1353 268 1423 γὰρ
299 1352 604 1423 διορατικὸς
640 1353 762 1417 νοῦς
795 1356 941 1407 ἐστιν
984 1353 1218 1424 Ἰσραήλ.

222 1446 347 1499 Ὅτι
374 1445 490 1514 ἐγὼ
517 1447 728 1516 ἔγνων,
763 1447 851 1501 ὅτι
887 1447 1075 1518 μέγας
1117 1445 1354 1515 Κύριος,
1390 1446 1487 1499 καὶ
1530 1449 1562 1498 ὀ
1608 1445 1726 1498 Κύ-

137 1553 277 1603 ριος
303 1536 474 1606 ἡμῶν
503 1538 662 1606 παρὰ
687 1539 916 1604 πάντας
945 1538 1086 1603 τοὺς
1125 1530 1318 1602 θεούς.
1352 1538 1484 1590 Ἀπὸ
1511 1539 1608 1606 τῆς
1639 1538 1728 1608 δη-

149 1631 485 1701 μιουργικῆς
513 1631 796 1702 δυνάμεως
817 1632 1054 1700 ἔγνωκεν
1089 1632 1250 1684 αὑτὸν
1285 1630 1510 1703 Κύριον.

231 1727 330 1777 Ἐν
362 1723 491 1790 ταῖς
529 1723 867 1791 θαλάσσαις
901 1725 996 1778 καὶ
1037 1725 1106 1778 ἐν
1143 1723 1367 1790 πάσαις
1409 1725 1722 1790 ἀϐύσσοις.

1833 525 2054 581 laudare
2077 527 2268 583 Deum.
2296 526 2431 582 Nam
2464 529 2616 594 illud,
2646 529 2829 593 allelu,
2853 531 3260 600 interpretatur,
3288 532 3406 590 lau-

1833 618 1976 682 date,
2012 619 2142 674 illud
2165 629 2370 687 autem,
2401 620 2476 686 ia,
2509 619 2819 675 Dominum.

1901 799 1953 851 5.
1983 797 2225 853 Laudate
2259 799 2557 865 Dominum,
2589 804 2715 872 quia
2742 803 2904 857 bonus
2936 805 3189 860 Dominus
3209 823 3227 859 :
3255 808 3403 876 psal-

1829 889 1922 942 lite
1967 891 2168 944 nomini
2217 891 2328 960 ejus
2373 894 2624 962 quoniam
2675 911 2850 949 suave.
2893 896 3152 952 Hortatur
3189 913 3285 953 eos
3336 899 3404 952 ad

1829 982 2194 1049 psallendum,
2226 984 2319 1052 qui
2357 983 2486 1038 olim
2522 985 2576 1037 in
2607 984 2841 1056 [Egypto
2886 988 3204 1044 idololatriae
3235 990 3403 1045 dediti

1829 1071 2062 1126 fuerant.
2091 1071 2155 1127 Hi
2177 1083 2356 1128 autem
2390 1085 2547 1130 erant
2571 1075 2758 1132 Jacobi
2794 1081 3014 1146 posteri.
3046 1079 3234 1136 Vocati
3272 1092 3401 1137 sunt

1829 1172 2007 1217 autem
2035 1164 2103 1218 ad
2127 1164 2294 1218 Deum
2321 1164 2536 1236 hymnis
2568 1167 2974 1225 celebrandum.
3003 1168 3177 1224 Israel
3201 1171 3255 1223 in
3277 1187 3402 1241 pos-

1829 1257 2109 1310 sessionem
2149 1258 2268 1314 sibi.
2329 1257 2498 1324 Quasi
2552 1260 2734 1319 dicat.
2790 1249 3063 1328 electum;
3114 1265 3403 1334 perspicax

1827 1347 1972 1400 enim
2007 1364 2163 1404 mens
2187 1349 2350 1404 Israel
2382 1360 2485 1405 cst.

1897 1439 1950 1492 5.
1982 1439 2121 1504 Quia
2150 1458 2242 1511 ego
2275 1444 2488 1512 cognovi
2516 1446 2654 1511 quod
2683 1459 2900 1514 magnus
2937 1455 3013 1498 est
3052 1447 3326 1516 Dominus,
3349 1459 3400 1504 ct

1833 1529 2087 1585 Dominus
2127 1543 2302 1586 noster
2337 1549 2448 1602 prce
2473 1534 2709 1588 omnibus
2736 1536 2862 1591 diis.
2887 1537 2930 1588 A
2953 1539 3212 1592 crcatrice
3234 1538 3401 1595 facul—

1829 1630 1936 1676 tate
1964 1625 2110 1676 novit
2136 1623 2312 1692 ipsum
2341 1640 2462 1680 esse
2490 1625 2798 1679 Dominum.

1899 1714 1953 1781 6,
1981 1714 2030 1769 7.
2062 1713 2128 1767 In
2152 1717 2290 1769 mari
2313 1726 2361 1770 et
2403 1717 2455 1770 in
2487 1718 2726 1771 omnibus
2756 1722 2980 1790 abyssis.
3019 1721 3260 1778 Educens
3299 1741 3398 1777 nu-

157 1815 418 1885 Ἆνάγων
447 1816 706 1886 νεφέλας
731 1817 800 1880 ἐξ
831 1817 1108 1885 ἐσχάτων
1129 1816 1238 1884 τῆς
1269 1816 1403 1886 τῆς.
1432 1817 1602 1870 Τοῦτό
1629 1835 1719 1886 φη-

1835 1801 1912 1856 bes
1959 1803 2022 1857 ab
2062 1807 2305 1860 extremis
2345 1815 2515 1862 terrae.
2557 1806 2672 1863 Hoc
2715 1809 2808 1872 ait,
2847 1812 2974 1880 quia
3015 1821 3215 1868 terram
3248 1825 3402 1870 exte-

145 1923 253 1966 σιν,
286 1908 471 1979 ἐπειδὴ
507 1908 704 1972 ἔξωθεν
753 1908 852 1979 τὴν
899 1911 1002 1980 γῆν
1051 1910 1396 1981 περιέχουσιν
1430 1911 1486 1962 αἱ
1521 1909 1723 1962 θάλασ-

145 2015 257 2064 σαι,
294 1999 388 2068 ἀφ’
415 1994 489 2053 ὧν
516 2001 615 2064 τὰς
644 2001 872 2070 νεφέλας
905 2002 1115 2070 ἀνάγει.
1168 2003 1497 2071 Ἆστραπὰς
1521 2005 1602 2068 εις
1629 2005 1724 2056 ὐε-

139 2092 253 2144 τσν
275 2093 548 2160 ἐποίησε.
593 2094 702 2147 Καὶ
732 2093 890 2147 τοῦτο
917 2094 1184 2165 σύμϐολον
1207 2093 1292 2164 εἴη
1346 2096 1445 2165 τῆς
1495 2094 1723 2165 θεοπρε-

143 2180 283 2244 ποῦς
316 2182 612 2252 δυνάμεως,
644 2183 704 2237 τὸ
731 2185 788 2238 ὲν
821 2185 899 2256 τῷ
955 2185 1118 2239 αὐτοῦ
1175 2185 1440 2256 συμμίξαι
1477 2186 1535 2238 τὸ
1583 2203 1722 2257 πυρ-

136 2274 277 2337 ῶδες
301 2275 408 2327 τῶν
434 2275 727 2346 ἀστραπῶν
747 2279 840 2331 κα)⁵
861 2279 922 2330 τὸ
949 2277 1111 2349 ὕδωρ.
1131 2279 1184 2330 Ὀ
1206 2277 1435 2348 ἐξάγων
1463 2279 1722 2348 ἀνέμους

134 2367 211 2420 ἐκ
254 2364 576 2434 θησαυρῶν
606 2367 823 2421 αὐτῶν.
882 2368 954 2420 Τὸ
987 2368 1368 2438 ἀκατάληπτον
1414 2369 1722 2439 ἀνθρώποις

136 2455 242 2525 τῆς
272 2455 382 2507 τῶν
411 2455 624 2526 ἀνέμων
675 2455 910 2528 ἐδήλωσε
944 2457 1157 2525 φύσεως
1211 2458 1298 2510 διὰ
1351 2458 1461 2511 τῶν
1513 2457 1720 2529 θησαυ-

141 2547 277 2620 ρῶν.
329 2548 554 2618 Ὅμοιον
591 2549 648 2602 δὲ
701 2548 762 2601 τὸ
815 2548 1104 2620 εἰρημένον
1150 2548 1300 2618 παρὰ
1349 2548 1590 2619 Κυρίου·
1651 2550 1719 2603 Τὸ

136 2643 387 2712 Πνεῦμα
438 2644 590 2697 ὅπου
623 2643 782 2697 θέλει
825 2643 982 2706 πνεῖ,
1016 2644 1112 2697 καὶ
1154 2642 1270 2710 τὴν
1296 2643 1507 2711 φωνὴν
1530 2645 1722 2697 αὐτοῦ

135 2739 383 2804 ἀκούεις
408 2755 420 2767 ·
454 2737 590 2792 ἀλλ’
622 2739 732 2790 οὐκ
756 2733 924 2802 οἶδας
952 2737 1138 2790 πόθεν
1167 2734 1422 2805 ἔρχεται,
1458 2735 1556 2788 καὶ
1604 2735 1719 2787 ποῦ

133 2829 380 2898 ὑπάγει.

215 2924 315 2988 Ὃς
341 2921 602 2987 ἐπάταξε
633 2922 704 2977 τὰ
735 2923 1080 2990 πρωτότοκα
1119 2922 1420 2990 Αἰγύπτου
1469 2921 1588 2976 ἀπὸ
1622 2921 1721 2975 ἀι·-

133 3012 378 3081 Θρὼπου
411 3013 520 3080 ἓως
540 3013 815 3080 κτήνους.
844 3012 952 3084 Τὴν
977 3012 1290 3067 τελευταίαν
1316 3013 1528 3084 πληγὴν
1556 3014 1716 3085 ἔθηκε

1826 1898 1940 1951 rius
1967 1898 2216 1952 ambiunt
2244 1901 2437 1964 maria,
2469 1916 2535 1954 ex
2567 1902 2764 1970 quibus
2810 1905 2982 1959 nubes
3026 1907 3229 1962 educit.
3267 1907 3401 1962 Ful-

1825 2007 1956 2059 gura
2003 1991 2058 2043 in
2100 1991 2329 2058 pluviam
2375 1993 2519 2061 fecit.
2564 1993 2677 2048 Hoc
2729 1996 2854 2050 item
2883 1998 3188 2068 symbolum
3235 1999 3399 2056 fuerit

1824 2081 2019 2136 divina:
2044 2083 2280 2150 virtutis,
2303 2086 2446 2154 quod
2477 2087 2530 2140 in
2552 2088 2740 2142 eodem
2772 2089 2892 2144 loco
2916 2090 3190 2161 fulgur-um
3219 2093 3395 2162 ignem

1824 2187 1948 2226 cum
1978 2190 2117 2243 aqua
2146 2175 2387 2230 misceat.
2422 2176 2525 2242 Qui
2555 2180 2799 2246 producit
2832 2194 3010 2236 ventos
3044 2183 3107 2237 de
3136 2184 3396 2238 thesauris

1822 2267 1955 2320 suis.
2005 2265 2105 2320 Per
2165 2269 2454 2323 thesauros
2496 2269 2736 2325 declarat
2791 2271 3395 2343 iucomprehensibilem

1826 2357 2139 2414 hominibus
2181 2375 2304 2415 esse
2343 2371 2629 2417 ventorum
2671 2372 2944 2422 naturam.
2987 2365 3175 2422 Simile
3211 2378 3394 2424 autem

1825 2449 1952 2504 huic
1979 2458 2062 2505 est
2092 2451 2224 2506 illud
2251 2451 2469 2506 Domini
2500 2454 2742 2509 dictum:
2768 2455 3004 2524 Spiritus
3027 2458 3117 2512 ubi
3150 2459 3257 2513 vult
3287 2463 3397 2530 spi-

1823 2548 1930 2604 rat,
1956 2549 2005 2592 et
2031 2557 2203 2594 vocem
2241 2542 2355 2611 ejus
2383 2543 2538 2596 audis
2566 2559 2584 2597 :
2613 2545 2704 2598 sed
2735 2546 2900 2600 nescis
2937 2548 3074 2602 unde
3101 2550 3270 2604 veniat
3301 2559 3395 2604 aut

1822 2645 1922 2698 quo
1949 2632 2105 2683 vadat
2137 2633 2201 2686 θ’.

1891 2910 1944 2965 8.
1981 2910 2083 2976 Qui
2128 2913 2382 2980 percussit
2427 2915 2777 2985 primogenita
2806 2915 3028 2988 Egypti
3075 2918 3140 2972 ab
3184 2919 3392 2974 homine

1822 3019 1984 3074 usque
2011 3003 2079 3055 ad
2110 3019 2283 3072 pecus.
2316 3002 2652 3059 Postremam
2693 3007 2905 3076 plagam
2937 3008 3169 3078 primam
3200 3011 3393 3065 ordine

132 3103 389 3174 πρώτην,
419 3105 540 3156 ἐπεὶ
579 3105 696 3175 μετ’
725 3105 895 3174 αὐτὴν
933 3105 1182 3170 ἐδέξαντο
1237 3106 1334 3176 τὴν
1380 3106 1710 3178 ἐλευθερίαν.

1835 3097 1994 3161 )οιιίι,
2023 3095 2152 3167 quia
2172 3103 2295 3165 post
2325 3095 2498 3165 ipsam
2522 3096 2768 3152 libertate
2792 3099 2976 3154 donati
3007 3110 3156 3155 sunt.
3183 3101 3391 3159 Pecora

128 3195 303 3264 Λέγει
324 3196 381 3248 δὲ
403 3197 497 3248 καὶ
523 3195 756 3266 κτηνῶν,
785 3194 972 3266 ἐπειδὴ
999 3194 1089 3248 διὰ
1115 3195 1207 3248 τὸν
1234 3195 1519 3268 ἄνθρωπον
1544 3194 1719 3249 ταῦτα

130 3287 454 3357 γεγένηται,
487 3289 580 3341 καὶ
607 3288 675 3340 δι’
709 3289 870 3343 αὐτὸν
912 3290 1006 3342 καὶ
1039 3289 1346 3354 κολάζεται.
1389 3290 1552 3342 Ὥστε
1583 3289 1718 3360 πρὸς

129 3376 366 3448 αὔξησιν
399 3377 562 3446 φόϐου
590 3377 866 3448 δειχθῆναι
897 3379 1155 3449 θεήλατον
1185 3379 1282 3450 τὴν
1310 3379 1544 3450 πληγήν.

212 3557 292 3611 Τὰ
333 3556 552 3610 εἴδωλα
591 3558 708 3611 τῶν
746 3559 936 3614 ἐθνῶν
972 3560 1255 3630 ἀργύριον
1298 3560 1396 3612 καὶ
1441 3560 1715 3627 χρυσίον,

130 3646 280 3714 ἔργα
305 3645 523 3714 χειρῶν
554 3647 900 3716 ἀνθρώπων.
948 3650 1106 3704 Μετὰ
1133 3650 1194 3702 τὸ
1235 3649 1405 3713 δεῖξαι
1435 3649 1532 3719 τὴν
1568 3649 1717 3701 θείαν

135 3739 398 3808 πρόνοιαν
448 3741 542 3792 καὶ
566 3739 935 3812 δοξολογῆσαι,
977 3742 1053 3805 ὡς
1087 3741 1167 3794 ἔτι
1201 3741 1406 3804 δούλοις
1451 3745 1562 3803 τοῖς
1612 3741 1719 3793 ἀπὸ

133 3828 244 3880 τῶν
281 3828 452 3881 ἐθνῶν
484 3829 686 3900 ἀρτίως
710 3831 1067 3902 προσελθοῦσι
1104 3830 1502 3902 διαλεγόμενος,
1541 3849 1717 3902 παρα--

133 3922 324 3975 ϐάλλει
353 3921 462 3975 τῶν
510 3923 646 3976 θεῶν
675 3916 748 3977 ὧν
779 3924 1005 3994 ἡγοῦντο
1033 3924 1199 3979 πάλαι
1227 3924 1316 3978 τὸν
1343 3924 1562 3995 ἔλεγχον
1589 3925 1718 3978 ἀκο-

131 4014 377 4077 λούθωςο
409 4015 485 4078 ὡς
517 4011 698 4068 εἶπεν
725 4017 854 4070 Ὅτι
903 4018 1018 4087 ἐγὼ
1041 4017 1292 4087 ἔγνωκα,
1335 4017 1427 4071 ὅτι
1462 4017 1650 4086 μέγας
1684 4021 1716 4069 ὀ

131 4099 380 4170 Κύριος,
415 4104 514 4156 καὶ
550 4107 583 4156 ό
628 4102 849 4173 Κύριος
883 4105 1054 4176 ἡμῶν
1094 4108 1252 4174 παρὰ
1300 4107 1530 4174 πάντας
1574 4109 1716 4173 τοὺς

134 4195 334 4258 θεούς.
387 4195 446 4246 Ὁ
480 4195 578 4264 μὲν
617 4196 723 4268 γὰρ
749 4197 984 4251 τοσαῦτα
1013 4197 1349 4253 καὶτοιαῦτα
1383 4201 1678 4270 πεποίηκεν
1699 4217 1712 4229 ·

134 4288 184 4340 οἱ
215 4287 276 4341 δὲ
317 4289 582 4361 πρότερον
630 4290 784 4360 ὑμῶν
825 4291 938 4344 θεολ⁵
973 4292 1132 4360 μόνον
1180 4291 1374 4347 εῐδωλα
1417 4293 1588 4364 νεκρὰ
1622 4293 1716 4346 καὶ

134 4382 318 4452 κωφὰ,
355 4377 436 4445 οἷς
471 4383 644 4452 ὅμοιοι
705 4383 944 4451 γένοιντο
979 4386 1028 4436 οἱ
1071 4383 1347 4448 ποιοῦντες
1380 4384 1534 4438 αὑτά.
1590 4385 1716 4448 Πῶς

1821 3197 2002 3241 autem
2029 3199 2314 3251 memorat,
2349 3186 2476 3257 quia
2510 3197 2727 3258 propter
2755 3188 3029 3245 hominem
3064 3191 3206 3248 facta
3235 3206 3387 3262 sunt,

1819 3284 1874 3330 et
1902 3286 2123 3346 propter
2160 3293 2283 3332 eum
2315 3280 2669 3350 castigantur,
2701 3277 2778 3335 ita
2816 3290 2876 3335 ut
2903 3297 2998 3352 per
3028 3295 3378 3355 augmentum

1819 3370 2047 3424 terroris
2081 3369 2343 3426 divinitus
2385 3369 2688 3426 immissam
2729 3370 2902 3428 fuisse
2931 3374 3144 3445 plagam
3178 3378 3390 3448 perspi-

1819 3476 1981 3515 cuum
2013 3461 2102 3514 sit.

1892 3555 1981 3609 15.
2009 3555 2311 3609 Simulacra
2345 3561 2578 3626 gentium
2601 3569 2874 3627 argentum
2903 3569 2953 3612 et
2983 3576 3197 3624 aurum,
3231 3578 3390 3630 opera

1819 3659 2075 3697 manuum
2122 3645 2414 3700 hominum.
2465 3645 2762 3717 Postquam
2807 3648 3048 3704 divinam
3099 3653 3390 3720 providen-

1821 3735 1957 3788 tiam
1999 3736 2239 3790 ostendit
2265 3745 2319 3791 et
2351 3735 2604 3791 laudibus
2636 3738 2956 3803 celebravit,
2990 3742 3242 3809 gentibus
3267 3757 3391 3811 quae

1820 3843 1994 3898 nuper
2013 3829 2080 3883 ad
2104 3828 2263 3882 ﬁdem
2295 3838 2666 3892 accesserunt,
2701 3831 2857 3899 quasi
2889 3833 3187 3887 etiamnum
3217 3837 3391 3890 servis

1819 3920 2067 3989 loquens,
2104 3918 2258 3973 aﬂ‘ert
2301 3919 2526 3974 deorum
2552 3935 2688 3990 quos
2715 3922 2842 3975 olim
2868 3923 3118 3978 colebant
3137 3925 3388 3980 confuta-

1817 4011 2042 4066 tionem.
2073 4008 2373 4079 Postquam
2396 4010 2568 4065 dixit:
2589 4011 2727 4076 Quia
2754 4028 2846 4081 ego
2866 4015 3080 4083 cognovi
3108 4016 3246 4083 quod
3275 4033 3389 4070 ma-

1817 4117 1947 4170 gnus
1970 4111 2046 4154 est
2077 4100 2355 4167 Dominus,
2385 4110 2436 4156 et
2469 4101 2609 4156 Deus
2641 4112 2818 4156 noster
2853 4121 2963 4173 pra:
2989 4106 3226 4159 omnibus
3258 4107 3385 4160 diis.

1816 4190 1934 4260 lpse
1963 4192 2108 4247 enim
2139 4200 2288 4246 tanta
2317 4191 2553 4262 taliaque
2577 4208 2738 4262 Opera
2762 4194 2963 4259 edidit;
2991 4193 3067 4248 illi
3101 4204 3278 4250 autem
3311 4200 3384 4252 dii

1817 4283 1948 4336 olim
1969 4283 2157 4350 vestri,
2191 4283 2369 4338 solum
2398 4283 2688 4338 simulacra
2715 4293 2873 4339 erant
2896 4295 3134 4350 mortua,
3163 4295 3216 4341 et
3243 4303 3384 4343 caeca

1818 4375 2018 4443 quibus
2044 4375 2252 4431 similes
2283 4375 2415 4431 ﬁant
2445 4376 2538 4446 qui
2569 4375 2777 4431 faciunt
2804 4392 2888 4431 ea.
2917 4377 3204 4442 Quomodo
3237 4381 3384 4434 enim

132 4476 242 4546 γὰρ
267 4477 317 4527 οἱ
347 4478 459 4538 τοῖς
502 4474 728 4544 ἀψύχοις
775 4475 1205 4547 προσκυνοῦντες
1239 4477 1337 4528 οὐκ
1369 4475 1708 4547 ἀπελιθώθη-

1835 4467 1911 4535 ιιιί
1941 4467 2237 4522 inanimata
2259 4467 2491 4522 adorant
2507 4483 2614 4522 non
2631 4469 2837 4539 lapides
2857 4471 3041 4525 animo
3058 4481 3186 4525 sunt
3203 4471 3386 4537 ?Quos

136 4581 236 4618 σαν
263 4562 366 4627 τὰς
388 4564 595 4634 ψυχὰς;
632 4564 723 4617 καὶ
769 4563 862 4628 οὓς
920 4564 1023 4637 ἔφη
1080 4566 1222 4620 κατὰ
1268 4566 1366 4636 τὴν
1424 4565 1711 4635 συνήθειαν

133 4654 342 4709 ἄνωθεν
373 4654 548 4718 θεοὺς,
579 4653 673 4707 νῦν
706 4656 1021 4726 ἐπαισχύνει
1050 4657 1144 4709 καὶ
1175 4656 1441 4727 κέκληκεν
1495 4656 1708 4723 εἴδωλα,

130 4745 438 4799 διασάλλων
465 4749 531 4817 τῇ
566 4762 624 4798 τε
655 4745 756 4818 ὕλῃ
787 4747 877 4799 καὶ
903 4750 969 4818 τῇ
1005 4747 1256 4818 ἐργασίᾳ.

652 4836 1020 4904 Ἀλληλούῖα.
1051 4839 1223 4892 ΡΛΕ¹.

217 4929 707 4998 Ἐξομολογεῖσθε
749 4928 827 4994 τῷ
851 4931 1044 4996 Κυρίῳ
1083 4929 1169 4981 ὅτι
1206 4929 1447 4999 ἀγαθὸς,
1492 4928 1581 4981 ὅτι
1623 4930 1712 4996 εὶς

129 5019 242 5074 τὸν
269 5018 456 5072 αἰῶνα
489 5019 553 5072 τὸ
572 5019 744 5084 ἔλεος
774 5017 978 5072 αὑτοῦ.

210 5110 296 5176 Τῷ
325 5111 735 5164 καταδιελόντι
763 5109 881 5178 τὴν
928 5111 1208 5179 Ἐρυθρὰν
1253 5111 1577 5167 θάλασσαν
1623 5115 1709 5178 εἶς

131 5201 472 5270 διαιρέσεις.
505 5203 678 5269 Λόγος
715 5202 939 5272 ἀρχαῖός
977 5219 1140 5273 φησιν
1203 5207 1281 5266 εὶς
1318 5203 1525 5257 δώδεκα
1570 5206 1712 5275 τμή-

133 5310 283 5362 ματα
314 5292 673 5362 διαιρεθεῖσαν
696 5294 796 5364 τὴν
823 5292 1118 5361 θάλασσαν,
1152 5296 1358 5366 ἑκάστῃ
1402 5295 1541 5366 φυλῇ
1581 5295 1709 5367 μίαν

127 5384 424 5439 ἀποδοῦναι
448 5384 584 5437 ὁδόν.

211 5475 297 5540 Τῷ
329 5475 667 5544 διαγαγόντι
699 5476 804 5530 τὸν
849 5477 1005 5532 λαὸν
1032 5481 1221 5534 αὐτοῦ
1261 5481 1332 5532 ἐν
1381 5479 1457 5550 τῇ
1490 5481 1708 5551 ἐρήμῳ.

125 5567 246 5621 Οὔκ
295 5565 524 5644 ἔλαττον
557 5567 654 5636 τῆς
700 5567 975 5639 θαλάσσης
1021 5570 1120 5640 τῆς
1150 5572 1355 5642 ἐρήμου
1385 5573 1445 5626 τὸ
1501 5573 1704 5644 θαῦμα.

193 5719 244 5755 ⁹¹
268 5716 428 5777 Joan.
470 5737 551 5788 Ill,
582 5721 616 5776 8

1813 4565 1994 4610 autem
2023 4559 2276 4628 superius
2305 4573 2372 4612 ex
2402 4560 2800 4614 consuetudine
2826 4561 2956 4615 deos
2981 4562 3212 4626 vocavit,
3240 4579 3385 4619 nttnc

1812 4646 2096 4702 confundit
2133 4656 2187 4703 et
2231 4651 2403 4704 vocat'
2424 4649 2588 4716 idola,
2627 4663 2681 4705 et
2728 4652 2965 4706 materiae
3003 4663 3056 4707 et
3079 4667 3259 4723 operae
3289 4669 3389 4708 ex-

1811 4739 2094 4807 probrans.
3261 4729 3263 4732 θ

2307 4831 2558 4887 Alleluia.
2592 4832 2795 4887 CXXX
2810 4833 2872 4889 V.

1885 4920 1934 4972 1.
1971 4919 2306 4990 Conﬁtemini
2351 4919 2576 4977 Domino
2620 4928 2868 4995 quoniam
2921 4928 3107 4995 bonus,
3133 4947 3383 5000 quoniam

1813 5011 1870 5064 in
1895 5013 2145 5066 saculum
2177 5017 2536 5070 misericordia
2563 5018 2698 5086 ejus.

1887 5106 1970 5158 15.
2001 5104 2105 5168 Qui
2153 5107 2331 5160 divisit
2362 5123 2506 5162 mare
2531 5107 2766 5163 Rubrum
2802 5112 2857 5164 in
2895 5095 3196 5167 divisiones.
3229 5101 3386 5168 Anti-

1815 5210 1924 5264 quo
1953 5211 2205 5250 sermone
2235 5197 2406 5252 fertur
2433 5205 2486 5253 in
2519 5201 2803 5257 duodecim
2851 5205 3120 5260 sectiones
3148 5205 3381 5258 divisum

1816 5285 1987 5339 fuisse
2034 5301 2206 5353 mare,
2240 5297 2297 5342 ut
2347 5289 2575 5358 singulis
2625 5293 2874 5349 tribubus
2906 5296 3132 5365 singula:
3160 5295 3258 5348 via:
3286 5296 3382 5348 da-

1817 5387 2020 5430 rentur.
3173 5366 3176 5369 ’

1882 5469 1967 5522 16.
1998 5468 2102 5533 Qui
2124 5470 2362 5524 traduxit
2386 5475 2634 5543 populum
2659 5492 2810 5528 suum
2835 5493 2926 5545 per
2949 5477 3228 5529 desertum.
3259 5474 3377 5531 Non

1814 5558 1996 5616 minus
2033 5561 2354 5618 miraculum
2392 5565 2444 5619 in
2473 5566 2686 5622 deserto
2716 5582 2876 5637 quam
2913 5569 2966 5622 in
3001 5571 3132 5621 mari
3169 5554 3377 5622 editum
