3880 6216
475 303 586 382 δετ

1321 319 1376 372 s.
1419 295 1788 372 ATHANASH
1823 317 1970 372 OPP.
2015 317 2193 372 PARS
2229 317 2315 372 Ill.
2355 349 2425 358 —
2463 308 2874 373 EXEGETICA.

3618 318 3735 375 5'28

474 420 577 492 est.
609 435 776 491 Multa
818 435 1016 505 quippe
1060 441 1214 488 erant
1243 405 1632 502 quaemortem
1670 434 2039 501 minabanzur,

2167 435 2321 488 Ιολλά
2350 435 2458 505 γὰρ
2487 437 2556 488 τά
2591 435 2815 488 θάνατον
2850 433 3173 487 ἀπειλοῦντα
3194 474 3208 499 ,
3255 435 3429 504 λιμὸς,
3485 435 3732 506 αὐχμὸς.

476 528 868 593 fa'r'nes,aestus,
893 526 1031 588 sitis,
1053 524 1284 578 ferarum
1309 525 1617 589 multitudo,
1637 526 2046 579 commodorum

476 619 725 673 omnium
798 616 1116 685 indigentia.
1163 613 1240 668 Illi
1291 631 1420 671 vero
1465 617 1680 670 nemine
1726 616 2064 685 perterrefa-'

476 711 806 786 cienteiter
855 708 1104 778 agebant.
1149 707 1229 762 Ex
1276 707 1489 763 duobus
1526 717 1706 762 autem
1733 707 2048 763 fortissimis

476 787 727 874 regibus,
758 802 850 871 qui
885 801 952 855 de
997 787 1192 855 robore
1238 809 1292 854 et
1323 800 1697 871 magnitudine
1735 800 2043 870 gloriaban-

478 905 586 959 tur,
607 891 852 946 liberavit
880 906 993 946 eos.
1020 890 1097 944 Ex
1122 892 1320 960 quibus
1341 890 1420 960 0g
1446 905 1640 945 novem
1671 890 2045 960 longitudinis,

476 987 718 1056 quinque
745 983 1047 1038 latitudinis
1078 984 1288 1039 cubitos
1329 985 1586 1050 habebat,
1618 993 1671 1038 et
1705 984 1844 1039 lecto
1872 983 2048 1038 ferreo

479 1077 752 1130 utebatur.

547 1168 633 1220 l9.
657 1165 825 1222 Sehon
843 1182 1011 1235 regem
1026 1164 1471 1231 Antorrltworum,
1489 1171 1592 1219 etc.
1609 1161 1728 1219 Non
1748 1165 1865 1220 sine
1884 1181 2049 1221 causa

477 1254 598 1311 aliis
628 1257 849 1312 omissis
896 1256 998 1311 hos
1046 1256 1366 1310 memoravit
1404 1253 1579 1324 reges,
1612 1257 1707 1311 sed
1756 1265 1816 1311 ut
1851 1258 2048 1326 populo

478 1351 532 1426 in
557 1358 791 1404 mentem
810 1357 1084 1429 revocaret
1104 1347 1365 1402 divinitus
1383 1363 1700 1403 concessam
1733 1350 2061 1402 victoriam.

479 1442 613 1496 Nam
636 1431 702 1497 de
723 1428 1053 1512 robOré'ipsi
1071 1429 1124 1496 et
1151 1428 1397 1510 potentia
1413 1433 1476 1494 'et
1504 1441 1754 1511 corporis
1777 1432 1920 1494 mele
1942 1440 2049 1510 glo-

480 1533 777 1588 riabantur.
824 1537 846 1546 "
927 1535 979 1545 "
1059 1531 1064 1540 ’
1465 1529 1471 1538 ’
1608 1539 1612 1544 ’
1758 1533 1762 1544 ³
2041 1519 2052 1544 ⁵

546 1627 635 1679 25.
669 1623 809 1690 Quia
833 1624 907 1688 in
943 1623 1238 1676 humilitate
1273 1613 1455 1676 nostra
1501 1638 1699 1676 memor
1745 1622 1846 1691 fuit
1883 1622 2048 1674 nostri

480 1701 906 1770 Dominum-Hinc
934 1701 1098 1770 verba
1124 1735 1137 1768 :
1167 1704 1303 1779 Quia
1329 1709 1386 1766 in
1410 1714 1708 1767 humilitate
1735 1723 1916 1767 nostra
1942 1730 2048 1766 me-

478 1822 593 1860 mor
617 1805 718 1875 fuit
742 1799 926 1858 nostri
962 1805 1240 1869 Dominus,
1268 1795 1445 1874 aptius
1488 1803 1818 1858 conveniunt
1863 1803 1928 1856 iis
1956 1804 2047 1872 qui
2080 1783 2123 1837 Β

478 1896 507 1950 ai
538 1896 802 1967 spirituali
835 1891 966 1951 'sive
1006 1897 1249 1951 "sensibili
1293 1895 1604 1965 captivitate
1641 1893 1856 1948 liberati
1898 1903 2046 1949 sunt.

547 2081 731 2148 25,26.
757 2080 862 2147 Qui
886 2080 978 2135 dat
1022 2098 1194 2135 escam
1217 2083 1359 2134 omni
1385 2081 1556 2136 carni.
1586 2079 1703 2135 Non
1735 2081 1881 2135 enim
1929 2081 2051 2150 pios

478 2163 688 2250 tantum
733 2176 1000 2244 benignus
1047 2174 1190 2229 Deus
1225 2182 1401 2240 curat,
1444 2173 1538 2228 sed
1571 2173 1734 2228 etiam
1775 2189 1951 2243 usque
1983 2173 2051 2228 ad

479 2257 640 2323 bruta
656 2253 952 2322 animantia
974 2285 987 2321 :
1006 2257 1087 2320 ita
1111 2275 1171 2321 ut
1193 2273 1580 2336 congruentem
1608 2254 1839 2335 singulis
1867 2265 2051 2318 cibum

478 2347 773 2427 dispenset,
804 2365 855 2411 et
876 2341 1286 2426 “providentiam
1318 2371 1473 2409 suam
1524 2357 1781 2410 extendat
1825 2371 1855 2408 a
1884 2357 2052 2408 mira-

477 2449 679 2504 bilibus
715 2438 848 2504 coeli
883 2443 1059 2517 usque
1109 2448 1174 2501 ad
1222 2447 1487 2501 vilissima
1537 2455 1724 2511 teme;
1767 2456 1821 2500 et
1853 2447 2053 2500 exhinc

480 2537 1023 2608 rursum'ad'uSqu'c
1049 2539 1265 2594 ‘cozlum
1308 2535 1676 2608 progreditur.
1712 2536 1892 2603 Quare
1931 2546 2053 2606 post

480 2631 642 2694 illud,
685 2632 827 2684 omni
874 2631 1055 2695 carni,
1106 2629 1290 2701 adjicit
1329 2647 1341 2679 :
1386 2629 1723 2698 Con/itemini
1760 2627 1866 2680 Deo
1914 2627 2056 2681 caeli.

479 2722 613 2778 Nam
651 2723 772 2777 licet
798 2723 1046 2776 omnium
1093 2720 1164 2776 sit
1194 2719 1395 2791 opifex,
1435 2736 1531 2789 per
1567 2720 1946 2774 excellentiam
1973 2728 2055 2772 ta-

481 2831 605 2884 men
634 2813 777 2896 Deus
811 2814 935 2888 cteli
961 2813 1181 2897 dicitur,
1209 2827 1398 2890 eorum
1429 2811 1529 2886 qui
1556 2810 1720 2865 isthic
1749 2810 1951 2879 degunt
1974 2808 2056 2862 fa-

481 2886 689 2960 mulatu
721 2886 920 2960 cultus.
955 2886 1238 2974 Siquidem
1272 2886 1427 2957 locus
1455 2901 1545 2956 ille
1571 2915 1602 2955 a
1630 2910 1854 2971 peccato
1883 2889 2055 2970 purus

481 2997 536 3053 ἐι
561 2991 899 3052 vacuus'est.
931 3003 934 3010 θ
1038 2995 1046 3006 ’
1232 3005 1237 3013 ”

495 3085 500 3090 ’
604 3089 796 3144 Davidi
819 3104 910 3159 per
936 3084 1240 3140 Jeremiam.
1268 3081 1608 3138 PSALMUS
1634 3081 1945 3138 CXXXVI.

554 3177 818 3249 1.‘Super
845 3177 1069 3247 ﬂumina
1104 3175 1394 3246 Babylonis
1429 3175 1540 3228 illic
1565 3174 1793 3228 sedimus
1827 3184 1872 3227 et
1907 3173 2056 3244 ﬂevi-

485 3279 625 3326 mus.
675 3269 909 3324 Docetur
957 3269 1048 3324 hic
1100 3266 1346 3321 futurum
1400 3274 1460 3320 ut
1510 3265 1550 3318 ii
1597 3263 1691 3334 qui
1725 3264 1910 3318 multis
1937 3272 2058 3334 post

487 3366 644 3418 annis
683 3363 744 3415 in
788 3359 1064 3431 Babylone
1107 3364 1328 3428 propter
1368 3356 1713 3426 iniquitatem
1760 3355 2057 3410 habitaturi

484 3464 660 3525 erant,
695 3453 888 3510 flerent
915 3460 966 3508 ct
998 3451 1146 3506 anxii
1185 3459 1390 3516 essent,
1423 3449 1703 3518 cupientes
1737 3448 1879 3502 bona
1905 3463 2057 3517 repe-'

486 3538 780 3602 magna...
828 3537 848 3550 ..
926 3532 933 3546 ι
1007 3537 1105 3549 ..
1307 3543 1309 3545 .
1437 3542 1443 3549 .
1511 3545 1520 3551 ,
1629 3542 1636 3547 .

553 3639 607 3693 5.
643 3635 703 3691 Si
733 3635 927 3690 oblitus
967 3633 1113 3704 fuero
1141 3633 1240 3700 tui,
1273 3629 1595 3697 Jerusalem,
1630 3631 1880 3685 oblivioni
1905 3631 2058 3684 detur

483 3726 700 3786 dexlera
733 3744 868 3781 mea.
902 3725 1141 3792 Scilicet,
1189 3741 1257 3780 ne
1303 3739 1599 3795 supernum
1620 3723 1897 3778 auxilium
1926 3738 2056 3778 con-

484 3821 699 3894 sequar;
762 3821 766 3826 ’
1393 3830 1398 3833 “
1614 3830 1619 3838 ’

552 3915 606 3970 6.
654 3913 935 3967 Adhwreat
983 3910 1168 3979 lingua
1208 3926 1324 3962 mea
1371 3907 1614 3977 faucibus
1645 3907 1810 3970 meis,
1853 3906 1901 3960 si
1951 3920 2056 3958 non

483 4005 764 4060 meminero
809 4004 909 4058 tui.
959 4000 1092 4067 Quae
1137 4000 1282 4055 enim
1330 3998 1536 4052 utilitas
1581 3996 1933 4051 instrumenti
1987 3994 2055 4048 ad

483 4110 790 4151 sermonem
827 4091 1082 4146 destinati
1127 4090 1174 4145 si
1221 4087 1298 4143 ad‘
1331 4087 1566 4143 ollicium
1598 4102 1705 4140 non
1735 4083 2057 4139 moveatur?

482 4185 846 4254 Quamobrem
880 4183 1024 4238 beati
1065 4181 1166 4236 viri
1199 4196 1292 4250 per
1339 4188 1508 4233 totam
1551 4178 1713 4231 vitam
1743 4177 1810 4231 de
1840 4175 2056 4246 hymnis

476 4275 814 4334 celebrandis
841 4287 1027 4328 curam
1075 4271 1313 4324 habuere
1353 4269 1592 4322 dicentes
1625 4283 1638 4318 :
1674 4265 1915 4342 Cantqbo
1946 4266 2056 4319 Do-

483 4369 622 4421 mino
645 4367 700 4419 in
730 4366 838 4418 vita
864 4380 981 4417 mea
1002 4361 1070 4418 °’.-
1095 4361 1226 4415 Erat
1254 4370 1433 4415 autem
1464 4359 1570 4414 illis
1592 4359 1894 4413 veneranda
1922 4358 2055 4412 civi-

2147 525 2294 594 δίεξια,
2330 526 2530 596 πλῆθος
2581 525 2816 597 Θηρίων,
2854 527 3108 578 ἁπάντων
3144 526 3466 596 ἐπιτηδείων
3514 529 3548 598 ἡ
3596 530 3733 598 ἐρη-

2151 619 2268 688 μία.
2298 617 2441 669 Οἱδέ
2470 617 2706 687 μηδενὸς
2734 617 3024 686 φοϐοῦντος
3073 615 3339 681 ἐϐάδιζον.
3390 619 3483 671 Ἐκ
3529 619 3590 672 δὲ
3628 619 3730 672 δύο

2147 709 2383 762 δυνατῶν
2408 712 2501 762 καὶ
2535 708 2878 778 βασιλέων,οἳ
2901 710 2989 761 ἐπὶ
3023 707 3182 780 ῥώμῃ
3197 709 3290 762 καὶ
3310 709 3598 780 δυναστείᾳ
3630 710 3732 762 καὶ

2152 795 2367 874 μεγέθει
2391 801 2637 873 σώματος
2660 788 3032 870 ἐσεμνύνοντο,
3064 801 3331 872 ἐρρύσατο
3371 802 3589 864 αὐτούς.
3623 803 3734 870 Ὢγ

2149 893 2341 964 πηχῶν
2371 893 2506 963 ἔχων
2537 891 2691 945 ἐννέα
2724 891 2786 943 τὸ
2820 892 3011 961 μῆκος,
3044 891 3137 944 καὶ
3171 891 3332 944 πέντε
3367 892 3428 944 τὸ
3472 891 3681 954 πλάτος
3713 932 3732 956 ,

2149 987 2244 1039 καὶ
2283 987 2504 1058 σιδηρᾶν
2535 980 2647 1054 εἶχε
2681 984 2778 1055 τὴν
2808 983 3019 1054 κλίνην.

2225 1169 2334 1223 Τὸν
2354 1166 2525 1234 Σηὼν
2555 1165 2820 1232 βασιλέα
2840 1164 2958 1218 τῶν
2983 1165 3364 1233 Ἀμορῤαίων.
3395 1164 3508 1235 Οὐχ
3533 1165 3732 1227 ἁπλῶς

2147 1262 2204 1314 δὲ
2228 1263 2351 1324 τοὺς
2382 1257 2949 1330 ἄλλουςπαραλείπων
2981 1255 3237 1326 βασιλέας
3280 1255 3484 1308 τούτων
3531 1257 3728 1326 διαφε-

2152 1351 2349 1421 ρόντως
2381 1349 2646 1420 ἐμνήσθη,
2679 1348 2824 1402 ⁴όιλλά
2860 1347 2950 1400 τὸν
2985 1347 3111 1399 λαὸν
3152 1348 3249 1417 τῆς
3288 1347 3531 1400 θεοδότου
3568 1349 3732 1419 νίκης

2148 1441 2604 1514 ἀναμιμνήσκων.
2648 1441 2770 1494 Ἐπὶ
2800 1439 2959 1512 ῥώμῃ
2990 1439 3100 1511 γὰρ
3123 1433 3267 1492 οὗτοι
3299 1441 3391 1493 καὶ
3431 1439 3732 1509 δυναστείᾳ

2149 1534 2244 1590 καὶ
2275 1535 2492 1605 μεγέθει
2520 1533 2769 1605 σώματος
2803 1530 3178 1602 ἐσεμνύνοντο.

2220 1629 2348 1680 ’Ὅτι
2374 1628 2443 1680 ἐν
2466 1626 2540 1694 τῇ
2564 1622 2913 1678 ταπεινώσει
2945 1621 3112 1691 ἡμῶν
3151 1619 3424 1690 ἐμνήσθη
3473 1620 3649 1688 ἡμῶν
3699 1623 3732 1672 ὁ

2149 1720 2380 1787 Κϋριος.
2408 1718 2576 1771 Πλέον
2605 1717 2835 1788 ἁρμόσει
2861 1717 2888 1768 ό
2917 1714 3074 1784 λόγος
3107 1716 3136 1767 6
3175 1714 3368 1782 λέγων,
3402 1714 3533 1766 Ὅτι
3558 1714 3630 1764 ἐν
3655 1711 3734 1779 τῇ

2151 1809 2502 1864 ταπεινώσει
2523 1808 2692 1877 ἡμῶν
2725 1806 2996 1876 ἐμνήσθη
3050 1805 3276 1874 ημῶν-ὀ
3321 1804 3565 1873 Κύριος,
3618 1806 3733 1866 τοῖς

2151 1903 2247 1972 τῆς
2269 1901 2464 1972 νοητῆς
2493 1899 2732 1963 δουλείας
2761 1896 3176 1965 ἀπαλλαγεῖσιν,
3221 1896 3362 1966 ἦτοι,
3404 1895 3504 1964 τῆς
3535 1894 3735 1966 αἰσθη-

2151 2011 2271 2063 της.

2232 2086 2286 2138 Ὁ
2320 2083 2522 2148 διδοὺς
2548 2081 2778 2151 τροφὴν
2812 2080 2979 2149 πάσῃ
3031 2081 3236 2149 σαρκί.
3290 2079 3364 2133 Οὐ
3417 2079 3530 2150 γάρ
3565 2079 3734 2150 μέχρι

2151 2177 2258 2230 τῶν
2289 2174 2653 2228 εὐσεϐούντων
2684 2175 2716 2244 ἡ
2743 2172 2835 2226 τοῦ
2871 2173 3250 2244 φιλανθρώπου
3308 2171 3445 2225 Θεοῦ
3493 2173 3733 2243 κηδεμο-

2153 2270 2260 2332 νία,
2295 2268 2430 2322 ἀλλά
2463 2267 2554 2320 καὶ
2589 2269 2749 2338 μέχρι
2774 2266 2880 2318 τῶν
2911 2265 3140 2334 ἀλόγων,
3183 2264 3258 2329 ὡς
3286 2265 3501 2335 ἑκάστῳ
3529 2266 3733 2318 κατάλ-

2153 2360 2313 2433 ληλον
2341 2360 2537 2413 διδόναι
2585 2358 2812 2430 τροφὴν,
2857 2357 3191 2410 ἐκτείνεσθαί
3238 2375 3298 2410 τε
3341 2358 3439 2427 τὴν
3471 2360 3735 2428 πρόνοιαν

2153 2450 2260 2504 ἀπὸ
2279 2449 2385 2502 τῶν
2413 2451 2532 2502 κατ’
2560 2448 2784 2519 οὐρανὸν
2833 2446 3125 2516 θαυμάτων
3161 2447 3321 2518 μέχρι
3351 2447 3460 2498 τῶν
3506 2448 3600 2498 ἐπὶ
3631 2448 3732 2517 γῆς

2156 2540 2530 2613 σμικροτάτων
2547 2556 2559 2568 ·
2593 2536 2842 2589 ἐντεῦθεν
2867 2536 2925 2589 δὲ
2951 2537 3111 2590 πάλιν
3157 2537 3342 2607 διῆκεν
3371 2539 3449 2600 είς
3476 2539 3726 2608 οὐρανόν.

2153 2633 2242 2685 Διὸ
2291 2630 2430 2700 μετά
2456 2630 2534 2694 τὸ,
2574 2628 2739 2697 πάσῃ
2783 2627 2982 2696 σαρκὶ,
3029 2630 3385 2699 ἐπενήνοχενο
3417 2629 3731 2698 Ἐξομολο-

2152 2723 2362 2793 τεῖσθει
2382 2720 2468 2786 τῷ
2494 2719 2616 2784 Θεῷ
2647 2719 2752 2777 τοῦ
2780 2719 3060 2787 οὐρανοῦ.
3093 2720 3204 2772 Καὶ
3230 2721 3444 2773 πάντων
3465 2719 3542 2771 ὣν
3575 2738 3731 2791 ποιηυ

2151 2815 2251 2885 τὴς
2283 2855 2297 2881 ,
2334 2812 2564 2885 ούρανοῦ
2590 2811 2709 2864 κατ’
2743 2811 3017 2882 ἐξαίρετον
3061 2812 3386 2882 χρηματίζει
3413 2811 3548 2874 Θεὸς
3578 2851 3592 2875 ,
3629 2812 3736 2864 ὑπὸ

2151 2908 2261 2961 τῶν
2290 2896 2406 2960 ἐκεῖ
2449 2903 2818 2974 διαιτωμένων
2848 2903 3304 2974 θεραπευόμενος.
3340 2903 3596 2974 Καθαρὸν
3622 2903 3732 2973 γὰρ

2156 3001 2430 3074 ἁμαρτίας
2455 2999 2571 3052 ἐστὶ
2604 2996 2821 3068 χωρίον.

2303 3091 2386 3158 Τῷ
2401 3090 2580 3145 Δαυῒδ
2612 3091 2708 3144 διὰ
2724 3091 3024 3160 Ἰερεμίου.
3059 3091 3368 3142 ΨΑΛΜΟΣ
3393 3091 3588 3155 ΡΛζῖν.

2230 3183 2357 3235 Ἐπὶ
2376 3181 2494 3235 τῶν
2514 3180 2794 3250 ποταμῶν
2814 3179 3174 3244 Βαϐυλῶνος
3204 3178 3330 3230 ἐκεῖ
3361 3179 3734 3247 ἐκαθίσαμεν

2156 3277 2253 3330 καὶ
2298 3276 2700 3344 ἐκλαύσαμεν.
2760 3275 3010 3327 Διδάσκει
3056 3273 3084 3325 6
3137 3271 3293 3339 λόγος
3344 3272 3470 3333 τοὺς
3517 3271 3732 3334 πολλοῖς

2158 3368 2379 3442 ὕστερον
2403 3368 2612 3440 χρόνοις
2643 3367 2932 3438 ἐσομένους
2954 3368 3011 3419 ἐν
3043 3363 3324 3418 Βαϐυλῶνι
3356 3363 3444 3417 διὰ
3481 3365 3581 3434 τὴν
3609 3367 3732 3418 ἀνο-

2160 3456 2285 3527 μίαν
2314 3456 2537 3521 κλαίειν,
2591 3456 2899 3527 ἀδημονεῖν,
2946 3453 3336 3522 ἐπιζητοῦντας
3366 3454 3474 3508 τῶν
3514 3455 3734 3507 οἰκείων

2156 3546 2376 3615 ἀγαθῶν
2409 3547 2508 3618 τὴν
2533 3547 2823 3618 ἀπόληψιν.
2872 3544 2876 3549 ’
2990 3542 2998 3546 ’

2226 3637 2363 3691 Ἐὰν
2384 3639 2748 3708 ἐπιλάθωμαι
2780 3654 2917 3701 σου,
2943 3637 3349 3708 Ἰερουσαλὴμ,
3375 3639 3730 3705 ἐπιλησθείη

2154 3731 2193 3798 ἡ
2226 3728 2392 3794 δεξιά
2402 3732 2727 3800 μου.¹Ήτοι,
2755 3730 2830 3801 μὴ
2846 3729 3062 3802 τύχοιμι
3094 3731 3191 3801 τῆς
3224 3729 3426 3784 ἄνωθεν
3454 3729 3730 3799 βοηθείας.

2224 3908 2558 3976 Κολληθείη
2587 3908 2624 3974 ἠ
2653 3905 2901 3978 γλῶσσά
2921 3924 3041 3976 μου
3072 3904 3153 3970 τῷ
3175 3905 3431 3974 λάρυγγί
3457 3923 3599 3970 μου,
3626 3905 3735 3958 ἐὰν

2149 3998 2234 4068 μή
2289 4013 2406 4052 σου
2454 3995 2726 4068 μνησθῶ.
2765 3997 2829 4049 Τί
2875 3996 2982 4067 γὰρ
3029 3995 3220 4063 ὄφελος
3264 3994 3538 4067 ἐρρῶσθαι
3571 3995 3732 4063 λόγου

2155 4092 2417 4162 ὄργανον,
2451 4090 2584 4161 πρὸς
2627 4090 2686 4142 τὸ
2729 4090 2845 4142 δέον
2889 4090 2960 4159 μὴ
2992 4088 3346 4158 κρουόμενον;
3377 4087 3467 4138 Διὸ
3507 4089 3601 4140 καὶ
3633 4088 3734 4159 τὴν

2156 4183 2299 4252 ζωὴν
2333 4182 2543 4253 ἃπασαν
2565 4183 2614 4233 oi
2641 4181 2895 4252 μακάριοι
2922 4179 3110 4250 ἄνδρες
3139 4182 3204 4250 τῇ
3231 4181 3357 4249 περὶ
3377 4181 3503 4242 τοὺς
3531 4179 3733 4249 ὕμνους

2156 4275 2222 4328 ἂν
2263 4271 2401 4345 ἦσαν
2445 4273 2682 4345 φροντίδι
2725 4273 2994 4341 λέγοντες·
3030 4273 3192 4341 ’ᾼσω
3223 4271 3303 4335 τῷ
3335 4271 3532 4338 Κυρίῳ
3557 4271 3629 4323 ἐν
3657 4270 3733 4339 τῇ

2156 4364 2267 4431 ζωῇ
2295 4382 2434 4432 μου.
2460 4361 2568 4418 ’Ἤν
2595 4363 2650 4415 δὲ
2686 4364 2718 4434 ἡ
2749 4363 2898 4425 πόλις
2931 4364 3112 4425 αὐτοῖς
3141 4362 3296 4432 τιμία
3327 4361 3415 4414 διὰ
3441 4362 3541 4432 τὴν
3576 4361 3734 4414 θείαν

479 4467 564 4512 tas
589 4457 658 4510 ob
683 4457 923 4512 divinum
951 4455 1180 4520 cultum,
1212 4463 1270 4507 ut
1295 4461 1419 4507 ante
1445 4453 1649 4506 dictum
1672 4460 1754 4507 est
1782 4471 1796 4506 :
1828 4451 2054 4522 Propter

2167 4457 2440 4527 λατρείαν,
2483 4455 2559 4518 ὡς
2605 4455 2928 4525 προείρηται
2972 4455 3076 4515 1:6,-
3102 4455 3318 4507 Ἕνεκα
3356 4455 3579 4521 Κυρίου
3623 4455 3735 4508 τοῦ

478 4551 692 4603 domum
725 4547 940 4603 Domini
972 4548 1070 4602 Dei
1098 4547 1264 4601 nostri
1294 4545 1510 4616 quwsivi
1537 4543 1669 4597 bona
1695 4544 1808 4597 tibi.

481 4643 488 4647 ’
551 4638 742 4696 Sinon
776 4641 1092 4712 proposuero
1131 4639 1430 4693 Jerusalem
1475 4637 1529 4690 iit
1559 4637 1821 4706 principio
1849 4636 2053 4690 laetitia

481 4751 629 4789 mete.
665 4733 860 4797 Tuam,
892 4734 1087 4804 inquit,
1136 4731 1458 4787 memoriam
1505 4729 1652 4784 omni
1688 4729 1883 4782 laetitiae
1915 4745 2053 4797 praei

479 4838 703 4894 ponam.
728 4826 804 4877 lta
833 4825 974 4877 enim
1003 4824 1267 4893 contingit
1298 4819 1355 4878 ut
1387 4807 1609 4893 reliquae
1641 4826 1829 4875 omnes
1857 4819 2052 4873 laetitiae

480 4908 637 4970 bona:
669 4909 795 4970 sint.
835 4914 1096 4971 Dominus
1145 4916 1270 4970 item
1316 4929 1504 4970 sacros
1529 4914 1677 4968 cibos
1709 4919 1831 4964 ante
1861 4925 2052 4980 corpo-

479 5008 621 5064 rales
651 5006 879 5062 inducit.

505 5212 507 5215 ·
548 5192 600 5244 7.
633 5189 840 5244 Memor
868 5201 998 5253 esto,
1030 5189 1268 5255 Domine,
1293 5190 1527 5259 ﬁliorum
1570 5189 1759 5254 Edom,
1786 5198 1890 5243 etc.
1925 5185 2049 5241 Filii

475 5282 646 5338 Edom
675 5283 742 5337 ab
763 5282 907 5338 Esau
934 5283 1177 5344 Idumaei,
1205 5284 1296 5352 qui
1324 5294 1479 5353 capta
1507 5281 1828 5345 Jerusalem,
1855 5280 2048 5334 acerbe

477 5375 832 5440 insultabant,
883 5375 1054 5430 donec
1083 5390 1199 5428 eam
1230 5391 1261 5428 a
1301 5374 1669 5429 fundamentis
1696 5373 1931 5428 dirutam
1965 5372 2046 5426 vi-

475 5457 676 5545 derint.

541 5547 601 5610 ’8.
629 5555 773 5609 Filia
797 5556 1083 5626 Babylonis
1107 5558 1319 5613 misera.
1352 5555 1710 5630 Propheticus
1734 5568 1817 5615 est
1845 5573 2045 5625 sermo,

545 5709 591 5741 ⁸³
615 5707 759 5764 Psal.
790 5725 908 5775 cm,
940 5712 1030 5766 23.

2157 4547 2304 4601 Θεοῦ
2327 4547 2494 4616 ημῶν
2520 4544 2848 4614 ἐξεζήτησα
2876 4543 3066 4615 ἀγαθά
3098 4560 3217 4597 σοι.

2235 4639 2370 4691 Ἐὰν
2406 4637 2492 4706 μὴ
2535 4636 3028 4706 προανατάξωμαι
3066 4635 3180 4702 τὴν
3227 4634 3621 4703 Ἰερουσαλὴμ
3653 4636 3734 4702 ὡς

2151 4729 2222 4782 ἐν
2241 4728 2398 4798 ἀρχῇ
2429 4728 2538 4795 τῆς
2559 4730 2939 4796 εὐφροσύνης
2958 4745 3098 4797 μου.
3121 4727 3232 4798 Τὴν
3262 4727 3378 4797 σὴν,
3408 4728 3564 4797 φησὶ,
3598 4731 3734 4800 μνή-

2156 4841 2261 4892 μην
2291 4823 2470 4891 πάσης
2504 4821 2840 4892 εὑφροσύνης
2869 4819 3142 4891 προτάξω.
3187 4818 3422 4888 Ἀγαθάς
3453 4819 3563 4891 γὰρ
3589 4822 3734 4874 οὕτω

2152 4915 2244 4966 καὶ
2274 4914 2372 4976 τὰς
2394 4913 2584 4976 λοιπάς
2614 4915 2744 4984 ἡμῖν
2773 4912 3107 4981 εὐφροσύνας
3136 4911 3385 4979 γενέσθαι
3415 4913 3728 4982 συμϐαίνει.

2150 5005 2260 5057 Καὶ
2291 5006 2320 5056 ὁ
2346 5003 2549 5075 Κύριος
2580 5003 2637 5056 δὲ
2669 5003 2768 5066 τὰς
2797 5003 2949 5074 ἱερὰς
2979 5002 3186 5074 τροφάς
3211 5003 3316 5074 πρὸ
3344 5003 3456 5056 τῶν
3481 5020 3730 5074 σωματι-

2150 5095 2261 5149 κῶν
2286 5098 2600 5166 εἰσηγεῖται.

2220 5186 2564 5254 Μνήσθητι,
2613 5189 2829 5253 Κυριε,
2882 5184 3001 5238 τῶν
3045 5184 3192 5239 υἱῶν
3248 5185 3450 5255 Ἐδὼμ.
3509 5189 3573 5240 Οῐ
3626 5189 3734 5242 υἱοὶ

2164 5277 2340 5350 Ἐδὼμ
2371 5280 2418 5330 oi
2451 5278 2557 5332 ἀπὸ
2595 5277 2764 5330 Ἦσαῦ
2805 5277 3109 5347 Ἰδουμαῖοι,
3160 5278 3207 5330 οἳ
3242 5279 3334 5330 καὶ⁸
3366 5277 3604 5349 ἀλούσης
3633 5281 3732 5348 τῆς

2162 5370 2513 5442 Ἰερουσαλὴμ
2553 5369 2881 5439 ἐπέμϐαινον
2928 5368 3176 5440 πικρῶς,
3223 5370 3327 5432 ἓως
3358 5371 3424 5422 ἐκ
3463 5369 3732 5440 θεμελίων

2149 5464 2319 5534 αὐτὴν
2351 5462 2796 5516 ἀνασπασθεῖσαν
2825 5462 3088 5530 ἔγνωσαν.

2223 5551 2491 5623 Θυγάτηρ
2517 5551 2875 5618 Βαϐυλῶνος
2902 5553 2939 5619 ἡ
2961 5553 3354 5621 ταλαίπωρος.
3383 5553 3733 5623 Προφητικδς
