3880 6216
158 300 267 356 5‘19

1187 301 1552 358 EXPOSlTlO
1589 303 1656 356 ΙΝ
1694 305 2020 364 PSALMUM
2061 309 2426 370 CXXXVIllu

3318 320 3427 376 5'50

154 416 186 468 ὁ
217 415 378 484 λόγος
403 415 652 478 κάκεῖνος
697 417 793 487 τῆς
828 416 1144 481 Βαϐυλῶνος
1180 419 1434 489 σημαίνει
1475 421 1572 491 τὴν
1606 423 1733 492 πόρ-

1852 428 1934 495 qui
1977 427 2268 498 Babylonis
2312 430 2585 485 excidium
2620 431 2963 500 praenuntiat.
2999 432 3198 497 Beatus
3223 437 3312 502 qui
3341 451 3423 490 re-

157 505 339 576 θησιν.
373 505 676 586 Μακάριος
714 505 780 572 ὃς
813 507 1225 562 ἀνταποδώσει
1259 511 1325 562 τὸ
1365 512 1748 582 ἀνταπόδομά

155 615 296 653 σου.
316 600 574 659 Ἐκεῖνος,
601 601 755 668 φησὶ,
777 601 1044 671 μακάριος
1067 601 1096 652 ὁ
1119 601 1640 671 ἀνταιχμαλωτεύων
1663 621 1742 657 σε.

297 691 384 757 Τῷ
408 691 590 746 Δαυῒδ
617 690 715 744 διὰ
753 693 1071 760 Ζαχαρίου.
1103 683 1426 747 ’ΨΑΛΜΟΣ
1455 698 1634 748 ΡΛΖ’.

764 851 768 855 _
798 785 1125 850 Ὑπόθεσις.
1677 847 1680 858 Ι

170 873 229 926 Ὀ
263 872 456 947 παρὼν
480 875 694 946 ψαλμὸς
716 875 1052 946 προφητείαν
1084 878 1325 948 περιέχει
1358 878 1457 948 τῆς
1489 879 1744 934 ἁπάντων

230 965 403 1018 ἐθνῶν
438 967 702 1038 κλήσεωςο
734 969 818 1034 ἐφ’
906 969 999 1020 καὶ
1024 969 1353 1038 εὐχαριστεῖ,
1383 971 1462 1023 ὅτι
1490 973 1549 1024 οὐ
1586 973 1744 1041 μόνος

227 1055 413 1119 αὐτὸς,
451 1057 704 1126 βασιλεὺς
729 1055 824 1119 ῶν,
854 1057 1080 1127 ἠξίωται
1110 1058 1209 1129 τῆς
1231 1059 1381 1123 θείας
1405 1057 1741 1130 θεοφανείὰς*

171 1207 178 1216 ι
224 1149 364 1200 ἀλλά
393 1149 485 1202 καὶ
511 1149 740 1213 πολλοὺς
766 1149 872 1202 τῶν
901 1150 1074 1204 ἐθνῶν
1107 1150 1345 1220 βασιλεῖς
1371 1170 1500 1223 φησι
1528 1153 1630 1224 τῆς
1653 1157 1745 1208 αὐ-

170 1294 174 1298 ,
223 1241 326 1308 τῆς
354 1239 754 1311 ἀξιωθήσεσθαι
797 1241 1039 1313 χάριτος,
1081 1243 1217 1314 ὅπερ
1263 1244 1422 1314 μόνον
1466 1244 1602 1316 μετὰ
1642 1247 1742 1316 τὴν

175 1372 179 1374 .
225 1331 520 1402 ἐπιδημίαν
549 1333 860 1406 γεγένηται.
1385 1387 1390 1392 .
1678 1390 1685 1395 .

237 1421 784 1492 Ἐξομολογήσομαί
828 1437 956 1486 σοι,
1005 1424 1212 1493 Κύριε,
1253 1425 1323 1478 ὲν
1369 1424 1483 1494 ὅλῃ
1532 1427 1741 1498 καρδίῃ

145 1530 290 1579 μου.
328 1513 544 1582 Ταύτην
578 1513 655 1584 τῷ
697 1513 937 1584 πλουσίῳ
981 1514 1210 1567 δέδωκεν
1245 1516 1274 1567 ό
1305 1517 1494 1588 Σωτὴρ
1526 1519 1624 1588 τὴν
1656 1521 1740 1589 ἐν·

150 1603 332 1673 τολὴν,
359 1603 550 1658 εἰπών’
589 1605 945 1674 Ἀγαπήσεις
975 1608 1194 1674 Κύριον
1214 1607 1321 1660 τὸν
1349 1610 1495 1661 Θεόν
1523 1625 1638 1663 σου
1670 1610 1738 1674 ἐξ

1851 521 2039 573 tribuet
2071 521 2166 584 tibi
2207 523 2598 576 retributionem
2648 532 2817 581 tuam.
2850 525 2964 593 Ille,
2995 525 3192 595 inquit,
3228 527 3432 584 beatus-

1846 612 1938 682 qui
1975 625 2024 667 te
2058 613 2112 666 in
2144 613 2509 683 captivitatem
2543 615 2779 672 duxerit.
3342 657 3348 664 -

1863 757 1866 761 ,
1917 701 2110 758 Davidi
2133 723 2224 775 per
2258 705 2598 771 Zachariam.
2630 709 2969 766 PSALMUS
2995 709 3341 770 CXXXVII.

2433 799 2830 869 Argumentum.
3109 838 3112 842 -
3353 861 3357 864 .

1843 887 2093 945 Prazscns
2143 893 2388 962 psalmus
2434 896 2771 964 prephetiam
2831 904 3074 950 continet
3116 896 3418 954 vocationis

1912 981 2155 1036 omnium
2185 984 2449 1053 gentium,
2493 985 2560 1038 de
2589 1000 2696 1054 qua
2727 988 2942 1055 gratias
2978 989 3107 1057 agit,
3133 990 3278 1058 quod
3308 1005 3415 1044 non

1915 1071 2089 1126 solum
2120 1073 2235 1143 ipse
2262 1076 2354 1144 qui
2382 1091 2474 1130 rex
2502 1084 2636 1140 erat,
2669 1074 2760 1131 Dei
2788 1077 3019 1136 adventu
3042 1087 3095 1133 et
3122 1089 3414 1154 conspectu

1915 1161 2168 1231 dignatus
2210 1165 2308 1228 sit,
2357 1165 2450 1219 sed
2494 1166 2657 1224 etiam
2703 1167 2904 1221 multos
2945 1170 3185 1238 gentium
3232 1183 3414 1238 reges,

1913 1254 2100 1320 eadem
2143 1256 2315 1324 gratia
2354 1255 2638 1319 donandos
2677 1257 2772 1322 ait,
2801 1257 2946 1327 quod
2974 1266 3096 1327 post
3126 1258 3413 1314 adventum

1914 1343 2129 1397 Domini
2161 1346 2424 1399 duntaxat
2450 1331 2650 1413 iactum
2677 1355 2800 1416 est,
2862 1418 2870 1426 .
2936 1403 2942 1414 ,
3015 1403 3018 1408 ,
3246 1407 3250 1410 ,
3343 1393 3351 1406 .

1913 1435 1964 1488 1.
1996 1435 2299 1504 Conﬁtebor
2330 1437 2446 1501 tibi,
2477 1436 2716 1504 Domine,
2747 1439 2802 1491 in
2829 1446 2935 1491 toto
2962 1439 3117 1493 corde
3145 1457 3277 1493 meo.
3302 1438 3416 1495 Hoc

1840 1533 2169 1594 praaceptum
2211 1526 2358 1580 dedit
2416 1525 2664 1582 Salvator
2709 1528 2897 1594 diviti,
2944 1529 3176 1585 dicens:
3220 1529 3415 1601 Diliges

1840 1613 2125 1680 Dominum
2156 1615 2323 1668 Deum
2365 1626 2511 1674 tuum
2553 1634 2618 1671 ea:
2651 1629 2758 1672 toto
2799 1620 3094 1685 cordetuo,
3124 1632 3174 1675 et
3206 1636 3269 1676 ex
3293 1622 3415 1675 totis

151 1694 306 1761 ὅλης
339 1693 449 1763 τῆς
478 1695 726 1765 καρδίας
771 1713 888 1751 σου
929 1698 1026 1752 καὶ
1062 1697 1132 1763 ἐξ
1175 1698 1325 1768 ὅλης
1370 1699 1481 1769 τῆς
1525 1703 1733 1770 ἰσχύος

1852 1704 2035 1757 viribus
2070 1705 2172 1758 tuis
2201 1707 2265 1757 9’.

149 1803 292 1840 σου.
1176 1840 1181 1854 ι

221 1876 335 1928 Καὶ
365 1875 646 1932 ἐναντίον
678 1878 950 1947 ἀγγέλων
979 1878 1156 1948 ψαλῶ
1181 1895 1299 1944 σοι,
1329 1881 1754 1949 προσκυνήσω,

150 1967 303 2034 πρὸς
333 1968 485 2020 ναὸν
513 1968 686 2036 ἅγιόν
723 1985 859 2023 σου.
899 1970 988 2034 Ὠς
1027 1971 1310 2041 παρόντων
1336 1973 1443 2024 τῶν
1469 1972 1734 2041 ἀγγέλων,

149 2058 244 2128 καὶ
276 2058 376 2126 τὴν
415 2058 560 2112 κατά
583 2059 723 2134 ,Θεὸν
757 2060 921 2114 αὑτοῦ
955 2061 1113 2132 νίκην
1151 2063 1237 2135 ἀεὶ
1267 2063 1732 2135 ἑπιθεωρούντων.

146 2148 264 2220 Καὶ
306 2149 824 2221 ἐξομολο-γήσομαι
872 2151 950 2217 τῷ
984 2136 1245 2223 ὀνόματί
1314 2171 1430 2232 σου
1495 2155 1594 2208 ἐπὶ
1658 2155 1738 2222 τῷ

145 2239 306 2294 ἐλέει
333 2258 449 2293 σου
478 2243 576 2295 καὶ
615 2241 691 2311 τῇ
728 2244 982 2312 ἀληθείᾳ
1009 2258 1146 2299 σου.
1179 2245 1594 2320 Εὐχαριστήσω,
1627 2263 1734 2316 φη-

147 2332 257 2407 civ,
291 2335 376 2400 ἐφ’
403 2326 484 2397 οἷς
515 2334 615 2406 τῆς
658 2334 756 2404 μὲν
789 2336 946 2398 σκιᾶς
983 2334 1348 2407 λελύτρωμαι,
1382 2337 1480 2406 τῆς
1513 2337 1570 2390 δὲ
1601 2337 1732 2408 ἀλη-

143 2423 299 2487 θείας
332 2424 590 2496 ἡξίωμαι.
642 2425 750 2478 Ὀτι
773 2425 1148 2496 ἐμεγάλυνας
1167 2426 1267 2479 ἐπὶ
1297 2426 1419 2481 πᾶν
1451 2426 1514 2480 τὸ
1549 2426 1736 2496 ὄνομα

143 2515 211 2566 τὸ
241 2514 416 2583 ἅγιόν
452 2532 591 2570 σου.
639 2516 762 2570 Ἐπὶ
792 2520 857 2588 τῇ
896 2517 1003 2570 τῶν
1030 2516 1198 2571 ἐθνῶν
1225 2518 1414 2588 κλήσει
1452 2517 1550 2589 τὴν
1576 2519 1736 2588 εὐχα-

145 2608 363 2678 ριστίαν
394 2609 685 2680 ἀναφέρειν
717 2610 887 2679 λέγει,
931 2611 1042 2664 Οὐκ
1073 2611 1157 2679 ἐφ’
1199 2606 1281 2674 οἷς
1312 2607 1371 2664 εὖ
1401 2611 1601 2664 ἔπαθον
1636 2613 1755 2682 μόι,

144 2716 240 2750 νον
283 2698 608 2770 εὐχαριστῶ·
641 2698 777 2752 ἀλλά
810 2699 906 2752 καὶ
948 2700 1014 2773 δι’
1044 2699 1163 2752 ὅλου
1193 2700 1292 2770 τὴν
1319 2699 1475 2766 δόξαν
1502 2698 1598 2770 τὴν
1635 2699 1734 2770 σὴν

143 2792 372 2863 θεωρῶν
393 2832 407 2856 ,
453 2792 976 2862 δημιουργήσαντος,
1008 2790 1441 2862 εὐεργετοῦντος,
1475 2789 1729 2854 κολάζον-

140 2899 256 2946 τος.
307 2883 472 2952 Οὐδὲν
515 2882 622 2955 γὰρ
657 2884 756 2954 τῆς
794 2883 1024 2946 κτίσεως
1056 2883 1086 2935 ὅ
1134 2883 1209 2954 μὴ
1243 2882 1340 2954 τὴν
1365 2882 1463 2953 σὴν
1495 2882 1729 2952 μεγαλο-

144 2973 317 3044 σύνην
344 2975 610 3047 κηρύττῃ.

215 3065 639 3135 Πολυωρήσεις
673 3083 749 3134 με
791 3065 862 3119 ἐν
905 3063 1077 3134 ψυχῇ
1129 3082 1248 3134 μου
1294 3063 1540 3135 δυνάμει
1587 3081 1725 3120 σου.
1755 3100 1799 3158 C

135 3157 500 3225 Πολυωρίαν
538 3157 634 3226 τὴν
669 3154 1130 3226 πολυχρονιότητά
1161 3171 1344 3224 φησιν.
1393 3155 1451 3207 '0
1483 3155 1539 3208 δὲ
1579 3154 1751 3231 νοῦςοι

135 3248 383 3317 Δυνάμει
441 3249 507 3318 τῇ
573 3249 640 3318 σῇ
703 3249 1086 3318 μεταποιήσεις
1142 3263 1208 3316 με
1265 3247 1328 3298 ὲκ
1387 3245 1593 3316 φθορᾶς
1648 3246 1728 3307 είς

138 3338 480 3409 ἀφθαρσίαν.

214 3435 328 3487 Καὶ
363 3430 694 3499 ᾁσάτωσαν
733 3431 803 3485 ἐν
839 3430 969 3497 ταῖς
1005 3430 1184 3497 ᾠδαῖς
1211 3431 1464 3498 Κυρίου,
1501 3429 1590 3482 ὅτι
1621 3446 1728 3499 με·

141 3523 300 3592 τάνιη
330 3525 368 3591 ἠ
399 3523 549 3588 δόξα
595 3525 840 3591 Κυρίου.
882 3523 1039 3594 ’ῼδάς
1078 3523 1284 3594 Κυρίου
1323 3520 1725 3592 ἀναγέγραφεν,

137 3619 207 3681 ἃς
233 3616 380 3688 ᾅδειν
411 3617 536 3679 τοὺς
559 3615 620 3680 ἐξ
641 3615 810 3669 ἐθνῶν
836 3617 1043 3678 πάντας
1077 3613 1489 3684 ἐπαγγέλλεται.

217 3803 340 3854 Ὅτι
363 3800 603 3870 ὑψηλὸς
646 3801 865 3868 Κύριος
898 3799 996 3853 καὶ
1022 3800 1093 3853 τὰ
1117 3800 1369 3854 ταπεινὰ
1394 3797 1601 3867 ἐφορᾷ.
1634 3797 1726 3868 Μὴ

141 3891 455 3962 θαυμάσῃς,
485 3893 668 3961 φησιν,
701 3894 750 3944 εί
780 3891 954 3944 ταῦτα
990 3891 1277 3962 γενήσεται
1311 3892 1370 3942 ὲν
1398 3888 1723 3960 ἀνθρώποις·

137 3987 204 4042 οὐ
233 3987 343 4057 γὰρ
369 3986 807 4057 ἀπηλλοτρίωται
835 3987 935 4055 τῆς
964 3986 1058 4038 τοῦ
1094 3985 1227 4039 Θεοῦ
1256 3985 1509 4057 προνοίας
1541 3984 1609 4035 τὰ
1632 3984 1726 4036 ἀνι

138 4077 167 4129 0
177 4074 411 4146 ρὼπινα.
452 4075 562 4128 Καὶ
598 4075 671 4128 τὰ
701 4073 913 4143 ὑψηλὰ
945 4074 1061 4128 ἀπὸ
1086 4074 1388 4142 μακρόθεν
1432 4069 1725 4141 γινώσκει.

137 4166 428 4239 ΙΙροώρισε
455 4166 566 4237 γὰρ
591 4166 699 4220 ἀπὸ
726 4165 1029 4234 καταϐολῆς
1065 4165 1268 4234 κόσμου
1299 4161 1439 4215 κατά
1466 4161 1557 4214 τὸν
1589 4159 1729 4212 θεῖον

150 4256 480 4310 Ἀπόστολον
523 4256 623 4326 τὴν
656 4255 848 4326 κλῆσιν
879 4255 985 4308 τῶν
1032 4253 1222 4316 ἐθνῶν,
1257 4254 1351 4305 καὶ
1398 4251 1496 4322 τὴν
1545 4251 1624 4311 εἰς
1660 4249 1730 4302 τὰ

139 4348 327 4418 ὑψηλά
353 4348 667 4418 ἀναγωγήν.

1867 1949 1869 1952 ι
1908 1882 1963 1936 2.
1999 1881 2066 1937 In
2099 1896 2387 1961 conspectu
2424 1886 2736 1965 angelorum
2763 1888 2994 1962 psallam
3022 1889 3141 1959 tibi,
3179 1889 3423 1966 adorabo_

1837 1975 1906 2028 ad
1942 1975 2188 2044 templum
2222 1987 2465 2030 sanctum
2513 1989 2680 2032 tuum.
2716 1979 2882 2046 Quasi
2929 1967 3132 2036 scilicet
3177 1967 3427 2051 praesen?

1838 2067 1986 2140 tibus
2034 2069 2260 2134 angelis,
2305 2078 2360 2124 et
2397 2071 2518 2140 ejus
2557 2072 2842 2143 victoriam
2886 2088 2980 2142 per
3011 2073 3114 2142 Dei
3148 2075 3410 2129 auxilium

1838 2166 2049 2228 partam
2097 2174 2309 2227 semper
2351 2162 2719 2217 cernentibus.
2774 2162 2842 2216 Et
2891 2164 3170 2232 conﬁtebor
3212 2167 3412 2219 nomini

1840 2258 1928 2302 tuo
1979 2265 2134 2318 super
2171 2249 2539 2303 misericordia
2575 2262 2668 2304 tua
2709 2261 2758 2305 et
2791 2255 3010 2307 veritate
3052 2264 3166 2308 tua.
3196 2253 3411 2311 Gratias

1837 2356 2015 2415 agam,
2041 2340 2234 2410 inquit,
2268 2341 2412 2410 quod
2439 2341 2506 2395 ab
2531 2342 2721 2398 umbra
2751 2343 3029 2408 liberatus,
3052 2356 3106 2400 et
3128 2337 3410 2404 veritatem

1835 2442 2165 2489 consecutus
2209 2433 2335 2487 sim.
2371 2431 2634 2497 Quoniam
2681 2434 3037 2504 magniﬁcasti
3074 2452 3230 2504 super
3259 2452 3410 2490 omne

1837 2507 2022 2578 nomen
2050 2531 2487 2598 sanctumntuum.
2527 2523 2601 2578 De
2633 2525 2874 2595 gentium
2898 2526 3184 2580 vocatione
3207 2527 3411 2595 gratias

1835 2603 1892 2670 se
1927 2613 2128 2669 referre
2156 2613 2306 2669 dicit.
2336 2613 2524 2684 Neque
2558 2623 2768 2669 tantum
2805 2615 2873 2669 de
2905 2615 3115 2670 collatis
3150 2617 3284 2670 mihi
3315 2617 3408 2671 he-

1835 2705 2042 2760 neﬁeiis
2073 2705 2277 2776 gratias
2307 2721 2409 2774 ago
2431 2747 2445 2771 ,
2476 2694 2569 2761 Sed
2600 2691 2744 2774 Quod
2781 2706 2856 2759 tui
2891 2706 3116 2776 gloriam
3147 2707 3200 2760 in
3230 2691 3424 2762 omni?

1833 2795 1936 2851 bus
1984 2797 2348 2866 contempler,
2403 2796 2666 2851 creatoris
2724 2796 2964 2860 scilicet,
3021 2794 3404 2859 benefactoris,

1833 2885 2050 2945 ultoris.-
2081 2883 2229 2944 Nihil
2257 2888 2458 2955 quippe
2485 2895 2566 2941 est
2595 2884 2654 2938 in
2680 2900 2859 2939 rerum
2878 2893 3084 2940 natura
3113 2886 3259 2956 quod
3292 2901 3408 2940 ma-

1832 2975 2165 3042 gnitudinem
2198 2983 2345 3029 tuam
2376 2990 2484 3028 non
2518 2975 2793 3045 pradicet.
3424 3036 3427 3038 _

1905 3071 1959 3125 '5.
1989 3070 2309 3124 Diuturnam
2346 3087 2532 3123 curam
2574 3069 2784 3123 habebis
2828 3070 3021 3124 animm
3061 3086 3186 3125 mea
3214 3071 3406 3126 virtute

1833 3168 1942 3214 tua.
1972 3161 2284 3234 Πολυωρίαν
2323 3161 2454 3216 dicit
2483 3160 2919 3215 diuturnitatem.
2957 3159 3083 3216 Hzec
3113 3169 3195 3216 est
3225 3173 3404 3216 autem

1829 3255 2099 3308 sententia
2135 3269 2148 3305 :
2178 3252 2391 3309 Virtute
2441 3263 2532 3308 tua
2577 3253 2972 3309 transmutabis
3017 3268 3106 3308 me
3147 3267 3178 3307 ε
3215 3267 3408 3308 corru-

1738 3383 1750 3388 -
1829 3341 2011 3410 ptione
2042 3342 2098 3396 in
2134 3342 2620 3412 incorruptionem.

1900 3431 1952 3486 5.
1982 3431 2052 3484 Et
2082 3441 2295 3487 cantent
2334 3434 2391 3487 in
2418 3435 2642 3487 canticis
2673 3433 2903 3498 Domini,
2937 3435 3190 3504 quoniam
3215 3451 3408 3505 magna

1829 3532 1909 3576 est
1956 3523 2128 3592 gloria
2174 3524 2405 3580 Domini.
2435 3526 2655 3581 Cantica
2703 3525 2914 3581 Domini
2946 3527 3253 3596 descripsit,
3285 3544 3407 3598 qua:

1829 3615 1898 3669 ab
1926 3616 2181 3673 omnibus
2205 3617 2534 3688 exigentium
2564 3617 2762 3688 populo
2788 3617 3133 3696 credentibus
3165 3621 3404 3674 canenda

1828 3707 2094 3777 praedicit.

1904 3797 1958 3850 6.
1991 3795 2251 3862 Quoniam
2279 3797 2515 3852 excelsus
2548 3797 2805 3853 Dominus
2830 3810 2880 3853 et
2913 3799 3135 3853 humilia
3170 3799 3404 3867 respicit.

1829 3886 1908 3942 Ne
1951 3888 2168 3951 mirere,
2223 3889 2426 3958 inquit,
2479 3890 2524 3943 si
2583 3889 2697 3945 haec
2747 3891 2888 3960 apud
2936 3889 3184 3944 homines
3222 3888 3404 3943 futura

1830 3980 1960 4040 sint,
1993 3980 2231 4032 humana
2271 3979 2469 4048 quippe
2511 3995 2620 4033 non
2664 3995 2692 4033 a
2734 3978 2825 4034 Dei
2859 3979 3194 4049 providentia
3228 3980 3404 4034 aliena

1831 4076 1978 4123 sunt.
2012 4067 2081 4122 Et
2129 4069 2241 4122 alta
2278 4087 2309 4122 a
2341 4069 2490 4143 longe
2530 4072 2814 4138 cognoscit.
2865 4069 3226 4124 Praadelinivit
3257 4070 3401 4122 enim

1832 4178 1862 4216 a
1909 4163 2297 4219 constitutione
2349 4163 2540 4217 mundi
2582 4164 2918 4217 vocationem
2956 4162 3217 4234 gentium,
3247 4161 3404 4232 juxta

1831 4257 2070 4313 divinum
2103 4257 2446 4330 Apostolum,
2477 4257 3014 4326 assumptionemque
3040 4256 3106 4310 ad
3131 4257 3364 4310 excelsa.

224 4441 362 4494 Ἐὰν
408 4436 679 4508 πορευθῶ
719 4438 789 4490 ἐν
829 4435 996 4505 μέσῳ
1045 4436 1337 4504 θλίψεως,
1388 4432 1586 4498 ζήσεις
1627 4449 1723 4500 με.

1905 4437 1955 4492 7.
1994 4437 2053 4492 Si
2082 4437 2418 4492 ambulavero
2447 4438 2503 4490 in
2527 4438 2696 4491 medio
2728 4438 3083 4491 tribulationis
3111 4437 3404 4506 viviﬁcabis

138 4535 370 4603 Ὅμοιον
411 4532 506 4584 τό·
558 4532 779 4598 Θλίψιν
827 4527 994 4593 ἕξετε
1035 4527 1108 4580 ἐν
1156 4524 1236 4591 τῷ
1284 4527 1515 4594 κόσμῳ·
1565 4523 1725 4578 ἀλλὰ

135 4623 436 4694 θαρσεῖτε,
465 4621 581 4692 ἐγὼ
613 4622 904 4688 νενίκηκα
941 4619 1048 4673 τὸν
1085 4618 1335 4686 κόσμον.
1373 4616 1496 4670 Ἐπ’
1539 4613 1726 4685 ὀργὴν

133 4716 372 4787 ἐχθρῶν
403 4733 524 4785 μου
563 4713 864 4779 ἐξέτεινας
895 4711 1001 4778 τὰς
1025 4709 1228 4781 χεῖράς
1264 4725 1400 4763 σου.
1440 4707 1726 4778 Ἐπενήνε-

135 4823 266 4858 κται
299 4805 412 4876 γὰρ
444 4805 564 4857 κατ’
594 4803 772 4872 αὐτῶν
803 4804 836 4874 ἡ
863 4801 1009 4866 δεξιά
1039 4799 1132 4854 τοῦ
1170 4799 1404 4868 Πατρὸς,
1447 4799 1724 4851 τουτέστιν

132 4899 162 4948 ὁ
197 4895 348 4959 Υἱδς,
381 4897 504 4964 ἥτις
539 4896 634 4948 καὶ
655 4894 856 4948 ἔσωσεν
887 4895 1052 4964 ἡμᾶς.

210 4988 429 5056 Κύριος
485 4985 895 5042 ἀνταποδώσω
942 4985 1096 5054 ὑπὲρ
1150 4985 1318 5055 ἐμοῦ.
1364 4984 1568 5055 Κρίνας
1617 4983 1724 5054 γὰρ

135 5080 237 5150 τὴν
286 5077 412 5132 καθ’
449 5079 610 5148 ἡμῶν
653 5078 902 5144 ἀδικίαν,
949 5077 1170 5143 ἐξέϐαλε
1215 5078 1307 5130 τὸν
1355 5076 1592 5146 ἄρχοντα
1630 5077 1722 5129 τοῦ

137 5169 370 5238 κόσμου.

135 5263 246 5326 Εις
272 5259 449 5326 τέλος
497 5257 577 5324 τῷ
618 5259 800 5314 Δαυῒδ
837 5262 1144 5313 ΨΑΛΜΟΣ
1185 5259 1283 5312 διὰ
1325 5259 1620 5327 Ζαχαρίου
1656 5258 1725 5309 ἐν

614 5349 689 5420 τῇ
721 5349 1036 5417 διασπορᾷ.
1070 5354 1256 5405 PAH’.

780 5445 1105 5510 ’Υπόθεσιςκ

148 5533 511 5605 Ἀναφέρεται
566 5535 665 5606 μὲν
719 5539 748 5588 ὁ
797 5535 1009 5607 ψαλμὸς
1057 5539 1135 5599 είς
1186 5535 1247 5587 τὸ
1293 5533 1387 5587 τοῦ
1453 5531 1722 5603 Ζαχαρίου

216 5626 529 5695 πρόσωπον,
569 5626 649 5678 ἔτι
694 5613 860 5679 ὄντων
891 5629 947 5679 ὲν
972 5628 1039 5696 τῇ
1075 5625 1417 5696 αἰχμαλωσίᾳ
1446 5623 1553 5676 τῶν
1591 5621 1722 5673 υἱῶν

184 5741 229 5770 ’³
254 5739 444 5797 Matth.
477 5756 609 5809 xm,
640 5741 704 5796 57
807 5741 851 5774 ’⁸
876 5740 1034 5798 Joan.
1066 5758 1178 5808 xw,
1208 5740 1294 5795 55.

1830 4544 1932 4584 me.
1953 4528 2143 4583 Simile
2163 4539 2246 4582 est
2274 4529 2406 4582 illud
2426 4547 2440 4582 :
2464 4527 2878 4581 Tribulationem
2901 4527 3154 4580 habebitis
3177 4528 3230 4580 in
3254 4544 3401 4579 mun-

1831 4621 1930 4684 do;
1961 4620 2050 4674 sed
2095 4620 2364 4689 conﬁdite,
2393 4637 2486 4690 ego
2532 4621 2634 4673 vici
2667 4620 2924 4672 mundum
2968 4619 3036 4674 9".
3070 4617 3238 4688 Super
3266 4620 3406 4671 iram

1832 4715 2167 4769 inimicorum
2195 4730 2428 4767 meorum
2453 4713 2736 4767 extendisti
2766 4729 2953 4766 manus
2980 4724 3123 4767 tuas.
3159 4713 3405 4767 lmmissa

1831 4807 2031 4877 quippe
2060 4815 2143 4862 est
2168 4807 2432 4862 adversus
2469 4807 2591 4860 illos
2619 4807 2838 4860 dextera
2873 4804 3072 4873 Patris,
3113 4807 3164 4860 id
3198 4815 3281 4861 est
3315 4804 3405 4859 Fi-

1831 4899 1959 4962 lius,
1991 4913 2112 4967 quae
2143 4913 2243 4952 nos
2278 4898 2457 4952 salvos
2489 4895 2634 4950 fecit.

1900 4990 1953 5043 8.
1991 4989 2249 5042 Dominus
2280 4990 2530 5043 retribuet
2559 5004 2652 5056 pro
2673 5003 2788 5041 .me.
2821 4985 3116 5056 Postquam
3142 4989 3405 5057 judicavit

1831 5080 1974 5133 enim
2003 5078 2070 5132 de
2093 5078 2358 5148 injustitia
2381 5093 2490 5148 qua
2512 5077 2624 5131 laesi
2653 5092 2864 5142 sumus,
2889 5077 3190 5145 principem
3214 5077 3402 5131 mundi

1830 5170 2008 5240 ejecit.

1901 5263 1968 5317 In
2009 5264 2165 5332 liuent
2196 5260 2436 5316 PSALM
2450 5260 2538 5316 US
2568 5261 2760 5314 Davidi
2799 5278 2890 5331 per
2927 5259 3244 5314 Zachariam
3276 5260 3334 5312 in

2242 5351 2578 5419 dispersione.
2608 5348 2809 5402 CXXX
2825 5347 2988 5402 VIII.

2413 5438 2810 5508 Argumentum.

1830 5537 2081 5592 Refertur
2114 5532 2358 5604 psalmus
2390 5529 2457 5584 ad
2488 5545 2774 5599 personam
2817 5528 3112 5592 Zachariae,
3142 5526 3271 5581 dum
3305 5523 3400 5578 lilii

1901 5627 2065 5682 Israel
2112 5625 2290 5681 adhuc
2341 5633 2526 5680 essent
2575 5624 2628 5677 in
2684 5621 2993 5691 captivitate
3034 5629 3087 5676 et
3131 5618 3402 5690 Propheta
