3880 6216
451 323 552 381 531
1297 329 1358 386 S.
1399 329 1774 386 ATHANASII
1808 330 1958 386 OPP.
2001 329 2185 384 PARS
2227 329 2314 383 Ill.
2355 361 2424 370 ——
2459 329 2872 386 EXEGETICA.

526 457 746 512 quoque
791 459 912 498 cum
969 445 1095 499 illis.
1133 445 1395 500 Describit
1437 457 1618 502 autem
1655 448 1920 502 rationem
1947 448 2028 500 di-
2057 453 2104 507 Α

527 535 666 588 vinas
704 551 832 606 erga
877 552 975 592 nos
1009 537 1392 606 providentiae,
1433 547 1488 592 et
1520 539 1664 608 quod
1709 553 1816 592 non
1854 540 2026 594 solum

524 627 589 680 ad
619 627 870 682 universa
909 629 1252 695 extendatur,
1286 631 1378 684 sed
1409 630 1572 684 rebus
1601 629 1764 684 etiam
1801 630 2032 699 singulis

529 719 853 787 prospiciat;
896 719 967 774 ita
1012 729 1070 774 ut
1105 736 1281 790 neque
1312 730 1494 776 motus
1537 721 1708 775 nostri
1736 736 1909 790 neque
1939 737 2029 776 co-

525 807 812 875 gitationes
841 809 908 863 ab
933 810 1050 878 ejus
1077 811 1412 880 providentia
1450 811 1808 880 negligantur.
1843 813 2028 865 Admi-

525 906 678 951 ratur
709 901 1028 955 oeconomia:
1057 901 1503 970 profunditatem,
1532 903 1870 958 vocationem
1900 919 2028 972 gen-

525 991 659 1044 tium
689 1001 870 1060 aperte
895 993 1188 1062 significat,
1221 1003 1276 1048 et
1299 996 1714 1064 repugnantiam
1747 993 2026 1049 lsraelitici

523 1082 703 1152 pepuli
737 1084 998 1140 adversus
1061 1085 1364 1140 Christum.
1409 1085 1638 1156 Propter
1685 1086 1800 1142 haec
1843 1086 2026 1139 omnia

525 1177 580 1228 in
608 1175 768 1229 tinem
800 1175 988 1232 Davidi
1026 1178 1322 1248 inscriptus
1347 1187 1450 1234 est.
1485 1177 1810 1248 Plerumque
1844 1187 2024 1232 autem

525 1265 787 1325 diximus,
821 1267 1064 1336 psalmos
1113 1267 1186 1320 ita
1247 1268 1536 1338 inscriptos
1578 1272 1644 1324 ad
1688 1279 1898 1337 tempus
1931 1267 2026 1322 ad-

521 1365 718 1413 ventus
743 1355 956 1412 Domini
985 1367 1248 1428 spectare.

525 1635 578 1690 1.
614 1634 852 1701 Domine,
893 1636 1130 1706 probasti
1163 1651 1244 1690 me
1287 1645 1336 1690 et
1371 1637 1662 1706 cognovisti
1691 1653 1787 1690 me.
1829 1634 2015 1703 Utpott

451 1725 548 1795 qui
579 1725 834 1793 confidat,
871 1741 930 1781 se
969 1727 1180 1780 ﬁrmant
1220 1725 1274 1779 in
1299 1727 1574 1780 Christum
1611 1727 1767 1780 ﬁdem
1805 1725 2020 1786 habere,

455 1818 699 1887 nihilque
725 1819 828 1872 sibi
856 1833 1144 1872 commune
1171 1833 1292 1874 esse
1322 1833 1444 1872 cum
1475 1817 1760 1890 iniquitate
1793 1816 2022 1886 improbi

451 1909 660 1977 populi,
692 1923 818 1964 eum
871 1909 1050 1979 ipsum
1093 1909 1188 1980 qui
1231 1909 1394 1964 corda
1449 1908 1699 1964 formavit
1737 1917 1930 1964 evocat
1969 1909 2022 1962 in

454 2009 643 2053 ιιιεῑοιῐι
655 2041 666 2051 .

519 2089 574 2144 3.
603 2088 924 2144 Intellexisti
949 2093 1290 2162 cogitationes
1319 2107 1460 2144 meas
1489 2091 1553 2144 de
1583 2091 1751 2159 longe,
1783 2093 2024 2144 semitam

451 2197 622 2236 meam
650 2191 698 2237 et
724 2183 1022 2252 funiculum
1046 2201 1218 2238 meum
1243 2185 1590 2254 investigasti.
1621 2184 1848 2240 Etiamsi
1885 2183 2024 2240 Deus

449 2276 840 2344 cogitationum
879 2287 1085 2330 motum
1115 2279 1321 2344 videat,
1351 2277 1526 2332 multo
1557 2275 1728 2346 magis
1755 2277 1876 2330 vitae
1903 2292 2024 2330 cur.

449 2380 572 2419 sum
603 2369 902 2434 cognoscit.
937 2365 1192 2420 Semitam
1233 2383 1402 2421 meam
1445 2375 1494 2422 et
1527 2367 1824 2436 funiculum
1853 2383 2024 2420 meum

449 2456 802 2526 investigasti.
833 2459 1151 2530 Σχοινισμός
1193 2469 1274 2514 est
1323 2475 1580 2514 mensura
1623 2461 1866 2529 quaedam
1903 2460 2018 2514 vim.

449 2545 590 2601 Dicit
620 2557 800 2602 autem
833 2565 956 2602 eum
986 2565 1202 2604 onmem
1233 2551 1582 2622 cogitationis
1615 2561 1822 2605 motu-in
1853 2551 2019 2618 scire;

450 2655 544 2708 per
571 2640 686 2694 vias
707 2641 852 2695 enim
889 2653 1070 2697 motus
1110 2643 1396 2712 significat.

518 2898 572 2954 4.
605 2897 873 2965 Qumiiam
909 2916 1012 2954 non
1041 2909 1118 2955 est
1144 2901 1298 2954 dolus
1329 2902 1384 2956 in
1423 2902 1608 2972 lingua
1649 2919 1784 2958 mea.
1823 2903 1888 2958 Et
1919 2904 2023 2958 hoc

449 2999 535 3046 est
575 3006 737 3061 quam
785 2993 1086 3048 maximum
1116 2994 1333 3048 Davidis
1367 2995 1643 3059 meritum,
1671 2996 1816 3065 quod
1851 2997 2023 3050 nemi-

3613 327 3720 383 552

2218 445 2466 516 Ἰσραὴλ,
2516 445 2608 498 καὶ
2653 445 2758 518 μὴν
2792 447 2884 500 καὶ
2931 445 3092 499 αὑτοῦ
3139 443 3233 499 τοῦ
3281 445 3568 516 Προφήτου
3621 445 3720 498 σὺν

2202 537 2404 598 αὐτοῖς.
2435 535 2639 608 Γράφει
2667 537 2724 590 δὲ
2747 537 2844 608 τῆς
2871 538 2996 606 περὶ
3025 535 3159 590 Θεοῦ
3195 537 3274 598 εἰς
3302 536 3450 606 ἡμᾶς
3481 533 3718 604 κηδεμο-

2203 633 2320 696 νίας
2353 631 2444 684 τὸν
2491 631 2708 702 τρόπον·
2759 632 2856 683 καὶ
2900 631 2974 692 ὡς
3019 629 3077 681 οὐ
3132 629 3291 698 μόνον
3335 624 3446 678 τῶν
3483 622 3720 676 καθόλου

2202 725 2433 774 ποιεῖται
2465 721 2741 792 πρόνοιαν,
2789 721 2926 774 ἀλλὰ
2952 721 3058 790 γὰρ
3086 721 3178 772 καὶ
3210 717 3318 770 τῶν
3349 715 3494 769 κατὰ
3529 715 3713 784 μέρος·

2202 815 2278 877 ὡς
2311 815 2446 885 μηδὲ
2475 815 2574 878 τὰς
2611 815 2871 884 κινήσεις,
2904 813 3036 883 μηδὲ
3069 811 3166 874 τὰς
3201 809 3526 879 ἐνθυμήσεις
3559 806 3718 877 ἡμῶν

2201 907 2298 974 τῆς
2343 907 2504 958 αὐτοῦ
2551 906 2832 959 λείπεσθαι
2873 904 3143 978 προνοίας.
3197 895 3602 969 Ἀποθαυμάζει
3653 915 3718 964 γε

2200 995 2304 1065 μὴν
2327 995 2419 1047 καὶ
2443 997 2542 1066 τῆς
2569 995 2875 1066 οἰκονομίας
2903 993 2962 1046 τὸ
2991 993 3174 1064 βάθος,
3203 994 3304 1062 τήν
3325 1007 3384 1043 τε
3409 990 3518 1042 τῶν
3545 987 3716 1040 ἐθνῶν

2201 1085 2390 1155 κλῆσιν
2424 1087 2822 1157 κατασημαίνει
2853 1085 3058 1154 σαφῶς,
3090 1087 3185 1138 καὶ
3210 1083 3308 1154 τὴν
3337 1081 3722 1150 γεγενημένην

2199 1179 2504 1248 ἀντιλογίαν
2535 1179 2611 1249 τῷ
2641 1179 2852 1250 Σωτῆρι
2876 1175 3094 1248 Χριστῷ
3117 1173 3266 1246 παρὰ
3289 1173 3382 1225 τοῦ
3409 1172 3470 1236 ἐξ
3496 1169 3718 1241 Ἰσραὴλ

2197 1271 2346 1326 λαοῦ.
2393 1271 2490 1325 Διὰ
2539 1271 2604 1344 δὴ
2638 1270 2811 1324 ταῦτα
2853 1269 3031 1322 πάντα
3077 1269 3171 1320 καὶ
3201 1268 3280 1328 είς
3307 1265 3370 1316 τὸ
3403 1263 3560 1324 τέλος
3595 1264 3718 1313 ὲπι-

2197 1367 2506 1436 γέγραπται
2545 1362 2622 1434 τῷ
2655 1361 2834 1414 Δαυῖδ.
2873 1359 3114 1428 Εἴπομεν
3145 1358 3204 1410 δὲ
3239 1355 3518 1418 πολλάκις,
3557 1353 3635 1415 ὡς
3666 1354 3716 1404 ei

2201 1455 2342 1508 οὕτω
2365 1453 2472 1508 τῶν
2504 1451 2732 1523 ψαλμῶν
2773 1450 3204 1522 ἐπιγραφόμενοι
3231 1449 3311 1510 εἰς
3333 1447 3422 1500 τὸν
3459 1447 3562 1516 τῆς
3596 1447 3718 1497 iam-

2195 1547 2258 1618 δη
2269 1548 2396 1618 μίας
2423 1547 2596 1600 ἁναπέ
2605 1562 2835 1618 μπονται
2871 1542 3080 1612 καιρόν.

2193 1639 2389 1705 Κύριε,
2422 1635 2787 1705 ὲδοκίμασάς
2805 1651 2882 1702 με
2909 1633 3007 1685 καὶ
3033 1633 3220 1702 ἔγνως
3241 1647 3334 1698 με.
3371 1627 3462 1690 Ὠς
3491 1625 3714 1696 θαρρῶν

2128 1725 2347 1795 βεϐαίαν
2391 1723 2535 1794 ἔχειν
2577 1725 2674 1794 τὴν
2715 1723 2894 1775 πίστιν
2939 1721 3036 1792 τὴν
3083 1723 3162 1783 είς
3203 1719 3468 1790 Χριστὸν,
3505 1717 3601 1770 καὶ
3641 1715 3716 1776 ὼς

2125 1817 2346 1886 οὐδεμία
2397 1815 2542 1886 αὐτῷ
2581 1815 2832 1869 κοινωνία
2870 1815 3057 1882 γέγονε
3106 1815 3170 1882 τῇ
3210 1811 3303 1864 τοῦ
3339 1809 3545 1880 φαύλου
3581 1807 3712 1861 λαοῦ

2127 1907 2460 1979 παρανομίᾳ,
2497 1907 2676 1960 αὐτῶν
2702 1906 2810 1960 τῶν
2844 1903 3078 1976 καρδιῶν
3111 1904 3202 1956 τὸν
3229 1903 3474 1971 πλάστην
3511 1903 3712 1952 ἐπικα-

2125 2002 2294 2054 λεῖται
2331 2001 2602 2071 μάρτυρα.

2195 2090 2277 2144 Σὺ
2308 2088 2580 2158 συνῆχας
2627 2089 2768 2154 τοὺς
2815 2087 3242 2156 διαλογισμούς
3283 2103 3402 2154 μου
3437 2083 3560 2138 ἀπὸ
3595 2101 3716 2152 μα-

2125 2185 2362 2250 κρόθεν,
2405 2183 2519 2250 τὴν
2547 2183 2750 2249 τρίϐον
2785 2197 2902 2248 μου
2936 2179 3032 2232 καὶ
3065 2179 3171 2230 τὸν·
3203 2177 3456 2245 σχοῖνόν
3473 2194 3596 2245 μου
3631 2175 3718 2228 σὺ

2124 2273 2496 2344 ἐξιχνίιισιις.
2531 2274 2592 2326 Ei
2631 2273 2726 2326 καὶ
2755 2271 2860 2324 τῶν
2885 2269 3262 2340 διανοημάτων
3291 2265 3396 2321 οἶδε
3421 2267 3518 2338 τὴν
3555 2267 3718 2338 κίνη-

2128 2381 2210 2416 σιν
2249 2365 2276 2416 ό
2308 2363 2458 2428 Θεὸς,
2501 2361 2677 2432 πολλῷ
2717 2363 2877 2415 πλέον
2921 2361 3020 2429 τῆς
3053 2361 3194 2414 κατὰ
3217 2360 3308 2412 τὸν
3337 2359 3449 2428 βίον
3483 2357 3720 2428 πορείας

2125 2451 2236 2521 ἔχει
2265 2450 2360 2522 τὴν
2387 2451 2606 2518 γνῶσιν.
2649 2450 2768 2518 Τὴν
2799 2450 2998 2518 τρίϐον
3031 2467 3152 2517 μου
3188 2447 3285 2501 καὶ
3309 2447 3424 2514 τὴν
3455 2445 3728 2514 σχοῖνόν

2119 2559 2238 2609 μου
2279 2540 2359 2594 σὺ
2390 2539 2765 2608 ἐξιχνίασας.
2799 2537 3161 2608 Σχοινισμὸς
3207 2538 3302 2607 μὲν
3331 2537 3530 2608 μέτρον
3565 2539 3718 2590 ἐστὶν

2124 2631 2424 2702 ὡρισμένον
2464 2631 2604 2687 ὁδοῦ.
2649 2631 2808 2698 Λέγει
2855 2631 2940 2692 δὲ,
2985 2631 3060 2692 ὼς
3103 2631 3284 2682 πᾶσαν
3313 2629 3531 2699 κίνησιν
3569 2629 3710 2696 λογι-

2125 2723 2262 2794 σμοῦ
2293 2723 2582 2777 ἐπίστασαι
2604 2739 2616 2754 ’
2649 2723 2746 2786 τὰς
2777 2723 2884 2793 γὰρ
2917 2724 3160 2794 κινήσεις
3191 2721 3281 2774 διὰ
3307 2721 3414 2774 τῶν
3443 2721 3582 2772 ὁδῶν
3621 2735 3718 2790 ση-

2128 2815 2324 2883 μαίνει.

2199 2905 2322 2958 Ὅτι
2355 2907 2466 2958 οὐκ
2494 2905 2626 2958 ἐστι
2656 2903 2836 2968 δόλος
2859 2903 2929 2955 ἐν
2955 2903 3206 2972 γλώσσῃ
3229 2920 3371 2970 μου.
3403 2903 3516 2954 Καὶ
3548 2901 3714 2954 τοῦτο

2127 2998 2381 3068 μέγιστον
2407 2995 2516 3051 τῶν
2541 2993 2981 3066 κατορθωμάτων
3012 2995 3090 3066 τῷ
3123 2994 3314 3058 Δανῖδ,
3349 2996 3424 3064 μὴ
3453 2993 3722 3064 ἀδικῆσαι

450 3099 574 3138 nem
609 3084 808 3139 laeserit
834 3083 1039 3155 lingua,
1084 3085 1172 3140 vel
1199 3086 1502 3152 mendacio,
1528 3088 1611 3141 vel
1641 3087 1900 3158 perjurio,
1937 3089 2022 3143 vel

2156 3091 2221 3161 ὴν
2252 3089 2501 3157 γλῶσσαν
2529 3089 2664 3160 μήτε
2689 3089 2746 3140 ὲν
2776 3087 2983 3156 ψεύδει,
3019 3089 3152 3158 μήτε
3185 3089 3244 3139 ὲν
3270 3086 3544 3156 ἐπιορκία,
3575 3087 3713 3156 μήτε

450 3173 646 3228 fraude
672 3173 886 3240 dolove,
917 3176 1135 3246 aliaque
1167 3177 1331 3232 simili
1357 3177 1594 3234 ratione.

520 3266 575 3320 5.
617 3263 772 3330 Ecce,
825 3265 1067 3331 Domine,
1118 3277 1174 3321 tu
1209 3269 1494 3337 cognovisti
1532 3269 1711 3323 omnia
1741 3273 2024 3326 novissima

449 3365 500 3408 et
531 3358 772 3423 antiqua.
807 3356 977 3412 Media
1019 3365 1178 3422 tacet,
1206 3359 1334 3429 quia
1369 3359 1422 3413 in
1453 3360 1634 3416 medio
1679 3364 1780 3418 sita
1819 3365 2022 3420 malitia

451 3453 566 3502 est.
584 3445 702 3501 Non
729 3441 798 3502 ab
827 3449 988 3502 initio
1003 3450 1144 3504 enim
1175 3449 1296 3516 fuit,
1324 3465 1424 3506 nec
1447 3451 1502 3505 in
1527 3453 1633 3508 ﬁne
1661 3457 1782 3511 erit.
1817 3457 1892 3510 Tu
1923 3458 2025 3525 for-

451 3539 614 3592 masti
655 3555 736 3592 me
765 3549 814 3594 et
838 3542 1062 3608 posuisti
1088 3558 1242 3611 super
1267 3559 1346 3596 me
1375 3559 1590 3598 manum
1623 3555 1788 3600 tuam.
1819 3547 2024 3603 Etiam-

452 3631 524 3696 si,
575 3632 768 3701 inquit,
811 3647 898 3686 me
944 3632 1300 3698 formaveris,
1337 3635 1629 3692 formatum
1661 3655 1748 3692 me
1789 3651 1938 3696 tenes
1971 3650 2024 3696 et

452 3741 673 3792 servas;
709 3742 834 3780 nam
873 3727 1149 3797 impositio
1192 3745 1387 3786 manus
1443 3729 1536 3786 Dei
1577 3733 1830 3786 collatum
1869 3736 2024 3790 nobis

455 3813 690 3883 Spiritus
721 3817 921 3870 donum
967 3817 1256 3887 significat.
1287 3819 1756 3884 Quemadmodum
1793 3826 2024 3892 apostoli

453 3917 554 3968 per
575 3919 833 3958 manuum
865 3905 1270 3975 impositionem
1313 3907 1576 3979 Spiritum
1610 3923 1858 3966 sanctum
1885 3928 2026 3982 pra:—

451 3995 624 4048 lreba'n
631 4003 672 4050 ι.

523 4086 578 4140 6.
612 4087 881 4142 Mirabilis
911 4091 1054 4158 facta
1083 4101 1162 4146 est
1205 4093 1428 4146 scientia
1463 4099 1554 4145 tua
1592 4107 1656 4144 ea:
1687 4107 1788 4156 me,
1815 4093 2027 4162 confor-

453 4187 570 4232 tata
615 4189 692 4233 est
735 4191 784 4235 et
821 4199 925 4235 non
959 4193 1137 4252 potero
1177 4183 1247 4238 ad
1278 4200 1414 4238 eam.
1451 4184 1735 4253 Ejusmodi
1763 4194 1846 4240 est
1880 4189 2026 4256 quod

451 4269 586 4324 dicit
618 4271 826 4325 :multa
872 4273 975 4326 alia
1021 4287 1144 4328 esse
1181 4289 1210 4327 a
1237 4271 1347 4328 Deo
1375 4273 1428 4327 in
1463 4289 1522 4328 se
1557 4274 1696 4328 facta
1719 4313 1733 4335 ,
1764 4291 1884 4344 qua:
1913 4277 2028 4347 ipse

452 4373 781 4429 cognoscere
822 4377 930 4415 non
981 4362 1172 4431 possit.
1215 4361 1352 4416 Nam
1401 4373 1764 4433 exsuperant,
1813 4366 2023 4436 inquit,

2125 3183 2186 3233 ἐν
2212 3179 2394 3250 ἀπάτῃ
2419 3179 2510 3232 καὶ
2543 3177 2696 3248 δόλῳ,
2723 3179 2816 3231 καὶ
2845 3177 2992 3249 πάσῃ
3025 3177 3246 3248 τοιαύτῃ
3273 3177 3406 3248 ἄλλῃ
3437 3176 3564 3246 ὀδῷ.

2207 3267 2350 3321 Ἰδοὺ
2373 3309 2386 3331 ,
2414 3269 2622 3336 Κύριε,
2651 3268 2732 3320 σὺ
2777 3268 2964 3336 ἔγνως
3005 3265 3200 3318 πάντα
3237 3267 3308 3320 τὰ
3347 3267 3580 3332 ἔσχατα
3613 3267 3714 3320 καὶ

2121 3359 2194 3412 τὰ
2233 3359 2470 3428 ἀρχαῖα.
2515 3360 2594 3411 Τὰ
2631 3359 2772 3430 μέσα
2821 3357 3338 3429 παρασεσιὼπηται,
3391 3358 3480 3411 διὰ
3523 3359 3586 3411 τὸ
3615 3359 3716 3429 τὴν

2123 3449 2320 3503 κακίαν
2351 3447 2491 3502 εἶναι
2525 3451 2582 3502 ὲν
2609 3449 2686 3520 τῷ
2725 3449 2950 3520 μεταξύ.
2977 3451 3050 3501 Οὐ
3079 3451 3186 3521 γὰρ
3213 3446 3280 3520 ἦν
3311 3451 3367 3502 ἐν
3391 3452 3556 3520 ἀρχῇ,
3589 3451 3717 3504 οὐδὲ

2123 3541 2274 3593 ἔσται
2321 3539 2482 3594 πάλιν
2525 3541 2581 3592 ἐν
2608 3539 2772 3594 τέλει.
2805 3540 2888 3592 Σὺ
2917 3539 3193 3604 Exin.ch
3218 3558 3326 3609 με,
3357 3541 3458 3593 καὶ
3487 3541 3716 3608 ἔθηκας

2123 3633 2215 3684 ἐπ’
2247 3632 2353 3700 ἐμὲ
2381 3631 2495 3700 τὴν
2533 3631 2700 3700 χεῖρά
2732 3647 2866 3684 σου.
2907 3633 2968 3684 Εἰ
3011 3633 3106 3684 καὶ
3136 3631 3376 3694 ἔπλασάς
3425 3649 3492 3702 με
3513 3673 3526 3696 ,
3553 3635 3710 3703 φησι,

2125 3723 2224 3777 καὶ
2269 3724 2526 3792 γεγονότα
2552 3723 2880 3796 διακρατείς·
2919 3724 2952 3792 ἡ
2983 3723 3090 3794 γὰρ
3129 3723 3372 3785 ἐπίθεσις
3401 3725 3499 3794 τῆς
3529 3725 3714 3794 χειρὸς

2123 3815 2216 3868 τοῦ
2249 3815 2384 3868 Θεοῦ
2407 3818 2506 3886 τὴν
2533 3815 2930 3886 χορηγηθεῖσαν
2964 3818 3096 3885 ἡμῖν
3127 3815 3220 3868 τοῦ
3257 3815 3396 3868 Πνεύ
3409 3835 3578 3887 ματος
3607 3819 3714 3871 δω-

2129 3907 2256 3977 ρεὰν
2289 3907 2562 3977 σημαίνει·
2594 3907 2668 3969 ὠς
2716 3909 2764 3959 οἱ
2798 3907 3086 3961 ἀπόστολοι
3129 3907 3216 3960 διὰ
3261 3908 3358 3979 τῆς
3409 3909 3720 3972 ἐπιθέσεως·

2123 3998 2231 4050 τῶν
2258 3997 2453 4068 χειρῶν
2481 4001 2736 4068 παρεῖχον
2767 3998 2992 4068 Πνεῦμα
3018 4000 3189 4068 ἅγιον.

2209 4087 2664 4158 Ἐθαυμαστώθη
2703 4091 2741 4156 ἡ
2774 4088 2998 4157 γνῶσίς
3043 4104 3160 4142 σου
3194 4091 3264 4154 ἐξ
3306 4091 3486 4158 ἐμοῦ,
3537 4091 3714 4156 ἐκρα-

2125 4179 2358 4247 ταιώθη,
2385 4181 2457 4233 οὐ
2468 4179 2553 4247 μὴ
2579 4178 2840 4248 δύνωμαι
2865 4181 3013 4248 πρὸς
3031 4184 3140 4234 αὐτ
3151 4180 3242 4248 ἠν.
3279 4185 3342 4234 Ὃ
3366 4181 3512 4249 λέγει
3545 4183 3722 4235 τοιοῦα

2125 4269 2217 4322 τόν
2249 4271 2418 4322 ἐστιν·
2458 4271 2578 4321 ’Ὁτι
2611 4268 2772 4339 ἕτερα
2808 4270 3034 4324 πλεῖστά
3067 4273 3183 4324 ἐστι
3217 4271 3284 4324 τὰ
3313 4271 3421 4323 ἀπὸ
3451 4271 3549 4324 τοῦ
3575 4273 3712 4324 Θεοῦ

2127 4363 2206 4424 είς
2239 4361 2398 4415 αὐτὸν
2435 4361 2800 4432 γεγενημένα,
2835 4362 2930 4418 καὶ
2955 4364 3052 4432 οὐχ
3082 4361 3190 4426 οἷός
3217 4363 3276 4415 τέ
3303 4363 3421 4414 ἐστι
3452 4363 3714 4430 διαγινώ-

450 4447 765 4505 facultatem
817 4467 1016 4517 meam,
1059 4463 1112 4507 et
1157 4468 1348 4508 eorum
1388 4456 1624 4526 cognitio
1677 4468 1860 4514 mente
1909 4476 2026 4514 mea

2156 4467 2302 4504 rxsw.
2342 4451 2698 4522 ’Υπερ6ά).λει
2751 4453 2861 4524 γὰρ
2913 4454 3011 4523 τὴν
3061 4455 3199 4524 ἐμὴν
3242 4453 3503 4522 δύναμιν,
3555 4455 3712 4524 φησὶ,

452 4541 614 4612 longe
659 4543 905 4612 superior
953 4553 1067 4612 est,
1099 4545 1173 4600 ita
1205 4553 1266 4600 ut
1299 4561 1388 4610 ea,
1429 4563 1530 4602 nec
1577 4549 1902 4619 investigare
1931 4565 2030 4604 nec

453 4634 608 4704 loqui
638 4635 862 4704 possim.
893 4635 1243 4708 Quazcnnque
1271 4639 1416 4694 enim
1447 4639 1558 4694 dixi
1601 4657 1765 4710 parva
1808 4642 2030 4711 exigua-

453 4741 563 4795 que
587 4735 733 4780 sunt.
773 4725 980 4782 Divime
1007 4729 1281 4800 siquidem
1312 4731 1531 4786 virtutis
1567 4733 1762 4787 notitia
1793 4734 2028 4804 parvita—

453 4827 562 4872 tem
597 4833 771 4872 meam
801 4818 955 4888 fugit.

527 4989 580 5043 8.
613 4989 673 5044 Si
699 4991 977 5046 ascendere
1005 4996 1060 5048 in
1084 4995 1292 5062 caelum,
1317 5010 1374 5050 tu
1401 4997 1512 5050 illic
1539 5015 1614 5052 es.
1642 4995 1830 5053 Simile
1853 4998 1982 5052 illud
2011 5014 2022 5048 :

455 5079 660 5136 Caelum
697 5083 825 5136 mihi
867 5083 1082 5138 thronus
1120 5097 1198 5140 est
1231 5087 1298 5140 ⁸⁵.
1338 5087 1396 5142 Si
1430 5087 1740 5143 descendere
1777 5091 1832 5142 in
1861 5089 2026 5158 infer-

459 5187 608 5236 num,
635 5171 780 5226 ades.
823 5171 1072 5230 Praedicit
1095 5174 1338 5230 futurum
1369 5175 1584 5232 Domini
1617 5179 1937 5234 descensum
1973 5180 2028 5232 in

457 5261 756 5317 infernum.

527 5353 580 5410 9.
609 5353 670 5409 Si
695 5372 966 5426 sumpsero
985 5374 1180 5426 pennas
1205 5375 1354 5413 meas
1375 5359 1627 5425 diluculo,
1655 5372 1702 5416 et
1729 5361 2031 5416 habitavere

455 5443 512 5495 in
561 5447 807 5505 extremis
851 5450 1036 5501 maris.
1079 5447 1136 5504 ld
1173 5459 1276 5517 est,
1318 5451 1364 5506 si
1413 5451 1673 5520 accipiam
1705 5453 1886 5507 avium
1918 5453 2032 5507 alas

457 5539 699 5592 nondum
725 5538 997 5610 defessas;
1038 5541 1090 5596 id
1117 5543 1260 5598 enim
1291 5543 1561 5614 significat
1595 5545 1746 5612 illud,
1773 5545 2030 5614 diluculo,

527 5711 578 5746 ’³⁸
599 5713 794 5770 Matth.
821 5733 870 5776 v.
900 5718 987 5771 5i.

2129 4546 2222 4598 καὶ
2269 4543 2526 4598 ὲπέκεινά
2569 4545 2682 4596 ἐστι
2727 4547 2826 4615 τῆς
2873 4545 3012 4614 ἐμῆς
3055 4545 3467 4615 καταλήψεως-ὴ
3503 4545 3716 4597 τούτων

2127 4635 2346 4704 γνῶσις,
2375 4636 2450 4699 ὡς
2485 4637 2558 4706 μὴ
2581 4637 2840 4690 δύνασθαί
2876 4654 2944 4706 με
2967 4635 3206 4707 ἐξευρεῖν
3231 4639 3263 4708 ἦ
3291 4637 3526 4701 ἐξειπεῖν
3547 4640 3710 4692 αὐτά.

2130 4727 2270 4780 Ὅσα
2319 4727 2426 4798 γὰρ
2467 4723 2595 4778 εἶπα
2629 4727 2837 4800 σμικρὰ
2869 4729 2962 4782 καὶ
3003 4729 3260 4798 ἐλάχιστα
3285 4729 3562 4798 τυγχάνει.
3597 4731 3715 4796 Τῆς

2127 4819 2235 4891 γὰρ
2264 4819 2452 4888 θεῖκῆς
2479 4819 2759 4889 δυνάμεως
2785 4821 2818 4890 ἡ
2855 4820 3158 4890 κατάληψις
3186 4820 3284 4890 τὴν
3317 4819 3453 4891 ἐμὴν
3487 4821 3718 4892 σμικρό-

2125 4929 2266 4982 τητα
2294 4909 2592 4978 διαφεύγει.

2211 5003 2353 5056 Ἐὰν
2377 5002 2574 5056 ἀναϐῶ
2603 5005 2692 5067 είς
2715 5003 2820 5055 τὸν
2847 5001 3123 5070 οὐρανὸν,
3151 5001 3234 5054 σὺ
3261 5001 3388 5054 ἐκεῖ
3401 4999 3714 5071 εἷ.”Ομοιον

2128 5092 2208 5153 τὸ,
2243 5091 2296 5142 Ὁ
2326 5093 2578 5158 οὐρανός
2598 5109 2700 5160 μοι
2724 5093 2956 5158 θρόνος.
2997 5091 3135 5144 Ἐὰν
3161 5089 3392 5143 καταϐῶ
3415 5093 3505 5156 είς
3532 5091 3712 5156 ᾅδην,

2129 5181 2320 5249 πάρει.
2363 5181 2700 5253 Προφητεύει
2741 5179 2840 5252 τὴν
2883 5181 3181 5252 γενομένην
3214 5183 3292 5244 εἰς
3319 5179 3446 5251 ᾇδου
3482 5181 3720 5234 κάθοδον

2129 5273 2222 5325 τοῦ
2255 5273 2481 5344 Κυρίου.

2215 5364 2356 5416 Ἐὰν
2400 5362 2752 5433 ἀναλάϐοιμι
2795 5365 2896 5431 τὰς
2941 5363 3236 5433 πτέρυγάς
3271 5383 3390 5432 μου
3433 5365 3565 5417 κατ’
3613 5365 3714 5431 ὄρ-

2132 5457 2293 5522 θρον,
2334 5454 2430 5507 καὶ
2479 5455 2925 5522 κατασκηνώσω
2966 5459 3052 5520 εὶς
3090 5457 3160 5508 τὰ
3202 5456 3434 5523 ἔσχατα
3475 5455 3586 5522 τῆς
3615 5460 3714 5510 θα·-

2132 5543 2394 5614 λάσσηρ.
2438 5545 2756 5610 Τουτέστιν,
2802 5549 2848 5598 εἰ
2893 5545 3116 5616 λάϐοιμι
3163 5547 3443 5617 πτέρυγας
3493 5547 3720 5616 πτηνῶν
