3880 6216
435 309 544 365 555

1293 307 1349 362 S.
1388 305 1759 363 ATHANASII
1799 308 1947 363 ΟΡΡ.
1992 308 2173 363 PARS
2211 307 2297 362 lli.
2339 337 2407 349 —-
2446 307 2852 366 EXEGETICA.

3587 310 3696 364 536

435 434 668 485 Causam
701 430 902 484 indicat
931 444 1028 483 cur
1055 427 1122 481 ab
1145 441 1202 481 se
1232 435 1544 496 peccatores
1574 426 1830 495 expellat.
1857 425 2000 492 Ideo,

2108 423 2229 478 τίαν
2265 425 2397 496 φησὶ
2423 424 2490 477 δι’
2519 423 2585 495 ἢν
2613 422 2906 477 ἀπελαύνει
2935 423 3028 492 ἀφ’
3055 422 3248 476 ἑαυτοῦ
3281 423 3406 486 τοὺς
3430 423 3697 494 ἁμαρτω-

436 522 634 590 iuquit,
663 522 1024 590 expelluntur,
1060 519 1185 588 quia
1212 519 1474 572 adversus
1511 518 1677 573 Deum
1707 520 2008 589 loquuntur

436 613 649 683 ipsique
683 622 1006 683 repugnant,
1054 622 1107 665 et
1139 612 1340 666 frustra
1377 614 1504 667 elati
1547 613 1782 682 superbe
1837 621 2005 682 agunt

434 707 722 762 adversum
761 723 929 776 genus
984 705 1302 758 humanum.

501 798 592 861 21,
623 799 714 851 ‘22.
770 796 958 851 Nonne
987 799 1075 866 qui
1100 795 1322 849 oderunt
1369 806 1437 862 te,
1469 795 1711 861 Domine,
1749 797 2005 864 oderam,9

431 889 652 944 Amicos
704 890 924 958 quidem
975 899 1102 944 tuos
1141 890 1432 957 diligebam
1495 899 1548 943 et
1596 890 1651 943 in
1706 890 2000 942 amicitiam

432 997 605 1034 meam
656 983 1024 1051 reeipiebam:
1080 983 1334 1036 inimicos
1369 993 1548 1036 autem
1598 991 1723 1036 tuos
1768 981 2003 1051 perfecte

430 1073 672 1126 oderam.
723 1072 930 1126 Inimici
963 1082 1144 1127 autem
1190 1072 1283 1128 Dei
1321 1084 1449 1128 sunt
1491 1073 1669 1142 primo
1693 1071 1908 1140 quidem
1947 1082 2003 1124 et

427 1162 646 1230 proprie
685 1163 881 1232 impuri
919 1164 1194 1218 daemones
1233 1183 1245 1217 :
1283 1163 1502 1219 secundi
1554 1173 1677 1232 post
1729 1163 1874 1229 illos,
1903 1163 1998 1232 qui

427 1255 788 1309 idololatrian)
818 1254 1133 1318 defendunt,
1165 1265 1220 1309 et
1252 1256 1524 1310 hteresum
1563 1256 1856 1325 principes.

603 1346 671 1399 In
707 1349 864 1415 ﬁnem
891 1346 1229 1402 PSALMUS
1265 1347 1454 1400 David.
1509 1345 1821 1401 CXXXIX.

493 1439 546 1492 1.
604 1437 764 1508 Eripe
798 1457 897 1506 me,
934 1440 1179 1503 Domine,
1211 1441 1275 1493 ab
1308 1440 1519 1494 homine
1567 1441 1729 1493 malo.
1785 1440 1998 1494 Clamat

424 1532 490 1583 ad
526 1530 692 1586 Deum
725 1542 786 1587 ut
809 1534 1104 1588 ulciscatur
1139 1533 1398 1603 injuriam
1433 1548 1463 1586 a
1511 1532 1852 1587 daemonibus
1904 1534 1997 1584 liu-

424 1637 601 1678 manre
632 1633 842 1678 naturae
883 1625 1110 1689 illatam,
1148 1632 1202 1678 et
1254 1632 1315 1678 ut
1359 1623 1704 1694 iniquitatem
1741 1623 1794 1675 in
1829 1631 1995 1691 caput

423 1713 735 1782 iniquorum
766 1725 1066 1770 convertat.
1114 1715 1240 1770 Haec
1291 1724 1474 1771 autem
1505 1716 1670 1771 etiam
1722 1715 1788 1770 de
1819 1715 1994 1771 sensi—

423 1803 625 1860 bilibus
661 1804 902 1862 inimicis
927 1807 1032 1862 dici
1066 1808 1298 1876 possint.

490 1979 544 2032 2.
605 1980 710 2045 Qui
743 1983 1094 2052 cogitaverunt
1120 1985 1448 2054 iniquitatem
1472 1985 1528 2036 in
1557 1984 1732 2049 corde,
1766 1993 1875 2036 tota
1907 1984 1994 2036 die

418 2074 804 2128 constituebant
849 2077 1058 2144 pratia.
1112 2073 1231 2129 Non
1283 2084 1494 2130 tantum
1555 2076 1700 2130 enim
1754 2075 1992 2128 humana

420 2166 706 2220 ratiocinia
745 2167 1120 2231 admiserunt,
1162 2169 1256 2222 sed
1303 2169 1468 2223 etiam
1513 2183 1678 2238 opera
1716 2169 1993 2238 cogitatio-

419 2258 581 2337 nibus
614 2258 952 2326 adjecerunt.
998 2259 1135 2312 lllud
1179 2268 1360 2313 autem
1389 2301 1403 2327 ,
1449 2270 1558 2313 tota
1600 2261 1707 2325 die,
1739 2259 1991 2331 Symma-

418 2347 555 2403 chus
580 2386 598 2417 ,
637 2365 729 2416 per
757 2349 992 2419 singulos
1022 2352 1159 2415 dies,
1194 2353 1602 2421 interpretatur.

487 2439 541 2496 6.
597 2438 765 2494 Juxta
807 2444 908 2496 iter
935 2445 1250 2498 scandalum
1293 2455 1580 2514 posuerunt
1644 2445 1794 2497 mihi.
1864 2444 1989 2499 Haec

416 2529 622 2596 omnia,
655 2531 853 2600 inquit,
887 2530 1180 2598 faciebant,
1216 2540 1276 2586 ut
1301 2549 1524 2588 cursum
1556 2533 1676 2602 ejus
1705 2533 1772 2587 ad
1817 2532 1987 2587 Deum

415 2623 693 2688 sisterent,
722 2624 936 2693 laqueis
972 2626 1137 2694 pedes
1176 2625 1296 2695 ejus
1321 2627 1733 2696 complicantes,
1765 2636 1823 2681 ut
1861 2643 1986 2682 eum

414 2732 444 2769 a
479 2713 577 2770 Dei
615 2723 911 2785 conspectu
938 2716 1256 2787 dejicerent.

483 2889 540 2944 9.
596 2887 681 2943 Ne
715 2890 896 2944 tradas
945 2907 1044 2957 me,
1076 2890 1317 2959 Domine,
1348 2908 1381 2945 a
1411 2892 1671 2947 desiderio
1711 2909 1822 2947 meo
1863 2910 1985 2963 pec-

413 2983 604 3036 eatori.
661 2981 796 3050 Ego,
849 2984 1049 3053 inquit,
1083 2983 1332 3052 Domine,
1379 2987 1612 3040 salutem
1665 2996 1880 3052 expeto,
1917 3002 1986 3040 ne

412 3075 578 3144 igitur
611 3075 958 3145 derelinquas
1008 3091 1115 3141 me,
1174 3092 1242 3130 ne
1283 3092 1350 3130 ex
1397 3077 1498 3131 hac
1544 3079 1630 3132 via
1667 3079 1983 3133 deturbatus

411 3165 598 3220 tradar
646 3168 965 3235 peccaturi,
1030 3167 1238 3221 scilicet
1303 3169 1541 3226 diabolo.
1611 3168 1982 3240 Cogitaverunt

412 3264 598 3309 contra
619 3271 720 3320 me,
760 3273 824 3310 ne
875 3257 1206 3327 derelinquas
1241 3275 1320 3312 me
1379 3276 1440 3313 ne
1478 3261 1612 3330 forte
1660 3261 1980 3314 exaltentur.

414 3345 530 3400 Sub
565 3356 874 3418 legumento
918 3350 1126 3405 alarum
1177 3351 1295 3420 ejus
1342 3353 1553 3422 contegi
1589 3362 1763 3423 rogat,
1803 3363 1855 3407 et
1883 3355 1984 3408 sub

410 3440 618 3508 potenti
656 3455 820 3496 manu
855 3443 992 3512 ejus,
1025 3457 1055 3496 a
1085 3458 1192 3511 qua
1232 3460 1392 3498 nemo
1425 3445 1632 3512 eripere
1666 3454 1881 3515 potest;
1917 3461 1984 3499 ne

411 3532 597 3601 itaque
633 3541 692 3586 ut
733 3533 786 3587 in
823 3534 930 3588 alia
953 3535 1196 3606 qualibet
1234 3550 1293 3589 re
1325 3536 1611 3608 magniﬁce
1651 3537 1908 3591 sentiant.

483 3709 571 3763 10.
634 3709 805 3780 Caput
836 3713 1086 3766 circuitus
1116 3731 1316 3778 eorum,
1362 3715 1532 3780 labor,
1563 3721 1668 3766 etc.
1718 3713 1776 3765 In
1811 3713 1977 3780 ipsos,

408 3800 607 3869 inquit,
637 3799 845 3855 recidat
870 3803 1159 3856 consilium
1196 3818 1408 3858 eorum.
1442 3801 1556 3857 Hoc
1583 3803 1728 3856 enim
1766 3802 1979 3872 signiﬁ-

406 3900 516 3956 cat,
563 3901 726 3962 caput
773 3894 1036 3949 circuitus
1065 3911 1276 3950 eorum.
1325 3895 1500 3964 Caput
1533 3897 1679 3950 enim
1726 3904 1980 3965 peccato-

406 3999 531 4036 rum
554 3993 638 4038 est
663 3985 919 4055 cogitatio
957 3995 1012 4041 et
1040 4002 1255 4042 sensus.
1287 3987 1614 4044 lnsidiarum
1652 3989 1851 4057 quibus
1894 4003 1980 4042 me

405 4079 883 4133 circumdederunt
924 4080 1254 4150 principium
1297 4089 1353 4135 et
1401 4092 1584 4151 caput,
1646 4081 1758 4135 imo
1813 4081 1974 4135 etiam

403 4169 721 4240 defatigatio
766 4181 820 4225 et
863 4172 1017 4225 labor
1048 4173 1292 4242 ipsorum
1327 4173 1614 4227 adversum
1662 4188 1748 4226 me
1785 4188 1976 4226 susce—

402 4272 530 4330 plus
565 4262 618 4316 in
655 4264 803 4332 ipsos
834 4265 1060 4320 recidat.
1106 4265 1256 4331 Quos
1298 4282 1515 4336 :equum
1555 4277 1636 4322 est
1667 4267 1808 4337 ignis
1842 4281 1973 4335 sup-

400 4353 567 4421 plicio
603 4355 763 4409 tradi.

2111 516 2254 580 λούς.
2284 516 2382 569 Διὰ
2418 516 2594 578 τοῦτο,
2624 516 2806 585 φησὶν,
2833 514 3161 578 ἐλαύνονται,
3190 516 3270 567 ὅτι
3301 514 3693 582 ἀντιφθέγγον-

2108 625 2196 660 ται
2228 607 2321 660 καὶ
2366 605 2848 676 ἁντιφιλονεικοῦσι
2874 606 2992 675 Θεῷ
3012 645 3026 668 ,
3057 608 3149 658 καὶ
3183 607 3358 675 μάτην
3388 607 3692 676 ἐπαιρόμε-

2107 715 2186 750 νοι
2222 698 2763 767 καταλαζονευόμενοι
2795 697 2887 750 τοῦ
2919 697 3026 750 τῶν
3057 695 3355 766 ἀνθρώπων
3385 696 3524 766 βίου.

2181 789 2327 858 Οὐχὶ
2355 789 2495 855 τοὺς
2521 789 2854 858 μισοῦντάς
2879 803 2972 852 σε,
3001 789 3198 856 Κύριε,
3226 789 3529 855 ἐμίσησα;
3559 790 3690 842 Ὅτι

2105 885 2229 948 τοὺς
2267 884 2364 955 μέν
2409 885 2534 947 σοὺς
2562 885 2792 954 ἠγάπων
2821 884 2913 937 καὶ
2945 884 3286 954 ἀπεδεχόμην
3314 883 3520 952 φίλους-ο
3555 885 3688 946 τοὺς

2105 975 2159 1029 δὲ
2205 976 2430 1048 ἐχθρούς
2487 993 2579 1029 σου
2625 975 2846 1038 τελείως
2893 978 3134 1046 ἐμίσουν.
3202 975 3413 1046 Ἐχθροὶ
3469 976 3526 1028 δὲ
3580 975 3688 1028 τοῦ

2105 1068 2239 1120 Θεοῦ
2273 1068 2502 1138 πρώτως
2523 1069 2619 1139 μὲν
2646 1068 2739 1120 καὶ
2767 1067 2968 1138 κυρίως
2999 1068 3048 1119 οἱ
3073 1065 3370 1138 ἀκάθαρτοι
3402 1067 3683 1136 δαίμονες·

2103 1158 2342 1230 δεύτεροι
2382 1159 2439 1213 δέ
2481 1161 2596 1229 μετ’
2641 1159 2879 1222 ἐκείνους
2926 1158 2980 1210 οἵ
3022 1175 3079 1210 τε
3111 1158 3208 1228 τὴν
3242 1158 3687 1230 είδωλολατρείαν

2105 1251 2515 1324 πρεσῦεύοντες,
2542 1251 2634 1304 καὶ
2665 1252 2715 1304 οἱ
2741 1250 2848 1302 τῶν
2873 1249 3137 1322 αἱρέσεων
3166 1251 3414 1320 ἀρχηγοί.

2294 1348 2396 1410 Εἰς
2433 1343 2607 1410 τέλος
2642 1345 2948 1396 ΨΑΛΜΟΣ
2972 1340 3051 1406 τῷ
3075 1341 3271 1394 Δαυΐδ.
3300 1344 3458 1395 PAO"

2184 1437 2431 1501 Ἐξέλου
2469 1453 2564 1505 με,
2596 1436 2790 1503 Κύριε,
2816 1434 2884 1498 ἐξ
2913 1432 3221 1502 ἀνθρώπου
3248 1432 3535 1500 πονηροῦ.
3567 1433 3686 1502 Τῆς

2101 1531 2396 1601 γενομένης
2430 1528 2642 1590 ἀδικίας
2671 1526 2823 1598 παρὰ
2855 1526 2963 1579 τῶν
2991 1526 3261 1596 δαιμόνων
3285 1528 3351 1596 τῇ
3385 1522 3684 1595 ἀνθρώπου

2101 1623 2259 1692 φύσει
2288 1621 2620 1690 κεκραγέναι
2655 1618 2790 1690 πρὸς
2831 1618 2922 1672 τὸν
2964 1618 3094 1672 Θεὸν
3144 1617 3364 1687 ποιῆσαι
3402 1616 3500 1686 τὴν
3533 1616 3685 1670 ἐκδί-

2100 1731 2278 1784 κησιν,
2314 1713 2406 1767 καὶ
2438 1711 2804 1784 μεταστρέψαι
2834 1714 2914 1774 εἰς
2940 1710 3178 1780 κεφαλὴν
3209 1709 3316 1762 τῶν
3348 1709 3685 1762 ἀδικούντων

2095 1807 2190 1878 τὴν
2218 1806 2450 1860 ἀδικίαν.
2479 1804 2709 1875 Λεχθείη
2746 1804 2803 1857 δέ
2831 1804 2924 1857 καὶ
2954 1804 3046 1857 ἐπὶ
3070 1802 3340 1874 αἰσθητῶν
3370 1801 3585 1873 ἐχθρῶν
3607 1803 3682 1856 τὰ

2094 1899 2378 1970 λεγόμενα.

2165 1993 2391 2055 Οἵτινες
2437 1988 2794 2057 ἐλογίσαντο
2839 1985 3078 2041 ἀδικίαν
3118 1985 3187 2038 ἐν
3228 1982 3476 2052 καρδίᾳ,
3517 1981 3679 2050 ὅλην

2091 2084 2206 2152 τὴν
2235 2081 2466 2151 ἡμέραν
2505 2078 2896 2148 napi-fraecor
2926 2076 3244 2145 πολέμους.
3277 2077 3348 2128 Οὐ
3375 2076 3484 2146 γὰρ
3512 2076 3679 2144 μόνον

2091 2175 2348 2244 πονηροῖς
2398 2172 2697 2242 ἐχρήσαντο
2749 2168 3049 2237 λογισμοῖς,
3093 2167 3229 2218 ἀλλὰ
3274 2167 3365 2218 καὶ
3418 2168 3487 2220 τὰ
3532 2167 3678 2238 ἔργα

2090 2263 2434 2337 προσέθηκαν
2483 2264 2594 2324 τοῖς
2637 2260 2932 2330 λογισμοῖς.
2977 2259 3050 2311 Τὸ
3082 2257 3168 2317 δὲ.
3195 2257 3353 2327 ὅλην
3382 2258 3499 2325 τὴν
3524 2260 3680 2327 ἡμέ-

2082 2369 2220 2421 ραν,
2250 2354 2278 2404 6
2310 2351 2601 2421 Σύμμαχος
2621 2389 2634 2411 ,
2667 2347 2817 2401 κατὰ
2845 2345 3052 2401 πᾶσαν
3076 2347 3324 2416 ἡμέραν,
3353 2349 3673 2418 ἐρμηνεύει.

2170 2445 2460 2512 Ἐχόμενα
2491 2442 2728 2510 τρίϐους
2757 2439 3073 2494 σκάνδαλα
3097 2441 3304 2493 ἕθεντό
3326 2458 3450 2509 μοι.
3476 2441 3669 2494 Ταῦτα

2089 2535 2264 2589 πάντα
2283 2575 2297 2597 ,
2330 2535 2522 2604 φησὶν,
2551 2533 2786 2596 ἐποίουν,
2809 2532 2906 2584 -ῖνα
2945 2531 3034 2584 τὸν
3076 2531 3272 2602 δρόμον
3303 2534 3542 2595 στήσωσι
3573 2534 3677 2603 τῆς

2088 2625 2228 2678 κατὰ
2268 2625 2398 2677 Θεὸν
2448 2623 2690 2693 πορείας,
2732 2621 2858 2683 τοὺς
2891 2619 3056 2683 πόδας
3089 2620 3253 2673 αὐτοῦ
3284 2622 3480 2689 παγίσι
3514 2638 3675 2692 περι-

2089 2714 2394 2778 ϐάλλοντες,
2443 2713 2530 2764 ἵνα
2561 2707 2659 2782 τῆς
2707 2713 2763 2764 ἐν
2801 2709 2920 2780 Θεῷ
2967 2712 3208 2774 στάσεως
3232 2711 3392 2764 αὐτὸν
3426 2713 3674 2766 καταϐά-

2086 2805 2268 2857 λωσιν.

2155 2900 2212 2950 Μ
2219 2896 2250 2963 ἡ
2282 2894 2559 2964 παραδῷς
2579 2910 2676 2963 με,
2702 2894 2897 2962 Κύριε,
2928 2893 3046 2946 ἀπὸ
3071 2893 3179 2962 τῆς
3205 2894 3670 2964 ἐπιθυμίας.μου

2085 2985 2428 3056 ἁμαρτωλῷ.
2468 2984 2644 3053 Ἐγὼ,
2675 2985 2827 3054 φησι,
2867 2985 3039 3054 Κύριε
3076 2985 3365 3055 ἐπιθυμίαν
3411 2986 3672 3057 ἐπιθυμῶ

2089 3077 2379 3147 σωτηρίας·
2437 3075 2510 3146 μὴ
2557 3071 2650 3129 οὖν
2698 3073 3097 3146 ἐγκαταλείπῃς
3151 3091 3239 3144 με,
3270 3073 3412 3127 ὥστε
3460 3076 3670 3148 ταύτης

2086 3166 2512 3238 παρατραπέντα
2534 3164 2902 3234 παραδοθῆναι
2937 3162 3262 3234 ἁμαρτωλῷ,
3290 3165 3408 3235 ἦτοι
3440 3165 3520 3234 τῷ
3552 3165 3670 3218 δια-

2085 3260 2242 3330 ϐόλῳ.
2274 3258 2693 3326 Διελογίσαντο
2740 3256 2867 3308 κατ’
2905 3255 3070 3323 ἐμοῦ·
3105 3254 3190 3324 μὴ
3224 3256 3668 3325 ἐγκαταλείπῃς

2077 3368 2176 3420 με,
2207 3350 2441 3419 μήποτε
2487 3347 2828 3417 ὐψωθῶσιν.
2876 3347 2964 3400 Ἐν
3000 3347 3177 3420 σκέπῃ
3222 3347 3330 3400 τῶν
3376 3349 3672 3419 πτερύγων

2084 3441 2246 3496 αὐτοῦ
2277 3441 2418 3504 ἀξιοῖ
2446 3439 2841 3510 σκεπασθῆναι,
2877 3439 2971 3492 καὶ
3007 3439 3111 3491 ὑπὸ
3145 3439 3243 3508 τὴν
3269 3441 3540 3511 κραταιὰν
3568 3441 3667 3493 αὐ-

2081 3533 2175 3586 τοῦ
2225 3536 2412 3603 χεῖρα,
2446 3533 2538 3600 ἀφ’
2583 3527 2651 3604 ἦς
2696 3531 2868 3594 οὐδεὶς
2900 3530 3119 3585 δύναται
3153 3531 3430 3603 ἁρπάσαι,
3467 3531 3553 3585 ἵνα
3587 3532 3670 3606 μὴ

2081 3626 2156 3688 ὡς
2185 3625 2276 3677 ἐπί
2310 3642 2360 3677 τι
2390 3623 2516 3678 ἄλλο
2548 3641 2601 3676 τι
2636 3625 3140 3694 μεγαφρονήσωσιν.

2162 3717 2224 3770 Ἠ
2269 3715 2501 3784 κεφαλὴ
2548 3717 2655 3770 τοῦ
2705 3717 3092 3785 κυκλώματος
3137 3715 3355 3771 αὐτῶν.
3397 3718 3513 3770 Ἐπ’
3565 3717 3668 3770 αὑ-

2079 3807 2225 3871 τοὺς,
2256 3808 2439 3878 φησιν,
2471 3806 2612 3860 ἔλθοι
2641 3807 2668 3859 ὃ
2695 3805 3102 3860 ἐϐουλεύσαντο.
3131 3807 3299 3860 Τοῦτο
3330 3807 3438 3878 γὰρ
3467 3809 3667 3878 σημαί-

2079 3915 2157 3952 νει
2191 3900 2224 3968 ή
2259 3897 2468 3968 κεφαλὴ
2509 3897 2603 3950 τοῦ
2639 3897 2997 3968 κυκλώματος
3047 3897 3245 3952 αὐτῶν.
3287 3898 3515 3969 Κεφαλὴ
3548 3898 3665 3970 γὰρ

2077 3989 2187 4042 τῶν
2215 3989 2554 4059 ἁμαρτωλῶν
2590 3992 2617 4043 6
2645 3989 2903 4060 λογισμὸς
2940 3990 3035 4042 καὶ
3064 3991 3097 4059 ἡ
3129 3989 3398 4059 αἴσθησις.
3426 3991 3537 4060 Τῆς
3566 3989 3664 4044 οὖν

2077 4079 2368 4150 ἐπιϐουλῆς
2398 4080 2578 4133 αὐτῶν
2607 4082 2704 4150 τῆς
2738 4083 2858 4133 κατ’
2885 4080 3039 4151 ἐμοῦ,
3065 4080 3130 4133 δι’
3157 4075 3223 4151 ἦς
3250 4081 3567 4135 ἐκύκλωσαν
3593 4101 3666 4153 με

2076 4175 2108 4243 ἡ
2140 4174 2279 4244 ἀρχὴ
2309 4174 2402 4226 καὶ¹
2428 4175 2460 4244 ἡ
2484 4173 2722 4244 κεφαλὴ,
2757 4174 2817 4226 οὐ
2850 4173 2954 4244 μὴν
2985 4173 3119 4227 ἀλλὰ
3163 4174 3256 4226 καὶ
3305 4176 3334 4226 6
3363 4174 3534 4237 κόπος
3559 4177 3662 4228 αὐ-

2076 4265 2203 4326 τῶν,
2233 4265 2326 4318 καὶ
2351 4267 2378 4317 ὁ
2410 4265 2604 4335 μόχθος
2625 4267 2652 4318 6
2681 4267 2800 4317 κατ’
2835 4263 2992 4334 ἐμοῦ,
3027 4265 3105 4328 είς
3137 4264 3333 4328 αὐτοὺς
3358 4263 3521 4317 ἔλθοι.
3551 4266 3662 4330 Οὓς

2077 4355 2170 4407 καὶ
2193 4354 2318 4427 δίκῃ
2345 4355 2714 4426 παραδοθῆναι
2743 4357 2808 4425 τῇ
2837 4353 2926 4406 διὰ
2955 4354 3146 4424 πυρός.

486 4447 579 4500 Η.
635 4445 837 4501 Cadent
866 4465 1023 4518 super
1054 4465 1140 4502 eos
1171 4450 1418 4504 carbones
1448 4451 1502 4503 in
1534 4451 1670 4517 igne.
1702 4447 1836 4503 Nam
1874 4465 1970 4504 ceu

2146 4449 2481 4502 Πεσοῦνσαι
2524 4448 2616 4500 ἐπ’
2658 4449 2879 4515 αὐτοὺς
2921 4449 3214 4517 ἄνθρακες
3239 4447 3310 4501 ἐν
3340 4451 3504 4518 πυρί.
3532 4445 3664 4504 Οἷον

401 4538 640 4607 quodam
686 4539 812 4609 igne
855 4539 937 4594 ira'
970 4549 1061 4596 tua
1096 4543 1351 4596 absumes
1392 4556 1506 4596 eos.
1540 4541 1763 4608 Dejicies
1792 4557 1876 4595 eos
1916 4543 1973 4595 in

400 4629 660 4694 miserias,
694 4640 739 4682 et
766 4645 870 4682 non
899 4630 1201 4685 subsistent.
1230 4631 1485 4685 Decident
1531 4631 1587 4684 in
1610 4633 1968 4696 calamitates,

398 4736 465 4775 ex
490 4721 691 4790 quibus
723 4736 830 4775 non
869 4723 1118 4777 evadent.
1170 4721 1286 4777 Hoc
1326 4733 1504 4776 autem
1553 4724 1777 4792 contigit
1823 4721 1971 4778 Sauli

400 4812 454 4865 in
492 4812 632 4867 bello
682 4812 946 4868 adversus
993 4815 1345 4886 alienigenas.
1385 4814 1461 4871 lbi
1496 4816 1641 4869 enim
1685 4815 1972 4872 confossus

397 4904 563 4957 ﬁnem
599 4903 723 4958 vitae
754 4905 984 4974 accepit.

488 5077 578 5132 12.
627 5077 721 5133 Vir
759 5079 1027 5150 linguosus
1055 5098 1169 5136 non-
1198 5084 1458 5154 dirigetur
1500 5086 1558 5138 in
1595 5094 1756 5139 terra.
1805 5084 1968 5140 Exci-

396 5172 476 5242 pit
503 5172 702 5240 impios
732 5173 872 5243 ignis
897 5184 1155 5230 aeternus.
1183 5175 1249 5231 Et
1280 5179 1332 5230 in
1367 5180 1466 5232 hac
1498 5181 1608 5233 vita
1641 5179 1724 5231 vir
1749 5179 1964 5248 lingnoo

395 5283 492 5322 sus
544 5282 656 5322 non
719 5267 986 5338 dirigetur
1033 5285 1204 5338 usque
1257 5273 1309 5324 in
1363 5272 1544 5326 ﬁnem.
1600 5271 1771 5326 Nemo
1822 5275 1967 5325 enim

396 5363 770 5418 eontentiosus
809 5372 861 5418 et
887 5363 1206 5429 maledicus,
1237 5367 1330 5434 qui
1370 5366 1423 5419 in
1459 5375 1674 5420 terreno
1709 5367 1966 5435 quopiam

393 5452 672 5520 proposito
701 5460 972 5520 versetur,
1001 5453 1254 5522 dirigitur
1283 5473 1297 5509 ι
1342 5471 1406 5509 ex
1449 5470 1516 5510 eo
1543 5472 1780 5526 namque
1823 5459 1966 5526 quod

394 5544 768 5598 contentiosus
801 5545 872 5599 sit
905 5546 1250 5614 pervertitur.
1276 5545 1411 5601 Cum
1454 5548 1600 5602 enim
1650 5549 1965 5618 hujusmodi

395 5633 648 5688 homines
692 5625 930 5705 peccatis
959 5637 1126 5691 dediti
1163 5639 1292 5704 sint,
1322 5656 1428 5709 qua
1459 5641 1672 5695 ratione
1708 5657 1738 5695 a
1768 5642 1968 5697 virtute

394 5721 737 5794 dirigantur?
798 5725 975 5781 Virum
1015 5729 1268 5797 injustam
1319 5730 1458 5785 mala
1491 5733 1696 5800 capient
1733 5733 1788 5786 in
1834 5734 1966 5786 inte-

2076 4538 2183 4610 γάρ
2214 4557 2319 4592 τινι
2349 4539 2484 4610 ’πυρῖ¹
2506 4542 2573 4610 τῇ
2609 4541 2746 4611 ὀργῇ
2780 4539 3180 4603 καταναλὼσεις
3210 4539 3425 4603 αὐτούς.
3470 4543 3665 4595 Κατα-

2077 4629 2277 4696 ϐαλεῒς
2315 4629 2632 4696 αὐτοὺς,ὲν
2676 4632 3130 4698 ταλαιπωρίαις,
3162 4631 3372 4684 καὶού
3396 4632 3483 4700 μὴ
3511 4635 3665 4686 ὑπο-

2074 4722 2286 4776 στῶσι.
2327 4724 2757 4795 Περιπεσοῦνται
2799 4727 3127 4796 συμφοραῖς,
3171 4725 3264 4778 καὶ
3289 4726 3349 4778 οὐ
3375 4727 3664 4796 περιέσονο

2071 4832 2163 4868 ται
2213 4815 2438 4871 τούτων.
2479 4815 2663 4868 Ταῦτα
2707 4816 2764 4868 δέ
2813 4815 3102 4886 συμϐαίνει
3150 4815 3226 4885 τῷ
3265 4816 3438 4869 Σαοὺλ
3478 4819 3538 4870 ἐν
3581 4818 3664 4887 τῷ

2074 4908 2215 4961 κατὰ
2259 4909 2386 4971 τοὺς
2433 4906 2762 4975 ἀλλοφύλους
2813 4907 3052 4978 πολέμῳ.
3106 4908 3252 4960 Ἐκεῖ
3278 4907 3386 4979 γὰρ
3427 4909 3661 4977 σφαγεὶς

2069 5000 2284 5066 ἐδέξατο
2313 5000 2374 5053 τὸ
2397 5001 2489 5053 τοῦ
2524 5001 2639 5069 βίου
2664 4999 2834 5061 τέλος.

2156 5093 2325 5162 Ἀνὴρ
2349 5092 2718 5162 γλωσσώδης
2745 5095 2815 5146 οὐ
2844 5091 3387 5158 κατευθυνθήσεται
3418 5094 3520 5146 ἐπὶ
3546 5092 3661 5162 τῆς

2069 5186 2202 5255 γῆς.
2253 5186 2559 5255 Ἐκδέχεται
2609 5186 2705 5255 μὲν
2749 5186 2874 5248 τοὺς
2914 5185 3130 5249 ἀσεϐεῖς
3167 5187 3226 5238 τὸ
3259 5185 3474 5238 αἰώνιον
3521 5187 3658 5259 πῦρ.

2069 5280 2177 5331 Καὶ
2205 5282 2262 5331 ἐν
2286 5277 2460 5347 τούτῳ
2491 5276 2548 5329 δέ
2579 5277 2656 5346 τῷ
2689 5276 2784 5347 βίῳ
2830 5277 2910 5339 είς
2957 5277 3110 5340 τέλος
3140 5277 3198 5329 οὐ
3231 5276 3659 5348 κατευθυνθήσε-

2067 5385 2158 5418 ται
2186 5365 2536 5436 γλωσσώδης.
2565 5366 2756 5442 Οὐδεὶς
2782 5364 2888 5435 γὰρ
2923 5366 3157 5436 μάχιμος
3178 5382 3236 5417 τε
3266 5366 3359 5417 καὶ
3393 5365 3655 5436 λοίδορος,

2066 5459 2124 5520 ὃς
2152 5460 2298 5510 ἐστιν
2327 5460 2385 5510 ἐν
2419 5461 2483 5529 τῇ
2518 5456 2709 5524 γεώδει
2743 5458 3080 5528 προαιρέσει,
3117 5457 3522 5520 κατευθύνεται,
3551 5457 3660 5511 ὑπὸ

2066 5549 2160 5603 τοῦ
2214 5549 2451 5620 μάχιμος
2497 5546 2637 5602 εἶναι
2686 5549 3131 5621 στρεϐλούμενος.
3169 5549 3658 5620 Φιλαμαρτήμονες

2066 5643 2176 5712 γὰρ
2206 5642 2358 5705 ὄντες
2390 5643 2440 5693 oi
2480 5640 2742 5707 τοιοῦτοι,
2777 5641 2892 5703 πῶς
2938 5642 3029 5694 ὑπ’
3071 5641 3271 5712 ἀρετῆς
3304 5640 3660 5695 κατευθύνον-

2066 5751 2186 5802 ται;
2223 5734 2436 5803 ’Ἄνδρα
2463 5732 2672 5788 ἄδικον
2702 5734 2856 5788 κακὰ
2883 5735 3160 5801 θηρεύσει
3187 5737 3273 5800 είς
3301 5734 3654 5804 διαφθοράν.
