3880 6216
197 259 307 318 557

1295 259 1660 317 EXPOSITIO
1714 261 1784 318 ΙΝ
1833 262 2160 321 PSALMUM
2205 265 2360 322 CXL.

3352 266 3453 323 553

201 375 418 446 Ὥσπερ
466 374 580 446 γὰρ
628 373 732 428 ὑπὸ
771 375 977 430 οἰκείας
1021 374 1175 427 νόσου
1231 375 1600 450 διαφθείρεται
1646 378 1774 433 ἄνευ

1895 382 2008 436 "itu.
2058 380 2224 447 Quasi
2257 382 2402 436 enim
2457 381 2678 451 proprio
2733 380 2836 436 sibi
2873 380 3067 438 morbo
3102 394 3167 433 ex
3214 394 3313 434 sua
3353 379 3453 432 im-

200 472 300 539 τῆς
340 467 535 521 ἑαυτοῦ
587 467 816 530 κακίας,
853 467 1012 537 δίκην
1060 466 1182 530 δοὺς
1229 467 1327 538 τὴν
1377 470 1776 540 προσήκουσαν.

111 596 114 598 ν
209 559 398 622 ’ἱκανὴ
435 558 544 631 γάρ
585 559 733 611 ἐστιν
761 559 880 610 ἀντὶ
911 559 1091 628 πάσης
1130 560 1397 632 τιμωρίας
1427 562 1524 634 τὴν
1553 562 1779 633 ἔχουσαν

200 653 374 723 αὐτὴν
410 652 588 724 ψυχὴν
621 655 653 722 ἡ
689 651 855 704 κακία
881 651 1236 722 διαφθείρειν.

586 746 892 799 ΨΑΛΜΟΣ
923 740 1003 808 τῷ
1031 743 1231 797 Δαυΐδ.
1260 747 1401 800 ΡΜ’.

833 835 1158 900 Ὑπόθεσις.

201 925 426 994 Ὅμοιος
480 925 572 978 καὶ
606 926 767 990 αὐτὸς
811 925 889 997 τῷ
925 928 1099 980 ὀπίσω
1139 931 1348 993 κεῖται,
1400 927 1539 1000 πλὴν
1582 929 1784 999 δογμα-

529 1067 532 1069 .
835 1017 1033 1072 τικώτε
1043 1035 1152 1088 ρος.

271 1105 482 1172 Κύριε,
530 1106 825 1174 ἐκέκραξα
872 1108 1032 1176 πρὸς·
1067 1109 1176 1173 σὲ,
1227 1108 1598 1162 είσάκουσόν
1638 1126 1779 1179 μουο

201 1201 470 1268 πρόσχες
499 1200 572 1268 τῇ
598 1200 770 1269 φωνῇ
795 1200 904 1270 τῆς
925 1201 1190 1271 δεήσεως
1215 1220 1355 1271 μου,
1379 1203 1448 1255 ἐν
1472 1201 1554 1266 τῷ
1583 1219 1786 1271 κεκρα-

201 1290 371 1360 γέναι
412 1309 489 1360 με
520 1293 670 1359 πρὸς
704 1292 797 1345 σέ.
836 1293 900 1344 Ἡ
934 1292 1147 1364 κραυγὴ
1176 1293 1238 1345 τὸ
1271 1292 1518 1346 σύντονον
1545 1293 1643 1363 τῆς
1671 1294 1783 1347 δια-

204 1382 354 1445 νοίας
391 1383 620 1446 πάντως·
647 1383 814 1454 δηλοῖ.
846 1384 1125 1454 Εὐμενῶς,
1153 1385 1308 1456 φησὶ,
1330 1385 1596 1449 Δέσποτα,
1631 1385 1781 1450 δέξαι

202 1473 301 1543 τὴν
326 1472 466 1544 ἐμὴν
492 1473 747 1526 ἱκετείαν.
1119 1511 1123 1515 -

272 1568 742 1636 Κατευθυνθήτω
784 1569 823 1637 ἡ
867 1569 1178 1638 προσευχὴ
1220 1586 1339 1639 μου
1384 1570 1466 1635 ὠς
1521 1569 1781 1638 θυμίαμα

200 1659 460 1715 ἐνώπιόν
488 1677 623 1715 σου.
649 1661 731 1714 Τά
757 1661 864 1714 ἀπὸ
903 1661 1138 1725 διανοίας
1180 1660 1486 1731 θυμιάμασι
1513 1661 1780 1732 παρεικά-

1885 473 2154 542 probitate
2185 475 2388 537 interit,
2430 474 2753 544 congruenti
2805 489 2964 542 poena
3000 473 3283 528 multatus.
3325 471 3455 526 Sola

1884 565 2032 617 enim
2070 563 2392 632 improbitas
2427 564 2666 617 animam
2693 579 2756 618 ca
2801 563 3070 626 all‘ectam,
3101 563 3218 618 vice
3246 562 3453 631 suppli-

1885 654 1955 710 cii
1981 655 2292 726 cujuslibet,
2334 657 2387 708 in
2429 656 2706 709 interitum
2738 655 2980 725 conjicit.

2270 745 2454 802 PSAL
2467 747 2514 800 Μ
2525 746 2612 801 US
2671 747 2860 800 David.
2903 745 3068 802 CXL.

2469 842 2866 908 Argumentum.

1890 930 2097 987 Similis
2124 941 2204 987 est
2237 932 2326 986 hic
2365 933 2608 1008 psalmus
2650 932 3007 1001 przecedenti;
3045 947 3229 986 verum
3260 931 3326 985 ad
3359 931 3457 985 do-

2358 1025 2585 1078 ctrinam
2619 1024 2972 1077 commodior.

1884 1126 1892 1134 ‘
1972 1115 2024 1168 i.
2087 1114 2329 1180 Domine,
2361 1114 2586 1167 clam-avi
2634 1115 2702 1167 ad
2736 1123 2802 1179 te,
2848 1113 3042 1166 exaudi
3081 1129 3198 1167 me:
3251 1113 3456 1166 intende

1885 1208 1998 1262 voci
2038 1207 2435 1277 supplicationis
2467 1223 2595 1260 mea:
2635 1223 2752 1258 cum
2799 1209 3090 1258 clamavero
3121 1206 3188 1257 ad
3241 1215 3304 1258 te“.
3335 1206 3454 1258 Cla-

1885 1316 2008 1354 mor
2039 1300 2440 1353 contentionem
2489 1300 2688 1352 mentis
2736 1313 2960 1367 prorsus
3004 1297 3222 1350 indicat.
3279 1295 3455 1349 Bene-

1883 1393 2030 1456 volo,
2071 1391 2266 1460 inquit,
2306 1392 2522 1457 animo,
2573 1388 2822 1453 Domine,
2872 1388 3061 1458 excipe
3107 1387 3457 1457 supplicatio-

1881 1500 2004 1540 nem
2040 1499 2236 1537 meant.

1951 1574 2006 1627 ξ’..
2072 1573 2346 1642 Dirigatur
2379 1571 2548 1624 oratio
2601 1585 2714 1622 mea
2765 1561 2899 1622 sicut
2948 1570 3216 1622 incensum
3251 1567 3305 1619 in
3333 1581 3457 1618 con-

1883 1675 2058 1735 spectu
2094 1675 2200 1715 tuo.
2237 1661 2366 1728 Quze
2389 1676 2454 1715 ex
2479 1669 2659 1715 mente
2697 1660 3018 1729 procedunt,
3052 1659 3275 1712 incenso
3312 1672 3458 1710 com-

201 1754 306 1817 ζει,
353 1755 449 1808 ἅτε
488 1755 658 1808 λεπτὰ
684 1755 835 1820 ὄντα,
865 1757 958 1808 καὶ
1002 1754 1079 1826 τῷ
1122 1755 1267 1826 μόνῳ
1308 1755 1670 1825 ὰνατιθέμενα
1702 1754 1776 1825 τῷ

1895 1765 2056 1825 parat,
2093 1757 2277 1822 utpote
2307 1767 2428 1822 quae
2464 1752 2680 1806 subtilia
2715 1752 2824 1805 sint
2863 1758 2916 1805 et
2944 1749 3052 1804 Deo
3089 1749 3191 1804 soli
3223 1739 3458 1802 oll‘eran-

200 1845 342 1916 Θεῷ.
382 1848 678 1914 Ἐπαρσις
711 1846 832 1901 τῶν
861 1847 1075 1916 χειρῶν
1109 1864 1228 1915 μου
1256 1847 1437 1900 θυσία
1467 1847 1776 1914 ἐσπερινή.

123 1973 128 1977 -
200 1935 315 2000 Τὰς
344 1937 574 2007 πράξεις
611 1937 710 2001 τάς
741 1937 830 1991 διὰ
875 1939 983 1991 τῶν
1030 1938 1228 2009 χειρῶν
1255 1938 1588 2009 δηλουμένας
1620 1939 1780 2009 θυσίᾳ

201 2029 550 2100 παρεικάζει,
585 2029 681 2082 ἆτε
721 2028 1003 2101 παχύτερα
1041 2029 1168 2082 ὄντα
1215 2030 1363 2102 παρὰ
1392 2031 1492 2092 τὰς
1533 2021 1642 2101 τῆς
1666 2033 1801 2085 δια-.

201 2123 349 2185 νοίας
376 2123 635 2193 αἱρέσεις.
665 2121 737 2174 Τὸ
756 2122 811 2175 δὲ
838 2123 1130 2194 ὲσπερινήν
1158 2131 1342 2192 φησιν,
1373 2124 1455 2177 ὅτι
1482 2124 1587 2196 χρὴ
1619 2125 1778 2198 μέχρι

199 2212 385 2276 τέλους
417 2212 643 2284 πράξεις
675 2213 1010 2284 ἐπιτηδεύειν
1034 2213 1263 2281 ἀγαθάς.

270 2302 412 2367 Θοῦ,
444 2304 642 2371 Κύριε,
669 2303 954 2371 φυλακὴν
984 2303 1062 2369 τῷ
1087 2305 1340 2373 στόματί
1361 2323 1502 2374 μου,
1539 2306 1638 2359 καὶ
1678 2307 1778 2360 θύ-

194 2411 312 2463 ραν
355 2393 645 2464 περιοχῆς
687 2395 820 2463 περὶ
861 2394 934 2448 τὰ
979 2395 1149 2463 χείλη
1186 2413 1327 2464 μου.
1373 2397 1588 2468 Ἐπειδὴ
1638 2398 1778 2467 μέγα

198 2481 305 2538 οἶδε
324 2485 386 2538 τὸ
409 2485 703 2555 κατορθοῦν
730 2487 829 2556 τῆς
850 2483 1100 2555 γλώσσης
1121 2487 1218 2553 τὴν
1247 2487 1509 2558 φυλακὴν,
1533 2489 1622 2541 τὸν
1647 2489 1778 2544 Θεὸν

199 2579 342 2630 αἰτεῖ
360 2577 564 2646 ταύτης
589 2577 687 2645 τὴν
714 2577 1036 2648 ἐγκράτειαν
1062 2577 1210 2648 αὑτῷ
1233 2579 1581 2648 χαρίσασθαι.

273 2667 373 2734 Μὴ
401 2668 686 2735 ἐκκλίνῃς
717 2666 832 2735 τὴν
863 2667 1116 2735 καρδίαν
1153 2685 1271 2737 μου
1312 2672 1398 2735 εἰς
1426 2660 1649 2739 λόγους
1675 2683 1780 2724 πο-

199 2760 431 2826 νηρίας.
461 2758 716 2810 Τουτέστι
752 2759 823 2828 μὴ
854 2759 1216 2832 συγχωρήσῃς
1247 2763 1673 2833 παρατραπῆναι
1700 2765 1798 2824 εἰς’

198 2850 260 2902 τὸ
293 2849 533 2901 ἐναντίον
570 2848 668 2920 τὴν
697 2848 844 2912 ἅπαξ
885 2847 1061 2912 καλῶς
1105 2852 1634 2906 κατασκευασθεῖσάν
1678 2871 1777 2924 μου

197 2947 457 3001 διάνοιαν·
483 2947 570 2999 ἵνα
601 2946 673 3018 μὴ
697 2947 822 3011 νοῶ,
857 2947 1040 3017 φησὶν,
1066 2947 1272 3009 ἐννοίας
1299 2945 1660 3016 παρανομίας.

270 3037 589 3092 amasene:
616 3055 694 3106 με
726 3038 953 3104 δίκαιος
980 3039 1051 3091 ἐν
1079 3036 1252 3103 ἐλέει,
1285 3038 1382 3090 καὶ
1417 3036 1647 3106 ἐλέγξει
1675 3053 1767 3104 με.

1881 1857 1988 1901 tur.
2035 1844 2274 1898 Elevatio
2314 1861 2566 1896 manuum
2609 1858 2841 1896 mearum
2888 1842 3215 1911 sacri/icium
3254 1855 3457 1915 vesper-

1881 1938 2069 1991 tinum.
2104 1936 2278 2004 Opera
2307 1951 2404 2004 per
2448 1950 2645 1988 manus
2673 1929 2818 1988 edita
2850 1933 3120 1988 sacrilicio
3151 1939 3453 2001 comparat,

1880 2032 2008 2099 quia
2045 2030 2390 2084 sensibiliora
2423 2040 2548 2083 sunt
2577 2027 2745 2081 animi
2786 2028 3179 2081 voluntatibus.
3225 2024 3458 2096 Vesper-

1881 2124 2053 2175 tinum
2087 2130 2265 2174 autem
2313 2111 2407 2184 ait,
2443 2120 2570 2190 quia
2601 2113 2810 2189 oportet
2841 2111 2906 2173 ad
2936 2121 3093 2172 linem
3142 2134 3314 2187 usque
3356 2120 3454 2173 bo-

1880 2214 1966 2266 nis
1995 2213 2247 2281 Operibus
2282 2227 2494 2267 vacare.

1951 2307 2004 2362 5.
2069 2306 2233 2370 Pone,
2276 2305 2520 2369 Domine,
2551 2305 2848 2357 custodiam
2885 2304 2964 2356 ori
3007 2320 3137 2369 meo,
3170 2314 3215 2357 et
3263 2303 3454 2356 ostium

1881 2398 2297 2452 circumstantia:
2327 2396 2481 2449 labiis
2516 2397 2665 2449 meis.
2697 2394 2838 2461 Quia
2872 2395 3022 2448 novit
3055 2409 3307 2465 magnam
3339 2408 3456 2447 rem

1880 2505 2001 2546 esse
2052 2490 2290 2559 linguam
2342 2487 2580 2557 perfecte
2631 2487 2927 2552 castodire,
2966 2486 3136 2540 Deum
3192 2494 3349 2556 rogat
3399 2497 3457 2540 ut

1882 2581 1986 2636 sibi
2021 2581 2283 2634 concedat
2321 2580 2518 2647 lingua:
2555 2565 2997 2646 temperantiam.

1951 2673 2006 2726 4.
2065 2671 2188 2725 Νοη
2229 2671 2456 2724 declines
2491 2687 2580 2723 cor
2629 2686 2796 2723 meum
2829 2673 2880 2722 in
2923 2671 3079 2724 verba
3105 2669 3347 2722 malitiw.
3398 2663 3456 2720 Id

1880 2776 1983 2830 est,
2021 2781 2087 2818 ne
2120 2764 2387 2819 concedas
2432 2775 2664 2816 mentem
2711 2777 2888 2815 meam
2921 2762 3086 2816 senth
3129 2763 3295 2831 probe
3324 2776 3457 2814 con-

1882 2859 2158 2913 cinnatam
2192 2857 2245 2909 in
2286 2855 2574 2910 adversum
2605 2870 2844 2923 vergere,
2900 2861 2961 2907 ut
3005 2869 3113 2907 non
3148 2843 3451 2918 admittam,

1883 2949 2080 3017 inquit,
2111 2948 2472 3017 cogitationes
2512 2946 2839 3015 iniquitatis.

1953 3041 2006 3095 5.
2065 3039 2323 3109 Corripiet
2371 3055 2450 3091 me
2470 3039 2650 3107 justus
2681 3039 2736 3090 in
2778 3036 3164 3097 misericordia,
3201 3045 3249 3088 et
3287 3036 3455 3088 incre-

196 3131 388 3183 Πᾶσαν
425 3131 521 3201 μὲν
544 3131 792 3185 παιδείαν
821 3131 1081 3201 δεξαίμην
1117 3129 1210 3183 τοῦ
1236 3129 1464 3191 δικαίου,
1497 3129 1596 3198 τὴν
1620 3127 1771 3179 εὐλο-

1895 3134 2022 3186 mbit
2057 3149 2155 3198 me,
2201 3140 2306 3185 etc.
2348 3124 2577 3185 Omnem
2615 3130 3026 3199 castigationem
3061 3144 3091 3181 a
3125 3126 3277 3196 ‘justo
3311 3119 3454 3180 acci-

197 3222 323 3291 γίαν
355 3222 414 3275 δὲ
445 3223 540 3275 καὶ
580 3222 679 3293 τὴν
717 3223 1006 3277 κολακείαν
1053 3223 1145 3276 τοῦ
1198 3220 1522 3292 ἁμαρτωλοῦ
1557 3221 1630 3290 μὴ
1680 3219 1776 3271 λάε

198 3315 372 3383 εοιμι,
407 3313 472 3367 δι’
509 3308 578 3386 ἦς
607 3313 795 3386 ὥσπερ
847 3313 1025 3367 ἔλαιον
1068 3314 1166 3384 τὴν
1199 3312 1440 3382 κεφαλήν
1473 3328 1573 3381 μου
1607 3327 1776 3364 κατα-

201 3405 467 3476 χρίουσιν.

273 3495 396 3549 Ὀτι
421 3495 509 3549 ἔτι
541 3495 641 3549 καὶ
663 3495 701 3561 ’ἡ
734 3493 1043 3563 προσευχή
1075 3510 1193 3562 μου
1221 3492 1292 3544 ἐν
1319 3491 1448 3557 ταῖς
1477 3489 1778 3556 εὐδοκιαις

197 3585 433 3651 αὐτῶν,
470 3587 892 3654 κατεπόθησαν
935 3586 1192 3655 ἐχόμενα
1244 3582 1462 3652 πέτρας
1501 3587 1553 3636 οἱ
1586 3582 1779 3651 κριταὶ

197 3677 416 3732 αὐτῶν.
456 3679 672 3746 Ἐγγὺς,
714 3679 878 3748 φησι,
907 3679 1112 3745 πέτρας
1145 3675 1421 3745 γενόμενοι
1457 3691 1781 3728 καταποντι-

201 3766 512 3835 σθήσονται.
547 3766 809 3837 Σημαίνει
836 3765 914 3826 δὲ,
947 3765 1022 3828 ὡς
1057 3765 1219 3826 αὐτὸς
1248 3763 1444 3826 αὐτοὺς
1473 3767 1501 3816 ὁ
1545 3766 1779 3835 Χριστὸς

200 3857 588 3910 καταποντίσει
625 3859 706 3920 εἰς
760 3855 848 3926 τῂν
877 3855 1132 3909 ἄϐυσσον.
1174 3855 1553 3908 Ἀκούσονται
1581 3855 1651 3907 τὰ
1669 3854 1781 3922 ῥή-

194 3947 356 4019 ματά
400 3966 554 4017 μου,
601 3946 691 4001 ὅτι
737 3949 1112 4015 ἠδύνθησαν.
1145 3947 1436 4009 Ἐκ6ασις,
1485 3946 1651 4016 φησὶ,
1684 3947 1782 4016 τῆς

200 4042 321 4092 κατ’
353 4038 534 4094 αὐτῶν
571 4038 959 4111 προλεχθείσης
982 4037 1271 4108 τιμωρίας,
1308 4037 1490 4090 πίστιν
1525 4035 1782 4107 ἀληθείας

201 4130 298 4184 καί
329 4128 662 4199 εὐπρεπείας
688 4128 758 4181 τά
797 4128 905 4199 ἐμὰ
931 4128 1146 4181 λάϐοιεν
1177 4130 1416 4199 ῥήματα.

284 4219 443 4272 Ὠσεὶ
488 4218 684 4287 πάχος
735 4218 848 4289 γῆς
898 4218 1119 4288 ἐρράγη
1167 4218 1264 4271 ἐπὶ
1299 4218 1410 4286 τῆς
1455 4217 1590 4286 γῆς.
1634 4219 1777 4286 Πᾶν,

202 4309 371 4381 φησὶ,
412 4309 471 4361 τὸ
511 4309 713 4377 γεῶδες
758 4307 912 4378 ἡμῶν
955 4305 1351 4378 διερρήξαμεν,
1401 4306 1783 4370 ταπεινοῦντες

1878 3226 2022 3295 piam
2052 3243 2065 3278 :
2103 3223 2537 3277 benedictionem
2570 3230 2752 3274 autem
2783 3229 2834 3273 et
2861 3220 3228 3273 adulationem
3258 3231 3453 3286 pecca-

1878 3315 2016 3368 toi'is
2066 3329 2133 3368 ne
2167 3314 2477 3379 admittam,
2518 3304 2624 3381 qua
2680 3301 2844 3365 veluti
2885 3311 3005 3364 oleo
3055 3319 3218 3379 caput
3271 3325 3452 3362 ineunt

1879 3405 2170 3476 inungunt.
2514 3397 2516 3400 ’

1949 3499 2003 3553 6.
2058 3498 2318 3563 Quoniam
2353 3497 2523 3550 adhuc
2555 3507 2601 3550 et
2652 3497 2824 3549 oratio
2865 3511 2978 3548 utea
3026 3496 3081 3548 in
3113 3493 3452 3564 bencplacitis

1878 3606 2078 3652 eorum,
2127 3589 2362 3658 absorpti
2404 3599 2524 3641 sunt
2566 3587 2728 3656 juxta
2771 3594 2976 3655 petram
3007 3585 3214 3652 judices
3249 3599 3450 3637 eorum.

1878 3677 2041 3733 Juxta
2094 3689 2298 3747 petram
2347 3678 2650 3740 constituti,
2691 3677 2787 3736 ait,
2850 3675 3306 3730 absorbebantur.
3371 3672 3455 3726 Si-

1880 3771 2102 3840 gniﬁcat
2130 3778 2311 3823 autem
2343 3771 2518 3836 ipsum
2553 3768 2832 3822 Christum
2869 3782 2962 3820 eos
2993 3766 3045 3818 in
3077 3766 3334 3834 abyssum
3361 3764 3456 3817 de-

1881 3874 2209 3913 mcrsurum.
2238 3857 2468 3911 Audierit
2502 3859 2650 3910 verba
2689 3873 2801 3910 mea
2835 3857 3081 3926 quoniam
3123 3855 3450 3923 placuerunt.

1882 3951 2157 4014 Eventus,
2215 3951 2310 4015 ait,
2368 3950 2714 4018 prienuntiati
2775 3958 2964 4002 contra
3024 3949 3145 4000 illos
3204 3947 3454 4015 supplicii

1882 4043 2096 4096 aderit:
2149 4042 2276 4094 hinc
2323 4050 2503 4093 autem
2549 4041 2792 4095 veritatis
2852 4048 2906 4094 et
2955 4039 3239 4093 modestia:
3290 4037 3454 4091 [idem

1880 4137 2047 4189 verba
2078 4149 2198 4187 mea
2234 4134 2520 4202 accipient.

1955 4227 1985 4242 ρ

1964 4227 2005 4279 ἵ.
2063 4224 2209 4280 Sicut
2237 4226 2528 4278 crassitudo
2562 4233 2714 4277 terra:
2739 4234 2924 4294 erupta
2948 4232 3025 4276 est
3047 4239 3204 4292 super
3232 4231 3450 4275 terram.

1882 4321 2038 4386 Quod
2075 4329 2346 4372 terrenum
2379 4327 2495 4371 crat
2543 4318 2595 4370 in
2639 4317 2817 4380 nobis,
2879 4317 3076 4386 inquit,
3127 4317 3453 4385 tlirupimus,

199 4399 428 4461 ἑαυτοὺς
452 4397 539 4450 διὰ
563 4397 644 4450 σέο
677 4395 848 4459 οὕτως
873 4397 947 4460 ὼς
977 4399 1156 4450 πᾶσαν
1187 4397 1412 4466 δύναμιν
1436 4397 1592 4466 ἡμῶν
1619 4396 1776 4467 μέχρι

1895 4413 2247 4480 nosmetipsos
2275 4420 2494 4480 propter
2539 4420 2590 4464 te
2642 4411 3023 4475 humiliantes;
3066 4411 3138 4462 ita
3171 4417 3230 4462 ut
3274 4410 3456 4464 omnis

198 4487 328 4558 ᾅδου
358 4484 765 4556 κατενεχθῆναι.
793 4485 1012 4554 Ὅμοιον
1038 4484 1092 4536 δὲ
1117 4483 1275 4537 τοῦτο
1301 4483 1399 4554 τῷ,
1424 4485 1636 4537 Ἕνεκα
1661 4484 1774 4538 σοῦ

198 4579 612 4648 θανατούμεθα
642 4577 794 4645 ὅλην
825 4575 939 4645 τὴν
964 4577 1211 4645 ἡμέραν.

274 4776 398 4827 Ὅτι
433 4773 582 4840 πρὸς
609 4771 716 4836 σὲ,
755 4773 949 4840 Κύριε,
987 4773 1182 4840 Κύριε,
1227 4775 1281 4825 οἱ
1316 4773 1610 4842 ὀφθαλμοί
1635 4791 1774 4844 μου.

211 4865 356 4933 Ἐγὼ
387 4865 443 4918 δὲ
465 4865 638 4917 οὐδενὶ
661 4863 766 4916 τῶν
793 4863 1142 4934 ἀνθρωπίνων
1171 4863 1373 4936 θαρῤῶ·
1399 4863 1534 4918 ἀλλὰ
1558 4867 1655 4934 τὴν
1683 4865 1780 4936 σὴν

199 4955 496 5027 προσμένω
525 4955 774 5026 βοήθειαν
797 4995 810 5019 ,
839 4957 933 5008 καὶ
963 4955 1264 5026 παρακαλῶ
1293 4955 1491 5024 ταύτης
1523 4956 1620 5026 τὴν
1643 4958 1780 5028 ἐμὴν

202 5050 280 5120 μὴ
315 5046 665 5116 γυμνωθῆναι
700 5047 900 5116 ψυχήν.
943 5048 1064 5099 Ἐπὶ
1099 5047 1198 5099 σοὶ
1229 5046 1460 5116 ἤλπισα
1481 5087 1494 5109 ,
1521 5047 1607 5116 μὴ
1637 5049 1778 5102 ἀντ..

199 5140 426 5206 ανέλῃς
473 5138 586 5206 τὴν
616 5139 828 5206 ψυχήν
865 5157 1004 5206 μου.
1061 5140 1204 5192 ’szi.
1239 5139 1366 5191 τοῦο
1411 5138 1500 5210 Μὴ
1545 5139 1779 5214 ὲκχύσῃς

199 5229 234 5302 ἢ
267 5228 579 5298 ὲκκενώσῃς
608 5230 707 5299 τῆς
737 5229 949 5292 ἐλπίδος
984 5224 1049 5299 ἧς
1084 5229 1190 5298 ἔχω
1217 5229 1350 5299 πρὸς
1384 5229 1463 5281 σέ.

272 5320 607 5374 Πεσοῦνται
645 5320 713 5373 ἐν
745 5321 1170 5389 ἀμφιϐλήστρῳ
1199 5320 1400 5374 αὐτῶν
1441 5324 1494 5374 οἱ
1520 5321 1780 5390 ἀμαρτω-

199 5413 320 5470 λοι.
383 5413 738 5492 Ἑμπέσοιεν,
793 5416 978 5484 φησὶν,
1022 5416 1103 5476 είς
1151 5413 1220 5467 τὰ
1260 5413 1464 5466 ἑαυτῶν
1512 5413 1704 5468 δίκτυα
1729 5417 1779 5468 οἱ

197 5503 536 5576 ἁμαρτωλοί.
578 5507 927 5574 Καταμόνας
951 5507 1065 5575 elui
1095 5505 1210 5578 ἐγὼ
1243 5505 1353 5572 ἕως
1381 5504 1456 5560 ἂν
1486 5506 1774 5574 παρέλθω.

242 5683 288 5716 ’⁷
322 5681 484 5737 Rom.
517 5695 638 5745 vni,
681 5683 771 5737 '56.

1880 4514 2068 4560 nostra
2098 4505 2268 4556 virtus
2302 4504 2366 4555 ad
2397 4501 2669 4556 infernum
2711 4517 2883 4570 usque
2916 4503 3329 4570 deprimeretur.
3368 4501 3456 4554 Si—

1879 4596 2007 4649 mile
2033 4603 2116 4649 est
2147 4606 2326 4648 autem
2377 4592 2452 4645 illi
2483 4610 2498 4646 :
2535 4591 2760 4656 Propter
2807 4600 2853 4644 te
2905 4592 3293 4660 morti/icainur
3344 4600 3455 4646 tota

1879 4687 1962 4739 die
1990 4685 2058 4738 9".

1951 4776 2003 4829 8.
2060 4774 2200 4840 Quia
2246 4773 2314 4826 ad
2342 4782 2410 4836 te,
2457 4772 2700 4836 Domine,
2734 4771 2977 4838 Domine,
3007 4771 3148 4824 oculi
3189 4773 3310 4826 mei.
3339 4770 3454 4842 Ego

1879 4885 2010 4922 vero
2041 4868 2172 4921 nulli
2202 4867 2453 4920 humanae
2484 4865 2565 4944 rei
2588 4866 2802 4919 conlido
2828 4884 2842 4931 ;
2872 4865 2964 4919 sed
3001 4875 3152 4918 tuum
3197 4879 3455 4934 exspecto

1881 4960 2164 5026 auxilium,
2205 4970 2258 5013 et
2300 4975 2429 5027 rogo
2460 4967 2519 5011 ut
2563 4974 2631 5010 ne
2663 4957 2843 5010 anima
2891 4973 3011 5010 mea
3060 4957 3151 5011 illo
3195 4958 3451 5011 nudetur.

1883 5051 1948 5105 In
1991 5065 2040 5105 te
2085 5051 2310 5120 speravi,
2351 5067 2452 5103 non
2491 5051 2704 5119 auferas
2751 5051 3000 5102 animam
3039 5066 3225 5102 meam.
3263 5047 3316 5102 Id
3349 5059 3454 5110 est,

1883 5157 1948 5194 ne
1990 5140 2234 5194 eﬂ‘undas
2267 5150 2362 5194 aut
2387 5155 2616 5194 evacues
2649 5155 2811 5208 quam
2848 5139 2900 5194 in
2937 5149 2987 5194 te
3027 5140 3259 5209 positam
3299 5153 3453 5206 spent

1883 5233 2076 5286 habeo.

1953 5326 2039 5379 lO.
2101 5324 2302 5379 Cadent
2334 5326 2390 5378 in
2414 5323 2668 5379 retiaculo
2692 5324 2805 5392 ejus
2833 5333 3148 5394 peccatores.
3184 5321 3449 5386 lncidant,

1881 5418 2078 5486 inquit,
2115 5418 2170 5471 in
2202 5435 2299 5472 sua
2349 5420 2480 5472 retia
2531 5431 2846 5487 peccatores
2880 5435 2892 5469 :
2939 5414 3292 5484 Singulariter
3333 5429 3450 5466 sum

1879 5527 1993 5581 ego,
2029 5511 2188 5564 donec
2223 5520 2510 5564 transeam.
2542 5510 2718 5576 Tunc,
2750 5514 2844 5577 ait,
2869 5511 2986 5564 sine
3031 5509 3223 5561 timore
3260 5517 3314 5563 et
3340 5508 3452 5564 sol-
