3880 6216
382 261 485 314 539

1209 256 1266 312 S.
1303 257 1681 312 ATHANASII
1721 257 1872 313 OPP.
1913 255 2094 310 PARS
2131 252 2221 308 Ill.
2263 284 2330 293 —
2369 247 2781 306 EXEGETICA.

3537 241 3648 296 5ιο

379 379 661 434 licitudine
701 379 1066 448 pertransibo,
1112 393 1236 432 cum
1283 378 1384 447 ipsi
1429 389 1744 446 peccatores
1771 380 1822 433 in
1855 395 1954 433 sua

2078 377 2212 441 Γότε,
2249 374 2416 445 φησὶ,
2453 369 2862 442 παρελεύσομαι
2905 361 3124 433 ἀφόϐως
3165 361 3260 414 καὶ
3301 360 3646 431 ἀμερίμνως,

381 471 516 522 retia
578 469 884 523 inciderint.
925 467 1037 536 Ego
1075 481 1206 520 vero
1260 469 1329 522 ab
1375 467 1442 522 iis
1490 476 1804 538 segregatus
1859 466 1954 522 de-

381 575 527 629 gam,
564 561 736 614 d0nec
773 561 893 614 vita:
919 559 1081 612 linem
1115 573 1398 628 accepero.

455 739 504 792 l.
549 736 854 790 Intellectus
909 735 1101 798 David,
1156 753 1273 790 cum
1325 743 1457 790 esset
1513 736 1570 788 in
1615 734 1886 804 spelunca,

961 821 1153 872 oratio.
1198 817 1394 872 CXLI.

975 911 1380 979 Argumentum.

381 1000 566 1055 Oratio
596 1010 646 1056 et
678 1002 808 1054 nihil
839 1000 980 1054 aliud
1017 1009 1146 1054 sunt
1193 1001 1400 1054 istbzec.
1439 999 1641 1053 Verum
1685 999 1958 1054 intellectu

452 1109 588 1161 opus
626 1094 860 1156 habent;
905 1102 963 1146 ιιι
994 1094 1305 1146 ediscamus
1345 1108 1445 1146 nos
1479 1107 1588 1160 quo
1623 1099 1784 1161 pacto
1824 1093 1960 1146 inter

448 1185 630 1236 varias
661 1183 1001 1249 occasiones,
1033 1184 1173 1237 mala
1208 1183 1445 1252 etingere
1471 1184 1769 1237 valeamus.

449 1335 564 1400 2-5.
641 1335 775 1389 Voce
827 1354 942 1389 mea
980 1337 1048 1388 ad
1079 1335 1362 1388 Dominum
1406 1335 1650 1396 clamavi,
1699 1352 1816 1389 voce
1847 1353 1962 1388 mea

379 1429 448 1480 ad
488 1427 772 1480 Dominum
804 1427 1110 1494 deprecatus
1140 1444 1274 1480 sum.
1315 1425 1598 1494 E/fundam
1645 1429 1699 1480 in
1749 1444 1962 1496 conspe—

379 1531 466 1572 ctu
511 1520 623 1588 ejus
678 1521 967 1572 orationem
1025 1537 1212 1572 meam.
1262 1519 1451 1574 Totam
1502 1529 1738 1573 mentem
1781 1535 1958 1584 suam,

379 1611 576 1679 inquit,
625 1609 855 1664 Domino
900 1611 1122 1663 dicavit.
1177 1609 1592 1663 'I‘ribulationem
1630 1626 1800 1663 meam
1841 1619 1963 1662 ante

377 1703 552 1764 ipsum
585 1701 964 1771 pronuntiabo.
1024 1700 1080 1754 ln
1128 1701 1424 1766 curriculo,
1465 1702 1661 1770 inquit,
1697 1716 1798 1770 pro
1847 1701 1958 1769 ipsn

379 1795 562 1848 anima
624 1801 982 1860 concertaus,
1046 1795 1472 1863 supplicationes
1515 1795 1707 1856 oll'ero,
1763 1809 1959 1863 rogans

379 1887 762 1942 tribulationcs
797 1887 990 1942 minui.
1035 1885 1191 1942 Nosti
1223 1889 1411 1957 utique
1449 1901 1535 1940 me
1586 1886 1788 1953 injuria
1838 1901 1960 1954 per-

381 1980 716 2032 secutionem
745 1979 876 2048 pati.

450 2072 504 2124 4.
553 2070 620 2124 In
655 2072 946 2140 deficiendo
978 2089 1041 2126 ea:
1073 2089 1150 2126 me
1181 2073 1425 2140 spiritum
1458 2087 1646 2124 meum.
1688 2071 1830 2134 Haec,
1865 2073 1958 2134 ait,

378 2161 665 2225 faciebam,
699 2163 970 2216 malorum
1034 2164 1382 2217 vehementia
1437 2173 1768 2232 conspecta;
1836 2180 1960 2218 nam

375 2269 544 2322 prope
577 2263 804 2308 mortem
841 2256 1013 2322 ipsam
1045 2256 1319 2310 versabar.
1360 2254 1430 2308 Et
1458 2265 1515 2308 tu
1551 2257 1840 2324 cognovisti
1877 2273 1962 2310 se-

377 2343 536 2396 mitas
586 2359 746 2396 meas.
799 2341 923 2398 "me
975 2346 1138 2398 verba
1175 2363 1187 2398 :
1225 2345 1292 2397 Et
1323 2356 1378 2398 tu
1427 2348 1711 2416 cognovisti
1746 2347 1960 2400 semitas

376 2451 543 2499 meas,
575 2443 703 2489 sunt
751 2435 964 2491 ﬁdentis
1014 2439 1066 2490 in
1114 2438 1236 2492 vita:
1269 2453 1436 2492 cursu
1468 2447 1522 2493 et
1580 2441 1630 2491 in
1673 2439 1956 2507 operibus.

374 2527 512 2582 Cum
549 2529 757 2584 videret
791 2539 972 2584 autem
1007 2531 1325 2600 spirituales
1367 2531 1554 2586 hostes
1586 2543 1842 2586 curantes
1877 2532 1963 2585 iu-

377 2623 592 2677 troduci
641 2621 860 2678 Saule‘m
925 2624 980 2676 in
1035 2624 1390 2692 speluncam,
1449 2623 1669 2678 Davidis
1718 2626 1963 2694 capiendi

376 2729 565 2778 causa,
594 2715 715 2784 jure
763 2715 1024 2769 dicebat:
1074 2714 1468 2768 Absconderunt
1519 2715 1762 2784 laqueum
1811 2716 1962 2782 mihi,

377 2824 542 2877 quem
577 2823 820 2876 praesens
853 2809 1030 2862 oratio
1081 2807 1388 2876 dissipavit.
1439 2805 1572 2860 Nam
1607 2807 1751 2876 quod
1789 2809 1966 2861 homi--

379 2915 476 2954 nes
505 2901 801 2968 spectabat,
837 2901 1269 2969 comprehensus
1317 2899 1598 2968 spelunca,
1643 2901 1789 2953 omni
1829 2899 1960 2953 eﬂ‘u-

379 2992 558 3061 giendi
603 2993 686 3045 via
734 2992 1058 3045 interclusus
1089 3002 1228 3054 erat,
1271 3007 1372 3044 nec
1415 3001 1532 3044 erat
1567 2993 1660 3061 qui
1708 2992 1964 3046 liberaret

377 3099 524 3147 eum,
559 3097 658 3136 nec
683 3083 774 3150 qui
813 3082 1118 3151 requireret
1160 3083 1396 3136 animam
1437 3083 1578 3152 ejus.

447 3173 502 3226 5.
557 3171 622 3224 In
650 3173 736 3225 via
783 3171 880 3224 hac
926 3189 1032 3240 qua
1077 3173 1413 3226 ambulabam
1451 3173 1832 3228 absconderant
1875 3174 1958 3226 la-

379 3278 569 3332 queum
611 3263 760 3316 mihi.
810 3261 866 3315 Si
917 3264 1041 3331 quis
1073 3263 1347 3332 spelunca:
1403 3265 1584 3318 locum
1629 3265 1956 3330 consideret,

383 3354 501 3407 hac
549 3363 919 3423 congruenter
953 3355 1094 3408 dicta
1139 3353 1304 3408 fuisse
1347 3357 1600 3424 reperiet.
1642 3354 1960 3408 Considera-

381 3447 503 3499 bant
545 3447 613 3499 ad
644 3447 913 3500 dexteram
958 3456 1006 3499 ct
1054 3446 1316 3510 videbam,
1361 3456 1410 3499 et
1456 3463 1560 3499 non
1606 3457 1718 3500 erat
1754 3449 1843 3517 qui
1873 3465 1961 3500 co-

381 3548 648 3608 gnosceret
679 3555 778 3592 me.
815 3537 1173 3607 Apponebant
1207 3539 1460 3592 virtutem
1496 3539 1800 3593 colentibus
1826 3555 1959 3594 conv

381 3630 631 3697 gruentia
689 3630 910 3684 malitiae
961 3629 1425 3696 machinamenta,
1463 3631 1716 3685 videlicet
1763 3632 1813 3684 ei
1869 3633 1960 3700 qui

383 3735 508 3772 cum
554 3719 817 3788 sapientia
869 3719 1216 3785 ambulabat;
1271 3719 1680 3774 abseondebant
1734 3735 1832 3788 pro
1881 3721 1960 3774 la-

385 3825 548 3879 queo,
579 3811 900 3879 sapientiam
935 3827 1057 3878 quae
1106 3811 1406 3864 secundum
1457 3810 1628 3864 Deum
1682 3826 1791 3864 non
1841 3821 1960 3878 est;

383 3903 646 3971 quaerenti
688 3903 1053 3970 cognitionem
1115 3904 1463 3972 apponebant
1508 3919 1628 3957 eam
1662 3919 1783 3973 qua:
1826 3903 1962 3957 falso

387 3995 462 4048 ita
487 4003 736 4050 vocatur.
773 3993 886 4050 Hoc
917 4009 1082 4064 porro
1111 3996 1314 4048 dictum
1364 3995 1602 4063 aliquam
1635 3995 1796 4048 habet
1830 4011 1954 4048 cum

387 4085 478 4138 illo
536 4085 872 4149 aliinitatem,
923 4085 1094 4138 Juxta
1149 4087 1251 4138 iter
1304 4085 1619 4138 scandalum
1673 4095 1956 4154 posuerunt

385 4176 534 4230 mihi.
590 4176 829 4232 Possunt
887 4187 1066 4232 autem
1107 4177 1198 4231 hic
1245 4177 1428 4246 laquei
1475 4193 1571 4246 per
1629 4178 1960 4248 hyperbolen

383 4265 680 4331 declarari;
719 4265 771 4318 in
803 4281 939 4334 quos
971 4266 1181 4320 scilicet
1226 4265 1415 4319 incidit
1447 4265 1538 4334 qui
1570 4281 1681 4320 non
1737 4266 1840 4320 sibi
1876 4282 1959 4320 ca-

2061 467 2190 521 ὕταν
2237 465 2390 518 αὐτοὶ
2434 464 2486 514 οἱ
2531 458 2843 530 ἁμαρτωλοὶ
2889 457 3002 517 τοῖς
3049 451 3256 505 ἑαυτῶν
3301 449 3647 520 περιπέσωσι

2061 556 2315 618 δικτύοις.
2363 553 2502 622 Ἐγὼ
2543 553 2600 606 δὲ
2647 549 2850 603 τούτων
2899 543 3317 616 κεχωρισμένως
3355 541 3650 594 διατελέσω

2061 649 2164 711 ἕως
2195 647 2260 700 ἂν
2289 646 2526 714 δέξωμαι
2555 643 2648 695 τοῦ
2679 641 2795 711 βίου
2818 638 2878 692 τὸ
2913 637 3099 708 πέρας.

2129 736 2440 799 Συνέσεως
2465 733 2543 798 τῷ
2573 730 2772 796 Δαυῒὸ,
2798 730 2868 782 ἐν
2895 726 2974 792 τῷ
3001 724 3150 780 εἶναι
3182 723 3370 778 αὐτὸν
3395 723 3467 776 ἐν
3495 720 3580 786 τῷ

2411 816 2708 884 σπηλαίῳ,
2741 810 3071 880 προσευχὴ.
3097 811 3284 862 PMA'.

2357 967 2370 974 _
2701 900 3020 964 Ὑπόθεσις.

2063 997 2344 1069 Προσευχὴ
2383 997 2479 1067 μὲν
2517 995 2631 1048 ἔστι
2663 993 2754 1046 καὶ
2785 991 2932 1044 οὐδὲν
2959 991 3142 1061 ἕτερον
3173 988 3243 1042 τὰ
3285 986 3647 1058 προκείμενα.

2133 1089 2280 1160 Πλὴν
2313 1089 2446 1142 ἀλλὰ
2475 1089 2644 1140 δεῖται
2679 1084 2966 1146 συνέσεως
3001 1083 3148 1145 ὅπως
3180 1079 3244 1133 ἂν
3272 1081 3432 1148 ἡμεῖς
3459 1076 3650 1148 μάθω-

2135 1197 2231 1251 μεν
2279 1179 2382 1232 τίνι
2425 1179 2610 1250 τρόπῳ
2654 1177 2711 1228 ὲν
2755 1174 3138 1246 περιστάσεσιν
3182 1170 3332 1233 ὄντες
3363 1169 3650 1238 διαφυγεῖν

2134 1269 2449 1340 δυνηθῶμεν
2479 1268 2548 1320 τὰ
2575 1266 2804 1337 πονηρά.

2133 1361 2304 1430 Φωνῇ
2332 1379 2450 1430 μου
2496 1361 2644 1428 πρὸς
2676 1361 2893 1426 Κύριον
2933 1356 3254 1426 ἐκέκραξα·
3303 1353 3475 1424 φωνῇ
3525 1371 3650 1424 μου

2062 1451 2211 1518 πρὸς
2234 1453 2452 1519 Κύριον
2478 1449 2752 1516 ἐδεήθην.
2793 1447 3008 1516 Ἐκχεῶ
3035 1445 3289 1500 ἐνώπιον
3317 1443 3504 1498 αὑτοῦ
3529 1443 3654 1510 τὴν

2063 1541 2276 1609 δέησίν
2313 1559 2450 1610 μου.
2491 1540 2658 1611 Ὅλην
2696 1539 2883 1610 ὥσπερ
2909 1539 3006 1610 τὴν
3038 1538 3274 1592 διάνοιαν
3315 1535 3482 1589 αὐτοῦ
3513 1535 3652 1588 ἀνα-

2063 1632 2294 1694 τέθεικε,
2327 1633 2478 1702 φησὶ,
2503 1631 2580 1700 τῷ
2612 1631 2818 1702 Κυρίῳ.
2859 1629 2976 1696 Τὴν
3003 1629 3214 1697 θλίψιν
3235 1644 3354 1696 μου
3390 1625 3656 1678 ἐνώπιον

2063 1725 2248 1778 αὐτοῦ
2278 1722 2610 1792 ἀπαγγελῶ.
2645 1724 2749 1776 Τὸν
2783 1724 2909 1793 περὶ
2933 1721 3122 1792 αὐτῆς,
3157 1721 3310 1791 φησὶ,
3337 1719 3436 1788 τῆς
3467 1717 3654 1788 ψυχῆς

2063 1815 2456 1886 ἀγωνιζόμενος
2507 1816 2738 1886 δρόμον,
2799 1815 2898 1878 τὰς
2945 1816 3158 1884 δεήσεις
3203 1814 3492 1886 ἀναφέρω,
3549 1814 3654 1876 τὰς

2062 1907 2267 1976 θλίψεις
2314 1907 2584 1960 διαδοῦναι
2630 1907 2938 1977 εὐχόμενος.
2983 1907 3068 1969 Ὡς
3103 1907 3164 1959 οὐ
3205 1905 3426 1968 δικαίως
3457 1903 3658 1959 διώκο-

2066 2018 2183 2070 μαι,
2221 2000 2532 2062 ἐπίστασαι,
2567 2001 2748 2068 φησίν.

2145 2091 2248 2144 Ἐν
2274 2092 2353 2158 τῷ
2373 2093 2675 2145 ἐκλείπειν
2700 2091 2768 2156 ἐξ
2796 2091 2940 2160 ἐμοῦ
2961 2091 3026 2144 τὸ
3050 2091 3284 2160 πνεῦμά
3303 2109 3443 2158 μου.
3463 2090 3658 2144 Ταῦτα

2061 2183 2116 2236 es
2145 2183 2331 2253 ἔδρων,
2369 2185 2466 2254 τὴν
2501 2184 2804 2256 ὑπερϐολὴν
2846 2184 3114 2254 θεώμενος
3142 2183 3250 2236 τῶν
3277 2183 3480 2236 κακῶν·
3517 2186 3656 2254 παρ’

2063 2275 2222 2327 αὐτὸν
2252 2275 2361 2346 γὰρ
2393 2275 2734 2346 ἐσκηνούμην
2767 2276 2856 2328 τὸν
2893 2275 3139 2328 θάνατον.
3183 2274 3294 2327 Kal.
3326 2273 3408 2327 σὺ
3456 2275 3656 2344 ἔγνως

2062 2365 2170 2430 τὰς
2215 2367 2450 2433 τρίϐους
2483 2384 2636 2434 μου,
2673 2366 2999 2438 θαρροῦντος
3041 2370 3106 2437 τῇ
3149 2365 3243 2418 τοῦ
3293 2365 3408 2433 βίου
3455 2366 3660 2436 πορείᾳ

2063 2456 2158 2507 καὶ
2189 2458 2306 2518 ταῖς
2347 2455 2578 2527 πράξεσι
2611 2457 2703 2521 τὸ,
2737 2457 2819 2510 Σὺ
2853 2457 3041 2526 ἔγνως
3083 2457 3189 2522 τὰς
3231 2458 3467 2524 τρίϐους
3507 2474 3654 2524 μου.

2076 2545 2246 2616 Ὀρῶν
2265 2547 2320 2599 δὲ
2336 2549 2460 2610 τοὺς
2478 2549 2698 2618 νοητοὺς
2719 2548 2816 2615 τῆς
2840 2546 3016 2616 ψυχῆς
3045 2547 3272 2618 ἐχθροὺς
3297 2546 3660 2618 παρασκευά-

2066 2655 2262 2702 σαντας
2313 2638 2572 2691 εἰσελθεῖν
2622 2639 2711 2691 τὸν
2762 2639 2932 2691 Σαοὺλ
2975 2639 3056 2700 εἰς
3101 2637 3162 2690 τὸ
3211 2637 3474 2707 σπήλαιον
3507 2636 3658 2708 ὑπὲρ

2063 2729 2156 2784 τοῦ
2190 2731 2556 2802 συλληφθῆναι
2582 2733 2670 2784 τὸν
2701 2730 2881 2795 Δαυῒδ,
2912 2731 3133 2794 εἰκότως
3163 2730 3399 2797 ἐλέγετο·
3429 2729 3656 2796 Ἐκρυο

2063 2825 2190 2890 urar
2238 2821 2459 2889 παγίδα
2497 2839 2621 2889 μοι,
2665 2822 2730 2890 ἣν
2777 2819 3086 2892 ἠπαροῦσα
3129 2819 3448 2888 κατήργησε
3478 2834 3654 2888 προσ-

2065 2912 2221 2982 ευχή.
2250 2911 2323 2962 Τὸ
2351 2910 2458 2981 γὰρ
2489 2911 2576 2961 ἐπ’
2611 2909 2935 2980 ἀνθρώποις,
2969 2906 3288 2976 συλληφθεὶς
3313 2909 3372 2958 ὲν
3403 2905 3484 2975 τῷ
3513 2922 3656 2976 σπη-

2063 3003 2220 3070 λαίῳ,
2266 3000 2509 3072 δρασμοῦ
2557 3001 2756 3062 παντὸς
2803 2999 3228 3062 ἁποκέκλειστο,
3265 2998 3359 3050 καὶ
3401 2997 3503 3050 ούκ
3533 2993 3658 3067 ἦνὸ

2064 3093 2346 3164 ῥυόμενος.
2374 3093 2406 3162 ἢ
2439 3090 2682 3160 ἐκζητῶν
2709 3090 2870 3145 αὑτοῦ
2894 3092 2993 3162 τὴν
3014 3090 3212 3162 ψυχήν.

2147 3184 2242 3234 Ἐν
2263 3181 2379 3246 ὀδῷ
2419 3184 2604 3248 ταύτῃ
2699 3181 3074 3249 ἐπορευόμην
3113 3181 3388 3247 ἔκρυψαν
3427 3179 3658 3248 παγίδα

2061 3292 2180 3344 μοι.
2214 3275 2281 3326 El
2307 3291 2391 3336 τις
2418 3275 2508 3326 τὸν
2537 3275 2595 3326 ἐν
2635 3272 2712 3342 τῷ
2747 3273 2995 3342 σπηλαίῳ
3028 3271 3310 3342 λογίσηται
3343 3271 3526 3334 τόπον,
3565 3273 3662 3324 εὐ-

2068 3367 2224 3437 ρήσει
2254 3365 2640 3435 προσηκόντως
2671 3365 2738 3418 τὰ
2769 3364 3050 3434 εἰρημένα.
3093 3364 3434 3417 Κατενόουν
3457 3365 3546 3428 είς
3581 3363 3658 3418 τὰ

2066 3455 2232 3520 δεξιὰ
2271 3457 2368 3509 καὶ
2394 3455 2745 3520 ἐπέϐλεπον,
2777 3456 2874 3508 καὶ
2913 3457 3024 3508 οὐκ
3051 3451 3132 3524 ἦν
3178 3459 3210 3508 ό
3239 3453 3657 3525 ἐπιγινώσκων

2061 3567 2156 3619 με.
2183 3549 2578 3620 Παρατιθέντες
2604 3549 2702 3612 τὰς
2729 3549 3056 3620 ἀγχιθύρους
3087 3548 3284 3610 κακίας
3309 3551 3424 3610 τοῖς
3451 3549 3656 3601 ἀσκου-

2072 3642 2251 3712 μένοις
2284 3642 2524 3710 ἀρεταῖς.
2569 3635 2694 3693 Οἷον
2733 3640 2966 3693 ὁδεύοντι
3013 3640 3106 3692 ἐπὶ
3133 3639 3346 3708 σοφίαν,
3379 3639 3656 3710 ἔκρυπτον

2065 3731 2286 3798 παγίδα,
2329 3729 2517 3798 σοφίαν
2547 3730 2608 3782 οὐ
2637 3728 2792 3781 Θεοῦ⁸
2823 3729 2916 3782 καὶ
2945 3727 3192 3799 ζητοῦντι
3225 3728 3426 3796 γνῶσιν
3445 3767 3460 3792 ,
3513 3745 3658 3799 παρ-

2067 3821 2308 3872 ετίθεσαν
2337 3820 2435 3890 τὴν
2480 3817 2848 3888 ψευδώνυμον.
2893 3818 3044 3886 Ἔχει
3081 3817 3141 3869 δέ
3191 3834 3312 3870 τινα
3357 3817 3654 3887 ὁμοιότητα

2063 3911 2126 3963 τὸ
2172 3909 2332 3980 ῥητὸν
2380 3908 2517 3980 πρὸς
2553 3907 2614 3960 τὸ
2635 3949 2650 3972 ,
2703 3907 2993 3976 Ἐχόμενα
3043 3906 3243 3972 τρίϐου
3268 3947 3282 3972 ,
3331 3903 3654 3958 σκάνδαλα

2063 4001 2269 4054 ἐθεντό
2289 4017 2410 4068 μοι.
2443 3999 2705 4052 Δύνανται
2733 3997 2790 4050 δὲ
2821 3999 2916 4050 καὶ
2943 3997 2998 4050 αἱ
3027 3995 3323 4066 ὑπερϐολαὶ
3355 3994 3650 4065 δηλοῦσθαι

2067 4092 2309 4160 παγίδες,
2359 4094 2437 4155 είς
2467 4091 2532 4155 ἃς
2565 4093 2824 4164 ἐμπίπτει
2861 4096 2888 4146 ὁ
2932 4092 3006 4163 μὴ
3051 4091 3473 4160 φυλαττόμενος,
3521 4091 3654 4161 περὶ

2067 4175 2143 4236 ὧν
2173 4183 2342 4252 λέγει·
2373 4186 2714 4238 Κατενόουν
2755 4187 2836 4249 είς
2870 4185 2942 4237 τὰ
2979 4182 3166 4247 δεξιά.
3197 4183 3322 4246 Τοῖς
3349 4181 3458 4253 γὰρ
3501 4181 3652 4250 φιλο-

2066 4291 2116 4326 τι
2128 4275 2374 4346 μοτέροις
2406 4277 2484 4338 είς
2515 4275 2663 4340 δεξιὰ
2695 4275 2940 4345 παγίδες.

384 4365 494 4422 vet,
556 4356 623 4412 de
664 4357 863 4422 quibus
914 4355 1051 4411 dicit
1093 4375 1104 4410 :
1151 4355 1564 4410 Considerabam
1623 4355 1693 4408 ad
1739 4358 2028 4415 dexteram.
2089 4363 2570 4421 Ambitiosioribus
2617 4365 2760 4420 enim
2819 4365 2885 4419 ad
2929 4365 3206 4419 dexteram
3257 4363 3435 4434 laquei
3487 4363 3652 4432 positi

384 4458 514 4507 sunt

457 4563 622 4617 Periit
655 4562 780 4632 fuga
807 4579 840 4616 a
869 4579 971 4627 me,
1002 4571 1052 4617 et
1081 4577 1186 4614 non
1219 4565 1294 4612 est
1329 4559 1417 4628 qui
1447 4558 1679 4628 requirat
1722 4561 1958 4614 animam
1991 4569 2033 4621 ι)

385 4673 574 4710 meam.
607 4655 765 4710 Nulla
793 4657 992 4726 quippe
1023 4663 1303 4724 supererat
1349 4652 1589 4723 fugiendi
1619 4651 1702 4704 via
1745 4652 1800 4705 in
1839 4667 1960 4720 spe-

385 4750 568 4807 lunca.
619 4765 742 4804 cum
797 4759 922 4803 ante
989 4749 1189 4802 ostiqu
1246 4746 1628 4801 obsiderentur
1687 4759 1718 4797 a
1775 4742 1956 4799 Saule.

386 4839 576 4904 Nemo,
615 4839 710 4902 ait,
741 4840 935 4892 anima:
969 4853 1103 4892 meae
1137 4836 1365 4891 salutem
1400 4835 1614 4903 quaerit.

455 5023 508 5080 6.
563 5023 800 5078 Clamavi
833 5021 900 5073 ad
925 5031 992 5082 te,
1023 5020 1266 5074 Domine.
1303 5019 1358 5072 In
1401 5019 1577 5088 ipsum
1609 5016 1754 5072 enim
1783 5016 1958 5070 solum

391 5133 540 5188 spem
581 5115 771 5169 salutis
799 5127 1062 5182 reponere
1090 5111 1366 5166 convenit.

461 5210 514 5265 8.
581 5206 732 5260 Educ
783 5207 846 5260 de
885 5204 1126 5258 custodia
1177 5203 1412 5255 animam
1473 5217 1659 5253 meam.
1716 5197 1840 5253 Haec
1886 5197 1964 5252 ait

391 5287 548 5370 quasi
600 5300 666 5354 ad
719 5299 1034 5368 speluncam
1083 5295 1400 5364 respiciens.
1455 5291 1818 5364 Symmachus
1865 5307 1966 5344 au-

395 5407 502 5451 tem
540 5415 553 5449 :
594 5395 746 5448 Educ
779 5412 810 5447 a
842 5393 1175 5446 conclusione
1205 5391 1438 5442 animam
1469 5405 1659 5442 meam.
1683 5387 1764 5440 Ad
1793 5387 1962 5455 conﬁ-

397 5485 612 5538 tendum
645 5485 848 5538 nomini
881 5495 990 5536 tuo.
1025 5480 1258 5547 Quando
1291 5495 1396 5544 me,
1427 5479 1522 5542 ait,
1559 5479 1628 5532 ab
1653 5477 1964 5546 bujusmodi

395 5593 638 5632 aerumna
687 5586 741 5632 et
792 5593 819 5631 a
886 5575 1136 5630 custodia
1198 5573 1464 5637 liberasti,
1515 5569 1610 5625 tibi
1667 5569 1961 5638 gratiarum

397 5669 626 5724 actionis
655 5667 864 5724 cantica
901 5667 1215 5737 rependam.
1263 5663 1344 5718 Me
1375 5670 1674 5732 exspectant
1703 5660 1828 5722 iusti
1871 5659 1966 5712 do-

2146 4561 2428 4616 Ἆξτὼλετο
2471 4561 2632 4630 φυγὴ
2667 4561 2768 4614 ἀπ’
2797 4559 2942 4629 ἐμοῦ
2960 4601 2975 4626 ,
3007 4561 3106 4613 καὶ
3142 4562 3254 4614 οὐκ
3283 4561 3455 4614 ἐστιν
3483 4564 3518 4614 ὁ
3547 4561 3650 4616 ἐκ-

2067 4651 2253 4720 ζὴτῶν
2294 4653 2409 4720 τὴν
2446 4650 2659 4722 ψυχήν
2681 4669 2821 4720 μου.
2854 4653 2929 4703 Οὐ
2964 4652 3072 4722 γὰρ
3113 4647 3181 4722 ἦν
3229 4650 3650 4722 ἀποδιδράσκειν

2066 4745 2130 4796 ὲκ
2150 4743 2242 4796 τοῦ
2271 4743 2534 4812 σπηλαίου
2554 4741 2660 4794 τῶν
2685 4741 2993 4812 ἔμπροσθεν
3019 4742 3394 4812 κατεχομένων
3420 4741 3527 4794 ὑπὸ
3551 4743 3650 4794 τοῦ

2067 4835 2260 4891 Σαούλ.
2294 4835 2510 4900 Οὐδεὶς,
2547 4835 2701 4905 φησὶ,
2737 4835 2834 4905 τῆς
2872 4834 3008 4904 ἐμῆς
3040 4835 3216 4906 ψυχῆς
3245 4833 3340 4905 τὴν
3369 4835 3650 4905 σωτηρίαν

2065 4927 2312 4998 ἐπιζητεῖ

2151 5017 2473 5086 Ἑκέκραξα
2505 5019 2656 5086 πρὸς
2681 5019 2777 5084 σὲ,
2811 5020 3004 5087 Κύριε.
3047 5017 3162 5070 Ἐπ’
3187 5015 3334 5075 αὐτῶ
3363 5015 3470 5089 γὰρ
3497 5016 3650 5086 μόνῳ

2066 5110 2232 5162 δεῖται
2257 5110 2355 5174 τὰς
2386 5111 2606 5173 ἐλπίδας
2629 5113 2726 5181 τῆς
2758 5111 3054 5182 σωτηρίας..

2153 5202 2434 5272 Ἐξάγαγε
2475 5204 2541 5256 ἐκ
2589 5201 2869 5271 φυλακῆς
2897 5201 3010 5268 τὴν
3043 5203 3255 5269 ψυχήν
3285 5218 3422 5270 μου.
3456 5199 3650 5256 Ταῦτά

2069 5311 2231 5365 φησιν
2259 5293 2332 5356 ὼς
2365 5303 2499 5364 προς
2531 5293 2618 5346 τὸν
2649 5292 2741 5344 τοῦ
2777 5289 3042 5362 σπηλαίου
3085 5291 3269 5344 τόπον.
3313 5291 3370 5342 ’0
3412 5289 3468 5340 δὲ
3498 5288 3646 5358 Σύμ-

2072 5402 2258 5455 μαχος·
2314 5384 2470 5448 Ἔξω
2511 5385 2769 5449 ποίησον
2822 5381 3231 5448 ἀποκλεισμοῦ
3279 5379 3391 5445 τὴν
3431 5377 3648 5446 ψυχήν

2062 5492 2202 5543 μου.
2265 5473 2372 5526 Τοῦ
2432 5471 2990 5542 ἐξομολογήσασθαι
3047 5468 3126 5534 τῷ
3195 5467 3442 5537 ὀνόματί
3501 5484 3644 5521 σου.

2086 5563 2349 5629 Ἐπειδὰν,
2404 5565 2556 5636 φησὶ,
2599 5563 2800 5634 ταύτης
2849 5581 2916 5635 με
2948 5565 3047 5634 τῆς
3095 5562 3324 5631 θλίψεως
3365 5557 3644 5622 ἀπέλυσας

2073 5659 2164 5712 καὶ
2201 5675 2299 5728 της
2347 5659 2597 5728 εἱρκτῆς,
2647 5657 3088 5728 εὐχαριστηρίους
3131 5653 3434 5724 ἀναπέμψω
3471 5649 3640 5722 ᾠδάς.
