3880 6216
221 314 322 368 5M

1307 299 1676 358 EXPOSITIO
1717 297 1782 352 IN
1822 292 2158 350 PSALMUM
2195 290 2422 348 CXLIII.
3395 273 3502 327 ΜΞ

231 432 369 502 Ἐμὲ
396 429 771 499 ὑπομένουσι
802 427 1015 481 δίκαιοι
1047 426 1159 491 ἕως
1205 420 1276 480 οὗ
1323 420 1673 486 ἁνταποδῷς
1693 436 1815 489 μοι.

1973 431 2016 469 2c
2043 414 2306 468 retribuas
2349 409 2499 463 mihi.
2552 405 2608 460 Si
2644 419 2730 459 me
2763 401 2962 458 exhinc
2994 396 3274 456 eduxeris.
3304 392 3502 462 inquit,

232 525 365 579 Ἐὰν
392 523 665 595 ὲξαγάγῃς
695 538 782 591 με,
814 520 999 590 φησὶν,
1033 517 1280 571 ἐντεῦθεν
1311 514 1681 586 ἀμειψάμενός
1712 529 1812 582 μου

219 619 324 684 τὰς
354 617 567 686 ἀγαθὰς
599 615 850 688 πράξεις,
895 613 990 665 καὶ
1037 613 1087 663 οἱ
1115 611 1292 662 λοιποὶ
1317 609 1513 660 δίκαιοι
1541 607 1640 677 ἐμὲ
1680 605 1814 656 ὑπό-

1919 509 1974 562 iu
2007 506 2314 561 mercedem
2357 502 2627 556 bonorum
2658 510 2908 565 operum,
2938 489 3131 559 reliqui
3155 486 3291 558 justi
3332 500 3416 538 me
3448 483 3505 536 in

1921 597 2232 666 exemplum
2267 609 2380 664 pra:
2409 591 2582 645 oculis
2609 588 2892 648 habentes,
2922 592 2977 638 et
3013 598 3078 637 ex
3108 581 3176 634 iis
3207 593 3329 649 qua:
3366 573 3505 630 mihi

221 677 426 781 δειγμα
459 677 566 780 πρδ
594 677 889 777 ὀιρθαλμῶν
914 705 1160 775 ἔχοντες,
1195 703 1289 756 καὶ
1327 703 1392 755 ὲκ
1421 701 1530 753 τῶν
1565 701 1684 753 κατ’
1717 698 1816 768 ἐμὲ

1973 691 2268 757 mtigerunt
2305 700 2426 755 qum
2471 683 2618 752 ipsos
2666 686 2912 748 spectant
2946 689 3130 730 secum
3165 677 3503 739 reputantes,

221 803 294 856 τὰ
326 805 450 855 κατ’
479 801 685 863 αὐτοὺς
705 797 1224 868 ἁποταμιευόμενοι,
1248 792 1586 848 ἀποδώσουσί
1611 808 1692 844 σοι
1720 789 1819 852 τὰς

223 897 381 959 λιτὰς
412 895 506 948 καί
534 913 616 947 σοι
652 891 1148 966 προσδραμοῦνται.

231 1004 551 1062 ΨΑΛΜΟΣ
586 1003 748 1072 ᾠδῆς
776 1002 856 1068 τῷ
887 1004 1088 1068 Δαυῒδ,
1122 1003 1220 1055 ὅτε
1247 1001 1606 1055 κατεδίωκεν
1633 999 1821 1054 αὑτὸν

499 1096 532 1147 ὁ
557 1091 686 1158 υίὸς
708 1092 895 1146 αὑτοῦ
933 1092 1333 1160 Ἀϐεσσαλώμ.
1359 1093 1545 1143 PMB'.

865 1185 1193 1250 Ύπόθεσις.

229 1281 343 1333 Καὶ
372 1271 526 1342 οὗτος
557 1279 750 1350 ὁμοίαν
794 1277 906 1348 ἔχει
946 1276 1040 1329 τοῦ
1073 1277 1178 1348 πρὸ
1218 1274 1385 1328 αὑτοῦ
1417 1275 1514 1345 τὴν
1544 1274 1818 1327 ὑπόθεσιν.

302 1372 538 1442 Εὔχεται
581 1371 691 1444 γὰρ
735 1372 841 1424 ἀπὸ
874 1370 984 1424 τῶν
1027 1369 1331 1423 διωκόντων
1375 1369 1666 1445 ρυσθῆναι,
1695 1368 1768 1431 ὡς
1795 1371 1824 1420 ὁ

318 1464 640 1527 ’Δπόστολὸς
684 1481 836 1534 φησι.
887 1461 1143 1523 Τυπικῶς
1171 1461 1227 1514 δὲ
1267 1460 1441 1514 ταῦτα
1482 1460 1679 1530 συνέϐη
1713 1462 1824 1522 τοῖς

303 1553 718 1623 ἀρχαιοτέροις·
771 1553 990 1624 ἐγράφη
1032 1553 1089 1606 δὲ
1142 1552 1278 1623 πρὸς
1325 1549 1608 1604 νουθεσίαν
1644 1549 1820 1619 ἡμῶν.

302 1644 685 1716 Διδασκόμεθα
709 1644 887 1697 τοίνυν
925 1646 981 1696 ὲν
1007 1643 1391 1715 περιστάσεσιν
1421 1641 1514 1693 ἐπὶ
1546 1640 1702 1710 μόνον
1727 1657 1827 1692 κα-

306 1736 602 1806 ταφεύγειν
644 1735 734 1788 τὸν
763 1734 916 1788 Θεόν.
961 1735 1160 1788 Ἰστέον
1191 1733 1248 1786 δὲ
1279 1735 1359 1786 ὅτι
1387 1731 1716 1802 ἀναφέρεται
1748 1732 1828 1792 εἰς

306 1829 370 1882 τὸ
392 1830 490 1899 τῆς
521 1828 936 1903 ἀνθρωπότητος
967 1827 1256 1896 πρόσωπον
1286 1829 1318 1896 ἡ
1355 1823 1628 1896 προσευχὴ
1660 1840 1828 1877 κατα-

305 1918 644 1988 διωκομένης
675 1919 768 1970 καὶ
801 1917 1122 1987 Θλιὸομένης
1153 1917 1256 1968 ὑπὸ
1283 1914 1376 1968 τοῦ
1408 1913 1829 1982 πλεονεκτήσαν-

306 2027 400 2072 τος
429 2009 660 2071 Σατανᾶ,
692 2004 752 2062 οῦ
777 2009 870 2061 καὶ¹
902 2007 1166 2078 ρυσθῆναι
1196 2005 1416 2076 εὔχεται
1447 2004 1535 2057 διὰ
1561 2006 1658 2075 τῆς
1688 2021 1828 2074 παρ-

307 2099 495 2163 ουσίας
522 2098 615 2151 τοῦ
650 2097 1009 2165 Μονογενοῦς.

309 2194 519 2261 Κύριε,
564 2193 932 2246 εἰσάκουσον
977 2191 1090 2260 τῆς
1122 2189 1470 2259 προσευχῆς
1508 2206 1648 2258 μου.
1698 2188 1825 2240 Εἰσ-

236 2285 593 2356 ακουσθῆναι,
616 2286 799 2355 φησὶν,
819 2283 954 2348 ἀξιῶ
975 2283 1061 2336 διὰ
1075 2283 1173 2353 τῆς
1200 2283 1296 2352 σῆς
1316 2279 1823 2350 ἀληθείας.”ομοιον

233 2375 294 2427 δὲ
328 2374 460 2426 ὡσεὶ
488 2373 654 2442 λέγοι·
696 2375 828 2426 Ἔσο
869 2391 956 2443 μοι
988 2373 1256 2442 ὑπήκοος,
1291 2370 1380 2422 τὸν
1414 2370 1694 2439 Μονογενῆ
1730 2386 1824 2421 σου

236 2465 588 2534 ἀποστείλας,
619 2466 678 2530 ὃς
708 2467 854 2519 ἐστιν
877 2464 1102 2536 ἀλήθεια
1131 2463 1224 2516 καὶ
1256 2461 1592 2531 δικαιοσύνη.

1923 781 2350 852 supplicationes
2376 776 2600 832 oli‘erent
2631 772 2726 827 tibi
2753 780 2807 826 et
2840 769 2905 824 ad
2933 779 2984 823 te
3013 774 3324 822 accurrenl.

1923 1003 1976 1055 I.
2023 992 2367 1052 PSALMUS
2397 992 2592 1045 cantici
2630 990 2826 1053 David,
2857 984 3068 1058 quando
3099 992 3507 1052 persequeoatur

2137 1103 2254 1142 eum
2301 1084 2608 1139 Abessalom
2665 1082 2810 1151 filius
2864 1079 3000 1149 ejus.
3055 1073 3286 1131 CXLII.

2512 1178 2910 1245 Argumentum.

1930 1277 2137 1331 Similis
2194 1271 2504 1343 argumenti
2559 1284 2683 1322 cum
2743 1267 2925 1334 priore
2974 1271 3058 1317 est
3095 1260 3186 1314 hic
3233 1257 3505 1328 psalmus.

1997 1369 2174 1436 Rogat
2233 1365 2380 1420 enim
2434 1361 2654 1416 liberari
2713 1374 2743 1412 a
2796 1352 3271 1426 persequentibus,
3325 1357 3385 1402 ut
3429 1350 3508 1400 ait

1995 1458 2312 1529 Apostolus.
2362 1455 2618 1523 Figurate
2660 1460 2841 1505 autem
2887 1447 3076 1500 istbaac
3104 1440 3508 1511 antiquioribus

1997 1549 2290 1618 contigere,
2333 1545 2648 1613 scriptaque
2697 1548 2825 1595 sunt
2873 1537 2940 1591 ad
2987 1533 3343 1590 mouitiouem
3401 1547 3507 1584 no-

2013 1651 2208 1696 stram.
2255 1638 2527 1692 Docemur
2576 1635 2764 1703 itaque
2806 1632 2860 1686 in
2901 1628 3284 1685 occasionibus
3322 1624 3389 1679 ad
3421 1639 3510 1678 so-

2016 1734 2128 1788 lum
2196 1730 2367 1785 Deum
2423 1726 2739 1796 confugere.
2807 1721 3102 1777 Sciendum
3167 1726 3350 1771 autem
3401 1723 3508 1782 est,

2023 1825 2331 1880 orationem
2361 1820 2557 1876 referri
2596 1820 2662 1873 ad
2696 1831 2984 1887 personam
3017 1815 3271 1868 humana:
3298 1819 3511 1864 naturae

2015 1918 2234 1988 agitatae
2267 1925 2321 1971 et
2355 1915 2565 1969 alllictaa
2609 1913 2677 1966 ab
2733 1916 3020 1980 arrogante
3066 1907 3158 1960 illo
3203 1903 3428 1968 Satana,
3477 1917 3510 1955 a

2013 2027 2122 2081 quo
2154 2025 2250 2079 per
2284 2006 2556 2076 Uuigeniti
2589 2005 2881 2058 adventum
2919 1998 3113 2054 redimi
3155 2011 3217 2052 se
3247 1992 3506 2064 postulat.

2001 2184 2056 2238 ἓ.
2122 2182 2382 2245 Domine,
2438 2181 2632 2234 exaudi
2681 2179 2971 2232 orationem
3015 2191 3205 2228 meam.
3246 2169 3509 2227 Exaudiri

1931 2293 2039 2341 me,
2089 2261 2284 2344 inquit,
2338 2274 2553 2343 postulo
2605 2286 2700 2340 per
2735 2271 3018 2324 veritatem
3053 2276 3226 2322 tuam.
3278 2264 3512 2318 Perinde

1932 2379 2111 2422 autem
2142 2375 2226 2422 est
2259 2381 2323 2420 ac
2352 2366 2397 2419 si
2430 2365 2664 2418 diceret:
2697 2361 2908 2415 Exaudi
2942 2375 3050 2423 me,
3084 2360 3346 2427 mitteque
3377 2355 3510 2410 Uni-

1934 2459 2175 2530 genitum
2205 2467 2379 2522 tuum,
2415 2456 2508 2525 qui
2541 2462 2625 2509 est
2663 2453 2861 2508 veritas
2899 2459 2952 2507 et
2977 2449 3213 2521 iustitia.

1273 2579 1454 2649 (Deest
1494 2593 1664 2632 unum
1714 2575 1904 2629 folium
1954 2575 2010 2629 in
2053 2574 2207 2629 Colb.
2253 2573 2289 2627 2
2322 2582 2376 2628 et
2413 2572 2490 2640 5.)

327 2676 605 2731 Ἐκάθισέ
641 2694 719 2745 με
765 2677 836 2730 ἐν
876 2674 1211 2740 σκοτεινοῖς
1242 2673 1383 2727 ὡσεὶ
1417 2671 1668 2740 νεκροὺς
1694 2669 1832 2723 ald;-

238 2787 370 2835 νος.
399 2769 624 2823 Σκοτίαν
653 2769 751 2840 τὴν
778 2769 1048 2837 ἀγνωσίαν
1073 2769 1138 2838 ἣν
1169 2767 1293 2837 ἔσχε
1321 2765 1452 2818 ποτὲ
1473 2763 1640 2836 δηλοῖ.
1667 2763 1832 2815 Οὐδὲν

240 2862 355 2930 γὰρ
389 2861 716 2932 διεφερόμην
750 2861 967 2932 νεκροῦ.
995 2861 1241 2932 Νεκροὺς
1275 2858 1527 2921 αἰωνίους
1573 2857 1698 2919 τοὺς
1729 2856 1834 2908 πά-

239 2956 336 3008 λαι
368 2955 757 3023 εἰδωλολατρας
787 2955 972 3025 φησίν.

323 3129 481 3198 Ταχὺ
516 3128 885 3183 εἰσάκουσον
908 3146 1050 3198 μου,
1076 3128 1271 3197 Κύριε,
1295 3125 1536 3190 ἐξέλιπε
1559 3125 1622 3179 τὸ
1650 3125 1828 3180 πνεῦ-

235 3223 331 3293 μά
365 3240 508 3292 μου.
558 3224 645 3275 Ἐν
689 3225 810 3285 ταῖς
860 3221 1116 3292 ἐσχάταις
1165 3220 1568 3291 περιστάσεσιν,
1615 3221 1832 3274 ἐπειδὰν

244 3315 652 3367 ἀνακινδυνεύει
694 3315 836 3377 τινὸς
879 3315 911 3385 ἡ
949 3313 1116 3384 ψυχὴ,
1148 3313 1419 3384 προσήκει
1446 3309 1604 3366 τοῦτο
1635 3313 1833 3382 λέγειν,

242 3408 310 3460 οὐ
357 3407 472 3478 μὴν·
506 3410 564 3460 ἐν
601 3407 965 3478 ἀνῦρωπίνοις
1013 3407 1334 3478 πράγμασιν
1383 3407 1695 3475 ἀναγκαίως
1741 3423 1834 3458 κε-

243 3501 504 3576 χρῆσθαι,

334 3589 655 3646 Ἀκουστὸν
687 3588 946 3656 ποίησόν
968 3607 1069 3658 μοι
1097 3587 1164 3641 τό
1212 3587 1363 3656 πρωῒ
1392 3587 1457 3640 τὸ
1491 3588 1662 3652 ἔλεός
1698 3605 1835 3641 σου.

248 3684 365 3757 Τὴν
412 3682 657 3756 πρωῖνὴν
705 3682 1000 3734 ἀνάστασιν
1041 3679 1135 3733 τοῦ
1168 3679 1376 3751 Κυρίου
1423 3679 1606 3747 λέγει’
1639 3680 1838 3751 ἢτάχα

249 3778 349 3828 καὶ
395 3776 494 3846 τὴν
549 3774 792 3845 πρωῖνὴν
834 3770 1390 3840 ἀνάστασιν-εΰχεται
1437 3770 1840 3841 παραγενέσθαι

249 3866 517 3939 Χριστοῦ,
545 3866 612 3918 δι’
644 3861 708 3937 ἦ,
743 3863 1059 3934 ὲλεούμεθα.

325 3957 640 4026 Γνώρισόν
662 3975 790 4026 μοι,
825 3955 1005 4025 Κύριε
1027 3997 1040 4020 ,
1076 3954 1220 4008 ὁδὸν
1261 3955 1331 4008 ἐν
1374 3948 1414 4026 ᾗ
1453 3953 1837 4021 πορεύσομαι.

250 4051 370 4121 Τῆς
405 4049 769 4121 εὑαγγελικῆς
794 4047 1136 4110 διδασκαλίας
1169 4045 1388 4117 εὔχεται
1418 4046 1619 4114 τυχεῖν.

339 4141 590 4205 Ἐξέλου
637 4157 717 4211 με
763 4141 832 4193 ἐκ
864 4137 984 4193 τῶν
1028 4137 1258 4206 ἐχθρῶν
1296 4155 1437 4207 μου.
1479 4134 1600 4188 Τῶν
1641 4133 1845 4204 νοητῶν

251 4235 521 4308 δηλονότι.

2004 2672 2058 2726 5.
2119 2669 2408 2725 Collocavit
2468 2683 2545 2719 me
2595 2666 2652 2718 in
2701 2662 2938 2718 obscuris
2976 2667 3112 2713 sicut
3145 2665 3381 2730 mortuos
3410 2671 3509 2708 sub

1942 2765 2072 2820 culi.
2103 2763 2206 2817 Per
2240 2761 2627 2816 obscuritatem
2659 2757 2860 2810 indicat
2894 2751 3276 2824 ignorantiam,
3314 2748 3366 2800 in
3403 2760 3515 2816 qua

1936 2858 2065 2912 olim
2099 2856 2434 2910 versabatur.
2484 2851 2628 2904 Nihil
2673 2851 2841 2914 enim,
2870 2847 3084 2916 .inquit,
3132 2842 3447 2898 differebam
3480 2855 3512 2892 a

1938 2961 2178 3006 mortuo.
2235 2947 2480 3002 Mortuos
2534 2943 2741 3008 saeculi,
2792 2949 2953 2995 vocat
3010 2937 3328 2992 idololatras
3390 2933 3516 2987 illos

1936 3055 2166 3098 VCICI'CS.

2009 3133 2060 3187 7.
2129 3129 2594 3185 Velociterexaudi
2636 3144 2736 3188 me,
2784 3125 3020 3187 Domine,
3062 3122 3251 3192 defecit
3292 3119 3517 3189 spiritus

1937 3243 2101 3280 meus.
2158 3223 2214 3278 In
2275 3221 2568 3293 postremis
2621 3218 3001 3275 occasionibus
3057 3214 3278 3285 quando
3328 3211 3515 3279 cujus--

1939 3318 2084 3387 piam
2125 3315 2305 3370 anima
2352 3313 2688 3383 periclitatur
2718 3310 2768 3363 id
2798 3307 3051 3363 convenit
3083 3306 3297 3368 dieare;
3341 3315 3518 3371 neque

1940 3419 2118 3463 tamen
2169 3408 2224 3462 in
2267 3406 2522 3460 humanis
2546 3403 2778 3474 negotiis
2812 3401 2879 3456 iis
2921 3401 2997 3454 uti
3027 3413 3250 3454 necesse
3282 3404 3384 3450 est.

2012 3584 2064 3638 8.
2125 3582 2380 3636 Auditum
2416 3581 2501 3649 fac
2537 3578 2667 3631 mihi
2708 3593 2862 3629 mane
2894 3573 3316 3628 misericordiam
3349 3580 3516 3624 tuam.

1942 3672 2264 3726 Matutinam
2312 3668 2527 3722 Domini
2575 3667 3032 3720 resurrectionem
3063 3662 3376 3729 signiﬁcat:
3426 3669 3521 3712 aut

1943 3765 2178 3818 fortasse
2227 3768 2381 3830 rogat
2429 3757 2685 3812 advenire
2721 3755 3042 3809 matutiuam
3084 3752 3287 3806 Christi
3335 3766 3522 3803 resur-

1945 3856 2265 3916 rectionem,
2325 3866 2432 3920 qua
2468 3847 2902 3902 misericordiam
2959 3843 3239 3898 consecuti
3304 3856 3517 3894 sumus.

2018 3945 2220 3999 Natant
2246 3945 2330 4012 [ac
2359 3942 2508 4004 mihi,
2539 3940 2780 4000 Domine,
2816 3940 2953 3991 viam
2995 3939 3050 3990 in
3091 3953 3195 4006 qua
3234 3933 3516 3987 ambulem.

1947 4035 2326 4104 Evangelicam
2371 4030 2674 4084 doctrinam
2712 4025 2970 4094 consequi
3007 4031 3179 4092 rogat.

2016 4129 2068 4183 9.
2107 4127 2268 4196 Eripe
2313 4104 2392 4178 me
2425 4122 2486 4175 de
2532 4120 2763 4174 inimicis
2812 4117 2960 4170 meis.
3019 4110 3404 4184 Spiritualibus
3436 4109 3520 4161 γί-

1946 4224 2162 4282 delicet.

1315 4346 1438 4416 (llic
1471 4347 1666 4399 desunt
1697 4344 1749 4397 in
1789 4342 1941 4397 Coll).
1966 4342 2000 4396 5
2021 4339 2270 4412 quaedam
2298 4335 2470 4404 folia.)

519 4445 606 4512 Τῷ
630 4443 810 4498 Δαυῖδ
840 4443 988 4511 πρὸς
1014 4441 1121 4494 τὸν
1146 4438 1391 4494 Γολιάθ.
1419 4440 1608 4492 ΡΜΓ¹.

330 4535 680 4607 Εὐλογητὸς
707 4535 924 4600 Κύριος
955 4535 986 4586 ὁ
1015 4531 1158 4596 Θεός
1184 4548 1322 4600 μου.
1372 4529 1466 4582 Ἐκ
1492 4526 1845 4599 περιχαρείας

253 4632 320 4689 τὺ
348 4630 652 4704 προοίμιον.
695 4629 755 4679 '0
783 4624 1087 4678 διδάσκων
1112 4622 1218 4688 τὰς
1246 4619 1445 4690 χεῖράς
1466 4638 1584 4689 μου
1622 4621 1709 4683 εἰς
1738 4633 1848 4670 πα-

247 4723 528 4796 ράταξιν.
560 4723 764 4790 Χεῖρας
796 4719 894 4782 τὰς
938 4715 1163 4788 πράξεις
1209 4715 1372 4783 φησὶν
1413 4709 1548 4765 εἶναι
1577 4710 1673 4774 τὰς
1707 4709 1848 4763 κατὰ

256 4815 572 4871 Θεοσέὅειαν
589 4811 908 4882 γενομένας,
931 4809 996 4861 δι’
1011 4802 1084 4861 ὧν
1109 4804 1450 4876 πολεμοῦμεν
1474 4805 1564 4857 τὸν
1582 4804 1843 4856 Σατανᾶν.

336 4910 674 4974 Ἀνθρωπος
711 4904 1060 4973 ματαιότητι
1100 4898 1386 4969 ὡμοιώθη.
1433 4899 1700 4958 Ἕκαστος
1738 4893 1847 4948 τῶν

257 5000 566 5072 ἀνθρώπων
594 4997 674 5067 τῷ
700 4997 890 5066 κόσμῳ
911 4993 1086 5064 τούτῳ
1107 4990 1384 5063 ὡμοιώθη.

339 5095 693 5161 Ἀστραψον
729 5087 1072 5158 ἀστραπὴν,
1123 5085 1222 5139 καὶ
1262 5081 1566 5151 σκορπιεῖς
1607 5081 1845 5145 αὐτούς.

274 5183 588 5254 Ἀστραπὴν
617 5182 679 5234 τὸ
706 5179 1059 5248 εὐαγγελικὸν
1091 5174 1355 5247 κήρυγμά
1381 5190 1565 5243 φησιν.

349 5275 821 5338 Ἐξαπόστειλον
860 5269 976 5337 τὴν
1005 5267 1174 5336 χεῖρά
1216 5281 1332 5319 σου
1375 5264 1443 5328 ἐξ
1484 5264 1713 5331 ὕψους·
1752 5261 1849 5325 ἐξ-

259 5367 413 5422 ἐλου
433 5384 528 5436 με,
553 5367 649 5420 καὶ
673 5364 860 5434 ῥῦσαι
880 5381 956 5433 με
976 5362 1044 5425 ἐξ
1075 5359 1309 5415 ὑδάτων
1341 5355 1606 5419 πολλῶν,
1635 5356 1703 5408 ἐκ
1730 5370 1849 5422 χει-

253 5458 371 5528 ρὸς
404 5457 552 5512 ὐἱῶν
579 5457 931 5524 ἀλλοτρίων.
964 5446 1075 5506 Ὧν
1101 5451 1167 5504 τὸ
1207 5452 1402 5519 στόμα
1443 5449 1710 5513 ἐλάλησε
1739 5461 1852 5513 μα-

264 5551 603 5617 ταιότητος.
647 5547 768 5599 Τῶν
803 5541 1332 5617 περικυκλωσὰντων
1381 5540 1527 5609 ἡμᾶς
1577 5536 1850 5606 λογισμῶν

268 5644 377 5698 ὑπὸ
404 5645 504 5712 τῆς
545 5640 651 5694 τῶν
693 5639 965 5710 δαιμόνων
999 5635 1307 5704 ἐπιϐουλῆς.
1341 5634 1410 5685 Ἦ
1440 5632 1534 5686 καὶ
1568 5631 1733 5684 ὕδατα
1760 5629 1852 5683 τὸν

266 5732 380 5789 τῶν
425 5731 694 5786 Ἰουδαίων
724 5729 857 5800 φησὶ
898 5728 1026 5782 λαὸν
1061 5727 1150 5780 τὸν
1179 5722 1535 5779 κυκλώσαντα
1562 5722 1686 5786 τοὺς
1720 5722 1851 5774 ἁπο-

1877 4453 1925 4509 D

2175 4429 2371 4484 Davidi
2422 4427 2670 4480 adversus
2728 4419 2960 4476 Goliath.
3023 4415 3266 4471 CXLIII

2021 4526 2072 4580 I.
2122 4523 2435 4577 Benedictus
2471 4517 2726 4571 Dominus
2774 4513 2915 4566 Deus
2970 4528 3136 4564 meus.
3189 4509 3268 4563 Ex
3325 4507 3524 4579 gaudio

1950 4619 2057 4673 tale
2107 4616 2434 4686 prooemium
2480 4610 2764 4665 emittitur.
2805 4607 2909 4670 Qui
2960 4604 3107 4657 docet
3156 4617 3342 4654 manus
3380 4616 3524 4654 mem

1953 4711 2022 4765 ad
2057 4710 2321 4780 praetium.
2374 4705 2568 4758 Manus
2601 4709 2759 4756 vocat
2789 4713 2952 4768 opera
3003 4711 3126 4751 cum
3158 4696 3357 4764 pietate
3393 4707 3524 4762 erga

1956 4803 2120 4855 Deum
2154 4801 2316 4864 facta,
2341 4813 2437 4866 per
2466 4811 2586 4865 quae
2624 4794 2879 4847 Satanam
2904 4791 3311 4859 impuguamus.

2020 4897 2075 4950 5.
2131 4893 2303 4947 Homo
2332 4891 2556 4945 vanitati
2601 4886 2792 4941 similis
2837 4885 3010 4954 factus
3040 4895 3135 4937 est.
3170 4880 3380 4952 Singuli
3427 4879 3526 4932 bo-

1950 4989 2126 5042 mines
2164 4985 2290 5038 huic
2318 4982 2520 5036 mundo
2561 4978 2766 5034 similes
2796 4985 2942 5031 sunt.

2021 5081 2073 5135 6.
2161 5077 2404 5147 Fulgura
2469 5073 2916 5130 coruscationem,
2969 5079 3018 5121 et
3074 5067 3359 5136 dissipabit:
3413 5081 3523 5119 eos.

1952 5173 2159 5241 Fulgur
2184 5175 2343 5222 vocat
2375 5164 2741 5233 evangelicam
2778 5160 3240 5230 praedicationem.

2023 5259 2074 5314 7.
2136 5257 2334 5310 Emitte
2367 5270 2581 5308 manum
2635 5265 2780 5305 tuam
2811 5250 2874 5304 de
2913 5251 3043 5314 alto,
3080 5249 3219 5316 eripe
3251 5263 3329 5299 me
3367 5254 3416 5298 et
3457 5245 3530 5298 Ii-

1953 5351 2076 5405 bera
2104 5365 2180 5402 me
2222 5347 2285 5400 de
2319 5347 2466 5416 aquis
2503 5343 2704 5408 multis,
2741 5343 2803 5396 de
2853 5358 3012 5394 manu
3050 5339 3282 5408 ﬁliorum
3319 5335 3523 5388 alieno-

1953 5457 2090 5494 rum.
2143 5438 2380 5504 Quorum
2437 5453 2493 5488 os
2551 5434 2784 5488 locutum
2838 5431 3240 5486 est-vanitates.
3284 5427 3408 5496 Agit
3457 5426 3527 5481 de

1951 5530 2375 5603 cogitationibus
2416 5543 2538 5597 quae
2577 5542 2643 5580 ex
2678 5527 2984 5579 daemonum
3030 5519 3241 5574 insidiis
3285 5533 3384 5571 nos
3417 5517 3527 5570 cir-

1952 5625 2301 5681 cumsistunt.
2345 5623 2451 5676 Aut
2478 5621 2613 5675 forte
2649 5632 2819 5688 aquas
2843 5615 2972 5669 dicit
3003 5613 3310 5667 Judaaorum
3348 5624 3526 5679 p0pu-

1955 5720 2064 5772 lum
2109 5716 2204 5786 qui
2253 5712 2626 5770 circumdabat
2678 5706 2974 5779 apostolos,
3033 5713 3092 5759 ut
3141 5703 3417 5759 cohiberet
3461 5713 3526 5754 ac
