3880 6216
375 284 488 341 5-53

1236 289 1294 344 S.
1327 289 1696 346 ATHANASII
1735 290 1888 346 OPP.
1929 290 2129 346 PARS.
2173 290 2265 346 lll.
2304 319 2370 330 -
2413 291 2824 348 EXEGETICA.

3535 295 3644 352 5M

365 409 633 476 perderet.
690 409 862 474 Atque
917 409 992 462 illi
1030 409 1130 477 ipsi
1198 409 1398 463 fuerint
1449 409 1540 464 lilii
1603 410 1786 466 alieni.
1847 409 1938 478 qui

2045 409 2285 471 στόλους,
2321 410 2378 462 ἐν
2403 409 2480 479 τῷ
2509 413 2728 479 συσχεῖν
2771 410 2868 464 καὶ
2901 410 3183 467 ἀπολέσαι..
3216 413 3325 466 Καὶ.
3350 404 3498 466 οὗτοι
3527 410 3640 467 εἷεν

365 514 500 552 vana
557 498 888 566 loquuntur:
945 509 996 553 et
1029 516 1148 568 quae
1197 516 1352 563 vana,
1405 501 1510 554 nisi
1555 517 1676 554 cum
1727 499 1946 556 Christo

361 591 604 645 dicereut
641 611 654 646 :
711 592 884 657 Quare
915 603 991 654 tu,
1053 595 1206 646 homo
1237 610 1352 646 cum
1411 596 1508 660 sis,
1553 596 1686 662 facis
1722 600 1944 664 teipsum

365 686 472 740 Dea
481 705 526 740 m
557 688 603 720 ⁵⁸
619 687 644 739 ?
1065 689 1068 692 ’

431 781 481 832 9.
531 779 688 838 Deus.
721 781 982 833 canticum
1023 783 1464 836 novum-cantabo
1502 785 1616 836 tibi.
1659 783 1944 850 Evangeli-

358 889 481 926 cum
517 875 756 936 scilicet;
803 890 983 926 sermo
1011 883 1190 928 autem
1224 885 1306 928 est
1335 893 1398 928 ex
1433 892 1666 943 persona
1701 877 1936 932 Davidis.

365 963 424 1016 1η
453 965 705 1031 psalterio
727 967 1052 1020 decachordo
1082 967 1306 1034 psallam
1340 968 1456 1022 tibi.
1493 969 1816 1023 Psalterium
1849 971 1940 1024 de-

357 1055 683 1116 cachordum
713 1065 793 1112 est
823 1073 1043 1125 COt‘pltS,
1082 1059 1221 1125 quod
1258 1060 1499 1127 quinque
1526 1077 1719 1128 sensus
1753 1063 1934 1128 habet,

352 1156 408 1200 et
427 1147 665 1216 quinque
693 1147 887 1202 animae
913 1133 1255 1216 operationcs
1281 1169 1292 1204 :
1320 1151 1550 1220 singulis
1579 1153 1787 1208 scilicet
1813 1170 1936 1208 seu-

349 1237 504 1291 sibus
533 1238 720 1292 insunt
749 1240 976 1304 singulae
1005 1243 1364 1308 Operationes.

375 1367 378 1371 ι
422 1328 511 1392 10,
543 1330 630 1384 11.
677 1330 781 1394 Qui
819 1334 914 1384 das
959 1333 1181 1385 salutem
1215 1334 1423 1398 reqibus
1455 1337 1668 1389 nostris.
1714 1337 1930 1410 Sanctis

2049 501 2156 553 υἱοὶ
2211 499 2663 571 ἠλλοτριωμένοι,
2705 503 2755 554 οἱ
2795 501 2889 554 καὶ
2937 502 3141 571 μάταια
3186 503 3492 568 λαλοῦντες.
3527 507 3640 558 Καὶ

2046 597 2176 648 ποῖα
2209 595 2430 664 μάταια,
2471 595 2504 666 ἢ
2547 596 2607 647 τὺ
2641 594 2820 662 λέγειν
2859 598 2935 664 τῷ
2966 598 3206 668 Χριστίξν
3235 597 3368 667 Πῶς
3395 600 3500 666 σὺ,
3531 602 3640 655 ἄν·

2045 689 2277 755 θρωπος
2309 687 2412 747 ὢν,
2445 687 2634 752 ποιεῖς
2661 689 2922 740 σεαυτὸν
2958 691 3136 754 Θεόιις

2127 777 2178 828 '0
2209 778 2372 843 Θεὸς.
2401 779 2566 844 ᾠδὴν
2595 779 2815 844 καινὴν
2845 777 3070 848 ᾄσομαι
3105 800 3222 836 σοι.
3255 783 3366 854 Τὴν
3392 785 3632 853 εὐαγγε-

2040 867 2195 938 λικὴν
2227 869 2486 939 δηλονότι.
2509 871 2595 936 Ἐξ
2631 872 2795 938 αὐτοῦ
2825 873 2882 926 δὲ
2907 873 3000 926 τοῦ
3029 874 3321 946 προσώπου
3349 878 3441 930 τοῦ
3469 879 3636 932 Δαυῒδ

2039 959 2066 1010 ὸ
2099 958 2254 1026 λόγος
2281 960 2446 1012 ἐστίν.
2466 963 2568 1015 Ἐν
2591 965 2902 1030 ψαίτηρίῳ
2929 965 3270 1034 δεκαχόρδῳ
3297 967 3476 1036 ψαλῶ
3503 985 3628 1022 σοι.

2037 1051 2353 1122 Ψαλτῆριον
2379 1053 2700 1125 δεκάχορδον
2733 1056 2792 1110 τὸ
2826 1057 2984 1126 σῶμα
3007 1061 3174 1122 ἐστιν,
3207 1061 3302 1114 ἅτε
3349 1062 3510 1114 πέντε
3543 1066 3630 1116 aio

2039 1144 2258 1212 σθήσεις
2285 1145 2426 1215 ἔχον,
2453 1150 2548 1200 καὶ
2579 1149 2738 1202 πέντε
2769 1152 3051 1222 ἐνεργείας
3069 1153 3266 1224 ψυχῆς,
3291 1155 3356 1210 δι’
3385 1158 3632 1230 ἑκάστης

2034 1235 2341 1306 αἰσθήσεως
2369 1240 2699 1311 γιγνομένης
2733 1244 3011 1315 ἐνεργείας
3043 1247 3298 1318 ἑκάστης.

2057 1369 2063 1374 .
2109 1329 2191 1393 Τῷ
2264 1330 2489 1384 διδόντι
2563 1333 2680 1400 τὴν
2730 1339 3034 1404 σωτηρίαν
3081 1339 3206 1404 τοῖς
3249 1341 3630 1404 βασιλεῦσιν

347 1421 558 1476 scilicet
607 1423 889 1490 apostolis,
917 1441 1056 1492 quos
1110 1425 1361 1480 Christus
1413 1428 1686 1498 principes
1735 1447 1924 1486 eorum

2034 1420 2218 1489 ἡμῶν.
2253 1423 2378 1486 Τοῖς
2409 1424 2586 1491 ἁγίοις
2634 1427 2972 1507 ᾁποστόλοις,
3001 1429 3094 1494 οὓς
3139 1434 3468 1503 κατέστησεν
3515 1436 3624 1506 ἄρ-

344 1513 650 1568 constituit.
691 1513 794 1578 Qui
827 1515 1094 1568 redemisti
1130 1517 1298 1570 David
1324 1535 1528 1598 servum
1561 1529 1704 1572 tuum
1731 1522 1794 1586 de
1816 1523 1931 1591 gla-

2034 1531 2221 1590 χοντας
2253 1514 2433 1588 αὐτῶν
2461 1517 2758 1587 ὁΧριστός.
2785 1518 2869 1584 Τῷ
2895 1524 3282 1598 ,ἱυτροιιμένῳ
3305 1527 3488 1580 Δαυῒδ
3513 1528 3628 1600 tor

345 1603 436 1654 dio
468 1603 720 1672 maligno,
752 1606 889 1671 eripe
918 1623 1016 1668 me,
1045 1615 1093 1659 et
1122 1623 1243 1658 erue
1279 1623 1358 1660 me
1399 1607 1464 1660 de
1501 1625 1660 1661 manu
1691 1611 1926 1679 ﬁliorum

2034 1605 2253 1658 δοῦλον
2301 1608 2488 1685 αὐτοῦ
2524 1609 2592 1662 ἐκ
2628 1612 2934 1680 ῥομφαίας
2973 1595 3242 1682 πονέηρᾶς
3267 1633 3280 1646 °
3307 1617 3502 1683 ῥῦσαί
3541 1595 3626 1687 με

345 1695 658 1748 alienorum.
693 1695 920 1764 Propter
947 1709 1036 1752 tua
1074 1715 1194 1753 cum
1227 1698 1330 1750 illis
1359 1707 1537 1766 pacta.
1577 1714 1792 1756 omnem
1826 1719 1925 1758 no-

347 1787 444 1842 stri
491 1789 912 1844 sollicitudinem
959 1807 1138 1860 geras.
1179 1791 1429 1846 Gladium
1481 1808 1716 1860 namque
1763 1797 1920 1850 mali-

346 1897 534 1946 gnum,
571 1883 894 1938 irruentium
935 1885 1169 1940 furorem
1219 1898 1273 1944 et
1323 1889 1658 1956 ferocitatem
1695 1891 1922 1944 vocavit.

342 1967 498 2038 Ipsos
527 1979 706 2026 autem
737 1974 944 2030 alienos
975 1984 1154 2041 vocat,
1191 1985 1374 2046 utpote
1409 1979 1623 2048 impios.

397 2147 500 2210 52.
547 2147 784 2212 Quorum
817 2153 920 2220 lilii
947 2155 1083 2208 sicut
1121 2159 1336 2212 novellte
1365 2159 1718 2227 plantationes
1747 2164 1800 2215 in
1829 2163 1923 2229 ju-

341 2247 546 2293 wntute
573 2259 689 2296 sua.
726 2243 858 2312 Ejus
890 2247 982 2314 qui
1015 2249 1310 2304 secundum
1345 2267 1564 2308 carnem
1606 2262 1688 2308 est
1714 2256 1928 2322 populi...

343 2330 538 2397 inquit,
575 2332 828 2390 ﬂorentes
875 2346 1044 2401 sunt;
1083 2339 1200 2406 ejus
1247 2350 1428 2408 autem
1479 2345 1570 2412 qui
1621 2345 1920 2410 secundum

340 2420 613 2486 spiritum,
660 2423 914 2478 humiles.
964 2424 1028 2480 lli
1073 2445 1308 2497 namque
1357 2440 1484 2486 sunt
1535 2435 1628 2500 qui
1685 2433 1918 2489 dicunt:

341 2511 573 2566 Etiamsi
620 2517 849 2569 exterior
896 2527 1072 2572 noster
1113 2521 1268 2574 homo
1299 2527 1676 2594 corrumpitur,
1703 2529 1922 2581 interior

340 2613 584 2654 renovata
597 2621 621 2655 r
637 2606 701 2658 9’.

414 2689 571 2746 Filia
599 2711 780 2747 eorum
806 2698 1127 2765 compositae,
1158 2701 1559 2758 circumornatw
1591 2715 1645 2758 ut
1668 2709 1921 2784 similitu-

338 2783 406 2835 do
430 2785 627 2862 templi.
671 2785 743 2839 De
771 2799 966 2842 ornatu
1005 2795 1243 2846 terrestri
1269 2795 1524 2862 loquitur.
1553 2799 1916 2864 Quamobrem

339 2891 448 2929 uon
485 2879 744 2946 templum
783 2879 874 2934 Dei
915 2880 1069 2937 factae
1101 2894 1248 2946 sunt.
1279 2887 1419 2942 sicut
1461 2899 1664 2946 sanctae
1693 2893 1920 2948 creden-

338 2973 474 3028 tium
533 2975 766 3042 animte;
821 2979 914 3033 sed
961 2980 1259 3036 similitudo
1311 2987 1515 3055 templi.
1579 2985 1918 3060 Simulabaut

2027 1697 2126 1750 καὶ
2155 1698 2372 1762 ἐξέλου
2397 1719 2474 1768 με
2502 1701 2570 1755 ἐκ
2603 1703 2802 1772 χειρὸς
2827 1705 2973 1780 υίῶν
2999 1708 3349 1774 ἀλλοτρίων.
3385 1713 3482 1766 Διὰ
3507 1711 3622 1784 γὰρ

2024 1788 2123 1852 τὰς
2153 1790 2288 1860 πρδς
2317 1791 2556 1855 ἐκείνους
2585 1793 2859 1864 συνθήκας
2888 1797 3068 1850 πᾶσαν
3099 1798 3258 1867 ἡμῶν
3289 1800 3621 1872 κηδεμονίαν

2025 1881 2270 1949 ποίησον.
2290 1883 2592 1954 Ῥομφαίαν
2634 1884 2742 1956 γὰρ
2769 1888 3011 1957 πονηρὰν
3043 1888 3152 1942 τῶν
3191 1891 3526 1948 ἐπελθόντων
3555 1895 3620 1948 τὸ

2027 1973 2253 2042 μανικὸν
2285 1977 2377 2028 καὶ
2409 1976 2672 2048 θηριῶδες
2705 1979 2960 2033 ἐκάλεσε·
2997 1982 3123 2056 τοὺς
3153 1981 3209 2035 δὲ
3235 1984 3434 2050 αὐτοὺς
3461 1986 3620 2040 ἀλλο-

2021 2065 2226 2135 τρίους,
2253 2066 2327 2130 ὡς
2353 2067 2650 2132 δυσσεϐεῖς.

2090 2155 2202 2212 Ὧν·
2241 2165 2294 2214 οἱ
2331 2161 2448 2216 viol
2487 2161 2686 2216 αὐτῶν
2713 2165 2794 2230 ὡς
2821 2167 3086 2234 νεόφυτα
3113 2167 3398 2236 ἱδρυμένα
3437 2170 3508 2224 ἐν
3537 2170 3618 2240 τῇ

2021 2254 2256 2318 νεότητι
2293 2253 2507 2307 αὐτῶν.
2552 2255 2656 2308 Τοῦ
2691 2257 2832 2310 κατὰ
2875 2259 3053 2328 σάρκα
3083 2259 3212 2312 λαοῦ
3255 2260 3384 2324 υἱοὶ,
3421 2261 3616 2330 φησὶν,

2023 2343 2268 2406 εὐθαλεῖς
2296 2346 2401 2397 είσι
2423 2363 2435 2374 ·
2479 2345 2572 2398 τοῦ
2608 2346 2664 2398 δὲ
2697 2345 2839 2399 κατὰ
2873 2349 3088 2416 πνεῦμα
3127 2353 3612 2421 τεταπεινωμένοι.

2027 2429 2200 2486 Οὗτοι
2227 2434 2338 2506 γάρ
2369 2439 2527 2490 εἰσιν
2553 2439 2608 2490 ol
2635 2438 2946 2505 λέγοντες·
2990 2443 3060 2495 Ei
3089 2443 3184 2496 καὶ
3223 2448 3257 2498 ό
3285 2444 3404 2508 ἔξω
3437 2444 3616 2514 ἡμῶν

2021 2526 2329 2594 ἅνθρωπος
2373 2527 2789 2597 διαφθείρεται,
2829 2532 2964 2587 ἀλλ’
2995 2536 3030 2587 ό
3075 2535 3196 2589 ἔσω
3243 2537 3614 2593 ἀνακαινοῦ-

2021 2635 2136 2672 ται.

2089 2713 2161 2764 Αἱ
2189 2711 2508 2779 θυγατέρες
2535 2713 2734 2767 αὐτῶν
2767 2721 3350 2787 κεκαλλωπισμέναι,
3377 2735 3612 2790 περικε-

2019 2801 2388 2870 κοσμημέναι
2426 2804 2505 2868 ὡς
2540 2806 2798 2874 ὁμοίωμα
2818 2808 2987 2862 ναοῦ.
3013 2808 3099 2878 Τῷ
3131 2812 3356 2882 ὲπιγείῳ
3389 2813 3606 2885 κόσμῳ.

2017 2893 2110 2946 Διὸ
2144 2894 2238 2946 καὶ
2268 2895 2328 2946 ού
2363 2895 2489 2958 ναὸς
2514 2895 2648 2948 Θεοῦ
2678 2900 2982 2965 γεγόνασιν,
3015 2901 3092 2964 ὡς
3113 2904 3167 2955 αἱ
3203 2903 3354 2971 ἅγιαι
3383 2905 3492 2959 τῶν
3519 2927 3611 2962 πι-

2020 2985 2358 3038 στευσάντων
2385 2985 2571 3055 ψυχαὶ,
2599 2988 2710 3040 ἀλλ’
2733 2991 2982 3060 ὁμοίωμα
3007 2993 3136 3046 ναοῦ
3157 3011 3170 3023 ·
3210 2998 3610 3066 προσεποιοῦν-

337 3067 481 3119 enim
515 3083 572 3120 se
597 3069 894 3122 secundum
931 3071 1100 3140 legem
1121 3075 1288 3128 vitam
1323 3094 1501 3147 agere.
1527 3081 1595 3134 At
1625 3083 1675 3136 in
1701 3101 1759 3139 se
1785 3063 1920 3140 Ver;

2034 3093 2078 3128 το
2109 3074 2216 3145 γὰρ
2241 3073 2337 3144 τὴν
2363 3075 2503 3128 κατὰ
2523 3075 2685 3145 νόμον
2707 3078 3117 3148 ἐπιτηδεύουσαι
3147 3063 3444 3137 πολιτείαν.
3463 3086 3608 3142 Ἀλλ’

337 3155 466 3208 bum
501 3171 608 3210 non
641 3157 933 3226 habebant,
969 3161 1390 3242 sed'malignum
1425 3169 1698 3238 spiritum.

406 3330 494 3387 15.
539 3331 916 3401 Promptnaria
933 3355 1112 3392 eorum
1133 3341 1306 3408 plena.
1333 3351 1630 3402 eructantia
1654 3368 1717 3403 ea:
1740 3353 1834 3406 hoc
1862 3355 1916 3408 in

335 3424 486 3478 illud.
531 3425 974 3486 Recondiderdnt
999 3434 1146 3488 enim
1175 3451 1284 3490 non
1314 3439 1584 3507 cmlesms,
1618 3443 1712 3498 sed
1746 3427 1910 3500 terre-

332 3529 435 3569 nas
465 3515 705 3573 divitias.

403 3605 665 3664 “(Oves
711 3627 887 3664 eorum
915 3613 1115 3681 fctosce,
1152 3617 1480 3693 abundantes
1523 3623 1578 3675 in
1625 3627 1914 3694 egressibus

331 3699 464 3762 suis,
495 3709 601 3757 etc.
642 3699 868 3772 Pinguia
916 3715 968 3761 et
1019 3705 1244 3762 fecunda
1285 3721 1412 3780 sunt
1458 3729 1652 3782 pecora
1698 3732 1911 3774 eorum.

333 3785 457 3842 Non
503 3801 582 3844 est
629 3779 782 3848 ruina
829 3799 1073 3852 maceria:
1121 3818 1281 3870 neque
1327 3805 1604 3860 transitus.
1644 3806 1911 3879 Magnam,

329 3883 528 3952 inquit,
566 3885 872 3943 felicitatem
903 3893 1046 3946 nacti
1091 3905 1252 3962 sunt;
1285 3914 1407 3965 qua:
1445 3909 1624 3956 tamen
1655 3904 1718 3957 ad
1751 3895 1912 3960 tinem

331 3989 504 4043 usque
539 3965 646 4031 non
685 3981 1020 4047 perdurahit.
1063 3985 1196 4039 Illud
1249 3989 1394 4064 enim
1451 3991 1502 4043 in
1552 3993 1660 4046 alio
1705 3997 1916 4063 psalmo

327 4067 515 4138 docuit
546 4070 628 4156 his
665 4072 842 4154 verbis
879 4095 892 4129 :
931 4075 1184 4144 Dejecisti
1208 4063 1293 4132 eos
1325 4080 1448 4134 dum
1481 4069 1863 4143 elevarentur’.

398 4242 484 4298 13.
527 4246 750 4302 Beatum
782 4252 1026 4307 dixerunt
1061 4257 1308 4324 papulum
1337 4259 1422 4310 cui
1453 4261 1562 4312 ha'r
1591 4271 1748 4315 sunt:
1775 4263 1912 4318 Bea-

329 4341 410 4384 tus
442 4337 665 4403 populus
701 4341 850 4404 cuius
884 4341 1143 4397 Dominus
1188 4344 1321 4399 Deus
1367 4347 1500 4410 eius.
1545 4348 1612 4404 Et
1665 4351 1742 4406 illi
1792 4343 1912 4422 qui-

325 4425 447 4477 dem
482 4443 591 4480 non
622 4441 766 4484 recte
797 4433 1120 4500 iudicantes.
1148 4439 1240 4492 sed
1269 4455 1390 4507 quae
1412 4457 1631 4495 carnem
1665 4456 1912 4512 spectant
1945 4435 1988 4490 Ῑ)

325 4518 506 4586 magni
544 4517 834 4588 facientes,
858 4539 980 4579 eum
1013 4528 1103 4595 qui
1135 4528 1248 4583 hrrc
1279 4532 1456 4599 ample
1479 4533 1756 4601 possideat
1781 4537 1908 4592 bea-

325 4611 442 4659 tum
475 4623 598 4662 esse
631 4612 961 4668 existimant.
990 4615 1189 4672 Verum
1220 4619 1270 4672 id
1307 4631 1648 4692 nequaquam
1678 4626 1908 4684 felicitas

323 4709 424 4750 rst.
458 4697 562 4752 Sed
595 4701 850 4758 invocare
877 4704 1166 4764 Dominum
1213 4709 1382 4766 Deum
1414 4715 1570 4768 suum
1621 4717 1644 4786 (—
1665 4717 1794 4771 illud
1827 4730 1910 4775 est

324 4803 452 4842 vere
479 4789 754 4864 felicitas).
1441 4813 1446 4818 ·

643 4884 920 4942 Laudatio
949 4892 1052 4958 ipsi
1085 4893 1268 4948 David.
1303 4895 1533 4950 CXLIV

394 4974 444 5028 i.
488 4972 756 5031 Exaltabo
780 4989 846 5045 te,
878 4982 1016 5036 Deus
1041 5001 1182 5040 meus
1208 5026 1223 5048 ,
1257 5004 1348 5040 rea:
1367 4997 1530 5044 meus.
1571 4989 1689 5046 Non
1717 4995 1902 5049 altitu-

319 5064 502 5117 dinem
552 5065 654 5135 ipsi
703 5070 796 5124 dat
843 5075 996 5138 quasi
1033 5091 1094 5129 ea
1128 5091 1308 5133 careat
1333 5098 1354 5146 ;-
1381 5082 1476 5136 sed
1509 5083 1630 5140 aliis
1661 5085 1899 5143 declarat

317 5169 436 5208 eam
471 5157 648 5225 ipsum
685 5162 948 5220 obtinere.
982 5165 1151 5231 Quale
1184 5163 1272 5224 est
1300 5171 1429 5226 illud
1467 5193 1482 5229 :
1523 5173 1703 5242 Pater,
1735 5175 1902 5233 clari-3

315 5242 421 5311 ﬁcu
449 5262 634 5302 nomen
663 5261 810 5304 tuum
839 5255 892 5305 in
923 5258 1122 5310 terra”.
1156 5256 1269 5313 Non
1297 5274 1448 5332 rogat
1475 5265 1618 5318 enim
1653 5283 1771 5323 eam
1805 5259 1896 5324 ac-

315 5335 492 5402 cipere
527 5355 688 5407 quam
737 5359 844 5398 non
897 5345 1077 5410 habet,
1113 5351 1204 5404 sed
1240 5369 1357 5406 eam
1397 5371 1558 5423 quam
1587 5357 1748 5412 habet
1783 5355 1898 5416 ma?

315 5422 585 5492 uifestari,
629 5442 686 5486 ut
729 5434 930 5491 indicat
990 5439 1120 5493 illud
1160 5459 1172 5494 :
1207 5422 1460 5514 Cleri/ica
1515 5461 1594 5499 me
1644 5447 1893 5505 claritate

311 5531 470 5585 quam
503 5521 664 5578 habui
691 5529 832 5596 apud
869 5537 917 5583 te
950 5543 1228 5603 rmtequam
1265 5537 1490 5590 mundus
1515 5539 1664 5607 ﬁeret
1683 5541 1721 5596 ³.

2016 3167 2116 3220 οὐκ
2167 3165 2322 3236 ἔσχον
2377 3168 2434 3219 ὲν
2487 3167 2679 3232 αὐταῖς
2722 3169 2813 3222 τὸν
2845 3171 3038 3240 Λόγον,
3071 3172 3206 3226 ἀλλὰ
3253 3173 3314 3227 τὸ
3363 3178 3610 3249 πονηρὸν

2021 3257 2254 3324 πνεῦμα.

2091 3349 2166 3402 Τὰ
2190 3350 2418 3418 ταμιεῖα
2453 3352 2651 3405 αὐτῶν
2683 3352 2881 3422 πλήρη
2914 3354 3344 3426 ἐξερευγόμενα
3369 3358 3438 3412 ἐκ
3467 3361 3608 3414 τού-

2015 3457 2120 3492 του
2159 3443 2243 3505 εὶς
2285 3443 2898 3514 τοῦτο.Ἐθησαύρισαν
2941 3447 3050 3517 γὰρ
3083 3447 3142 3501 οὐ
3190 3449 3283 3502 τὸν
3327 3451 3610 3522 οὐράνιον,

2015 3532 2150 3585 ἀλλὰ
2182 3534 2270 3586 τὸν
2298 3536 2540 3603 ἐπίγειον
2569 3537 2819 3612 πλοῦτον.

2092 3624 2167 3678 Τὰ
2211 3627 2475 3690 πρόϐατα
2521 3629 2718 3681 αὐτῶν
2757 3633 3082 3696 πολυτόκα,
3116 3637 3505 3702 πληθύνοντα
3534 3640 3608 3692 ἐν

2016 3715 2144 3780 ταῖς
2173 3715 2407 3783 ἐξόδοις
2438 3719 2658 3772 αὐτῶν.
2695 3721 2864 3775 Πίονα
2888 3723 2943 3776 δὲ
2971 3725 3150 3778 αὐτῶν
3191 3729 3286 3781 κα)¹
3327 3730 3606 3798 πολύγονα

2015 3805 2084 3858 τὰ
2116 3809 2308 3877 κτήνη.
2333 3811 2454 3862 Οὐκ
2480 3810 2612 3864 ἔστι
2663 3813 3022 3886 κατάπτωμα
3045 3823 3316 3890 φραγμοῦ
3346 3825 3608 3882 οὐδὲτρδι-

2015 3898 2242 3966 έξοδος.
2273 3901 2498 3972 Πολλὴν,
2531 3905 2714 3975 φησὶν,
2735 3905 2890 3978 ἔσχον
2914 3909 3011 3980 τὴν
3045 3911 3363 3985 εὐημερίαν·
3399 3919 3516 3970 ἀλλ’
3539 3922 3602 3974 ού

2019 3991 2178 4063 μέχρι
2231 3993 2416 4058 τέλους
2463 3997 2646 4060 αὐτοῖς
2695 4001 2968 4069 στήσεται.
3005 4003 3176 4058 Τοῦτο
3207 4007 3315 4079 γὰρ
3363 4012 3420 4064 ὲν
3455 4012 3605 4085 ἄλλῳ

2013 4083 2214 4154 ψαλμῷ
2254 4087 2490 4153 ἐδίδαξεν
2525 4089 2721 4144 εἰπών·
2777 4095 3112 4164 Κατέεαλες
3149 4101 3370 4168 αὐτοὺς
3409 4106 3481 4159 ἐν
3519 4083 3602 4173 τῷ

2016 4173 2367 4246 ἐπαρθῆτλαιζ
2553 4193 2560 4198 ’
2719 4193 2730 4202 ’
2791 4193 2800 4202 ’
2981 4185 2986 4188 ’
3215 4201 3218 4206 ’

2115 4271 2643 4356 Εμακὰρισαητόν
2683 4277 2838 4332 λαὸν
2882 4272 2930 4346 ᾧ
2962 4281 3148 4336 ταῦτά
3191 4285 3350 4338 ἐστι·
3399 4267 3604 4356 μακά-ί

2008 4365 2141 4426 ριος
2167 4365 2200 4415 ό
2229 4365 2380 4431 λαὸς
2403 4363 2477 4422 οὗ
2506 4371 2719 4448 Κύριος
2747 4374 2779 4424 d
2807 4374 2952 4438 Θεὸς
2983 4377 3189 4430 αὐτοῦ.
3219 4381 3280 4432 Oi
3311 4380 3384 4450 μὴ
3417 4381 3600 4451 ὀρθῶς

2017 4453 2308 4522 κρίνοντες,
2336 4457 2470 4510 ἀλλὰ
2498 4461 2591 4512 καὶ
2617 4462 2754 4515 αὐτά
2783 4465 3175 4534 φανταζόμενοι
3201 4469 3270 4522 τὰ
3299 4457 3600 4541 σαρκὸς-,τὺ

2008 4543 2212 4598 τούτων
2244 4548 2301 4600 ὲν
2331 4549 2625 4604 ἀπολαύσει
2649 4554 2902 4618 γενέσθαι
2937 4557 3100 4628 πολλῇ
3141 4545 3412 4630 μακάριον·
3451 4559 3599 4620 εἶναι

2011 4637 2340 4704 νομίζουσιν.
2367 4641 2478 4695 Ούκ
2502 4642 2616 4695 ἔστι
2640 4643 2696 4696 δὲ
2715 4645 2872 4697 τοῦτο
2904 4649 3172 4720 μακάριον
3191 4669 3203 4681 ·
3227 4653 3360 4706 ἀλλὰ
3385 4653 3444 4708 τὸ
3473 4658 3598 4709 ἑπι-

2011 4728 2290 4783 καλεῖσθαι
2316 4732 2519 4804 Κύριον
2548 4734 2640 4788 τὸν
2671 4735 2800 4789 Θεὸν
2835 4737 3020 4794 αὐτοῦ.

2405 4914 2650 4981 Αῖνεσις
2677 4913 2757 4981 τῷ
2786 4918 2983 4972 Δαυΐδ.
3013 4923 3195 4976 ΡΜΔ’.

2086 5003 2326 5072 ’Υψώσω
2366 5021 2458 5069 σε,
2483 5007 2532 5060 -ό
2567 5009 2712 5074 Θεός
2735 5027 2874 5078 μου,
2909 5015 2942 5065 ό
2973 5013 3275 5080 ,Βασιλεύς
3302 5033 3439 5084 μου·
3475 5020 3596 5092 Οὐχ

2010 5095 2086 5158 ὡς
2123 5096 2197 5166 μὴ
2233 5095 2405 5165 ἔχοντι
2432 5097 2490 5149 δὲ
2519 5098 2733 5153 δίδωσιν
2763 5101 2896 5170 ὕψος
2915 5121 2928 5133 ·
2971 5104 3105 5158 ἀλλὰ
3139 5109 3250 5168 τοῖς
3279 5107 3458 5172 ἄλλοις
3479 5111 3594 5163 δεί-

2004 5204 2190 5241 κνυσιν
2239 5187 2448 5256 ἔχοντα.
2478 5189 2718 5244 ὀποῖον·
2768 5195 2980 5264 Πάτερ,
3033 5197 3302 5260 δόξασόν
3347 5213 3466 5252 σου
3515 5201 3590 5253 τὸ

2006 5278 2193 5346 ὄνομα
2228 5279 2297 5332 ἐν
2324 5279 2399 5356 τῇ
2431 5280 2528 5349 γῇ.
2559 5281 2634 5335 Οὐ
2665 5283 2775 5356 γὰρ
2801 5287 2866 5356 ἣν
2902 5288 2974 5357 μὴ
3015 5283 3158 5357 εἶχεν
3186 5292 3341 5352 αίτεῖ,
3373 5291 3489 5342 ἀλλ’
3517 5292 3590 5359 ἣν

2004 5370 2098 5422 καὶ
2126 5366 2238 5440 εἶχε
2261 5370 2536 5442 δειχθῆναι
2557 5391 2570 5403 ·
2599 5375 2674 5438 ὼς
2699 5377 2849 5446 δηλοῖ
2877 5378 2936 5430 τό
2955 5395 2969 5408 ·
3002 5379 3276 5444 Δόξασόν
3293 5400 3370 5450 με
3395 5381 3474 5450 τῇ
3493 5383 3593 5436 δά-

2001 5459 2078 5543 ξῃ
2203 5459 2370 5532 εἶχον
2395 5467 2554 5535 παρὰ
2594 5468 2693 5522 σοὶ
2722 5469 2834 5536 πρὸ
2861 5469 2968 5522 τοῦ
2999 5471 3108 5524 τὸν
3137 5473 3366 5543 κόσμον
3401 5471 3592 5543 τενὲ-

2000 5555 2161 5606 σθαι.

380 5699 426 5730 ⁶⁸
454 5698 610 5759 Joan.
657 5723 709 5770 ι,
768 5708 857 5764 53.
935 5715 978 5746 ³⁵
1019 5711 1063 5768 ll
1089 5715 1215 5773 Cor.
1253 5734 1326 5785 ιν,
1363 5719 1446 5774 16.
1531 5723 1544 5754 ³
1585 5723 1728 5781 Psal.
1767 5739 1939 5793 ιιιιιι,

2034 5739 2056 5785 ἰ.
2135 5734 2154 5762 ²
2194 5731 2350 5790 Joan.
2391 5751 2490 5802 xu,
2525 5736 2612 5792 ‘28.
2693 5735 2881 5796 ‘Juau.
2925 5756 3052 5804 xm,
3081 5741 3130 5796 5.
