3880 6216
274 282 380 338 5'25

269 583 345 646 ὡς
371 582 430 636 οὐ
458 582 586 652 μίαν
612 582 826 652 ἡμέραν
853 581 1285 652 παραπεμπτέον
1317 581 1500 654 ὕμνων
1523 585 1857 658 χωρίς.⁸¹ολῃ

275 676 374 746 μὲν
402 672 495 728 οὖν
518 674 663 744 ψυχῇ
693 675 788 727 καὶ
821 672 1028 742 διανοίᾳ
1053 671 1220 740 ὑψοῦν
1252 673 1332 725 δεῖ
1377 675 1734 742 καὶεύλογεῖν
1767 677 1855 730 τὸν

269 768 402 820 θεόν
422 784 435 796 ’
465 767 524 818 τὸ
553 767 725 835 ὄνομα
752 765 806 817 δὲ
835 765 998 817 αὑτοῦ
1023 764 1262 828 δοξάζειν
1298 764 1510 836 θνητοῖς
1541 766 1768 837 ὀνόμασί
1795 786 1854 822 τε

269 859 366 911 καὶ
398 860 655 928 ῥήμασιν.

342 952 532 1005 Γενεὰ
578 951 678 1004 καὶ
727 950 900 1020 γενεὰ
946 949 1247 1004 ἐπαινέσει
1277 950 1348 1005 τὰ
1389 951 1546 1020 ἔργα,
1571 966 1710 1004 σου.
1740 950 1848 1022 Τὴν

265 1045 593 1115 ἀμφοτέρων
623 1044 756 1114 φησὶ
782 1043 925 1096 λαῶν
953 1042 1305 1112 συναχθεῖσαν
1345 1042 1671 1110 Ἐκκλησίαν
1700 1042 1761 1094 ἐκ
1787 1060 1845 1094 τε

265 1136 378 1189 τῶν
406 1137 470 1188 ὲκ
498 1135 795 1204 περιτομῆς
837 1135 930 1186 καὶ
955 1132 1062 1185 τῶν
1091 1134 1148 1198 ἐξ
1176 1132 1552 1203 ὲθνῶν.”Εργα
1576 1133 1632 1185 δὲ
1658 1133 1843 1198 αὐτοῦ,

263 1226 301 1280 ἃ
336 1227 626 1296 πεποίηται
677 1226 736 1278 ὲν
781 1228 846 1295 τῇ
898 1224 1160 1293 ἐπιδημίᾳ
1215 1223 1382 1292 φησί·
1409 1223 1761 1294 πολυτρόπως
1793 1223 1850 1276 δὲ

265 1319 410 1373 αὺτά
455 1319 646 1388 ὑμνεῖ·
681 1319 929 1387 δύναμιν,
963 1317 1056 1370 καὶ
1089 1314 1579 1386 μεγαλοπρέπειαν,
1625 1315 1718 1388 καὶ
1763 1315 1850 1368 δό-

265 1407 387 1474 ξαν,
407 1442 412 1447 ο
430 1408 525 1460 καὶ
551 1407 882 1476 ἁγιωσύνην,
911 1406 1004 1459 καὶ
1048 1405 1350 1476 θαυμάσια·
1390 1405 1482 1457 καὶ
1506 1404 1664 1475 πάλιν
1690 1405 1849 1457 δύνα-

267 1520 362 1571 μιν
394 1503 488 1555 καὶ
517 1500 904 1572 μεγαλωσύνην
933 1499 1024 1552 καὶ
1052 1499 1416 1570 χρηστότητα,
1448 1497 1540 1550 καὶ
1573 1497 1844 1552 δικαιοσύ-

263 1611 365 1664 νην
390 1595 483 1646 καὶ
510 1594 825 1664 οίκτιρμοὺς
854 1591 1294 1662 προσαγορεύων.

1337 281 1700 337 EXPOSZTIO
1739 282 1805 338 IN
1846 283 2176 340 PSALMUM
2217 286 2460 344 CXLVI."

345 401 485 456 Καθ’
509 401 780 468 ἑκάστην
816 417 1047 469 ημεραν
1079 400 1394 470 εὐλογήσω
1417 418 1510 456 σε.
1531 403 1697 474 Ἀρχη
1726 405 1856 476 παρ’
1888 420 1934 466 Α

281 493 556 563 Ἑϐραίοις
593 493 688 545 τοῦ
722 493 989 564 παρόντος
1023 491 1204 561 στίχου
1248 492 1308 544 τὸ
1339 493 1483 562 Βήθ.
1519 495 1770 548 Διδάσκει
1802 496 1859 549 δὲ
1897 495 1900 497 ’

3423 289 3526 346 546

2029 408 2081 461 2.
2123 408 2228 462 Per
2271 409 2503 479 singulos
2551 411 2660 464 dies
2709 410 3006 463 benetlicam
3059 409 3171 464 tibi.
3214 409 3368 479 Apud
3422 410 3526 466 He-

1955 497 2128 553 braeos
2176 499 2388 552 initium
2439 500 2719 568 praesentis
2763 499 3013 552 versiculi
3063 511 3144 554 est
3170 499 3321 554 Beth.
3358 498 3526 556 Docet

1953 593 2156 651 autem,
2189 587 2389 638 nullam
2438 602 2557 641 esse
2604 587 2744 640 diem
2792 588 2995 657 absque
3040 587 3254 658 hymnis
3301 598 3526 658 praeter~

1938 678 2294 731 mittendam.
2321 677 2453 731 Tota
2487 680 2651 749 igitur
2680 681 2883 743 anima,
2922 689 3033 733 tota
3057 689 3256 747 mente,
3284 682 3528 737 exaltare

1952 766 2144 829 Deum,
2182 777 2235 822 et
2289 769 2606 823 benedicere
2657 771 2732 823 illi
2781 781 3012 840 Oportet,
3051 787 3359 842 nomenque
3406 776 3526 844 ejus

1955 857 2254 926 gloriﬁcare
2285 861 2607 914 mortalibus
2641 863 2950 915 nominibus
2980 875 3142 930 atque
3167 865 3370 918 verbis.

1996 1005 1998 1007 _
2024 948 2077 1001 4.
2121 947 2398 1002 Generatio
2426 959 2475 1003 et
2501 952 2775 1020 generatio
2802 952 3041 1004 laudabit
3079 970 3234 1021 opera
3276 964 3388 1020 tua,
3415 963 3521 1008 etc.

1953 1037 2246 1106 Ecclesiam
2279 1041 2356 1094 ait
2384 1056 2449 1095 ex
2482 1043 2744 1106 ambobus
2777 1044 2990 1112 populis
3023 1054 3423 1114 eongregatam,
3456 1061 3520 1098 ex

1952 1130 2365 1186 cireumcisione
2415 1133 2619 1187 scilicet
2663 1143 2716 1187 et
2760 1149 2825 1186 ex
2877 1136 3143 1203 gentibus.
3182 1119 3317 1204 Ejus
3346 1147 3524 1190 autem

1950 1236 2112 1291 opera
2148 1231 2332 1276 narrat
2363 1240 2485 1292 qua:
2515 1224 2837 1287 iii-adventu
2881 1241 2981 1281 suo
3029 1225 3154 1282 fecit
3191 1228 3525 1296 :multisque

1951 1314 2128 1369 modis
2174 1331 2237 1368 ea
2284 1316 2544 1380 celebrat,
2573 1318 2848 1381 virtutem,
2881 1318 3362 1386 magniﬁcentiam,
3409 1319 3524 1387 glo-

1950 1405 2109 1470 riam,
2147 1407 2508 1469 sanctitatem,
2538 1417 2592 1461 et
2638 1409 2904 1462 mirabilia
2957 1410 3176 1474 dicens,
3207 1426 3271 1464 ac
3301 1425 3522 1464 rursum

1950 1495 2225 1560 virtutem,
2281 1499 2730 1568 magnitudinem,
2782 1501 3124 1570 suavitatem,
3172 1501 3437 1568 justitiam
3469 1510 3524 1556 et

1951 1587 2348 1642 miserationes.

1296 1686 1540 1753 (desunt
1568 1684 1812 1753 quaedam
1848 1679 1975 1734 folia
2005 1679 2057 1731 in
2093 1678 2196 1732 ﬁne
2228 1681 2278 1732 in
2312 1678 2372 1734 C.
2405 1678 2483 1740 5.)

333 1778 444 1832 Kal
492 1776 608 1845 τὴν
660 1776 917 1846 δύναμιν
965 1774 1086 1829 τῶν
1135 1776 1400 1846 φοϐερῶν
1450 1795 1566 1832 σου
1611 1778 1838 1846 ἐροῦσι.

2013 1773 2066 1827 6.
2110 1772 2177 1826 Et
2226 1777 2473 1827 virtutem
2522 1774 2837 1827 terribilium
2891 1768 3121 1829 tuorum
3150 1776 3340 1830 dicent.
3383 1777 3517 1832 Cum

262 1870 590 1944 Πρακτικῶς
635 1869 818 1941 ἐροῦσι
851 1869 945 1922 καὶ
980 1869 1115 1939 μετά
1144 1868 1302 1940 ὀρθοῦ
1334 1871 1694 1941 φρονήματος.
1719 1864 1842 1922 Οἷόν

259 1963 380 2013 ἐστι
401 1979 414 1992 ·
447 1959 708 2028 Φοϐερὸν
754 1959 821 2012 τὸ
859 1959 1146 2027 ἐμπεσεῖν
1168 1961 1266 2024 ἐὶς
1299 1959 1503 2028 χεῖρας
1523 1959 1675 2018 ¹Θεοῦ
1708 1958 1845 2019 ζῶν-

261 2072 383 2120 τος.
430 2054 541 2106 Καὶ
577 2050 1037 2114 τὺ,Ἁλαλάξατε
1078 2049 1199 2114 Θεῷ
1239 2050 1308 2102 ἐν
1353 2049 1523 2119 φωνῇ
1555 2049 1842 2118 ἀγαλλιά-

256 2161 444 2210 σεως·
497 2143 586 2196 ὅτι
631 2141 848 2210 Κύριος
888 2141 1150 2209 ὕψιστος
1198 2142 1466 2209 φοϐερός.
1511 2140 1695 2194 Ταῦτα
1735 2140 1841 2211 γὰρ

255 2235 444 2308 ἐροῦσι
482 2236 546 2288 δι’
577 2235 742 2288 αὑτοῦ
773 2233 866 2286 τοῦ
894 2233 1176 2302 φοϐεῖσθαι
1204 2233 1296 2285 καὶ
1323 2233 1484 2297 σέϐας
1512 2232 1654 2302 ἔχειν
1684 2233 1837 2286 Θεοῦ.

254 2328 620 2398 Διηγήσονται
651 2323 708 2376 δὲ
734 2323 830 2377 καὶ
858 2323 932 2386 ὡς
966 2322 1141 2393 πέρας
1171 2321 1271 2374 οὐκ
1302 2321 1528 2392 ἔχουσαν
1557 2322 1717 2390 αὑτοῦ
1744 2323 1841 2392 τὴν
1866 2386 1869 2388 _

256 2415 675 2486 μεγαλωσύνην,
708 2415 770 2467 οὐ
810 2413 1249 2484 περιγράψαντες
1270 2412 1489 2482 γνώσει,
1517 2413 1632 2466 ἀλλ’
1658 2413 1732 2477 ὡς
1758 2411 1841 2468 οὗ·

255 2526 359 2562 σαν
409 2507 792 2576 ἀκατάληπτον
815 2522 828 2534 ·
887 2505 1046 2575 μόνος
1077 2505 1185 2574 γὰρ
1233 2506 1260 2556 ὁ
1301 2505 1427 2568 Υἱὸς
1456 2505 1710 2572 γινώσκει
1747 2505 1839 2560 τὸν

255 2599 497 2670 Πατέρα,
534 2598 627 2651 καὶ
665 2599 693 2651 ὁ
736 2595 923 2666 Πατὴρ
953 2596 1044 2648 τὸν
1076 2596 1220 2649 Υίόν.
1257 2597 1320 2648 Et
1343 2596 1401 2648 δὲ
1429 2597 1522 2649 καὶ⁹
1558 2596 1837 2650 ἀποκαλύ-

253 2709 382 2744 πτει
421 2691 511 2743 τὸν
544 2688 762 2759 Πατέρα
809 2683 888 2751 οἷς
933 2687 1198 2757 βούλεται,
1230 2686 1342 2740 ἀλλ’
1373 2684 1465 2739 οὖν
1507 2687 1580 2751 ὡς
1620 2689 1836 2756 ἐφικτὸν

249 2785 503 2852 γενητοῖς
534 2781 681 2847 ἰδεῖν,
713 2777 854 2832 κατὰ
888 2778 1175 2846 ἀναλογίαν
1204 2773 1272 2849 ἧς
1297 2797 1378 2841 τις
1407 2778 1519 2849 ἔχει
1548 2797 1837 2851 προπαρα-

253 2891 482 2946 σκευης.

324 2965 586 3034 Μνήμην
627 2964 733 3018 τοῦ
783 2962 1055 3028 πλήθους
1104 2960 1214 3029 τῆς
1251 2961 1663 3029 χρηστότητος
1717 2977 1835 3018 σου
1903 2956 1906 2958 ’

229 3045 684 3124 ’ἐξερεύξονται.
720 3055 861 3106 Πᾶσι
893 3053 989 3124 μὲν
1020 3052 1199 3115 αὐτὸς,
1234 3051 1329 3104 ἆτε
1345 3052 1476 3114 Θεὸς
1508 3051 1583 3104 ὢν
1609 3053 1829 3120 ἀγαθὸς,

1945 1865 2102 1919 bonis
2141 1865 2396 1934 operibus
2433 1866 2502 1919 ita
2540 1866 2848 1933 loquentur,
2879 1875 3079 1920 etcum
3119 1877 3268 1921 recta
3296 1881 3516 1921 senten-

1943 1957 2037 2010 tia.
2067 1955 2235 2021 Quale
2263 1966 2342 2010 est
2379 1957 2510 2009 illud
2547 1974 2561 2009 :
2603 1955 2855 2008 Terribile
2879 1965 2955 2008 est
2981 1957 3210 2008 incidere
3244 1957 3300 2008 in
3331 1973 3518 2009 manus

1942 2046 2041 2100 Dei
2089 2048 2302 2100 viventis
2322 2034 2368 2098 ⁸.
2397 2045 2463 2099 Et
2497 2047 2626 2100 illud
2657 2065 2671 2102 :
2697 2046 2930 2100 Jubilate
2959 2047 3064 2100 Deo
3097 2051 3148 2099 in
3177 2063 3295 2099 voce
3335 2048 3515 2100 exsul-

1944 2139 2159 2191 tationis
2187 2153 2204 2190 :
2231 2139 2476 2207 quoniam
2506 2137 2761 2191 Dominus
2787 2138 3022 2191 excelsus
3053 2137 3302 2192 terribilis
3317 2139 3358 2194 ⁵.
3391 2137 3516 2193 Hau:

1940 2229 2083 2282 enim
2119 2229 2302 2283 dicent
2330 2230 2474 2298 quod
2509 2229 2733 2284 timeant
2757 2239 2810 2284 et
2838 2229 3106 2284 honorent
3153 2230 3340 2283 Deum.
3376 2229 3514 2284 Nor-

1940 2321 2138 2387 rabunt
2187 2329 2367 2374 autem
2399 2321 2518 2390 ejus
2547 2321 3000 2392 magnitudinem,
3036 2329 3220 2391 utpt.te
3257 2338 3379 2392 qua
3408 2331 3507 2376 ter-

1940 2412 2147 2466 minum
2178 2427 2284 2465 non
2318 2412 2533 2477 habeat,
2569 2429 2675 2465 non
2708 2412 3211 2466 circumseribcntes
3255 2428 3373 2466 eam
3417 2427 3513 2466 co-

1939 2504 2178 2572 gnitione
2208 2518 2329 2566 sua,
2367 2504 2461 2557 sed
2513 2511 2571 2556 ut
2603 2502 3204 2572 incomprehensibilem
3241 2502 3377 2573 (5‘2).
3413 2500 3515 2554 So-

1938 2597 2024 2651 lus
2074 2611 2308 2664 namque
2359 2594 2528 2648 Filius
2579 2595 2855 2664 cognoscit
2889 2593 3118 2658 Patrem,
3151 2604 3200 2646 et
3233 2592 3393 2647 Pater
3423 2592 3514 2645 Fi-

1875 2675 1881 2682 ’
1938 2674 2090 2739 lium.
2125 2684 2347 2738 Etiamsi
2383 2701 2509 2738 vero
2545 2675 2755 2737 Patrem
2789 2683 3096 2737 manifestet
3125 2683 3323 2752 quibus
3353 2684 3513 2749 vult,

1938 2785 1993 2831 at
2019 2786 2079 2832 ut
2107 2778 2336 2845 opificiis
2361 2761 2620 2846 possibile
2659 2785 2741 2830 est.
2772 2776 2946 2844 ipsum
2980 2775 3182 2840 videre,
3215 2774 3395 2828 habita
3423 2789 3512 2826 ta-

1936 2869 2085 2923 tione
2119 2855 2531 2938 praeparationis
2561 2868 2825 2937 cujusque
2849 2861 3109 2922 hominis.

2009 2959 2059 3014 7.
2106 2960 2417 3014 Memoriam
2464 2960 3126 3014 abundantite'suavitatis
3159 2968 3262 3012 tua:
3304 2963 3514 3012 eruet/1",-

1939 3051 2084 3104 bunt.
2121 3050 2382 3106 Omnibus
2427 3053 2538 3120 ipse
2591 3051 2927 3132 hominibus,
2985 3061 3170 3120 utpote
3223 3053 3315 3119 qui
3370 3051 3510 3106 Deu's

248 3147 545 3200 ἐπιδέδωκε
592 3145 688 3216 τὴν
737 3145 1100 3216 χρηστότητα,
1130 3143 1248 3196 καῖ’
1269 3143 1525 3213 οἱκτείρει
1555 3143 1732 3196 πάντα
1767 3143 1834 3196 τὰ

1957 3157 2113 3196 )onus
2143 3143 2233 3206 sit,
2264 3143 2608 3196 suavitatem
2635 3125 2788 3196 suam
2835 3142 3155 3210 impertivit,
3193 3151 3245 3196 et
3275 3143 3510 3198 miser-ir-

249 3241 392 3310 ἕργα
433 3236 617 3291 αὐτοῦ.
645 3235 914 3300 Σώζονται
954 3235 1012 3288 δὲ
1048 3235 1096 3288 οἳ
1129 3235 1228 3304 τῆς
1277 3233 1644 3304 χρηστότητος
1675 3232 1834 3287 αὐτοῦ

249 3326 547 3380 ἀπολαύειν
576 3325 758 3378 ὲθέλου
766 3341 869 3380 σιν.

779 3414 1090 3470 ΨΑΛΜΟΣ
1127 3417 1316 3468 PME'.

323 3507 511 3574 Αἵνει,
553 3507 592 3575 ἡ
637 3505 808 3575 ψυχή
848 3522 989 3574 μου,
1033 3503 1140 3557 τὸν
1171 3502 1418 3571 Κύριον·
1460 3502 1681 3557 αἰνέσω
1729 3503 1836 3558 τὸν

251 3599 482 3667 Κύριον
513 3599 583 3652 ἐν
607 3596 681 3665 τῇ
713 3595 825 3665 ζωῇ
845 3613 989 3665 μου.

338 3693 432 3744 Ἐν
451 3689 653 3757 ἐκείνῃ
683 3687 758 3756 τῇ
784 3687 971 3756 ἡμέρᾳ
997 3685 1369 3740 ἀπολοῦνται
1392 3683 1613 3750 πάντες
1635 3689 1688 3740 οὶ
1715 3685 1836 3739 δια-

247 3783 531 3853 λογισμοὶ
563 3779 876 3837 αὐτοῦ.Ἐν
921 3778 1000 3848 τῷ
1043 3777 1219 3850 καιρῷ
1256 3777 1350 3830 τοῦ
1398 3777 1651 3841 θανάτου,
1679 3781 1830 3851 φησὶ,

249 3877 432 3928 πάντα
465 3874 566 3926 ὃσα
598 3872 894 3943 ἐφρόνησεν
927 3871 1241 3940 ἧχήσονται,
1276 3869 1372 3922 καὶ
1403 3869 1553 3922 οὐδὲν
1583 3869 1732 3924 ἔσται
1760 3864 1833 3924 ὧν

248 3965 580 4034 ἐφαντάζετο
613 3963 705 4015 ἐπὶ
735 3962 857 4032 γῆς.

326 4053 575 4110 Διδόντα
609 4050 840 4120 τροφὴν
868 4049 992 4114 τοῖς
1020 4047 1287 4103 πεινῶσι.
1323 4052 1703 4123 Πνευματικὴν
1735 4051 1830 4122 δη-

247 4151 426 4205 λονότι
452 4153 565 4212 τοῖς
597 4146 890 4218 λιμώξουσι
926 4145 1125 4210 παντὸς
1160 4145 1386 4213 ἀγαθοῦ.

748 4239 1083 4290 ’ΨΑΑΜοΣ
1115 4239 1313 4303 PMCT'.

321 4331 551 4386 Αἰνεῖτε
602 4330 709 4384 τὸν
761 4329 999 4398 Κύριον,
1049 4329 1136 4382 ὅτι
1181 4330 1404 4398 ἀγαθὸν
1448 4331 1707 4398 etiam.
1744 4332 1831 4384 Ἐν

1941 3242 2028 3287 tur
2054 3234 2232 3288 omnia
2262 3250 2424 3304 opera
2466 3251 2584 3288 sua.
2616 3235 2855 3288 Salutem
2889 3245 3069 3288 autem
3101 3247 3513 3304 consequuntur

1937 3329 2030 3397 qui
2054 3329 2320 3382 suavitate
2353 3329 2470 3397 ejus
2499 3327 2603 3380 frui
2632 3329 2840 3381 volunt.

2418 3419 2757 3475 PSALMUS
2799 3420 3017 3477 CXLV.

2009 3512 2058 3565 ιι
2101 3511 2309 3576 Lauda,
2341 3514 2521 3576 anima
2551 3529 2686 3576 mea,
2720 3511 3038 3575 Dominum;
3065 3512 3295 3568 laudabo
3331 3512 3510 3568 Domi-

1937 3618 2061 3655 num
2085 3605 2138 3655 in
2159 3605 2266 3656 vita
2294 3619 2426 3656 mea.

2006 3692 2058 3747 4.
2102 3691 2168 3746 In
2201 3693 2297 3745 illa
2342 3693 2425 3745 die
2448 3691 2690 3761 peribunt
2724 3709 2898 3744 omnes
2941 3694 3280 3761 cogitationes
3305 3710 3504 3747 eorum.

1938 3783 1991 3837 In
2022 3783 2155 3837 hora
2187 3786 2397 3847 mortis,
2429 3784 2625 3850 inquit,
2661 3785 2843 3837 omnia
2879 3785 3108 3852 cogitata
3135 3786 3254 3854 ejus
3287 3786 3504 3854 publica

1936 3877 2083 3935 ﬁent.
2119 3891 2218 3929 nec
2266 3876 2536 3928 occultum
2589 3875 2692 3929 erit
2739 3875 3017 3945 quidpiam
3074 3891 3264 3930 eorum
3299 3893 3420 3946 quae
3448 3877 3502 3930 in

1935 3978 2074 4022 terra
2106 3967 2380 4037 cogitavit.

2004 4057 2056 4110 7.
2100 4056 2206 4110 Dat
2263 4063 2435 4110 eseam
2475 4047 2843 4110 esurientibus.
2887 4055 3231 4126 Spiritualem
3272 4054 3498 4121 scilicet,

1934 4147 2001 4202 iis
2029 4149 2120 4218 qui
2156 4163 2317 4202 omne
2342 4148 2540 4201 bonum
2574 4156 2850 4215 expetent.
2957 4178 2959 4180 -

2407 4237 2534 4293 PSA
2549 4237 2644 4290 LM
2657 4238 2743 4292 US
2781 4237 2922 4294 CXL
2935 4238 3030 4294 VI.

2004 4333 2054 4387 l.
2097 4331 2335 4386 Laudate
2371 4331 2650 4386 Dominum
2684 4334 2931 4402 quoniam
2955 4333 3116 4385 bonus
3142 4341 3218 4386 est
3241 4331 3496 4400 psalmus.

252 4424 354 4494 μὲν
397 4421 475 4492 τῷ
505 4420 827 4492 προλαϐόντι
875 4421 1036 4483 αὐτὸς
1064 4420 1254 4472 ἑαυτὸν
1285 4419 1513 4491 παρῄνει
1549 4421 1628 4483 εἰς
1673 4421 1830 4491 μόνον

1959 4439 1991 4476 n
2023 4423 2344 4492 praecedenti
2390 4423 2597 4491 psalmo
2628 4437 2747 4476 sese
2775 4422 3092 4475 hortabatur
3119 4421 3171 4474 in
3202 4420 3364 4474 Deum
3397 4425 3501 4474 'so-

244 4513 342 4566 τὸν
367 4512 499 4564 Θεὸν
527 4511 669 4581 ἔχειν
696 4511 794 4582 τὴν
825 4510 1042 4564 ἐλπίδα·
1075 4512 1131 4562 ἐν
1159 4510 1216 4562 δὲ
1236 4511 1408 4580 τούτῳ
1433 4510 1523 4563 τὸν
1546 4511 1831 4571 ἀποστολι-

246 4605 348 4659 κὸν
379 4602 538 4673 χορὸν
577 4602 816 4654 δείκνυσι
851 4601 1166 4654 διδάσκοντα
1195 4601 1257 4652 τὸ
1289 4599 1492 4670 πλῆθος
1529 4603 1696 4655 αἰνεῖν
1738 4603 1829 4655 τὸν

244 4691 402 4755 Θεὸν,
432 4690 516 4760 ἐφ’
546 4685 626 4752 οἷς
654 4689 716 4743 τὸ
739 4688 894 4757 γένος
927 4690 1310 4761 εὐηργέτησεν.
1504 4723 1506 4726 ›
1795 4731 1804 4739 ,

335 4781 788 4851 Ἀναλαμϐἀνων
811 4782 1017 4849 πραεῖς
1038 4785 1070 4834 ὀ
1099 4780 1337 4850 Κύριος.
1359 4782 1560 4852 Πραεῖς
1582 4782 1679 4852 μὲν
1699 4800 1826 4847 τους

245 4875 346 4945 τὴν
376 4875 559 4930 πίστιν
591 4874 756 4928 αὑτοῦ
781 4873 1105 4945 δεξαμένους
1135 4875 1287 4946 φησὶ,
1333 4875 1460 4937 τοὺς
1509 4877 1826 4945 μιμησαμέ-

247 4983 374 5028 νους
419 4965 510 5018 τὸν
557 4965 801 5019 εἰπόντα·
850 4963 1047 5032 Πρᾷός
1081 4967 1197 5034 εὶμι
1242 4964 1373 5033 ἐγώ.
1412 4963 1550 5033 Ἐγὼ
1595 4965 1650 5017 δὲ
1699 4967 1825 5029 τοὺς

247 5056 798 5129 ἁμαρτωλοὺςμισῶ,
831 5058 1014 5125 φησὶν,
1043 5056 1236 5118 οἵτινές
1263 5059 1398 5108 εἰσιν
1438 5058 1487 5108 οἱ
1523 5056 1822 5128 ἀκάθαρτοι

245 5149 520 5218 δαίμονες,
547 5149 594 5200 οἱ
623 5147 700 5218 τῷ
733 5149 866 5217 πυρὶ
892 5146 1246 5210 ἐνοικοῦντες.

324 5237 438 5291 Καὶ
464 5239 658 5307 χλόην
687 5237 759 5305 τῇ
792 5237 1038 5305 δουλείᾳ
1065 5236 1183 5290 τῶν
1203 5236 1542 5304 ἀνθρώπων.
1573 5237 1824 5292 Δουλείαν

244 5330 358 5384 τῶν
389 5328 686 5401 ἀνθρώπων
709 5331 842 5400 φησὶ
863 5329 1016 5400 βοῦς,
1032 5330 1125 5382 καὶ
1157 5329 1412 5399 ἡμιόνους
1439 5328 1531 5381 καὶ
1563 5327 1630 5380 τὰ
1661 5328 1822 5399 ἕτερα

241 5422 356 5476 τῶν
390 5421 622 5493 κτηνῶν.

319 5582 342 5614 ⁸
382 5580 545 5636 Hebr.
577 5595 632 5643 ι,
661 5579 753 5633 5t.
831 5579 851 5609 ³
890 5575 1032 5633 Psal.
1065 5589 1211 5642 XLVI,
1240 5575 1295 5628 2.
1374 5577 1392 5607 ⁶
1434 5573 1622 5629 Matth.
1655 5589 1729 5643 ιι,

319 5653 438 5763 (σε)
471 5690 606 5748 Nota
638 5669 1001 5747 Athanasiani
1019 5688 1160 5758 styli.
1190 5670 1198 5679 ’

1939 4515 2048 4568 lum
2079 4530 2227 4582 spem
2258 4529 2516 4582 ponere;
2544 4515 2595 4565 in
2626 4513 2727 4566 hoc
2752 4519 2932 4567 autem
2977 4513 3333 4581 apostolicum
3367 4512 3500 4567 cbo-

1936 4623 2056 4660 rum
2083 4605 2302 4660 exhibet
2326 4605 2602 4658 docentem
2631 4604 3052 4667 multitudinem,
3085 4605 3305 4658 laudare
3328 4603 3499 4658 Deum

1933 4699 2000 4753 de.
2035 4698 2309 4751 beneficiis
2337 4697 2516 4766 generi
2549 4697 2828 4749 hominum
2859 4697 3090 4751 collatis.

2002 4786 2052 4840 6.
2097 4785 2396 4855 Suscipiens
2440 4795 2736 4838 mansuetos
2761 4783 3042 4840 Dominus.
3070 4785 3377 4842 Mansuetos
3401 4799 3499 4838 v0-

1919 4888 2019 4933 ‘eat
2039 4894 2134 4932 eos
2159 4880 2249 4951 qui
2286 4877 2442 4930 [idem
2476 4876 2595 4945 ejus
2621 4887 2998 4946 susceperunt,
3036 4879 3229 4932 imitati
3257 4893 3380 4931 eum
3404 4877 3499 4946 qui

1931 4970 2068 5024 dixit
2095 4987 2107 5023 :
2133 4969 2281 5022 Mitis
2326 4985 2417 5039 ego
2450 4985 2566 5022 sum
2587 4969 2628 5022 ⁸.
2661 4968 2772 5038 Ego
2809 4977 2988 5023 autem
3022 4979 3333 5038 peccatores
3371 4969 3502 5023 odio

1929 5063 2123 5128 habeo,
2158 5062 2352 5132 inquit,
2383 5061 2476 5131 qui
2522 5073 2648 5115 sunt
2698 5061 2898 5131 impuri
2946 5063 3222 5117 daemones
3268 5061 3324 5115 in
3373 5060 3500 5131 igne

1927 5151 2252 5208 habitantes.
2450 5145 2454 5149 ’

1996 5241 2049 5296 8.
2091 5241 2162 5295 Et
2190 5241 2404 5296 herbam
2428 5243 2670 5297 servituti
2709 5243 2997 5298 hominum.
3042 5242 3363 5298 Servitutetn
3395 5245 3496 5298 ho~

1925 5333 2135 5389 minum
2170 5343 2328 5392 vocat
2356 5335 2544 5403 boves,
2569 5335 2747 5392 mulos
2772 5345 2826 5392 et
2852 5337 3059 5407 reliqua
3082 5335 3348 5406 jumenta.
