3880 6216
1283 317 1339 372 S.
1379 319 1749 375 ATHANASII
1787 319 1936 375 OPP.
1979 321 2156 375 PARS
2187 322 2272 376 ill.
2312 355 2379 362 —
2419 323 2832 380 EXEGETICA.

420 503 497 516 -αν
501 505 2830 526 ‘—————-————————-——_——_——___.___._',

1153 656 1236 717 ΙΝ
1297 659 1794 721 FRAGMENTA
1841 661 2442 733 SUBSEQUENTIA
2503 660 2907 720 MONITUM.

405 977 537 1040 Qua:
567 976 952 1044 subsequuntur
990 978 1289 1047 fragmenta
1329 978 1846 1034 Commentariorum
1883 982 2165 1035 Athanasii
2193 983 2246 1034 in
2282 982 2514 1050 psalmos
2546 983 2693 1050 prior
2720 982 2884 1035 edidit
2915 981 3104 1036 Petrus
3139 981 3531 1038 Feltkmannus
3572 983 3671 1039 sub

720 1075 879 1143 ﬁnem
907 1075 1206 1144 appendicis
1240 1077 1308 1128 ad
1336 1075 1616 1131 editionem
1639 1077 2135 1142 Commelinianam,
2167 1079 2269 1151 hac
2291 1080 2570 1147 pratmissa
2602 1077 2671 1130 ad
2702 1078 2943 1132 lectorem
2968 1080 3345 1132 admonitione.

1575 1187 1783 1224 PETRUS
1821 1186 2203 1225 FELCKMARNUS
2239 1187 2490 1225 LECTORI.

481 1289 498 1318 ι
527 1266 658 1321 Cum
685 1269 1017 1336 prtemissam
1049 1262 1384 1335 appendicem
1414 1268 1677 1338 hucusque
1700 1269 1815 1337 jam
1845 1268 2229 1335 perduxissent,
2251 1269 2414 1321 incidi
2445 1269 2499 1320 in
2527 1285 2681 1336 opera
2707 1268 2937 1336 Luciferi
2973 1269 3199 1336 episcopi
3222 1267 3551 1330 Calaritani,
3575 1286 3670 1322 cu-

398 1358 486 1427 jus
521 1359 703 1412 crebra
731 1369 779 1412 et
821 1358 1041 1411 laudata
1075 1360 1127 1411 in
1163 1360 1458 1412 Athanasio
1484 1370 1662 1413 nostro
1694 1367 1909 1423 mentio,
1937 1362 2051 1429 jam
2076 1363 2199 1414 olim
2229 1361 2449 1415 Lutetia:
2480 1379 2510 1413 a
2540 1361 2744 1414 Joanne
2781 1361 2917 1415 Tilio
2942 1363 3181 1429 episeopo
3215 1360 3474 1414 Meldensi
3501 1361 3671 1416 edita.

406 1452 536 1516 Qua:
567 1468 683 1503 cum
715 1454 1082 1520 pervolverem,
1119 1452 1278 1504 incidi
1314 1454 1366 1504 in
1412 1463 1513 1506 tres
1551 1453 1831 1506 Athanasii
1861 1453 2134 1522 epistolas,
2172 1455 2305 1506 duas
2349 1455 2418 1506 ad
2462 1452 2786 1520 Luciferum,
2814 1461 2863 1505 et
2913 1453 3123 1506 tertiam
3158 1453 3226 1504 ad
3257 1453 3521 1506 solitaria:
3548 1455 3673 1506 vita:

403 1544 689 1604 studiosos,
719 1559 942 1610 quarum
973 1559 1033 1595 ne
1062 1542 1208 1609 fama
1235 1543 1442 1611 quidem
1471 1552 1592 1596 ante
1622 1543 1688 1595 ad
1721 1560 1813 1595 nos
1839 1553 2160 1609 pervenerat.
2198 1541 2343 1606 Quas
2374 1559 2490 1594 cum
2522 1558 2585 1595 ex
2615 1559 2788 1594 rerum
2819 1559 2934 1595 cum
2964 1545 3085 1596 aliis
3118 1545 3402 1597 Athanasii
3430 1544 3672 1612 epistolis

403 1640 752 1693 similitudine
775 1649 824 1692 et
855 1641 1164 1692 tractatione
1195 1642 1445 1709 genuinas
1477 1657 1586 1693 esse
1616 1641 1930 1704 existimem,
1960 1641 2042 1694 hic
2076 1641 2464 1710 subjungendas
2494 1657 2606 1694 esse
2635 1641 2836 1709 putavi.
2862 1639 2929 1692 Et
2958 1637 3083 1704 quia
3112 1637 3289 1688 eodem
3309 1651 3511 1704 quoque
3534 1646 3672 1689 tent-

401 1751 526 1802 pore
564 1735 856 1803 fragmenta
881 1733 1123 1803 qutvdum
1148 1732 1657 1787 Commentariorum
1691 1733 1861 1785 sancti
1895 1733 2048 1801 hujus
2079 1734 2248 1784 nostri
2276 1733 2327 1784 in
2356 1732 2586 1800 psalmos
2619 1733 2673 1784 in
2701 1729 2980 1800 συλλογῇ
3012 1727 3212 1781 Niceten
3251 1728 3582 1781 Heracleota’
3617 1728 3674 1782 in

411 1824 661 1878 Biblioth.
693 1823 946 1876 Palatina
977 1825 1164 1892 reperi,
1197 1823 1378 1876 eadem
1399 1825 1667 1884 similiter,
1699 1826 1859 1876 donec
1885 1825 2087 1892 integra
2112 1824 2324 1875 aliunde
2355 1825 2632 1892 prodeant,
2654 1824 2824 1892 adjeci
2856 1823 3203 1876 tumultuario
3227 1837 3375 1888 opere
3402 1821 3673 1888 festinan-

407 1914 540 1967 tibus
563 1915 722 1983 prelis
757 1932 788 1967 a
816 1932 893 1967 me
924 1932 1092 1968 versa.
1132 1913 1446 1982 Quanquam
1484 1915 1708 1982 fortasse
1739 1932 1838 1968 non
1877 1917 2053 1967 omnia
2079 1931 2194 1984 qua:
2230 1914 2448 1967 Nicetas
2493 1930 2558 1968 ea:
2599 1915 2705 1970 illis
2759 1915 3038 1986 decerpsit,
3071 1917 3282 1969 damus.
3329 1914 3473 1967 Nam
3507 1915 3675 1967 codea:

401 2022 503 2073 quo
535 2008 617 2058 usi
645 2023 826 2059 sumus
866 2008 916 2058 in
955 2005 1147 2075 psalm.
1184 2021 1343 2058 Lxxn
1371 2005 1664 2074 deﬁciebat.
1694 2005 1759 2057 Et
1793 2007 2074 2060 verisimile
2110 2023 2210 2058 non
2236 2015 2313 2059 est
2346 2005 2590 2060 Nicetam
2617 2007 2672 2059 in
2711 2008 2913 2076 reliqua
2963 2006 3292 2075 psalmorum
3323 2015 3472 2074 parte
3501 2006 3674 2058 Atha—

401 2104 543 2156 nasii
564 2103 960 2171 explicationes,
995 2121 1124 2174 quas
1159 2114 1374 2156 eatenus
1409 2113 1516 2156 tam
1542 2105 1836 2170 frequenter
1859 2105 2010 2165 citat,
2036 2105 2296 2157 omisisse.

475 2215 495 2248 ι
526 2195 756 2266 Denique
798 2197 994 2249 brevem
1025 2196 1306 2249 Athanasii
1340 2196 1729 2254 sententiolam.
1757 2207 1806 2248 et
1851 2197 2085 2249 locorum
2133 2197 2488 2266 quorumdam
2522 2197 2695 2249 varias
2735 2195 2980 2248 lectiones
3013 2197 3084 2247 ad
3114 2195 3271 2264 ﬁnem
3308 2193 3543 2256 subdidi,
3582 2194 3674 2248 de-

400 2299 668 2359 promptas
698 2306 761 2344 ex
784 2291 1131 2343 vetustissimo
1156 2292 1330 2343 codice
1352 2290 1602 2343 Biblioth.
1630 2290 1919 2353 Palatium,
1956 2293 2045 2360 qui
2089 2291 2384 2345 continebat
2419 2292 2642 2345 similem
2669 2302 2904 2344 catenam
2929 2293 3316 2360 expositionum
3348 2291 3400 2342 in
3447 2288 3670 2350 Jobum,

402 2383 466 2435 ab
496 2384 693 2435 incerto
730 2391 944 2434 auctore
975 2383 1364 2434 concinnatam.
1393 2379 1469 2432 Tu
1495 2396 1634 2445 vero,
1661 2380 1896 2433 benevole
1920 2380 2103 2444 lector,
2136 2382 2436 2434 auctarium
2461 2381 2614 2433 hocce
2640 2380 2875 2433 benevole
2903 2391 3193 2449 acceptare,
3219 2381 3516 2448 nostrisque
3557 2391 3673 2432 stu-

399 2479 506 2532 diis
540 2480 713 2548 favere
745 2477 870 2531 velis
899 2495 1011 2530 oro.
1044 2497 1062 2527 ι
1100 2475 1228 2529 Haec
1263 2475 1675 2529 Felckmannus.

473 2574 742 2645 Epistolas
790 2591 947 2644 porro
994 2583 1313 2626 memoratas
1351 2590 1383 2625 a
1417 2571 1772 2626 Felcltmanno
1826 2572 1894 2625 ad
1941 2570 2248 2640 Luciferum
2294 2581 2342 2625 et
2389 2572 2456 2624 ad
2500 2572 2803 2638 monachos,
2835 2572 3094 2624 edidimus
3119 2586 3300 2639 supra.
3337 2570 3468 2624 Htec
3492 2583 3670 2625 autem

402 2668 700 2738 fragmenta
732 2667 869 2737 quod
893 2675 1111 2735 spectat,
1136 2663 1515 2718 consimillima
1548 2664 1642 2716 illa
1675 2674 1816 2728 stmt,
1846 2665 2177 2732 paucissimis
2223 2666 2475 2732 exceptis,
2520 2665 2932 2733 expositionibus
2979 2665 3262 2716 Athanasii
3293 2679 3458 2730 supra
3483 2664 3665 2718 editis.

401 2760 556 2825 Quod
585 2761 630 2813 si
655 2760 965 2828 quandoque
997 2755 1250 2809 nonnulla
1273 2763 1550 2808 occurrant
1574 2770 1690 2822 qua:
1719 2755 1771 2805 in
1805 2751 2236 2821 lix-positionibus
2265 2770 2367 2805 non
2392 2765 2749 2822 compareant,
2777 2772 2878 2808 non
2912 2756 3027 2808 ideo
3049 2755 3397 2825 repudianda,
3425 2758 3668 2810 etAtha-

399 2853 552 2904 ttasio
581 2849 976 2920 abjudicanda;
1011 2865 1154 2913 nam,
1185 2855 1323 2918 quod
1347 2850 1646 2902 observasse
1663 2847 1898 2918 juvabit,
1925 2846 1993 2900 ad
2015 2863 2102 2900 eos
2134 2847 2460 2916 psalmorum
2487 2867 2664 2904 versus
2687 2855 2970 2921 pertinent,
2999 2869 3221 2922 quorum
3247 2853 3542 2921 explicatio
3566 2871 3668 2906 non

398 2954 574 2998 exstat
603 2946 654 2998 in
681 2941 1132 3013 Erpositionibus,
1162 2954 1337 3012 utpote
1362 2960 1465 2997 non
1511 2945 1727 3013 integris
1749 2960 1810 2995 ac
1845 2959 2074 3012 persaepe
2101 2944 2483 3012 deﬁcientibus.
2521 2945 2780 2999 Caeterum
2813 2948 2922 3002 hac
2957 2959 3202 3018 excerpta
3225 2966 3326 3002 non
3351 2950 3419 3002 ad
3454 2949 3668 3002 verbum

401 3037 562 3107 refert
583 3036 819 3099 Nicetas,
853 3035 944 3090 sed
963 3037 1261 3106 plerumque
1289 3036 1462 3105 quoad
1489 3036 1801 3088 sententiam
1831 3044 2036 3087 tantum
2062 3053 2154 3088 nec
2183 3053 2305 3089 raro
2333 3039 2586 3105 permista
2605 3055 2723 3090 cum
2746 3039 2972 3092 aliorum
3003 3040 3223 3094 Patrum
3245 3043 3667 3106 commentariis,

399 3150 621 3204 quorum
650 3135 759 3204 ipse
787 3135 998 3188 nomina
1033 3134 1208 3202 affert.
1234 3133 1441 3186 Etenim
1467 3132 1678 3201 quando
1709 3131 1890 3185 eadem
1914 3135 2147 3196 omnino,
2173 3149 2263 3186 nec
2285 3135 2564 3186 immutata
2605 3150 2696 3186 nec
2735 3136 2976 3188 auctiora
3007 3145 3126 3187 sunt
3156 3151 3314 3204 quam
3351 3135 3406 3187 in
3431 3133 3666 3204 Exposi-

403 3225 649 3291 tianibus,
689 3243 750 3280 ea
774 3227 1064 3291 omisimus,
1092 3242 1153 3279 ne
1181 3226 1258 3278 bis
1290 3225 1427 3278 idem
1455 3224 1716 3276 inutiliter
1741 3233 2026 3292 repetatur.
3294 3207 3302 3214 ’

593 3549 1314 3641 FRAGMENTA
1387 3544 2550 3642 COMMENTARIORUM
2636 3553 2748 3640 D.
2815 3547 3475 3643 ATHANASII

1765 3747 1850 3808 ΙΝ
1900 3747 2042 3808 PSA
2055 3748 2290 3808 LMOS.

503 4059 580 4118 Ex
609 4059 813 4117 Nicetas
837 4063 1195 4131 metropolitae
1224 4060 1499 4117 Heracleae
1527 4071 1720 4117 catena
1745 4063 2031 4131 expositio:

2068 4079 2180 4129 im,
2211 4064 2324 4118 sive
2355 4072 2414 4117 ut
2470 4063 2585 4132 ipse
2623 4071 2801 4128 vocat,
2847 4066 3141 4138 Συναγωγῇ
3197 4067 3540 4137 ἐξηγήσεων.
3590 4084 3659 4122 ex

1458 4152 1660 4208 Graecis
1706 4151 1958 4206 Patiibus
1989 4153 2043 4205 in
2072 4151 2320 4207 Psalmos
2348 4153 2573 4207 collecta

505 4245 722 4300 Nicetas
746 4246 831 4299 hic
852 4246 906 4298 in
933 4247 1180 4315 prooemio
1209 4248 1418 4300 tertiam
1441 4265 1505 4300 ea;
1525 4250 1768 4318 quinque,
1787 4265 1918 4318 quas
1943 4249 2046 4302 sibi
2077 4251 2471 4315 praemittendus
2494 4267 2602 4303 esse
2632 4254 2942 4322 quazstiones
2967 4256 3188 4322 censuit,
3214 4257 3370 4322 hanc,
3399 4259 3458 4311 τί
3482 4258 3551 4311 τὸ

982 4339 1339 4408 Ψαλτήριον,
1376 4340 1664 4409 explicans,
1694 4340 1877 4392 addito
1908 4341 2115 4392 nomine
2151 4341 2526 4408 Ἀθανασίου,
2557 4347 2824 4412 sequentia
2850 4347 3082 4416 subjicit.

471 4433 566 4489 Est
635 4434 798 4504 igitur
847 4433 1161 4502 psalterium
1222 4435 1643 4489 instrumentum
1697 4435 1966 4489 musicum
1997 4445 2031 4498 Α

2148 4437 2301 4487 Ἔστι
2329 4436 2502 4488 τοίνυν
2527 4438 2587 4490 τὸ
2624 4439 2918 4511 ψαλτήριον
2943 4443 3173 4513 ὄργανον
3204 4449 3463 4516 μουσικὸν
3500 4450 3660 4506 δεκά-

399 4536 656 4580 constans
683 4527 866 4581 decem
912 4525 1150 4588 chordis,
1180 4524 1248 4579 de
1293 4525 1520 4579 summis
1554 4525 1725 4594 ipsius
1752 4541 1974 4595 compa-

2075 4529 2282 4599 χορδον,
2307 4533 2371 4584 ὲκ
2403 4531 2509 4583 τῶν
2536 4532 2740 4587 ἄνωθεν
2777 4535 2957 4605 μερῶν
2989 4539 3088 4607 τῆς
3129 4543 3477 4611 κατασκευῆς
3515 4545 3658 4598 ἀπο-

399 4619 481 4689 gis
519 4617 762 4686 partibus
809 4633 1002 4672 sonum
1050 4618 1356 4686 perliciens,
1386 4633 1681 4686 vocemque
1728 4632 1971 4672 consona

397 4711 630 4778 quadam
663 4709 893 4762 melodia
921 4710 1221 4764 articulatm
1253 4710 1373 4763 voci
1406 4709 1635 4763 similem
1684 4709 1915 4762 reddens
1952 4727 1965 4762 :

399 4816 463 4854 ac
511 4801 726 4865 dicitur,
763 4800 1001 4855 Hebraeis
1049 4803 1289 4871 quidem,
1337 4802 1533 4866 naula;
1587 4801 1788 4855 Graecis
1818 4815 1965 4864 vero,

395 4894 624 4948 cithara.
669 4892 968 4947 Conﬁcitur
992 4909 1121 4948 vero
1172 4894 1275 4947 hoc
1325 4894 1484 4946 modo
1525 4901 1788 4961 :sumpto
1819 4893 1968 4961 ligno

393 4997 567 5046 recto,
595 4984 835 5052 nihilque
858 4984 1074 5053 penitus
1103 4985 1318 5050 inﬂexo,
1348 4986 1534 5039 decem
1576 4985 1628 5037 in
1660 4999 1724 5037 eo
1751 4983 1968 5038 chordae

395 5075 787 5140 tendebantur;
844 5088 908 5128 ac
958 5075 1183 5142 singulae
1234 5075 1463 5129 seorsim
1530 5074 1582 5127 in
1657 5075 1968 5129 summitate

396 5162 568 5231 ipsius
618 5162 859 5231 psalterii
905 5165 1024 5216 lixae
1067 5163 1579 5232 cons’tringebantur
1615 5178 1840 5218 :earum
1869 5180 1966 5218 au—

394 5265 500 5309 tem
565 5255 828 5324 principia
895 5256 1183 5311 desursum
1237 5259 1616 5314 demittuntur.
1677 5259 1731 5312 tn
1783 5260 1966 5315 cubito

391 5345 522 5415 (sive
553 5345 710 5414 collo)
746 5361 982 5416 namque
1005 5347 1175 5415 ipsius
1203 5351 1441 5417 psalterii
1472 5352 1656 5404 decem
1687 5351 1965 5406 claviculas

391 5438 506 5493 sive
537 5437 717 5505 paxilli
755 5439 962 5507 trajecti
993 5447 1300 5506 vertuntur,
1328 5442 1420 5510 qui
1447 5441 1682 5496 chordas
1714 5443 1960 5508 tendunt,

390 5529 757 5591 remittuntve,
791 5539 947 5596 prout
972 5545 1166 5586 vocum
1197 5535 1553 5588 consonantia
1595 5543 1646 5588 et
1681 5537 1962 5605 proportio

391 5623 639 5690 requirit,
671 5633 723 5676 et
756 5624 820 5677 ad
851 5624 1127 5692 psallentis
1176 5626 1406 5682 libitum.
1447 5626 1512 5682 Et
1548 5628 1650 5682 hoc
1676 5638 1780 5694 est,
1813 5631 1958 5700 quod

390 5728 619 5784 magnus
657 5711 889 5771 Basilius
921 5716 1014 5782 ait,
1043 5726 1144 5774 etc.

2071 4621 2256 4674 τελοῧν
2281 4623 2371 4674 τὸν
2393 4619 2546 4694 ἦχον,
2573 4626 2907 4696 ὲναρμονίως
2939 4629 3064 4691 τοὺς
3093 4631 3362 4699 φθόγγους
3389 4635 3527 4704 πρὸς
3557 4638 3659 4708 τὴν

2073 4715 2136 4764 ὲκ
2156 4713 2255 4782 τῆς
2276 4714 2458 4783 φωνῆς
2481 4715 2746 4785 μελῳδίαν
2772 4719 3019 4771 ἁποδιδόν
3040 4736 3054 4750 ⁸
3086 4721 3234 4792 παρὰ
3254 4724 3350 4792 μὲν
3382 4725 3662 4795 Ἑϐραίοις

2071 4803 2239 4856 ναῦλα
2269 4805 2576 4875 λεγόμενον,
2603 4811 2731 4879 παρ’
2761 4810 2983 4880 Ἕλλησι
3012 4811 3067 4864 δὲ
3093 4813 3292 4884 κιθάρα
3317 4816 3663 4887 ὀνομαζόμε-

2071 4914 2178 4950 νον.
2205 4899 2622 4952 Κατεσκεύαστο
2648 4901 2756 4972 γὰρ
2782 4903 2963 4966 αὐτοῖς
2984 4905 3140 4975 ὀρθὸν
3171 4906 3323 4970 ξύλον
3349 4909 3441 4961 καὶ
3472 4909 3661 4982 ἀπαρ-

2070 4988 2333 5056 έγκλιτον,
2377 4991 2562 5061 χορδαὶ
2591 4991 2647 5044 δὲ
2672 4995 2729 5044 ἐν
2757 4994 2928 5064 τούτῳ
2951 4995 3084 5049 δέκα
3113 4999 3655 5074 ἐτείνοντο.Ἐκὰστη

2068 5081 2125 5134 δὲ
2174 5081 2281 5135 τῶν
2323 5081 2523 5152 χορδῶν
2555 5084 2636 5146 εἰς
2669 5083 2730 5135 τὸ
2757 5085 3164 5155 ἀκροτελεύτιον
3210 5089 3301 5140 τοῦ
3345 5090 3654 5161 ψαλτηρίου

2066 5173 2408 5247 διῃρημένους
2437 5178 2865 5245 ὲναπεσφίγγετο
2885 5194 2897 5206 ·
2939 5179 2998 5230 αἱ
3029 5178 3085 5231 δὲ
3112 5180 3274 5251 ἀρχαὶ
3301 5181 3406 5233 τῶν
3440 5183 3654 5252 χορδῶν

2067 5266 2314 5319 καθίεντο
2338 5268 2558 5323 ἄνωθεν.
2593 5270 2735 5322 Δέκα
2767 5270 2875 5340 γὰρ
2900 5271 3148 5324 κόλλαεοι
3180 5272 3355 5326 είτουν
3383 5275 3656 5328 πασσαλί-

2069 5375 2206 5422 σκοι,
2242 5361 2368 5430 περὶ
2415 5360 2505 5412 τὸν
2553 5361 2732 5430 πῆχυν
2781 5361 2873 5414 τοῦ
2929 5362 3226 5434 ψαλτηρίου
3261 5365 3649 5434 στρεφόμενοι,

2065 5450 2262 5503 ἕτεινόν
2296 5469 2353 5503 τε
2382 5451 2478 5522 τὴν
2501 5452 2692 5523 χορδὴν
2727 5453 2822 5506 καὶ
2855 5455 3060 5524 ἐχάλων
3089 5456 3222 5526 πρός
3241 5473 3299 5508 τε
3323 5457 3412 5509 τὸν
3437 5457 3650 5528 ῥυθμὸν

2063 5541 2160 5606 τῆς
2207 5542 2463 5610 ἁρμονίας
2517 5543 2610 5595 καὶ
2658 5545 2792 5614 πρὸς
2825 5545 2884 5597 τὸ
2927 5545 3019 5598 τοῦ
3058 5546 3334 5617 ψαλτῳδοῦ
3368 5547 3645 5619 βούλημα.

2063 5632 2168 5684 Καὶ
2193 5631 2348 5684 τοῦτό
2374 5635 2519 5686 ἐστιν
2552 5635 2579 5686 ὄ
2611 5651 2773 5704 φησιν
2806 5636 2833 5686 ὀ
2867 5635 3039 5705 μέγας
3064 5637 3357 5704 Βασίλειος,
3389 5649 3494 5694 etc.
