3880 6216
188 298 299 356 διο

1192 300 1616 358 FRAGMENTA
1655 305 2013 360 COMMENT.
2056 307 2120 360 ΙΝ
2160 307 2500 365 PSALMOS.

3351 311 3457 370 εεθ

778 412 925 467 Idem
949 413 1218 482 explicans
1242 416 1346 468 ista
1376 416 1570 484 psalmi
1596 413 1681 479 II,
1716 434 1735 467 ‹
1767 417 2122 473 Conreuerunt
2147 437 2288 491 reges
2311 433 2485 486 tet-rte,
2521 444 2536 476 ι
2567 435 2694 486 etc.,
2718 427 2904 493 ponit:

275 529 639 594 Ἀθανάσιος.
658 527 758 581 Διὰ
777 528 827 580 τί
855 526 910 578 δὲ
931 527 980 579 οἱ
1005 527 1242 596 βασιλεῖς
1255 527 1501 600 Ἡρώδης
1529 533 1556 583 ὁ
1573 531 1758 583 Ἀσκα-

1944 535 2285 589 Athanasius.
2328 537 2460 602 Quae
2503 553 2632 592 vero
2685 552 2850 590 causa
2901 546 3039 602 erat,
3084 537 3230 607 quod
3277 555 3452 608 reges.

189 625 422 693 λωνίτης
445 623 540 676 καὶ
565 623 794 685 Πιλᾶτος
821 624 848 674 6
873 623 1094 686 Πόντιος
1124 623 1496 692 παρέστησαν,
1528 625 1772 678 τουτέστι

192 715 566 786 παρετάξαντο
595 713 688 766 καὶ
715 712 946 784 ἐπῆλθον
974 711 1115 766 κατὰ
1143 711 1412 782 Χριστοῦ;
1445 712 1542 765 Διὰ
1564 713 1616 765 τί
1645 712 1701 765 δὲ
1723 715 1770 766 οξ

189 809 450 878 ἄρχοντες
500 805 608 856 τῶν
644 803 909 856 Ἰουδαίων
955 805 1003 856 oi
1051 803 1285 866 ἀσεϐεῖς,
1322 804 1416 856 καὶ
1447 802 1642 873 λοιμοὶ,
1679 805 1773 858 καί

190 896 529 967 ἁμαρτωλοὶ,
556 895 929 966 Γραμματεῖς,
962 896 1054 947 καὶ
1080 896 1384 966 Φαρισαῖοι,
1409 896 1502 947 καὶ
1535 896 1768 964 νομικοὶ,

189 993 268 1052 εἰς
297 988 490 1040 ταύτὸν
537 985 893 1056 συνέδραμον,
926 986 1018 1038 καὶ
1056 985 1197 1038 κατὰ
1230 985 1322 1037 τοῦ
1358 986 1584 1056 Κυρίου,
1617 1004 1772 1040 τουτ-

188 1081 306 1133 έστι
344 1079 438 1132 τοῦ
470 1079 702 1148 Πατρὸς,
733 1078 828 1130 καὶ
875 1077 1018 1130 κατὰ
1061 1077 1154 1130 τοῦ
1184 1077 1420 1148 Χριστοῦ
1449 1078 1766 1150 ἐλύττησαν,

185 1173 433 1226 τουτέστι
463 1170 556 1224 τοῦ
586 1170 714 1222 Υίοῦ
745 1169 946 1234 αὐτοῦ;
995 1171 1052 1221 '0
1077 1170 1182 1241 γὰρ
1213 1169 1286 1239 μὴ
1312 1169 1488 1239 τιμῶν
1524 1171 1614 1223 τὸν
1646 1172 1769 1226 Υίδν

185 1263 309 1316 οὐδὲ
334 1262 425 1314 τὸν
456 1256 673 1330 Πατέρα
701 1261 854 1331 τιμᾷ.
885 1259 1036 1329 Τάχα
1071 1260 1170 1329 μὲν
1194 1255 1305 1323 οὖν,
1330 1260 1514 1330 ἐπειδὴ
1542 1261 1610 1314 τὰ
1639 1263 1767 1333 παρ’

187 1356 419 1417 ἐκείνοις
463 1352 837 1423 τετολμημένα
882 1351 976 1404 τοῦ
1010 1353 1214 1423 Κυρίου
1252 1351 1452 1422 μᾶλλον
1483 1353 1580 1424 τὴν
1612 1353 1770 1407 δύνα-

187 1467 281 1518 μιν
304 1448 494 1513 ἔδειξε,
519 1447 614 1500 καὶ
640 1448 719 1510 εἰς
737 1445 1047 1499 τούναντίον
1073 1446 1254 1507 αὐτοῖς
1271 1444 1342 1498 τὰ
1364 1447 1769 1517 ἐπιχειρήματα

182 1540 428 1610 γέγονεν,
462 1537 625 1590 οἱονεὶ
660 1535 979 1608 μυκτηρίζει
1029 1537 1224 1598 αὐτοὺς
1277 1537 1306 1588 6
1349 1536 1529 1600 Δαυῒδ,
1563 1537 1638 1599 ὡς
1687 1539 1768 1600 είς

184 1633 342 1686 κενὸν
366 1630 544 1684 πάντα
568 1628 943 1700 τολμήσαντας
964 1645 976 1658 ⁸
1007 1629 1150 1699 τάχα
1179 1628 1235 1680 δὲ
1263 1629 1356 1682 καὶ
1385 1629 1676 1700 μέμφεται.
1703 1629 1768 1682 Τί

182 1723 294 1795 γὰρ
316 1723 516 1792 δήποτε
539 1721 851 1791 αἰτιώμενοι
871 1722 918 1773 οἱ
950 1721 1090 1774 κατὰ
1110 1719 1346 1791 Χριστοῦ
1371 1721 1765 1792 συνδραμόντες

184 1813 406 1885 σταυρῷ
447 1811 632 1866 τοῦτον
685 1813 1028 1884 ἁνήρτησαν;
1083 1814 1194 1882 Οὐχ
1240 1808 1392 1876 οὗτός
1425 1815 1571 1866 ἐστιν
1595 1815 1622 1865 6
1653 1809 1767 1876 τοῖς

182 1877 362 1960 ἔθνεσι
379 1877 488 1976 ’μὲν
515 1877 892 1974 δεδωκὼςτὴν
930 1903 1142 1972 σοφίαν,
1161 1877 1291 1967 -τοῖς
1315 1903 1371 1956 δὲ
1402 1904 1677 1974 βασιλεῦσι
1703 1905 1764 1957 τὸ
1799 1877 1837 1934 Β

180 1997 386 2067 κράτος
419 1993 737 2067 παρασχὼν,
773 1995 867 2047 καὶ
905 1995 1018 2056 τοῖς
1050 1993 1274 2064 ἄρχουσι
1295 1993 1393 2064 τὴν
1425 1995 1599 2064 ἀρχὴν
1629 2011 1766 2064 κρα-

178 2089 492 2161 τυνόμενος,
532 2088 627 2141 καὶ
663 2089 777 2150 τοῖς
815 2086 1089 2149 Ἰουδαίοις
1118 2087 1185 2139 τὰ
1219 2085 1450 2156 μέγιστα
1473 2103 1765 2157 τερατουρ-

179 2182 358 2251 γήσας
385 2178 480 2232 καὶ
508 2177 755 2248 βοώμενα
781 2176 1066 2247 θαύματα;

1876 621 2115 678 llerodes
2147 626 2459 680 Ascalonita
2491 636 2543 680 et
2575 626 2798 680 Pontius
2831 625 3038 680 Pilatus
3075 629 3451 694 convenirent,

1874 715 1978 768 hoc
2023 722 2126 778 est,
2171 716 2567 786 conspirarent,
2603 727 2656 771 et
2686 718 2949 786 impetum
2986 718 3229 773 facerent
3262 730 3455 775 contra

1873 803 2187 858 Christum?
2212 808 2319 859 Aut
2345 807 2474 876 quid
2509 807 2586 860 rei
2613 817 2748 869 erat,
2773 807 2915 876 quod
2944 809 3212 876 principes
3237 807 3454 862 Judteo-

1873 911 2021 958 rum,
2063 895 2216 964 impii
2269 897 2368 962 illi,
2416 899 2847 965 pestilentissimi
2897 908 2949 952 et
3001 898 3450 953 facinorosissimi

1873 988 2142 1054 homines,
2180 989 2401 1044 Scribas
2432 989 2579 1053 dico,
2610 988 2914 1043 Pharisaeos
2931 999 2983 1043 et
3012 991 3372 1060 legisperitos,
3397 992 3452 1044 in

1873 1096 2036 1133 unum
2066 1081 2375 1150 congregati
2405 1089 2552 1144 sunt,
2583 1091 2632 1136 et
2666 1092 2854 1135 contra
2891 1082 3204 1148 Dominum,
3237 1083 3338 1136 hoc
3368 1093 3454 1135 est.

1870 1169 2108 1235 Patrem,
2142 1171 2502 1239 insanierunt,
2543 1181 2842 1241 contraque
2867 1173 3144 1227 Christum
3176 1175 3315 1242 ejus,
3345 1176 3451 1228 sci-

1870 1261 1995 1316 licet
2021 1261 2259 1315 Filium?
2287 1260 2424 1316 Nam
2475 1263 2568 1330 qui
2618 1279 2725 1315 non
2761 1264 2997 1317 honorat
3020 1263 3240 1327 Filium,
3278 1266 3324 1319 is
3355 1281 3451 1319 ne-

1870 1369 1975 1422 que
2000 1353 2214 1408 Patrem
2244 1354 2534 1407 honorat".
2569 1353 3021 1424 Quandoquidem
3054 1357 3218 1425 igitur
3242 1364 3296 1410 ct
3327 1373 3448 1424 qua:

1869 1447 1937 1499 ab
1971 1447 2078 1500 illis
2108 1455 2314 1515 patrata
2348 1455 2495 1509 sunt,
2531 1446 2746 1500 Domini
2777 1447 3075 1516 potentiam
3116 1449 3295 1501 adhuc
3342 1465 3451 1502 ma-

1868 1539 1951 1608 gis
1979 1539 2448 1606 demonstrarunt,
2482 1541 2839 1608 ipsorumque
2871 1548 3101 1593 conatus
3136 1539 3294 1608 plane
3321 1555 3452 1594 con-

1870 1630 2093 1684 trariutn
2137 1631 2341 1684 exitum
2391 1631 2571 1685 sortiti
2623 1640 2751 1685 sunt
2795 1649 2808 1683 :
2847 1630 3050 1685 idcirco
3081 1631 3296 1686 videtur
3329 1633 3450 1686 illus

1867 1721 2036 1776 David
2068 1723 2221 1790 quasi
2260 1722 2508 1784 irridere,
2554 1731 2613 1775 ut
2645 1722 2737 1791 qui
2771 1721 2826 1775 in
2877 1739 3074 1776 vanum
3118 1723 3300 1776 omnia
3335 1733 3452 1776 ten-

1869 1820 2053 1866 tarunt
2097 1831 2110 1866 :
2163 1814 2243 1867 vel
2297 1812 2528 1867 fortasse
2581 1813 2744 1867 etiam
2801 1828 3082 1868 accusare.
3116 1815 3233 1878 Qua
3279 1815 3448 1878 enim,

1866 1920 2071 1975 quaeso,
2102 1921 2267 1959 causa
2318 1906 2543 1974 culpave
2582 1907 2634 1958 in
2670 1905 2888 1959 Christo
2936 1906 3270 1974 deprehensa
3314 1922 3449 1961 cou-

1865 2013 2032 2053 cursu
2081 1997 2224 2051 facto
2276 1998 2451 2066 ipsum
2502 1997 2558 2050 in
2603 2012 2819 2052 crucem
2851 1997 3230 2051 sustulerunt?
3259 1996 3452 2052 Nonne

1866 2091 1983 2159 ipse
2010 2099 2113 2150 est,
2136 2089 2230 2158 qui
2261 2089 2514 2158 gentibus
2549 2088 2872 2157 sapientiam
2907 2089 3074 2150 dedit,
3109 2089 3201 2157 qui
3231 2089 3449 2158 regibus

1867 2181 2157 2250 imperium
2195 2178 2405 2239 tribuit,
2433 2179 2524 2246 qui
2553 2179 2890 2247 principibus
2923 2177 3266 2232 dominatum
3312 2197 3448 2234 cou-

1865 2272 2088 2328 lirmat?
2119 2271 2210 2340 qui
2235 2271 2471 2338 denique
2501 2270 2703 2325 ludatis
2729 2287 2943 2326 summa
2975 2281 3029 2326 et
3065 2273 3448 2342 proclamatis-

1866 2365 2003 2419 sima
2029 2363 2119 2415 illa
2152 2368 2410 2431 operatus
2439 2369 2524 2415 est
2553 2361 2854 2416 miracula?

1317 2477 1382 2531 Et
1413 2480 1468 2534 in
1500 2494 1704 2531 versum
1734 2487 2028 2548 sequentem
2052 2475 2281 2527 scribens
2302 2489 2320 2526 :

260 2575 624 2641 Ἆθανὰσιος.
643 2573 754 2644 (5'5)
770 2572 1030 2627 Ἐνταῦθα
1045 2573 1219 2626 λείπει
1232 2573 1312 2633 τὸ,
1331 2573 1594 2642 λέγοντες,
1615 2575 1700 2627 ἵνα

173 2669 210 2738 ἡ
238 2667 449 2720 διάνοια
480 2664 616 2736 αὕτη
637 2682 648 2694 ·
686 2663 1088 2733 Συνήχθησαν
1112 2665 1260 2719 κατὰ
1281 2665 1386 2718 τοῦ
1418 2665 1638 2733 Κυρίου
1662 2667 1759 2719 καὶ

177 2759 330 2814 κατὰ
375 2757 482 2810 τοῦ
518 2756 774 2824 Χριστοῦ
804 2755 1010 2820 αὐτοῦ,
1043 2755 1293 2824 λέγοντες
1313 2773 1326 2786 ⁸
1375 2759 1761 2826 Διακόψωμεν

176 2851 320 2914 τοὺς
358 2848 621 2918 δεσμοὺς
664 2845 879 2900 αὐτῶν.
911 2847 1114 2912 Τίνων;
1162 2847 1256 2900 τοῦ
1303 2849 1514 2919 Πατρὸς
1544 2848 1759 2901 καὶτοῦ

179 2943 306 2996 Υίοῦ
327 2959 342 2972 ·
377 2942 437 2994 οὐ
468 2941 575 3012 γὰρ
599 2939 788 3010 ἡθελον
834 2939 964 2991 εἵσω
993 2939 1091 3009 τῆς
1124 2941 1273 3010 ἱερᾶς
1309 2939 1558 3007 γενέσθαι
1591 2942 1760 3010 σαγή-

1940 2573 2286 2627 Athanasius.
2329 2570 2491 2624 Deest
2540 2568 2628 2622 hic
2683 2569 2836 2632 illud,
2863 2568 3126 2631 dicentes,
3153 2576 3214 2621 ut
3258 2567 3343 2620 hic
3379 2570 3450 2623 sit

1869 2679 2082 2726 sensus,
2113 2663 2427 2732 Congregati
2472 2669 2594 2713 sunt
2638 2672 2822 2713 contra
2861 2659 3148 2712 Dominum
3181 2669 3227 2711 et
3262 2670 3450 2714 contra

1868 2757 2138 2811 Christum
2183 2754 2318 2822 ejus,
2359 2753 2643 2806 dicentes:
2689 2751 3060 2820 Dirumpamus
3107 2751 3314 2804 vincula
3361 2768 3448 2803 eo-

1868 2861 2003 2897 rum.
2040 2842 2320 2908 Quorum?
2363 2840 2541 2896 Patris
2585 2841 2846 2894 nimirum
2888 2850 2941 2894 et
2981 2839 3103 2892 Filii
3143 2859 3156 2892 :
3193 2842 3450 2895 nolebant

1867 2936 2010 2990 enim
2062 2935 2202 2988 intra
2240 2948 2451 2988 sacram
2484 2931 2698 2986 Domini
2734 2947 2988 3001 sagenam
3022 2947 3142 2986 esse
3175 2951 3187 2985 :
3220 2933 3446 3000 abjicia-

175 3053 274 3106 νης
293 3052 306 3065 ’
347 3034 791 3101 Ἁπορῤίψωμεν
825 3031 892 3083 δὲ
923 3030 1031 3084 τὸν
1056 3031 1252 3100 ζυγὸν,
1285 3033 1529 3085 τουτέστι
1556 3033 1646 3087 τὸν
1671 3034 1758 3084 εὑ-

1868 3043 1983 3079 mus
2033 3039 2160 3078 vero
2208 3023 2368 3076 etiam
2402 3023 2592 3091 jugum
2622 3023 2874 3090 ipsorum,
2909 3020 3011 3074 hoc
3056 3031 3157 3084 est,
3193 3020 3360 3088 legem
3392 3026 3447 3072 «ιε

175 3126 468 3196 αγγελικὸν
499 3125 659 3195 νόμον
686 3124 778 3176 καὶ
800 3122 897 3193 τὴν
925 3123 1163 3192 ἐντολὴν,
1191 3124 1317 3193 περὶ
1339 3117 1398 3176 οῦ
1427 3124 1754 3195 γέγραπται·

1867 3125 2131 3187 praecepta
2181 3113 2478 3182 Evangelii,
2528 3113 2592 3166 dc
2643 3127 2751 3183 quo
2796 3111 3058 3178 scriptum
3092 3117 3212 3164 est:
3246 3107 3446 3177 Iugum

188 3222 240 3272 Ὀ
271 3219 446 3288 ζυγός
473 3233 590 3286 μου
617 3216 879 3283 χρηστός
901 3213 1052 3266 ἐστι.
1090 3212 1259 3266 Τοῦτο
1295 3213 1349 3266 δὲ
1382 3214 1542 3277 αὐτὸς
1571 3213 1758 3267 ὀνειδί-

1865 3224 2036 3261 meum
2075 3223 2230 3259 suave
2253 3206 2387 3261 est“.
2419 3202 2531 3257 Hoc
2560 3219 2690 3258 vero
2725 3204 2888 3257 etiam
2920 3203 3149 3272 ipsemet
3184 3201 3448 3258 Dominus

175 3310 282 3374 ζων
304 3311 488 3372 αὐτοῖς
513 3308 600 3362 διὰ
619 3306 886 3378 Ἰερεμίου
916 3306 1098 3374 ἔλεγεν
1120 3324 1132 3336 ·
1167 3304 1359 3372 Εἷπας
1375 3324 1388 3338 ’
1417 3309 1497 3360 Οὐ
1518 3307 1758 3360 δουλεύ-

1872 3301 2003 3368 ipsis
2055 3299 2348 3367 exprobrat
2383 3313 2478 3366 per
2509 3296 2822 3356 Jeremiam,
2869 3295 2996 3347 dum
3047 3295 3123 3347 ait
3154 3313 3168 3348 :
3206 3294 3445 3348 Dixisti:

174 3416 265 3454 σω
299 3416 429 3454 σοι’
463 3397 758 3460 τουτέστιν,
785 3395 970 3458 Οῦτως
992 3396 1342 3458 ὲπολιτεύσω,
1371 3396 1508 3448 ὥστε
1537 3395 1757 3448 ἀποσεί-

1867 3389 1989 3444 Νοη
2013 3390 2235 3442 serviam
2265 3388 2413 3452 tibi”,
2431 3387 2586 3456 quasi
2607 3387 2769 3448 dicat,
2791 3383 2881 3437 Sic
2914 3393 2963 3437 te
2984 3384 3219 3454 gessisti,
3246 3393 3301 3436 ut
3329 3399 3443 3437 scr-

177 3493 374 3547 σασθαι
415 3492 514 3562 τὴν
555 3491 693 3562 ἐμὴν
720 3489 1058 3543 δουλείαν.”Η
1091 3490 1268 3541 τοίνυν
1293 3489 1460 3542 ταῦτα
1495 3492 1558 3542 ὲκ
1593 3506 1758 3560 προσ-

1865 3484 2087 3538 vitutem
2125 3497 2299 3535 meum
2337 3489 2639 3535 excuteres.
2686 3478 2795 3530 Aut
2828 3477 2992 3546 igitur
3034 3476 3146 3530 haec
3181 3485 3439 3544 tanquam

174 3584 324 3637 ὡπου
353 3583 462 3636 τῶν
496 3583 763 3636 Ἰουδαίων
807 3582 1019 3652 εἴρηται
1049 3581 1381 3634 ἀθετοῦντων
1413 3583 1511 3653 τὴν
1557 3584 1635 3646 είς
1666 3582 1758 3635 τὸν

1865 3590 1930 3628 ex
1957 3571 2267 3626 Iudaeorum
2300 3585 2531 3639 persona
2560 3569 2839 3630 dicuntur,
2866 3566 2959 3634 qui
2995 3566 3222 3619 subesse
3257 3564 3445 3618 Domi-

176 3675 380 3747 Κύριον
409 3674 708 3745 ὑποταγὴν,
733 3674 826 3726 καὶ
847 3672 969 3724 οὔτε
998 3673 1144 3744 αὐτῷ
1173 3673 1296 3726 οὔτε
1325 3672 1402 3744 τῷ
1420 3675 1593 3745 Πατρὶ
1627 3677 1758 3727 ὑπο-

1865 3679 1932 3718 no
1965 3671 2240 3724 recusant,
2271 3669 2325 3714 et
2366 3676 2466 3714 nec
2512 3660 2636 3729 ipsi,
2669 3673 2844 3728 neque
2885 3657 3031 3711 Patri
3079 3659 3196 3726 ejus
3243 3657 3442 3726 subjici

175 3767 399 3838 ζεῦχθαι
424 3765 682 3820 θελόντων
702 3783 717 3797 ο
765 3766 796 3838 ἢ
831 3767 926 3818 καὶ
958 3768 1069 3828 τοῖς
1100 3765 1417 3819 πιστεύσασι
1441 3765 1502 3818 τὸ
1533 3766 1757 3835 Πνεῦμα

177 3859 466 3932 παρεγγυᾷ
493 3858 586 3910 καὶ
609 3857 789 3926 λέγει’
813 3858 904 3928 Μὴ
933 3857 1286 3928 ὁμοιωθῶμεν
1308 3859 1419 3919 τοῖς
1445 3855 1760 3909 ἐπιϐουλεύ-

176 3969 299 4005 σασι
331 3949 411 4020 τῷ
444 3948 686 4020 Χριστῷ,
720 3949 854 4019 μηδὲ
901 3949 1244 4019 συνδεθῶμεν
1275 3950 1458 4010 αὐτοῖς
1489 3947 1628 4001 κατὰ
1661 3947 1758 4020 τὴν

173 4043 426 4113 ὁμόνοιαν
447 4058 460 4071 ·
487 4040 622 4094 ἀλλὰ
655 4040 862 4094 καὶτὸν
893 4039 1062 4112 βαρὺν
1086 4039 1180 4092 τοῦ
1212 4037 1442 4092 παλαιοῦ
1476 4040 1638 4109 νόμου
1667 4037 1758 4102 ζυ-

171 4135 264 4203 γὸν
303 4131 778 4202 ἀποτιναξώμεθα,
813 4131 976 4202 μηδὲν
1023 4130 1316 4201 ἡγούμενοι
1358 4129 1425 4182 τὰ
1459 4130 1516 4184 ἐν
1545 4129 1757 4192 τύποις,

172 4224 218 4276 εί
247 4223 323 4294 μὴ
357 4225 559 4275 νοοῖντο
588 4220 990 4292 πνευματικῶς.
1009 4221 1321 4284 Ἀσυντελὲς
1350 4221 1457 4292 γὰρ
1479 4221 1612 4291 πρὸς
1637 4220 1759 4292 ὅνη-

173 4331 256 4368 σιν
288 4317 324 4385 ἡ
366 4312 515 4380 σκιὰ,
549 4315 598 4367 εἰ
633 4313 708 4384 μὴ
741 4313 804 4366 τὸ
835 4311 1070 4384 Χριστοῦ
1107 4313 1398 4382 μυστήριον
1423 4309 1720 4381 ζωγραφεῖ.

1861 3757 2094 3810 volunt:
2131 3763 2224 3808 aut
2266 3761 2412 3808 certe
2463 3753 2698 3820 Spiritus
2751 3749 3036 3805 credentes
3083 3749 3339 3802 admouet
3389 3758 3444 3802 et

1865 3847 2034 3901 dicit:
2062 3843 2140 3900 Ne
2168 3845 2534 3900 assimilemur
2564 3843 2632 3898 iis
2657 3843 2750 3913 qui
2776 3842 2992 3897 Christo
3021 3840 3261 3895 insidiati
3288 3850 3438 3905 sunt,

1865 3954 2038 4007 neque
2083 3946 2473 3991 connectamur
2526 3935 2659 4002 ipsis
2692 3933 3084 3988 consentiendo
3118 3950 3130 3984 :
3164 3933 3295 3998 quin
3344 3947 3442 4000 po-

1856 4032 1971 4086 tius
1999 4044 2158 4100 grave
2188 4027 2315 4081 illud
2350 4026 2551 4081 veteris
2581 4026 2715 4094 legis
2748 4040 2888 4078 unus
2923 4023 3272 4092 abjiciamus,
3301 4023 3438 4076 nihil

1860 4122 2191 4177 aestimantes
2222 4129 2379 4190 typos
2416 4119 2559 4183 illos,
2588 4118 2694 4172 nisi
2738 4116 3094 4184 spiritualiter
3125 4113 3437 4183 intelligan-

1862 4223 1968 4272 tur.
2001 4211 2205 4266 Umbra
2240 4225 2477 4279 namque
2505 4225 2592 4264 res
2618 4209 2866 4278 quaedam
2893 4216 2977 4262 est
3008 4205 3324 4276 imperfecta
3356 4216 3438 4259 at-

1861 4314 1966 4374 Que
2001 4303 2228 4363 inutilis,
2259 4302 2304 4357 si
2331 4300 2533 4355 Christi
2563 4300 2882 4371 mysterium
2914 4315 3018 4353 non
3050 4299 3325 4353 describit.

919 4426 990 4479 Et
1029 4425 1084 4478 in
1112 4424 1205 4477 illa
1234 4423 1384 4477 verba
1407 4440 1425 4476 :
1453 4441 1472 4472 ι
1505 4422 1648 4476 Tunc
1677 4422 1920 4492 loquetur
1953 4418 2024 4472 ad
2053 4436 2138 4472 eos
2176 4420 2230 4471 in
2258 4419 2340 4471 ira
2367 4433 2484 4482 sua,
2517 4435 2534 4466 ι
2565 4432 2611 4469 υ.
2640 4415 2691 4470 ii.

250 4546 622 4602 Ἀθανασίου.
643 4545 752 4615 (54)
767 4546 918 4598 Τότε.
941 4545 1098 4609 Πότε,
1121 4544 1154 4614 ἢ
1178 4545 1264 4596 ὅτε
1283 4543 1464 4610 ἔλεγον
1483 4560 1496 4574 ·
1516 4541 1757 4612 Διαρρή-

1933 4539 2231 4594 Athanasii.
2264 4537 2435 4591 Tunc.
2468 4535 2716 4602 Quando,
2741 4535 2845 4589 nisi
2873 4549 2996 4590 cum
3024 4533 3266 4588 dicerent
3290 4551 3304 4588 :
3335 4533 3433 4587 Di-

164 4639 365 4705 ξωμεν
397 4635 540 4701 τοὺς
565 4634 826 4704 δεσμοὺς
849 4631 1078 4695 αὑτῶν;
1113 4633 1245 4686 Τίνα
1271 4631 1329 4684 δέ
1361 4633 1506 4684 ἐστιν
1527 4634 1584 4684 ὲν
1608 4632 1743 4702 ὀργῇ

164 4730 300 4800 παρ’
334 4727 499 4781 αὐτοῦ
527 4726 856 4796 λαληθέντα;
895 4724 1038 4779 Οὐαὶ
1071 4724 1230 4792 ὑμῖν,
1255 4723 1623 4792 Γραιιματεῖς
1646 4724 1744 4776 καὶ

163 4815 498 4884 Φαρισαῖοι,
539 4816 629 4868 ὅτι
673 4812 998 4883 ἀρθήσεται
1041 4815 1142 4882 ἀφ’
1170 4810 1338 4882 ὑμῶν
1383 4812 1421 4877 ἠ
1459 4812 1745 4875 βασιλεία

160 4908 276 4962 τοῦ
307 4907 475 4960 Θεοῦ.
521 4905 632 4960 Καὶ
660 4906 784 4971 τοῖς
809 4904 1092 4974 νομικοῖς,
1120 4903 1355 4958 οὐαι.”Η
1379 4903 1459 4968 τὸ,
1489 4903 1640 4962 Τότε,
1666 4903 1744 4964 εἰς

160 4999 258 5052 τὸν
303 4999 491 5069 καιρὸν
533 4998 634 5068 τῆς
674 4997 906 5069 κρίσεως
934 4997 1284 5068 ἀναφέρεται,
1321 4995 1466 5048 ὅταν
1493 4995 1744 5062 ὄψονται

159 5094 254 5154 εἰς
304 5089 378 5143 ὃν
419 5089 839 5158 ἐξεκέντησαν.
871 5089 1004 5142 Τότε
1037 5089 1146 5160 γὰρ
1173 5087 1394 5160 ταράξει
1426 5087 1623 5149 αὐτοὺς
1654 5085 1743 5138 λέ-

161 5198 314 5250 γων·
349 5184 679 5251 Πορεύεσθε
723 5182 825 5236 ἀπ’
857 5183 1002 5251 ἐμοῦ
1035 5185 1088 5236 οἱ
1127 5180 1541 5250 κατηραμένοι.
1560 5181 1743 5232 Ἐπει-

164 5274 414 5344 ράθησαν
446 5274 502 5326 δὲ
539 5273 687 5338 θείας
717 5275 905 5345 ὀργῆς,
931 5275 1023 5327 καὶ
1048 5275 1137 5327 ὅτε
1170 5276 1202 5345 ἡ
1254 5271 1533 5343 Ῥωμαῖκὴ
1561 5271 1744 5334 αὐτοῖς

161 5369 437 5422 ἐπιστᾶσα
482 5367 710 5438 στρατιὰ
750 5369 851 5438 τήν
893 5385 953 5420 τε
998 5367 1153 5420 πόλιν
1199 5366 1488 5438 ἐνέπρησε,
1525 5362 1740 5416 καὶτὸν

237 5503 350 5574 (55)
388 5501 514 5557 Haec
544 5501 810 5555 habentur
836 5500 1108 5569 superius,
1130 5496 1224 5553 sed
1249 5496 1520 5552 breviora.

235 5619 256 5648 "
295 5615 455 5671 Joan.
487 5632 540 5676 v,
571 5615 659 5669 25.
736 5615 757 5646 ⁸
794 5615 990 5670 Matth.
1025 5630 1102 5681 ιι,
1139 5612 1226 5668 50.
1306 5611 1326 5642 ’
1365 5607 1568 5665 Jcrem.
1599 5603 1772 5675 11,20.

157 5691 250 5747 37.
334 5688 376 5719 ³³
416 5683 606 5741 Matth.
640 5701 766 5752 xxv,
802 5685 888 5739 41.

1855 4648 2156 4700 rumpamus
2193 4629 2400 4684 vincula
2431 4627 2708 4698 ipsorum?
2751 4625 2922 4679 Porro
2976 4640 3096 4694 quae
3143 4634 3270 4678 sunt
3317 4624 3433 4689 illa,

1851 4739 1974 4794 qua;
2018 4724 2069 4776 in
2118 4723 2197 4776 ira
2234 4722 2302 4774 ab
2351 4722 2471 4790 ipso
2521 4720 2666 4773 dicta
2699 4717 2861 4770 sunt?
2896 4716 3017 4770 Haec
3049 4715 3298 4770 scilicet:
3344 4714 3433 4769 Vae

1851 4815 2012 4879 vobis,
2048 4813 2249 4868 Scriba:
2287 4821 2335 4865 et
2373 4811 2658 4874 Phariswi,
2705 4811 2828 4878 quia
2865 4808 3079 4861 tolletur
3102 4824 3134 4861 a
3158 4806 3298 4860 vobis
3345 4825 3430 4860 re-

1851 4921 2009 4974 gnum
2037 4904 2132 4957 Dei
2153 4904 2214 4956 ¹⁰.
2250 4901 2319 4954 Et
2346 4901 2485 4955 vobis
2511 4899 2850 4970 legisperitis,
2873 4915 2950 4950 vta
2971 4898 3034 4950 “.
3068 4895 3164 4950 Vel
3189 4905 3335 4950 certe
3369 4897 3434 4949 il-

1849 4995 1962 5060 lud,
1998 5003 2144 5058 tunc,
2178 4993 2411 5047 refertur
2449 4992 2514 5045 ad
2551 5001 2764 5059 tempus
2793 4989 3006 5056 judicii,
3042 4987 3261 5057 quando
3283 4987 3429 5040 vide-

1851 5085 1976 5139 bunt
2004 5086 2058 5137 in
2088 5099 2239 5154 quem
2268 5082 2646 5150 transﬁxerunt
2675 5079 2738 5129 ³³.
2776 5077 2930 5132 Tunc
2957 5078 3103 5132 enim
3134 5077 3428 5131 conturba-

1850 5177 1932 5231 bit
1961 5192 2076 5241 eos,
2105 5175 2293 5228 dicens
2327 5191 2340 5224 :
2379 5171 2643 5225 Discedite
2689 5187 2721 5222 a
2767 5186 2866 5233 me,
2913 5168 3262 5222 maledicti”.
3293 5165 3432 5218 Divi-

1852 5283 1976 5321 nam
2009 5274 2190 5320 autem
2220 5265 2356 5316 iram
2383 5260 2555 5315 Judzei
2576 5261 2785 5330 experti
2815 5272 2961 5323 sunt,
2994 5274 3116 5312 cum
3148 5259 3428 5311 Romanus

1850 5359 1903 5412 in
1932 5357 2077 5426 ipsos
2107 5356 2320 5408 irruens
2343 5352 2616 5406 exercitus
2643 5353 2833 5406 urbem
2866 5350 3126 5413 incendit,
3160 5347 3422 5416 templum

1916 5490 2025 5562 (fit)
2067 5487 2193 5543 Hzec
2219 5469 2344 5542 item
2372 5486 2648 5556 superius,
2679 5484 2772 5539 sed
2799 5483 3077 5553 pauciora.

1855 5603 1896 5634 ¹⁰
1939 5601 2131 5658 Ilatth.
2171 5616 2285 5666 χχι,
2318 5599 2409 5654 45.
2489 5599 2529 5630 ίί
2572 5596 2705 5652 Luc.
2744 5612 2820 5663 ιι,
2849 5594 2935 5649 46.
3017 5595 3059 5626 ⁸³
3099 5592 3254 5648 Joau.
3305 5609 3425 5658 1:3.
