3880 6216
429 292 528 349 εει

1288 290 1348 346 S.
1387 284 1758 342 ATHANASII
1794 283 1944 340 OPP.
1981 282 2165 339 PARS
2199 283 2286 337 Ill.
2329 313 2396 323 --
2437 281 2856 338 EXEGETlCA.

3597 291 3706 346 552

429 409 722 478 expilavit,
771 418 826 462 et
868 407 1100 478 denique
1155 408 1450 460 maximam
1507 407 1751 476 ipsorum
1801 413 2008 474 partem

2123 404 2239 456 ναὸν
2292 403 2582 473 ἐπόρθησε,
2627 406 2722 457 καὶ
2769 406 2894 468 τοὺς
2945 403 3196 468 πλείονας
3246 403 3428 460 αὐτῶν
3488 405 3706 478 θανάτῳ

431 511 608 556 morte
641 501 860 556 delevit.

2117 497 2330 568 παρέπε
2339 495 2497 566 μψεν.

1523 591 1670 646 Idem
1697 595 1752 646 in
1783 593 2184 662 inscriptionem
2217 590 2411 659 psalmi
2445 592 2610 646 tertii.

503 690 780 744 Athanasii
819 699 866 742 et
897 689 1108 759 Cyrilli.
1150 690 1314 744 Tertii
1365 692 1559 760 psalmi
1604 693 1886 761 inscriptio
1923 707 2010 746 re—

433 785 598 836 mittit
652 798 752 836 nos
798 781 862 834 ad
913 782 1219 846 liiStoriam,
1271 799 1394 852 quae
1437 793 1616 838 exstat
1665 785 1718 838 in
1763 783 2004 838 secundo

434 876 573 928 libro
607 873 940 943 Regnorum.
976 871 1250 928 Habuerat
1275 873 1440 928 David
1469 893 1535 929 ex
1566 875 1796 930 diversis
1833 875 2011 928 uxori-

432 966 532 1020 bus
578 967 886 1034 complures
921 967 1082 1022 filios.
1121 968 1266 1020 lnter
1293 967 1392 1021 hos
1419 967 1632 1021 Amnon
1663 975 1782 1021 erat
1809 968 2016 1036 primo—

433 1061 678 1130 genitus;
711 1075 774 1112 ex
811 1061 916 1112 alia
956 1077 1084 1114 vero
1131 1061 1362 1130 conjuge
1391 1061 1628 1130 suscepti
1671 1061 2007 1125 Abessalon],

431 1162 486 1206 et
507 1152 744 1204 Thamar
779 1153 908 1216 filia,
939 1163 1167 1222 uterque
1190 1153 1366 1208 forma
1391 1155 1624 1224 egregia.
1657 1153 1832 1224 Hujus
1863 1171 2014 1208 amo-

433 1261 492 1299 re
519 1254 803 1314 correptus
851 1246 1086 1314 Amnon,
1119 1262 1182 1301 ac
1237 1249 1492 1301 morbum
1543 1249 1831 1312 simulans,
1886 1263 2010 1300 cum

431 1353 462 1391 a
494 1337 696 1392 Davide
723 1341 1054 1401 visitaretur,
1085 1339 1240 1408 petiit
1269 1338 1336 1392 ab
1369 1338 1511 1406 ipso,
1549 1350 1608 1391 ut
1635 1352 1874 1391 sororem
1907 1337 2010 1388 sibi

431 1431 754 1483 curalricem
785 1431 975 1484 adesse
998 1430 1230 1497 juberet.
1264 1429 1440 1496 Atque
1470 1429 1544 1483 ita
1575 1443 1693 1482 eam
1725 1428 1966 1496 corrupit
1995 1445 2008 1479 :

435 1531 556 1590 post
587 1524 748 1576 etiam
783 1524 910 1576 odio
941 1523 1166 1588 habens,
1207 1524 1371 1576 domo
1393 1522 1574 1590 ejecit.
1597 1523 1720 1590 Ipsa
1753 1535 1880 1574 vero
1911 1519 2014 1574 fra-

435 1614 502 1666 tri.
533 1613 850 1668 Abessaloni
882 1615 948 1668 de
979 1615 1176 1682 injuria
1205 1615 1579 1684 conqueritur.
1618 1613 1719 1679 Qui
1761 1614 1887 1667 licet
1917 1629 2010 1666 ve-

2203 689 2572 751 Ὰθανασίου,
2597 685 2924 754 Κυρίλλου.
2945 685 3036 740 Sic
3059 685 3249 756 absque
3271 685 3462 754 capulo
3494 696 3706 736 utrum-

2117 800 2215 852 que
2253 798 2437 836 nomen
2479 781 2797 849 conjangeus
2843 796 2860 832 :
2897 780 3031 848 forte
3081 795 3143 832 ea:
3173 791 3392 848 utroque
3431 779 3704 848 sequentia

2117 877 2349 944 conﬂata
2391 891 2501 928 esse
2543 875 2762 926 innuere
2799 873 3074 927 volens.'H
3117 870 3210 924 τοῦ
3263 873 3448 942 τρίτου
3479 867 3702 939 ψαλμοῦ

2115 971 2394 1042 ἐπιγραφὴ
2437 969 2574 1040 πρὸς
2617 969 2715 1040 τὴν
2766 970 2822 1021 έν
2867 971 2932 1038 τῇ
2969 967 3196 1037 δευτέρᾳ.
3244 965 3352 1020 τῶν
3399 965 3704 1018 Βασιλειῶν

2117 1063 2356 1134 ἱστορίαν
2399 1064 2546 1132 ἡμᾶς
2594 1061 2974 1131 παραπέμπει.
3007 1059 3098 1128 Τῷ
3127 1057 3290 1111 Δαυῖδ
3317 1061 3382 1110 ὲκ
3425 1057 3705 1127 διαφόρων

2113 1156 2388 1224 γυναικῶν
2421 1156 2604 1218 παῖδες
2638 1155 2882 1222 ἐγένοντο
2907 1153 3168 1216 πλείονες.
3189 1153 3276 1204 Ἐν
3303 1152 3516 1214 τούτοις
3549 1149 3648 1203 καὶ
3674 1152 3706 1202 6

2126 1248 2338 1319 Ἀμνὼν
2365 1245 2432 1320 ἦν
2459 1249 2799 1319 πρωτότοκος
2818 1265 2830 1276 ·
2861 1247 2918 1312 ἐξ
2969 1247 3160 1317 ἐτέρας
3183 1246 3240 1298 δὲ
3269 1248 3296 1297 ὀ
3339 1241 3710 1312 Ἀϐεσσαλὼμ.

2117 1339 2214 1392 καί¹
2243 1341 2275 1409 ἡ
2311 1339 2528 1410 Θάμαρ,
2561 1339 2726 1408 ἄμφω
2753 1338 2849 1409 τὴν
2874 1339 2994 1407 ὄψιν
3023 1337 3196 1390 καλοί.
3219 1333 3432 1402 Ταύτης
3483 1333 3704 1404 ἠράσθη

2117 1433 2146 1484 6
2191 1430 2402 1501 Ἀμνὼν
2422 1449 2436 1461 ⁸
2467 1431 2560 1484 καὶ
2585 1434 2760 1484 νοσεῖν
2789 1429 3243 1500 ὑποκρινάμενος,
3269 1425 3456 1495 ἐπειδὴ
3484 1427 3512 1476 6
3537 1424 3708 1476 Δαυῖδ

2117 1525 2280 1578 αὑτὸν
2305 1524 2664 1592 ἐπεσκέψατο,
2697 1525 2949 1594 παρεῖναι
2973 1520 3126 1590 ἠξίου
3154 1520 3252 1590 τὴν
3276 1519 3512 1587 ἀδελφὴν
3535 1517 3708 1570 αὐτὸν

2119 1615 2582 1686 θεραπεύσουσαν.
2603 1615 2712 1666 Καὶ
2737 1613 3074 1683 διαφθείρας,
3107 1607 3224 1664 εἶτα
3257 1610 3510 1680 μισήσας,
3539 1606 3708 1669 εὐθὺς

433 1704 716 1759 hementer
759 1715 898 1760 esset
943 1715 1274 1772 commotus,
1308 1706 1441 1759 iram
1469 1715 1648 1758 tamen
1676 1705 2010 1759 dissimulat.

2123 1704 2443 1775 ἐξέπεμψεν.
2462 1705 2525 1758 Ἠ
2551 1704 2608 1758 δὲ
2655 1703 2734 1774 τῷ
2782 1703 2994 1772 ἀδελφῷ
3033 1699 3384 1770 Ἀϐεσσαλὼμ
3405 1698 3504 1768 τὴν
3539 1697 3706 1766 ὕϐριν

431 1798 502 1849 At
533 1799 810 1866 aliquanto
835 1805 959 1866 post
998 1805 1238 1866 tempore
1261 1797 1564 1850 Amnonem
1590 1797 1654 1850 ad
1683 1806 1896 1849 cuinam
1929 1811 2017 1849 vo-

436 1897 616 1942 catum
668 1888 952 1951 interimit,
1003 1901 1363 1956 metuensque
1412 1890 1580 1957 patris
1623 1889 1783 1954 iram,
1837 1889 2010 1958 fugit:

435 1979 766 2046 demum‘que
811 1987 936 2046 post
984 1988 1096 2032 tres
1137 1993 1312 2032 annos
1340 1978 1650 2042 revertitur,
1683 1979 1762 2030 ira
1801 1977 2016 2032 Οειιὶιίίε

429 2070 541 2138 jam
579 2071 830 2124 remissa.
866 2068 985 2123 Non
1025 2069 1172 2124 illico
1209 2077 1388 2122 tamen
1440 2069 1494 2121 in
1530 2079 1882 2137 conspectum
1915 2069 2017 2122 Pa-

434 2163 536 2214 tris
571 2159 868 2224 admissus,
905 2160 998 2214 sed
1029 2161 1248 2214 demum
1299 2169 1422 2229 post
1468 2161 1605 2216 duos
1637 2175 1831 2215 annos.
1863 2160 2018 2214 Tunc

433 2268 562 2304 vero
591 2251 822 2306 insidias
846 2251 994 2305 Patri
1031 2261 1246 2306 struere
1281 2253 1468 2322 cmpit,
1501 2269 1801 2323 currusque
1833 2254 1935 2307 sibi
1965 2262 2019 2307 et

432 2344 646 2410 equites
679 2346 1036 2412 comparavit,
1069 2345 1284 2410 sibique
1310 2346 1624 2399 conciliavit
1651 2361 1768 2408 eos,
1805 2346 1896 2415 qui
1933 2361 2017 2398 re-

432 2451 552 2504 gem
583 2436 772 2504 judicii
803 2453 968 2491 causa
998 2437 1237 2502 adibant,
1283 2438 1384 2490 sub
1418 2441 1594 2506 specie
1629 2441 2016 2494 benevolentiae

429 2535 484 2578 et
518 2527 818 2586 clementiae
843 2527 1266 2594 subjiciensusibi
1285 2527 1466 2582 Patris
1497 2529 1766 2594 subditos,
1791 2545 2018 2599 cogens-

433 2630 540 2685 que
571 2616 840 2685 ingentem
879 2615 1282 2685 transfugarum
1311 2619 1738 2680 multitudinem,
1777 2629 1833 2672 ut
1869 2619 2016 2674 Patri

433 2701 662 2755 insidias
695 2702 954 2756 tenderet.
1006 2701 1078 2755 Ad
1114 2712 1444 2771 extremum,
1479 2706 1695 2771 defecit,
1731 2723 1898 2776 seque
1933 2723 2018 2762 re—

433 2809 553 2864 gem
599 2795 952 2864 nuncupavit.
982 2795 1299 2866 Assumpsit
1342 2813 1473 2851 vero
1506 2815 1631 2852 cum
1673 2801 1862 2854 multis
1894 2803 2016 2856 aliis

432 2885 596 2938 etiam
627 2885 1062 2954 Achitophelem,
1097 2888 1189 2956 qui
1225 2887 1408 2942 Davidi
1437 2899 1554 2942 erat
1591 2905 1622 2943 a
1649 2893 1913 2958 consiliis,
1939 2895 2019 2946 vi-

435 2993 556 3029 rum
583 2975 798 3031 vafrum
828 2985 882 3032 et
907 2979 1258 3034 industrium.
1286 2978 1406 3044 Quo
1441 2980 1650 3046 audito,
1679 2981 1814 3052 fugit
1847 2983 2014 3038 David

2118 1796 2437 1866 ἀπήγγειλε.
2465 1797 2730 1858 Κάκεῖνος
2763 1795 3062 1862 ἀγανακτεῖ
3104 1793 3220 1862 μὲν,
3249 1791 3478 1861 κρύπτει
3517 1789 3572 1840 δὲ
3601 1787 3704 1858 τὴν

2117 1888 2307 1958 ὀργήν.
2345 1887 2501 1940 Μετά
2533 1903 2654 1940 τινα
2685 1886 2743 1938 δὲ
2784 1885 2972 1956 καιρὸν
3003 1885 3092 1937 τὸν
3134 1883 3344 1954 Ἀμνὼν
3373 1886 3450 1946 είς
3485 1883 3706 1935 δεῖπνον

2119 1979 2247 2031 καλέ
2261 1997 2372 2042 τας,
2401 1979 2706 2040 ἀπέκτεινε,
2739 1979 2834 2030 καὶ
2863 1977 3120 2047 φοϐηθεὶς
3151 1976 3247 2047 τὴν
3273 1975 3441 2046 όργὴν
3465 1975 3559 2027 τοῦ
3591 1991 3704 2027 πα-

2115 2068 2263 2140 τρὸς,
2287 2069 2536 2137 ἀπέφυγε
2555 2085 2566 2097 ·
2607 2069 2742 2138 μετὰ
2771 2067 2825 2119 δὲ
2849 2067 2974 2136 τρία
2997 2067 3090 2134 ἐτη
3113 2066 3378 2130 ἐπάνεισι,
3401 2065 3494 2118 τοῦ
3523 2063 3704 2135 θυμοῦ

2118 2160 2456 2222 κοπάσαντος
2503 2159 2582 2229 τῷ
2626 2159 2808 2212 Δαυῖδ.
2847 2161 2921 2212 Οὐ
2959 2158 3063 2229 μὴν
3096 2160 3188 2211 καὶ
3229 2159 3404 2228 ὅψεως
3453 2157 3704 2222 ἀξιοῦται

2117 2253 2216 2322 τῆς
2247 2251 2522 2322 πατρικῆς
2560 2251 2774 2313 αὐτίκα,
2803 2249 2937 2303 ἀλλά
2965 2251 3101 2320 μετά
3125 2249 3218 2303 δύο
3247 2249 3542 2311 ἐνιαυτούς.
3561 2251 3704 2320 Ἥρ-

2119 2341 2246 2408 ξατο
2288 2343 2345 2395 δὲ
2395 2343 2766 2396 ὲπιὸουλεύειν
2797 2343 2874 2413 τῷ
2907 2344 3098 2414 πατρὶ,
3139 2344 3232 2396 καὶ
3261 2343 3484 2414 ἅρματα
3521 2341 3704 2413 ἑαυτῷ

2117 2433 2212 2486 καὶ
2248 2435 2433 2496 ἱππεῖς
2463 2433 2702 2503 ἐποίησε,
2739 2435 2830 2486 καὶ
2868 2433 3171 2486 ἰδιοποιεῖτο
3210 2435 3334 2495 τοὺς
3367 2435 3702 2504 ἐρχομένους

2119 2522 2375 2592 κριθῆναι
2409 2523 2544 2594 πρὸς
2575 2525 2664 2576 τὸν
2704 2523 2946 2594 βασιλέα,
2975 2526 3211 2594 σχήματι
3258 2527 3559 2589 ἐπιεικείας
3599 2528 3702 2578 ὑπ-

2117 2614 2384 2684 αγόμενος
2416 2615 2540 2678 τοὺς
2568 2615 2860 2685 ὑπηκόους,
2881 2616 2975 2670 καὶ
3005 2616 3206 2681 πλῆθος
3232 2615 3556 2669 ἀποστατῶν
3579 2633 3700 2670 συν-

2118 2700 2405 2770 αθροίζων,
2442 2703 2520 2764 εἰς
2552 2703 2839 2775 ἐπιϐουλὴν
2873 2704 2964 2757 τοῦ
3017 2705 3239 2774 πατρός.
3271 2707 3382 2759 Καὶ
3409 2705 3565 2769 τέλος
3601 2708 3702 2760 ἀπ-

2119 2791 2270 2862 έστη,
2311 2793 2403 2845 καὶ
2439 2793 2662 2862 βασιλέα
2706 2795 2894 2848 ἑαυτὸν
2927 2796 3278 2866 ἀνηγόρευσε.
3327 2798 3702 2868 Προσελάσετο

2119 2881 2175 2934 δὲ
2209 2885 2304 2938 σὺν
2338 2883 2517 2947 ἄλλοις
2561 2886 2772 2949 πολλοῖς
2815 2889 2905 2940 καὶ
2935 2887 3025 2940 τὸν
3064 2889 3361 2958 Ἀχιτόφελ,
3399 2890 3458 2942 ὃν
3485 2893 3516 2942 6
3541 2893 3705 2945 Δαυῖδ

2121 2969 2235 3044 εἶχε
2267 2974 2588 3045 σύμϐουλον.
2622 2977 2790 3047 ἄνδρα
2825 2977 2997 3032 δεινὸν
3035 2981 3129 3033 καὶ
3160 2979 3511 3052 δραστήριον.
3545 2983 3703 3036 Καὶό

433 3083 558 3120 cum
592 3067 681 3131 iis,
704 3067 798 3137 qui
822 3067 966 3128 circa
990 3068 1168 3137 ipsum
1195 3079 1372 3134 erant,
1405 3071 1568 3125 nudis
1591 3073 1836 3141 pedibus.
1862 3073 2016 3129 Tunc

2123 3066 2282 3120 Aau'i6
2307 3068 2562 3130 ἀκούσας,
2593 3069 2780 3137 φεύγει
2829 3071 2963 3140 μετά
2991 3071 3098 3124 τῶν
3129 3074 3256 3142 περὶ
3279 3072 3443 3126 αὑτὸν
3472 3076 3702 3143 γυμνοῖς

429 3160 597 3212 etiam
649 3157 826 3214 Semci
879 3160 1056 3228 ipsum
1103 3171 1421 3218 exsecratus
1465 3173 1567 3217 est.
1603 3163 1864 3220 Precatus
1888 3183 2018 3222 vero

433 3249 628 3316 David,
667 3260 725 3304 ut
767 3249 912 3304 Deus
959 3252 1247 3306 consilium
1277 3253 1656 3322 Achitophelis
1682 3257 1811 3310 velit
1841 3257 2019 3312 facere

433 3341 677 3408 irritum,
707 3341 977 3396 submittit
1009 3343 1173 3396 etiam
1207 3341 1400 3408 Chusi,
1439 3345 1674 3398 amicum
1709 3362 1892 3412 suum,
1925 3349 2019 3416 qui

435 3434 718 3487 sententiae
761 3434 907 3488 illius
941 3435 1303 3495 contradicat.
1339 3451 1402 3490 ac
1431 3452 1527 3506 per
1577 3439 1890 3493 sacerdotes
1921 3438 2020 3494 Sa-

434 3527 634 3578 docum
667 3533 720 3578 et
751 3525 1102 3592 Ahiatharem
1147 3528 1250 3582 sibi
1277 3529 1462 3583 omnia
1499 3529 1762 3600 signiﬁcet
1789 3531 2021 3586 Abessa-

436 3619 579 3673 lonis
625 3619 875 3674 consilia.
901 3617 1068 3673 Chusi
1097 3635 1245 3684 vero,
1277 3621 1370 3674 ubi
1421 3621 1490 3674 ad
1541 3623 1866 3691 parricidam
1893 3639 2020 3693 per-

436 3711 605 3774 venit,
637 3711 705 3763 ab
755 3709 874 3778 ipso
925 3721 1184 3780 tanquam
1217 3711 1394 3765 fidelis
1428 3721 1482 3766 et
1517 3713 1811 3769 benevolus
1843 3716 2021 3772 credi-

437 3811 548 3864 tus,
581 3817 686 3854 una
723 3818 846 3856 cum
875 3802 1231 3872 Achitophele
1257 3806 1310 3858 in
1344 3805 1583 3860 medium
1619 3808 1907 3868 consulere
1927 3808 2019 3877 ju-

439 3895 618 3964 betur,
651 3908 760 3962 quo
793 3900 952 3962 pacto
1007 3893 1209 3948 bellum
1256 3895 1368 3964 geri
1404 3905 1672 3964 oporteat.
1707 3895 1772 3950 Et
1801 3898 2021 3952 Achito—

437 3982 563 4050 phel
597 3982 814 4052 quidem
845 3995 1036 4038 auctor
1064 3995 1166 4049 est,
1193 3995 1252 4039 ut
1284 3985 1622 4055 Abessalon},
1653 3990 1806 4058 prius
1839 3999 2020 4046 tamen

437 4090 562 4128 cum
601 4076 773 4143 patris
805 4076 1092 4145 pellicibus
1121 4092 1472 4148 congressus,
1499 4095 1623 4134 eum
1665 4096 1694 4133 a
1728 4091 1880 4149 tergo
1905 4097 2022 4149 per-

439 4177 722 4237 sequatur,
751 4177 914 4236 atque
945 4168 1270 4236 imparatum
1317 4171 1682 4239 aggrediatur.
1709 4171 1878 4226 Chusi
1921 4187 2021 4225 au-

439 4269 572 4322 tem.
607 4262 675 4330 de
703 4262 988 4332 pellicibus
1009 4263 1238 4331 quidem
1273 4263 1408 4316 nihil
1437 4265 1649 4318 consilii
1678 4265 1800 4330 dat;
1825 4275 1880 4326 at
1909 4276 1968 4320 ut
1993 4281 2024 4320 e

441 4354 671 4422 vestigio
719 4354 772 4406 in
815 4363 1020 4422 patrem
1057 4355 1317 4422 impetum
1348 4355 1529 4419 faciat,
1571 4356 1676 4409 hoc
1701 4357 2020 4410 Abessaloni

2119 3161 2230 3221 τοῖς
2260 3161 2415 3212 ποσίν
2435 3177 2447 3188 ·
2485 3161 2572 3212 ὅτε
2603 3163 2694 3214 καὶ
2726 3162 2914 3231 Σεμεεὶ
2943 3163 3090 3233 αύτῷ
3115 3165 3412 3235 κατηρᾶτο.
3451 3166 3702 3236 Εὐχὸμε-

2119 3267 2208 3312 νος
2245 3251 2302 3302 δὲ
2339 3252 2437 3320 τὴν
2482 3251 2575 3304 τοῦ
2620 3253 2897 3322 Ἀχιτόφελ
2941 3255 3392 3326 διασκεδασθῆναι
3442 3257 3642 3330 βουλὴν
3675 3261 3708 3314 6

2119 3341 2300 3407 Δαυῖδ,
2333 3345 2538 3413 πέμπει
2565 3346 2658 3396 καὶ
2685 3345 2777 3398 τὸν
2812 3347 3005 3400 ἑαυτοῦ
3030 3348 3180 3417 φίλον
3201 3351 3370 3402 Χουσὶ
3393 3353 3459 3421 τῇ
3491 3352 3707 3406 ἐκείνου

2115 3434 2314 3505 ,γνώμῃ
2347 3435 2780 3506 ἀντιταξόμενον,
2807 3440 2899 3490 καὶ
2923 3439 3012 3493 διὰ
3035 3439 3142 3494 τῶν
3172 3442 3363 3513 ἱερέων
3391 3443 3588 3496 Σαδώκ
3609 3445 3706 3498 καὶ

2133 3525 2394 3596 Ἀϐιάθαρ
2437 3527 2744 3597 δηλώσοντα
2791 3529 2936 3600 αὐτῷ
2973 3533 3082 3584 πᾶν
3131 3531 3158 3584 ὃ
3183 3532 3250 3586 ἂν
3277 3533 3644 3605 βουλεύσηται
3677 3538 3708 3590 ὁ

2135 3617 2501 3688 Ἀϐεσσαλώμ.
2522 3619 2577 3671 ’0
2597 3619 2653 3670 δὲ
2671 3621 2860 3682 Χουσὶ,
2879 3623 3066 3692 ἐπειδὴ
3093 3623 3228 3693 πρὸς
3249 3624 3339 3677 τὸν
3365 3627 3712 3697 πατραλοίαν

2119 3708 2305 3762 τοῦτον
2335 3710 2578 3778 ἀφίκετο,
2601 3712 2906 3776 πιστευθεὶς
2936 3714 3011 3776 ὡς
3038 3713 3224 3778 εὔνους
3250 3717 3420 3786 αὐτῷ,
3453 3719 3620 3783 αὐτός
3647 3738 3707 3776 τε

2117 3789 2216 3853 ’καὶ
2255 3801 2534 3870 Ἀχιτόφελ
2569 3802 2962 3873 προτρέπονται
2996 3804 3024 3855 ὅ
3057 3822 3110 3857 τι
3149 3805 3265 3859 δέον
3312 3809 3440 3877 περὶ
3467 3810 3708 3880 πολέμου

2122 3895 2314 3944 εἰπεῖν.
2348 3895 2458 3946 Καὶ
2497 3896 2524 3946 6
2563 3894 2846 3963 Ἀχιτόφελ
2875 3897 3262 3967 προτρέπεται,
3289 3902 3410 3964 ταῖς
3459 3901 3556 3954 τοῦ
3603 3920 3711 3958 πα-

2121 3983 2247 4054 τρὸς
2279 3984 2466 4038 τοῦτον
2500 3986 2724 4056 μιγέντα
2769 3986 3089 4050 παλλακαῖς,
3119 3989 3294 4042 ὀπίσω
3327 3989 3570 4060 διώκειν,
3615 3995 3712 4048 καὶ

2121 4075 2440 4145 ἀσυντάκτῳ
2490 4076 2906 4146 προσϐαλεῖν.’0
2955 4079 3010 4131 δὲ
3058 4061 3228 4131 Χουσὶ
3275 4082 3401 4152 περὶ
3451 4083 3552 4150 μὲν
3597 4083 3712 4140 τῶν

2124 4164 2413 4218 παλλακῶν
2459 4165 2608 4218 οὐδὲν
2643 4167 2983 4238 ἀπεφήνατο·
3018 4168 3252 4240 ἐξορμᾷν
3285 4170 3340 4222 δὲ
3374 4171 3538 4234 εὐθὺς
3567 4174 3716 4230 κατὰ

2123 4258 2214 4336 τοῦ
2247 4258 2450 4329 πατρὸς
2487 4259 2546 4311 οὐ
2597 4260 2888 4332 συνεχώρει
2950 4261 3026 4332 τῷ
3064 4261 3442 4334 Ἀ,6εσσαλώμ’
3474 4265 3565 4317 ἴνα.
3613 4268 3714 4339 μὴ,

2125 4353 2181 4404 ἐν
2221 4351 2390 4422 ὄρεσι,
2420 4353 2602 4421 φησιν,
2631 4353 2882 4422 ἐμπεσὼν
2903 4353 2997 4406 καὶ
3019 4353 3350 4424 δυσφορίαις,
3371 4356 3430 4408 τό
3457 4373 3518 4408 τε
3545 4375 3716 4428 στρα-

441 4443 739 4499 dissuadet.
773 4443 870 4508 Ne,
907 4444 1104 4514 inquit,
1138 4445 1190 4496 in
1222 4447 1499 4499 montibus
1553 4447 1606 4499 in
1657 4447 1832 4515 ipsum
1887 4447 2022 4500 inci-

2123 4441 2344 4496 τόπεδον
2381 4441 2718 4514 διαφθείρῃς,
2750 4442 2846 4494 καὶ
2889 4443 3050 4506 αὐτὸς
3075 4446 3195 4506 ταῖς
3223 4444 3316 4496 τοῦ
3369 4447 3584 4516 πατρὸς
3615 4447 3716 4518 λη-

442 4537 600 4604 dens,
649 4537 800 4591 clade
847 4535 1088 4605 accepta,
1119 4551 1244 4590 cum
1300 4539 1601 4590 exercitum
1653 4539 1868 4606 perdas,
1907 4548 2022 4591 tum

441 4643 574 4682 vero
606 4627 721 4696 ipse
765 4627 818 4680 in
853 4628 1024 4696 patris
1055 4643 1250 4682 manus
1277 4628 1527 4696 captivus
1567 4628 1872 4696 pervenias.
1897 4626 2026 4679 Par-

445 4721 618 4774 ricida
665 4721 831 4788 igitur
871 4721 1126 4774 dicente:
1157 4719 1348 4773 Melius
1399 4730 1476 4772 est
1516 4718 1796 4771 consilium
1842 4719 2022 4782 Chusi,

444 4828 604 4882 quam
637 4812 1072 4880 Achitophelis”,
1105 4827 1341 4890 magrore
1375 4821 1659 4880 correptus
1705 4812 2027 4881 Achitophel

447 4901 550 4955 sibi
601 4901 703 4968 ipsi
745 4901 940 4970 laqueo
969 4902 1134 4956 vitam
1183 4902 1399 4970 eripuit.
1447 4901 1615 4955 Chusi
1660 4917 1790 4956 vero
1844 4903 2028 4956 omnia

449 4989 638 5042 Davidi
684 5005 778 5058 per
829 4993 1141 5046 sacerdotes
1169 4993 1498 5062 significavit
1527 5010 1540 5045 :
1565 4993 1840 5061 jussitque
1873 4993 2029 5048 insu-

448 5087 543 5150 per
592 5081 754 5135 etiam
810 5080 1014 5150 fugere.
1051 5081 1313 5150 Deinceps
1351 5097 1480 5136 vero
1535 5097 1659 5136 cum
1703 5083 2022 5136 Ahessalom

451 5175 614 5226 rebus
638 5173 892 5226 omnibus
913 5173 1215 5238 instructis,
1245 5173 1520 5243 corruptis
1549 5173 1712 5226 etiam
1747 5173 1895 5242 prius
1927 5189 2028 5242 pa-

453 5267 552 5318 tris
585 5264 869 5334 pellicibus
898 5265 1058 5333 idque
1077 5265 1312 5333 publice,
1345 5277 1550 5336 patrem
1577 5275 2023 5336 persequeretur,

453 5353 622 5407 David
655 5353 873 5423 quidem
929 5353 1044 5422 ipse
1093 5356 1146 5407 in
1177 5355 1350 5409 aciem
1381 5371 1489 5409 non
1523 5357 1760 5424 prodiit;
1795 5355 2029 5410 ducibus

454 5461 584 5500 vero
615 5448 732 5500 suis
761 5447 969 5501 credito
1013 5447 1256 5501 exercitu
1307 5450 1566 5518 praecepit
1615 5449 1768 5518 ipsis,
1797 5449 1983 5502 dicens
2013 5467 2026 5500 :

455 5533 670 5594 [Parcite
718 5537 830 5605 filio
879 5553 990 5590 meo
1033 5537 1424 5592 Abessaloni”.
1481 5537 1675 5593 Przelio
1727 5552 1857 5592 vero
1916 5537 2030 5592 acri

529 5695 573 5726 ιδ
613 5691 654 5746 ll
685 5693 814 5766 Reg.
851 5713 980 5761 xvu,
1021 5698 1104 5752 li.
1184 5699 1226 5731 "
1268 5697 1306 5753 ll
1333 5697 1462 5769 Reg.
1493 5713 1646 5764 xvm,
1673 5697 1726 5750 5.

2126 4531 2316 4602 φθείης
2360 4531 2536 4601 χερσί.
2567 4532 2674 4584 Τοῦ
2703 4532 2760 4585 δὲ
2799 4531 3128 4602 πατραλοίου
3177 4535 3450 4597 εἰπόντος·
3497 4537 3714 4606 Ἀγαθὴ

2121 4623 2323 4692 ,βουλὴ
2359 4624 2546 4676 Χουσὶ
2577 4624 2728 4692 ὑπὲρ
2757 4624 2872 4692 τὴν
2891 4626 3138 4694 ,ϐουλὴν
3179 4627 3499 4696 Ἀχιτόφελ,
3539 4629 3716 4702 λυπηο

2127 4713 2240 4776 θεὶς
2265 4715 2546 4784 Ἀχιτόφελ
2569 4715 2872 4785 ἀπήγξατο.
2892 4717 2948 4768 Ὀ
2967 4716 3024 4768 δὲ
3045 4719 3215 4770 Χουσὶ
3243 4718 3321 4788 τῷ
3338 4719 3503 4771 Δαυῖδ
3528 4721 3716 4774 πάντα

2125 4806 2212 4858 διὰ
2237 4807 2344 4858 τῶν
2377 4807 2564 4876 ἱερέων
2597 4808 2852 4879 ἐδήλωσε,
2887 4809 2982 4862 κα)⁴
3021 4809 3240 4878 φεύγειν
3271 4809 3350 4862 ἔτι
3393 4811 3711 4868 ἐκέλευσεν.

2139 4899 2290 4951 Ἐπεὶ
2343 4897 2401 4951 δὲ
2451 4899 3010 4970 παρασκευασάμενος
3054 4902 3082 4953 6
3129 4899 3481 4971 Ἀϐεσσαλὼμ
3529 4903 3716 4958 ὀπίσω

2127 4991 2220 5044 τοῦ
2255 4993 2458 5064 πατρὸς
2505 4991 2816 5058 κατεδίωξε,
2853 4993 3116 5064 πρότερον
3166 4995 3286 5056 ταῖς
3328 4993 3536 5046 ἐκείνου
3573 4995 3716 5048 παλ-

2129 5085 2320 5150 λακαῖς
2361 5089 2418 5138 ἐν
2461 5085 2710 5158 ὑπαίθρῳ
2753 5089 2950 5156 μιγεὶς,
2985 5088 3012 5140 6
3045 5088 3142 5158 μὲν
3170 5087 3332 5140 Δαυῒδ
3357 5087 3458 5140 οὐκ
3485 5087 3718 5157 ἐξῆλθεν

2131 5177 2292 5239 αὐτὸς
2325 5179 2403 5240 εἰς
2443 5177 2889 5248 ἀντιπαράταξιν,
2915 5179 3158 5255 ,ἡγεμόσι
3203 5179 3258 5233 δὲ
3305 5179 3608 5243 πιστεύσας
3653 5181 3716 5233 τὸ

2134 5268 2465 5339 στράτευμα,
2501 5268 2800 5322 ἐνετείλατο
2827 5271 3010 5334 αὐτοῖς
3037 5271 3211 5339 λέγων
3229 5289 3244 5302 ·
3269 5273 3568 5326 Φεισασθέ
3587 5291 3718 5341 μου

2132 5361 2236 5415 τοῦ
2266 5360 2580 5428 παιδαρίου
2609 5361 3000 5431 Ἀϐεσσαλώμ.
3025 5362 3131 5415 Τοῦ
3158 5363 3214 5416 δὲ
3241 5362 3479 5433 πολέμου
3507 5365 3716 5434 συρρα-

2133 5452 2319 5521 γέντος
2358 5454 2416 5505 ὲν
2451 5451 2528 5522 τῷ
2565 5450 2757 5522 δρυμῷ
2801 5451 3058 5523 Ἐφραῖμ,
3087 5454 3344 5506 πίπτουσι
3392 5452 3492 5522 μὲν
3537 5451 3714 5503 εἰκοσι

2132 5543 2363 5614 χιλιάδες
2393 5541 2604 5612 ἀνδρῶν
2631 5542 2738 5596 ἀπὸ
2759 5542 2854 5596 τοῦ
2883 5542 3292 5626 στρατεύματος
3321 5543 3416 5596 τοῦ
3457 5543 3720 5597 Ἀσεσσαο
