3880 6216
156 282 261 337 $335

1149 275 1580 333 FRAGMENTA
1621 268 1980 330 COMMENT.
2017 270 2084 324 ΙΝ
2119 269 2466 326 PSALMOS.

3334 267 3441 323 554

155 395 275 467 λὼμ
298 414 314 427 ·
344 396 507 460 αὐτὸς
544 396 623 459 δὲ,
656 398 733 459 ὡς
762 392 926 466 εἶχεν,
968 395 1165 463 ἔφευγε
1202 394 1438 465 στρέψας
1470 393 1558 446 τὸν
1591 392 1745 463 χαλι-

1877 390 2149 445 :ommisso
2198 390 2251 443 in
2309 397 2569 458 querceto
2618 385 3063 459 Ephraemitico,
3125 386 3331 442 cadunt
3376 389 3443 443 de

157 489 267 542 νόν.
298 489 530 542 Βαθεῖαν
578 489 633 541 δὲ
679 488 780 559 τὴν
828 487 1004 558 κόμην
1032 488 1125 541 καὶ
1156 487 1358 557 πολλὴν
1384 488 1621 558 τρέφων,
1655 488 1753 556 ὲμ-

159 582 423 634 πλέκεται
448 582 655 651 ταύτην
679 581 798 652 δρυῒ
817 598 829 609 ·
862 582 952 633 καὶ
975 582 1007 650 ἡ
1035 581 1132 650 μὲν
1163 578 1388 650 ἡμίονος
1417 579 1480 630 ὲκ
1499 578 1608 631 τῶν
1630 594 1755 630 σκε-

159 677 269 729 λῶν
316 677 482 731 αὑτοῦ
517 679 902 749 διωλίσθησεν·
939 681 967 731 6
994 677 1049 730 δὲ
1088 676 1360 748 μετέωρος
1396 677 1486 729 ἐπὶ
1511 675 1606 728 τοῦ
1640 675 1755 728 δέν-

160 771 286 841 δρον
322 774 615 843 ὲκρεμᾶτο,
645 773 769 835 ἕως,
806 772 929 826 ἰδών
971 789 1053 835 τις
1094 771 1277 833 αὐτὸν,
1305 769 1637 838 ἀπαγγέλλει
1677 766 1755 837 τῷ

174 862 355 916 ’Ῑωά6.
390 859 484 927 Εἷς
528 864 583 916 δὲ
630 864 736 916 τῶν
776 863 870 916 τοῦ
908 863 1068 917 Δαυῒδ
1096 863 1375 934 ἡγεμόνων
1405 858 1472 932 ἦν
1505 863 1532 914 6
1575 860 1752 914 ’1ωά6.

162 957 273 1008 Καὶ
298 951 470 1019 οὗτος,
506 956 629 1029 τρία
655 957 780 1027 βέλη
805 956 984 1010 λαϐὼν
1015 957 1123 1009 ἀπὸ
1153 956 1353 1026 χειρὸς,
1392 956 1472 1018 εἰς
1499 955 1597 1025 τὴν
1626 970 1758 1025 καρ-

162 1050 283 1101 δίαν
333 1047 429 1101 τοῦ
472 1048 826 1119 Ἀϐεσσαλὼμ
850 1049 1100 1117 ἑνέπηξε,
1132 1048 1226 1100 καὶ
1259 1048 1467 1100 ἀνεῖλεν
1498 1047 1680 1100 αὐτόν.
1701 1047 1758 1099 ’0

162 1140 219 1194 δὲ
244 1141 431 1207 Δανῒδ,
463 1141 723 1204 ἀκούσας,
773 1142 997 1195 πενθεῖ·
1029 1140 1123 1194 Υἱέ
1166 1158 1305 1209 μου,
1354 1140 1551 1208 λέγων,
1571 1142 1761 1193 Ἀϐεσ-

163 1234 405 1302 σαλὼμ,
439 1232 530 1286 υἱέ
563 1251 704 1302 μου.
748 1235 841 1299 Τίς
882 1232 1001 1300 δῴη
1042 1232 1148 1285 τὸν
1179 1232 1439 1286 θάνατόν
1472 1251 1591 1302 μου
1626 1234 1760 1287 ἀντὶ

163 1324 322 1387 σοῦ;
362 1325 471 1376 Καὶ
498 1323 639 1376 οὕτω
682 1324 775 1376 τοῦ
805 1325 1070 1396 τυράννου
1100 1324 1513 1396 διαφθαρέντος,
1546 1325 1706 1379 πάλιν
1734 1328 1762 1379 6

163 1414 334 1468 Δαυῖδ
386 1414 483 1485 τὴν
514 1414 791 1483 βασιλείαν
837 1414 1408 1485 ἀναλαμϐάνει.“Λλλά
1454 1414 1611 1469 τοῦτο
1665 1416 1762 1486 μὲν

169 1505 300 1556 ’ύστε
312 1522 425 1574 ρον.
455 1505 557 1557 Τὸν
604 1504 659 1557 δὲ
710 1504 843 1575 μετά
891 1508 1078 1575 χεῖρας
1124 1506 1337 1576 ψαλμὸν
1366 1506 1654 1573 συνέταξεν
1684 1506 1763 1560 ἔτι

166 1597 523 1665 διωκόμενος.
559 1597 649 1649 Διὸ
696 1598 789 1649 καὶ
835 1597 1062 1668 θρήνους
1113 1598 1224 1668 ἔχει
1272 1599 1761 1672 καὶιόλοφυρμούς.

182 1688 578 1759 Ἀναχθήσεται
607 1688 662 1740 δὲ
694 1690 786 1741 καὶ
812 1690 891 1751 εἰς
920 1690 1155 1760 Χριστὸν
1189 1692 1216 1742 6
1242 1688 1476 1760 ψαλμὸς,
1504 1692 1596 1744 τὸν
1632 1692 1766 1762 ἀλη-

170 1781 317 1835 θινὸν
350 1781 540 1833 Δαυῖδ·
577 1781 740 1834 Δαυῖδ
785 1782 891 1853 γὰρ
943 1782 1303 1853 ἑρμηνεύεται
1352 1784 1766 1852 πεποθημένος

174 1873 269 1927 καὶ
320 1871 529 1938 ἱκανὸς
563 1874 734 1941 χειρί.
773 1872 867 1935 Τίς
901 1872 947 1924 6‘
974 1872 1038 1925 ἂν
1064 1873 1148 1945 εἴη
1181 1875 1208 1926 6
1238 1876 1394 1944 φύσει
1424 1877 1517 1930 καὶ
1550 1876 1767 1946 ἀληθῶς

174 1960 558 2031 πεποθημένος
589 1962 620 2032 ἣ
671 1964 697 2014 6
736 1962 989 2032 Χριστὸς,
1023 1966 1054 2016 0'
1087 1964 1299 2031 ὡραῖος
1346 1967 1559 2020 κάλλει
1610 1969 1770 2033 παρὰ

174 2055 317 2119 τοὺς
351 2054 521 2119 υἱοὺς
548 2053 664 2105 τῶν
690 2054 1055 2121 ἀνθρώπων;
1092 2057 1184 2121 Τίς
1214 2058 1270 2110 δὲ
1306 2061 1486 2122 ἱκανὸς
1513 2063 1576 2130 τῇ
1603 2060 1766 2130 χειρὶ,

174 2148 222 2197 εἰ
255 2145 331 2215 μὴ
360 2148 388 2198 6
421 2147 639 2217 ἰσχυρος
680 2146 905 2217 Ἰησοῦς,
940 2151 967 2200 ὁ
1009 2150 1075 2219 τῇ
1125 2148 1353 2221 δυνάμει
1388 2151 1486 2221 τῆς
1520 2151 1770 2221 θεότητος

178 2236 389 2298 πάντας
437 2237 570 2298 τοὺς
623 2236 951 2304 ἀλλοφύλους
1002 2241 1426 2309 τροπωσάμενος
1464 2242 1768 2310 δαίμοναςς

177 2327 383 2381 Τοῦτον
409 2328 516 2400 γὰρ
545 2329 785 2392 ἐδίωκεν,
816 2329 891 2392 ὡς
921 2328 1077 2392 ἄλλος
1101 2347 1185 2394 τις
1226 2332 1599 2403 Ἀϐεσσαλὼμ,
1629 2336 1656 2386 6
1683 2334 1768 2386 αξ-

180 2421 380 2492 σθητὸς
424 2422 520 2473 καὶ
564 2422 704 2474 κατὰ
754 2423 930 2494 σάρκα
973 2423 1210 2496 Ἰσραὴλ,
1246 2425 1295 2477 οἱ
1336 2426 1597 2480 Ἰουδαῖοι.
1634 2425 1769 2495 Περὶ

178 2505 257 2566 ὧν
288 2512 437 2581 λέγει
461 2513 550 2566 διὰ
576 2515 797 2567 Ἡσαΐου
823 2533 834 2546 ·
873 2517 1044 2582 Υἰοὺς
1068 2518 1374 2586 ἐγέννησα
1404 2519 1501 2571 καὶ
1531 2518 1768 2585 ὕψωσα-

180 2603 355 2655 αὑτοὶ
399 2602 467 2656 δέ
500 2620 577 2672 με
609 2603 931 2671 ἠθέτησαν,
964 2608 1231 2677 Συνήργει
1264 2609 1319 2661 δὲ
1364 2608 1497 2677 πρὸς
1526 2608 1622 2678 τὴν
1653 2604 1776 2659 δίω-

183 2694 290 2760 ξινν
324 2692 414 2749 οἷά
436 2714 517 2760 τις
563 2699 840 2768 Ἀχιτὸφελ
873 2701 900 2751 ὁ
945 2700 1142 2764 Ἰούδας
1166 2718 1178 2730 ·
1218 2701 1276 2754 ὃν
1309 2700 1607 2769 σύμϐουλον
1634 2699 1777 2770 εἶχεν

182 2790 214 2841 6
238 2788 430 2858 νοητὸς
462 2788 625 2841 Δανῖδ
652 2790 679 2841 6
701 2791 954 2860 Χριστός.
987 2793 1121 2861 Περὶ
1145 2790 1311 2844 αὑτοῦ
1343 2791 1450 2861 γὰρ
1482 2793 1694 2861 εἴρηται
1721 2791 1777 2844 ἕν

190 2898 299 2933 τινι
332 2879 439 2933 τῶν
462 2879 725 2949 ψαλμῶν
765 2880 847 2934 Σὺ
876 2880 962 2945 δὲ,
999 2881 1271 2950 ἄνθρωπε
1318 2886 1600 2951 ῖσέὶέὌΖεν
1642 2885 1778 2953 ’ἤγεθ’

174 2970 313 3038 λεών
344 2987 487 3039 μου,
521 2972 617 3023 καὶ
665 2970 894 3039 γνωστὲ
939 2972 1259 3039 μου.’Λλλά
1286 2973 1391 3043 γαρ
1443 2972 1641 3035 Ἰούδας
1682 2973 1778 3042 μὲν

185 3062 589 3133 παραπλησίως
617 3063 694 3133 τῷ
739 3063 1018 3134 Ἀχιτὸφελ
1045 3064 1293 3117 ἀπελθὼν
1328 3066 1639 3136 ἀπήγξατο·
1670 3068 1697 3117 6
1724 3065 1778 3117 δὲ

185 3155 447 3224 Χριστὸς,
479 3155 821 3208 ἀποστέλλων
861 3161 987 3221 τοὺς
1034 3158 1305 3228 ἡγεμόνας
1332 3157 1495 3210 αὑτοῦ
1527 3157 1775 3235 μαθητάς

188 3250 269 3311 εἰς
302 3246 393 3299 τὸν
423 3247 561 3299 κατὰ
587 3248 692 3301 τῶν
723 3249 931 3320 ἐχθρῶν
958 3251 1121 3303 αὑτοῦ
1166 3251 1420 3320 πόλεμον,
1452 3250 1774 3313 ἐνετέλλετο,

184 3339 380 3409 ὥσπερ
407 3341 435 3391 6
461 3338 640 3403 Δανῒδ,
673 3342 755 3392 ἵνα
792 3341 1081 3409 φείσωνται
1111 3343 1203 3394 τοῦ
1234 3342 1612 3412 Ἀϐεσσαλὼμ,
1636 3341 1778 3393 οὕτω

188 3431 283 3481 καὶ
306 3428 492 3491 αὐτὸς,
516 3430 603 3481 ἵνα
624 3430 748 3493 τοὺς
767 3431 1103 3503 Ἰσραηλίτας
1126 3434 1199 3503 μὴ
1218 3433 1586 3502 παροψωνται·
1613 3435 1781 3486 ’Ἐσε-

188 3526 302 3575 σθε
343 3520 455 3588 γάρ
496 3538 619 3589 μοι,
660 3524 810 3593 φησὶ,
851 3523 1108 3589 κήρυκές
1142 3542 1204 3576 τε
1251 3526 1348 3577 καὶ
1390 3524 1687 3593 μάρτιιρες
1712 3527 1781 3578 ἐν

200 3612 613 3681 Ἰερουσαλὴμ,
642 3614 740 3667 καὶ
789 3616 858 3667 ἐν
890 3616 1060 3683 πάσῃ
1102 3615 1175 3684 τῇ
1212 3617 1482 3685 Ἰουδαίᾳ,
1526 3618 1622 3669 καὶ
1670 3622 1781 3671 Στι-

178 3702 423 3770 μαρείᾳ,
453 3703 549 3754 καὶ
572 3703 683 3768 ἕως
704 3704 968 3772 ἐσχάτου
996 3705 1103 3773 τῆς
1133 3707 1483 3779 γῆς.”Ωσπερ
1518 3708 1572 3759 δὲ
1611 3709 1703 3760 καὶ
1747 3711 1777 3778 ἡ

190 3796 417 3865 ἡμίονος
464 3796 557 3848 καὶ
601 3798 658 3848 αἱ
694 3798 876 3868 τρίχες
926 3798 1015 3849 τὸν
1057 3798 1411 3870 ’Λΰεσσαλὼμ
1458 3799 1534 3869 τῷ
1564 3800 1779 3869 θανάτῳ

192 3884 543 3955 παρέδωκαν,
584 3886 726 3939 οὕτω
766 3890 891 3951 τοὺς
934 3888 1215 3950 Ἰουδαίους
1268 3891 1299 3958 ἡ
1353 3889 1544 3957 ἀλογία
1583 3892 1675 3942 καὶ
1721 3891 1780 3942 τὸ

195 3977 341 4045 μέγα
370 3981 584 4048 φρονεῖν
618 3979 709 4030 ἐπὶ
748 3981 858 4042 τοῖς
903 3979 1007 4045 ἔξω
1040 3980 1132 4031 καὶ
1168 3985 1498 4049 σωματικοῖς
1525 3982 1621 4051 τῆς
1647 3981 1779 4051 ἀλη-

190 4064 347 4136 θινῆς
383 4066 529 4137 ζωῆς
552 4069 913 4139 ἀπεστέρησε·
950 4069 1043 4121 καὶ
1073 4067 1196 4120 οὔτε
1225 4069 1324 4139 τῆς
1352 4070 1458 4140 γῆς
1491 4070 1783 4123 ἀπολαύειν

185 4158 401 4225 εἴασεν,
430 4160 554 4213 οὔτε
584 4161 676 4214 τοῦ
706 4160 957 4233 οὐρανοῦ.

1853 483 2096 537 exercitu
2127 482 2482 537 Abessalonis
2511 482 2675 537 vicies
2705 481 2852 535 mille
2888 496 2902 533 :
2947 481 3064 550 ipse
3098 496 3249 545 vero,
3277 481 3441 547 laxis.

1850 583 2016 643 prout
2048 575 2281 639 valebat,
2306 574 2533 628 habenis
2562 572 2795 643 aufugit.
2836 572 2941 628 Sed
2970 574 3099 643 quia
3124 574 3348 628 densam
3380 588 3446 627 ac

1855 667 2146 736 plurimam
2201 682 2415 721 comam
2466 668 2697 730 aluerat,
2734 683 2797 721 ea
2846 668 2900 721 in
2946 682 3154 736 quercu
3205 665 3443 736 quadam

1857 760 2139 829 implicita,
2165 760 2311 812 mula
2345 759 2536 813 subtus
2585 760 2704 828 ipso
2745 759 2997 822 abeunte,
3036 759 3151 827 ipse
3191 757 3445 812 sublimis

1857 855 1912 909 in
1942 854 2140 908 arbore
2174 852 2445 920 pendebat
2474 869 2485 902 :
2517 852 2690 906 donec
2738 850 2877 906 forte
2923 851 3273 919 conspicatus
3320 848 3445 918 qui-

1858 948 1981 1002 dam
2016 946 2066 1001 i‘d
2098 945 2269 999 Joabo
2303 948 2601 999 renuntiat.
2635 944 2764 997 Erat
2799 960 2927 997 vero
2951 944 3039 997 hic
3078 959 3221 998 unus
3245 943 3311 996 de
3336 940 3445 995 Da-

1860 1039 1999 1093 vidis
2050 1038 2301 1092 ducibus.
2339 1036 2389 1091 ls
2421 1053 2551 1107 ergo
2602 1037 2836 1106 sumptis
2890 1037 3066 1091 tribus
3126 1036 3316 1101 hastis,
3350 1050 3447 1088 eor

1859 1130 2211 1185 Abessalonis
2243 1130 2670 1191 transverberat,
2700 1138 2862 1198 atque
2896 1131 2967 1182 ita
3004 1130 3179 1197 ipsum
3207 1146 3237 1181 e
3262 1128 3447 1181 medio

1862 1224 2021 1277 tollit.
2055 1222 2174 1288 Quo
2230 1223 2437 1288 audito,
2483 1223 2811 1276 lamentatur
2859 1221 3026 1275 David
3063 1221 3152 1273 :0
3218 1221 3297 1289 ﬁli
3352 1221 3443 1282 mi,

1862 1316 2035 1379 aiens,
2070 1313 2399 1377 Abessalom,
2427 1330 2456 1365 ο
2480 1314 2560 1382 ﬁli
2588 1315 2676 1367 mi.
2714 1314 2847 1380 Quis
2889 1314 3089 1367 dederit
3126 1324 3183 1367 ut
3217 1330 3308 1383 ego
3337 1331 3453 1367 mo-

1864 1409 1977 1460 riar
1998 1425 2091 1476 pro
2120 1406 2224 1460 te”
2243 1404 2375 1461 ?Sic
2398 1406 2582 1477 igitur,
2615 1408 2829 1461 sublato
2858 1415 3110 1477 tyranno,
3139 1406 3300 1460 David
3332 1421 3451 1458 rur-

1867 1515 1988 1553 sum
2015 1501 2066 1552 in
2105 1514 2326 1569 regnum
2356 1497 2682 1552 restituitur.
2711 1497 2815 1551 Sed
2838 1498 2952 1551 haec
2982 1498 3273 1566 posterius.
3293 1495 3452 1562 Quod

1864 1607 1994 1645 vero
2031 1603 2351 1660 praesentem
2395 1589 2665 1659 psalmum
2702 1591 2917 1657 attinet,
2953 1589 3280 1658 conscripsit
3329 1603 3454 1643 eum

1872 1680 2060 1749 David,
2092 1698 2215 1736 cum
2243 1682 2421 1736 adhuc
2458 1682 2892 1750 persecutionem
2925 1691 3223 1750 pateretur.
3252 1680 3456 1746 Quam—

1800 1752 1842 1806 Β
1870 1775 2057 1828 obrem
2097 1775 2262 1828 etiam
2298 1774 2551 1843 planctus
2589 1774 2834 1827 continet
2881 1781 2934 1825 et
2981 1772 3236 1841 ejulatus.
3272 1771 3458 1825 Potest

1870 1877 2050 1920 autem
2081 1867 2244 1920 etiam
2290 1866 2357 1920 de
2397 1865 2619 1920 Christo
2656 1866 2903 1934 intelligi,
2936 1880 3065 1918 vero
3105 1865 3198 1919 illo
3234 1864 3453 1917 Davidc.

1872 1960 2037 2014 David
2092 1959 2235 2013 enim
2289 1959 2335 2013 si
2384 1959 2601 2021 reddas,
2653 1958 2959 2027 signiﬁcat,
3005 1958 3363 2011 desideratum
3404 1969 3457 2011 et

1872 2069 2032 2105 manu
2063 2060 2382 2119 promptum.
2412 2050 2545 2116 Quis
2580 2061 2760 2106 autem
2788 2060 2983 2104 natura
3015 2061 3069 2104 et
3100 2065 3225 2104 vere
3247 2050 3458 2103 deside-

1872 2151 2045 2204 ratus,
2095 2142 2198 2195 nisi
2236 2143 2350 2208 ipse
2379 2141 2667 2207 Christus;
2717 2151 2900 2212 utpote
2934 2143 3025 2212 qui
3070 2151 3156 2197 est
3196 2144 3458 2210 speciosus

1875 2235 2045 2303 forma
2089 2249 2199 2302 pra:
2246 2234 2375 2302 [iliis
2424 2234 2795 2287 hominum”?
2839 2236 2946 2289 Aut
2988 2238 3111 2305 quis
3146 2251 3309 2288 manu
3346 2245 3460 2289 tam

1868 2336 2179 2396 promptus,
2213 2341 2376 2395 quam
2410 2335 2493 2380 est
2527 2326 2685 2381 fortis
2717 2325 2899 2393 Jcsus,
2932 2328 3022 2398 qui
3077 2328 3315 2396 potentia
3347 2328 3462 2382 dei-

1876 2419 2004 2471 tatis
2031 2434 2142 2472 suae
2172 2418 2238 2472 de
2268 2419 2527 2473 universa
2555 2420 2977 2489 allophylorum,
3016 2436 3111 2475 seu
3151 2421 3459 2476 daemonum

1878 2509 2227 2562 multitudine
2274 2518 2475 2578 tropaea
2511 2510 2722 2563 erexit?
2752 2508 2908 2563 Hunc
2952 2511 3096 2564 enim
3142 2521 3462 2579 persecutus

1876 2611 1980 2665 est,
2014 2608 2073 2654 ut
2111 2601 2387 2656 secundus
2425 2601 2646 2670 quidam
2680 2602 3021 2667 Abessalom,
3049 2602 3324 2657 sensibilis
3348 2602 3461 2667 ille,

1880 2703 1933 2746 ct
1965 2694 2264 2747 secundum
2294 2708 2513 2747 carnem
2547 2692 2747 2760 lsrael;
2775 2693 2946 2748 Judaei
2982 2695 3209 2749 scilicet.
3237 2695 3311 2748 De
3337 2694 3464 2764 qui-

1880 2785 1982 2839 bus
2009 2785 2325 2853 pronuntiat
2351 2801 2447 2854 per
2469 2785 2663 2839 Isaiam
2697 2806 2709 2838 :
2744 2784 2914 2838 Filios
2936 2787 3093 2856 genui
3118 2798 3164 2838 et
3195 2787 3462 2840 raaltavi:

1881 2879 1979 2946 ipsi
2015 2895 2131 2932 vero
2166 2888 2467 2946 spreverunt
2518 2879 2679 2932 me”.
2715 2879 2937 2948 Adjuvit
2973 2896 3098 2933 vero
3126 2882 3463 2947 persecutio-

1882 2985 2005 3022 nem
2063 2972 2235 3025 instar
2265 2970 2639 3040 Achitophelis
2691 2974 2999 3042 cujusdam,
3050 2974 3254 3041 Judas;
3300 2994 3465 3047 quem

1884 3060 2240 3115 consiliorum
2291 3078 2515 3116 suorum
2564 3065 2883 3133 participem
2932 3066 3169 3120 habebat
3193 3068 3467 3133 Christus,

1883 3150 2238 3220 intelligibilis
2268 3153 2355 3206 ille
2386 3152 2575 3207 David.
2614 3153 2688 3207 De
2716 3155 2809 3207 illo
2841 3156 2984 3208 enim
3019 3157 3218 3211 dicitur
3253 3157 3307 3211 in
3332 3174 3444 3226 quo

1883 3243 2010 3297 dam
2039 3244 2247 3312 psalmo
2282 3263 2294 3298 :
2331 3244 2408 3297 Tu
2438 3262 2574 3312 vero,
2605 3263 2634 3298 ο
2654 3247 2806 3300 homo
2846 3248 3137 3309 unanimis,
3168 3249 3276 3303 dua;
3300 3266 3468 3315 meus,

1883 3347 1933 3391 et
1978 3349 2130 3393 notus
2174 3357 2318 3393 meus
2343 3343 2404 3394 ‘9.
2436 3340 2605 3396 Judas
2645 3343 2807 3396 etiam
2852 3344 3206 3397 consimiliter
3248 3342 3468 3395 Achito-

1886 3430 2030 3499 phcli
2061 3432 2300 3501 seipsum
2326 3432 2522 3501 laqueo
2548 3433 2863 3499 suﬂ‘ocavit;
2894 3434 3144 3487 Christus
3169 3449 3298 3485 vero
3322 3433 3468 3485 crnit-

1888 3532 2006 3578 tens
2039 3524 2206 3577 duces
2241 3540 2371 3579 suos
2404 3525 2702 3592 discipulos
2733 3527 2797 3579 ad
2828 3526 3025 3579 bellum
3062 3535 3251 3581 contra
3285 3526 3470 3579 hostes

1890 3628 2019 3667 suos
2045 3614 2364 3682 gerendum,
2400 3616 2657 3682 praecepit
2685 3616 2836 3683 ipsis,
2871 3615 3331 3683 quemadmodum
3366 3616 3470 3667 Da-

1889 3706 1998 3768 vid,
2029 3715 2089 3758 ut
2117 3715 2403 3774 parcerent
2432 3706 2772 3772 Abessaloni,
2804 3708 2884 3762 sic
2912 3718 2967 3762 et
2998 3708 3133 3776 ipse,
3168 3724 3234 3761 ne
3263 3708 3470 3761 Israeli-

1888 3806 1971 3852 tas
2019 3799 2373 3867 negligerent.
2430 3799 2593 3853 Erilis
2634 3803 2793 3866 enim,
2838 3802 3032 3871 inquit,
3070 3804 3169 3855 mei
3208 3818 3472 3871 prtecones

1888 3900 2141 3959 testesque
2170 3891 2220 3941 in
2245 3889 2564 3957 Jerusalem,
2597 3902 2645 3945 et
2676 3895 2729 3945 in
2763 3896 3004 3947 universa
3036 3894 3228 3946 ludam
3266 3904 3314 3947 et
3358 3892 3473 3947 Sa—

1887 3982 2080 4046 maria,
2114 3992 2162 4035 et
2192 3999 2353 4052 usque
2388 3984 2456 4035 ad
2486 3985 2731 4037 ultimum
2762 3987 2997 4039 terrm”.
3030 3987 3107 4040 Ad
3134 3987 3247 4039 haec
3279 4002 3472 4056 quem-

1888 4071 2179 4124 admodum
2218 4074 2396 4127 inulus
2425 4086 2477 4127 et
2504 4090 2673 4128 comre
2703 4076 3091 4129 Abessalonem
3127 4076 3243 4130 neci
3300 4077 3474 4129 tradi-

1888 4163 2109 4225 derunt,
2158 4164 2235 4218 sic
2264 4165 2425 4219 etiam
2456 4166 2675 4221 Judaeos
2701 4168 2860 4221 bruta
2879 4168 3472 4235 ipsoruminsipientia,

192 4264 249 4310 et
284 4254 506 4309 animus
538 4253 591 4307 in
621 4253 784 4309 rebus
812 4253 1050 4319 externis
1075 4262 1129 4308 et
1164 4253 1543 4323 corporalibus
1572 4253 1807 4320 defixus,
1851 4253 2016 4324 inque
2056 4256 2124 4311 iis
2151 4272 2368 4312 omnem
2400 4274 2550 4330 spem
2583 4275 2814 4329 ponens,
2865 4276 2992 4315 vera
3031 4261 3143 4314 vita
3173 4261 3420 4329 gprivavit
3458 4280 3471 4314 :

192 4358 250 4403 et
285 4362 389 4403 nec
417 4356 581 4413 terra,
616 4362 793 4417 neque
826 4348 965 4401 coelo
995 4346 1199 4417 perfrui
1230 4349 1497 4417 permisit.

559 4460 757 4513 Deinde
787 4459 1124 4528 subsequitur
1149 4460 1429 4513 Athanasii
1454 4463 1663 4514 nomine
1691 4469 2057 4529 argumentum
2088 4459 2281 4528 psalmi
2313 4475 2384 4512 vn
2410 4469 2565 4528 prout
2596 4459 2821 4514 habetur
2852 4460 3115 4529 superius.

237 4557 375 4611 Item
400 4554 499 4608 illa
521 4552 673 4606 verba
685 4553 877 4621 psalmi
895 4570 970 4617 XI,
996 4553 1117 4606 Ὅτι
1138 4553 1528 4622 ὠλιγώθησαν
1553 4553 1771 4619 ἀλήθεια

1877 4563 1996 4619 etc.,
2028 4552 2305 4621 prwmissa
2325 4554 2471 4621 prius
2496 4552 2858 4621 Chrysostomi
2881 4555 3159 4619 sententia,
3182 4553 3395 4622 subjicit
3422 4569 3440 4606 :
3476 4555 3483 4590 ‘»

270 4672 386 4743 (55)
425 4670 585 4724 Κατὰ
615 4668 670 4721 δὲ
703 4669 792 4721 τὸν
822 4669 995 4739 μέγαν
1024 4669 1339 4723 Ἀθανάσιον
1374 4669 1559 4739 σαφῶς
1583 4673 1609 4722 6
1634 4669 1771 4739 λόγος

1966 4669 2069 4723 Sed
2104 4670 2404 4724 secundum
2458 4686 2715 4740 magnum
2765 4673 2917 4726 illum
2965 4674 3325 4728 Athanasium
3362 4676 3478 4728 evi-

194 4762 436 4817 ὲνταῦθα
469 4762 569 4831 τὴν
604 4760 871 4812 Ἰουδαίων
905 4760 1161 4812 ἀπιστίαν
1196 4760 1427 4830 ἐλέγχει.
1458 4760 1547 4813 Διὸ
1585 4761 1789 4832 Μωσῆς

196 4855 340 4925 ’πρὸς
392 4853 590 4914 αὐτοὺς
636 4853 885 4904 ἀπέτεινε
932 4849 1187 4917 φάσκων·
1224 4849 1344 4901 Υἱοὶ
1382 4849 1682 4920 ἀνθρώπων
1708 4846 1789 4913 οἷς

192 4945 301 5000 οὐκ
338 4942 452 4995 ἐστι
486 4942 667 5006 πίστις
694 4944 753 4994 ὲν
780 4942 985 5004 αὐτοῖς.

1895 4763 2084 4817 denter
2133 4772 2369 4832 arguunt
2402 4764 2516 4819 haec
2544 4764 2709 4817 verba
2737 4763 3048 4819 Judzeorum
3076 4766 3476 4822 inﬁdelitatem.

1896 4853 2074 4920 Quare
2118 4854 2296 4909 Moses
2352 4855 2420 4909 ad
2470 4870 2566 4910 eos
2614 4858 2873 4925 respexit,
2904 4872 3027 4911 cum
3074 4859 3323 4914 diceret:
3357 4857 3479 4912 Filii

1897 4946 2208 5012 hominum,
2236 4947 2290 4999 in
2319 4947 2518 5016 quibus
2547 4948 2694 5001 nulla
2723 4947 2856 5003 tides
2884 4951 3047 5003 est“.

567 5061 632 5114 Et
656 5062 710 5113 in
738 5061 973 5130 ejusdem
1004 5061 1196 5129 psalmi
1226 5078 1425 5115 versum
1452 5070 1769 5131 sequentem,
1806 5065 2085 5129 prtemissa
2112 5081 2321 5117 rursum
2359 5063 2723 5134 Chrysostomi
2745 5067 3117 5136 explicatione.

278 5178 583 5244 Κυρίλλου
633 5175 730 5228 καὶ
775 5174 1142 5227 Ἀθανασίου.
1180 5174 1350 5227 Τοῦτο
1386 5175 1479 5227 καὶ
1524 5176 1614 5226 ἐπὶ
1659 5176 1788 5227 Ἰου-

198 5269 367 5321 δαίων
392 5265 615 5335 ἀληθές·
652 5265 944 5327 Ἕκαστος
970 5261 1237 5330 adunca
1257 5261 1479 5331 μάταια
1508 5262 1658 5330 πρὸς
1684 5262 1789 5315 τὸν

199 5359 497 5425 πλησίον,
529 5356 627 5419 τὰς
654 5354 796 5408 κατὰ
823 5354 917 5407 τοῦ
944 5354 1195 5425 Σωτῆρος
1218 5353 1373 5424 ἡμῶν
1404 5354 1649 5421 συνάγων
1675 5356 1793 5406 ἐπι-

201 5451 268 5504 60
277 5450 401 5515 αλας
411 5497 423 5509 .

278 5613 384 5667 “ll
410 5614 539 5685 Reg.
578 5612 793 5676 xix,40.

874 5610 1074 5669 "Psal.
1114 5629 1257 5679 XLIV,
1291 5614 1343 5667 4.
1440 5614 1601 5668 1‘llsa.
1643 5629 1679 5675 ι,
1706 5612 1759 5663 2.

1840 5607 1882 5639 ¹⁹
1900 5608 2043 5664 Psal.
2073 5626 2181 5678 Liv,
2204 5611 2288 5663 14.

1967 5175 2157 5246 Cyrilli
2200 5188 2250 5230 et
2289 5176 2592 5233 Athanasii.
2634 5178 2748 5235 Hoc
2776 5181 2939 5235 etiam
2970 5182 3034 5236 de
3061 5181 3264 5237 .ludaeis
3287 5200 3474 5237 verum

1897 5278 1977 5322 est
2012 5287 2023 5321 :
2058 5267 2419 5339 Unusquisque
2461 5272 2605 5324 enim
2654 5289 2785 5325 vana
2822 5273 3024 5326 locutus
3070 5285 3145 5327 est
3192 5275 3260 5327 ad
3299 5279 3479 5342 promi.-

1902 5377 2042 5414 mum
2072 5379 2246 5426 suum,
2275 5362 2547 5418 Salvatori
2577 5376 2765 5419 nostro
2794 5366 3020 5420 insidias
3049 5377 3283 5422 struens.

2368 5612 2553 5665 "Act.
2590 5629 2627 5679 ι,
2665 5614 2718 5665 8.
2797 5614 2835 5642 ²¹
2862 5611 3015 5664 Deut.
3057 5628 3223 5678 xxx”,
3269 5613 3323 5683 5,
3353 5613 3410 5675 6.

276 5740 396 5813 (55)
437 5739 561 5795 llaec
579 5739 823 5809 apprime
844 5738 1171 5792 conveniunt
1194 5754 1316 5792 cum
1344 5736 1783 5806 interpretatione
1822 5732 2016 5801 psalmi
2045 5750 2121 5800 ιι,
2146 5733 2236 5789 ubi
2269 5734 2334 5789 ad
2369 5732 2586 5791 Judaeos
2614 5736 2727 5790 hare
2755 5734 3083 5788 referuntur.

504 5836 777 5895 Pareat.
804 5833 921 5894 Gn.
960 5833 1223 5893 XXVII.

3086 5824 3157 5885 18
