3880 6216
425 252 532 310 535
1258 252 1315 306 5.
1355 251 1731 306 ATHANASII
1769 253 1920 309 OPP.
1955 253 2138 308 PARS
2189 252 2278 306 Ill.
2305 281 2375 291 —
2417 251 2838 307 EXEGETICA.
3580 257 3685 314 555

493 380 635 435 Tum
689 380 852 436 etiam
906 376 1217 434 Graecorum
1266 386 1436 445 poeta:
1485 384 1538 430 et
1586 385 1852 441 oratores,
1902 377 1991 445 qui

2171 377 2282 428 Καὶ
2297 378 2344 428 oi
2367 377 2495 445 παρ’
2521 373 2741 444 Ἕλλησι
2763 373 2819 425 δὲ
2840 378 3060 446 ποιηταὶ
3086 377 3179 429 καὶ
3200 376 3550 447 λογογράφοι,
3567 379 3684 431 κατ’

423 487 558 527 cum
582 471 805 526 omnino
838 470 1041 524 nullam
1069 467 1188 538 ejus
1209 468 1285 522 rei
1315 482 1502 520 curam
1541 466 1821 530 haberent,
1852 482 1991 520 vera-

2103 469 2289 522 οὺδένα
2339 467 2536 538 τρόπον
2577 466 2670 518 τοῦ
2701 467 2919 537 ἀληθεῖς
2959 462 3098 519 εἶναι
3129 469 3536 536 φροντίσαντες,
3568 485 3685 520 συν-

425 579 495 618 ne
524 571 708 619 essent
737 577 857 632 quae
887 561 1149 624 dicerent,
1183 559 1622 626 conscripserunt
1677 557 1898 626 singuli,
1934 557 1991 611 si-

2103 555 2406 608 τεθείκασιν
2457 555 2834 617 ἀϐασανίστως
2877 556 2936 608 τὸ
2982 558 3164 619 αὐτοῖς
3212 557 3422 622 δοκοῦν,
3487 557 3685 610 σκοπὸν

425 670 496 710 ne
523 655 724 725 prazvio
752 652 1022 717 examine,
1047 666 1168 720 qum
1198 649 1330 718 ipsis
1361 649 1702 710 videbantur,
1736 648 1884 702 hunc
1917 662 1991 700 so-

2105 645 2318 716 ἔχοντες
2349 647 2466 711 ἕνα,
2499 647 2560 699 τὸ
2594 646 2853 711 ἐπίδειξιν
2883 647 3209 719 ποιήσασθαι
3242 648 3508 718 γλώττης.

424 747 539 802 lum
584 747 747 801 linem
784 745 1068 807 habentes,
1104 751 1164 798 ut
1208 743 1466 796 nimirum
1519 740 1717 810 linguae
1751 753 1866 792 suae
1897 739 2010 792 ele-

377 832 386 838 ’
426 843 666 912 gantiam
700 848 1062 896 ostentarent.

1584 927 1717 982 Item
1742 929 1795 981 in
1821 927 2012 996 psalm.
2046 943 2146 981 xm
2171 928 2527 998 ἐπιγραφήν.

498 1031 794 1086 Athanasii.
839 1028 1148 1084 Secundum
1191 1040 1466 1096 anagogen
1518 1039 1665 1088 vero,
1719 1025 1890 1092 aperit
1938 1023 1997 1078 in

425 1125 528 1179 hoc
559 1126 768 1194 psalmo
803 1131 856 1177 et
884 1121 1120 1188 explicat
1151 1119 1455 1173 clarissime
1492 1116 1777 1170 hominum
1806 1115 1998 1184 impie-

424 1223 589 1268 tatem
616 1223 670 1267 et
698 1213 830 1282 legis
859 1209 1360 1280 praevaricationem
1387 1209 1440 1261 in
1469 1207 1725 1261 omnibus
1752 1207 1867 1260 suis
1901 1219 1996 1259 co-

426 1305 644 1359 natibus
670 1323 683 1357 :
709 1313 769 1357 ut
792 1304 919 1357 hinc
943 1301 1319 1358 necessitatem
1341 1300 1604 1354 adventus
1631 1297 1836 1351 Christi
1861 1312 2000 1365 prae-

424 1397 587 1451 dicet.
624 1397 800 1464 Atque
825 1395 906 1450 sic
934 1393 1152 1462 quidem
1202 1392 1363 1445 divus
1389 1388 1718 1443 Athanasius
1750 1403 1761 1438 :
1797 1401 1997 1442 secun-

424 1488 554 1542 dum
587 1495 765 1541 autem
797 1500 1050 1555 magnum
1075 1482 1354 1546 Basilium,
1381 1489 1488 1536 etc.

2175 1024 2286 1095 (56)
2325 1026 2691 1080 Ἂθανασίου.
2723 1027 2880 1080 Κατὰ
2908 1027 3088 1098 μέντοι
3117 1026 3426 1095 ἀναγωγὴν,
3456 1025 3682 1098 διαρῤήι

2097 1115 2193 1187 δην
2232 1118 2289 1170 ἐν
2321 1117 2399 1187 τῷ
2433 1120 2657 1188 παρόντι
2688 1118 2888 1189 ψαλμῷ
2915 1119 3199 1188 σαφηνίζει
3225 1118 3334 1171 τῶν
3377 1118 3682 1190 ἀνθρώπων

2097 1209 2196 1276 τὴν
2228 1211 2308 1272 είς
2337 1210 2396 1262 τὸ
2425 1210 2683 1272 παντελὲς
2707 1211 2812 1263 τῶν
2845 1211 3287 1282 ἐπιτηδευμάτων
3313 1212 3567 1264 ἀσέϐειαν
3589 1213 3682 1265 καὶ

2099 1302 2464 1371 παρανομίαν,
2501 1304 2586 1355 ἵνα
2622 1303 2681 1355 τὸ
2723 1304 3017 1372 ἀναγκαῖον
3064 1305 3163 1374 τῆς
3199 1304 3520 1372 ἐπιφανείας
3550 1306 3681 1358 ἁνα-

2097 1392 2308 1464 κηρύξῃ
2343 1394 2600 1463 Χριστοῦ.
2639 1395 2748 1446 Καὶ
2780 1395 2951 1457 οὕτως
2983 1395 3080 1464 μὲν
3101 1397 3128 1448 6
3153 1394 3292 1457 θεῖος
3327 1396 3677 1460 Ἀθανάσιοςδ

2094 1482 2235 1535 κατὰ
2260 1482 2316 1535 δὲ
2341 1483 2430 1536 τὸν
2463 1485 2634 1554 μέγαν
2661 1483 2958 1547 Βασίλειον,
2989 1494 3094 1539 etc.

969 1596 1224 1652 Similiter
1252 1597 1306 1649 in
1331 1595 1541 1650 titulum
1564 1595 1755 1664 psalm.
1797 1612 1910 1660 xw,
1945 1595 2224 1664 prwmissa
2251 1593 2563 1649 Theodoreti
2591 1597 2870 1660 sententia,
2899 1596 3108 1664 subjicit
3131 1610 3150 1648 :

484 1695 826 1750 Athanasius
857 1703 1037 1748 autem
1070 1701 1124 1747 et
1150 1692 1403 1755 Basilius,
1433 1691 1613 1760 magni
1662 1691 1738 1744 illi
1765 1690 1984 1758 Patres,
2019 1696 2066 1756 Β

422 1793 598 1850 alunt,
626 1783 877 1837 Davidem
926 1782 1194 1850 psalmum
1241 1782 1389 1834 hunc
1417 1780 1700 1843 cecinisse,
1737 1788 1796 1833 ut
1832 1781 1994 1835 doce-

423 1883 528 1936 ret,
560 1873 818 1942 quidnam
857 1871 988 1925 illud
1017 1871 1107 1936 sit,
1141 1871 1292 1940 quod
1323 1870 1598 1923 hominem
1631 1878 1895 1939 praeparet
1924 1871 1994 1924 ad

424 1961 636 2017 beatam
680 1962 827 2015 illam
865 1961 1105 2031 quietem
1136 1959 1592 2029 consequendam.
1633 1957 1832 2024 Quare,
1867 1974 1991 2012 cum

419 2051 762 2123 propositum
815 2057 962 2104 esset
1010 2049 1070 2103 in
1118 2051 1221 2103 hoc
1251 2048 1460 2118 psalmo
1505 2047 1780 2100 hominem
1820 2046 1995 2116 perfe-

419 2153 570 2200 ctum
622 2141 948 2206 describere,
996 2156 1154 2206 eum,
1201 2140 1444 2208 inquam,
1491 2140 1586 2206 qui
1638 2136 1989 2191 beatitudinis

421 2237 692 2306 particeps
739 2234 955 2288 futurus
992 2244 1092 2299 est,
1123 2231 1311 2286 ordine
1347 2245 1410 2286 ac
1437 2231 1522 2286 via
1548 2230 1783 2300 quadam
1817 2229 1987 2282 utitur

421 2330 477 2383 in
519 2329 750 2396 iisquae
797 2327 853 2380 in
905 2327 1024 2395 ipso
1057 2325 1290 2394 spectari
1335 2323 1532 2387 solent,
1563 2320 1882 2392 aproximis
1927 2334 1990 2374 ac

423 2420 613 2490 primis
635 2417 778 2473 facto
805 2417 1048 2472 exordio.
1080 2416 1170 2470 Sic
1201 2413 1597 2486 igitur-incipit,
1620 2413 1859 2480 Domine,
1879 2422 1984 2467 etc.

2331 1689 2645 1752 Ἀθανάσιος
2679 1690 2853 1744 δὲκαὶ
2886 1690 3186 1752 Βασίλειος,
3220 1691 3268 1742 οἱ
3311 1689 3536 1760 μεγάλοι
3564 1691 3679 1741 Πα-

2095 1779 2270 1848 τέρες,
2308 1781 2470 1848 φασίν
2489 1797 2501 1810 ·
2535 1781 2614 1833 ὅτι
2640 1780 2823 1834 τοῦτον
2847 1780 2960 1852 ᾄδει
2989 1781 3077 1834 τὸν
3101 1780 3311 1850 ψαλμὸν
3351 1783 3379 1834 6
3411 1780 3574 1833 Δαυῒδ
3597 1784 3679 1832 διδ

2093 1869 2326 1934 δάσκων,
2357 1869 2408 1922 τί
2451 1870 2516 1923 ἂν
2565 1871 2845 1942 ἄνθρωπον
2893 1872 3300 1942 παρασκευάσοι
3354 1872 3451 1942 τῆς
3500 1889 3676 1941 μακα-

2100 1959 2217 2031 ρίας
2251 1960 2466 2029 ἐκείνης
2497 1962 2680 2030 τυχεῖν
2727 1959 2949 2029 λήξεως.
2997 1962 3088 2014 Διὸ
3129 1962 3221 2016 τὸν
3265 1961 3466 2014 τέλειον
3494 1964 3624 2031 ἡμῖν
3650 1963 3676 2013 6

2093 2052 2250 2120 λόγος
2298 2052 2609 2124 ὑπογράψαι
2657 2051 2993 2122 βουλόμενός,
3024 2053 3115 2106 τὸν
3147 2053 3254 2105 τῶν
3289 2053 3676 2124 μακαρισμὼν,

2097 2144 2474 2214 ἐπιτυγχάνειν
2505 2143 2783 2214 μέλλοντά,
2815 2141 2965 2208 τάξει
2998 2146 3105 2197 τινὶ
3145 2146 3240 2198 καὶ
3266 2145 3369 2214 ὁδῷ
3402 2146 3509 2197 τῶν
3548 2144 3676 2214 περὶ

2096 2234 2258 2288 αὐτὸν
2301 2235 2688 2306 θεωρουμένων
2739 2236 3099 2306 χρησάμενος,
3125 2237 3234 2290 ἀπὸ
3263 2236 3370 2289 τῶν
3411 2254 3676 2308 προσελιά

2097 2323 2302 2395 στέρων
2350 2325 2442 2377 καὶ
2476 2323 2707 2395 πρώτων
2750 2325 2849 2395 τὴν
2881 2325 3054 2395 ἀρχὴν
3080 2325 3676 2397 πεποίηται.Ἀρχόμε-

2093 2432 2183 2477 νος
2211 2410 2302 2467 οὖν
2332 2431 2493 2485 φησι*
2521 2416 2718 2482 Κύριε,
2745 2423 2846 2470 etc.

973 2532 1199 2586 Rursum
1230 2532 1281 2584 in
1303 2530 1493 2601 psalm.
1523 2545 1593 2583 xv
1619 2530 1713 2582 illa
1750 2529 1921 2591 verba,
1955 2527 2216 2583 (Sanctis
2247 2529 2336 2597 qui
2371 2537 2491 2581 sunt
2518 2529 2572 2581 in
2603 2538 2761 2594 terra,
2792 2549 2810 2581 ›
2838 2539 2960 2596 etc.,
2992 2547 3040 2584 υ.
3064 2531 3113 2584 5.

488 2629 832 2683 Athanasius.
878 2627 1106 2682 Sanctos
1140 2641 1258 2681 esse
1306 2626 1381 2679 ait
1432 2625 1539 2692 hic,
1569 2625 1660 2694 qui
1700 2625 1752 2676 in
1785 2623 1988 2693 Spiritu

423 2731 549 2777 sunt
589 2721 915 2775 sanctiﬁcati
960 2739 972 2773 :
1007 2717 1213 2772 Christi
1251 2733 1375 2770 vero
1410 2726 1632 2780 terram,
1665 2715 1986 2772 Ecclesium.

420 2809 554 2864 lliud
577 2826 724 2875 vero,
757 2808 1080 2878 Miriﬁcasti,
1112 2822 1233 2875 pro,
1267 2805 1586 2869 Declarasti,
1619 2805 1856 2873 ponitur.
1888 2802 1986 2858 Vo-

422 2905 655 2957 luntatcs
704 2917 866 2971 porro
913 2901 1082 2969 ipsius
1110 2898 1286 2952 Patris
1317 2898 1584 2968 intelligit.
1616 2895 1686 2951 Ut
1715 2898 1987 2952 universo-

422 3011 544 3048 rum
576 2994 665 3047 hic
690 2994 759 3046 sit
786 3007 980 3046 sensus
1012 3009 1024 3045 :
1052 2989 1124 3044 Iis
1145 2991 1240 3059 qui
1268 2990 1322 3042 in
1351 2989 1456 3044 ﬁde
1487 2988 1809 3044 sanetiﬁcati
1836 3000 1985 3056 sunt,

420 3085 693 3155 cognitam
746 3081 977 3136 reddidit
1024 3081 1354 3135 voluntatem
1384 3080 1581 3134 Patris.
1611 3079 1773 3134 Potes
1808 3090 1991 3134 tamen

420 3176 568 3229 hunc
608 3188 824 3228 versum
869 3173 949 3226 sic
994 3171 1324 3241 intelligere:
1359 3169 1720 3224 Admirabiles
1762 3171 1994 3224 reddidit

419 3265 564 3320 Deus
609 3273 828 3320 sanctos
874 3278 1022 3318 suos.
1067 3260 1288 3328 Quare?
1330 3261 1467 3327 Quia
1520 3262 1824 3315 voluntates
1871 3260 1991 3331 ejus

419 3371 610 3413 omnes
644 3357 698 3410 in
733 3356 862 3426 ipsis
889 3363 1063 3419 erant,
1099 3362 1153 3407 et
1177 3353 1245 3406 ab
1280 3353 1413 3422 ipsis
1445 3353 1834 3422 implebantur.

2168 2622 2281 2692 (58)
2315 2621 2676 2688 Ἀθίινάσιος.
2709 2624 2918 2691 Ἀγίους
2948 2619 3086 2676 εἷναί
3113 2641 3272 2693 φησιν
3293 2625 3528 2678 ἐνταῦθα
3547 2628 3672 2690 τοὺς

2095 2712 2457 2784 ἡγιασμένους
2501 2717 2556 2766 ὲν
2602 2715 2876 2785 Πνεύματι
2895 2731 2912 2747 ο
2939 2715 3172 2787 Χριστοῦ
3203 2715 3259 2768 δὲ
3289 2717 3391 2786 γῆν
3415 2718 3513 2787 τὴν
3552 2719 3673 2771 Ἐχ-

2095 2807 2318 2879 κλησίαν
2333 2825 2344 2836 ·
2365 2809 2518 2878 τὸεδὲ,
2536 2789 3053 2878 Ἑθαυλιάστωσας,
3076 2810 3193 2862 ἀντὶ
3219 2809 3334 2873 τοῦ,
3365 2810 3672 2878 Ἐφανέρω-

2095 2916 2210 2962 σας.
2267 2899 2557 2970 Θελήματα
2605 2898 2661 2952 δὲ
2711 2901 2871 2953 αὐτοῦ
2901 2900 2993 2953 τοῦ
3025 2901 3235 2972 Πατρός
3255 2917 3268 2933 ·
3299 2902 3362 2952 ἵν’
3458 2902 3519 2953 τὸ
3553 2901 3673 2954 ὅλον

2089 2989 2259 3042 οὕτωσ
2285 2990 2408 3054 Τοῖς
2433 2991 2782 3062 ἡγιασμένοις
2808 2995 2863 3044 ἐν
2892 2993 3071 3045 πίστει
3095 2991 3332 3061 γνωστὸν
3361 2993 3584 3063 ἐποίησε
3611 2991 3672 3045 τδ

2091 3080 2299 3151 θέλημα
2322 3080 2414 3133 τοῦ
2444 3082 2672 3152 Πατρός.
2703 3083 2813 3154 Νοή
2824 3099 2934 3145 σεις
2960 3083 3016 3135 δὲ
3035 3083 3126 3135 τὸν
3153 3081 3330 3151 στίχον
3355 3083 3450 3133 καὶ
3469 3081 3665 3144 οὕτως·

2101 3169 2518 3241 Ἐθαυμάστωσε
2548 3172 2674 3235 τοὺς
2701 3172 2888 3240 ἁγίους
2931 3174 2958 3225 6
3001 3172 3153 3234 Θεὸς.
3185 3171 3281 3223 Διὰ
3312 3172 3392 3233 τίς
3431 3171 3579 3223 Διότι
3603 3171 3673 3223 τά
3750 3231 3756 3236 ,

2091 3261 2368 3334 θελήματα
2413 3263 2576 3316 αὐτοῦ
2606 3263 2782 3318 πάντα
2811 3263 2870 3316 ὲν
2895 3263 3075 3325 αὐτοῖς
3103 3259 3263 3332 ἦσαν,
3290 3262 3384 3315 καὶ
3417 3263 3548 3331 παρ’
3579 3264 3672 3315 αὑ-

2088 3354 2202 3415 τοῖς
2233 3353 2490 3420 ἐγίνοντο.

1498 3471 1682 3524 Adhuc
1721 3470 1788 3523 ad
1818 3469 2210 3538 inscriptionem
2247 3470 2390 3539 psal.
2422 3473 2581 3524 xvin.

491 3588 832 3646 Athanasius.
868 3585 1316 3655 Quandoquidem
1363 3584 1534 3639 David
1579 3585 1685 3639 hoc
1729 3585 1850 3639 loco
1891 3599 1984 3638 ca-

419 3677 519 3739 nit,
551 3684 610 3730 ut
638 3684 691 3730 et
722 3675 777 3727 in
794 3673 1184 3742 xxlnpsalmo,
1209 3688 1388 3727 rerum
1415 3672 1660 3727 omnium
1678 3672 1982 3742 opificium,

414 3765 765 3837 reprehendit
790 3781 904 3828 eos,
937 3765 1030 3835 qui
1061 3764 1326 3818 mundum
1357 3780 1388 3818 a
1418 3768 1597 3833 seipso
1637 3773 1691 3818 et
1719 3779 1852 3818 casu
1881 3779 1982 3818 ex-

419 3856 624 3910 stitisse
681 3856 888 3918 dicunt,
949 3863 1003 3908 et
1046 3855 1189 3908 nulla
1263 3855 1376 3924 regi
1418 3855 1758 3924 providentia
1803 3872 1818 3908 :
1865 3854 1985 3909 illos

419 3947 603 4012 etiam,
632 3947 724 4015 qui
763 3946 1007 4000 serviunt
1042 3955 1309 4002 creaturae
1351 3961 1463 4015 prae
1514 3945 1790 4000 Creatore.
1843 3945 1984 4010 Quid

419 4040 583 4109 igitur
611 4039 848 4108 loquitur
880 4038 948 4092 ad
971 4053 1065 4093 eos
1111 4038 1204 4107 qui
1235 4052 1300 4092 ex
1321 4037 1570 4108 gentibus
1597 4037 1776 4091 vocati
1801 4037 1964 4091 sunt?

2165 3583 2278 3655 (59)
2319 3583 2694 3650 Ἀθανάσιος.
2748 3581 3013 3637 Ἐνταῦθα
3067 3581 3249 3652 μέντοι
3290 3581 3319 3633 6
3359 3577 3672 3642 Aau‘iS,-‘di¢

2088 3674 2147 3726 ὲν
2186 3673 2266 3743 τῷ
2310 3675 2538 3743 εἰκοστῷ
2571 3674 2736 3745 τρίτῳ
2767 3672 2966 3742 ψαλμῷ
2989 3714 3002 3736 ,
3033 3671 3249 3741 ψάλλων
3277 3668 3344 3722 τὰ
3381 3671 3481 3738 τῆς
3508 3671 3672 3737 γενέ-

2090 3782 2245 3829 σεως,
2275 3767 2512 3819 αἰτιᾶται
2541 3769 2667 3830 τοὺς
2695 3767 2974 3836 αὐτόματα
2999 3765 3250 3831 λέγοντας
3273 3763 3570 3830 ὑφεστάναι
3596 3764 3670 3817 τὰ

2089 3857 2220 3909 ὄντα
2251 3856 2344 3908 καὶ
2382 3857 2691 3927 ἀπρονόητα
2719 3851 2878 3920 εἶναι,
2915 3858 3008 3907 καὶ
3037 3855 3159 3916 τοὺς
3187 3851 3550 3923 λατρεύοντας
3595 3855 3668 3921 τῇ

2089 3948 2262 4002 κτίσει
2297 3948 2448 4019 παρὰ
2473 3947 2562 4000 τὸν
2605 3947 2884 4001 κτίσαντα.
2931 3947 2997 3998 Τί
3030 3940 3122 4000 οὖν
3155 3946 3261 4016 ἄρα
3289 3946 3424 4014 φησὶ
3459 3945 3577 4008 τοῖς
3605 3945 3668 4010 ἐξ

2100 4036 2268 4089 ἐθνῶν
2295 4035 2690 4107 κεκλημένοις;
2729 4037 2817 4090 Sic
2851 4038 2924 4090 ibi
2957 4053 3111 4089 sensu
3133 4035 3466 4104 incomplete.

1076 4146 1212 4203 Item
1242 4150 1297 4202 in
1328 4149 1562 4218 ejusdem
1591 4148 1784 4218 psalmi
1818 4148 1972 4200 verba

2109 4187 2124 4214 ,
2173 4149 2294 4200 Οὐκ
2318 4145 2436 4202 εἰσὶ
2459 4150 2680 4217 imitat,
2704 4159 2829 4216 etc.,
2857 4165 2903 4204 υ.
2927 4149 2980 4202 4.

489 4267 658 4322 Porro
708 4269 766 4323 S.
813 4267 1045 4338 Cyrillus
1099 4275 1153 4321 et
1196 4269 1470 4341 maximus
1516 4267 1606 4320 ille
1653 4265 1987 4320 Athanasius
2020 4271 2064 4326 D

418 4375 516 4430 per
548 4361 768 4414 modum
803 4357 1249 4428 interrogationis
1296 4357 1508 4426 legunt,
1537 4357 1684 4426 quod
1714 4356 1802 4410 hic
1851 4356 1986 4410 dicio

422 4459 544 4502 tur:
577 4447 764 4503 Nonne
796 4459 917 4502 sunt
957 4449 1195 4518 loquelas,
1219 4457 1310 4501 aut
1345 4461 1626 4511 sermones,
1658 4461 1883 4515 quorum
1905 4461 1988 4498 vo-

418 4555 498 4593 ces
530 4556 632 4593 non
673 4540 956 4592 audientur
979 4540 1004 4592 .9
1041 4539 1198 4609 quasi
1237 4538 1383 4592 dicat
1410 4535 1616 4591 David:
1662 4534 1853 4590 Nonne
1883 4551 1984 4589 au-

421 4631 649 4686 diuntur
671 4632 835 4684 etiam
867 4640 1144 4685 mutarum
1194 4631 1308 4686 sive
1354 4644 1558 4692 rerum,
1614 4627 1728 4682 sive
1757 4642 1984 4696 operum

418 4737 580 4778 voces
622 4724 825 4794 absque
882 4737 1134 4778 sermone
1153 4731 1207 4777 et
1256 4723 1483 4792 lingua?
1510 4719 1674 4784 Sane,
1703 4720 1846 4774 dicat
1884 4720 1984 4772 ali-

417 4815 560 4885 quis.
587 4813 721 4868 Nam
759 4814 1218 4884 quemadmodum
1255 4814 1485 4869 textoris
1539 4814 1829 4868 artiﬁcium
1870 4814 1983 4868 cla-

419 4916 530 4960 mat
588 4907 734 4959 varia
780 4923 844 4961 ac
876 4907 1172 4963 versicolor
1205 4907 1407 4971 vestis;
1443 4920 1506 4960 ac
1542 4906 1716 4969 navis,
1774 4906 1829 4958 in
1873 4921 1982 4975 qua

419 4998 555 5051 nihil
587 4998 907 5068 reprehendi
949 5007 1145 5068 potest,
1184 4999 1434 5068 opiﬁcem
1482 5013 1642 5051 suum
1671 4998 1932 5067 pmdicat
1963 5016 1978 5063 ;

419 5095 634 5150 fabrum
662 5096 894 5165 denique
925 5095 1096 5164 ipsius
1122 5109 1258 5163 Opus
1288 5111 1301 5146 :
1343 5091 1423 5146 sic
1447 5100 1500 5146 et
1526 5101 1798 5157 creatura,
1823 5090 1980 5158 cujus

420 5189 749 5243 mentionem
802 5186 1064 5249 fecimus,
1096 5188 1197 5240 etsi
1233 5199 1486 5239 sermone
1523 5199 1589 5238 ac
1620 5183 1830 5238 ratione
1886 5182 1982 5237 dc-

493 5346 603 5415 (56)
645 5346 758 5400 Hoc
783 5352 1159 5415 argumentum
1205 5341 1456 5415 superius
1479 5336 1823 5415 praemittitur
1847 5334 1987 5415 psal-

422 5407 512 5470 mo
547 5407 666 5479 χιιι,
699 5417 792 5469 sed
824 5407 1003 5483 priora
1049 5413 1233 5478 verba,
1269 5407 1410 5464 κατὰ
1464 5407 1644 5479 μέντοι
1673 5407 1980 5474 ἀναγωγήν,

419 5486 493 5540 ibi
523 5486 734 5538 desunt.

491 5554 602 5620 (57)
641 5551 774 5607 Vide
805 5553 939 5621 psal.
961 5569 1080 5607 .xrv.

486 5619 603 5691 (58)
642 5623 764 5678 Ηιθο
790 5619 1038 5693 Ιὲίςιιηιιιι·
1063 5623 1127 5678 ad
1161 5638 1372 5680 versum
1403 5622 1435 5675 3
1474 5619 1608 5689 psal.
1645 5633 1731 5681 xv,
1761 5624 1812 5671 et
1848 5630 1974 5686 pau-

2160 4263 2273 4336 (60)
2308 4266 2366 4319 '0
2390 4265 2447 4318 δὲ
2480 4266 2633 4334 ἅγιος
2662 4263 2928 4336 Κύριλλος
2975 4265 3068 4317 καὶ
3099 4267 3127 4319 6
3157 4266 3459 4337 παμμέγας
3497 4267 3668 4321 Ἀθα-

2087 4356 2270 4421 νάσιος
2302 4358 2359 4410 ἐν
2384 4360 2648 4428 ἐρωτήσει
2681 4356 3108 4425 ἀναγινώσκουσι
3139 4358 3217 4423 τὸ,
3251 4361 3372 4415 Οὐκ.
3399 4360 3520 4412 εἰσὶ
3555 4364 3671 4414 ,ζα-

2086 4451 2230 4512 λιαὶ,
2267 4449 2408 4504 οὐδὲ
2435 4453 2624 4518 λόγοι,
2653 4443 2741 4502 ὧν
2786 4451 2921 4519 οὐχὶ
2965 4451 3328 4504 ἀκούσονται
3363 4453 3424 4504 αἱ
3466 4451 3667 4519 φωναὶ

2087 4541 2315 4606 αὑτῶν;
2336 4541 2609 4594 τουτέστιν
2633 4559 2645 4571 ·
2678 4537 2824 4612 τΑρα
2854 4543 2956 4594 οὐκ
2981 4543 3088 4594 εἰσὶ
3136 4544 3230 4594 καὶ
3258 4541 3365 4594 τῶν
3397 4541 3664 4610 ἀφώνων,

2087 4634 2120 4705 ἣ
2179 4634 2550 4706 πραγμάτων,
2593 4634 2626 4705 ἢ
2689 4633 2886 4704 ἔργων,
2917 4636 3091 4702 φωναὶ
3133 4635 3299 4706 χωρὶς
3349 4634 3509 4702 λόγου
3569 4637 3670 4690 καὶ

2089 4724 2369 4795 γλώττης;
2406 4725 2533 4787 Ναὶ,
2566 4725 2697 4795 φαίη
2725 4724 2790 4778 ἄν
2815 4743 2919 4788 τις.
2960 4729 3166 4796 Ὥσπερ
3195 4725 3302 4796 γάρ
3331 4725 3424 4778 τοῦ
3481 4727 3668 4795 ὑφάν-

2089 4835 2180 4871 του
2204 4817 2298 4888 τὴν
2332 4819 2525 4888 τέχνην
2576 4819 2609 4886 ἡ
2657 4818 3036 4880 πολυποίκιλος
3078 4817 3241 4888 ἐσθὴς
3291 4817 3515 4886 ἀναϐοᾷ,
3564 4820 3670 4871 καὶ

2087 4908 2177 4962 τὸν
2205 4909 2483 4978 ναυπηγὸν
2514 4911 2548 4977 ἡ
2581 4908 2916 4979 ἀδιαὸλήτως
2951 4908 3148 4977 ἔχουσα
3174 4907 3307 4970 ναῦς
3340 4909 3667 4978 ἀνακηρύτ-

2087 5019 2188 5064 τει,
2215 5002 2308 5054 καὶ
2333 5001 2419 5053 τὸν
2456 5000 2678 5071 σιδηρέα
2701 4999 2761 5051 τὸ
2787 4999 2945 5070 ἔργον
2965 4996 3128 5053 αὑτοῦ
3149 5016 3160 5025 ·
3191 4999 3333 5052 οὓτω
3355 5000 3448 5053 καὶ
3473 5001 3505 5069 ἠ
3537 5000 3664 5053 κτί-

2091 5088 2287 5163 σις,·ἧς
2317 5093 2516 5163 ἀρτίως
2535 5093 2612 5144 διε
2622 5109 2724 5162 μνη
2735 5090 3090 5162 μονεύσαμεν,
3114 5091 3325 5160 ἄφωνος
3348 5092 3465 5160 μὲν,
3485 5091 3664 5160 ἤγουν

2083 5185 2273 5253 ἄλογος
2293 5203 2305 5215 ·
2335 5185 2491 5237 λαλιά
2522 5185 2578 5237 δὲ
2608 5184 2796 5255 ὥσπερ
2825 5185 2993 5254 αὐτῆς
3032 5184 3093 5236 τὸ
3145 5183 3328 5251 θαῦμά
3365 5183 3503 5248 ἐστι,
3562 5187 3664 5238 καὶ

2081 5340 2191 5394 lum
2229 5348 2434 5393 mutata
2463 5348 2517 5393 et
2545 5339 2793 5392 auctiora
2822 5338 2914 5392 hic
2943 5346 3090 5392 sunt.

2152 5409 2261 5477 (59)
2299 5409 2422 5463 Haec
2472 5425 2580 5462 non
2631 5409 2885 5478 leguntur
2928 5409 2982 5462 in
3032 5407 3508 5477 Expositionibus,
3548 5407 3653 5464 sed

2082 5491 2210 5534 sunt
2237 5479 2531 5532 Athanasio
2546 5479 2729 5546 digna.

2149 5548 2258 5620 (60)
2289 5546 2420 5603 Vide
2443 5548 2573 5604 ibid.
2598 5547 2849 5617 superius
2880 5548 2947 5605 ad
2979 5563 3198 5605 versum
3235 5547 3288 5601 4.
