3880 6216
177 288 282 344 55η

1185 285 1616 342 FRAGMENTA
1652 287 2012 342 COMMENT.
2049 288 2125 342 'lN
2168 288 2512 346 PSALMOS.

3325 313 3331 320 ί
3353 290 3456 348 558

174 398 290 460 οἷον
313 406 466 476 φωνὴ
490 406 552 458 τὸ
576 405 770 467 κάλλος
801 403 897 456 καὶ
924 403 1164 468 εὐταξία.
1199 405 1272 457 Τὸ
1295 405 1404 477 γὰρ
1433 406 1682 476 διήγημα
1709 406 1766 458 τὸ

1880 407 2140 472 stituitur,
2193 408 2418 476 loquelae
2447 419 2627 461 tamen
2661 406 2832 461 instar
2868 406 2985 476 ipsa
3003 415 3106 470 est,
3133 406 3456 460 admiranda

175 498 432 570 οὐράνιον
465 499 561 552 καὶ
593 497 655 550 τὸ
687 499 837 567 ῥῆμα
866 497 924 550 τὸ
971 497 1122 568 παρὰ
1153 498 1252 566 τῆς
1299 498 1513 568 ἡμέρας
1561 497 1769 568 βοώμε-

179 605 269 640 νον
300 589 455 659 φωνὴ
492 589 592 658 μὲν
624 587 884 659 ἔναρθρος
928 589 1028 642 οὐκ
1075 588 1252 652 ἐστιν,
1300 587 1424 642 οὔτε
1476 589 1637 642 λαλιά
1683 589 1772 642 διὰ

181 681 451 750 στόματος
471 699 483 710 ο
517 681 832 734 διδασκαλία
851 681 908 732 δὲ
931 680 1078 745 θείας
1107 681 1390 752 δυνάμεως
1424 682 1633 750 γίνεται
1662 685 1772 745 τοῖς

180 773 398 825 ἐπαΐειν
424 773 813 842 ἐπισταμένοις
841 771 1130 841 σιωπώσης
1153 774 1356 842 φωνῆς.
1386 773 1533 842 Πλὴν
1558 773 1770 841 ἄφωνον

177 861 278 931 τὴν
316 861 495 914 κτίσιν
543 855 719 914 εἰπὼν
757 864 784 914 ὁ
813 861 995 922 Δαυῒδ.
1020 863 1333 932 ἀπέφηνεν,
1367 864 1449 916 ὃτι
1492 865 1627 933 μήτε
1668 863 1768 934 ἑμ-

179 967 369 1014 πνουςο
414 953 551 1020 μήτε
595 951 808 1020 λογικὴ,
858 950 1000 1002 κατὰ
1033 951 1093 1003 τὸ
1126 950 1317 1003 δοκοῦν
1348 953 1460 1013 τοῖς
1503 950 1769 1020 Ἑλλήνων

182 1050 388 1114 σοφοῖς.
413 1046 559 1098 Ζῶον
593 1045 702 1117 γὰρ
728 1041 868 1097 εἷναί
904 1062 1068 1113 φασιν
1093 1045 1151 1097 ἒν
1181 1045 1271 1098 τὸν
1319 1044 1611 1115 σύμπαντα
1641 1044 1770 1097 τοῦ-

178 1155 270 1191 τον
291 1139 499 1209 κόσμον
518 1156 532 1169 °
566 1139 678 1202 ζῶα
703 1139 758 1191 δὲ
791 1137 990 1209 ὁμοίως
1018 1139 1112 1192 καὶ
1138 1138 1208 1191 τὰ
1242 1139 1404 1209 μέρη,
1435 1139 1494 1203 ἐξ
1524 1132 1599 1191 ὧν
1633 1156 1772 1209 συμ-

184 1231 516 1302 πληροῦται.

1885 500 2058 568 ipsius
2093 501 2432 568 magnitudo,
2465 515 2678 570 voxque
2709 509 2793 555 est
2849 500 3050 553 eximia
3109 499 3284 569 ipsius
3337 500 3489 577 pul—ﬁ

1881 591 2134 646 chritudo
2181 602 2235 646 et
2293 592 2703 646 ordinatissima
2774 591 3084 661 dispositio.
3174 589 3490 652 leorum,

1881 698 2116 752 namque
2162 686 2427 746 narratio,
2480 685 2774 754 verbaque,
2829 700 2952 753 qua:
2999 685 3116 739 dies
3166 685 3409 754 loquitur
3442 668 3492 746 ,’

1883 770 2236 842 quantumvis
2284 791 2391 828 non
2439 785 2688 830 constent
2743 791 2877 830 voce
2935 777 3241 840 articulata,
3281 793 3460 845 neque

1881 865 2014 918 ﬁant
2054 866 2356 919 ministerio
2407 869 2559 931 oris;
2612 866 2806 921 docent
2840 877 3021 922 tamen
3061 869 3302 922 divinam
3362 884 3460 938 po-

1881 958 2104 1012 tentiam
2145 973 2258 1021 eos,
2295 959 2389 1022 qui
2421 974 2604 1012 vocem
2640 966 2845 1013 mutam
2904 960 3092 1014 audire
3143 976 3206 1014 ac
3261 961 3456 1014 intelli-

1881 1065 2009 1120 gere
2046 1059 2266 1104 norunt.
2307 1049 2632 1118 Quanquam
2661 1053 2825 1105 etiam
2862 1052 2966 1106 hoc
2993 1053 3227 1106 asseruit
3261 1050 3454 1115 David,

1882 1157 2004 1196 cum
2040 1151 2249 1196 mutam
2283 1145 2487 1198 diceret
2513 1153 2843 1208 creaturam,
2875 1145 3020 1213 quod
3059 1146 3318 1199 nimirum
3358 1162 3454 1198 ne-

1882 1249 1988 1302 que
2027 1234 2289 1298 animata,
2323 1250 2500 1304 neque
2561 1236 2843 1289 rationalis
2880 1237 2990 1299 sit,
3030 1245 3090 1288 ut
3139 1236 3452 1289 Grazcorum

180 1327 522 1396 sapientibus
568 1329 762 1396 placet.
822 1326 888 1380 Hi
923 1327 1182 1396 'namquc
1235 1327 1435 1380 animal
1479 1327 1754 1397 quoddam
1799 1344 1967 1381 unttm
2005 1345 2126 1384 esse
2155 1331 2345 1382 dicunt
2381 1331 2696 1384 universum
2743 1332 2889 1383 hunc
2927 1331 3227 1384 mundum:
3267 1331 3373 1383 imo
3403 1345 3454 1385 et

187 1429 377 1475 aa‘rtes
408 1419 548 1488 ejus,
571 1436 638 1475 ex
674 1420 874 1490 quibus
926 1427 1163 1484 constat,
1197 1420 1456 1473 animalia
1490 1420 1827 1474 existimant.

1418 1525 1556 1585 Item
1589 1534 1646 1586 in
1688 1533 1904 1587 titulum
1936 1535 2076 1603 psal.
2110 1550 2224 1588 χιι.

253 1652 369 1722 (6|)
422 1654 522 1716 Εἰς
559 1650 627 1704 τὸ
678 1650 852 1715 τέλος
902 1651 997 1703 καὶ
1040 1643 1192 1714 οὗτος
1241 1653 1269 1702 ὁ
1313 1649 1527 1720 ψαλμὺς
1571 1650 1761 1718 ἐπιγέ-
1798 1662 1838 1714 Β

178 1758 450 1817 γραπται,
489 1743 788 1815 μελλόντων
814 1744 975 1795 τινῶν
999 1742 1136 1812 ἔχων
1161 1744 1579 1814 προαγόρευσιν.
1613 1745 1770 1797 Κατὰ

190 1838 304 1908 γὰρ
333 1837 425 1888 τὸν
458 1835 630 1906 μέγαν
661 1835 998 1898 Ἀθανάσιον,
1025 1835 1241 1903 λέγεται
1276 1835 1374 1905 μὲν
1395 1839 1422 1888 ὁ
1453 1835 1666 1905 ψαλμὸς
1690 1836 1764 1899 ὡς

179 1930 247 1981 ἐκ
278 1927 573 1998 προσώπου
602 1927 710 1980 τῶν
745 1927 872 1998 περὶ
896 1927 986 1980 τὸν
1019 1927 1182 1980 Δαυῒδ
1214 1927 1466 1999 ἑταίρων,
1504 1927 1652 1998 αὐτῷ
1691 1927 1769 1996 τῷ

179 2017 348 2072 Δαυῒδ
381 2018 762 2089 ἐπευχομένων
789 2017 1029 2071 ποιοῦντι
1050 2017 1249 2071 Ὁυσῖαν
1287 2035 1300 2046 ⁶
1340 2017 1672 2088 ἀναφέρεται
1710 2017 1769 2070 δὲ

185 2111 281 2164 καὶ
315 2114 396 2174 εἰς
420 2112 713 2182 πρόσωπον
744 2111 852 2163 τῶν
887 2111 1224 2174 ἀποστόλων,
1248 2110 1323 2175 ὡς
1353 2111 1410 2162 ἐν
1455 2110 1640 2181 ἡμέρᾳ
1672 2109 1767 2162 τοῦ

181 2202 422 2276 σταυροῦ
452 2202 531 2273 τῷ
557 2202 780 2273 Χριστῷ
803 2203 1234 2273 συνευχομένων.

1940 1651 2234 1723 Inscriptio
2263 1657 2425 1708 etiam
2454 1656 2622 1725 hujus
2652 1657 2845 1726 psalmi
2879 1667 2983 1723 est,
3019 1657 3084 1710 In
3116 1657 3294 1726 ﬁnem,
3326 1658 3454 1726 quia

1881 1743 2190 1799 futurorum
2272 1748 2638 1815 quorumdam
2699 1749 3107 1817 praedictionem
3184 1749 3450 1803 continet.

1879 1835 2014 1888 Nam
2073 1837 2375 1890 secundum
2408 1854 2666 1908 magnum
2697 1840 2852 1892 illum
2902 1839 3288 1902 Athanasium,
3326 1841 3457 1893 dici-

1879 1938 1969 1982 tur
2016 1930 2103 1983 hic
2160 1931 2402 1997 psalmus
2464 1931 2516 1983 in
2578 1947 2810 1999 persona
2849 1931 3151 1985 amicorum
3208 1930 3456 1994 Davidis.

1878 2020 1982 2090 ipsi
2035 2020 2367 2074 sacriﬁcanti
2427 2023 2722 2076 astantium
2785 2023 3031 2091 beneque
3085 2024 3449 2091 precantium.

1876 2111 2089 2166 Referri
2112 2122 2290 2165 tamen
2325 2121 2501 2179 potest
2527 2114 2689 2166 etiam
2720 2113 2786 2166 ad
2815 2113 3114 2181 apostolos,
3146 2114 3237 2180 qui
3288 2111 3453 2165 Chri-

1875 2212 1981 2264 sto,
2021 2217 2145 2256 cum
2173 2199 2602 2270 cruciﬁgeretur,
2639 2216 2826 2271 preces
2857 2217 2986 2256 suas
3029 2201 3448 2271 conjungobant.

738 2315 810 2370 Et
837 2318 890 2370 in
924 2317 1063 2387 psut.
1101 2333 1273 2372 xxvm
1301 2317 1411 2371 haec
1451 2319 1628 2381 verba,
1667 2335 1686 2368 ‹
1723 2314 1793 2369 Et
1825 2323 2056 2370 conteret
2085 2313 2264 2368 cedros
2307 2313 2522 2381 Libani,
2553 2333 2570 2367 ι
2603 2323 2729 2381 etc.,
2761 2331 2808 2368 υ.
2842 2315 2892 2368 5.

251 2433 364 2505 (62)
389 2433 549 2488 Κατά
579 2435 638 2487 δὲ
664 2435 754 2488 τὸν
799 2424 984 2504 μέγαν
1012 2433 1348 2497 Ἀθανάσιον,
1378 2433 1558 2504 κέδροι
1597 2434 1768 2487 Λιϐά-

175 2545 274 2580 νου
307 2529 357 2579 οἱ
388 2526 580 2598 ὑῂλοὶ
611 2525 704 2579 τοῦ
749 2525 859 2578 τῶν
900 2525 1166 2579 Ἰουδαίων
1208 2523 1362 2589 λαοῦ,
1409 2524 1496 2577 διὰ
1527 2524 1588 2576 τὸ
1632 2525 1767 2578 ὦνο-

181 2615 393 2686 μάσθαι
450 2615 710 2678 πολλάκις
751 2616 810 2667 ἐν
840 2618 906 2686 τῇ
961 2615 1080 2686 θείᾳ
1131 2615 1323 2686 Γραφῇ
1374 2615 1606 2668 Λίϐανον
1665 2615 1766 2685 τὴν

186 2707 572 2779 Ἰερουσαλήμ.
619 2709 677 2760 Ὁ
719 2707 776 2760 δὲ
822 2708 1020 2778 μόσχος
1058 2707 1119 2758 τὸ
1158 2705 1546 2777 θυσιαστήριον
1592 2707 1760 2778 δηλοῖ.

177 2797 569 2865 Συντρίΰονται
597 2793 690 2852 οὖν
716 2798 868 2852 αὐτοί
901 2816 960 2851 τε
983 2799 1075 2850 καὶ
1104 2797 1165 2850 τὸ
1185 2799 1314 2869 παρ’
1349 2798 1531 2860 αὐτοῖς
1557 2799 1635 2860 εἰς
1675 2797 1764 2849 τέ-

175 2888 276 2952 λας
309 2887 716 2961 θυσιαστήριον.

1947 2434 2017 2487 At
2049 2433 2349 2489 secundum
2377 2448 2637 2501 magnum
2673 2432 3050 2496 Athanasium,
3081 2433 3226 2487 cedri
3255 2431 3450 2488 Libani

1880 2527 2138 2580 dicuntur
2168 2525 2555 2580 eminentiores
2591 2525 2643 2578 in
2677 2525 2876 2594 populo
2903 2519 3149 2588 Iudaico,
3177 2541 3243 2580 eo
3302 2541 3451 2594 quoa

1874 2617 2182 2675 Jerusalem
2211 2634 2450 2689 persaepe
2489 2618 2731 2672 Libanus
2770 2630 2994 2674 vocetur
3022 2620 3076 2673 in
3108 2635 3264 2674 sacra
3296 2619 3448 2676 Scri-

1875 2722 2056 2784 ptura.
2095 2712 2309 2768 Vitulus
2349 2729 2478 2767 vero
2529 2712 2801 2780 significat
2847 2714 3037 2766 altare.
3073 2712 3446 2768 Conteruntur

1881 2803 2050 2873 igitur
2079 2804 2134 2857 in
2169 2803 2330 2859 tinem
2362 2812 2416 2857 et
2450 2804 2551 2873 ipsi
2580 2801 2748 2858 Judaei
2786 2815 3054 2860 eteorum
3095 2807 3286 2861 altare.

532 3005 602 3058 At
624 3007 675 3060 in
703 3007 842 3076 psal.
875 3023 1061 3072 xxxiv,
1096 3007 1252 3061 verba
1290 3007 1416 3074 ista,
1451 3026 1470 3058 ‹
1508 3005 1575 3060 Et
1606 3009 1779 3060 oratio
1810 3023 1924 3060 mea
1954 3007 2010 3059 in
2031 3007 2206 3059 sinum
2247 3021 2438 3070 meum,
2474 3024 2490 3054 ›
2524 3016 2648 3070 etc.,
2693 3008 2933 3075 adnotat,
2966 3026 3012 3063 υ.
3044 3010 3129 3063 l5.

254 3122 369 3194 (65)
413 3121 572 3176 Κατά
604 3122 660 3176 δὲ
707 3123 799 3176 τὸν
827 3122 970 3176 θεῖον
1025 3123 1360 3189 Ἀθανάσιον,
1396 3125 1456 3177 τὸ
1487 3125 1766 3194 ἀποστρα-

1947 3122 2257 3178 Secundum
2289 3139 2417 3176 vero
2452 3123 2638 3177 divum
2693 3126 3072 3189 Athanasium,
3112 3125 3258 3194 quod
3289 3124 3449 3180 Chri—

174 3217 352 3288 φῆναι
386 3217 466 3278 εἰς
513 3215 711 3268 κόλπον
742 3215 840 3287 τὴν
886 3215 1029 3288 ὑπὲρ
1073 3217 1341 3270 Ἰουδαίων
1387 3216 1482 3269 τοῦ
1524 3215 1761 3287 Χριστοῦ

175 3308 494 3380 προσευχὴν
529 3309 861 3379 σημαντικὸν
892 3308 957 3361 ἂν
983 3308 1068 3379 εἴη
1103 3307 1198 3362 τοῦ
1227 3311 1577 3379 ἐναπομεῖναι
1619 3308 1766 3360 ἐκεί-

176 3419 310 3464 νους
340 3403 404 3470 τῇ
438 3401 703 3471 ἁμαρτίᾳ,
739 3402 834 3454 καὶ
869 3403 1034 3472 μηδὲν
1072 3402 1455 3472 ὠφεληθῆναι,
1488 3404 1552 3472 τῇ
1601 3401 1768 3471 ὑπερ-

179 3491 316 3562 ϐολῇ
347 3491 449 3560 τῆς
480 3491 736 3553 ἀπονοίας
756 3491 854 3562 τὴν
889 3492 1197 3564 προσευχὴν
1231 3491 1417 3564 ὥσπερ
1447 3491 1768 3562 ἀνακάμψαι

177 3585 541 3652 ποιήσαντας.
591 3582 648 3634 '0
681 3583 778 3652 μὲν
811 3583 918 3655 γὰρ
946 3584 1169 3655 Κύριος,
1222 3582 1442 3654 θεωρῶν
1472 3584 1564 3635 τὸν
1599 3600 1768 3636 κατα-

177 3676 491 3746 ληψόμενον
526 3676 720 3738 αὐτοὺς
760 3675 984 3748 ὄλεθρον
1011 3717 1025 3740 ,
1079 3681 1173 3731 καὶ
1225 3677 1322 3747 τὴν
1380 3676 1612 3748 ἐσχάτην
1662 3679 1767 3729 ἀπ-

178 3768 405 3831 ώλειαν,
443 3768 658 3821 ἐπένθει
691 3769 832 3839 ὑπὲρ
863 3769 1042 3822 αὐτῶν
1075 3786 1088 3799 ’
1122 3771 1169 3821 οἱ
1199 3770 1258 3822 δέ
1285 3768 1509 3822 τοιαῦτα
1567 3769 1766 3839 ἐπρατ-

177 3877 292 3922 τον,
320 3859 398 3922 ὡς
425 3859 523 3930 τὴν
561 3860 725 3930 εὐχὴν
756 3861 920 3914 αὑτοῦ
951 3861 1050 3931 τὴν
1091 3862 1230 3932 ὑπὲρ
1259 3860 1440 3914 αὐτῶν
1475 3861 1548 3932 μὴ
1581 3878 1760 3932 παρα-

178 3952 499 4022 πέμπεσθαι
533 3955 610 4016 εὶς
643 3954 710 4006 τὰ
750 3947 867 4007 ὦτα
914 3953 1009 4007 τοῦ
1042 3955 1276 4025 Πατρός,
1312 3953 1426 4006 ἀλλ’
1456 3953 1644 4024 ὥσπερ
1674 3954 1766 4006 ἀν-

175 4040 582 4111 τικρουομένην
607 4043 710 4094 ὑπὸ
743 4043 836 4095 τοῦ
885 4043 1149 4113 μεγέθους
1197 4043 1298 4112 τῆς
1358 4041 1537 4094 αὐτῶν
1574 4042 1764 4094 δυσσε-

177 4131 356 4193 ϐείας,
396 4130 756 4185 καθέλκεσθαι
787 4132 878 4185 καὶ
909 4132 1336 4202 ἐπαναστρέφειν
1395 4131 1528 4202 πρὸς
1580 4132 1760 4184 αὐτόν.

177 4223 273 4275 Διὸ
302 4222 458 4291 ἔλεγε
489 4238 502 4251 ·
534 4224 645 4277 Καὶ
675 4225 712 4290 ἡ
744 4223 1053 4292 προσευχὴ
1102 4242 1222 4292 μου
1250 4226 1336 4288 εὶς
1368 4224 1601 4275 κόλπον
1643 4241 1762 4290 μου

176 4314 737 4382 ἀποστραφήσεται.
767 4316 829 4368 Εἰ
863 4316 973 4385 γὰρ
1004 4315 1268 4380 σώζεσθαι
1299 4314 1520 4386 ἔμελλον
1545 4315 1638 4368 καὶ
1674 4331 1764 4384 με·

177 4407 437 4460 ταὸαλεῖν
463 4408 570 4459 τῶν
598 4406 981 4478 ἀσεϐημάτων,
1018 4405 1426 4478 εὐθυδρομοῦσα
1466 4408 1498 4475 ἡ
1529 4421 1761 4475 προσευ-

1873 3216 1940 3270 sti
1973 3215 2216 3285 precatio
2243 3229 2342 3284 pro
2377 3213 2580 3270 Jutiaeis
2635 3217 2689 3269 in
2745 3218 2925 3271 sinum
2961 3219 3080 3286 ejus
3136 3220 3447 3282 revertitur,

1875 3307 2106 3361 denotat
2134 3322 2230 3361 eos
2261 3315 2483 3376 peccato
2514 3322 2614 3362 suo
2641 3309 2960 3374 immanere,
2996 3326 3096 3364 nec
3149 3312 3446 3380 quidquam

1867 3397 2050 3467 juvari
2083 3414 2148 3452 eo
2175 3399 2319 3467 quod
2367 3398 2595 3453 insania:
2623 3417 2734 3454 suae
2763 3403 3148 3471 exsuperantia
3183 3403 3444 3466 cilicium,

1871 3498 1933 3543 ut
1960 3505 2150 3558 preces
2193 3489 2397 3544 Christi
2432 3492 2591 3558 quasi
2632 3503 2932 3547 retrorsum
2960 3494 3276 3548 ﬂectantur.
3331 3494 3442 3548 Do-

1870 3583 2053 3636 minus
2082 3582 2249 3646 enim,
2282 3597 2406 3636 cum
2442 3582 2742 3637 intueretur
2789 3594 3088 3639 extremam
3148 3587 3443 3654 perniciem

1870 3688 1991 3741 quae
2025 3672 2172 3741 ipsos
2205 3676 2667 3741 comprehensura
2689 3685 2826 3739 erat,
2853 3691 3090 3730 maerore
3126 3679 3329 3747 ingenti
3353 3693 3447 3732 eo-

1870 3777 1992 3816 rum
2023 3779 2191 3818 causa
2223 3764 2555 3819 afficiebatur
2593 3787 2604 3820 :
2645 3768 2746 3837 ipsi
2775 3783 2902 3822 vero
2932 3769 3057 3821 talia
3103 3770 3352 3838 agebant,
3387 3781 3448 3824 ut

1869 3870 2059 3925 preces
2092 3856 2297 3911 Christi
2327 3872 2423 3926 pro
2475 3859 2608 3926 ipsis
2644 3860 2961 3928 neutiquam
3007 3863 3446 3917 transmitteren-

1871 3955 1957 3999 tur
1978 3947 2044 4001 ad
2075 3961 2236 4001 aures
2267 3963 2438 4015 usque
2467 3945 2663 4011 Patris,
2692 3949 2785 4002 sed
2816 3965 3148 4016 repercussae
3178 3954 3445 4020 qu0ll1llll~

1868 4039 2033 4092 modo
2083 4055 2114 4092 a
2148 4039 2522 4109 magnitudine
2567 4041 2858 4108 impietatis
2900 4043 3142 4110 ipsorum
3198 4046 3446 4096 retrahi-—

1868 4139 2057 4185 rentur
2088 4145 2153 4184 ac
2195 4139 2593 4186 reverterentur
2629 4132 2693 4185 ad
2727 4131 3038 4187 Dominum.
3079 4132 3315 4204 Ideoque
3341 4137 3444 4189 aie-

1872 4224 1968 4276 bat
2002 4242 2013 4276 :
2052 4221 2121 4275 Et
2151 4225 2320 4276 oratio
2351 4241 2464 4277 mea
2494 4225 2550 4277 in
2579 4225 2753 4276 sinum
2780 4241 2950 4278 meum
2975 4237 3276 4279 revertetur.
3305 4225 3442 4282 Nam

1868 4317 1915 4369 si
1941 4316 2187 4370 salvandi
2222 4316 2453 4371 fuissent
2494 4328 2548 4372 et
2596 4319 2665 4372 ab
2717 4317 2994 4387 impietate
3028 4321 3378 4374 convertendi
3417 4362 3434 4384 ,

1867 4409 2183 4462 transiisset
2213 4409 2400 4478 utique
2456 4413 2697 4479 precatio
2733 4410 3035 4466 Salvatoris
3067 4421 3214 4467 recto
3247 4429 3436 4474 cursu,

176 4499 366 4570 ﬁeri?)
399 4499 655 4571 Σωτῆρος
706 4500 1000 4563 ἀκωλύτως
1050 4499 1114 4552 ἂν
1161 4501 1255 4552 καὶ
1301 4498 1760 4568 ἀπαραποδίστως

1880 4507 2036 4567 itque
2067 4515 2097 4554 a
2125 4501 2341 4555 nemine
2372 4502 2628 4571 impedita
2661 4503 2726 4556 ad
2756 4518 2915 4558 aures
2964 4519 3134 4572 usque
3183 4513 3439 4572 paternas

176 4594 273 4646 ἐπὶ
308 4592 380 4646 τὰ
411 4587 525 4645 ὦτα
557 4593 625 4646 τὰ
659 4592 902 4663 πατρικά
932 4593 1152 4664 παρῄει.

1867 4589 2210 4643 accessisset.

837 4706 899 4761 In
926 4708 1062 4778 psal.
1095 4722 1300 4761 xxxvul
1330 4707 1505 4768 verba,
1545 4724 1563 4756 ί
1602 4704 1792 4773 Utique
1829 4703 1885 4754 in
1919 4703 2150 4772 imagine
2174 4705 2410 4758 ambulat
2440 4705 2613 4769 homo,
2648 4725 2665 4757 ι
2699 4724 2743 4760 v:
2776 4707 2831 4760 7.

253 4823 367 4893 (64)
395 4825 549 4875 Κατά
579 4823 633 4876 δὲ
668 4824 792 4886 τοὺς
821 4824 958 4876 πάνυ
1001 4822 1315 4876 Ἀθανάσιον
1341 4823 1434 4875 καὶ
1465 4821 1755 4891 Κύριλλονο

189 4916 416 4986 Ἐπειδὴ
449 4917 508 4967 ἐν
533 4915 699 4969 εἰκόνι
730 4917 823 4968 καὶ
850 4916 948 4968 οὐκ
975 4918 1032 4968 ἐν
1061 4915 1288 4984 ἀληθείᾳ
1307 4915 1401 4967 νῦν
1434 4913 1755 4984 διαπορεύε-

179 5025 273 5061 ται
301 5005 331 5055 ό
361 5006 645 5076 ἄνθρωπος
666 5022 679 5034 °
711 5008 744 5076 ἡ
775 5007 884 5076 γὰρ
917 5005 1122 5076 ἀληθὴς
1164 5005 1275 5076 ζωὴ
1327 5005 1465 5058 κατά
1497 5005 1587 5056 τὸν
1631 5003 1759 5074 μὲλ-

177 5098 342 5150 λοντα
370 5097 540 5150 αῐῶνά
559 5099 705 5149 ἐστιν
726 5113 738 5124 ’
767 5096 989 5159 εἰκότως
1017 5097 1045 5148 ὁ
1068 5096 1286 5165 ψάλλων
1312 5098 1410 5167 τὴν
1433 5097 1616 5150 εἰκόνα.
1656 5114 1759 5166 μα-

175 5188 442 5256 ταιότητα
491 5189 808 5257 προσεῖπεν.
849 5187 1063 5256 Ἐπειδὴ
1111 5188 1170 5239 οὐ
1212 5189 1310 5257 τὴν
1345 5188 1605 5258 ἀληθινὴν
1661 5187 1756 5239 νῦν

180 5280 367 5350 ζῶμεν
401 5279 568 5346 ζωὴν,
617 5277 753 5330 ἀλλά
786 5276 881 5347 τὴν
923 5278 998 5340 ὡς
1039 5279 1096 5330 ἐν
1129 5279 1317 5337 εἰκόνι,
1354 5279 1474 5331 οὐδὲ
1508 5279 1636 5350 περὶ
1690 5281 1758 5333 τὰ

176 5371 346 5433 ὅντως
371 5370 553 5438 ἀγαθὰ
583 5370 884 5438 ποιούμεθα
911 5369 1006 5439 τὴν
1041 5371 1293 5440 σπουδὴν,
1327 5371 1404 5423 διὸ
1453 5372 1629 5440 μάτην
1663 5389 1758 5424 τα-

254 5548 368 5618 (6f)
399 5547 496 5614 Est
522 5557 902 5618 argumentum
927 5549 1124 5618 psalm.
1159 5565 1270 5602 xu.

278 5618 367 5684 6'2)
393 5619 632 5686 ﬂabetur
656 5620 785 5672 ibid.

278 5619 367 5684 6'2)
393 5619 632 5686 ﬂabetur
656 5620 785 5672 ibid.

254 5619 368 5757 E65)
397 5688 521 5744 llaec
549 5689 815 5745 habentur
837 5689 1053 5754 ibidem,
1084 5689 1176 5744 sed
1205 5688 1374 5745 multo
1409 5686 1685 5758 pauciora.

1943 4821 2220 4877 Sententia
2271 4839 2402 4879 vero
2455 4841 2774 4896 magnorum
2823 4827 3105 4885 Athanasii
3149 4841 3201 4885 et
3251 4831 3440 4900 Cyrilli

1870 4914 1986 4968 haec
2019 4924 2140 4968 est:
2178 4913 2631 4985 Quandoquidem
2665 4919 2827 4973 homo
2870 4936 3016 4976 nunc
3049 4940 3156 4977 non
3203 4925 3256 4978 in
3295 4929 3441 4982 veri—

1864 5014 1992 5068 tate,
2033 5007 2126 5060 sed
2160 5007 2213 5060 in
2243 5007 2479 5077 imagine
2506 5009 2854 5072 incedit,vita
2885 5012 3030 5066 enim
3064 5030 3190 5070 vera
3217 5017 3437 5071 denmm

1865 5099 1918 5150 in
1951 5097 2135 5152 futuro
2167 5097 2272 5151 erit
2305 5099 2526 5162 saeculo,
2562 5099 2764 5154 idcirco
2805 5101 3060 5158 fortassis
3087 5104 3301 5161 Psalles
3346 5125 3439 5162 va-

1863 5192 2084 5245 nitatem
2117 5189 2405 5260 appellavit
2436 5191 2752 5259 imaginem.
2784 5191 2921 5258 Quia
2958 5210 3086 5265 ergo
3116 5211 3220 5250 non
3252 5214 3434 5252 veram

1863 5282 1953 5337 hic
1980 5282 2218 5336 vivimus
2248 5283 2437 5341 vitam,
2497 5283 2588 5336 sed
2644 5284 2826 5344 talem,
2863 5301 2984 5352 quae
3029 5295 3112 5338 est
3166 5287 3320 5354 quasi
3381 5289 3433 5340 in

1864 5375 2119 5444 imagine,
2149 5388 2324 5444 neque
2357 5374 2505 5428 circa
2539 5389 2665 5428 vera
2698 5376 2837 5429 bona
2871 5390 3175 5439 versamur,
3231 5377 3433 5431 ideirco

1934 5556 2044 5626 (δι)
2077 5557 2408 5624 Expressum
2449 5571 2510 5612 ex
2550 5556 2993 5625 interpretatione
3050 5556 3213 5610 hu'us
3260 5559 3431 5616 versi-

1861 5629 1988 5695 culi,
2027 5645 2208 5697 supra.
