3880 6216
399 265 505 320 559

1244 261 1305 322 S.
1343 261 1714 319 ATHANASII
1750 263 1903 320 OPP.
1948 261 2128 320 PARS
2167 263 2256 319 Ill.
2297 292 2369 304 -
2408 260 2819 317 EXEGETICA.

3567 264 3673 321 560

411 383 616 437 frustra
648 384 1041 438 conturbamur
1088 380 1232 436 circa
1261 381 1535 435 mundana
1578 382 1849 436 desideria
1881 398 1982 437 nos

2089 381 2405 452 ρασσόμεθα
2450 379 2578 448 περὶ
2613 376 2885 446 κοσμικὰς
2939 375 3239 447 ἐπιθυμίας
3287 374 3671 447 στρεφόμενοι,

414 475 712 541 volventes,
740 490 804 530 ac
835 483 1190 544 congerentes
1241 473 1552 536 thesauros,
1585 489 1821 541 quorum
1879 473 1982 526 ha:-

401 564 563 621 redes
583 563 801 621 futuros
835 565 1248 624 nonnovimus.

2089 477 2182 527 καὶ
2214 474 2540 542 συνάγοντες
2581 472 2888 544 θησαυροὺς
2923 463 2999 524 ὧν
3048 469 3148 522 οὐκ
3183 470 3341 539 ίσμεν
3381 468 3513 531 τοὺς
3554 466 3673 521 διοι-

2089 565 2300 635 δόχους.

1111 681 1176 736 1η
1209 681 1304 735 illa
1334 683 1488 736 verba
1515 683 1656 752 psal.
1692 697 1804 746 xu,
1839 701 1857 733 ι
1900 681 2359 748 Quemadmodum
2391 684 2658 738 desiderat
2697 699 2896 737 cervus.
2929 700 2948 734 ν

472 800 544 855 At
574 800 876 855 secundum
907 815 1135 870 magnos
1163 799 1527 854 Athanasium
1566 807 1622 854 et
1663 797 1930 869 Cyrillum
1965 817 1978 852 :

404 892 543 958 Quia
583 892 637 946 in
670 893 920 961 proxime
961 892 1300 962 praecedente
1347 891 1559 960 psalmo
1615 905 1681 943 ex
1743 905 1978 960 persona

401 984 606 1038 Christi
638 984 706 1038 ad
755 983 974 1038 Patrem
1022 985 1139 1038 haec
1172 983 1318 1037 dicta
1349 991 1478 1037 sunt
1509 1001 1521 1034 :
1560 981 1755 1035 Excita
1793 998 1895 1047 me,
1931 991 1978 1036 et

401 1078 692 1131 retribuam
722 1077 852 1146 ipsis
889 1078 957 1143 ³³,
989 1075 1194 1130 idcirco
1231 1075 1320 1130 hic
1373 1074 1658 1129 Christum
1692 1074 1844 1128 cruci
1901 1073 1979 1127 af-

399 1170 685 1240 ﬁgentium
750 1186 982 1242 persona
1026 1169 1343 1236 inducitur,
1402 1169 1497 1238 qui
1563 1167 1979 1222 intolerabiliter

400 1263 755 1328 laborabant;
790 1279 914 1318 cum
941 1261 1294 1317 manifestum
1330 1261 1420 1324 sit,
1445 1277 1540 1316 eos
1568 1261 1784 1316 tandem
1821 1277 1978 1316 assu-

398 1353 628 1409 mendos
660 1368 802 1416 esse,
863 1355 1118 1417 insertos,
1164 1363 1222 1407 ut
1276 1353 1351 1406 ait
1403 1352 1607 1408 Paulus
1634 1354 1703 1418 ³³,
1742 1355 1980 1424 propria:

385 1445 548 1502 oleae.
584 1446 692 1501 Ista
733 1445 897 1516 igitur
921 1443 1088 1499 lsrael
1119 1444 1445 1514 resipiscens
1474 1445 1734 1515 loquitur.

2090 799 2276 869 51(65)
2309 799 2467 852 Κατὰ
2492 798 2549 852 δὲ
2597 799 2723 862 τοὺς
2755 799 3024 869 μεγάλους
3071 798 3387 853 Ἀθανάσιον
3421 799 3516 853 καὶ
3561 796 3677 852 Κῦ-

2091 892 2290 964 ριλλον*
2328 892 2590 962 Ἐπείπερ
2638 893 2695 943 ὲν
2729 891 2806 962 τῷ
2848 892 2956 963 πρὸ
2993 891 3185 944 τούτου
3230 891 3432 963 ψαλμῷ
3472 893 3537 944 ὲκ
3579 892 3675 944 τοῦ

2087 987 2340 1058 Σωτῆρος
2364 986 2499 1058 πρὸς
2527 986 2615 1038 τὸν
2639 985 2859 1057 Πατέρα
2879 986 3092 1056 εἴρηται
3116 1004 3130 1016 ·
3173 984 3549 1054 Ἀνάστησόν
3572 1002 3675 1055 με,

2087 1081 2185 1134 καὶ
2220 1078 2622 1133 ἀνταποδώσω
2651 1079 2876 1145 αὐτοῖς,
2925 1079 3020 1132 νῦν
3061 1079 3120 1132 τὸ
3163 1078 3274 1132 τῶν
3329 1080 3681 1152 ὲσταυρωκό-

2087 1190 2195 1226 των
2225 1173 2508 1225 ὑπόκειται
2535 1171 2845 1242 πρόσωπον,
2885 1172 2934 1225 οἳ
2968 1173 3300 1228 πεπόνθασιν
3335 1176 3622 1244 ἀνήκεστα
3658 1212 3677 1240 ,

2090 1265 2355 1336 προδήλου
2375 1265 2548 1332 ὄντος,
2576 1265 2652 1328 ὡς
2675 1265 2901 1336 ὕστερον
2920 1267 3454 1338 προσληφθήσονται,
3487 1269 3681 1334 ἐγκεν-

2089 1357 2420 1428 τρισθὲντες,
2455 1357 2531 1421 ὥς
2566 1375 2699 1429 φησι
2742 1359 2974 1423 Παῦλος,
3022 1363 3088 1431 τῇ
3128 1360 3232 1431 ἰδίᾳ
3275 1359 3453 1431 ἐλαίᾳ.
3487 1361 3680 1414 Μετα-

2089 1447 2376 1515 γινώσκων
2412 1443 2502 1502 οὖν
2528 1451 2557 1502 ό
2600 1448 2813 1520 Ἰσραὴλ
2838 1448 3012 1504 ταῦτά
3035 1467 3224 1520 φησιν.

1033 1556 1124 1612 Sic
1151 1575 1208 1611 tn
1243 1574 1418 1612 versus
1447 1566 1708 1612 seauentts
1740 1560 1916 1626 verba,
1953 1579 1972 1610 ι
2006 1559 2186 1616 Silieit
2211 1562 2391 1615 anima
2423 1577 2538 1615 mea
2563 1563 2633 1615 ad
2662 1562 2970 1618 Dominum.
3008 1581 3028 1615 ι

450 1673 753 1728 '-Atnanasn'
769 1680 819 1725 et
853 1657 1063 1741 Cyr-iiii.
1096 1637 1549 1740 Quandoquidem
1580 1673 1673 1742 qui
1698 1672 1977 1729 Christum

2117 1678 2134 1683 ’
2163 1679 2524 1733 Ἀθανασίου
2567 1679 2668 1733 καὶ
2715 1681 3043 1748 Κυρίλλου.
3091 1678 3408 1748 Ἀλγοῦντες
3459 1681 3555 1733 ἐπὶ
3605 1683 3673 1752 τῇ

396 1767 694 1820 iucrucem
733 1764 986 1830 tulerant,
1023 1764 1210 1819 dolent
1263 1764 1329 1818 de
1360 1780 1460 1819 suo
1491 1780 1621 1820 casu
1680 1780 1744 1819 ac
1783 1767 1974 1836 resipi-

396 1866 576 1920 scunt,
613 1856 815 1912 idcirco
854 1856 1064 1921 dicunt,
1102 1871 1160 1910 se
1211 1856 1364 1910 sitire
1406 1855 1598 1923 Deum,
1651 1873 1715 1911 ac
1744 1857 1975 1923 fontem,

394 1950 490 2022 qui
540 1950 683 2020 apud
732 1949 911 2019 ipsum
972 1957 1075 2013 est,
1113 1950 1472 2006 desiderare:
1507 1950 1574 2004 de
1625 1967 1733 2020 quo
1770 1951 1977 2006 dictum

395 2055 518 2103 est:
552 2045 694 2112 Quia
717 2045 857 2114 apud
883 2056 931 2098 te
964 2053 1040 2098 est
1078 2045 1196 2113 fons
1226 2045 1426 2099 vita".
1461 2045 1786 2100 Desideraut
1807 2046 1974 2101 etiam

393 2139 509 2193 Deo
559 2138 1020 2208 appropinquare,
1059 2136 1252 2192 aﬂ‘ectu
1305 2137 1512 2192 scilicet
1559 2147 1613 2192 ct
1665 2139 1978 2193 sanctiﬁca-

393 2234 546 2288 tione
571 2248 692 2302 quae
747 2240 829 2287 est
878 2247 972 2302 per
1028 2231 1188 2285 Iidem
1233 2231 1287 2284 in
1320 2231 1560 2285 Christo.
1612 2230 1678 2286 Et
1713 2246 1874 2301 quem
1907 2231 1974 2286 ad

393 2332 625 2378 mortem
683 2323 1020 2378 tradiderant
1076 2330 1241 2391 atque
1302 2322 1714 2390 interfecerant,
1770 2323 1976 2393 princi-

392 2430 537 2485 pem,
585 2417 832 2486 inquam,
869 2416 994 2469 vita:
1029 2424 1269 2479 nostrae,
1313 2415 1437 2469 eum
1483 2413 1758 2484 appellant
1799 2411 1974 2468 Deum

390 2509 684 2564 viventem.
715 2509 849 2562 illud
879 2524 1004 2563 vero
1031 2529 1045 2563 :
1099 2508 1325 2574 Quando
1378 2509 1625 2563 veniam?
1654 2505 1976 2562 desideran-
2011 2569 2048 2590 ,-

390 2600 527 2653 tium
565 2601 1054 2674 ‘cst_vocatiouem
1097 2599 1360 2661 futuram,
1390 2606 1443 2653 et
1486 2613 1819 2668 cognoscere
1875 2614 1975 2652 cu-

389 2669 913 2762 pientihmjempus
976 2693 1128 2758 illud,
1181 2692 1234 2746 in
1271 2708 1380 2762 quo
1417 2692 1580 2746 etiam
1639 2691 1744 2760 ipsi
1783 2705 1973 2745 coram

390 2780 531 2836 facie
563 2781 659 2835 Dei
685 2792 738 2836 et
763 2781 941 2836 Patris
966 2781 1334 2835 versabantur
1383 2779 1544 2852 (quae
1571 2780 1763 2834 eadem
1797 2779 1969 2836 etiam

389 2872 514 2926 Filii
564 2884 646 2928 est
661 2873 702 2944 ),

391 2966 646 3020 Avertam
679 2966 846 3030 enim,
878 2965 1077 3034 inquit,
1105 2965 1296 3019 oculos
1322 2979 1470 3020 meos
1497 2980 1528 3018 a
1561 2963 1734 3018 vobis.
1761 2963 1970 3029 Quam-

760 2872 1113 2943 quantumvis
1175 2889 1324 2926 nunc
1380 2873 1490 2927 sint
1545 2888 1576 2926 a
1622 2871 1732 2927 Deo
1769 2871 1968 2927 aversi.

389 3060 620 3115 obrem?
653 3058 847 3115 Manus
874 3059 1020 3114 enim
1057 3070 1250 3115 vestrae
1283 3059 1452 3128 plenae
1479 3066 1610 3113 sunt
1655 3058 1943 3129 sanguine.
1998 3055 2041 3114 C

2086 1769 2357 1824 ὲκπτώσει
2395 1772 2444 1823 οί
2485 1771 2796 1842 σταυρωταὶ
2826 1769 2920 1823 τοῦ
2969 1770 3174 1840 Κυρίου
3217 1770 3312 1823 καὶ
3357 1769 3673 1841 μεταγινώ-

2087 1878 2326 1925 σκοντες,
2361 1861 2521 1933 διψῇν
2553 1861 2772 1931 λέγουσι
2803 1861 2894 1914 τὸν
2924 1860 3080 1924 Θεὸν,
3108 1862 3201 1914 καὶ
3230 1861 3328 1932 τῆς
3359 1861 3491 1933 παρ’
3521 1861 3674 1932 αὐτῷ

2085 1954 2270 2024 πηγῆς
2298 1953 2615 2024 ἐπιθυμείν’
2649 1954 2777 2022 περὶ
2815 1945 2883 2024 ἧς
2925 1951 3173 2023 εἴρηται·
3207 1952 3338 2005 "Ott
3374 1953 3537 2020 παρὰ
3568 1953 3670 2007 σοι

2083 2045 2246 2114 πηγὴ
2297 2044 2468 2114 ζωῆς.
2523 2045 2634 2100 Καὶ
2685 2044 2939 2099 ποθοῦσιν
2985 2046 3154 2113 ἐγγὺς
3201 2043 3456 2113 γενέσθαι
3509 2042 3670 2108 Θεοῦ,

2082 2136 2226 2190 κατὰ
2264 2136 2504 2190 διάθεσιν
2532 2139 2626 2191 καὶ
2650 2137 2921 2207 άγιασμὸν
2946 2136 3036 2190 τὸν
3077 2137 3168 2190 διὰ
3210 2137 3450 2200 πίστεως
3481 2137 3585 2206 τῆς
3612 2139 3672 2189 ὲν

2081 2229 2324 2301 Χριστῷ.
2359 2231 2470 2283 Καὶ
2501 2215 2559 2282 ὃν
2589 2229 2943 2294 ἀπεκτόνασι,
2973 2229 3065 2282 τὸν
3099 2228 3341 2301 ἀρχηγὸν
3391 2228 3491 2298 τῆς
3523 2229 3674 2299 ζωῆς

2081 2319 2262 2392 ἡμῶν,
2298 2321 2392 2374 καὶ
2423 2319 2502 2390 τῷ
2529 2320 2743 2391 θανάτῳ
2776 2321 3123 2390 παρέδωκαν,
3157 2321 3344 2373 τοῦτον
3380 2321 3515 2373 Θεὸν
3549 2322 3672 2374 όνο-

2084 2417 2318 2488 μάζουσι
2345 2413 2523 2478 ζῶντα
2551 2411 2685 2484 (66).
2723 2412 2796 2466 Τὸ
2818 2413 2895 2476 δὲ’,
2931 2414 3083 2466 Πότε
3109 2412 3234 2477 ἢξω
3260 2428 3278 2474 ;
3326 2411 3672 2484 γλιχομένων

2082 2509 2176 2561 ἐπὶ
2209 2508 2307 2578 τῆς
2335 2509 2416 2570 είς
2450 2505 2678 2577 ὕστερον
2709 2505 2975 2576 κλήσεως,
3004 2507 3098 2558 καὶ
3124 2505 3432 2576 ζητούντων
3473 2505 3672 2575 μαθεῖν

2079 2601 2172 2656 τὸν
2206 2594 2420 2672 καιρὸν,
2455 2598 2576 2653 καθ’
2617 2597 2676 2651 ὃν
2717 2599 2810 2652 καὶ
2839 2597 2993 2651 αὐτοὶ
3037 2599 3300 2668 ἐμφανεῖς
3331 2598 3546 2652 ἔσονται
3574 2597 3669 2650 τοῦ

2081 2692 2379 2763 προσώπου
2407 2691 2500 2745 τοῦ
2529 2690 2665 2744 Θεοῦ
2701 2691 2793 2743 κα)⁵
2825 2691 3039 2762 Πατρὸς
3093 2691 3111 2760 (
3117 2691 3308 2744 ταυτὸν
3331 2690 3389 2743 δέ
3420 2692 3539 2742 ἐστι
3573 2690 3670 2744 καὶ

2079 2787 2157 2859 τῷ
2184 2785 2277 2840 τοῦ
2303 2785 2489 2857 Υἱοῦ)·
2519 2788 2567 2838 εἰ
2599 2785 2693 2837 καὶ
2721 2784 2816 2838 νῦν
2849 2786 2984 2840 εἰσιν
3018 2785 3076 2835 ἐν
3119 2783 3458 2854 ἀποστροφῇ.
3501 2784 3670 2836 Ἀπο-

2082 2881 2301 2952 στρέψω
2330 2878 2462 2948 γάρ,
2495 2878 2654 2949 φησὶ,
2682 2877 2808 2940 τοὺς
2861 2875 3174 2947 ὀφθαλμούς
3223 2892 3324 2946 μου
3365 2877 3458 2944 ἀφ’
3485 2875 3665 2946 ὑμῶν.

2078 2969 2181 3024 Διὰ
2208 2969 2292 3036 τί;
2321 2970 2387 3022 Αἱ
2410 2968 2518 3040 γὰρ
2550 2972 2731 3041 χεῖρες
2764 2967 2918 3038 ὑμῶν
2941 2969 3174 3038 αἵματος
3197 2968 3446 3038 πλήρεις.

1563 3171 1787 3226 'iursum
1832 3174 1888 3226 in
1931 3187 2138 3226 versum
2181 3179 2498 3242 sequentem.

463 3290 788 3346 Athanasius
820 3298 869 3343 et
901 3289 1158 3358 Cyr-illus.
1200 3287 1338 3353 Quia
1390 3287 1646 3342 Christus
1701 3287 1969 3357 praedixe-

386 3391 494 3447 rat,
525 3382 820 3451 inquiens:
855 3380 1085 3446 Quando
1132 3379 1382 3433 videritis
1414 3378 1811 3450 Jcrosolymam
1862 3381 1968 3434 cir—

388 3489 731 3530 cumsessam
768 3473 964 3528 castris
995 3474 1077 3537 '5;
1111 3472 1204 3525 ubi
1255 3471 1478 3525 verbum
1532 3470 1677 3525 istud
1730 3470 1784 3524 in
1831 3485 1969 3539 opus

393 3567 594 3637 erupit,
623 3566 886 3620 Romanis
912 3579 1032 3618 eam
1059 3564 1462 3633 diripientibus,
1498 3563 1775 3634 ejulabant
1803 3582 1814 3616 :
1863 3563 1971 3632 pri-

388 3677 539 3716 mum
568 3659 808 3730 quidem,
840 3657 987 3726 quod
1019 3664 1210 3711 contra
1237 3654 1408 3710 Deum
1435 3655 1843 3726 quodammodo
1872 3655 1968 3707 im-

388 3755 699 3824 pegissent;
731 3750 924 3806 deinde.
954 3749 1100 3820 quod
1149 3749 1482 3803 excidissent
1530 3764 1559 3802 a
1598 3749 1795 3810 salute,
1845 3761 1969 3816 quae

388 3849 458 3902 ab
484 3849 601 3916 ipso
637 3854 752 3912 est;
784 3844 944 3898 tertio
971 3843 1228 3912 denique,
1261 3842 1413 3910 quod
1443 3841 1605 3894 vieini
1636 3840 1783 3909 ipsos
1814 3838 1968 3891 inva-

387 3941 576 3994 dentes
604 3952 766 4008 atque
793 3935 1058 3992 conviciis
1088 3935 1418 3990 insectantes
1441 3933 1721 3990 dicerent:
1764 3931 1864 3985 Ubi
1887 3939 1966 3985 est

383 4031 524 4085 Deus
558 4031 716 4084 tuus?

2076 3293 2092 3338 ι
2149 3285 2260 3357 (67)
2327 3282 2674 3349 Ἀθανάσιος
2718 3282 2816 3336 καί
2879 3282 3198 3349 Κύριλλος.
3252 3280 3359 3334 Τοῦ
3412 3281 3668 3353 Σωτῆρος

2077 3379 2433 3452 προειπόντος
2457 3394 2470 3408 ·
2510 3377 2680 3430 Ὅταν
2727 3375 2871 3447 ἴδητε
2902 3375 3002 3445 τὴν
3048 3373 3408 3445 Ἰερουσαλὴμ
3440 3376 3667 3429 κυκλου-

2081 3471 2251 3543 μένην
2286 3469 2392 3523 ὑπὺ
2443 3467 2854 3540 στρατοπέδωψ
2904 3468 2994 3519 ὅτε
3042 3466 3181 3530 πρὸς
3231 3465 3392 3537 ἔργον
3442 3466 3602 3537 ἐξέϐη
3636 3467 3668 3518 ὅ

2079 3564 2258 3633 λόγος,
2306 3561 2594 3632 Ῥωμαίων
2643 3559 2847 3620 αὐτοὺς
2901 3556 3313 3628 πορθησάντων,
3362 3555 3668 3628 ἐθρήνουνδ

2078 3655 2294 3729 πρῶτον
2329 3652 2426 3724 μὲν
2456 3651 2531 3714 ὡς
2555 3647 3061 3721 προσκεκρουκότες
3092 3644 3211 3714 Θεῷ
3238 3661 3253 3675 ο
3288 3639 3410 3697 εἷτα
3441 3643 3518 3707 ὡς
3565 3645 3667 3714 τῆς

2076 3747 2135 3815 ἐξ
2169 3746 2334 3800 αὑτοῦ
2368 3744 2643 3816 σωτηρίας
2673 3739 3092 3801 ἐκπεπτωκότες
3113 3755 3127 3767 ·
3161 3739 3254 3790 καὶ
3299 3737 3484 3808 τρίτον
3506 3778 3522 3800 ,
3555 3737 3660 3788 ὃτι-

2076 3857 2184 3911 περ
2219 3836 2399 3901 αὐτοῖς
2428 3838 2477 3890 οἱ
2522 3835 2906 3904 ἀστυγείτονες
2945 3829 3368 3900 ἐπεμϐαίνοντες
3406 3829 3490 3893 τὸ,
3538 3827 3668 3882 Ποῦ

2075 3933 2246 3986 ἐστιν
2271 3933 2305 3985 d
2344 3929 2489 3994 Θεός
2519 3941 2676 3992 σονς
2705 3924 3054 3996 διασύροντες
3100 3921 3304 3990 ἔλεγον.

1608 4177 1674 4232 In
1706 4176 1960 4248 protentio
1983 4173 2123 4245 psal.
2155 4188 2267 4228 xui
2305 4169 2438 4242 (68).

449 4347 756 4403 Athanasio
786 4360 921 4401 vero
950 4343 1025 4398 illi
1053 4354 1253 4412 magno
1275 4339 1418 4395 idem
1452 4333 1822 4393 videtur'esse
1856 4336 1963 4389 hu-
1997 4340 2041 4394 ι)

377 4443 467 4512 ius
503 4441 698 4512 psalmi
729 4448 1108 4512 argumentum
1139 4442 1304 4504 atque
1354 4430 1730 4502 przecedentis.
1781 4430 1960 4483 Israe-

378 4535 489 4589 lita:
517 4533 662 4588 enim
695 4544 916 4585 rursum
939 4526 1232 4584 accedunt.
1257 4524 1514 4586 salutem,
1548 4536 1670 4591 qua}
1693 4535 1788 4589 per
1806 4517 1962 4573 Chri-

381 4637 526 4682 stum
563 4632 666 4688 est,
705 4622 1070 4693 postulantes.
1108 4616 1234 4671 ldeo
1289 4616 1646 4685 alloquuntur
1692 4612 1906 4666 Patrem
1941 4629 1953 4664 :

378 4719 581 4774 Emitte
616 4717 786 4769 lucem
822 4724 970 4767 tuam
1007 4721 1055 4765 et
1106 4710 1378 4765 veritatem
1412 4716 1582 4759 tuam.
1637 4702 1758 4774 Ipse
1811 4703 1956 4756 enim

377 4825 474 4864 eos
522 4808 576 4862 in
611 4815 861 4862 sanctum
893 4811 1134 4857 montem
1169 4801 1433 4855 ducturus
1488 4804 1644 4850 erat:
1712 4794 1816 4847 hoc
1847 4803 1952 4858 est,

376 4904 432 4957 in
470 4901 666 4956 cmlum
701 4908 754 4952 et
785 4911 1050 4966 supernas
1077 4895 1198 4948 illas
1225 4891 1537 4945 mansiones
1567 4889 1586 4957 (
1614 4902 1751 4956 quas
1784 4885 1952 4939 etiam

375 4969 726 5050 tabernacula
783 4987 1053 5060 appellat)
1090 4995 1142 5040 et
1198 4985 1264 5038 ad
1316 4983 1488 5036 altare
1537 4977 1951 5034 intellectuale:

376 5089 493 5156 ipse
517 5084 680 5139 etiam
713 5095 902 5135 eorum
929 5078 1331 5132 exhilaraturus
1358 5074 1725 5142 juventutem.
1754 5067 1953 5122 Juven-

376 5190 544 5233 tutem
576 5191 708 5230 vero
763 5171 999 5242 appellat
1043 5169 1305 5229 laetitiam,
1350 5174 1404 5220 et
1451 5172 1771 5220 renovatam
1810 5162 1953 5230 ipso-

374 5286 497 5326 rum
529 5271 790 5324 animam.
817 5264 972 5320 Unde
1002 5274 1053 5318 et
1086 5263 1410 5332 promittunt
1437 5273 1495 5312 se
1523 5256 1623 5326 ipsi
1659 5255 1710 5308 in
1735 5253 1945 5308 cithara

442 5451 486 5481 η
515 5448 658 5503 Psal.
685 5461 776 5512 χι,
809 5447 894 5498 lt.

442 5612 556 5680 (65)
586 5609 919 5680 Expressum
953 5622 1018 5660 ex
1055 5604 1502 5680 interpretatione
1537 5601 1700 5669 hujus
1725 5597 1939 5670 psalmi.

449 5675 560 5748 (66)
595 5675 716 5736 Haec
743 5680 1008 5737 habentur
1033 5693 1193 5746 supra
1219 5677 1282 5731 ad
1316 5675 1458 5729 hunc
1489 5688 1728 5730 versum,

2155 4329 2460 4400 Ἀθανασίῳ
2492 4326 2549 4380 δὲ
2578 4324 2657 4396 τῷ
2697 4321 2839 4378 πάνυ
2869 4322 2968 4393 τὴν
2997 4320 3170 4392 αὐτὴν
3222 4317 3481 4372 ὑπόθεσιν
3515 4317 3668 4389 ἔχειν

2069 4425 2148 4496 τῷ
2193 4419 2623 4494 προτεταγμένῳ
2653 4418 2748 4471 καὶ
2770 4418 2798 4469 ὁ
2832 4414 3020 4487 παρὼν
3040 4415 3188 4467 δοκεῖ
3213 4411 3447 4483 ψαλμός.
3478 4413 3667 4482 Προσ-

2071 4518 2320 4590 ἑρχονται
2370 4513 2478 4583 γὰρ
2509 4511 2671 4564 πάλιν
2709 4511 2758 4562 οἱ
2791 4509 2851 4573 ἐξ
2890 4506 3108 4578 Ἰσραὴλ
3135 4505 3233 4577 τὴν
3280 4505 3369 4558 διὰ
3413 4502 3666 4575 Χριστοῦ

2073 4608 2348 4679 σωτηρίαν
2403 4603 2732 4676 αἰτούμενοι.
2788 4601 2880 4654 Διό
2925 4617 3057 4670 φασι
3092 4599 3227 4668 πρὸς
3258 4598 3347 4650 τὸν
3378 4597 3607 4668 Πατέρα
3644 4613 3662 4628 ·

2083 4699 2553 4764 Ἐξαπόστειλον
2605 4695 2672 4748 τὸ
2721 4693 2847 4763 φῶς
2893 4708 3010 4747 σου
3037 4691 3134 4744 καὶ
3190 4689 3304 4757 τὴν
3360 4688 3666 4755 ἀλήθειάν

2064 4808 2202 4848 σου.
2239 4791 2411 4854 Αὐτὸς
2439 4791 2548 4860 γὰρ
2595 4789 2792 4850 αὐτοὺς
2845 4789 2924 4850 είς
2958 4786 3018 4838 τὸ
3053 4785 3206 4852 ἅγιον
3261 4783 3387 4854 ὅρος
3415 4783 3663 4848 εἰσάξειν

2064 4884 2286 4954 ἔμελλεο
2327 4881 2624 4944 τουτέστιν,
2667 4881 2746 4942 εἰς
2779 4878 2870 4930 τὸν
2914 4875 3142 4948 οὐρανὸν
3181 4876 3274 4927 καὶ
3307 4876 3388 4937 εἰς
3413 4872 3514 4935 τὰς
3543 4873 3666 4927 ἄνω

2067 4976 2233 5048 μονὰς
2259 4975 2344 5045 (ἃς
2367 4974 2462 5028 καὶ
2508 4971 2841 5043 σκηνώματα
2870 4968 3170 5039 ὀνομάζει),
3202 4969 3298 5020 καὶ
3323 4969 3403 5029 είς
3432 4966 3493 5018 τὸ
3523 4983 3663 5037 νοη-

2061 5070 2152 5124 τὸν
2187 5068 2603 5138 θυσιαστήριον
2638 5065 2733 5118 καὶ
2763 5063 2924 5123 αὐτὸς
2953 5060 3133 5113 αὐτῶν
3165 5059 3388 5130 ἔμελλεν
3423 5057 3664 5127 εὐφραί-

2062 5177 2175 5216 νειν
2200 5158 2295 5229 τὴν
2323 5157 2572 5225 νεότητα.
2609 5153 2856 5222 Νεότητα
2883 5152 2937 5204 δὲ
2969 5149 3125 5203 καλεί
3152 5149 3250 5219 τὴν
3285 5150 3658 5218 εὐφροσύνην,

2061 5252 2160 5322 τὴν
2187 5251 2282 5304 καὶ
2305 5246 2706 5318 ἀνανεουμέντπν
2739 5245 2919 5301 αὐτῶν
2964 5243 3062 5314 τὴν
3090 5241 3290 5313 ψυχήν.
3324 5239 3418 5292 Διὸ
3470 5241 3528 5292 ἐν
3570 5256 3662 5292 κι-

972 5444 1018 5474 ²³
1057 5444 1216 5495 Βοιιι.
1252 5455 1328 5502 x1,
1367 5437 1460 5490 ΞΗ.
1538 5433 1748 5490 "Psal.
1786 5447 1953 5497 xxxv,
1989 5431 2075 5485 10.
2120 5431 2165 5464 ²⁵
2194 5429 2326 5483 Luc.
2353 5443 2467 5493 XIX,
2500 5426 2590 5480 45.

2060 5603 2076 5640 .τ
2133 5595 2244 5666 (67)
2279 5594 2403 5666 lianc
2429 5610 2546 5666 non
2558 5590 2830 5649 habentur
2859 5588 3113 5660 supenius
3139 5587 3205 5646 ad
3235 5587 3381 5644 hunc
3400 5599 3661 5648 versum.

2130 5655 2240 5736 (es)
2279 5664 2411 5722 Vide
2441 5665 2572 5721 una.
