3880 6216
233 330 333 388 561

1256 334 1684 396 FRAGMENTA
1721 337 2076 396 COMMENT.
2119 335 2189 392 IN
2223 336 2562 392 PSALMOS.

3371 330 3378 336 ’
3389 338 3487 393 56!

233 446 373 517 θάρᾳ
404 446 794 518 ὑπισχνοῦνται
823 447 1154 522 προσφέρειν
1183 452 1332 523 αὐτῷ
1368 453 1466 524 τὴν
1492 455 1798 525 ἐξομολόγη

1920 451 2201 505 oblaturos
2248 448 2670 506 confessionem.
2723 447 2830 504 Per.
2862 447 3127 505 citharam
3167 462 3301 505 vero
3348 465 3486 520 saepe

234 550 340 590 σιν.
370 537 620 608 Κιθάραν
647 537 706 591 δὲ
734 538 994 602 πολλάκις
1019 540 1080 592 τὸ
1123 539 1283 612 σῶμα
1313 545 1452 595 νοεῖν
1486 542 1740 608 ἐδίδαξεν.

1921 558 2120 614 corpus
2155 542 2381 612 intelligi
2406 542 2612 598 docuit.

837 693 908 749 Et
934 696 988 748 in
1011 695 1247 766 ejusdem
1267 699 1462 766 psalmi
1484 700 1658 765 verba,
1691 718 1709 750 ι
1745 700 1881 763 Quia
1905 708 1961 753 tu
1992 715 2044 753 es
2072 701 2214 757 Deus
2247 699 2508 771 fortitudo
2536 696 2730 767 mea,'t
2758 714 2804 753 υ.
2839 699 2894 754 2.

307 848 422 922 (69)
453 851 819 917 Ἀθανάσιος,
852 853 1169 920 Κύριλλος,
1201 854 1587 922 Θεοδώρητος.
1619 853 1728 908 Kui
1756 856 1806 907 oi

229 942 295 996 ἐκ
317 946 617 1014 περιτομῆς
639 943 1136 1014 μεταγινώσκοντες
1151 947 1478 1018 κραταίωμα
1492 948 1698 1001 έαυτῶν
1715 947 1806 1000 τὸν

226 1035 362 1088 Θεδν
410 1036 838 1106 ἐπιγράφονταιο
872 1037 965 1090 xui
1013 1037 1067 1090 οἱ·
1107 1037 1166 1102 ἐξ
1211 1037 1382 1092 ἐθνῶν
1417 1038 1806 1102 πιστεύσαντες

225 1127 417 1180 τοῦτον
467 1128 620 1197 ἰσχὺν
676 1129 880 1180 ἑαυτῶν
921 1129 1194 1182 τίθενται·
1245 1131 1340 1182 καὶ
1371 1133 1418 1183 οἱ
1474 1130 1807 1200 αἰχμάλωτοι

225 1216 362 1286 παρ’
388 1215 546 1273 ἄλλου
581 1215 921 1288 λυτρωθῆναι
948 1218 1047 1271 οὐκ
1083 1218 1414 1282 ἐλπίζουσιν.

1984 855 2332 919 Athanasius,
2360 854 2619 924 Cyrillus,
2662 852 3040 907 Tlteodoretus.
3067 850 3134 907 Et
3157 854 3248 924 qui
3281 869 3346 909 ex
3380 854 3484 909 cir-

1909 947 2247 1003 cumcisione
2275 947 2630 1016 resipiscunt,
2680 943 2849 999 Deum
2884 943 3289 1000 ﬁrmamentum
3323 961 3485 1000 suum

1910 1037 2212 1105 appellant:
2238 1046 2291 1090 et
2320 1037 2412 1105 qui
2442 1050 2505 1090 ex
2546 1032 2795 1104 gentibus
2818 1071 2832 1096 ,
2875 1031 3053 1101 ipsum
3109 1033 3485 1088 fortitudinem

1912 1143 2067 1183 suam
2100 1127 2289 1182 dicunt
2318 1146 2331 1180 :
2372 1135 2427 1180 et
2455 1125 2550 1194 qui
2599 1124 2797 1194 captivi
2831 1135 2977 1188 sunt,
3011 1125 3080 1180 ab
3111 1125 3218 1182 alio
3247 1140 3306 1180 se
3350 1125 3486 1180 libe-

1912 1217 2115 1272 randos
2146 1233 2254 1271 non
2287 1225 2527 1285 sperant.

731 1374 867 1432 Item
898 1377 954 1431 in
989 1376 1094 1430 ista
1126 1375 1302 1440 verba,
1344 1397 1362 1428 ι
1399 1375 1700 1447 Conﬁtebor
1725 1376 1818 1430 tibi
1846 1376 1900 1428 in
1932 1377 2163 1442 cithara,
2196 1378 2361 1441 Deus,
2399 1375 2538 1429 Deus
2569 1392 2731 1441 meus,
2775 1395 2793 1428 ι
2821 1394 2868 1430 υ.
2902 1376 2958 1432 4.

312 1533 689 1601 Ἀθανάσιος,
716 1533 1034 1601 Κύριλλος.
1071 1529 1316 1601 Κιοάραν
1345 1531 1406 1583 τὺ
1448 1531 1606 1601 σῶμα
1633 1530 1798 1599 λέγει,

218 1623 288 1676 δι’
319 1617 380 1677 οῦ
409 1624 650 1692 πέφυκεν
691 1625 720 1676 ὁ
747 1622 869 1685 νοῦς
915 1620 1355 1692 ἀνακρούεσθαι,
1407 1620 1657 1692 καθάπερ
1713 1622 1799 1675 διὰ

1985 1530 2332 1595 Athanasius,
2367 1531 2621 1600 Cyrinus.
2653 1529 2931 1584 Citharam
2978 1532 3214 1601 appellat
3263 1549 3482 1604 corpus,

1909 1636 2017 1690 quo
2061 1637 2216 1676 mens
2255 1638 2348 1690 per
2399 1636 2594 1676 sensus
2646 1623 2804 1690 quasi
2834 1637 2929 1691 per
2955 1623 3191 1679 chordas
3221 1626 3481 1694 quasdam

218 1713 432 1785 χορδῶν
462 1713 570 1767 τῶν
597 1711 967 1783 αἰσθητηρίων
1003 1710 1266 1781 μελῳδίαν
1295 1710 1633 1780 ἀναπέμπων
1662 1710 1798 1780 Θεῷ.

1918 1715 2185 1769 :anticum
2217 1715 2326 1769 Deo
2353 1730 2572 1770 sursum
2599 1716 2784 1769 mittit.
2817 1714 3100 1784 Signiﬁcat
3149 1731 3278 1774 vero
3311 1717 3483 1772 citha-

219 1801 389 1871 Δηλοί
419 1800 476 1852 δὲ
507 1801 541 1870 ἡ
581 1798 780 1869 κιθάρα
821 1798 915 1850 xui
963 1798 1062 1866 τὴν
1097 1795 1362 1864 νέκρωσιν
1392 1796 1485 1847 τοῦ
1512 1795 1761 1865 σώματος
1786 1835 1800 1858 ,

218 1893 316 1945 xui
342 1892 440 1962 τὴν
455 1909 518 1943 συ
528 1889 895 1960 μφωνίαν-τῶν
915 1888 1144 1960 ἀρετῶν.
1166 1888 1276 1958 Τὴν
1303 1888 1401 1958 μὲν
1417 1887 1523 1960 γὰρ
1539 1888 1805 1959 νέκρωσιν

216 1984 278 2035 ui.
313 1984 523 2054 veupui,
547 1983 643 2054 τὴν
669 1983 724 2036 δέ
749 1982 1064 2053 συμφωνίαν
1099 1983 1155 2034 αἱ
1182 1981 1437 2052 ἁρμονίαι
1460 1983 1800 2037 αἰνίττονται.

217 2074 435 2138 1Ἐδειξε
457 2074 513 2126 δέ
534 2075 630 2146 τὴν
651 2074 748 2143 μὲν
765 2074 1096 2144 φαιδρότητα
1111 2077 1175 2144 τῇ
1199 2075 1295 2144 τῆς
1317 2074 1548 2146 κιθάρας
1564 2076 1807 2147 προσθή-

215 2178 314 2234 κῃ,
331 2162 428 2233 τὴν
447 2164 504 2216 δὲ
526 2164 744 2232 ἀγάπην
762 2164 819 2216 ἐν
835 2166 898 2234 τῇ
921 2165 1299 2234 προσφωνήσει
1313 2167 1378 2234 τῇ
1392 2164 1472 2227 δίς
1492 2164 1805 2235 ἐπαναλαμ-

213 2253 515 2326 ὗανομένηο
533 2254 594 2306 Ὀ
610 2254 752 2319 Θεὸς
766 2253 891 2324 γάρ,
907 2253 1090 2323 φησὶν,
1111 2257 1141 2307 ό
1161 2257 1304 2319 Θεός
1321 2255 1584 2323 μου.Ἴνα
1605 2255 1802 2328 μάθῃς,

210 2345 300 2397 ὅτι
321 2345 412 2396 τὸν
436 2346 527 2396 ἐπὶ
546 2345 762 2397 πάντων
781 2344 934 2409 Θεὸν,
953 2344 1138 2398 τοῦτον
1155 2344 1433 2416 ἐξαίρετον
1450 2345 1580 2400 Θεὸν
1601 2347 1687 2400 διὰ
1703 2346 1772 2418 ζῆ
1787 2377 1804 2388 -

211 2436 314 2488 λον
344 2436 440 2488 xui
467 2437 646 2488 πίστιν
683 2437 730 2488 oi
757 2438 821 2488 ἐκ
843 2435 1144 2508 περιτομῆς
1168 2435 1687 2506 μεταγινώσκοντες,
1709 2442 1805 2493 xui.

211 2528 272 2579 oi
305 2525 368 2591 ἐξ
401 2527 568 2581 ἐθνῶν
623 2527 968 2590 πιστεύοντες
1030 2528 1424 2599 ἐπιγράφονται
1464 2543 1477 2557 ⁸
1514 2524 1596 2593 οἷς
1629 2533 1724 2583 xui
1768 2533 1802 2601 ἡ

211 2619 568 2690 πνευματικὴ
594 2621 782 2688 νεότης
809 2619 1175 2690 εὐφραίνεται,
1201 2620 1588 2690 ἀντικειμένως
1607 2622 1805 2691 ἔχουσα

214 2710 367 2781 πρὸς
393 2710 483 2763 τὸν
527 2711 758 2764 παλαιὸν
784 2710 1088 2782 ἄνθρωπον.
1118 2711 1294 2775 Μόνος
1344 2712 1452 2784 γὰρ
1481 2715 1509 2766 ὁ
1535 2714 1805 2782 πνεύματι

213 2799 319 2852 καὶ
354 2800 662 2869 φρονήματι
690 2800 895 2863 νεάζων
924 2801 1199 2869 συγγενῶς
1233 2800 1310 2871 τῷ
1337 2802 1507 2873 καινῷ
1535 2803 1807 2877 ἀνθρώπῳ

208 2889 316 2942 καὶ
339 2893 406 2960 τῇ
435 2891 708 2961 καινότητι
733 2891 826 2944 τοῦ
846 2892 1150 2962 πνεύματος
1170 2893 1360 2946 εἴσεισι
1387 2895 1522 2966 πρὸς
1539 2896 1628 2949 τὸν
1651 2897 1803 2964 Θεὸν,

210 2980 314 3042 tiri
343 2983 706 3054 εὐφραίνοντα
733 2985 830 3056 τὴν
855 2987 1106 3058 τοιαύτην
1139 2988 1387 3056 νεότητα.

1908 1822 1988 1871 ra,
2023 1815 2137 1861 tum
2188 1808 2662 1862 mortiﬁcationem
2721 1807 2990 1877 corporis,
3021 1815 3135 1862 tum
3168 1823 3484 1864 consonan-

1909 1897 2038 1952 tiam
2075 1899 2362 1953 virtutum.
2393 1897 2528 1952 Nam
2575 1899 3077 1964 mortiﬁcationem,
3119 1901 3308 1954 nervi:
3351 1915 3484 1954 con-

1908 1991 2220 2046 sonantiam
2258 2007 2388 2046 vero
2449 1992 2751 2046 harmoniae
2777 1991 3032 2046 innuunt.
3074 1991 3484 2046 Demonstravit

1908 2091 2088 2136 autem
2126 2081 2458 2135 hilaritatem
2485 2082 2704 2151 quidem
2755 2081 3062 2149 adjectione
3092 2081 3349 2136 citharae:
3398 2081 3483 2136 di-

1907 2174 2194 2228 lectionem
2232 2181 2436 2236 autem,
2475 2175 2528 2227 in
2568 2174 2899 2228 allocutione
2947 2173 3041 2227 illa
3088 2173 3173 2227 bis
3229 2172 3478 2243 repetita.
3552 2217 3572 2238 ,

1905 2265 2041 2320 Nam
2090 2267 2312 2336 inquit:
2357 2266 2494 2319 Deus
2553 2264 2694 2318 Deus
2721 2282 2915 2318 meus:
2972 2274 3031 2320 ut
3085 2265 3266 2320 discas
3333 2265 3479 2335 quod

1907 2357 2077 2413 Deum
2113 2358 2288 2424 illum,
2317 2359 2408 2428 qui
2438 2374 2601 2427 supra
2635 2358 2816 2412 omnia
2847 2366 2950 2421 est,
2976 2359 3123 2411 hunc
3163 2357 3333 2410 Deum
3360 2355 3479 2410 exi-

1906 2451 2077 2504 mium
2131 2458 2352 2520 propter
2387 2449 2564 2503 zelum
2597 2457 2649 2502 et
2690 2448 2872 2514 ﬁdem,
2911 2448 3004 2517 qui
3062 2463 3127 2501 ex
3187 2446 3479 2502 circumci-

1907 2543 2060 2597 sione
2085 2543 2449 2612 resipuerunt,
2487 2551 2542 2595 et
2571 2541 2664 2610 qui
2701 2557 2766 2595 ex
2803 2541 3058 2610 gentibus
3088 2539 3478 2603 crediderunt,

1907 2633 2199 2702 appellant.
2247 2632 2458 2698 Quibus
2495 2631 2659 2686 etiam
2699 2630 3000 2700 spiritualis
3037 2630 3298 2698 juventus
3324 2628 3478 2681 lmta-

1907 2733 2018 2788 tur,
2045 2739 2360 2794 repugnans
2393 2723 2560 2776 veteri
2597 2722 2826 2778 homini.
2881 2722 2976 2775 llle
3017 2721 3161 2775 enim
3200 2720 3350 2775 solus
3385 2735 3479 2773 ac—

1907 2816 2052 2870 cedit
2075 2816 2140 2869 ad
2178 2815 2348 2868 Deum
2390 2813 2787 2868 exhilarantem
2849 2813 3116 2882 ejusmodi
3171 2813 3478 2882 juventam,

1908 2904 1999 2971 qui
2035 2904 2230 2972 spiritu
2267 2909 2320 2957 el.
2367 2910 2548 2956 mente
2593 2913 2890 2957 renovatur
2943 2902 3304 2958 consimiliter
3334 2915 3478 2956 novo

1909 2994 2120 3048 homini
2155 3003 2209 3048 et
2237 2989 2468 3048 novitati
2495 2993 2744 3063 spiritus.

1432 3145 1498 3198 Et
1529 3146 1580 3200 in
1615 3150 1863 3217 prooemio
1892 3148 2032 3218 psal.
2070 3163 2224 3203 mn.

316 3295 407 3364 70)
443 3294 603 3349 Κατά
634 3312 730 3366 μεν
752 3312 842 3349 τον
885 3296 1053 3367 μέγαν
1102 3296 1440 3362 Ἀθανάσιον,
1468 3299 1548 3352 ἔτι
1581 3301 1676 3353 xui
1713 3292 1798 3354 οὗ·

1982 3301 2291 3356 Secundum
2321 3302 2544 3373 quidem
2584 3317 2840 3374 magnum
2893 3301 3273 3367 Athanasium,
3317 3304 3479 3360 etiam

208 3405 311 3450 τος
343 3391 372 3440 ὁ
395 3387 607 3457 ψαλμὸς
659 3388 758 3458 τῆς
790 3388 960 3457 αὐτῆς
1005 3389 1310 3454 ὑποθέσεως
1362 3391 1563 3461 ἔχεται,
1616 3394 1713 3456 τάς
1745 3411 1804 3446 τε

210 3477 458 3540 παλαιάς
509 3479 826 3549 εὐεργεσίας
871 3479 1240 3551 διηγουμένων
1290 3483 1397 3536 τῶν
1437 3484 1495 3549 ἐξ
1564 3484 1797 3556 Ἰσραὴλ,

214 3569 741 3638 μεταγινωσκόντων
769 3570 865 3624 xui
891 3571 1297 3642 προσληφθῆναι
1326 3571 1618 3637 ἀξιούντων
1649 3575 1800 3645 παρὰ

209 3657 482 3728 Χριστοῦ,
516 3657 604 3710 διὰ
631 3658 689 3710 τὸ
719 3658 865 3729 αὐτῷ
901 3661 1301 3731 ἐπιγράφεσθαι
1327 3663 1426 3734 τὴν
1463 3662 1673 3726 ἐλπίδα,
1707 3665 1800 3716 καὶ

210 3751 313 3803 ἐπὶ
344 3750 421 3820 τῷ
451 3749 674 3819 ὀνόματι
710 3750 872 3803 αὐτοῦ
917 3751 1354 3822 ἐξομολογεῖσθαι
1380 3770 1392 3781 ’
1429 3754 1568 3806 κατὰ
1612 3755 1667 3810 δὲ
1710 3757 1800 3808 τὸν

211 3841 550 3914 χρυσολόγον
577 3842 813 3913 Πατέρα,
849 3860 906 3897 κ.
928 3861 980 3897 τ.
999 3843 1048 3896 λ.

1911 3391 2002 3447 hic
2032 3395 2276 3463 psalmus
2329 3395 2572 3464 ejusdem
2606 3394 2912 3464 argumenti
2970 3403 3054 3448 est
3101 3409 3224 3448 cum
3280 3410 3479 3464 praece-

1906 3484 2177 3548 dentibus,
2233 3499 2299 3540 eo
2333 3485 2480 3554 quod
2528 3493 2752 3538 narrent
2785 3483 3043 3538 lsraelitaa
3082 3492 3265 3538 vetera
3299 3483 3392 3539 Dei
3425 3485 3478 3540 in

1909 3592 1966 3631 se
1993 3576 2279 3638 beneﬁcia,
2314 3591 2376 3630 ac
2407 3577 2792 3644 resipiscentes
2822 3583 2981 3629 orent
3018 3577 3189 3646 recipi
3239 3591 3269 3629 a
3319 3577 3482 3630 Chri-

1908 3675 2017 3730 sto,
2050 3676 2334 3737 propterca
2398 3666 2544 3737 quod
2579 3681 2729 3734 spem
2787 3681 2942 3720 suam
2977 3666 3031 3718 in
3068 3667 3188 3736 ipso
3227 3677 3432 3735 ponant
3464 3705 3479 3728 ,

1911 3767 1964 3812 et
1995 3759 2202 3811 nomini
2255 3758 2430 3827 ipsius
2483 3759 2846 3812 conﬁteantur
2879 3770 2893 3808 :
2931 3766 2988 3809 at
3029 3757 3331 3810 secundum
3385 3773 3482 3812 au—

1910 3862 2036 3901 reos
2066 3861 2350 3901 sermones
2386 3845 2703 3900 fundentem
2736 3843 2972 3912 Patrem,
3013 3853 3118 3899 etc.

988 4001 1123 4058 Item
1153 4004 1206 4056 in
1242 4003 1341 4057 illa
1376 4005 1530 4059 verba
1565 4006 1821 4073 ejusdem,
1863 4024 1881 4056 ι
1914 4006 2232 4061 Conuertisti
2275 4022 2365 4060 nos
2399 4019 2703 4062 retrorsum.
2746 4026 2762 4046 η

279 4159 332 4229 (7
344 4159 360 4212 Ι
378 4161 393 4227 )
411 4159 775 4224 Ἀθανάσιος.
790 4157 1076 4227 Πάλαιμρη
1085 4158 1156 4220 ui,
1181 4175 1305 4211 συνε
1313 4162 1638 4230 στρατήγεις
1651 4161 1682 4230 ἡ
1693 4162 1802 4229 μίν·

220 4249 313 4306 δῦν
343 4251 401 4303 δὲ
436 4251 498 4303 οὐ
535 4251 692 4321 μόνον
722 4251 782 4302 οὑ
809 4249 1040 4320 συνέρχῃ
1073 4252 1224 4319 ἡμῖν,
1256 4249 1390 4302 ἀλλὰ
1415 4251 1507 4303 xui
1538 4251 1804 4320 ἀπέστρε-

210 4345 326 4412 ιξας
365 4343 512 4412 ἡμᾶς
538 4383 552 4406 ,
602 4341 697 4394 καὶ
741 4341 1002 4410 ἐσχάτους
1037 4341 1230 4406 ἔταξας
1279 4341 1482 4404 παντὸς
1533 4342 1793 4394 ἐναντίου·

208 4432 293 4497 ὡς
325 4436 421 4487 καὶ
479 4437 590 4497 τοῖς
639 4433 890 4505 μισοῦσιν
936 4435 1082 4505 ἡμᾶς
1133 4434 1386 4504 γενέσθαι
1436 4436 1516 4498 είς
1568 4436 1797 4508 διαρπα-

209 4528 342 4596 γήν,
420 4528 530 4578 Καὶ
583 4528 941 4598 περιέστηκεν
998 4528 1144 4597 ἡμᾶς
1190 4529 1222 4596 ἡ
1276 4527 1396 4578 τότε
1451 4527 1796 4596 κατασχοῦσα

213 4616 345 4679 τοὺς
374 4616 665 4686 πολεμίους
697 4617 948 4688 αἰσχύνη,
974 4617 1068 4670 καὶ
1096 4617 1398 4686 γεγόναμεν
1424 4616 1797 4688 ἡλαττωμένοι

212 4709 349 4778 παρ’
383 4708 608 4770 ἐκείνοις
657 4703 730 4760 ὧν
762 4707 1101 4778 ἐκρατοῦμεν
1125 4708 1184 4760 τὸ
1219 4707 1504 4778 πρότερον,
1535 4708 1628 4768 καὶ
1651 4707 1800 4778 διηρ-

212 4796 508 4866 πάσθημεν
539 4798 630 4849 ὑπ’
685 4797 865 4850 αὐτῶν
913 4796 1005 4860 οὓς
1055 4798 1458 4867 διηρπάσαμεν.
1511 4796 1695 4849 Ταῦτα
1741 4797 1798 4849 δέ

210 4905 382 4959 φησιν
427 4889 455 4940 ὁ
491 4889 647 4959 χορὸς
679 4890 706 4940 ὁ
738 4889 1074 4960 προφητικὸς
1115 4889 1256 4943 κατά
1297 4889 1388 4942 τὸν
1432 4889 1602 4959 μέγαν
1642 4889 1798 4942 Ἀθα-

211 4981 402 5033 νάσιον
433 4982 570 5047 (72),
598 4981 966 5052 οίκοιούμενος
1010 4981 1105 5035 τοῦ
1155 4981 1284 5035 λαοῦ
1329 4983 1426 5045 τὰς
1472 4983 1756 5053 συμφοράς
1785 4999 1798 5014 ο

212 5073 358 5126 κατὰ
388 5072 443 5124 δέ
467 5071 592 5136 τοὺς
619 5073 832 5138 ἄλλους,
865 5077 892 5128 ὀ
917 5074 1025 5126 τῶν
1054 5074 1431 5128 Μακκαδαίων
1473 5077 1723 5144 στρατός.

1991 4161 2334 4216 Athanasius.
2351 4160 2513 4227 Olim,
2530 4159 2726 4229 inquit,
2742 4158 2906 4214 simul
2922 4156 3204 4212 nobiscum
3221 4157 3284 4211 ad
3299 4157 3481 4228 praelia

1911 4254 2099 4307 exibas
2129 4267 2306 4307 :nunc
2331 4267 2458 4306 vero
2480 4267 2587 4305 non
2610 4250 2770 4304 modo
2799 4266 2908 4305 non
2937 4248 3190 4319 adjungis
3220 4258 3272 4302 te
3301 4248 3480 4313 nobis,

1907 4343 2000 4399 sed
2017 4350 2070 4398 et
2087 4343 2330 4399 avertisti
2353 4357 2474 4404 nos,
2497 4349 2550 4396 et
2568 4340 2849 4410 subjecisti
2879 4356 2980 4397 nos
2998 4340 3250 4395 omnibus
3283 4340 3482 4394 nostris

1903 4437 2156 4501 inimicis,
2175 4436 2309 4491 adeo
2322 4444 2383 4488 ut
2403 4436 2565 4489 etiam
2590 4434 2770 4505 praeda
2789 4433 2918 4488 facti
2937 4434 3109 4488 simus
3133 4432 3260 4485 odio
3279 4431 3481 4484 haben-

1903 4527 2049 4582 tibus
2070 4542 2193 4582 nos.
2240 4525 2665 4596 Comprehendit
2695 4523 2856 4579 etiam
2888 4540 2988 4579 nos
3026 4521 3483 4594 ignominia,quee

1903 4620 2032 4675 olim
2052 4618 2304 4674 inimicos
2325 4627 2546 4673 nostros
2564 4618 2799 4681 tenebat,
2821 4625 2874 4671 et
2893 4617 3102 4672 subacti
3122 4629 3313 4670 sumus
3329 4613 3397 4668 ab
3417 4615 3481 4668 iis

1905 4709 2103 4777 quibus
2117 4717 2241 4762 ante
2259 4693 2700 4773 dominabamur,
2719 4708 2914 4777 direpti
2936 4707 3171 4777 denique
3195 4721 3387 4761 sumus
3415 4705 3483 4758 ab

1908 4799 1975 4852 iis
2008 4813 2147 4868 quos
2173 4797 2519 4868 diripuimus.
2563 4797 2686 4854 Haec
2713 4813 2878 4868 porro
2901 4796 3064 4850 verba
3095 4810 3160 4850 ex
3213 4793 3482 4850 sententia

1909 4889 2414 4964 magniAthanasii
2460 4899 2588 4945 sunt
2637 4889 2791 4944 chori
2835 4886 3163 4958 prOphetici,
3197 4884 3482 4940 calamita-

1909 4993 1990 5036 tes
2023 4983 2210 5052 populi
2271 4984 2428 5053 quasi
2468 4983 2570 5037 sibi
2625 4982 2798 5036 factas
2851 4982 3202 5052 reputantis:
3260 4987 3321 5034 ut
3354 4991 3483 5032 vero

1909 5074 2032 5129 aliis
2063 5075 2261 5144 placet,
2295 5075 2570 5130 exercitus
2601 5073 3058 5128 Maehabaeorum.

851 5229 1080 5283 Rursum
1122 5230 1176 5282 in
1212 5229 1365 5284 verba
1395 5247 1412 5283 :
1447 5249 1465 5281 ε
1499 5229 1837 5284 Oblivisceris
1867 5230 2199 5300 paupertatis
2235 5241 2449 5296 nostrrr,
2490 5251 2509 5284 ›
2543 5242 2668 5295 etc.,
2703 5248 2750 5286 υ.
2781 5230 2872 5284 25.

290 5345 402 5415 ('75)
459 5346 820 5413 ’Aﬂardmoc.
871 5348 1066 5418 ’Ύπνῳ
1115 5349 1213 5417 μὲν
1260 5344 1352 5401 οῦν
1400 5347 1805 5419 παραϐάλλουσι

291 5506 401 5575 (69)
427 5503 574 5560 Nihil
607 5507 801 5561 horum
841 5506 1074 5562 habetur
1100 5507 1353 5577 superius
1386 5508 1453 5562 ad
1491 5509 1636 5564 hunc
1661 5525 1803 5581 psal-

219 5591 405 5718 ωιίἓῐθ.)
439 5647 761 5717 Hujusmodi
795 5661 1201 5718 argumentum.
1224 5650 1366 5718 quod
1402 5649 1614 5707 videtur
1665 5667 1796 5708 sane

269 5718 532 5784 thanasii,
568 5735 673 5775 non
713 5718 944 5773 habetur
976 5720 1026 5772 in
1062 5719 1511 5776 Exnosilionibus.

1987 5349 2339 5405 Athanasius.
2378 5350 2585 5406 Somno
2615 5352 2780 5422 igitur
2818 5355 3138 5419 comparant
3166 5346 3481 5400 diuturnum

1986 5511 2096 5582 (7i)
2121 5510 2245 5582 liazc
2262 5512 2513 5580 superius
2544 5511 2607 5563 ad
2632 5510 2776 5564 hunc
2805 5522 3046 5572 versum,
3069 5504 3160 5559 sed
3199 5501 3476 5571 pauciora.

1986 5583 2100 5649 (7'2)
2129 5581 2262 5636 Vide
2298 5583 2518 5635 ibidem.

1987 5645 2100 5722 (75)
2126 5651 2249 5709 Haec
2276 5653 2473 5709 desunt
2499 5654 2554 5706 in
2583 5645 3016 5720 Expositionibus
3048 5659 3232 5714 supra.
