3880 6216
469 333 572 390 563

1319 335 1375 390 s.
1419 333 1788 390 ATHANASII
1825 333 1977 388 ore.
2036 333 2215 388 PARS
2254 317 2454 389 iu."—
2495 313 2920 392 macerias?

3615 329 3716 386 564

459 453 556 506 Dei
595 449 931 513 dilationem,
981 437 1096 518 qua
1125 464 1258 502 usus
1303 459 1386 502 est
1437 465 1566 516 erga
1617 449 1859 517 ipsorum
1901 463 2028 516 pec-

2135 448 2228 518 τὴν
2267 448 2468 518 πολλὴν
2525 449 2722 520 ἀνοχὴν
2771 449 2866 501 τοῦ
2904 449 3036 502 Θεοῦ
3068 449 3134 519 ἢν
3183 447 3418 501 ἐποιεῖτο
3465 448 3554 502 διὰ
3615 452 3712 514 τὰς

461 547 604 594 cata.
633 535 933 590 Precantur
965 551 1116 600 vero,
1155 547 1214 590 ut
1243 537 1344 592 sibi
1377 539 1660 606 contingat
1687 539 1776 592 ille
1827 537 2032 593 Christi

457 633 743 694 adventus,
779 631 870 700 qui
926 631 1029 684 sub
1065 641 1304 685 extrema
1343 640 1590 700 tempora
1623 631 1844 686 futurus
1894 642 2030 696 erat,

457 739 526 778 ne
559 732 808 792 expertes
841 724 950 777 sint
983 723 1104 777 vita:
1125 763 1140 784 ,
1175 739 1300 792 qua:
1335 725 1402 778 ab
1433 725 1552 794 ipso
1600 732 1722 778 est:
1759 735 1919 792 atque
1949 725 2035 778 in-

456 813 686 882 quiunt:
715 811 826 866 Cur
849 813 1127 866 abscondis
1182 813 1372 882 faciem
1419 825 1585 878 tuam,
1623 825 1673 868 et
1712 815 2032 869 oblivisceris

455 906 822 958 calamitatum
857 917 906 958 et
929 905 1273 975 afﬂictionum
1298 917 1600 960 nostrarum
1629 908 1654 960 ?
1683 905 1764 960 Tu
1785 908 2030 977 quidem,

455 1013 488 1046 υ
521 995 682 1062 Deus,
721 995 1016 1050 abscondis
1057 1005 1110 1050 et
1140 997 1342 1050 avertis
1375 996 1572 1050 faciem
1625 1006 1800 1062 tuam,
1853 1013 1920 1052 ne
1949 997 2030 1050 vi-

451 1087 583 1142 deas
615 1085 818 1152 turpia,
864 1095 918 1140 et
965 1085 1190 1154 indigna
1231 1085 1398 1152 facta,
1434 1094 1598 1156 atque
1643 1095 1736 1140 tuo
1785 1086 2028 1140 contuitu

455 1177 653 1230 aliena.
685 1175 884 1230 Verum
920 1176 1046 1246 quia
1073 1177 1231 1230 nobis
1257 1177 1309 1229 in
1351 1177 1686 1230 enumeratis
1717 1177 1840 1230 istis
1871 1177 2028 1231 factis

451 1265 732 1332 prmclaris
787 1265 984 1317 ﬁducia
1021 1265 1202 1333 aliqua
1241 1273 1536 1334 superest,
1585 1280 1685 1318 cur
1733 1264 2026 1320 abscondis

451 1355 644 1407 faciem
673 1355 863 1407 tuam?
888 1354 1136 1422 Cumque
1177 1363 1256 1409 tot
1289 1355 1436 1424 passi
1467 1357 1608 1408 mala
1645 1357 1819 1410 simus
1844 1357 2026 1411 cultus

451 1447 530 1499 tui
581 1463 646 1500 ac
691 1447 906 1516 pietatis
959 1463 1147 1510 causa,
1200 1463 1298 1502 cur
1340 1449 1684 1504 Oblivisceris
1716 1449 2026 1504 aﬂlictionis

451 1545 546 1590 aut
587 1537 920 1606 paupertatis
945 1537 1182 1591 nostrae?
1203 1535 1336 1590 Nam
1369 1537 1496 1592 licet
1543 1553 1606 1592 ea
1657 1555 1766 1594 non
1799 1540 2025 1608 perinde

451 1643 649 1696 magna
685 1629 794 1680 sint
826 1627 964 1694 apud
1024 1637 1074 1679 te
1101 1665 1115 1691 ,
1153 1635 1212 1680 ut
1250 1629 1390 1695 apud
1429 1643 1529 1682 nos
1555 1669 1568 1690 ,
1626 1629 1720 1682 sed
1753 1645 1920 1698 egena
1969 1641 2024 1684 et

453 1732 616 1784 parva
669 1725 722 1770 et
768 1716 1135 1786 paucissima:
1173 1731 1368 1786 magna
1405 1725 1608 1780 tamen,
1643 1727 1910 1786 quatenus
1954 1736 2022 1774 ex

2139 540 2410 610 ἁμαρτίας
2443 539 2641 593 αὐτῶν.
2685 539 2947 610 Εῦχονται
3001 541 3058 593 δὲ
3109 540 3326 610 δοθῆναι
3379 541 3562 604 αὐτοῖς
3613 543 3712 612 τὴν

2137 632 2456 698 ἐπιφάνειαν
2486 629 2580 683 τοῦ
2609 631 2844 704 Χριστοῦ
2878 631 2974 701 τὴν
3022 631 3109 683 ἐπ’
3157 631 3399 700 ἐσχάτων
3437 630 3543 682 τῶν
3595 648 3714 682 και-

2139 721 2264 791 ρῶν,
2304 721 2389 772 ἵνα
2428 721 2502 792 μὴ
2533 721 2630 790 τῆς
2657 721 2787 789 παρ’
2831 719 2993 774 αὑτοῦ
3028 721 3370 791 ἀμοιρήσωσι
3403 723 3546 790 ζωῆς
3569 737 3586 752 ⁸
3617 723 3714 774 καί

2133 828 2297 879 φασιν
2319 828 2332 842 ·
2365 811 2492 864 Ἵνα
2521 811 2577 864 τί
2609 810 2676 864 τὸ
2724 813 3048 877 πρόσωπόν
3087 827 3202 864 σου
3257 812 3665 882 ἀποκρύπτεις
3694 855 3710 878 ,

2133 903 2234 954 καὶ
2285 899 2659 970 ἐπιλανθάνῃ
2694 900 2804 968 τῆς
2847 902 3163 968 κακώσεως
3205 903 3374 972 ἡμῶν
3423 907 3522 958 καὶ
3579 907 3712 959 θλί-

2130 995 2328 1060 ψεως;
2363 991 2644 1064 Κρύπτεις
2681 993 2778 1062 μὲν
2809 993 2867 1044 τὸ
2896 993 3120 1046 σεαυτοῦ
3153 995 3460 1066 πρόσωπον,
3491 999 3520 1050 ὁ
3551 998 3710 1062 Θεὸς,

2130 1083 2226 1135 καὶ
2257 1083 2636 1152 ἀποστρέφεις,
2669 1083 2804 1152 πρὸς
2826 1081 2886 1134 τὸ
2919 1083 2992 1152 μὴ
3029 1083 3242 1151 βλέπειν
3275 1085 3343 1137 τὰ
3371 1087 3574 1158 αἰσχρὰ
3616 1089 3714 1146 καὶ

2129 1172 2377 1242 ἀπρεπῆ,
2413 1171 2508 1224 καὶ
2537 1173 2635 1240 τῆς
2661 1171 2756 1242 σῆς
2787 1171 2914 1234 θέας
2938 1171 3191 1242 ἀλλότρια
3214 1190 3226 1202 '
3253 1173 3366 1226 ἀλλ’
3397 1178 3520 1228 ἐπεὶ
3547 1178 3714 1248 ἡμεῖς

2129 1263 2223 1316 ἐπὶ
2257 1267 2370 1326 τοῖς
2401 1263 2636 1332 λεχθεῖσι
2669 1263 3055 1334 κατορθώμασι
3095 1268 3408 1336 παρρησίαν
3455 1269 3666 1340 ἄγομεν
3693 1310 3710 1334 ,

2129 1353 2297 1424 ἴνα-τί
2321 1353 2379 1404 τὸ
2409 1352 2696 1422 πρόσωπόν
2748 1370 2841 1406 σου
2884 1355 3178 1424 κρύπτεις;
3221 1358 3469 1411 Τοσαῦτα
3507 1359 3562 1412 δὲ
3603 1379 3712 1414 πα-

2129 1443 2362 1512 σχόντων
2395 1445 2487 1495 καὶ
2523 1443 2976 1498 κακοπαθούντων
3011 1447 3107 1516 τῆς
3157 1448 3256 1518 σῆς
3305 1449 3490 1504 ἕνεκεν
3541 1452 3706 1505 εὐσε-

2125 1533 2184 1586 6ε
2195 1535 2298 1596 ίὰς,
2323 1535 2408 1586 ἵνα
2427 1535 2478 1586 τί
2499 1535 2828 1609 ἐπιλανθάνῃ
2851 1539 2948 1606 τῆς
2971 1537 3264 1602 κακώσεως
3279 1542 3310 1610 ἡ
3319 1542 3452 1610 μῶν,
3471 1543 3592 1611 ἦτοι
3609 1544 3710 1613 τῆς

2125 1627 2430 1694 πτωχείαςς
2463 1627 2522 1678 El
2555 1627 2660 1698 γὰρ
2694 1629 2787 1680 καὶ
2820 1629 3030 1698 μεγάλα
3059 1631 3231 1684 ταῦτα
3265 1633 3340 1694 ὡς
3375 1634 3510 1704 πρὸς
3555 1637 3710 1704 ἡμᾶς

2121 1715 2191 1768 τὰ
2223 1715 2640 1786 κατορθώματα,
2693 1719 2810 1771 ἀλλ’
2861 1720 2935 1784 ὡς
2989 1722 3124 1792 πρὸς
3178 1723 3238 1774 σὲ
3279 1724 3454 1776 πάντα
3507 1724 3710 1794 πτωχὰ

451 1809 606 1862 nobis
657 1817 802 1862 sunt.
855 1807 1042 1877 Itaque
1093 1810 1508 1878 supplicamus,
1563 1827 1632 1865 ne
1677 1810 2020 1868 obliviscaris

2135 1809 2220 1860 καὶ
2251 1807 2458 1878 σμικρά
2491 1809 2584 1861 καὶ
2615 1810 2886 1878 ὀλίγιστα·
2921 1814 3062 1884 πλὴν
3091 1815 3164 1878 ὡς
3185 1813 3244 1878 ἐξ
3281 1815 3436 1886 ἡμῶν
3465 1817 3704 1886 μεγάλα.

449 1900 787 1970 paupertatis
813 1908 1034 1966 nostrae,
1071 1917 1104 1954 ο
1135 1899 1366 1956 Domine
1399 1919 1411 1954 :
1446 1902 1578 1970 quin
1631 1903 1813 1972 potius
1853 1905 2019 1958 remi-

449 1991 680 2046 niscaris
705 1991 1034 2056 aillictionis,
1057 2007 1220 2062 quam
1253 1995 1619 2050 sustinuimus
1653 1995 1728 2049 tui
1758 2011 1954 2054 causa..

2127 1901 2220 1953 Διὸ
2259 1901 2568 1970 ἱκετεύομεν
2603 1903 2674 1971 μὴ
2709 1903 2878 1974 λήθην
2921 1905 3246 1975 ποιήσασθαι
3294 1907 3395 1974 τῆς
3425 1907 3708 1978 ἡμετέρας

2127 1992 2434 2062 πτωχείας·
2469 1993 2768 2064 μνησθῆναι
2793 1996 2848 2048 δὲ
2889 1998 3107 2068 καὶτῆς
3149 1999 3376 2068 θλίψεως
3423 1999 3604 2070 ἡμῶν,
3631 1995 3706 2072 ἦς

2129 2083 2501 2155 ὑπεμείναμεν
2529 2085 2686 2155 χάριν
2715 2087 2830 2150 σοῦ,
2863 2082 2904 2140 ὦ
2934 2089 3196 2146 Δέσποτα.

1651 2232 1726 2288 Et
1757 2238 1808 2289 in
1839 2254 2042 2292 uersum
2066 2250 2360 2310 sequentem
2387 2243 2476 2296 2E).

513 2386 860 2440 Athanasius.
913 2387 1084 2444 Porro
1115 2391 1428 2460 depressam
1478 2393 1582 2448 sibi
1623 2403 1859 2448 mentem
1896 2410 2017 2449 esse

446 2477 634 2530 dicunt
661 2477 824 2532 etiam
855 2478 1024 2534 Judaei
1055 2501 1068 2534 :
1102 2484 1228 2551 quia
1263 2493 1551 2554 postquam
1581 2501 1644 2540 ea
1690 2503 1812 2556 qua:
1857 2485 2017 2540 Chri-

445 2569 513 2624 sti
549 2577 676 2619 sunt
704 2571 910 2625 sentire
947 2583 1292 2641 recusarunt,
1327 2576 1648 2631 deciderunt
1695 2577 1748 2630 in
1785 2593 2008 2632 sensum

445 2657 743 2710 carnalem.

2198 2397 2310 2467 (74)
2364 2397 2726 2464 Ἀθανάσιος.
2787 2400 3227 2460 Τεταπεινῶσθαι
3274 2402 3328 2456 δὲ
3377 2403 3559 2458 αὐτῶν
3601 2405 3708 2475 τὴν.

2123 2489 2300 2558 ψυχήν
2347 2507 2477 2557 φασι
2509 2491 2600 2543 καὶ
2657 2492 2928 2545 Ἰουδαῖοι·
2981 2493 3198 2564 ἐπειδὴ,
3245 2495 3598 2566 ἀπωσάμενοι
3641 2500 3704 2552 τὺ

2125 2583 2339 2651 φρονεῖν
2373 2580 2443 2632 τὰ
2487 2581 2722 2652 Χριστοῦ
2751 2623 2766 2646 ,
2803 2587 2882 2647 είς
2930 2583 3182 2660 φρόνημα
3221 2585 3522 2640 κατέπεσον
3573 2604 3708 2660 σαρ-

2125 2669 2296 2724 κικύν.

1675 2819 1809 2874 Item
1839 2823 1892 2876 in
1925 2840 2128 2879 versum
2157 2827 2426 2884 ultimum.

513 2969 856 3022 Athanasius.
903 2967 1108 3024 Deinde
1149 2969 1394 3026 indicant
1425 2971 1482 3028 hi
1541 2989 1730 3042 versus
1767 2978 2008 3036 vocatio-
2041 2987 2084 3048 ο

450 3089 570 3128 nem
633 3070 784 3125 illam
840 3077 895 3125 et
944 3083 1362 3124 conversionem
1422 3069 1795 3126 lsraelitarum
1827 3108 1845 3134 ,
1899 3085 2018 3138 qua:

447 3167 656 3220 ultimis
683 3165 1022 3233 temporibus
1059 3163 1292 3219 accidet.
1327 3163 1434 3228 Qui
1457 3164 1622 3218 etiam
1649 3165 1836 3218 dicunt
1866 3183 1878 3218 :
1907 3163 2016 3220 Re-

445 3259 566 3326 cipe
593 3271 717 3320 nos,
763 3264 819 3310 et
849 3256 926 3310 sis
971 3255 1130 3310 nobis
1167 3255 1458 3324 propitius.
1513 3255 1752 3326 Tempus
1799 3271 2020 3326 quoque

444 3348 825 3402 cunversionis
856 3363 988 3412 suae,
1016 3345 1177 3400 ﬁdem
1203 3348 1414 3402 scilicet
1447 3347 1502 3400 in
1535 3355 1608 3410 te,
1660 3364 1692 3402 ο
1727 3347 1890 3412 Deus,
1923 3361 2020 3400 ve-

449 3455 563 3492 ram
620 3439 986 3505 confitentur;
1027 3440 1384 3508 subjicientes
1425 3437 1553 3491 illud
1599 3461 1610 3492 :
1653 3437 1874 3504 Propter
1926 3455 2021 3490 no-

447 3549 564 3586 men
611 3541 780 3594 tuum,
829 3531 1032 3586 diserte
1073 3531 1350 3594 fatentur,
1393 3529 1538 3602 quod
1575 3545 1682 3582 non
1729 3529 1838 3584 sint
1873 3527 2020 3596 digni

447 3625 538 3692 qui
583 3624 1016 3678 misericordiam
1073 3633 1507 3692 consequantur,
1561 3620 1704 3689 quod
1761 3619 2020 3674 contrarii

447 3713 668 3767 Christo
699 3713 924 3769 fuerint.
957 3714 1022 3768 Et
1057 3725 1236 3770 tamen
1273 3716 1498 3784 dignum
1543 3720 1625 3766 est
1677 3711 1812 3779 ipso,
1861 3711 2024 3764 mise-

447 3807 556 3858 reri
583 3815 633 3860 et
657 3807 939 3878 ignoscere
965 3809 1208 3878 lapsibus
1230 3807 1485 3861 humanis
1510 3811 1730 3874 propter
1759 3802 2021 3874 seipsum.

445 3897 536 3950 Ait
567 3899 710 3952 enim
738 3919 750 3954 :
799 3899 919 3954 Non
947 3901 1088 3970 facio
1119 3909 1335 3970 propter
1379 3915 1488 3964 vos,
1521 3897 1696 3966 inquit
1733 3895 2016 3958 Dominus,

445 3986 536 4040 sed
567 3999 779 4062 propter
809 4007 994 4044 nomen
1033 4007 1204 4044 meum
1223 3993 1289 4044 ⁸⁸.

2189 2981 2300 3056 (75)
2349 2985 2708 3056 Ἀθειιιάσιος.
2747 2991 2854 3042 Καὶ
2881 2992 2980 3061 τὴν
3013 2992 3070 3044 ἐν
3101 2991 3347 3062 ὑστέροις
3379 2993 3438 3046 δὲ
3487 2997 3706 3066 καιροῖς

2123 3079 2388 3149 ἐσομένην
2415 3081 2507 3134 τοῦ
2549 3083 2764 3154 Ἰσραὴλ
2794 3085 3123 3154 ἐπιστροφὴν
3163 3085 3254 3136 καὶ
3287 3084 3480 3155 κλῆσιν
3509 3089 3560 3138 οἱ
3595 3087 3706 3140 στί-

2123 3183 2208 3236 χοι
2244 3169 2614 3238 σημαίνουσιν.
2647 3173 2708 3224 Oi
2734 3173 2825 3225 καί
2851 3190 3013 3241 φασιν
3038 3189 3050 3200 ·
3097 3173 3405 3227 Ἀντιλάόου
3435 3175 3500 3246 δὴ
3522 3177 3702 3246 ἡμῶν,

2123 3254 2216 3306 καὶ
2248 3254 2386 3306 δίδου
2416 3257 2476 3308 τὸ
2505 3257 2750 3326 εὐμενές.
2777 3259 2885 3310 Καὶ
2917 3259 3106 3329 καιρὸν
3133 3257 3470 3331 ἐπιστροφῆς
3493 3264 3596 3334 τὴν
3625 3265 3707 3326 εἰς

2135 3345 2194 3396 σὲ
2245 3345 2500 3416 ἀληθινὴν
2565 3349 2744 3400 πίστιν
2797 3350 3148 3420 ὁμολογοῦσιν
3189 3371 3202 3382 ’
3239 3354 3534 3421 ἐπάγοντες
3589 3355 3652 3408 τό
3687 3372 3704 3387 ⁸

2129 3434 2380 3488 ’Ἕνεκεν
2416 3437 2521 3490 τοῦ
2566 3439 2853 3508 ὀνόματός
2893 3459 3030 3506 σου,
3071 3441 3370 3513 διαρρήδην
3407 3445 3706 3514 ὁμολογοῦ-

2127 3545 2210 3581 σιν
2243 3567 2256 3590 ,
2285 3528 2358 3592 ὡς
2389 3529 2486 3580 οὐκ
2515 3528 2652 3594 ἄξιοι
2683 3531 2774 3582 τοῦ
2815 3531 3080 3584 ἐλεεῖσθαί
3131 3535 3266 3586 εἰσιν
3304 3535 3352 3586 οἱ
3387 3536 3528 3588 κατὰ
3571 3538 3706 3606 Χρι-

2127 3619 2252 3671 στοῦ
2283 3621 2578 3690 γενόμενοι.
2613 3622 2818 3692 Πρέπει
2859 3641 2922 3690 γε
2961 3625 3065 3696 μὴν
3091 3624 3150 3676 τὸ
3183 3625 3352 3677 ἐλεεῖν
3401 3626 3574 3696 αὐτῷ,
3611 3629 3708 3679 καὶ

2125 3711 2518 3782 κατοικτείρειν
2552 3715 2664 3774 τοῖς
2695 3713 3055 3783 ἀνθρωπίνοις
3109 3715 3412 3785 πταίσμασι
3439 3717 3526 3770 ’δι’
3579 3720 3710 3772 ἐαυ-

2123 3802 2234 3854 τόν.
2269 3803 2407 3872 Φησὶ
2438 3803 2578 3872 γάρ·
2616 3807 2696 3856 Οὐ
2724 3804 2796 3856 δι’
2831 3805 2985 3874 ὑμᾶς
3019 3806 3134 3874 ἐγὼ
3165 3807 3330 3873 ποιῶ,
3363 3807 3528 3880 λέγει
3581 3809 3710 3868 Κύ-

2119 3911 2268 3960 ριος,
2299 3895 2435 3948 ἀλλ’
2467 3895 2504 3962 ἣ
2541 3895 2639 3948 διὰ
2659 3899 2724 3948 τὸ
2747 3895 2936 3966 ὄνομά
2961 3915 3100 3966 μου.

523 4127 718 4180 Deinde
745 4128 981 4195 sequitur
1025 4135 1392 4196 argumentum
1425 4129 1480 4180 in
1512 4127 1774 4196 psalmum
1807 4136 1930 4176 3le
1977 4119 2172 4172 eisdem
2209 4133 2426 4172 urorsus
2455 4117 2622 4170 verbis
2673 4117 2862 4186 quibus
2915 4117 3136 4171 habetur
3190 4133 3393 4186 supra;
3435 4135 3604 4188 quare

446 4199 698 4252 omissum
732 4209 828 4251 est.

799 4360 866 4414 Et
892 4363 944 4414 in
973 4373 1176 4412 versant
1227 4357 1478 4424 primum,
1507 4352 1786 4423 prwmissa
1832 4349 2050 4416 Basilii,
2075 4347 2442 4417 Chrysostomi
2470 4354 2518 4400 et
2566 4343 2784 4399 Eusebii
2809 4346 3087 4410 sententia,
3125 4345 3358 4413 subjicit.

455 4519 466 4532 '
517 4515 746 4586 Magnus
777 4529 908 4569 vero
941 4511 1366 4574 Athanasius,et
1395 4510 1552 4564 divus
1579 4507 1838 4578 Cyrillus,
1859 4504 2016 4574 quasi
2050 4525 2096 4579 ι)

445 4611 562 4663 haec
596 4624 658 4663 ex
694 4621 928 4676 persona
971 4603 1066 4656 Dei
1123 4612 1178 4654 et
1227 4599 1406 4653 Patris
1445 4599 1776 4660 dicerentur,
1822 4595 2022 4650 intelli-

449 4709 585 4770 gunt
611 4713 672 4752 ea
711 4697 778 4751 de
811 4694 1010 4760 Verbo,
1043 4693 1190 4762 quod
1215 4691 1355 4761 apud
1378 4689 1593 4743 Patrem
1635 4695 1752 4743 erat
1781 4688 1834 4740 in
1869 4688 2020 4756 prin-

403 4799 408 4806 '
450 4793 591 4860 ripio
618 4807 632 4850 ;
662 4787 828 4857 quod,
865 4786 1142 4855 inquiunt,
1184 4781 1590 4852 quodammodo
1622 4795 1688 4832 ex
1721 4778 1882 4834 corde
1930 4784 2023 4830 aut

447 4875 586 4946 ipsis
621 4875 928 4928 visceribus
977 4872 1284 4942 progenuit.
1319 4869 1394 4924 De
1436 4885 1544 4938 quo
1572 4869 1736 4922 etiam
1767 4867 1899 4922 dicit
1929 4881 2023 4936 per

451 4966 708 5020 Davidem
738 4983 750 5018 :
785 4965 1058 5018 Eructavit
1091 4981 1182 5018 cor
1213 4978 1384 5015 meum
1420 4961 1630 5014 verbum
1659 4961 1869 5014 bonum.
1891 4957 2024 5012 Pro-

450 5067 648 5127 gnatus
672 5073 911 5126 namque
953 5065 1035 5111 est
1061 5055 1262 5119 Filius,
1293 5061 1353 5110 ut
1385 5069 1566 5108 sermo
1597 5067 1661 5106 ex
1693 5061 1893 5115 mente,
1923 5050 2023 5104 bo-

451 5162 556 5200 nus
589 5161 654 5200 ex
691 5147 856 5212 bono,
903 5145 1048 5200 Deus
1086 5161 1152 5200 ex
1183 5145 1314 5199 Deo.
1368 5141 1782 5198 Observandum
1839 5155 2022 5211 porro,

453 5238 602 5306 loqui
631 5237 844 5290 Patrem
879 5237 946 5291 de
971 5235 1107 5291 Filio
1143 5247 1400 5303 tanquam
1427 5236 1730 5298 incarnato,
1766 5247 1894 5286 cum
1928 5232 2022 5286 ait:

451 5327 584 5381 Dico
606 5344 698 5398 ego
727 5343 884 5396 opera
909 5344 1022 5382 mea
1049 5328 1175 5398 regi.
1217 5325 1352 5380 Nam
1412 5333 1622 5382 tantum
1659 5337 1766 5378 non
1797 5323 2026 5390 promit-

543 5506 602 5538 “
633 5503 826 5559 Ezech.
865 5519 956 5566 xx,
991 5501 1075 5560 M.

551 5663 639 5713 Ἰιῑι
669 5663 792 5714 liget:
811 5667 880 5716 iol
923 5675 1064 5714 vute.

529 5729 636 5793 (75)
667 5730 786 5784 llaec
816 5733 1060 5786 auctiora
1093 5741 1404 5796 suntquam
1451 5733 1504 5788 in
1531 5731 1985 5788 Exuosilionibus.

2196 4501 2307 4570 (76)
2345 4501 2659 4565 Ἀθανάσιος
2689 4501 2746 4554 δὲ
2767 4504 2794 4556 ὁ
2821 4500 2959 4554 πάνυ
2991 4501 3088 4554 καὶ
3107 4503 3136 4552 ὁ
3159 4500 3300 4562 θεῖος
3328 4498 3600 4570 Κύριλλος
3635 4497 3716 4561 ὡς

2124 4597 2188 4648 ἐκ
2217 4592 2508 4663 προσώπου
2543 4593 2638 4646 τοῦ
2679 4593 2814 4646 Θεοῦ
2847 4595 2942 4646 καὶ
2987 4592 3198 4663 Πατρδς
3229 4590 3486 4658 λέγεσθαι
3534 4591 3716 4646 ταῦτα

2125 4689 2302 4738 νοοῦσι
2339 4686 2465 4756 περὶ
2496 4683 2590 4736 τοῦ
2619 4685 2676 4734 ἐν
2705 4685 2848 4754 ἀρχῇ
2875 4683 3025 4744 ὄντος
3053 4681 3190 4752 πρὸς
3224 4681 3386 4733 αὑτὸν
3417 4681 3624 4749 Λόγου,
3653 4681 3716 4734 ὃν

2125 4779 2190 4831 ἐκ
2222 4779 2321 4848 τῆς
2349 4777 2510 4829 οἱονεὶ
2535 4775 2762 4846 καρδίας
2791 4775 2824 4843 ἢ
2855 4774 3034 4828 αὐτῶν
3057 4773 3162 4826 τῶν
3181 4774 3525 4843 σπλάγχνων,
3551 4774 3715 4843 φασὶ,

2125 4870 2432 4940 προήγαγε.
2485 4867 2620 4938 Περὶ
2651 4859 2712 4918 οὗ
2751 4867 2844 4918 καὶ
2873 4865 3022 4934 λέγει
3067 4865 3154 4918 διὰ
3195 4865 3390 4917 Δαυῒδο
3436 4866 3718 4935 Ἑξηρεύ-

2131 4961 2280 5026 ξατο
2315 4961 2352 5027 ἠ
2374 4957 2586 5026 καρδία
2605 4976 2724 5026 μου
2747 4960 2932 5025 λόγον
2955 4959 3196 5026 ἀγαθόν.
3219 4956 3548 5026 Γεγὲννηται
3577 4960 3716 5029 γάρ,

2131 5051 2206 5114 ὡς
2229 5050 2385 5118 λόγος
2418 5051 2481 5102 ἐκ
2517 5047 2632 5112 νοῦ,
2668 5048 2871 5116 ἀγαθὸς
2903 5047 2964 5112 ἐξ
2999 5045 3227 5116 ἀγαθοῦ,
3265 5047 3398 5111 Θεὸς
3437 5049 3505 5101 ἐκ
3547 5049 3712 5102 Θεοῦ.

2133 5141 2324 5213 Ἀθρει
2373 5141 2428 5193 δὲ
2462 5140 2536 5203 ὡς
2569 5141 2697 5211 περὶ
2747 5141 3263 5211 ἐνανθρωπήσαντος
3309 5139 3404 5192 τοῦ
3443 5139 3580 5192 Υίοῦ
3633 5141 3720 5193 λέ-

2131 5247 2295 5300 γοντα
2327 5230 2417 5282 τὸν
2451 5229 2671 5300 Πατέρα
2697 5246 2709 5257 ·
2747 5228 2910 5298 Λέγω
2937 5227 3053 5298 ἐγὼ
3084 5229 3157 5282 τὰ
3186 5229 3328 5298 ἔργα
3347 5245 3468 5296 μου
3497 5225 3580 5292 τῷ
3599 5229 3720 5291 ,βα-

2133 5323 2316 5380 σιλεῖ.
2331 5322 2634 5392 Μονονουχὶ
2655 5321 2725 5390 γά
2731 5339 2762 5392 ρ
2779 5321 3224 5392 καθυπισχνεῖται
3237 5319 3511 5375 διδάσκειν
3525 5321 3716 5386 αὐτὸν,

2215 5661 2323 5732 (76)
2353 5662 2688 5734 Expressum
2743 5679 2806 5718 ex
2843 5659 3285 5731 interpretatione
3335 5659 3534 5728 psalmi
3565 5671 3714 5718 ων.
