3880 6216
295 253 400 310 565

1324 253 1752 312 FRAGMENTA
1791 255 2153 313 COMMENT.
2199 256 2266 311 IN
2300 253 2644 311 PS‘ALMOS‘.

3465 254 3563 312 566

287 370 496 434 ὁποίοις
517 346 828 440 τισὶλόγοις
867 353 1152 443 χρῆσεται,
1199 371 1512 443 ἐμϐιϐάζων
1549 375 1694 445 ἡμᾶς
1717 375 1796 436 εἰς
1820 373 1864 426 τε

1986 373 2048 426 tit
2080 388 2138 427 se
2171 373 2348 441 ipsum
2381 369 2741 431 edocturum-,
2776 367 3084 438 cujusmodi
3138 371 3320 428 verbis
3354 373 3432 427 uti
3469 375 3562 431 de-

287 459 426 532 δρᾷν
459 460 529 512 τὰ
551 460 689 532 ἔργα
707 460 1084 533 αὑτοῦ.¹Ἐργα
1105 461 1162 514 δὲ
1187 461 1323 515 Θεοῦ
1353 480 1533 534 φαμεν
1561 463 1658 534 τὴν
1684 462 1878 533 εὐσεϐῆ

286 551 713 622 πολιτείαν,ῆτις
726 552 813 606 διὰ
829 553 936 606 τῶν
948 554 1321 621 εὐαγγελικῶν
1337 573 1405 625 κη
1415 572 1515 627 ρυγ
1523 555 1704 624 μάτων
1721 556 1880 624 γέγο-

287 659 382 696 νεν
404 646 536 714 ἡμῖν
559 644 831 714 ἐμφανής.
865 643 1192 715 Προσλαλῶν
1225 643 1282 696 δὲ
1316 645 1552 716 Χριστὸς
1606 644 1878 708 Ἰουδαίοις

285 736 358 789 τὰ
388 737 638 808 χρήσιμα
667 736 806 808 πρὸς
842 738 1140 808 σωτηρίαν,
1175 737 1254 808 τῷ
1290 738 1466 809 Πατρὶ
1517 739 1641 802 τοὺς
1682 736 1876 792 ἑαυτοῦ

287 829 484 898 λόγους
510 830 742 882 ἀνετίθει
774 828 946 898 λέγων
966 846 980 860 ·
1021 831 1147 883 Ἀπ’
1183 830 1443 899 ἐμαυτοῦ
1477 828 1624 882 ποιῶ
1649 829 1830 882 οὐδέν
1861 846 1873 858 ·

286 921 387 973 καὶ
418 919 579 972 πάλιν
602 938 616 951 ·
670 919 723 971 '0
758 919 962 988 Πατὴρ
984 917 1187 990 ἀγαπᾷ
1221 918 1328 972 τὸν
1364 918 1518 982 Υἱὸν,
1549 919 1645 972 καὶ
1679 917 1877 971 πάντα

285 1011 606 1066 δείκνυσιν
651 1009 810 1075 αὐτῷ
851 1009 889 1063 ἂ
933 1010 1116 1076 αὐτὸς
1164 1009 1340 1066 ποιεῖ.
1389 1010 1561 1064 Καλεῖ
1612 1009 1669 1062 δὲ
1715 1009 1876 1062 αὑτὸν

289 1101 516 1173 βασιλέα
547 1101 690 1155 κατά
723 1101 915 1172 καιρὸν
948 1104 976 1154 ὁ
1023 1102 1234 1173 Πατὴρ,
1285 1102 1359 1164 ὡς
1413 1101 1480 1154 ἂν
1539 1100 1613 1171 μὴ
1669 1099 1745 1170 τῷ
1778 1100 1878 1170 τῆς

285 1181 764 1266 ὲνανθρωπὴσεως
797 1195 982 1265 μέτρῳ
1009 1193 1134 1265 δόξῃ
1171 1195 1269 1264 τῆς
1297 1193 1525 1263 ἐνούσης
1553 1191 1701 1262 αὐτῷ
1732 1191 1875 1244 κατά

286 1289 453 1360 φύσιν
487 1287 642 1354 ἀξίας
672 1287 1062 1360 ἀποφέρεσθαι.
1093 1289 1314 1357 Ἔμεινε
1349 1286 1459 1357 γὰρ
1487 1286 1582 1339 καὶ
1613 1285 1751 1356 μετὰ
1775 1285 1873 1356 τὴν

281 1383 600 1452 οἰκονομίαν
619 1381 771 1434 οὐδὲν
793 1378 976 1454 ἦττον,
1013 1382 1076 1433 ὲκ
1101 1379 1363 1450 βασιλέως
1393 1378 1468 1430 ὢν
1507 1379 1600 1431 τοῦ
1636 1379 1870 1448 Πατρός,

284 1475 566 1544 βασιλευς,
603 1475 697 1526 καὶ
745 1473 934 1542 ὥσπερ
982 1471 1233 1542 βασιλεὺς
1269 1472 1528 1542 ὑπάρχων
1579 1471 1674 1523 καὶ
1717 1470 1870 1532 Θεὸς,

280 1570 366 1630 είς
397 1565 660 1636 βασιλέως
693 1565 868 1637 ἀρχὴν
902 1566 1121 1634 λέγεται
1153 1562 1428 1635 ἔρχεσθαι,
1459 1563 1548 1616 διὰ
1579 1562 1640 1615 τὸ
1675 1579 1871 1632 σεσαρ-

279 1660 516 1713 κῶσθαι.
551 1659 710 1714 Οὕτω
748 1660 842 1713 καὶ
894 1659 1038 1730 ἅπερ
1097 1653 1206 1711 οἵδε
1255 1657 1498 1727 φυσικῶς
1529 1700 1544 1724 ,
1595 1657 1671 1720 ὡς
1713 1658 1867 1720 Θεὸς,

1982 467 2127 533 beat,
2158 466 2425 520 inducens
2447 478 2570 527 nos,
2618 469 2680 515 ut
2725 459 2992 516 faciamus
3026 477 3190 532 opera
3218 464 3356 534 ejus.
3386 464 3562 535 Opera

1981 574 2114 614 vero
2149 557 2246 612 Dei
2293 558 2552 619 dicimus,
2598 554 2746 626 piam
2789 555 3290 623 conversationem,
3320 572 3442 626 qua:
3468 573 3562 627 per

1983 650 2422 720 praedicationem
2460 647 2832 717 evangelicam
2873 647 3034 702 nobis
3067 645 3418 703 manifestata
3455 659 3561 703 est.

1980 740 2234 796 Christus
2268 756 2417 806 vero,
2452 756 2576 795 cum
2608 748 2908 810 exponeret
2954 738 3157 794 Iudaeis
3206 756 3328 810 quae
3365 741 3431 794 ad
3469 757 3561 795 sa-

1981 835 2149 888 lutem
2191 834 2454 901 facerent,
2504 833 2732 888 ascribit
2777 849 2840 888 ea
2881 831 3028 887 Patri
3066 849 3200 899 suo,
3256 835 3511 903 inquiens
3546 854 3558 886 :

1981 928 2024 980 Α
2071 942 2150 979 me
2199 927 2315 995 ipso
2343 926 2477 978 nihil
2533 925 2709 994 facio;
2766 931 2819 977 ct
2867 938 3088 977 rursum
3135 921 3343 976 :Pater
3377 923 3560 993 diligit

1981 1016 2206 1082 Filium,
2238 1025 2285 1069 et
2311 1015 2541 1070 ostendit
2575 1016 2676 1084 ipsi
2709 1016 2886 1068 omnia
2925 1031 3042 1084 quae
3075 1014 3204 1083 facit
3221 1016 3287 1066 ³⁷.
3311 1015 3561 1084 Appellat

1977 1124 2108 1162 vero
2160 1109 2323 1162 etiam
2364 1107 2522 1161 Pater
2553 1106 2753 1160 Filium
2792 1122 2973 1176 regem
3023 1121 3121 1176 pro
3169 1117 3431 1176 tempore,
3491 1125 3559 1164 ne

1979 1199 2233 1255 videatur
2265 1199 2646 1254 mediocritate
2683 1198 3082 1253 incarnationis
3132 1199 3337 1268 aliquid
3371 1201 3552 1254 detra-

1979 1292 2107 1346 here
2138 1291 2432 1361 majestati,
2482 1307 2647 1360 quam
2703 1306 2801 1360 per
2834 1301 3084 1345 naturam
3117 1293 3302 1347 habet.
3349 1291 3552 1347 Mansit

1976 1383 2121 1438 enim
2151 1385 2315 1436 etiam
2364 1394 2483 1452 post
2527 1384 2964 1438 incarnationem
3014 1385 3376 1440 nihilominus
3431 1401 3550 1450 rex,

1978 1486 2221 1530 natusex
2255 1475 2417 1530 Patre
2450 1494 2606 1546 rege:
2637 1485 2689 1532 et
2723 1477 2845 1531 licet
2887 1493 2977 1531 rex
3022 1488 3184 1547 atque
3213 1476 3381 1539 Deus.
3415 1478 3555 1532 dici-

1977 1576 2067 1621 tur
2099 1568 2163 1621 ad
2196 1569 2398 1636 regiam
2438 1568 2758 1638 dignitatem
2803 1570 3001 1630 evehi,
3037 1577 3257 1638 propter
3301 1569 3552 1622 incarna—

1976 1659 2204 1713 tionem.
2237 1657 2518 1724 Similiter,
2550 1676 2892 1730 qtnecunque
2925 1662 3248 1716 naturaliter
3292 1662 3444 1716 novit
3495 1672 3554 1714 ut

279 1753 456 1807 ταῦτα
489 1753 652 1807 πάλιν
681 1752 904 1806 ἀκούειν
932 1751 1150 1820 λέγεται
1185 1751 1273 1804 διὰ
1309 1753 1370 1805 τὸ
1403 1750 1741 1822 ἀνθρώπινον
1792 1752 1864 1803 oi-

1978 1748 2146 1812 Deus,
2181 1751 2368 1803 eadem
2406 1767 2624 1805 rursum
2660 1751 2855 1806 audire
2878 1753 3078 1808 dicitur
3102 1753 3401 1807 secundum
3449 1753 3552 1806 hu-

278 1845 612 1916 κονομικῶς.
639 1844 876 1917 Χριστὸς
903 1846 1012 1916 γάρ
1037 1846 1184 1907 ἐστιν
1213 1846 1240 1896 6
1267 1843 1541 1915 βασιλεὺς,
1575 1837 1620 1912 ᾧ
1639 1842 1707 1895 τὰ
1734 1842 1871 1914 ἔργα

276 1937 429 2004 λέγει
479 1939 507 1989 6
570 1937 781 2006 Πατήρ.
841 1937 937 1988 Ὃν
983 1934 1041 1988 δὲ
1097 1935 1286 2006 εἴρηκε
1333 1935 1525 2002 Λόγον,
1559 1932 1747 1985 τοῦτον
1776 1932 1870 1984 καὶ⁵

273 2029 532 2099 γλιῖισσαν
555 2026 722 2081 αὑτοῦ
752 2027 1054 2080 ἀποκαλεῖ·
1075 2028 1150 2090 ὡς
1173 2028 1272 2097 οὐχ
1302 2025 1489 2096 ἔτερόν
1520 2042 1574 2078 τι
1604 2023 1869 2078 λαλοῦντα

277 2123 423 2192 πλὴν
453 2123 482 2175 ὃ
502 2140 554 2175 τι
584 2123 640 2173 ὲν
672 2119 823 2192 αὑτῷ
844 2120 1111 2192 πατρικόν
1132 2122 1250 2172 ἐστι
1283 2117 1554 2190 βούλημα.
1587 2118 1699 2170 Καὶ⁵
1735 2115 1868 2186 παρ’

271 2216 411 2288 ἡμῖν
447 2215 551 2287 γὰρ
583 2216 802 2284 γλῶττα
832 2212 1226 2285 διαπορθμεύει
1264 2217 1377 2276 τοῖς
1427 2211 1530 2276 ἔξω
1581 2210 1672 2263 τὸν
1719 2209 1863 2263 νοῦν.

270 2306 559 2377 Κάλαμος
587 2306 657 2360 δὲ
699 2304 1084 2378 γραμματέως
1116 2303 1460 2374 όξυῃοάφου
1501 2303 1816 2373 ὠνόμασται
1851 2341 1866 2368 ,

270 2398 365 2453 διὰ
396 2400 455 2452 τὸ
492 2400 674 2469 λέγειν
706 2418 759 2453 τι
789 2400 884 2452 καὶ
910 2399 1112 2462 εὐθέως
1143 2397 1418 2466 γενέσθαι,
1451 2395 1527 2460 ὡς
1554 2395 1616 2447 τό
1638 2413 1650 2424 ·
1680 2394 1862 2463 Λέγω·

272 2489 706 2560 Καθαρίσθητι,
743 2491 843 2545 καὶ
871 2489 1091 2556 εὐθέως
1116 2484 1484 2556 ἐκαθαρίσθη
1507 2503 1521 2516 ο
1546 2486 1864 2548 Νεανίσκε,

269 2585 378 2637 σοὶ
433 2583 609 2654 λέγω,
671 2584 965 2654 ἐγέρθητι,
1001 2582 1101 2635 καὶ
1137 2579 1356 2646 εὐθέως
1403 2579 1644 2650 ἠγέρθη.
1709 2576 1869 2632 Ἀλλὰ

274 2676 375 2728 καὶ
406 2675 481 2739 ὡς
511 2675 758 2746 κάλαμος
787 2675 954 2741 ὀξέως
988 2673 1255 2744 ἐγγράφει
1278 2674 1400 2736 ταῖς
1429 2672 1678 2744 καρδίαις
1711 2672 1866 2742 ἡμῶν

272 2767 336 2819 τὸ
370 2765 619 2836 βούλημα
643 2766 738 2819 τοῦ
779 2746 1016 2837 Πατρόςξ
1049 2764 1304 2835 Βούλημα
1351 2764 1430 2827 δὲ,
1485 2764 1650 2833 φησὶν
1680 2762 1861 2826 αὐτὸς,

269 2859 371 2912 τοῦ
412 2859 647 2931 Πατρὸς,
683 2860 809 2914 Ἵνα
837 2857 957 2912 πᾶν
995 2856 1026 2910 ὂ
1055 2856 1275 2910 δέδωκέ
1297 2873 1420 2926 μοι,
1451 2857 1538 2925 μὴ
1583 2854 1866 2909 ἀπολέσω

267 2951 344 3017 ἐξ
379 2952 590 3006 αὐτοῦ.
636 2951 792 3016 Ὄξὺς
820 2952 876 3004 δὲ
902 2953 930 3004 6
969 2950 1214 3021 κάλαμος
1238 2948 1332 3002 τοῦ
1377 2949 1612 3020 Πατρός.
1660 2948 1718 3000 '0
1767 2949 1866 3018 μὲν

211 3047 222 3054 ’
272 3047 388 3117 γὰρ
419 3046 665 3109 Μωσέως
693 3045 858 3116 νόμος
877 3044 965 3098 διὰ
994 3043 1101 3098 τῶν
1125 3043 1266 3097 κατὰ
1294 3043 1355 3096 τὸ
1378 3043 1614 3115 γράμμα
1648 3042 1865 3097 κύκλων
1893 3076 1937 3135 C

270 3137 536 3210 ἀμυδρῶς
595 3138 782 3208 ἐδήλου
833 3136 903 3190 τά
945 3137 1226 3208 χρήσιμα·
1270 3137 1298 3188 6
1343 3136 1399 3188 δὲ
1448 3135 1625 3198 κοινὸς
1671 3135 1863 3206 Σωτὴρ

273 3230 561 3298 συντόμως
583 3229 820 3300 ἐδήλωσε
848 3229 911 3281 τὸ
946 3228 1159 3298 θέλημα
1180 3227 1274 3280 τοῦ
1299 3227 1534 3298 Πατρός.
1569 3229 1725 3279 Ἔστι
1756 3228 1864 3300 γὰρ

266 3321 534 3391 Μεγάλης
560 3321 754 3392 βουλῆς
790 3322 1036 3397 ἄγγελος.
1075 3321 1189 3375 Kal
1213 3323 1421 3392 λόγον,
1454 3321 1607 3399 φησὶ,
1645 3338 1861 3375 συντε-

267 3414 579 3484 τμημένον
600 3413 842 3478 ποιήσει
873 3413 1094 3483 Κύριος
1125 3415 1195 3468 ἐν
1220 3412 1295 3483 τῇ
1320 3413 1641 3484 οἰκουμένῃ
1671 3413 1805 3484 ὅλῃ.

1975 1840 2315 1904 manitatem,
2351 1857 2485 1914 prop
2513 1857 2574 1896 er
2594 1843 3082 1912 dispensationem.
3119 1843 3376 1899 Christus
3406 1843 3553 1897 enim

1975 1942 2056 1985 est
2078 1948 2172 1986 rex
2212 1932 2322 1994 ille,
2370 1934 2458 1987 cui
2511 1948 2675 2003 opera
2727 1950 2824 1990 sua
2876 1935 3034 1991 Pater
3085 1937 3330 2006 exponit.
3379 1934 3552 1990 Posro

1973 2041 2136 2095 quem
2175 2025 2409 2080 Verbum
2453 2027 2610 2093 dixit,
2657 2029 3088 2098 hune-linguam
3130 2045 3292 2090 suam
3335 2045 3553 2100 quoque

1972 2119 2241 2188 appellat:
2269 2135 2334 2174 eo
2365 2120 2510 2189 quod
2555 2120 2694 2174 nihil
2748 2121 2894 2176 aliud
2928 2137 3098 2191 quam
3141 2120 3322 2177 Patris
3353 2121 3550 2176 volun-

1972 2217 2140 2263 tatem
2169 2209 2444 2280 loquatur.
2473 2210 2606 2266 Nam
2631 2214 2795 2266 etiam
2825 2213 2877 2267 in
2907 2213 3067 2267 nobis
3100 2213 3308 2284 lingua,
3344 2215 3548 2268 mentis

1971 2318 2132 2358 sensa
2163 2303 2285 2358 aliis
2313 2305 2470 2373 quasi
2502 2304 2858 2361 transfretare
2881 2304 3032 2359 facit.
3067 2305 3275 2360 Dicitur
3307 2322 3546 2376 quoque,

1971 2391 2209 2445 calamus
2243 2393 2429 2446 scriba:
2482 2393 2729 2448 velociter
2777 2395 3078 2459 scribentis,
3117 2396 3263 2464 quod
3307 2412 3428 2465 quae
3464 2396 3548 2449 lo-

1971 2483 2177 2552 quitur,
2213 2485 2359 2540 illico
2392 2485 2555 2540 etiam
2599 2487 2654 2540 in
2686 2486 2935 2542 allectum
2962 2487 3231 2542 deducat:
3277 2489 3547 2558 quemad-

1971 2576 2191 2630 modum
2218 2576 2388 2632 illud:
2424 2577 2707 2642 Mnndare,
2731 2590 2779 2633 et
2820 2581 3001 2636 statim
3041 2579 3325 2633 mundatus
3360 2589 3436 2632 est
3477 2579 3545 2634 ³⁸.

1969 2666 2307 2735 Adolescens,
2338 2669 2457 2723 dico
2511 2669 2628 2733 tibi,
2674 2669 2866 2740 Surge,
2903 2678 2954 2724 et
2983 2671 3166 2724 statim
3204 2671 3436 2723 surrexit
3478 2669 3547 2724 ³⁹.

1970 2754 2293 2826 Quanquam
2340 2760 2504 2813 etiam
2561 2761 2615 2814 in
2655 2761 2914 2815 cordibus
2964 2759 3168 2815 nostris
3199 2768 3260 2812 ut
3301 2759 3547 2813 calamus

1969 2849 2230 2904 velociter
2261 2850 2524 2906 inscribat
2563 2853 2898 2907 voluntatem
2925 2851 3124 2906 Patris.
3163 2849 3421 2905 Voluntas
3448 2867 3546 2903 au-

1968 2949 2078 2994 tem
2113 2940 2292 2997 Patris
2329 2954 2433 3011 est,
2477 2953 2535 2998 ut
2569 2946 2799 3013 ipsemet
2840 2945 2949 2998 ait:
2989 2944 3049 2998 Ut
3083 2959 3233 2996 onme
3284 2940 3423 3012 quod
3463 2946 3549 2994 de.

1969 3033 2047 3086 dit
2066 3035 2221 3100 mihi,
2255 3036 2390 3088 nihil
2411 3037 2630 3106 perdam
2660 3051 2725 3089 ea:
2746 3052 2805 3089 eo
2831 3036 2898 3090 ³ο.
2933 3033 3102 3088 Velox
3129 3049 3257 3087 vero
3285 3043 3370 3088 est
3401 3032 3547 3087 cala-

1972 3145 2096 3183 mus
2123 3128 2320 3185 Patris.
2356 3129 2466 3184 Lex
2499 3145 2736 3199 namque
2786 3129 2953 3184 Mosis
2987 3143 3082 3197 per
3113 3127 3312 3182 ductus
3341 3126 3550 3180 littera-

1972 3239 2092 3276 rum
2117 3223 2442 3290 perobscnre
2474 3222 2800 3291 signiﬁcavit
2835 3237 2900 3275 ea
2953 3236 3074 3290 qua:
3127 3219 3195 3274 ad
3249 3219 3543 3273 utilitatem

1971 3309 2256 3363 hominum
2291 3319 2458 3364 sunt:
2494 3309 2744 3364 Salvator
2777 3325 2906 3364 vero
2950 3308 3254 3364 communis
3285 3309 3337 3362 in
3394 3323 3546 3364 com-

1971 3402 2170 3471 pendio
2201 3402 2596 3457 demonstravit
2628 3403 2786 3458 nobis
2827 3403 3165 3458 voluntatem
3205 3399 3404 3455 Patris.
3453 3397 3549 3453 Est

1971 3491 2115 3550 enim
2140 3492 2325 3562 magni
2363 3491 2576 3548 consilii
2615 3493 2866 3563 angelus.
2926 3489 2995 3544 Et
3041 3492 3292 3555 verbum,
3335 3490 3545 3559 inquit,

1971 3586 2330 3638 abbreviatum
2365 3585 2526 3654 faciet
2554 3584 2812 3639 Dominus
2836 3585 2888 3637 in
2921 3585 3165 3638 universo
3206 3581 3328 3635 orbe
3352 3581 3416 3635 ³¹.

273 3760 343 3822 Et
380 3762 434 3813 in
464 3759 698 3829 ejusdem
724 3761 920 3828 psalmi
937 3762 1054 3816 lucc
1081 3751 1237 3815 verba
1267 3776 1288 3816 :
1324 3781 1343 3814 ι
1380 3762 1543 3828 Audi,
1576 3762 1714 3831 filia,
1744 3769 1795 3816 et
1830 3760 1964 3823 vide,
2008 3780 2026 3812 ι
2058 3770 2181 3822 etc.,
2219 3769 2494 3829 postquam
2528 3759 2723 3815 Basilii
2757 3769 2805 3812 et
2840 3759 3206 3830 Chrysostomi
3240 3758 3546 3814 exolicatio-

820 3849 957 3900 nem,
987 3834 1078 3902 qui
1114 3842 1281 3887 totum
1310 3833 1446 3887 hunc
1486 3830 1659 3887 locum
1687 3834 1750 3887 de
1782 3831 2022 3886 Ecclesia
2041 3831 2378 3901 intelligunt,
2410 3831 2688 3898 prwmisit,
2723 3830 2933 3898 subjicit
2959 3847 2980 3884 :

369 3992 460 4062 77)
503 3991 820 4055 Ἀθανάσιος
851 3992 907 4045 δὲ
937 3994 964 4045 6
1004 3996 1145 4046 πάνυ
1192 3994 1284 4046 καὶ
1321 3997 1387 4064 τῇ
1436 3994 1568 4064 ἁγίᾳ
1613 3994 1861 4065 Θεοτόκῳ

262 4085 558 4155 ἀνατίθησι
587 4085 681 4138 τόο
717 4076 1041 4149 Ἄκουσον,
1096 4087 1370 4156 θύγατερ,
1412 4087 1506 4140 καὶ
1533 4087 1594 4140 τό
1619 4105 1631 4117 ·
1667 4089 1859 4152 Αὐτός

263 4177 400 4228 ἐστι
424 4176 640 4242 Κύριός
668 4175 1026 4246 σου.Ὥσπερ
1054 4175 1237 4245 ὅμοιόν
1267 4177 1382 4227 ἐστι
1415 4175 1496 4227 τό.
1528 4174 1722 4242 Xa7pe,
1757 4191 1854 4226 κε-

265 4265 663 4336 χαριτωμένη,
683 4269 716 4319 ό
741 4267 954 4334 Κύριος
968 4267 1119 4334 μετὰ
1149 4267 1287 4321 σοῦ.
1313 4265 1568 4338 Είρηκὼς
1592 4266 1722 4337 γὰρ,
1745 4283 1850 4336 φη-

2040 3991 2373 4045 Athanasius
2405 4005 2536 4044 vero
2566 3989 2655 4043 ille
2685 4005 2936 4059 magnus,
2967 4006 3035 4046 ao
3058 4001 3302 4046 sanctam
3327 4007 3546 4064 quoque

1967 4081 2253 4152 Deiparam
2276 4081 2460 4144 refert,
2489 4080 2631 4149 quod
2654 4080 2875 4145 dicitur,
2903 4082 3066 4147 Audi,
3093 4083 3208 4151 [ilia
3233 4099 3250 4136 :
3279 4094 3332 4138 et
3355 4084 3499 4139 istud
3523 4103 3540 4137 :

1967 4173 2087 4242 Ipse
2119 4175 2254 4228 enim
2289 4173 2549 4226 Dominus
2584 4182 2726 4226 tuus.
2759 4170 2856 4226 Cui
2887 4172 3064 4227 simile
3093 4182 3176 4228 est
3209 4173 3338 4228 illud
3374 4194 3386 4228 :
3415 4175 3542 4241 Ave,
3622 4208 3631 4216 -

1963 4267 2135 4336 gratia
2153 4265 2330 4335 plena,
2353 4264 2606 4318 Dominus
2627 4273 2797 4317 tecum
2814 4262 3068 4334 “'gNam
3093 4275 3378 4335 postquam
3407 4267 3544 4320 dixit

268 4362 378 4423 σὶν,
397 4361 426 4411 6
443 4357 604 4411 Δαυῒδ
623 4357 857 4429 Χριστὸν
869 4358 958 4411 τὸν
976 4359 1148 4426 Λόγον
1165 4359 1260 4412 τοῦ
1282 4358 1439 4423 Θεοῦ,
1462 4358 1631 4422 εὐθὺς
1649 4359 1740 4411 καὶ
1757 4359 1853 4430 τὴν

1977 4358 2151 4424 )avid,
2177 4357 2457 4413 Christum
2489 4372 2610 4412 esse
2637 4354 2878 4410 Verbum
2910 4356 3034 4425 Dei,
3069 4358 3216 4413 illico
3245 4359 3541 4415 humanam

263 4447 621 4520 ἀνθρωπίνην
655 4447 909 4518 γέννησιν
941 4447 1235 4518 δεδήλωκε,
1293 4447 1392 4519 τὴν
1449 4450 1512 4501 ὲκ
1561 4447 1853 4519 παρθένου.

263 4543 378 4597 Καὶ
407 4543 436 4593 6
474 4540 574 4610 μὲν
606 4539 849 4611 Γαϐριὴλ
905 4539 1355 4612 κεχαριτωμένην
1407 4539 1593 4602 ἁπλῶς
1652 4538 1853 4605 καλεῖ,
1901 4571 1909 4580 -

1961 4465 2182 4520 quoque
2235 4451 2353 4520 ejus
2384 4465 2449 4505 ex
2494 4448 2705 4518 virgine
2752 4448 3089 4504 nativitatem
3137 4452 3420 4520 exposuit._
3479 4451 3544 4506 Et

1961 4541 2430 4612 Gabriel-quidem
2473 4540 2798 4611 simpliciter
2825 4542 2999 4612 gratia
3038 4541 3254 4615 plenam
3288 4543 3541 4614 appellat,

261 4636 417 4701 ξένος
451 4631 528 4684 ὢν
561 4632 732 4701 αὐτῆς
780 4633 932 4686 κατὰ
955 4633 1052 4703 τὴν
1102 4634 1356 4703 γέννησιν
1381 4650 1396 4664 ο
1441 4635 1468 4686 6
1500 4634 1556 4687 δὲ
1587 4634 1749 4687 Δαυῒδ
1791 4636 1857 4688 ὲκ

1977 4650 2032 4689 ιο
2068 4635 2214 4704 quod
2263 4635 2474 4688 alienus
2527 4633 2595 4687 ab
2629 4648 2695 4688 ea
2730 4642 2877 4689 esset
2908 4636 3088 4705 quoad
3138 4651 3347 4706 genus:
3376 4635 3540 4690 David

261 4724 358 4777 τοῦ
393 4722 708 4794 σπέρματος
737 4721 904 4776 αὐτοῦ
934 4723 1312 4794 τυγχάνουσαν
1359 4722 1633 4794 θυγατέρα
1686 4741 1858 4796 προσ-

1977 4743 2091 4781 ίετο
2125 4729 2294 4783 ﬁliam
2334 4728 2509 4792 dicit,
2567 4726 2714 4796 quod
2758 4742 2881 4782 eam
2923 4744 2992 4785 ex
3033 4730 3243 4786 semine
3271 4744 3373 4786 suo
3421 4744 3543 4784 esse

261 4818 454 4887 φωνεῖ.

1958 4820 2140 4877 sciret.

1419 4974 1478 5030 4t
1516 4975 1568 5028 in
1599 4974 1991 5046 inscriptionem
2018 4978 2215 5048 psalmi
2248 4996 2391 5036 XLVI.

333 5135 447 5206 ('78)
498 5135 855 5204 ’Aﬂardo'toq’
877 5137 976 5191 καὶ
1018 5135 1344 5204 Κύριλλος.
1374 5137 1579 5210 Κλῆςιν
1613 5137 1780 5191 ἐθνῶν
1822 5140 1871 5191 ὁ·

260 5227 479 5297 ᾧαλμὺς
514 5228 791 5299 σημαίνει,
822 5227 1082 5300 ᾁδόμενος
1109 5230 1174 5281 ἐκ
1210 5228 1505 5300 προσώπου
1541 5229 1648 5281 τῶν
1679 5229 1850 5298 ἁγίων

259 5319 579 5376 ἀποστόλων
630 5321 1040 5393 παραινούντων
1068 5325 1204 5391 acor;
1253 5320 1462 5375 ἔθνεσιν
1513 5322 1847 5394 ἁνασκιρτᾷν

341 5481 387 5512 ³⁷
416 5478 576 5534 Joan.
610 5497 663 5548 v,
689 5481 780 5537 20.
862 5483 907 5515 ³⁸
939 5480 1128 5537 Matth.
1207 5498 1326 5549 vnr,
1367 5484 1419 5537 5.

333 5635 448 5703 (77)
481 5635 619 5710 llaec
639 5635 1024 5710 diversasunt
1052 5615 1498 5710 ah_expositione
1532 5639 1696 5710 hujus
1727 5656 1848 5696 vcr-

258 5723 358 5764 sus
391 5726 404 5761 :
442 5707 532 5762 ubi
568 5706 622 5763 id
655 5707 720 5763 de
756 5705 997 5764 Ecclesia
1032 5705 1264 5778 explicat
1296 5705 1630 5768 Athanasius
1658 5727 1842 5783 snpra.

1508 5485 1552 5516 ’9
1593 5483 1724 5541 Luc.
1759 5503 1854 5552 vn,
1886 5487 1972 5541 Μ.

2029 5142 2352 5196 Athanasius
2377 5151 2423 5196 et
2451 5142 2705 5212 Cyrillus.
2755 5141 3148 5217 Pratsignilicat
3181 5145 3270 5200 hic
3297 5146 3544 5214 psalmus

1957 5236 2298 5290 vocationem
2343 5235 2624 5306 gentium,
2675 5251 2801 5292 cum
2843 5252 2910 5292 ex
2942 5252 3174 5307 persona
3227 5245 3540 5291 sanctorum

1955 5331 2326 5397 apostolorum
2359 5337 2590 5384 canatur
2617 5371 2630 5396 ,
2683 5329 2773 5399 qui
2811 5339 2996 5400 gentes
3026 5329 3422 5397 cohortantur,
3483 5339 3539 5381 ut

2059 5489 2103 5520 ³⁰
2136 5487 2294 5544 Joan.
2327 5505 2402 5554 vr,
2433 5489 2521 5544 '59.
2594 5489 2634 5520 ³⁸
2668 5489 2769 5544 lsa.
2811 5505 2888 5554 xi,
2911 5489 3003 5542 25.
3107 5489 3177 5520 ³¹“
3202 5487 3336 5543 Luc.
3376 5504 3415 5556 ι,
3445 5484 3535 5541 28.

2031 5645 2141 5717 (78)
2169 5644 2301 5702 Vide
2330 5656 2710 5718 argumentum
2739 5642 2946 5716 psalmi.
2969 5661 3111 5700 xcvi.
