3880 6216
399 257 506 311 567

1257 254 1315 310 S.
1355 254 1916 328 ATHANASIKOPP.
1955 254 2134 312 PARS
2167 253 2258 312 IlI.
2299 283 2368 298 -—
2409 255 2822 314 EXEGETICA.

3567 259 3668 315 568

393 389 487 444 per
509 372 754 427 actiones
787 371 960 426 bonas
989 384 1053 426 ac
1077 371 1368 440 prmclaras
1394 373 1666 426 exsultent
1689 387 1752 426 ac
1788 372 1982 426 trium-

2088 372 2170 425 διά
2217 373 2467 442 πράξεων
2518 373 2738 444 ἀγαθῶν
2789 372 2884 426 ἐπὶ
2914 373 2980 445 τῇ
3015 372 3281 446 γενομένῃ
3339 373 3466 446 νίκῃ
3525 374 3670 429 κατὰ

392 466 564 534 phent
591 464 659 518 de
693 471 848 533 parta
881 463 1109 518 victoria
1157 463 1223 518 de
1256 464 1594 518 damonibns
1625 464 1979 533 perniciosis-

391 557 574 612 simis.
633 554 934 626 lnscriptus
985 570 1149 625 porro
1197 563 1302 619 est,
1338 554 1445 608 Pro
1479 555 1610 624 ﬁliis
1649 553 1782 609 Core
1818 571 1834 608 :
1871 569 1980 608 non

394 649 543 718 quod
573 649 818 720 ipsorum
852 663 1018 704 causa
1053 648 1356 717 composita
1389 648 1504 702 haec
1539 646 1642 701 oda
1665 687 1678 708 ,
1715 646 1810 700 sed
1833 644 1980 716 quod

395 756 491 810 per
527 743 676 812 ipsos
707 741 1094 812 praecineretur
1119 782 1133 807 ,
1172 749 1358 810 utpote
1425 739 1490 794 ad
1529 739 1718 794 laudes
1747 737 1860 792 Deo
1893 737 1980 791 of-

399 833 651 888 ferendas
680 833 1033 888 constitutos.
1086 831 1354 886 Dicuntur
1381 841 1562 887 autem
1598 831 1701 886 ista
1722 871 1736 895 ,
1778 839 1838 883 ut
1861 833 1976 899 jam

395 924 778 992 prthiSStlm,
829 923 882 976 in
929 937 1165 992 persona
1218 931 1530 978 sanctorum
1584 922 1980 992 apostolorum,

395 1028 583 1086 utpote
625 1016 720 1087 qui
765 1017 906 1086 jussi
936 1025 1093 1070 erant
1121 1016 1318 1070 docere
1347 1029 1540 1070 omnes
1571 1023 1778 1086 gentes.
1840 1013 1980 1080 Quia

393 1125 524 1164 vero
566 1109 700 1164 ﬁdes
752 1109 1116 1179 plurimorum
1165 1119 1221 1162 et
1289 1107 1653 1162 maximorum
1709 1107 1979 1160 bonorum

397 1202 741 1256 conciliatrix
777 1202 1028 1270 gentibus
1062 1200 1236 1256 fuerat
1269 1220 1281 1255 :
1315 1217 1411 1271 per
1451 1202 1592 1256 hanc
1623 1202 1768 1256 enim
1803 1200 1978 1254 vocati

393 1297 552 1343 erant
583 1290 636 1344 in
667 1290 1014 1359 adoptionem
1055 1289 1182 1355 Dei,
1223 1305 1287 1344 ac
1313 1290 1982 1363 participationem_Spiri-

393 1390 484 1436 tus
521 1381 736 1446 sancti,
786 1383 985 1437 divina:
1035 1397 1255 1452 quoque
1289 1392 1498 1438 naturae
1533 1385 1976 1438 communionem

395 1472 610 1538 sortiti,
650 1489 714 1528 ac
747 1475 989 1543 opulenti
1023 1474 1215 1528 redditi
1255 1475 1442 1542 gratiis
1473 1474 1784 1529 coelestibus
1807 1515 1820 1537 ,
1853 1489 1980 1542 par-

395 1566 586 1634 ticipes
617 1566 851 1636 denique
884 1567 1009 1621 facti
1044 1576 1202 1622 erant
1233 1567 1348 1638 Spei
1382 1575 1732 1630 sanctorum,
1777 1567 1993 1634 idcirco,

395 1658 568 1726 igitur
595 1669 650 1713 et
681 1660 902 1728 quidem
933 1677 1040 1714 non
1073 1661 1280 1730 absque
1305 1661 1512 1716 ratione
1535 1701 1550 1726 ,
1581 1660 1842 1729 iubentur
1877 1675 1976 1728 pu-
2007 1703 2014 1730 τ

2007 1721 2054 1781 Β

395 1751 565 1808 blicas
595 1750 918 1808 festivitates
949 1768 1219 1822 peragere.

2082 462 2190 516 τῶν
2246 465 2539 536 ἀλιτηρίων
2582 466 2875 536 δαιμόνων.
2934 465 3369 536 Ἐπιγέγραπται
3401 465 3458 518 δὲ
3497 465 3670 532 ’Υπὲρ

2083 556 2202 610 τῶν
2237 557 2384 611 υἱῶν
2419 559 2590 625 Κορέ·
2621 559 2719 629 οὑχ
2746 558 2822 621 ὡς
2849 559 2989 628 ὑπὲρ
3011 558 3234 610 ἐκείνων
3265 558 3484 620 πάντως
3511 574 3670 626 γεγε-

2083 647 2322 720 νημένης
2352 649 2448 720 τῆς
2476 649 2638 720 ᾠδῆς,
2675 649 2788 704 ἀλλ’
2815 650 2890 713 ὡς
2929 650 2993 702 δι’
3041 649 3219 702 αὐτῶν
3249 650 3550 720 ὑπηρετεῖν
3586 667 3670 702 τε-

2083 741 2372 811 ταγμένων
2401 745 2468 812 τῇ
2495 743 2744 814 ἀναφορᾷ
2771 743 2866 813 τῆς
2889 742 3056 813 ᾠδῆς.
3101 743 3258 794 Ἐστι
3285 742 3364 802 δὲ,
3389 741 3467 805 ὡς
3513 744 3670 814 εἴρη-

2081 851 2204 896 ται,
2230 833 2340 886 τῶν
2371 835 2542 902 ἁγίων
2573 835 2886 888 ἀποστόλων
2931 833 2990 887 τὸ
3039 834 3352 906 πρόσωπον,
3390 833 3466 897 ὡς
3507 851 3670 886 κεκε-

2081 922 2394 992 λευσμένων
2428 923 2606 978 πάντα
2665 922 3004 994 μαθητεῦσαί⁹
3043 922 3112 976 τά
3147 921 3296 994 ἔθνη.
3339 923 3566 994 Ἐπειδὴ
3615 922 3672 976 δὲ

2082 1015 2352 1069 πλείστων
2386 1015 2524 1068 ὅσων
2559 1015 2741 1080 αὐτοῖς
2765 1016 2858 1069 καὶ
2883 1014 3134 1085 μεγάλων
3169 1014 3390 1082 ἀγαθῶν
3415 1015 3672 1086 προμνὴ-

2083 1125 2244 1178 στρια
2277 1108 2501 1176 γέγονεν
2532 1109 2566 1178 ή
2599 1108 2801 1170 πίστις·
2821 1107 3114 1178 κέκληνται
3145 1106 3254 1178 γὰρ
3287 1107 3353 1160 δι’
3382 1107 3558 1178 αὐτῆς
3591 1109 3672 1168 εἰς

2082 1198 2356 1252 υἱοθεσίαν
2409 1199 2580 1266 Θεοῦ,
2629 1203 2708 1264 είς
2749 1199 2964 1270 μέθεξίν
3001 1217 3063 1252 τε
3117 1200 3272 1268 ἁγίου
3321 1199 3680 1268 Πνεύματος,

2082 1292 2232 1356 θείας
2261 1311 2320 1346 τε
2348 1293 2560 1362 φύσεως
2587 1293 2844 1362 γεγόνασι
2879 1294 3146 1356 κοινωνοὶ,
3185 1293 3256 1346 τά
3287 1309 3346 1346 τε
3398 1291 3460 1356 ἐξ
3511 1292 3670 1364 οὐρα-

2081 1385 2172 1438 νοῦ
2212 1385 2526 1456 χαρίσματα
2577 1384 3009 1453 πεπλουτήκασι,
3043 1385 3138 1437 καὶ
3189 1383 3291 1453 τῆς
3341 1384 3448 1436 τῶν
3495 1383 3680 1452 ἁγίων.

2081 1475 2294 1540 ἐλπίδος
2329 1477 2662 1548 συμμέτοχοι
2691 1477 3097 1548 καθεστήκασι·
3129 1477 3302 1547 ταύτῃ
3330 1493 3410 1528 τοι
3436 1477 3532 1530 καὶ
3567 1475 3678 1546 μὰη

2080 1570 2147 1624 λα
2173 1570 2399 1632 εἰκότως
2423 1569 2812 1642 πανηγυρίζειν
2845 1571 3028 1631 αὐτοῖς
3049 1568 3454 1624 ἐπιτάττουσιν.

952 1907 1014 1960 Et
1045 1911 1096 1961 in
1128 1909 1358 1978 ejusdem
1391 1909 1583 1978 psalmi
1609 1910 1764 1988 verba
1791 1909 1935 1962 ista:
1967 1927 1985 1958 ι
2023 1905 2256 1978 Subjecit
2282 1909 2498 1977 populos
2525 1908 2674 1962 nobis
2697 1950 2712 1976 ,
2743 1925 2764 1960 ι
2811 1917 2934 1972 etc.,
2969 1923 3018 1960 υ.
3053 1905 3092 1959 4

469 2064 632 2120 Divus
667 2081 794 2120 vero
827 2065 1160 2124 Athanasius
1181 2106 1194 2127 ,
1225 2080 1322 2132 per
1345 2065 1575 2134 populos
1606 2073 1658 2118 et
1687 2071 1872 2134 gentes
1895 2063 1978 2116 in-

399 2159 593 2226 telligit
629 2155 910 2223 satanam,
939 2167 992 2212 et
1017 2173 1137 2227 quae
1163 2173 1287 2211 cum
1329 2173 1394 2212 eo
1431 2167 1558 2212 sunt
1585 2157 1851 2227 malignas
1883 2172 1978 2225 po—

399 2255 641 2301 testates.
675 2246 749 2302 De
777 2249 976 2318 quibus
1005 2248 1140 2302 dixit
1169 2246 1420 2303 Salvator
1446 2267 1460 2302 :
1489 2249 1620 2304 Ecce
1667 2249 1788 2302 dedi
1834 2249 1977 2302 vobis

393 2347 706 2404 potestatem
741 2338 1012 2392 incedendi
1045 2355 1201 2407 super
1239 2340 1562 2408 serpentibus
1589 2349 1640 2392 et
1688 2340 1980 2407 scorpioni-

400 2427 496 2480 bus
517 2429 626 2506 “f‘.
665 2427 978 2482 Danuonum
1012 2445 1247 2499 namque
1271 2441 1460 2499 gentes
1485 2429 1714 2500 subjecit
1747 2431 1976 2498 pedibus

397 2521 791 2588 apostolorum.

2155 2062 2266 2133 (79)
2305 2064 2364 2116 Ὁ
2391 2063 2448 2116 δὲ
2481 2062 2624 2128 θεῖος
2659 2063 2976 2126 Ἀθανάσιος
3001 2063 3162 2125 λαοὺς
3191 2063 3285 2116 καὶ
3319 2063 3446 2134 ἔθνη
3475 2063 3568 2116 τόν
3607 2081 3678 2116 τε

2083 2154 2325 2208 Σατανᾶν
2353 2156 2448 2208 καί¹
2485 2155 2584 2219 τὰς
2632 2156 2729 2209 σὺν
2763 2154 2912 2225 αὑτῷ
2955 2155 3200 2227 πονηρὰς
3226 2156 3486 2226 δυνάμεις
3527 2149 3668 2210 εἶναι

2083 2264 2216 2318 φησι
2239 2263 2249 2276 ·
2285 2247 2412 2319 περὶ
2438 2241 2512 2302 ὧν
2539 2247 2726 2317 ἔλεγεν
2747 2251 2776 2300 ό
2801 2250 2996 2320 Σωτήρ
3019 2265 3032 2278 °
3085 2249 3230 2303 Ἰδοὺ
3269 2249 3504 2302 δέδωκα
3523 2247 3666 2317 ὑμῖν

2084 2339 2297 2392 πατεῖν
2321 2341 2522 2393 ἐπάνω
2547 2340 2745 2408 ὄφεων
2773 2341 2870 2393 καὶ
2919 2342 3249 2408 σκορπίων.
3281 2341 3364 2394 Τά
3395 2341 3510 2412 γὰρ
3539 2340 3668 2396 ἔθνη

2081 2431 2190 2486 τῶν
2215 2432 2486 2487 δαιμόνων
2507 2432 2742 2498 ὑπέταξε
2775 2433 2888 2495 τοῖς
2919 2433 3026 2487 τῶν
3057 2433 3368 2487 ἀποστόλων
3414 2433 3596 2484 ποσίν.

1611 2610 1739 2665 Item
1770 2613 1824 2664 in
1853 2612 2101 2680 prooemio
2126 2611 2262 2682 psal.
2297 2627 2464 2668 XLVII.

471 2772 817 2825 Athanasius.
855 2769 1081 2824 Canitur
1106 2769 1268 2838 igitur
1298 2776 1353 2822 et
1381 2768 1468 2822 hic
1495 2767 1736 2836 psalmus
1765 2781 1830 2821 ex
1863 2783 1979 2836 per-
2005 2769 2052 2834 ο

397 2879 532 2918 sana
584 2871 902 2918 sanctorum
950 2861 1320 2930 apostolorum
1349 2901 1364 2924 ,
1419 2861 1792 2915 enarrantium
1837 2875 1976 2929 quas

397 2955 548 3024 passi
579 2963 707 3010 sunt
731 2954 1145 3023 persecutiones
1171 2960 1392 3022 propter
1419 2951 1890 3020 praedicationem,
1925 2961 1978 3006 et

395 3048 658 3102 victorias
705 3061 842 3116 quas
879 3046 934 3099 in
986 3043 1460 3114 persecutionibus
1507 3043 1827 3098 retulerunt.
1891 3041 1978 3098 ln-

397 3140 660 3194 seribitur
691 3149 870 3192 autem
923 3136 1198 3192 Canticum
1231 3136 1458 3204 psalmi,
1505 3151 1569 3192 eo
1606 3139 1752 3206 quod
1797 3136 1978 3191 ethica

397 3233 741 3302 philosophia
780 3229 1238 3308 cum'thcoretica
1267 3229 1323 3282 in
1347 3243 1412 3284 eo
1434 3229 1724 3300 conjuncta
1753 3231 1843 3286 sit.

2155 2766 2267 2838 (80)
2301 2769 2357 2824 'A
2367 2770 2672 2837 θανάσίος.
2696 2769 2916 2841 ’ᾼδεται
2935 2769 3118 2840 μέντοι
3135 2771 3227 2822 καὶ
3239 2763 3393 2832 οὗτος
3411 2771 3440 2822 ό
3454 2766 3674 2840 ψαλμδς.

2081 2860 2148 2914 ὲκ
2199 2861 2491 2934 προσώπου
2541 2863 2650 2916 τῶν
2697 2861 2865 2932 ἁγίων
2907 2861 3240 2926 ἀποστόλων,
3292 2861 3676 2933 διηγουμένων-

2083 2953 2210 3016 τοὺς
2244 2953 2336 3006 διὰ
2361 2955 2422 3006 τὸ
2455 2954 2716 3026 κήρυγμα
2753 2953 3046 3022 διωγμοὺς,
3083 2954 3177 3006 καὶ
3213 2952 3313 3016 τάς
3355 2955 3514 3017 νίκας
3567 2952 3672 3016 τὰς

2085 3045 2177 3098 ἐπὶ
2205 3044 2414 3108 τούτοις
2441 3045 2758 3116 γενομένας.
2802 3042 2940 3113 ’ῼδὴ
2992 3044 3048 3096 δὲ
3085 3043 3331 3113 ψαλμοῦ
3363 3044 3678 3117 ἐπιγέγρα-

2087 3155 2238 3200 πται,
2279 3137 2354 3200 ώς
2381 3137 2480 3207 τῆς
2511 3135 2707 3208 ἠθικῆς
2741 3134 3060 3208 φιλοσοφίας
3103 3137 3240 3208 πρὸς
3273 3135 3371 3206 τὴν
3398 3137 3668 3207 θεωρητι-

2090 3227 2191 3297 κὴν
2225 3226 2652 3298 συνδραμούσης.

897 3387 964 3440 Ει
992 3390 1048 3442 in
1079 3391 1232 3443 verba
1265 3388 1377 3456 ejus
1403 3405 1422 3442 :
1457 3408 1474 3440 ι
1507 3388 1770 3453 Quoniam
1799 3404 1912 3441 ecce
1941 3404 2084 3458 reges
2116 3396 2270 3443 terra:
2300 3385 2602 3459 congregati
2630 3393 2776 3450 sunt,
2807 3404 2824 3437 ι
2861 3395 2958 3441 etc.
2981 3427 2997 3455 ,
3025 3404 3075 3440 υ.
3111 3384 3164 3440 5.

471 3549 539 3604 At
570 3549 866 3604 secundum
901 3563 1158 3618 magnum
1205 3549 1563 3604 Athanasium
1591 3590 1606 3614 ,
1640 3547 1978 3617 signiﬁcatur

396 3642 486 3695 hic
521 3641 745 3702 bellum,
777 3642 919 3708 quod
951 3643 1019 3694 ob
1056 3642 1498 3711 praedicationem
1535 3649 1724 3695 contra
1757 3649 1975 3708 aposto-

396 3733 479 3787 los
512 3741 726 3802 gestum
763 3740 846 3785 est
870 3770 884 3792 ,
917 3740 1032 3785 tam
1067 3747 1096 3786 a
1127 3731 1434 3786 visibilibus
1468 3731 1707 3802 gentium
1733 3731 1974 3800 regibus,

397 3839 564 3895 quam
595 3823 662 3876 ab
695 3823 1062 3877 invisibilibus
1111 3823 1482 3888 daemonibus,
1520 3824 1612 3892 qui
1638 3823 1765 3878 olim
1795 3823 1974 3876 domi-

395 3915 690 3968 nabantur.
718 3915 820 3982 Qui
845 3925 898 3970 et
923 3916 1234 3971 conturbati
1259 3927 1385 3970 sunt
1406 3933 1470 3971 ac
1493 3926 1670 3970 mente
1693 3917 1972 3982 commoti,

397 4006 492 4060 ubi
519 4006 774 4060 viderunt
805 4006 976 4061 Deum
1024 4007 1228 4062 sanctis
1273 4009 1390 4062 suis
1423 4009 1696 4062 auxiliari.
1761 4007 1974 4077 Insigne

395 4097 543 4153 enim
578 4099 746 4152 robur
775 4099 1046 4154 servantis
1075 4114 1201 4166 eos,
1241 4099 1656 4153 admirationem
1703 4108 1756 4152 et
1789 4107 1975 4168 stupo—

393 4203 512 4260 rem
543 4189 742 4242 attulit.
804 4188 1006 4242 Deinde
1040 4187 1201 4242 etiam
1233 4187 1538 4244 conturbati
1575 4196 1741 4250 sunt,
1793 4196 1854 4241 ut
1882 4188 1978 4256 qui

2157 3547 2268 3618 (81)
2298 3547 2456 3600 Κατὰ
2481 3547 2536 3600 δὲ
2569 3547 2658 3602 τὸν
2691 3548 2862 3618 μέγαν
2909 3545 3247 3610 Ἀθανάσιον,
3299 3548 3330 3600 ό
3364 3547 3508 3602 κατά
3555 3552 3672 3603 τῶν

2082 3640 2397 3693 ἀποστόλων
2424 3640 2510 3693 διὰ
2539 3641 2599 3694 τὸ
2627 3642 2892 3710 κήρυγμα
2911 3640 3200 3709 γενόμενος
3229 3640 3464 3711 πόλεμος
3481 3641 3664 3694 ὁπότε

2081 3727 2192 3780 τῶν
2219 3728 2491 3800 αἰσθητῶν
2515 3729 2778 3799 βασιλέων
2799 3729 2906 3782 τῶν
2926 3729 3116 3792 ἐθνῶν,
3151 3729 3247 3782 καὶ
3284 3729 3390 3800 μὴν
3421 3731 3518 3783 καὶ
3555 3732 3670 3784 τῶν

2082 3819 2328 3890 ἀοράτων
2357 3820 2624 3890 δαιμόνων
2650 3820 2757 3872 τῶν
2793 3820 2959 3872 πάλαι
2979 3819 3392 3889 βασιλευόντων,
3427 3823 3670 3876 ἐνταῦθα

2085 3910 2426 3980 σημαίνεται.
2455 3909 2516 3963 Οἳ
2540 3911 2633 3963 καὶ
2665 3909 3085 3979 κατεπλάγησαν
3111 3910 3204 3962 καὶ
3229 3909 3548 3980 ἐξέστησαν,
3565 3913 3670 3983 τὴν

2084 4001 2384 4072 γενομένην
2417 4001 2664 4074 βοήθειαν
2693 4004 2844 4072 παρά
2875 4001 2968 4054 τοῦ
2995 4000 3131 4053 Θεοῦ
3163 4005 3275 4064 τοῖς
3307 4002 3486 4070 ἁγίοις
3529 4003 3668 4056 θεω-

2083 4095 2320 4164 ροῦντες.
2370 4095 2434 4148 Ἦ
2463 4095 2571 4166 γὰρ
2597 4093 2870 4166 ὑπερϐολὴ
2895 4095 2994 4164 τῆς
3037 4094 3218 4164 ἰσχύος
3256 4093 3348 4149 τοῦ
3393 4093 3672 4161 σώζοντος

2077 4188 2137 4240 τὸ
2171 4186 2356 4256 θαῦμα
2388 4188 2569 4250 αὐτοῖς
2591 4188 2682 4240 καλ¹
2701 4187 2802 4256 τὴν
2820 4187 3159 4256 κατάπληξιν
3189 4185 3493 4257 εἴργασται.
3525 4186 3668 4242 Εἶτα

397 4280 600 4333 bellum
629 4278 740 4334 Deo
767 4279 1113 4343 intulissent,
1163 4293 1229 4334 ac
1261 4280 1314 4334 in
1345 4279 1576 4334 summis
1623 4279 1776 4333 fuere
1821 4279 1976 4334 dolo-

2088 4280 2478 4350 ἐταράχθησαν,
2501 4280 2575 4342 ὡς
2605 4278 2670 4332 ἂν
2692 4277 2828 4331 Θεοῦ
2857 4280 3230 4342 καταστάντες
3267 4279 3540 4349 πολέμιοι,
3565 4282 3668 4336 καὶ

393 4371 570 4426 ribus.
606 4369 758 4436 Quod
798 4385 926 4424 vero
959 4371 1216 4440 deinceps
1241 4370 1560 4440 subjicitur,
1595 4371 1736 4425 scias
1757 4410 1771 4434 ,
1805 4387 1970 4426 naves

393 4460 621 4518 Tharsis
647 4463 754 4517 diei
781 4477 904 4531 qua:
930 4461 1176 4532 ingentes
1201 4462 1421 4516 divitias
1459 4461 1736 4516 Salomoni
1777 4461 1970 4528 atIere-

391 4553 521 4608 bant
542 4594 556 4618 ,
595 4553 1054 4623 quemadmodum
1084 4553 1138 4607 in
1167 4553 1394 4608 historia
1427 4552 1737 4623 Regnorum
1771 4569 1972 4623 cogno-

389 4642 596 4714 vimus.
649 4643 829 4710 Quare
855 4646 1018 4699 etiam
1061 4644 1152 4699 hic
1179 4659 1275 4714 per
1307 4644 1572 4700 contritas
1601 4659 1768 4698 naves
1797 4643 1970 4698 Thar-

389 4735 469 4790 sis
492 4775 507 4799 ,
531 4713 864 4806 signiﬁcavit
891 4713 1398 4793 exterminationem
1427 4753 1590 4806 opum
1617 4747 1671 4792 et
1715 4739 1968 4807 potentiae

391 4843 578 4898 regum
611 4829 1015 4897 przndictorum.
1063 4829 1320 4900 Spiritum
1357 4845 1486 4884 vero
1530 4829 1826 4884 violentum
1871 4847 1966 4886 su-

395 4933 507 4974 mes
537 4933 637 4986 pro
661 4921 916 4988 potentiis
945 4921 1420 4987 intellectualibus,
1449 4937 1543 4991 per
1573 4937 1714 4992 quas
1745 4931 1966 4992 aposto-

395 5012 566 5068 lorum
603 5011 790 5066 hostes
815 5013 1116 5067 debellavit.

2075 4363 2218 4438 ἦσαν
2245 4369 2320 4431 ὡς
2353 4370 2410 4420 ἐν
2439 4368 2614 4422 ὠδῖσι.
2661 4369 2734 4420 Τό
2777 4385 2842 4436 γε
2885 4370 2992 4440 μὴν
3035 4369 3162 4440 ἑξῆς
3197 4371 3486 4441 εἰρημένον
3536 4373 3668 4425 ἐπι-

2079 4463 2281 4531 στήσας
2309 4462 2542 4531 νοήσεις,
2577 4459 2652 4523 ὡς
2677 4461 2803 4531 νῆες
2845 4461 3079 4532 Θαρσεῖς
3103 4462 3372 4530 ἐλέγοντο,
3423 4463 3668 4520 πλοῦτον

2076 4553 2338 4623 φέρουσαι
2369 4557 2540 4624 μέγαν
2579 4554 2655 4624 τῷ
2693 4554 3018 4624 Σολομῶντι,
3063 4555 3316 4626 καθάπερ
3355 4557 3411 4610 ἐν
3445 4559 3512 4628 τῇ
3548 4559 3664 4612 τῶν

2075 4645 2375 4698 Βασιλειῶν
2407 4645 2724 4715 ἐγνώκαμεν
2760 4645 2990 4716 ἱστορίᾳ.
3023 4647 3114 4699 Διὸ
3143 4648 3238 4700 καὶ
3289 4647 3383 4702 νῦν
3423 4648 3516 4702 διὰ
3545 4650 3664 4704 τῶν

2079 4735 2514 4806 συντριϐομένων
2559 4736 2759 4789 πλοίων
2803 4736 3035 4807 Θαρσεῖς
3085 4738 3184 4808 τὴν
3233 4738 3508 4792 ἀπώλειαν
3561 4741 3662 4795 τοῦ

2075 4825 2310 4879 πλούτου
2347 4828 2439 4879 καὶ
2467 4828 2564 4897 τῆς
2597 4828 2916 4890 δυναστείας
2951 4827 3061 4880 τῶν
3087 4828 3494 4900 προλεχθέντων
3527 4832 3662 4904 ἐδή-

2070 4920 2210 4972 λωσε
2249 4919 2534 4988 βασιλέων.
2587 4920 2812 4991 Πνεῦμα
2855 4923 2912 4975 δὲ
2942 4922 3116 4992 βίαιον
3149 4922 3342 4991 νοητὰς
3389 4923 3664 4993 δυνάμεις

2071 5011 2223 5074 τινὰς
2259 5013 2495 5082 νοήσεις,
2541 5012 2606 5065 δι’
2635 5005 2710 5067 ὧν
2739 5015 2865 5077 τοὺς
2915 5014 3144 5086 ἐχθροὺς
3191 5013 3299 5066 τῶν
3339 5013 3662 5070 ἀποστόλων

2075 5101 2544 5173 κατεπολέμησεν.

1215 5233 1380 5302 {Item
1409 5235 1462 5288 in
1495 5235 1588 5289 illa
1619 5236 1772 5289 verba
1801 5252 1818 5288 :
1855 5253 1874 5285 ι
1905 5233 2128 5304 Propter
2155 5235 2366 5306 judicia
2395 5245 2508 5300 tua,
2537 5236 2777 5292 Domine.
2819 5258 2837 5290 ι

459 5369 763 5428 Athanasii.
805 5373 963 5438 Quia,
1000 5374 1194 5444 inquit,
1225 5375 1532 5446 dijudicans
1560 5379 1800 5450 gentium
1827 5397 1960 5437 cau—

459 5487 503 5520 ⁸¹
533 5487 664 5545 Luc.
685 5509 714 5544 x
735 5531 750 5548 .
775 5492 860 5546 19.

749 5588 800 5663 in
820 5595 1150 5663 argumento
1169 5587 1331 5660 hujus
1357 5592 1590 5663 psalmi.

459 5653 568 5716 (80)
605 5657 730 5711 \"itlc
761 5653 978 5716 ibidem.

2142 5379 2252 5448 (8%
2290 5381 2667 5434 Ἀθανίισίου.
2691 5381 2812 5437 Ὅτι
2836 5382 3021 5454 κρίνας
3048 5384 3144 5457 τὴν
3156 5385 3311 5456 δίκην
3325 5383 3434 5442 τῶν
3456 5385 3660 5455 ἐθνῶν,

2137 5589 2248 5660 (st)
2283 5588 2356 5660 [tn
2393 5590 2608 5646 videsis.

2137 5657 2244 5729 (se)
2285 5657 2415 5715 Vide
2447 5661 2576 5718 ibid.
