3880 6216
106 317 223 372 569'
1080 315 1508 373 FRAGMENTA
1562 320 1922 376 COMM'ENT.
1967 322 2030 376 1N
2073 322 2416 379 PSALMOS.
3268 331 3334 384 5'7

109 437 383 506 ἐξῆλασας
412 441 502 489 τὸν
531 438 649 489 κατ’
695 435 872 490 αὐτῶν
915 435 1170 505 πολέμιον
1218 436 1466 507 δαίμονα.
1519 440 1580 492 Εἰ
1634 441 1730 502 δὲ,

1841 459 1935 509 tm,
1969 445 2175 513 eiecisti
2218 444 2519 497 daemonem
2555 455 2699 511 Ipsas
2730 442 3135 513 impugnantem
3189 442 3398 524 Quodj

111 529 316 600 βὀύλεῖ,
340 530 466 599 ὅρος
500 529 638 582 Σιὼν
660 531 709 581 οἱ
730 529 791 582 τὸ
818 529 950 598 ὕψος
971 530 1068 600 τῆς
1100 529 1379 598 Θεολογίας
1400 549 1665 584 πεπιστευ
1682 561 1696 570 -

1841 538 1849 589 i
1882 537 1954 589 ita
1977 537 2079 595 vis,
2107 552 2266 590 rnons
2293 535 2445 600 Sion,
2471 536 2581 591 sint
2607 535 2804 604 quibus
2827 551 3076 604 suprema
3109 533 3383 604 theologia

117 621 270 692 μένοι
293 637 307 650 ο
342 620 642 692 θυγατέρες
683 621 740 673 δὲ
780 621 878 690 τῆς
939 622 1193 685 Ἰουδαίας
1224 623 1280 674 αί
1323 622 1465 675 κατὰ
1496 621 1590 692 τὴν
1621 623 1699 674 ol-

1841 626 2116 680 oncredita
2142 635 2226 679 est
2253 645 2266 678 :
2293 625 2416 681 tiliae
2451 643 2577 680 vero
2604 626 2821 689 Judtere,
2857 625 3113 680 Ecclesia:
3142 642 3262 696 quae
3287 641 3393 703 per;

113 730 213 766 που
223 713 394 783 μένην
431 713 774 783 Ἐκκλησίαι,
803 714 878 776 ὡς
901 715 1004 768 ὑπὸ
1034 715 1142 767 τῶν
1167 715 1481 768 ἀποστόλων
1505 718 1699 783 παγεῖ-

1842 718 1993 771 rbem
2037 725 2308 771 terrarum
2357 716 2618 786 dispersae
2667 727 2826 781 sunt,
2855 718 2922 769 ab
2950 717 3246 786 apostolis,
3287 713 3382 784 qui

119 822 232 870 σαι,
263 807 313 858 οἳ
338 805 401 858 τὸ
429 805 586 873 γένος
615 805 672 872 ἐξ
710 807 978 859 Ἰουδαίων
1021 808 1279 876 κατῆγον.
1324 809 1617 878 Παρεγγυᾷ
1647 807 1703 860 δὲ

1841 825 1978 864 enus
2005 825 2073 864 ex
2101 807 2306 863 Iudaeis
2338 809 2603 862 ducebant
2627 851 2640 873 ,
2673 809 3001 862 constitutae.
3063 807 3223 860 Jubet
3253 821 3383 861 vero

117 899 214 950 καὶ
254 901 369 960 τοῖς
418 897 780 968 κηρύττουσιν
830 899 1217 969 εὐφραίνεσθαι
1269 899 1433 952 ’ἑνεκα
1489 899 1600 951 τῶν
1633 900 1705 952 δι-

1843 903 1970 957 tiam
1995 901 2384 972 praedicatores
2419 901 2653 967 gaudere
2690 901 3075 970 propterjusta
3116 899 3208 953 Dei
3237 899 3386 970 judi-

120 989 292 1042 καίων
317 990 409 1042 τοῦ
431 991 568 1043 Θεοῦ
599 992 902 1061 χριμάτων,
933 987 1013 1053 οἷς
1058 991 1424 1062 χρησάμενος,
1457 991 1562 1062 τὴν.
1603 991 1714 1061 τῆς

1843 995 1914 1060 ia,
1946 1007 2067 1064 qua:
2097 1006 2363 1050 exercens
2388 991 2538 1047 orbis
2567 991 2796 1048 salutem
2817 999 3072 1061 operatus
3095 996 3209 1045 est.

121 1082 239 1135 οίκο
251 1104 272 1134 J
283 1083 451 1153 μένης
473 1083 746 1154 σωτηρίαν
773 1082 1284 1153 ἐπραγματεύσατο.

669 1237 806 1292 Item
837 1242 892 1292 in
922 1238 1060 1307 psal.
1094 1253 1221 1291 ηιξ
1256 1237 1352 1291 illa
1382 1237 1534 1291 verba
1561 1254 1579 1290 :
1614 1257 1634 1289 ι
1664 1235 1746 1290 Ea:
1771 1233 1900 1292 Sion
1930 1237 2121 1306 species
2149 1237 2350 1290 decoris
2375 1238 2488 1306 ejus
2510 1278 2523 1300 ,
2556 1212 2582 1288 ἰ
2613 1245 2734 1300 ete.,
2759 1250 2805 1287 υ.
2833 1239 2891 1287 ‘2.

1888 1401 1958 1448 At
1993 1381 2290 1449 secundum
2325 1409 2580 1464 magnum
2623 1394 2978 1448 Athanasium
3000 1434 3016 1458 ,
3049 1409 3116 1448 ex
3141 1395 3406 1464 superna.

1819 1486 1986 1540 Sionc
2017 1488 2316 1540 secundum
2369 1487 2660 1541 adventum
2692 1503 2849 1540 suum
2879 1489 3178 1541 constituet
3205 1487 3395 1542 Domi-

1818 1596 1944 1641 nus,
1981 1579 2272 1644 illustrem,
2302 1579 2524 1646 inquam
2547 1619 2562 1644 ,
2595 1579 2744 1631 illum
2779 1587 2831 1632 et
2861 1579 3196 1647 gloriosum,
3231 1593 3404 1649 quem-

1817 1674 1983 1742 etiam
2013 1673 2216 1728 idcirco
2250 1674 2486 1743 speciem
2521 1674 2736 1728 decoris
2774 1673 3084 1742 appellavit.

196 1403 312 1473 (83)
353 1403 512 1457 Κατὰ
542 1402 598 1455 δὲ
627 1401 717 1454 τὸν
747 1400 918 1471 μέγαν
961 1397 1274 1452 Ἀθανάσιον
1297 1435 1314 1462 ,
1359 1398 1423 1450 ἐκ
1467 1399 1566 1468 τῆς
1597 1398 1724 1452 ἄνω.

125 1493 269 1546 Σιὼν
301 1497 330 1547 ό
363 1495 566 1564 Κύριος
600 1493 698 1564 τὴν
726 1492 984 1562 δευτέραν
1034 1490 1336 1560 παρουσίαν
1386 1491 1708 1560 ποιήσεται,

124 1587 228 1655 τὴν
257 1587 496 1656 ἐπιφανῆ
521 1587 612 1638 καὶ
646 1585 876 1651 ἔνδοξον,
919 1585 983 1653 ἢν
1028 1584 1123 1637 καὶ
1157 1581 1488 1651 εὐπρέπειαν
1518 1571 1713 1649 ὧραιόέ-

126 1693 293 1746 τῖμος
324 1677 620 1747 κέκληκεν..

839 1831 908 1886 1η
939 1833 1075 1903 psal.
1111 1849 1141 1886 1-.
1173 1831 1366 1886 verba:
1401 1849 1419 1883 ι
1451 1832 1556 1886 Cor
1581 1850 1730 1888 muna

1856 1852 1974 1888 rrea
2001 1837 2056 1889 in
2085 1851 2210 1899 ine,
2237 1833 2374 1886 Deus
2399 1870 2413 1892 ,
2454 1852 2471 1884 ι
2507 1850 2554 1886 υ.
2597 1831 2697 1889 12.,

203 1995 316 2065 (85)
344 1995 501 2049 Κατὰ
529 1995 587 2048 δὲ
625 1995 716 2048 τὸν
740 1995 925 2066 ’μέγαν
973 1995 1309 2060 Ἀθανάσιον,
1361 1997 1582 2070 Πνεῦμα
1609 2001 1702 2052 τὸν

1880 1997 2190 2053 Secundum
2248 2010 2428 2054 autem
2490 2016 2748 2069 magnum
2806 1999 2960 2054 illum
3012 2000 3407 2068 Athanasium,

129 2087 259 2140 νοῦν
288 2088 550 2141 ἐκάλεσεν
575 2105 587 2117 ·
620 2088 776 2150 stos;
825 2088 883 2140 δέ
914 2087 1078 2142 αὑτοῦ
1128 2090 1188 2142 τὸ
1237 2089 1483 2161 ἐδραῖον·
1512 2092 1714 2145 ὡσανεὶ

1841 2090 2086 2160 Spiritum
2136 2095 2426 2162 appellavit
2479 2094 2650 2162 ipsam
2687 2104 2954 2158 mentem;
3018 2094 3408 2148 rectitudinem

130 2179 318 2246 λέγοι·
363 2181 683 2249 Ἀσφάλισαί
721 2199 820 2251 μου
843 2180 934 2236 τὸν
967 2180 1114 2247 νοῦν,
1141 2183 1236 2238 τοῦ
1274 2183 1471 2256 μηκέτι
1493 2185 1714 2239 εὔκολον

1841 2199 1951 2236 rero
1985 2200 2081 2250 pro
2110 2185 2365 2239 firmitate
2391 2186 2510 2254 ejus
2541 2186 2696 2249 dixit,
2721 2187 2878 2254 quasi
2901 2186 3126 2242 dixisset
3150 2206 3164 2240 :
3190 2187 3401 2240 Conﬁr-

130 2267 274 2329 εἶναι
309 2275 672 2330 καταπίπτειν
710 2279 787 2338 εἰς
814 2276 1120 2347 ἁμαρτίανι

1842 2290 1908 2326 na
1940 2285 2174 2328 mentem
2209 2291 2404 2340 meam,
2431 2284 2490 2329 ut
2513 2291 2855 2344 nequaquam
2881 2277 3137 2346 proclivis
3160 2279 3231 2334 sit
3251 2277 3402 2338 dein.-

1819 2381 1947 2435 ceps
1977 2366 2044 2420 ad
2085 2368 2478 2436 prolabendum
2519 2367 2574 2422 in
2610 2376 2912 2436 peccatum.

743 2521 808 2576 In
845 2522 984 2592 psal.
1015 2537 1086 2577 ιι
1122 2523 1222 2577 illa
1251 2525 1403 2580 verba
1435 2542 1456 2579 :
1487 2542 1506 2575 ι
1540 2523 1582 2577 Α
1610 2524 1804 2592 ﬁnibus
1834 2497 2003 2578 (erras
2018 2521 2088 2575 ad
2119 2532 2168 2576 te
2205 2522 2452 2584 clamavi,
2487 2540 2505 2572 ι
2541 2529 2667 2585 elc.,
2697 2537 2744 2575 υ.
2778 2520 2832 2577 3.

225 2679 590 2735 Ἄθανασσίσυ
633 2680 732 2734 καὶ
784 2681 1100 2735 Εὐσεόἰου.
1148 2681 1372 2751 Ἀκηδιᾷ
1419 2682 1474 2734 δὲ
1509 2680 1724 2749 ἀληθῶς

136 2769 239 2823 καὶ
275 2769 537 2839 ἀδημονεῖ
583 2772 690 2832 πᾶς
732 2769 982 2840 θεοφιλὴς
1022 2771 1100 2841 τῷ
1145 2770 1323 2842 θνητῷ
1372 2771 1724 2841 ἐνδιατρίϐων

138 2862 250 2932 βίῳ
275 2878 288 2889 ⁶
324 2861 584 2931 ἁδημονεῖ
610 2862 666 2914 δὲ
703 2863 797 2915 καὶ
823 2861 912 2914 διὰ
939 2863 1366 2932 φιλανθρωπίαν,
1423 2862 1483 2914 τὸ
1522 2861 1724 2930 πλῆθος

130 2953 255 3007 τὼν
298 2954 688 3024 ἀπολλυμένων
723 2954 962 3025 Θεωρῶν.
1012 2955 1229 3025 Ἐπειδὴ
1263 2950 1355 3007 οὖν
1384 2954 1478 3006 καὶ
1519 2953 1682 3007 Δαυῒδ
1705 2994 1723 3017 ,

134 3047 224 3106 είς
295 3045 392 3113 τὴν
445 3045 906 3100 καταδυναστείαν
958 3046 1052 3098 καὶ
1102 3043 1394 3114 τυραννίδα
1442 3043 1549 3097 τῶν
1600 3044 1717 3096 δαι-

137 3139 328 3208 μόνων
374 3136 616 3208 Θεωρῶν,
674 3138 904 3208 ἀκηδίας
937 3138 1299 3209 πεπλήρωτο,
1335 3138 1526 3190 τούτου
1561 3139 1719 3209 χάριν

136 3229 405 3290 ἱκετεύει,
431 3229 598 3291 ὅπως,
635 3230 916 3297 ἐπιφανεὶς
953 3231 982 3282 ό
1023 3228 1247 3301 Κύριος,
1277 3230 1377 3300 τῆς
1404 3231 1512 3283 τῶν
1543 3231 1719 3300 βιαζο-

141 3321 330 3390 μένων
360 3322 509 3390 ἡμᾶς
533 3319 784 3390 ἐξέληται
824 3321 1006 3392 χειρός
1035 3321 1169 3392 (85).
1221 3322 1293 3374 Τὸ
1339 3323 1416 3386 δὲ,
1457 3324 1575 3376 ἀπὸ
1604 3322 1724 3376 τῶν

1897 2679 2180 2734 Athanasii
2234 2688 2284 2732 et
2342 2677 2578 2731 Eusebii.
2635 2676 2847 2730 Anxius
2888 2685 3037 2732 certe
3069 2675 3416 2733 estet-dolet:

1832 2772 2014 2826 omnis
2047 2770 2142 2824 Dei
2175 2786 2386 2833 amans,
2411 2769 2538 2822 dum
2564 2768 2675 2837 agit
2707 2768 2760 2820 in
2795 2768 2896 2821 hac
2922 2767 3032 2821 vita
3059 2787 3070 2820 :
3098 2768 3244 2822 dolet
3276 2782 3407 2823 vero

1828 2865 1994 2919 etiam
2037 2863 2106 2917 ob
2148 2862 2574 2916 benevolentiam
2599 2901 2613 2925 ,
2649 2861 2840 2914 videns
2886 2868 3089 2914 tantam
3124 2860 3408 2913 hominum

1826 2955 2228 3008 multitudinem
2263 2953 2458 3022 perire.
2497 2951 2637 3018 Quia
2668 2952 2832 3022 igitur
2861 2951 3024 3006 etiam
3054 2949 3257 3015 David,
3282 2965 3417 3004 cum

1825 3047 2122 3114 respiceret
2155 3045 2220 3098 ad
2252 3045 2548 3114 potentiam
2595 3059 2658 3097 ac
2703 3043 3043 3114 tyrannidem
3076 3043 3410 3109 daemonum,

1827 3140 2102 3192 anxietate
2141 3137 2538 3207 corripiebatur
2563 3177 2577 3201 ,
2634 3136 2838 3191 ideirco
2867 3137 3136 3204 supplicat
3175 3133 3285 3190 Deo
3309 3177 3324 3200 ,
3351 3144 3418 3189 ut

1830 3233 2097 3287 Dominus
2128 3234 2182 3286 in
2210 3250 2368 3286 carne
2399 3249 2456 3287 se
2485 3232 2843 3287 manifestans
2864 3273 2878 3298 ,
2916 3248 3016 3286 nos
3045 3230 3111 3284 de
3158 3229 3417 3284 manibus

1831 3324 2203 3392 torquentium
2227 3333 2402 3376 eruat.
2433 3322 2564 3376 Illud
2593 3338 2744 3386 vero,
2768 3341 2799 3375 ιι
2829 3322 3022 3391 ﬁnibus
3049 3331 3222 3384 terrre,
3249 3319 3411 3390 signi-

140 3411 429 3478 περάτων
459 3411 569 3479 τῆς
597 3411 730 3482 γῆς,
759 3413 1013 3484 σημαίνει
1045 3415 1187 3486 ὑπὲρ
1231 3416 1409 3484 πάσης
1447 3415 1610 3468 αὑτὸν
1633 3416 1730 3485 τῆς

1841 3417 1960 3470 Iieat
1992 3417 2168 3485 ipsum
2207 3431 2305 3484 pro
2335 3417 2591 3469 universo
2625 3424 2891 3470 terrarum
2921 3415 3051 3468 orbe
3077 3429 3266 3483 preces
3290 3411 3412 3466 fun-

140 3502 478 3573 οἰκουμένης
509 3504 828 3574 ποιούμενον
859 3505 957 3568 τὰς
987 3505 1157 3569 λιτάς.
1190 3508 1262 3560 Οὐ
1292 3508 1451 3577 μόνον
1474 3508 1551 3570 δὲ,
1597 3506 1732 3561 ἀλλὰ

141 3595 245 3650 καὶ
268 3596 331 3647 τὺ
367 3595 530 3664 μέσον
570 3596 706 3649 Θεοῦ
749 3597 843 3650 καὶ
876 3597 1179 3668 ἀνθρώπων
1211 3600 1400 3664 οὐσίας
1426 3600 1560 3653 πολὺ
1591 3619 1732 3672 παρ-

147 3687 414 3749 ιστῶντα,
473 3689 612 3741 κατὰ
657 3689 719 3741 τὸ
762 3692 820 3742 ἐν
852 3689 930 3760 τῷ
981 3691 1415 3761 Ἐκκλησιαστῇ·
1479 3693 1540 3744 Ὀ
1585 3693 1730 3758 Θεὸς

144 3777 218 3830 ἐν
250 3773 332 3839 τῷ
363 3776 596 3842 οὐρανῴ
626 3775 767 3839 ἅνω,
808 3777 909 3829 καὶ
952 3777 1033 3830 σὺ
1076 3777 1147 3830 ἐν
1188 3775 1262 3845 τῇ
1296 3776 1372 3846 γῇ
1408 3777 1599 3843 aedtth
1625 3777 1732 3830 Τοῦ

151 3870 347 3936 μέντοι
381 3869 681 3938 Συμμὰχου
715 3870 1054 3939 σαφέστερον
1089 3869 1357 3934 εἰπόντος,
1388 3870 1458 3921 ἐν
1483 3868 1561 3933 τῷ
1593 3869 1736 3937 ἀδη-

142 3961 385 4031 μονεῖν,
421 3961 812 4032 ἐναργέστερον
846 3963 939 4013 καὶ
981 3960 1452 4031 ἐμφαντικώτερον
1497 3957 1650 4016 εἷπον
1689 3964 1738 4016 oi.

162 4052 599 4121 Ἐϐδιλμήκοκιτα,
642 4053 738 4103 Ἐν
774 4051 854 4116 τῷ
882 4052 1227 4120 ἀκηδιάσαι.
1277 4055 1590 4125 Ἀδημονεῖν
1629 4055 1738 4126 γὰρ

153 4147 252 4198 καὶ
293 4145 390 4197 ἐπὶ
418 4147 531 4207 τοῖς
581 4146 796 4216 μικροῖς
830 4145 1082 4213 λέγεται·
1124 4146 1352 4217 ἀκηδιᾷν
1395 4147 1451 4199 δὲ
1481 4147 1574 4200 ἐπὶ
1623 4150 1737 4210 τοῖς

155 4236 420 4307 μεγάλοις
447 4236 683 4298 πάντως,
715 4237 842 4290 ὅταν
870 4237 958 4289 διὰ
982 4237 1042 4290 τὸ
1072 4238 1275 4308 πλῆθος
1302 4237 1408 4291 τῶν
1431 4239 1616 4292 κακῶν
1636 4239 1740 4292 λοι-

153 4330 256 4382 πὸν
286 4327 400 4382 τῶν
434 4329 491 4379 ἐν
539 4327 688 4396 μέσῳ
740 4344 824 4390 τις
874 4327 1373 4398 περιλαμϐάνεται,
1423 4326 1739 4398 ἀπαγορεύῃ

154 4422 294 4493 πρὸς
318 4421 464 4473 αὐτὰ
491 4422 585 4473 καὶ
613 4415 726 4472 οἷον
750 4420 1139 4489 ἀπογινώσκει,
1171 4421 1330 4491 ῥίψας
1359 4421 1454 4473 τοῦ
1487 4420 1606 4484 νοὸς
1630 4420 1744 4491 βου-

154 4513 429 4583 λεύματα,
451 4512 525 4576 ὡς
560 4512 756 4582 μηκέτι
785 4513 973 4584 φέρειν
1003 4507 1114 4575 οἷός
1147 4530 1205 4565 τε
1235 4511 1330 4565 ὧν.

1839 3507 1985 3560 dere.
2038 3505 2223 3575 Neque
2250 3508 2351 3559 hoc
2377 3516 2584 3560 tantum
2613 3547 2627 3569 ,
2678 3507 2772 3560 sed
2808 3516 2861 3560 et
2885 3506 3124 3559 medium
3156 3503 3419 3572 quiddam.

1840 3599 1982 3652 inter
2041 3599 2133 3654 Dei
2188 3615 2258 3654 ac-
2306 3599 2586 3652 hominum
2648 3599 3007 3653 substantiam
3061 3597 3415 3658 constituere,

1841 3689 2137 3744 secundum
2189 3689 2319 3742 illud
2356 3687 2694 3742 Ecclesiaste
2724 3707 2736 3741 :
2772 3687 2906 3740 Deus
2948 3688 3003 3740 in
3050 3689 3176 3741 caelo
3207 3699 3420 3739 sursum

1841 3789 1917 3835 est
1941 3797 1957 3834 :
1984 3791 2032 3834 et
2078 3790 2132 3832 tu
2164 3781 2217 3831 in
2261 3788 2401 3832 terra
2428 3780 2572 3848 infra
2601 3780 2664 3830 θ’.
2706 3779 2772 3832 Ει
2799 3779 3161 3849 Symmachus
3195 3778 3420 3847 quidem.

1842 3875 1924 3928 sic
1953 3874 2098 3926 clare
2128 3872 2275 3924 hunc
2303 3872 2483 3924 locum
2513 3871 2767 3935 reddidit,
2800 3870 2931 3925 Cum
2965 3871 3215 3924 dolerem.
3246 3869 3400 3937 Signi

1841 3965 2058 4018 eantius
2094 3977 2226 4017 vero
2257 3971 2310 4016 et
2340 3963 2578 4033 apertius
2611 3961 2961 4031 Septuaginta
2999 3980 3011 4015 :
3055 3961 3188 4012 Dum
3223 3960 3424 4013 anxius

1840 4071 2022 4109 essem.
2063 4054 2222 4108 Dolor
2245 4055 2391 4109 cutim
2419 4056 2580 4110 etiam
2620 4054 2687 4109 de
2726 4054 2952 4108 minutis
2991 4055 3151 4107 malis
3181 4052 3380 4106 dicitur
3401 4070 3418 4104 :

1847 4147 2092 4201 anxietas
2147 4162 2278 4201 vero
2318 4147 2385 4202 de
2428 4148 2643 4218 magnis
2690 4148 3070 4201 tantummodo
3099 4186 3114 4210 ,
3177 4145 3420 4215 quando,

1841 4240 2186 4294 multitudine
2215 4239 2479 4293 malorum
2519 4240 2924 4294 circumventus
2965 4239 3125 4308 quis,
3177 4241 3417 4290 animum
3451 4255 3467 4271 ο

1840 4332 2140 4400 despondet
2179 4347 2242 4386 ac
2269 4332 2424 4401 quasi
2473 4332 2759 4401 desperat,
2813 4330 3024 4399 abjecto
3069 4329 3217 4384 omni
3251 4329 3424 4384 animi

1839 4425 2095 4492 consilio,
2129 4433 2190 4480 ut
2225 4426 2318 4496 qui
2353 4427 2496 4481 malo
2525 4425 2750 4481 Ierendo
2780 4441 2878 4496 par
2905 4441 3011 4479 non
3045 4424 3135 4479 sit.

970 4694 1040 4748 Et
1071 4697 1120 4748 in
1153 4711 1286 4750 vers.
1317 4703 1604 4754 sequentem
1641 4710 1658 4746 :
1694 4713 1711 4744 ι
1745 4692 1810 4745 In
1843 4701 1990 4760 petra
2017 4695 2266 4748 exallasli
2291 4710 2370 4747 me
2393 4736 2408 4760 ,
2443 4713 2463 4746 ›
2495 4711 2541 4748 υ.
2573 4694 2625 4748 5.

233 4859 350 4930 (86)
390 4857 759 4924 Ἀθανάσιος.
802 4857 947 4929 Πρὸς
977 4857 1034 4910 δὲ
1064 4857 1300 4909 διάνοιαν
1335 4855 1617 4926 κρείττους
1645 4871 1730 4922 γε-

1919 4857 2264 4910 Athanasius.
2304 4855 2613 4910 Secundum
2649 4855 2979 4910 intellectum
3009 4871 3159 4920 vero,
3187 4857 3292 4910 sive
3314 4873 3428 4911 sen-

156 4956 402 5024 γόναμεν
427 4952 539 5008 τῶν
584 4951 1000 5022 ἐπηρεαζόντων
1031 4951 1301 5020 δαιμόνων
1345 4949 1433 5001 διὰ
1478 4947 1736 5018 Χριστοῦ,

155 5046 217 5110 ὃς
248 5046 428 5117 πέτρα
459 5043 535 5115 τις.
565 5046 818 5116 μακαρίῳ
840 5045 1255 5114 κατωνόμασται
1280 5042 1496 5112 Παύλῳ.
1527 5043 1635 5094 Καὶ
1655 5042 1741 5094 ἵνα.

157 5143 254 5195 τὸν
286 5139 410 5194 νοῦν
444 5139 658 5192 ἅπαντα
700 5138 800 5206 τῆς
845 5135 1164 5207 ψαλμῳδίας
1197 5135 1354 5198 εἴπω,
1389 5132 1740 5202 εὐχαριστίαν

160 5240 190 5290 ὁ
216 5238 378 5304 λόγος
411 5235 674 5305 περιέχει.
727 5233 911 5285 Ταῦτα
954 5231 1063 5302 γάρ
1096 5247 1206 5301 μοι.
1260 5231 1443 5300 φησὶν,
1494 5227 1739 5297 ὑπῆρξαν

163 5330 271 5382 ὅσα
299 5327 625 5398 προείρηκα,
664 5323 851 5394 ἐπειδὴ
871 5326 935 5376 σὺ
953 5322 1137 5387 αὐτὸς,
1170 5323 1199 5374 ὁ
1231 5321 1386 5385 Θεὸς,
1405 5318 1616 5390 ἐπῆρας
1648 5335 1736 5388 με,

235 5464 283 5494 ³’
322 5463 500 5516 Eccle.
534 5478 586 5526 v,
623 5461 672 5514 ‘l.
753 5459 796 5490 ³³
827 5457 846 5510 1
879 5458 1005 5514 Cor.
1040 5474 1096 5521 π,
1123 5458 1174 5510 4.

239 5603 354 5668 {83)
386 5602 519 5657 Vide
549 5602 677 5656 ibid.

241 5675 356 5738 (Si)
397 5675 530 5727 Vide
569 5689 730 5740 supra
765 5671 829 5725 ad
858 5668 1232 5740 litttthnCttni.

241 5735 354 5815 (85)
397 5743 521 5800 llzec
573 5735 840 5800 habentur
892 5742 944 5794 in
996 5738 1428 5808 Ea'positionibus
1477 5735 1541 5792 ad
1594 5735 1737 5788 hunc

1849 4965 1964 5002 sum
1995 4950 2348 5018 spiritualem,
2377 4949 2657 5004 victoriam
2692 4950 3090 5019 reportavimus
3124 4950 3192 5005 de
3221 4950 3426 5004 daemo-

1849 5041 2034 5104 nibus,
2084 5042 2176 5110 qui
2232 5041 2715 5107 nosinfestabant,
2758 5057 2852 5111 per
2896 5041 3195 5106 Christum,
3250 5042 3341 5110 qui
3392 5057 3424 5093 a

1852 5133 1912 5187 D.
1935 5133 2102 5188 Paulo
2129 5142 2279 5204 petra
2306 5134 2605 5202 appellatur
2632 5134 2693 5186 ³³.
2719 5132 2784 5186 Et
2807 5142 2865 5186 ut
2891 5134 3083 5202 psalmi
3118 5133 3280 5202 hujus
3299 5147 3425 5185 sen-

1848 5243 1968 5282 sum
2007 5227 2320 5282 universum
2354 5242 2622 5297 exponam
2649 5267 2662 5291 ,
2723 5227 2966 5280 continet
3019 5226 3064 5279 is
3120 5224 3424 5294 gratiarum

1850 5320 2141 5374 actionem.
2164 5318 2267 5374 Ista
2296 5320 2441 5373 enim
2474 5322 2682 5385 omnia,
2707 5321 2902 5391 inquit,
2934 5335 3054 5388 qua:
3081 5316 3424 5384 enumeravi,

1851 5600 2087 5641 Versum.

1921 5659 2028 5729 (86)
2072 5658 2146 5714 lbi
2179 5656 2301 5714 vide
2332 5654 2616 5726 superius.
