3880 6216
491 341 593 397 5ῗ1
1343 341 1400 394 S.
1444 340 1815 396 ATHANASII
1850 342 2002 398 OPP.
2047 342 2227 397 PARS
2257 343 2346 398 111.
2374 373 2445 383 ——
2486 342 2898 399 EXEGETICA.
3649 340 3746 399 572

485 461 804 516 acciderunt
844 461 977 514 mihi
1002 462 1258 529 quoniam
1297 471 1376 524 tu,
1410 477 1442 516 0
1473 462 1634 526 Deus,
1665 465 1916 518 exaltasti
1960 480 2064 531 me,

2174 466 2266 518 καὶ
2296 465 2516 534 ὖψωσας
2550 467 2606 518 ὲν
2638 469 2701 536 τῇ
2732 464 2881 535 παρὰ
2918 467 2998 516 σοι
3028 463 3222 532 πέτρα,
3248 463 3368 532 ἣτις
3400 463 3552 514 ἐστὶν
3599 463 3627 513 6
3667 462 3750 526 σὸς

481 562 540 609 et
559 553 800 608 extulisti
835 568 920 606 me
963 554 1015 605 in
1043 563 1217 621 petra,
1259 569 1380 622 quae
1415 556 1556 623 apud
1596 565 1648 609 te
1676 566 1779 622 est,
1813 557 1866 611 in
1904 559 2067 611 verbo

485 647 697 702 scilicet
727 656 817 699 tuo
847 664 860 698 :
890 645 1142 700 Christus
1173 648 1318 700 enim
1353 657 1470 701 erat
1496 659 1646 717 petra
1675 651 1786 704 illa.
1813 649 1948 716 Quia
1975 650 2069 718 igi-

482 745 575 794 tur
599 738 766 791 verbo
801 746 894 790 tuo
928 751 1012 789 me
1038 737 1316 797 exaltasti,
1353 749 1513 808 atque
1544 739 1616 794 ita
1639 741 1922 794 sublimem
1946 740 2067 794 feci-

485 834 578 896 sti,
618 839 678 884 ut
704 847 807 882 non
845 830 1080 898 amplius
1110 831 1163 884 in
1195 831 1374 884 medio
1398 842 1576 897 terrm,
1607 832 1698 886 sed
1726 834 1777 885 in
1809 833 2068 886 extremis

484 925 605 992 ejus
632 923 868 976 habitem
909 943 921 976 :
963 925 1185 992 insuper
1217 925 1382 978 etiam
1409 927 1536 994 quia
1576 926 1980 987 deduxisti-me,
2012 934 2070 978 ut

475 1016 594 1086 jam
647 1017 985 1084 propinquus
1012 1016 1109 1069 tibi
1150 1016 1327 1070 factus
1368 1018 1493 1080 sim,
1531 1027 1585 1072 et
1617 1019 1742 1086 quia
1774 1033 1899 1086 spes
1932 1033 2071 1085 quo-

481 1123 589 1177 que
620 1122 737 1160 mea
773 1104 948 1160 factus
977 1123 1037 1160 es
1064 1149 1078 1170 ,
1117 1124 1222 1176 qua
1274 1109 1555 1163 conlidens
1600 1124 1708 1162 non
1746 1109 2071 1173 confundar,

482 1196 612 1266 quia
663 1197 900 1263 denique
940 1212 1065 1249 cum
1104 1198 1288 1250 hostes
1342 1198 1494 1251 multi
1527 1214 1611 1254 me
1660 1199 1978 1267 impeterent
2012 1214 2076 1253 ac

483 1302 795 1365 qumrerent
826 1293 1069 1345 animam
1123 1305 1335 1353 meam,
1380 1300 1433 1343 tu
1477 1291 1626 1344 solus
1653 1301 1842 1344 contra
1885 1307 2076 1344 omnes

487 1385 818 1448 sulliciebas,
853 1382 1027 1436 factus
1047 1381 1178 1434 mihi
1209 1383 1379 1435 turris
1403 1379 1774 1445 fortitudinis;
1811 1383 1946 1443 hare,
1982 1383 2064 1434 in-

482 1494 672 1550 quam,
715 1477 897 1531 omnia
928 1489 1049 1526 cum
1091 1489 1121 1526 a
1152 1481 1202 1526 te
1227 1483 1554 1528 consecutus
1585 1475 1710 1535 sim,
1741 1475 1934 1526 merito
1970 1474 2066 1526 tibi

484 1571 720 1640 hymnos
741 1567 928 1632 odero,
951 1577 1012 1619 ut
1037 1563 1134 1633 qui
1159 1563 1291 1617 mihi
1317 1565 1561 1618 omnium
1587 1565 1853 1620 bonorum
1877 1575 2068 1618 auctor

485 1662 675 1718 fueris.

2174 560 2330 628 λόγος
2355 579 2366 590 ·
2405 563 2438 631 ἡ
2477 563 2651 632 πέτρα
2680 562 2788 633 γάρ
2816 559 2882 633 ἦν
2915 565 2942 614 6
2970 561 3216 632 Χριστός.
3269 561 3416 612 Ἐπεὶ
3456 559 3639 610 τοίνυν

2173 650 2315 720 λόγῳ
2350 669 2442 704 σου
2484 652 2704 721 ὕψωσάς
2751 671 2839 724 με,
2891 655 2985 706 καὶ
3039 652 3310 722 μετέωρον
3351 651 3653 718 ἐποίησας,
3685 650 3754 712 ὡς

2178 743 2374 814 μηκέτι
2409 747 2681 795 κατοικεῖν
2709 745 2775 797 τὰ
2815 743 2953 814 μέσα
2986 742 3086 811 τῆς
3137 741 3262 809 γῆς,
3312 739 3424 792 ἀλλ’
3461 741 3518 792 ἐν
3568 741 3755 808 ἄκροις

2178 838 2346 906 αὐτῆς
2373 836 2664 905 γενέσθαι·
2716 837 2814 908 ἤδη
2855 837 2909 888 δὲ
2970 837 3063 887 καὶ
3118 833 3406 904 ὡδήγησάς
3457 849 3567 902 με,
3620 832 3754 884 ῶστε

2179 929 2404 999 πλησίον
2454 945 2545 980 σου
2580 928 2800 997 φθάσαι.
2833 925 3062 994 γέγονάς
3106 943 3162 977 τε
3215 924 3367 987 ἐλπίς
3417 942 3544 994 μου,
3595 924 3646 975 δι
3697 926 3758 993 ἣν

2177 1019 2363 1074 ἐλπίδα
2387 1019 2447 1070 ού
2478 1017 3019 1089 καταισχυνθήσομαι
3041 1033 3054 1045 ο
3085 1014 3219 1067 ἀλλὰ
3255 1016 3348 1066 καὶ
3379 1013 3596 1066 πολλῶν
3645 1016 3760 1064 ἐπιο

2178 1111 2447 1182 κειμένων
2477 1109 2681 1178 νοητῶν
2707 1108 2936 1179 ἐχθρῶν,
2969 1107 3077 1160 τῶν
3114 1107 3418 1176 ζητούντων
3448 1108 3550 1176 τὴν
3580 1107 3760 1175 ψυχήν

2182 1221 2304 1273 μου,
2338 1204 2458 1254 ἀντὶ
2487 1201 2702 1253 πάντων
2730 1201 2967 1270 ἧρκεσας
2999 1200 3062 1252 σὺ
3107 1200 3286 1269 μόνος,
3321 1199 3532 1270 πύργος
3576 1199 3759 1268 ἰσχύος

2183 1312 2271 1365 μοι
2295 1296 2582 1363 γενόμενος
2603 1311 2616 1324 ο
2646 1293 2872 1355 εἰκότως
2905 1291 3108 1344 τούτων
3134 1291 3388 1344 ἁπάντων
3432 1291 3643 1361 τυχὼν,
3699 1292 3761 1346 σὺ

2171 1393 2186 1453 (
2213 1387 2348 1454 forte
2382 1387 2495 1450 σοὶ)
2526 1386 2650 1447 τοὺς
2681 1383 2883 1453 ὕμνους
2913 1382 3241 1453 ἀναπέμπω,
3270 1381 3346 1448 ὡς
3370 1383 3764 1454 ἀπάντων,.μοι

2169 1478 2276 1530 τῶν
2306 1478 2525 1546 ἀγαθῶν
2545 1475 2821 1547 γενομεενῳ
2856 1475 3042 1546 αἰτίῳ..

1337 1751 1406 1804 Et
1439 1755 1490 1806 in
1515 1767 1715 1806 versum
1751 1761 2079 1819 sequentem:
2117 1770 2132 1799 ι
2175 1748 2454 1808 Deduxisti
2482 1765 2579 1814 me,
2611 1768 2628 1800 ι
2671 1759 2878 1819 ειεηνυ.
2901 1750 2955 1801 ι,

567 1920 848 1975 Athanasii
872 1929 920 1972 et
946 1917 1158 1987 Cyrilli.
1199 1915 1336 1982 Quia
1370 1931 1496 1970 vero
1546 1915 1647 1968 viae
1699 1914 1898 1967 ducum
1947 1928 2071 1990 pro-
2103 1920 2144 1976 Β

485 2013 662 2082 prium
692 2020 776 2064 est
801 2011 1197 2072 demonstrare,
1235 2023 1483 2076 quamam
1515 2007 1604 2059 via
1649 2015 1765 2059 tuta
1816 2007 1907 2067 sit,
1945 2021 2066 2073 quae

485 2120 614 2158 vero
648 2102 952 2173 periculosa
985 2110 1038 2154 et
1081 2101 1384 2170 perniciosa
1416 2118 1427 2151 :
1467 2099 1630 2151 etiam
1666 2099 1768 2150 hoc
1811 2095 2065 2151 Christus

487 2195 683 2248 fecisse
717 2191 1071 2260 comperitnr,
1124 2189 1251 2242 dum
1296 2191 1408 2241 ait:
1449 2188 1560 2255 Ego
1587 2203 1704 2239 sum
1751 2187 1832 2240 via
1883 2196 1932 2239 et
1976 2203 2061 2238 os-

488 2287 619 2338 tium
665 2283 730 2338 "2
771 2283 906 2336 Illud
933 2297 1086 2345 vero,
1116 2281 1282 2335 turris
1319 2279 1672 2342 fm-titudinis,
1705 2278 1843 2331 idem
1888 2286 1972 2330 est
2004 2293 2065 2332 ac

486 2378 530 2430 si
561 2377 789 2430 dixisset
818 2394 830 2427 :
874 2372 1062 2426 Murus
1113 2388 1177 2426 ac
1222 2381 1464 2425 tutamen
1494 2371 1628 2424 mihi
1663 2370 1839 2423 lactus
1890 2385 1972 2431 es,
2006 2378 2064 2422 ut

486 2468 620 2520 nihil
658 2467 788 2520 mihi
829 2465 1040 2520 accidat
1070 2465 1218 2529 mali,
1255 2479 1379 2517 cum
1419 2463 1469 2516 hi
1505 2462 1807 2515 molestiam
1844 2462 2064 2530 pariunt

485 2559 710 2612 inimici.
741 2557 991 2612 Christus
1020 2572 1256 2626 namque
1305 2556 1472 2609 turris
1507 2563 1589 2609 est
1640 2554 1852 2608 stabilis
1900 2563 2062 2623 atque

485 2653 832 2707 inconcussa.

2247 1915 2358 1983 (87)
2403 1915 2750 1969 Ἀθανασιόυ
2797 1917 2894 1970 καὶ
2947 1916 3269 1988 Κυρίλλου.
3342 1915 3496 1979 Ἐπεὶ
3545 1917 3622 1980 δὲ,
3653 1918 3772 1971 τῶι

2167 2005 2503 2075 ὁδηγούντων
2555 2006 2684 2058 ἴδιον
2719 2005 2780 2058 τὸ
2826 2006 3112 2071 δεικνύειν,
3171 2008 3304 2061 ποία
3363 2009 3462 2079 μὲν
3508 2010 3761 2079 ἀσφαλὴς

2166 2097 2304 2160 ὁδὸς,
2331 2097 2455 2149 ποία
2485 2097 2541 2150 δὲ
2571 2099 2814 2170 σφαλερὰ
2843 2100 2936 2152 καὶ
2962 2099 3199 2170 βλαϐερά
3233 2101 3612 2172 μαρτύρεσθαι
3630 2119 3643 2130 ·
3667 2103 3763 2154 καὶ

2165 2188 2322 2240 τοῦτο
2354 2189 2589 2260 Χριστὸς
2623 2187 2936 2258 πεποιηκὼς
2962 2189 3275 2260 εὑρίσκεται
3305 2230 3318 2253 ,
3345 2192 3404 2242 ἐν
3433 2190 3511 2260 τῷ
3535 2191 3720 2258 λέγειν
3741 2207 3760 2222 ⁶

2181 2280 2329 2346 Ἐγώ
2348 2283 2466 2349 εἰμι
2493 2283 2530 2347 ἡ
2557 2280 2695 2346 ὁδὸς
2723 2281 2886 2346 καὶ-ὴ
2916 2283 3083 2350 θύρα.
3115 2283 3187 2334 Τὸ
3209 2283 3284 2342 δὲ.
3317 2283 3526 2354 πύργος
3553 2285 3761 2352 ἰσχύος,

2169 2374 2352 2442 ὅμοιον
2387 2372 2517 2424 ὡσεὶ
2541 2372 2720 2439 λέγοι·
2755 2373 2944 2443 Τοῖχος
2978 2373 3070 2426 καὶ
3099 2374 3368 2440 ἀσφάλεια
3400 2373 3653 2442 γέγονας,
3680 2378 3760 2437 εἰς

2168 2463 2242 2521 τὸ,
2268 2462 2429 2532 μηδὲν
2459 2463 2649 2515 παθεῖν
2683 2463 3231 2532 ἐπηρεαζόντωντῶν
3273 2464 3502 2534 ἐχθρῶν.
3537 2465 3762 2535 Πύργος

2168 2555 2277 2625 γάρ
2310 2555 2542 2626 ἑδραῖος,
2577 2554 2970 2617 ἀκατάσειστος
2995 2557 3022 2606 6
3062 2557 3315 2626 Χριστός.

1178 2761 1247 2814 Ει
1278 2762 1331 2814 in
1365 2761 1638 2830 sequentia
1669 2773 1693 2814 :
1731 2778 1751 2812 ι
1792 2759 2061 2814 Habitabo
2093 2757 2524 2814 iit-tabernaculo
2551 2769 2663 2824 tuo,
2707 2777 2728 2811 ›
2756 2769 2882 2827 etc.,
2913 2777 2960 2814 υ.
2995 2761 3051 2815 5.

557 2927 907 2992 Athanasius,
936 2928 1195 2998 Cyrinus.
1232 2927 1312 2981 Ad
1345 2941 1567 2983 sensum
1597 2943 1729 2984 vero
1759 2927 1872 2982 :Ex
1904 2929 2063 2986 bonis

486 3035 608 3088 qua:
631 3019 741 3089 jam
768 3037 798 3075 a
823 3022 934 3075 Deo
959 3029 1262 3089 acceperat,
1307 3036 1455 3089 spem
1491 3021 1594 3075 sibi
1631 3020 1761 3075 facit
1803 3020 1965 3074 etiam
1997 3021 2064 3076 de

486 3112 709 3178 futuris,
747 3115 894 3182 quod
930 3114 1188 3168 nimirum
1236 3122 1484 3181 receptus
1517 3114 1570 3165 in
1603 3129 1836 3182 superna
1880 3114 2061 3167 taber-

486 3203 706 3265 nacula.
740 3219 955 3273 semper
992 3205 1094 3258 sub
1121 3204 1213 3257 Dei
1255 3204 1358 3257 erit
1393 3204 1748 3272 protectione.
1793 3203 2065 3270 Quemad-

486 3292 709 3344 modum
766 3293 911 3345 enim
965 3294 1059 3362 qui
1111 3278 1308 3348 festum
1355 3293 1574 3360 aliquod
1607 3294 1782 3346 ac1uri
1818 3302 1966 3357 sunt,
2001 3309 2066 3348 eo

480 3383 591 3452 jam
626 3401 733 3453 prae
765 3383 974 3440 foribus
1025 3386 1342 3450 exsistente,
1394 3386 1734 3454 iucunditate
1785 3403 1846 3441 ac
1881 3387 2065 3442 laetitia

487 3475 722 3542 quadam
761 3476 1184 3545 perfunduntur,
1235 3487 1288 3532 et
1342 3479 1488 3547 quod
1527 3478 1768 3532 nondum
1826 3494 2066 3547 praesens

487 3569 644 3635 quasi
674 3583 914 3636 prtesens
970 3569 1296 3623 intuentur:
1347 3570 1426 3624 sic
1474 3569 1641 3623 etiam
1689 3570 1884 3633 sancti,
1939 3585 2062 3624 cum

486 3661 660 3715 bonas
709 3675 834 3729 spes
877 3661 1112 3714 habeant
1160 3661 1227 3714 de
1267 3661 1452 3715 futura
1497 3661 1604 3714 vita
1633 3701 1650 3725 ,
1702 3661 1949 3714 laetantur
1995 3660 2062 3715 de

485 3753 622 3821 ipsa.
658 3754 786 3808 Alas
808 3769 936 3806 vero
963 3753 1198 3822 appellat
1220 3753 1577 3808 Providentia;
1599 3754 1796 3808 divinae
1825 3763 2063 3824 potesta-

487 3852 634 3895 tem:
670 3858 703 3896 a
735 3858 842 3911 qua
885 3852 1062 3898 tectus
1094 3844 1272 3898 omnis
1323 3843 1416 3897 Dei
1453 3861 1644 3915 amans
1677 3861 1955 3915 nunquam
1993 3861 2058 3898 ex

486 3931 838 3987 tabernaculo
885 3931 980 3988 Dei
1028 3934 1261 3999 excedit,
1305 3935 1396 3989 sed
1447 3935 1500 3988 in
1538 3945 1800 3989 aeternum
1855 3935 1910 3988 in
1942 3933 2058 4004 ipsa

486 4033 788 4092 permanet.

2243 2926 2354 2998 (88)
2401 2924 2765 2992 Ἆθανάσιος,
2790 2925 3125 2992 Κι⁹νριλλος.,
3142 2924 3283 2996 Πρὸς
3302 2925 3356 2977 δὲ
3382 2925 3528 2990 νοῦν,
3564 2924 3661 2992 ἀφ’
3680 2917 3758 2978 ὧν

2173 3019 2273 3088 ἤδη
2304 3018 2522 3089 εἴληφεν
2545 3017 2784 3086 ἀγαθῶν,
2809 3018 2903 3070 καὶ
2935 3017 3064 3088 περὶ
3109 3017 3216 3070 τῶν
3264 3017 3567 3086 μελλόντων
3602 3016 3754 3070 ὲ).πὲ-

2174 3108 2276 3174 ζει,
2311 3112 2390 3163 ὅτι
2425 3111 2510 3182 δὴ,
2571 3113 2648 3173 εἰς
2697 3109 2794 3170 τὰς
2822 3109 2933 3162 ἄνω
2969 3109 3172 3177 σκηνὰς
3205 3108 3463 3176 γεγονὼς,
3499 3108 3605 3162 ὑπὸ
3657 3108 3758 3179 τὴν

2173 3199 2335 3256 αὐτοῦ
2365 3201 2452 3253 διὰ
2486 3201 2686 3262 παντὸς
2725 3200 3015 3267 γενήσεται
3053 3198 3282 3266 σκέπην.
3322 3198 3536 3267 Ὠσπερ
3568 3197 3681 3268 γὰρ
3708 3199 3758 3249 οἱ

2171 3292 2453 3362 μέλλοντες
2479 3291 2748 3345 ἐπιτελεῖν
2782 3291 2994 3362 ἑορτὴν,
3029 3291 3196 3358 ἐγγύς
3225 3307 3284 3342 τε
3308 3291 3401 3342 καὶ
3433 3291 3527 3342 ἐπὶ
3561 3289 3756 3360 θύραις

2165 3383 2376 3454 ἔχοντες
2397 3385 2588 3454 αὐτὴν,
2620 3381 3177 3454 προαναπίμπλανται
3204 3381 3496 3452 θυμηδίας,
3540 3383 3638 3433 καὶ
3658 3383 3757 3452 τὴν

2165 3478 2315 3530 οῠπω
2351 3476 2631 3548 παροῦσαν
2661 3477 2735 3537 ὡς
2768 3477 2872 3546 1ήδη
2900 3475 3181 3545 παροῦσαν
3210 3475 3412 3544 ὁρῶσιν
3434 3491 3447 3504 ·
3480 3473 3628 3526 οὕτω
3662 3476 3758 3527 καὶ

2161 3571 2210 3621 οὶ
2242 3569 2406 3636 ἀγιοι,
2437 3567 2677 3639 χρηστὰς
2717 3567 2934 3637 ἔχοντες
2980 3566 3203 3629 ἐλπίδας
3231 3568 3323 3619 ἐπὶ
3368 3570 3434 3637 τῇ
3477 3568 3756 3640 μελλούσῃ

2165 3659 2300 3731 ζωῇ,
2332 3661 2610 3730 χαίρουσιν
2641 3659 2726 3710 ἐπ’
2753 3660 2914 3730 αὐτῇ.
2948 3657 3232 3730 Πτέρυγας
3256 3659 3312 3712 δὲ
3341 3659 3500 3712 καλεῖ
3529 3659 3634 3722 τάς
3659 3659 3755 3711 τοῦ

2161 3752 2296 3804 Θεοῦ
2334 3750 2693 3823 προνοητικάς
2719 3750 3014 3822 δυνάμεις·
3051 3752 3141 3819 ὑφ’
3171 3751 3239 3814 ἃς
3276 3751 3541 3804 σκέπεται
3569 3754 3596 3805 6
3633 3752 3757 3804 θεο-

2165 3844 2343 3914 φιλὴς,
2389 3843 2656 3914 μηδέποτε
2702 3843 2801 3912 τῆς
2854 3843 3058 3913 σκηνῆς
3109 3841 3410 3914 ἀναχωρῶν
3445 3843 3542 3896 τοῦ
3570 3841 3760 3915 ῥεοῦ,

2166 3935 2300 3989 ἀλλά
2336 3935 2401 3987 δι’
2437 3933 2633 3997 αἰῶνος
2656 3935 2714 3986 ὲν
2739 3933 2878 4005 αὐτῇ
2907 3934 3196 3989 κατοικῶν.

1017 4141 1086 4194 Et
1113 4143 1284 4196 adhuc
1317 4143 1369 4194 in
1403 4143 1596 4196 verba:
1642 4161 1660 4193 ι
1696 4141 1902 4196 Dedisti
1938 4143 2293 4196 Itwreditatem
2329 4144 2634 4198 timentibus
2661 4159 2846 4198 nomen
2876 4152 3044 4210 tuum,
3078 4153 3215 4198 ietc.

559 4293 774 4350 Eusebii
810 4305 858 4350 et
913 4296 1213 4350 Athanasii.
1269 4296 1562 4350 Sciendum
1598 4311 1786 4366 porro,
1837 4311 1960 4351 esse
2005 4297 2058 4350 in

485 4386 573 4441 his
619 4387 799 4442 verbis
855 4389 1144 4442 obscuram
1207 4387 1660 4457 signiﬁcationem
1712 4403 1855 4442 verae
1915 4388 2061 4443 illius

488 4479 837 4535 lnereditalis.
873 4480 946 4533 Ea
981 4496 1108 4534 vero
1147 4489 1232 4533 est
1260 4479 1366 4532 vita
1407 4488 1630 4532 aeterna.
1672 4478 1776 4532 Sed
1808 4495 1931 4532 cum
1955 4480 2060 4532 ista

485 4571 703 4625 demum
736 4573 788 4626 in
823 4571 1009 4625 futuro
1037 4571 1237 4626 saeculo
1261 4569 1438 4623 danda
1483 4570 1574 4634 sit,
1627 4570 1900 4640 quomodo
1931 4585 2061 4641 ergo

485 4663 562 4716 ait
595 4663 783 4732 David,
823 4663 1070 4717 Dedisti?
1101 4663 1220 4717 Ideo
1251 4665 1533 4729 nimirum,
1558 4665 1686 4732 quia
1716 4664 1837 4717 licet
1868 4679 1930 4717 ea
1963 4679 2059 4717 ex-

484 4764 761 4822 spectetur
810 4764 935 4823 post
988 4755 1442 4808 resurrectionem
1473 4795 1488 4819 ,
1541 4753 1667 4808 data
1722 4763 1906 4808 tamen
1953 4763 2056 4816 est,

486 4845 614 4914 quia
641 4846 754 4914 jam
787 4846 916 4898 olim
953 4856 1141 4915 parata
1174 4856 1252 4900 est
1285 4847 1351 4901 iis
1377 4846 1473 4916 qui
1514 4862 1616 4901 suo
1653 4856 1894 4916 tempore
1937 4859 2058 4899 eam

486 4945 615 4989 sunt
659 4936 926 5004 adepturi.
981 4934 1220 4990 Observa
1279 4947 1485 5004 autem,
1533 4937 1698 4990 etiam
1745 4935 2060 4990 timentibus

487 5025 657 5079 Deum
685 5026 868 5079 datam
909 5041 1032 5081 esse
1083 5027 1474 5081 hereditatem.
1513 5025 1569 5079 Si
1599 5026 1784 5094 itaque
1834 5023 1919 5077 his
1967 5023 2059 5092 qui

485 5119 647 5188 longe
688 5117 975 5173 inferiores
1006 5131 1134 5175 sunt
1158 5135 1220 5174 ea
1251 5120 1373 5173 data
1407 5127 1526 5173 est:
1565 5118 1735 5172 multo
1768 5131 1900 5186 ergo
1942 5131 2059 5169 ma-

486 5211 570 5279 gis
599 5212 665 5268 iis
695 5212 788 5281 qui
825 5213 985 5282 longe
1038 5213 1201 5266 altius
1240 5212 1696 5276 conscenderunt,
1731 5209 1835 5263 hoc
1861 5217 1944 5262 est
1973 5207 2055 5261 di-

484 5301 779 5371 ligentibus
812 5301 1003 5356 Deum.
1036 5302 1192 5367 Quod
1223 5317 1350 5356 vero
1375 5301 1650 5356 indeﬁnite
1679 5300 1833 5363 dixit,
1869 5301 2057 5352 timcn-

486 5393 651 5455 tibus,
701 5410 802 5448 nec
846 5393 1054 5448 addidit
1099 5392 1302 5448 ludatis
1337 5403 1431 5448 aut
1476 5393 1726 5463 gentibus
1755 5431 1768 5455 ,
1818 5407 1884 5445 eo
1937 5393 2054 5460 ipso

484 5485 743 5552 expandit
801 5486 1030 5555 gratiam
1067 5501 1222 5541 suam
1258 5501 1423 5554 super
1466 5484 1751 5542 universos
1783 5483 2051 5539 homines.

555 5619 602 5650 “
619 5617 776 5674 Joan.
809 5635 914 5684 xw,
941 5619 1003 5688 6;
1034 5637 1088 5689 χ,
1117 5622 1168 5677 9.

557 5741 666 5811 (δι’)
709 5739 834 5796 Vide
863 5742 1114 5812 superius
1145 5743 1195 5796 in
1232 5740 1682 5810 Expositionibus.

2237 4299 2534 4352 Εὐσεϐίου
2585 4298 2682 4350 καὶ
2737 4299 3106 4354 Ἀθανασίου.
3171 4302 3364 4355 ’Ῐστέον
3401 4304 3611 4374 μέντοι,
3675 4326 3757 4362 o.-.

2165 4384 2340 4438 ταῦτα
2367 4385 2594 4456 αἴνιγμα
2643 4387 2755 4456 ἔχει
2802 4388 2896 4439 καὶ
2945 4389 3046 4458 τῆς
3079 4390 3311 4460 ἀληθοῦς
3364 4392 3754 4468 κληρονομίας.

2167 4477 2315 4547 Αὕτη
2343 4477 2401 4530 δέ
2437 4481 2584 4531 ἐστιν
2623 4480 2655 4548 ή
2709 4479 2926 4544 αἰώνιος
2973 4481 3108 4551 ζωή.
3177 4483 3336 4537 Ἀλλά
3378 4488 3486 4556 μὴν
3518 4488 3663 4559 αὕτη
3699 4493 3758 4542 ὲν

2166 4569 2242 4639 τῷ
2269 4571 2513 4641 μέλλοντι
2545 4571 2700 4625 αἰῶνι
2727 4572 3048 4642 δοθήσεταιο
3087 4573 3204 4636 πῶς
3241 4571 3333 4628 οὖν
3367 4572 3489 4630 εἷπε
3510 4619 3524 4641 ,
3564 4581 3756 4634 Λέδω-

2167 4678 2318 4727 acac;
2351 4663 2496 4724 Ὅτι,
2532 4665 2580 4714 εἰ
2607 4663 2700 4716 καὶ
2734 4663 3100 4733 προσδοκᾶται
3139 4666 3281 4734 μετά
3306 4667 3405 4737 τὴν
3426 4669 3753 4737 ἀνάστασιν,

2165 4751 2302 4804 ἀλλά
2327 4769 2390 4820 γε
2407 4752 2482 4821 τῷ
2503 4752 2601 4822 ἤδη
2624 4753 3014 4823 εὐπρέπεσθαι,
3045 4754 3251 4810 δέδοται
3270 4760 3382 4821 τοῖς
3408 4759 3585 4830 αὐτὴν
3612 4763 3757 4815 κατὰ

2166 4845 2356 4914 καιρὸν
2388 4843 2476 4896 τὸν
2497 4843 2684 4897 δέοντα
2716 4843 3059 4914 ληψομένοις.
3091 4848 3230 4918 Ὅρα
3281 4847 3362 4913 δὲ,
3393 4850 3478 4902 ὃτι
3513 4853 3613 4904 καὶ
3641 4857 3756 4915 τοῖς

2167 4936 2519 5006 φοϐουμένοις
2542 4935 2635 4988 τὶν
2655 4936 2786 4988 Θεὸν
2813 4936 3020 4990 δέδοται
3051 4941 3084 5008 ἡ
3138 4940 3494 5010 κληρονομία.
3547 4943 3614 4996 El
3659 4941 3754 4998 οὖν

2165 5029 2348 5091 αὐτοῖς
2389 5029 2796 5100 ὑποδεεστέροις
2827 5025 2979 5091 οὖσι,
3015 5029 3193 5101 πολλῷ
3226 5032 3389 5085 πλέον
3433 5038 3549 5098 τοῖς
3581 5037 3754 5108 ὑπερ·

2162 5119 2572 5188 ἀναϐεϐηκόσιν,
2596 5118 2772 5170 εῖτουν
2804 5117 3058 5185 ἀγαπῶσι
3078 5117 3168 5170 τὸν
3190 5118 3340 5173 Θεόν.
3362 5121 3667 5192 Ἀορίστως
3691 5123 3751 5175 δὲ

2163 5195 2353 5271 εξπῶν,
2380 5214 2492 5273 τοῖς
2515 5211 2677 5278 φοδου
2686 5211 2886 5280 μένοις,
2912 5212 3002 5263 καὶ
3031 5212 3091 5264 οὐ
3123 5210 3398 5283 προσθεὶς,
3441 5213 3746 5278 Ἰουδαίοις,

2161 5301 2510 5371 ἢδἜλλησιν,
2546 5303 2766 5370 ἦπλωσε
2802 5302 2900 5373 τὴν
2937 5303 3095 5372 χάριν
3131 5304 3222 5356 ἐπὶ
3274 5303 3484 5366 πάντας
3524 5305 3748 5375 ἀνθρώ-

2162 5407 2296 5454 πους
2314 5408 2328 5421 ⁸
2357 5394 2588 5460 μάλιστα
2628 5391 2685 5443 δὲ
2725 5392 2851 5454 τοὺς
2874 5391 2930 5457 ἐξ
2960 5391 3126 5444 ἐθνῶν
3155 5394 3497 5463 προσιόντας,
3542 5395 3746 5463 φοϐου-

2165 5483 2362 5546 μένους
2390 5484 2480 5536 τὸν
2513 5483 2740 5554 Κύριον,
2772 5483 2962 5536 εἴωθεν
2985 5485 3280 5537 ἀποκαλεῖν
3317 5487 3344 5538 6
3371 5484 3545 5554 λόγος.
3604 5486 3747 5543 Ποία

2228 5735 2336 5807 (88)
2382 5734 2458 5792 lta
2492 5736 2602 5793 fere
2628 5737 2683 5793 in
2713 5737 3143 5806 Expositionibus
3175 5755 3353 5810 supra.
