3880 6216
238 270 304 322 7-5
1155 259 1584 332 FRAGMENTA
1625 275 1986 332 eonnENT.
2025 277 2090 332 IN
2129 277 2470 332 psuaros.

3353 280 3456 336 57-4

187 379 250 436 δὲ
271 384 304 452 ἡ
338 380 673 453 κληρονομία
708 384 819 443 ἀλλ’
978 386 1221 455 βασιλεία
1262 389 1369 441 τῶν
1405 389 1684 460 οὑρανὼν;
1711 391 1763 461 ῆι

1883 394 2017 446 Cum
2051 394 2243 462 primis
2277 405 2480 455 autem,
2518 391 2774 447 timentes
2805 392 2974 447 Deum
3010 394 3148 448 solet
3191 394 3461 462 appellare

187 473 253 530 ἓν
279 479 394 539 τοῖς
419 479 789 547 μακαρισμοῖς
817 479 1041 548 εἴρηκεν,
1061 482 1089 532 ὁ
1115 480 1326 553 Σωτήρ.

1886 485 2189 553 Scriptura,
2235 487 2327 555 qui
2357 501 2419 538 ex
2452 485 2702 555 gentibus
2729 486 3013 539 accedunt.
3042 485 3172 550 Qua:
3205 501 3333 539 vero
3358 486 3461 540 alia

1882 579 2170 634 Increditas
2193 588 2296 640 est,
2320 594 2482 648 quam
2511 594 2735 646 regnum
2767 579 3029 632 caelorum
3053 579 3075 632 ?
3105 594 3268 650 quam
3293 579 3458 633 etiam

1880 675 1933 728 in
1971 674 2393 728 bealitudinibus
2423 673 2716 727 celebravit
2748 671 3019 726 Salvator.

876 835 940 889 Et
966 839 1017 890 in
1045 840 1350 908 sequentia:
1383 858 1400 889 ‹
1431 838 1579 891 Diem
1609 852 1770 906 supra
1793 836 1933 887 diem
1967 833 2102 902 regis
2135 849 2380 902 appones,
2418 853 2436 886 ι
2467 843 2589 896 etc.,
2623 850 2670 888 υ.
2710 831 2759 886 7.

261 995 373 1063 (89)
408 995 722 1055 Εὐσεϐιόυ,
763 995 1133 1058 Ἀθανασίτιυ,
1167 998 1493 1064 Κυρίλλου.
1541 997 1682 1066 Πρὸς
1717 996 1772 1048 δέ

190 1086 315 1139 νοῦν
343 1087 598 1155 σημαίνει
633 1089 663 1138 ὁ
688 1086 865 1153 λόγος,
896 1086 972 1149 ὡς
999 1088 1093 1140 καὶ
1130 1088 1286 1140 τοῦτο
1314 1088 1480 1158 μέρος
1507 1087 1767 1158 κληρονο-

190 1176 322 1245 μίας
363 1177 508 1227 ἐστὶν
541 1177 573 1244 ἡ
604 1175 816 1238 αἰώνιος
839 1176 973 1248 ζωή.
1011 1177 1181 1230 Τοῦτο
1200 1179 1438 1248 γάρέστι
1471 1178 1530 1231 τὸ
1559 1179 1772 1248 ἡμέρας

185 1267 294 1334 ήμε
304 1266 412 1337 ρῶν
433 1268 543 1328 τοῖς
571 1266 714 1318 ἔτεσι
741 1266 832 1318 τοῦ
863 1267 1125 1336 βασιλέως
1155 1269 1482 1339 προσθῆναι.
1508 1253 1768 1338 Σημαίνει

183 1358 295 1428 γὰρ
328 1358 417 1410 διὰ
444 1358 552 1422 τῷν
583 1359 802 1430 ἡμερῶν
833 1361 1056 1430 χρὸνους
1087 1361 1238 1424 τινὰς
1277 1362 1374 1414 καὶ
1411 1361 1632 1424 αἰῶνας.
1684 1361 1769 1432 Μὴ

183 1448 470 1521 ὑπολάϐῃς
499 1449 575 1511 δὲ,
606 1451 687 1502 ὅτι
711 1451 838 1519 περὶ
868 1451 986 1514 ἑνός
1017 1469 1160 1515 τινος
1199 1453 1461 1522 βασιλέως
1507 1453 1574 1506 τὰ
1596 1453 1770 1506 τοιάδε

183 1542 353 1610 φησίν
371 1560 383 1570 ·
411 1541 519 1594 ἴσθι
547 1541 603 1593 δὲ
637 1541 856 1611 μᾶλλον,
881 1543 962 1595 ὅτι
985 1545 1112 1614 περὶ
1140 1545 1340 1607 παντὸς
1374 1544 1466 1597 τοῦ
1498 1544 1771 1614 κεκλημέ-

181 1649 278 1684 νου
303 1635 386 1695 εἰς
414 1633 689 1702 βασιλείαν
722 1635 1007 1704 οὐρανῶν·
1038 1636 1106 1688 ὃν.
1139 1637 1232 1689 καὶ
1287 1636 1557 1705 διαμένειν
1608 1637 1771 1706 φησὶν

178 1726 264 1786 εἰς
288 1725 382 1776 τὸν
412 1725 583 1778 αἰῶνα
609 1725 840 1778 ἐνώπιον
867 1727 972 1779 τοῦ
990 1727 1147 1779 Θεοῦ.
1207 1729 1276 1780 Οἱ
1305 1728 1411 1800 γὰρ
1456 1727 1768 1798 σύμμορφοι

1943 1001 2180 1064 Eusebii,
2212 999 2518 1061 Athanasii,
2556 993 2765 1064 Cyr-illi.
2801 995 3006 1049 Sensus
3042 1010 3171 1047 vero
3203 995 3454 1063 spiritua-

1875 1094 1942 1147 lis
1967 1103 2085 1147 est:
2123 1093 2363 1145 indicant
2401 1091 2512 1142 haec
2552 1089 2739 1151 verba,
2771 1088 3096 1156 quodetiam
3131 1088 3245 1140 haec
3277 1087 3454 1155 portio

1876 1184 2206 1237 hmreditatis
2258 1183 2366 1234 vita
2402 1190 2601 1233 aeterna
2660 1179 2748 1232 sil.
2803 1177 2916 1231 Hoc
2949 1180 3092 1231 enim
3129 1188 3228 1240 est,
3291 1178 3452 1232 annis

1873 1274 2017 1343 regis
2053 1274 2290 1342 adjicere
2326 1274 2443 1325 dies
2489 1272 2728 1324 dierum.
2765 1269 3029 1323 Drnotant
3062 1287 3295 1340 namque
3335 1273 3452 1327 dies

1877 1373 2120 1430 tempora
2159 1363 2406 1431 qntedam
2453 1371 2504 1414 et
2538 1362 2756 1415 saecula.
2811 1363 2952 1415 Cave
2981 1379 3110 1415 vero
3159 1378 3226 1416 ne
3271 1363 3456 1417 existi-

1869 1471 1986 1509 mes
2020 1455 2131 1508 haec
2164 1455 2289 1507 talia
2317 1455 2383 1506 de
2410 1453 2593 1520 aliquo
2621 1469 2746 1521 rege
2770 1453 2875 1506 dici
2909 1472 2921 1506 :
2952 1455 3080 1517 quin
3107 1455 3286 1522 potius
3314 1455 3452 1509 sci-to

1867 1548 1984 1602 haec
2019 1548 2085 1600 de
2118 1547 2398 1610 omnibus,
2434 1546 2524 1614 qui
2556 1545 2610 1597 in
2647 1561 2872 1614 regnum
2906 1544 2998 1597 Dei
3036 1555 3325 1610 vocantur,
3357 1561 3451 1600 ac-

1868 1637 2116 1706 cipienda
2173 1653 2335 1691 esse:
2385 1651 2526 1704 quos
2598 1635 2788 1702 utique
2838 1637 3000 1689 etiam
3060 1651 3451 1704 permansuros

1869 1732 1946 1784 ait
1977 1730 2030 1782 in
2066 1740 2331 1783 aeternum
2375 1729 2429 1780 in
2467 1738 2760 1794 conspectu
2806 1725 2919 1779 Dei.
2965 1726 3067 1791 Qui
3120 1725 3265 1780 enim
3319 1743 3452 1782 con-

178 1816 470 1884 γενόμενοι
519 1817 627 1868 τῶν
678 1818 1019 1887 παθημάτων)
1050 1817 1214 1870 αὐτοῦ
1261 1818 1356 1871 καὶ
1405 1818 1763 1886 συμϐασιλεύ-

1873 1821 2079 1876 formes
2104 1822 2297 1875 redditi
2345 1829 2475 1874 sunt
2509 1819 2861 1888 passionibus
2894 1818 3033 1886 ejus.
3070 1818 3108 1870 ii
3148 1819 3460 1888 regnabunt.

179 1923 371 1959 σουσιν
400 1906 544 1975 αὐτῷ
564 1907 842 1978 διηνεκῶς.
871 1907 1153 1980 Προειπὼν
1178 1907 1362 1978 μέντοι
1393 1910 1419 1961 ὁ
1454 1909 1768 1979 Προφήτης,

173 2001 262 2052 ὅτι
280 2001 376 2062 Σὺ,
391 2002 417 2052 ὀ
435 2000 587 2063 Θεὸς,
607 2003 931 2070 είσήκουσας
946 2000 1052 2054 τῶν
1072 2002 1247 2072 εὐχῶν
1264 2018 1388 2071 μου,
1403 1999 1524 2053 καθ’
1541 1999 1772 2069 ὑπερϐα-

173 2091 268 2142 τὸν
287 2090 491 2160 συνῆψε
506 2091 568 2143 τό
585 2106 599 2118 °
624 2091 868 2160 Ἡμέρας
885 2092 965 2160 ἐφ’
988 2092 1201 2163 ἡμέρας
1216 2091 1310 2144 τοῦ
1327 2089 1585 2160 βασιλέως
1605 2106 1771 2160 προσ-ρ

173 2184 393 2255 θήσεις.
428 2185 706 2245 Ἤκουσας
739 2186 869 2254 γὰρ,
903 2185 1055 2256 φησὶ,
1091 2183 1388 2253 τῶνεύχῶν
1411 2201 1508 2254 μου
1529 2201 1542 2213 ·
1563 2182 1772 2252 ἡμέρας

169 2276 264 2342 ἐφ’
301 2275 514 2345 ἡμέρας
573 2273 938 2343 προσέθηκας.
983 2275 1082 2328 Διὰ
1136 2273 1302 2344 μέσου
1328 2273 1384 2325 δὲ
1416 2271 1678 2342 ἐνεϐλήθη
1728 2274 1761 2340 ἡ

170 2367 311 2438 περὶ
327 2365 435 2418 τῶν
458 2365 622 2434 φοὸου
631 2366 806 2436 μένων
823 2366 883 2418 τὸ
899 2366 1068 2436 ὄνομα
1091 2365 1295 2437 Κυρίου
1329 2364 1516 2436 μνήμη
1539 2380 1551 2391 ·
1579 2363 1768 2434 ἐπειδὴ

167 2459 275 2515 καὶ
303 2459 491 2520 αὐτοῖς
518 2457 851 2528 ἐπήγγελται
867 2459 965 2528 τὴν
995 2458 1358 2530 κληρονομίαν
1377 2460 1410 2528 ἡ
1438 2456 1764 2529 προφητεία.

166 2546 291 2605 Ἠν
319 2551 377 2603 δὲ
410 2552 444 2620 ἡ
478 2548 692 2614 αἰώνιος
716 2550 852 2621 ζωή.
975 2541 979 2544 ’

1872 1929 2091 1984 quoque
2137 1929 2259 1967 cum
2310 1913 2442 1982 ipso.
2461 1913 2513 1965 in
2568 1920 2910 1980 perpetuum.
2945 1911 3083 1976 Quia
3120 1911 3284 1980 igitur
3315 1908 3452 1964 Pro-

1870 2007 2031 2076 pheta
2070 2004 2352 2075 prtemisit,
2406 2003 2542 2072 quia
2569 2003 2672 2067 Tu,
2721 2016 2754 2053 ο
2787 2001 2937 2055 Deus
2963 2016 3140 2063 meus,
3180 2001 3449 2055 exaudisti

1872 2112 2064 2167 preces
2089 2111 2238 2149 meas
2262 2112 2290 2160 ;_
2312 2095 2510 2160 adjecit
2538 2108 2632 2162 per
2667 2091 2955 2161 quemdam
2995 2091 3284 2144 verborum
3337 2098 3451 2144 tra-

1869 2191 2072 2260 jectum
2099 2191 2262 2254 illud,
2286 2190 2407 2243 Dies
2440 2189 2508 2243 ad
2545 2189 2667 2242 dies
2689 2187 2833 2257 regis
2859 2187 3100 2256 adjicies.
3147 2184 3304 2251 Nam,
3360 2187 3448 2240 in-

1872 2281 2015 2350 quit,
2047 2278 2471 2348 quiaexaudisti
2504 2292 2693 2346 preces
2721 2292 2892 2339 meas,
2925 2275 3183 2329 addidisti
3213 2275 3328 2330 dies
3356 2292 3450 2331 su-

1872 2388 1968 2441 pra
2019 2372 2156 2426 dies.
2213 2369 2533 2438 Interposita
2585 2383 2716 2422 vero
2765 2375 2848 2422 est
2895 2367 3033 2421 inter
3079 2366 3195 2420 haec
3241 2366 3446 2421 mentio

1870 2463 2178 2515 timentium
2233 2475 2433 2514 nomen
2495 2459 2754 2523 Domini,
2806 2457 2935 2526 quia
3000 2457 3162 2512 etiam
3235 2456 3356 2513 istis
3413 2471 3452 2512 α

1872 2551 2140 2621 Propheta
2179 2549 2456 2620 promissa.
2506 2557 2597 2604 est
2642 2547 2950 2603 hazreditas.
3002 2545 3130 2604 Haec,
3173 2559 3303 2600 vero
3363 2551 3446 2599 est

1872 2641 1986 2694 vita
2017 2649 2240 2695 aeterna.

869 2801 932 2854 Et
964 2802 1135 2856 adhuc
1169 2804 1224 2856 in
1249 2813 1545 2873 sequentem
1572 2817 1770 2856 versum
1799 2816 1819 2854 :
1856 2819 1874 2851 ι
1903 2797 2241 2855 Permanebit
2272 2801 2325 2854 in
2345 2801 2618 2867 swculum,
2656 2809 2812 2855 sete-

246 2911 362 2980 (90)
407 2911 772 2978 Ἄθανάσιος.
807 2912 897 2977 Ἐξ
927 2916 1271 2985 ἀναστροφῆς
1307 2915 1364 2968 δὲ
1393 2916 1420 2967 ὁ
1451 2914 1627 2982 λόγος,
1678 2913 1763 2967 ἵνα

1937 2913 2286 2969 Athanasius.
2322 2912 2540 2968 Inversa
2582 2923 2664 2968 est
2712 2912 2923 2966 oratio:
2975 2912 3099 2968 talis
3131 2913 3275 2967 enim
3325 2927 3446 2968 esse

162 3000 203 3076 ᾗ
247 3003 492 3067 τοιοῦτος
512 3019 526 3033 ·
563 3003 630 3056 Εἴ
657 3022 738 3067 τις
768 3005 1063 3076 ὲκζητήσει
1089 3006 1148 3059 τὸ
1171 3005 1318 3068 ἕλεος
1353 3005 1515 3059 αὑτοῦ
1547 3006 1639 3058 καὶ
1671 3004 1766 3076 τὴν

164 3095 459 3166 ἀλήθειαν,
491 3089 645 3158 οὗτος
679 3098 742 3149 ὲν
768 3100 881 3160 τοῖς
912 3098 1291 3169 ἀτελευτήτοις
1329 3097 1489 3151 αἰῶσι
1523 3098 1768 3167 διαμενεῖ

161 3190 410 3242 ἐνώπιον
437 3189 532 3241 τοῦ
566 3188 721 3242 Θεοῦ.
758 3188 929 3241 Τοῦτο
958 3190 1014 3242 δὲ
1040 3190 1374 3260 σαφέστερον
1403 3192 1431 3242 ὁ
1472 3189 1766 3259 Σύμμαχος

160 3286 542 3354 ¹ἡρμήνευσεν·
599 3283 811 3346 Ἔλεος
838 3282 938 3334 καὶ
981 3283 1232 3351 ἀλήθεια
1288 3281 1767 3349 διατηρήσουσιν

161 3379 379 3430 αὐτόν.
409 3375 596 3427 Ταῦτα
619 3375 728 3444 γὰρ
755 3374 852 3443 τῆς
880 3373 1176 3437 ἀθανασίας
1211 3373 1360 3444 αὐτῷ
1407 3373 1559 3426 ἔσται
1590 3374 1760 3440 αἴτια,

163 3468 230 3520 τὸ
254 3467 348 3519 τοῦ
378 3465 513 3518 Θεοῦ
541 3465 689 3527 ἕλεος
717 3467 859 3535 καὶὴ
890 3465 1137 3536 ἀλήθεια.
1163 3465 1322 3518 Κατὰ
1349 3465 1404 3517 δὲ
1425 3467 1549 3530 τοὺς
1582 3465 1761 3517 Ἑϐδο-

169 3561 423 3629 μήκοντα
441 3575 453 3587 ·
492 3558 609 3619 Τίς,
650 3558 832 3627 φησὶν,
860 3557 1043 3618 ἱκανὸς
1065 3557 1156 3608 τὸν
1187 3559 1511 3626 κεκριμένον
1556 3556 1650 3608 καὶ
1677 3556 1758 3607 δί-

163 3668 327 3703 καιον
360 3649 454 3701 τοῦ
482 3648 617 3701 Θεοῦ
650 3647 796 3700 ἔλεον
829 3646 1166 3717 καταμαθεῖν
1217 3647 1498 3718 ἀκριϐὧς;
1531 3647 1613 3700 Τὰ
1646 3647 1756 3718 γὰρ

166 3743 418 3815 κρίματα
443 3739 607 3792 αὐτοῦ
645 3739 877 3802 ἄϐυσσος
911 3739 1100 3809 πολλή.

1873 3003 2034 3058 debet
2061 3022 2073 3057 :
2108 3001 2434 3072 Quicunque
2460 3003 2824 3072 exquisiverit-
2847 3003 3276 3058 misericordiam
3323 3003 3451 3073 ejus

1869 3103 1924 3149 et
1951 3094 2255 3163 veritatem,
2287 3095 2331 3150 is
2360 3095 2699 3166 permanebit
2727 3095 2780 3148 in
2813 3103 3108 3164 conspectu
3145 3094 3235 3149 Dei
3263 3096 3317 3149 in
3344 3110 3447 3149 saec

1870 3188 1991 3241 cula
2023 3203 2303 3257 nunquam
2333 3186 2719 3266 terminandaa
2751 3186 2865 3241 Hoc
2906 3202 3068 3255 porro
3115 3189 3288 3255 magis
3325 3203 3448 3256 per-

1869 3281 2060 3350 spicue
2103 3281 2368 3348 expressit
2407 3279 2788 3352 Symmachus,
2837 3279 2955 3334 sic:
2999 3277 3368 3332 Misericordia
3394 3288 3452 3332 et.

1866 3372 2062 3424 veritas
2105 3369 2398 3424 custodient
2447 3371 2640 3438 ipsum.
2690 3367 2784 3423 Hae
2832 3369 2975 3422 enim
3027 3384 3206 3424 causa:
3261 3377 3442 3431 erunt,

1867 3463 2013 3532 quod
2050 3464 2166 3532 ipse
2197 3464 2661 3517 immortalitatem
2713 3471 3103 3531 consequatur,
3136 3461 3230 3514 Dei
3277 3462 3444 3516 mise-

1865 3555 2100 3609 ricordia
2135 3563 2189 3609 et
2239 3555 2460 3609 veritas.
2495 3555 2564 3608 At
2596 3553 2896 3608 secundum
2957 3553 3311 3623 Septuaginta
3353 3553 3444 3608 hic

1865 3655 1950 3702 est
1978 3661 2172 3702 sensus
2199 3664 2212 3700 :
2251 3645 2385 3711 Quis
2414 3653 2594 3714 potest
2623 3654 2874 3699 accurate
2905 3659 3234 3713 cognoscere
3261 3643 3449 3700 occul-

1865 3746 1976 3791 tam
2011 3745 2067 3791 et
2117 3737 2322 3807 justam
2375 3735 2472 3790 Dei
2514 3736 2994 3791 misericordiam?
3044 3734 3256 3791 Judicia
3293 3737 3450 3792 enim

1866 3829 1986 3899 ejus
2017 3828 2246 3899 abyssus
2270 3827 2460 3881 multa.

246 3967 454 4022 Exinde
484 3966 720 4037 sequitur
753 3976 1117 4037 argumentum
1141 3967 1335 4036 psalmi
1371 3983 1504 4022 1.qu
1535 3968 1605 4021 ad
1628 3967 1841 4022 verbum
1869 3977 1929 4021 ut
1957 3967 2152 4040 legitur
2189 3970 2246 4023 in
2277 3966 2736 4036 Expositionibus,
2777 3967 2994 4037 ideoque
3022 3968 3193 4037 ipsum
3218 3979 3438 4038 prseter-

167 4043 441 4095 misimus.

907 4123 1039 4177 Item
1064 4124 1120 4176 in
1153 4122 1250 4176 illa
1277 4123 1468 4177 verba:
1504 4145 1522 4175 ι
1561 4121 1669 4188 Qui.
1695 4135 1948 4179 aeuerunt
1974 4133 2032 4177 ut
2068 4126 2327 4196 gladium,
2369 4147 2389 4180 ›
2421 4135 2546 4193 etc.,
2570 4145 2618 4184 υ.
2643 4128 2696 4182 4.

242 4253 356 4322 (91)
395 4254 757 4320 Ἀθανάσιος.
798 4255 943 4326 Πρὸς
972 4253 1029 4306 δὲ
1057 4252 1182 4307 νοῦν
1213 4252 1388 4306 ταῦτὰ
1415 4269 1548 4322 φησι
1580 4251 1669 4305 διὰ
1692 4251 1752 4304 τὸ

1928 4251 2274 4307 Athanasius.
2309 4251 2482 4307 Sensu
2522 4266 2656 4306 vero
2693 4252 2988 4308 secretiore
3027 4251 3285 4307 dicuntur
3316 4245 3459 4313 haea'

167 4345 628 4417 βλασφημοῦντας
653 4349 852 4412 αὐτοὺς
888 4349 979 4401 τὸν
1026 4349 1231 4419 Ἰησοῦν
1260 4348 1438 4416 λέγειν
1478 4349 1590 4410 τοῖς
1617 4349 1754 4400 011:0.-

167 4439 382 4503 στόλοις
402 4457 415 4469 ·
450 4443 532 4494 Οὺ
547 4441 916 4510 παραγγελία
934 4455 1091 4508 παρη
1100 4442 1418 4510 rvi-allapsa-
1434 4438 1596 4507 ὑμῖν,
1608 4437 1761 4507 μηδ-

163 4529 258 4581 ενὶ
301 4530 518 4584 λαλεῖν
555 4531 654 4584 ἐπὶ
691 4530 770 4596 τῷ
813 4531 1056 4599 ὀνόματι
1107 4531 1330 4596 τούτῳ.;
1385 4530 1525 4591 Τοὺς
1575 4527 1758 4598 μέντοι

165 4624 361 4692 λόγους
384 4626 480 4696 τῆς
499 4625 751 4694 διαϐολῆς
779 4624 1048 4696 ῥομφαίαν
1074 4625 1242 4692 ἡκονη
1254 4622 1423 4692 μένην
1450 4621 1754 4688 ὠνόμασεν,

166 4718 260 4770 ἵνα
284 4718 434 4790 δείξῃ
466 4717 527 4769 τὸ
549 4717 801 4788 ὀξύτερον
835 4717 972 4786 πρὸς
1001 4715 1278 4786 ἀναίρεσιν
1299 4732 1312 4745 ο
1347 4715 1442 4766 καὶ
1491 4713 1629 4783 τόξῳ
1657 4711 1754 4786 τὴν

163 4808 423 4876 γλῶσσαν
469 4808 564 4861 τοῦ
607 4811 942 4878 συκοφάντου
974 4809 1332 4878 παρείκασεν,
1367 4808 1448 4860 ὅτι
1485 4807 1579 4859 καὶ
1627 4806 1754 4866 τοὺς

149 4901 362 4981 ,πόρρω
413 4900 659 4970 βλάπτει.
724 4900 952 4962 Οὐδενὸς
984 4901 1092 4972 γὰρ
1150 4897 1275 4951 οὔτε
1306 4899 1573 4968 παρόντος
1629 4896 1752 4949 οὕτε

164 4992 401 5054 ἀπόντος
429 4995 456 5045 ὁ
479 4993 716 5064 λοίδορος
751 4993 846 5046 καὶ
877 4993 1220 5062 συκοφάντης
1245 4990 1499 5059 φείδεται.

1867 4343 1922 4396 in
1973 4341 2285 4397 Iudaeorum
2334 4345 2644 4415 principes,
2689 4359 2755 4399 eo
2787 4344 2934 4414 quod
2967 4343 3333 4413 blasphemias
3381 4345 3436 4398 in

1863 4432 2047 4488 Jesum
2080 4434 2369 4504 jacientes,
2413 4435 2658 4511 dicerent
2687 4434 2950 4505 apostolis
2981 4452 2994 4488 :
3031 4433 3220 4488 Nonne
3246 4438 3438 4504 μνωσί-

1862 4528 2050 4596 piendo
2093 4529 2424 4598 prwcipimus
2481 4519 2659 4595 vobis,
2717 4546 2782 4584 ne
2827 4530 3080 4584 docerelis
3128 4531 3185 4584 in
3228 4531 3442 4584 nomine

1864 4623 1967 4674 isto
1985 4621 2073 4673 3‘?
2103 4619 2278 4675 Verba
2306 4621 2490 4689 itaque
2516 4622 2854 4676 calumniosa
2880 4661 2896 4686 ,
2955 4621 3246 4692 appellavit
3290 4637 3438 4676 rom-

1864 4712 2072 4782 phaeam
2108 4720 2348 4775 acutam,
2377 4723 2437 4767 ut
2469 4716 2661 4768 innuat
2687 4724 2741 4768 et
2770 4716 2887 4784 ipsa
2915 4725 3073 4768 acuta
3106 4729 3230 4769 esse
3258 4721 3313 4768 et
3357 4714 3439 4768 fa-

1861 4805 1965 4860 cile
1994 4806 2282 4875 perimere.
2332 4804 2600 4875 Linguam
2638 4821 2767 4860 vero
2805 4806 3158 4878 sycophantae
3210 4821 3437 4874 compa~

1861 4899 2004 4952 ravit
2031 4899 2266 4968 sagittae,
2294 4913 2360 4953 eo
2386 4898 2532 4967 quod
2559 4899 2723 4952 etiam
2763 4899 2922 4969 longe
2963 4899 3216 4954 absentes
3255 4899 3435 4953 laniat.

1861 4989 2160 5045 Maledicus
2203 4991 2349 5046 enim
2384 4999 2436 5044 et
2463 4991 2797 5061 sycophanta
2827 4992 2984 5058 nulli,
3037 5002 3137 5047 nec
3158 4991 3441 5062 praesenti,

1868 5099 1970 5139 nec
1998 5084 2209 5139 absenti
2237 5084 2431 5153 parcit.
2746 5094 2751 5100 ‘

649 5214 784 5269 Item
819 5216 873 5268 in
900 5214 994 5268 illa
1023 5213 1220 5283 psalmi
1259 5213 1516 5282 ejusdem,
1553 5233 1571 5265 ι
1609 5213 1927 5268 Conturbati
1955 5224 2076 5268 sunt
2108 5232 2286 5270 omnes
2313 5215 2402 5286 qui
2423 5214 2555 5277 vid.,
2597 5233 2617 5267 ι
2648 5226 2772 5277 etc..
2797 5233 2844 5270 υ.
2876 5217 2962 5271 10.

234 5333 348 5402 (92)
395 5332 757 5398 Ἄθανάσιος.
789 5334 850 5386 Οἱ
881 5329 1233 5402 θεωροῦντες,
1258 5330 1412 5400 φησὶ,
1431 5329 1557 5392 τοὺς
1577 5327 1756 5384 votui--

237 5443 285 5476 ³³
311 5443 426 5497 Act.
452 5461 498 5498 v.
528 5445 620 5498 9.8.

242 5556 356 5629 (89)
391 5556 522 5629 Vide
548 5560 601 5614 in
633 5559 1088 5629 Expositionibus.

170 5697 211 5750 ἥ
241 5628 353 5749 (θιέ)
391 5628 562 5700 Hujus
592 5631 696 5686 loci
720 5628 874 5687 nulla
899 5644 978 5688 est
1020 5633 1392 5704 interpretatio
1424 5633 1478 5689 in
1514 5633 1742 5697 Exposi-

215 5715 298 5750 oni
343 5717 427 5752 us.

1937 5330 2283 5384 Athanasius.
2311 5328 2591 5400 Quotquot
2620 5331 2824 5397 vident,
2858 5330 3037 5401 inquit
3105 5329 3239 5384 tales
3289 5345 3434 5384 Viros

1932 5565 2044 5634 (9|)
2072 5561 2218 5634 ,V'ide
2247 5563 2644 5634 expositionem
2675 5566 2728 5618 in
2765 5566 2908 5622 hunc
2943 5581 3185 5621 versum.

1860 5705 1898 5757 τ’
1926 5635 2038 5757 (9%)
2069 5633 2238 5705 Hujus
2269 5633 2370 5692 Icci
2415 5635 2557 5689 nulla
2589 5645 2671 5690 est
2710 5635 3079 5705 interpretatio
3111 5638 3164 5692 in
3201 5633 3431 5707 Exposi-

1871 5721 1987 5758 iam
2030 5721 2108 5759 us.
