  <div class='ocr_page' id='page_1' title='image "/cluster/home/n/w/nwhite01/storage/ocr_20150623/27/nnc1.0046978631/301.png"; bbox 0 0 3880 6216; ppageno 0'>
   <div class='ocr_carea' id='block_1_1' title="bbox 436 320 548 375">
    <p class='ocr_par' dir='ltr' id='par_1_1' title="bbox 436 320 548 375">
     <span class='ocr_line' id='line_1_1' title="bbox 436 320 548 375; baseline 0.009 -2"><span class='ocrx_word' id='word_1_1' title='bbox 436 320 548 375; x_wconf 80' lang='lat'><strong>575</strong></span> 
     </span>
    </p>
   </div>
   <div class='ocr_carea' id='block_1_2' title="bbox 1300 320 2886 387">
    <p class='ocr_par' dir='ltr' id='par_1_2' title="bbox 1300 320 2886 387">
     <span class='ocr_line' id='line_1_2' title="bbox 1300 320 2886 387; baseline 0.008 -12"><span class='ocrx_word' id='word_1_2' title='bbox 1300 321 1359 376; x_wconf 91' lang='lat' dir='ltr'><strong>S.</strong></span> <span class='ocrx_word' id='word_1_3' title='bbox 1402 320 1784 375; x_wconf 77' lang='lat' dir='ltr'><strong>A&#39;HIANASII</strong></span> <span class='ocrx_word' id='word_1_4' title='bbox 1819 322 1972 379; x_wconf 85' lang='lat' dir='ltr'><strong>OPP.</strong></span> <span class='ocrx_word' id='word_1_5' title='bbox 2017 325 2200 382; x_wconf 83' lang='lat' dir='ltr'><strong>PARS</strong></span> <span class='ocrx_word' id='word_1_6' title='bbox 2237 326 2325 384; x_wconf 82' lang='lat' dir='ltr'><strong>Ill.</strong></span> <span class='ocrx_word' id='word_1_7' title='bbox 2366 359 2436 372; x_wconf 91' lang='lat'><strong>-—</strong></span> <span class='ocrx_word' id='word_1_8' title='bbox 2471 328 2886 387; x_wconf 78' lang='lat' dir='ltr'><strong>EXEGETICA.</strong></span> 
     </span>
    </p>
   </div>
   <div class='ocr_carea' id='block_1_3' title="bbox 3612 332 3718 387">
    <p class='ocr_par' dir='ltr' id='par_1_3' title="bbox 3612 332 3718 387">
     <span class='ocr_line' id='line_1_3' title="bbox 3612 332 3718 387; baseline 0.019 -2"><span class='ocrx_word' id='word_1_9' title='bbox 3612 332 3718 387; x_wconf 81' lang='lat'><strong>5&#39;76</strong></span> 
     </span>
    </p>
   </div>
   <div class='ocr_carea' id='block_1_4' title="bbox 436 436 2036 522">
    <p class='ocr_par' dir='ltr' id='par_1_4' title="bbox 436 436 2010 511">
     <span class='ocr_line' id='line_1_4' title="bbox 436 436 2010 511; baseline 0.004 -21"><span class='ocrx_word' id='word_1_10' title='bbox 436 436 606 492; x_wconf 88' lang='lat' dir='ltr'><strong>tantis</strong></span> <span class='ocrx_word' id='word_1_11' title='bbox 634 438 884 495; x_wconf 77' lang='lat' dir='ltr'><strong>excidere</strong></span> <span class='ocrx_word' id='word_1_12' title='bbox 940 439 1174 511; x_wconf 90' lang='lat' dir='ltr'><strong>negoti-is</strong></span> <span class='ocrx_word' id='word_1_13' title='bbox 1213 447 1268 492; x_wconf 90' lang='lat' dir='ltr'><strong>et</strong></span> <span class='ocrx_word' id='word_1_14' title='bbox 1317 453 1347 492; x_wconf 94' lang='lat' dir='ltr'><strong>a</strong></span> <span class='ocrx_word' id='word_1_15' title='bbox 1395 440 1678 508; x_wconf 85' lang='lat' dir='ltr'><strong>proposito</strong></span> <span class='ocrx_word' id='word_1_16' title='bbox 1729 441 2010 508; x_wconf 85' lang='lat' dir='ltr'><strong>aberrare,</strong></span> 
     </span>
    </p>
   </div>
   <div class='ocr_carea' id='block_1_5' title="bbox 2128 436 3715 522">
    <p class='ocr_par' dir='ltr' id='par_1_5' title="bbox 2128 447 3715 522">
     <span class='ocr_line' id='line_1_5' title="bbox 2128 447 3715 522; baseline 0.003 -24"><span class='ocrx_word' id='word_1_17' title='bbox 2128 462 2245 510; x_wconf 81' lang='grc' dir='ltr'>τους</span> <span class='ocrx_word' id='word_1_18' title='bbox 2271 447 2367 500; x_wconf 74' lang='grc' dir='ltr'><strong>καὶ</strong></span> <span class='ocrx_word' id='word_1_19' title='bbox 2392 447 2678 513; x_wconf 75' lang='grc' dir='ltr'>τοσούτους</span> <span class='ocrx_word' id='word_1_20' title='bbox 2713 448 2823 502; x_wconf 84' lang='grc' dir='ltr'>τῶν</span> <span class='ocrx_word' id='word_1_21' title='bbox 2853 447 3279 521; x_wconf 65' lang='grc' dir='ltr'>ἐγχειρημάτων</span> <span class='ocrx_word' id='word_1_22' title='bbox 3307 447 3715 522; x_wconf 68' lang='grc' dir='ltr'>διαμαρτόντας</span> 
     </span>
    </p>
   </div>
   <div class='ocr_carea' id='block_1_6' title="bbox 438 531 2086 600">
    <p class='ocr_par' dir='ltr' id='par_1_6' title="bbox 438 531 2086 600">
     <span class='ocr_line' id='line_1_6' title="bbox 438 531 2086 600; baseline 0.004 -19"><span class='ocrx_word' id='word_1_23' title='bbox 438 531 838 586; x_wconf 89' lang='lat' dir='ltr'><strong>conturbantur</strong></span> <span class='ocrx_word' id='word_1_24' title='bbox 887 547 950 587; x_wconf 90' lang='lat' dir='ltr'><strong>ac</strong></span> <span class='ocrx_word' id='word_1_25' title='bbox 1011 531 1385 600; x_wconf 90' lang='lat' dir='ltr'><strong>corripiuntur</strong></span> <span class='ocrx_word' id='word_1_26' title='bbox 1427 540 1597 597; x_wconf 89' lang='lat' dir='ltr'><strong>metu,</strong></span> <span class='ocrx_word' id='word_1_27' title='bbox 1654 542 1712 587; x_wconf 80' lang='lat' dir='ltr'><strong>et</strong></span> <span class='ocrx_word' id='word_1_28' title='bbox 1776 532 2019 587; x_wconf 85' lang='lat' dir='ltr'><strong>divinam</strong></span> <span class='ocrx_word' id='word_1_29' title='bbox 2076 548 2086 558; x_wconf 84' lang='lat'>&#39;</span> 
     </span>
    </p>
   </div>
   <div class='ocr_carea' id='block_1_7' title="bbox 436 619 2021 692">
    <p class='ocr_par' dir='ltr' id='par_1_7' title="bbox 436 619 2021 692">
     <span class='ocr_line' id='line_1_7' title="bbox 436 619 2021 692; baseline 0.003 -20"><span class='ocrx_word' id='word_1_30' title='bbox 436 619 711 675; x_wconf 91' lang='lat' dir='ltr'><strong>mirantur</strong></span> <span class='ocrx_word' id='word_1_31' title='bbox 745 622 1172 691; x_wconf 80' lang='lat' dir='ltr'><strong>providentiam.</strong></span> <span class='ocrx_word' id='word_1_32' title='bbox 1205 619 1344 673; x_wconf 87' lang='lat' dir='ltr'><strong>Dum</strong></span> <span class='ocrx_word' id='word_1_33' title='bbox 1375 621 1521 674; x_wconf 82' lang='lat' dir='ltr'><strong>enim</strong></span> <span class='ocrx_word' id='word_1_34' title='bbox 1565 622 1804 676; x_wconf 83' lang='lat' dir='ltr'><strong>divinam</strong></span> <span class='ocrx_word' id='word_1_35' title='bbox 1838 631 2021 692; x_wconf 86' lang='lat' dir='ltr'><strong>prote-</strong></span> 
     </span>
    </p>
   </div>
   <div class='ocr_carea' id='block_1_8' title="bbox 438 711 2024 782">
    <p class='ocr_par' dir='ltr' id='par_1_8' title="bbox 438 711 2024 782">
     <span class='ocr_line' id='line_1_8' title="bbox 438 711 2024 782; baseline 0.002 -17"><span class='ocrx_word' id='word_1_36' title='bbox 438 711 676 766; x_wconf 91' lang='lat' dir='ltr'><strong>ctionem</strong></span> <span class='ocrx_word' id='word_1_37' title='bbox 731 714 875 782; x_wconf 90' lang='lat' dir='ltr'><strong>apud</strong></span> <span class='ocrx_word' id='word_1_38' title='bbox 931 729 991 768; x_wconf 89' lang='lat' dir='ltr'><strong>se</strong></span> <span class='ocrx_word' id='word_1_39' title='bbox 1043 714 1416 780; x_wconf 89' lang='lat' dir='ltr'><strong>considerant,</strong></span> <span class='ocrx_word' id='word_1_40' title='bbox 1468 723 1742 768; x_wconf 90' lang='lat' dir='ltr'><strong>terrentur</strong></span> <span class='ocrx_word' id='word_1_41' title='bbox 1798 714 2024 768; x_wconf 85' lang='lat' dir='ltr'><strong>horrore</strong></span> 
     </span>
    </p>
   </div>
   <div class='ocr_carea' id='block_1_9' title="bbox 438 801 2020 876">
    <p class='ocr_par' dir='ltr' id='par_1_9' title="bbox 438 801 2020 876">
     <span class='ocr_line' id='line_1_9' title="bbox 438 801 2020 876; baseline 0.003 -21"><span class='ocrx_word' id='word_1_42' title='bbox 438 801 611 856; x_wconf 89' lang='lat' dir='ltr'><strong>divini</strong></span> <span class='ocrx_word' id='word_1_43' title='bbox 650 803 866 872; x_wconf 86' lang='lat' dir='ltr'><strong>judieii,</strong></span> <span class='ocrx_word' id='word_1_44' title='bbox 905 820 970 859; x_wconf 90' lang='lat' dir='ltr'><strong>ac</strong></span> <span class='ocrx_word' id='word_1_45' title='bbox 1020 804 1336 876; x_wconf 87' lang='lat' dir='ltr'><strong>intelligunt</strong></span> <span class='ocrx_word' id='word_1_46' title='bbox 1382 821 1576 860; x_wconf 90' lang='lat' dir='ltr'><strong>omnes</strong></span> <span class='ocrx_word' id='word_1_47' title='bbox 1608 804 1778 859; x_wconf 90' lang='lat' dir='ltr'><strong>Deum</strong></span> <span class='ocrx_word' id='word_1_48' title='bbox 1831 804 2020 871; x_wconf 85' lang='lat' dir='ltr'><strong>fuisse,</strong></span> 
     </span>
    </p>
   </div>
   <div class='ocr_carea' id='block_1_10' title="bbox 437 895 2022 966">
    <p class='ocr_par' dir='ltr' id='par_1_10' title="bbox 437 895 2022 966">
     <span class='ocr_line' id='line_1_10' title="bbox 437 895 2022 966; baseline 0.003 -18"><span class='ocrx_word' id='word_1_49' title='bbox 437 895 532 964; x_wconf 88' lang='lat' dir='ltr'><strong>qui</strong></span> <span class='ocrx_word' id='word_1_50' title='bbox 559 895 714 950; x_wconf 91' lang='lat' dir='ltr'><strong>dolos</strong></span> <span class='ocrx_word' id='word_1_51' title='bbox 744 906 798 950; x_wconf 91' lang='lat' dir='ltr'><strong>ct</strong></span> <span class='ocrx_word' id='word_1_52' title='bbox 828 897 1057 953; x_wconf 88' lang='lat' dir='ltr'><strong>insidias</strong></span> <span class='ocrx_word' id='word_1_53' title='bbox 1100 912 1291 952; x_wconf 90' lang='lat' dir='ltr'><strong>eorum</strong></span> <span class='ocrx_word' id='word_1_54' title='bbox 1337 898 1521 952; x_wconf 91' lang='lat' dir='ltr'><strong>irritas</strong></span> <span class='ocrx_word' id='word_1_55' title='bbox 1568 896 1713 962; x_wconf 90' lang='lat' dir='ltr'><strong>fecit,</strong></span> <span class='ocrx_word' id='word_1_56' title='bbox 1759 911 1824 950; x_wconf 91' lang='lat' dir='ltr'><strong>eo</strong></span> <span class='ocrx_word' id='word_1_57' title='bbox 1874 897 2022 966; x_wconf 88' lang='lat' dir='ltr'><strong>quod</strong></span> 
     </span>
    </p>
   </div>
   <div class='ocr_carea' id='block_1_11' title="bbox 437 989 2024 1056">
    <p class='ocr_par' dir='ltr' id='par_1_11' title="bbox 437 989 2024 1056">
     <span class='ocr_line' id='line_1_11' title="bbox 437 989 2024 1056; baseline 0.001 -15"><span class='ocrx_word' id='word_1_58' title='bbox 437 1002 561 1056; x_wconf 69' lang='lat' dir='ltr'><strong>qua:</strong></span> <span class='ocrx_word' id='word_1_59' title='bbox 591 997 785 1043; x_wconf 88' lang='lat' dir='ltr'><strong>contra</strong></span> <span class='ocrx_word' id='word_1_60' title='bbox 813 1005 902 1044; x_wconf 88' lang='lat' dir='ltr'><strong>me</strong></span> <span class='ocrx_word' id='word_1_61' title='bbox 943 990 1180 1044; x_wconf 91' lang='lat' dir='ltr'><strong>inierant</strong></span> <span class='ocrx_word' id='word_1_62' title='bbox 1219 990 1446 1045; x_wconf 85' lang='lat' dir='ltr'><strong>consilia</strong></span> <span class='ocrx_word' id='word_1_63' title='bbox 1478 1004 1618 1043; x_wconf 80' lang='lat' dir='ltr'><strong>vana</strong></span> <span class='ocrx_word' id='word_1_64' title='bbox 1649 989 2024 1044; x_wconf 89' lang='lat' dir='ltr'><strong>demonstrata</strong></span> 
     </span>
    </p>
   </div>
   <div class='ocr_carea' id='block_1_12' title="bbox 435 1079 2021 1150">
    <p class='ocr_par' dir='ltr' id='par_1_12' title="bbox 435 1079 2021 1150">
     <span class='ocr_line' id='line_1_12' title="bbox 435 1079 2021 1150; baseline 0.001 -16"><span class='ocrx_word' id='word_1_65' title='bbox 435 1089 586 1134; x_wconf 87' lang='lat' dir='ltr'><strong>sunt.</strong></span> <span class='ocrx_word' id='word_1_66' title='bbox 619 1079 772 1134; x_wconf 85' lang='lat' dir='ltr'><strong>Adeo</strong></span> <span class='ocrx_word' id='word_1_67' title='bbox 797 1081 984 1150; x_wconf 89' lang='lat' dir='ltr'><strong>utjam</strong></span> <span class='ocrx_word' id='word_1_68' title='bbox 1013 1095 1210 1136; x_wconf 86' lang='lat' dir='ltr'><strong>omnes</strong></span> <span class='ocrx_word' id='word_1_69' title='bbox 1232 1081 1610 1150; x_wconf 85' lang='lat' dir='ltr'><strong>pronuntient,</strong></span> <span class='ocrx_word' id='word_1_70' title='bbox 1641 1089 1796 1134; x_wconf 90' lang='lat' dir='ltr'><strong>tuum</strong></span> <span class='ocrx_word' id='word_1_71' title='bbox 1829 1079 2021 1146; x_wconf 88' lang='lat' dir='ltr'><strong>fuisse,</strong></span> 
     </span>
    </p>
   </div>
   <div class='ocr_carea' id='block_1_13' title="bbox 436 1169 2016 1243">
    <p class='ocr_par' dir='ltr' id='par_1_13' title="bbox 436 1169 2016 1243">
     <span class='ocr_line' id='line_1_13' title="bbox 436 1169 2016 1243; baseline -0.001 -17"><span class='ocrx_word' id='word_1_72' title='bbox 436 1185 471 1226; x_wconf 91' lang='grc' dir='ltr'><strong>ο</strong></span> <span class='ocrx_word' id='word_1_73' title='bbox 534 1169 786 1239; x_wconf 85' lang='lat' dir='ltr'><strong>Domine,</strong></span> <span class='ocrx_word' id='word_1_74' title='bbox 844 1174 948 1227; x_wconf 90' lang='lat' dir='ltr'><strong>hoc</strong></span> <span class='ocrx_word' id='word_1_75' title='bbox 1007 1187 1168 1242; x_wconf 90' lang='lat' dir='ltr'><strong>opus,</strong></span> <span class='ocrx_word' id='word_1_76' title='bbox 1218 1173 1426 1243; x_wconf 84' lang='lat' dir='ltr'><strong>tibique</strong></span> <span class='ocrx_word' id='word_1_77' title='bbox 1475 1182 1669 1227; x_wconf 88' lang='lat' dir='ltr'><strong>cuncta</strong></span> <span class='ocrx_word' id='word_1_78' title='bbox 1716 1171 2016 1226; x_wconf 87' lang='lat' dir='ltr'><strong>ascribant.</strong></span> 
     </span>
    </p>
   </div>
   <div class='ocr_carea' id='block_1_14' title="bbox 435 1262 2024 1329">
    <p class='ocr_par' dir='ltr' id='par_1_14' title="bbox 435 1262 2024 1329">
     <span class='ocr_line' id='line_1_14' title="bbox 435 1262 2024 1329; baseline 0 -13"><span class='ocrx_word' id='word_1_79' title='bbox 435 1262 572 1329; x_wconf 78' lang='lat' dir='ltr'><strong>Quis</strong></span> <span class='ocrx_word' id='word_1_80' title='bbox 606 1265 754 1319; x_wconf 89' lang='lat' dir='ltr'><strong>enim</strong></span> <span class='ocrx_word' id='word_1_81' title='bbox 787 1281 897 1320; x_wconf 91' lang='lat' dir='ltr'><strong>non</strong></span> <span class='ocrx_word' id='word_1_82' title='bbox 933 1274 1158 1328; x_wconf 83' lang='lat' dir='ltr'><strong>metuat,</strong></span> <span class='ocrx_word' id='word_1_83' title='bbox 1212 1266 1304 1321; x_wconf 83' lang='lat' dir='ltr'><strong>ubi</strong></span> <span class='ocrx_word' id='word_1_84' title='bbox 1357 1265 1503 1319; x_wconf 84' lang='lat' dir='ltr'><strong>videt</strong></span> <span class='ocrx_word' id='word_1_85' title='bbox 1541 1264 1636 1319; x_wconf 78' lang='lat' dir='ltr'><strong>Dei</strong></span> <span class='ocrx_word' id='word_1_86' title='bbox 1680 1263 2024 1318; x_wconf 88' lang='lat' dir='ltr'><strong>animadver-</strong></span> 
     </span>
    </p>
   </div>
   <div class='ocr_carea' id='block_1_15' title="bbox 436 1354 2028 1428">
    <p class='ocr_par' dir='ltr' id='par_1_15' title="bbox 436 1354 2028 1428">
     <span class='ocr_line' id='line_1_15' title="bbox 436 1354 2028 1428; baseline 0.001 -20"><span class='ocrx_word' id='word_1_87' title='bbox 436 1354 645 1409; x_wconf 84' lang='lat' dir='ltr'><strong>sionem</strong></span> <span class='ocrx_word' id='word_1_88' title='bbox 689 1357 743 1410; x_wconf 92' lang='lat' dir='ltr'><strong>in</strong></span> <span class='ocrx_word' id='word_1_89' title='bbox 785 1357 1018 1428; x_wconf 87' lang='lat' dir='ltr'><strong>impios.</strong></span> <span class='ocrx_word' id='word_1_90' title='bbox 1070 1365 1125 1412; x_wconf 90' lang='lat' dir='ltr'><strong>et</strong></span> <span class='ocrx_word' id='word_1_91' title='bbox 1179 1356 1444 1412; x_wconf 82' lang='lat' dir='ltr'><strong>ultionem</strong></span> <span class='ocrx_word' id='word_1_92' title='bbox 1489 1371 1589 1427; x_wconf 91' lang='lat' dir='ltr'><strong>pro</strong></span> <span class='ocrx_word' id='word_1_93' title='bbox 1634 1355 1838 1426; x_wconf 82' lang='lat' dir='ltr'><strong>injuste</strong></span> <span class='ocrx_word' id='word_1_94' title='bbox 1885 1355 2028 1410; x_wconf 83' lang='lat' dir='ltr'><strong>actis</strong></span> 
     </span>
    </p>
   </div>
   <div class='ocr_carea' id='block_1_16' title="bbox 433 1446 706 1502">
    <p class='ocr_par' dir='ltr' id='par_1_16' title="bbox 433 1446 706 1502">
     <span class='ocr_line' id='line_1_16' title="bbox 433 1446 706 1502; baseline 0.007 -4"><span class='ocrx_word' id='word_1_95' title='bbox 433 1446 661 1502; x_wconf 86' lang='lat' dir='ltr'><strong>relatam</strong></span> <span class='ocrx_word' id='word_1_96' title='bbox 683 1447 706 1500; x_wconf 81' lang='lat'><strong>?</strong></span> 
     </span>
    </p>
   </div>
   <div class='ocr_carea' id='block_1_17' title="bbox 2132 541 3712 617">
    <p class='ocr_par' dir='ltr' id='par_1_17' title="bbox 2132 541 3712 617">
     <span class='ocr_line' id='line_1_17' title="bbox 2132 541 3712 617; baseline 0.003 -23"><span class='ocrx_word' id='word_1_97' title='bbox 2132 541 2230 594; x_wconf 73' lang='grc' dir='ltr'><strong>καὶ</strong></span> <span class='ocrx_word' id='word_1_98' title='bbox 2261 543 2672 614; x_wconf 87' lang='grc' dir='ltr'>ἀστοχήσαντας</span> <span class='ocrx_word' id='word_1_99' title='bbox 2705 543 2935 614; x_wconf 78' lang='grc' dir='ltr'>θορύϐου</span> <span class='ocrx_word' id='word_1_100' title='bbox 2988 545 3083 597; x_wconf 75' lang='grc' dir='ltr'><strong>καὶ</strong></span> <span class='ocrx_word' id='word_1_101' title='bbox 3129 544 3282 608; x_wconf 84' lang='grc' dir='ltr'>δέους</span> <span class='ocrx_word' id='word_1_102' title='bbox 3334 545 3712 617; x_wconf 81' lang='grc' dir='ltr'>ἐπλήσθησαν,</span> 
     </span>
    </p>
   </div>
   <div class='ocr_carea' id='block_1_18' title="bbox 2126 631 3717 708">
    <p class='ocr_par' dir='ltr' id='par_1_18' title="bbox 2126 631 3717 708">
     <span class='ocr_line' id='line_1_18' title="bbox 2126 631 3717 708; baseline 0.004 -26"><span class='ocrx_word' id='word_1_103' title='bbox 2126 631 2220 683; x_wconf 72' lang='grc' dir='ltr'><strong>καὶ</strong></span> <span class='ocrx_word' id='word_1_104' title='bbox 2252 633 2349 702; x_wconf 78' lang='grc' dir='ltr'><strong>τὴν</strong></span> <span class='ocrx_word' id='word_1_105' title='bbox 2382 632 2533 685; x_wconf 85' lang='grc' dir='ltr'>Θείαν</span> <span class='ocrx_word' id='word_1_106' title='bbox 2557 632 2873 704; x_wconf 79' lang='grc' dir='ltr'>ἐθαύμασαν</span> <span class='ocrx_word' id='word_1_107' title='bbox 2903 635 3177 707; x_wconf 73' lang='grc' dir='ltr'>πρόνοιαν.</span> <span class='ocrx_word' id='word_1_108' title='bbox 3216 632 3303 688; x_wconf 68' lang='grc' dir='ltr'>Ἐν</span> <span class='ocrx_word' id='word_1_109' title='bbox 3329 637 3582 707; x_wconf 72' lang='grc' dir='ltr'>περινοίᾳ.</span> <span class='ocrx_word' id='word_1_110' title='bbox 3607 637 3717 708; x_wconf 79' lang='grc' dir='ltr'>γὰρ</span> 
     </span>
    </p>
   </div>
   <div class='ocr_carea' id='block_1_19' title="bbox 2126 723 3716 798">
    <p class='ocr_par' dir='ltr' id='par_1_19' title="bbox 2126 723 3716 798">
     <span class='ocr_line' id='line_1_19' title="bbox 2126 723 3716 798; baseline 0.003 -23"><span class='ocrx_word' id='word_1_111' title='bbox 2126 723 2226 793; x_wconf 89' lang='grc' dir='ltr'><strong>τῆς</strong></span> <span class='ocrx_word' id='word_1_112' title='bbox 2247 723 2339 776; x_wconf 88' lang='grc' dir='ltr'><strong>τοῦ</strong></span> <span class='ocrx_word' id='word_1_113' title='bbox 2370 724 2506 777; x_wconf 82' lang='grc' dir='ltr'>Θεοῦ</span> <span class='ocrx_word' id='word_1_114' title='bbox 2545 725 2870 796; x_wconf 79' lang='grc' dir='ltr'>κηδεμονίας</span> <span class='ocrx_word' id='word_1_115' title='bbox 2898 726 3197 797; x_wconf 82' lang='grc' dir='ltr'>γενόμενοι,</span> <span class='ocrx_word' id='word_1_116' title='bbox 3235 727 3298 780; x_wconf 85' lang='grc' dir='ltr'><strong>τὸ</strong></span> <span class='ocrx_word' id='word_1_117' title='bbox 3330 727 3472 780; x_wconf 81' lang='grc' dir='ltr'>θεῖον</span> <span class='ocrx_word' id='word_1_118' title='bbox 3512 729 3716 798; x_wconf 82' lang='grc' dir='ltr'>κριτή-</span> 
     </span>
    </p>
   </div>
   <div class='ocr_carea' id='block_1_20' title="bbox 2128 815 3722 890">
    <p class='ocr_par' dir='ltr' id='par_1_20' title="bbox 2128 815 3722 890">
     <span class='ocr_line' id='line_1_20' title="bbox 2128 815 3722 890; baseline 0.003 -23"><span class='ocrx_word' id='word_1_119' title='bbox 2128 832 2243 886; x_wconf 88' lang='grc' dir='ltr'>ριον</span> <span class='ocrx_word' id='word_1_120' title='bbox 2287 815 2519 880; x_wconf 74' lang='grc' dir='ltr'>ἔδεισαν,</span> <span class='ocrx_word' id='word_1_121' title='bbox 2553 817 2645 870; x_wconf 76' lang='grc' dir='ltr'><strong>καὶ</strong></span> <span class='ocrx_word' id='word_1_122' title='bbox 2693 817 2892 880; x_wconf 86' lang='grc' dir='ltr'>πάντες</span> <span class='ocrx_word' id='word_1_123' title='bbox 2941 819 3201 887; x_wconf 91' lang='grc' dir='ltr'>συνῆκαν,</span> <span class='ocrx_word' id='word_1_124' title='bbox 3253 819 3335 872; x_wconf 83' lang='grc' dir='ltr'>ὅτι</span> <span class='ocrx_word' id='word_1_125' title='bbox 3391 819 3545 890; x_wconf 84' lang='grc' dir='ltr'><strong>παρὰ</strong></span> <span class='ocrx_word' id='word_1_126' title='bbox 3575 819 3722 872; x_wconf 79' lang='grc' dir='ltr'>Θεοῦ</span> 
     </span>
    </p>
   </div>
   <div class='ocr_carea' id='block_1_21' title="bbox 2129 906 3717 982">
    <p class='ocr_par' dir='ltr' id='par_1_21' title="bbox 2129 906 3717 982">
     <span class='ocr_line' id='line_1_21' title="bbox 2129 906 3717 982; baseline 0.003 -22"><span class='ocrx_word' id='word_1_127' title='bbox 2129 906 2527 980; x_wconf 78' lang='grc' dir='ltr'><strong>κατεργάζεται</strong></span> <span class='ocrx_word' id='word_1_128' title='bbox 2560 908 2624 961; x_wconf 84' lang='grc' dir='ltr'><strong>τὸ</strong></span> <span class='ocrx_word' id='word_1_129' title='bbox 2648 909 2747 978; x_wconf 86' lang='grc' dir='ltr'><strong>τῆς</strong></span> <span class='ocrx_word' id='word_1_130' title='bbox 2769 907 2946 962; x_wconf 81' lang='grc' dir='ltr'>αὐτῶν</span> <span class='ocrx_word' id='word_1_131' title='bbox 2977 909 3276 982; x_wconf 68' lang='grc' dir='ltr'>ὼλιὸτητος</span> <span class='ocrx_word' id='word_1_132' title='bbox 3307 909 3616 982; x_wconf 85' lang='grc' dir='ltr'>ἄπρακτον.</span> <span class='ocrx_word' id='word_1_133' title='bbox 3634 912 3717 964; x_wconf 78' lang='grc' dir='ltr'>ὅτι</span> 
     </span>
    </p>
   </div>
   <div class='ocr_carea' id='block_1_22' title="bbox 2125 999 3720 1073">
    <p class='ocr_par' dir='ltr' id='par_1_22' title="bbox 2125 999 3720 1073">
     <span class='ocr_line' id='line_1_22' title="bbox 2125 999 3720 1073; baseline -0.001 -19"><span class='ocrx_word' id='word_1_134' title='bbox 2125 1000 2193 1054; x_wconf 75' lang='grc' dir='ltr'>τὰ</span> <span class='ocrx_word' id='word_1_135' title='bbox 2227 1002 2346 1056; x_wconf 85' lang='grc' dir='ltr'>κατ’</span> <span class='ocrx_word' id='word_1_136' title='bbox 2381 999 2514 1070; x_wconf 90' lang='grc' dir='ltr'>ἐμοῦ</span> <span class='ocrx_word' id='word_1_137' title='bbox 2545 1000 2748 1073; x_wconf 82' lang='grc' dir='ltr'>μάταια</span> <span class='ocrx_word' id='word_1_138' title='bbox 2768 1000 3030 1072; x_wconf 71' lang='grc' dir='ltr'>ἠλέγχθη.</span> <span class='ocrx_word' id='word_1_139' title='bbox 3067 1003 3154 1064; x_wconf 84' lang='grc' dir='ltr'>Ὠς</span> <span class='ocrx_word' id='word_1_140' title='bbox 3181 1002 3389 1064; x_wconf 80' lang='grc' dir='ltr'>πάντας</span> <span class='ocrx_word' id='word_1_141' title='bbox 3431 1003 3720 1070; x_wconf 76' lang='grc' dir='ltr'>ἀπαγγέλ-</span> 
     </span>
    </p>
   </div>
   <div class='ocr_carea' id='block_1_23' title="bbox 2123 1084 3720 1164">
    <p class='ocr_par' dir='ltr' id='par_1_23' title="bbox 2123 1084 3720 1164">
     <span class='ocr_line' id='line_1_23' title="bbox 2123 1084 3720 1164; baseline 0.001 -21"><span class='ocrx_word' id='word_1_142' title='bbox 2123 1089 2257 1155; x_wconf 89' lang='grc' dir='ltr'>λειν,</span> <span class='ocrx_word' id='word_1_143' title='bbox 2281 1091 2363 1143; x_wconf 87' lang='grc' dir='ltr'>ὃτι</span> <span class='ocrx_word' id='word_1_144' title='bbox 2392 1091 2510 1155; x_wconf 80' lang='grc' dir='ltr'>Σὺν,</span> <span class='ocrx_word' id='word_1_145' title='bbox 2541 1084 2585 1143; x_wconf 82' lang='grc' dir='ltr'><strong>ὦ</strong></span> <span class='ocrx_word' id='word_1_146' title='bbox 2615 1092 2881 1157; x_wconf 81' lang='grc' dir='ltr'>Δέσποτα,</span> <span class='ocrx_word' id='word_1_147' title='bbox 2909 1092 3069 1164; x_wconf 77' lang='grc' dir='ltr'>ἔργον</span> <span class='ocrx_word' id='word_1_148' title='bbox 3094 1091 3273 1155; x_wconf 83' lang='grc' dir='ltr'>τοῦτο,</span> <span class='ocrx_word' id='word_1_149' title='bbox 3297 1094 3392 1146; x_wconf 77' lang='grc' dir='ltr'>καὶ</span> <span class='ocrx_word' id='word_1_150' title='bbox 3417 1095 3500 1146; x_wconf 90' lang='grc' dir='ltr'><strong>σοί</strong></span> <span class='ocrx_word' id='word_1_151' title='bbox 3525 1093 3594 1146; x_wconf 73' lang='grc' dir='ltr'><strong>τὰ</strong></span> <span class='ocrx_word' id='word_1_152' title='bbox 3626 1109 3720 1160; x_wconf 82' lang='grc' dir='ltr'>γε·</span> 
     </span>
    </p>
   </div>
   <div class='ocr_carea' id='block_1_24' title="bbox 2126 1182 3716 1256">
    <p class='ocr_par' dir='ltr' id='par_1_24' title="bbox 2126 1182 3716 1256">
     <span class='ocr_line' id='line_1_24' title="bbox 2126 1182 3716 1256; baseline 0.001 -20"><span class='ocrx_word' id='word_1_153' title='bbox 2126 1182 2328 1252; x_wconf 82' lang='grc' dir='ltr'>νόμενα</span> <span class='ocrx_word' id='word_1_154' title='bbox 2353 1182 2738 1253; x_wconf 84' lang='grc' dir='ltr'>ἐπιγράφουσι.</span> <span class='ocrx_word' id='word_1_155' title='bbox 2769 1183 2881 1255; x_wconf 79' lang='grc'><strong>(95)</strong></span> <span class='ocrx_word' id='word_1_156' title='bbox 2922 1184 3018 1247; x_wconf 86' lang='grc' dir='ltr'><strong>Τίς</strong></span> <span class='ocrx_word' id='word_1_157' title='bbox 3051 1184 3160 1255; x_wconf 78' lang='grc' dir='ltr'>γὰρ</span> <span class='ocrx_word' id='word_1_158' title='bbox 3185 1186 3287 1240; x_wconf 80' lang='grc' dir='ltr'><strong>οὐκ</strong></span> <span class='ocrx_word' id='word_1_159' title='bbox 3319 1185 3385 1238; x_wconf 81' lang='grc' dir='ltr'><strong>ἂν</strong></span> <span class='ocrx_word' id='word_1_160' title='bbox 3420 1185 3716 1256; x_wconf 78' lang='grc' dir='ltr'>φοϐηθείη,</span> 
     </span>
    </p>
   </div>
   <div class='ocr_carea' id='block_1_25' title="bbox 2127 1274 3720 1347">
    <p class='ocr_par' dir='ltr' id='par_1_25' title="bbox 2127 1274 3720 1347">
     <span class='ocr_line' id='line_1_25' title="bbox 2127 1274 3720 1347; baseline 0.003 -20"><span class='ocrx_word' id='word_1_161' title='bbox 2127 1274 2432 1345; x_wconf 74' lang='grc' dir='ltr'>ἐπισκοπὴν</span> <span class='ocrx_word' id='word_1_162' title='bbox 2457 1275 2522 1327; x_wconf 85' lang='grc' dir='ltr'><strong>ἐκ</strong></span> <span class='ocrx_word' id='word_1_163' title='bbox 2542 1274 2676 1327; x_wconf 88' lang='grc' dir='ltr'>Θεοῦ</span> <span class='ocrx_word' id='word_1_164' title='bbox 2692 1275 2834 1346; x_wconf 82' lang='grc' dir='ltr'>ὁρῶν</span> <span class='ocrx_word' id='word_1_165' title='bbox 2862 1277 3153 1347; x_wconf 80' lang='grc' dir='ltr'>γινομένην</span> <span class='ocrx_word' id='word_1_166' title='bbox 3177 1276 3318 1330; x_wconf 77' lang='grc' dir='ltr'>κατὰ</span> <span class='ocrx_word' id='word_1_167' title='bbox 3337 1277 3444 1332; x_wconf 84' lang='grc' dir='ltr'><strong>τῶν</strong></span> <span class='ocrx_word' id='word_1_168' title='bbox 3471 1278 3720 1345; x_wconf 76' lang='grc' dir='ltr'>ἀσεϐῶν,</span> 
     </span>
    </p>
   </div>
   <div class='ocr_carea' id='block_1_26' title="bbox 2129 1365 3281 1438">
    <p class='ocr_par' dir='ltr' id='par_1_26' title="bbox 2129 1365 3281 1438">
     <span class='ocr_line' id='line_1_26' title="bbox 2129 1365 3281 1438; baseline 0.001 -17"><span class='ocrx_word' id='word_1_169' title='bbox 2129 1366 2225 1421; x_wconf 71' lang='grc' dir='ltr'><strong>καὶ</strong></span> <span class='ocrx_word' id='word_1_170' title='bbox 2254 1366 2533 1436; x_wconf 74' lang='grc' dir='ltr'>ἐκδίκησιν</span> <span class='ocrx_word' id='word_1_171' title='bbox 2562 1367 2702 1438; x_wconf 82' lang='grc' dir='ltr'>ὑπὲρ</span> <span class='ocrx_word' id='word_1_172' title='bbox 2729 1365 2836 1420; x_wconf 83' lang='grc' dir='ltr'>τῶν</span> <span class='ocrx_word' id='word_1_173' title='bbox 2875 1368 3241 1438; x_wconf 81' lang='grc' dir='ltr'>ἀδικουμένων</span> <span class='ocrx_word' id='word_1_174' title='bbox 3267 1386 3281 1434; x_wconf 90' lang='grc'>;</span> 
     </span>
    </p>
   </div>
   <div class='ocr_carea' id='block_1_27' title="bbox 1180 1552 2953 1630">
    <p class='ocr_par' dir='ltr' id='par_1_27' title="bbox 1180 1552 2953 1630">
     <span class='ocr_line' id='line_1_27' title="bbox 1180 1552 2953 1630; baseline -0.005 -13"><span class='ocrx_word' id='word_1_175' title='bbox 1180 1561 1318 1617; x_wconf 83' lang='lat' dir='ltr'><strong>Item</strong></span> <span class='ocrx_word' id='word_1_176' title='bbox 1344 1564 1399 1617; x_wconf 83' lang='lat' dir='ltr'><strong>in</strong></span> <span class='ocrx_word' id='word_1_177' title='bbox 1436 1563 1650 1616; x_wconf 77' lang='lat' dir='ltr'><strong>titulum</strong></span> <span class='ocrx_word' id='word_1_178' title='bbox 1686 1578 1825 1630; x_wconf 80' lang='lat' dir='ltr'><strong>psa..</strong></span> <span class='ocrx_word' id='word_1_179' title='bbox 1859 1577 2008 1624; x_wconf 78' lang='lat' dir='ltr'><strong>inv,</strong></span> <span class='ocrx_word' id='word_1_180' title='bbox 2032 1571 2308 1629; x_wconf 61' lang='lat' dir='ltr'><strong>praemissa</strong></span> <span class='ocrx_word' id='word_1_181' title='bbox 2342 1552 2645 1607; x_wconf 76' lang='lat' dir='ltr'><strong>Theodoreti</strong></span> <span class='ocrx_word' id='word_1_182' title='bbox 2675 1561 2953 1609; x_wconf 77' lang='lat' dir='ltr'><strong>sententia.</strong></span> 
     </span>
    </p>
   </div>
   <div class='ocr_carea' id='block_1_28' title="bbox 508 1671 2036 1750">
    <p class='ocr_par' dir='ltr' id='par_1_28' title="bbox 508 1675 2012 1750">
     <span class='ocr_line' id='line_1_28' title="bbox 508 1675 2012 1750; baseline 0.003 -21"><span class='ocrx_word' id='word_1_183' title='bbox 508 1675 852 1732; x_wconf 79' lang='lat' dir='ltr'><strong>Athanasius.</strong></span> <span class='ocrx_word' id='word_1_184' title='bbox 894 1677 1196 1748; x_wconf 84' lang='lat' dir='ltr'><strong>Conjnncta</strong></span> <span class='ocrx_word' id='word_1_185' title='bbox 1221 1696 1385 1750; x_wconf 93' lang='lat' dir='ltr'><strong>porro</strong></span> <span class='ocrx_word' id='word_1_186' title='bbox 1414 1689 1498 1735; x_wconf 89' lang='lat' dir='ltr'><strong>est</strong></span> <span class='ocrx_word' id='word_1_187' title='bbox 1527 1696 1652 1735; x_wconf 92' lang='lat' dir='ltr'><strong>cum</strong></span> <span class='ocrx_word' id='word_1_188' title='bbox 1695 1681 1888 1734; x_wconf 93' lang='lat' dir='ltr'><strong>harum</strong></span> <span class='ocrx_word' id='word_1_189' title='bbox 1926 1694 2012 1734; x_wconf 88' lang='lat' dir='ltr'><strong>re-</strong></span> 
     </span>
    </p>
   </div>
   <div class='ocr_carea' id='block_1_29' title="bbox 2128 1671 3723 1750">
    <p class='ocr_par' dir='ltr' id='par_1_29' title="bbox 2194 1671 3723 1749">
     <span class='ocr_line' id='line_1_29' title="bbox 2194 1671 3723 1749; baseline -0.004 -21"><span class='ocrx_word' id='word_1_190' title='bbox 2194 1674 2302 1744; x_wconf 69' lang='grc'><strong>(94)</strong></span> <span class='ocrx_word' id='word_1_191' title='bbox 2357 1671 2723 1738; x_wconf 81' lang='grc' dir='ltr'>Ἀθανὰσιος.</span> <span class='ocrx_word' id='word_1_192' title='bbox 2767 1671 3162 1744; x_wconf 74' lang='grc' dir='ltr'>’Δναμέμικται</span> <span class='ocrx_word' id='word_1_193' title='bbox 3203 1673 3260 1726; x_wconf 89' lang='grc' dir='ltr'>δὲ</span> <span class='ocrx_word' id='word_1_194' title='bbox 3299 1678 3367 1746; x_wconf 77' lang='grc' dir='ltr'>τῇ</span> <span class='ocrx_word' id='word_1_195' title='bbox 3413 1677 3543 1749; x_wconf 70' lang='grc' dir='ltr'>περὶ</span> <span class='ocrx_word' id='word_1_196' title='bbox 3578 1678 3723 1730; x_wconf 78' lang='grc' dir='ltr'>τού..</span> 
     </span>
    </p>
   </div>
   <div class='ocr_carea' id='block_1_30' title="bbox 434 1771 2013 1843">
    <p class='ocr_par' dir='ltr' id='par_1_30' title="bbox 434 1771 2013 1843">
     <span class='ocr_line' id='line_1_30' title="bbox 434 1771 2013 1843; baseline 0 -20"><span class='ocrx_word' id='word_1_197' title='bbox 434 1785 558 1824; x_wconf 88' lang='lat' dir='ltr'><strong>rum</strong></span> <span class='ocrx_word' id='word_1_198' title='bbox 593 1771 947 1840; x_wconf 66' lang='lat' dir='ltr'><strong>praedictione</strong></span> <span class='ocrx_word' id='word_1_199' title='bbox 991 1774 1156 1827; x_wconf 88' lang='lat' dir='ltr'><strong>etiam</strong></span> <span class='ocrx_word' id='word_1_200' title='bbox 1221 1774 1504 1843; x_wconf 87' lang='lat' dir='ltr'><strong>prophetia</strong></span> <span class='ocrx_word' id='word_1_201' title='bbox 1554 1773 1620 1827; x_wconf 90' lang='lat' dir='ltr'><strong>de</strong></span> <span class='ocrx_word' id='word_1_202' title='bbox 1650 1773 1826 1828; x_wconf 89' lang='lat' dir='ltr'><strong>salute</strong></span> <span class='ocrx_word' id='word_1_203' title='bbox 1879 1788 2013 1842; x_wconf 75' lang='lat' dir='ltr'><strong>gen-</strong></span> 
     </span>
    </p>
   </div>
   <div class='ocr_carea' id='block_1_31' title="bbox 433 1861 2018 1932">
    <p class='ocr_par' dir='ltr' id='par_1_31' title="bbox 433 1861 2018 1932">
     <span class='ocr_line' id='line_1_31' title="bbox 433 1861 2018 1932; baseline 0.001 -19"><span class='ocrx_word' id='word_1_204' title='bbox 433 1862 594 1914; x_wconf 88' lang='lat' dir='ltr'><strong>tium.</strong></span> <span class='ocrx_word' id='word_1_205' title='bbox 624 1861 793 1914; x_wconf 84' lang='lat' dir='ltr'><strong>David</strong></span> <span class='ocrx_word' id='word_1_206' title='bbox 825 1877 1064 1930; x_wconf 84' lang='lat' dir='ltr'><strong>namque</strong></span> <span class='ocrx_word' id='word_1_207' title='bbox 1095 1861 1393 1916; x_wconf 83' lang='lat' dir='ltr'><strong>introducit</strong></span> <span class='ocrx_word' id='word_1_208' title='bbox 1420 1863 1508 1917; x_wconf 91' lang='lat' dir='ltr'><strong>hic</strong></span> <span class='ocrx_word' id='word_1_209' title='bbox 1537 1879 1630 1916; x_wconf 91' lang='lat' dir='ltr'><strong>eos</strong></span> <span class='ocrx_word' id='word_1_210' title='bbox 1665 1863 1758 1932; x_wconf 89' lang='lat' dir='ltr'><strong>qui</strong></span> <span class='ocrx_word' id='word_1_211' title='bbox 1790 1878 1853 1916; x_wconf 71' lang='lat' dir='ltr'><strong>ex</strong></span> <span class='ocrx_word' id='word_1_212' title='bbox 1887 1877 2018 1931; x_wconf 85' lang='lat' dir='ltr'><strong>gen--</strong></span> 
     </span>
    </p>
   </div>
   <div class='ocr_carea' id='block_1_32' title="bbox 434 1952 2022 2024">
    <p class='ocr_par' dir='ltr' id='par_1_32' title="bbox 434 1952 2022 2024">
     <span class='ocr_line' id='line_1_32' title="bbox 434 1952 2022 2024; baseline 0.002 -18"><span class='ocrx_word' id='word_1_213' title='bbox 434 1953 579 2007; x_wconf 83' lang='lat' dir='ltr'><strong>tibus</strong></span> <span class='ocrx_word' id='word_1_214' title='bbox 602 1954 655 2006; x_wconf 91' lang='lat' dir='ltr'><strong>in</strong></span> <span class='ocrx_word' id='word_1_215' title='bbox 683 1952 962 2007; x_wconf 88' lang='lat' dir='ltr'><strong>Christum</strong></span> <span class='ocrx_word' id='word_1_216' title='bbox 991 1952 1360 2019; x_wconf 87' lang='lat' dir='ltr'><strong>crediderunt,</strong></span> <span class='ocrx_word' id='word_1_217' title='bbox 1391 1954 1548 2024; x_wconf 85' lang='lat' dir='ltr'><strong>quasi</strong></span> <span class='ocrx_word' id='word_1_218' title='bbox 1577 1954 2022 2008; x_wconf 69' lang='lat' dir='ltr'><strong>contradicentes.</strong></span> 
     </span>
    </p>
   </div>
   <div class='ocr_carea' id='block_1_33' title="bbox 432 2044 2017 2115">
    <p class='ocr_par' dir='ltr' id='par_1_33' title="bbox 432 2044 2017 2115">
     <span class='ocr_line' id='line_1_33' title="bbox 432 2044 2017 2115; baseline 0.001 -17"><span class='ocrx_word' id='word_1_219' title='bbox 432 2044 769 2112; x_wconf 86' lang='lat' dir='ltr'><strong>sapientibus</strong></span> <span class='ocrx_word' id='word_1_220' title='bbox 803 2044 968 2113; x_wconf 86' lang='lat' dir='ltr'><strong>hujus</strong></span> <span class='ocrx_word' id='word_1_221' title='bbox 998 2044 1204 2108; x_wconf 64' lang='lat' dir='ltr'><strong>saeculi,</strong></span> <span class='ocrx_word' id='word_1_222' title='bbox 1238 2060 1300 2099; x_wconf 91' lang='lat' dir='ltr'><strong>ac</strong></span> <span class='ocrx_word' id='word_1_223' title='bbox 1333 2055 1555 2100; x_wconf 89' lang='lat' dir='ltr'><strong>orantes</strong></span> <span class='ocrx_word' id='word_1_224' title='bbox 1589 2046 1790 2115; x_wconf 88' lang='lat' dir='ltr'><strong>prioris</strong></span> <span class='ocrx_word' id='word_1_225' title='bbox 1823 2046 2017 2115; x_wconf 89' lang='lat' dir='ltr'><strong>impie-</strong></span> 
     </span>
    </p>
   </div>
   <div class='ocr_carea' id='block_1_34' title="bbox 430 2135 2016 2207">
    <p class='ocr_par' dir='ltr' id='par_1_34' title="bbox 430 2135 2016 2207">
     <span class='ocr_line' id='line_1_34' title="bbox 430 2135 2016 2207; baseline 0 -18"><span class='ocrx_word' id='word_1_226' title='bbox 430 2135 559 2190; x_wconf 88' lang='lat' dir='ltr'><strong>tatis</strong></span> <span class='ocrx_word' id='word_1_227' title='bbox 593 2135 995 2192; x_wconf 87' lang='lat' dir='ltr'><strong>dimissionem.</strong></span> <span class='ocrx_word' id='word_1_228' title='bbox 1051 2138 1186 2191; x_wconf 88' lang='lat' dir='ltr'><strong>Orat</strong></span> <span class='ocrx_word' id='word_1_229' title='bbox 1239 2137 1436 2192; x_wconf 87' lang='lat' dir='ltr'><strong>deinde</strong></span> <span class='ocrx_word' id='word_1_230' title='bbox 1465 2139 1630 2192; x_wconf 89' lang='lat' dir='ltr'><strong>etiam</strong></span> <span class='ocrx_word' id='word_1_231' title='bbox 1675 2153 1771 2207; x_wconf 93' lang='lat' dir='ltr'><strong>pro</strong></span> <span class='ocrx_word' id='word_1_232' title='bbox 1821 2138 1888 2191; x_wconf 90' lang='lat' dir='ltr'><strong>iis</strong></span> <span class='ocrx_word' id='word_1_233' title='bbox 1921 2137 2016 2206; x_wconf 90' lang='lat' dir='ltr'><strong>qui</strong></span> 
     </span>
    </p>
   </div>
   <div class='ocr_carea' id='block_1_35' title="bbox 430 2227 2014 2294">
    <p class='ocr_par' dir='ltr' id='par_1_35' title="bbox 430 2227 2014 2294">
     <span class='ocr_line' id='line_1_35' title="bbox 430 2227 2014 2294; baseline 0.003 -14"><span class='ocrx_word' id='word_1_234' title='bbox 430 2227 559 2280; x_wconf 90' lang='lat' dir='ltr'><strong>olim</strong></span> <span class='ocrx_word' id='word_1_235' title='bbox 593 2228 806 2282; x_wconf 87' lang='lat' dir='ltr'><strong>steriles</strong></span> <span class='ocrx_word' id='word_1_236' title='bbox 830 2239 884 2282; x_wconf 90' lang='lat' dir='ltr'><strong>et</strong></span> <span class='ocrx_word' id='word_1_237' title='bbox 908 2228 1239 2284; x_wconf 83' lang='lat' dir='ltr'><strong>infructuosi</strong></span> <span class='ocrx_word' id='word_1_238' title='bbox 1271 2240 1448 2294; x_wconf 90' lang='lat' dir='ltr'><strong>erant,</strong></span> <span class='ocrx_word' id='word_1_239' title='bbox 1475 2246 1620 2283; x_wconf 89' lang='lat' dir='ltr'><strong>nunc</strong></span> <span class='ocrx_word' id='word_1_240' title='bbox 1648 2245 1777 2283; x_wconf 90' lang='lat' dir='ltr'><strong>vero</strong></span> <span class='ocrx_word' id='word_1_241' title='bbox 1808 2227 2014 2284; x_wconf 83' lang='lat' dir='ltr'><strong>fertiles</strong></span> 
     </span>
    </p>
   </div>
   <div class='ocr_carea' id='block_1_36' title="bbox 431 2321 2018 2391">
    <p class='ocr_par' dir='ltr' id='par_1_36' title="bbox 431 2321 2018 2391">
     <span class='ocr_line' id='line_1_36' title="bbox 431 2321 2018 2391; baseline -0.001 -17"><span class='ocrx_word' id='word_1_242' title='bbox 431 2321 559 2374; x_wconf 84' lang='lat' dir='ltr'><strong>facti</strong></span> <span class='ocrx_word' id='word_1_243' title='bbox 599 2331 729 2375; x_wconf 91' lang='lat' dir='ltr'><strong>sunt</strong></span> <span class='ocrx_word' id='word_1_244' title='bbox 760 2337 853 2391; x_wconf 86' lang='lat' dir='ltr'><strong>per</strong></span> <span class='ocrx_word' id='word_1_245' title='bbox 885 2323 1046 2376; x_wconf 80' lang='lat' dir='ltr'><strong>fidem</strong></span> <span class='ocrx_word' id='word_1_246' title='bbox 1087 2321 1140 2374; x_wconf 90' lang='lat' dir='ltr'><strong>in</strong></span> <span class='ocrx_word' id='word_1_247' title='bbox 1167 2321 1471 2376; x_wconf 83' lang='lat' dir='ltr'><strong>Christum.</strong></span> <span class='ocrx_word' id='word_1_248' title='bbox 1521 2321 1734 2376; x_wconf 90' lang='lat' dir='ltr'><strong>Dictum</strong></span> <span class='ocrx_word' id='word_1_249' title='bbox 1770 2336 1899 2374; x_wconf 82' lang='lat' dir='ltr'><strong>vero</strong></span> <span class='ocrx_word' id='word_1_250' title='bbox 1932 2329 2018 2374; x_wconf 87' lang='lat' dir='ltr'><strong>est</strong></span> 
     </span>
    </p>
   </div>
   <div class='ocr_carea' id='block_1_37' title="bbox 428 2411 2014 2483">
    <p class='ocr_par' dir='ltr' id='par_1_37' title="bbox 428 2411 2014 2483">
     <span class='ocr_line' id='line_1_37' title="bbox 428 2411 2014 2483; baseline 0.001 -19"><span class='ocrx_word' id='word_1_251' title='bbox 428 2411 537 2480; x_wconf 86' lang='lat' dir='ltr'><strong>iam</strong></span> <span class='ocrx_word' id='word_1_252' title='bbox 593 2422 738 2478; x_wconf 87' lang='lat' dir='ltr'><strong>ante,</strong></span> <span class='ocrx_word' id='word_1_253' title='bbox 796 2413 943 2483; x_wconf 88' lang='lat' dir='ltr'><strong>quod</strong></span> <span class='ocrx_word' id='word_1_254' title='bbox 993 2414 1238 2482; x_wconf 86' lang='lat' dir='ltr'><strong>psalmus</strong></span> <span class='ocrx_word' id='word_1_255' title='bbox 1285 2413 1503 2483; x_wconf 80' lang='lat' dir='ltr'><strong>praxin,</strong></span> <span class='ocrx_word' id='word_1_256' title='bbox 1555 2414 1830 2468; x_wconf 89' lang='lat' dir='ltr'><strong>canticum</strong></span> <span class='ocrx_word' id='word_1_257' title='bbox 1884 2427 2014 2466; x_wconf 92' lang='lat' dir='ltr'><strong>vero</strong></span> 
     </span>
    </p>
   </div>
   <div class='ocr_carea' id='block_1_38' title="bbox 429 2503 2016 2574">
    <p class='ocr_par' dir='ltr' id='par_1_38' title="bbox 429 2503 2016 2574">
     <span class='ocr_line' id='line_1_38' title="bbox 429 2503 2016 2574; baseline 0.002 -19"><span class='ocrx_word' id='word_1_258' title='bbox 429 2503 698 2558; x_wconf 87' lang='lat' dir='ltr'><strong>theoriam</strong></span> <span class='ocrx_word' id='word_1_259' title='bbox 752 2504 994 2558; x_wconf 89' lang='lat' dir='ltr'><strong>denotet.</strong></span> <span class='ocrx_word' id='word_1_260' title='bbox 1059 2503 1292 2569; x_wconf 85' lang='lat' dir='ltr'><strong>Quando</strong></span> <span class='ocrx_word' id='word_1_261' title='bbox 1347 2504 1514 2574; x_wconf 78' lang='lat' dir='ltr'><strong>igitur</strong></span> <span class='ocrx_word' id='word_1_262' title='bbox 1569 2519 1664 2573; x_wconf 90' lang='lat' dir='ltr'><strong>per</strong></span> <span class='ocrx_word' id='word_1_263' title='bbox 1717 2516 2016 2573; x_wconf 91' lang='lat' dir='ltr'><strong>utrumque</strong></span> 
     </span>
    </p>
   </div>
   <div class='ocr_carea' id='block_1_39' title="bbox 428 2593 2011 2665">
    <p class='ocr_par' dir='ltr' id='par_1_39' title="bbox 428 2593 2011 2665">
     <span class='ocr_line' id='line_1_39' title="bbox 428 2593 2011 2665; baseline 0 -18"><span class='ocrx_word' id='word_1_264' title='bbox 428 2593 658 2649; x_wconf 91' lang='lat' dir='ltr'><strong>istorum</strong></span> <span class='ocrx_word' id='word_1_265' title='bbox 703 2609 792 2650; x_wconf 87' lang='lat' dir='ltr'><strong>res</strong></span> <span class='ocrx_word' id='word_1_266' title='bbox 820 2595 1004 2664; x_wconf 87' lang='lat' dir='ltr'><strong>aliqua</strong></span> <span class='ocrx_word' id='word_1_267' title='bbox 1040 2596 1302 2665; x_wconf 71' lang='lat' dir='ltr'><strong>praeclare</strong></span> <span class='ocrx_word' id='word_1_268' title='bbox 1333 2609 1482 2665; x_wconf 79' lang='lat' dir='ltr'><strong>gesta</strong></span> <span class='ocrx_word' id='word_1_269' title='bbox 1515 2605 1632 2661; x_wconf 92' lang='lat' dir='ltr'><strong>est,</strong></span> <span class='ocrx_word' id='word_1_270' title='bbox 1663 2596 1841 2650; x_wconf 89' lang='lat' dir='ltr'><strong>ethica</strong></span> <span class='ocrx_word' id='word_1_271' title='bbox 1870 2595 2011 2650; x_wconf 91' lang='lat' dir='ltr'><strong>scili-</strong></span> 
     </span>
    </p>
   </div>
   <div class='ocr_carea' id='block_1_40' title="bbox 427 2683 2013 2756">
    <p class='ocr_par' dir='ltr' id='par_1_40' title="bbox 427 2683 2013 2756">
     <span class='ocr_line' id='line_1_40' title="bbox 427 2683 2013 2756; baseline -0.003 -16"><span class='ocrx_word' id='word_1_272' title='bbox 427 2695 514 2740; x_wconf 90' lang='lat' dir='ltr'><strong>cet</strong></span> <span class='ocrx_word' id='word_1_273' title='bbox 544 2683 890 2756; x_wconf 86' lang='lat' dir='ltr'><strong>philosophia</strong></span> <span class='ocrx_word' id='word_1_274' title='bbox 932 2699 1056 2739; x_wconf 91' lang='lat' dir='ltr'><strong>cum</strong></span> <span class='ocrx_word' id='word_1_275' title='bbox 1090 2685 1390 2738; x_wconf 88' lang='lat' dir='ltr'><strong>theoretica</strong></span> <span class='ocrx_word' id='word_1_276' title='bbox 1423 2692 1808 2744; x_wconf 88' lang='lat' dir='ltr'><strong>concurrente,</strong></span> <span class='ocrx_word' id='word_1_277' title='bbox 1861 2683 2013 2751; x_wconf 88' lang='lat' dir='ltr'><strong>psal-—</strong></span> 
     </span>
    </p>
   </div>
   <div class='ocr_carea' id='block_1_41' title="bbox 428 2775 2010 2848">
    <p class='ocr_par' dir='ltr' id='par_1_41' title="bbox 428 2775 2010 2848">
     <span class='ocr_line' id='line_1_41' title="bbox 428 2775 2010 2848; baseline -0.003 -14"><span class='ocrx_word' id='word_1_278' title='bbox 428 2795 553 2835; x_wconf 91' lang='lat' dir='ltr'><strong>mus</strong></span> <span class='ocrx_word' id='word_1_279' title='bbox 584 2779 784 2834; x_wconf 89' lang='lat' dir='ltr'><strong>cantici</strong></span> <span class='ocrx_word' id='word_1_280' title='bbox 818 2776 1056 2834; x_wconf 80' lang='lat' dir='ltr'><strong>exsistit.</strong></span> <span class='ocrx_word' id='word_1_281' title='bbox 1102 2775 1220 2830; x_wconf 87' lang='lat' dir='ltr'><strong>Vita</strong></span> <span class='ocrx_word' id='word_1_282' title='bbox 1251 2776 1395 2830; x_wconf 92' lang='lat' dir='ltr'><strong>enim</strong></span> <span class='ocrx_word' id='word_1_283' title='bbox 1429 2776 1851 2844; x_wconf 79' lang='lat' dir='ltr'><strong>contemplativa</strong></span> <span class='ocrx_word' id='word_1_284' title='bbox 1881 2789 2010 2848; x_wconf 83' lang='lat' dir='ltr'><strong>ope-</strong></span> 
     </span>
    </p>
   </div>
   <div class='ocr_carea' id='block_1_42' title="bbox 427 2867 1720 2938">
    <p class='ocr_par' dir='ltr' id='par_1_42' title="bbox 427 2867 1720 2938">
     <span class='ocr_line' id='line_1_42' title="bbox 427 2867 1720 2938; baseline -0.005 -12"><span class='ocrx_word' id='word_1_285' title='bbox 427 2874 579 2926; x_wconf 90' lang='lat' dir='ltr'><strong>ribus</strong></span> <span class='ocrx_word' id='word_1_286' title='bbox 609 2879 825 2936; x_wconf 89' lang='lat' dir='ltr'><strong>ornata,</strong></span> <span class='ocrx_word' id='word_1_287' title='bbox 867 2868 1047 2924; x_wconf 90' lang='lat' dir='ltr'><strong>reddit</strong></span> <span class='ocrx_word' id='word_1_288' title='bbox 1075 2868 1376 2938; x_wconf 88' lang='lat' dir='ltr'><strong>perfectum</strong></span> <span class='ocrx_word' id='word_1_289' title='bbox 1419 2867 1720 2922; x_wconf 71' lang='lat' dir='ltr'><strong>hominem.</strong></span> 
     </span>
    </p>
   </div>
   <div class='ocr_carea' id='block_1_43' title="bbox 2121 1765 3717 1844">
    <p class='ocr_par' dir='ltr' id='par_1_43' title="bbox 2121 1765 3717 1844">
     <span class='ocr_line' id='line_1_43' title="bbox 2121 1765 3717 1844; baseline 0.002 -24"><span class='ocrx_word' id='word_1_290' title='bbox 2121 1785 2227 1820; x_wconf 86' lang='grc' dir='ltr'><strong>των</strong></span> <span class='ocrx_word' id='word_1_291' title='bbox 2258 1766 2561 1836; x_wconf 75' lang='grc' dir='ltr'>προρρήσει</span> <span class='ocrx_word' id='word_1_292' title='bbox 2593 1765 2688 1818; x_wconf 74' lang='grc' dir='ltr'><strong>καὶ</strong></span> <span class='ocrx_word' id='word_1_293' title='bbox 2715 1765 2816 1836; x_wconf 88' lang='grc' dir='ltr'><strong>τῆς</strong></span> <span class='ocrx_word' id='word_1_294' title='bbox 2851 1765 2960 1817; x_wconf 81' lang='grc' dir='ltr'><strong>τῶν</strong></span> <span class='ocrx_word' id='word_1_295' title='bbox 2995 1765 3164 1817; x_wconf 84' lang='grc' dir='ltr'>ἐθνῶν</span> <span class='ocrx_word' id='word_1_296' title='bbox 3201 1769 3476 1839; x_wconf 83' lang='grc' dir='ltr'>σωτηρίας</span> <span class='ocrx_word' id='word_1_297' title='bbox 3512 1771 3546 1840; x_wconf 84' lang='grc' dir='ltr'>ἡ</span> <span class='ocrx_word' id='word_1_298' title='bbox 3577 1789 3717 1844; x_wconf 78' lang='grc' dir='ltr'>προ-</span> 
     </span>
    </p>
   </div>
   <div class='ocr_carea' id='block_1_44' title="bbox 2123 1855 3717 1929">
    <p class='ocr_par' dir='ltr' id='par_1_44' title="bbox 2123 1855 3717 1929">
     <span class='ocr_line' id='line_1_44' title="bbox 2123 1855 3717 1929; baseline 0.004 -19"><span class='ocrx_word' id='word_1_299' title='bbox 2123 1858 2338 1929; x_wconf 84' lang='grc' dir='ltr'>φητεία.</span> <span class='ocrx_word' id='word_1_300' title='bbox 2367 1856 2590 1925; x_wconf 84' lang='grc' dir='ltr'>Εἰσάγει</span> <span class='ocrx_word' id='word_1_301' title='bbox 2626 1855 2736 1928; x_wconf 81' lang='grc' dir='ltr'>γὰρ</span> <span class='ocrx_word' id='word_1_302' title='bbox 2763 1858 2791 1908; x_wconf 87' lang='grc' dir='ltr'>ὁ</span> <span class='ocrx_word' id='word_1_303' title='bbox 2811 1855 2973 1908; x_wconf 81' lang='grc' dir='ltr'><strong>Δαυῖδ</strong></span> <span class='ocrx_word' id='word_1_304' title='bbox 3006 1856 3239 1910; x_wconf 85' lang='grc' dir='ltr'>ἐνταῦθα</span> <span class='ocrx_word' id='word_1_305' title='bbox 3267 1861 3391 1921; x_wconf 75' lang='grc' dir='ltr'>τοὺς</span> <span class='ocrx_word' id='word_1_306' title='bbox 3431 1859 3491 1924; x_wconf 83' lang='grc' dir='ltr'>ἐξ</span> <span class='ocrx_word' id='word_1_307' title='bbox 3536 1861 3717 1916; x_wconf 80' lang='grc' dir='ltr'>ἐθνῶν</span> 
     </span>
    </p>
   </div>
   <div class='ocr_carea' id='block_1_45' title="bbox 2121 1948 3717 2022">
    <p class='ocr_par' dir='ltr' id='par_1_45' title="bbox 2121 1948 3717 2022">
     <span class='ocr_line' id='line_1_45' title="bbox 2121 1948 3717 2022; baseline 0.001 -18"><span class='ocrx_word' id='word_1_308' title='bbox 2121 1948 2521 2012; x_wconf 84' lang='grc' dir='ltr'>πιστεύσαντας</span> <span class='ocrx_word' id='word_1_309' title='bbox 2551 1951 2628 2012; x_wconf 77' lang='grc' dir='ltr'>εἰς</span> <span class='ocrx_word' id='word_1_310' title='bbox 2658 1949 2893 2020; x_wconf 82' lang='grc' dir='ltr'>Χριστὸν</span> <span class='ocrx_word' id='word_1_311' title='bbox 2911 1990 2926 2016; x_wconf 92' lang='grc'><strong>,</strong></span> <span class='ocrx_word' id='word_1_312' title='bbox 2971 1949 3355 2013; x_wconf 76' lang='grc' dir='ltr'>καταϐοῶντας</span> <span class='ocrx_word' id='word_1_313' title='bbox 3381 1952 3492 2004; x_wconf 83' lang='grc' dir='ltr'><strong>τῶν</strong></span> <span class='ocrx_word' id='word_1_314' title='bbox 3528 1954 3717 2022; x_wconf 56' lang='grc' dir='ltr'>σοφῶμ</span> 
     </span>
    </p>
   </div>
   <div class='ocr_carea' id='block_1_46' title="bbox 2121 2032 3774 2116">
    <p class='ocr_par' dir='ltr' id='par_1_46' title="bbox 2121 2032 3774 2116">
     <span class='ocr_line' id='line_1_46' title="bbox 2121 2032 3774 2116; baseline 0.002 -20"><span class='ocrx_word' id='word_1_315' title='bbox 2121 2042 2213 2096; x_wconf 86' lang='grc' dir='ltr'><strong>τοῦ</strong></span> <span class='ocrx_word' id='word_1_316' title='bbox 2245 2042 2442 2106; x_wconf 79' lang='grc' dir='ltr'>αἰῶνος</span> <span class='ocrx_word' id='word_1_317' title='bbox 2467 2041 2678 2106; x_wconf 82' lang='grc' dir='ltr'>τούτου,</span> <span class='ocrx_word' id='word_1_318' title='bbox 2728 2041 3014 2105; x_wconf 83' lang='grc' dir='ltr'>αἰτοῦντάς</span> <span class='ocrx_word' id='word_1_319' title='bbox 3039 2060 3097 2094; x_wconf 89' lang='grc' dir='ltr'><strong>τε</strong></span> <span class='ocrx_word' id='word_1_320' title='bbox 3120 2032 3219 2113; x_wconf 74' lang='grc' dir='ltr'><strong>τῆς</strong></span> <span class='ocrx_word' id='word_1_321' title='bbox 3254 2044 3526 2116; x_wconf 78' lang='grc' dir='ltr'>προτέρας</span> <span class='ocrx_word' id='word_1_322' title='bbox 3581 2047 3714 2100; x_wconf 84' lang='grc' dir='ltr'>ἁσε-</span> <span class='ocrx_word' id='word_1_323' title='bbox 3756 2097 3774 2109; x_wconf 83' lang='grc'><strong>,</strong></span> 
     </span>
    </p>
   </div>
   <div class='ocr_carea' id='block_1_47' title="bbox 2121 2133 3712 2208">
    <p class='ocr_par' dir='ltr' id='par_1_47' title="bbox 2121 2133 3712 2208">
     <span class='ocr_line' id='line_1_47' title="bbox 2121 2133 3712 2208; baseline 0.001 -20"><span class='ocrx_word' id='word_1_324' title='bbox 2121 2136 2275 2198; x_wconf 86' lang='grc' dir='ltr'>6είας</span> <span class='ocrx_word' id='word_1_325' title='bbox 2306 2136 2530 2204; x_wconf 84' lang='grc' dir='ltr'>ἄφεσιν·</span> <span class='ocrx_word' id='word_1_326' title='bbox 2559 2133 2638 2187; x_wconf 77' lang='grc' dir='ltr'>ἔτι</span> <span class='ocrx_word' id='word_1_327' title='bbox 2669 2152 2727 2188; x_wconf 87' lang='grc' dir='ltr'><strong>τε</strong></span> <span class='ocrx_word' id='word_1_328' title='bbox 2759 2135 2922 2206; x_wconf 80' lang='grc' dir='ltr'>εὐχὴν</span> <span class='ocrx_word' id='word_1_329' title='bbox 2961 2135 3276 2206; x_wconf 82' lang='grc' dir='ltr'>ἀναπέμπει</span> <span class='ocrx_word' id='word_1_330' title='bbox 3322 2137 3460 2208; x_wconf 79' lang='grc' dir='ltr'>ὑπὲρ</span> <span class='ocrx_word' id='word_1_331' title='bbox 3502 2137 3712 2203; x_wconf 73' lang='grc' dir='ltr'>αὐτῶν,</span> 
     </span>
    </p>
   </div>
   <div class='ocr_carea' id='block_1_48' title="bbox 2119 2220 3716 2295">
    <p class='ocr_par' dir='ltr' id='par_1_48' title="bbox 2119 2220 3716 2295">
     <span class='ocr_line' id='line_1_48' title="bbox 2119 2220 3716 2295; baseline 0 -17"><span class='ocrx_word' id='word_1_332' title='bbox 2119 2226 2288 2279; x_wconf 74' lang='grc' dir='ltr'>ὄντων</span> <span class='ocrx_word' id='word_1_333' title='bbox 2326 2225 2424 2294; x_wconf 80' lang='grc' dir='ltr'><strong>μὲν</strong></span> <span class='ocrx_word' id='word_1_334' title='bbox 2454 2223 2619 2282; x_wconf 75' lang='grc' dir='ltr'>πάλαι</span> <span class='ocrx_word' id='word_1_335' title='bbox 2669 2222 2939 2293; x_wconf 85' lang='grc' dir='ltr'>ἀκάρπων</span> <span class='ocrx_word' id='word_1_336' title='bbox 2963 2264 2977 2287; x_wconf 94' lang='grc'><strong>,</strong></span> <span class='ocrx_word' id='word_1_337' title='bbox 3016 2223 3324 2293; x_wconf 86' lang='grc' dir='ltr'>γενομένων</span> <span class='ocrx_word' id='word_1_338' title='bbox 3351 2223 3411 2275; x_wconf 78' lang='grc' dir='ltr'>δὲ</span> <span class='ocrx_word' id='word_1_339' title='bbox 3457 2220 3716 2295; x_wconf 78' lang='grc' dir='ltr'>εὐφόρων</span> 
     </span>
    </p>
   </div>
   <div class='ocr_carea' id='block_1_49' title="bbox 2117 2313 3726 2387">
    <p class='ocr_par' dir='ltr' id='par_1_49' title="bbox 2117 2313 3726 2387">
     <span class='ocr_line' id='line_1_49' title="bbox 2117 2313 3726 2387; baseline -0.002 -18"><span class='ocrx_word' id='word_1_340' title='bbox 2117 2315 2206 2370; x_wconf 78' lang='grc' dir='ltr'>διὰ</span> <span class='ocrx_word' id='word_1_341' title='bbox 2233 2317 2331 2387; x_wconf 89' lang='grc' dir='ltr'><strong>τῆς</strong></span> <span class='ocrx_word' id='word_1_342' title='bbox 2361 2318 2438 2379; x_wconf 82' lang='grc' dir='ltr'><strong>είς</strong></span> <span class='ocrx_word' id='word_1_343' title='bbox 2468 2315 2703 2386; x_wconf 85' lang='grc' dir='ltr'>Χριστὸν</span> <span class='ocrx_word' id='word_1_344' title='bbox 2755 2314 3012 2376; x_wconf 86' lang='grc' dir='ltr'>πίστεως.</span> <span class='ocrx_word' id='word_1_345' title='bbox 3044 2313 3274 2386; x_wconf 80' lang='grc' dir='ltr'>Εἴρηται</span> <span class='ocrx_word' id='word_1_346' title='bbox 3327 2314 3385 2367; x_wconf 88' lang='grc' dir='ltr'><strong>δέ</strong></span> <span class='ocrx_word' id='word_1_347' title='bbox 3413 2315 3726 2386; x_wconf 76' lang='grc' dir='ltr'>πρότερον,</span> 
     </span>
    </p>
   </div>
   <div class='ocr_carea' id='block_1_50' title="bbox 2116 2404 3694 2479">
    <p class='ocr_par' dir='ltr' id='par_1_50' title="bbox 2116 2404 3694 2479">
     <span class='ocr_line' id='line_1_50' title="bbox 2116 2404 3694 2479; baseline -0.002 -17"><span class='ocrx_word' id='word_1_348' title='bbox 2116 2409 2192 2472; x_wconf 85' lang='grc' dir='ltr'>ὡς</span> <span class='ocrx_word' id='word_1_349' title='bbox 2230 2408 2429 2479; x_wconf 77' lang='grc' dir='ltr'>πρᾶξιν</span> <span class='ocrx_word' id='word_1_350' title='bbox 2489 2409 2585 2479; x_wconf 83' lang='grc' dir='ltr'><strong>μὲν</strong></span> <span class='ocrx_word' id='word_1_351' title='bbox 2613 2409 2642 2460; x_wconf 86' lang='grc' dir='ltr'>ὁ</span> <span class='ocrx_word' id='word_1_352' title='bbox 2679 2405 2914 2477; x_wconf 74' lang='grc' dir='ltr'>ψαλμὸς,</span> <span class='ocrx_word' id='word_1_353' title='bbox 2965 2404 3199 2478; x_wconf 86' lang='grc' dir='ltr'>θεωρίαν</span> <span class='ocrx_word' id='word_1_354' title='bbox 3237 2405 3292 2458; x_wconf 85' lang='grc' dir='ltr'>δὲ</span> <span class='ocrx_word' id='word_1_355' title='bbox 3320 2409 3354 2478; x_wconf 81' lang='grc' dir='ltr'>ἡ</span> <span class='ocrx_word' id='word_1_356' title='bbox 3386 2406 3500 2478; x_wconf 83' lang='grc' dir='ltr'><strong>ᾠδὴ</strong></span> <span class='ocrx_word' id='word_1_357' title='bbox 3534 2406 3694 2478; x_wconf 84' lang='grc' dir='ltr'>δηλοῖ</span> 
     </span>
    </p>
   </div>
   <div class='ocr_carea' id='block_1_51' title="bbox 2119 2495 3728 2572">
    <p class='ocr_par' dir='ltr' id='par_1_51' title="bbox 2119 2495 3728 2572">
     <span class='ocr_line' id='line_1_51' title="bbox 2119 2495 3728 2572; baseline -0.003 -18"><span class='ocrx_word' id='word_1_358' title='bbox 2119 2502 2290 2557; x_wconf 87' lang='grc' dir='ltr'>Ὅταν</span> <span class='ocrx_word' id='word_1_359' title='bbox 2320 2497 2413 2554; x_wconf 85' lang='grc' dir='ltr'><strong>οὖν</strong></span> <span class='ocrx_word' id='word_1_360' title='bbox 2440 2500 2508 2552; x_wconf 92' lang='grc' dir='ltr'>δι’</span> <span class='ocrx_word' id='word_1_361' title='bbox 2529 2495 2906 2572; x_wconf 84' lang='grc' dir='ltr'>ἀμφοτέρωνῇ</span> <span class='ocrx_word' id='word_1_362' title='bbox 2931 2499 2991 2552; x_wconf 83' lang='grc' dir='ltr'><strong>τὸ</strong></span> <span class='ocrx_word' id='word_1_363' title='bbox 3016 2498 3218 2568; x_wconf 80' lang='grc' dir='ltr'>ἀγαθὸν</span> <span class='ocrx_word' id='word_1_364' title='bbox 3249 2498 3728 2569; x_wconf 48' lang='grc' dir='ltr'>κατορθούμενον,</span> 
     </span>
    </p>
   </div>
   <div class='ocr_carea' id='block_1_52' title="bbox 2117 2590 3713 2665">
    <p class='ocr_par' dir='ltr' id='par_1_52' title="bbox 2117 2590 3713 2665">
     <span class='ocr_line' id='line_1_52' title="bbox 2117 2590 3713 2665; baseline -0.001 -19"><span class='ocrx_word' id='word_1_365' title='bbox 2117 2593 2220 2664; x_wconf 84' lang='grc' dir='ltr'><strong>τῆς</strong></span> <span class='ocrx_word' id='word_1_366' title='bbox 2245 2592 2440 2665; x_wconf 72' lang='grc' dir='ltr'>ἠθικῆς</span> <span class='ocrx_word' id='word_1_367' title='bbox 2474 2591 2787 2661; x_wconf 83' lang='grc' dir='ltr'>φιλοσοφίας</span> <span class='ocrx_word' id='word_1_368' title='bbox 2821 2592 2957 2663; x_wconf 79' lang='grc' dir='ltr'>πρὸς</span> <span class='ocrx_word' id='word_1_369' title='bbox 2977 2592 3076 2662; x_wconf 87' lang='grc' dir='ltr'><strong>τὴν</strong></span> <span class='ocrx_word' id='word_1_370' title='bbox 3103 2590 3440 2664; x_wconf 78' lang='grc' dir='ltr'>θεωρητικὴν</span> <span class='ocrx_word' id='word_1_371' title='bbox 3477 2593 3713 2663; x_wconf 84' lang='grc' dir='ltr'>συνδρα-</span> 
     </span>
    </p>
   </div>
   <div class='ocr_carea' id='block_1_53' title="bbox 2126 2682 3730 2758">
    <p class='ocr_par' dir='ltr' id='par_1_53' title="bbox 2126 2682 3730 2758">
     <span class='ocr_line' id='line_1_53' title="bbox 2126 2682 3730 2758; baseline -0.001 -20"><span class='ocrx_word' id='word_1_372' title='bbox 2126 2685 2353 2758; x_wconf 81' lang='grc' dir='ltr'>μούσης,</span> <span class='ocrx_word' id='word_1_373' title='bbox 2391 2683 2605 2756; x_wconf 76' lang='grc' dir='ltr'>ψαλμδς</span> <span class='ocrx_word' id='word_1_374' title='bbox 2651 2683 2794 2754; x_wconf 84' lang='grc' dir='ltr'>ᾠδῆς</span> <span class='ocrx_word' id='word_1_375' title='bbox 2827 2682 3057 2751; x_wconf 83' lang='grc' dir='ltr'>γίνεται.</span> <span class='ocrx_word' id='word_1_376' title='bbox 3101 2684 3158 2736; x_wconf 84' lang='grc' dir='ltr'><strong>Ὀ</strong></span> <span class='ocrx_word' id='word_1_377' title='bbox 3215 2683 3550 2756; x_wconf 78' lang='grc' dir='ltr'>θεωρητικὸς</span> <span class='ocrx_word' id='word_1_378' title='bbox 3605 2684 3730 2754; x_wconf 74' lang='grc' dir='ltr'>γὰρ,</span> 
     </span>
    </p>
   </div>
   <div class='ocr_carea' id='block_1_54' title="bbox 2120 2773 3729 2847">
    <p class='ocr_par' dir='ltr' id='par_1_54' title="bbox 2120 2773 3729 2847">
     <span class='ocr_line' id='line_1_54' title="bbox 2120 2773 3729 2847; baseline -0.001 -17"><span class='ocrx_word' id='word_1_379' title='bbox 2120 2777 2238 2846; x_wconf 82' lang='grc' dir='ltr'><strong>ἅμα</strong></span> <span class='ocrx_word' id='word_1_380' title='bbox 2282 2776 2359 2846; x_wconf 81' lang='grc' dir='ltr'><strong>τῷ</strong></span> <span class='ocrx_word' id='word_1_381' title='bbox 2393 2775 2680 2847; x_wconf 83' lang='grc' dir='ltr'>πρακτικῶ</span> <span class='ocrx_word' id='word_1_382' title='bbox 2705 2773 3136 2838; x_wconf 81' lang='grc' dir='ltr'>κατοοθούιιενος</span> <span class='ocrx_word' id='word_1_383' title='bbox 3164 2774 3262 2846; x_wconf 84' lang='grc' dir='ltr'><strong>βίῳ</strong></span> <span class='ocrx_word' id='word_1_384' title='bbox 3303 2775 3471 2845; x_wconf 79' lang='grc' dir='ltr'>ἄνδρα</span> <span class='ocrx_word' id='word_1_385' title='bbox 3507 2774 3729 2831; x_wconf 86' lang='grc' dir='ltr'>τέλειον.</span> 
     </span>
    </p>
   </div>
   <div class='ocr_carea' id='block_1_55' title="bbox 2115 2868 2509 2926">
    <p class='ocr_par' dir='ltr' id='par_1_55' title="bbox 2115 2868 2509 2926">
     <span class='ocr_line' id='line_1_55' title="bbox 2115 2868 2509 2926; baseline 0.003 -6"><span class='ocrx_word' id='word_1_386' title='bbox 2115 2868 2400 2926; x_wconf 84' lang='grc' dir='ltr'>ἀποδείκνυ</span> <span class='ocrx_word' id='word_1_387' title='bbox 2411 2886 2509 2921; x_wconf 92' lang='grc' dir='ltr'>σιν.</span> 
     </span>
    </p>
   </div>
   <div class='ocr_carea' id='block_1_56' title="bbox 429 3024 3724 3149">
    <p class='ocr_par' dir='ltr' id='par_1_56' title="bbox 429 3024 3724 3149">
     <span class='ocr_line' id='line_1_56' title="bbox 429 3024 3724 3149; baseline 0.001 -69"><span class='ocrx_word' id='word_1_388' title='bbox 429 3025 496 3080; x_wconf 82' lang='lat' dir='ltr'><strong>In</strong></span> <span class='ocrx_word' id='word_1_389' title='bbox 519 3027 756 3097; x_wconf 79' lang='lat' dir='ltr'><strong>ejusdem</strong></span> <span class='ocrx_word' id='word_1_390' title='bbox 787 3029 982 3097; x_wconf 79' lang='lat' dir='ltr'><strong>psalmi</strong></span> <span class='ocrx_word' id='word_1_391' title='bbox 1019 3027 1199 3091; x_wconf 74' lang='lat' dir='ltr'><strong>verba,</strong></span> <span class='ocrx_word' id='word_1_392' title='bbox 1229 3044 1252 3078; x_wconf 46' lang='grc' dir='ltr'><strong>ιν</strong></span> <span class='ocrx_word' id='word_1_393' title='bbox 1284 3025 1489 3081; x_wconf 86' lang='lat' dir='ltr'><strong>Beatus</strong></span> <span class='ocrx_word' id='word_1_394' title='bbox 1515 3040 1669 3096; x_wconf 76' lang='lat' dir='ltr'><strong>quem</strong></span> <span class='ocrx_word' id='word_1_395' title='bbox 1711 3024 1951 3096; x_wconf 81' lang='lat' dir='ltr'><strong>elegisti,</strong></span> <span class='ocrx_word' id='word_1_396' title='bbox 1977 3035 2240 3149; x_wconf 41' lang='grc' dir='ltr'><strong>ι..ει(;.,ὺιξἶ</strong></span> <span class='ocrx_word' id='word_1_397' title='bbox 2364 3026 2667 3098; x_wconf 47' lang='lat' dir='ltr'><strong>Postquam:</strong></span> <span class='ocrx_word' id='word_1_398' title='bbox 2697 3044 2761 3083; x_wconf 74' lang='lat' dir='ltr'><strong>ea:</strong></span> <span class='ocrx_word' id='word_1_399' title='bbox 2808 3026 3134 3082; x_wconf 85' lang='lat' dir='ltr'><strong>Theodoreto</strong></span> <span class='ocrx_word' id='word_1_400' title='bbox 3169 3043 3377 3082; x_wconf 79' lang='lat' dir='ltr'><strong>sensum</strong></span> <span class='ocrx_word' id='word_1_401' title='bbox 3419 3027 3724 3087; x_wconf 60' lang='lat' dir='ltr'><strong>litteratast.</strong></span> 
     </span>
     <span class='ocr_line' id='line_1_57' title="bbox 1810 3107 2368 3149; baseline 0 0"><span class='ocrx_word' id='word_1_402' title='bbox 1810 3108 2070 3149; x_wconf 72' lang='lat' dir='ltr'><strong>exnosutt.</strong></span> <span class='ocrx_word' id='word_1_403' title='bbox 2103 3114 2164 3149; x_wconf 89' lang='lat' dir='ltr'><strong>su</strong></span> <span class='ocrx_word' id='word_1_404' title='bbox 2205 3107 2317 3149; x_wconf 76' lang='lat' dir='ltr'><strong>nett</strong></span> <span class='ocrx_word' id='word_1_405' title='bbox 2349 3114 2368 3149; x_wconf 92' lang='lat'><em>:</em></span> 
     </span>
    </p>
   </div>
   <div class='ocr_carea' id='block_1_57' title="bbox 1810 3107 2368 3167">
    <p class='ocr_par' dir='ltr' id='par_1_57' title="bbox 1810 3107 2368 3167">
     <span class='ocr_line' id='line_1_58' title="bbox 1810 3107 2368 3167; baseline -0.002 -16"><span class='ocrx_word' id='word_1_406' title='bbox 1810 3107 2070 3167; x_wconf 72' lang='lat' dir='ltr'><strong>exposuit,</strong></span> <span class='ocrx_word' id='word_1_407' title='bbox 2103 3107 2317 3164; x_wconf 75' lang='grc' dir='ltr'>διιιυιειι</span> <span class='ocrx_word' id='word_1_408' title='bbox 2349 3114 2368 3150; x_wconf 93' lang='lat'><strong><em>:</em></strong></span> 
     </span>
    </p>
   </div>
   <div class='ocr_carea' id='block_1_58' title="bbox 498 3211 2084 3286">
    <p class='ocr_par' dir='ltr' id='par_1_58' title="bbox 498 3211 2084 3286">
     <span class='ocr_line' id='line_1_59' title="bbox 498 3211 2084 3286; baseline 0.001 -18"><span class='ocrx_word' id='word_1_409' title='bbox 498 3213 848 3268; x_wconf 80' lang='lat' dir='ltr'><strong>Athanasius.</strong></span> <span class='ocrx_word' id='word_1_410' title='bbox 879 3212 1254 3286; x_wconf 85' lang='lat' dir='ltr'><strong>Spiritualiter</strong></span> <span class='ocrx_word' id='word_1_411' title='bbox 1274 3227 1412 3268; x_wconf 83' lang='lat' dir='ltr'><strong>vero</strong></span> <span class='ocrx_word' id='word_1_412' title='bbox 1432 3211 1722 3268; x_wconf 89' lang='lat' dir='ltr'><strong>adumbrat</strong></span> <span class='ocrx_word' id='word_1_413' title='bbox 1749 3215 2012 3284; x_wconf 88' lang='lat' dir='ltr'><strong>populum</strong></span> <span class='ocrx_word' id='word_1_414' title='bbox 2043 3224 2084 3280; x_wconf 72' lang='grc' dir='ltr'>ο</span> 
     </span>
    </p>
   </div>
   <div class='ocr_carea' id='block_1_59' title="bbox 428 3307 2019 3378">
    <p class='ocr_par' dir='ltr' id='par_1_59' title="bbox 428 3307 2019 3378">
     <span class='ocr_line' id='line_1_60' title="bbox 428 3307 2019 3378; baseline 0.003 -17"><span class='ocrx_word' id='word_1_415' title='bbox 428 3307 584 3361; x_wconf 91' lang='lat' dir='ltr'><strong>illum</strong></span> <span class='ocrx_word' id='word_1_416' title='bbox 621 3323 845 3372; x_wconf 86' lang='lat' dir='ltr'><strong>novum,</strong></span> <span class='ocrx_word' id='word_1_417' title='bbox 879 3308 974 3378; x_wconf 87' lang='lat' dir='ltr'><strong>qui</strong></span> <span class='ocrx_word' id='word_1_418' title='bbox 1003 3307 1228 3363; x_wconf 88' lang='lat' dir='ltr'><strong>Christo</strong></span> <span class='ocrx_word' id='word_1_419' title='bbox 1259 3308 1316 3362; x_wconf 85' lang='lat' dir='ltr'><strong>in</strong></span> <span class='ocrx_word' id='word_1_420' title='bbox 1349 3316 1551 3363; x_wconf 89' lang='lat' dir='ltr'><strong>sortem</strong></span> <span class='ocrx_word' id='word_1_421' title='bbox 1589 3307 1920 3363; x_wconf 63' lang='lat' dir='ltr'><strong>haereditatis</strong></span> <span class='ocrx_word' id='word_1_422' title='bbox 1949 3324 2019 3365; x_wconf 79' lang='lat' dir='ltr'><strong>ex</strong></span> 
     </span>
    </p>
   </div>
   <div class='ocr_carea' id='block_1_60' title="bbox 427 3400 2018 3470">
    <p class='ocr_par' dir='ltr' id='par_1_60' title="bbox 427 3400 2018 3470">
     <span class='ocr_line' id='line_1_61' title="bbox 427 3400 2018 3470; baseline 0.001 -16"><span class='ocrx_word' id='word_1_423' title='bbox 427 3400 680 3470; x_wconf 78' lang='lat' dir='ltr'><strong>gentibus</strong></span> <span class='ocrx_word' id='word_1_424' title='bbox 707 3400 917 3455; x_wconf 87' lang='lat' dir='ltr'><strong>electus</strong></span> <span class='ocrx_word' id='word_1_425' title='bbox 961 3407 1066 3454; x_wconf 88' lang='lat' dir='ltr'><strong>est.</strong></span> <span class='ocrx_word' id='word_1_426' title='bbox 1116 3400 1286 3456; x_wconf 82' lang='lat' dir='ltr'><strong>Aulas</strong></span> <span class='ocrx_word' id='word_1_427' title='bbox 1335 3415 1465 3455; x_wconf 83' lang='lat' dir='ltr'><strong>vero</strong></span> <span class='ocrx_word' id='word_1_428' title='bbox 1509 3400 1813 3470; x_wconf 74' lang='lat' dir='ltr'><strong>intelligere</strong></span> <span class='ocrx_word' id='word_1_429' title='bbox 1854 3400 2018 3456; x_wconf 84' lang='lat' dir='ltr'><strong>debe-</strong></span> 
     </span>
    </p>
   </div>
   <div class='ocr_carea' id='block_1_61' title="bbox 427 3492 2020 3564">
    <p class='ocr_par' dir='ltr' id='par_1_61' title="bbox 427 3492 2020 3564">
     <span class='ocr_line' id='line_1_62' title="bbox 427 3492 2020 3564; baseline 0.001 -17"><span class='ocrx_word' id='word_1_430' title='bbox 427 3508 556 3548; x_wconf 89' lang='lat' dir='ltr'><strong>mus</strong></span> <span class='ocrx_word' id='word_1_431' title='bbox 599 3492 878 3550; x_wconf 87' lang='lat' dir='ltr'><strong>Ecclesias</strong></span> <span class='ocrx_word' id='word_1_432' title='bbox 928 3508 1027 3564; x_wconf 90' lang='lat' dir='ltr'><strong>per</strong></span> <span class='ocrx_word' id='word_1_433' title='bbox 1065 3494 1319 3563; x_wconf 84' lang='lat' dir='ltr'><strong>regiones</strong></span> <span class='ocrx_word' id='word_1_434' title='bbox 1363 3494 1660 3562; x_wconf 87' lang='lat' dir='ltr'><strong>dispersas.</strong></span> <span class='ocrx_word' id='word_1_435' title='bbox 1708 3493 1856 3548; x_wconf 84' lang='lat' dir='ltr'><strong>Alias</strong></span> <span class='ocrx_word' id='word_1_436' title='bbox 1888 3508 2020 3548; x_wconf 90' lang='lat' dir='ltr'><strong>vero</strong></span> 
     </span>
    </p>
   </div>
   <div class='ocr_carea' id='block_1_62' title="bbox 427 3585 2018 3657">
    <p class='ocr_par' dir='ltr' id='par_1_62' title="bbox 427 3585 2018 3657">
     <span class='ocr_line' id='line_1_63' title="bbox 427 3585 2018 3657; baseline -0.001 -17"><span class='ocrx_word' id='word_1_437' title='bbox 427 3585 649 3642; x_wconf 84' lang='lat' dir='ltr'><strong>beatum</strong></span> <span class='ocrx_word' id='word_1_438' title='bbox 687 3586 851 3642; x_wconf 90' lang='lat' dir='ltr'><strong>etiam</strong></span> <span class='ocrx_word' id='word_1_439' title='bbox 881 3587 1140 3657; x_wconf 62' lang='lat' dir='ltr'><strong>praedicat</strong></span> <span class='ocrx_word' id='word_1_440' title='bbox 1174 3587 1264 3642; x_wconf 87' lang='lat' dir='ltr'><strong>hic</strong></span> <span class='ocrx_word' id='word_1_441' title='bbox 1292 3585 1565 3656; x_wconf 87' lang='lat' dir='ltr'><strong>Propheta</strong></span> <span class='ocrx_word' id='word_1_442' title='bbox 1592 3600 1740 3650; x_wconf 84' lang='lat' dir='ltr'><strong>eum,</strong></span> <span class='ocrx_word' id='word_1_443' title='bbox 1772 3586 1866 3656; x_wconf 92' lang='lat' dir='ltr'><strong>qui</strong></span> <span class='ocrx_word' id='word_1_444' title='bbox 1904 3586 2018 3639; x_wconf 82' lang='lat' dir='ltr'><strong>vir-</strong></span> 
     </span>
    </p>
   </div>
   <div class='ocr_carea' id='block_1_63' title="bbox 427 3677 2016 3748">
    <p class='ocr_par' dir='ltr' id='par_1_63' title="bbox 427 3677 2016 3748">
     <span class='ocr_line' id='line_1_64' title="bbox 427 3677 2016 3748; baseline -0.001 -16"><span class='ocrx_word' id='word_1_445' title='bbox 427 3679 639 3734; x_wconf 72' lang='lat' dir='ltr'><strong>tutibus</strong></span> <span class='ocrx_word' id='word_1_446' title='bbox 677 3687 762 3734; x_wconf 90' lang='lat' dir='ltr'><strong>est</strong></span> <span class='ocrx_word' id='word_1_447' title='bbox 806 3689 1245 3735; x_wconf 89' lang='lat' dir='ltr'><strong>consummatus.</strong></span> <span class='ocrx_word' id='word_1_448' title='bbox 1285 3677 1431 3734; x_wconf 89' lang='lat' dir='ltr'><strong>Deus</strong></span> <span class='ocrx_word' id='word_1_449' title='bbox 1485 3678 1632 3733; x_wconf 89' lang='lat' dir='ltr'><strong>enim</strong></span> <span class='ocrx_word' id='word_1_450' title='bbox 1665 3693 1791 3732; x_wconf 87' lang='lat' dir='ltr'><strong>eum</strong></span> <span class='ocrx_word' id='word_1_451' title='bbox 1844 3677 2016 3748; x_wconf 85' lang='lat' dir='ltr'><strong>eligit,</strong></span> 
     </span>
    </p>
   </div>
   <div class='ocr_carea' id='block_1_64' title="bbox 427 3769 2019 3842">
    <p class='ocr_par' dir='ltr' id='par_1_64' title="bbox 427 3769 2019 3842">
     <span class='ocr_line' id='line_1_65' title="bbox 427 3769 2019 3842; baseline -0.001 -17"><span class='ocrx_word' id='word_1_452' title='bbox 427 3773 524 3842; x_wconf 86' lang='lat' dir='ltr'><strong>qui</strong></span> <span class='ocrx_word' id='word_1_453' title='bbox 558 3772 624 3826; x_wconf 89' lang='lat' dir='ltr'><strong>ad</strong></span> <span class='ocrx_word' id='word_1_454' title='bbox 655 3773 978 3827; x_wconf 88' lang='lat' dir='ltr'><strong>certandum</strong></span> <span class='ocrx_word' id='word_1_455' title='bbox 1011 3781 1066 3828; x_wconf 88' lang='lat' dir='ltr'><strong>et</strong></span> <span class='ocrx_word' id='word_1_456' title='bbox 1102 3787 1270 3828; x_wconf 90' lang='lat' dir='ltr'><strong>cursu</strong></span> <span class='ocrx_word' id='word_1_457' title='bbox 1315 3770 1758 3827; x_wconf 90' lang='lat' dir='ltr'><strong>contendendum</strong></span> <span class='ocrx_word' id='word_1_458' title='bbox 1787 3780 1871 3824; x_wconf 84' lang='lat' dir='ltr'><strong>est</strong></span> <span class='ocrx_word' id='word_1_459' title='bbox 1900 3769 2019 3824; x_wconf 87' lang='lat' dir='ltr'><strong>ido-</strong></span> 
     </span>
    </p>
   </div>
   <div class='ocr_carea' id='block_1_65' title="bbox 426 3863 2018 3936">
    <p class='ocr_par' dir='ltr' id='par_1_65' title="bbox 426 3863 2018 3936">
     <span class='ocr_line' id='line_1_66' title="bbox 426 3863 2018 3936; baseline -0.001 -16"><span class='ocrx_word' id='word_1_460' title='bbox 426 3880 606 3932; x_wconf 85' lang='lat' dir='ltr'><strong>neus;</strong></span> <span class='ocrx_word' id='word_1_461' title='bbox 651 3866 746 3936; x_wconf 88' lang='lat' dir='ltr'><strong>qui</strong></span> <span class='ocrx_word' id='word_1_462' title='bbox 792 3880 923 3919; x_wconf 87' lang='lat' dir='ltr'><strong>vero</strong></span> <span class='ocrx_word' id='word_1_463' title='bbox 955 3865 1242 3920; x_wconf 89' lang='lat' dir='ltr'><strong>victoriam</strong></span> <span class='ocrx_word' id='word_1_464' title='bbox 1290 3864 1404 3934; x_wconf 88' lang='lat' dir='ltr'><strong>jam</strong></span> <span class='ocrx_word' id='word_1_465' title='bbox 1435 3863 1752 3933; x_wconf 87' lang='lat' dir='ltr'><strong>reportavit,</strong></span> <span class='ocrx_word' id='word_1_466' title='bbox 1791 3864 2018 3932; x_wconf 63' lang='lat' dir='ltr'><strong>praecla-</strong></span> 
     </span>
    </p>
   </div>
   <div class='ocr_carea' id='block_1_66' title="bbox 424 3955 2015 4025">
    <p class='ocr_par' dir='ltr' id='par_1_66' title="bbox 424 3955 2015 4025">
     <span class='ocr_line' id='line_1_67' title="bbox 424 3955 2015 4025; baseline 0.001 -15"><span class='ocrx_word' id='word_1_467' title='bbox 424 3971 602 4025; x_wconf 84' lang='lat' dir='ltr'><strong>roque</strong></span> <span class='ocrx_word' id='word_1_468' title='bbox 629 3957 738 4016; x_wconf 81' lang='lat' dir='ltr'><strong>ﬁne</strong></span> <span class='ocrx_word' id='word_1_469' title='bbox 787 3957 956 4010; x_wconf 80' lang='lat' dir='ltr'><strong>vitam</strong></span> <span class='ocrx_word' id='word_1_470' title='bbox 1011 3957 1306 4024; x_wconf 86' lang='lat' dir='ltr'><strong>conclusit,</strong></span> <span class='ocrx_word' id='word_1_471' title='bbox 1356 3957 1503 4010; x_wconf 87' lang='lat' dir='ltr'><strong>hunc</strong></span> <span class='ocrx_word' id='word_1_472' title='bbox 1534 3956 1768 4010; x_wconf 89' lang='lat' dir='ltr'><strong>assumit</strong></span> <span class='ocrx_word' id='word_1_473' title='bbox 1797 3955 1850 4008; x_wconf 90' lang='lat' dir='ltr'><strong>in</strong></span> <span class='ocrx_word' id='word_1_474' title='bbox 1900 3971 2015 4012; x_wconf 72' lang='lat' dir='ltr'><strong>cm-</strong></span> 
     </span>
    </p>
   </div>
   <div class='ocr_carea' id='block_1_67' title="bbox 426 4047 2017 4120">
    <p class='ocr_par' dir='ltr' id='par_1_67' title="bbox 426 4047 2017 4120">
     <span class='ocr_line' id='line_1_68' title="bbox 426 4047 2017 4120; baseline -0.001 -17"><span class='ocrx_word' id='word_1_475' title='bbox 426 4049 568 4114; x_wconf 88' lang='lat' dir='ltr'><strong>lum,</strong></span> <span class='ocrx_word' id='word_1_476' title='bbox 616 4050 709 4106; x_wconf 84' lang='lat' dir='ltr'><strong>ubi</strong></span> <span class='ocrx_word' id='word_1_477' title='bbox 737 4050 903 4105; x_wconf 86' lang='lat' dir='ltr'><strong>etiam</strong></span> <span class='ocrx_word' id='word_1_478' title='bbox 939 4050 1042 4120; x_wconf 89' lang='lat' dir='ltr'><strong>ipsi</strong></span> <span class='ocrx_word' id='word_1_479' title='bbox 1085 4051 1501 4105; x_wconf 86' lang='lat' dir='ltr'><strong>tabernaculum</strong></span> <span class='ocrx_word' id='word_1_480' title='bbox 1554 4049 1770 4112; x_wconf 90' lang='lat' dir='ltr'><strong>tribuit,</strong></span> <span class='ocrx_word' id='word_1_481' title='bbox 1806 4047 1858 4101; x_wconf 95' lang='lat' dir='ltr'><strong>in</strong></span> <span class='ocrx_word' id='word_1_482' title='bbox 1890 4063 2017 4118; x_wconf 65' lang='grc' dir='ltr'>νιος</span> 
     </span>
    </p>
   </div>
   <div class='ocr_carea' id='block_1_68' title="bbox 427 4140 2018 4211">
    <p class='ocr_par' dir='ltr' id='par_1_68' title="bbox 427 4140 2018 4211">
     <span class='ocr_line' id='line_1_69' title="bbox 427 4140 2018 4211; baseline 0 -18"><span class='ocrx_word' id='word_1_483' title='bbox 427 4141 564 4210; x_wconf 90' lang='lat' dir='ltr'><strong>priis</strong></span> <span class='ocrx_word' id='word_1_484' title='bbox 589 4141 690 4196; x_wconf 91' lang='lat' dir='ltr'><strong>sibi</strong></span> <span class='ocrx_word' id='word_1_485' title='bbox 732 4142 896 4208; x_wconf 91' lang='lat' dir='ltr'><strong>aulis,</strong></span> <span class='ocrx_word' id='word_1_486' title='bbox 934 4141 1002 4195; x_wconf 88' lang='lat' dir='ltr'><strong>de</strong></span> <span class='ocrx_word' id='word_1_487' title='bbox 1034 4141 1236 4211; x_wconf 90' lang='lat' dir='ltr'><strong>quibus</strong></span> <span class='ocrx_word' id='word_1_488' title='bbox 1267 4142 1470 4194; x_wconf 85' lang='lat' dir='ltr'><strong>dictum</strong></span> <span class='ocrx_word' id='word_1_489' title='bbox 1505 4151 1626 4196; x_wconf 90' lang='lat' dir='ltr'><strong>est:</strong></span> <span class='ocrx_word' id='word_1_490' title='bbox 1679 4140 1860 4195; x_wconf 66' lang='lat' dir='ltr'><strong>Multas</strong></span> <span class='ocrx_word' id='word_1_491' title='bbox 1887 4149 2018 4194; x_wconf 91' lang='lat' dir='ltr'><strong>sunt</strong></span> 
     </span>
    </p>
   </div>
   <div class='ocr_carea' id='block_1_69' title="bbox 428 4231 2018 4304">
    <p class='ocr_par' dir='ltr' id='par_1_69' title="bbox 428 4231 2018 4304">
     <span class='ocr_line' id='line_1_70' title="bbox 428 4231 2018 4304; baseline 0 -18"><span class='ocrx_word' id='word_1_492' title='bbox 428 4233 934 4304; x_wconf 23' lang='lat' dir='ltr'><strong>mansionesﬂapud</strong></span> <span class='ocrx_word' id='word_1_493' title='bbox 972 4231 1188 4287; x_wconf 87' lang='lat' dir='ltr'><strong>Patrem</strong></span> <span class='ocrx_word' id='word_1_494' title='bbox 1207 4234 1281 4290; x_wconf 13' lang='lat' dir='ltr'><strong>r&quot;.</strong></span> <span class='ocrx_word' id='word_1_495' title='bbox 1320 4231 1388 4286; x_wconf 90' lang='lat' dir='ltr'><strong>Ut</strong></span> <span class='ocrx_word' id='word_1_496' title='bbox 1435 4234 1506 4286; x_wconf 89' lang='lat' dir='ltr'><strong>ita</strong></span> <span class='ocrx_word' id='word_1_497' title='bbox 1540 4232 1834 4303; x_wconf 67' lang='lat' dir='ltr'><strong>perfectius</strong></span> <span class='ocrx_word' id='word_1_498' title='bbox 1864 4233 2018 4302; x_wconf 86' lang='lat' dir='ltr'><strong>quid-</strong></span> 
     </span>
    </p>
   </div>
   <div class='ocr_carea' id='block_1_70' title="bbox 428 4303 2013 4392">
    <p class='ocr_par' dir='ltr' id='par_1_70' title="bbox 428 4303 2013 4392">
     <span class='ocr_line' id='line_1_71' title="bbox 428 4303 2013 4392; baseline 0.001 -17"><span class='ocrx_word' id='word_1_499' title='bbox 428 4322 554 4376; x_wconf 90' lang='lat' dir='ltr'><strong>dam</strong></span> <span class='ocrx_word' id='word_1_500' title='bbox 593 4303 1475 4392; x_wconf 33' lang='lat' dir='ltr'><strong>sit&#39;asrs‘umiﬂab&#39;eligente&#39;quam</strong></span> <span class='ocrx_word' id='word_1_501' title='bbox 1529 4325 1674 4392; x_wconf 86' lang='lat' dir='ltr'><strong>eligi.</strong></span> <span class='ocrx_word' id='word_1_502' title='bbox 1731 4322 1865 4376; x_wconf 87' lang='lat' dir='ltr'><strong>Nam</strong></span> <span class='ocrx_word' id='word_1_503' title='bbox 1921 4324 2013 4377; x_wconf 89' lang='lat' dir='ltr'><strong>ubi</strong></span> 
     </span>
    </p>
   </div>
   <div class='ocr_carea' id='block_1_71' title="bbox 427 4415 2012 4486">
    <p class='ocr_par' dir='ltr' id='par_1_71' title="bbox 427 4415 2012 4486">
     <span class='ocr_line' id='line_1_72' title="bbox 427 4415 2012 4486; baseline 0 -18"><span class='ocrx_word' id='word_1_504' title='bbox 427 4418 520 4486; x_wconf 89' lang='lat' dir='ltr'><strong>qui</strong></span> <span class='ocrx_word' id='word_1_505' title='bbox 569 4417 772 4471; x_wconf 87' lang='lat' dir='ltr'><strong>electus</strong></span> <span class='ocrx_word' id='word_1_506' title='bbox 824 4426 910 4471; x_wconf 89' lang='lat' dir='ltr'><strong>est</strong></span> <span class='ocrx_word' id='word_1_507' title='bbox 953 4416 1137 4469; x_wconf 89' lang='lat' dir='ltr'><strong>omnia</strong></span> <span class='ocrx_word' id='word_1_508' title='bbox 1186 4417 1488 4470; x_wconf 77' lang='lat' dir='ltr'><strong>secundum</strong></span> <span class='ocrx_word' id='word_1_509' title='bbox 1535 4415 1627 4468; x_wconf 87' lang='lat' dir='ltr'><strong>Dei</strong></span> <span class='ocrx_word' id='word_1_510' title='bbox 1678 4417 2012 4468; x_wconf 82' lang='lat' dir='ltr'><strong>voluntatem</strong></span> 
     </span>
    </p>
   </div>
   <div class='ocr_carea' id='block_1_72' title="bbox 425 4505 2013 4578">
    <p class='ocr_par' dir='ltr' id='par_1_72' title="bbox 425 4505 2013 4578">
     <span class='ocr_line' id='line_1_73' title="bbox 425 4505 2013 4578; baseline 0.001 -19"><span class='ocrx_word' id='word_1_511' title='bbox 425 4507 731 4578; x_wconf 78' lang='lat' dir='ltr'><strong>peregerit,</strong></span> <span class='ocrx_word' id='word_1_512' title='bbox 785 4518 915 4562; x_wconf 89' lang='lat' dir='ltr'><strong>tunc</strong></span> <span class='ocrx_word' id='word_1_513' title='bbox 960 4505 1182 4560; x_wconf 80' lang='lat' dir='ltr'><strong>domum</strong></span> <span class='ocrx_word' id='word_1_514' title='bbox 1233 4522 1358 4560; x_wconf 91' lang='lat' dir='ltr'><strong>cum</strong></span> <span class='ocrx_word' id='word_1_515' title='bbox 1403 4505 1572 4576; x_wconf 81' lang='lat' dir='ltr'><strong>gloria</strong></span> <span class='ocrx_word' id='word_1_516' title='bbox 1628 4507 1682 4559; x_wconf 89' lang='lat' dir='ltr'><strong>in</strong></span> <span class='ocrx_word' id='word_1_517' title='bbox 1744 4506 2013 4575; x_wconf 87' lang='lat' dir='ltr'><strong>promissa</strong></span> 
     </span>
    </p>
   </div>
   <div class='ocr_carea' id='block_1_73' title="bbox 426 4599 2012 4667">
    <p class='ocr_par' dir='ltr' id='par_1_73' title="bbox 426 4599 2012 4667">
     <span class='ocr_line' id='line_1_74' title="bbox 426 4599 2012 4667; baseline 0.001 -16"><span class='ocrx_word' id='word_1_518' title='bbox 426 4599 570 4652; x_wconf 86' lang='lat' dir='ltr'><strong>bona</strong></span> <span class='ocrx_word' id='word_1_519' title='bbox 623 4600 968 4665; x_wconf 87' lang='lat' dir='ltr'><strong>assumitur,</strong></span> <span class='ocrx_word' id='word_1_520' title='bbox 1023 4607 1119 4663; x_wconf 90' lang='lat' dir='ltr'><strong>et,</strong></span> <span class='ocrx_word' id='word_1_521' title='bbox 1172 4599 1453 4652; x_wconf 84' lang='lat' dir='ltr'><strong>domicilio</strong></span> <span class='ocrx_word' id='word_1_522' title='bbox 1505 4599 1622 4667; x_wconf 90' lang='lat' dir='ltr'><strong>ejus</strong></span> <span class='ocrx_word' id='word_1_523' title='bbox 1674 4599 1739 4652; x_wconf 88' lang='lat' dir='ltr'><strong>de</strong></span> <span class='ocrx_word' id='word_1_524' title='bbox 1783 4600 2012 4654; x_wconf 82' lang='lat' dir='ltr'><strong>terrenis</strong></span> 
     </span>
    </p>
   </div>
   <div class='ocr_carea' id='block_1_74' title="bbox 426 4691 2012 4762">
    <p class='ocr_par' dir='ltr' id='par_1_74' title="bbox 426 4691 2012 4762">
     <span class='ocr_line' id='line_1_75' title="bbox 426 4691 2012 4762; baseline 0.001 -18"><span class='ocrx_word' id='word_1_525' title='bbox 426 4691 568 4746; x_wconf 83' lang='lat' dir='ltr'><strong>locis</strong></span> <span class='ocrx_word' id='word_1_526' title='bbox 603 4693 889 4758; x_wconf 84' lang='lat' dir='ltr'><strong>translato,</strong></span> <span class='ocrx_word' id='word_1_527' title='bbox 922 4693 1032 4746; x_wconf 88' lang='lat' dir='ltr'><strong>illic</strong></span> <span class='ocrx_word' id='word_1_528' title='bbox 1065 4693 1475 4746; x_wconf 88' lang='lat' dir='ltr'><strong>tabernaculum</strong></span> <span class='ocrx_word' id='word_1_529' title='bbox 1517 4693 1650 4762; x_wconf 79' lang='lat' dir='ltr'><strong>figit,</strong></span> <span class='ocrx_word' id='word_1_530' title='bbox 1689 4692 1742 4744; x_wconf 90' lang='lat' dir='ltr'><strong>in</strong></span> <span class='ocrx_word' id='word_1_531' title='bbox 1777 4693 2012 4761; x_wconf 87' lang='lat' dir='ltr'><strong>palatiis,</strong></span> 
     </span>
    </p>
   </div>
   <div class='ocr_carea' id='block_1_75' title="bbox 429 4783 2013 4855">
    <p class='ocr_par' dir='ltr' id='par_1_75' title="bbox 429 4783 2013 4855">
     <span class='ocr_line' id='line_1_76' title="bbox 429 4783 2013 4855; baseline 0.002 -20"><span class='ocrx_word' id='word_1_532' title='bbox 429 4784 684 4852; x_wconf 86' lang='lat' dir='ltr'><strong>inquam,</strong></span> <span class='ocrx_word' id='word_1_533' title='bbox 749 4786 1000 4855; x_wconf 89' lang='lat' dir='ltr'><strong>eligentis</strong></span> <span class='ocrx_word' id='word_1_534' title='bbox 1053 4801 1133 4839; x_wconf 88' lang='lat' dir='ltr'><strong>se.</strong></span> <span class='ocrx_word' id='word_1_535' title='bbox 1183 4783 1425 4851; x_wconf 84' lang='lat' dir='ltr'><strong>Quorum</strong></span> <span class='ocrx_word' id='word_1_536' title='bbox 1469 4785 1740 4838; x_wconf 87' lang='lat' dir='ltr'><strong>desiderio</strong></span> <span class='ocrx_word' id='word_1_537' title='bbox 1793 4785 2013 4853; x_wconf 89' lang='lat' dir='ltr'><strong>quidam</strong></span> 
     </span>
    </p>
   </div>
   <div class='ocr_carea' id='block_1_76' title="bbox 431 4877 2011 4948">
    <p class='ocr_par' dir='ltr' id='par_1_76' title="bbox 431 4877 2011 4948">
     <span class='ocr_line' id='line_1_77' title="bbox 431 4877 2011 4948; baseline 0.003 -19"><span class='ocrx_word' id='word_1_538' title='bbox 431 4877 541 4930; x_wconf 90' lang='lat' dir='ltr'><strong>illic</strong></span> <span class='ocrx_word' id='word_1_539' title='bbox 568 4879 747 4932; x_wconf 85' lang='lat' dir='ltr'><strong>adhuc</strong></span> <span class='ocrx_word' id='word_1_540' title='bbox 785 4880 1121 4933; x_wconf 86' lang='lat' dir='ltr'><strong>constitutus</strong></span> <span class='ocrx_word' id='word_1_541' title='bbox 1155 4895 1278 4933; x_wconf 89' lang='lat' dir='ltr'><strong>cum</strong></span> <span class='ocrx_word' id='word_1_542' title='bbox 1330 4887 1633 4943; x_wconf 85' lang='lat' dir='ltr'><strong>teneretur,</strong></span> <span class='ocrx_word' id='word_1_543' title='bbox 1689 4879 2011 4948; x_wconf 88' lang='lat' dir='ltr'><strong>inquiebat:</strong></span> 
     </span>
    </p>
   </div>
   <div class='ocr_carea' id='block_1_77' title="bbox 429 4968 2015 5042">
    <p class='ocr_par' dir='ltr' id='par_1_77' title="bbox 429 4968 2015 5042">
     <span class='ocr_line' id='line_1_78' title="bbox 429 4968 2015 5042; baseline 0.004 -23"><span class='ocrx_word' id='word_1_544' title='bbox 429 4971 626 5021; x_wconf 74' lang='lat' dir='ltr'><strong>Anima</strong></span> <span class='ocrx_word' id='word_1_545' title='bbox 675 4986 792 5023; x_wconf 88' lang='lat' dir='ltr'><strong>mea</strong></span> <span class='ocrx_word' id='word_1_546' title='bbox 833 4971 1010 5041; x_wconf 82' lang='lat' dir='ltr'><strong>deﬁcit</strong></span> <span class='ocrx_word' id='word_1_547' title='bbox 1047 4974 1102 5026; x_wconf 84' lang='lat' dir='ltr'><strong>in</strong></span> <span class='ocrx_word' id='word_1_548' title='bbox 1149 4973 1289 5024; x_wconf 87' lang='lat' dir='ltr'><strong>atria</strong></span> <span class='ocrx_word' id='word_1_549' title='bbox 1325 4971 1537 5024; x_wconf 88' lang='lat' dir='ltr'><strong>Domini</strong></span> <span class='ocrx_word' id='word_1_550' title='bbox 1554 4970 1620 5025; x_wconf 84' lang='grc'><strong>³⁷.</strong></span> <span class='ocrx_word' id='word_1_551' title='bbox 1654 4968 1830 5025; x_wconf 80' lang='lat' dir='ltr'><strong>Verba</strong></span> <span class='ocrx_word' id='word_1_552' title='bbox 1886 4987 2015 5042; x_wconf 87' lang='lat' dir='ltr'><strong>ergo</strong></span> 
     </span>
    </p>
   </div>
   <div class='ocr_carea' id='block_1_78' title="bbox 430 5058 2010 5134">
    <p class='ocr_par' dir='ltr' id='par_1_78' title="bbox 430 5058 2010 5134">
     <span class='ocr_line' id='line_1_79' title="bbox 430 5058 2010 5134; baseline 0.004 -24"><span class='ocrx_word' id='word_1_553' title='bbox 430 5058 545 5114; x_wconf 65' lang='lat' dir='ltr'><strong>haec</strong></span> <span class='ocrx_word' id='word_1_554' title='bbox 572 5079 583 5114; x_wconf 94' lang='lat'><strong>:</strong></span> <span class='ocrx_word' id='word_1_555' title='bbox 614 5060 814 5116; x_wconf 80' lang='lat' dir='ltr'><strong>Beatus</strong></span> <span class='ocrx_word' id='word_1_556' title='bbox 860 5081 1012 5134; x_wconf 86' lang='lat' dir='ltr'><strong>quem</strong></span> <span class='ocrx_word' id='word_1_557' title='bbox 1044 5064 1248 5133; x_wconf 74' lang='lat' dir='ltr'><strong>elegisti</strong></span> <span class='ocrx_word' id='word_1_558' title='bbox 1293 5073 1342 5116; x_wconf 87' lang='lat' dir='ltr'><strong>et</strong></span> <span class='ocrx_word' id='word_1_559' title='bbox 1400 5064 1758 5134; x_wconf 85' lang='lat' dir='ltr'><strong>assumpsisti,</strong></span> <span class='ocrx_word' id='word_1_560' title='bbox 1814 5064 2010 5118; x_wconf 88' lang='lat' dir='ltr'><strong>merito</strong></span> 
     </span>
    </p>
   </div>
   <div class='ocr_carea' id='block_1_79' title="bbox 2191 3218 3714 3291">
    <p class='ocr_par' dir='ltr' id='par_1_79' title="bbox 2191 3218 3714 3291">
     <span class='ocr_line' id='line_1_80' title="bbox 2191 3218 3714 3291; baseline -0.001 -17"><span class='ocrx_word' id='word_1_561' title='bbox 2191 3221 2304 3290; x_wconf 70' lang='lat'><strong>(95)</strong></span> <span class='ocrx_word' id='word_1_562' title='bbox 2372 3220 2734 3285; x_wconf 74' lang='grc' dir='ltr'>Ἀθανάσιος.</span> <span class='ocrx_word' id='word_1_563' title='bbox 2796 3219 2937 3291; x_wconf 81' lang='grc' dir='ltr'>Πρὸς</span> <span class='ocrx_word' id='word_1_564' title='bbox 2993 3219 3049 3272; x_wconf 82' lang='grc' dir='ltr'><strong>δὲ</strong></span> <span class='ocrx_word' id='word_1_565' title='bbox 3109 3218 3346 3272; x_wconf 80' lang='grc' dir='ltr'>διάνοιαν</span> <span class='ocrx_word' id='word_1_566' title='bbox 3410 3219 3714 3272; x_wconf 77' lang='grc' dir='ltr'>αἰνίττεται</span> 
     </span>
    </p>
   </div>
   <div class='ocr_carea' id='block_1_80' title="bbox 2118 3309 3714 3380">
    <p class='ocr_par' dir='ltr' id='par_1_80' title="bbox 2118 3309 3714 3380">
     <span class='ocr_line' id='line_1_81' title="bbox 2118 3309 3714 3380; baseline -0.001 -16"><span class='ocrx_word' id='word_1_567' title='bbox 2118 3311 2212 3364; x_wconf 84' lang='grc' dir='ltr'><strong>τὸν</strong></span> <span class='ocrx_word' id='word_1_568' title='bbox 2265 3311 2392 3364; x_wconf 77' lang='grc' dir='ltr'>λαὸν</span> <span class='ocrx_word' id='word_1_569' title='bbox 2452 3310 2569 3378; x_wconf 72' lang='grc' dir='ltr'>τὸνι</span> <span class='ocrx_word' id='word_1_570' title='bbox 2599 3311 2740 3375; x_wconf 88' lang='grc' dir='ltr'>νέον,</span> <span class='ocrx_word' id='word_1_571' title='bbox 2795 3310 2888 3364; x_wconf 81' lang='grc' dir='ltr'><strong>τὸν</strong></span> <span class='ocrx_word' id='word_1_572' title='bbox 2944 3310 3002 3376; x_wconf 80' lang='grc' dir='ltr'><strong>ἐξ</strong></span> <span class='ocrx_word' id='word_1_573' title='bbox 3067 3310 3234 3363; x_wconf 81' lang='grc' dir='ltr'>ἐθνῶν</span> <span class='ocrx_word' id='word_1_574' title='bbox 3282 3309 3579 3378; x_wconf 90' lang='grc' dir='ltr'>ἐκλεγέντα</span> <span class='ocrx_word' id='word_1_575' title='bbox 3629 3310 3714 3380; x_wconf 81' lang='grc' dir='ltr'>τῷ</span> 
     </span>
    </p>
   </div>
   <div class='ocr_carea' id='block_1_81' title="bbox 2118 3401 3719 3475">
    <p class='ocr_par' dir='ltr' id='par_1_81' title="bbox 2118 3401 3719 3475">
     <span class='ocr_line' id='line_1_82' title="bbox 2118 3401 3719 3475; baseline -0.001 -19"><span class='ocrx_word' id='word_1_576' title='bbox 2118 3401 2340 3474; x_wconf 86' lang='grc' dir='ltr'>Χριστῷ</span> <span class='ocrx_word' id='word_1_577' title='bbox 2380 3406 2460 3467; x_wconf 79' lang='grc' dir='ltr'><strong>εἰς</strong></span> <span class='ocrx_word' id='word_1_578' title='bbox 2510 3403 2896 3475; x_wconf 86' lang='grc' dir='ltr'>κληρονομίαν.</span> <span class='ocrx_word' id='word_1_579' title='bbox 2946 3401 3127 3465; x_wconf 77' lang='grc' dir='ltr'>Αὑλὰς</span> <span class='ocrx_word' id='word_1_580' title='bbox 3164 3401 3222 3454; x_wconf 81' lang='grc' dir='ltr'>δὲ</span> <span class='ocrx_word' id='word_1_581' title='bbox 3265 3401 3366 3464; x_wconf 81' lang='grc' dir='ltr'>τὰς</span> <span class='ocrx_word' id='word_1_582' title='bbox 3402 3401 3548 3454; x_wconf 79' lang='grc' dir='ltr'>κατά</span> <span class='ocrx_word' id='word_1_583' title='bbox 3596 3401 3719 3472; x_wconf 59' lang='grc' dir='ltr'><strong>χώς</strong></span> 
     </span>
    </p>
   </div>
   <div class='ocr_carea' id='block_1_82' title="bbox 2122 3495 3714 3574">
    <p class='ocr_par' dir='ltr' id='par_1_82' title="bbox 2122 3495 3714 3574">
     <span class='ocr_line' id='line_1_83' title="bbox 2122 3495 3714 3574; baseline 0.001 -27"><span class='ocrx_word' id='word_1_584' title='bbox 2122 3512 2220 3566; x_wconf 76' lang='grc' dir='ltr'><strong>ραν</strong></span> <span class='ocrx_word' id='word_1_585' title='bbox 2264 3496 2592 3566; x_wconf 82' lang='grc' dir='ltr'>Ἐκκλησίας</span> <span class='ocrx_word' id='word_1_586' title='bbox 2624 3496 2985 3567; x_wconf 87' lang='grc' dir='ltr'>ὑποληπτέον.</span> <span class='ocrx_word' id='word_1_587' title='bbox 3029 3496 3265 3567; x_wconf 85' lang='grc' dir='ltr'>Ἑτέρως</span> <span class='ocrx_word' id='word_1_588' title='bbox 3292 3495 3348 3549; x_wconf 80' lang='grc' dir='ltr'>δὲ</span> <span class='ocrx_word' id='word_1_589' title='bbox 3378 3497 3474 3574; x_wconf 60' lang='grc' dir='ltr'>κα).</span> <span class='ocrx_word' id='word_1_590' title='bbox 3510 3497 3603 3549; x_wconf 73' lang='grc' dir='ltr'><strong>τὸν</strong></span> <span class='ocrx_word' id='word_1_591' title='bbox 3626 3514 3714 3549; x_wconf 84' lang='grc' dir='ltr'>τε·-</span> 
     </span>
    </p>
   </div>
   <div class='ocr_carea' id='block_1_83' title="bbox 2119 3586 3714 3659">
    <p class='ocr_par' dir='ltr' id='par_1_83' title="bbox 2119 3586 3714 3659">
     <span class='ocr_line' id='line_1_84' title="bbox 2119 3586 3714 3659; baseline 0.001 -20"><span class='ocrx_word' id='word_1_592' title='bbox 2119 3586 2407 3640; x_wconf 85' lang='grc' dir='ltr'>λειωθέντα</span> <span class='ocrx_word' id='word_1_593' title='bbox 2437 3591 2494 3640; x_wconf 88' lang='grc' dir='ltr'><strong>ἐν</strong></span> <span class='ocrx_word' id='word_1_594' title='bbox 2524 3589 2769 3659; x_wconf 84' lang='grc' dir='ltr'>ἀρεταῖς,</span> <span class='ocrx_word' id='word_1_595' title='bbox 2802 3587 2991 3642; x_wconf 89' lang='grc' dir='ltr'>τοῦτον</span> <span class='ocrx_word' id='word_1_596' title='bbox 3013 3588 3108 3642; x_wconf 77' lang='grc' dir='ltr'><strong>καὶ</strong></span> <span class='ocrx_word' id='word_1_597' title='bbox 3131 3590 3160 3642; x_wconf 84' lang='grc' dir='ltr'>ὁ</span> <span class='ocrx_word' id='word_1_598' title='bbox 3195 3588 3491 3658; x_wconf 83' lang='grc' dir='ltr'>Προφήτης</span> <span class='ocrx_word' id='word_1_599' title='bbox 3531 3605 3714 3658; x_wconf 83' lang='grc' dir='ltr'>μακα-</span> 
     </span>
    </p>
   </div>
   <div class='ocr_carea' id='block_1_84' title="bbox 2123 3677 3712 3750">
    <p class='ocr_par' dir='ltr' id='par_1_84' title="bbox 2123 3677 3712 3750">
     <span class='ocr_line' id='line_1_85' title="bbox 2123 3677 3712 3750; baseline 0.003 -21"><span class='ocrx_word' id='word_1_600' title='bbox 2123 3677 2278 3748; x_wconf 75' lang='grc' dir='ltr'>ρίζει.</span> <span class='ocrx_word' id='word_1_601' title='bbox 2320 3678 2632 3747; x_wconf 87' lang='grc' dir='ltr'>Ἐκλέγεται</span> <span class='ocrx_word' id='word_1_602' title='bbox 2685 3679 2784 3749; x_wconf 83' lang='grc' dir='ltr'><strong>μὲν</strong></span> <span class='ocrx_word' id='word_1_603' title='bbox 2832 3679 2950 3750; x_wconf 86' lang='grc' dir='ltr'>γὰρ·</span> <span class='ocrx_word' id='word_1_604' title='bbox 2998 3681 3027 3732; x_wconf 84' lang='grc' dir='ltr'>ὁ</span> <span class='ocrx_word' id='word_1_605' title='bbox 3057 3679 3189 3743; x_wconf 80' lang='grc' dir='ltr'>Θεὸς</span> <span class='ocrx_word' id='word_1_606' title='bbox 3217 3679 3309 3733; x_wconf 83' lang='grc' dir='ltr'><strong>τὸν</strong></span> <span class='ocrx_word' id='word_1_607' title='bbox 3341 3679 3712 3748; x_wconf 73' lang='grc' dir='ltr'>ἀγωνίζεσθαι</span> 
     </span>
    </p>
   </div>
   <div class='ocr_carea' id='block_1_85' title="bbox 2119 3768 3714 3845">
    <p class='ocr_par' dir='ltr' id='par_1_85' title="bbox 2119 3768 3714 3845">
     <span class='ocr_line' id='line_1_86' title="bbox 2119 3768 3714 3845; baseline 0.004 -25"><span class='ocrx_word' id='word_1_608' title='bbox 2119 3769 2215 3821; x_wconf 78' lang='grc' dir='ltr'><strong>καὶ</strong></span> <span class='ocrx_word' id='word_1_609' title='bbox 2251 3768 2483 3840; x_wconf 87' lang='grc' dir='ltr'>δραμεῖν</span> <span class='ocrx_word' id='word_1_610' title='bbox 2510 3771 2850 3842; x_wconf 54' lang='grc' dir='ltr'>ἐπιτήδειον</span> <span class='ocrx_word' id='word_1_611' title='bbox 2885 3771 2976 3824; x_wconf 86' lang='grc' dir='ltr'><strong>τὸν</strong></span> <span class='ocrx_word' id='word_1_612' title='bbox 3004 3772 3062 3825; x_wconf 84' lang='grc' dir='ltr'>δὲ</span> <span class='ocrx_word' id='word_1_613' title='bbox 3089 3772 3190 3843; x_wconf 80' lang='grc' dir='ltr'><strong>ῆδη</strong></span> <span class='ocrx_word' id='word_1_614' title='bbox 3232 3772 3579 3845; x_wconf 84' lang='grc' dir='ltr'>νενικηκότα,</span> <span class='ocrx_word' id='word_1_615' title='bbox 3616 3774 3714 3826; x_wconf 82' lang='grc' dir='ltr'><strong>καὶ</strong></span> 
     </span>
    </p>
   </div>
   <div class='ocr_carea' id='block_1_86' title="bbox 2121 3861 3712 3941">
    <p class='ocr_par' dir='ltr' id='par_1_86' title="bbox 2121 3861 3712 3941">
     <span class='ocr_line' id='line_1_87' title="bbox 2121 3861 3712 3941; baseline 0.004 -27"><span class='ocrx_word' id='word_1_616' title='bbox 2121 3861 2272 3932; x_wconf 84' lang='grc' dir='ltr'>καλῷ</span> <span class='ocrx_word' id='word_1_617' title='bbox 2319 3863 2463 3915; x_wconf 88' lang='grc' dir='ltr'>τέλει</span> <span class='ocrx_word' id='word_1_618' title='bbox 2516 3863 2616 3934; x_wconf 78' lang='grc' dir='ltr'><strong>τὴν</strong></span> <span class='ocrx_word' id='word_1_619' title='bbox 2675 3863 2821 3936; x_wconf 80' lang='grc' dir='ltr'>ζωὴν</span> <span class='ocrx_word' id='word_1_620' title='bbox 2873 3865 3315 3939; x_wconf 87' lang='grc' dir='ltr'>περικλείσαντα,</span> <span class='ocrx_word' id='word_1_621' title='bbox 3378 3871 3456 3932; x_wconf 85' lang='grc' dir='ltr'>εἰς</span> <span class='ocrx_word' id='word_1_622' title='bbox 3478 3867 3712 3941; x_wconf 77' lang='grc' dir='ltr'>οὐρανὸν</span> 
     </span>
    </p>
   </div>
   <div class='ocr_carea' id='block_1_87' title="bbox 2121 3954 3710 4030">
    <p class='ocr_par' dir='ltr' id='par_1_87' title="bbox 2121 3954 3710 4030">
     <span class='ocr_line' id='line_1_88' title="bbox 2121 3954 3710 4030; baseline 0.006 -24"><span class='ocrx_word' id='word_1_623' title='bbox 2121 3954 2624 4025; x_wconf 78' lang='grc' dir='ltr'>προσλαμϐάνεται,</span> <span class='ocrx_word' id='word_1_624' title='bbox 2651 3955 2783 4012; x_wconf 80' lang='grc' dir='ltr'>ἔνθα</span> <span class='ocrx_word' id='word_1_625' title='bbox 2815 3958 2911 4012; x_wconf 66' lang='grc' dir='ltr'><strong>καὶ¹</strong></span> <span class='ocrx_word' id='word_1_626' title='bbox 2962 3959 3165 4030; x_wconf 80' lang='grc' dir='ltr'>σκηνὴν</span> <span class='ocrx_word' id='word_1_627' title='bbox 3219 3959 3368 4030; x_wconf 80' lang='grc' dir='ltr'>αὐτῷ</span> <span class='ocrx_word' id='word_1_628' title='bbox 3400 3963 3518 4024; x_wconf 86' lang='grc' dir='ltr'>ταῖς</span> <span class='ocrx_word' id='word_1_629' title='bbox 3548 3961 3710 4025; x_wconf 83' lang='grc' dir='ltr'>ἰδίαις</span> 
     </span>
    </p>
   </div>
   <div class='ocr_carea' id='block_1_88' title="bbox 2117 4043 3715 4123">
    <p class='ocr_par' dir='ltr' id='par_1_88' title="bbox 2117 4043 3715 4123">
     <span class='ocr_line' id='line_1_89' title="bbox 2117 4043 3715 4123; baseline 0.004 -23"><span class='ocrx_word' id='word_1_630' title='bbox 2117 4047 2310 4110; x_wconf 80' lang='grc' dir='ltr'>αὐλαῖς</span> <span class='ocrx_word' id='word_1_631' title='bbox 2336 4046 2676 4120; x_wconf 76' lang='grc' dir='ltr'>ἁποκληροῖο</span> <span class='ocrx_word' id='word_1_632' title='bbox 2705 4050 2834 4123; x_wconf 80' lang='grc' dir='ltr'>περὶ</span> <span class='ocrx_word' id='word_1_633' title='bbox 2876 4043 2951 4104; x_wconf 85' lang='grc' dir='ltr'>ὧν</span> <span class='ocrx_word' id='word_1_634' title='bbox 3002 4051 3250 4122; x_wconf 82' lang='grc' dir='ltr'>εἴρηται·</span> <span class='ocrx_word' id='word_1_635' title='bbox 3297 4052 3496 4106; x_wconf 79' lang='grc' dir='ltr'>Πολλαὶ</span> <span class='ocrx_word' id='word_1_636' title='bbox 3548 4055 3715 4122; x_wconf 75' lang='grc' dir='ltr'>μοναὶ</span> 
     </span>
    </p>
   </div>
   <div class='ocr_carea' id='block_1_89' title="bbox 2120 4138 3714 4213">
    <p class='ocr_par' dir='ltr' id='par_1_89' title="bbox 2120 4138 3714 4213">
     <span class='ocr_line' id='line_1_90' title="bbox 2120 4138 3714 4213; baseline 0.003 -21"><span class='ocrx_word' id='word_1_637' title='bbox 2120 4139 2270 4212; x_wconf 76' lang='grc' dir='ltr'>παρὰ</span> <span class='ocrx_word' id='word_1_638' title='bbox 2306 4138 2382 4209; x_wconf 82' lang='grc' dir='ltr'>τῷ</span> <span class='ocrx_word' id='word_1_639' title='bbox 2413 4139 2610 4211; x_wconf 85' lang='grc' dir='ltr'>Πατρί.</span> <span class='ocrx_word' id='word_1_640' title='bbox 2656 4140 2820 4196; x_wconf 83' lang='grc' dir='ltr'>Ὥστε</span> <span class='ocrx_word' id='word_1_641' title='bbox 2852 4140 3186 4212; x_wconf 87' lang='grc' dir='ltr'>τελειότερον</span> <span class='ocrx_word' id='word_1_642' title='bbox 3207 4142 3299 4194; x_wconf 86' lang='grc' dir='ltr'><strong>τοῦ</strong></span> <span class='ocrx_word' id='word_1_643' title='bbox 3328 4142 3622 4213; x_wconf 81' lang='grc' dir='ltr'>ἐκλεγῆναι</span> <span class='ocrx_word' id='word_1_644' title='bbox 3649 4143 3714 4197; x_wconf 77' lang='grc' dir='ltr'>τὸ</span> 
     </span>
    </p>
   </div>
   <div class='ocr_carea' id='block_1_90' title="bbox 2120 4233 3714 4309">
    <p class='ocr_par' dir='ltr' id='par_1_90' title="bbox 2120 4233 3714 4309">
     <span class='ocr_line' id='line_1_91' title="bbox 2120 4233 3714 4309; baseline 0.003 -23"><span class='ocrx_word' id='word_1_645' title='bbox 2120 4233 2535 4306; x_wconf 69' lang='grc' dir='ltr'>προσ-ληφθῆναι</span> <span class='ocrx_word' id='word_1_646' title='bbox 2570 4233 2722 4305; x_wconf 81' lang='grc' dir='ltr'>παρὰ</span> <span class='ocrx_word' id='word_1_647' title='bbox 2750 4233 2843 4288; x_wconf 92' lang='grc' dir='ltr'><strong>τοῦ</strong></span> <span class='ocrx_word' id='word_1_648' title='bbox 2881 4235 3268 4306; x_wconf 79' lang='grc' dir='ltr'>ἐκλεξαμένου.</span> <span class='ocrx_word' id='word_1_649' title='bbox 3315 4236 3482 4288; x_wconf 85' lang='grc' dir='ltr'>Ὅταν</span> <span class='ocrx_word' id='word_1_650' title='bbox 3525 4237 3640 4309; x_wconf 74' lang='grc' dir='ltr'><strong>γὰρ</strong></span> <span class='ocrx_word' id='word_1_651' title='bbox 3683 4240 3714 4291; x_wconf 83' lang='grc' dir='ltr'>ὁ</span> 
     </span>
    </p>
   </div>
   <div class='ocr_carea' id='block_1_91' title="bbox 2119 4325 3716 4399">
    <p class='ocr_par' dir='ltr' id='par_1_91' title="bbox 2119 4325 3716 4399">
     <span class='ocr_line' id='line_1_92' title="bbox 2119 4325 3716 4399; baseline 0.005 -24"><span class='ocrx_word' id='word_1_652' title='bbox 2119 4325 2364 4392; x_wconf 83' lang='grc' dir='ltr'>ἐκλεγε“ις</span> <span class='ocrx_word' id='word_1_653' title='bbox 2389 4325 2566 4379; x_wconf 82' lang='grc' dir='ltr'>πάντα</span> <span class='ocrx_word' id='word_1_654' title='bbox 2588 4326 2728 4379; x_wconf 78' lang='grc' dir='ltr'>κατὰ</span> <span class='ocrx_word' id='word_1_655' title='bbox 2753 4325 3006 4396; x_wconf 77' lang='grc' dir='ltr'>βούλησιν</span> <span class='ocrx_word' id='word_1_656' title='bbox 3026 4328 3160 4380; x_wconf 89' lang='grc' dir='ltr'>Θεοῦ</span> <span class='ocrx_word' id='word_1_657' title='bbox 3187 4327 3389 4399; x_wconf 76' lang='grc' dir='ltr'>πράξῃ,</span> <span class='ocrx_word' id='word_1_658' title='bbox 3421 4328 3539 4380; x_wconf 80' lang='grc' dir='ltr'>τότε</span> <span class='ocrx_word' id='word_1_659' title='bbox 3569 4331 3716 4399; x_wconf 82' lang='grc' dir='ltr'><strong>μετὰ</strong></span> 
     </span>
    </p>
   </div>
   <div class='ocr_carea' id='block_1_92' title="bbox 2118 4416 3714 4491">
    <p class='ocr_par' dir='ltr' id='par_1_92' title="bbox 2118 4416 3714 4491">
     <span class='ocr_line' id='line_1_93' title="bbox 2118 4416 3714 4491; baseline 0.004 -22"><span class='ocrx_word' id='word_1_660' title='bbox 2118 4416 2278 4485; x_wconf 73' lang='grc' dir='ltr'>δόξης</span> <span class='ocrx_word' id='word_1_661' title='bbox 2301 4419 2378 4479; x_wconf 88' lang='grc' dir='ltr'>εἰς</span> <span class='ocrx_word' id='word_1_662' title='bbox 2411 4416 2510 4480; x_wconf 73' lang='grc' dir='ltr'><strong>τὰς</strong></span> <span class='ocrx_word' id='word_1_663' title='bbox 2559 4418 2887 4486; x_wconf 76' lang='grc' dir='ltr'>ἐπαγγελίας</span> <span class='ocrx_word' id='word_1_664' title='bbox 2920 4418 3417 4489; x_wconf 74' lang='grc' dir='ltr'>προσλαμϐάνεται,</span> <span class='ocrx_word' id='word_1_665' title='bbox 3444 4422 3537 4472; x_wconf 73' lang='grc' dir='ltr'><strong>καὶ</strong></span> <span class='ocrx_word' id='word_1_666' title='bbox 3573 4439 3714 4491; x_wconf 75' lang='grc' dir='ltr'>μετ·-</span> 
     </span>
    </p>
   </div>
   <div class='ocr_carea' id='block_1_93' title="bbox 2121 4508 3714 4582">
    <p class='ocr_par' dir='ltr' id='par_1_93' title="bbox 2121 4508 3714 4582">
     <span class='ocr_line' id='line_1_94' title="bbox 2121 4508 3714 4582; baseline 0.004 -23"><span class='ocrx_word' id='word_1_667' title='bbox 2121 4508 2381 4570; x_wconf 75' lang='grc' dir='ltr'>οικισθεὶς</span> <span class='ocrx_word' id='word_1_668' title='bbox 2410 4509 2502 4561; x_wconf 87' lang='grc' dir='ltr'><strong>τοῦ</strong></span> <span class='ocrx_word' id='word_1_669' title='bbox 2539 4511 2666 4579; x_wconf 77' lang='grc' dir='ltr'>περὶ</span> <span class='ocrx_word' id='word_1_670' title='bbox 2695 4511 2796 4580; x_wconf 86' lang='grc' dir='ltr'><strong>γῆν</strong></span> <span class='ocrx_word' id='word_1_671' title='bbox 2853 4511 3042 4573; x_wconf 83' lang='grc' dir='ltr'>τόπου,</span> <span class='ocrx_word' id='word_1_672' title='bbox 3084 4512 3202 4563; x_wconf 80' lang='grc' dir='ltr'>ἐκεῖ</span> <span class='ocrx_word' id='word_1_673' title='bbox 3251 4517 3605 4582; x_wconf 81' lang='grc' dir='ltr'>κατασκηνοῖ,</span> <span class='ocrx_word' id='word_1_674' title='bbox 3654 4516 3714 4566; x_wconf 86' lang='grc' dir='ltr'><strong>ἐν</strong></span> 
     </span>
    </p>
   </div>
   <div class='ocr_carea' id='block_1_94' title="bbox 2118 4599 3711 4674">
    <p class='ocr_par' dir='ltr' id='par_1_94' title="bbox 2118 4599 3711 4674">
     <span class='ocr_line' id='line_1_95' title="bbox 2118 4599 3711 4674; baseline 0.006 -23"><span class='ocrx_word' id='word_1_675' title='bbox 2118 4604 2240 4663; x_wconf 82' lang='grc' dir='ltr'>ταῖς</span> <span class='ocrx_word' id='word_1_676' title='bbox 2273 4601 2462 4664; x_wconf 76' lang='grc' dir='ltr'>αὐλαῖς</span> <span class='ocrx_word' id='word_1_677' title='bbox 2490 4601 2585 4654; x_wconf 86' lang='grc' dir='ltr'><strong>τοῦ</strong></span> <span class='ocrx_word' id='word_1_678' title='bbox 2620 4603 2998 4674; x_wconf 78' lang='grc' dir='ltr'>ἐκλεξαμένου.</span> <span class='ocrx_word' id='word_1_679' title='bbox 3036 4599 3132 4656; x_wconf 81' lang='grc' dir='ltr'>Ὧν</span> <span class='ocrx_word' id='word_1_680' title='bbox 3160 4604 3406 4658; x_wconf 83' lang='grc' dir='ltr'>ἐντεῦθεν</span> <span class='ocrx_word' id='word_1_681' title='bbox 3436 4605 3517 4658; x_wconf 78' lang='grc' dir='ltr'>ἔτι</span> <span class='ocrx_word' id='word_1_682' title='bbox 3542 4607 3711 4660; x_wconf 78' lang='grc' dir='ltr'>πόθον</span> 
     </span>
    </p>
   </div>
   <div class='ocr_carea' id='block_1_95' title="bbox 2119 4688 3712 4766">
    <p class='ocr_par' dir='ltr' id='par_1_95' title="bbox 2119 4688 3712 4766">
     <span class='ocr_line' id='line_1_96' title="bbox 2119 4688 3712 4766; baseline 0.006 -24"><span class='ocrx_word' id='word_1_683' title='bbox 2119 4707 2202 4752; x_wconf 87' lang='grc' dir='ltr'><strong>τις</strong></span> <span class='ocrx_word' id='word_1_684' title='bbox 2231 4689 2393 4758; x_wconf 79' lang='grc' dir='ltr'>ἔχων,</span> <span class='ocrx_word' id='word_1_685' title='bbox 2436 4688 2622 4743; x_wconf 78' lang='grc' dir='ltr'>εἶπεν·</span> <span class='ocrx_word' id='word_1_686' title='bbox 2691 4695 2985 4747; x_wconf 67' lang='grc' dir='ltr'>Ἐκλείπει</span> <span class='ocrx_word' id='word_1_687' title='bbox 3039 4696 3076 4761; x_wconf 75' lang='grc' dir='ltr'>ἡ</span> <span class='ocrx_word' id='word_1_688' title='bbox 3108 4695 3278 4762; x_wconf 72' lang='grc' dir='ltr'><strong>ψυχή</strong></span> <span class='ocrx_word' id='word_1_689' title='bbox 3312 4715 3431 4766; x_wconf 83' lang='grc' dir='ltr'><strong>μου</strong></span> <span class='ocrx_word' id='word_1_690' title='bbox 3478 4700 3568 4764; x_wconf 73' lang='grc' dir='ltr'>εἰς</span> <span class='ocrx_word' id='word_1_691' title='bbox 3602 4700 3712 4764; x_wconf 78' lang='grc' dir='ltr'>τὰς</span> 
     </span>
    </p>
   </div>
   <div class='ocr_carea' id='block_1_96' title="bbox 2122 4781 3713 4859">
    <p class='ocr_par' dir='ltr' id='par_1_96' title="bbox 2122 4781 3713 4859">
     <span class='ocr_line' id='line_1_97' title="bbox 2122 4781 3713 4859; baseline 0.007 -28"><span class='ocrx_word' id='word_1_692' title='bbox 2122 4782 2316 4846; x_wconf 74' lang='grc' dir='ltr'>αὐλὰς</span> <span class='ocrx_word' id='word_1_693' title='bbox 2350 4781 2454 4834; x_wconf 80' lang='grc' dir='ltr'><strong>τοῦ</strong></span> <span class='ocrx_word' id='word_1_694' title='bbox 2490 4783 2731 4851; x_wconf 76' lang='lat' dir='ltr'><strong>Kt&#39;pt&#39;ov.</strong></span> <span class='ocrx_word' id='word_1_695' title='bbox 2773 4785 2932 4836; x_wconf 78' lang='grc' dir='ltr'>Ὥστε</span> <span class='ocrx_word' id='word_1_696' title='bbox 2961 4784 3058 4847; x_wconf 74' lang='grc' dir='ltr'>τὰς</span> <span class='ocrx_word' id='word_1_697' title='bbox 3095 4784 3268 4849; x_wconf 79' lang='grc' dir='ltr'>λέξεις</span> <span class='ocrx_word' id='word_1_698' title='bbox 3305 4787 3526 4850; x_wconf 76' lang='grc' dir='ltr'>ταύτας,</span> <span class='ocrx_word' id='word_1_699' title='bbox 3562 4792 3713 4859; x_wconf 75' lang='grc' dir='ltr'>φημὶ</span> 
     </span>
    </p>
   </div>
   <div class='ocr_carea' id='block_1_97' title="bbox 2117 4873 3715 4949">
    <p class='ocr_par' dir='ltr' id='par_1_97' title="bbox 2117 4873 3715 4949">
     <span class='ocr_line' id='line_1_98' title="bbox 2117 4873 3715 4949; baseline 0.006 -24"><span class='ocrx_word' id='word_1_700' title='bbox 2117 4873 2182 4944; x_wconf 83' lang='grc' dir='ltr'>δὴ</span> <span class='ocrx_word' id='word_1_701' title='bbox 2207 4875 2286 4936; x_wconf 80' lang='grc' dir='ltr'><strong>τὸ,</strong></span> <span class='ocrx_word' id='word_1_702' title='bbox 2310 4874 2628 4943; x_wconf 77' lang='grc' dir='ltr'>Μακάριος,</span> <span class='ocrx_word' id='word_1_703' title='bbox 2650 4876 2721 4929; x_wconf 79' lang='grc' dir='ltr'><strong>ὃν</strong></span> <span class='ocrx_word' id='word_1_704' title='bbox 2740 4877 2996 4941; x_wconf 73' lang='grc' dir='ltr'>ἐξελέξω</span> <span class='ocrx_word' id='word_1_705' title='bbox 3021 4879 3118 4932; x_wconf 80' lang='grc' dir='ltr'>καὶ</span> <span class='ocrx_word' id='word_1_706' title='bbox 3138 4880 3540 4949; x_wconf 72' lang='grc' dir='ltr'>προσελάϐου,</span> <span class='ocrx_word' id='word_1_707' title='bbox 3564 4881 3715 4933; x_wconf 75' lang='grc' dir='ltr'>εἰκό-</span> 
     </span>
    </p>
   </div>
   <div class='ocr_carea' id='block_1_98' title="bbox 2121 4968 3714 5045">
    <p class='ocr_par' dir='ltr' id='par_1_98' title="bbox 2121 4968 3714 5045">
     <span class='ocr_line' id='line_1_99' title="bbox 2121 4968 3714 5045; baseline 0.005 -27"><span class='ocrx_word' id='word_1_708' title='bbox 2121 4983 2228 5029; x_wconf 89' lang='grc' dir='ltr'><strong>τως</strong></span> <span class='ocrx_word' id='word_1_709' title='bbox 2262 4968 2627 5039; x_wconf 82' lang='grc' dir='ltr'>προφέρουσιν</span> <span class='ocrx_word' id='word_1_710' title='bbox 2664 4971 2712 5021; x_wconf 75' lang='lat' dir='ltr'><strong>oi</strong></span> <span class='ocrx_word' id='word_1_711' title='bbox 2739 4970 2866 5033; x_wconf 78' lang='grc' dir='ltr'>τοὺς</span> <span class='ocrx_word' id='word_1_712' title='bbox 2901 4971 3314 5041; x_wconf 84' lang='grc' dir='ltr'>ἀπαλλαγέντας</span> <span class='ocrx_word' id='word_1_713' title='bbox 3337 4974 3430 5027; x_wconf 85' lang='grc' dir='ltr'><strong>τοῦ</strong></span> <span class='ocrx_word' id='word_1_714' title='bbox 3464 4975 3578 5044; x_wconf 69' lang='grc' dir='ltr'>βίου</span> <span class='ocrx_word' id='word_1_715' title='bbox 3611 4976 3714 5045; x_wconf 55' lang='lat' dir='ltr'><strong>gr,-</strong></span> 
     </span>
    </p>
   </div>
   <div class='ocr_carea' id='block_1_99' title="bbox 2117 5060 2907 5133">
    <p class='ocr_par' dir='ltr' id='par_1_99' title="bbox 2117 5060 2907 5133">
     <span class='ocr_line' id='line_1_100' title="bbox 2117 5060 2907 5133; baseline 0.008 -22"><span class='ocrx_word' id='word_1_716' title='bbox 2117 5060 2336 5122; x_wconf 85' lang='grc' dir='ltr'>λοῦντες</span> <span class='ocrx_word' id='word_1_717' title='bbox 2363 5063 2454 5113; x_wconf 79' lang='grc' dir='ltr'><strong>καὶ</strong></span> <span class='ocrx_word' id='word_1_718' title='bbox 2496 5062 2907 5133; x_wconf 79' lang='grc' dir='ltr'>μακαρίζοντες.</span> 
     </span>
    </p>
   </div>
   <div class='ocr_carea' id='block_1_100' title="bbox 431 5150 2670 5223">
    <p class='ocr_par' dir='ltr' id='par_1_100' title="bbox 431 5150 2670 5223">
     <span class='ocr_line' id='line_1_101' title="bbox 431 5150 2670 5223; baseline 0.002 -23"><span class='ocrx_word' id='word_1_719' title='bbox 431 5150 781 5216; x_wconf 87' lang='lat' dir='ltr'><strong>protulerint,</strong></span> <span class='ocrx_word' id='word_1_720' title='bbox 811 5152 906 5223; x_wconf 92' lang='lat' dir='ltr'><strong>qui</strong></span> <span class='ocrx_word' id='word_1_721' title='bbox 943 5152 1196 5220; x_wconf 66' lang='lat' dir='ltr'><strong>praesenti</strong></span> <span class='ocrx_word' id='word_1_722' title='bbox 1221 5153 1330 5206; x_wconf 87' lang='lat' dir='ltr'><strong>vita</strong></span> <span class='ocrx_word' id='word_1_723' title='bbox 1363 5153 1670 5209; x_wconf 88' lang='lat' dir='ltr'><strong>abstractos</strong></span> <span class='ocrx_word' id='word_1_724' title='bbox 1705 5153 2012 5217; x_wconf 89' lang='lat' dir='ltr'><strong>imitantur,</strong></span> <span class='ocrx_word' id='word_1_725' title='bbox 2042 5167 2106 5207; x_wconf 88' lang='lat' dir='ltr'><strong>ac</strong></span> <span class='ocrx_word' id='word_1_726' title='bbox 2143 5153 2328 5206; x_wconf 75' lang='lat' dir='ltr'><strong>beatos</strong></span> <span class='ocrx_word' id='word_1_727' title='bbox 2353 5153 2670 5222; x_wconf 66' lang='lat' dir='ltr'><strong>pta-dicant.</strong></span> 
     </span>
    </p>
   </div>
   <div class='ocr_carea' id='block_1_101' title="bbox 703 5262 3415 5346">
    <p class='ocr_par' dir='ltr' id='par_1_101' title="bbox 703 5262 3415 5346">
     <span class='ocr_line' id='line_1_102' title="bbox 703 5262 3415 5346; baseline 0.006 -30"><span class='ocrx_word' id='word_1_728' title='bbox 703 5262 772 5316; x_wconf 87' lang='lat' dir='ltr'><strong>Et</strong></span> <span class='ocrx_word' id='word_1_729' title='bbox 804 5265 855 5317; x_wconf 91' lang='lat' dir='ltr'><strong>in</strong></span> <span class='ocrx_word' id='word_1_730' title='bbox 881 5280 1087 5318; x_wconf 82' lang='lat' dir='ltr'><strong>versum</strong></span> <span class='ocrx_word' id='word_1_731' title='bbox 1118 5276 1416 5334; x_wconf 84' lang='lat' dir='ltr'><strong>sequentem</strong></span> <span class='ocrx_word' id='word_1_732' title='bbox 1441 5282 1458 5319; x_wconf 82' lang='lat'><strong>.&#39;</strong></span> <span class='ocrx_word' id='word_1_733' title='bbox 1492 5269 1768 5336; x_wconf 75' lang='lat' dir='ltr'><strong>prtemissa</strong></span> <span class='ocrx_word' id='word_1_734' title='bbox 1795 5284 2005 5321; x_wconf 84' lang='lat' dir='ltr'><strong>rursum</strong></span> <span class='ocrx_word' id='word_1_735' title='bbox 2038 5267 2261 5320; x_wconf 75' lang='lat' dir='ltr'><strong>litterati</strong></span> <span class='ocrx_word' id='word_1_736' title='bbox 2291 5267 2640 5336; x_wconf 74' lang='lat' dir='ltr'><strong>explicatione</strong></span> <span class='ocrx_word' id='word_1_737' title='bbox 2670 5286 2735 5323; x_wconf 79' lang='lat' dir='ltr'><strong>ea:</strong></span> <span class='ocrx_word' id='word_1_738' title='bbox 2761 5269 3083 5328; x_wconf 76' lang='lat' dir='ltr'><strong>Tlteodoreto</strong></span> <span class='ocrx_word' id='word_1_739' title='bbox 3105 5316 3122 5342; x_wconf 93' lang='lat'><strong>,</strong></span> <span class='ocrx_word' id='word_1_740' title='bbox 3161 5279 3415 5346; x_wconf 84' lang='lat' dir='ltr'><strong>sequitur.</strong></span> 
     </span>
    </p>
   </div>
   <div class='ocr_carea' id='block_1_102' title="bbox 501 5377 2008 5440">
    <p class='ocr_par' dir='ltr' id='par_1_102' title="bbox 501 5377 2008 5440">
     <span class='ocr_line' id='line_1_103' title="bbox 501 5377 2008 5440; baseline 0.002 -6"><span class='ocrx_word' id='word_1_741' title='bbox 501 5379 803 5434; x_wconf 79' lang='lat' dir='ltr'><strong>Athanasii.</strong></span> <span class='ocrx_word' id='word_1_742' title='bbox 856 5377 1063 5434; x_wconf 79' lang='lat' dir='ltr'><strong>Horum</strong></span> <span class='ocrx_word' id='word_1_743' title='bbox 1113 5381 1380 5435; x_wconf 85' lang='lat' dir='ltr'><strong>sententia</strong></span> <span class='ocrx_word' id='word_1_744' title='bbox 1436 5381 1572 5438; x_wconf 73' lang='lat' dir='ltr'><strong>haec.</strong></span> <span class='ocrx_word' id='word_1_745' title='bbox 1628 5384 1776 5440; x_wconf 83' lang='lat' dir='ltr'><strong>Bona</strong></span> <span class='ocrx_word' id='word_1_746' title='bbox 1810 5384 2008 5440; x_wconf 89' lang='lat' dir='ltr'><strong>domus</strong></span> 
     </span>
    </p>
   </div>
   <div class='ocr_carea' id='block_1_103' title="bbox 502 5492 1590 5563">
    <p class='ocr_par' dir='ltr' id='par_1_103' title="bbox 502 5492 1590 5563">
     <span class='ocr_line' id='line_1_104' title="bbox 502 5492 1590 5563; baseline 0.001 -15"><span class='ocrx_word' id='word_1_747' title='bbox 502 5494 546 5525; x_wconf 78' lang='grc'>³⁸</span> <span class='ocrx_word' id='word_1_748' title='bbox 568 5493 728 5549; x_wconf 80' lang='lat' dir='ltr'><strong>Joan.</strong></span> <span class='ocrx_word' id='word_1_749' title='bbox 751 5509 864 5560; x_wconf 74' lang='lat' dir='ltr'><strong>xw,</strong></span> <span class='ocrx_word' id='word_1_750' title='bbox 902 5493 957 5547; x_wconf 77' lang='lat'><strong>2.</strong></span> <span class='ocrx_word' id='word_1_751' title='bbox 1035 5494 1080 5524; x_wconf 82' lang='grc'><strong>³⁷</strong></span> <span class='ocrx_word' id='word_1_752' title='bbox 1105 5492 1251 5550; x_wconf 85' lang='lat' dir='ltr'><strong>Psal.</strong></span> <span class='ocrx_word' id='word_1_753' title='bbox 1279 5512 1510 5563; x_wconf 74' lang='lat' dir='ltr'><strong>Lxxnu,</strong></span> <span class='ocrx_word' id='word_1_754' title='bbox 1539 5498 1590 5550; x_wconf 79' lang='lat'><strong>5.</strong></span> 
     </span>
    </p>
   </div>
   <div class='ocr_carea' id='block_1_104' title="bbox 502 5607 2003 5679">
    <p class='ocr_par' dir='ltr' id='par_1_104' title="bbox 502 5607 2003 5679">
     <span class='ocr_line' id='line_1_105' title="bbox 502 5607 2003 5679; baseline 0.001 -18"><span class='ocrx_word' id='word_1_755' title='bbox 502 5608 615 5677; x_wconf 73' lang='lat'><strong>(93)</strong></span> <span class='ocrx_word' id='word_1_756' title='bbox 645 5607 768 5663; x_wconf 67' lang='lat' dir='ltr'><strong>Haec</strong></span> <span class='ocrx_word' id='word_1_757' title='bbox 801 5609 854 5663; x_wconf 92' lang='lat' dir='ltr'><strong>in</strong></span> <span class='ocrx_word' id='word_1_758' title='bbox 898 5607 1331 5677; x_wconf 72' lang='lat' dir='ltr'><strong>Expositionibus</strong></span> <span class='ocrx_word' id='word_1_759' title='bbox 1365 5612 1431 5666; x_wconf 89' lang='lat' dir='ltr'><strong>ad</strong></span> <span class='ocrx_word' id='word_1_760' title='bbox 1458 5610 1750 5667; x_wconf 85' lang='lat' dir='ltr'><strong>secundam</strong></span> <span class='ocrx_word' id='word_1_761' title='bbox 1798 5618 2003 5679; x_wconf 90' lang='lat' dir='ltr'><strong>partem</strong></span> 
     </span>
    </p>
   </div>
   <div class='ocr_carea' id='block_1_105' title="bbox 434 5679 744 5732">
    <p class='ocr_par' dir='ltr' id='par_1_105' title="bbox 434 5679 744 5732">
     <span class='ocr_line' id='line_1_106' title="bbox 434 5679 744 5732; baseline 0.01 -5"><span class='ocrx_word' id='word_1_762' title='bbox 434 5692 624 5732; x_wconf 82' lang='lat' dir='ltr'><strong>versus</strong></span> <span class='ocrx_word' id='word_1_763' title='bbox 658 5679 744 5730; x_wconf 79' lang='lat' dir='ltr'><strong>1t).</strong></span> 
     </span>
    </p>
   </div>
   <div class='ocr_carea' id='block_1_106' title="bbox 515 5747 1997 5822">
    <p class='ocr_par' dir='ltr' id='par_1_106' title="bbox 515 5747 1997 5822">
     <span class='ocr_line' id='line_1_107' title="bbox 515 5747 1997 5822; baseline 0.003 -21"><span class='ocrx_word' id='word_1_764' title='bbox 515 5749 625 5819; x_wconf 70' lang='grc'><strong>(94)</strong></span> <span class='ocrx_word' id='word_1_765' title='bbox 663 5747 785 5805; x_wconf 67' lang='lat' dir='ltr'><strong>Haec</strong></span> <span class='ocrx_word' id='word_1_766' title='bbox 819 5752 1057 5808; x_wconf 77' lang='lat' dir='ltr'><strong>auctiora</strong></span> <span class='ocrx_word' id='word_1_767' title='bbox 1097 5763 1218 5808; x_wconf 83' lang='lat' dir='ltr'><strong>sunt</strong></span> <span class='ocrx_word' id='word_1_768' title='bbox 1253 5767 1415 5822; x_wconf 86' lang='lat' dir='ltr'><strong>quam</strong></span> <span class='ocrx_word' id='word_1_769' title='bbox 1458 5752 1509 5803; x_wconf 85' lang='lat' dir='ltr'><strong>in</strong></span> <span class='ocrx_word' id='word_1_770' title='bbox 1551 5748 1997 5817; x_wconf 70' lang='grc' dir='ltr'><strong>Ε.ι”ρι,ρ.ςίιὶηηίὁιιδ.</strong></span> 
     </span>
    </p>
   </div>
   <div class='ocr_carea' id='block_1_107' title="bbox 2203 5381 3708 5462">
    <p class='ocr_par' dir='ltr' id='par_1_107' title="bbox 2203 5381 3708 5462">
     <span class='ocr_line' id='line_1_108' title="bbox 2203 5381 3708 5462; baseline 0.009 -27"><span class='ocrx_word' id='word_1_771' title='bbox 2203 5381 2314 5453; x_wconf 84' lang='grc'><strong>(96)</strong></span> <span class='ocrx_word' id='word_1_772' title='bbox 2388 5383 2756 5439; x_wconf 80' lang='grc' dir='ltr'>Ἀθιινασιόυ.</span> <span class='ocrx_word' id='word_1_773' title='bbox 2816 5387 2957 5460; x_wconf 83' lang='grc' dir='ltr'>Πρὸς</span> <span class='ocrx_word' id='word_1_774' title='bbox 3008 5389 3064 5442; x_wconf 78' lang='grc' dir='ltr'>δὲ</span> <span class='ocrx_word' id='word_1_775' title='bbox 3120 5391 3276 5444; x_wconf 84' lang='grc' dir='ltr'>νοῦν·</span> <span class='ocrx_word' id='word_1_776' title='bbox 3348 5391 3551 5460; x_wconf 81' lang='grc' dir='ltr'>Ἀγαθᾶ</span> <span class='ocrx_word' id='word_1_777' title='bbox 3608 5404 3708 5462; x_wconf 76' lang='grc' dir='ltr'>τοῦ</span> 
     </span>
    </p>
   </div>
   <div class='ocr_carea' id='block_1_108' title="bbox 2191 5608 3704 5685">
    <p class='ocr_par' dir='ltr' id='par_1_108' title="bbox 2191 5608 3704 5685">
     <span class='ocr_line' id='line_1_109' title="bbox 2191 5608 3704 5685; baseline 0.01 -25"><span class='ocrx_word' id='word_1_778' title='bbox 2191 5610 2304 5685; x_wconf 67' lang='grc'><strong>(95)</strong></span> <span class='ocrx_word' id='word_1_779' title='bbox 2327 5608 2451 5685; x_wconf 64' lang='lat' dir='ltr'><strong>llaec</strong></span> <span class='ocrx_word' id='word_1_780' title='bbox 2475 5628 2579 5665; x_wconf 90' lang='lat' dir='ltr'><strong>non</strong></span> <span class='ocrx_word' id='word_1_781' title='bbox 2600 5613 2870 5669; x_wconf 86' lang='lat' dir='ltr'><strong>habentur</strong></span> <span class='ocrx_word' id='word_1_782' title='bbox 2902 5618 3154 5685; x_wconf 81' lang='lat' dir='ltr'><strong>superius</strong></span> <span class='ocrx_word' id='word_1_783' title='bbox 3191 5620 3254 5672; x_wconf 83' lang='lat' dir='ltr'><strong>ad</strong></span> <span class='ocrx_word' id='word_1_784' title='bbox 3289 5620 3432 5675; x_wconf 88' lang='lat' dir='ltr'><strong>hunc</strong></span> <span class='ocrx_word' id='word_1_785' title='bbox 3457 5633 3704 5675; x_wconf 69' lang='lat' dir='ltr'><strong>versum.</strong></span> 
     </span>
    </p>
   </div>
   <div class='ocr_carea' id='block_1_109' title="bbox 2187 5679 3706 5758">
    <p class='ocr_par' dir='ltr' id='par_1_109' title="bbox 2187 5679 3706 5758">
     <span class='ocr_line' id='line_1_110' title="bbox 2187 5679 3706 5758; baseline 0.011 -28"><span class='ocrx_word' id='word_1_786' title='bbox 2187 5684 2297 5748; x_wconf 75' lang='lat'><strong>(96)</strong></span> <span class='ocrx_word' id='word_1_787' title='bbox 2331 5679 2531 5735; x_wconf 81' lang='lat' dir='ltr'><strong>llm&#39;um</strong></span> <span class='ocrx_word' id='word_1_788' title='bbox 2565 5687 2809 5754; x_wconf 66' lang='lat' dir='ltr'><strong>qumdatn</strong></span> <span class='ocrx_word' id='word_1_789' title='bbox 2851 5679 3101 5758; x_wconf 78' lang='lat' dir='ltr'><strong>superius</strong></span> <span class='ocrx_word' id='word_1_790' title='bbox 3153 5691 3418 5745; x_wconf 84' lang='lat' dir='ltr'><strong>habentur</strong></span> <span class='ocrx_word' id='word_1_791' title='bbox 3452 5693 3518 5746; x_wconf 88' lang='lat' dir='ltr'><strong>ad</strong></span> <span class='ocrx_word' id='word_1_792' title='bbox 3561 5693 3706 5746; x_wconf 69' lang='lat' dir='ltr'><strong>hunc</strong></span> 
     </span>
    </p>
   </div>
   <div class='ocr_carea' id='block_1_110' title="bbox 2112 5767 2348 5806">
    <p class='ocr_par' dir='ltr' id='par_1_110' title="bbox 2112 5767 2348 5806">
     <span class='ocr_line' id='line_1_111' title="bbox 2112 5767 2348 5806; baseline 0.021 -6"><span class='ocrx_word' id='word_1_793' title='bbox 2112 5767 2348 5806; x_wconf 61' lang='lat' dir='ltr'><strong>\‘tfl&#39;Slllii.</strong></span> 
     </span>
    </p>
   </div>
  </div>
