3880 6216
99 309 212 370 577

1109 305 1535 366 FRAGMENTA
1576 303 1934 368 COMMENT.
1974 306 2044 365 IN
2081 304 2420 365 PSALMOS.

3286 312 3392 370 578

106 432 262 486 οἴκου
319 431 416 484 τοῦ
471 431 606 484 Θεοῦ
661 430 730 485 τά
769 431 864 485 τοῦ
897 429 1215 503 Πνεύματος
1262 433 1496 504 διάφορα
1545 435 1706 507 χαρί-

1828 434 1926 501 )ei,
1949 433 2229 497 dicuntur,
2256 434 2469 488 diversa
2495 433 2734 503 Spiritus
2761 435 2935 489 sancti
2966 435 3128 489 dona.
3157 433 3395 492 Domum

109 542 322 596 σματα.
382 520 545 578 Οἶκον
591 525 649 578 δὲ
691 525 828 578 Θεοῦ
875 525 974 596 τήν
1032 527 1357 599 Ἐκκλησίαν
1414 529 1443 581 6
1499 529 1710 594 Παῦλος

109 611 294 665 καλεῖ.
340 613 429 666 Ἐν
455 613 511 666 δέ
535 613 710 683 τούτῳ
739 614 1068 685 θαυμαστῶς
1094 617 1422 673 ἐπιτελεῖται
1446 621 1478 690 ή
1515 620 1707 691 ἁρετὴ,

111 702 429 776 καλουμένη
454 703 789 774 δικαιοσύνη.
831 704 889 758 Ὀ
912 706 1090 761 τοίνυν
1112 708 1384 763 πιστεύων
1411 712 1503 764 καὶ
1533 711 1710 783 ἔργων

100 793 340 863 -άγαθῶν
366 793 679 865 πληρωθεὶς
711 795 824 866 ἔχει
853 794 944 848 τὸν
974 796 1179 868 Κύριον
1214 801 1272 852 ἐν
1303 801 1503 872 ἐαυτῷ.
1538 803 1709 874 Εἴρη-

111 907 207 940 ται
240 889 351 958 γὰρ
382 888 470 940 διὰ
493 889 593 958 τῆς
621 889 860 953 πίστεως
887 895 1162 946 κατοικεῖν
1204 893 1296 946 τὸν
1341 895 1577 966 Χριστὸν
1630 900 1709 962 εἰς

105 981 210 1033 ’τὸν
240 981 350 1033 έσω
369 980 676 1050 ἄνθρωπον,
715 983 810 1034 καὶ
839 982 975 1054 πρὸς
1006 985 1097 1038 τὸν
1122 986 1395 1058 τηροῦντα
1423 988 1514 1041 τὸν
1550 989 1706 1059 λόγον

115 1072 288 1128 αὑτοῦ
321 1072 460 1144 μετὰ
479 1071 574 1126 τοῦ
610 1074 824 1145 Πατρὸς
876 1074 1174 1158 ἐρχόμενος.
1223 1079 1390 1148 μονὴν
1446 1084 1703 1136 ποιεῖται.
1751 1141 1755 1145 ,

116 1167 232 1220 Καὶ
259 1165 470 1234 γίνεται
499 1168 527 1219 6
546 1166 785 1229 τοιοῦτος
818 1167 964 1230 ναὸς,
1005 1169 1168 1238 (κατὰ
1203 1170 1264 1223 τό
1285 1185 1298 1198 ·
1345 1173 1465 1226 Οὐκ
1485 1173 1705 1239 οἴδατε,

117 1258 210 1312 ὅτι
235 1259 385 1325 ναὸς
402 1259 550 1322 Θεοῦ
575 1260 716 1313 ἐστε
737 1260 777 1328 ;)
820 1259 878 1323 ὃς
904 1262 996 1314 καὶ
1011 1261 1357 1336 δικαιοσύνην
1381 1265 1710 1337 θαυμαστῶς

115 1352 400 1424 κατορθοῖ,
420 1353 516 1424 τὴν
541 1352 629 1406 διὰ
660 1354 898 1417 πίστεως
929 1357 1346 1428 συνισταμένην.
1377 1358 1564 1427 ’Λγιος
1595 1362 1715 1430 μέν·

115 1462 202 1497 τοι
236 1445 388 1498 ἐστὶν
421 1441 497 1508 ὡς
529 1445 785 1516 καθαρὸς,
819 1445 1132 1516 θαυμαστὸς
1169 1447 1226 1500 δὲ
1270 1449 1364 1501 ἐπὶ
1411 1453 1478 1523 τῇ
1512 1451 1715 1507 δικαιο-

117 1535 280 1611 σύνῃ.

1810 533 1992 580 autem
2024 524 2117 579 Dei
2155 533 2315 578 vocat
2352 523 2556 579 Paulus
2599 526 2772 594 ipsam
2828 525 3152 582 Ecclesiam.
3188 526 3245 581 In
3296 529 3398 583 hac

1808 631 1938 670 vero
1988 617 2151 669 domu
2203 615 2529 670 mirabiliter
2572 616 2851 685 perficitur
2884 617 3060 672 virtus
3112 619 3223 682 illa,
3275 634 3397 687 quze

1809 707 2116 777 appellatur
2153 707 2387 775 iustitia.
2417 706 2520 772 Qui
2557 707 2724 778 igitur
2755 710 2947 775 credit,
2982 725 3044 764 ac
3078 710 3236 764 bonis
3270 725 3399 779 opu-

1809 800 1963 854 ribus
1987 800 2247 860 abundat,
2278 800 2324 853 is
2357 799 2827 853 habetDominum
2860 802 2912 855 in
2945 803 3146 872 seipso.
3180 801 3398 855 Dictum

1811 906 2047 960 namque
2081 899 2164 944 est
2194 890 2346 954 alibi,
2391 890 2534 958 quod
2564 888 2817 944 Christus
2852 891 3059 945 habitet
3088 893 3142 945 in
3177 893 3400 946 homine

1812 982 2069 1035 interiore
2101 996 2195 1049 per
2222 981 2380 1034 ﬁdem
2410 989 2495 1033 :ct
2517 982 2660 1049 quod
2688 991 2951 1036 venturus
2981 984 3050 1036 sit
3081 999 3204 1036 cum
3236 982 3400 1038 Patre

1813 1074 1879 1128 ad
1911 1089 2035 1126 eum
2072 1073 2164 1141 qui
2197 1088 2507 1126 sermonem
2554 1072 2674 1141 ejus
2714 1084 2915 1135 servat,
2949 1089 3012 1128 ac
3054 1074 3400 1129 mansionem

1817 1165 1958 1234 apud
2001 1165 2179 1234 ipsum
2215 1165 2484 1217 facturus.
2514 1165 2693 1232 Atque
2724 1165 2796 1218 ita
2823 1165 2882 1217 lit
2912 1166 3000 1219 hic
3035 1165 3157 1219 talis
3201 1167 3400 1221 domus

1818 1257 1911 1311 Dei
1939 1275 1952 1311 :
1989 1259 2005 1324 (
2033 1259 2332 1311 secundum
2378 1257 2506 1311 illud
2539 1277 2550 1310 :
2593 1256 2826 1311 Nescitis
2869 1260 3116 1326 quoniam
3149 1261 3403 1327 templum

1819 1347 1917 1400 Dei
1945 1348 2069 1401 estis
2090 1348 2217 1418 33?)
2251 1349 2343 1416 qui
2380 1349 2542 1401 etiam
2580 1348 2906 1400 mirabiliter
2952 1339 3207 1417 operatur
3238 1350 3404 1419 justi-

1815 1441 1970 1505 tiam,
2004 1441 2176 1504 illam,
2221 1443 2465 1510 inquam,
2500 1456 2621 1507 qua:
2655 1456 2749 1508 per
2779 1440 2936 1493 [idern
2981 1442 3212 1495 exsistit.
3261 1438 3404 1494 San-

1818 1539 1940 1583 ctus
1977 1530 2141 1598 igitur
2170 1539 2273 1594 est,
2307 1530 2436 1600 quia
2476 1544 2646 1599 purus
2675 1545 2689 1594 ;
2723 1528 2993 1583 mirabilis
3027 1543 3157 1583 vero
3188 1540 3406 1599 propter

1811 1619 2106 1690 justitiam.

285 1708 357 1765 Et
389 1711 456 1764 in
488 1711 726 1780 ejusdem
747 1711 944 1782 psalmi
967 1714 1123 1772 verba
1152 1726 1172 1768 ξ
1207 1734 1226 1767 ι
1267 1716 1371 1782 Qui
1393 1736 1664 1790 prmparat
1693 1743 1923 1795 montes,
1964 1752 1982 1784 ι
2017 1743 2140 1793 etc.,
2170 1750 2217 1789 υ.
2251 1734 2304 1786 7.
2351 1732 2618 1787 Similiter
2650 1735 2928 1803 praemissa
2955 1733 3265 1790 Theodoreti

1102 1811 1393 1878 sententia,
1446 1818 1969 1886 subjectoAthanasii
1995 1826 2229 1888 nomine,
2273 1826 2394 1878 ait:

188 1919 339 1989 Πρὸς
364 1916 420 1970 δὲ
451 1916 722 1971 διάνοιανο
754 1916 850 1980 Σὺ,
886 1919 1070 1989 φησιν,
1105 1915 1150 1972 ,ἶ
1179 1923 1207 1974 6
1249 1923 1317 1976 τά
1363 1925 1489 1997 ὅρη,
1538 1929 1706 2000 ἦγουν

1885 1915 1964 1968 Ad
1993 1925 2225 1969 mentem
2259 1932 2385 1969 vero
2416 1938 2428 1970 :
2459 1915 2560 1979 Tu,
2583 1915 2780 1984 inquit,
2806 1931 2884 1980 es,
2917 1917 3009 1986 qui
3047 1929 3278 1979 mantes,
3306 1921 3408 1976 hoc

117 2012 220 2074 τὰς
246 2010 634 2079 ἀντικειμένας
659 2010 940 2082 δυνάμεις,
980 2013 1289 2082 ἑτοιμάξων
1313 2019 1394 2080 είς
1438 2024 1712 2094 τιμωρίαν

118 2103 492 2174 (ἡτοίμασται
539 2099 648 2171 γάρ
715 2101 907 2166 αὐταῖς
976 2104 1010 2176 ή
1063 2103 1367 2170 ἄϐυσσοςν
1432 2109 1589 2164 τοῦτο
1653 2114 1711 2168 δὲ

113 2202 395 2266 ποιήσεις,
431 2193 658 2257 δυνατὸς
686 2191 784 2249 ῶν.

1819 2016 1905 2058 est
1949 2006 2292 2060 adversarias
2345 2017 2658 2075 potestates,
2706 2023 2982 2076 prwparas
3025 2012 3093 2061 ad
3143 2011 3405 2077 supplicia

1821 2097 1982 2167 (istis
2012 2099 2157 2151 enim
2201 2111 2503 2168 praeparata
2531 2110 2612 2155 est
2632 2101 2906 2170 abyssus)
2943 2117 2956 2153 :
2994 2108 3049 2155 et
3077 2101 3182 2155 hoc
3213 2102 3408 2172 iacies,

1818 2190 1945 2258 quia
1976 2201 2168 2258 potens
2197 2205 2278 2244 es.

804 2349 872 2406 Et
911 2353 964 2406 in
995 2369 1199 2409 versum
1231 2369 1524 2429 sequentem
1563 2359 1874 2418 Theodoreti
1898 2367 2240 2435 explicationi
2270 2369 2380 2422 haec
2406 2367 2659 2436 subjicit:

203 2465 564 2519 Ἀθαγασίου
610 2465 708 2518 καὶ
768 2467 1096 2534 Κυρίλλου.
1149 2471 1296 2542 Πρὸς
1324 2472 1380 2524 δὲ
1435 2475 1715 2530 διάνοιαν·

119 2555 501 2626 Συνταράσσει
529 2555 760 2627 Χριστὸς
783 2551 892 2608 οἷόν
913 2574 964 2609 τι
994 2557 1153 2622 κύτος
1178 2562 1270 2613 καὶ
1295 2561 1496 2627 πλάτος
1514 2564 1718 2618 θαλάσ-

121 2664 229 2716 σης
253 2645 325 2699 τά
360 2645 536 2717 πλήθη
567 2647 677 2698 τῶν
707 2645 896 2712 ἐθνῶν,
929 2646 1004 2718 μὴ
1041 2652 1402 2720 συγχωρήσας
1429 2653 1568 2706 αὐτὰ
1595 2656 1722 2724 ηρε-

125 2742 250 2810 μεῖν
285 2741 345 2792 ἐν
374 2742 493 2802 ταῖς
529 2738 786 2810 ἀρχαίαις
829 2739 1067 2803 ἀπάταις
1090 2758 1102 2770 ·
1142 2745 1450 2814 κεκινηκὼς
1483 2745 1539 2797 δὲ
1588 2746 1722 2816 μᾶλ-

122 2830 217 2882 λον
251 2831 334 2892 εἰς
359 2830 652 2898 ἐπίγνωσιν
689 2830 790 2901 τῆς
837 2831 1030 2884 ἑαυτοῦ
1078 2831 1380 2904 δυνάμεως,
1409 2835 1504 2888 καὶ
1531 2835 1722 2910 ὥσπερ

124 2923 280 2986 τινὰς
309 2923 476 2992 ἤχους
507 2921 787 2992 κυμάτων,
822 2922 1196 2987 ἁνασαλεύσας
1228 2925 1484 2979 ἁπάντων
1504 2928 1602 2991 τὰς
1634 2930 1720 2981 ἐπ’

127 3015 280 3086 αὐτῷ
330 3014 658 3083 ὃοξολογίας.
698 3016 767 3068 Ἢ
801 3013 1078 3069 θάλασσαν
1126 3017 1360 3070 ἐνταῦθα
1409 3019 1470 3072 τὸ
1519 3021 1720 3092 πλῆθος

126 3108 237 3161 τῶν
279 3105 610 3178 ἀκαθάρτων
636 3107 963 3177 πνευμάτων
999 3109 1184 3179 φησὶν,
1225 3109 1253 3162 ὃ
1287 3111 1720 3182 συνταράσσεται

125 3205 192 3272 τῇ
224 3198 322 3253 τοῦ
347 3199 582 3270 Χριστοῦ
614 3201 905 3271 παρουσίᾳ.
932 3201 1023 3254 Διὸ
1048 3205 1139 3254 καὶ
1159 3202 1323 3271 φοϐού
1333 3222 1484 3274 μενοι
1511 3204 1717 3274 ἔλεγον·

1895 2480 2176 2535 Athanasii
2211 2493 2259 2536 et
2292 2483 2506 2552 Cyrilli.
2539 2483 2663 2538 lla-rc
2689 2495 2867 2541 autem
2899 2485 2978 2544 sic
3007 2489 3410 2565 intelliguntur,

1824 2570 2106 2627 Christum
2155 2589 2276 2629 esse
2323 2577 2416 2646 qui
2476 2579 2764 2632 conturbat
2819 2581 3222 2640 multitudinem
3277 2604 3412 2657 gett-

1827 2665 1962 2718 tium
1997 2667 2169 2721 instar
2205 2669 2371 2721 maris
2400 2669 2654 2738 profundi
2687 2687 2751 2724 ac
2795 2672 3076 2741 latissimi,
3125 2677 3252 2732 dum
3302 2697 3408 2734 non

1827 2757 1957 2811 sinit
1987 2774 2082 2814 eas
2123 2761 2520 2830 conquiescere
2572 2764 2626 2816 in
2661 2763 2900 2833 antiquis
2945 2769 3264 2824 erroribus:
3316 2774 3411 2827 sed

1826 2850 2008 2917 potius
2041 2862 2350 2907 commovet
2377 2862 2432 2907 et
2480 2854 2727 2923 perducit
2773 2858 2836 2910 ad
2895 2861 3259 2930 cognitionem
3299 2880 3412 2919 suae

1825 2940 2102 3005 potentiae,
2135 2956 2199 2996 ac
2232 2957 2424 2997 omnes
2475 2943 2541 2996 ad
2587 2945 2672 2999 sui
2703 2945 2919 3001 laudem
2956 2951 3113 3018 quasi
3160 2951 3412 3010 fremitus

1825 3024 2089 3082 ﬂuctuum
2118 3031 2337 3084 excitat.
2376 3030 2471 3085 Vel
2499 3034 2736 3103 appellat
2786 3037 2875 3092 hic
2925 3054 3096 3105 mare,
3139 3041 3411 3112 ingentem

1825 3117 1977 3173 illam
2011 3122 2418 3178 multitudinem
2449 3125 2739 3193 spirituum
2767 3129 3127 3197 impurorum,
3164 3137 3255 3203 qui
3287 3151 3416 3190 con-

1826 3213 2120 3268 turbantur
2147 3215 2352 3270 Christi
2397 3217 2653 3272 adventu.
2706 3217 2863 3275 Unde
2890 3222 3057 3276 etiam
3108 3238 3414 3284 metuentes

125 3290 352 3355 Ἠλθες
369 3284 484 3345 ὧδε
509 3292 625 3359 πρὸ
662 3292 872 3360 καιροῦ
887 3293 1230 3356 ,βασανίσαι
1261 3295 1438 3365 ἡμᾶς.
1505 3299 1576 3351 Ἢ
1627 3299 1717 3353 θά-

1828 3307 2085 3362 dicebant
2118 3327 2130 3360 :
2167 3306 2368 3362 Venisti
2397 3319 2518 3362 ante
2547 3320 2748 3380 tempus
2795 3322 3037 3383 torquere
3071 3332 3164 3370 nos
3189 3319 3254 3372 3°.
3316 3319 3413 3376 Vel

126 3386 338 3439 λασσαν
392 3385 488 3456 μὲν
520 3385 584 3436 τὸ
634 3384 834 3454 πλῆθος
891 3384 1048 3437 καλεί
1089 3385 1198 3438 τῶν
1237 3387 1514 3458 τυράννων
1542 3389 1630 3442 διὰ
1662 3389 1722 3442 τὸ

129 3474 378 3546 ἁλμυρὸν
403 3475 502 3544 τῆς
526 3473 973 3546 εἰδωλολατρείας
995 3475 1197 3540 αὐτῶν,
1228 3478 1394 3547 ἤχους
1441 3480 1497 3532 δὲ
1543 3482 1722 3550 κυμά-

127 3586 240 3621 των
265 3566 367 3629 τὰς
399 3567 540 3619 κατὰ
568 3565 676 3617 τῶν
710 3565 1004 3637 μαρτύρων
1057 3567 1351 3632 ἐπιϐουλὰς
1410 3570 1504 3622 καὶ
1555 3570 1723 3639 βασά-

126 3675 278 3720 νους.
315 3658 413 3719 Ἃς
441 3656 523 3718 τίς
547 3656 870 3724 ὑπέμεινεν,
900 3657 950 3709 εί
994 3657 1070 3730 μὴ
1106 3659 1171 3730 τῇ
1220 3659 1445 3731 δυνάμει
1480 3660 1718 3734 Χριστοῦ

126 3745 528 3818 ἐνεδυναμοῦτο
557 3747 652 3800 καὶ
685 3744 1042 3818 ἐστηρίζετο;

1825 3396 1973 3455 certe
2001 3415 2151 3454 mare
2181 3400 2404 3470 quidem
2433 3402 2568 3457 dicit
2600 3405 3008 3460 multitudinem
3034 3418 3412 3478 tyrannorum,

1824 3499 2048 3561 propter
2065 3491 2394 3545 salsedinem
2423 3493 2537 3547 sive
2555 3495 2905 3550 acerbitatem
2925 3498 3245 3555 idololatria:
3271 3503 3417 3572 ipso-

1829 3599 1950 3636 rum
1985 3600 1999 3648 ;
2033 3582 2284 3638 fremitus
2309 3598 2438 3638 vero
2474 3583 2766 3650 ﬂuctuum,
2803 3588 3030 3644 insidias
3065 3602 3119 3646 et
3145 3603 3416 3650 tormenta

1825 3675 2030 3728 sanctis
2066 3675 2393 3745 martyribus
2441 3678 2510 3731 ab
2542 3678 2675 3746 ipsis
2711 3678 2934 3738 inﬂicta.
2972 3682 3104 3748 Quae
3130 3686 3254 3754 quis
3294 3703 3418 3742 sus-

1837 3765 2080 3829 tinuerit,
2116 3765 2222 3819 nisi
2269 3767 2363 3834 qui
2411 3768 2654 3836 potentia
2680 3769 2888 3826 Christi
2928 3775 3218 3831 roboratus
3251 3788 3417 3834 atoue

1838 3858 2091 3915 sulTultus
2119 3857 2322 3914 fuerit?
2391 3916 2395 3922 ,

775 3987 843 4042 Ει
877 3988 1050 4044 adhuc
1079 3989 1134 4044 in
1164 4007 1370 4044 versum
1399 4001 1693 4061 sequentem
1737 3992 2048 4048 Theodoreti
2076 3994 2424 4064 explicationi
2457 3995 2729 4067 subjungit
2758 4015 2774 4050 :

206 4101 588 4158 Ἀθανασίου.
644 4103 1006 4176 Παρεδήλωσε
1045 4102 1102 4158 δὲ
1155 4103 1251 4157 καὶ
1296 4101 1359 4157 τὸ
1413 4103 1520 4156 τῶν
1552 4104 1724 4170 ἁγίων

126 4197 450 4250 ἀποστόλων
479 4199 742 4269 κήρυγμα
764 4213 778 4227 ·
808 4199 945 4270 ὅπερ
966 4197 1058 4251 διὰ
1085 4196 1145 4250 τὸ
1189 4196 1356 4268 ἄηθες
1390 4197 1482 4251 καὶ
1529 4197 1620 4252 διὰ
1662 4199 1724 4253 τὸ

129 4284 503 4340 καταλύεσθαι
525 4285 587 4338 τὺ
620 4285 872 4356 πατρῷον
898 4285 1007 4340 τῶν
1040 4285 1210 4340 ἐθνῶν
1239 4286 1425 4350 σέϐας,
1470 4287 1564 4340 καὶ
1620 4288 1718 4358 τὴν

128 4381 412 4435 πολιτείαν
445 4380 626 4435 αὐτῶν
664 4379 1010 4451 ἀμείϐεσθαι,
1038 4379 1283 4449 ταραχὴν
1315 4378 1476 4441 εὐθὺς
1509 4380 1602 4432 καὶ
1627 4381 1723 4443 ζά-

1895 4106 2196 4162 Athanasii.
2235 4107 2576 4180 Signiﬁcavit
2605 4126 2735 4166 vero
2767 4113 2931 4169 simul
2983 4116 3147 4171 etiam
3180 4125 3404 4172 sancto-

1826 4215 1946 4254 rum
1990 4201 2365 4270 apostolorum
2410 4203 2880 4272 prardicationem,
2928 4223 3050 4277 quae
3100 4218 3213 4263 tum
3261 4210 3410 4279 quod

1827 4290 2149 4346 inconsueta
2181 4299 2345 4358 esset,
2381 4301 2492 4346 tum
2538 4295 2700 4348 etiam
2739 4296 2886 4365 quod
2918 4297 3272 4354 demoliretur
3296 4299 3411 4354 avi-

1827 4393 1944 4438 tum
1994 4386 2278 4455 gentilium
2340 4386 2574 4452 cultum,
2627 4388 2904 4459 vitamque
2961 4406 3149 4445 eorum
3180 4407 3244 4446 ac
3277 4406 3410 4445 con-

127 4476 229 4547 λην
273 4479 392 4538 τοῖς
449 4473 759 4545 ἀνθρώποις
813 4474 1030 4546 ἐκίνησε
1065 4473 1206 4527 κατὰ
1257 4473 1356 4544 τὴν
1383 4472 1476 4526 τοῦ
1511 4473 1717 4544 Κυρίου

1828 4478 2186 4532 versationem
2265 4479 2600 4549 corrigeret,
2672 4479 2819 4535 illico
2879 4482 3065 4538 turbas
3117 4498 3182 4538 ac
3229 4491 3412 4539 motus

129 4567 345 4638 φωνὴν,
376 4565 608 4636 χωρίζον
639 4565 858 4636 νύμφην
882 4567 946 4618 ὲκ
974 4563 1261 4635 πενθερᾶς,
1288 4565 1381 4617 καὶ
1410 4563 1625 4633 πατέρα
1659 4561 1719 4627 ἐξ

130 4658 271 4711 υἱοῦ.
301 4658 462 4711 Μετὰ
480 4658 535 4710 δὲ
553 4657 654 4728 τὴν
687 4657 856 4724 ζάλην
880 4658 1214 4722 κατέπαυσε,
1246 4659 1342 4710 καὶ
1371 4657 1470 4728 τὴν
1497 4657 1722 4728 εἰρήνην

129 4750 341 4803 ἅπασιν
371 4748 794 4819 ἐπρυτάνευσεν.
823 4749 951 4800 Ὅτε
974 4743 1087 4811 οῦν,
1115 4747 1270 4819 φησὶ,
1293 4747 1362 4800 τά
1392 4745 1519 4817 ἔθνη
1555 4763 1723 4817 ταρα-

130 4841 450 4912 χθήσονται,
503 4840 750 4893 τουτέστι
805 4838 915 4892 τῶν
959 4839 1227 4909 δαιμόνων
1278 4839 1347 4892 τὰ
1375 4841 1720 4910 συστήματα,

127 4933 253 4984 τότε
297 4932 362 5003 δὴ
397 4932 518 4985 τότε
571 4933 664 4986 καὶ
687 4934 736 4985 οἱ
771 4935 828 4986 ἐν
856 4933 971 4994 τοῖς
1021 4931 1223 5002 πέρασι
1264 4931 1364 5000 τῆς
1395 4930 1722 5000 οἰκουμένης

129 5023 412 5096 ἄνθρωποι
444 5023 843 5095 φοϐηθήσονταί
870 5041 950 5088 σε,
993 5023 1062 5076 τὰ
1102 5021 1316 5091 μεγάλα
1359 5025 1559 5092 στιδμεῖα
1587 5021 1721 5074 θεω-

135 5118 426 5192 ρήσαντες,
453 5117 522 5170 τὰ
556 5117 649 5169 ἐπὶ
673 5119 739 5188 τῇ
778 5119 842 5188 σῇ
873 5114 1148 5189 παρουσίᾳ
1175 5113 1537 5184 γεγενημένα.

1827 4567 1974 4620 dedit
2001 4566 2143 4621 inter
2189 4567 2462 4634 homines,
2513 4584 2578 4622 ac
2631 4570 2930 4624 secundum
2987 4571 3136 4625 illam
3190 4571 3408 4638 Domini

1827 4672 2044 4722 vocem,
2072 4673 2268 4714 nurum
2302 4675 2332 4713 a
2383 4675 2568 4724 socru,
2605 4672 2659 4715 et
2694 4662 2864 4714 tilium
2898 4678 2929 4716 a
2972 4672 3124 4731 patre
3159 4679 3410 4734 segrega-

1827 4748 1921 4803 bat
1944 4748 2011 4805 ⁸ο.
2050 4747 2375 4819 Quanquam
2402 4759 2528 4820 post
2554 4751 2717 4805 etiam
2750 4760 2929 4808 motus
2960 4753 3083 4809 illos
3114 4743 3406 4818 sedaverit,

1827 4849 1880 4893 et
1908 4854 2096 4908 pacem
2128 4840 2344 4894 cunctis
2373 4841 2690 4896 reddiderit.
2725 4843 2952 4910 Quando
2985 4846 3171 4915 igitur,
3205 4845 3402 4915 inquit,

1829 4939 2038 5001 gentes,
2090 4931 2197 4986 hoc
2233 4940 2318 4986 est
2341 4932 2649 4988 daemonum
2696 4937 2950 4991 examina
2981 4937 3410 4992 commovebun-

1828 5029 1936 5088 tur,
1982 5029 2113 5076 tunc
2149 5030 2201 5076 te
2244 5031 2486 5076 metuent
2534 5023 2784 5080 homines
2833 5026 2887 5079 in
2934 5017 3214 5081 extremis‘
3249 5034 3412 5079 terrae

1831 5112 2037 5166 ﬁnibus
2067 5112 2372 5175 constituti,
2410 5113 2675 5168 miracula
2711 5115 2950 5188 ingentia
2987 5116 3407 5187 conspicientes,

1830 5218 1953 5273 quae
1981 5203 2084 5257 sub
2115 5203 2410 5258 adventum
2445 5213 2598 5258 tuum
2637 5207 2886 5263 edentur.

1419 5342 1557 5396 Item
1585 5344 1639 5396 in
1671 5352 1968 5413 sequentem
2001 5357 2048 5394 υ.
2080 5341 2133 5396 9.

219 5443 592 5506 Ἆθανασιου,
629 5441 924 5495 Εὑσεϐἰου
964 5440 1063 5494 καὶ
1095 5440 1420 5508 Κυρίλλου.
1458 5440 1566 5492 Καὶ
1601 5439 1728 5509 μέν·

123 5550 211 5589 τοι
244 5533 371 5586 ὅταν
385 5532 457 5585 τά
483 5532 694 5602 μεγάλα
723 5537 924 5604 σημεῖα
950 5530 1325 5602 θεωρήσαντες
1350 5531 1397 5582 οἱ
1422 5531 1522 5601 τὴν
1541 5531 1723 5581 οἰκου-

1908 5436 2212 5502 Athanasii,
2260 5435 2476 5490 Eusebii
2526 5446 2575 5490 et
2629 5436 2839 5507 Cyritti.
2899 5436 2964 5491 Et
3010 5437 3227 5506 quidem
3286 5453 3410 5494 cum

1835 5528 2290 5605 viderintmagna
2333 5528 2422 5584 illa
2446 5528 2600 5599 signa
2633 5529 2727 5599 qui
2775 5527 2962 5584 orbem
3013 5539 3292 5583 terrarum
3324 5529 3412 5585 in-

200 5662 295 5720 ”!
318 5665 443 5724 Cor.
478 5667 668 5735 nt,iG.
733 5665 1004 5752 i’iiattli.
1049 5681 1164 5731 vm,
1199 5663 1289 5719 2|.
1338 5664 1413 5742 q“
1436 5663 1626 5721 Matth.
1652 5663 1826 5738 x,‘55.
