3880 6216
109 292 215 346 534

1101 284 1530 360 FRAGMENTA
1563 283 1926 340 COMMENT.
1973 283 2039 337 ΙΝ
2081 280 2422 337 i’SALMOS.

3277 279 3384 334 582

110 424 228 470 σιν,
262 408 338 469 ὡς
375 408 439 476 τῇ
471 404 563 457 τοῦ
610 403 745 457 Θεοῦ
784 403 1108 473 χρηστότητι
1145 404 1245 473 τὴν
1282 404 1570 473 εὐετηρίαν
1619 403 1702 455 δε-

1816 418 1926 457 eum
1956 401 2050 470 qui
2081 415 2370 470 prosperos
2408 412 2695 453 successus
2735 397 2944 461 habuit,
2978 407 3037 451 ut
3081 397 3172 467 qui
3205 412 3233 449 a
3290 398 3382 450 Dei

112 496 363 567 χύμενον,
390 497 485 547 καὶ
510 494 757 562 εὐλογίας
790 493 877 546 διά
904 494 1001 562 τῆς
1023 494 1273 564 εὐθηνίας
1302 494 1694 565 πληρούμενονο

112 589 255 657 πρὸς
288 587 345 638 δὲ
374 587 522 640 νοῦν.
566 585 851 655 Sequentia
874 585 1065 653 Cyrilli
1091 596 1231 639 sunt.
1269 585 1337 638 Et
1367 587 1525 653 paulo
1560 596 1695 655 post,

117 676 501 745 Θεοδωρήτου
543 677 642 730 καὶ
679 678 1054 731 Ἀθανασίου.
1087 676 1186 746 Εῖη
1225 678 1268 729 δ’
1304 678 1368 730 ἂν
1396 680 1490 730 καὶ
1522 680 1549 730 ὁ
1572 680 1700 748 μέλ-

116 771 225 824 λων
274 770 410 825 αἰὼν
451 771 712 839 στέφανος
767 771 1154 842 χρηστότητος,
1199 770 1286 824 διὰ
1348 771 1407 824 τὸ
1441 773 1498 823 ὲν
1534 773 1698 845 πολλῇ

119 864 451 934 χρηστότητι
478 864 604 925 τοὺς
627 862 812 931 άγίους
841 864 898 915 ὲν
919 863 1067 933 αὐτῷ
1099 862 1512 931 στεφανοῦσθαι.

1802 494 2132 562 benignitate
2160 492 2500 546 commodam
2538 491 2680 544 aeris
2714 492 3025 558 temperiem
3058 490 3284 557 accepit,
3319 503 3384 542 ac

1802 590 1950 641 omni
1968 588 2336 641 benedictione
2348 596 2561 655 propter
2578 598 2888 653 prosperam
2908 599 3087 637 rerum
3105 582 3174 636 fo.
3192 592 3381 635 tunam

1798 680 1906 734 fuit
1936 681 2205 749 impletus.
2232 679 2297 732 Et
2320 678 2478 747 paulo
2503 687 2638 746 post,
2670 676 2979 730 Theodoreti
3004 685 3052 729 et
3079 675 3375 727 Athanasii.

1805 772 1991 826 Fuerit
2024 789 2149 827 vero
2191 788 2393 828 corona
2426 772 2771 842 benignitatis
2811 772 2973 824 etiam
3006 769 3247 823 futurum
3280 783 3382 821 ser.-

1805 865 2010 925 culum,
2052 879 2116 916 eo
2145 864 2289 932 quod
2321 864 2373 917 in
2405 878 2470 917 eo
2493 879 2687 933 magna
2721 863 3054 933 benignitate
3092 862 3264 916 sancti
3297 875 3379 914 co-

1805 953 2031 1006 ronandi
2063 953 2191 1005 sint.

120 1086 254 1140 Item
280 1087 336 1139 in
372 1084 472 1138 illa
496 1101 514 1138 :
546 1105 565 1137 ι
593 1085 653 1139 Et
679 1086 852 1155 campi
876 1087 955 1139 tui
977 1087 1375 1156 complebantur
1403 1088 1735 1156 pinguedine.
1762 1108 1781 1141 ι
1819 1088 2109 1143 Ρηεηιὶεεα
2145 1090 2454 1144 Theodoreti
2481 1090 2704 1144 litterati
2732 1089 3081 1156 explicatione
3119 1088 3381 1173 subtexit.

200 1202 585 1255 Ἀθανασίου.
634 1201 776 1271 Πρὸς
835 1201 892 1254 δὲ
942 1201 1066 1254 νοῦν
1126 1201 1330 1263 πεδίοις
1368 1201 1462 1252 καὶ
1520 1200 1705 1269 γαίαις

120 1292 447 1363 παρεικάζει
476 1294 575 1356 τὰς
629 1293 738 1345 τῶν
788 1295 1151 1347 πιστευόντων
1201 1293 1397 1362 ψυχάς.
1454 1294 1550 1355 Ἀς

110 1382 286 1448 ’θείοις
321 1388 414 1439 καὶ
444 1388 831 1455 πνευματικοῖς
852 1386 1154 1455 χαρίσμασι
1183 1386 1526 1437 κατα-πιαίνει
1549 1384 1699 1448 Θεὸς,

110 1476 203 1529 ἴνα
223 1477 487 1532 δύνωνται
510 1478 694 1549 φέρειν
722 1478 846 1541 τοὺς
880 1478 977 1549 τῆς
1016 1477 1298 1541 εὐσεϐείας
1322 1475 1588 1547 καρπούς.

1591 1297 1704 1356 τοῖς

1809 1204 1855 1263 ε
1882 1203 2184 1256 Athanasii.
2213 1201 2387 1257 Sensu
2420 1219 2547 1257 vero
2592 1202 2858 1271 spirituali
2892 1210 3173 1270 comparat
3214 1200 3380 1255 Darid

1809 1295 2021 1349 animas
2054 1296 2386 1349 credentium
2417 1296 2623 1364 campis
2649 1305 2702 1349 et
2724 1296 2887 1365 agris.
2917 1294 3064 1359 Quas
3098 1294 3239 1347 Deus
3271 1294 3381 1361 spi-

1806 1386 2103 1440 ritualibus
2136 1398 2187 1439 et
2227 1388 2427 1439 divinis
2461 1388 2617 1439 donis
2652 1387 2723 1439 ita
2755 1383 3105 1455 pinguel'acit,
3148 1393 3206 1438 ut
3252 1400 3381 1453 pro-

1806 1474 1947 1531 ferre
1977 1478 2185 1546 possint
2227 1478 2444 1545 pietatis
2477 1479 2706 1531 lructus.

929 1613 995 1666 Et
1024 1616 1079 1667 in
1100 1613 1253 1667 verba
1275 1629 1294 1666 :
1330 1632 1349 1664 ι
1390 1613 1737 1682 Pinguescant
1768 1617 2000 1681 speciosa
2030 1615 2242 1678 deserti,
2286 1633 2305 1665 ι
2340 1622 2469 1678 etc.,
2505 1628 2555 1667 υ.
2589 1612 2674 1665 15.

187 1734 304 1806 (97)
340 1733 731 1787 Ἀθανασίου,
753 1732 896 1803 Πρὸς
925 1731 981 1784 δὲ
1010 1730 1132 1784 νοῦν
1158 1731 1333 1801 ὡραῖα
1360 1732 1483 1795 τοὺς
1516 1734 1702 1797 ἁγίους

1878 1731 2177 1784 Athanasii.
2232 1730 2541 1784 Secundum
2591 1746 2721 1783 vero
2778 1729 3209 1798 intelligentiam,
3262 1746 3386 1799 spe-

111 1826 453 1887 ἀποστόλους
487 1824 581 1876 καὶ
643 1822 1037 1891 εὐαγγελιστάς
1082 1840 1233 1892 φησι,
1259 1824 1384 1885 τοὺς
1416 1825 1703 1892 εὐτραφεῖς

109 1918 516 1988 γεγενημένους
536 1919 648 1978 τοῖς
676 1917 1065 1983 πνευματικοῖς
1084 1915 1417 1985 χαρίσμασιν
1437 1916 1523 1966 .Ἕ
1534 1932 1597 1987 ρη
1607 1933 1703 1985 μον

113 2011 173 2063 δὲ
200 2011 301 2079 τὴν
332 2006 655 2075 Ἐκκλησίαν
686 2005 968 2070 ἀποκαλεῖ,
991 2005 1089 2077 τὴν
1112 2005 1277 2057 πάλαι
1303 2005 1505 2078 ἔρημον
1539 2002 1703 2059 οὖσαν

114 2101 217 2169 τῆς
250 2099 382 2169 περὶ
412 2096 547 2150 Θεοῦ
582 2096 857 2165 γνώσεως.

1809 1823 1958 1877 ciosa
2002 1824 2076 1875 ait
2117 1823 2265 1891 ipsos
2316 1832 2537 1874 sanetos
2578 1820 2855 1890 apostolos
2901 1830 2954 1872 et
2998 1820 3380 1887 evangelistas,

1810 1915 1903 1984 qui
1947 1915 2084 1967 bene
2118 1912 2346 1980 saginati
2394 1912 2609 1964 fuerant
2653 1911 3030 1979 spiritualibus
3061 1912 3236 1964 donis.
3277 1912 3382 1963 De-

1813 2016 2015 2059 sertum
2054 2016 2233 2059 autent
2269 2014 2426 2059 vocat
2456 2004 2774 2068 Ecclesiam,
2804 2004 2951 2072 quod
3001 2004 3132 2057 olim
3166 2004 3380 2057 deserta

1812 2112 1877 2152 ac
1912 2113 2080 2151 vacua
2111 2110 2253 2151 esset
2278 2098 2588 2165 cognitione
2615 2094 2729 2150 Dei.

697 2236 770 2290 Et
800 2238 851 2289 in
877 2236 1028 2290 verba
1066 2234 1355 2305 sequentia,
1387 2251 1434 2289 υ.
1463 2234 1516 2287 5.
1551 2232 1861 2286 Theodoreti
1910 2231 2252 2301 explicationi
2291 2232 2646 2299 subjiciuntur
2683 2233 2814 2287 hinc.

172 2354 556 2417 Ἀθανασίου,
584 2353 911 2420 Κυρίλλου.
932 2353 1072 2422 Πρὸς
1090 2352 1145 2404 δὲ
1163 2350 1305 2405 νοῦν·
1323 2350 1434 2420 Τῆς
1454 2350 1547 2403 τοῦ
1564 2347 1696 2401 Θεοῦ

114 2447 390 2517 φανείσης
418 2444 804 2516 χρηστότητος,
830 2446 863 2514 ἡ
899 2444 1065 2497 πάλαι
1109 2443 1314 2514 ἔρημος
1347 2441 1700 2512 καρποφορή-

112 2556 226 2603 σει,
250 2539 348 2591 καὶ
363 2539 411 2590 οἱ
454 2536 653 2606 βουνοὶ,
688 2537 734 2587 oi
774 2538 894 2597 ταῖς
922 2534 1224 2596 είδωλικαῖς
1256 2533 1467 2595 θυσίαις
1499 2532 1701 2601 μιαινό-

118 2646 296 2700 μενοι,
328 2628 455 2689 τοὺς
482 2627 573 2679 τὸν
606 2625 894 2695 ἀγγελικὴν
942 2624 1296 2696 αἱρουμένους
1329 2623 1439 2693 βίον
1476 2623 1701 2691 δεξάμε-

113 2737 220 2783 νοι,
246 2718 732 2789 εὐφρανθήσονται.
766 2718 835 2768 Ἦ
868 2717 1073 2787 βουνοῖς
1106 2716 1387 2779 ἀπεικάζει
1416 2717 1539 2777 τοὺς
1563 2714 1701 2766 κατὰ

109 2814 351 2883 «καιροὺς
374 2812 479 2864 τῶν
499 2812 669 2879 ἁγίων
701 2810 1033 2880 Ἐκκλησιῶν
1061 2809 1414 2879 ἡγουμένους,
1442 2808 1533 2858 καὶ
1560 2805 1702 2857 λαῶν

1846 2347 2185 2408 ἈιΙιαηαδὶἱ,
2241 2345 2451 2414 Cyrilli.
2506 2346 2585 2399 Ad
2627 2345 2955 2400 intellectum
2996 2362 3163 2402 vero:
3198 2349 3379 2418 Appa-

1807 2451 1960 2495 rente
2004 2442 2092 2494 Dei
2146 2440 2473 2510 benignitate
2503 2480 2518 2501 ,
2566 2456 2686 2508 qua:
2738 2440 2865 2492 olim
2914 2440 3128 2494 deserta
3184 2442 3379 2507 fuerat,

1808 2536 2044 2590 fructum
2080 2530 2234 2595 feret,
2270 2541 2323 2584 et
2353 2531 2519 2585 colles
2560 2530 2824 2583 idolorum
2855 2529 3139 2583 sacriﬁciis
3167 2534 3381 2600 pollut.,

1810 2628 2164 2695 suscipientes
2210 2625 2436 2692 eosqui
2487 2624 2784 2692 angelicam
2828 2623 2994 2676 vitam
3058 2636 3333 2680 sectantur
3362 2669 3376 2687 ,

1809 2719 2177 2774 exsultabant.
2220 2715 2317 2769 Vel
2367 2726 2512 2770 certe
2556 2716 2790 2769 collibus
2839 2718 3105 2772 assimilat
3137 2736 3251 2783 eos,
3285 2723 3379 2789 qui

1811 2811 2093 2880 quibusvis
2119 2809 2451 2877 temporibus
2474 2818 2786 2862 sanctarum
2815 2807 3180 2863 Ecclesiarum
3213 2812 3332 2865 dum
3353 2828 3381 2865 s

118 2906 555 2978 προεστηκότας,
577 2905 694 2974 ἦτοι
716 2903 978 2972 ποιμένας
1005 2902 1096 2955 καὶ
1110 2902 1478 2963 διδασκάλους.
1501 2900 1702 2968 ’Ὠσπερ

1816 2912 1974 2965 sunt,
2028 2916 2091 2954 ac
2144 2900 2466 2968 ponulorum
2520 2899 2819 2968 praesides,
2878 2900 2989 2953 sive
3030 2912 3277 2969 pastox-es
3330 2914 3384 2957 (ι

119 2996 228 3065 γὰρ
259 2994 363 3062 τῆς
389 2993 554 3062 ἄλλης
582 2993 799 3062 ἀπάσης
828 2992 931 3061 γῆς
956 2990 1353 3063 ὐπερανέχουσι
1383 2990 1449 3041 τά
1482 2990 1582 3060 ὅρη
1614 2991 1706 3041 καὶ

119 3088 167 3138 οἱ
196 3085 411 3155 βουνοί·
447 3084 537 3137 τὸν
560 3084 718 3137 αὐτὸν
750 3084 952 3154 τρόπον
976 3084 1069 3137 καὶ
1095 3086 1126 3154 ή
1153 3083 1260 3135 τῶν
1300 3082 1468 3150 ἁγίων
1498 3098 1702 3152 μυστα-

117 3176 321 3245 γωγῶν
350 3175 475 3239 ἀξία
504 3175 811 3246 ὑψηλοτέρα
855 3174 962 3227 τῶν
1014 3173 1187 3228 ἄλλων
1214 3174 1380 3225 ἐστίν.
1412 3166 1568 3225 Οὗτοι
1612 3174 1705 3225 καὶ

110 3267 451 3336 ⁷ἀγειλλίαιπν
472 3266 919 3339 περιζώννυνται,
940 3267 1185 3320 τουτέστι
1218 3267 1314 3335 τὴν
1341 3264 1435 3317 τοῦ
1465 3265 1594 3325 ττνεύ
1605 3283 1707 3335 μα-

116 3377 212 3423 τος
251 3358 615 3429 παράκλησιν.

1812 2994 2079 3047 doctores.
2129 2990 2597 3055 Quemadmodum
2654 2990 2799 3043 enim
2856 3004 3065 3045 montes
3118 3002 3171 3046 et
3216 2994 3383 3047 colles

1812 3093 2034 3137 caeteras
2060 3096 2246 3134 omnes
2279 3089 2432 3133 terrze
2454 3090 2636 3148 partes
2665 3078 2950 3133 altitudine
2971 3080 3261 3148 excedunt,
3310 3083 3383 3137 ita

1811 3177 1972 3229 etiam
2038 3174 2196 3226 altior
2261 3182 2344 3227 est
2403 3172 2638 3242 dignitas
2699 3182 3013 3226 sanctorum
3053 3173 3381 3238 doctorum,

1813 3279 1977 3333 quam
2027 3264 2258 3316 aliorum
2307 3263 2607 3315 hominum.
2656 3262 2723 3315 Et
2762 3263 2814 3315 hi
2870 3265 3229 3319 exsultatione
3278 3268 3384 3319 cir-

1812 3354 2252 3422 cumcinguntur,
2290 3351 2392 3407 hoc
2419 3362 2501 3406 est
2524 3353 2897 3407 consolatione
2919 3355 3165 3424 spiritus.

858 3495 1087 3549 Rursum
1120 3496 1174 3548 in
1208 3495 1359 3548 verba
1387 3496 1527 3548 ista:
1573 3511 1591 3544 ι
1630 3502 1699 3546 Μ
1730 3491 1889 3546 valles
1925 3490 2263 3545 abundabunt
2291 3491 2576 3561 frumento.
2609 3511 2626 3543 ι

194 3612 533 3680 Γρηγορίω
587 3613 881 3680 Θεολόγου
928 3613 1025 3667 καὶ
1062 3614 1440 3669 Ἀθανασὶου.
1503 3616 1566 3665 Αἱ
1606 3612 1703 3683 μὲν

120 3707 224 3774 τῆς
258 3706 362 3775 γῆς
392 3705 481 3758 τὸν
511 3705 765 3773 αἰσθητὸν
800 3705 894 3758 καὶ
949 3708 1242 3777 ἐφήμερον·
1276 3709 1331 3759 αἱ
1368 3708 1422 3759 δὲ
1461 3708 1568 3760 τῶν
1599 3708 1703 3776 ψυ-
1754 3728 1766 3742 ·

125 3800 238 3869 χῶν
264 3795 373 3849 τῶν
407 3795 587 3858 καλῶς
634 3796 712 3866 τῷ
770 3796 911 3867 λόγῳ
939 3798 1362 3867 γεωργουμένων
1411 3798 1502 3850 τὸν
1550 3816 1710 3851 πνευ-

127 3888 362 3959 ματικὸν
390 3889 484 3939 xui.
512 3885 746 3941 αἰώνιον.
782 3889 848 3940 Αἱ
898 3887 1005 3958 γὰρ
1048 3889 1235 3953 πάλαι,
1273 3890 1455 3959 φησὶν,
1488 3890 1709 3960 ἀπορώ-

119 3995 286 4033 ταται
317 3978 413 4029 καὶ
445 3977 625 4044 ἄγονοι
650 3975 756 4030 τῶν
784 3977 951 4031 ἐθνῶν
976 3977 1146 4050 ψυχαὶ
1196 3979 1550 4051 πνευματικῷ
1575 3998 1711 4052 καρ-

123 4070 216 4138 πῷ
251 4069 465 4121 ἔσονται
492 4068 735 4140 πλήρεις.

1885 3610 2122 3680 Gregorii
2156 3608 2423 3678 Theologi,
2451 3621 2497 3662 et
2539 3608 2841 3663 Athanasii.
2887 3607 3195 3663 Terrestrcs
3224 3610 3387 3662 nimi-

1814 3719 1933 3757 rum
1967 3703 2155 3765 valles,
2194 3701 2451 3755 sensibile
2487 3701 2831 3769 diariumque
2883 3700 3213 3754 frumentum
3267 3700 3385 3755 fun-

1814 3796 1978 3860 dent;
2012 3795 2209 3848 anima:
2238 3809 2364 3846 vero
2396 3808 2584 3845 eorum
2620 3794 2713 3860 qui
2750 3794 3007 3861 prmclare
3046 3795 3211 3848 verbo
3252 3796 3383 3849 culti

1816 3894 1961 3944 sunt.
2011 3885 2293 3953 spirituale
2327 3885 2456 3937 illud
2493 3896 2655 3953 atque
2688 3894 2971 3939 internum.
3024 3885 3381 3941 Ethnicorum

1817 3981 1961 4033 enim
1999 3981 2216 4045 animae,
2252 3980 2447 4048 inquit,
2497 3996 2617 4048 qua
2647 3980 2774 4032 olim
2826 3980 3189 4051 egentissima:
3227 3992 3385 4037 erant

1808 4082 1969 4139 atque
1998 4069 2321 4134 infecundae,
2352 4069 2531 4123 fructu
2567 4069 2833 4139 spirituali
2864 4071 3236 4124 abundabunt.

1080 4204 1148 4258 Et
1176 4206 1227 4257 in
1259 4204 1412 4259 verba
1438 4206 1649 4271 ultima,
1686 4203 2004 4257 Theodoreto
2036 4203 2395 4274 subjungitur.

212 4316 593 4383 Ἀθανάσιος.
664 4315 874 4380 Ἀπλῶς
915 4317 1019 4383 δέ’]
1058 4317 1351 4381 Ἅπαντες,
1416 4318 1600 4388 φησὶν,
1657 4319 1703 4369 οἱ
1740 4319 1783 4374 D

124 4408 525 4481 προλεχθέντες
574 4410 669 4462 σὺν
726 4409 877 4480 πάσῃ
911 4409 1186 4481 προθυμίᾳ
1228 4410 1317 4464 τὸν
1360 4410 1488 4463 Θεὸν
1531 4412 1705 4480 ἀνυμ-

124 4509 377 4575 νησουσι,
410 4506 509 4576 τὴν
560 4503 817 4575 τοιαύτην
847 4504 1147 4576 μεταϐολὴν
1177 4507 1240 4574 τῇ
1269 4504 1376 4558 τῶν
1407 4505 1707 4576 ἀνθρώπων

119 4595 518 4667 δωρησάμενον
550 4596 732 4665 φύσει.

1881 4315 2228 4370 Athanasius.
2288 4315 2615 4386 Simpliciter
2668 4334 2798 4374 vero
2843 4319 3127 4385 :Omnes,
3184 4320 3383 4390 inquit,

1814 4410 2055 4478 przedicti
2110 4425 2235 4465 cum
2288 4412 2437 4464 omni
2512 4411 2788 4466 alacritate
2842 4413 3138 4467 laudabunt
3193 4415 3380 4479 Deum,

1812 4501 1906 4569 qui
1962 4502 2122 4555 talem
2177 4503 2632 4571 permutationem
2700 4516 2908 4559 natura:
2965 4505 3250 4560 hominum
3283 4508 3383 4561 do-

1806 4594 1973 4647 navit.

668 4735 730 4790 In
755 4736 947 4806 psalmi
972 4752 1075 4790 va
1108 4753 1311 4790 versum
1346 4738 1597 4807 primum,
1624 4748 1738 4806 post
1768 4737 2075 4792 Theodoreti
2129 4738 2533 4807 explicationem
2580 4742 2833 4811 sequitur.

228 4852 605 4907 Ἆθανασίου.
663 4850 795 4923 (98)
851 4854 1007 4906 Κατά
1056 4853 1113 4905 δὲ
1180 4852 1453 4924 θεωρίαν,
1504 4853 1707 4906 ἀλαλα-

124 4946 270 5014 γμός
320 4945 471 4998 ἐστιν
538 4944 802 5008 ὲπινίκιος
850 4945 1017 5015 ὕμνος
1072 4946 1163 4998 ἐπὶ
1226 4946 1440 5016 ἐχθροῖς
1488 4964 1706 4999 πεπτω-

126 5038 283 5090 κόσιν
322 5035 600 5106 ᾁδόμενος.
653 5036 736 5099 Ὠς
781 5032 872 5089 οῦν
908 5038 1265 5109 ἀνῃρημένων
1293 5038 1399 5091 τῶν
1433 5040 1711 5109 ἀρχόντων

126 5126 223 5180 τοῦ
284 5125 480 5189 αἰῶνος
542 5125 730 5179 τούτου
789 5126 877 5180 διὰ
927 5131 1026 5198 τῆς
1076 5128 1311 5199 Χριστοῦ
1370 5129 1706 5199 παρουσίας,

128 5220 310 5272 πάντα
338 5216 408 5270 τὰ
460 5217 588 5287 ἔθνη
612 5219 738 5280 τοὺς
784 5219 1081 5281 ἐπινικίους
1131 5218 1331 5290 ὕμνους
1362 5220 1709 5289 ἀναπέμπειν

126 5309 568 5381 παρακελεύεται
614 5310 692 5380 τῷ
747 5311 846 5380 τῆς
900 5311 1054 5380 νίκης
1114 5313 1269 5384 αἰτίῳ
1322 5309 1440 5381 Θεῷ
1486 5313 1579 5365 καὶ
1630 5311 1707 5381 τῷ

123 5398 357 5470 ὀνόματι
401 5401 591 5467 αὐτοῦ,
638 5403 880 5455 τουτέστι
940 5403 1016 5471 τῷ
1074 5403 1207 5474 Υἱῷ.

199 5571 475 5647 (Mlliter:
505 5564 886 5647 superius'suo
922 5580 1046 5634 loco
1074 5579 1364 5634 habentur.

1826 4858 1831 4864 ‘
1885 4853 2187 4907 Athanasii.
2228 4855 2296 4908 At
2323 4856 2622 4910 secundum
2659 4857 2905 4911 altiorem
2937 4856 3381 4928 intelligentiam:

1811 4944 2066 5013 jubilatio
2095 4956 2178 4999 est
2217 4946 2477 5016 hymnus,
2523 4948 2615 5016 qui
2649 4958 2903 5001 cantatur
2937 4959 3155 5017 propter
3200 4951 3386 5008 hostes

1816 5037 2076 5091 devictos.
2129 5038 2266 5102 Quia
2324 5038 2486 5108 igitur
2522 5040 2794 5108 principes
2847 5042 3029 5094 surculi
3080 5042 3242 5111 hujus
3293 5060 3387 5112 per

1816 5130 2018 5183 Christi
2062 5132 2400 5198 praesentiant
2476 5131 2673 5186 sublati
2744 5143 2870 5185 sunt
2918 5152 2931 5186 :
2980 5135 3178 5188 idcirco
3233 5136 3389 5203 jubet

1817 5237 2007 5275 omnes
2039 5230 2245 5290 gentes,
2277 5230 2335 5274 ιιι
2366 5222 2552 5276 laudes
2593 5222 2948 5292 triumphales
2980 5222 3088 5277 Deo
3133 5223 3385 5289 oﬂ‘erant,

1820 5321 1877 5364 ut
1918 5311 2009 5380 qui
2044 5328 2208 5366 causa
2250 5311 2412 5367 fuerit
2445 5313 2682 5367 victoriae
2712 5331 2726 5379 ;
2763 5324 2817 5367 et
2849 5315 3054 5367 nomini
3090 5313 3208 5383 ejus
3233 5353 3247 5376 ,
3282 5316 3387 5370 hoc

1822 5413 1903 5458 est
1924 5403 2080 5458 Filio.
2132 5402 2263 5458 Nam
2289 5406 2743 5475 quemadmodum
2770 5422 2868 5461 nos
2885 5421 2949 5459 ex
2976 5404 3190 5459 nomine
3215 5405 3387 5474 ipsius

195 5646 311 5711 (9S)
361 5647 483 5704 Haec
516 5646 785 5719 habentur
827 5652 1078 5716 superius
1106 5666 1205 5707 suo
1253 5653 1391 5717 loco,
1428 5650 1516 5703 sed
1552 5648 1829 5716 pauciora.
