3880 6216
491 274 612 331 3'85

1357 277 1414 332 S.
1457 277 1827 334 ATllANASlI
1869 277 2012 335 OPP.
2069 281 2247 338 PARS
2287 282 2376 338 HI.
2417 310 2486 324 --
2528 279 2944 343 EXEGETICA.

3683 302 3778 358 E34

504 399 931 466 cognoscimur,
979 399 1064 454 sic
1099 400 1482 470 cognoscitur
1530 402 1692 456 etiam
1764 401 1923 458 Pater
1993 420 2070 474 per

2160 460 2162 465 _
2202 407 2289 470 Ὠς
2321 407 2428 478 γὰρ
2456 410 2620 478 ἡμεῖς
2643 409 2729 462 διὰ
2762 409 2853 462 τοῦ
2881 410 3146 481 ὀνόματος
3183 414 3350 468 αὐτοῦ
3379 421 3776 492 γνωριζὸμεθα,

495 489 547 546 Τ
549 491 728 548 ilium.

2193 497 2336 551 οὕτω
2358 500 2505 553 καὶὸ
2535 501 2722 572 Πατὴρ
2754 502 2843 554 διά
2863 502 2956 555 τοῦ
2989 505 3139 560 Υίοῦ.

1078 649 1307 704 Rursum
1338 652 1390 703 in
1416 664 1710 722 sequentem
1742 670 1945 707 uersum
1974 653 2030 707 9..
2062 651 2324 708 Prtecedit
2374 656 2623 710 similiter
2659 656 3019 716 Theodoretus
3047 662 3185 733 (99).

574 774 828 843 εἶμι-παις,
874 771 1221 825 Αιηαηαείιιδ.
1270 771 1340 825 At
1388 771 1475 826 hic
1519 772 1737 841 quidem
1787 772 2077 828 verborum

499 885 693 924 sensus
742 877 827 921 est
878 865 1194 919 historicus.
1265 865 1334 918 At
1386 867 1686 920 secundum
1741 866 2078 936 spiritualem

496 961 902 1030 acceptionem,
940 959 1095 1013 valde
1129 959 1419 1013 metuenda
1455 970 1584 1016 sunt
1631 959 1834 1014 Christi
1889 975 2075 1029 Opera,

494 1054 612 1109 sive
644 1052 828 1106 divina
861 1051 982 1120 ejus
1013 1051 1299 1113 miracula,
1335 1065 1388 1105 et
1416 1052 1564 1121 quod
1594 1051 1662 1106 de
1695 1051 1874 1105 medio
1903 1052 2073 1106 nostri

494 1145 717 1200 sustulit
785 1144 1128 1213 impurorum
1182 1144 1576 1198 daemoniorum
1640 1145 2068 1198 multitudinem.

491 1237 782 1292 Multitudo
812 1247 991 1291 autem
1037 1246 1090 1291 et
1141 1237 1471 1291 abundantia
1505 1237 1778 1306 potentias,
1828 1251 2074 1290 resurre-

481 1332 602 1387 ctio
633 1331 803 1400 ipsius
828 1342 912 1386 est
941 1345 956 1383 :
987 1347 1108 1400 quae
1142 1331 1361 1400 quidem
1411 1331 1679 1384 subvertit
1719 1331 1885 1384 robur
1927 1346 2073 1384 mor-

496 1426 568 1480 tis
597 1443 611 1490 ;
643 1425 920 1480 revocavit
946 1441 1073 1478 vero
1118 1426 1184 1478 ad
1239 1425 1704 1494 incorruptionem
1759 1425 2068 1477 universam

493 1517 737 1571 hominis
772 1527 1044 1571 naturam.
1079 1517 1217 1583 Quia
1247 1528 1427 1572 autem
1464 1517 1658 1582 Judaei,
1694 1533 1816 1570 cum
1855 1527 2069 1584 specta-

488 1617 646 1664 tores
695 1618 877 1665 essent
935 1611 1326 1664 miraculorum
1390 1609 1638 1672 Christi,
1687 1609 1780 1662 ubi
1849 1618 2068 1677 stupere

496 1699 801 1769 oportebat,
833 1699 932 1769 ipsi
963 1716 1154 1754 eorum
1188 1710 1466 1755 auctorem
1495 1701 1972 1755 calumniabantur
2005 1715 2068 1754 ac

2231 774 2547 840 Κύριλλος,
2568 775 2940 841 Ἀθανάσιος.
2959 778 3068 831 Καὶ
3084 778 3226 831 οὕτω
3244 781 3342 851 μὲν
3362 783 3494 853 πρὸς
3513 785 3771 857 ἱστορίαν

2181 865 2316 935 πρὸς
2332 865 2387 918 δὲ
2403 868 2775 936 πνευματικὴν
2803 869 3030 940 ἔκληψιν
3058 870 3180 924 λίαν
3193 872 3476 946 φοϐεράτὰ
3495 876 3631 947 ἔργα
3655 879 3761 948 Χρι

2182 957 2330 1020 στοῦ,
2363 959 2537 1011 εῖτουν
2561 962 2615 1012 αί
2647 961 2985 1031 θεοσημεῖαι,
3010 965 3105 1016 καὶ
3133 965 3215 1028 τὸ,
3248 966 3494 1040 ἐκποδὼν
3520 969 3772 1035 ⁴γενέσθω⁹

2176 1049 2287 1100 τῶν
2312 1049 2636 1121 ἀκαθάρτων
2653 1051 2924 1122 δαιμόνων
2941 1054 3007 1106 τὰ
3028 1054 3232 1125 πλήθη.
3254 1057 3462 1126 Πλῆθος
3488 1059 3543 1110 δὲ
3562 1061 3656 1112 καὶ
3675 1075 3771 1111 πε-

2183 1144 2394 1213 ριουσία
2421 1143 2704 1214 δυνάμεως
2732 1147 2762 1214 ἡ
2789 1142 3086 1210 ἀνάστασις
3108 1148 3296 1212 αὑτοῦ,
3315 1153 3771 1222 καταστρέφουσα

2182 1235 2280 1304 μὲν
2309 1234 2400 1286 τοῦ
2432 1233 2663 1288 θανάτου
2699 1236 2759 1288 τὸ
2792 1238 3011 1308 κράτος,
3057 1240 3274 1293 ἃπασαν
3305 1241 3358 1293 δέ
3410 1244 3510 1313 τὴν
3556 1244 3769 1308 ἀνθρώ-

2178 1345 2281 1380 που
2309 1327 2468 1397 φύσιν
2515 1330 2596 1392 εἰς
2644 1330 2962 1401 ἀφθαρσίαν
3018 1334 3460 1398 άνακαινίζουσα.
3520 1337 3673 1389 Ἐπεὶ
3710 1338 3769 1390 δὲ

2191 1419 2452 1482 Ἰουδαῖοι,
2484 1419 2591 1471 τῶν
2611 1422 2848 1492 Χριστοῦ
2883 1422 3176 1493 θαυμάτων
3235 1425 3514 1495 γενόμενοι
3546 1425 3767 1499 θεωροὶ,

2175 1511 2294 1564 δέον
2319 1512 2736 1582 ἐκπλήττεσθαι,
2762 1513 2854 1566 τὸν
2882 1517 3247 1587 τερατουργὸν
3278 1517 3636 1580 ὲνδιέϐαλλον,
3669 1523 3764 1572 καὶ

2182 1605 2382 1657 πλάνον
2405 1605 2652 1668 ἐκάλουν,
2682 1607 3026 1676 ἐπιπλήττων
3059 1601 3332 1675 ac,th
3363 1609 3513 1678 φησί·
3540 1611 3764 1663 Παῦσα-

2177 1703 2291 1765 σθε,
2323 1702 2512 1754 εἴπατε
2541 1701 2598 1753 δὲ
2657 1699 2854 1770 μᾶλλον
2905 1699 3074 1769 αὐτῷ,
3125 1701 3206 1752 ὃτι
3256 1701 3465 1772 Φοϐερὰ
3502 1703 3572 1755 τά
3622 1703 3762 1774 ἔργα

487 1790 842 1860 impostorem
879 1792 1165 1856 vocabant,
1216 1793 1419 1848 idcirco
1457 1793 1756 1863 objurgans
1795 1809 1888 1848 eos
1921 1792 2067 1846 Psal-

2171 1808 2286 1848 σου.
2324 1789 2457 1846 Εἶτα
2487 1793 2606 1844 ἐπεὶ
2635 1790 2992 1854 ἀπειθοῦντας
3021 1791 3187 1864 ἐώρα,
3218 1794 3376 1862 ἀφεὶς
3401 1793 3460 1845 τὸ
3495 1795 3630 1864 πρὸς
3664 1798 3762 1848 αὑ-

486 1893 570 1937 tes
604 1885 681 1937 ait
711 1903 722 1937 :
753 1883 1028 1949 Desistite,
1060 1903 1123 1940 ac
1158 1888 1337 1954 potius
1379 1888 1543 1941 dicite
1585 1888 1686 1956 ipsi
1714 1905 1726 1940 :
1757 1886 2061 1941 Tremenda

484 1984 613 2029 sunt
639 1991 802 2044 opera
835 1987 946 2030 tua.
987 1977 1207 2043 Deinde,
1249 1980 1510 2049 quoniam
1563 1979 1783 2034 videbat
1825 1994 1922 2032 eos
1959 1979 2062 2033 sibi

474 2080 691 2120 morem
737 2083 844 2120 non
893 2084 1112 2138 gerere,
1171 2085 1365 2124 averso
1416 2072 1484 2124 ab
1519 2071 1660 2140 ipsis
1696 2086 1952 2124 sermone
1994 2071 2062 2124 ad

468 2157 759 2212 Christum
789 2160 1082 2215 calumniis
1118 2163 1424 2231 impetitum
1462 2178 1518 2216 se
1547 2165 1812 2218 convertit
1835 2165 2057 2218 dicens:

476 2248 647 2304 Multa
676 2260 758 2306 est
788 2254 1026 2321 potentia
1075 2263 1186 2316 tua,
1225 2265 1715 2324 quantumcunque
1763 2255 1948 2310 hostes
1981 2254 2058 2308 tui

473 2342 543 2397 de
582 2352 632 2397 te
679 2345 1068 2409 mentiti‘sint,
1121 2357 1312 2414 sponte
1361 2362 1458 2400 sua
1499 2347 1689 2401 oculos
1729 2348 2054 2402 claudentes

468 2436 543 2490 ad
591 2436 836 2492 divinum
889 2449 1043 2492 tuum
1093 2439 1275 2494 lumen
1316 2441 1462 2510 quod
1513 2441 1719 2494 mundo
1765 2443 2052 2511 apparuit,

473 2527 610 2584 adeo
639 2539 698 2583 ut
733 2545 802 2584 ne
847 2531 1066 2600 quidem
1111 2533 1473 2601 praecellentia
1527 2534 1922 2587 miraculorum
1959 2549 2054 2588 eos

471 2619 539 2674 ad
603 2619 966 2674 obedientiam
1039 2639 1356 2692 permovere
1397 2624 1656 2694 potuerit.
1722 2623 1860 2678 Nam
1925 2641 2050 2679 cum

470 2710 737 2768 Dominus
794 2723 980 2768 noster
1048 2715 1394 2773 multitudine
1453 2718 1709 2786 potentia:
1771 2734 1926 2773 suam
1983 2736 2049 2774 ex

2172 1887 2296 1951 τοὺς
2324 1886 2687 1953 διαλέγεσθαι,
2723 1885 2800 1955 τῷ
2826 1886 3314 1957 συκοφαντουμένῳ
3343 1888 3562 1958 Χριστῴ
3587 1905 3758 1958 προσ-

2171 1981 2350 2048 ομιλεῖ
2383 2018 2398 2042 ,
2452 1979 2646 2046 λέγων·
2713 1977 2888 2047 Πολλή
2938 1993 3031 2030 σου
3088 1979 3121 2046 ἡ
3179 1977 3429 2048 δύναμις,
3489 1982 3536 2031 εἰ
3585 1982 3761 2034 καὶοί

2166 2071 2350 2141 ἐχθροί
2377 2087 2469 2122 σου
2493 2069 2787 2138 ἐψεύσαντο
2819 2086 2898 2131 σε,
2925 2069 3188 2132 ἑκουσίως
3219 2069 3355 2141 πρὸς
3391 2070 3451 2121 τὸ
3480 2072 3646 2138 φανὲν
3678 2073 3761 2143 τῷ

2167 2165 2356 2232 κόσμῳ
2384 2163 2524 2214 θεῖόν
2562 2179 2652 2214 σου
2690 2161 2805 2230 φῶς
2834 2161 3124 2231 μύσαντες,
3175 2163 3272 2214 καὶ
3315 2162 3448 2231 μηδέ
3475 2162 3582 2213 τῶν
3617 2164 3758 2216 θαυ-

2159 2257 2353 2326 μάτων
2382 2257 2478 2326 τῆς
2523 2254 2828 2325 ὑπερϐολῆς
2854 2257 3303 2325 παρενεγκοῦσης
3355 2255 3552 2317 αὐτοὺς
3577 2257 3657 2317 εἰς
3695 2256 3756 2308 τὸ

2162 2349 2464 2403 πείθεσθαι.
2496 2349 2694 2420 Πλήθει
2741 2347 2849 2418 γὰρ
2877 2347 3158 2418 δυνάμεως
3188 2348 3281 2401 τοῦ
3340 2349 3543 2419 Κυρίου
3594 2349 3754 2418 ἡμῶν

2164 2444 2546 2505 ἐκτελέσαντος
2570 2442 2666 2512 τὴν
2685 2441 2892 2493 οἰκείαν
2927 2442 2989 2492 ἐκ
3020 2440 3229 2511 νεκρῶν
3285 2441 3582 2494 ἀνάστασιν
3609 2441 3755 2494 κατὰ

2161 2536 2224 2588 τὸ
2277 2534 2656 2606 ἀνθρώπινον,
2719 2534 2768 2584 οἱ
2838 2532 3022 2602 ἐχθροὶ
3074 2531 3238 2585 αὑτοῦ
3303 2533 3542 2602 Ἑϐραῖοι
3590 2533 3752 2601 ἐψευ-

2164 2644 2323 2679 σαντο
2390 2625 2586 2680 αὐτόν·
2652 2624 2960 2689 τουτέστιν,
3034 2623 3370 2677 ἐνὸιέσαλλον
3445 2625 3545 2694 τὴν
3613 2625 3753 2678 ἀνά-

2161 2737 2369 2774 στασιν.

470 2809 704 2864 mortuis
753 2808 940 2880 (quod
991 2810 1058 2863 ad
1131 2811 1426 2864 humanam
1497 2822 1748 2867 nat-uram
1820 2818 2053 2883 attinet,
2109 2815 2574 2872 resurrectionem
2657 2808 3008 2880 perfecisset,
3083 2810 3487 2865 mentiebantur
3564 2811 3633 2866 de
3683 2827 3751 2868 eo

469 2897 680 2955 Hebraei
734 2900 922 2958 hostes
956 2902 1076 2970 ejus
1109 2923 1124 2958 :
1167 2903 1270 2959 hoc
1299 2913 1384 2960 est
1433 2907 1906 2964 calumniabantur
1942 2913 2060 2982 ejus
2092 2908 2572 2964 resurreczionem.

1554 3038 1624 3094 Et
1659 3041 1711 3093 in
1737 3057 1938 3095 versum
1966 3044 2204 3111 proxime
2231 3041 2574 3095 colurrentent
2604 3038 2639 3091 4

537 3154 884 3216 Athanasius,
913 3151 1171 3221 σιμ-ἔπαιε,
1217 3152 1498 3224 Gregorius
1544 3153 1840 3224 .Vyssenus.
1879 3156 2046 3221 Licet,
2077 3165 2120 3221 C

463 3244 662 3315 inquit,
709 3243 880 3297 Judaei
933 3253 984 3298 te
1020 3246 1263 3314 negaturi
1317 3248 1448 3310 sint,
1504 3248 1826 3316 subjicietur
1861 3256 2046 3303 tamen

462 3338 558 3392 tibi
592 3352 692 3406 pro
728 3336 863 3406 ipsis
899 3344 951 3389 et
975 3337 1225 3390 adorabit
1261 3350 1310 3391 te
1346 3339 1526 3394 omnis
1573 3349 1736 3401 terra,
1769 3341 1883 3394 sive
1917 3358 2045 3411 gen-

461 3440 543 3484 tes
583 3445 705 3497 quae
733 3429 1115 3482 inhabitabant
1155 3439 1376 3483 terram.
1405 3429 1592 3501 Neque
1632 3433 1776 3485 enim
1807 3435 2044 3502 amplius

458 3520 708 3574 adoratio
759 3520 850 3572 tiet
879 3518 1274 3589 Jerosolymis:
1309 3536 1432 3574 cum
1461 3520 1573 3590 jam
1622 3520 1810 3591 legalis
1849 3524 2039 3576 uudira

458 3615 760 3668 cessaverit
785 3614 1085 3668 secundum
1113 3613 1245 3667 illud
1273 3633 1284 3667 :
1322 3614 1633 3667 Adorabunt
1657 3632 1776 3667 eum
1821 3617 2040 3684 quisque

456 3722 523 3760 ea:
555 3705 669 3758 loco
699 3723 794 3760 suo
817 3706 883 3770 “,
920 3714 973 3759 et
1002 3705 1248 3759 adoratio
1277 3706 1388 3774 jam
1419 3706 1512 3760 ﬁat
1543 3707 1595 3759 in
1624 3707 1818 3776 spiritu
1870 3719 1922 3761 et
1947 3724 2040 3761 vc-

457 3797 640 3860 ritate,
673 3812 737 3851 eo
765 3795 910 3867 quod
955 3796 1312 3866 congruentia
1361 3805 1697 3865 peraguntur
1746 3811 1908 3865 Opera
1945 3795 2037 3851 Dei

451 3888 788 3956 adorationi,
833 3889 1006 3959 ipsius
1055 3889 1420 3959 appellatione
1464 3889 1573 3943 illis
1619 3888 1892 3958 imposita.
1926 3887 2034 3944 ista

452 3993 641 4052 porro,
701 3979 985 4050 praedictio
1027 3989 1157 4035 sunt
1200 3980 1487 4049 praesentis
1531 3979 1696 4049 hujus
1743 3981 2032 4050 temporis,

451 4087 562 4143 quo
594 4073 646 4127 in
679 4072 934 4127 omnibus
963 4073 1212 4143 gentibus
1240 4073 1618 4127 universorum
1643 4075 1786 4127 Deus
1817 4073 2035 4144 hymnis

451 4167 779 4232 celebratur,
811 4182 876 4222 ac
912 4165 1178 4220 Dominus
1227 4176 1414 4220 noster
1443 4164 1603 4222 Jesus
1643 4166 1921 4233 Christus,
1957 4168 2032 4221 al-

449 4258 701 4315 tissimus
717 4259 785 4314 ab
816 4257 1071 4314 omnibus
1102 4267 1352 4313 vocatur.

2231 3156 2307 3226 (1)
2343 3154 2720 3219 ’AOardO'toc,
2759 3153 3078 3220 Kt'gctjloc,
3113 3152 3439 3221 Γρηγόρτος
3465 3152 3746 3221 Νύσσης.

2153 3249 2216 3302 Et
2261 3249 2364 3307 καὶ
2395 3246 2656 3312 Ἰουδαῖοι,
2690 3247 2876 3316 φησιν,
2902 3243 3227 3315 ἀρνήσονταί
3260 3262 3341 3306 σε,
3374 3245 3487 3297 ἀντ’
3517 3244 3750 3298 ἐκείνων

2152 3339 2576 3410 ὑποκλιθήσεταί
2615 3356 2695 3390 σοι
2729 3339 2822 3390 καὶ
2845 3338 3216 3408 προσκυνήσει
3244 3338 3396 3388 πᾶσα
3423 3338 3456 3406 ἠ
3493 3337 3590 3406 γῆ.
3623 3339 3748 3406 ἦτοι

2150 3433 2216 3486 τὰ
2245 3432 2371 3502 ἔθνη
2409 3431 2475 3483 τά
2506 3429 2863 3483 κατοικοῦντα
2904 3430 3004 3498 τὴν
3028 3429 3150 3498 γῆν.
3179 3429 3376 3481 υῦκέτι
3407 3429 3514 3498 γὰρ
3543 3431 3602 3481 ἐν
3647 3431 3749 3481 Ὶε-

2150 3525 2432 3596 ρουσαλὴμ
2461 3525 2493 3593 ἡ
2526 3522 2914 3593 προσκύνησις,
2941 3521 3041 3589 τῆς
3090 3520 3321 3590 νομικῆς
3375 3520 3746 3590 παυσαμένης

2148 3619 2325 3680 σκιᾶς,
2362 3617 2502 3669 κατὰ
2528 3615 2609 3667 τό⁶
2660 3613 3214 3682 Προσκυνήσωυσιν
3268 3610 3428 3676 αὐτῷ
3479 3612 3742 3677 ἕκαστος

2141 3711 2210 3763 ἐκ
2236 3709 2342 3762 τοῦ
2378 3709 2564 3761 τόπου
2598 3707 2806 3772 αὑτοῦ,
2835 3705 2927 3759 καὶ
2955 3706 3081 3777 ⁹τῆς
3120 3707 3546 3776 προσκυνήσεως
3578 3722 3742 3773 γενο-

2146 3802 2313 3872 μένης
2336 3801 2391 3853 ἐν
2421 3801 2688 3870 πνεύματι
2720 3799 2812 3852 καὶ
2846 3797 3091 3868 ἀληθεία,
3154 3796 3505 3867 καταλλήλων
3558 3796 3742 3869 ἔργων

2141 3894 2438 3963 γινομένων
2461 3895 2526 3962 τῇ
2563 3891 2930 3962 προσκυνήσει
2954 3888 3112 3949 Θεοῦ,
3139 3888 3240 3958 τῆς
3267 3888 3433 3940 αὑτοῦ
3461 3904 3744 3959 προσηγο-

2146 3985 2268 4056 ρίας
2295 3983 2687 4054 ἐπικληθείσης
2724 3982 2924 4044 αὐτοῖς.
2963 3981 3278 4051 Πρόρρησις
3324 3979 3381 4031 δὲ
3433 3979 3610 4033 ταῦτα
3639 3982 3739 4034 τοῦ

2147 4075 2409 4144 παρόντος
2434 4073 2645 4144 καιροῦ,
2675 4072 2794 4124 καθ’
2821 4073 2878 4124 ὃν
2908 4073 2964 4122 ἐν
2995 4071 3166 4123 ἅπασι
3193 4073 3306 4133 τοῖς
3337 4069 3547 4122 ἔθνεσιν
3571 4072 3599 4122 ὀ
3625 4071 3739 4124 τῶν

2145 4168 2281 4220 ὅλων
2305 4167 2553 4236 ὑμνεῖται
2573 4165 2724 4227 Θεὸς,
2753 4163 2848 4217 καὶ
2877 4166 2904 4217 ὁ
2934 4163 3210 4232 Δεσπότης
3237 4163 3471 4234 Χριστὸς
3506 4162 3740 4221 ὕψιστο·

2145 4258 2295 4330 παρὰ
2322 4257 2540 4310 πάντων
2568 4256 2836 4311 καλεῖται.

1151 4394 1382 4448 Rursum
1407 4397 1463 4448 in
1489 4394 1593 4446 ista
1621 4393 1775 4449 verba
1803 4411 1820 4448 :
1854 4413 1873 4446 ‹
1924 4393 2105 4450 Venite
2127 4407 2174 4450 et
2212 4396 2380 4449 videte
2407 4411 2564 4464 opera
2599 4393 2714 4456 Dei,
2751 4411 2768 4443 ι
2801 4402 2922 4457 etc.,
2961 4393 3014 4446 5.

515 4511 862 4565 Athanasius.
916 4508 1129 4565 ludueit
1165 4511 1254 4564 hic
1302 4513 1675 4581 apostolorum
1729 4528 2021 4582 personam
2058 4515 2104 4570 Ι)

444 4605 539 4669 qui
567 4604 802 4658 doceant
829 4611 1036 4674 gentes,
1069 4604 1213 4673 quod
1252 4603 1354 4658 iste
1378 4605 1470 4674 qui
1507 4605 1560 4658 in
1593 4607 1882 4669 prmsentia
1925 4620 2024 4659 sua

442 4697 744 4751 secundum
802 4684 1022 4750 carnem
1077 4696 1258 4750 divina
1312 4695 1402 4749 illa
1460 4697 1718 4752 miracula
1766 4705 2026 4766 operatus

439 4797 548 4849 est,
582 4789 698 4856 ipse
730 4787 870 4840 idem
903 4787 994 4851 sit,
1028 4786 1121 4855 qui
1148 4787 1280 4840 olim
1312 4800 1462 4840 mare
1490 4783 1735 4840 Rubrum
1773 4786 2018 4851 arefecit,

439 4886 496 4932 et
519 4875 773 4931 Jordanis
800 4875 1001 4930 ﬂuenta
1027 4877 1232 4941 divisit,
1263 4877 1400 4930 adeo
1437 4884 1495 4930 ut
1524 4877 1655 4945 pede
1679 4892 1805 4931 eum
1837 4875 2022 4931 Israe-

439 4969 552 5024 lita}
600 4969 916 5023 transirent.
973 4969 1403 5043 Ithuitdgilut‘:
1454 4967 1786 5039 Cognoscite
1824 4969 2014 5022 animo

436 5071 602 5131 atque
636 5061 916 5132 iutelligite
947 5077 1013 5114 ex
1041 5049 1273 5130 singulis
1302 5077 1424 5130 qua:
1447 5076 1474 5112 a
1511 5061 1655 5114 bono
1687 5058 1796 5114 Deo
1824 5058 2014 5113 eﬂ‘ecta

439 5161 585 5218 sunt,
621 5168 784 5221 quam
824 5154 869 5206 is
901 5153 970 5206 sit
999 5153 1050 5204 in
1083 5153 1331 5206 consiliis
1379 5153 1493 5206 suis
1539 5152 2011 5222 incomprehensi-

435 5245 602 5300 bilis:
651 5245 996 5299 admiremini
1042 5246 1203 5297 etiam
1246 5244 1572 5299 ineffabilem
1624 5245 1743 5312 ejus
1792 5245 2016 5312 sapien-

432 5337 586 5404 tiam,
618 5354 716 5407 per
749 5354 915 5408 quam
953 5338 1253 5391 humanum
1291 5353 1461 5408 genus
1510 5338 1756 5407 perducit
1802 5336 1868 5390 ad
1897 5337 2010 5406 pie-

499 5515 550 5547 “
574 5513 810 5583 Sophon.
851 5529 912 5577 ιι,
941 5513 994 5568 5.

497 5647 767 5721 (99)7_llazc
795 5649 1067 5704 habentur
1097 5652 1342 5721 superius
1371 5651 1436 5708 δτι
1471 5653 1617 5708 hunc
1644 5667 1888 5708 versum.

498 5719 575 5788 (-l)
611 5719 736 5775 llaec
767 5723 1019 5790 superius
1055 5725 1118 5779 ad
1165 5719 1308 5780 hunc
1341 5741 1578 5779 versum.

2205 4511 2282 4582 (2)
2337 4509 2714 4575 Ἀθιινάσιος.
2749 4508 2870 4560 Τῶν
2905 4508 3220 4562 ἀποστόλων
3245 4507 3480 4561 ἐνταῦθα
3515 4510 3731 4578 εἰσάγει

2133 4604 2195 4656 τὸ
2228 4604 2538 4675 πρόσωπον,
2558 4602 2916 4656 διδασκόντων
2950 4602 3017 4654 τά
3047 4601 3192 4672 ἔθνη,
3211 4601 3284 4665 ὡς
3311 4596 3589 4673 ᾶραοῦτος
3615 4605 3644 4656 ὁ
3671 4608 3733 4657 ἐν

2135 4700 2198 4767 τῇ
2228 4696 2366 4750 κατὰ
2402 4698 2578 4766 σάρκα
2609 4697 2880 4767 παρουσίᾳ
2917 4695 3016 4758 τὰς
3051 4695 3376 4764 θεοσημείας
3415 4695 3731 4768 ἐργαζόμε-

2132 4806 2242 4852 νος,
2276 4789 2434 4853 αὑτός
2465 4790 2610 4840 ἐστιν
2668 4791 2694 4840 ὁ
2745 4787 2911 4840 πάλαι
2967 4786 3064 4857 τὴν
3134 4786 3402 4857 Ἐρυθρὰν
3444 4787 3730 4844 θάλασσαν

2135 4880 2395 4952 ξηράνας,
2443 4879 2676 4952 καὶμὴν
2728 4881 2823 4934 καὶ
2878 4881 2969 4932 τοῦ
3015 4879 3280 4950 Ἰορδάνου
3328 4881 3616 4950 ἀνακόψας
3658 4885 3730 4938 τὰ

2135 4973 2404 5044 ῥεύματα,
2448 4973 2524 5036 ὡς
2579 4973 2702 5025 ποδὶ
2736 4971 3024 5043 παρελθεῖν
3087 4972 3211 5034 τοὺς
3267 4973 3416 5035 υἱοὺς
3475 4974 3723 5045 Ἰσραήλ.

2129 5065 2296 5135 Φησὶν
2325 5060 2437 5117 οὖν’
2481 5064 2842 5136 Ἐπιστήσατε
2896 5063 2987 5116 τὸν
3023 5063 3148 5116 νοῦν
3204 5065 3298 5116 καὶ
3341 5068 3725 5138 κατανοήσατε

2127 5154 2235 5206 τῶν
2266 5155 2370 5207 ὑπὸ
2398 5154 2488 5206 τοῦ
2520 5154 2724 5223 ἀγαθοῦ
2761 5154 2894 5206 Θεοῦ
2931 5153 3233 5224 γινομένων
3266 5155 3534 5219 ἑκάστων,
3568 5159 3724 5224 ὅπως

2126 5247 2271 5300 ἐστὶν
2305 5248 2361 5299 ἐν
2390 5246 2601 5316 βουλαῖς
2654 5247 3057 5316 ἀκατάληπτος’
3089 5247 3183 5300 καὶ
3221 5249 3318 5316 τὴν
3351 5250 3596 5320 ἄρρητον
3625 5255 3724 5304 αῦ-

2122 5337 2215 5391 τοῦ
2245 5339 2435 5408 σοφίαν
2460 5339 2797 5411 θαυμάσατε,
2831 5341 2896 5393 δι’
2918 5334 2984 5412 ἧς
3009 5340 3069 5393 τὸ
3093 5341 3201 5393 τῶν
3231 5341 3538 5413 ἀνθρώπων
3558 5345 3723 5414 γένος

2186 5651 2262 5722 (2)
2304 5652 2425 5708 llaec
2454 5671 2642 5726 supra.
2674 5655 2764 5712 sed
2797 5655 3064 5711 breviora.
