3880 6216
141 276 246 333 585

1115 292 1541 352 FRAGMENTA
1578 298 1929 356 COMMENT.
1970 299 2037 355 IN
2078 297 2421 356 PSALMOS.

3267 297 3373 353 586

142 395 367 465 ποδηγεῖ
400 398 534 468 πρδς
588 401 887 456 εὐσέϐειαν.
920 406 1181 480 Φοϐεραῖς
1214 410 1321 483 γὰρ
1355 430 1447 465 και
1500 416 1699 483 θαυμα-

1812 422 1998 470 tatem.
2035 414 2355 470 Tremendis
2386 428 2621 484 namque
2651 423 2706 469 et
2736 412 3069 468 admirandis
3106 410 3375 468 machinis

141 489 292 550 σταῖς
334 493 605 560 μηχαναῖς
644 495 784 567 ὑπὲρ
808 497 906 566 τῆς
936 499 1041 551 τῶν
1094 502 1393 573 ἀνθρώπων
1445 507 1708 575 κέχρηται

140 577 430 647 σωτηρίας.

1818 522 1950 562 usus
1976 517 2058 564 est
2082 517 2302 577 propter
2332 507 2611 563 hominum
2642 507 2893 561 salutem.

1038 680 1105 734 In
1135 683 1284 735 verba
1312 685 1541 752 ejusdem
1568 701 1584 738 :
1616 705 1633 736 ι
1676 685 1758 739 Ibi
1794 685 2111 751 (tutabimur,
2147 705 2164 737 ι
2201 694 2325 751 etc.,
2357 701 2403 737 υ.
2435 683 2487 737 6.

210 782 501 841 Ρνωηιὶδδα
530 791 881 859 explicatione
900 811 964 848 ea:
994 795 1335 862 Theodoreto,
1361 803 1708 872 sequitur(5).

151 875 529 933 'Aoaracrtov.
566 882 711 953 Πρὸς
742 884 798 936 δὲ
833 886 975 940 νοῦψ
1021 889 1165 941 Ἐκεῖ
1208 892 1303 944 σὺν
1361 894 1580 964 Χριστῷ
1620 894 1716 964 βα-

139 966 480 1039 σιλεύσομεν,
518 974 676 1042 ἡνίκα
703 975 798 1028 τοῦ
850 978 970 1030 νέου
1006 980 1197 1043 αἰῶνος
1232 983 1558 1053 βασιλεύσει,
1616 987 1711 1039 καὶ

138 1059 624 1133 εύφρανθησόμεθα
649 1068 735 1119 ἐπ’
758 1068 925 1138 αὐτῷ.
980 1071 1395 1144 Εὐφραινόμεθα
1440 1074 1497 1128 δὲ
1528 1078 1585 1129 ἐν
1632 1076 1711 1147 τῷ

138 1153 424 1222 ποιήσαντι
454 1154 522 1207 τὰ
546 1156 775 1230 δυσχερῆ
810 1161 984 1231 ῥᾴδια.

1885 803 2185 856 Athanasii.
2239 801 2344 856 Sed
2376 802 2440 855 ad
2478 801 2807 856 intellectum
2836 819 2849 855 :
2874 799 2988 854 Illic
3026 797 3371 869 regnabimus

1814 911 1937 951 cum
1969 895 2208 959 Christo,
2256 910 2379 949 cum
2411 908 2552 948 novo
2584 894 2673 949 ille
2720 893 2918 949 saeculo
2965 891 3270 962 imperabit,
3318 900 3373 944 et

1812 987 2120 1041 laetabimur
2149 1002 2313 1055 super
2343 986 2481 1055 ipso.
2532 984 2862 1040 Laetabimur
2895 998 3023 1039 vero
3070 984 3125 1037 in
3158 997 3244 1050 eo,
3275 981 3371 1052 qui

1813 1094 1933 1148 quae
1960 1077 2195 1133 difﬁcilia
2223 1088 2399 1144 erant,
2432 1080 2567 1134 levia
2595 1078 2846 1133 reddidit.

1274 1255 1530 1312 Similiter
1550 1260 1604 1311 in
1628 1274 1831 1314 versum
1860 1266 2155 1327 sequentem
2184 1258 2233 1312 7.

218 1336 581 1405 Ἆθανάσιος,
638 1345 944 1412 Εὐσέϐιος.
999 1350 1155 1402 Κατά
1231 1352 1288 1403 δὲ
1340 1355 1709 1426 πνευματικὴν

133 1426 361 1500 ἐκδοχὴν
386 1430 692 1502 ὀφθαλμοὺς
723 1435 857 1489 Θεοῦ
902 1440 1026 1502 τοὺς
1068 1442 1393 1506 ἀποστόλους
1421 1446 1706 1515 νοήσομεν·

134 1523 673 1593 παραπικραίνοντας
706 1527 762 1580 δὲ
790 1531 916 1590 τοὺς
944 1531 1248 1597 Ἰουδαίους,
1276 1534 1366 1598 οὒς
1399 1537 1492 1589 καὶ
1514 1539 1559 1589 οἱ
1584 1554 1709 1608 προ-

1883 1355 2229 1421 Athanasius,
2263 1354 2541 1410 Eusebius.
2600 1356 2656 1410 Si
2702 1370 2829 1411 vero
2860 1355 3209 1425 spiritualiter
3255 1355 3373 1409 hmc

1810 1448 2187 1517 accipiantur,
2244 1449 2435 1503 oculos
2480 1448 2575 1502 Dei
2634 1448 2909 1517 apostolos
2952 1447 3058 1502 dici
3104 1447 3372 1518 intellige-

1809 1554 1934 1593 mus
1959 1556 1972 1591 :
1999 1538 2386 1595 exacerbantes
2413 1554 2561 1605 vero,
2592 1537 2829 1607 Judaeos,
2866 1555 3005 1609 quos
3031 1540 3195 1594 etiam
3241 1556 3371 1609 pro-

130 1611 303 1681 φῆται
345 1610 491 1667 οἷκον
553 1617 777 1672 ἐκάλουν
831 1624 1356 1693 παραπικραίνοντα.
1420 1626 1514 1689 Τίς
1574 1627 1699 1698 γὰρ¹

1813 1630 1992 1700 phetae
2016 1640 2281 1685 vocarunt
2297 1633 2516 1687 domum
2549 1633 2957 1688 exacerbantem
2976 1634 3039 1688 ⁸⁸.
3067 1633 3199 1699 Quis
3224 1636 3368 1689 enim

130 1706 320 1774 φησὶν,
362 1707 390 1758 6
420 1710 874 1780 παραπικραίνων
903 1713 1071 1785 ἀλλ’ἢ
1104 1716 1132 1766 6
1161 1711 1307 1779 οἶκος
1350 1717 1564 1789 Ἰσραήλ
1585 1736 1599 1784 ;
1619 1718 1709 1789 Τῷ

130 1795 265 1862 γοῦν
294 1799 699 1871 παραπτώματι
731 1803 824 1855 τοῦ
883 1804 1097 1876 Ἰσραὴλ
1120 1808 1211 1859 ἐπὶ
1243 1806 1312 1860 τά
1340 1807 1466 1880 ἔθνη
1501 1812 1709 1865 ἐπεῖδεν

128 1888 160 1939 6
188 1886 411 1959 Κύριος.
448 1890 604 1945 Ὅθεν
634 1894 707 1965 μὴ
733 1894 1083 1964 ὑψούσθωσαν
1108 1900 1156 1951 oi
1186 1899 1420 1963 ἀσεϐεῖς,
1447 1902 1521 1965 ὡς
1553 1902 1710 1956 δυνά⁴

132 1996 286 2048 μενοι
311 1981 571 2036 ἀπολέσαι
599 1986 724 2045 τοὺς
755 1987 833 2058 τῷ
874 1989 1187 2061 Εὐαγγελίῳ
1220 1994 1704 2064 προσερχομένους·

127 2070 269 2124 ἀλλὰ
299 2074 420 2144 μηδ’
453 2077 481 2128 6
513 2076 822 2150 ὑπερόπτης
855 2080 1000 2146 λαὸς,
1037 2083 1204 2153 ἤγουν
1235 2084 1264 2135 6
1303 2085 1538 2156 Ἰσραὴλ,
1564 2087 1705 2157 μέγα

129 2166 416 2233 φρονείτω,
444 2168 580 2238 μηδὲ
628 2170 768 2223 κατά
792 2171 893 2241 τῆς
927 2172 1035 2227 τῶν
1081 2174 1251 2228 ἐθνῶν
1304 2177 1538 2248 πληθύος
1571 2180 1706 2253 ὑψη-

125 2256 227 2328 λὴν
258 2260 531 2332 ἐπαιρέτω
572 2263 667 2335 τὴν
710 2266 899 2337 ὀφρύν.
941 2270 1031 2341 Μὴ
1082 2272 1284 2341 λεγέτω
1339 2275 1458 2328 καθ’
1491 2277 1701 2330 ἑαυτόν·

137 2348 284 2417 Ἐγὼ
316 2352 516 2421 γέγονα
572 2359 911 2427 πρωτότοκος
947 2364 1003 2414 ἐν
1034 2364 1242 2429 τέκνοις
1285 2366 1441 2420 Θεοῦ·
1488 2368 1619 2422 ἴστω
1647 2371 1703 2424 δὲ

125 2441 351 2511 μᾶλλον,
375 2445 456 2497 ὅτι
480 2464 619 2519 παρε
632 2450 858 2521 πίκρανε
888 2453 977 2506 τὸν
1007 2456 1284 2511 κτίσαντα.
1329 2460 1418 2513 Διὸ
1448 2462 1539 2514 καὶ
1570 2480 1698 2532 μετ-

120 2530 355 2606 έστησεν
389 2538 482 2590 ἀπ’
521 2541 685 2594 αὐτοῦ
724 2543 823 2614 τὴν
855 2546 1177 2621 ἐπισκοπὴν.

1810 1728 1913 1787 est,
1937 1721 2011 1774 ait
2042 1719 2202 1786 Deus,
2226 1722 2317 1790 qui
2346 1738 2432 1776 me
2455 1724 2760 1789 exacerbat,
2798 1724 2903 1778 nisi
2937 1724 3131 1780 domus
3169 1724 3373 1781 Israel?

1812 1807 1950 1862 Cum
1982 1809 2146 1878 igitur
2174 1808 2340 1864 Israel
2364 1811 2674 1875 excidisset,
2706 1814 2943 1881 respexit
2978 1813 3118 1869 Deus
3149 1815 3217 1868 ad
3242 1831 3372 1883 gen—

1809 1906 1911 1953 tes.
1959 1896 2226 1964 Quocirca
2284 1914 2396 1953 nou
2442 1910 2525 1955 est
2575 1917 2674 1955 cur
2731 1917 2851 1957 sese
2899 1904 3050 1973 impii
3092 1903 3366 1973 jactitent,

1808 1991 1967 2061 quasi
1992 1992 2083 2060 qui
2131 1992 2495 2047 exterminare
2541 1994 2757 2062 possint
2785 2009 2879 2049 eos
2934 1998 3027 2065 qui
3074 1995 3367 2067 Evangelia

1809 2079 2076 2133 accedunt
2102 2098 2114 2134 :
2144 2081 2254 2134 imo
2292 2096 2399 2134 non
2446 2091 2549 2146 est,
2587 2091 2646 2136 ut
2696 2082 2964 2152 superbus
2998 2085 3086 2138 ille
3115 2085 3365 2155 populus,

1809 2169 2064 2225 Israelem
2096 2172 2239 2236 dico,
2271 2172 2443 2227 altum
2497 2174 2692 2244 sapiat,
2739 2190 2915 2245 neque
2953 2177 3113 2230 etiam
3165 2177 3365 2232 elatum

1810 2263 1965 2318 tollat
2009 2264 2360 2334 supercilium
2408 2274 2599 2319 contra
2645 2266 2890 2336 gentium
2941 2268 3364 2323 multitudinem.

1807 2353 1884 2409 Ne
1909 2355 2052 2410 dicat
2081 2358 2221 2426 apud
2251 2358 2490 2427 seipsum
2517 2376 2529 2412 :
2561 2358 2673 2428 Ego
2699 2374 2819 2414 sum
2853 2360 3242 2430 primogenitus
3283 2362 3367 2415 in-

1806 2454 1889 2501 ter
1918 2447 2058 2503 ﬁlios
2103 2448 2220 2514 Dei,
2261 2450 2393 2520 quin
2422 2451 2605 2520 potius
2653 2452 2790 2506 sciat
2833 2454 2980 2523 quod
3022 2454 3367 2508 exacerbavit

1805 2538 2116 2593 Creatorem
2166 2556 2347 2597 suum.
2393 2540 2754 2608 Quamobrem
2800 2544 2967 2599 etiam
3008 2544 3097 2599 hic
3141 2545 3207 2600 ad
3238 2560 3364 2601 eum

1801 2630 2072 2698 respicere
2101 2632 2318 2688 desinit.

1243 2736 1445 2793 Eadem
1468 2742 1670 2795 ratione
1695 2744 1746 2797 in
1776 2745 1930 2801 verba
1955 2751 2257 2819 sequentia.‘

207 2818 569 2888 Ἅθανάσιος.
616 2824 759 2896 Πρὸς
801 2827 858 2880 δέ
906 2828 1029 2881 νοῦν
1086 2832 1135 2882 οἱ
1186 2832 1473 2889 ἀπόστολοι
1502 2842 1615 2902 τοῖς
1642 2838 1700 2904 ἐξ

114 2905 292 2961 ἐθνῶν
321 2926 503 2977 φασιψ
522 2913 687 2966 Ὅταν
712 2915 980 2987 ἀκούσητε
1008 2921 1134 2990 παρ’
1153 2921 1332 2991 ἡμῶν,
1357 2925 1476 2979 τίνα
1500 2929 1699 3000 τρόπον

1870 2845 2215 2901 Athanasius.
2273 2845 2583 2904 Secundum
2638 2860 2872 2907 mentem
2924 2868 3074 2919 vero,
3130 2853 3363 2925 apostoli

1799 2933 1879 2989 sic
1902 2936 2252 3006 alloquuntur
2281 2941 2507 3011 gentiles
2539 2961 2553 2997 :
2588 2940 2687 2997 Ubi
2739 2944 3019 3000 audieritis
3064 2960 3128 3000 ex
3183 2946 3359 3013 nobis,

115 3000 394 3070 προσήκει
446 3001 763 3072 δοξολογεῖν,
814 3008 935 3061 τότε
986 3011 1101 3079 μεθ’
1138 3014 1168 3081 ή
1179 3014 1293 3083 μῶν
1345 3017 1695 3089 εύλογήσατε,

118 3090 219 3111 -)--
247 3090 320 3111 2A,
360 3094 429 3111 ,,\
511 3094 521 3111 l
603 3096 627 3111 ρ.
722 3097 733 3111 ι
906 3100 928 3111 Α
999 3102 1009 3111 ι
1117 3103 1226 3111 --..
1308 3106 1318 3111 -
1397 3107 1417 3111 -
1463 3109 1471 3111 _

1810 3000 2079 3094 quomodo
2116 3028 2259 3086 Deus
2281 3000 2354 3087 En
2384 3032 2636 3090 laudibus
2677 3036 3055 3105 celebrandus,
3086 3047 3215 3093 tunc
3244 3038 3362 3094 lau-

112 3090 220 3144 ούκ
245 3090 327 3143 ἐτι
353 3094 477 3156 τοὺς
495 3094 735 3163 ψευδωνύ
745 3116 878 3168 μους
904 3100 1078 3164 θεοὺς,
1105 3103 1240 3158 ἀλλὰ
1272 3106 1361 3160 τὸν
1387 3107 1516 3161 Θεὸν
1544 3112 1698 3181 ἡμῶν

1810 3118 1922 3172 date
1957 3120 2263 3187 nobiscum,
2302 3140 2408 3179 non
2436 3124 2549 3194 jam
2597 3127 2830 3197 amplius
2880 3127 3018 3185 falso
3067 3130 3146 3185 sic
3187 3130 3363 3186 dictos

112 3182 212 3237 τὸν
233 3184 333 3253 τῆς
353 3183 496 3273 ζωῆς
517 3186 735 3260 δοτῆρα.
782 3192 904 3263 Ζωὴ
932 3193 1040 3266 γὰρ
1076 3191 1142 3266 ἧν
1175 3199 1206 3267 ἡ
1237 3198 1329 3251 τοῦ
1375 3204 1697 3273 παραδείσου

110 3275 323 3347 τρυφὴ,
359 3278 417 3329 ἐν
448 3271 491 3345 ᾧ
514 3279 665 3333 ἔθετο
701 3283 729 3334 6
755 3282 887 3348 Θεὸς
924 3286 1015 3339 τὸν
1061 3287 1345 3358 ἄνθρωπον
1372 3271 1698 3364 ἐργάζεσθαι

113 3367 215 3421 καὶ
240 3366 533 3437 φυλάσσειν
567 3371 750 3425 αὐτόν.

1798 3210 1952 3275 deos,
2000 3212 2092 3266 sed
2146 3213 2316 3269 Deum
2372 3227 2619 3274 nostrum
2680 3220 2805 3274 vita:
2854 3221 3185 3291 largitorem.
3245 3220 3363 3277 Vita

1801 3316 2039 3371 namque
2074 3313 2195 3359 erat
2245 3308 2484 3375 paradisi
2518 3311 2768 3381 voluptas
2813 3329 2827 3365 :
2863 3312 2919 3366 in
2972 3328 3081 3382 quo
3106 3324 3365 3383 posuerat

1802 3390 1946 3448 Deus
1977 3395 2274 3465 hominem,
2308 3406 2366 3453 ut
2390 3416 2515 3455 eum
2551 3402 2756 3458 coleret
2780 3411 2947 3474 atque
2972 3406 3288 3461 custodiret.

897 3492 1097 3548 Eodem
1124 3497 1277 3551 modo
1307 3500 1360 3554 in
1382 3501 1571 3557 verba:
1607 3524 1627 3556 ‹
1666 3509 1914 3564 Probasti
1941 3528 2054 3578 nos,
2085 3512 2248 3579 Deus,
2292 3534 2312 3569 ι
2347 3527 2469 3580 etc.,
2501 3533 2550 3574 υ.
2585 3519 2670 3572 10.

202 3575 584 3644 Ἀθανασίου,
636 3580 960 3652 Κυρίλλου.
990 3588 1064 3658 (4)
1124 3592 1267 3662 Πρὸς
1300 3594 1357 3647 δὲ
1414 3596 1539 3650 νοῦν
1597 3598 1697 3663 τὰς

115 3668 328 3739 θλίψεις
377 3671 475 3734 τὰς
526 3675 822 3745 γενομένας
863 3677 951 3731 διὰ
987 3680 1047 3733 τὸ
1097 3684 1354 3755 κήρυγμα
1406 3688 1517 3751 τοῖς
1556 3690 1692 3743 ἀπο-

115 3762 326 3825 στόλοις
352 3763 412 3815 τὸ
467 3763 689 3836 Πνεῦμα
721 3775 1121 3838 προαναφωνεῖ,
1177 3777 1241 3828 ἐκ
1270 3777 1561 3847 προσώπου
1592 3782 1693 3834 αύ-

113 3854 223 3908 τῶν
250 3854 457 3917 ταύτας
485 3857 802 3926 καταλέγον.
834 3861 1043 3934 ’Ὠσπερ
1076 3865 1183 3937 γάρ
1233 3870 1261 3920 6
1292 3868 1530 3941 ἄργυρος
1560 3874 1691 3946 πυρὶ

114 3947 419 4019 τηκόμενος
449 3944 506 4002 εὖ
537 3950 679 4020 μάλα
710 3952 1140 4025 διακαθαίρεται,
1174 3958 1313 4013 οὕτω
1347 3962 1442 4014 καὶ
1494 3966 1547 4016 αἱ
1581 3944 1690 4020 τῶν

114 4040 288 4109 ἁγίων
320 4039 490 4111 ψυχαὶ
517 4042 717 4107 παντὸς
743 4044 1172 4101 ἀπαλλάττονται
1203 4049 1394 4120 ῥύπου,
1429 4058 1550 4118 ταῖς
1586 4056 1694 4110 τῶν

115 4132 439 4202 πειρασμῶν
497 4134 704 4201 ἐφόδοις
747 4136 1176 4207 προσϐάλλουσαι
1205 4142 1485 4208 νεανικῶς.
1506 4140 1693 4221 ’Καὶή

114 4225 294 4277 αὐτῶν
326 4224 677 4297 εύδοκίμησις
724 4227 812 4281 διὰ
835 4230 1129 4301 πυρώσεως
1150 4233 1377 4304 γίνεται,
1406 4236 1693 4309 δοκιμαζο-

116 4314 293 4382 μένων
324 4315 400 4379 ὡς
423 4314 511 4369 διὰ
536 4318 727 4389 πυρός.
760 4319 974 4384 Ταύτας
1019 4321 1118 4385 τὰς
1160 4326 1342 4392 φωνὰς
1375 4330 1487 4391 τοῖς
1516 4330 1693 4398 ἁγίοις

1868 3607 2170 3676 Athanasii,
2202 3609 2413 3679 Cyrilti'.
2463 3612 2534 3666 At
2580 3628 2709 3668 vero
2740 3614 2806 3669 ad
2838 3615 3193 3683 intellectum,
3227 3632 3364 3688 prce-

1799 3696 1931 3751 dicit
1957 3698 2190 3767 Spiritus
2221 3712 2442 3757 sanctus
2493 3705 2827 3762 calamitates
2870 3709 3130 3778 apostolis
3162 3710 3363 3766 obven-

1798 3797 1951 3846 turas
1989 3805 2209 3862 propter
2234 3797 2671 3864 praedicationem
2702 3798 2998 3870 Evangelii,
3032 3819 3362 3860 enumerans

1797 3893 1891 3935 eas
1922 3881 1974 3933 in
2008 3883 2380 3951 apostolorum
2424 3900 2677 3954 persona.
2709 3886 3174 3952 Quemadmodum
3214 3892 3359 3945 enim

1799 3979 2084 4038 argentum
2116 3971 2239 4040 igne
2262 3973 2611 4043 liquefactum
2640 3978 2841 4047 optime
2869 3991 3249 4051 perpurgatur,
3279 3983 3362 4038 si:

1796 4060 1960 4113 etiam
2017 4072 2327 4138 sanctorum
2400 4067 2596 4122 animae
2657 4071 3012 4126 tentatiomim
3068 4074 3361 4129 insultibus

1797 4159 2019 4208 strenue
2060 4155 2396 4224 resistentes,
2443 4159 2510 4214 ab
2534 4162 2789 4217 omnibus
2823 4165 3155 4219 mundautur
3183 4168 3361 4223 sordi-

1795 4241 1919 4296 bus.
1953 4243 2153 4299 Earum
2187 4257 2365 4302 autem
2387 4252 2635 4319 probatio
2662 4269 2759 4323 per
2785 4255 3216 4312 combustionem
3246 4258 3359 4313 etii-

1796 4335 1974 4389 citur:
2012 4352 2136 4391 nam
2166 4355 2261 4408 per
2290 4341 2466 4411 ignem
2504 4345 2824 4413 probantur.
2856 4345 2965 4403 Has
2989 4364 3150 4418 porro
3201 4366 3358 4406 voces

116 4407 389 4478 μάρτυσιν
423 4410 451 4461 6
486 4409 696 4474 Παῦλος
715 4412 1048 4483 ἀνατίθησιν.
1095 4415 1254 4469 Ἀλλὰ
1282 4418 1377 4471 καὶ
1401 4422 1449 4472 οἱ
1475 4420 1560 4474 διὰ
1590 4439 1693 4475 πυ-

1810 4426 1963 4481 νείθιηῑ
1986 4429 2143 4485 divus
2158 4407 2361 4489 I’aulus
2390 4435 2453 4489 ad
2484 4447 2703 4491 sanctos
2731 4448 3015 4509 martyres.
3037 4440 3357 4511 Quanquam

115 4500 204 4569 ρὸς
227 4501 327 4554 καὶ
359 4500 548 4562 ὓδατος
575 4502 669 4555 τοῦ
703 4503 913 4569 ζέοντος
942 4506 1134 4577 θυμοῦ,
1182 4510 1276 4561 καὶ
1308 4510 1408 4580 τῆς
1435 4513 1689 4585 διακεχυ-

114 4593 284 4663 μένης
341 4593 549 4662 ἡδονῆς·
593 4595 687 4647 καὶ¹
746 4594 1036 4666 ἐπιθυμίας
1082 4598 1407 4665 διελθόντες,
1465 4605 1558 4656 καὶ
1612 4606 1686 4677 μὴ

110 4683 568 4752 ἐναπομείναντες
596 4685 804 4750 τούτοις
831 4691 941 4752 τοῖς
968 4689 1214 4757 πάθεσιν,
1247 4694 1561 4764 εὑρίσκουσι
1590 4697 1688 4767 τὴν

108 4774 399 4844 ἀνάψυξιν.

1796 4520 1958 4573 etiam
2010 4521 2047 4574 ii
2099 4523 2444 4595 refrigerium
2501 4529 2786 4585 inveniunt
2808 4531 2897 4601 qui
2937 4547 3031 4601 per
3082 4533 3257 4601 ignem
3304 4543 3359 4589 et

1795 4625 1993 4680 aquam
2036 4613 2297 4672 ferventis
2331 4619 2443 4685 irae,
2476 4636 2540 4677 ac
2569 4621 2887 4676 diﬂ'usarum
2920 4624 3256 4693 voluptatum
3293 4641 3359 4680 ac

1794 4705 2155 4772 cupiditatum
2198 4718 2602 4779 pertranseunt,
2648 4713 2695 4768 si
2735 4716 2788 4767 in
2841 4714 3147 4770 istiusmodi
3189 4715 3357 4770 animi

1795 4796 2146 4863 passionibus
2170 4815 2277 4854 non
2308 4805 2729 4871 permanserint.

880 4895 1014 4951 Item
1044 4902 1098 4953 in
1128 4901 1314 4955 verba:
1342 4920 1360 4953 ι
1396 4901 1634 4959 Introibo
1665 4906 1721 4960 in
1751 4908 1964 4964 domum
1992 4920 2159 4977 tuam,
2196 4933 2214 4964 ι
2244 4924 2367 4983 etc.,
2403 4934 2452 4971 υ.
2492 4918 2578 4972 15.

178 5006 258 5079 (5)
303 5007 673 5075 Ἀθανάσιος.
710 5010 854 5082 Πρὸς
915 5011 1038 5065 νοῦν
1068 5016 1230 5082 φασὶν
1279 5016 1326 5067 οἱ
1355 5016 1641 5071 ἀπόστολοι
1670 5037 1683 5050 ο

1778 5082 1781 5087 ,
1854 5025 2197 5083 Athanasius.
2255 5030 2335 5084 Ad
2385 5031 2716 5087 intellectum
2772 5049 2901 5089 vero
2937 5053 2950 5089 :
2980 5034 3307 5091 Intrabimus
3337 5080 3353 5105 ,

106 5099 542 5171 Είσελευσόμεθα
566 5103 644 5165 είς
673 5102 762 5156 τὸν
813 5104 937 5156 ναὸν
990 5105 1082 5158 τὸν
1131 5107 1452 5178 ἐπουράνιον
1482 5110 1581 5162 οὐκ
1629 5111 1687 5164 ἐν

1810 5118 2039 5187 nquiunt
2085 5121 2344 5190 apostoli,
2401 5122 2453 5175 in
2505 5123 2727 5177 domum
2776 5125 3073 5197 caelestem,
3132 5142 3240 5181 non
3301 5127 3356 5180 in

106 5190 408 5261 αἰσθητοῖς,
464 5192 577 5244 ἀλλ’
610 5195 667 5245 ἐν
722 5198 933 5266 νοητοῖς
980 5198 1440 5269 ὁλοκαυτώμασιν.
1498 5200 1689 5266 Ὅλους

1810 5212 2158 5276 ιειιεὶὺὶίίῦυδ,
2200 5214 2295 5268 sed
2326 5217 2381 5269 in
2415 5214 2846 5284 intelligibilibus
2872 5192 3351 5272 bolocautomatis.

106 5282 217 5352 γὰρ
246 5282 474 5345 ἑαυτοὺς
531 5282 800 5353 ἀνέθηκαν
852 5284 929 5354 τῷ
974 5285 1093 5356 Θεῷ
1129 5290 1185 5343 ἐν
1211 5288 1360 5352 τάξει
1389 5290 1690 5346 ὁλοκαυτω.

108 5375 322 5443 μάτων.

175 5510 225 5541 ⁸⁸
248 5508 443 5564 Ezech.
482 5527 542 5576 ιι,
580 5512 614 5566 5
660 5521 716 5566 et
749 5526 897 5582 seqq.

177 5623 260 5767 (δὲ
286 5623 413 5679 Hmc
440 5626 661 5695 paulum
693 5625 905 5682 diversa
939 5644 1127 5697 supra.

177 5698 236 5766 (4
293 5694 419 5751 Haec
448 5698 721 5765 superius,
754 5699 972 5766 paulum
1008 5700 1127 5754 dive

177 5694 260 5766 (4)
293 5694 419 5751 Haec
444 5694 721 5765 superius,
754 5699 972 5766 paulum
1008 5694 1242 5757 diversa.

427 5793 701 5853 PATROL.
734 5795 851 5854 Gn.
891 5795 1061 5855 XXV
1074 5795 1153 5857 II.

1790 5299 1861 5355 Se
1915 5318 2151 5373 namque
2206 5313 2371 5369 totos,
2428 5307 2600 5361 instar
2653 5307 3192 5375 holocautomatum,
3243 5306 3352 5361 Deo

1791 5406 2202 5450 consecrarunt.

1859 5638 1936 5708 (5)
1966 5636 2090 5695 Haec
2122 5642 2392 5711 superius,
2428 5642 2520 5699 sed
2547 5643 2812 5698 breviora.

2944 5749 3113 5866 ⁶19
