3880 6216
540 272 644 329 581

1419 275 1473 329 S.
1515 274 1882 332 ATHANASII
1920 275 2071 333 OPP.
2114 278 2289 335 PARS
2325 280 2411 336 Ill.
2455 313 2521 323 —
2558 280 2969 341 EXEGETICA.

3675 283 3775 341 688

1866 389 2049 443 Adhuc
2077 391 2132 444 in
2163 395 2445 463 sequentia.

607 499 949 567 Athanasius,
997 500 1259 571 Cyrillus,
1304 502 1561 557 Basilius.
1624 503 1749 561 Haec
1803 517 1888 560 est
1940 507 2101 562 altior
2129 516 2172 572 Α

538 593 849 647 sententia:
889 590 1082 649 Omnia
1132 603 1261 648 sunt
1304 596 1625 666 spiritualia,
1672 607 1727 652 et
1785 598 2101 653 holocauto—

536 690 706 749 mata,
733 694 785 737 et
818 688 1002 748 boves,
1050 696 1103 739 et
1136 686 1296 752 hirci,
1327 703 1465 755 quos
1509 688 1818 742 oblaturum
1868 705 1925 742 se
1970 705 2097 758 pro-

535 774 724 829 mittit.
758 775 1099 831 Sacriﬁcium
1131 795 1350 847 quoque
1378 780 1603 833 oﬁ‘ertur
1653 796 1777 835 cum
1815 782 2099 835 arietibus.

530 865 676 921 Sunt
705 884 833 924 vero
878 872 1077 926 arietes
1127 882 1308 927 motus
1348 882 1508 944 atque
1552 874 1787 943 impetus
1819 876 1987 929 animi
2035 876 2103 930 ab

534 960 799 1019 irascibili
826 966 944 1035 ejus
990 975 1141 1035 parte
1174 968 1433 1023 excitati:
1480 978 1573 1024 aut
1609 978 1756 1024 certe
1801 971 2096 1025 ratiocina—

532 1054 709 1110 tiones
749 1058 993 1113 rectricis
1032 1061 1229 1115 animae
1267 1060 1563 1125 facultatis,
1612 1063 1893 1131 passiones
1940 1064 2095 1133 quasi

531 1147 791 1203 cornibus
828 1160 1073 1219 petentes
1106 1162 1159 1206 et
1191 1153 1591 1222 impugnantes.
1623 1154 1819 1209 Bovem
1853 1170 1981 1209 vero
2008 1171 2095 1209 sa—

2282 511 2643 577 Ἀθανάσιος,
2676 510 2997 580 Κύριλλος,
3026 512 3362 576 Βασίλειος.
3396 508 3540 581 Πρὸς
3559 502 3631 563 ³δέ
3661 509 3774 564 1διό.-

2200 618 2364 656 νοιαν·
2398 603 2744 672 Πνευματικὰ
2775 603 2949 655 πάντα
2978 603 3069 654 καὶ
3116 601 3183 653 τά
3211 601 3657 670 ὁλοκαυτώματα,
3685 604 3774 654 καὶ

2200 696 2247 747 οἱ
2290 695 2427 765 βόες,
2462 697 2551 748 καὶ
2572 698 2619 748 οί
2647 697 2886 766 χίμαροι,
2912 694 3002 759 οὒς
3033 693 3330 748 ἀποδώσειν
3360 694 3769 763 ἐπαγγέλλεται.

2202 786 2312 838 Kal
2355 787 2489 855 μετὰ
2519 786 2687 855 κριῶν
2716 786 2773 839 δὲ
2818 787 3099 857 προσφορά
3143 786 3366 853 γίνεται.
3393 786 3515 837 Εἰσὶ
3542 785 3598 837 δὲ
3631 786 3774 854 κριοὶ

2203 878 2442 946 κινήσεις
2471 879 2563 931 καὶ
2588 878 2756 949 ὁρμαὶ
2780 878 2886 930 ἀπὸ
2934 877 3027 930 τοῦ
3080 875 3311 947 θυμικοῦ
3336 876 3435 943 τῆς
3471 874 3650 945 ψυχῆς
3679 875 3775 941 τὴν

2201 970 2375 1039 ὁρμὴν
2398 968 2635 1039 ἔχουσαι,
2677 971 2709 1041 ἢ
2746 969 2995 1038 λογισμοὶ
3033 970 3349 1039 ἡγεμονικοὶ
3386 968 3455 1020 τὰ
3502 966 3651 1035 πάθη
3686 983 3777 1018 κε-

2199 1060 2529 1132 ρατίζοντες.
2562 1060 2698 1113 Βοῦν
2730 1060 2787 1114 δὲ
2834 1061 3111 1133 ίερουργεῖ
3164 1061 3191 1112 6
3239 1058 3532 1129 προσάγων
3583 1056 3777 1110 θυσίαν

2197 1152 2373 1217 ζῶσαν
2402 1153 2592 1205 ἑαυτὸν
2621 1153 2707 1205 διά
2729 1152 2999 1223 πράξεως.
3040 1152 3316 1220 Ἀναλογεῖ
3339 1151 3445 1222 γὰρ
3477 1150 3555 1221 τῷ
3583 1152 3651 1202 ἐκ
3676 1149 3780 1217 τῆς

529 1242 759 1309 critical,
794 1244 881 1312 qui
915 1246 1155 1314 seipsum
1192 1245 1301 1300 Deo
1326 1246 1480 1300 oﬁ‘ert
1509 1248 1739 1301 hostiam
1773 1248 1969 1311 vivam,
2000 1264 2096 1316 per

2194 1246 2296 1314 γῆς
2330 1245 2616 1298 πλασθέντι
2660 1244 2892 1315 σώματι,
2932 1244 3203 1313 γεωπόνον
3263 1245 3505 1315 ὑπάρχον
3540 1242 3601 1295 τὸ
3636 1242 3777 1305 ζῶον

530 1332 775 1387 actiones
806 1335 1080 1390 honestas.
1129 1335 1301 1390 Habet
1348 1339 1491 1391 enim
1544 1337 1640 1396 bos
1679 1336 2091 1391 similitudinem

2193 1339 2221 1389 6
2252 1336 2396 1406 βοῦς.
2428 1338 2666 1408 Χίμαροι
2706 1337 2762 1389 δέ
2795 1336 2865 1389 τά
2924 1336 3208 1407 μετανοίας
3237 1336 3395 1406 ἔργα·
3428 1336 3557 1405 περὶ
3586 1335 3775 1405 ἀμαρ-

527 1425 819 1492 quamdam
864 1442 988 1480 cum
1053 1443 1279 1496 corpore
1328 1443 1394 1481 ex
1442 1436 1583 1482 terra
1642 1426 1915 1492 formato,
1966 1444 2087 1482 cum

2196 1428 2314 1492 τίας
2352 1428 2460 1500 γὰρ
2504 1430 2921 1501 προσεφέροντο.
2973 1428 3233 1499 Θυμίαμα
3259 1428 3316 1480 δὲ
3368 1426 3779 1497 ήάποπνέουσα

528 1522 687 1568 terrae
732 1517 969 1571 colendae
1012 1519 1353 1573 adhibeatur.
1401 1518 1544 1574 Hirci
1591 1534 1716 1573 vero
1748 1528 1876 1573 sunt
1924 1536 2087 1589 Opera

2193 1520 2299 1573 τῶν
2336 1522 2589 1593 καθαρῶν
2621 1522 2805 1592 ψυχῶν
2841 1522 3056 1574 εὐωδία.

526 1608 948 1679 τεείρῙεοεηιὶω;
983 1614 1058 1667 illi
1098 1630 1333 1684 namque
1388 1630 1485 1684 pro
1532 1624 1750 1683 peccato
1802 1615 2182 1673 oﬂ‘erebantur.
2220 1615 2440 1672 Suﬁitus
2470 1628 2648 1672 autem
2689 1628 2772 1673 est
2810 1618 2988 1673 bonus
3018 1617 3152 1672 odor
3184 1632 3344 1687 quem
3381 1632 3530 1686 pura:
3576 1615 3786 1677 anima

522 1700 795 1756 exhalant.

1527 1799 1595 1853 Et
1617 1802 1671 1853 in
1697 1798 1892 1854 verba:
1928 1818 1945 1851 ι
1991 1798 2190 1867 Venite,
2219 1800 2420 1862 audite,
2461 1818 2477 1850 ι
2511 1809 2635 1861 etc.,
2680 1797 2765 1852 16.

593 1908 934 1963 Athanasius.
966 1910 1210 1981 Apostoli
1241 1911 1457 1981 quidem
1490 1926 1595 1965 non
1622 1927 1802 1966 rerum
1836 1911 2085 1981 antiqua-

2270 1909 2629 1974 Ἀθανὰσιος.
2691 1910 2755 1961 Οἱ
2812 1907 2994 1978 μέντοι
3054 1906 3339 1960 ἀπόστολοι
3388 1907 3485 1958 οὐκ
3525 1906 3793 1995 ἀρχαίιῠ

524 2014 644 2052 rum
684 2013 950 2054 renovant
982 2001 1302 2056 memoriam
1335 2019 1347 2055 :
1382 2001 1475 2057 sed
1512 2002 1748 2057 recentia
1789 2001 2084 2055 Salvatoris

521 2092 693 2147 nostri
728 2094 994 2149 mirantur
1044 2110 1230 2165 Opera,
1264 2110 1384 2165 qua:
1438 2095 1483 2151 is
1538 2096 1783 2150 omnium
1834 2104 2083 2151 nostrum

522 2185 807 2241 animabus
848 2187 1073 2257 largitus
1105 2198 1204 2242 est.

2190 2005 2538 2077 διηγημάτων
2568 2002 2844 2056 ποιοῦνται
2880 2003 3117 2071 μνήμηνο
3153 2000 3286 2054 ἀλλά
3313 1999 3380 2053 τὰ
3410 2000 3502 2052 νέα
3525 1999 3621 2051 τοῦ
3666 1986 3776 2051 Σιδί

2188 2098 2352 2171 τῆρος
2399 2096 2555 2166 ἡμῶν
2615 2093 2951 2165 θαυμάζουσι
3010 2092 3432 2165 κατορθώματα,
3491 2093 3591 2144 ὅσα
3647 2082 3775 2155 τας

2188 2189 2439 2241 ἁπάντων
2469 2186 2623 2258 ἡμῶν
2651 2187 2846 2257 ψυχαῖς
2877 2183 3189 2257 ἐχαρίσατο.

1137 2305 1269 2359 Item
1295 2308 1347 2361 in
1372 2306 1509 2377 psal.
1534 2322 1679 2361 vau
1711 2306 1901 2361 verba:
1936 2326 1953 2359 ι
1993 2306 2141 2362 Sicut
2164 2306 2338 2375 deﬁcit
2377 2307 2572 2375 fumus,
2605 2304 2873 2374 deﬁciant,
2914 2325 2931 2355 ›
2968 2316 3092 2372 etc.,
3126 2304 3174 2360 5.

576 2422 895 2476 -Athanasii.
932 2419 1250 2478 Peccatores
1275 2439 1401 2479 vero
1437 2423 1671 2479 fortasse
1698 2424 1956 2479 dicuntur
1982 2424 2084 2494 ipSi

520 2513 796 2569 daemones
830 2494 1037 2583 peccaii
1066 2514 1418 2570 inventores:
1474 2503 1568 2584 qui
1598 2515 1762 2569 etiam
1808 2524 1867 2570 ut
1902 2514 2086 2570 fumus

520 2605 802 2671 deﬁciunt,
840 2622 871 2660 a
903 2616 1093 2661 sancto
1123 2604 1328 2674 Spiritu
1361 2607 1600 2662 submoti
1626 2623 1691 2663 ac
1715 2609 1947 2677 dispersi
1975 2625 1989 2662 :
2034 2616 2089 2662 et

518 2704 581 2750 ut
627 2712 749 2751 cera
793 2697 1077 2767 liqueﬁunt
1119 2700 1539 2753 succumbentes
1570 2701 1820 2755 adventui
1856 2700 2082 2767 Christi,

516 2788 610 2858 qui
642 2789 781 2859 ignis
813 2790 1013 2843 dicitur
1040 2804 1370 2845 consumens
1404 2791 1827 2861 improbitatem.
1862 2793 1935 2847 De
1974 2810 2083 2848 ca:-

517 2888 634 2934 tero
665 2881 877 2935 sublata
920 2882 1227 2935 diemonum
1272 2884 1576 2952 tyrannide,
1606 2885 1699 2954 qui
1745 2900 1808 2939 ex
1860 2885 1965 2940 ﬁde
1994 2887 2081 2957 ju-

516 2972 731 3027 stiﬁcati
757 2982 903 3038 sunt,
931 2972 1202 3028 laetantur.

2277 2424 2652 2477 Ἀθανασίου.
2690 2422 2839 2490 Τάχα
2861 2422 2916 2473 δέ
2942 2420 3253 2491 ἁμαρτωλοὶ
3280 2422 3327 2473 οἱ
3361 2419 3459 2489 τῆς
3492 2420 3769 2491 ἁμαρτίας

2190 2516 2407 2587 εὑρεταὶ
2433 2516 2701 2585 δαίμονες·
2738 2515 2786 2566 οἳ
2820 2514 2913 2566 καὶ
2967 2513 3040 2576 ὡς
3071 2513 3277 2576 καπνὸς
3319 2512 3653 2577 ἐκλείπουσι,
3690 2515 3767 2584 τῷ

2190 2608 2327 2679 ἁγίῳ
2366 2607 2639 2677 Πνεύματι
2673 2606 3015 2674 ἐλαυνόμενοι
3070 2607 3163 2658 καὶ
3203 2604 3637 2673 σκεδαννύμενοι·
3672 2607 3767 2657 καὶ

2187 2702 2261 2764 ὡς
2291 2702 2456 2771 κηρὸς
2512 2701 2769 2768 τήκονται
2820 2698 3179 2768 ὑπορρέοντες
3239 2701 3304 2767 τῇ
3336 2698 3627 2767 ἐπιφανείᾳ
3670 2696 3763 2749 τοῦ

2186 2791 2440 2862 Χριστοῦ,
2471 2790 2527 2854 ὃς
2563 2790 2673 2861 πῦρ
2720 2789 2935 2856 λέγεται
2994 2787 3384 2841 καταναλίσκον
3424 2788 3522 2857 τὴν
3558 2786 3763 2858 μοχθη-

2187 2882 2330 2953 ρίαν.
2379 2883 2485 2934 Kal.
2513 2880 2693 2933 λοιπὸν
2716 2881 2763 2932 οἱ
2790 2879 3165 2942 δικαιωθέντες
3204 2881 3267 2931 ἐκ
3299 2878 3550 2940 πίστεως,
3594 2895 3762 2930 κατα-

2185 2974 2434 3044 λυθείσης
2486 2974 2583 3045 τῆς
2640 2972 2949 3044 τυραννίδος
3012 2971 3121 3024 τῶν
3176 2970 3475 3042 δαιμόνων,
3530 2970 3759 3041 εὐφραί-

2185 3084 2381 3121 νονται.

1178 3178 1315 3234 Item
1345 3182 1398 3235 in
1426 3180 1657 3249 ejusdem
1679 3182 1869 3250 psalmi
1896 3181 2083 3235 verba:
2128 3203 2145 3235 ι
2188 3183 2381 3238 Par-ate
2412 3186 2551 3238 viam
2574 3184 2643 3249 ei,
2674 3184 2782 3253 qui,
2824 3202 2841 3233 ι
2876 3190 3001 3245 etc.,
3033 3181 3084 3236 5.

583 3286 817 3353 Eusebii,
852 3289 1151 3344 Athanasii.
1175 3290 1239 3347 Et
1268 3294 1349 3347 sol
1370 3308 1586 3363 quoque
1614 3294 1944 3363 illejustitiai
1965 3295 2078 3348 for-

2247 3300 2560 3362 Εὐσεϐἰου,
2606 3297 2984 3352 Ἀθανασιου.
3036 3295 3146 3348 Kal.
3194 3298 3222 3347 6
3259 3294 3358 3364 τῆς
3412 3293 3760 3363 δικαιοσύνης

513 3394 657 3432 mam
686 3378 829 3434 servi
869 3380 1198 3449 suscipiens,
1230 3397 1294 3436 ac
1323 3384 1503 3437 radios
1532 3383 1744 3438 deitatis
1777 3400 1889 3438 sua:
1917 3386 2074 3454 quasi

513 3467 846 3536 subducens,
893 3468 1067 3539 deque
1116 3471 1255 3524 coelo
1300 3470 1659 3537 descendens,
1714 3471 1767 3524 iu
1826 3486 2072 3540 corpore,

511 3559 624 3614 imo
656 3574 788 3613 vero
831 3559 994 3614 etiam
1046 3560 1100 3614 in
1148 3561 1263 3631 ipsa
1303 3570 1500 3625 morte,
1553 3560 1774 3616 sustulit
1824 3561 2074 3615 tenebras

511 3648 796 3705 hominum
825 3649 1024 3704 animis
1057 3650 1282 3705 oﬂ‘usas.
1317 3653 1381 3705 Et
1411 3651 1536 3706 licet
1564 3651 1618 3706 in
1647 3660 1887 3706 nostram
1915 3666 2075 3706 vene-

509 3747 581 3803 rit
606 3754 1001 3817 paupertatem,
1038 3748 1423 3818 propriamque
1453 3749 1683 3819 gloriam
1730 3763 1824 3818 per
1853 3763 2075 3803 tecono-

508 3840 675 3895 miam
711 3840 901 3895 umbra
928 3839 1332 3910 quodammodo
1358 3840 1682 3906 obscurarit,
1716 3855 1838 3893 cum
1874 3839 1939 3893 ad
1970 3839 2073 3893 ho-

506 3931 684 3987 mines
708 3932 1079 3992 descenderet,
1114 3946 1176 3985 ac
1206 3947 1428 3985 carnem
1458 3931 1766 3985 inhabitare
1796 3930 2070 4000 coepisset,

505 4023 866 4079 nihilominus
897 4032 1078 4078 tamen
1123 4022 1388 4078 Dominus
1428 4033 1511 4078 est
1540 4039 1735 4077 nomen
1784 4024 1907 4092 ipsi.
1936 4021 2071 4077 Nam

504 4115 669 4169 etiam
700 4114 863 4169 homo
890 4112 1066 4169 factus
1095 4128 1203 4168 non
1233 4104 1396 4169 desiit
1443 4128 1563 4179 esse
1606 4112 1769 4168 Deus.
1803 4111 2071 4167 Jubentur

505 4207 671 4279 igitur
710 4208 885 4264 sancti
917 4208 1144 4278 apostoli
1185 4208 1270 4263 his
1316 4208 1516 4272 verbis,
1566 4216 1623 4261 ut
1653 4207 1988 4263 exsultantes
2021 4215 2073 4262 et

504 4300 792 4356 laudantes
820 4301 979 4370 pleno
1010 4316 1173 4355 cursu
1201 4300 1267 4355 ad
1299 4300 1528 4371 gentiles
1555 4298 1817 4367 ferantur,
1837 4314 1901 4355 ac
1924 4300 2069 4357 viam

502 4393 813 4448 animarum
861 4392 1105 4463 ipsorum
1140 4408 1235 4461 per
1266 4392 1708 4462 praedicationem
1762 4401 2070 4462 prazpareut

502 4488 884 4543 universorum
914 4484 1067 4557 Regi.
1099 4485 1339 4541 Occasus
1375 4500 1501 4540 vero
1544 4485 1705 4540 etiam
1738 4500 1802 4541 ac
1854 4494 2066 4547 noctes,

498 4580 753 4638 fortassis
777 4590 904 4637 sunt
926 4582 1139 4648 animai,
1165 4597 1286 4652 quae
1306 4597 1370 4636 ex
1400 4581 1513 4636 sole
1538 4580 1764 4651 iustitiae
1785 4581 2065 4637 excident:

2178 3393 2344 3463 ἥλιος,
2377 3392 2587 3463 μορφὴν
2625 3392 2809 3443 δούλου
2873 3389 3071 3452 λαϐὼν,
3123 3388 3218 3441 καὶ
3280 3389 3376 3451 τὰς
3404 3390 3627 3451 ἀκτῖνας
3660 3389 3760 3459 τῆς

2175 3483 2336 3537 αὑτοῦ
2372 3483 2559 3553 ῶσπερ
2584 3482 2862 3544 συστείλας
2892 3481 3160 3549 θεότητος,
3196 3480 3289 3533 καὶ
3318 3481 3549 3542 καταδὺς
3594 3480 3653 3532 ἐν
3683 3480 3759 3548 τῷ

2176 3576 2407 3647 σώματι,
2440 3577 2472 3647 ἢ
2499 3576 2591 3630 καὶ
2613 3579 2669 3629 ἐν
2705 3575 2851 3646 αὐτῷ
2881 3575 2957 3645 τῷ
2993 3575 3227 3644 θανάτῳ,
3268 3575 3327 3627 τὸ
3376 3575 3759 3644 κατακεχυμέ-

2174 3686 2262 3723 νον
2298 3669 2403 3722 τῶν
2431 3669 2781 3737 ἀνθρωπείων
2820 3667 3006 3737 ψυχῶν
3052 3667 3240 3729 σκότος
3300 3666 3572 3736 ἀπήλασε.
3607 3667 3759 3735 Πλὴν

2173 3763 2221 3813 εί
2247 3760 2340 3814 καὶ
2369 3761 2467 3831 τῆς
2498 3760 2766 3831 ἡμετέρας
2801 3760 2969 3829 ἐπέϐη
3005 3759 3293 3828 πτωχείας.
3312 3758 3406 3811 καὶ
3428 3756 3525 3828 τὴν
3546 3757 3758 3811 οἰκείαν

2171 3851 2523 3921 οἰκονομικῶς
2554 3851 2872 3904 συνεσκίασε
2901 3850 3078 3914 δόξαν,
3136 3850 3234 3921 τὴν
3285 3851 3363 3912 εἰς
3428 3848 3758 3920 ἀνθρώπους

2174 3941 2538 4011 ποιησάμενος
2582 3940 2811 4011 πάροδον
2853 3942 2947 3994 καὶ
2991 3940 3089 4011 τὴν
3141 3940 3404 4011 ἐνσαρκον
3460 3940 3755 4017 ἐνδημίαν,

2171 4033 2282 4086 ἀλλ’
2315 4030 2407 4087 οὖν
2440 4034 2642 4105 Κύριος
2666 4034 2835 4105 ὄνομα
2856 4034 3020 4105 αὐτῷ.
3055 4035 3163 4088 Kal.
3204 4034 3312 4104 γὰρ
3343 4033 3636 4105 ἄνθρωπος
3666 4024 3761 4103 γει

2171 4127 2342 4194 γονὼς
2374 4128 2474 4180 οὐκ
2525 4127 2765 4181 ἀπέϐαλε
2814 4128 2875 4180 τὸ
2914 4123 3049 4180 εἶναι
3106 4126 3257 4189 Θεός.
3309 4125 3701 4197 Παρακελεύετ
3741 4146 3757 4179 ι

2170 4218 2344 4271 τοίνυν
2368 4222 2395 4272 6
2448 4219 2603 4287 λόγος
2631 4224 2743 4282 τοῖς
2797 4220 2958 4290 ἱεροῖς
3001 4220 3317 4278 ἀποστόλοις
3351 4219 3488 4288 μετά
3528 4222 3756 4289 χορείας

2171 4312 2262 4365 καὶ
2292 4312 2563 4382 ὑμνῳδίας
2597 4313 2677 4376 είς
2708 4312 2777 4366 τὰ
2798 4312 2936 4383 ἐθνηΔ
2960 4312 3204 4383 δραμεῖν,
3227 4310 3322 4364 καὶ
3350 4311 3444 4381 τὴν
3476 4311 3597 4364 ὁδὸν
3648 4313 3756 4364 τῶν

2169 4402 2355 4473 ψυχῶν
2382 4402 2562 4455 αὐτῶν
2609 4404 2926 4474 εὐτρεπίσαι
2953 4404 3029 4471 τῷ
3073 4403 3181 4456 τῶν
3227 4403 3363 4455 ὅλων
3408 4402 3758 4472 παμϐασιλεῖ

2168 4495 2257 4548 διὰ
2279 4495 2372 4549 τοῦ
2406 4496 2777 4567 κηρύγματος.
2807 4493 2930 4549 Εἶεν
2960 4496 3002 4548 δ’
3023 4496 3089 4549 ἂν
3121 4496 3323 4565 δυσμαὶ
3348 4496 3525 4547 εῖτουν
3555 4496 3757 4561 νύκτες
3840 4506 3841 4509 ‘

2170 4587 2263 4638 καὶ
2289 4588 2343 4640 αἱ
2373 4587 2467 4640 τοῦ
2496 4589 2594 4658 τῆς
2623 4588 2967 4657 δικαιοσύνης
3010 4586 3161 4657 ἡλίου
3192 4586 3521 4640 ἐκπεσοῦσαι
3555 4587 3753 4657 ψυχαί·

499 4688 533 4729 a
562 4674 761 4744 quibus
788 4673 1041 4735 Christus
1063 4674 1268 4729 erroris
1296 4674 1546 4729 tenebras
1575 4673 1879 4746 depulerat,
1908 4675 2063 4729 inha-

2187 4671 2242 4730 ὒν
2268 4679 2500 4749 Χριστὸς
2527 4681 2618 4731 τὸν
2650 4679 2749 4748 τῆς
2779 4678 2986 4749 πλάνης
3015 4676 3176 4748 ζόφον
3208 4678 3492 4748 ἐξήλασεν,
3532 4680 3757 4748 ἐνοική-

497 4770 678 4826 bitans
704 4769 837 4840 ipsis
867 4785 963 4840 per
995 4768 1175 4824 ﬁdem.

2169 4784 2267 4831 σας
2295 4770 2479 4833 αὑταῖς
2502 4769 2585 4822 διὰ
2610 4770 2864 4833 πίστεως.

1096 4882 1231 4937 Item
1267 4885 1316 4938 in
1355 4885 1545 4953 psalm.
1573 4900 1720 4939 LXXII
1755 4884 1949 4939 verba:
1981 4886 2089 4939 Kal

2187 4886 2411 4939 εέλαϐων
2438 4885 2534 4938 τοῦ
2565 4886 2787 4949 γνῶναι,
2821 4898 2945 4947 etc..
2978 4904 3023 4939 υ.
3055 4883 3138 4938 16.

563 5040 630 5095 At
654 5040 952 5095 secundum
983 5039 1045 5093 Β.
1074 5040 1429 5095 Athanasium
1457 5042 1533 5094 ait
1566 5038 1755 5103 David,
1789 5057 1911 5094 cum
1940 5042 2059 5094 exi-

494 5135 773 5189 stimarem
815 5148 979 5202 posse
1028 5149 1114 5187 me
1161 5149 1495 5201 cognoscere
1530 5143 1635 5188 tam
1672 5133 1936 5203 profunda
1967 5143 2057 5186 tua

488 5232 717 5305 judicia,
754 5229 961 5299 conjeci
993 5244 1078 5282 me
1107 5230 1157 5280 in
1190 5228 1467 5281 molestias
1500 5246 1511 5281 :
1547 5242 1671 5281 cum
1706 5227 1795 5281 illa
1827 5227 1936 5281 sint
1970 5227 2045 5278 in-

492 5321 829 5379 scrutabilia.
877 5319 944 5374 Et
980 5328 1157 5373 tamen
1197 5319 1451 5371 idoneum
1497 5332 1685 5370 eorum
1721 5330 2053 5385 cognoscen-

490 5415 684 5469 dorum
718 5422 930 5482 tempus
972 5411 1104 5465 milii
1139 5409 1426 5479 acquisivi.
1460 5408 1515 5463 id
1558 5425 1682 5462 vero
1728 5417 1811 5462 est
1838 5417 2049 5476 tempus

491 5497 705 5574 iudicii,
735 5504 954 5573 quando
1004 5500 1198 5555 reddes
1229 5500 1520 5569 unicuique
1550 5499 1847 5555 secundum
1888 5512 2050 5567 opera

564 5678 640 5751 (6)
661 5676 784 5734 Haec
809 5680 1080 5749 superius,
1117 5679 1207 5731 sed
1240 5678 1510 5729 breviora.

2239 5040 2310 5107 (6)
2341 5041 2495 5093 Κατά
2522 5042 2575 5093 δὲ
2603 5042 2689 5095 τὸν
2713 5041 2851 5093 θεῖον
2880 5041 3210 5101 Ἀθανάσιον,
3240 5042 3564 5111 ὑπονοήσας,
3588 5042 3749 5112 φησὶ,

2166 5130 2231 5183 τά
2262 5132 2402 5184 οὕτω
2437 5131 2604 5201 βαθέα
2644 5131 2846 5199 γνῶναι
2878 5132 3143 5201 κρίματα,
3186 5133 3243 5182 ἐν
3305 5130 3455 5198 κόπῳ
3487 5128 3751 5182 ἐνέϐαλον

2164 5222 2418 5293 ἐμαυτὸν,
2452 5222 2545 5275 ἆτε
2571 5222 3003 5293 ἀνεξερευνήτων
3033 5222 3219 5275 ὄντων.
3266 5220 3412 5291 Πλὴν
3436 5220 3526 5272 τὸν
3554 5218 3750 5273 δέοντα

2163 5317 2241 5376 εἰς
2272 5314 2369 5386 τὴν
2399 5314 2601 5367 τούτων
2644 5314 2844 5382 γνῶσιν
2906 5313 3124 5385 ἐμαυτῷ
3158 5314 3492 5385 πεπόρισμαι
3527 5314 3744 5382 καιών.

2160 5398 2323 5466 Οὗτος
2359 5404 2413 5456 δὲ
2447 5399 2514 5474 ἦν
2538 5406 2563 5455 6
2588 5404 2681 5456 τοῦ
2712 5403 3057 5475 δικαστηρίου
3086 5406 3294 5475 καιρὸς,
3316 5404 3404 5455 ὅτε
3439 5400 3747 5466 ἀποδώσεις

2160 5496 2374 5566 ἑκάστῳ
2408 5496 2549 5549 κατά
2576 5496 2643 5550 τά
2678 5497 2813 5569 ἔργα
2842 5498 3025 5552 αὐτοῦ.
3072 5499 3203 5551 Τότε
3263 5497 3369 5569 γὰρ
3417 5495 3667 5567 ἀκριϐῶς
3696 5495 3746 5548 οἱ
