3880 6216
50 366 175 423 589
1052 347 1485 417 FRAGMENTA
1521 350 1878 414 COMMENT.
1914 353 1983 410 IN
2026 354 2372 412 PSALMOS.
3248 358 3353 414 59H

54 488 394 562 μικρόψυχοι
422 487 683 551 εἴσονται,
740 480 925 541 ὁποῖον
954 486 1055 558 μὲν
1084 488 1118 558 ἠ
1164 485 1358 559 ἁρετὴ,
1392 485 1576 538 ὁποῖον

1823 496 1893 535 Ia.
1940 477 2094 534 Tunc
2125 478 2271 533 enim
2318 486 2575 533 accurate
2610 486 2966 548 cognoscent,
3016 478 3112 549 qui
3166 476 3355 532 animo

49 580 93 652 ἡ
126 579 321 633 κακία.
1768 568 1994 624 fuerunt
2039 567 2380 638 remissiore,
2427 567 2608 638 qualis
2656 583 2747 623 res
2793 567 2867 622 sit
2905 567 3117 633 virtus,
3170 566 3354 639 qualis

1761 662 1928 716 etiam
1956 659 2187 715 malitia.

680 779 747 835 Et
776 781 832 835 in
875 780 1014 851 psal.
1041 778 1271 849 ejusdem
1292 779 1447 859 verba
1472 794 1489 830 :
1526 796 1544 828 ι
1580 774 1723 843 Quid
1744 777 1883 831 enim
1914 775 2046 829 mihi
2072 782 2151 829 est
2179 775 2235 829 in
2264 774 2413 841 caelo,
2448 793 2467 825 ›
2494 783 2620 841 etc.,
2648 774 2742 831 25.

137 902 220 975 (7)
247 901 407 957 Κατὰ
436 900 495 954 δὲ
542 899 635 953 τὸν
689 900 831 969 ἱερὸν
873 899 1213 953 Ἀθανάσιονο
1261 897 1480 970 Ἐπειδὴ
1507 895 1661 950 οὐδέν

1839 897 1912 950 At
1939 896 2239 951 secundum
2270 902 2519 950 sanctum
2552 894 2912 950 Athanasium
2940 914 2954 951 :
2992 894 3349 968 Quandoqui—

55 1015 186 1068 μοι,
219 996 406 1066 φησὶν,
440 993 675 1065 ὑπάρχει
705 994 762 1046 ὲν
808 991 885 1064 τῷ
923 992 1138 1064 οὐρανῷ
1174 992 1314 1064 πλὴν
1349 992 1444 1045 σοῦ
1472 992 1587 1063 μάν(

1817 1004 1922 1056 em,
1975 987 2177 1058 inquit,
2222 1003 2347 1042 cum
2382 987 2437 1041 in
2486 988 2628 1043 coelo
2661 997 2857 1058 praeter
2902 997 2955 1044 te
2986 990 3165 1045 solum
3210 990 3349 1047 nihil

53 1088 389 1157 ἀναγκαίως
414 1085 537 1139 οὒδέ
585 1102 637 1138 τι
675 1083 782 1138 τῶν
821 1085 913 1137 ἐπὶ
964 1084 1069 1154 γῆς
1108 1082 1351 1153 ἠθέλησα
1408 1080 1585 1147 δέξασε

1820 1080 2023 1143 abeam,
2054 1096 2165 1135 non
2195 1078 2356 1134 debui
2383 1094 2602 1149 quoque
2633 1079 2769 1134 velle
2807 1080 3051 1150 accipere
3080 1095 3109 1135 a
3138 1090 3189 1136 te
3228 1096 3352 1152 quae

55 1181 225 1251 παρὰ
279 1178 395 1243 σοῦ,
427 1177 521 1231 an
569 1174 822 1248 φθαρτῶν
860 1175 1028 1229 ὄντων
1078 1176 1296 1229 πάντων
1346 1174 1458 1228 καὶ·
1488 1191 1587 1244 πρε

1821 1181 2003 1228 terra
2058 1182 2185 1227 sunt
2252 1172 2421 1243 (cum
2470 1172 2655 1227 omnia
2704 1172 3081 1243 corruptibilia
3124 1172 3235 1228 sint
3297 1182 3353 1229 et

56 1270 303 1341 χαίρων·
346 1269 466 1332 ἐνὸς
525 1268 582 1321 δέ
621 1268 785 1338 μόνου
818 1267 1066 1339 ηὐχόμην
1098 1271 1302 1339 τυχεῖν,
1334 1269 1429 1321 καὶ
1450 1266 1528 1338 τῷ
1549 1285 1588 1321 τ‹

1816 1266 2215 1338 uomentanea),
2253 1267 2348 1322 sed
2398 1281 2570 1321 unum
2609 1265 3011 1332 tantummodo,
3048 1273 3110 1320 ut
3156 1282 3348 1323 conse-

56 1381 163 1417 του
200 1362 354 1433 πόθῳ
392 1362 723 1433 κατέτρυχον
767 1360 1001 1430 ἐμαυτὸν
1048 1362 1142 1413 ἐπὶ
1188 1360 1433 1431 τῆςγῆς.
1493 1359 1588 1413 Ἰ³οῐ

1817 1375 1912 1414 uar
1952 1358 2127 1424 oravi,
2160 1358 2318 1430 cujus
2347 1360 2509 1413 etiam
2541 1357 2812 1413 desiderio
2856 1373 2946 1414 me
2990 1358 3171 1429 ipsum
3218 1375 3349 1415 con-

57 1452 121 1505 δέ
152 1454 277 1505 ἐστι
329 1451 392 1503 τὸ
426 1451 485 1503 σὲ
520 1449 712 1520 μερίδα
740 1467 829 1520 μοι
878 1451 974 1504 καὶ
1034 1450 1195 1520 μόνον
1237 1450 1509 1518 γενέσθαι,
1548 1451 1589 1503 Ἰ

1820 1452 1876 1507 εοί
1903 1451 1955 1505 in
1988 1459 2158 1505 terra.
2191 1449 2247 1505 Id
2279 1466 2409 1507 vero
2439 1458 2543 1517 est,
2575 1459 2637 1506 ut
2671 1460 2727 1507 tu
2760 1467 2881 1507 mea
2911 1453 3112 1522 portio,
3148 1462 3201 1508 et
3230 1453 3352 1524 qui-

60 1541 234 1595 ἐλιπε
265 1542 377 1610 γὰρ
408 1541 442 1611 ἡ
477 1538 674 1610 καρδία
725 1557 844 1611 μου·
889 1539 941 1593 τί
974 1539 1388 1612 ἐπιζητοῦντος
1420 1539 1520 1603 τὰς
1552 1538 1592 1593 ἄ

1817 1559 1892 1599 em
1927 1544 2078 1599 solus
2128 1544 2227 1599 sis.
2256 1544 2466 1600 Deiecit
2494 1546 2641 1601 enim
2685 1546 2866 1600 anima
2908 1562 3066 1601 mea:
3095 1546 3225 1617 quid
3252 1562 3349 1602 cx-

58 1635 382 1708 διατριόάς.

1771 1643 1963 1705 petens
1988 1634 2162 1705 Ullus
2202 1637 2540 1703 mansiones,
2571 1652 2693 1709 quae
2724 1652 2945 1693 sursum
2976 1647 3125 1695 sunt.

138 1795 424 1851 Hactenus
450 1795 747 1865 fragmenta
776 1807 841 1848 ea:
869 1802 1057 1847 catena
1099 1790 1330 1859 Nicetaz,
1360 1792 1538 1863 cujus,
1566 1802 1626 1846 ut
1651 1794 1788 1861 dixi,
1825 1793 2053 1857 priorem
2086 1794 2275 1849 saltem
2313 1804 2528 1863 partem
2549 1810 2615 1850 ex
2654 1795 2781 1851 bibl.
2829 1795 3150 1865 archipalat.
3204 1810 3352 1864 nacti

62 1904 281 1941 sumus.
334 1887 488 1953 Quod
538 1887 585 1940 si
636 1887 753 1956 quis
793 1896 843 1940 et
891 1884 1152 1955 reliquam
1195 1884 1392 1951 habet,
1454 1886 1649 1955 poterit
1696 1902 1815 1956 qua:
1859 1886 2232 1940 desiderantur
2288 1887 2540 1957 adjicere.
2610 1886 2895 1959 Sequentia
2941 1902 3059 1941 vero
3103 1887 3352 1941 similiter

63 1992 193 2036 sunt
222 1998 293 2036 ea:
338 1982 456 2036 cod.
501 1982 822 2051 archipalat.
875 1980 1118 2036 biblioth.
1170 1981 1547 2049 vetustissimo,
1591 1983 1890 2037 continente
1934 1984 2163 2037 similem
2209 1985 2533 2055 συναγωγὴν
2576 1985 3011 2053 explanationum
3064 1985 3119 2037 in
3153 1983 3350 2037 Iohrsm

61 2092 133 2131 αι
164 2076 373 2131 Graecis
406 2074 661 2129 Patribus
712 2076 1035 2141 contextam,
1077 2070 1142 2128 ab
1198 2072 1415 2129 auctore
1468 2066 1689 2130 incerto.
1745 2069 1803 2129 Is
1849 2064 2018 2145 igitur
2062 2076 2297 2145 quisquis
2323 2076 2428 2146 fuit
2461 2079 2529 2130 ad
2554 2077 2647 2131 illa
2672 2076 2825 2130 verba
2856 2092 2970 2145 cap.
2998 2076 3061 2129 41
3094 2094 3109 2129 :
3147 2076 3354 2149 Δένδρα

63 2169 454 2242 φθινοπωρινὰ
476 2167 719 2240 ἄκαρπα,
761 2167 911 2239 παρὰ
939 2169 1214 2240 πάπυρον,
1253 2166 1348 2220 καὶ
1380 2165 1595 2237 κάλαμο

1818 2164 2093 2237 βούτομον,
2126 2167 2401 2235 prtemissa
2425 2167 2536 2221 alia
2562 2166 2912 2237 explicatione
2950 2165 3187 2235 subiicit.
3219 2166 3350 2223 Haec

63 2268 491 2324 Felckmaunus.

125 2382 563 2499 iFragmentum
592 2422 877 2478 Athanasii
888 2422 943 2477 in
962 2421 1205 2478 Psalmos
1227 2429 1286 2477 ut
1305 2421 1564 2477 ineditum
1584 2422 1791 2505 exhibet
1813 2425 1960 2478 card.
1977 2424 2113 2496 Aug.
2135 2423 2247 2479 Mai
2276 2434 2415 2481 tomo
2438 2423 2505 2480 111
2565 2398 2916 2482 Bibliotheca:
2938 2438 3090 2480 novae
3102 2421 3355 2490 Patrum;

63 2516 302 2587 incipit:
321 2517 516 2589 Τρίτον
544 2517 829 2590 προέκειτο
855 2515 1085 2588 ζητῆσαι
1113 2515 1167 2570 τί
1193 2515 1273 2588 ,τὸ
1302 2515 1595 2590 Ψαλτήριοε

1760 2559 1772 2574 .
1808 2512 1968 2574 Ἔοίτι
2006 2518 2206 2589 τοίνυν,
2234 2526 2339 2577 etc.
2369 2508 2587 2592 Legitur
2622 2535 2783 2590 supra
2811 2520 2907 2574 col.
2948 2517 3073 2574 547.
3106 2512 3292 2588 Eum]

133 2818 220 2891 (7)
252 2814 394 2873 Haec
416 2813 692 2885 superius,
715 2811 811 2869 sed
843 2810 1127 2885 pauciora.
