  <div class='ocr_page' id='page_1' title='image "/cluster/home/n/w/nwhite01/storage/ocr_20150623/27/nnc1.0046978631/309.png"; bbox 0 0 3880 6216; ppageno 0'>
   <div class='ocr_carea' id='block_1_1' title="bbox 564 307 3786 373">
    <p class='ocr_par' dir='ltr' id='par_1_1' title="bbox 564 307 3786 373">
     <span class='ocr_line' id='line_1_1' title="bbox 564 307 3786 373; baseline -0 -4"><span class='ocrx_word' id='word_1_1' title='bbox 564 316 663 373; x_wconf 68' lang='lat'><strong>59!</strong></span> <span class='ocrx_word' id='word_1_2' title='bbox 1422 312 1480 366; x_wconf 82' lang='lat' dir='ltr'><strong>S.</strong></span> <span class='ocrx_word' id='word_1_3' title='bbox 1524 309 1899 367; x_wconf 76' lang='lat' dir='ltr'><strong>ATHANASH</strong></span> <span class='ocrx_word' id='word_1_4' title='bbox 1930 310 2078 367; x_wconf 85' lang='lat' dir='ltr'><strong>OPP.</strong></span> <span class='ocrx_word' id='word_1_5' title='bbox 2120 310 2301 367; x_wconf 74' lang='lat' dir='ltr'><strong>PARS</strong></span> <span class='ocrx_word' id='word_1_6' title='bbox 2340 312 2428 367; x_wconf 89' lang='grc'><strong>111.</strong></span> <span class='ocrx_word' id='word_1_7' title='bbox 2474 346 2531 357; x_wconf 62' lang='grc' dir='ltr'><strong>ρ·-</strong></span> <span class='ocrx_word' id='word_1_8' title='bbox 2564 307 2977 371; x_wconf 71' lang='lat' dir='ltr'><strong>EXEGETICA.</strong></span> <span class='ocrx_word' id='word_1_9' title='bbox 3704 314 3786 368; x_wconf 66' lang='lat'><strong>59!</strong></span> 
     </span>
    </p>
   </div>
   <div class='ocr_carea' id='block_1_2' title="bbox 1283 744 3063 855">
    <p class='ocr_par' dir='ltr' id='par_1_2' title="bbox 1283 744 3063 855">
     <span class='ocr_line' id='line_1_2' title="bbox 1283 744 3063 855; baseline 0.002 -22"><span class='ocrx_word' id='word_1_10' title='bbox 1283 749 1509 834; x_wconf 90' lang='grc' dir='ltr'><strong>ΤΟΥ</strong></span> <span class='ocrx_word' id='word_1_11' title='bbox 1582 752 1725 836; x_wconf 88' lang='grc' dir='ltr'><strong>ΕΝ</strong></span> <span class='ocrx_word' id='word_1_12' title='bbox 1798 745 2160 835; x_wconf 89' lang='grc' dir='ltr'><strong>ΑΓΙΟΙΣ</strong></span> <span class='ocrx_word' id='word_1_13' title='bbox 2234 744 2663 855; x_wconf 71' lang='grc' dir='ltr'>ΠΑΤΡΟΣ</span> <span class='ocrx_word' id='word_1_14' title='bbox 2737 748 3063 846; x_wconf 86' lang='grc' dir='ltr'><strong>ΗΜΩΝ</strong></span> 
     </span>
    </p>
   </div>
   <div class='ocr_carea' id='block_1_3' title="bbox 1516 960 2832 1099">
    <p class='ocr_par' dir='ltr' id='par_1_3' title="bbox 1516 960 2832 1099">
     <span class='ocr_line' id='line_1_3' title="bbox 1516 960 2832 1099; baseline -0.004 -2"><span class='ocrx_word' id='word_1_15' title='bbox 1516 960 2832 1099; x_wconf 81' lang='grc' dir='ltr'><strong>ΑΘΑΝΑΣΙΟΥ</strong></span> 
     </span>
    </p>
   </div>
   <div class='ocr_carea' id='block_1_4' title="bbox 912 1237 3460 1367">
    <p class='ocr_par' dir='ltr' id='par_1_4' title="bbox 912 1237 3460 1367">
     <span class='ocr_line' id='line_1_4' title="bbox 912 1237 3460 1367; baseline -0.003 -1"><span class='ocrx_word' id='word_1_16' title='bbox 912 1249 2201 1367; x_wconf 85' lang='grc' dir='ltr'><strong>ΑΡΧΙΕΠΙΣΚΟΠΟΥ</strong></span> <span class='ocrx_word' id='word_1_17' title='bbox 2309 1237 3460 1363; x_wconf 82' lang='grc' dir='ltr'><strong>ΑΛΕΞΑΝΔΡΕΙΑΣ</strong></span> 
     </span>
    </p>
   </div>
   <div class='ocr_carea' id='block_1_5' title="bbox 1090 1515 3258 1657">
    <p class='ocr_par' dir='ltr' id='par_1_5' title="bbox 1090 1515 3258 1657">
     <span class='ocr_line' id='line_1_5' title="bbox 1090 1515 3258 1657; baseline -0.004 -2"><span class='ocrx_word' id='word_1_18' title='bbox 1090 1517 1927 1657; x_wconf 85' lang='grc' dir='ltr'><strong>ΕΡΜΗΝΕΙΑ</strong></span> <span class='ocrx_word' id='word_1_19' title='bbox 2070 1524 2407 1651; x_wconf 86' lang='grc' dir='ltr'>ΤΩΝ</span> <span class='ocrx_word' id='word_1_20' title='bbox 2533 1515 3258 1653; x_wconf 81' lang='grc' dir='ltr'><strong>ΨΑΛΜΩΝ</strong></span> 
     </span>
    </p>
   </div>
   <div class='ocr_carea' id='block_1_6' title="bbox 2161 1770 2207 1821">
    <p class='ocr_par' dir='ltr' id='par_1_6' title="bbox 2161 1770 2207 1821">
     <span class='ocr_line' id='line_1_6' title="bbox 2161 1770 2207 1821; baseline 0 0"><span class='ocrx_word' id='word_1_21' title='bbox 2161 1770 2207 1821; x_wconf 85' lang='lat' dir='ltr'><strong>H</strong></span> 
     </span>
    </p>
   </div>
   <div class='ocr_carea' id='block_1_7' title="bbox 1392 1956 2945 2045">
    <p class='ocr_par' dir='ltr' id='par_1_7' title="bbox 1392 1956 2945 2045">
     <span class='ocr_line' id='line_1_7' title="bbox 1392 1956 2945 2045; baseline 0.001 -2"><span class='ocrx_word' id='word_1_22' title='bbox 1392 1956 1649 2043; x_wconf 92' lang='grc' dir='ltr'>ΠΕΡΙ</span> <span class='ocrx_word' id='word_1_23' title='bbox 1736 1957 2360 2043; x_wconf 84' lang='grc' dir='ltr'><strong>ΕΠΙΓΡΑΦΗΣ</strong></span> <span class='ocrx_word' id='word_1_24' title='bbox 2430 1956 2945 2045; x_wconf 77' lang='grc' dir='ltr'><strong>ΨΑΛΜΩΝ.</strong></span> 
     </span>
    </p>
   </div>
   <div class='ocr_carea' id='block_1_8' title="bbox 1194 2356 3169 2517">
    <p class='ocr_par' dir='ltr' id='par_1_8' title="bbox 1194 2356 3169 2517">
     <span class='ocr_line' id='line_1_8' title="bbox 1194 2356 3169 2517; baseline -0.004 0"><span class='ocrx_word' id='word_1_25' title='bbox 1194 2360 1354 2517; x_wconf 88' lang='lat' dir='ltr'><strong>S.</strong></span> <span class='ocrx_word' id='word_1_26' title='bbox 1459 2365 1632 2513; x_wconf 89' lang='lat' dir='ltr'><strong>P.</strong></span> <span class='ocrx_word' id='word_1_27' title='bbox 1794 2362 1978 2514; x_wconf 89' lang='lat' dir='ltr'><strong>N.</strong></span> <span class='ocrx_word' id='word_1_28' title='bbox 2128 2356 3169 2514; x_wconf 85' lang='lat' dir='ltr'><strong>ATHANASII</strong></span> 
     </span>
    </p>
   </div>
   <div class='ocr_carea' id='block_1_9' title="bbox 1658 2624 2694 2684">
    <p class='ocr_par' dir='ltr' id='par_1_9' title="bbox 1658 2624 2694 2684">
     <span class='ocr_line' id='line_1_9' title="bbox 1658 2624 2694 2684; baseline 0 -1"><span class='ocrx_word' id='word_1_29' title='bbox 1658 2626 2186 2684; x_wconf 80' lang='lat' dir='ltr'><strong>ARCHIEPISCOPI</strong></span> <span class='ocrx_word' id='word_1_30' title='bbox 2224 2624 2694 2683; x_wconf 64' lang='lat' dir='ltr'><strong>ALEXANDRIAE</strong></span> 
     </span>
    </p>
   </div>
   <div class='ocr_carea' id='block_1_10' title="bbox 997 2800 3358 2977">
    <p class='ocr_par' dir='ltr' id='par_1_10' title="bbox 997 2800 3358 2977">
     <span class='ocr_line' id='line_1_10' title="bbox 997 2800 3358 2977; baseline -0.003 -40"><span class='ocrx_word' id='word_1_31' title='bbox 997 2803 2280 2977; x_wconf 79' lang='lat' dir='ltr'><strong>INTERPRETATIO</strong></span> <span class='ocrx_word' id='word_1_32' title='bbox 2389 2800 3358 2937; x_wconf 80' lang='lat' dir='ltr'><strong>PSALMORUM</strong></span> 
     </span>
    </p>
   </div>
   <div class='ocr_carea' id='block_1_11' title="bbox 2107 3065 2249 3109">
    <p class='ocr_par' dir='ltr' id='par_1_11' title="bbox 2107 3065 2249 3109">
     <span class='ocr_line' id='line_1_11' title="bbox 2107 3065 2249 3109; baseline 0.007 -1"><span class='ocrx_word' id='word_1_33' title='bbox 2107 3065 2249 3109; x_wconf 68' lang='grc' dir='ltr'><strong>ειη</strong></span> 
     </span>
    </p>
   </div>
   <div class='ocr_carea' id='block_1_12' title="bbox 1379 3227 2951 3321">
    <p class='ocr_par' dir='ltr' id='par_1_12' title="bbox 1379 3227 2951 3321">
     <span class='ocr_line' id='line_1_12' title="bbox 1379 3227 2951 3321; baseline -0.003 -6"><span class='ocrx_word' id='word_1_34' title='bbox 1379 3228 1527 3316; x_wconf 91' lang='lat' dir='ltr'><strong>DE</strong></span> <span class='ocrx_word' id='word_1_35' title='bbox 1603 3227 2095 3317; x_wconf 90' lang='lat' dir='ltr'><strong>TITULIS</strong></span> <span class='ocrx_word' id='word_1_36' title='bbox 2169 3227 2951 3321; x_wconf 80' lang='lat' dir='ltr'><strong>PSALMORUM.</strong></span> 
     </span>
    </p>
   </div>
   <div class='ocr_carea' id='block_1_13' title="bbox 928 3567 2460 3637">
    <p class='ocr_par' dir='ltr' id='par_1_13' title="bbox 928 3567 2460 3635">
     <span class='ocr_line' id='line_1_13' title="bbox 928 3567 2460 3635; baseline 0 -2"><span class='ocrx_word' id='word_1_37' title='bbox 928 3567 1337 3633; x_wconf 81' lang='lat' dir='ltr'><strong>EPISTOLA</strong></span> <span class='ocrx_word' id='word_1_38' title='bbox 1392 3569 1789 3633; x_wconf 61' lang='lat' dir='ltr'><strong>PBJEFIXA</strong></span> <span class='ocrx_word' id='word_1_39' title='bbox 1845 3569 2243 3635; x_wconf 85' lang='lat' dir='ltr'><strong>EDITIONI</strong></span> <span class='ocrx_word' id='word_1_40' title='bbox 2286 3569 2460 3633; x_wconf 72' lang='grc' dir='ltr'><strong>ΙίοΜ</strong></span> 
     </span>
    </p>
   </div>
   <div class='ocr_carea' id='block_1_14' title="bbox 1911 3567 3443 3637">
    <p class='ocr_par' dir='ltr' id='par_1_14' title="bbox 1911 3569 3443 3637">
     <span class='ocr_line' id='line_1_14' title="bbox 1911 3569 3443 3637; baseline 0.003 -6"><span class='ocrx_word' id='word_1_41' title='bbox 1911 3569 2243 3635; x_wconf 86' lang='lat' dir='ltr'><strong>DITIONI</strong></span> <span class='ocrx_word' id='word_1_42' title='bbox 2286 3569 2665 3635; x_wconf 57' lang='lat' dir='ltr'><strong><em>ROMANAE</em></strong></span> <span class='ocrx_word' id='word_1_43' title='bbox 2720 3569 2944 3636; x_wconf 86' lang='lat' dir='ltr'><strong>ANNI</strong></span> <span class='ocrx_word' id='word_1_44' title='bbox 2986 3570 3443 3637; x_wconf 75' lang='lat' dir='ltr'><strong>MDCC’XLVI.</strong></span> 
     </span>
    </p>
   </div>
   <div class='ocr_carea' id='block_1_15' title="bbox 1778 3908 2532 3953">
    <p class='ocr_par' dir='ltr' id='par_1_15' title="bbox 1778 3908 2532 3953">
     <span class='ocr_line' id='line_1_15' title="bbox 1778 3908 2532 3953; baseline 0 0"><span class='ocrx_word' id='word_1_45' title='bbox 1778 3908 1974 3953; x_wconf 77' lang='lat' dir='ltr'><strong>SACRO</strong></span> <span class='ocrx_word' id='word_1_46' title='bbox 2028 3909 2105 3953; x_wconf 76' lang='lat' dir='ltr'><strong>AC</strong></span> <span class='ocrx_word' id='word_1_47' title='bbox 2157 3908 2532 3953; x_wconf 75' lang='lat' dir='ltr'><strong>VENERABILI</strong></span> 
     </span>
    </p>
   </div>
   <div class='ocr_carea' id='block_1_16' title="bbox 672 4007 3672 4069">
    <p class='ocr_par' dir='ltr' id='par_1_16' title="bbox 672 4007 3672 4069">
     <span class='ocr_line' id='line_1_16' title="bbox 672 4007 3672 4069; baseline -0.001 -11"><span class='ocrx_word' id='word_1_48' title='bbox 672 4010 921 4058; x_wconf 69' lang='grc' dir='ltr'><strong>εΑΝαΤλΕ</strong></span> <span class='ocrx_word' id='word_1_49' title='bbox 971 4010 1246 4058; x_wconf 69' lang='lat' dir='ltr'><strong>ROMANE</strong></span> <span class='ocrx_word' id='word_1_50' title='bbox 1301 4010 1603 4056; x_wconf 68' lang='lat' dir='ltr'><strong>ECCLESIE</strong></span> <span class='ocrx_word' id='word_1_51' title='bbox 1656 4009 2081 4059; x_wconf 66' lang='lat' dir='ltr'><strong>CARDINALIUM</strong></span> <span class='ocrx_word' id='word_1_52' title='bbox 2110 4009 2428 4069; x_wconf 84' lang='lat' dir='ltr'><strong>COLLEGIO,</strong></span> <span class='ocrx_word' id='word_1_53' title='bbox 2485 4009 2815 4067; x_wconf 84' lang='lat' dir='ltr'><strong>EPISCOPIS,</strong></span> <span class='ocrx_word' id='word_1_54' title='bbox 2858 4007 3302 4066; x_wconf 74' lang='lat' dir='ltr'><strong>PRESBYTERIS,</strong></span> <span class='ocrx_word' id='word_1_55' title='bbox 3362 4007 3672 4055; x_wconf 76' lang='lat' dir='ltr'><strong>DIACONIS.</strong></span> 
     </span>
    </p>
   </div>
   <div class='ocr_carea' id='block_1_17' title="bbox 629 4170 3798 4247">
    <p class='ocr_par' dir='ltr' id='par_1_17' title="bbox 629 4170 3798 4247">
     <span class='ocr_line' id='line_1_17' title="bbox 629 4170 3798 4247; baseline 0.001 -15"><span class='ocrx_word' id='word_1_56' title='bbox 629 4170 849 4245; x_wconf 69' lang='lat' dir='ltr'><strong>Magnus</strong></span> <span class='ocrx_word' id='word_1_57' title='bbox 892 4174 1245 4240; x_wconf 80' lang='lat' dir='ltr'><strong>Athanasius,</strong></span> <span class='ocrx_word' id='word_1_58' title='bbox 1278 4189 1440 4245; x_wconf 88' lang='lat' dir='ltr'><strong>quem</strong></span> <span class='ocrx_word' id='word_1_59' title='bbox 1475 4174 1702 4230; x_wconf 90' lang='lat' dir='ltr'><strong>laudare</strong></span> <span class='ocrx_word' id='word_1_60' title='bbox 1730 4174 1991 4231; x_wconf 76' lang='lat' dir='ltr'><strong>virtutem</strong></span> <span class='ocrx_word' id='word_1_61' title='bbox 2044 4173 2272 4229; x_wconf 90' lang='lat' dir='ltr'><strong>laudare</strong></span> <span class='ocrx_word' id='word_1_62' title='bbox 2303 4182 2408 4240; x_wconf 87' lang='lat' dir='ltr'><strong>est,</strong></span> <span class='ocrx_word' id='word_1_63' title='bbox 2441 4176 2623 4231; x_wconf 77' lang='lat' dir='ltr'><strong>aiebat</strong></span> <span class='ocrx_word' id='word_1_64' title='bbox 2659 4175 2717 4229; x_wconf 90' lang='lat' dir='ltr'><strong>S.</strong></span> <span class='ocrx_word' id='word_1_65' title='bbox 2761 4175 3057 4245; x_wconf 76' lang='lat' dir='ltr'><strong>Gregorius</strong></span> <span class='ocrx_word' id='word_1_66' title='bbox 3086 4173 3460 4231; x_wconf 83' lang='lat' dir='ltr'><strong>Nazianzenus</strong></span> <span class='ocrx_word' id='word_1_67' title='bbox 3502 4176 3602 4247; x_wconf 78' lang='grc'><strong>(1),</strong></span> <span class='ocrx_word' id='word_1_68' title='bbox 3634 4182 3798 4236; x_wconf 81' lang='lat' dir='ltr'><strong>novis</strong></span> 
     </span>
    </p>
   </div>
   <div class='ocr_carea' id='block_1_18' title="bbox 551 4263 3795 4336">
    <p class='ocr_par' dir='ltr' id='par_1_18' title="bbox 551 4263 3795 4336">
     <span class='ocr_line' id='line_1_18' title="bbox 551 4263 3795 4336; baseline -0 -14"><span class='ocrx_word' id='word_1_69' title='bbox 551 4267 791 4336; x_wconf 76' lang='lat' dir='ltr'><strong>quotidie</strong></span> <span class='ocrx_word' id='word_1_70' title='bbox 814 4265 1143 4321; x_wconf 80' lang='lat' dir='ltr'><strong>Arianorum</strong></span> <span class='ocrx_word' id='word_1_71' title='bbox 1182 4265 1472 4320; x_wconf 87' lang='lat' dir='ltr'><strong>calumniis</strong></span> <span class='ocrx_word' id='word_1_72' title='bbox 1502 4275 1750 4330; x_wconf 81' lang='lat' dir='ltr'><strong>vexatus,</strong></span> <span class='ocrx_word' id='word_1_73' title='bbox 1785 4272 1841 4320; x_wconf 91' lang='lat' dir='ltr'><strong>et</strong></span> <span class='ocrx_word' id='word_1_74' title='bbox 1876 4280 2172 4335; x_wconf 88' lang='lat' dir='ltr'><strong>pravorum</strong></span> <span class='ocrx_word' id='word_1_75' title='bbox 2213 4265 2503 4320; x_wconf 87' lang='lat' dir='ltr'><strong>hominum</strong></span> <span class='ocrx_word' id='word_1_76' title='bbox 2538 4265 2949 4321; x_wconf 88' lang='lat' dir='ltr'><strong>circumventus</strong></span> <span class='ocrx_word' id='word_1_77' title='bbox 2977 4264 3213 4331; x_wconf 88' lang='lat' dir='ltr'><strong>insidiis,</strong></span> <span class='ocrx_word' id='word_1_78' title='bbox 3250 4263 3503 4331; x_wconf 83' lang='lat' dir='ltr'><strong>Romam,</strong></span> <span class='ocrx_word' id='word_1_79' title='bbox 3531 4267 3691 4334; x_wconf 87' lang='lat' dir='ltr'><strong>quasi</strong></span> <span class='ocrx_word' id='word_1_80' title='bbox 3723 4268 3795 4321; x_wconf 90' lang='lat' dir='ltr'><strong>ad</strong></span> 
     </span>
    </p>
   </div>
   <div class='ocr_carea' id='block_1_19' title="bbox 550 4356 3795 4429">
    <p class='ocr_par' dir='ltr' id='par_1_19' title="bbox 550 4356 3795 4429">
     <span class='ocr_line' id='line_1_19' title="bbox 550 4356 3795 4429; baseline -0.001 -16"><span class='ocrx_word' id='word_1_81' title='bbox 550 4360 883 4415; x_wconf 88' lang='lat' dir='ltr'><strong>tutissimum</strong></span> <span class='ocrx_word' id='word_1_82' title='bbox 913 4359 1313 4414; x_wconf 89' lang='lat' dir='ltr'><strong>communionis</strong></span> <span class='ocrx_word' id='word_1_83' title='bbox 1351 4374 1464 4414; x_wconf 84' lang='lat' dir='ltr'><strong>suae</strong></span> <span class='ocrx_word' id='word_1_84' title='bbox 1506 4369 1721 4428; x_wconf 92' lang='lat' dir='ltr'><strong>portum</strong></span> <span class='ocrx_word' id='word_1_85' title='bbox 1767 4358 2030 4429; x_wconf 79' lang='lat' dir='ltr'><strong>confugit,</strong></span> <span class='ocrx_word' id='word_1_86' title='bbox 2066 4370 2126 4413; x_wconf 90' lang='lat' dir='ltr'><strong>ut</strong></span> <span class='ocrx_word' id='word_1_87' title='bbox 2162 4373 2303 4429; x_wconf 91' lang='lat' dir='ltr'><strong>quos</strong></span> <span class='ocrx_word' id='word_1_88' title='bbox 2352 4375 2455 4415; x_wconf 89' lang='lat' dir='ltr'><strong>nec</strong></span> <span class='ocrx_word' id='word_1_89' title='bbox 2492 4359 2774 4414; x_wconf 91' lang='lat' dir='ltr'><strong>hominum</strong></span> <span class='ocrx_word' id='word_1_90' title='bbox 2804 4359 3003 4429; x_wconf 90' lang='lat' dir='ltr'><strong>pudor,</strong></span> <span class='ocrx_word' id='word_1_91' title='bbox 3036 4373 3135 4413; x_wconf 92' lang='lat' dir='ltr'><strong>nec</strong></span> <span class='ocrx_word' id='word_1_92' title='bbox 3181 4356 3270 4412; x_wconf 90' lang='lat' dir='ltr'><strong>Dei</strong></span> <span class='ocrx_word' id='word_1_93' title='bbox 3303 4358 3467 4413; x_wconf 88' lang='lat' dir='ltr'><strong>timor</strong></span> <span class='ocrx_word' id='word_1_94' title='bbox 3497 4359 3795 4423; x_wconf 80' lang='lat' dir='ltr'><strong>retinebat,</strong></span> 
     </span>
    </p>
   </div>
   <div class='ocr_carea' id='block_1_20' title="bbox 547 4452 3799 4526">
    <p class='ocr_par' dir='ltr' id='par_1_20' title="bbox 547 4452 3799 4526">
     <span class='ocr_line' id='line_1_20' title="bbox 547 4452 3799 4526; baseline -0 -16"><span class='ocrx_word' id='word_1_95' title='bbox 547 4456 762 4526; x_wconf 92' lang='lat' dir='ltr'><strong>prolato</strong></span> <span class='ocrx_word' id='word_1_96' title='bbox 792 4471 859 4510; x_wconf 81' lang='lat' dir='ltr'><strong>ex</strong></span> <span class='ocrx_word' id='word_1_97' title='bbox 883 4453 1032 4510; x_wconf 87' lang='lat' dir='ltr'><strong>Petri</strong></span> <span class='ocrx_word' id='word_1_98' title='bbox 1079 4454 1337 4509; x_wconf 84' lang='lat' dir='ltr'><strong>cathedra</strong></span> <span class='ocrx_word' id='word_1_99' title='bbox 1366 4454 1528 4524; x_wconf 70' lang='lat' dir='ltr'><strong>iusta:</strong></span> <span class='ocrx_word' id='word_1_100' title='bbox 1560 4453 1931 4509; x_wconf 87' lang='lat' dir='ltr'><strong>damnationis</strong></span> <span class='ocrx_word' id='word_1_101' title='bbox 1956 4454 2198 4518; x_wconf 86' lang='lat' dir='ltr'><strong>decreto,</strong></span> <span class='ocrx_word' id='word_1_102' title='bbox 2232 4453 2478 4508; x_wconf 82' lang='lat' dir='ltr'><strong>Romana</strong></span> <span class='ocrx_word' id='word_1_103' title='bbox 2512 4464 2790 4510; x_wconf 86' lang='lat' dir='ltr'><strong>coerceret</strong></span> <span class='ocrx_word' id='word_1_104' title='bbox 2819 4453 3136 4508; x_wconf 88' lang='lat' dir='ltr'><strong>auctoritas.</strong></span> <span class='ocrx_word' id='word_1_105' title='bbox 3178 4452 3542 4524; x_wconf 86' lang='lat' dir='ltr'><strong>Posteaquam</strong></span> <span class='ocrx_word' id='word_1_106' title='bbox 3569 4470 3704 4510; x_wconf 89' lang='lat' dir='ltr'><strong>vero</strong></span> <span class='ocrx_word' id='word_1_107' title='bbox 3740 4457 3799 4509; x_wconf 92' lang='lat' dir='ltr'><strong>in</strong></span> 
     </span>
    </p>
   </div>
   <div class='ocr_carea' id='block_1_21' title="bbox 544 4547 3801 4625">
    <p class='ocr_par' dir='ltr' id='par_1_21' title="bbox 544 4547 3801 4625">
     <span class='ocr_line' id='line_1_21' title="bbox 544 4547 3801 4625; baseline -0.003 -13"><span class='ocrx_word' id='word_1_108' title='bbox 544 4552 751 4612; x_wconf 79' lang='lat' dir='ltr'><strong>Urbem</strong></span> <span class='ocrx_word' id='word_1_109' title='bbox 785 4554 1047 4625; x_wconf 88' lang='lat' dir='ltr'><strong>pervenit,</strong></span> <span class='ocrx_word' id='word_1_110' title='bbox 1077 4552 1138 4607; x_wconf 91' lang='lat' dir='ltr'><strong>B.</strong></span> <span class='ocrx_word' id='word_1_111' title='bbox 1179 4552 1378 4620; x_wconf 83' lang='lat' dir='ltr'><strong>Julius,</strong></span> <span class='ocrx_word' id='word_1_112' title='bbox 1418 4553 1512 4622; x_wconf 90' lang='lat' dir='ltr'><strong>qui</strong></span> <span class='ocrx_word' id='word_1_113' title='bbox 1551 4562 1665 4607; x_wconf 90' lang='lat' dir='ltr'><strong>tum</strong></span> <span class='ocrx_word' id='word_1_114' title='bbox 1702 4551 1959 4607; x_wconf 67' lang='lat' dir='ltr'><strong>Romanae</strong></span> <span class='ocrx_word' id='word_1_115' title='bbox 1991 4551 2248 4607; x_wconf 69' lang='lat' dir='ltr'><strong>Ecclesiae</strong></span> <span class='ocrx_word' id='word_1_116' title='bbox 2293 4561 2546 4621; x_wconf 71' lang='lat' dir='ltr'><strong>praeerat,</strong></span> <span class='ocrx_word' id='word_1_117' title='bbox 2588 4561 2643 4607; x_wconf 91' lang='lat' dir='ltr'><strong>et</strong></span> <span class='ocrx_word' id='word_1_118' title='bbox 2670 4551 3076 4607; x_wconf 85' lang='lat' dir='ltr'><strong>ecclesiasticus</strong></span> <span class='ocrx_word' id='word_1_119' title='bbox 3107 4555 3354 4612; x_wconf 88' lang='lat' dir='ltr'><strong>senatus,</strong></span> <span class='ocrx_word' id='word_1_120' title='bbox 3385 4547 3480 4616; x_wconf 91' lang='lat' dir='ltr'><strong>qui</strong></span> <span class='ocrx_word' id='word_1_121' title='bbox 3517 4547 3619 4617; x_wconf 86' lang='lat' dir='ltr'><strong>ipsi</strong></span> <span class='ocrx_word' id='word_1_122' title='bbox 3653 4549 3801 4602; x_wconf 84' lang='lat' dir='ltr'><strong>assi-</strong></span> 
     </span>
    </p>
   </div>
   <div class='ocr_carea' id='block_1_22' title="bbox 546 4642 3803 4721">
    <p class='ocr_par' dir='ltr' id='par_1_22' title="bbox 546 4642 3803 4721">
     <span class='ocr_line' id='line_1_22' title="bbox 546 4642 3803 4721; baseline -0.003 -14"><span class='ocrx_word' id='word_1_123' title='bbox 546 4652 729 4717; x_wconf 90' lang='lat' dir='ltr'><strong>debat,</strong></span> <span class='ocrx_word' id='word_1_124' title='bbox 762 4659 1107 4721; x_wconf 86' lang='lat' dir='ltr'><strong>peramanter</strong></span> <span class='ocrx_word' id='word_1_125' title='bbox 1144 4664 1269 4704; x_wconf 91' lang='lat' dir='ltr'><strong>eum</strong></span> <span class='ocrx_word' id='word_1_126' title='bbox 1298 4646 1746 4717; x_wconf 78' lang='lat' dir='ltr'><strong>exceperunt(2),</strong></span> <span class='ocrx_word' id='word_1_127' title='bbox 1772 4646 2027 4701; x_wconf 79' lang='lat' dir='ltr'><strong>aﬂlictum</strong></span> <span class='ocrx_word' id='word_1_128' title='bbox 2057 4647 2323 4701; x_wconf 80' lang='lat' dir='ltr'><strong>consolati</strong></span> <span class='ocrx_word' id='word_1_129' title='bbox 2349 4655 2494 4710; x_wconf 91' lang='lat' dir='ltr'><strong>sunt,</strong></span> <span class='ocrx_word' id='word_1_130' title='bbox 2527 4648 2796 4717; x_wconf 88' lang='lat' dir='ltr'><strong>dejectum</strong></span> <span class='ocrx_word' id='word_1_131' title='bbox 2822 4646 3199 4706; x_wconf 89' lang='lat' dir='ltr'><strong>sublevaruut,</strong></span> <span class='ocrx_word' id='word_1_132' title='bbox 3228 4642 3576 4697; x_wconf 88' lang='lat' dir='ltr'><strong>innocentem</strong></span> <span class='ocrx_word' id='word_1_133' title='bbox 3603 4643 3803 4698; x_wconf 80' lang='lat' dir='ltr'><strong>defen-</strong></span> 
     </span>
    </p>
   </div>
   <div class='ocr_carea' id='block_1_23' title="bbox 547 4732 3795 4806">
    <p class='ocr_par' dir='ltr' id='par_1_23' title="bbox 547 4732 3795 4806">
     <span class='ocr_line' id='line_1_23' title="bbox 547 4732 3795 4806; baseline -0.002 -10"><span class='ocrx_word' id='word_1_134' title='bbox 547 4742 766 4805; x_wconf 88' lang='lat' dir='ltr'><strong>derunt,</strong></span> <span class='ocrx_word' id='word_1_135' title='bbox 820 4750 1070 4796; x_wconf 88' lang='lat' dir='ltr'><strong>sanctum</strong></span> <span class='ocrx_word' id='word_1_136' title='bbox 1114 4747 1169 4793; x_wconf 92' lang='lat' dir='ltr'><strong>et</strong></span> <span class='ocrx_word' id='word_1_137' title='bbox 1218 4738 1369 4793; x_wconf 88' lang='lat' dir='ltr'><strong>omni</strong></span> <span class='ocrx_word' id='word_1_138' title='bbox 1420 4739 1684 4792; x_wconf 89' lang='lat' dir='ltr'><strong>virtutum</strong></span> <span class='ocrx_word' id='word_1_139' title='bbox 1729 4751 1926 4805; x_wconf 80' lang='lat' dir='ltr'><strong>genere</strong></span> <span class='ocrx_word' id='word_1_140' title='bbox 1972 4736 2348 4798; x_wconf 90' lang='lat' dir='ltr'><strong>cumulatum,</strong></span> <span class='ocrx_word' id='word_1_141' title='bbox 2408 4737 2627 4806; x_wconf 85' lang='lat' dir='ltr'><strong>rejectis</strong></span> <span class='ocrx_word' id='word_1_142' title='bbox 2681 4737 3065 4792; x_wconf 61' lang='lat' dir='ltr'><strong>bareticorum</strong></span> <span class='ocrx_word' id='word_1_143' title='bbox 3119 4732 3467 4798; x_wconf 88' lang='lat' dir='ltr'><strong>criminibus,</strong></span> <span class='ocrx_word' id='word_1_144' title='bbox 3523 4736 3795 4803; x_wconf 66' lang='lat' dir='ltr'><strong>praeclaro</strong></span> 
     </span>
    </p>
   </div>
   <div class='ocr_carea' id='block_1_24' title="bbox 542 4824 3793 4903">
    <p class='ocr_par' dir='ltr' id='par_1_24' title="bbox 542 4824 3793 4903">
     <span class='ocr_line' id='line_1_24' title="bbox 542 4824 3793 4903; baseline -0.003 -9"><span class='ocrx_word' id='word_1_145' title='bbox 542 4839 861 4896; x_wconf 78' lang='lat' dir='ltr'><strong>testimonio</strong></span> <span class='ocrx_word' id='word_1_146' title='bbox 899 4853 998 4893; x_wconf 91' lang='lat' dir='ltr'><strong>suo</strong></span> <span class='ocrx_word' id='word_1_147' title='bbox 1038 4836 1293 4890; x_wconf 86' lang='lat' dir='ltr'><strong>universo</strong></span> <span class='ocrx_word' id='word_1_148' title='bbox 1315 4834 1434 4889; x_wconf 90' lang='lat' dir='ltr'><strong>orbi</strong></span> <span class='ocrx_word' id='word_1_149' title='bbox 1465 4832 1834 4888; x_wconf 87' lang='lat' dir='ltr'><strong>declararunt.</strong></span> <span class='ocrx_word' id='word_1_150' title='bbox 1870 4831 1989 4886; x_wconf 91' lang='lat' dir='ltr'><strong>Duo</strong></span> <span class='ocrx_word' id='word_1_151' title='bbox 2029 4841 2211 4885; x_wconf 91' lang='lat' dir='ltr'><strong>autem</strong></span> <span class='ocrx_word' id='word_1_152' title='bbox 2243 4846 2308 4886; x_wconf 80' lang='lat' dir='ltr'><strong>ex</strong></span> <span class='ocrx_word' id='word_1_153' title='bbox 2349 4831 2598 4887; x_wconf 84' lang='lat' dir='ltr'><strong>Romano</strong></span> <span class='ocrx_word' id='word_1_154' title='bbox 2633 4832 2997 4903; x_wconf 86' lang='lat' dir='ltr'><strong>presbyterio,</strong></span> <span class='ocrx_word' id='word_1_155' title='bbox 3028 4828 3275 4897; x_wconf 88' lang='lat' dir='ltr'><strong>ejusdem</strong></span> <span class='ocrx_word' id='word_1_156' title='bbox 3313 4824 3443 4881; x_wconf 83' lang='lat' dir='ltr'><strong>Julii</strong></span> <span class='ocrx_word' id='word_1_157' title='bbox 3484 4829 3793 4893; x_wconf 81' lang='lat' dir='ltr'><strong>voluntate,</strong></span> 
     </span>
    </p>
   </div>
   <div class='ocr_carea' id='block_1_25' title="bbox 545 4922 3794 5005">
    <p class='ocr_par' dir='ltr' id='par_1_25' title="bbox 545 4922 3794 5005">
     <span class='ocr_line' id='line_1_25' title="bbox 545 4922 3794 5005; baseline -0.003 -16"><span class='ocrx_word' id='word_1_158' title='bbox 545 4934 794 5005; x_wconf 89' lang='lat' dir='ltr'><strong>Elpidius</strong></span> <span class='ocrx_word' id='word_1_159' title='bbox 833 4942 888 4986; x_wconf 91' lang='lat' dir='ltr'><strong>et</strong></span> <span class='ocrx_word' id='word_1_160' title='bbox 919 4930 1254 4985; x_wconf 81' lang='lat' dir='ltr'><strong>Philoxenus</strong></span> <span class='ocrx_word' id='word_1_161' title='bbox 1283 4928 1606 4996; x_wconf 83' lang='lat' dir='ltr'><strong>legationem</strong></span> <span class='ocrx_word' id='word_1_162' title='bbox 1632 4934 1991 4993; x_wconf 90' lang='lat' dir='ltr'><strong>susceperunt</strong></span> <span class='ocrx_word' id='word_1_163' title='bbox 2021 4923 2087 4977; x_wconf 92' lang='lat' dir='ltr'><strong>ad</strong></span> <span class='ocrx_word' id='word_1_164' title='bbox 2123 4922 2463 4979; x_wconf 88' lang='lat' dir='ltr'><strong>Eusebianos</strong></span> <span class='ocrx_word' id='word_1_165' title='bbox 2496 4925 2802 4993; x_wconf 91' lang='lat' dir='ltr'><strong>episcopos,</strong></span> <span class='ocrx_word' id='word_1_166' title='bbox 2835 4930 2894 4976; x_wconf 92' lang='lat' dir='ltr'><strong>ut</strong></span> <span class='ocrx_word' id='word_1_167' title='bbox 2921 4935 3017 4975; x_wconf 91' lang='lat' dir='ltr'><strong>eos</strong></span> <span class='ocrx_word' id='word_1_168' title='bbox 3055 4922 3121 4976; x_wconf 93' lang='lat' dir='ltr'><strong>ad</strong></span> <span class='ocrx_word' id='word_1_169' title='bbox 3152 4922 3458 4977; x_wconf 84' lang='lat' dir='ltr'><strong>Romanam</strong></span> <span class='ocrx_word' id='word_1_170' title='bbox 3494 4925 3794 4994; x_wconf 82' lang='lat' dir='ltr'><strong>synodum,</strong></span> 
     </span>
    </p>
   </div>
   <div class='ocr_carea' id='block_1_26' title="bbox 545 5017 3795 5101">
    <p class='ocr_par' dir='ltr' id='par_1_26' title="bbox 545 5017 3795 5101">
     <span class='ocr_line' id='line_1_26' title="bbox 545 5017 3795 5101; baseline -0.001 -22"><span class='ocrx_word' id='word_1_171' title='bbox 545 5041 712 5096; x_wconf 87' lang='lat' dir='ltr'><strong>quam</strong></span> <span class='ocrx_word' id='word_1_172' title='bbox 754 5024 857 5093; x_wconf 92' lang='lat' dir='ltr'><strong>ipsi</strong></span> <span class='ocrx_word' id='word_1_173' title='bbox 898 5024 1326 5093; x_wconf 89' lang='lat' dir='ltr'><strong>postulaverant,</strong></span> <span class='ocrx_word' id='word_1_174' title='bbox 1364 5030 1677 5076; x_wconf 86' lang='lat' dir='ltr'><strong>evocarent.</strong></span> <span class='ocrx_word' id='word_1_175' title='bbox 1713 5020 1819 5074; x_wconf 90' lang='lat' dir='ltr'><strong>Sed</strong></span> <span class='ocrx_word' id='word_1_176' title='bbox 1863 5020 2176 5101; x_wconf 30' lang='lat' dir='ltr'><strong>expavit‘ad</strong></span> <span class='ocrx_word' id='word_1_177' title='bbox 2221 5018 2497 5074; x_wconf 83' lang='lat' dir='ltr'><strong>Romanos</strong></span> <span class='ocrx_word' id='word_1_178' title='bbox 2541 5020 2737 5075; x_wconf 76' lang='lat' dir='ltr'><strong>aﬂ‘atus</strong></span> <span class='ocrx_word' id='word_1_179' title='bbox 2772 5019 2974 5073; x_wconf 84' lang='lat' dir='ltr'><strong>Ariana</strong></span> <span class='ocrx_word' id='word_1_180' title='bbox 3003 5018 3296 5085; x_wconf 89' lang='lat' dir='ltr'><strong>calliditas,</strong></span> <span class='ocrx_word' id='word_1_181' title='bbox 3327 5027 3381 5074; x_wconf 93' lang='lat' dir='ltr'><strong>et</strong></span> <span class='ocrx_word' id='word_1_182' title='bbox 3414 5017 3795 5077; x_wconf 76' lang='lat' dir='ltr'><strong>Romanorum</strong></span> 
     </span>
    </p>
   </div>
   <div class='ocr_carea' id='block_1_27' title="bbox 545 5109 3797 5186">
    <p class='ocr_par' dir='ltr' id='par_1_27' title="bbox 545 5109 3797 5186">
     <span class='ocr_line' id='line_1_27' title="bbox 545 5109 3797 5186; baseline 0.001 -17"><span class='ocrx_word' id='word_1_183' title='bbox 545 5114 704 5169; x_wconf 86' lang='lat' dir='ltr'><strong>ﬁdem</strong></span> <span class='ocrx_word' id='word_1_184' title='bbox 741 5112 1038 5182; x_wconf 87' lang='lat' dir='ltr'><strong>pertimuit,</strong></span> <span class='ocrx_word' id='word_1_185' title='bbox 1073 5127 1214 5180; x_wconf 72' lang='lat' dir='ltr'><strong>quae,</strong></span> <span class='ocrx_word' id='word_1_186' title='bbox 1253 5111 1516 5179; x_wconf 88' lang='lat' dir='ltr'><strong>Apostolo</strong></span> <span class='ocrx_word' id='word_1_187' title='bbox 1556 5110 1906 5179; x_wconf 67' lang='lat' dir='ltr'><strong>praedicante,</strong></span> <span class='ocrx_word' id='word_1_188' title='bbox 1936 5109 2153 5163; x_wconf 85' lang='lat' dir='ltr'><strong>laudata</strong></span> <span class='ocrx_word' id='word_1_189' title='bbox 2180 5118 2265 5164; x_wconf 90' lang='lat' dir='ltr'><strong>est</strong></span> <span class='ocrx_word' id='word_1_190' title='bbox 2300 5128 2314 5175; x_wconf 91' lang='lat'><strong>;</strong></span> <span class='ocrx_word' id='word_1_191' title='bbox 2358 5122 2412 5165; x_wconf 90' lang='lat' dir='ltr'><strong>et</strong></span> <span class='ocrx_word' id='word_1_192' title='bbox 2447 5111 2516 5165; x_wconf 88' lang='lat' dir='ltr'><strong>ad</strong></span> <span class='ocrx_word' id='word_1_193' title='bbox 2559 5127 2655 5167; x_wconf 87' lang='lat' dir='ltr'><strong>eos</strong></span> <span class='ocrx_word' id='word_1_194' title='bbox 2698 5112 2881 5167; x_wconf 85' lang='lat' dir='ltr'><strong>venire</strong></span> <span class='ocrx_word' id='word_1_195' title='bbox 2923 5124 3243 5181; x_wconf 88' lang='lat' dir='ltr'><strong>renuerunt,</strong></span> <span class='ocrx_word' id='word_1_196' title='bbox 3283 5116 3347 5169; x_wconf 91' lang='lat' dir='ltr'><strong>ad</strong></span> <span class='ocrx_word' id='word_1_197' title='bbox 3382 5130 3522 5184; x_wconf 94' lang='lat' dir='ltr'><strong>quos</strong></span> <span class='ocrx_word' id='word_1_198' title='bbox 3563 5120 3797 5186; x_wconf 83' lang='lat' dir='ltr'><strong>perﬁdia</strong></span> 
     </span>
    </p>
   </div>
   <div class='ocr_carea' id='block_1_28' title="bbox 545 5198 3796 5271">
    <p class='ocr_par' dir='ltr' id='par_1_28' title="bbox 545 5198 3796 5271">
     <span class='ocr_line' id='line_1_28' title="bbox 545 5198 3796 5271; baseline 0.001 -11"><span class='ocrx_word' id='word_1_199' title='bbox 545 5206 748 5260; x_wconf 89' lang='lat' dir='ltr'><strong>habere</strong></span> <span class='ocrx_word' id='word_1_200' title='bbox 783 5218 892 5257; x_wconf 90' lang='lat' dir='ltr'><strong>non</strong></span> <span class='ocrx_word' id='word_1_201' title='bbox 926 5210 1106 5271; x_wconf 90' lang='lat' dir='ltr'><strong>potest</strong></span> <span class='ocrx_word' id='word_1_202' title='bbox 1135 5215 1439 5255; x_wconf 90' lang='lat' dir='ltr'><strong>accessum.</strong></span> <span class='ocrx_word' id='word_1_203' title='bbox 1475 5200 1661 5267; x_wconf 90' lang='lat' dir='ltr'><strong>Itaque</strong></span> <span class='ocrx_word' id='word_1_204' title='bbox 1694 5198 1898 5253; x_wconf 86' lang='lat' dir='ltr'><strong>frustra</strong></span> <span class='ocrx_word' id='word_1_205' title='bbox 1934 5199 2027 5252; x_wconf 90' lang='lat' dir='ltr'><strong>diu</strong></span> <span class='ocrx_word' id='word_1_206' title='bbox 2064 5202 2420 5268; x_wconf 82' lang='lat' dir='ltr'><strong>exspectatis,</strong></span> <span class='ocrx_word' id='word_1_207' title='bbox 2451 5216 2576 5255; x_wconf 91' lang='lat' dir='ltr'><strong>cum</strong></span> <span class='ocrx_word' id='word_1_208' title='bbox 2608 5202 2935 5258; x_wconf 87' lang='lat' dir='ltr'><strong>delictorum</strong></span> <span class='ocrx_word' id='word_1_209' title='bbox 2974 5220 3201 5260; x_wconf 88' lang='lat' dir='ltr'><strong>suorum</strong></span> <span class='ocrx_word' id='word_1_210' title='bbox 3242 5207 3583 5261; x_wconf 89' lang='lat' dir='ltr'><strong>conscientia</strong></span> <span class='ocrx_word' id='word_1_211' title='bbox 3616 5212 3796 5264; x_wconf 89' lang='lat' dir='ltr'><strong>territi</strong></span> 
     </span>
    </p>
   </div>
   <div class='ocr_carea' id='block_1_29' title="bbox 543 5291 3854 5367">
    <p class='ocr_par' dir='ltr' id='par_1_29' title="bbox 543 5291 3854 5367">
     <span class='ocr_line' id='line_1_29' title="bbox 543 5291 3854 5367; baseline 0.003 -16"><span class='ocrx_word' id='word_1_212' title='bbox 543 5295 612 5351; x_wconf 91' lang='lat' dir='ltr'><strong>ad</strong></span> <span class='ocrx_word' id='word_1_213' title='bbox 645 5294 1007 5366; x_wconf 68' lang='lat' dir='ltr'><strong>praestitutam</strong></span> <span class='ocrx_word' id='word_1_214' title='bbox 1042 5292 1206 5359; x_wconf 87' lang='lat' dir='ltr'><strong>diem,</strong></span> <span class='ocrx_word' id='word_1_215' title='bbox 1246 5293 1428 5348; x_wconf 84' lang='lat' dir='ltr'><strong>varias</strong></span> <span class='ocrx_word' id='word_1_216' title='bbox 1467 5291 1826 5347; x_wconf 65' lang='lat' dir='ltr'><strong>contumaciae</strong></span> <span class='ocrx_word' id='word_1_217' title='bbox 1876 5306 1988 5347; x_wconf 76' lang='lat' dir='ltr'><strong>sua:</strong></span> <span class='ocrx_word' id='word_1_218' title='bbox 2024 5300 2382 5359; x_wconf 65' lang='lat' dir='ltr'><strong>praetexentes</strong></span> <span class='ocrx_word' id='word_1_219' title='bbox 2426 5310 2642 5359; x_wconf 86' lang='lat' dir='ltr'><strong>causas,</strong></span> <span class='ocrx_word' id='word_1_220' title='bbox 2686 5295 2897 5365; x_wconf 90' lang='lat' dir='ltr'><strong>judicio</strong></span> <span class='ocrx_word' id='word_1_221' title='bbox 2935 5298 3079 5353; x_wconf 90' lang='lat' dir='ltr'><strong>sedis</strong></span> <span class='ocrx_word' id='word_1_222' title='bbox 3123 5299 3434 5367; x_wconf 68' lang='lat' dir='ltr'><strong>apostolicae</strong></span> <span class='ocrx_word' id='word_1_223' title='bbox 3468 5316 3525 5355; x_wconf 90' lang='lat' dir='ltr'><strong>se</strong></span> <span class='ocrx_word' id='word_1_224' title='bbox 3561 5303 3797 5356; x_wconf 79' lang='lat' dir='ltr'><strong>minimc</strong></span> <span class='ocrx_word' id='word_1_225' title='bbox 3846 5345 3854 5360; x_wconf 84' lang='lat'><strong>.</strong></span> 
     </span>
    </p>
   </div>
   <div class='ocr_carea' id='block_1_30' title="bbox 619 5489 2422 5563">
    <p class='ocr_par' dir='ltr' id='par_1_30' title="bbox 619 5489 2422 5563">
     <span class='ocr_line' id='line_1_30' title="bbox 619 5489 2422 5563; baseline -0.003 -11"><span class='ocrx_word' id='word_1_226' title='bbox 619 5496 695 5563; x_wconf 81' lang='grc'><strong>(1)</strong></span> <span class='ocrx_word' id='word_1_227' title='bbox 735 5496 793 5549; x_wconf 83' lang='lat' dir='ltr'><strong>In</strong></span> <span class='ocrx_word' id='word_1_228' title='bbox 822 5493 974 5549; x_wconf 87' lang='lat' dir='ltr'><strong>Orat.</strong></span> <span class='ocrx_word' id='word_1_229' title='bbox 1016 5494 1083 5546; x_wconf 88' lang='lat' dir='ltr'><strong>de</strong></span> <span class='ocrx_word' id='word_1_230' title='bbox 1123 5492 1179 5545; x_wconf 91' lang='lat' dir='ltr'><strong>S.</strong></span> <span class='ocrx_word' id='word_1_231' title='bbox 1215 5492 1412 5545; x_wconf 83' lang='lat' dir='ltr'><strong>Athan.</strong></span> <span class='ocrx_word' id='word_1_232' title='bbox 1449 5490 1682 5563; x_wconf 85' lang='lat' dir='ltr'><strong>Hieron._</strong></span> <span class='ocrx_word' id='word_1_233' title='bbox 1714 5492 1770 5563; x_wconf 83' lang='lat' dir='ltr'><strong>in</strong></span> <span class='ocrx_word' id='word_1_234' title='bbox 1808 5489 2093 5563; x_wconf 76' lang='lat' dir='ltr'><strong>Epitaphio</strong></span> <span class='ocrx_word' id='word_1_235' title='bbox 2131 5490 2422 5547; x_wconf 75' lang='lat' dir='ltr'><strong>Marcellw.</strong></span> 
     </span>
    </p>
   </div>
   <div class='ocr_carea' id='block_1_31' title="bbox 612 5561 3799 5639">
    <p class='ocr_par' dir='ltr' id='par_1_31' title="bbox 612 5561 3799 5639">
     <span class='ocr_line' id='line_1_31' title="bbox 612 5561 3799 5639; baseline 0.001 -18"><span class='ocrx_word' id='word_1_236' title='bbox 612 5561 689 5639; x_wconf 77' lang='lat'><strong>(2)</strong></span> <span class='ocrx_word' id='word_1_237' title='bbox 729 5566 805 5639; x_wconf 77' lang='lat' dir='ltr'><strong>De</strong></span> <span class='ocrx_word' id='word_1_238' title='bbox 833 5563 1331 5639; x_wconf 65' lang='lat' dir='ltr'><strong>Athanasiiitinere</strong></span> <span class='ocrx_word' id='word_1_239' title='bbox 1354 5563 1603 5639; x_wconf 59' lang='lat' dir='ltr'><strong>Romano</strong></span> <span class='ocrx_word' id='word_1_240' title='bbox 1629 5561 2103 5639; x_wconf 41' lang='lat' dir='ltr'><strong>ci:__ejns.Ap_olog._</strong></span> <span class='ocrx_word' id='word_1_241' title='bbox 2136 5564 2612 5639; x_wconf 69' lang='lat' dir='ltr'><strong>con_tra_A_riqnos,</strong></span> <span class='ocrx_word' id='word_1_242' title='bbox 2646 5574 2779 5639; x_wconf 78' lang='lat' dir='ltr'><strong>tom.</strong></span> <span class='ocrx_word' id='word_1_243' title='bbox 2812 5566 2854 5633; x_wconf 88' lang='lat' dir='ltr'><strong>l,</strong></span> <span class='ocrx_word' id='word_1_244' title='bbox 2883 5584 3003 5637; x_wconf 88' lang='lat' dir='ltr'><strong>pag.</strong></span> <span class='ocrx_word' id='word_1_245' title='bbox 3041 5569 3179 5635; x_wconf 81' lang='lat' dir='ltr'><strong>HO,</strong></span> <span class='ocrx_word' id='word_1_246' title='bbox 3214 5578 3267 5623; x_wconf 88' lang='lat' dir='ltr'><strong>et</strong></span> <span class='ocrx_word' id='word_1_247' title='bbox 3300 5569 3445 5625; x_wconf 80' lang='lat' dir='ltr'><strong>Hist.</strong></span> <span class='ocrx_word' id='word_1_248' title='bbox 3487 5574 3687 5629; x_wconf 79' lang='lat' dir='ltr'><strong>Arian.</strong></span> <span class='ocrx_word' id='word_1_249' title='bbox 3732 5576 3799 5625; x_wconf 87' lang='lat' dir='ltr'><strong>ad</strong></span> 
     </span>
    </p>
   </div>
   <div class='ocr_carea' id='block_1_32' title="bbox 538 5629 3799 5721">
    <p class='ocr_par' dir='ltr' id='par_1_32' title="bbox 538 5629 3799 5721">
     <span class='ocr_line' id='line_1_32' title="bbox 538 5629 3799 5721; baseline 0.002 -31"><span class='ocrx_word' id='word_1_250' title='bbox 538 5629 809 5721; x_wconf 49' lang='lat' dir='ltr'><strong>monoch”</strong></span> <span class='ocrx_word' id='word_1_251' title='bbox 855 5652 908 5705; x_wconf 90' lang='lat' dir='ltr'><strong>p.</strong></span> <span class='ocrx_word' id='word_1_252' title='bbox 945 5635 1089 5700; x_wconf 69' lang='lat'><strong>227;</strong></span> <span class='ocrx_word' id='word_1_253' title='bbox 1127 5632 1183 5689; x_wconf 88' lang='lat' dir='ltr'><strong>S.</strong></span> <span class='ocrx_word' id='word_1_254' title='bbox 1212 5632 1486 5704; x_wconf 55' lang='lat' dir='ltr'><strong>,Cyprian.</strong></span> <span class='ocrx_word' id='word_1_255' title='bbox 1520 5647 1605 5701; x_wconf 91' lang='lat' dir='ltr'><strong>ep.</strong></span> <span class='ocrx_word' id='word_1_256' title='bbox 1668 5629 1763 5695; x_wconf 76' lang='lat'><strong>55,</strong></span> <span class='ocrx_word' id='word_1_257' title='bbox 1803 5630 1871 5682; x_wconf 88' lang='lat' dir='ltr'><strong>ad</strong></span> <span class='ocrx_word' id='word_1_258' title='bbox 1911 5629 2171 5697; x_wconf 83' lang='lat' dir='ltr'><strong>Cornel.;</strong></span> <span class='ocrx_word' id='word_1_259' title='bbox 2213 5631 2270 5686; x_wconf 92' lang='lat' dir='ltr'><strong>S.</strong></span> <span class='ocrx_word' id='word_1_260' title='bbox 2324 5631 2427 5687; x_wconf 85' lang='lat' dir='ltr'><strong>Jul.</strong></span> <span class='ocrx_word' id='word_1_261' title='bbox 2480 5635 2535 5689; x_wconf 90' lang='lat' dir='ltr'><strong>in</strong></span> <span class='ocrx_word' id='word_1_262' title='bbox 2573 5629 2727 5706; x_wconf 78' lang='lat' dir='ltr'><strong>epist.</strong></span> <span class='ocrx_word' id='word_1_263' title='bbox 2790 5629 2857 5692; x_wconf 81' lang='lat' dir='ltr'><strong>ad</strong></span> <span class='ocrx_word' id='word_1_264' title='bbox 2885 5629 3430 5711; x_wconf 39' lang='lat' dir='ltr'><strong>&#39;Dvanium&#39;aliosque</strong></span> <span class='ocrx_word' id='word_1_265' title='bbox 3489 5642 3799 5701; x_wconf 76' lang='lat' dir='ltr'><strong>Orientales</strong></span> 
     </span>
    </p>
   </div>
   <div class='ocr_carea' id='block_1_33' title="bbox 535 5723 819 5777">
    <p class='ocr_par' dir='ltr' id='par_1_33' title="bbox 535 5723 819 5777">
     <span class='ocr_line' id='line_1_33' title="bbox 535 5723 819 5777; baseline -0.007 -12"><span class='ocrx_word' id='word_1_266' title='bbox 535 5723 819 5777; x_wconf 66' lang='lat' dir='ltr'><strong>episcopos.</strong></span> 
     </span>
    </p>
   </div>
  </div>
