3880 6216
117 374 216 432 593
818 370 905 425 DE
948 367 1221 424 mnus
1261 368 1704 427 PSALMORUM.
1742 400 1808 408 -
1850 367 2238 425 ANTONELLI
2278 366 2669 425 primum.
3261 334 3365 429 sat

119 495 385 555 sisterent,
414 498 739 559 congregata
770 497 853 543 est
884 490 1101 543 demum
1136 488 1383 543 Romana
1412 491 1655 562 synodus
1694 491 1749 543 in
1796 506 1901 542 una
1942 506 2004 544 ex
2051 490 2246 544 vestris
2285 489 2599 544 titularibus
2644 488 2911 557 ecclesiis,
2950 490 3041 544 ubi
3079 489 3364 546 Romanus

118 584 396 655 presbyter
436 582 564 636 Vito
599 590 901 637 conventus
947 582 1159 651 agebat.
1204 580 1250 636 Is
1283 582 1428 636 enim
1471 598 1578 635 una
1624 597 1746 636 cum
1797 580 2085 637 Vincentio
2119 581 2350 637 Nicaeum
2396 583 2605 654 synodo
2644 581 2913 649 interfuit,
2955 592 3008 637 et
3040 585 3168 654 quia
3201 585 3364 637 ambo

120 684 315 730 rectam
364 673 657 726 Athanasii
703 671 863 724 ﬁdem
915 686 1241 740 morumque
1293 671 1657 741 integritatem
1708 673 1875 741 probe
1923 673 2199 741 cognitam
2248 682 2697 741 perspectamque
2740 673 3031 738 habebant,
3061 676 3363 731 verisimile
3418 743 3431 757 ⁸

118 766 396 820 admodum
425 774 533 830 est,
558 764 699 817 sicut
736 776 836 830 pro
872 757 1126 813 Marcello
1157 759 1447 829 Ancyrano
1475 761 1753 829 episcopo,
1787 761 1958 813 multo
1999 761 2172 830 magis
2205 776 2302 831 pro
2338 762 2687 816 sanctissimo
2717 761 3088 819 Alexandrino
3117 766 3362 822 antistite

118 852 483 909 testimonium
512 867 606 906 eos
635 852 839 906 dixisse
871 848 924 901 in
957 863 1115 902 sacro
1145 846 1238 901 illo
1274 860 1568 913 conventu,
1606 850 1698 919 qui
1744 850 1985 903 unanimi
2033 866 2397 920 supremoque
2430 852 2640 921 judicio
2667 851 2951 908 Athanasii
2990 858 3357 910 innocentiam

118 948 367 1000 adversus
405 944 737 998 Arianorum
778 942 932 997 dolos
962 958 1026 998 ac
1060 942 1281 998 fraudes
1314 944 1633 1012 vindicavit,
1674 960 1909 1015 eamque
1943 946 2211 1000 sententia
2254 963 2353 1002 sua
2399 949 2644 1004 veritatis
2682 965 2746 1003 ac
2782 950 3008 1019 justitiaa
3057 952 3359 1020 ponderata

118 1041 414 1106 libramine,
445 1038 788 1095 manifestam
819 1039 1075 1093 omnibus
1105 1054 1169 1093 ac
1213 1047 1461 1094 testatam
1486 1055 1610 1095 esse
1642 1040 1836 1095 voluit.
1867 1040 2234 1105 Quamobrem
2278 1041 2519 1110 pontifex
2542 1040 2735 1105 Julius,
2767 1041 2908 1096 datis
2941 1042 3136 1096 deinde
3164 1042 3358 1096 litteris

120 1136 179 1188 ad
211 1136 414 1189 clerum
464 1141 519 1187 et
563 1132 826 1201 populum
861 1131 1318 1198 Alexandrinum,
1374 1134 1577 1202 quibus
1621 1133 1688 1188 de
1736 1133 2021 1188 Athanasii
2068 1133 2135 1187 ad
2175 1148 2270 1187 eos
2301 1133 2479 1187 reditu
2520 1134 2821 1204 gratulatus
2867 1142 2970 1197 est,
3022 1144 3144 1203 post
3172 1134 3357 1203 plures

118 1228 316 1292 laudes,
346 1226 551 1296 quibus
584 1234 835 1280 sanctum
869 1226 1183 1295 episcopum
1215 1227 1411 1281 merito
1441 1226 1594 1281 effert
1626 1246 1639 1281 :
1677 1226 1818 1293 Quid
1851 1238 2055 1293 autem,
2086 1228 2284 1297 inquit,
2313 1236 2466 1283 tanto
2486 1230 2603 1283 viro
2636 1229 2857 1298 dignum
2888 1229 3121 1299 proferri
3156 1240 3355 1299 potest,

120 1321 205 1391 qui
257 1330 351 1383 tot,
405 1326 460 1371 et
504 1319 666 1371 tantis
718 1316 1091 1386 periculorum
1138 1319 1429 1371 exantlatis
1478 1318 1761 1374 laboribus
1817 1319 2062 1373 redditur
2101 1319 2319 1373 tandem
2369 1320 2526 1375 vobis
2569 1320 2883 1387 incolumis,
2940 1336 3051 1374 non
3093 1321 3357 1377 beneﬁcio

120 1412 280 1467 nostri
331 1398 734 1473 tantummodo,
782 1422 970 1462 verum
1016 1406 1181 1460 etiam
1225 1409 1390 1462 totius
1436 1409 1652 1463 concilii
1698 1408 1905 1478 judicio
1939 1409 2065 1464 talis
2107 1410 2473 1466 declaratus?
2510 1410 2640 1466 Post
2686 1412 2800 1467 haec
2840 1421 3044 1479 autem,
3084 1413 3355 1467 malorum

121 1504 388 1557 hominum
423 1502 560 1566 odio,
588 1515 651 1554 ac
693 1496 894 1552 invidia
929 1498 1103 1567 magis
1145 1498 1425 1568 magisque
1460 1500 1739 1570 gliscente,
1786 1515 2067 1570 novasque
2116 1515 2331 1570 semper
2363 1503 2591 1558 insidias
2622 1510 2813 1557 contra
2844 1503 3129 1559 Athanasii
3157 1518 3356 1556 nomen

120 1597 456 1651 molientibus
476 1594 718 1660 Arianis,
755 1591 1096 1648 Sardicensis
1121 1594 1461 1650 meumenica
1490 1595 1731 1665 synodus
1762 1604 2059 1650 convocata
2097 1605 2201 1663 est,
2238 1598 2325 1652 cui
2356 1599 2465 1653 duo
2491 1596 2721 1654 Romani
2746 1599 3047 1671 presbyteri
3071 1599 3339 1655 Archida-

120 1712 232 1750 mus
263 1703 316 1749 et
352 1693 687 1747 Philoxenus
748 1706 871 1746 cum
903 1689 1073 1746 Hosio
1105 1690 1443 1746 Cordubensi
1483 1692 1759 1762 episcopo,
1794 1692 2016 1747 nomine
2044 1709 2107 1748 ac
2138 1694 2256 1750 vice
2279 1693 2409 1749 Julii
2456 1692 2727 1765 pontiﬁcis
2752 1672 3129 1762 praefuerunt;
3164 1692 3222 1746 in
3254 1691 3359 1745 hac

118 1806 236 1844 vero
284 1786 575 1841 Athanasii
627 1786 749 1840 ﬁdei
798 1780 1081 1857 integritas
1128 1788 1359 1858 vitaeque
1404 1789 1671 1844 sanctitas
1725 1804 1919 1844 rursus
1974 1789 2043 1843 ab
2099 1789 2353 1845 universa
2393 1790 2603 1860 synodo
2651 1788 2830 1859 agnita
2871 1796 2976 1852 est,
3016 1794 3071 1841 et
3106 1785 3354 1841 omnium

122 1880 376 1950 suffragiis
405 1889 600 1935 contra
645 1878 882 1948 perﬁdos
907 1888 961 1933 et
992 1879 1272 1935 catholicae
1306 1881 1553 1935 veritatis
1594 1890 1648 1935 et
1690 1881 1975 1937 Athanasii
2007 1884 2330 1938 innocentia:
2355 1883 2607 1937 inimicos
2632 1881 3002 1951 comprobata.
3052 1879 3157 1935 Sed
3183 1894 3356 1950 quor-

124 1989 231 2029 sum
276 1975 389 2027 haec
439 1980 553 2025 tam
591 1972 750 2041 longe
798 1972 1050 2041 repetita,
1088 1981 1143 2026 et
1187 1972 1255 2025 ab
1307 1971 1433 2025 altis
1481 1980 1734 2027 revocata
1786 1972 2118 2042 principiis?
2153 1971 2442 2034 Nimirum,
2491 1982 2548 2026 ut
2585 1987 2774 2026 omnes
2821 1971 3144 2039 intelligant,
3190 1984 3355 2038 quam

122 2078 534 2123 consentaneum
566 2077 621 2126 et
648 2064 976 2122 conveniens
1026 2062 1211 2126 fuerit,
1248 2071 1308 2117 ut
1347 2078 1485 2132 opus
1519 2061 1576 2116 S.
1608 2063 1919 2129 Athanasii,
1958 2063 2115 2132 cujus
2160 2064 2221 2118 Β.
2267 2063 2629 2134 Hieronymus
2671 2061 2939 2124 meminit,
2984 2060 3131 2130 quod
3173 2059 3250 2130 pii
3290 2073 3356 2113 ac

119 2160 301 2214 eruditi
335 2162 594 2215 homines
639 2156 1165 2219 diu‘desiderarunt,
1231 2163 1286 2209 et
1326 2155 1527 2210 frustra
1571 2156 1883 2225 quaesitum,
1922 2158 2089 2211 veluti
2138 2158 2403 2212 amissum
2446 2172 2509 2211 ac
2544 2157 2883 2226 deperditum
2921 2156 3352 2226 complorarunt,

120 2267 232 2306 cum
274 2268 416 2307 nunc
451 2253 693 2323 primum
731 2252 785 2304 in
813 2251 991 2306 lucem
1039 2251 1287 2321 prodeat,
1323 2250 1454 2305 illud
1490 2261 1670 2305 vestro
1714 2252 1911 2307 illustri
1956 2253 2178 2306 nomine
2223 2253 2569 2322 inscriptum,
2612 2263 2667 2307 et
2709 2253 2886 2318 vobis,
2931 2251 3354 2308 eminentissimi

119 2343 311 2406 Patres,
346 2344 591 2398 dicatum
623 2344 677 2397 in
702 2343 980 2414 publicum
1012 2344 1226 2399 edatur.
1262 2343 1373 2399 Vos
1400 2345 1546 2398 enim
1578 2345 1721 2400 sacri
1756 2345 1905 2399 illius
1949 2354 2191 2411 senatus,
2217 2345 2307 2414 qui
2335 2360 2592 2414 magnum
2622 2343 2981 2400 Athanasium
3010 2344 3078 2398 ad
3110 2343 3170 2396 B.
3207 2342 3355 2399 Petri

119 2435 440 2499 cathedram,
466 2435 537 2490 ad
570 2445 818 2490 centrum
848 2438 1094 2501 unitatis,
1118 2438 1184 2492 ad
1223 2437 1427 2493 fontem
1463 2439 1748 2493 catholicae
1791 2440 2199 2495 Communionis
2246 2420 2650 2511 confugientem
2686 2441 3006 2511 complexus
3049 2449 3153 2504 est,
3195 2438 3353 2507 fovit,

117 2540 311 2588 tutatus
343 2545 463 2599 est,
505 2534 651 2589 vices
697 2534 891 2589 tenetis
923 2544 977 2589 et
1010 2535 1361 2605 dignitatem;
1418 2536 1530 2590 imo
1566 2551 1694 2589 vero
1729 2551 1853 2590 cum
1881 2537 1936 2590 in
1968 2548 2212 2591 vestrum
2246 2536 2615 2591 clarissimum
2644 2545 2845 2593 coetum
2892 2546 3088 2606 prieter
3119 2542 3351 2605 septem,

119 2644 252 2682 nunc
276 2646 403 2683 vero
433 2645 533 2684 sex
566 2629 872 2684 cardinales
903 2630 1190 2700 episcopos
1226 2630 1466 2685 urbanos
1499 2646 1594 2685 seu
1635 2631 2062 2697 suburbicarios,
2096 2631 2435 2686 selectissimi
2475 2647 2541 2686 ex
2576 2639 2691 2685 toto
2724 2629 2856 2684 orbe
2884 2628 3037 2698 juxta
3071 2640 3353 2681 sacrorum

118 2735 374 2775 canonum
400 2723 717 2792 praescripta
741 2721 818 2792 ('5)
860 2734 890 2773 a
918 2718 1180 2773 Romanis
1211 2719 1562 2788 pontiﬁcibus
1590 2722 1882 2790 cooptamli
1913 2721 2042 2787 sint,
2070 2722 2377 2777 admirabili
2405 2722 2604 2777 divinae
2626 2720 2987 2775 Providentiae
3022 2719 3079 2772 in
3106 2716 3353 2772 Ecclesia

120 2833 207 2871 sua
239 2819 520 2886 dirigenda
546 2833 611 2872 ac
650 2815 1001 2887 gubernanda
1028 2815 1279 2881 consilio,
1310 2830 1375 2869 eo
1400 2815 1662 2883 perducta
1699 2831 1787 2871 res
1810 2822 1914 2881 est,
1940 2826 2000 2870 ut
2025 2817 2403 2886 amplissimus
2429 2825 2613 2872 vester
2647 2816 2782 2871 ordo
2808 2830 2838 2870 e
2868 2814 3042 2869 tribus
3081 2811 3354 2882 supremis

119 2909 166 2964 in
196 2910 430 2967 Ecclesia
478 2912 782 2977 ordinibus,
816 2926 1011 2980 nempe
1043 2911 1336 2981 episcopis,
1372 2910 1703 2982 presbyteris
1747 2919 1802 2966 et
1841 2911 2163 2966 diaconibus
2202 2910 2262 2965 S.
2302 2911 2368 2965 R.
2403 2911 2466 2965 Ε.
2502 2910 2875 2966 cardinalibus
2910 2908 3246 2976 compositus
3284 2918 3353 2958 ex

120 3007 359 3065 universo
382 3016 654 3061 terrarum
697 3007 850 3071 orbe,
889 3015 950 3061 ut
982 3015 1187 3061 sanctae.
1232 3004 1489 3061 Ecclesiae
1531 3020 1773 3060 canones
1811 3006 2039 3075 provide
2067 3006 2448 3076 sapienterque
2494 3010 2915 3074 consuluerunt,
2945 3007 3162 3062 selectis
3190 3014 3354 3075 atque

118 3104 398 3169 arcessitis,
433 3119 545 3157 non
574 3103 737 3157 modo
764 3103 1049 3172 antiquum
1096 3100 1405 3155 Romanum
1434 3100 1834 3171 presbyterium
1867 3109 2236 3170 repraesentet,
2266 3103 2361 3156 sed
2402 3100 2663 3158 Romana:
2688 3103 2905 3174 synodi,
2932 3117 3054 3172 qua:
3092 3116 3124 3157 a
3159 3098 3352 3171 primis

118 3198 380 3252 catholicae
411 3198 539 3253 ﬁdei
584 3199 922 3267 temporibus
962 3195 1209 3252 Romano
1252 3195 1496 3266 pontiﬁci
1526 3198 1870 3265 gravissimis
1905 3198 1972 3252 de
2018 3198 2181 3254 rebus
2216 3199 2535 3254 deliberanti
2579 3215 2796 3270 semper
2834 3200 3043 3264 aderat,
3084 3205 3139 3253 et
3186 3211 3352 3267 quam

119 3291 275 3347 Graeci
302 3293 676 3364 ἐπιδημοῦσαν
710 3308 806 3346 seu
835 3291 1173 3362 ὲνδημοῦσαν
1217 3303 1435 3357 vocant,
1491 3299 1545 3345 et
1584 3307 1648 3363 eg

1817 3293 1995 3348 :abulo
2027 3292 2261 3351 fortasse
2306 3295 2451 3350 haud
2494 3295 2677 3365 inepto
2719 3302 3029 3361 praesentem
3078 3286 3349 3354 dixerim,

118 3385 281 3440 locum
325 3387 557 3456 adeptus
599 3386 671 3438 sit
710 3393 764 3439 et
806 3383 1183 3438 auctoritatem
1218 3399 1231 3436 :
1261 3382 1393 3451 quin
1436 3382 1623 3449 etiam,
1681 3381 1827 3452 quod
1879 3383 2036 3454 longe
2080 3384 2255 3455 magis
2310 3395 2413 3450 est,
2474 3383 2802 3439 universalis
2852 3379 3262 3451 quodamnodo,
3299 3386 3354 3434 et

120 3480 420 3547 domeStici,
461 3488 524 3534 ut
563 3479 666 3533 hoc
712 3478 930 3533 nomine
974 3487 1118 3542 utar,
1160 3477 1379 3531 concilii
1421 3476 1668 3532 Romano
1715 3479 1961 3548 pontifici
2004 3481 2260 3534 continue
2302 3480 2596 3535 assidentis
2635 3477 3147 3550 praestantissimam
3192 3474 3353 3530 nobis

122 3571 336 3636 speciem
370 3569 912 3639 pulcherrimamque
942 3566 1233 3636 imaginem
1264 3564 1534 3632 exhibeat,
1568 3574 1621 3619 et
1672 3574 1995 3635 potestatem
2024 3566 2186 3621 etiam
2223 3581 2333 3620 non
2364 3566 2588 3621 minima
2629 3583 2696 3621 ex
2735 3574 2891 3636 parte
2926 3565 3355 3635 dignitatemque

121 3660 364 3715 obtineat.
402 3662 489 3715 Ad
516 3660 632 3714 haec
673 3640 902 3723 accedit,
937 3655 1084 3727 quod
1112 3656 1293 3710 tenuis
1322 3655 1439 3710 haec
1479 3654 1682 3725 ingenii
1717 3656 1824 3709 mei
1852 3655 2105 3720 facultas,
2143 3663 2197 3710 et
2231 3656 2284 3708 in
2325 3655 2714 3710 ecclesiasticis
2736 3654 2969 3724 aliisque
3004 3653 3170 3708 rebus
3196 3652 3354 3705 labor

121 3763 167 3808 et
192 3755 476 3818 industria,
516 3767 855 3822 quaecunque
898 3766 959 3805 ea
1006 3750 1097 3817 sit,
1128 3764 1292 3819 quam
1341 3750 1539 3814 sentio,
1575 3765 1741 3819 quam
1792 3752 1865 3805 sit
1910 3751 2130 3821 exigua,
2175 3759 2288 3804 tota
2332 3759 2514 3805 vestra
2561 3760 2664 3817 est,
2717 3757 2835 3805 tum
2885 3748 3101 3804 ratione
3159 3760 3355 3801 mune-

122 3845 207 3907 ris,
255 3862 358 3914 quo
396 3844 619 3914 (ungor,
676 3852 789 3896 tum
843 3838 1109 3894 electione
1158 3839 1453 3894 voluntatis
1491 3858 1504 3893 :
1538 3840 1751 3894 ratione
1803 3839 2022 3909 quidem
2055 3842 2321 3904 muneris,
2354 3842 2483 3912 quia
2534 3842 2733 3895 abhinc
2778 3840 3058 3895 biennium
3104 3838 3353 3893 omnium

122 3951 345 3996 vestrum
385 3940 662 4009 suffragiis
710 3952 738 3990 a
784 3935 1010 3991 secretis
1048 3934 1455 4003 praeclarissimi
1489 3934 1702 4003 collegii
1741 3935 1907 3988 vestri
1951 3934 2296 3989 renuntiatus
2337 3950 2482 3999 sum,
2516 3943 2570 3988 et
2603 3933 3003 3989 humanissima
3041 3932 3352 3986 animorum

121 4038 413 4085 vestrorum
462 4026 858 4098 signiﬁcatione
899 4031 1159 4093 exceptus
1192 4039 1207 4091 ;
1243 4023 1508 4077 electione
1563 4031 1746 4077 autem
1805 4024 2123 4089 voluntatis,
2150 4026 2276 4091 quia
2318 4040 2420 4096 ego
2465 4039 2679 4093 semper
2707 4022 3222 4093 praestantissimum
3260 4036 3354 4076 ve-

124 4134 279 4178 strum
313 4132 518 4181 cretum
556 4135 771 4176 summo
797 4118 967 4174 animi
992 4112 1277 4187 obsequio,
1301 4126 1355 4171 et
1382 4132 1446 4172 ea
1480 4117 1851 4183 veneratione,
1887 4132 1995 4186 qua
2026 4132 2124 4186 par
2150 4127 2291 4185 erat,
2326 4127 2652 4187 prosecutus
2686 4129 2828 4170 sum.
2854 4111 3068 4167 Etenim
3109 4126 3141 4166 a
3172 4110 3354 4181 prima

120 4219 407 4287 juvenlute,
445 4219 695 4290 quamvis
736 4232 802 4271 eo
838 4227 1079 4285 tempore
1119 4214 1398 4269 assiduam
1446 4214 1591 4283 apud
1633 4213 1924 4269 duodecim
1969 4213 2153 4280 viros,
2199 4229 2338 4285 quos
2384 4214 2539 4269 Bolae
2583 4212 2861 4268 auditores
2893 4217 3128 4273 vocant,
3168 4207 3353 4264 causis

125 4310 500 4378 cognoscendis
528 4322 749 4377 operam
793 4308 1000 4372 darem,
1043 4305 1111 4359 de
1143 4304 1426 4359 titulorum
1451 4303 1684 4373 origine,
1713 4305 1808 4374 qui
1838 4319 1869 4358 a
1897 4313 2088 4358 sancto
2128 4302 2380 4359 Evaristo
2410 4304 2673 4361 Romanis
2701 4301 3031 4375 presbyteris
3070 4297 3351 4356 distributi

126 4412 258 4468 sunt,
303 4404 481 4473 deque
552 4418 706 4457 sacra
740 4401 985 4469 liturgia,
1014 4409 1068 4455 et
1111 4400 1178 4454 de
1221 4400 1469 4455 collectis
1507 4415 1602 4454 seu
1634 4400 2021 4470 eleemosynis,
2054 4401 2289 4470 aliisque
2311 4402 2495 4468 rebus,
2528 4417 2650 4472 quae
2678 4400 2743 4455 ad
2769 4400 2974 4465 titulos,
3011 4407 3067 4454 et
3092 4395 3352 4453 ecclesias

125 4503 318 4549 vestras
350 4496 719 4566 pertinebant,
748 4493 991 4547 libellum
1023 4499 1076 4547 in
1110 4492 1384 4563 publicam
1407 4494 1585 4548 lucem
1623 4495 1803 4549 emisi.
1834 4494 1945 4549 Nec
1972 4496 2146 4549 multo
2173 4504 2318 4564 post,
2341 4510 2453 4549 uno
2484 4511 2551 4550 ex
2580 4502 2760 4550 vestro
2789 4492 3019 4563 collegio
3052 4500 3107 4546 et
3135 4489 3353 4561 generis

126 4585 412 4653 nobilitate,
461 4596 516 4642 et
555 4600 769 4639 morum
802 4585 1110 4654 integritate
1154 4583 1380 4647 eximio,
1426 4584 1522 4652 qui
1546 4583 1878 4653 jampridem
1927 4600 1990 4640 ex
2042 4584 2144 4638 hac
2192 4584 2410 4638 mortali
2454 4584 2566 4637 vita
2601 4584 2667 4639 ad
2697 4583 2972 4638 caelestem
3004 4580 3262 4651 patriam,
3290 4587 3354 4633 ut

126 4698 329 4751 sperare
356 4687 439 4742 fas
474 4694 578 4749 est,
611 4685 885 4753 migravit,
914 4683 1169 4737 hortante
1195 4697 1258 4736 ac
1286 4682 1571 4747 suadente,
1598 4691 1844 4736 vestrum
1875 4682 2286 4737 sanctissimum
2316 4697 2539 4748 nomen,
2574 4689 2924 4751 vestramque
2946 4677 3349 4742 auctoritatem,

125 4795 236 4847 qua:
260 4782 618 4853 quorumdam
666 4779 1039 4849 improborum
1087 4777 1435 4833 sermonibus
1484 4776 1868 4846 impetcbatur,
1904 4776 2046 4830 tueri
2077 4776 2265 4829 curavi
2307 4776 2522 4845 prolixo
2564 4788 2729 4846 opere
2762 4772 2988 4841 scripto,
3027 4768 3173 4840 quod
3206 4781 3351 4821 nun-

125 4885 273 4938 quam
307 4875 540 4944 prodivit
573 4874 626 4927 in
674 4874 974 4942 publicum,
1010 4874 1140 4942 quia
1182 4888 1363 4942 neque
1407 4872 1548 4925 ratio
1584 4880 1916 4940 temporum,
1947 4886 2067 4939 qua:
2092 4881 2282 4940 postea
2312 4872 2608 4927 subsecuta
2656 4876 2804 4932 sunt,
2830 4879 3011 4936 neque
3038 4861 3353 4932 reipublicze

128 4959 340 5026 utilitas,
369 4978 547 5031 neque
579 4962 688 5016 ulla
716 4961 963 5030 ejusdem
998 4960 1178 5029 eperis
1209 4960 1527 5029 praestantia
1556 4959 1821 5027 exigebat.
1851 4957 2055 5012 Deinde
2089 4975 2217 5013 vero
2245 4961 2511 5029 singulari
2531 4957 2881 5014 benilicentia
2909 4964 3115 5012 sanctae.
3140 4967 3353 5008 memo-

126 5050 211 5104 riae
237 5052 527 5109 Clementis
564 5052 657 5105 Xll
704 5056 908 5109 credita
955 5055 1089 5108 mihi
1122 5064 1206 5109 est
1253 5055 1500 5109 custodia
1547 5053 1841 5109 sanctioris
1880 5055 2090 5108 archivi
2130 5056 2296 5110 castri
2351 5055 2410 5109 S.
2457 5056 2669 5126 Angeli,
2702 5064 2758 5110 et
2784 5054 2948 5125 paulo
2983 5060 3107 5123 post
3148 5065 3352 5105 munus

128 5150 503 5209 abbreviatoris
535 5155 602 5210 de
634 5156 808 5221 curia,
840 5156 1122 5225 quibusin
1163 5155 1505 5219 muneribus,
1542 5153 1721 5222 quoad
1761 5154 1937 5222 potui,
1982 5169 2046 5209 ea
2092 5169 2225 5208 cura
2270 5168 2333 5207 ac
2372 5153 2655 5223 diligentia
2694 5155 2944 5205 versatus
2989 5158 3135 5208 sum,
3164 5151 3225 5197 ut
3253 5154 3351 5197 vos

127 5241 223 5311 ipsi
244 5246 435 5315 saepius
465 5246 532 5301 de
561 5263 649 5301 me
678 5247 1291 5302 honoriﬁcentissimum
1336 5247 1712 5301 testimonium
1743 5246 2033 5315 perhibere
2064 5262 2172 5301 non
2202 5246 2604 5301 dubitaveritis.
2639 5246 2852 5298 Interea
2886 5254 3017 5296 vero
3045 5239 3112 5293 iis
3140 5244 3350 5306 tempo-

128 5352 238 5392 rum
273 5340 587 5408 intervallis,
616 5359 736 5413 quae
759 5344 891 5398 mihi
918 5360 947 5398 a
971 5344 1198 5414 reliquis
1227 5342 1682 5412 occupationibus
1711 5342 2179 5407 concedebantur,
2207 5342 2440 5397 multum
2470 5356 2649 5411 opera:
2677 5336 2994 5405 laborisque
3032 5329 3347 5401 consumpsi

131 5427 181 5480 in
210 5432 535 5487 ailornandis
567 5434 1064 5501 observationibus,
1092 5433 1562 5504 longioribusque,
1603 5432 1649 5487 si
1681 5432 1901 5501 quando
1944 5447 2083 5502 opus
2122 5432 2249 5495 fuit,
2293 5430 2774 5486 dissertationibus
2804 5426 2943 5498 typis
2970 5426 3134 5479 etiam
3168 5425 3222 5477 in
3247 5438 3351 5493 puo

131 5518 314 5577 blicum
355 5527 536 5591 editis,
566 5542 665 5595 pro
707 5528 1045 5597 corrigendis
1077 5526 1467 5582 ecclesiasticis
1492 5524 1855 5581 Orientalium
1893 5528 2178 5581 nationum
2219 5527 2398 5592 libris,
2439 5535 2499 5581 ut
2520 5544 2586 5582 ex
2615 5524 2881 5581 sententia
2911 5516 3350 5592 congregationis

132 5619 495 5673 nonnullorum
528 5629 731 5674 sanctae
754 5620 1016 5687 Romanae
1040 5619 1298 5675 Ecclesiae
1335 5618 1718 5683 cardinalium,
1754 5618 1909 5688 cujus
1941 5634 2044 5689 ego
2083 5635 2112 5674 a
2150 5621 2374 5676 secretis
2410 5620 2477 5676 ab
2510 5622 2699 5677 eodem
2737 5620 3013 5676 Clemente
3040 5604 3160 5682 Xll,
3210 5629 3349 5686 pon-

197 5755 264 5821 (ὅ)
302 5757 503 5815 Concil.
530 5758 771 5818 Trident.
803 5761 876 5816 De
904 5761 1140 5831 reform.,
1174 5775 1309 5817 sess.
1334 5775 1481 5828 xxiv,
1506 5774 1625 5829 cap.
1665 5759 1712 5814 l.
