3880 6216
458 302 565 382 $95
1307 326 1365 383 S.
1402 327 1775 387 ATHANASII
1814 332 1965 389 OPP.
2008 334 2186 390 PARS
2222 335 2310 390 Ill.
2342 368 2411 379 -—
2442 331 2854 391 EXEGETICA.
3607 331 3709 387 596

460 442 702 499 tiﬂcatus
753 442 840 498 sui
891 440 1068 508 initio,
1106 441 1178 497 cl.
1217 457 1383 498 mem.
1430 444 1695 499 cardinali
1746 445 2041 503 Francisco
2088 448 2389 505 Barherino
2437 448 2749 519 postulante
2792 443 3146 510 constitutus,
3188 449 3243 496 et
3288 456 3318 496 a
3360 440 3708 497 sanctissimo

461 537 687 593 domino
715 546 906 593 nostro
941 532 1236 592 Benedicto
1277 536 1392 591 XIV
1416 539 1771 596 conﬁrmatus
1808 540 1907 608 fui,
1943 543 2219 597 emendati
2260 542 2316 596 in
2347 541 2704 613 typographia
2739 552 2910 594 sacra
2948 536 3387 608 congregationis
3410 536 3477 593 de
3499 535 3706 606 Propa-

461 636 641 705 gauda
670 634 801 688 Fide
830 633 896 688 ad
932 648 1281 688 communem
1304 643 1615 689 exterarum
1652 637 1938 691 nationum
1968 637 2257 692 utilitatem
2289 637 2755 706 imprimerentur.
2786 632 3014 687 Demum
3058 648 3155 703 per
3199 632 3388 687 eadem
3420 632 3537 685 hac
3573 641 3711 685 tem-

426 744 431 747 -
463 738 621 793 pora,
662 724 879 791 quoties
913 721 1047 775 mihi
1076 721 1465 777 demandatum
1495 733 1600 788 est,
1635 735 1689 779 et
1711 737 1975 795 quantum
2013 727 2215 796 ingenii
2244 728 2348 781 mei
2390 725 2735 780 imbecillitas
2761 725 2986 793 aliaque
3019 726 3406 795 occupationes
3435 724 3712 787 sinebant,

463 830 576 869 non
606 814 754 870 defui
781 817 833 870 in
866 817 1176 871 asserendis
1202 814 1465 872 Romana
1505 817 1764 875 Ecclesia
1792 820 2028 890 juribus,
2048 821 2495 891 defendendaque
2523 820 2642 890 ejus
2665 819 2929 889 dignitate
2962 829 3015 874 et
3041 818 3392 881 auctoritate,
3414 827 3467 871 et
3490 815 3713 889 potissi-

466 923 617 961 mum
636 908 691 961 in
716 908 920 962 tuendo
937 906 1057 975 ejus
1074 908 1321 963 dominio
1342 920 1504 980 atque
1528 912 1753 981 imperio
1772 914 1824 967 in
1847 915 2192 971 nobilissima
2217 916 2336 985 ejus
2353 915 2667 987 patrimonii
2684 922 2855 985 parte,
2873 929 2993 983 qua
3009 915 3240 968 aliorum
3258 913 3425 967 armis
3447 920 3716 981 occupata

465 1005 763 1060 etiamnum
783 1005 1057 1060 immerito
1079 1006 1363 1071 retinetur,
1382 1008 1556 1063 donec
1578 1011 1782 1065 sedatis
1804 1020 2081 1067 tantorum
2100 1012 2363 1067 bellorum
2382 1012 2642 1075 motibus,
2659 1020 2707 1065 et
2731 1010 2933 1080 pacatis
2948 1007 3262 1063 bellantium
3281 1003 3589 1074 principum
3606 1017 3719 1055 am-

465 1096 590 1162 mis,
608 1111 704 1165 per
720 1112 866 1164 eum,
891 1099 983 1171 qui
1006 1096 1143 1153 mari
1163 1108 1219 1154 et
1244 1104 1421 1158 ventis
1441 1104 1693 1174 imperat,
1712 1121 1775 1161 ac
1800 1107 2243 1176 tranquillitatem
2275 1107 2424 1173 facit,
2446 1122 2570 1177 spes
2596 1107 2790 1161 melior
2813 1105 3041 1174 Europa
3066 1115 3119 1158 et
3158 1101 3419 1156 Romana
3450 1098 3719 1154 Ecclesia

466 1187 631 1244 rebus
676 1190 953 1262 aii‘ulgeat.
984 1192 1165 1259 Quare
1212 1198 1538 1270 intelligitis,
1586 1202 2008 1258 eminentissimi
2056 1202 2268 1271 Patres,
2316 1220 2437 1259 mea
2472 1204 2678 1269 omnia,
2726 1203 3129 1273 qualiacunque
3166 1199 3296 1263 sint,
3337 1207 3523 1252 vestra
3567 1211 3717 1263 esse,

467 1297 592 1337 cum
626 1300 657 1340 a
683 1288 879 1357 primis
901 1291 1206 1360 juventutis
1238 1297 1397 1353 annis
1435 1313 1599 1353 omne
1620 1314 1804 1354 meum
1851 1300 2118 1369 studium,
2155 1301 2458 1371 ingenium,
2489 1315 2739 1370 operam,
2773 1299 3011 1352 laborem
3051 1306 3212 1365 atque
3265 1292 3594 1347 industriam
3627 1305 3723 1345 ve-

468 1387 585 1433 stro
616 1382 848 1451 nomini,
880 1396 933 1439 et
957 1390 1272 1455 apostolica
1301 1393 1415 1447 sedi
1457 1392 1674 1462 penitus
1703 1395 2005 1449 addixerim
2044 1412 2109 1451 ac
2138 1396 2456 1451 dicaverim.
2488 1395 2568 1451 Ex
2610 1396 2694 1450 bis
2722 1402 2903 1449 autem
2932 1403 3263 1461 cognoscere
3291 1386 3542 1456 potestis,
3580 1393 3725 1454 quot

470 1470 786 1528 nominibus
815 1475 972 1531 vobis
994 1478 1278 1534 deberetur
1305 1482 1626 1549 praclarum
1653 1484 1758 1539 hoc
1784 1484 1966 1554 magni
1998 1484 2284 1541 Athanasii
2318 1502 2480 1556 opus,
2518 1487 2574 1540 in
2620 1500 2731 1554 quo
2763 1500 2793 1539 e
2833 1482 3022 1538 Graco
3056 1480 3112 1533 in
3144 1477 3402 1532 Latinum
3424 1475 3719 1539 vertendo,

469 1560 741 1629 corruptis
768 1561 823 1616 in
851 1563 1009 1631 locis,
1038 1568 1216 1636 quoad
1244 1569 1411 1633 valui,
1445 1570 1809 1638 emendando,
1836 1580 1891 1626 et
1919 1573 2201 1627 nonnullis
2231 1574 2415 1643 parvis
2440 1573 2583 1627 notis
2615 1572 2936 1627 illustrando
2961 1570 3279 1638 auctorique
3298 1583 3398 1623 suo
3421 1565 3725 1622 asserenda

470 1665 578 1706 non
608 1668 801 1721 parum
835 1657 1153 1714 allaboravi.
1196 1659 1263 1715 Ut
1287 1678 1414 1717 vero
1444 1666 1836 1719 munusculum
1865 1667 1989 1733 hoc,
2014 1667 2161 1736 quod
2194 1668 2348 1723 vobis
2384 1668 2688 1722 humillime
2726 1666 2926 1729 olIero,
2952 1663 3157 1721 lubenti
3190 1663 3373 1717 animo
3406 1660 3727 1730 excipiatis,

471 1742 606 1797 satis
634 1759 755 1800 esse
782 1757 912 1815 puto
938 1749 1222 1815 Athanasii
1253 1768 1451 1808 nomen
1482 1772 1494 1808 :
1539 1756 1643 1809 hac
1673 1772 1782 1810 una
1819 1757 1965 1812 enim
2006 1757 2503 1824 commendatione,
2566 1766 2750 1812 certus
2786 1770 2908 1810 sum
2957 1755 3111 1809 vobis
3158 1751 3277 1806 fore
3310 1750 3729 1820 gratissimum.

470 1831 607 1888 Nam
630 1838 1096 1896 eminentissimus
1124 1841 1413 1909 Baronius,
1460 1860 1719 1915 magnum
1746 1848 1953 1903 ordinis
1978 1849 2145 1903 vestri
2163 1859 2549 1903 ornamentum
2567 1860 2621 1902 et
2638 1847 2827 1913 decus,
2854 1846 2909 1899 in
2934 1846 3049 1900 suis
3071 1843 3462 1898 Ecclesiasricis
3493 1840 3732 1893 Annali-

473 1922 568 1979 δίη
586 1925 692 1998 (4)ε
719 1946 737 1979 ε
761 1929 929 1997 Adeo,
966 1932 1165 2003 inQuit,
1189 1949 1313 2008 post
1350 1949 1425 1995 tot
1449 1949 1706 2011 tantaque
1735 1943 1855 2012 ejus
1881 1960 1981 2012 pro
1998 1953 2143 1999 recta
2168 1945 2271 1998 {ide
2287 1945 2606 2007 certamina,
2624 1941 3118 1997 Athanasiinomen
3138 1939 3371 2010 posteris
3386 1937 3652 1992 doctrina
3676 1944 3737 1988 et

473 2015 783 2075 sanctitatis
808 2019 1111 2089 fulgoribus
1140 2027 1348 2083 clarum
1387 2030 1610 2098 elfulsit,
1641 2041 1700 2085 ut
1733 2049 1964 2103 quaque
1993 2034 2166 2103 ipsius
2198 2035 2403 2103 scripta
2440 2050 2549 2089 non
2584 2035 2747 2088 modo
2774 2034 2929 2087 avide
2964 2033 3291 2101 legerentur,
3325 2029 3420 2084 sed
3454 2022 3734 2097 singulari

474 2111 710 2178 quadam
742 2118 1049 2172 reverentia
1078 2119 1407 2175 colerentur.
1450 2139 1469 2171 ι
1500 2119 1687 2190 Itaque
1710 2122 1846 2174 nihil
1874 2122 2024 2175 aliud
2061 2123 2196 2176 mihi
2229 2125 2500 2193 reliquum
2530 2133 2638 2187 est,
2670 2124 2774 2178 nisi
2801 2132 2859 2177 ut
2888 2122 3058 2177 Deum
3088 2121 3453 2176 immortalem
3481 2116 3735 2173 submis-

475 2198 552 2255 sis
578 2203 834 2270 precibus
862 2221 1035 2275 orem,
1068 2218 1125 2263 ut
1147 2223 1244 2264 vos
1268 2209 1361 2262 diu
1398 2225 1563 2265 sanos
1589 2220 1753 2281 atque
1786 2213 2088 2268 incolumes
2118 2224 2335 2283 praestet
2371 2231 2496 2269 cum
2540 2230 2798 2284 supremo
2848 2224 3055 2277 nostro,
3094 2222 3257 2282 atque
3303 2210 3551 2264 omnium
3582 2205 3730 2260 iide-

476 2290 610 2347 lium
638 2304 861 2364 pastore
886 2297 1177 2356 Benedicto
1200 2303 1339 2373 XIV,
1366 2307 1652 2363 catholica
1679 2307 1953 2376 Ecclesia,
1978 2311 2361 2381 plaudentibus
2392 2310 2669 2375 omnibus,
2702 2310 2963 2365 divinitus
3001 2308 3151 2374 dato,
3182 2306 3273 2377 qui
3297 2313 3561 2374 quantum
3586 2300 3736 2353 inter

475 2387 715 2459 reliquos
741 2394 1002 2449 mortales
1024 2396 1284 2468 dignitate
1306 2416 1369 2455 ac
1400 2411 1668 2471 potestate
1697 2404 2033 2473 praeminet,
2069 2412 2279 2459 tantum
2311 2405 2526 2474 ingenio
2555 2418 2851 2473 rerumque
2892 2400 3249 2472 intelligentia
3291 2394 3549 2466 pracellit
3580 2411 3594 2446 :
3632 2392 3733 2461 qui

477 2493 601 2535 cum
634 2486 920 2553 apostolici
950 2489 1150 2557 gradus
1191 2489 1522 2546 sublimitate
1568 2508 1734 2563 supra
1768 2509 1959 2549 omnes
1998 2494 2089 2561 sit,
2133 2495 2474 2548 humanitate
2509 2510 2572 2549 ac
2608 2494 2941 2564 benignitate
2971 2491 3113 2547 infra
3163 2505 3353 2545 omnes
3403 2501 3525 2541 esse
3569 2483 3731 2537 vide-

478 2582 565 2630 tur
613 2595 627 2632 :
686 2579 780 2647 qui
839 2596 924 2634 me
975 2582 1153 2637 adhuc
1184 2584 1581 2640 adolescentem
1626 2587 1889 2657 singulari
1940 2588 2313 2643 benevolentia
2346 2588 2664 2658 complexus
2704 2598 2787 2643 est
2819 2607 2830 2641 :
2866 2587 2963 2657 qui
3009 2601 3096 2640 me
3129 2600 3237 2639 non
3290 2583 3463 2638 solum
3497 2580 3686 2635 verbis
3714 2622 3730 2644 ,

478 2670 574 2725 sed
626 2672 787 2727 etiam
840 2676 1100 2744 praclaro
1147 2680 1394 2748 exemplo
1444 2695 1566 2745 suo,
1605 2690 1660 2737 et
1711 2683 1777 2736 ad
1826 2683 1968 2752 juris
2019 2692 2127 2736 tam
2183 2683 2377 2752 privati
2439 2698 2603 2751 quam
2657 2682 2859 2751 publici
2910 2678 3161 2735 notitiam
3196 2672 3619 2744 assequendum,
3672 2681 3731 2725 et

478 2758 546 2813 ad
617 2760 732 2817 hac
793 2763 899 2817 alia
956 2765 1230 2820 sanctiora
1289 2770 1500 2832 studia,
1559 2786 1683 2840 qua
1740 2771 1795 2824 in
1864 2780 2065 2827 sortem
2131 2772 2227 2826 Dei
2283 2780 2507 2827 vocatos
2574 2773 2812 2827 maxime
2876 2773 3106 2836 decent,
3178 2767 3359 2823 verbis
3421 2766 3534 2821 suis
3606 2762 3728 2833 jam

478 2856 609 2909 olim
646 2856 861 2928 impulit
900 2874 963 2915 ac
1008 2860 1355 2915 stimulavit:
1393 2863 1487 2932 qui
1551 2879 1801 2918 summus
1858 2864 2117 2920 Ecclesia
2159 2863 2402 2934 ponlifex
2448 2865 2817 2927 renuntiatus,
2872 2874 3089 2932 postero
3148 2859 3435 2916 electionis
3501 2856 3609 2921 die,
3665 2869 3735 2911 ut

479 2949 766 3006 liberiores
788 2952 922 3006 mihi
950 2952 1015 3006 ad
1048 2968 1172 3007 eum
1200 2953 1379 3008 aditus
1421 2962 1626 3021 essent,
1672 2955 1812 3009 inter
1853 2954 2170 3020 familiares,
2212 2954 2303 3025 qui
2348 2954 2417 3008 ab
2458 2954 2651 3007 intimo
2677 2953 2933 3007 cubicqu
2980 2960 3130 3017 sunt,
3184 2950 3422 3018 primum
3475 2944 3729 2999 omnium

477 3040 701 3107 ascivit,
726 3052 781 3097 et
815 3044 1200 3114 triennimpost
1229 3059 1259 3098 a
1310 3045 1531 3100 secretis
1560 3061 1728 3100 sacra
1764 3046 2199 3116 congregationis
2238 3061 2402 3115 super
2434 3044 2596 3099 rebus
2628 3043 3103 3100 consistorialibus
3141 3038 3437 3095 declaravit
3465 3056 3477 3090 :
3505 3036 3601 3104 qui
3628 3034 3734 3089 de-

482 3148 656 3196 mum,
690 3149 814 3188 cum
860 3150 1045 3189 rerum
1087 3135 1581 3191 ecclesiasticarum
1627 3136 1931 3201 scientiam,
1963 3144 2015 3189 et
2046 3151 2323 3190 sacrarum
2378 3136 2682 3189 litterarum
2717 3133 2897 3189 studia
2931 3149 3040 3188 non
3094 3132 3257 3186 modo
3296 3131 3348 3182 in
3381 3143 3438 3183 se
3469 3134 3617 3181 amet
3668 3141 3735 3179 ac

482 3222 691 3294 diligat,
724 3224 818 3278 sed
840 3224 1002 3278 etiam
1035 3225 1089 3278 in
1115 3225 1237 3279 aliis
1264 3240 1384 3280 esse
1415 3241 1577 3295 quam
1606 3227 1842 3280 maxime
1867 3226 2074 3294 cupiat,
2118 3241 2340 3295 parvam
2390 3240 2564 3278 meam
2597 3224 2982 3277 bibliothecam
3011 3220 3288 3291 praeclaris
3322 3217 3438 3272 suis
3468 3213 3734 3284 operibus

483 3309 562 3364 De
613 3312 998 3380 beatiﬁcatione
1047 3321 1096 3367 et
1157 3316 1559 3369 canonizatione
1613 3331 1879 3369 servorum
1931 3315 2066 3380 Dei,
2115 3315 2191 3368 De
2246 3314 2374 3368 Iesu
2422 3314 2621 3369 Christi
2680 3312 2973 3382 Matrisque
3022 3314 3136 3383 ejus
3202 3310 3378 3379 festis,
3430 3305 3508 3361 De
3554 3305 3737 3358 misse

483 3404 747 3473 sacriﬁcio
796 3405 1091 3461 liberaliter
1141 3407 1359 3465 donatis
1392 3410 1696 3476 .instruxit,
1746 3425 1856 3480 quo
1881 3424 2107 3466 munere
2135 3410 2268 3464 nihil
2296 3410 2427 3463 mihi
2463 3409 2799 3480 splendidius
2830 3404 3371 3478 magniﬁcentiusque
3402 3412 3525 3454 esse
3563 3397 3733 3453 duco.

487 3492 695 3553 Valete.

731 3657 896 3707 Romae
959 3659 1190 3709 Kalendis
1212 3658 1343 3708 Junii
1382 3659 1500 3708 Πιιὸ

2657 3714 2886 3763 Nicolaus
2908 3714 3221 3763 Δκτοκειιῠε

2066 3807 2297 3869 Ejusdem
2321 3818 2419 3858 sac.
2449 3806 2658 3869 Collegii
2682 3812 2734 3854 et
2754 3818 2849 3855 sac.
2874 3802 3157 3854 Cousistorii
3182 3815 3208 3851 a
3234 3797 3444 3850 secretis

558 3934 638 4005 (ιι
670 3935 752 3992 Ad
776 3949 868 3993 au.
897 3936 1019 4004 540,
1046 3953 1102 3993 n.
1136 3935 1226 3991 XI.
