3880 6216
423 325 525 382 599
1246 327 1305 384 S.
1347 327 1722 384 ATHANASII
1761 327 1912 384 OPP.
1937 326 2118 382 PARS
2149 326 2237 383 lll.
2270 358 2336 368 —
2365 323 2778 382 EXEGETICA.
3559 326 3666 384 ϐω

424 445 581 499 theca
607 443 962 500 collocarunt.
995 443 1127 499 Nam
1154 459 1220 500 ex
1249 461 1312 500 ea
1349 447 1494 518 typis
1511 447 1776 517 .impressi
1809 448 1862 502 in
1892 447 2074 501 lucem
2095 446 2416 516 prodierunt
2445 444 2691 514 praeclari
2721 443 3014 512 scriptores
3034 481 3050 508 ,
3081 459 3188 514 qui.
3211 442 3264 496 in
3295 441 3535 499 tenebris
3565 442 3664 498 de-

422 540 775 608 litescebant,
811 543 976 597 veluti
1009 544 1276 618 Georgius
1313 550 1700 620 Pachymeres,
1737 547 2048 618 Stephanus
2089 547 2381 619 Byzantius
2417 546 2492 599 De
2518 544 2758 610 urbibus,
2809 541 2868 597 S.
2904 541 3078 610 Nilus,
3129 543 3332 613 aliique
3364 559 3376 594 :
3416 541 3669 598 nonnulli

425 650 554 689 vero
585 633 982 692 emendatiores
1015 642 1483 713 correctioresque
1513 644 1567 697 in
1599 644 1881 714 publicum
1903 643 2090 699 emissi
2122 651 2269 705 sunt,
2303 641 2666 705 hortantibus,
2696 649 2792 693 aut
2816 637 3032 693 codices
3062 645 3117 692 et
3146 645 3399 706 sumptus
3423 651 3669 692 commo—

424 733 681 790 dantibus
711 735 1103 804 cardinalibus,
1136 745 1188 792 et
1217 739 1554 810 principibus
1585 740 1920 805 Barberinis,
1950 741 2044 812 qui
2093 741 2372 796 communi
2405 739 2710 793 litterarum
2738 736 3214 806 litteratorumque
3244 734 3528 790 hominum
3560 731 3669 786 uti-

425 827 566 881 litati
593 843 806 901 semper
835 831 1180 896 studuerunt,
1205 849 1410 905 eosque
1440 844 1494 890 et
1525 853 1691 906 opera
1715 845 1770 892 et
1799 853 1990 902 censu,
2017 845 2282 906 quantum
2318 836 2373 889 in
2401 849 2461 890 se
2494 833 2618 898 fuit,
2644 833 2926 904 juvarunt.

495 915 560 971 ll.
598 916 745 972 luter
786 921 922 976 alios
963 931 1143 978 autem
1187 927 1456 995 pretiosos
1501 929 1718 985 codices
1767 944 1905 998 quos
1935 928 2231 983 Barberina
2273 927 2604 982 bibliotheca
2646 934 2848 991 servat,
2894 931 3071 979 exstat
3112 923 3284 979 codex
3323 921 3571 984 Graecus,
3602 935 3668 976 ea

421 1004 600 1061 forma
627 1023 789 1077 quam
817 1011 872 1064 in
902 1021 1093 1081 quarto
1128 1025 1345 1081 vocant,
1390 1016 1736 1080 chartaceus,
1773 1033 1879 1073 non
1913 1017 2265 1089 calligraphia
2299 1031 2395 1072 seu
2433 1015 2765 1071 characteris
2799 1013 3222 1084 pulchritudine,
3254 1012 3346 1082 qui
3381 1026 3576 1066 recens
3613 1013 3670 1064 et

426 1096 677 1153 informis
705 1108 810 1166 est,
845 1101 940 1155 sed
999 1117 1059 1157 re
1089 1119 1254 1174 quam
1299 1109 1544 1162 continet
1577 1109 2083 1178 praestantissimus.
2115 1106 2328 1162 Etenim
2369 1123 2438 1163 eo
2463 1108 2775 1162 continetur
2801 1104 3176 1175 interpretatio
3198 1101 3384 1158 Graeca
3417 1100 3669 1191 Psalma-

426 1209 550 1248 rum
585 1196 916 1252 sanctissimi
947 1195 1123 1254 Patris
1155 1211 1318 1272 atque
1352 1204 1749 1274 archiepiscopi
1785 1202 2139 1257 Alexandrini
2165 1200 2468 1256 Athanasii.
2502 1199 2686 1255 Codex
2729 1202 3069 1271 apographus
3096 1210 3214 1267 est,
3245 1199 3560 1268 descriptus
3600 1199 3672 1252 ab

426 1295 642 1350 Andrea
672 1294 922 1363 Schotto,
954 1297 1158 1370 inclyto
1191 1295 1481 1352 Societatis
1505 1296 1633 1352 Jesu
1665 1298 1910 1361 alumno,
1945 1312 2042 1351 seu
2071 1295 2255 1366 potius
2289 1296 2410 1364 ejus
2436 1295 2595 1365 jussu
2629 1295 2698 1358 ab
2723 1297 3039 1374 amanuensi
3074 1311 3140 1351 ex
3172 1297 3342 1350 altero
3369 1294 3558 1350 codice
3585 1292 3674 1346 bi—

427 1385 712 1442 bliothecae
731 1387 1084 1460 Augustanaa.
1113 1389 1269 1445 Hunc
1297 1399 1484 1460 postea
1517 1390 1758 1444 codicem
1790 1390 1844 1442 in
1874 1397 2196 1458 potestatem
2231 1389 2443 1444 venisse
2471 1397 2603 1458 puto
2637 1387 2796 1442 Luca?
2829 1386 3117 1452 Holstenii,
3159 1389 3254 1458 qui
3302 1386 3571 1441 hatredem
3601 1398 3672 1438 ex

427 1494 550 1535 asse
578 1481 812 1538 instituit
842 1484 1208 1540 clarissimum
1233 1485 1562 1539 cardinalem
1597 1483 1950 1540 Franciscum
1984 1483 2341 1540 Barberinum
2372 1484 2668 1549 seniorem,
2697 1489 2752 1538 et
2776 1481 2972 1539 deinde
2998 1499 3065 1538 ex
3088 1485 3234 1539 illius
3264 1483 3585 1538 haereditate
3613 1480 3672 1536 in

426 1573 777 1631 Barberinam
808 1577 1190 1635 bibliothecam
1216 1580 1540 1634 translatum
1573 1578 1766 1634 fuisse.
1793 1578 2157 1636 Doctissimus
2179 1588 2360 1634 autem
2392 1580 2475 1634 vir
2502 1577 2837 1645 Holstenius,
2869 1588 2964 1633 sed
2988 1573 3106 1642 ipse
3126 1572 3371 1630 Andreas
3390 1573 3682 1638 Scholllls,

428 1666 658 1737 singulis
689 1669 900 1740 paginis
927 1669 1130 1726 Graecae
1165 1672 1630 1742 interpretationis
1663 1670 1721 1727 S.
1747 1671 2034 1726 Athanasii
2069 1671 2323 1742 paginam
2346 1670 2599 1726 Psalterii
2629 1669 2819 1725 Graeco
2846 1668 3024 1722 Latini
3054 1667 3192 1737 typis
3230 1666 3484 1736 impressi
3516 1665 3669 1718 inse-

427 1754 556 1823 ruit,
604 1758 740 1812 adeo
772 1767 829 1812 ut
860 1757 1154 1828 unicuique
1186 1761 1398 1830 psalmo
1425 1759 1611 1815 Graeca
1657 1760 1984 1816 sanctissimi
2018 1761 2257 1830 episcopi
2306 1761 2681 1832 interpretatio
2706 1775 2737 1816 e
2771 1759 3009 1830 regione,
3041 1771 3137 1811 seu
3169 1769 3236 1808 ex
3266 1753 3492 1808 adversa
3529 1750 3677 1806 facie

427 1849 603 1917 posita
635 1851 982 1919 respondeat.
1029 1850 1297 1906 Praeterea
1327 1848 1467 1902 idem
1501 1847 1913 1904 eruditissimus
1945 1849 2029 1902 vir
2064 1847 2378 1904 Holstenius
2424 1849 2690 1919 principio
2714 1846 2920 1903 codicis
2948 1843 3360 1913 inscriptionem
3396 1841 3454 1896 in
3490 1839 3677 1896 fronte

431 1941 596 1998 totius
623 1940 747 1995 libri
777 1945 1105 2011 ponendam,
1149 1957 1274 1995 cum
1309 1940 1362 1994 in
1395 1939 1704 2010 publicum,
1741 1948 1801 1993 ut
1836 1939 1975 1994 forte
2005 1940 2110 1996 sibi
2143 1939 2449 1995 faciendum
2482 1948 2866 2010 proposuerat,
2891 1940 3162 2003 ederetur,
3196 1945 3251 1990 et
3277 1937 3496 1991 brevem
3525 1949 3676 2005 pra-

426 2033 686 2091 fationem
716 2035 961 2090 Latinam
988 2037 1268 2108 ascripsit,
1290 2051 1454 2107 quam
1483 2051 1584 2107 ego
1614 2037 1720 2092 hoc
1754 2037 1894 2102 loco,
1921 2051 1989 2091 ne
2014 2037 2151 2090 tanti
2177 2038 2277 2091 viri
2311 2039 2559 2093 eruditus
2590 2037 2759 2091 lector
2785 2032 3349 2091 elucubratiuuculam
3378 2030 3680 2092 desideret,

431 2133 698 2187 ascribam
724 2151 739 2195 ;
770 2148 832 2188 ea
863 2141 1042 2187 autem
1078 2134 1152 2188 ita
1184 2150 1242 2188 se
1273 2134 1472 2189 habet:

1569 2277 1847 2328 LECTORI
1879 2277 2016 2327 SAL.
2048 2279 2255 2329 LUCAS
2285 2278 2522 2327 IIOLST.

465 2396 817 2468 .Scripserunt,
842 2406 890 2468 at
912 2399 1090 2451 nemini
1112 2400 1254 2468 hodie
1282 2400 1507 2468 ignotum,
1534 2400 1970 2468 exantiquioribus
2013 2401 2244 2468 Patribus
2264 2402 2314 2453 in
2363 2402 2564 2468 Davidis
2589 2401 2886 2468 Psalterium
2920 2408 3287 2468 commentarios
3308 2397 3526 2468 eruditos
3553 2399 3680 2468 plu-

428 2459 544 2509 rimi
578 2459 628 2509 in
650 2468 813 2529 cate_na
840 2464 1116 2529 ercoram
1157 2459 1363 2529 Patrum
1387 2459 1663 2529 singulatim
1683 2459 1987 2529 emanet-ali,
2024 2463 2270 2529 inprimis
2307 2467 2634 2529 Origenes,_et
2669 2464 3164 2529 Eusebiusﬁtesareie
3188 2460 3464 2529 Palaestina;
3483 2459 3679 2529 episco-

427 2535 518 2586 pus
539 2535 557 2571 :
590 2535 702 2571 mox.
729 2521 1012 2573 Theodorus
1034 2525 1334 2575 Heracleotes
1359 2539 1375 2572 :
1400 2521 1512 2576 item
1536 2525 1752 2576 Asterius
1780 2521 2106 2590 Srytliopolita'
2129 2539 2146 2576 :
2171 2525 2280 2576 item
2317 2531 2352 2576 Α
2393 2521 2616 2576 ollinaris
2648 2524 2951 2576 Laodicensis
2976 2523 3209 2582 versibus,
3243 2523 3407 2575 credo.
3443 2521 3676 2590 heroicis,

429 2583 511 2636 aui
533 2582 751 2636 leuantur
773 2595 790 2632 :
813 2584 1016 2636 denique
1045 2584 1275 2636 Didumus
1297 2585 1675 2636 Alexandrinus.
1704 2588 1788 2636 sed
1812 2587 1896 2636 aui
1916 2601 2138 2636 maanam
2169 2541 2500 2636 intercitﬁzrint
2544 2595 2726 2636 partem
2754 2603 2764 2636 :
2793 2595 2893 2636 tum
2930 2599 3042 2636 vero
3083 2585 3293 2636 maxime
3335 2596 3606 2636 perspicue.
3631 2590 3676 2632 et

429 2582 511 2644 qui
533 2582 751 2645 leguntur
773 2595 790 2632 :
813 2584 1016 2648 denique
1045 2584 1275 2650 Didymus
1297 2585 1675 2652 4iexandrinus,
1704 2588 1788 2638 sed
1808 2582 1896 2652 qui
1916 2582 2138 2652 magnam
2158 2582 2500 2652 interciderint
2527 2595 2726 2652 partem
2754 2603 2764 2636 :
2793 2595 2893 2636 tum
2930 2599 3042 2652 vero
3083 2585 3293 2652 maxime
3335 2582 3606 2652 perspicue.
3631 2590 3678 2652 et

425 2658 525 2697 ιιτά
555 2644 655 2695 πόδα
678 2644 947 2712 fundens“,
973 2659 1116 2707 quam
1139 2644 1270 2696 "nunc
1291 2650 1480 2712 damus,
1513 2652 1562 2695 S.
1589 2644 1876 2712 Athanasius
1902 2644 2312 2712 conscripsithed
2328 2648 2391 2712 in
2415 2644 2618 2700 tenebris
2641 2650 2867 2712 hactenus
2886 2649 3072 2712 sepulta
3083 2646 3259 2711 jacuit,
3284 2644 3343 2695 ac
3359 2644 3514 2702 latuit,
3537 2650 3676 2693 eruta

429 2719 552 2775 nunc
572 2711 763 2775 madent
787 2707 847 2775 in_
866 2707 1110 2775 lucemque
1132 2714 1348 2775 revocata
1392 2709 1632 2775 industria
1654 2711 1861 2775 Anarew
1881 2707 2361 2775 Schotli,'S_ocietatis
2383 2715 2503 2775 Iesu
2545 2709 2827 2775 presbyteri,
2871 2707 2946 2760 ρκ’
2973 2707 3269 2775 Augustam,
3316 2720 3430 2775 vere
3466 2712 3675 2775 augusta

431 2766 724 2836 bibliotheca,
751 2769 893 2836 unde
907 2766 1041 2836 velut
1053 2782 1113 2836 ea:
1133 2783 1268 2836 equo
1283 2768 1496 2836 Trojano
1520 2769 1629 2820 boni
1649 2771 1788 2836 multi
1805 2771 2033 2836 exierunt
2051 2766 2308 2836 scriptores
2330 2772 2506 2836 Graeci,
2529 2766 2668 2823 antea
2689 2766 3034 2836 delitescentes,
3050 2766 3205 2836 idque
3225 2766 3455 2836 auspiciis
3483 2766 3580 2834 viri
3613 2766 3676 2836 ξιτ

430 2828 594 2898 lustris
619 2829 775 2898 Marci
802 2828 1500 2898 YelserireipuliILduuniviri,
1518 2833 1842 2898 etioptimeae
1859 2832 2032 2898 studiis
2055 2828 2304 2898 patriaque
2324 2828 2565 2898 meriti,et
2596 2848 2744 2897 opera
2772 2831 2978 2898 pavidis
3021 2828 3224 2898 Maesch.
3265 2828 3536 2898 Augustam
3553 2865 3565 2887 ,
3594 2828 3676 2896 cui

431 2889 644 2965 ﬁppiani
667 2890 892 2965 Hyriea,
912 2888 1154 2965 multaque
1177 2892 1518 2965 Clirysostomi,
1550 2888 1722 2965 Basilii
1751 2895 1932 2960 Magni,
1960 2888 2402 2965 b'ys'seniiacrepta
2425 2888 2641 2965 ferimus:
2665 2894 2886 2944 Psalmos
2907 2895 3047 2965 etiam
3076 2888 3368 2965 Itynmosqae
3399 2888 3678 2965 Salomonis

429 2951 598 3022 Greece
616 2951 918 3022 adparentia
943 2951 1139 3003 Davidis
1154 2951 1426 3022 regiivutis
1449 2951 2043 3022 exeinplamrompositos
2062 2956 2170 3022 hinc
2190 2951 2436 3022 (tabernas,
2461 2958 2707 3022 abeoctem
2745 2963 2986 3022 revocatos
3010 2957 3059 3005 in
3081 2951 3299 3022 apertam
3317 2955 3490 3022 lucem,
3503 2951 3611 3022 gui
3622 2958 3676 3022 _e_t_

438 3011 600 3083 Pliotii
615 3011 907 3083 patriarcha:
929 3022 1114 3083 vastam
1125 3011 1264 3083 dedit
1293 3011 1778 3083 scriptoruiiiiab_illo
1801 3011 2032 3083 lectorum
2075 3011 2433 3083 Bibliothecam:
2460 3034 2471 3066 :
2497 3017 2623 3083 item
2651 3020 2712 3068 de
2749 3017 2971 3080 patribus
3007 3011 3187 3083 sanctis
3215 3014 3466 3083 quasdam
3496 3011 3674 3061 Basilii

430 3075 657 3142 epistolas
674 3075 1002 3142 persignesque
1022 3075 1243 3142 meliores
1260 3092 1276 3128 :
1290 3075 1400 3128 item
1408 3075 1558 3128 sancti
1572 3077 1743 3142 Cyrilli
1759 3091 1922 3142 ylayupa':
1937 3075 1985 3128 in
2000 3080 2363 3130 Pentateuclmm
2385 3079 2550 3142 Musis,
2565 3088 2607 3130 et
2629 3075 2899 3142 ιορταέτυιοῡς,
2913 3093 2997 3142 seu
3015 3075 3276 3142 Paschales
3295 3087 3536 3142 sermones
3549 3089 3572 3142 ξ
3583 3087 3648 3121 xx
3658 3111 3673 3130 ,

431 3141 475 3204 cf}
497 3136 552 3204 S._
581 3134 1047 3204 lsidorigelusimw
1062 3137 1286 3204 epistolas
1316 3153 1468 3204 prope
1487 3134 1738 3204 seueritas
1755 3134 1780 3189 ὲ
1809 3134 2044 3190 Vaticana
2069 3143 2209 3204 Poni,
2234 3143 2367 3204 Max.
2387 3134 2692 3204 bibliotheca:
2723 3134 2924 3204 Consule
2940 3139 3123 3204 itaque,
3145 3137 3212 3188 mi
3236 3139 3400 3192 lector,
3421 3134 3529 3184 boni
3556 3137 3676 3204 'umc

435 3198 487 3269 βξ
520 3195 772 3269 Athanasii
794 3195 1187 3269 fsalmorumad
1222 3195 1419 3269 verbum
1439 3199 1895 3269 interpretationem,
1919 3209 2099 3269 e_t_cam
2119 3201 2320 3267 reliquis
2350 3202 2567 3269 ejusdem
2587 3200 2877 3254 sanctissimi
2903 3201 2997 3252 viri
3027 3195 3316 3266 comparare
3343 3211 3488 3262 grave
3507 3210 3567 3247 ne
3590 3195 3676 3253 sit,

433 3261 486 3304 ut
505 3263 697 3319 partum
720 3257 983 3322 legitimum
1004 3258 1240 3324 nimisque
1257 3261 1344 3311 diu
1370 3261 1419 3312 in
1439 3257 1644 3312 tenebris
1653 3257 1910 3324 jacentem.
1941 3263 2082 3315 Vale.

504 3381 579 3440 Ita
632 3388 897 3457 praefatio,
947 3391 1035 3446 cui
1087 3392 1368 3462 inscriptio
1413 3393 1830 3449 Graeco—Latina
1881 3395 1949 3449 ab
1991 3396 2110 3465 ipso
2158 3394 2438 3451 Holsteuio
2491 3397 2569 3451 vel
2619 3397 2688 3451 ab
2733 3396 2948 3451 Andrea
2995 3393 3218 3449 Schotto
3253 3386 3541 3461 praeposita
3591 3391 3679 3438 est

435 3480 744 3550 hujusmodi
773 3505 788 3537 :

1106 3605 1212 3656 ΕΙΣ
1248 3605 1654 3660 ΨΔΛΤΗΡΙΟΝ
1692 3607 2060 3660 ΠΡΟΦΗΤΟΥ
2104 3607 2223 3660 ΚΑΙ
2263 3608 2592 3660 ΒΑΣΙΛΕΩΣ
2629 3608 2764 3660 ΤΟΥ
2800 3607 2988 3659 ΔᾹΒΙΔ

1400 3756 1694 3828 Ἐρμηνεία
1729 3759 1824 3812 τοῦ
1863 3757 2272 3828 ἁγίουξΠατρὸς
2308 3757 2698 3809 ΑΘΑΝΑΣΙΟΥ

1005 3913 1094 3967 ΙΝ
1135 3915 1222 3969 ΒΑ
1244 3917 1446 3974 VlDlS
1491 3920 1709 3976 REGIS
1747 3921 1835 3974 AC
1878 3919 2301 3975 ΡΗΟΡΗΕΤΑΞ
2344 3919 2537 3976 PSAL.

1581 3920 1709 3976 'GIS
1747 3921 1835 3974 AC
1878 3919 2301 3975 ΡΗΟΡΗΕΤΑΞ
2344 3917 2798 3976 ΡΞΑιΜΟΗΠΜ
2836 3911 3113 3967 LIBRUM

1051 4055 1108 4150 8..
1151 4096 1570 4154 ATHANASII
1610 4098 2084 4155 ARCHIEPISC.
2123 4097 2499 4152 ALEXAND.
2541 4089 3070 4149 METAPHRASIS

1285 4253 1456 4308 Eruta
1503 4272 1641 4308 nunc
1680 4256 1907 4324 primum
1950 4273 2014 4310 ex
2053 4254 2362 4324 Augustana
2402 4250 2729 4304 Bibliotheca
2770 4248 2832 4301 ab
2908 4318 2913 4327 ‘

1563 4393 1774 4445 Andrea
1815 4392 2031 4448 Sit/lotio
2072 4389 2348 4446 Societatis
2386 4386 2533 4441 Iesu.

504 4516 591 4574 Ill.
630 4519 811 4575 Codex
846 4527 1051 4586 autem,
1094 4539 1205 4594 quo
1239 4541 1372 4582 usus
1397 4533 1480 4582 est
1511 4526 1758 4582 Andreas
1807 4526 2088 4590 Schotlus,
2123 4543 2193 4581 an
2222 4527 2480 4596 Augustae
2513 4521 2919 4576 Vindelicorum
2967 4530 3112 4570 nunc
3141 4520 3340 4579 exstet,
3391 4527 3478 4568 me
3523 4511 3680 4569 latet.

441 4609 582 4666 Illud
625 4622 834 4668 certum
867 4621 984 4677 est,
1037 4614 1091 4668 in
1139 4618 1383 4688 catalogo
1423 4618 1734 4673 Graecorum
1781 4619 2028 4674 codicum
2063 4621 2156 4688 qui
2187 4627 2314 4674 sunt
2345 4619 2400 4672 in
2433 4617 2757 4672 bibliotheca
2807 4612 2942 4682 reip.
2995 4608 3329 4678 Augustam:
3362 4603 3679 4670 Vindelica.

436 4721 598 4775 quem
647 4707 702 4760 iu
750 4707 928 4763 lucem
972 4709 1142 4766 edidit
1181 4711 1347 4769 David
1395 4714 1739 4772 Hoescbclius
1771 4731 1914 4770 anno
1948 4715 2119 4777 1595,
2154 4713 2298 4766 nulla
2331 4711 2536 4764 mentio
2569 4716 2654 4763 est
2682 4707 2749 4761 de
2785 4704 3176 4761 commentario
3208 4701 3266 4758 S.
3297 4701 3587 4757 Athanasii
3624 4703 3682 4756 in

434 4799 700 4867 Psalmos,
722 4810 777 4856 et
808 4819 929 4858 cum
960 4821 1055 4874 per
1076 4805 1311 4860 amicum
1346 4807 1508 4860 scribi
1537 4808 1603 4862 ad
1633 4808 1880 4863 homines
1903 4809 2146 4863 eruditos
2171 4805 2427 4872 Augusta:
2453 4808 2854 4858 commorantes
2875 4798 3203 4860 curaverim,
3233 4797 3320 4851 ille
3351 4810 3680 4863 responsum

436 4908 496 4948 se
531 4895 806 4963 accepisse
835 4897 968 4950 mihi
1001 4898 1187 4952 retulit
1210 4939 1225 4962 ,
1260 4899 1467 4952 nullum
1501 4899 1575 4952 ibi
1603 4901 1845 4954 codicem
1880 4897 2193 4968 hujusmodi
2240 4893 2489 4965 reperiri.
2533 4890 2719 4960 Neque
2753 4890 2918 4945 etiam
2963 4889 3096 4942 mihi
3120 4895 3461 4957 compertum
3493 4893 3579 4940 est
3610 4902 3682 4940 an

444 4989 619 5047 Lucas
644 4991 980 5060 Holstenius,
1010 4995 1094 5049 vel
1119 4995 1361 5050 Andreas
1387 4993 1648 5051 Schottus
1679 5005 1802 5049 ante
1836 4996 1985 5048 illum
2018 4995 2072 5048 in
2101 4993 2282 5046 animo
2315 4988 2586 5052 habuerit,
2620 4983 3148 5056 interpretationem,
3175 4997 3270 5037 seu
3307 4980 3681 5049 metaphrasin

439 5083 496 5137 S.
537 5081 818 5139 Athanasii
843 5094 1128 5151 duntaxat,
1161 5102 1227 5140 an
1255 5103 1382 5142 vero
1408 5089 1650 5142 Graecam
1680 5097 1735 5141 et
1768 5086 2016 5139 Latinam
2054 5084 2105 5136 iu
2142 5085 2315 5137 lucem
2348 5080 2528 5134 edere.
2565 5075 2813 5132 Profecto
2851 5089 2976 5128 cum
3025 5072 3187 5126 anxie
3213 5069 3679 5140 perquisivissem,

389 5199 398 5210 -
435 5193 502 5230 an
532 5177 744 5252 uspiam
777 5179 1061 5233 translatio
1095 5179 1285 5232 Latina
1314 5189 1590 5242 exstaret,
1629 5193 1802 5246 neque
1833 5177 1883 5230 iu
1919 5177 2135 5229 laudato
2178 5173 2385 5235 codice,
2434 5185 2610 5238 neque
2643 5171 2695 5223 in
2722 5176 2834 5221 tota
2866 5164 3192 5219 bibliotheca
3233 5161 3682 5252 Barbermaﬁver-

435 5251 644 5326 sionem
676 5269 838 5322 ullam
871 5267 1118 5322 Latinam
1153 5269 1397 5323 invenire
1432 5270 1562 5323 mihi
1614 5269 1860 5338 contigit.
1895 5267 2082 5335 Itaque
2109 5265 2360 5318 hortante
2389 5272 2551 5330 atque
2585 5259 2896 5314 stimulante
2923 5258 2992 5310 cl.
3025 5271 3187 5309 mem.
3218 5253 3479 5309 cardiuali
3511 5251 3685 5306 Fran-

433 5359 581 5414 cisco
617 5359 933 5424 Barberino,
966 5362 1079 5430 qui,
1109 5361 1356 5431 exemplo
1387 5375 1614 5414 suorum
1642 5358 1932 5427 majorum,
1969 5364 2023 5408 cl.
2052 5355 2322 5425 prmcipue
2348 5352 2573 5406 alterius
2607 5349 2902 5403 cardinalis
2929 5346 3206 5401 Francisci
3239 5345 3414 5415 patrui
3442 5344 3527 5398 sui
3553 5359 3683 5412 erga

433 5449 642 5506 litteras
667 5452 870 5521 optime
913 5452 1187 5508 animatus
1235 5453 1502 5524 singulari
1533 5467 1618 5506 me
1645 5449 2019 5504 benevolentia
2049 5444 2532 5514 complectebatur,
2580 5439 2906 5509 opusculum
2942 5438 3274 5494 sanctissimi
3304 5435 3579 5497 doctoris,
3627 5441 3686 5485 ut

431 5547 629 5602 melius
658 5549 832 5616 potui,
860 5555 976 5602 erat
1005 5549 1152 5602 enim
1181 5547 1352 5601 codex
1385 5545 1719 5610 mendosus,
1741 5558 1770 5597 e
1798 5541 1990 5597 Grieco
2025 5541 2078 5594 in
2105 5539 2358 5592 Latinum
2394 5535 2550 5589 verti.
2582 5532 2639 5586 ln
2671 5532 2922 5588 versione
2953 5541 3132 5584 autem
3160 5527 3476 5584 adornanda
3502 5525 3684 5579 Latini

433 5638 704 5709 sermonis
746 5639 1057 5706 puritatem,
1099 5643 1157 5694 et
1194 5637 1316 5708 styli
1359 5634 1683 5704 elegantiam
1716 5640 1935 5687 secutus
1981 5645 2086 5684 non
2132 5643 2275 5688 sum,
2307 5627 2400 5682 sed
2445 5624 2746 5680 beatissimi
2777 5619 3170 5691 archiepiscopi
3207 5616 3579 5709 metaphrasin
3619 5617 3688 5709 de

433 5707 596 5781 verbo
638 5726 703 5781 ad
738 5727 960 5782 verbum
994 5707 1293 5784 transferre
1320 5724 1536 5789 curavi,
1574 5732 1626 5779 et
1672 5733 1729 5778 ut
1773 5723 1958 5778 Grmcc
1987 5723 2174 5784 aiunt,
2206 5722 2346 5772 κατὰ
2376 5718 2542 5782 πόδα,
2581 5716 2794 5772 veritus.
2822 5729 2891 5770 ne
2925 5715 3052 5770 dum
3089 5711 3378 5766 verborum
3411 5707 3687 5764 lenocinia
