3880 6216
195 345 285 402 601
857 349 945 405 DE
987 352 1263 412 TITULIS
1306 357 1756 416 PSALMORUM.
1794 389 1866 401 —
1902 354 2719 418 ANTONELLIiPREFATlO.
3328 347 3437 405 602

192 475 401 529 sequor,
430 477 461 518 a
490 462 781 528 sententia,
808 472 863 517 et
895 475 1077 521 mente
1109 470 1448 527 sanctissimi
1493 472 1739 529 doctoris
1785 471 2142 528 discederem.
2190 471 2445 525 Albertns
2488 467 2775 523 Fabricius
2806 463 2991 520 scribit
3041 461 3335 532 Hamburgi
3377 461 3435 517 in

193 554 512 610 bibliotheca
539 553 787 609 Joannea
816 566 1031 613 exstare
1060 563 1489 631 manuscriptam
1525 564 1831 619 versionem
1879 562 2127 617 Latinam
2181 560 2237 616 S.
2283 561 2564 615 Athanasii
2610 561 2665 613 in
2702 560 2943 613 Psalmos
2997 558 3437 614 elaboratam-ab

193 645 302 701 Elia
336 646 635 718 Ehingero,
676 648 770 717 qui
819 648 1009 702 codice
1040 649 1229 706 Graeco
1280 652 1625 707 bibliotheca:
1666 654 1997 723 Augustanae
2032 668 2166 706 usus
2198 658 2302 705 est.
2350 652 2431 703 An
2478 650 2568 703 illa
2604 649 2889 703 translatio
2918 648 2989 703 sit
3021 646 3247 715 hujusce
3286 660 3435 699 com-

194 740 462 805 mentarii,
500 755 600 794 seu
628 740 1013 810 metaphrasis,
1039 759 1201 812 quam
1237 762 1383 801 nunc
1438 748 1489 799 in
1532 748 1703 801 lucem
1733 748 1952 808 damus,
1981 761 2049 799 an
2074 760 2205 799 vero
2236 744 2460 797 alterius
2488 743 2711 796 omnino
2741 742 2987 804 diversae,
3017 749 3167 793 certo
3199 748 3440 794 statuere

196 850 297 889 non
330 837 533 902 ausim,
567 852 692 890 cum
719 836 785 890 ad
816 851 1014 889 manus
1060 852 1209 891 meas
1242 852 1349 891 non
1396 840 1720 907 pervenerit.
1775 836 1878 891 Sed
1916 838 1960 893 si
1992 838 2307 905 conjectura
2343 850 2501 905 agere
2530 834 2673 897 licet,
2714 832 3184 888 verosimillimum
3216 829 3437 900 quidem

196 939 292 994 est,
326 931 637 999 hujusmodi
668 930 1121 985 commentarium
1167 930 1223 986 S.
1269 931 1570 987 Athanasio
1605 934 1900 1002 ascriptum
1936 933 2058 986 aliis
2081 932 2190 1001 jam
2219 932 2271 984 in
2298 932 2472 985 lucem
2498 930 2658 985 editis
2686 929 2909 982 minime
2931 942 3051 982 esse
3079 926 3435 990 dissimilem;

196 1038 313 1076 nam
344 1024 389 1077 si
422 1039 585 1080 secus
614 1025 774 1090 foret,
813 1024 866 1078 id
899 1026 1074 1091 ipsum
1101 1023 1559 1088 animadvertere,
1589 1040 1652 1077 ac
1680 1024 1979 1077 lectoribus
2013 1023 2128 1077 suis
2161 1023 2422 1087 indicare,
2456 1031 2517 1076 ut
2543 1024 2594 1074 in
2629 1035 2726 1075 sua
2761 1018 3087 1072 Bibliotheca
3121 1018 3326 1088 passim
3358 1015 3438 1071 fa-

195 1128 308 1167 cere
333 1116 469 1169 solet
491 1116 899 1171 eruditissimus
929 1129 1082 1184 aeque
1110 1129 1175 1167 ac
1199 1114 1650 1183 diligentissimus
1683 1115 1787 1178 vir,
1815 1131 1923 1169 non
1955 1115 2391 1183 prmtermisisset

259 1208 343 1261 IV.
386 1207 490 1263 Sed
519 1210 784 1279 quoniam
817 1208 959 1262 idem
995 1208 1255 1261 Albertus
1286 1206 1569 1262 Fabricius
1605 1208 1785 1262 varias
1814 1205 2157 1261 Psalmorum
2195 1207 2584 1277 expositiones,
2618 1220 2740 1275 quae
2781 1203 2839 1258 S.
2867 1203 3166 1257 Athanasio
3189 1203 3439 1273 tribuun-

196 1315 297 1369 tur,
331 1316 580 1359 recenset
605 1305 705 1374 (5),
734 1319 912 1373 opera:
949 1303 1183 1372 pretium
1212 1313 1296 1357 est
1333 1302 1453 1371 ejus
1483 1304 1647 1357 verba
1675 1304 1777 1356 hoc
1800 1302 1921 1358 loco
1956 1300 2157 1357 referre
2185 1320 2197 1353 :
2228 1322 2245 1354 (
2270 1302 2653 1372 Expositiones
2688 1305 2739 1357 in
2773 1304 3036 1369 Psalmos,
3070 1323 3089 1356 ι
3112 1305 3184 1358 ait
3212 1305 3440 1374 loquens

194 1392 254 1447 de
293 1392 549 1461 operibus
581 1394 757 1448 sancti
785 1393 1092 1458 Athanasii,
1130 1411 1147 1443 ι
1174 1409 1407 1461 quarum
1439 1394 1636 1463 exigua
1667 1393 2071 1463 apospasmatia
2113 1394 2360 1462 quaedam
2392 1402 2626 1448 verterat
2660 1392 2983 1463 Politianus,
3027 1404 3190 1466 atque
3227 1396 3440 1466 priores

193 1488 447 1542 editiones
476 1486 683 1541 Graeca:
707 1496 760 1541 et
794 1486 1000 1542 Latina:
1028 1488 1416 1551 exhibuerant,
1448 1486 1634 1541 Daniel
1665 1487 1793 1541 item
1823 1486 2099 1542 Barbarus
2134 1488 2394 1541 nonnulla
2428 1498 2481 1541 et
2506 1488 2800 1543 Corderius
2829 1490 3174 1559 vulgaverant
3209 1489 3262 1542 in
3294 1500 3443 1545 cate—

196 1580 273 1633 nis
298 1578 517 1634 Patrum
550 1580 620 1632 ad
646 1579 935 1632 Psalmos:
968 1579 1063 1633 sed
1094 1576 1432 1632 Benedictini
1467 1578 1626 1647 longe
1660 1578 2001 1647 copiosiores
2036 1578 2091 1631 in
2126 1587 2299 1631 totum
2337 1577 2661 1633 Psalterium
2682 1619 2696 1641 ,
2729 1580 2856 1633 licet
2880 1595 2981 1635 nec
3008 1581 3081 1633 ita
3110 1582 3317 1650 plenas,
3346 1590 3443 1636 ant

195 1675 442 1743 integras,
471 1688 502 1728 e
533 1673 813 1727 codicibus
844 1672 1027 1741 Regiis
1051 1680 1105 1726 et
1137 1671 1468 1726 Colbertinis
1500 1681 1839 1736 catenarum,
1869 1679 1924 1724 et
1951 1671 2354 1740 expositionum
2399 1672 2455 1722 in
2486 1669 2732 1724 Psalmos
2765 1674 2998 1726 oll‘erunt
3028 1689 3080 1743 p.
3110 1672 3439 1730 1009-1259.

193 1762 471 1818 Mediolani
520 1764 577 1818 in
629 1763 955 1818 bibliotheca
990 1762 1356 1817 Ambrosiana
1387 1770 1685 1816 occurrunt
1739 1762 2133 1816 commentaria
2164 1761 2445 1817 Athanasii
2493 1762 2549 1815 in
2582 1761 2825 1817 Psalmos
2853 1762 3037 1819 Graece
3065 1765 3337 1836 descripta
3374 1782 3444 1822 ex

194 1855 368 1909 codice
398 1855 532 1909 bibl.
568 1852 921 1921 Scorialensi,
959 1864 1012 1909 et
1039 1854 1230 1908 Latine
1258 1854 1468 1907 reddita
1500 1855 1613 1908 sive
1640 1854 1709 1907 ab
1738 1853 1975 1907 Antonio
1997 1853 2221 1923 Giggeo,
2260 1854 2374 1907 sive
2401 1854 2507 1907 alio
2531 1856 2790 1923 quodam.
2819 1855 2895 1910 Ex
2925 1857 3032 1912 illis
3059 1869 3440 1928 argumentum

193 1946 245 1999 in
261 1945 497 2000 Psalmos
519 1948 748 2018 dignum
777 1948 919 2002 lectu
946 1956 999 2000 et
1025 1948 1402 2015 supplementa
1426 1946 1674 2014 quaedam
1706 1946 2227 2000 commentariorum
2254 1946 2402 1998 dedit
2425 1944 2867 2002 Montlauconius
2896 1948 2949 2002 in
2966 1947 3282 2004 Cnllectione
3307 1968 3441 2007 nova

197 2035 430 2103 Patrum,
470 2049 608 2093 tom.
643 2037 707 2105 II,
744 2053 868 2109 pag.
901 2038 1125 2092 70-101.
1150 2036 1708 2089 Animadvertendum
1734 2044 1838 2098 est,
1875 2035 2053 2105 inquit
2084 2035 2224 2088 idem
2258 2035 2343 2086 vir
2370 2034 2709 2090 clarissimus
2734 2038 2787 2091 in
2824 2037 3005 2092 Diario
3030 2038 3242 2105 Italico,
3270 2058 3321 2110 p.
3351 2042 3440 2107 12,

194 2130 345 2183 alium
377 2132 545 2185 etiam
583 2130 1041 2185 commentarium
1075 2128 1128 2181 in
1158 2129 1262 2183 ista
1293 2126 1645 2189 bibliotheca,
1677 2141 1776 2179 nec
1806 2141 1916 2179 non
1946 2127 2001 2179 in
2034 2124 2221 2178 Museo
2253 2124 2596 2181 Justinianeo
2630 2125 2868 2184 Venetiis
2893 2130 3049 2201 (adde
3078 2149 3199 2203 pag.
3226 2133 3316 2204 69)
3345 2149 3442 2189 oe.»

194 2238 419 2286 currere,
445 2223 545 2291 qui
568 2222 855 2277 Athanasii
878 2235 1076 2274 nomen
1102 2217 1414 2288 prmia-Lat
1442 2216 1726 2271 Athanasii
1758 2216 1939 2286 magni
1967 2232 2092 2271 esse
2124 2216 2329 2285 nequit.
2362 2214 2523 2271 Istius
2547 2217 2761 2272 initium
2782 2229 2897 2273 est:
2923 2222 3205 2294 Μακάριος
3229 2224 3437 2295 ἀνὴρ...

192 2310 319 2366 αὑτὴ
350 2314 381 2377 ἡ
410 2313 723 2382 προφητεία
756 2311 1057 2385 πληροῦται
1086 2314 1165 2375 εἰς
1193 2311 1284 2364 τὸν
1337 2309 1535 2381 Ἰωσὴφ
1568 2310 1657 2363 τὸν
1694 2311 1724 2361 ’l

1908 2309 2040 2373 ὂίας.
2088 2309 2416 2365 Athanasius
2471 2311 2527 2363 in
2560 2310 2804 2367 Psalmos
2851 2328 2918 2368 ex
2960 2317 3210 2371 versione
3248 2316 3440 2374 Latina

194 2397 313 2453 Elim
336 2393 621 2470 Ehingeri,
646 2401 739 2470 qui
769 2400 957 2455 codice
980 2399 1168 2455 Graeco
1191 2398 1533 2453 bibliotheca:
1576 2398 1907 2467 Augustanae
1931 2414 2065 2454 usus
2095 2397 2216 2464 fuit,
2236 2409 2412 2454 exstat
2439 2416 2541 2453 ms.
2577 2402 2630 2454 in
2662 2402 2981 2458 bibliotheca
3005 2403 3245 2460 Joannea
3280 2407 3443 2475 hujus

191 2493 331 2548 urbis
361 2493 818 2564 Hamburgensis.
858 2492 1055 2548 Habuit
1090 2494 1257 2547 etiam
1312 2493 1597 2547 Athanasii
1632 2494 1687 2546 in
1720 2491 1965 2545 Psalmos
2005 2496 2461 2547 commentarium
2492 2493 2677 2549 Graece
2705 2496 3033 2567 descriptum
3063 2499 3444 2576 Wagenselius

191 2585 217 2638 6
244 2585 580 2657 μακαρίτης,
613 2586 757 2639 unde
787 2594 1033 2639 asservat
1061 2585 1311 2638 eumdem
1354 2584 1556 2655 Lipsia:
1588 2585 1639 2637 in
1670 2584 1844 2653 patria
1881 2600 2000 2637 mea
2035 2585 2326 2638 thesaurus
2360 2585 2613 2639 librarius
2646 2587 2967 2656 amplissimi
2995 2602 3238 2647 senatus.
3262 2592 3445 2664 Expos-

193 2677 431 2730 sitionem
462 2676 756 2729 Athanasii
790 2678 839 2726 in
864 2674 1106 2728 Psalmos
1139 2677 1401 2730 Serviana
1436 2678 1621 2746 lingua
1652 2680 1756 2743 (est
1787 2677 1899 2729 haec
1925 2676 2137 2730 Slavica
2170 2677 2457 2747 dialectns)
2493 2693 2595 2731 ms.
2626 2678 2678 2731 in
2704 2680 3029 2738 bibliotheca
3057 2682 3115 2738 S.
3144 2684 3443 2743 Salvatoris

194 2765 464 2832 Bononia,
491 2779 662 2838 atque
689 2769 921 2823 Arabice
946 2786 1050 2822 una
1076 2786 1199 2823 cum
1226 2769 1470 2837 Epistula
1503 2764 1572 2822 ad
1603 2768 1977 2823 Marcellinum
2008 2771 2060 2824 in
2089 2771 2414 2826 bibliotheca
2443 2772 2803 2827 Ambrosiana
2826 2776 3011 2830 codice
3038 2776 3143 2831 500
3172 2794 3442 2835 annorum

196 2870 449 2914 memorat
490 2861 635 2914 idem
672 2860 1114 2914 Montlauconius
1151 2860 1217 2913 ad
1261 2859 1622 2914 Athanasium
1658 2867 1789 2911 tom.
1836 2858 1891 2924 ι,
1946 2875 2069 2928 pag.
2108 2859 2244 2914 1005
2286 2871 2338 2913 et
2375 2859 2533 2915 1006.
2568 2859 2891 2932 Fragmenta
2926 2868 3440 2923 commentarioer

192 2953 466 3009 Athanasii
499 2956 558 3007 in
590 2953 834 3007 Psalmos
866 2970 895 3006 a
940 2954 1100 3008 Petro
1126 2953 1498 3009 Felckmanno
1545 2955 1771 3009 collecta
1805 2970 1835 3009 e
1869 2953 2071 3009 Nicetae
2105 2956 2460 3024 metropolitae
2490 2954 2759 3011 Heraclea:
2786 2957 3082 3029 Συναγωγῇ
3129 2958 3447 3031 ἐξηγήσεων

194 3049 243 3103 in
277 3051 486 3119 priores
524 3050 769 3120 psalmos
799 3050 868 3103 72
900 3060 1269 3121 manuscripta
1296 3051 1349 3104 in
1380 3050 1709 3105 bibliotheca
1742 3050 2011 3119 Palatina,
2050 3067 2171 3121 pag.
2210 3051 2536 3120 1241-1262,
2581 3053 2674 3107 lib.
2705 3068 2777 3119 ιι,
2804 3067 2923 3123 pag.
2962 3054 3085 3108 511.
3111 3074 3129 3107 ι
3172 3054 3444 3113 Hactenus

194 3143 485 3202 Fabricius.

260 3242 320 3297 V.
348 3243 742 3310 Quamobrem,
786 3257 910 3298 cum
941 3239 1126 3308 plures
1150 3240 1261 3293 sint
1289 3238 1635 3295 Psalmorum
1663 3240 2054 3309 expositiones,
2084 3256 2205 3309 qum
2233 3239 2290 3294 S.
2322 3240 2606 3295 Athanasii
2635 3256 2831 3295 nomen
2870 3242 3191 3312 inscriptum
3236 3258 3346 3311 prae
3387 3259 3450 3298 se

196 3331 385 3397 ferunt,
410 3350 639 3389 necesse
659 3344 741 3389 est
762 3334 986 3403 paulum
1013 3332 1218 3402 aliquid
1243 3333 1310 3387 de
1344 3330 1453 3386 illis
1480 3332 1771 3391 disserere,
1799 3348 1908 3400 quo
1939 3333 2112 3401 magis
2138 3341 2476 3398 compertum
2505 3333 2616 3398 ﬁat,
2645 3348 2711 3386 an
2746 3349 2830 3397 ea,
2860 3350 3021 3403 quam
3055 3336 3106 3387 in
3140 3336 3314 3389 lucem
3347 3337 3446 3389 da-

198 3437 329 3482 mus,
358 3433 618 3493 tanquam
645 3426 942 3494 genuinum
989 3424 1109 3492 ejus
1141 3438 1278 3491 opus
1325 3422 1678 3477 sanctissimo
1711 3420 1935 3474 Doctori
1966 3424 2035 3475 sit
2070 3421 2412 3475 ascribcnda.
2450 3422 2526 3475 Ac
2560 3424 2791 3491 primum
2822 3424 2983 3476 verba
3019 3416 3216 3477 faciam
3258 3424 3323 3477 de
3358 3424 3450 3481 illa

196 3532 306 3584 qua:
334 3516 624 3572 Mediolani
661 3518 713 3570 in
742 3497 1075 3573 bibliotheca
1107 3518 1491 3583 Ambrosiana,
1522 3529 1576 3571 et
1607 3516 1849 3571 Venetiis
1900 3517 1955 3569 in
2002 3516 2328 3571 bibliotheca
2365 3515 2704 3571 Justinianca
2738 3520 3026 3586 reperitur.
3074 3517 3222 3572 Ilanc
3263 3530 3449 3575 autem

199 3622 375 3667 sancto
400 3613 707 3669 Athanasio
733 3613 1017 3682 abjudicat
1047 3610 1207 3664 Pater
1233 3610 1699 3674 Montfauconius,
1723 3608 2110 3676 existimatque
2135 3608 2217 3659 vel
2254 3606 2391 3660 falso
2420 3608 2702 3661 Athanasii
2726 3623 2921 3661 nomen
2950 3608 3271 3675 inscriptum
3301 3624 3447 3673 esse,

198 3708 274 3760 vel
301 3709 524 3764 alterius
567 3709 853 3763 Athanasii
889 3708 1055 3761 fuisse
1100 3722 1296 3775 magno
1327 3705 1630 3759 Athanasio
1669 3702 2009 3759 recentioris.
2075 3700 2210 3754 Nam
2246 3702 2297 3752 in
2332 3702 2704 3755 admonitione
2734 3718 2855 3771 qua:
2883 3703 3159 3772 proposita
3193 3714 3277 3756 est
3314 3719 3447 3774 sup-

200 3799 456 3867 plemento
489 3801 1008 3856 commentariorum
1039 3802 1093 3852 in
1120 3799 1368 3853 Psalmos
1396 3800 1449 3852 in
1480 3798 1634 3850 Nova
1667 3795 1973 3850 collectione
2005 3792 2231 3846 Patrum
2266 3802 2313 3846 et
2346 3794 2663 3861 scriptorum
2692 3792 3016 3859 ercorum,
3050 3795 3176 3847 talia
3215 3793 3407 3849 scribit
3429 3812 3446 3826 ο

205 3891 508 3948 «Lectorem
534 3908 754 3947 monere
773 3893 947 3962 juvat,
970 3893 1422 3947 commentarium
1452 3890 1617 3944 alium
1643 3887 1927 3941 Athanasii
1954 3887 2173 3938 nomine
2208 3883 2335 3937 ferri
2373 3884 2424 3935 in
2456 3883 2783 3937 bibliotheca
2814 3881 3154 3936 Justinianea
3183 3881 3445 3950 Venetiis,

201 3983 354 4054 inque
382 3985 746 4040 Ambrosiana
778 3983 1090 4045 Mediolani,
1128 3998 1353 4052 prorsus
1380 3982 1657 4035 diversum
1688 3981 1733 4033 al

1916 3995 1952 4043 ),
1986 3977 2143 4046 cujus
2174 3976 2388 4028 initium
2418 3994 2431 4029 :
2474 3976 2537 4026 'H
2564 3977 2660 4045 μὲν
2686 3975 2990 4047 προφητεία
3038 3975 3338 4047 πληροῦται
3366 3978 3448 4040 εἰς

198 4078 283 4131 τὸν
322 4080 520 4152 Ἰωσὴφ
552 4080 643 4132 τὸν
679 4078 1033 4150 Ἀριμαοαῖον
1059 4096 1072 4108 ο
1110 4079 1204 4133 sed
1236 4094 1358 4132 cum
1392 4095 1421 4131 a
1459 4078 1675 4132 nemine
1702 4093 1726 4131 s

1914 4091 2034 4127 rum
2068 4083 2425 4137 memoretur,
2456 4072 2541 4125 vel
2568 4072 2789 4125 alterius
2834 4080 3023 4125 nostro
3054 4073 3269 4141 gentilis
3308 4087 3445 4139 opus

203 4173 370 4238 fuerit,
398 4176 484 4230 vel
519 4175 875 4228 Athanasium
908 4174 1059 4227 illum
1090 4178 1345 4243 magnum
1378 4172 1689 4227 ementitur.
1716 4190 1733 4221 ›
1756 4169 1821 4222 Ει
1846 4170 1900 4222 in
1935 4168 2122 4221 Diario
2156 4166 2348 4221 Italico
2364 4167 2437 4235 (6)
2467 4180 2756 4220 recensens
2781 4165 2997 4220 codices
3020 4181 3049 4219 a
3082 4182 3139 4220 se
3167 4166 3219 4218 in
3250 4165 3449 4225 biblio-

203 4267 351 4322 theca
379 4270 751 4324 Ambrosiana
782 4270 1057 4339 inspectos
1092 4286 1103 4320 :
1135 4266 1714 4321 (Animadvertendum
1745 4274 1848 4331 est,
1876 4264 2071 4333 inquit,
2090 4264 2254 4317 alium
2278 4262 2731 4317 commentarium
2765 4262 2816 4314 in
2846 4261 2947 4315 ista
2980 4261 3325 4324 bibliotheca,
3349 4276 3448 4317 nec

203 4375 303 4415 non
333 4365 384 4417 in
411 4364 601 4418 Museo
627 4363 965 4417 Justinianeo
993 4362 1236 4416 Venetiis
1265 4377 1576 4426 occurrere,
1605 4360 1696 4429 qui
1728 4360 2014 4412 Athanasii
2045 4373 2244 4412 nomen
2273 4361 2401 4409 item
2436 4353 2655 4425 praefert
2679 4371 2691 4406 :
2724 4363 2777 4407 at
2797 4354 3084 4408 Athanasii
3122 4354 3299 4421 magni
3326 4368 3449 4409 esse

204 4456 396 4524 nequit.
436 4456 767 4511 Germanum
809 4457 955 4511 enim
991 4457 1221 4525 singulis
1251 4454 1423 4509 ferme
1455 4454 1669 4523 paginis
1698 4452 1887 4506 multis
1927 4458 2051 4520 post
2080 4448 2443 4503 Athanasium
2480 4446 2695 4502 saeculis
2729 4446 3093 4515 patriarchatn
3135 4443 3450 4499 Constanti-

206 4552 568 4620 nopolitanum
592 4560 950 4606 memoratum
984 4553 1253 4606 novimus.
1279 4550 1437 4604 Istius
1466 4548 1681 4601 initium
1708 4555 1790 4602 est
1815 4563 1827 4597 :
1852 4545 2137 4615 Μακάριος
2170 4544 2361 4614 ἀνήρ,›
2392 4550 2496 4595 etc.
2523 4540 2590 4594 Et
2622 4539 2675 4593 in
2704 4539 2892 4593 eodem
2912 4537 3096 4588 Diario
3126 4537 3355 4605 loquens
3381 4537 3448 4592 de

204 4641 493 4700 bibiotheca
520 4645 857 4701 Justinianea
886 4647 961 4699 ait
988 4662 1002 4697 :
1038 4644 1234 4699 «Adest
1255 4658 1472 4712 quoque
1498 4641 1929 4695 commentarius
1956 4638 2239 4692 Athanasii
2273 4639 2327 4690 in
2358 4635 2621 4700 Psalmos,
2645 4635 2803 4703 cujus
2828 4634 3080 4702 scriptor,
3101 4633 3181 4685 vel
3206 4631 3450 4685 Athana-

204 4739 333 4791 Sinni
364 4742 689 4807 ementitur,
728 4743 810 4795 vel
841 4742 981 4796 alius
1013 4739 1301 4811 ὁμώνυμος
1336 4747 1419 4793 est
1449 4738 1639 4791 titulus
1671 4753 1682 4787 :
1718 4737 1736 4787 Ι

1938 4734 2032 4787 τοῦ
2070 4734 2521 4804 προφητάνακτος
2555 4730 2738 4791 Δαῆὶδ,
2769 4728 2863 4779 καὶ
2898 4725 3039 4778 Θείου
3072 4723 3444 4795 ὑμνογράφου,

207 4827 349 4883 Liber
397 4834 658 4901 prop/tela:
698 4836 853 4903 regis,
903 4849 964 4886 ac
1003 4832 1167 4884 divini
1200 4833 1511 4900 hymnorum
1538 4830 1732 4898 scripto

1924 4829 2076 4880 vidis.
2115 4826 2245 4879 Post
2276 4828 2389 4879 hzec
2418 4841 2430 4876 :
2475 4823 2765 4895 Ἐξήγησις
2803 4819 2897 4872 τοῦ
2940 4821 2996 4872 ἐν
3026 4819 3199 4886 ἁγίοις
3234 4816 3447 4888 Πατρὸς

204 4920 350 4988 ἡμῶν
405 4925 753 4977 Ἀθανασίου·
808 4925 1085 4994 Expositio
1127 4924 1185 4977 S.
1210 4922 1394 4976 Patris
1442 4922 1607 4975 nostri
1645 4920 1946 4973 Athanasii.
1992 4916 2135 4971 Idem
2185 4916 2608 4971 commentarius
2651 4924 2765 4978 est,
2798 4922 2960 4982 atque
3004 4913 3092 4966 ille
3137 4912 3203 4966 de
3231 4926 3340 4980 quo
3392 4911 3447 4963 in

207 5008 551 5069 Ambrosiana
579 5031 797 5085 supra.»
826 5015 892 5069 Et
912 5016 1173 5085 quoniam
1196 5015 1299 5068 erit
1327 5013 1557 5066 fortasse
1584 5012 1782 5080 aliquis
1807 5026 1988 5063 rerum
2015 5007 2502 5062 ecclesiasticarum
2530 5004 2828 5064 studiosus,
2846 5003 2938 5071 qui
2968 5001 3445 5064 commentarium,

208 5101 351 5170 cujus
382 5106 518 5161 locis
549 5122 711 5177 supra
750 5107 982 5162 laudatis
1028 5102 1285 5161 meminit
1320 5102 1795 5164 Montfauconius,
1838 5101 1883 5155 si
1929 5115 2036 5153 non
2090 5108 2261 5152 totum
2283 5139 2297 5162 ,
2336 5104 2481 5151 certe
2507 5112 2569 5150 ex
2604 5109 2756 5163 parte
2790 5097 3053 5167 inspicere
3078 5096 3447 5160 desiderabit;

208 5191 339 5250 haud
370 5199 635 5269 ingratam
666 5216 754 5255 me
796 5202 991 5256 lectori
1021 5199 1445 5255 rem.facturum
1474 5198 1702 5265 credidi,
1736 5206 1795 5250 ut
1826 5212 1982 5250 suam
2015 5195 2081 5249 de
2110 5209 2176 5247 eo
2209 5194 2536 5247 sententiam
2567 5202 2737 5248 tutius
2771 5192 2915 5247 ferre
2942 5192 3135 5263 possit,
3167 5192 3211 5244 si
3246 5205 3309 5244 ex
3346 5204 3444 5243 eo-

208 5285 320 5342 dem
352 5294 745 5348 commentario
777 5296 1177 5364 expositionem
1206 5295 1260 5349 in
1289 5294 1530 5363 primum
1565 5293 1621 5347 S.
1660 5292 1804 5361 regis
1833 5290 2057 5344 Davidis
2093 5290 2361 5358 psalmum
2401 5291 2504 5343 hoc
2534 5290 2655 5343 loco
2677 5287 3058 5356 ascripseritn;
3081 5298 3199 5338 eam
3224 5282 3441 5352 quidem

207 5384 448 5455 scriptam
484 5389 663 5443 inveni
694 5391 746 5443 in
779 5392 985 5461 pagella
1018 5392 1224 5446 inserta
1255 5391 1309 5443 in
1342 5398 1593 5444 nostrum
1624 5388 1892 5450 codicem,
1917 5396 1970 5441 et
2000 5386 2223 5440 minime
2243 5401 2367 5439 cum
2392 5385 2513 5438 aliis
2540 5382 2747 5438 codicis
2776 5382 2986 5452 paginis
3014 5386 3200 5433 assuta
3234 5385 3289 5431 et
3310 5390 3447 5431 con-

209 5476 474 5542 glutinata.
510 5485 662 5549 Quod
695 5502 759 5541 eo
794 5488 1048 5541 libentius
1082 5488 1246 5550 facio,
1284 5486 1413 5555 quia
1446 5486 1499 5539 in
1532 5486 1893 5555 expositione,
1940 5501 2102 5554 quam
2142 5484 2195 5537 in
2225 5484 2503 5553 publicum
2532 5482 2692 5538 edere
2723 5479 2907 5544 statui,
2942 5491 3133 5531 manca
3161 5486 3245 5532 est
3276 5475 3451 5531 inteb-

208 5577 422 5637 pretatio
454 5580 616 5647 primi
652 5582 869 5651 psalmi.
900 5581 1087 5652 Itaque
1118 5582 1263 5636 illius
1297 5582 1418 5635 loco
1446 5584 1807 5652 supplementi
1836 5580 1949 5636 vice
1980 5582 2095 5635 haec
2125 5580 2246 5644 erit,
2276 5595 2396 5650 qua:
2421 5578 2545 5633 talis
2578 5585 2681 5633 est.

171 997 180 1027 l

371 5733 505 5814 “Lib.
532 5753 565 5814 δ’
595 5736 733 5791 Bibl.
766 5738 961 5807 (inea,
999 5757 1116 5813 pag.
1146 5742 1251 5797 501
1285 5740 1413 5811 (vel.
1444 5741 1619 5810 edit.).

269 5801 343 5870 (6)
367 5804 495 5874 Cap.
527 5807 581 5868 ‘2,
615 5823 733 5878 pag.
778 5813 863 5864 12.
