  <div class='ocr_page' id='page_1' title='image "/cluster/home/n/w/nwhite01/storage/ocr_20150623/27/nnc1.0046978631/316.png"; bbox 0 0 3878 6218; ppageno 0'>
   <div class='ocr_carea' id='block_1_1' title="bbox 268 334 3541 403">
    <p class='ocr_par' dir='ltr' id='par_1_1' title="bbox 268 334 3541 403">
     <span class='ocr_line' id='line_1_1' title="bbox 268 334 3541 403; baseline -0.001 -12"><span class='ocrx_word' id='word_1_1' title='bbox 268 334 375 392; x_wconf 81' lang='grc'><strong>605</strong></span> <span class='ocrx_word' id='word_1_2' title='bbox 943 337 1033 394; x_wconf 88' lang='lat' dir='ltr'><strong>DE</strong></span> <span class='ocrx_word' id='word_1_3' title='bbox 1072 338 1351 403; x_wconf 73' lang='lat' dir='ltr'><strong>TITULIS</strong></span> <span class='ocrx_word' id='word_1_4' title='bbox 1388 340 1844 400; x_wconf 79' lang='lat' dir='ltr'><strong>PSALMORUM.</strong></span> <span class='ocrx_word' id='word_1_5' title='bbox 1887 374 1959 386; x_wconf 92' lang='lat'><strong>—-</strong></span> <span class='ocrx_word' id='word_1_6' title='bbox 1997 340 2390 400; x_wconf 84' lang='lat' dir='ltr'><strong>ANTONELLI</strong></span> <span class='ocrx_word' id='word_1_7' title='bbox 2424 338 2819 399; x_wconf 66' lang='lat' dir='ltr'><strong>PREFATIO.</strong></span> <span class='ocrx_word' id='word_1_8' title='bbox 3437 334 3541 387; x_wconf 77' lang='lat'><strong>606</strong></span> 
     </span>
    </p>
   </div>
   <div class='ocr_carea' id='block_1_2' title="bbox 263 454 3534 535">
    <p class='ocr_par' dir='ltr' id='par_1_2' title="bbox 263 454 3534 535">
     <span class='ocr_line' id='line_1_2' title="bbox 263 454 3534 535; baseline 0 -25"><span class='ocrx_word' id='word_1_9' title='bbox 263 454 681 525; x_wconf 77' lang='lat' dir='ltr'><strong>exscripsimus.</strong></span> <span class='ocrx_word' id='word_1_10' title='bbox 712 456 919 529; x_wconf 84' lang='lat' dir='ltr'><strong>Estque</strong></span> <span class='ocrx_word' id='word_1_11' title='bbox 939 461 1112 526; x_wconf 86' lang='lat' dir='ltr'><strong>codex</strong></span> <span class='ocrx_word' id='word_1_12' title='bbox 1140 463 1232 518; x_wconf 88' lang='lat' dir='ltr'><strong>ille</strong></span> <span class='ocrx_word' id='word_1_13' title='bbox 1261 477 1451 519; x_wconf 87' lang='lat' dir='ltr'><strong>recens</strong></span> <span class='ocrx_word' id='word_1_14' title='bbox 1476 464 1547 519; x_wconf 88' lang='lat' dir='ltr'><strong>ab</strong></span> <span class='ocrx_word' id='word_1_15' title='bbox 1573 465 1874 535; x_wconf 89' lang='lat' dir='ltr'><strong>antiquiori</strong></span> <span class='ocrx_word' id='word_1_16' title='bbox 1909 464 2240 521; x_wconf 89' lang='lat' dir='ltr'><strong>Scorialensi</strong></span> <span class='ocrx_word' id='word_1_17' title='bbox 2268 466 2613 534; x_wconf 80' lang='lat' dir='ltr'><strong>desumptus.</strong></span> <span class='ocrx_word' id='word_1_18' title='bbox 2647 462 2783 518; x_wconf 88' lang='lat' dir='ltr'><strong>Nam</strong></span> <span class='ocrx_word' id='word_1_19' title='bbox 2815 470 2876 517; x_wconf 92' lang='lat' dir='ltr'><strong>ut</strong></span> <span class='ocrx_word' id='word_1_20' title='bbox 2900 461 2954 516; x_wconf 92' lang='lat' dir='ltr'><strong>in</strong></span> <span class='ocrx_word' id='word_1_21' title='bbox 2985 460 3269 516; x_wconf 90' lang='lat' dir='ltr'><strong>Athanasii</strong></span> <span class='ocrx_word' id='word_1_22' title='bbox 3303 457 3471 521; x_wconf 86' lang='lat' dir='ltr'><strong>edito,</strong></span> <span class='ocrx_word' id='word_1_23' title='bbox 3504 471 3534 510; x_wconf 92' lang='lat' dir='ltr'><strong>a</strong></span> 
     </span>
    </p>
   </div>
   <div class='ocr_carea' id='block_1_3' title="bbox 263 545 3536 624">
    <p class='ocr_par' dir='ltr' id='par_1_3' title="bbox 263 545 3536 624">
     <span class='ocr_line' id='line_1_3' title="bbox 263 545 3536 624; baseline 0.001 -26"><span class='ocrx_word' id='word_1_24' title='bbox 263 545 423 601; x_wconf 91' lang='lat' dir='ltr'><strong>nobis</strong></span> <span class='ocrx_word' id='word_1_25' title='bbox 452 546 598 601; x_wconf 91' lang='lat' dir='ltr'><strong>haud</strong></span> <span class='ocrx_word' id='word_1_26' title='bbox 644 547 721 602; x_wconf 90' lang='lat' dir='ltr'><strong>ita</strong></span> <span class='ocrx_word' id='word_1_27' title='bbox 774 548 986 619; x_wconf 85' lang='lat' dir='ltr'><strong>pridem</strong></span> <span class='ocrx_word' id='word_1_28' title='bbox 1027 550 1314 619; x_wconf 90' lang='lat' dir='ltr'><strong>adornato,</strong></span> <span class='ocrx_word' id='word_1_29' title='bbox 1360 552 1701 620; x_wconf 88' lang='lat' dir='ltr'><strong>monuimus,</strong></span> <span class='ocrx_word' id='word_1_30' title='bbox 1744 554 2114 624; x_wconf 77' lang='lat' dir='ltr'><strong>expositiones</strong></span> <span class='ocrx_word' id='word_1_31' title='bbox 2141 555 2247 610; x_wconf 67' lang='lat' dir='ltr'><strong>illa:</strong></span> <span class='ocrx_word' id='word_1_32' title='bbox 2287 555 2572 611; x_wconf 78' lang='lat' dir='ltr'><strong>Athanasii</strong></span> <span class='ocrx_word' id='word_1_33' title='bbox 2602 570 2709 610; x_wconf 91' lang='lat' dir='ltr'><strong>non</strong></span> <span class='ocrx_word' id='word_1_34' title='bbox 2740 554 2995 609; x_wconf 90' lang='lat' dir='ltr'><strong>omnibus</strong></span> <span class='ocrx_word' id='word_1_35' title='bbox 3026 553 3142 609; x_wconf 92' lang='lat' dir='ltr'><strong>suis</strong></span> <span class='ocrx_word' id='word_1_36' title='bbox 3180 549 3452 621; x_wconf 88' lang='lat' dir='ltr'><strong>partibus,</strong></span> <span class='ocrx_word' id='word_1_37' title='bbox 3482 555 3536 601; x_wconf 91' lang='lat' dir='ltr'><strong>et</strong></span> 
     </span>
    </p>
   </div>
   <div class='ocr_carea' id='block_1_4' title="bbox 262 635 3531 717">
    <p class='ocr_par' dir='ltr' id='par_1_4' title="bbox 262 635 3531 717">
     <span class='ocr_line' id='line_1_4' title="bbox 262 635 3531 717; baseline 0.002 -31"><span class='ocrx_word' id='word_1_38' title='bbox 262 635 512 689; x_wconf 85' lang='lat' dir='ltr'><strong>numeris</strong></span> <span class='ocrx_word' id='word_1_39' title='bbox 541 635 807 693; x_wconf 65' lang='lat' dir='ltr'><strong>absoluta:</strong></span> <span class='ocrx_word' id='word_1_40' title='bbox 832 647 983 707; x_wconf 86' lang='lat' dir='ltr'><strong>sunt,</strong></span> <span class='ocrx_word' id='word_1_41' title='bbox 1024 640 1120 695; x_wconf 89' lang='lat' dir='ltr'><strong>sed</strong></span> <span class='ocrx_word' id='word_1_42' title='bbox 1147 642 1565 699; x_wconf 89' lang='lat' dir='ltr'><strong>amanuensium</strong></span> <span class='ocrx_word' id='word_1_43' title='bbox 1595 643 1825 701; x_wconf 83' lang='lat' dir='ltr'><strong>ausibus</strong></span> <span class='ocrx_word' id='word_1_44' title='bbox 1853 649 2056 714; x_wconf 89' lang='lat' dir='ltr'><strong>passim</strong></span> <span class='ocrx_word' id='word_1_45' title='bbox 2085 654 2369 711; x_wconf 67' lang='lat' dir='ltr'><strong>truncataa,</strong></span> <span class='ocrx_word' id='word_1_46' title='bbox 2398 658 2451 702; x_wconf 90' lang='lat' dir='ltr'><strong>et</strong></span> <span class='ocrx_word' id='word_1_47' title='bbox 2480 647 2534 701; x_wconf 94' lang='lat' dir='ltr'><strong>in</strong></span> <span class='ocrx_word' id='word_1_48' title='bbox 2568 647 2948 717; x_wconf 83' lang='lat' dir='ltr'><strong>compendium</strong></span> <span class='ocrx_word' id='word_1_49' title='bbox 2978 646 3210 700; x_wconf 80' lang='lat' dir='ltr'><strong>redactae</strong></span> <span class='ocrx_word' id='word_1_50' title='bbox 3240 661 3253 697; x_wconf 91' lang='lat'><strong>:</strong></span> <span class='ocrx_word' id='word_1_51' title='bbox 3282 640 3531 712; x_wconf 66' lang='lat' dir='ltr'><strong>quaedam</strong></span> 
     </span>
    </p>
   </div>
   <div class='ocr_carea' id='block_1_5' title="bbox 258 726 3532 808">
    <p class='ocr_par' dir='ltr' id='par_1_5' title="bbox 258 726 3532 808">
     <span class='ocr_line' id='line_1_5' title="bbox 258 726 3532 808; baseline 0.002 -28"><span class='ocrx_word' id='word_1_52' title='bbox 258 726 429 780; x_wconf 90' lang='lat' dir='ltr'><strong>etiam</strong></span> <span class='ocrx_word' id='word_1_53' title='bbox 461 743 528 781; x_wconf 85' lang='lat' dir='ltr'><strong>ex</strong></span> <span class='ocrx_word' id='word_1_54' title='bbox 562 730 770 785; x_wconf 86' lang='lat' dir='ltr'><strong>catenis</strong></span> <span class='ocrx_word' id='word_1_55' title='bbox 801 740 995 788; x_wconf 78' lang='lat' dir='ltr'><strong>erutae.</strong></span> <span class='ocrx_word' id='word_1_56' title='bbox 1029 729 1173 785; x_wconf 87' lang='lat' dir='ltr'><strong>Nihil</strong></span> <span class='ocrx_word' id='word_1_57' title='bbox 1212 749 1398 787; x_wconf 91' lang='lat' dir='ltr'><strong>moror</strong></span> <span class='ocrx_word' id='word_1_58' title='bbox 1445 735 1766 805; x_wconf 82' lang='lat' dir='ltr'><strong>scriptorem</strong></span> <span class='ocrx_word' id='word_1_59' title='bbox 1795 752 2064 806; x_wconf 91' lang='lat' dir='ltr'><strong>nuperum</strong></span> <span class='ocrx_word' id='word_1_60' title='bbox 2092 778 2107 805; x_wconf 96' lang='lat'><strong>,</strong></span> <span class='ocrx_word' id='word_1_61' title='bbox 2157 738 2252 808; x_wconf 89' lang='lat' dir='ltr'><strong>qui</strong></span> <span class='ocrx_word' id='word_1_62' title='bbox 2281 738 2653 808; x_wconf 83' lang='lat' dir='ltr'><strong>expositiones</strong></span> <span class='ocrx_word' id='word_1_63' title='bbox 2700 739 2822 795; x_wconf 88' lang='lat' dir='ltr'><strong>illas</strong></span> <span class='ocrx_word' id='word_1_64' title='bbox 2869 739 2926 791; x_wconf 84' lang='lat' dir='ltr'><strong>in</strong></span> <span class='ocrx_word' id='word_1_65' title='bbox 2975 736 3215 790; x_wconf 89' lang='lat' dir='ltr'><strong>Psalmos</strong></span> <span class='ocrx_word' id='word_1_66' title='bbox 3260 749 3372 787; x_wconf 87' lang='lat' dir='ltr'><strong>non</strong></span> <span class='ocrx_word' id='word_1_67' title='bbox 3410 745 3532 786; x_wconf 87' lang='lat' dir='ltr'><strong>esse</strong></span> 
     </span>
    </p>
   </div>
   <div class='ocr_carea' id='block_1_6' title="bbox 258 817 3531 904">
    <p class='ocr_par' dir='ltr' id='par_1_6' title="bbox 258 817 3531 904">
     <span class='ocr_line' id='line_1_6' title="bbox 258 817 3531 904; baseline 0.003 -33"><span class='ocrx_word' id='word_1_68' title='bbox 258 817 551 875; x_wconf 81' lang='lat' dir='ltr'><strong>Athanasii</strong></span> <span class='ocrx_word' id='word_1_69' title='bbox 578 838 923 894; x_wconf 67' lang='lat' dir='ltr'><strong>praepropere</strong></span> <span class='ocrx_word' id='word_1_70' title='bbox 947 829 1360 896; x_wconf 83' lang='lat' dir='ltr'><strong>pronuntiavit;</strong></span> <span class='ocrx_word' id='word_1_71' title='bbox 1390 832 1483 886; x_wconf 90' lang='lat' dir='ltr'><strong>sed</strong></span> <span class='ocrx_word' id='word_1_72' title='bbox 1519 832 1669 886; x_wconf 91' lang='lat' dir='ltr'><strong>nulla</strong></span> <span class='ocrx_word' id='word_1_73' title='bbox 1694 833 1875 887; x_wconf 89' lang='lat' dir='ltr'><strong>oblata</strong></span> <span class='ocrx_word' id='word_1_74' title='bbox 1906 835 2138 904; x_wconf 83' lang='lat' dir='ltr'><strong>negandi</strong></span> <span class='ocrx_word' id='word_1_75' title='bbox 2168 835 2396 890; x_wconf 87' lang='lat' dir='ltr'><strong>ratione.</strong></span> <span class='ocrx_word' id='word_1_76' title='bbox 2424 833 2571 889; x_wconf 86' lang='lat' dir='ltr'><strong>Nihil</strong></span> <span class='ocrx_word' id='word_1_77' title='bbox 2613 834 2701 888; x_wconf 88' lang='lat' dir='ltr'><strong>ille</strong></span> <span class='ocrx_word' id='word_1_78' title='bbox 2734 833 2967 897; x_wconf 85' lang='lat' dir='ltr'><strong>curavit,</strong></span> <span class='ocrx_word' id='word_1_79' title='bbox 3003 832 3117 884; x_wconf 91' lang='lat' dir='ltr'><strong>imo</strong></span> <span class='ocrx_word' id='word_1_80' title='bbox 3150 830 3334 901; x_wconf 89' lang='lat' dir='ltr'><strong>potius</strong></span> <span class='ocrx_word' id='word_1_81' title='bbox 3367 827 3531 882; x_wconf 81' lang='lat' dir='ltr'><strong>dissi-</strong></span> 
     </span>
    </p>
   </div>
   <div class='ocr_carea' id='block_1_7' title="bbox 260 912 3527 995">
    <p class='ocr_par' dir='ltr' id='par_1_7' title="bbox 260 912 3527 995">
     <span class='ocr_line' id='line_1_7' title="bbox 260 912 3527 995; baseline 0.003 -32"><span class='ocrx_word' id='word_1_82' title='bbox 260 912 518 976; x_wconf 77' lang='lat' dir='ltr'><strong>mulavit,</strong></span> <span class='ocrx_word' id='word_1_83' title='bbox 555 913 659 968; x_wconf 92' lang='lat' dir='ltr'><strong>hoc</strong></span> <span class='ocrx_word' id='word_1_84' title='bbox 692 916 896 985; x_wconf 83' lang='lat' dir='ltr'><strong>Operis,</strong></span> <span class='ocrx_word' id='word_1_85' title='bbox 931 918 1189 973; x_wconf 91' lang='lat' dir='ltr'><strong>omnibus</strong></span> <span class='ocrx_word' id='word_1_86' title='bbox 1219 928 1343 990; x_wconf 89' lang='lat' dir='ltr'><strong>post</strong></span> <span class='ocrx_word' id='word_1_87' title='bbox 1370 921 1733 980; x_wconf 88' lang='lat' dir='ltr'><strong>Athanasium</strong></span> <span class='ocrx_word' id='word_1_88' title='bbox 1758 925 1996 992; x_wconf 65' lang='lat' dir='ltr'><strong>saeculis,</strong></span> <span class='ocrx_word' id='word_1_89' title='bbox 2027 926 2313 981; x_wconf 87' lang='lat' dir='ltr'><strong>Athanasii</strong></span> <span class='ocrx_word' id='word_1_90' title='bbox 2345 929 2588 991; x_wconf 87' lang='lat' dir='ltr'><strong>nomine,</strong></span> <span class='ocrx_word' id='word_1_91' title='bbox 2621 926 2797 980; x_wconf 86' lang='lat' dir='ltr'><strong>allatis</strong></span> <span class='ocrx_word' id='word_1_92' title='bbox 2822 926 3144 995; x_wconf 90' lang='lat' dir='ltr'><strong>plerumque</strong></span> <span class='ocrx_word' id='word_1_93' title='bbox 3185 921 3343 985; x_wconf 91' lang='lat' dir='ltr'><strong>locis,</strong></span> <span class='ocrx_word' id='word_1_94' title='bbox 3379 928 3438 972; x_wconf 93' lang='lat' dir='ltr'><strong>ut</strong></span> <span class='ocrx_word' id='word_1_95' title='bbox 3471 918 3527 973; x_wconf 93' lang='lat' dir='ltr'><strong>in</strong></span> 
     </span>
    </p>
   </div>
   <div class='ocr_carea' id='block_1_8' title="bbox 263 1005 3528 1089">
    <p class='ocr_par' dir='ltr' id='par_1_8' title="bbox 263 1005 3528 1089">
     <span class='ocr_line' id='line_1_8' title="bbox 263 1005 3528 1089; baseline 0.004 -31"><span class='ocrx_word' id='word_1_96' title='bbox 263 1005 533 1061; x_wconf 90' lang='lat' dir='ltr'><strong>hodierno</strong></span> <span class='ocrx_word' id='word_1_97' title='bbox 558 1013 953 1066; x_wconf 89' lang='lat' dir='ltr'><strong>commentario</strong></span> <span class='ocrx_word' id='word_1_98' title='bbox 982 1023 1219 1080; x_wconf 79' lang='lat' dir='ltr'><strong>exstant,</strong></span> <span class='ocrx_word' id='word_1_99' title='bbox 1257 1031 1293 1087; x_wconf 21' lang='lat' dir='ltr'><strong>a’</strong></span> <span class='ocrx_word' id='word_1_100' title='bbox 1320 1016 1595 1088; x_wconf 87' lang='lat' dir='ltr'><strong>plerisque</strong></span> <span class='ocrx_word' id='word_1_101' title='bbox 1629 1020 1989 1089; x_wconf 88' lang='lat' dir='ltr'><strong>scriptoribus</strong></span> <span class='ocrx_word' id='word_1_102' title='bbox 2039 1022 2334 1075; x_wconf 90' lang='lat' dir='ltr'><strong>memorari</strong></span> <span class='ocrx_word' id='word_1_103' title='bbox 2368 1039 2381 1074; x_wconf 85' lang='lat'><strong>:</strong></span> <span class='ocrx_word' id='word_1_104' title='bbox 2410 1021 2548 1078; x_wconf 87' lang='lat' dir='ltr'><strong>nihil</strong></span> <span class='ocrx_word' id='word_1_105' title='bbox 2579 1020 2749 1074; x_wconf 85' lang='lat' dir='ltr'><strong>movit</strong></span> <span class='ocrx_word' id='word_1_106' title='bbox 2786 1018 3015 1073; x_wconf 65' lang='lat' dir='ltr'><strong>affinitas</strong></span> <span class='ocrx_word' id='word_1_107' title='bbox 3063 1017 3208 1088; x_wconf 81' lang='lat' dir='ltr'><strong>styli,</strong></span> <span class='ocrx_word' id='word_1_108' title='bbox 3253 1017 3528 1085; x_wconf 79' lang='lat' dir='ltr'><strong>verbaque</strong></span> 
     </span>
    </p>
   </div>
   <div class='ocr_carea' id='block_1_9' title="bbox 261 1094 3528 1180">
    <p class='ocr_par' dir='ltr' id='par_1_9' title="bbox 261 1094 3528 1180">
     <span class='ocr_line' id='line_1_9' title="bbox 261 1094 3528 1180; baseline 0.003 -31"><span class='ocrx_word' id='word_1_109' title='bbox 261 1094 574 1167; x_wconf 90' lang='lat' dir='ltr'><strong>frequentia</strong></span> <span class='ocrx_word' id='word_1_110' title='bbox 605 1099 969 1157; x_wconf 89' lang='lat' dir='ltr'><strong>Athanasiani</strong></span> <span class='ocrx_word' id='word_1_111' title='bbox 995 1122 1150 1170; x_wconf 88' lang='lat' dir='ltr'><strong>usus,</strong></span> <span class='ocrx_word' id='word_1_112' title='bbox 1180 1108 1315 1162; x_wconf 88' lang='lat' dir='ltr'><strong>nihil</strong></span> <span class='ocrx_word' id='word_1_113' title='bbox 1349 1109 1622 1177; x_wconf 89' lang='lat' dir='ltr'><strong>codicum,</strong></span> <span class='ocrx_word' id='word_1_114' title='bbox 1654 1112 1796 1165; x_wconf 92' lang='lat' dir='ltr'><strong>unde</strong></span> <span class='ocrx_word' id='word_1_115' title='bbox 1818 1113 2160 1180; x_wconf 88' lang='lat' dir='ltr'><strong>prodierunt,</strong></span> <span class='ocrx_word' id='word_1_116' title='bbox 2193 1121 2433 1166; x_wconf 91' lang='lat' dir='ltr'><strong>vetustas</strong></span> <span class='ocrx_word' id='word_1_117' title='bbox 2459 1130 2473 1177; x_wconf 87' lang='lat'><strong>;</strong></span> <span class='ocrx_word' id='word_1_118' title='bbox 2506 1127 2626 1178; x_wconf 86' lang='lat' dir='ltr'><strong>quae</strong></span> <span class='ocrx_word' id='word_1_119' title='bbox 2655 1126 2785 1165; x_wconf 89' lang='lat' dir='ltr'><strong>sane</strong></span> <span class='ocrx_word' id='word_1_120' title='bbox 2821 1117 3074 1164; x_wconf 90' lang='lat' dir='ltr'><strong>accurato</strong></span> <span class='ocrx_word' id='word_1_121' title='bbox 3101 1108 3339 1171; x_wconf 88' lang='lat' dir='ltr'><strong>censori,</strong></span> <span class='ocrx_word' id='word_1_122' title='bbox 3373 1112 3528 1159; x_wconf 91' lang='lat' dir='ltr'><strong>ante-</strong></span> 
     </span>
    </p>
   </div>
   <div class='ocr_carea' id='block_1_10' title="bbox 259 1188 3523 1271">
    <p class='ocr_par' dir='ltr' id='par_1_10' title="bbox 259 1188 3523 1271">
     <span class='ocr_line' id='line_1_10' title="bbox 259 1188 3523 1271; baseline 0.003 -33"><span class='ocrx_word' id='word_1_123' title='bbox 259 1200 428 1257; x_wconf 89' lang='lat' dir='ltr'><strong>quam</strong></span> <span class='ocrx_word' id='word_1_124' title='bbox 457 1188 781 1245; x_wconf 80' lang='lat' dir='ltr'><strong>sententiam</strong></span> <span class='ocrx_word' id='word_1_125' title='bbox 822 1190 1008 1261; x_wconf 90' lang='lat' dir='ltr'><strong>ferret,</strong></span> <span class='ocrx_word' id='word_1_126' title='bbox 1057 1197 1201 1251; x_wconf 92' lang='lat' dir='ltr'><strong>serio</strong></span> <span class='ocrx_word' id='word_1_127' title='bbox 1229 1207 1386 1254; x_wconf 90' lang='lat' dir='ltr'><strong>erant</strong></span> <span class='ocrx_word' id='word_1_128' title='bbox 1430 1202 1773 1257; x_wconf 82' lang='lat' dir='ltr'><strong>excutienda.</strong></span> <span class='ocrx_word' id='word_1_129' title='bbox 1820 1202 2016 1257; x_wconf 87' lang='lat' dir='ltr'><strong>Verum</strong></span> <span class='ocrx_word' id='word_1_130' title='bbox 2061 1204 2154 1257; x_wconf 91' lang='lat' dir='ltr'><strong>ille</strong></span> <span class='ocrx_word' id='word_1_131' title='bbox 2182 1205 2359 1259; x_wconf 89' lang='lat' dir='ltr'><strong>nasuti</strong></span> <span class='ocrx_word' id='word_1_132' title='bbox 2392 1219 2451 1258; x_wconf 91' lang='lat' dir='ltr'><strong>se</strong></span> <span class='ocrx_word' id='word_1_133' title='bbox 2493 1204 2666 1257; x_wconf 81' lang='lat' dir='ltr'><strong>critici</strong></span> <span class='ocrx_word' id='word_1_134' title='bbox 2702 1212 2878 1271; x_wconf 90' lang='lat' dir='ltr'><strong>partes</strong></span> <span class='ocrx_word' id='word_1_135' title='bbox 2904 1201 3079 1270; x_wconf 82' lang='lat' dir='ltr'><strong>egisse</strong></span> <span class='ocrx_word' id='word_1_136' title='bbox 3109 1199 3349 1268; x_wconf 85' lang='lat' dir='ltr'><strong>putavit,</strong></span> <span class='ocrx_word' id='word_1_137' title='bbox 3376 1213 3523 1259; x_wconf 91' lang='lat' dir='ltr'><strong>cum,</strong></span> 
     </span>
    </p>
   </div>
   <div class='ocr_carea' id='block_1_11' title="bbox 257 1280 3524 1369">
    <p class='ocr_par' dir='ltr' id='par_1_11' title="bbox 257 1280 3524 1369">
     <span class='ocr_line' id='line_1_11' title="bbox 257 1280 3524 1369; baseline 0.004 -36"><span class='ocrx_word' id='word_1_138' title='bbox 257 1280 433 1335; x_wconf 87' lang='lat' dir='ltr'><strong>missa</strong></span> <span class='ocrx_word' id='word_1_139' title='bbox 473 1282 784 1352; x_wconf 88' lang='lat' dir='ltr'><strong>importuna</strong></span> <span class='ocrx_word' id='word_1_140' title='bbox 830 1286 922 1341; x_wconf 91' lang='lat' dir='ltr'><strong>illa</strong></span> <span class='ocrx_word' id='word_1_141' title='bbox 964 1289 1325 1361; x_wconf 77' lang='lat' dir='ltr'><strong>investigandi</strong></span> <span class='ocrx_word' id='word_1_142' title='bbox 1356 1303 1411 1348; x_wconf 87' lang='lat' dir='ltr'><strong>et</strong></span> <span class='ocrx_word' id='word_1_143' title='bbox 1439 1294 1780 1365; x_wconf 90' lang='lat' dir='ltr'><strong>disquirendi</strong></span> <span class='ocrx_word' id='word_1_144' title='bbox 1827 1313 2014 1367; x_wconf 88' lang='lat' dir='ltr'><strong>opera,</strong></span> <span class='ocrx_word' id='word_1_145' title='bbox 2061 1300 2440 1354; x_wconf 87' lang='lat' dir='ltr'><strong>incunctanter</strong></span> <span class='ocrx_word' id='word_1_146' title='bbox 2466 1300 2873 1369; x_wconf 80' lang='lat' dir='ltr'><strong>pronuntiavit:</strong></span> <span class='ocrx_word' id='word_1_147' title='bbox 2904 1295 3027 1349; x_wconf 86' lang='lat' dir='ltr'><strong>Non</strong></span> <span class='ocrx_word' id='word_1_148' title='bbox 3056 1306 3176 1350; x_wconf 83' lang='lat' dir='ltr'><strong>sunt</strong></span> <span class='ocrx_word' id='word_1_149' title='bbox 3210 1294 3524 1357; x_wconf 80' lang='lat' dir='ltr'><strong>Athanasii;</strong></span> 
     </span>
    </p>
   </div>
   <div class='ocr_carea' id='block_1_12' title="bbox 258 1379 3525 1465">
    <p class='ocr_par' dir='ltr' id='par_1_12' title="bbox 258 1379 3525 1465">
     <span class='ocr_line' id='line_1_12' title="bbox 258 1379 3525 1465; baseline 0.003 -34"><span class='ocrx_word' id='word_1_150' title='bbox 258 1379 354 1431; x_wconf 91' lang='lat' dir='ltr'><strong>cui</strong></span> <span class='ocrx_word' id='word_1_151' title='bbox 384 1394 483 1434; x_wconf 92' lang='lat' dir='ltr'><strong>nos</strong></span> <span class='ocrx_word' id='word_1_152' title='bbox 515 1381 633 1449; x_wconf 89' lang='lat' dir='ltr'><strong>pari</strong></span> <span class='ocrx_word' id='word_1_153' title='bbox 662 1381 924 1438; x_wconf 77' lang='lat' dir='ltr'><strong>facilitate</strong></span> <span class='ocrx_word' id='word_1_154' title='bbox 956 1388 1273 1454; x_wconf 89' lang='lat' dir='ltr'><strong>reponimus</strong></span> <span class='ocrx_word' id='word_1_155' title='bbox 1304 1406 1317 1443; x_wconf 88' lang='lat'><strong>:</strong></span> <span class='ocrx_word' id='word_1_156' title='bbox 1345 1388 1479 1445; x_wconf 84' lang='lat' dir='ltr'><strong>Sunt</strong></span> <span class='ocrx_word' id='word_1_157' title='bbox 1515 1393 1835 1459; x_wconf 79' lang='lat' dir='ltr'><strong>Athanasii;</strong></span> <span class='ocrx_word' id='word_1_158' title='bbox 1880 1410 1910 1449; x_wconf 93' lang='lat' dir='ltr'><strong>a</strong></span> <span class='ocrx_word' id='word_1_159' title='bbox 1938 1411 2045 1464; x_wconf 91' lang='lat' dir='ltr'><strong>qua</strong></span> <span class='ocrx_word' id='word_1_160' title='bbox 2073 1412 2130 1449; x_wconf 87' lang='lat' dir='ltr'><strong>re</strong></span> <span class='ocrx_word' id='word_1_161' title='bbox 2154 1397 2333 1451; x_wconf 91' lang='lat' dir='ltr'><strong>denuo</strong></span> <span class='ocrx_word' id='word_1_162' title='bbox 2365 1394 2770 1465; x_wconf 84' lang='lat' dir='ltr'><strong>comprobanda</strong></span> <span class='ocrx_word' id='word_1_163' title='bbox 2798 1408 2898 1447; x_wconf 89' lang='lat' dir='ltr'><strong>nos</strong></span> <span class='ocrx_word' id='word_1_164' title='bbox 2925 1391 3196 1457; x_wconf 81' lang='lat' dir='ltr'><strong>exemisti,</strong></span> <span class='ocrx_word' id='word_1_165' title='bbox 3226 1390 3353 1443; x_wconf 92' lang='lat' dir='ltr'><strong>dum</strong></span> <span class='ocrx_word' id='word_1_166' title='bbox 3388 1387 3525 1441; x_wconf 89' lang='lat' dir='ltr'><strong>nihil</strong></span> 
     </span>
    </p>
   </div>
   <div class='ocr_carea' id='block_1_13' title="bbox 266 1468 3527 1556">
    <p class='ocr_par' dir='ltr' id='par_1_13' title="bbox 266 1468 3527 1556">
     <span class='ocr_line' id='line_1_13' title="bbox 266 1468 3527 1556; baseline 0.003 -35"><span class='ocrx_word' id='word_1_167' title='bbox 266 1468 464 1533; x_wconf 84' lang='lat' dir='ltr'><strong>aﬂ‘ers,</strong></span> <span class='ocrx_word' id='word_1_168' title='bbox 493 1485 601 1540; x_wconf 91' lang='lat' dir='ltr'><strong>quo</strong></span> <span class='ocrx_word' id='word_1_169' title='bbox 634 1480 712 1526; x_wconf 94' lang='lat' dir='ltr'><strong>tot</strong></span> <span class='ocrx_word' id='word_1_170' title='bbox 741 1474 1068 1544; x_wconf 90' lang='lat' dir='ltr'><strong>scriptorum</strong></span> <span class='ocrx_word' id='word_1_171' title='bbox 1102 1478 1434 1547; x_wconf 90' lang='lat' dir='ltr'><strong>testimonia,</strong></span> <span class='ocrx_word' id='word_1_172' title='bbox 1467 1490 1651 1553; x_wconf 91' lang='lat' dir='ltr'><strong>totque</strong></span> <span class='ocrx_word' id='word_1_173' title='bbox 1677 1485 1782 1538; x_wconf 89' lang='lat' dir='ltr'><strong>alia</strong></span> <span class='ocrx_word' id='word_1_174' title='bbox 1821 1487 2174 1556; x_wconf 79' lang='grc' dir='ltr'><strong>γνησιότητος</strong></span> <span class='ocrx_word' id='word_1_175' title='bbox 2219 1496 2536 1556; x_wconf 88' lang='lat' dir='ltr'><strong>argumenta</strong></span> <span class='ocrx_word' id='word_1_176' title='bbox 2564 1486 2858 1540; x_wconf 90' lang='lat' dir='ltr'><strong>convellas.</strong></span> <span class='ocrx_word' id='word_1_177' title='bbox 2886 1482 3057 1538; x_wconf 86' lang='lat' dir='ltr'><strong>Nemo</strong></span> <span class='ocrx_word' id='word_1_178' title='bbox 3084 1498 3215 1536; x_wconf 83' lang='lat' dir='ltr'><strong>sane</strong></span> <span class='ocrx_word' id='word_1_179' title='bbox 3245 1481 3403 1534; x_wconf 89' lang='lat' dir='ltr'><strong>nobis</strong></span> <span class='ocrx_word' id='word_1_180' title='bbox 3443 1479 3527 1532; x_wconf 92' lang='lat' dir='ltr'><strong>di-</strong></span> 
     </span>
    </p>
   </div>
   <div class='ocr_carea' id='block_1_14' title="bbox 258 1558 3526 1647">
    <p class='ocr_par' dir='ltr' id='par_1_14' title="bbox 258 1558 3526 1647">
     <span class='ocr_line' id='line_1_14' title="bbox 258 1558 3526 1647; baseline 0.004 -37"><span class='ocrx_word' id='word_1_181' title='bbox 258 1572 383 1611; x_wconf 86' lang='lat' dir='ltr'><strong>cam</strong></span> <span class='ocrx_word' id='word_1_182' title='bbox 412 1558 711 1632; x_wconf 84' lang='lat' dir='ltr'><strong>impingat,</strong></span> <span class='ocrx_word' id='word_1_183' title='bbox 747 1565 893 1633; x_wconf 91' lang='lat' dir='ltr'><strong>quod</strong></span> <span class='ocrx_word' id='word_1_184' title='bbox 926 1581 994 1621; x_wconf 83' lang='lat' dir='ltr'><strong>ex</strong></span> <span class='ocrx_word' id='word_1_185' title='bbox 1023 1566 1213 1623; x_wconf 78' lang='lat' dir='ltr'><strong>affecta</strong></span> <span class='ocrx_word' id='word_1_186' title='bbox 1262 1571 1343 1625; x_wconf 91' lang='lat' dir='ltr'><strong>vel</strong></span> <span class='ocrx_word' id='word_1_187' title='bbox 1378 1573 1732 1642; x_wconf 72' lang='lat' dir='ltr'><strong>przejudicata</strong></span> <span class='ocrx_word' id='word_1_188' title='bbox 1765 1577 2023 1646; x_wconf 88' lang='lat' dir='ltr'><strong>opinione</strong></span> <span class='ocrx_word' id='word_1_189' title='bbox 2054 1579 2240 1647; x_wconf 90' lang='lat' dir='ltr'><strong>spuria</strong></span> <span class='ocrx_word' id='word_1_190' title='bbox 2272 1579 2356 1631; x_wconf 89' lang='lat' dir='ltr'><strong>vel</strong></span> <span class='ocrx_word' id='word_1_191' title='bbox 2389 1578 2553 1631; x_wconf 90' lang='lat' dir='ltr'><strong>dubia</strong></span> <span class='ocrx_word' id='word_1_192' title='bbox 2588 1592 2753 1647; x_wconf 85' lang='lat' dir='ltr'><strong>opera</strong></span> <span class='ocrx_word' id='word_1_193' title='bbox 2781 1591 2878 1646; x_wconf 92' lang='lat' dir='ltr'><strong>pro</strong></span> <span class='ocrx_word' id='word_1_194' title='bbox 2914 1574 3190 1645; x_wconf 80' lang='lat' dir='ltr'><strong>germanis</strong></span> <span class='ocrx_word' id='word_1_195' title='bbox 3220 1584 3273 1626; x_wconf 89' lang='lat' dir='ltr'><strong>et</strong></span> <span class='ocrx_word' id='word_1_196' title='bbox 3302 1570 3526 1626; x_wconf 85' lang='lat' dir='ltr'><strong>assertis</strong></span> 
     </span>
    </p>
   </div>
   <div class='ocr_carea' id='block_1_15' title="bbox 254 1647 1785 1737">
    <p class='ocr_par' dir='ltr' id='par_1_15' title="bbox 254 1647 1785 1737">
     <span class='ocr_line' id='line_1_15' title="bbox 254 1647 1785 1737; baseline 0.014 -36"><span class='ocrx_word' id='word_1_197' title='bbox 254 1647 604 1717; x_wconf 83' lang='lat' dir='ltr'><strong>dederimus;</strong></span> <span class='ocrx_word' id='word_1_198' title='bbox 635 1669 758 1707; x_wconf 92' lang='lat' dir='ltr'><strong>nam</strong></span> <span class='ocrx_word' id='word_1_199' title='bbox 801 1670 899 1725; x_wconf 92' lang='lat' dir='ltr'><strong>pro</strong></span> <span class='ocrx_word' id='word_1_200' title='bbox 925 1658 1091 1724; x_wconf 88' lang='lat' dir='ltr'><strong>virili,</strong></span> <span class='ocrx_word' id='word_1_201' title='bbox 1127 1668 1180 1713; x_wconf 90' lang='lat' dir='ltr'><strong>et</strong></span> <span class='ocrx_word' id='word_1_202' title='bbox 1215 1672 1274 1715; x_wconf 87' lang='lat' dir='ltr'><strong>ut</strong></span> <span class='ocrx_word' id='word_1_203' title='bbox 1304 1664 1444 1732; x_wconf 81' lang='lat' dir='ltr'><strong>aequi</strong></span> <span class='ocrx_word' id='word_1_204' title='bbox 1480 1666 1617 1722; x_wconf 88' lang='lat' dir='ltr'><strong>ratio</strong></span> <span class='ocrx_word' id='word_1_205' title='bbox 1647 1676 1785 1737; x_wconf 85' lang='lat' dir='ltr'><strong>postt</strong></span> 
     </span>
    </p>
   </div>
   <div class='ocr_carea' id='block_1_16' title="bbox 1992 1647 3523 1737">
    <p class='ocr_par' dir='ltr' id='par_1_16' title="bbox 2007 1660 3523 1737">
     <span class='ocr_line' id='line_1_16' title="bbox 2007 1660 3523 1737; baseline -0.007 -15"><span class='ocrx_word' id='word_1_206' title='bbox 2007 1669 2216 1733; x_wconf 82' lang='grc' dir='ltr'>νοθείας</span> <span class='ocrx_word' id='word_1_207' title='bbox 2236 1708 2251 1732; x_wconf 89' lang='grc'><em>,</em></span> <span class='ocrx_word' id='word_1_208' title='bbox 2287 1669 2370 1721; x_wconf 89' lang='lat' dir='ltr'><strong>vel</strong></span> <span class='ocrx_word' id='word_1_209' title='bbox 2398 1669 2752 1737; x_wconf 83' lang='grc' dir='ltr'><strong>γνησιότητος</strong></span> <span class='ocrx_word' id='word_1_210' title='bbox 2783 1675 2939 1720; x_wconf 91' lang='lat' dir='ltr'><strong>notas</strong></span> <span class='ocrx_word' id='word_1_211' title='bbox 2964 1665 3272 1733; x_wconf 83' lang='lat' dir='ltr'><strong>quibusque</strong></span> <span class='ocrx_word' id='word_1_212' title='bbox 3306 1660 3523 1731; x_wconf 77' lang='lat' dir='ltr'><strong>praemi-</strong></span> 
     </span>
    </p>
   </div>
   <div class='ocr_carea' id='block_1_17' title="bbox 255 1746 3527 1829">
    <p class='ocr_par' dir='ltr' id='par_1_17' title="bbox 255 1746 3527 1829">
     <span class='ocr_line' id='line_1_17' title="bbox 255 1746 3527 1829; baseline 0.003 -30"><span class='ocrx_word' id='word_1_213' title='bbox 255 1746 456 1801; x_wconf 85' lang='lat' dir='ltr'><strong>simus.</strong></span> <span class='ocrx_word' id='word_1_214' title='bbox 482 1749 561 1803; x_wconf 90' lang='lat' dir='ltr'><strong>Ac</strong></span> <span class='ocrx_word' id='word_1_215' title='bbox 590 1750 716 1804; x_wconf 87' lang='lat' dir='ltr'><strong>licet</strong></span> <span class='ocrx_word' id='word_1_216' title='bbox 751 1755 950 1823; x_wconf 90' lang='lat' dir='ltr'><strong>cuique</strong></span> <span class='ocrx_word' id='word_1_217' title='bbox 980 1755 1214 1813; x_wconf 85' lang='lat' dir='ltr'><strong>liberum</strong></span> <span class='ocrx_word' id='word_1_218' title='bbox 1244 1763 1526 1818; x_wconf 72' lang='lat' dir='ltr'><strong>sententia:</strong></span> <span class='ocrx_word' id='word_1_219' title='bbox 1551 1764 1840 1819; x_wconf 88' lang='lat' dir='ltr'><strong>adversum</strong></span> <span class='ocrx_word' id='word_1_220' title='bbox 1874 1782 1976 1821; x_wconf 90' lang='lat' dir='ltr'><strong>nos</strong></span> <span class='ocrx_word' id='word_1_221' title='bbox 2008 1766 2243 1820; x_wconf 74' lang='lat' dir='ltr'><strong>ferendae</strong></span> <span class='ocrx_word' id='word_1_222' title='bbox 2277 1765 2565 1819; x_wconf 85' lang='lat' dir='ltr'><strong>arbitrium</strong></span> <span class='ocrx_word' id='word_1_223' title='bbox 2598 1764 2909 1824; x_wconf 86' lang='lat' dir='ltr'><strong>mittamus,</strong></span> <span class='ocrx_word' id='word_1_224' title='bbox 2951 1761 2995 1814; x_wconf 92' lang='lat' dir='ltr'><strong>si</strong></span> <span class='ocrx_word' id='word_1_225' title='bbox 3027 1761 3150 1829; x_wconf 88' lang='lat' dir='ltr'><strong>quis</strong></span> <span class='ocrx_word' id='word_1_226' title='bbox 3176 1770 3354 1812; x_wconf 87' lang='lat' dir='ltr'><strong>tamen</strong></span> <span class='ocrx_word' id='word_1_227' title='bbox 3387 1755 3527 1808; x_wconf 92' lang='lat' dir='ltr'><strong>hanc</strong></span> 
     </span>
    </p>
   </div>
   <div class='ocr_carea' id='block_1_18' title="bbox 250 1840 3525 1929">
    <p class='ocr_par' dir='ltr' id='par_1_18' title="bbox 250 1840 3525 1929">
     <span class='ocr_line' id='line_1_18' title="bbox 250 1840 3525 1929; baseline 0.003 -40"><span class='ocrx_word' id='word_1_228' title='bbox 250 1840 601 1906; x_wconf 79' lang='lat' dir='ltr'><strong>provinciam</strong></span> <span class='ocrx_word' id='word_1_229' title='bbox 635 1842 812 1910; x_wconf 88' lang='lat' dir='ltr'><strong>adeat,</strong></span> <span class='ocrx_word' id='word_1_230' title='bbox 847 1848 1062 1902; x_wconf 89' lang='lat' dir='ltr'><strong>nonnisi</strong></span> <span class='ocrx_word' id='word_1_231' title='bbox 1093 1853 1341 1909; x_wconf 86' lang='lat' dir='ltr'><strong>excussis</strong></span> <span class='ocrx_word' id='word_1_232' title='bbox 1372 1858 1729 1924; x_wconf 82' lang='lat' dir='ltr'><strong>argumentis,</strong></span> <span class='ocrx_word' id='word_1_233' title='bbox 1766 1868 1821 1913; x_wconf 89' lang='lat' dir='ltr'><strong>et</strong></span> <span class='ocrx_word' id='word_1_234' title='bbox 1866 1859 2030 1923; x_wconf 86' lang='lat' dir='ltr'><strong>notis,</strong></span> <span class='ocrx_word' id='word_1_235' title='bbox 2060 1875 2197 1929; x_wconf 90' lang='lat' dir='ltr'><strong>quas</strong></span> <span class='ocrx_word' id='word_1_236' title='bbox 2225 1874 2321 1928; x_wconf 91' lang='lat' dir='ltr'><strong>pro</strong></span> <span class='ocrx_word' id='word_1_237' title='bbox 2349 1856 2605 1912; x_wconf 82' lang='lat' dir='ltr'><strong>facultate</strong></span> <span class='ocrx_word' id='word_1_238' title='bbox 2639 1855 2961 1910; x_wconf 87' lang='lat' dir='ltr'><strong>tractatibus</strong></span> <span class='ocrx_word' id='word_1_239' title='bbox 2994 1851 3223 1922; x_wconf 80' lang='lat' dir='ltr'><strong>singulis</strong></span> <span class='ocrx_word' id='word_1_240' title='bbox 3252 1846 3525 1921; x_wconf 74' lang='lat' dir='ltr'><strong>praemisi-</strong></span> 
     </span>
    </p>
   </div>
   <div class='ocr_carea' id='block_1_19' title="bbox 254 1937 1551 2021">
    <p class='ocr_par' dir='ltr' id='par_1_19' title="bbox 254 1937 1551 2021">
     <span class='ocr_line' id='line_1_19' title="bbox 254 1937 1551 2021; baseline 0.013 -34"><span class='ocrx_word' id='word_1_241' title='bbox 254 1950 404 2000; x_wconf 87' lang='lat' dir='ltr'><strong>mus,</strong></span> <span class='ocrx_word' id='word_1_242' title='bbox 426 1937 631 2004; x_wconf 88' lang='lat' dir='ltr'><strong>judicis</strong></span> <span class='ocrx_word' id='word_1_243' title='bbox 657 1949 717 1994; x_wconf 33' lang='lat' dir='ltr'><strong>et.</strong></span> <span class='ocrx_word' id='word_1_244' title='bbox 744 1944 990 1999; x_wconf 90' lang='lat' dir='ltr'><strong>censoris</strong></span> <span class='ocrx_word' id='word_1_245' title='bbox 1025 1957 1210 2015; x_wconf 89' lang='lat' dir='ltr'><strong>partes</strong></span> <span class='ocrx_word' id='word_1_246' title='bbox 1244 1960 1493 2021; x_wconf 92' lang='lat' dir='ltr'><strong>occupet.</strong></span> <span class='ocrx_word' id='word_1_247' title='bbox 1532 1972 1551 2004; x_wconf 85' lang='grc'><strong>›</strong></span> 
     </span>
    </p>
   </div>
   <div class='ocr_carea' id='block_1_20' title="bbox 331 2029 3524 2121">
    <p class='ocr_par' dir='ltr' id='par_1_20' title="bbox 331 2029 3524 2121">
     <span class='ocr_line' id='line_1_20' title="bbox 331 2029 3524 2121; baseline 0.002 -39"><span class='ocrx_word' id='word_1_248' title='bbox 331 2029 444 2086; x_wconf 73' lang='lat' dir='ltr'><strong>VII.</strong></span> <span class='ocrx_word' id='word_1_249' title='bbox 486 2031 682 2089; x_wconf 88' lang='lat' dir='ltr'><strong>Postea</strong></span> <span class='ocrx_word' id='word_1_250' title='bbox 714 2052 845 2092; x_wconf 92' lang='lat' dir='ltr'><strong>vero</strong></span> <span class='ocrx_word' id='word_1_251' title='bbox 879 2043 1209 2098; x_wconf 89' lang='lat' dir='ltr'><strong>severiorem</strong></span> <span class='ocrx_word' id='word_1_252' title='bbox 1245 2061 1535 2102; x_wconf 90' lang='lat' dir='ltr'><strong>censuram</strong></span> <span class='ocrx_word' id='word_1_253' title='bbox 1580 2051 1635 2103; x_wconf 91' lang='lat' dir='ltr'><strong>in</strong></span> <span class='ocrx_word' id='word_1_254' title='bbox 1684 2052 2134 2107; x_wconf 85' lang='lat' dir='ltr'><strong>commentarium</strong></span> <span class='ocrx_word' id='word_1_255' title='bbox 2179 2069 2335 2121; x_wconf 82' lang='lat' dir='ltr'><strong>super</strong></span> <span class='ocrx_word' id='word_1_256' title='bbox 2374 2050 2641 2113; x_wconf 86' lang='lat' dir='ltr'><strong>Psalmos,</strong></span> <span class='ocrx_word' id='word_1_257' title='bbox 2685 2056 2738 2102; x_wconf 92' lang='lat' dir='ltr'><strong>et</strong></span> <span class='ocrx_word' id='word_1_258' title='bbox 2786 2048 2839 2100; x_wconf 92' lang='lat' dir='ltr'><strong>in</strong></span> <span class='ocrx_word' id='word_1_259' title='bbox 2889 2041 2993 2096; x_wconf 89' lang='lat' dir='ltr'><strong>alia</strong></span> <span class='ocrx_word' id='word_1_260' title='bbox 3027 2054 3189 2109; x_wconf 90' lang='lat' dir='ltr'><strong>opera</strong></span> <span class='ocrx_word' id='word_1_261' title='bbox 3218 2037 3273 2090; x_wconf 92' lang='lat' dir='ltr'><strong>in</strong></span> <span class='ocrx_word' id='word_1_262' title='bbox 3309 2050 3524 2091; x_wconf 90' lang='lat' dir='ltr'><strong>sacram</strong></span> 
     </span>
    </p>
   </div>
   <div class='ocr_carea' id='block_1_21' title="bbox 259 2119 3522 2198">
    <p class='ocr_par' dir='ltr' id='par_1_21' title="bbox 259 2119 3522 2198">
     <span class='ocr_line' id='line_1_21' title="bbox 259 2119 3522 2198; baseline -0 -19"><span class='ocrx_word' id='word_1_263' title='bbox 259 2119 933 2193; x_wconf 82' lang='lat' dir='ltr'><strong>Scripturam.Athanasii.</strong></span> <span class='ocrx_word' id='word_1_264' title='bbox 972 2136 1195 2189; x_wconf 90' lang='lat' dir='ltr'><strong>nomine</strong></span> <span class='ocrx_word' id='word_1_265' title='bbox 1232 2151 1264 2189; x_wconf 91' lang='lat' dir='ltr'><strong>a</strong></span> <span class='ocrx_word' id='word_1_266' title='bbox 1302 2135 1407 2191; x_wconf 88' lang='lat' dir='ltr'><strong>PP.</strong></span> <span class='ocrx_word' id='word_1_267' title='bbox 1438 2138 1803 2196; x_wconf 89' lang='lat' dir='ltr'><strong>Benedictinis</strong></span> <span class='ocrx_word' id='word_1_268' title='bbox 1837 2158 1931 2196; x_wconf 92' lang='lat' dir='ltr'><strong>seu</strong></span> <span class='ocrx_word' id='word_1_269' title='bbox 1964 2142 2023 2197; x_wconf 93' lang='lat' dir='ltr'><strong>P.</strong></span> <span class='ocrx_word' id='word_1_270' title='bbox 2058 2119 2444 2198; x_wconf 84' lang='lat' dir='ltr'><strong>Montfaucono</strong></span> <span class='ocrx_word' id='word_1_271' title='bbox 2486 2143 2631 2197; x_wconf 91' lang='lat' dir='ltr'><strong>edita</strong></span> <span class='ocrx_word' id='word_1_272' title='bbox 2679 2139 2802 2194; x_wconf 86' lang='lat' dir='ltr'><strong>tulit</strong></span> <span class='ocrx_word' id='word_1_273' title='bbox 2846 2133 3151 2188; x_wconf 86' lang='lat' dir='ltr'><strong>Casimirus</strong></span> <span class='ocrx_word' id='word_1_274' title='bbox 3181 2128 3430 2183; x_wconf 89' lang='lat' dir='ltr'><strong>Oudinus</strong></span> <span class='ocrx_word' id='word_1_275' title='bbox 3466 2127 3522 2180; x_wconf 90' lang='lat' dir='ltr'><strong>in</strong></span> 
     </span>
    </p>
   </div>
   <div class='ocr_carea' id='block_1_22' title="bbox 258 2214 3523 2304">
    <p class='ocr_par' dir='ltr' id='par_1_22' title="bbox 258 2214 3523 2304">
     <span class='ocr_line' id='line_1_22' title="bbox 258 2214 3523 2304; baseline 0.001 -37"><span class='ocrx_word' id='word_1_276' title='bbox 258 2214 413 2271; x_wconf 88' lang='lat' dir='ltr'><strong>hunc</strong></span> <span class='ocrx_word' id='word_1_277' title='bbox 443 2217 664 2273; x_wconf 87' lang='lat' dir='ltr'><strong>modum</strong></span> <span class='ocrx_word' id='word_1_278' title='bbox 704 2222 781 2289; x_wconf 92' lang='lat'><strong>(9)</strong></span> <span class='ocrx_word' id='word_1_279' title='bbox 811 2240 823 2276; x_wconf 91' lang='lat'><strong>:</strong></span> <span class='ocrx_word' id='word_1_280' title='bbox 859 2242 877 2275; x_wconf 75' lang='grc' dir='ltr'>ι</span> <span class='ocrx_word' id='word_1_281' title='bbox 908 2222 1042 2289; x_wconf 86' lang='lat' dir='ltr'><strong>Quis</strong></span> <span class='ocrx_word' id='word_1_282' title='bbox 1087 2229 1273 2282; x_wconf 89' lang='lat' dir='ltr'><strong>credat</strong></span> <span class='ocrx_word' id='word_1_283' title='bbox 1310 2246 1549 2300; x_wconf 90' lang='lat' dir='ltr'><strong>unquam</strong></span> <span class='ocrx_word' id='word_1_284' title='bbox 1587 2249 1846 2304; x_wconf 90' lang='lat' dir='ltr'><strong>magnum</strong></span> <span class='ocrx_word' id='word_1_285' title='bbox 1873 2235 2255 2302; x_wconf 91' lang='lat' dir='ltr'><strong>Athanasium,</strong></span> <span class='ocrx_word' id='word_1_286' title='bbox 2287 2237 2341 2289; x_wconf 90' lang='lat' dir='ltr'><strong>in</strong></span> <span class='ocrx_word' id='word_1_287' title='bbox 2377 2235 2524 2289; x_wconf 91' lang='lat' dir='ltr'><strong>omni</strong></span> <span class='ocrx_word' id='word_1_288' title='bbox 2552 2235 2660 2287; x_wconf 81' lang='lat' dir='ltr'><strong>vita</strong></span> <span class='ocrx_word' id='word_1_289' title='bbox 2697 2239 2776 2285; x_wconf 87' lang='lat' dir='ltr'><strong>tot</strong></span> <span class='ocrx_word' id='word_1_290' title='bbox 2812 2225 3041 2287; x_wconf 79' lang='lat' dir='ltr'><strong>exsiliis,</strong></span> <span class='ocrx_word' id='word_1_291' title='bbox 3076 2222 3220 2291; x_wconf 74' lang='lat' dir='ltr'><strong>fugis</strong></span> <span class='ocrx_word' id='word_1_292' title='bbox 3251 2227 3305 2273; x_wconf 89' lang='lat' dir='ltr'><strong>et</strong></span> <span class='ocrx_word' id='word_1_293' title='bbox 3333 2233 3523 2287; x_wconf 86' lang='lat' dir='ltr'><strong>perse-</strong></span> 
     </span>
    </p>
   </div>
   <div class='ocr_carea' id='block_1_23' title="bbox 260 2310 3522 2393">
    <p class='ocr_par' dir='ltr' id='par_1_23' title="bbox 260 2310 3522 2393">
     <span class='ocr_line' id='line_1_23' title="bbox 260 2310 3522 2393; baseline -0.001 -30"><span class='ocrx_word' id='word_1_294' title='bbox 260 2310 579 2368; x_wconf 91' lang='lat' dir='ltr'><strong>cutionibus</strong></span> <span class='ocrx_word' id='word_1_295' title='bbox 611 2315 875 2385; x_wconf 86' lang='lat' dir='ltr'><strong>agitatum</strong></span> <span class='ocrx_word' id='word_1_296' title='bbox 903 2357 917 2383; x_wconf 92' lang='lat'><strong>,</strong></span> <span class='ocrx_word' id='word_1_297' title='bbox 956 2327 1166 2374; x_wconf 83' lang='lat' dir='ltr'><strong>tantum</strong></span> <span class='ocrx_word' id='word_1_298' title='bbox 1200 2321 1459 2379; x_wconf 86' lang='lat' dir='ltr'><strong>habuisse</strong></span> <span class='ocrx_word' id='word_1_299' title='bbox 1492 2326 1631 2390; x_wconf 91' lang='lat' dir='ltr'><strong>otii,</strong></span> <span class='ocrx_word' id='word_1_300' title='bbox 1669 2337 1727 2382; x_wconf 89' lang='lat' dir='ltr'><strong>ut</strong></span> <span class='ocrx_word' id='word_1_301' title='bbox 1758 2329 2183 2384; x_wconf 85' lang='lat' dir='ltr'><strong>commentarios</strong></span> <span class='ocrx_word' id='word_1_302' title='bbox 2218 2330 2270 2382; x_wconf 95' lang='lat' dir='ltr'><strong>in</strong></span> <span class='ocrx_word' id='word_1_303' title='bbox 2315 2327 2585 2393; x_wconf 90' lang='lat' dir='ltr'><strong>Psalmos,</strong></span> <span class='ocrx_word' id='word_1_304' title='bbox 2617 2323 2833 2383; x_wconf 87' lang='lat' dir='ltr'><strong>Jobum,</strong></span> <span class='ocrx_word' id='word_1_305' title='bbox 2893 2315 3139 2377; x_wconf 83' lang='lat' dir='ltr'><strong>Cantica,</strong></span> <span class='ocrx_word' id='word_1_306' title='bbox 3173 2310 3522 2379; x_wconf 88' lang='lat' dir='ltr'><strong>Evangelium</strong></span> 
     </span>
    </p>
   </div>
   <div class='ocr_carea' id='block_1_24' title="bbox 254 2403 3527 2495">
    <p class='ocr_par' dir='ltr' id='par_1_24' title="bbox 254 2403 3527 2495">
     <span class='ocr_line' id='line_1_24' title="bbox 254 2403 3527 2495; baseline 0.002 -39"><span class='ocrx_word' id='word_1_307' title='bbox 254 2403 520 2471; x_wconf 68' lang='lat' dir='ltr'><strong>Matthazi,</strong></span> <span class='ocrx_word' id='word_1_308' title='bbox 557 2416 611 2463; x_wconf 91' lang='lat' dir='ltr'><strong>et</strong></span> <span class='ocrx_word' id='word_1_309' title='bbox 636 2409 815 2475; x_wconf 64' lang='lat' dir='ltr'><strong>Luem,</strong></span> <span class='ocrx_word' id='word_1_310' title='bbox 850 2411 1149 2482; x_wconf 87' lang='lat' dir='ltr'><strong>Epistolam</strong></span> <span class='ocrx_word' id='word_1_311' title='bbox 1185 2418 1253 2471; x_wconf 91' lang='lat' dir='ltr'><strong>ad</strong></span> <span class='ocrx_word' id='word_1_312' title='bbox 1300 2416 1591 2485; x_wconf 71' lang='lat' dir='ltr'><strong>Hebraeos,</strong></span> <span class='ocrx_word' id='word_1_313' title='bbox 1625 2429 1679 2476; x_wconf 91' lang='lat' dir='ltr'><strong>et</strong></span> <span class='ocrx_word' id='word_1_314' title='bbox 1704 2425 2095 2492; x_wconf 81' lang='lat' dir='ltr'><strong>expositionem</strong></span> <span class='ocrx_word' id='word_1_315' title='bbox 2138 2426 2193 2478; x_wconf 91' lang='lat' dir='ltr'><strong>in</strong></span> <span class='ocrx_word' id='word_1_316' title='bbox 2240 2423 2556 2495; x_wconf 90' lang='lat' dir='ltr'><strong>Symbolum</strong></span> <span class='ocrx_word' id='word_1_317' title='bbox 2605 2417 2902 2474; x_wconf 87' lang='lat' dir='ltr'><strong>scriberet?</strong></span> <span class='ocrx_word' id='word_1_318' title='bbox 2940 2414 3078 2469; x_wconf 85' lang='lat' dir='ltr'><strong>Sunt</strong></span> <span class='ocrx_word' id='word_1_319' title='bbox 3107 2412 3222 2465; x_wconf 66' lang='lat' dir='ltr'><strong>haec</strong></span> <span class='ocrx_word' id='word_1_320' title='bbox 3258 2424 3434 2479; x_wconf 73' lang='lat' dir='ltr'><strong>nugze,</strong></span> <span class='ocrx_word' id='word_1_321' title='bbox 3470 2417 3527 2462; x_wconf 80' lang='lat' dir='ltr'><strong>et</strong></span> 
     </span>
    </p>
   </div>
   <div class='ocr_carea' id='block_1_25' title="bbox 252 2503 3521 2585">
    <p class='ocr_par' dir='ltr' id='par_1_25' title="bbox 252 2503 3521 2585">
     <span class='ocr_line' id='line_1_25' title="bbox 252 2503 3521 2585; baseline -0.001 -34"><span class='ocrx_word' id='word_1_322' title='bbox 252 2508 571 2555; x_wconf 81' lang='lat' dir='ltr'><strong>Commenta</strong></span> <span class='ocrx_word' id='word_1_323' title='bbox 595 2504 919 2559; x_wconf 88' lang='lat' dir='ltr'><strong>recentioris</strong></span> <span class='ocrx_word' id='word_1_324' title='bbox 936 2503 1159 2560; x_wconf 78' lang='lat' dir='ltr'><strong>Graeciae</strong></span> <span class='ocrx_word' id='word_1_325' title='bbox 1190 2507 1434 2577; x_wconf 87' lang='lat' dir='ltr'><strong>antiquis</strong></span> <span class='ocrx_word' id='word_1_326' title='bbox 1460 2511 1740 2581; x_wconf 86' lang='lat' dir='ltr'><strong>incognita</strong></span> <span class='ocrx_word' id='word_1_327' title='bbox 1772 2516 2153 2585; x_wconf 87' lang='lat' dir='ltr'><strong>scriptoribus,</strong></span> <span class='ocrx_word' id='word_1_328' title='bbox 2180 2532 2412 2585; x_wconf 83' lang='lat' dir='ltr'><strong>quorum</strong></span> <span class='ocrx_word' id='word_1_329' title='bbox 2442 2512 2628 2568; x_wconf 89' lang='lat' dir='ltr'><strong>nullus</strong></span> <span class='ocrx_word' id='word_1_330' title='bbox 2651 2520 2895 2564; x_wconf 79' lang='lat' dir='ltr'><strong>veterum</strong></span> <span class='ocrx_word' id='word_1_331' title='bbox 2922 2504 3251 2561; x_wconf 88' lang='lat' dir='ltr'><strong>mentionem</strong></span> <span class='ocrx_word' id='word_1_332' title='bbox 3279 2512 3521 2568; x_wconf 87' lang='lat' dir='ltr'><strong>unquam</strong></span> 
     </span>
    </p>
   </div>
   <div class='ocr_carea' id='block_1_26' title="bbox 257 2584 3524 2677">
    <p class='ocr_par' dir='ltr' id='par_1_26' title="bbox 257 2584 3524 2677">
     <span class='ocr_line' id='line_1_26' title="bbox 257 2584 3524 2677; baseline 0.001 -38"><span class='ocrx_word' id='word_1_333' title='bbox 257 2584 414 2641; x_wconf 87' lang='lat' dir='ltr'><strong>fecit.</strong></span> <span class='ocrx_word' id='word_1_334' title='bbox 448 2588 617 2643; x_wconf 81' lang='lat' dir='ltr'><strong>Miror</strong></span> <span class='ocrx_word' id='word_1_335' title='bbox 644 2591 1026 2651; x_wconf 89' lang='lat' dir='ltr'><strong>Benedictinos</strong></span> <span class='ocrx_word' id='word_1_336' title='bbox 1059 2598 1358 2655; x_wconf 88' lang='lat' dir='ltr'><strong>monachos</strong></span> <span class='ocrx_word' id='word_1_337' title='bbox 1385 2601 1458 2654; x_wconf 91' lang='lat' dir='ltr'><strong>ita</strong></span> <span class='ocrx_word' id='word_1_338' title='bbox 1488 2617 1686 2667; x_wconf 91' lang='lat' dir='ltr'><strong>pueros</strong></span> <span class='ocrx_word' id='word_1_339' title='bbox 1724 2584 1915 2671; x_wconf 84' lang='lat' dir='ltr'><strong>fuisse,</strong></span> <span class='ocrx_word' id='word_1_340' title='bbox 1945 2617 2005 2662; x_wconf 92' lang='lat' dir='ltr'><strong>ut</strong></span> <span class='ocrx_word' id='word_1_341' title='bbox 2033 2584 2303 2677; x_wconf 85' lang='lat' dir='ltr'><strong>excerptis</strong></span> <span class='ocrx_word' id='word_1_342' title='bbox 2344 2607 2462 2661; x_wconf 86' lang='lat' dir='ltr'><strong>istis</strong></span> <span class='ocrx_word' id='word_1_343' title='bbox 2495 2616 2548 2659; x_wconf 89' lang='lat' dir='ltr'><strong>et</strong></span> <span class='ocrx_word' id='word_1_344' title='bbox 2573 2601 2981 2659; x_wconf 89' lang='lat' dir='ltr'><strong>commentariis</strong></span> <span class='ocrx_word' id='word_1_345' title='bbox 3014 2597 3309 2653; x_wconf 82' lang='lat' dir='ltr'><strong>adhibeant.</strong></span> <span class='ocrx_word' id='word_1_346' title='bbox 3337 2592 3524 2653; x_wconf 86' lang='lat' dir='ltr'><strong>ﬁdem,</strong></span> 
     </span>
    </p>
   </div>
   <div class='ocr_carea' id='block_1_27' title="bbox 255 2679 3526 2770">
    <p class='ocr_par' dir='ltr' id='par_1_27' title="bbox 255 2679 3526 2770">
     <span class='ocr_line' id='line_1_27' title="bbox 255 2679 3526 2770; baseline 0.001 -37"><span class='ocrx_word' id='word_1_347' title='bbox 255 2679 426 2736; x_wconf 88' lang='lat' dir='ltr'><strong>dubio</strong></span> <span class='ocrx_word' id='word_1_348' title='bbox 449 2686 662 2753; x_wconf 90' lang='lat' dir='ltr'><strong>procul,</strong></span> <span class='ocrx_word' id='word_1_349' title='bbox 693 2696 753 2742; x_wconf 91' lang='lat' dir='ltr'><strong>ut</strong></span> <span class='ocrx_word' id='word_1_350' title='bbox 800 2690 856 2743; x_wconf 92' lang='lat' dir='ltr'><strong>in</strong></span> <span class='ocrx_word' id='word_1_351' title='bbox 897 2690 1003 2744; x_wconf 90' lang='lat' dir='ltr'><strong>hac</strong></span> <span class='ocrx_word' id='word_1_352' title='bbox 1035 2704 1175 2743; x_wconf 88' lang='lat' dir='ltr'><strong>nova</strong></span> <span class='ocrx_word' id='word_1_353' title='bbox 1210 2705 1308 2744; x_wconf 90' lang='lat' dir='ltr'><strong>sua</strong></span> <span class='ocrx_word' id='word_1_354' title='bbox 1355 2692 1614 2758; x_wconf 86' lang='lat' dir='ltr'><strong>editione,</strong></span> <span class='ocrx_word' id='word_1_355' title='bbox 1644 2711 1846 2752; x_wconf 93' lang='lat' dir='ltr'><strong>novum</strong></span> <span class='ocrx_word' id='word_1_356' title='bbox 1892 2700 2094 2770; x_wconf 91' lang='lat' dir='ltr'><strong>aliquid</strong></span> <span class='ocrx_word' id='word_1_357' title='bbox 2116 2742 2130 2766; x_wconf 92' lang='lat'><strong>,</strong></span> <span class='ocrx_word' id='word_1_358' title='bbox 2167 2702 2292 2755; x_wconf 90' lang='lat' dir='ltr'><strong>licet</strong></span> <span class='ocrx_word' id='word_1_359' title='bbox 2324 2701 2517 2755; x_wconf 84' lang='lat' dir='ltr'><strong>falsum</strong></span> <span class='ocrx_word' id='word_1_360' title='bbox 2566 2700 2747 2769; x_wconf 80' lang='lat' dir='ltr'><strong>magni</strong></span> <span class='ocrx_word' id='word_1_361' title='bbox 2780 2691 3061 2748; x_wconf 87' lang='lat' dir='ltr'><strong>Athanasii</strong></span> <span class='ocrx_word' id='word_1_362' title='bbox 3093 2686 3416 2759; x_wconf 81' lang='lat' dir='ltr'><strong>produxisse</strong></span> <span class='ocrx_word' id='word_1_363' title='bbox 3440 2684 3526 2736; x_wconf 77' lang='lat' dir='ltr'><strong>vi-</strong></span> 
     </span>
    </p>
   </div>
   <div class='ocr_carea' id='block_1_28' title="bbox 255 2772 3523 2857">
    <p class='ocr_par' dir='ltr' id='par_1_28' title="bbox 255 2772 3523 2857">
     <span class='ocr_line' id='line_1_28' title="bbox 255 2772 3523 2857; baseline 0.002 -30"><span class='ocrx_word' id='word_1_364' title='bbox 255 2772 513 2831; x_wconf 89' lang='lat' dir='ltr'><strong>deantur.</strong></span> <span class='ocrx_word' id='word_1_365' title='bbox 544 2779 986 2838; x_wconf 90' lang='lat' dir='ltr'><strong>Commentarius</strong></span> <span class='ocrx_word' id='word_1_366' title='bbox 1013 2782 1068 2835; x_wconf 83' lang='lat' dir='ltr'><strong>in</strong></span> <span class='ocrx_word' id='word_1_367' title='bbox 1091 2782 1341 2836; x_wconf 87' lang='lat' dir='ltr'><strong>Psalmos</strong></span> <span class='ocrx_word' id='word_1_368' title='bbox 1370 2785 1596 2842; x_wconf 91' lang='lat' dir='ltr'><strong>eductus</strong></span> <span class='ocrx_word' id='word_1_369' title='bbox 1620 2803 1686 2842; x_wconf 82' lang='lat' dir='ltr'><strong>ex</strong></span> <span class='ocrx_word' id='word_1_370' title='bbox 1711 2792 1999 2847; x_wconf 89' lang='lat' dir='ltr'><strong>recentiori</strong></span> <span class='ocrx_word' id='word_1_371' title='bbox 2031 2793 2370 2848; x_wconf 66' lang='lat' dir='ltr'><strong>bibliotheca:</strong></span> <span class='ocrx_word' id='word_1_372' title='bbox 2400 2792 2776 2847; x_wconf 73' lang='lat' dir='ltr'><strong>Ambrosianae</strong></span> <span class='ocrx_word' id='word_1_373' title='bbox 2800 2791 3005 2854; x_wconf 89' lang='lat' dir='ltr'><strong>codice,</strong></span> <span class='ocrx_word' id='word_1_374' title='bbox 3033 2786 3127 2857; x_wconf 91' lang='lat' dir='ltr'><strong>qui</strong></span> <span class='ocrx_word' id='word_1_375' title='bbox 3155 2794 3523 2839; x_wconf 86' lang='lat' dir='ltr'><strong>trecentorum</strong></span> 
     </span>
    </p>
   </div>
   <div class='ocr_carea' id='block_1_29' title="bbox 253 2877 3526 2957">
    <p class='ocr_par' dir='ltr' id='par_1_29' title="bbox 253 2877 3526 2957">
     <span class='ocr_line' id='line_1_29' title="bbox 253 2877 3526 2957; baseline 0.002 -35"><span class='ocrx_word' id='word_1_376' title='bbox 253 2883 531 2926; x_wconf 92' lang='lat' dir='ltr'><strong>annorum</strong></span> <span class='ocrx_word' id='word_1_377' title='bbox 562 2888 671 2928; x_wconf 92' lang='lat' dir='ltr'><strong>non</strong></span> <span class='ocrx_word' id='word_1_378' title='bbox 701 2884 806 2941; x_wconf 88' lang='lat' dir='ltr'><strong>est,</strong></span> <span class='ocrx_word' id='word_1_379' title='bbox 841 2877 1045 2948; x_wconf 91' lang='lat' dir='ltr'><strong>quique</strong></span> <span class='ocrx_word' id='word_1_380' title='bbox 1089 2882 1293 2935; x_wconf 89' lang='lat' dir='ltr'><strong>rectius</strong></span> <span class='ocrx_word' id='word_1_381' title='bbox 1320 2883 1493 2938; x_wconf 90' lang='lat' dir='ltr'><strong>multo</strong></span> <span class='ocrx_word' id='word_1_382' title='bbox 1523 2885 1594 2939; x_wconf 90' lang='lat' dir='ltr'><strong>ob</strong></span> <span class='ocrx_word' id='word_1_383' title='bbox 1624 2886 1828 2942; x_wconf 90' lang='lat' dir='ltr'><strong>codicis</strong></span> <span class='ocrx_word' id='word_1_384' title='bbox 1873 2890 2167 2944; x_wconf 80' lang='lat' dir='ltr'><strong>novitatem</strong></span> <span class='ocrx_word' id='word_1_385' title='bbox 2208 2891 2514 2943; x_wconf 90' lang='lat' dir='ltr'><strong>Athanasio</strong></span> <span class='ocrx_word' id='word_1_386' title='bbox 2566 2886 2887 2957; x_wconf 67' lang='lat' dir='ltr'><strong>patriarchae</strong></span> <span class='ocrx_word' id='word_1_387' title='bbox 2920 2877 3526 2946; x_wconf 88' lang='lat' dir='ltr'><strong>Constantinopolitano</strong></span> 
     </span>
    </p>
   </div>
   <div class='ocr_carea' id='block_1_30' title="bbox 258 2964 3528 3053">
    <p class='ocr_par' dir='ltr' id='par_1_30' title="bbox 258 2964 3528 3053">
     <span class='ocr_line' id='line_1_30' title="bbox 258 2964 3528 3053; baseline 0.003 -37"><span class='ocrx_word' id='word_1_388' title='bbox 258 2964 623 3031; x_wconf 88' lang='lat' dir='ltr'><strong>tribueretur,</strong></span> <span class='ocrx_word' id='word_1_389' title='bbox 655 2970 749 3039; x_wconf 93' lang='lat' dir='ltr'><strong>qui</strong></span> <span class='ocrx_word' id='word_1_390' title='bbox 785 2972 887 3026; x_wconf 92' lang='lat' dir='ltr'><strong>sub</strong></span> <span class='ocrx_word' id='word_1_391' title='bbox 920 2972 1235 3030; x_wconf 87' lang='lat' dir='ltr'><strong>Andronico</strong></span> <span class='ocrx_word' id='word_1_392' title='bbox 1266 2978 1481 3031; x_wconf 89' lang='lat' dir='ltr'><strong>seniore</strong></span> <span class='ocrx_word' id='word_1_393' title='bbox 1510 2978 1654 3034; x_wconf 89' lang='lat' dir='ltr'><strong>circa</strong></span> <span class='ocrx_word' id='word_1_394' title='bbox 1700 2996 1905 3036; x_wconf 92' lang='lat' dir='ltr'><strong>annum</strong></span> <span class='ocrx_word' id='word_1_395' title='bbox 1938 2982 2071 3038; x_wconf 78' lang='lat'><strong>1500</strong></span> <span class='ocrx_word' id='word_1_396' title='bbox 2126 2982 2341 3049; x_wconf 84' lang='lat' dir='ltr'><strong>ﬂoruit,</strong></span> <span class='ocrx_word' id='word_1_397' title='bbox 2373 2983 2531 3053; x_wconf 86' lang='lat' dir='ltr'><strong>cujus</strong></span> <span class='ocrx_word' id='word_1_398' title='bbox 2566 2991 2779 3037; x_wconf 61' lang='lat' dir='ltr'><strong>aetatem</strong></span> <span class='ocrx_word' id='word_1_399' title='bbox 2819 2980 3001 3034; x_wconf 89' lang='lat' dir='ltr'><strong>refert.</strong></span> <span class='ocrx_word' id='word_1_400' title='bbox 3054 2978 3167 3031; x_wconf 92' lang='lat' dir='ltr'><strong>lmo</strong></span> <span class='ocrx_word' id='word_1_401' title='bbox 3208 2975 3343 3029; x_wconf 89' lang='lat' dir='ltr'><strong>alter</strong></span> <span class='ocrx_word' id='word_1_402' title='bbox 3373 2988 3528 3027; x_wconf 90' lang='lat' dir='ltr'><strong>com-</strong></span> 
     </span>
    </p>
   </div>
   <div class='ocr_carea' id='block_1_31' title="bbox 256 3060 3524 3146">
    <p class='ocr_par' dir='ltr' id='par_1_31' title="bbox 256 3060 3524 3146">
     <span class='ocr_line' id='line_1_31' title="bbox 256 3060 3524 3146; baseline 0.001 -34"><span class='ocrx_word' id='word_1_403' title='bbox 256 3060 568 3125; x_wconf 85' lang='lat' dir='ltr'><strong>mentarius</strong></span> <span class='ocrx_word' id='word_1_404' title='bbox 597 3062 655 3115; x_wconf 82' lang='lat' dir='ltr'><strong>in</strong></span> <span class='ocrx_word' id='word_1_405' title='bbox 677 3062 923 3118; x_wconf 84' lang='lat' dir='ltr'><strong>Psalmos</strong></span> <span class='ocrx_word' id='word_1_406' title='bbox 967 3066 1020 3119; x_wconf 90' lang='lat' dir='ltr'><strong>in</strong></span> <span class='ocrx_word' id='word_1_407' title='bbox 1050 3069 1238 3122; x_wconf 90' lang='lat' dir='ltr'><strong>eadem</strong></span> <span class='ocrx_word' id='word_1_408' title='bbox 1278 3070 1621 3127; x_wconf 78' lang='lat' dir='ltr'><strong>bibliotheca</strong></span> <span class='ocrx_word' id='word_1_409' title='bbox 1651 3073 1810 3145; x_wconf 90' lang='lat' dir='ltr'><strong>longe</strong></span> <span class='ocrx_word' id='word_1_410' title='bbox 1838 3076 2101 3144; x_wconf 82' lang='lat' dir='ltr'><strong>prolixior</strong></span> <span class='ocrx_word' id='word_1_411' title='bbox 2133 3076 2235 3130; x_wconf 91' lang='lat' dir='ltr'><strong>sub</strong></span> <span class='ocrx_word' id='word_1_412' title='bbox 2274 3076 2557 3130; x_wconf 85' lang='lat' dir='ltr'><strong>Athanasii</strong></span> <span class='ocrx_word' id='word_1_413' title='bbox 2589 3076 2833 3146; x_wconf 89' lang='lat' dir='ltr'><strong>ejusdem</strong></span> <span class='ocrx_word' id='word_1_414' title='bbox 2863 3074 3103 3137; x_wconf 89' lang='lat' dir='ltr'><strong>nomine,</strong></span> <span class='ocrx_word' id='word_1_415' title='bbox 3136 3084 3296 3139; x_wconf 88' lang='lat' dir='ltr'><strong>quem</strong></span> <span class='ocrx_word' id='word_1_416' title='bbox 3343 3075 3524 3119; x_wconf 88' lang='lat' dir='ltr'><strong>tamen</strong></span> 
     </span>
    </p>
   </div>
   <div class='ocr_carea' id='block_1_32' title="bbox 260 3149 3527 3236">
    <p class='ocr_par' dir='ltr' id='par_1_32' title="bbox 260 3149 3527 3236">
     <span class='ocr_line' id='line_1_32' title="bbox 260 3149 3527 3236; baseline 0.002 -34"><span class='ocrx_word' id='word_1_417' title='bbox 260 3149 441 3219; x_wconf 86' lang='lat' dir='ltr'><strong>ipsius</strong></span> <span class='ocrx_word' id='word_1_418' title='bbox 468 3168 578 3207; x_wconf 90' lang='lat' dir='ltr'><strong>non</strong></span> <span class='ocrx_word' id='word_1_419' title='bbox 609 3169 730 3209; x_wconf 89' lang='lat' dir='ltr'><strong>esse</strong></span> <span class='ocrx_word' id='word_1_420' title='bbox 776 3156 1035 3212; x_wconf 88' lang='lat' dir='ltr'><strong>evincunt</strong></span> <span class='ocrx_word' id='word_1_421' title='bbox 1060 3159 1354 3216; x_wconf 89' lang='lat' dir='ltr'><strong>citationcs</strong></span> <span class='ocrx_word' id='word_1_422' title='bbox 1387 3161 1611 3218; x_wconf 91' lang='lat' dir='ltr'><strong>Patrum</strong></span> <span class='ocrx_word' id='word_1_423' title='bbox 1642 3166 1945 3221; x_wconf 85' lang='lat' dir='ltr'><strong>Athanasio</strong></span> <span class='ocrx_word' id='word_1_424' title='bbox 1982 3169 2374 3234; x_wconf 86' lang='lat' dir='ltr'><strong>recentiorum,</strong></span> <span class='ocrx_word' id='word_1_425' title='bbox 2414 3170 2492 3222; x_wconf 91' lang='lat' dir='ltr'><strong>uti</strong></span> <span class='ocrx_word' id='word_1_426' title='bbox 2527 3167 2725 3223; x_wconf 86' lang='lat' dir='ltr'><strong>fatetur</strong></span> <span class='ocrx_word' id='word_1_427' title='bbox 2756 3169 2870 3236; x_wconf 91' lang='lat' dir='ltr'><strong>ipse</strong></span> <span class='ocrx_word' id='word_1_428' title='bbox 2902 3163 3211 3219; x_wconf 77' lang='lat' dir='ltr'><strong>Bernartius</strong></span> <span class='ocrx_word' id='word_1_429' title='bbox 3244 3160 3311 3214; x_wconf 90' lang='lat' dir='ltr'><strong>de</strong></span> <span class='ocrx_word' id='word_1_430' title='bbox 3344 3155 3527 3210; x_wconf 71' lang='lat' dir='ltr'><strong>Mont-</strong></span> 
     </span>
    </p>
   </div>
   <div class='ocr_carea' id='block_1_33' title="bbox 254 3242 3527 3329">
    <p class='ocr_par' dir='ltr' id='par_1_33' title="bbox 254 3242 3527 3329">
     <span class='ocr_line' id='line_1_33' title="bbox 254 3242 3527 3329; baseline 0.001 -33"><span class='ocrx_word' id='word_1_431' title='bbox 254 3242 517 3300; x_wconf 85' lang='lat' dir='ltr'><strong>fauconio</strong></span> <span class='ocrx_word' id='word_1_432' title='bbox 552 3248 606 3300; x_wconf 90' lang='lat' dir='ltr'><strong>in</strong></span> <span class='ocrx_word' id='word_1_433' title='bbox 660 3248 849 3303; x_wconf 84' lang='lat' dir='ltr'><strong>Diario</strong></span> <span class='ocrx_word' id='word_1_434' title='bbox 877 3249 1092 3318; x_wconf 84' lang='lat' dir='ltr'><strong>Italico,</strong></span> <span class='ocrx_word' id='word_1_435' title='bbox 1126 3268 1247 3323; x_wconf 92' lang='lat' dir='ltr'><strong>cap.</strong></span> <span class='ocrx_word' id='word_1_436' title='bbox 1280 3254 1334 3317; x_wconf 77' lang='grc'><strong>2,</strong></span> <span class='ocrx_word' id='word_1_437' title='bbox 1369 3270 1487 3324; x_wconf 88' lang='lat' dir='ltr'><strong>pag.</strong></span> <span class='ocrx_word' id='word_1_438' title='bbox 1532 3256 1619 3323; x_wconf 71' lang='lat'><strong>12,</strong></span> <span class='ocrx_word' id='word_1_439' title='bbox 1651 3258 1742 3312; x_wconf 90' lang='lat' dir='ltr'><strong>ubi</strong></span> <span class='ocrx_word' id='word_1_440' title='bbox 1769 3258 2102 3313; x_wconf 86' lang='lat' dir='ltr'><strong>Germanum</strong></span> <span class='ocrx_word' id='word_1_441' title='bbox 2135 3262 2322 3315; x_wconf 84' lang='lat' dir='ltr'><strong>multis</strong></span> <span class='ocrx_word' id='word_1_442' title='bbox 2354 3271 2476 3329; x_wconf 87' lang='lat' dir='ltr'><strong>post</strong></span> <span class='ocrx_word' id='word_1_443' title='bbox 2516 3259 2878 3314; x_wconf 82' lang='lat' dir='ltr'><strong>Athanasium</strong></span> <span class='ocrx_word' id='word_1_444' title='bbox 2916 3256 3131 3310; x_wconf 63' lang='lat' dir='ltr'><strong>saeculis</strong></span> <span class='ocrx_word' id='word_1_445' title='bbox 3158 3250 3527 3323; x_wconf 89' lang='lat' dir='ltr'><strong>patriarcham</strong></span> 
     </span>
    </p>
   </div>
   <div class='ocr_carea' id='block_1_34' title="bbox 251 3333 3529 3422">
    <p class='ocr_par' dir='ltr' id='par_1_34' title="bbox 251 3333 3529 3422">
     <span class='ocr_line' id='line_1_34' title="bbox 251 3333 3529 3422; baseline 0.002 -33"><span class='ocrx_word' id='word_1_446' title='bbox 251 3333 925 3407; x_wconf 85' lang='lat' dir='ltr'><strong>Constantinopolitanum</strong></span> <span class='ocrx_word' id='word_1_447' title='bbox 964 3356 1327 3399; x_wconf 89' lang='lat' dir='ltr'><strong>memoratum</strong></span> <span class='ocrx_word' id='word_1_448' title='bbox 1376 3347 1559 3402; x_wconf 89' lang='lat' dir='ltr'><strong>refert.</strong></span> <span class='ocrx_word' id='word_1_449' title='bbox 1598 3368 1616 3400; x_wconf 74' lang='grc' dir='ltr'><strong><em>ι</em></strong></span> <span class='ocrx_word' id='word_1_450' title='bbox 1649 3348 1773 3404; x_wconf 75' lang='lat' dir='ltr'><strong>Haec</strong></span> <span class='ocrx_word' id='word_1_451' title='bbox 1801 3352 2044 3405; x_wconf 89' lang='lat' dir='ltr'><strong>convicia</strong></span> <span class='ocrx_word' id='word_1_452' title='bbox 2077 3353 2257 3421; x_wconf 89' lang='lat' dir='ltr'><strong>potius</strong></span> <span class='ocrx_word' id='word_1_453' title='bbox 2299 3369 2463 3422; x_wconf 89' lang='lat' dir='ltr'><strong>quam</strong></span> <span class='ocrx_word' id='word_1_454' title='bbox 2515 3366 2802 3406; x_wconf 89' lang='lat' dir='ltr'><strong>censuram</strong></span> <span class='ocrx_word' id='word_1_455' title='bbox 2847 3348 3043 3403; x_wconf 88' lang='lat' dir='ltr'><strong>acriori</strong></span> <span class='ocrx_word' id='word_1_456' title='bbox 3086 3343 3368 3401; x_wconf 89' lang='lat' dir='ltr'><strong>stomacho</strong></span> <span class='ocrx_word' id='word_1_457' title='bbox 3396 3356 3529 3396; x_wconf 90' lang='lat' dir='ltr'><strong>evo-</strong></span> 
     </span>
    </p>
   </div>
   <div class='ocr_carea' id='block_1_35' title="bbox 255 3427 3530 3514">
    <p class='ocr_par' dir='ltr' id='par_1_35' title="bbox 255 3427 3530 3514">
     <span class='ocr_line' id='line_1_35' title="bbox 255 3427 3530 3514; baseline 0.002 -34"><span class='ocrx_word' id='word_1_458' title='bbox 255 3427 397 3481; x_wconf 87' lang='lat' dir='ltr'><strong>muit</strong></span> <span class='ocrx_word' id='word_1_459' title='bbox 428 3429 510 3481; x_wconf 91' lang='lat' dir='ltr'><strong>vir</strong></span> <span class='ocrx_word' id='word_1_460' title='bbox 538 3444 568 3482; x_wconf 88' lang='lat' dir='ltr'><strong>a</strong></span> <span class='ocrx_word' id='word_1_461' title='bbox 596 3430 877 3487; x_wconf 61' lang='lat' dir='ltr'><strong>catholicae</strong></span> <span class='ocrx_word' id='word_1_462' title='bbox 924 3436 1206 3506; x_wconf 89' lang='lat' dir='ltr'><strong>religionis</strong></span> <span class='ocrx_word' id='word_1_463' title='bbox 1240 3440 1438 3495; x_wconf 87' lang='lat' dir='ltr'><strong>castris</strong></span> <span class='ocrx_word' id='word_1_464' title='bbox 1476 3440 1757 3512; x_wconf 86' lang='lat' dir='ltr'><strong>transfuga</strong></span> <span class='ocrx_word' id='word_1_465' title='bbox 1789 3452 1843 3498; x_wconf 91' lang='lat' dir='ltr'><strong>et</strong></span> <span class='ocrx_word' id='word_1_466' title='bbox 1873 3445 2108 3509; x_wconf 89' lang='lat' dir='ltr'><strong>rebellis,</strong></span> <span class='ocrx_word' id='word_1_467' title='bbox 2157 3445 2313 3514; x_wconf 88' lang='lat' dir='ltr'><strong>cujus</strong></span> <span class='ocrx_word' id='word_1_468' title='bbox 2362 3444 2669 3499; x_wconf 77' lang='lat' dir='ltr'><strong>refellenda:</strong></span> <span class='ocrx_word' id='word_1_469' title='bbox 2699 3444 2939 3499; x_wconf 83' lang='lat' dir='ltr'><strong>audaciae</strong></span> <span class='ocrx_word' id='word_1_470' title='bbox 2970 3441 3306 3510; x_wconf 89' lang='lat' dir='ltr'><strong>provinciam</strong></span> <span class='ocrx_word' id='word_1_471' title='bbox 3356 3435 3530 3489; x_wconf 83' lang='lat' dir='ltr'><strong>Bene-</strong></span> 
     </span>
    </p>
   </div>
   <div class='ocr_carea' id='block_1_36' title="bbox 259 3518 3530 3607">
    <p class='ocr_par' dir='ltr' id='par_1_36' title="bbox 259 3518 3530 3607">
     <span class='ocr_line' id='line_1_36' title="bbox 259 3518 3530 3607; baseline 0.003 -36"><span class='ocrx_word' id='word_1_472' title='bbox 259 3518 483 3573; x_wconf 90' lang='lat' dir='ltr'><strong>dictinis</strong></span> <span class='ocrx_word' id='word_1_473' title='bbox 513 3519 765 3577; x_wconf 70' lang='lat' dir='ltr'><strong>Pati-ibus</strong></span> <span class='ocrx_word' id='word_1_474' title='bbox 796 3524 1067 3596; x_wconf 90' lang='lat' dir='ltr'><strong>relinquo.</strong></span> <span class='ocrx_word' id='word_1_475' title='bbox 1100 3526 1295 3582; x_wconf 84' lang='lat' dir='ltr'><strong>Verum</strong></span> <span class='ocrx_word' id='word_1_476' title='bbox 1325 3530 1457 3585; x_wconf 88' lang='lat' dir='ltr'><strong>illud</strong></span> <span class='ocrx_word' id='word_1_477' title='bbox 1484 3535 2003 3601; x_wconf 81' lang='lat' dir='ltr'><strong>praetermittendum</strong></span> <span class='ocrx_word' id='word_1_478' title='bbox 2032 3553 2142 3592; x_wconf 89' lang='lat' dir='ltr'><strong>non</strong></span> <span class='ocrx_word' id='word_1_479' title='bbox 2174 3547 2275 3603; x_wconf 90' lang='lat' dir='ltr'><strong>est,</strong></span> <span class='ocrx_word' id='word_1_480' title='bbox 2305 3539 2449 3605; x_wconf 90' lang='lat' dir='ltr'><strong>quod</strong></span> <span class='ocrx_word' id='word_1_481' title='bbox 2471 3538 2720 3607; x_wconf 88' lang='lat' dir='ltr'><strong>superius</strong></span> <span class='ocrx_word' id='word_1_482' title='bbox 2751 3536 3009 3590; x_wconf 88' lang='lat' dir='ltr'><strong>admonui</strong></span> <span class='ocrx_word' id='word_1_483' title='bbox 3059 3554 3072 3589; x_wconf 89' lang='lat'>:</span> <span class='ocrx_word' id='word_1_484' title='bbox 3106 3529 3530 3587; x_wconf 78' lang='lat' dir='ltr'><strong>commentarios</strong></span> 
     </span>
    </p>
   </div>
   <div class='ocr_carea' id='block_1_37' title="bbox 258 3611 3532 3702">
    <p class='ocr_par' dir='ltr' id='par_1_37' title="bbox 258 3611 3532 3702">
     <span class='ocr_line' id='line_1_37' title="bbox 258 3611 3532 3702; baseline 0.003 -39"><span class='ocrx_word' id='word_1_485' title='bbox 258 3612 318 3665; x_wconf 79' lang='lat' dir='ltr'><strong>in</strong></span> <span class='ocrx_word' id='word_1_486' title='bbox 357 3611 599 3667; x_wconf 86' lang='lat' dir='ltr'><strong>Psalmos</strong></span> <span class='ocrx_word' id='word_1_487' title='bbox 632 3616 918 3673; x_wconf 86' lang='lat' dir='ltr'><strong>Athanasii</strong></span> <span class='ocrx_word' id='word_1_488' title='bbox 953 3622 1178 3676; x_wconf 92' lang='lat' dir='ltr'><strong>nomine</strong></span> <span class='ocrx_word' id='word_1_489' title='bbox 1212 3623 1279 3678; x_wconf 90' lang='lat' dir='ltr'><strong>ab</strong></span> <span class='ocrx_word' id='word_1_490' title='bbox 1311 3625 1447 3695; x_wconf 91' lang='lat' dir='ltr'><strong>ipsis</strong></span> <span class='ocrx_word' id='word_1_491' title='bbox 1474 3627 1648 3684; x_wconf 91' lang='lat' dir='ltr'><strong>editos</strong></span> <span class='ocrx_word' id='word_1_492' title='bbox 1676 3630 1743 3683; x_wconf 87' lang='lat' dir='ltr'><strong>ad</strong></span> <span class='ocrx_word' id='word_1_493' title='bbox 1788 3646 2041 3702; x_wconf 83' lang='lat' dir='ltr'><strong>magnum</strong></span> <span class='ocrx_word' id='word_1_494' title='bbox 2080 3633 2441 3688; x_wconf 76' lang='lat' dir='ltr'><strong>Athanasium</strong></span> <span class='ocrx_word' id='word_1_495' title='bbox 2474 3650 2581 3687; x_wconf 89' lang='lat' dir='ltr'><strong>non</strong></span> <span class='ocrx_word' id='word_1_496' title='bbox 2619 3634 2913 3702; x_wconf 83' lang='lat' dir='ltr'><strong>pertinere,</strong></span> <span class='ocrx_word' id='word_1_497' title='bbox 2949 3645 3054 3682; x_wconf 90' lang='lat' dir='ltr'><strong>non</strong></span> <span class='ocrx_word' id='word_1_498' title='bbox 3087 3628 3206 3697; x_wconf 92' lang='lat' dir='ltr'><strong>ejus</strong></span> <span class='ocrx_word' id='word_1_499' title='bbox 3244 3625 3406 3679; x_wconf 90' lang='lat' dir='ltr'><strong>unius</strong></span> <span class='ocrx_word' id='word_1_500' title='bbox 3437 3622 3532 3691; x_wconf 88' lang='lat' dir='ltr'><strong>ju-</strong></span> 
     </span>
    </p>
   </div>
   <div class='ocr_carea' id='block_1_38' title="bbox 257 3702 3529 3794">
    <p class='ocr_par' dir='ltr' id='par_1_38' title="bbox 257 3702 3529 3794">
     <span class='ocr_line' id='line_1_38' title="bbox 257 3702 3529 3794; baseline 0.004 -38"><span class='ocrx_word' id='word_1_501' title='bbox 257 3702 467 3756; x_wconf 92' lang='lat' dir='ltr'><strong>dicium</strong></span> <span class='ocrx_word' id='word_1_502' title='bbox 496 3713 608 3770; x_wconf 88' lang='lat' dir='ltr'><strong>est,</strong></span> <span class='ocrx_word' id='word_1_503' title='bbox 643 3707 737 3761; x_wconf 90' lang='lat' dir='ltr'><strong>sed</strong></span> <span class='ocrx_word' id='word_1_504' title='bbox 767 3708 999 3766; x_wconf 86' lang='lat' dir='ltr'><strong>aliorum</strong></span> <span class='ocrx_word' id='word_1_505' title='bbox 1030 3714 1195 3769; x_wconf 91' lang='lat' dir='ltr'><strong>etiam</strong></span> <span class='ocrx_word' id='word_1_506' title='bbox 1239 3716 1522 3772; x_wconf 87' lang='lat' dir='ltr'><strong>doctorum</strong></span> <span class='ocrx_word' id='word_1_507' title='bbox 1557 3720 1822 3787; x_wconf 89' lang='lat' dir='ltr'><strong>virorum,</strong></span> <span class='ocrx_word' id='word_1_508' title='bbox 1873 3724 1967 3792; x_wconf 91' lang='lat' dir='ltr'><strong>qui</strong></span> <span class='ocrx_word' id='word_1_509' title='bbox 2002 3724 2056 3776; x_wconf 93' lang='lat' dir='ltr'><strong>in</strong></span> <span class='ocrx_word' id='word_1_510' title='bbox 2089 3724 2333 3794; x_wconf 80' lang='lat' dir='ltr'><strong>legendis</strong></span> <span class='ocrx_word' id='word_1_511' title='bbox 2379 3726 2714 3779; x_wconf 87' lang='lat' dir='ltr'><strong>sanctissimi</strong></span> <span class='ocrx_word' id='word_1_512' title='bbox 2760 3719 3153 3789; x_wconf 86' lang='lat' dir='ltr'><strong>archiepiscopi</strong></span> <span class='ocrx_word' id='word_1_513' title='bbox 3186 3717 3529 3783; x_wconf 85' lang='lat' dir='ltr'><strong>aliorumque</strong></span> 
     </span>
    </p>
   </div>
   <div class='ocr_carea' id='block_1_39' title="bbox 258 3793 3531 3885">
    <p class='ocr_par' dir='ltr' id='par_1_39' title="bbox 258 3793 3531 3885">
     <span class='ocr_line' id='line_1_39' title="bbox 258 3793 3531 3885; baseline 0.003 -38"><span class='ocrx_word' id='word_1_514' title='bbox 258 3802 510 3849; x_wconf 81' lang='lat' dir='ltr'><strong>veterum</strong></span> <span class='ocrx_word' id='word_1_515' title='bbox 547 3793 770 3852; x_wconf 84' lang='lat' dir='ltr'><strong>Patrum</strong></span> <span class='ocrx_word' id='word_1_516' title='bbox 815 3802 1077 3869; x_wconf 89' lang='lat' dir='ltr'><strong>operibus</strong></span> <span class='ocrx_word' id='word_1_517' title='bbox 1110 3807 1309 3860; x_wconf 89' lang='lat' dir='ltr'><strong>versati</strong></span> <span class='ocrx_word' id='word_1_518' title='bbox 1344 3818 1491 3862; x_wconf 91' lang='lat' dir='ltr'><strong>sunt.</strong></span> <span class='ocrx_word' id='word_1_519' title='bbox 1526 3808 1908 3868; x_wconf 89' lang='lat' dir='ltr'><strong>Tillemontius</strong></span> <span class='ocrx_word' id='word_1_520' title='bbox 1930 3853 1943 3878; x_wconf 95' lang='lat'><strong>,</strong></span> <span class='ocrx_word' id='word_1_521' title='bbox 1975 3823 2033 3869; x_wconf 88' lang='lat' dir='ltr'><strong>ut</strong></span> <span class='ocrx_word' id='word_1_522' title='bbox 2079 3793 2214 3870; x_wconf 76' lang='lat' dir='ltr'><strong>abes</strong></span> <span class='ocrx_word' id='word_1_523' title='bbox 2246 3817 2492 3871; x_wconf 90' lang='lat' dir='ltr'><strong>omittam</strong></span> <span class='ocrx_word' id='word_1_524' title='bbox 2513 3856 2527 3880; x_wconf 96' lang='lat'><strong>,</strong></span> <span class='ocrx_word' id='word_1_525' title='bbox 2558 3816 2639 3869; x_wconf 89' lang='lat' dir='ltr'><strong>vir</strong></span> <span class='ocrx_word' id='word_1_526' title='bbox 2669 3813 2962 3885; x_wconf 78' lang='lat' dir='ltr'><strong>Singularis</strong></span> <span class='ocrx_word' id='word_1_527' title='bbox 2992 3807 3339 3866; x_wconf 86' lang='lat' dir='ltr'><strong>eruditionis,</strong></span> <span class='ocrx_word' id='word_1_528' title='bbox 3385 3804 3531 3856; x_wconf 80' lang='lat' dir='ltr'><strong>allii--</strong></span> 
     </span>
    </p>
   </div>
   <div class='ocr_carea' id='block_1_40' title="bbox 257 3886 3530 3976">
    <p class='ocr_par' dir='ltr' id='par_1_40' title="bbox 257 3886 3530 3976">
     <span class='ocr_line' id='line_1_40' title="bbox 257 3886 3530 3976; baseline 0.002 -38"><span class='ocrx_word' id='word_1_529' title='bbox 257 3895 377 3939; x_wconf 90' lang='lat' dir='ltr'><strong>mat</strong></span> <span class='ocrx_word' id='word_1_530' title='bbox 406 3886 540 3959; x_wconf 84' lang='lat' dir='ltr'><strong>(lO),</strong></span> <span class='ocrx_word' id='word_1_531' title='bbox 576 3903 635 3943; x_wconf 86' lang='lat' dir='ltr'><strong>se</strong></span> <span class='ocrx_word' id='word_1_532' title='bbox 663 3889 719 3943; x_wconf 90' lang='lat' dir='ltr'><strong>in</strong></span> <span class='ocrx_word' id='word_1_533' title='bbox 750 3896 1185 3961; x_wconf 89' lang='lat' dir='ltr'><strong>commentariis,</strong></span> <span class='ocrx_word' id='word_1_534' title='bbox 1236 3898 1305 3953; x_wconf 89' lang='lat' dir='ltr'><strong>de</strong></span> <span class='ocrx_word' id='word_1_535' title='bbox 1336 3901 1538 3969; x_wconf 88' lang='lat' dir='ltr'><strong>quibus</strong></span> <span class='ocrx_word' id='word_1_536' title='bbox 1574 3904 1772 3973; x_wconf 87' lang='lat' dir='ltr'><strong>agitur,</strong></span> <span class='ocrx_word' id='word_1_537' title='bbox 1810 3905 1990 3976; x_wconf 89' lang='lat' dir='ltr'><strong>aliqua</strong></span> <span class='ocrx_word' id='word_1_538' title='bbox 2024 3907 2259 3961; x_wconf 90' lang='lat' dir='ltr'><strong>aliorum</strong></span> <span class='ocrx_word' id='word_1_539' title='bbox 2295 3908 2621 3976; x_wconf 79' lang='lat' dir='ltr'><strong>scriptorum</strong></span> <span class='ocrx_word' id='word_1_540' title='bbox 2657 3910 2772 3963; x_wconf 93' lang='lat' dir='ltr'><strong>loca</strong></span> <span class='ocrx_word' id='word_1_541' title='bbox 2800 3948 2814 3971; x_wconf 91' lang='lat'><strong>,</strong></span> <span class='ocrx_word' id='word_1_542' title='bbox 2857 3918 3020 3971; x_wconf 89' lang='lat' dir='ltr'><strong>quam</strong></span> <span class='ocrx_word' id='word_1_543' title='bbox 3074 3896 3397 3958; x_wconf 85' lang='lat' dir='ltr'><strong>Athanasii,</strong></span> <span class='ocrx_word' id='word_1_544' title='bbox 3442 3905 3530 3959; x_wconf 72' lang='lat' dir='ltr'><strong>cui</strong></span> 
     </span>
    </p>
   </div>
   <div class='ocr_carea' id='block_1_41' title="bbox 254 3976 3531 4064">
    <p class='ocr_par' dir='ltr' id='par_1_41' title="bbox 254 3976 3531 4064">
     <span class='ocr_line' id='line_1_41' title="bbox 254 3976 3531 4064; baseline 0.003 -32"><span class='ocrx_word' id='word_1_545' title='bbox 254 3976 605 4047; x_wconf 85' lang='lat' dir='ltr'><strong>tribuuntur,</strong></span> <span class='ocrx_word' id='word_1_546' title='bbox 640 3979 984 4037; x_wconf 88' lang='lat' dir='ltr'><strong>observasse.</strong></span> <span class='ocrx_word' id='word_1_547' title='bbox 1022 3982 1129 4039; x_wconf 87' lang='lat' dir='ltr'><strong>Sed</strong></span> <span class='ocrx_word' id='word_1_548' title='bbox 1157 3987 1421 4045; x_wconf 90' lang='lat' dir='ltr'><strong>hactenus</strong></span> <span class='ocrx_word' id='word_1_549' title='bbox 1447 3990 1514 4044; x_wconf 92' lang='lat' dir='ltr'><strong>de</strong></span> <span class='ocrx_word' id='word_1_550' title='bbox 1535 3995 1947 4049; x_wconf 91' lang='lat' dir='ltr'><strong>commentariis</strong></span> <span class='ocrx_word' id='word_1_551' title='bbox 1980 4009 2134 4063; x_wconf 85' lang='lat' dir='ltr'><strong>super</strong></span> <span class='ocrx_word' id='word_1_552' title='bbox 2155 3995 2401 4050; x_wconf 80' lang='lat' dir='ltr'><strong>Psalmos</strong></span> <span class='ocrx_word' id='word_1_553' title='bbox 2428 4012 2460 4050; x_wconf 93' lang='lat' dir='ltr'><strong>a</strong></span> <span class='ocrx_word' id='word_1_554' title='bbox 2488 3995 2592 4049; x_wconf 91' lang='lat' dir='ltr'><strong>PP.</strong></span> <span class='ocrx_word' id='word_1_555' title='bbox 2631 3995 2992 4052; x_wconf 90' lang='lat' dir='ltr'><strong>Benedictinis</strong></span> <span class='ocrx_word' id='word_1_556' title='bbox 3025 3996 3080 4049; x_wconf 94' lang='lat' dir='ltr'><strong>in</strong></span> <span class='ocrx_word' id='word_1_557' title='bbox 3116 3993 3390 4064; x_wconf 87' lang='lat' dir='ltr'><strong>publicam</strong></span> <span class='ocrx_word' id='word_1_558' title='bbox 3422 3989 3531 4043; x_wconf 82' lang='lat' dir='ltr'><strong>uti-</strong></span> 
     </span>
    </p>
   </div>
   <div class='ocr_carea' id='block_1_42' title="bbox 258 4070 3533 4160">
    <p class='ocr_par' dir='ltr' id='par_1_42' title="bbox 258 4070 3533 4160">
     <span class='ocr_line' id='line_1_42' title="bbox 258 4070 3533 4160; baseline 0.004 -36"><span class='ocrx_word' id='word_1_559' title='bbox 258 4070 475 4125; x_wconf 89' lang='lat' dir='ltr'><strong>litatem</strong></span> <span class='ocrx_word' id='word_1_560' title='bbox 515 4071 816 4142; x_wconf 82' lang='lat' dir='ltr'><strong>evulgatis;</strong></span> <span class='ocrx_word' id='word_1_561' title='bbox 850 4090 999 4131; x_wconf 91' lang='lat' dir='ltr'><strong>nunc</strong></span> <span class='ocrx_word' id='word_1_562' title='bbox 1022 4075 1089 4132; x_wconf 88' lang='lat' dir='ltr'><strong>de</strong></span> <span class='ocrx_word' id='word_1_563' title='bbox 1116 4075 1328 4136; x_wconf 87' lang='lat' dir='ltr'><strong>Slavica</strong></span> <span class='ocrx_word' id='word_1_564' title='bbox 1352 4096 1450 4136; x_wconf 90' lang='lat' dir='ltr'><strong>seu</strong></span> <span class='ocrx_word' id='word_1_565' title='bbox 1478 4081 1691 4155; x_wconf 89' lang='lat' dir='ltr'><strong>lllyrica</strong></span> <span class='ocrx_word' id='word_1_566' title='bbox 1714 4083 2055 4140; x_wconf 87' lang='lat' dir='ltr'><strong>Psalmorum</strong></span> <span class='ocrx_word' id='word_1_567' title='bbox 2085 4088 2555 4158; x_wconf 83' lang='lat' dir='ltr'><strong>interpretatione,</strong></span> <span class='ocrx_word' id='word_1_568' title='bbox 2586 4089 2639 4143; x_wconf 91' lang='lat' dir='ltr'><strong>in</strong></span> <span class='ocrx_word' id='word_1_569' title='bbox 2663 4104 2771 4160; x_wconf 90' lang='lat' dir='ltr'><strong>qua</strong></span> <span class='ocrx_word' id='word_1_570' title='bbox 2801 4088 2989 4143; x_wconf 89' lang='lat' dir='ltr'><strong>itidem</strong></span> <span class='ocrx_word' id='word_1_571' title='bbox 3021 4084 3306 4142; x_wconf 84' lang='lat' dir='ltr'><strong>Athanasii</strong></span> <span class='ocrx_word' id='word_1_572' title='bbox 3330 4097 3533 4147; x_wconf 86' lang='lat' dir='ltr'><strong>nomen</strong></span> 
     </span>
    </p>
   </div>
   <div class='ocr_carea' id='block_1_43' title="bbox 260 4162 1963 4246">
    <p class='ocr_par' dir='ltr' id='par_1_43' title="bbox 260 4162 1963 4246">
     <span class='ocr_line' id='line_1_43' title="bbox 260 4162 1963 4246; baseline 0.008 -31"><span class='ocrx_word' id='word_1_573' title='bbox 260 4162 598 4232; x_wconf 90' lang='lat' dir='ltr'><strong>inscriptum</strong></span> <span class='ocrx_word' id='word_1_574' title='bbox 636 4165 899 4234; x_wconf 91' lang='lat' dir='ltr'><strong>occurrit,</strong></span> <span class='ocrx_word' id='word_1_575' title='bbox 924 4162 1146 4238; x_wconf 83' lang='lat' dir='ltr'><strong>aliquid</strong></span> <span class='ocrx_word' id='word_1_576' title='bbox 1176 4170 1314 4226; x_wconf 91' lang='lat' dir='ltr'><strong>mihi</strong></span> <span class='ocrx_word' id='word_1_577' title='bbox 1342 4172 1635 4228; x_wconf 84' lang='lat' dir='ltr'><strong>dicendum</strong></span> <span class='ocrx_word' id='word_1_578' title='bbox 1671 4185 1963 4246; x_wconf 67' lang='lat' dir='ltr'><strong>superest.&quot;</strong></span> 
     </span>
    </p>
   </div>
   <div class='ocr_carea' id='block_1_44' title="bbox 341 4255 3533 4339">
    <p class='ocr_par' dir='ltr' id='par_1_44' title="bbox 341 4255 3533 4339">
     <span class='ocr_line' id='line_1_44' title="bbox 341 4255 3533 4339; baseline 0.002 -29"><span class='ocrx_word' id='word_1_579' title='bbox 341 4255 473 4313; x_wconf 82' lang='lat' dir='ltr'><strong>Vill.</strong></span> <span class='ocrx_word' id='word_1_580' title='bbox 517 4258 753 4315; x_wconf 83' lang='lat' dir='ltr'><strong>Exhibet</strong></span> <span class='ocrx_word' id='word_1_581' title='bbox 782 4262 837 4315; x_wconf 91' lang='lat' dir='ltr'><strong>in</strong></span> <span class='ocrx_word' id='word_1_582' title='bbox 870 4276 971 4319; x_wconf 89' lang='lat' dir='ltr'><strong>suo</strong></span> <span class='ocrx_word' id='word_1_583' title='bbox 1000 4263 1190 4319; x_wconf 78' lang='lat' dir='ltr'><strong>Dim-io</strong></span> <span class='ocrx_word' id='word_1_584' title='bbox 1223 4265 1423 4322; x_wconf 80' lang='lat' dir='ltr'><strong>Italico</strong></span> <span class='ocrx_word' id='word_1_585' title='bbox 1458 4269 1574 4339; x_wconf 79' lang='grc'><strong>(11)</strong></span> <span class='ocrx_word' id='word_1_586' title='bbox 1602 4270 1737 4327; x_wconf 90' lang='lat' dir='ltr'><strong>clar.</strong></span> <span class='ocrx_word' id='word_1_587' title='bbox 1764 4272 1848 4326; x_wconf 86' lang='lat' dir='ltr'><strong>vir</strong></span> <span class='ocrx_word' id='word_1_588' title='bbox 1872 4272 2031 4328; x_wconf 90' lang='lat' dir='ltr'><strong>Pater</strong></span> <span class='ocrx_word' id='word_1_589' title='bbox 2062 4272 2373 4330; x_wconf 65' lang='lat' dir='ltr'><strong>Bernartius</strong></span> <span class='ocrx_word' id='word_1_590' title='bbox 2402 4272 2752 4329; x_wconf 84' lang='lat' dir='ltr'><strong>Montfaucon</strong></span> <span class='ocrx_word' id='word_1_591' title='bbox 2784 4281 2975 4328; x_wconf 91' lang='lat' dir='ltr'><strong>notam</strong></span> <span class='ocrx_word' id='word_1_592' title='bbox 3008 4268 3257 4327; x_wconf 86' lang='lat' dir='ltr'><strong>codicum</strong></span> <span class='ocrx_word' id='word_1_593' title='bbox 3293 4261 3533 4320; x_wconf 77' lang='lat' dir='ltr'><strong>ccenobii</strong></span> 
     </span>
    </p>
   </div>
   <div class='ocr_carea' id='block_1_45' title="bbox 260 4348 3536 4424">
    <p class='ocr_par' dir='ltr' id='par_1_45' title="bbox 260 4348 3536 4424">
     <span class='ocr_line' id='line_1_45' title="bbox 260 4348 3536 4424; baseline 0.002 -21"><span class='ocrx_word' id='word_1_594' title='bbox 260 4348 675 4405; x_wconf 85' lang='lat' dir='ltr'><strong>Canonicorum</strong></span> <span class='ocrx_word' id='word_1_595' title='bbox 705 4351 1063 4421; x_wconf 76' lang='lat' dir='ltr'><strong>Regularium</strong></span> <span class='ocrx_word' id='word_1_596' title='bbox 1097 4354 1156 4410; x_wconf 91' lang='lat' dir='ltr'><strong>S.</strong></span> <span class='ocrx_word' id='word_1_597' title='bbox 1194 4355 1516 4416; x_wconf 88' lang='lat' dir='ltr'><strong>Salvatoris.</strong></span> <span class='ocrx_word' id='word_1_598' title='bbox 1552 4360 1699 4417; x_wconf 88' lang='lat' dir='ltr'><strong>Inter</strong></span> <span class='ocrx_word' id='word_1_599' title='bbox 1729 4372 1957 4421; x_wconf 80' lang='lat' dir='ltr'><strong>caeteros</strong></span> <span class='ocrx_word' id='word_1_600' title='bbox 1992 4373 2173 4420; x_wconf 91' lang='lat' dir='ltr'><strong>autem</strong></span> <span class='ocrx_word' id='word_1_601' title='bbox 2206 4369 2660 4423; x_wconf 86' lang='lat' dir='ltr'><strong>commentarium</strong></span> <span class='ocrx_word' id='word_1_602' title='bbox 2688 4368 2743 4423; x_wconf 80' lang='lat' dir='ltr'><strong>in</strong></span> <span class='ocrx_word' id='word_1_603' title='bbox 2773 4367 3022 4424; x_wconf 72' lang='lat' dir='ltr'><strong>Psalmos</strong></span> <span class='ocrx_word' id='word_1_604' title='bbox 3050 4359 3221 4417; x_wconf 89' lang='lat' dir='ltr'><strong>sancti</strong></span> <span class='ocrx_word' id='word_1_605' title='bbox 3247 4355 3536 4412; x_wconf 86' lang='lat' dir='ltr'><strong>Athanasii</strong></span> 
     </span>
    </p>
   </div>
   <div class='ocr_carea' id='block_1_46' title="bbox 261 4440 3538 4531">
    <p class='ocr_par' dir='ltr' id='par_1_46' title="bbox 261 4440 3538 4531">
     <span class='ocr_line' id='line_1_46' title="bbox 261 4440 3538 4531; baseline 0.004 -36"><span class='ocrx_word' id='word_1_606' title='bbox 261 4440 485 4497; x_wconf 89' lang='lat' dir='ltr'><strong>Slavica</strong></span> <span class='ocrx_word' id='word_1_607' title='bbox 519 4443 707 4515; x_wconf 84' lang='lat' dir='ltr'><strong>lingua</strong></span> <span class='ocrx_word' id='word_1_608' title='bbox 740 4446 1006 4515; x_wconf 90' lang='lat' dir='ltr'><strong>scriptum</strong></span> <span class='ocrx_word' id='word_1_609' title='bbox 1046 4449 1131 4505; x_wconf 91' lang='lat' dir='ltr'><strong>his</strong></span> <span class='ocrx_word' id='word_1_610' title='bbox 1163 4451 1344 4507; x_wconf 90' lang='lat' dir='ltr'><strong>verbis</strong></span> <span class='ocrx_word' id='word_1_611' title='bbox 1377 4454 1665 4510; x_wconf 88' lang='lat' dir='ltr'><strong>enuntiat:</strong></span> <span class='ocrx_word' id='word_1_612' title='bbox 1703 4475 1722 4508; x_wconf 85' lang='grc'><em>‹</em></span> <span class='ocrx_word' id='word_1_613' title='bbox 1754 4455 1936 4511; x_wconf 88' lang='lat' dir='ltr'><strong>Codex</strong></span> <span class='ocrx_word' id='word_1_614' title='bbox 1985 4473 2094 4513; x_wconf 93' lang='lat' dir='ltr'><strong>non</strong></span> <span class='ocrx_word' id='word_1_615' title='bbox 2142 4460 2463 4528; x_wconf 70' lang='lat' dir='ltr'><strong>spernenda:</strong></span> <span class='ocrx_word' id='word_1_616' title='bbox 2494 4464 2818 4528; x_wconf 80' lang='lat' dir='ltr'><strong>vetustatis,</strong></span> <span class='ocrx_word' id='word_1_617' title='bbox 2852 4464 2910 4517; x_wconf 93' lang='lat' dir='ltr'><strong>in</strong></span> <span class='ocrx_word' id='word_1_618' title='bbox 2958 4476 3069 4531; x_wconf 91' lang='lat' dir='ltr'><strong>quo</strong></span> <span class='ocrx_word' id='word_1_619' title='bbox 3102 4460 3294 4530; x_wconf 86' lang='lat' dir='ltr'><strong>psalmi</strong></span> <span class='ocrx_word' id='word_1_620' title='bbox 3340 4456 3538 4511; x_wconf 85' lang='lat' dir='ltr'><strong>chara-</strong></span> 
     </span>
    </p>
   </div>
   <div class='ocr_carea' id='block_1_47' title="bbox 258 4541 3535 4621">
    <p class='ocr_par' dir='ltr' id='par_1_47' title="bbox 258 4541 3535 4621">
     <span class='ocr_line' id='line_1_47' title="bbox 258 4541 3535 4621; baseline 0.001 -23"><span class='ocrx_word' id='word_1_621' title='bbox 258 4551 410 4598; x_wconf 90' lang='lat' dir='ltr'><strong>ctere</strong></span> <span class='ocrx_word' id='word_1_622' title='bbox 442 4541 679 4599; x_wconf 87' lang='lat' dir='ltr'><strong>Slavico.</strong></span> <span class='ocrx_word' id='word_1_623' title='bbox 714 4563 732 4597; x_wconf 78' lang='grc' dir='ltr'><strong><em>ι</em></strong></span> <span class='ocrx_word' id='word_1_624' title='bbox 768 4544 826 4599; x_wconf 86' lang='lat' dir='ltr'><strong>In</strong></span> <span class='ocrx_word' id='word_1_625' title='bbox 854 4546 1230 4603; x_wconf 87' lang='lat' dir='ltr'><strong>admonitione</strong></span> <span class='ocrx_word' id='word_1_626' title='bbox 1259 4556 1466 4617; x_wconf 90' lang='lat' dir='ltr'><strong>autem,</strong></span> <span class='ocrx_word' id='word_1_627' title='bbox 1493 4566 1614 4621; x_wconf 79' lang='lat' dir='ltr'><strong>quae</strong></span> <span class='ocrx_word' id='word_1_628' title='bbox 1640 4552 1986 4621; x_wconf 65' lang='lat' dir='ltr'><strong>praemittitur</strong></span> <span class='ocrx_word' id='word_1_629' title='bbox 2011 4552 2351 4619; x_wconf 75' lang='lat' dir='ltr'><strong>Expositioni</strong></span> <span class='ocrx_word' id='word_1_630' title='bbox 2374 4555 2713 4609; x_wconf 82' lang='lat' dir='ltr'><strong>Psalmorum</strong></span> <span class='ocrx_word' id='word_1_631' title='bbox 2740 4558 2913 4611; x_wconf 91' lang='lat' dir='ltr'><strong>sancti</strong></span> <span class='ocrx_word' id='word_1_632' title='bbox 2945 4552 3253 4616; x_wconf 87' lang='lat' dir='ltr'><strong>Athanasii,</strong></span> <span class='ocrx_word' id='word_1_633' title='bbox 3281 4564 3447 4620; x_wconf 89' lang='lat' dir='ltr'><strong>quam</strong></span> <span class='ocrx_word' id='word_1_634' title='bbox 3477 4547 3535 4601; x_wconf 87' lang='lat' dir='ltr'><strong>in</strong></span> 
     </span>
    </p>
   </div>
   <div class='ocr_carea' id='block_1_48' title="bbox 253 4640 3535 4720">
    <p class='ocr_par' dir='ltr' id='par_1_48' title="bbox 253 4640 3535 4720">
     <span class='ocr_line' id='line_1_48' title="bbox 253 4640 3535 4720; baseline 0.002 -28"><span class='ocrx_word' id='word_1_635' title='bbox 253 4646 419 4709; x_wconf 89' lang='lat' dir='ltr'><strong>parte</strong></span> <span class='ocrx_word' id='word_1_636' title='bbox 448 4640 686 4694; x_wconf 87' lang='lat' dir='ltr'><strong>secunda</strong></span> <span class='ocrx_word' id='word_1_637' title='bbox 720 4641 853 4696; x_wconf 93' lang='lat' dir='ltr'><strong>tomi</strong></span> <span class='ocrx_word' id='word_1_638' title='bbox 888 4643 1051 4712; x_wconf 92' lang='lat' dir='ltr'><strong>primi</strong></span> <span class='ocrx_word' id='word_1_639' title='bbox 1082 4658 1311 4715; x_wconf 92' lang='lat' dir='ltr'><strong>operum</strong></span> <span class='ocrx_word' id='word_1_640' title='bbox 1336 4645 1586 4715; x_wconf 88' lang='lat' dir='ltr'><strong>ejusdem</strong></span> <span class='ocrx_word' id='word_1_641' title='bbox 1620 4648 1955 4704; x_wconf 90' lang='lat' dir='ltr'><strong>sanctissimi</strong></span> <span class='ocrx_word' id='word_1_642' title='bbox 1987 4648 2236 4705; x_wconf 90' lang='lat' dir='ltr'><strong>Doctoris</strong></span> <span class='ocrx_word' id='word_1_643' title='bbox 2271 4652 2386 4720; x_wconf 92' lang='lat' dir='ltr'><strong>ipse</strong></span> <span class='ocrx_word' id='word_1_644' title='bbox 2427 4652 2617 4715; x_wconf 88' lang='lat' dir='ltr'><strong>edidit,</strong></span> <span class='ocrx_word' id='word_1_645' title='bbox 2650 4653 2777 4707; x_wconf 90' lang='lat' dir='ltr'><strong>talia</strong></span> <span class='ocrx_word' id='word_1_646' title='bbox 2805 4652 3111 4707; x_wconf 88' lang='lat' dir='ltr'><strong>habentur:</strong></span> <span class='ocrx_word' id='word_1_647' title='bbox 3155 4668 3173 4699; x_wconf 73' lang='grc' dir='ltr'>ι</span> <span class='ocrx_word' id='word_1_648' title='bbox 3203 4645 3391 4700; x_wconf 88' lang='lat' dir='ltr'><strong>Narrat</strong></span> <span class='ocrx_word' id='word_1_649' title='bbox 3428 4643 3535 4698; x_wconf 88' lang='lat' dir='ltr'><strong>Ga-</strong></span> 
     </span>
    </p>
   </div>
   <div class='ocr_carea' id='block_1_49' title="bbox 257 4736 3535 4817">
    <p class='ocr_par' dir='ltr' id='par_1_49' title="bbox 257 4736 3535 4817">
     <span class='ocr_line' id='line_1_49' title="bbox 257 4736 3535 4817; baseline -0 -25"><span class='ocrx_word' id='word_1_650' title='bbox 257 4736 405 4792; x_wconf 83' lang='lat' dir='ltr'><strong>briel</strong></span> <span class='ocrx_word' id='word_1_651' title='bbox 440 4736 765 4805; x_wconf 88' lang='lat' dir='ltr'><strong>Grodecius,</strong></span> <span class='ocrx_word' id='word_1_652' title='bbox 797 4738 1190 4809; x_wconf 88' lang='lat' dir='ltr'><strong>Dantzicanus,</strong></span> <span class='ocrx_word' id='word_1_653' title='bbox 1240 4742 1521 4813; x_wconf 80' lang='lat' dir='ltr'><strong>professor</strong></span> <span class='ocrx_word' id='word_1_654' title='bbox 1549 4742 1831 4799; x_wconf 77' lang='lat' dir='ltr'><strong>Hebraicee</strong></span> <span class='ocrx_word' id='word_1_655' title='bbox 1878 4745 2076 4817; x_wconf 76' lang='lat' dir='ltr'><strong>lingua:</strong></span> <span class='ocrx_word' id='word_1_656' title='bbox 2107 4746 2161 4799; x_wconf 93' lang='lat' dir='ltr'><strong>in</strong></span> <span class='ocrx_word' id='word_1_657' title='bbox 2197 4746 2478 4801; x_wconf 89' lang='lat' dir='ltr'><strong>academia</strong></span> <span class='ocrx_word' id='word_1_658' title='bbox 2508 4746 2763 4816; x_wconf 90' lang='lat' dir='ltr'><strong>Lipsiana</strong></span> <span class='ocrx_word' id='word_1_659' title='bbox 2786 4791 2800 4813; x_wconf 91' lang='lat'><strong>,</strong></span> <span class='ocrx_word' id='word_1_660' title='bbox 2836 4749 2918 4801; x_wconf 91' lang='lat' dir='ltr'><strong>vir</strong></span> <span class='ocrx_word' id='word_1_661' title='bbox 2946 4746 3163 4806; x_wconf 91' lang='lat' dir='ltr'><strong>doctus,</strong></span> <span class='ocrx_word' id='word_1_662' title='bbox 3199 4757 3265 4795; x_wconf 90' lang='lat' dir='ltr'><strong>ac</strong></span> <span class='ocrx_word' id='word_1_663' title='bbox 3294 4738 3535 4793; x_wconf 76' lang='lat' dir='ltr'><strong>necessi-</strong></span> 
     </span>
    </p>
   </div>
   <div class='ocr_carea' id='block_1_50' title="bbox 257 4828 3535 4906">
    <p class='ocr_par' dir='ltr' id='par_1_50' title="bbox 257 4828 3535 4906">
     <span class='ocr_line' id='line_1_50' title="bbox 257 4828 3535 4906; baseline 0 -23"><span class='ocrx_word' id='word_1_664' title='bbox 257 4828 457 4884; x_wconf 90' lang='lat' dir='ltr'><strong>tudine</strong></span> <span class='ocrx_word' id='word_1_665' title='bbox 487 4830 624 4884; x_wconf 91' lang='lat' dir='ltr'><strong>mihi</strong></span> <span class='ocrx_word' id='word_1_666' title='bbox 671 4830 1027 4900; x_wconf 90' lang='lat' dir='ltr'><strong>conjunetus,</strong></span> <span class='ocrx_word' id='word_1_667' title='bbox 1055 4842 1274 4888; x_wconf 86' lang='lat' dir='ltr'><strong>exstare</strong></span> <span class='ocrx_word' id='word_1_668' title='bbox 1304 4833 1360 4886; x_wconf 92' lang='lat' dir='ltr'><strong>in</strong></span> <span class='ocrx_word' id='word_1_669' title='bbox 1392 4834 1721 4889; x_wconf 89' lang='lat' dir='ltr'><strong>bibliotheca</strong></span> <span class='ocrx_word' id='word_1_670' title='bbox 1766 4834 1823 4890; x_wconf 91' lang='lat' dir='ltr'><strong>S.</strong></span> <span class='ocrx_word' id='word_1_671' title='bbox 1860 4836 2162 4891; x_wconf 89' lang='lat' dir='ltr'><strong>Salvatoris</strong></span> <span class='ocrx_word' id='word_1_672' title='bbox 2189 4836 2547 4892; x_wconf 89' lang='lat' dir='ltr'><strong>Bononiensis</strong></span> <span class='ocrx_word' id='word_1_673' title='bbox 2580 4839 2634 4892; x_wconf 95' lang='lat' dir='ltr'><strong>in</strong></span> <span class='ocrx_word' id='word_1_674' title='bbox 2669 4839 2858 4893; x_wconf 89' lang='lat' dir='ltr'><strong>codice</strong></span> <span class='ocrx_word' id='word_1_675' title='bbox 2883 4837 3205 4906; x_wconf 90' lang='lat' dir='ltr'><strong>perantiquo</strong></span> <span class='ocrx_word' id='word_1_676' title='bbox 3236 4830 3535 4902; x_wconf 54' lang='grc' dir='ltr'><strong>θηοδὶιίοο</strong></span> 
     </span>
    </p>
   </div>
   <div class='ocr_carea' id='block_1_51' title="bbox 256 4920 3530 5000">
    <p class='ocr_par' dir='ltr' id='par_1_51' title="bbox 256 4920 3530 5000">
     <span class='ocr_line' id='line_1_51' title="bbox 256 4920 3530 5000; baseline 0.001 -23"><span class='ocrx_word' id='word_1_677' title='bbox 256 4936 394 4977; x_wconf 88' lang='lat' dir='ltr'><strong>nem</strong></span> <span class='ocrx_word' id='word_1_678' title='bbox 425 4920 710 4975; x_wconf 87' lang='lat' dir='ltr'><strong>Athanasii</strong></span> <span class='ocrx_word' id='word_1_679' title='bbox 733 4923 789 4974; x_wconf 86' lang='lat' dir='ltr'><strong>in</strong></span> <span class='ocrx_word' id='word_1_680' title='bbox 817 4920 1063 4976; x_wconf 83' lang='lat' dir='ltr'><strong>Psalmos</strong></span> <span class='ocrx_word' id='word_1_681' title='bbox 1090 4920 1351 4977; x_wconf 90' lang='lat' dir='ltr'><strong>Serviana</strong></span> <span class='ocrx_word' id='word_1_682' title='bbox 1385 4924 1592 4996; x_wconf 86' lang='lat' dir='ltr'><strong>lingua,</strong></span> <span class='ocrx_word' id='word_1_683' title='bbox 1617 4941 1740 4995; x_wconf 64' lang='lat' dir='ltr'><strong>quae</strong></span> <span class='ocrx_word' id='word_1_684' title='bbox 1769 4936 1853 4981; x_wconf 78' lang='lat' dir='ltr'><strong>est</strong></span> <span class='ocrx_word' id='word_1_685' title='bbox 1889 4926 2103 4982; x_wconf 83' lang='lat' dir='ltr'><strong>Slavica</strong></span> <span class='ocrx_word' id='word_1_686' title='bbox 2130 4927 2421 4993; x_wconf 88' lang='lat' dir='ltr'><strong>dialectus,</strong></span> <span class='ocrx_word' id='word_1_687' title='bbox 2455 4938 2584 4982; x_wconf 89' lang='lat' dir='ltr'><strong>sunt</strong></span> <span class='ocrx_word' id='word_1_688' title='bbox 2613 4939 2792 4983; x_wconf 90' lang='lat' dir='ltr'><strong>autem</strong></span> <span class='ocrx_word' id='word_1_689' title='bbox 2821 4928 2992 4983; x_wconf 86' lang='lat' dir='ltr'><strong>Servii</strong></span> <span class='ocrx_word' id='word_1_690' title='bbox 3018 4928 3205 5000; x_wconf 70' lang='lat' dir='ltr'><strong>Mysiae</strong></span> <span class='ocrx_word' id='word_1_691' title='bbox 3224 4924 3530 4997; x_wconf 90' lang='lat' dir='ltr'><strong>superioris</strong></span> 
     </span>
    </p>
   </div>
   <div class='ocr_carea' id='block_1_52' title="bbox 258 5011 3536 5100">
    <p class='ocr_par' dir='ltr' id='par_1_52' title="bbox 258 5011 3536 5100">
     <span class='ocr_line' id='line_1_52' title="bbox 258 5011 3536 5100; baseline 0.002 -34"><span class='ocrx_word' id='word_1_692' title='bbox 258 5011 477 5084; x_wconf 88' lang='lat' dir='ltr'><strong>populi,</strong></span> <span class='ocrx_word' id='word_1_693' title='bbox 515 5027 615 5067; x_wconf 91' lang='lat' dir='ltr'><strong>nec</strong></span> <span class='ocrx_word' id='word_1_694' title='bbox 645 5012 865 5083; x_wconf 86' lang='lat' dir='ltr'><strong>ambigo</strong></span> <span class='ocrx_word' id='word_1_695' title='bbox 899 5028 961 5100; x_wconf 66' lang='lat' dir='ltr'><strong>ex</strong></span> <span class='ocrx_word' id='word_1_696' title='bbox 1008 5014 1094 5069; x_wconf 90' lang='lat' dir='ltr'><strong>his</strong></span> <span class='ocrx_word' id='word_1_697' title='bbox 1123 5016 1328 5071; x_wconf 90' lang='lat' dir='ltr'><strong>nostris</strong></span> <span class='ocrx_word' id='word_1_698' title='bbox 1360 5017 1792 5085; x_wconf 88' lang='lat' dir='ltr'><strong>expositionibus</strong></span> <span class='ocrx_word' id='word_1_699' title='bbox 1827 5017 2041 5074; x_wconf 76' lang='lat' dir='ltr'><strong>Slavice</strong></span> <span class='ocrx_word' id='word_1_700' title='bbox 2065 5034 2282 5073; x_wconf 90' lang='lat' dir='ltr'><strong>versam</strong></span> <span class='ocrx_word' id='word_1_701' title='bbox 2313 5018 2503 5075; x_wconf 73' lang='lat' dir='ltr'><strong>fuisse.</strong></span> <span class='ocrx_word' id='word_1_702' title='bbox 2542 5038 2560 5070; x_wconf 77' lang='grc' dir='ltr'><strong><em>ι</em></strong></span> <span class='ocrx_word' id='word_1_703' title='bbox 2592 5018 2698 5074; x_wconf 89' lang='lat' dir='ltr'><strong>Sed</strong></span> <span class='ocrx_word' id='word_1_704' title='bbox 2747 5018 2953 5077; x_wconf 82' lang='lat' dir='ltr'><strong>fallitur</strong></span> <span class='ocrx_word' id='word_1_705' title='bbox 2993 5023 3078 5074; x_wconf 85' lang='lat' dir='ltr'><strong>vir</strong></span> <span class='ocrx_word' id='word_1_706' title='bbox 3104 5020 3352 5075; x_wconf 84' lang='lat' dir='ltr'><strong>eruditus</strong></span> <span class='ocrx_word' id='word_1_707' title='bbox 3386 5035 3399 5071; x_wconf 89' lang='lat'><strong>:</strong></span> <span class='ocrx_word' id='word_1_708' title='bbox 3432 5018 3536 5071; x_wconf 90' lang='lat' dir='ltr'><strong>iste</strong></span> 
     </span>
    </p>
   </div>
   <div class='ocr_carea' id='block_1_53' title="bbox 259 5107 3532 5188">
    <p class='ocr_par' dir='ltr' id='par_1_53' title="bbox 259 5107 3532 5188">
     <span class='ocr_line' id='line_1_53' title="bbox 259 5107 3532 5188; baseline -0.001 -25"><span class='ocrx_word' id='word_1_709' title='bbox 259 5108 418 5163; x_wconf 90' lang='lat' dir='ltr'><strong>enim</strong></span> <span class='ocrx_word' id='word_1_710' title='bbox 449 5108 884 5164; x_wconf 85' lang='lat' dir='ltr'><strong>commentarius</strong></span> <span class='ocrx_word' id='word_1_711' title='bbox 914 5107 1127 5165; x_wconf 90' lang='lat' dir='ltr'><strong>Slavica</strong></span> <span class='ocrx_word' id='word_1_712' title='bbox 1157 5127 1250 5166; x_wconf 88' lang='lat' dir='ltr'><strong>seu</strong></span> <span class='ocrx_word' id='word_1_713' title='bbox 1287 5110 1521 5183; x_wconf 83' lang='lat' dir='ltr'><strong>Illyrica,</strong></span> <span class='ocrx_word' id='word_1_714' title='bbox 1550 5130 1658 5168; x_wconf 91' lang='lat' dir='ltr'><strong>non</strong></span> <span class='ocrx_word' id='word_1_715' title='bbox 1688 5123 1869 5169; x_wconf 91' lang='lat' dir='ltr'><strong>autem</strong></span> <span class='ocrx_word' id='word_1_716' title='bbox 1905 5113 2165 5170; x_wconf 84' lang='lat' dir='ltr'><strong>Serviana</strong></span> <span class='ocrx_word' id='word_1_717' title='bbox 2191 5117 2375 5188; x_wconf 84' lang='lat' dir='ltr'><strong>lingua</strong></span> <span class='ocrx_word' id='word_1_718' title='bbox 2410 5117 2647 5186; x_wconf 91' lang='lat' dir='ltr'><strong>scriptus</strong></span> <span class='ocrx_word' id='word_1_719' title='bbox 2675 5126 2796 5184; x_wconf 90' lang='lat' dir='ltr'><strong>est;</strong></span> <span class='ocrx_word' id='word_1_720' title='bbox 2835 5130 3012 5185; x_wconf 89' lang='lat' dir='ltr'><strong>neque</strong></span> <span class='ocrx_word' id='word_1_721' title='bbox 3048 5124 3133 5169; x_wconf 89' lang='lat' dir='ltr'><strong>est</strong></span> <span class='ocrx_word' id='word_1_722' title='bbox 3172 5114 3226 5165; x_wconf 91' lang='lat' dir='ltr'><strong>in</strong></span> <span class='ocrx_word' id='word_1_723' title='bbox 3261 5108 3532 5165; x_wconf 82' lang='lat' dir='ltr'><strong>Slavicam</strong></span> 
     </span>
    </p>
   </div>
   <div class='ocr_carea' id='block_1_54' title="bbox 259 5200 3536 5276">
    <p class='ocr_par' dir='ltr' id='par_1_54' title="bbox 259 5200 3536 5276">
     <span class='ocr_line' id='line_1_54' title="bbox 259 5200 3536 5276; baseline -0.002 -19"><span class='ocrx_word' id='word_1_724' title='bbox 259 5200 564 5257; x_wconf 87' lang='lat' dir='ltr'><strong>dialectum</strong></span> <span class='ocrx_word' id='word_1_725' title='bbox 601 5201 900 5257; x_wconf 89' lang='lat' dir='ltr'><strong>translatus</strong></span> <span class='ocrx_word' id='word_1_726' title='bbox 933 5217 999 5256; x_wconf 87' lang='lat' dir='ltr'><strong>ex</strong></span> <span class='ocrx_word' id='word_1_727' title='bbox 1043 5200 1249 5257; x_wconf 72' lang='lat' dir='ltr'><strong>Grzecis</strong></span> <span class='ocrx_word' id='word_1_728' title='bbox 1280 5203 1730 5272; x_wconf 86' lang='lat' dir='ltr'><strong>expositionibus,</strong></span> <span class='ocrx_word' id='word_1_729' title='bbox 1765 5218 1905 5274; x_wconf 88' lang='lat' dir='ltr'><strong>quas</strong></span> <span class='ocrx_word' id='word_1_730' title='bbox 1948 5204 2066 5275; x_wconf 91' lang='lat' dir='ltr'><strong>ipse</strong></span> <span class='ocrx_word' id='word_1_731' title='bbox 2113 5206 2255 5261; x_wconf 89' lang='lat' dir='ltr'><strong>inter</strong></span> <span class='ocrx_word' id='word_1_732' title='bbox 2289 5221 2452 5276; x_wconf 83' lang='lat' dir='ltr'><strong>Opera</strong></span> <span class='ocrx_word' id='word_1_733' title='bbox 2495 5206 2552 5260; x_wconf 89' lang='lat' dir='ltr'><strong>S.</strong></span> <span class='ocrx_word' id='word_1_734' title='bbox 2579 5207 2865 5262; x_wconf 85' lang='lat' dir='ltr'><strong>Athanasii</strong></span> <span class='ocrx_word' id='word_1_735' title='bbox 2899 5206 3111 5271; x_wconf 79' lang='lat' dir='ltr'><strong>edidit,</strong></span> <span class='ocrx_word' id='word_1_736' title='bbox 3145 5203 3237 5258; x_wconf 89' lang='lat' dir='ltr'><strong>sed</strong></span> <span class='ocrx_word' id='word_1_737' title='bbox 3282 5201 3424 5255; x_wconf 91' lang='lat' dir='ltr'><strong>idem</strong></span> <span class='ocrx_word' id='word_1_738' title='bbox 3453 5207 3536 5253; x_wconf 80' lang='lat' dir='ltr'><strong>cst</strong></span> 
     </span>
    </p>
   </div>
   <div class='ocr_carea' id='block_1_55' title="bbox 262 5290 3534 5368">
    <p class='ocr_par' dir='ltr' id='par_1_55' title="bbox 262 5290 3534 5368">
     <span class='ocr_line' id='line_1_55' title="bbox 262 5290 3534 5368; baseline -0.002 -16"><span class='ocrx_word' id='word_1_739' title='bbox 262 5314 337 5355; x_wconf 88' lang='lat' dir='ltr'><strong>ac</strong></span> <span class='ocrx_word' id='word_1_740' title='bbox 364 5298 457 5353; x_wconf 86' lang='lat' dir='ltr'><strong>ille</strong></span> <span class='ocrx_word' id='word_1_741' title='bbox 485 5299 578 5368; x_wconf 91' lang='lat' dir='ltr'><strong>qui</strong></span> <span class='ocrx_word' id='word_1_742' title='bbox 614 5298 821 5354; x_wconf 84' lang='lat' dir='ltr'><strong>Graecis</strong></span> <span class='ocrx_word' id='word_1_743' title='bbox 848 5298 1045 5354; x_wconf 87' lang='lat' dir='ltr'><strong>litteris</strong></span> <span class='ocrx_word' id='word_1_744' title='bbox 1073 5312 1139 5353; x_wconf 89' lang='lat' dir='ltr'><strong>ac</strong></span> <span class='ocrx_word' id='word_1_745' title='bbox 1170 5295 1352 5352; x_wconf 88' lang='lat' dir='ltr'><strong>verbis</strong></span> <span class='ocrx_word' id='word_1_746' title='bbox 1397 5297 1634 5366; x_wconf 88' lang='lat' dir='ltr'><strong>scriptus</strong></span> <span class='ocrx_word' id='word_1_747' title='bbox 1669 5304 1724 5351; x_wconf 84' lang='lat' dir='ltr'><strong>et</strong></span> <span class='ocrx_word' id='word_1_748' title='bbox 1760 5298 2101 5367; x_wconf 90' lang='lat' dir='ltr'><strong>compositus</strong></span> <span class='ocrx_word' id='word_1_749' title='bbox 2128 5296 2372 5354; x_wconf 88' lang='lat' dir='ltr'><strong>Venetiis</strong></span> <span class='ocrx_word' id='word_1_750' title='bbox 2404 5299 2459 5352; x_wconf 93' lang='lat' dir='ltr'><strong>in</strong></span> <span class='ocrx_word' id='word_1_751' title='bbox 2492 5297 2830 5353; x_wconf 82' lang='lat' dir='ltr'><strong>Justinianea</strong></span> <span class='ocrx_word' id='word_1_752' title='bbox 2855 5341 2869 5365; x_wconf 90' lang='lat'><strong>,</strong></span> <span class='ocrx_word' id='word_1_753' title='bbox 2906 5307 2961 5352; x_wconf 88' lang='lat' dir='ltr'><strong>et</strong></span> <span class='ocrx_word' id='word_1_754' title='bbox 2989 5294 3278 5351; x_wconf 85' lang='lat' dir='ltr'><strong>Mediolani</strong></span> <span class='ocrx_word' id='word_1_755' title='bbox 3322 5293 3377 5346; x_wconf 93' lang='lat' dir='ltr'><strong>in</strong></span> <span class='ocrx_word' id='word_1_756' title='bbox 3404 5290 3534 5343; x_wconf 86' lang='lat' dir='ltr'><strong>Am-</strong></span> 
     </span>
    </p>
   </div>
   <div class='ocr_carea' id='block_1_56' title="bbox 260 5381 3531 5460">
    <p class='ocr_par' dir='ltr' id='par_1_56' title="bbox 260 5381 3531 5460">
     <span class='ocr_line' id='line_1_56' title="bbox 260 5381 3531 5460; baseline -0.004 -13"><span class='ocrx_word' id='word_1_757' title='bbox 260 5390 531 5447; x_wconf 86' lang='lat' dir='ltr'><strong>brosiana</strong></span> <span class='ocrx_word' id='word_1_758' title='bbox 560 5391 892 5447; x_wconf 90' lang='lat' dir='ltr'><strong>bibliotheca</strong></span> <span class='ocrx_word' id='word_1_759' title='bbox 924 5390 1212 5460; x_wconf 84' lang='lat' dir='ltr'><strong>reperitur,</strong></span> <span class='ocrx_word' id='word_1_760' title='bbox 1245 5397 1299 5444; x_wconf 88' lang='lat' dir='ltr'><strong>et</strong></span> <span class='ocrx_word' id='word_1_761' title='bbox 1327 5403 1526 5457; x_wconf 89' lang='lat' dir='ltr'><strong>quem,</strong></span> <span class='ocrx_word' id='word_1_762' title='bbox 1555 5397 1615 5442; x_wconf 93' lang='lat' dir='ltr'><strong>ut</strong></span> <span class='ocrx_word' id='word_1_763' title='bbox 1646 5389 1808 5457; x_wconf 90' lang='lat' dir='ltr'><strong>paulo</strong></span> <span class='ocrx_word' id='word_1_764' title='bbox 1843 5398 1967 5444; x_wconf 88' lang='lat' dir='ltr'><strong>ante</strong></span> <span class='ocrx_word' id='word_1_765' title='bbox 1993 5389 2127 5453; x_wconf 79' lang='lat' dir='ltr'><strong>dixi,</strong></span> <span class='ocrx_word' id='word_1_766' title='bbox 2164 5405 2271 5445; x_wconf 92' lang='lat' dir='ltr'><strong>non</strong></span> <span class='ocrx_word' id='word_1_767' title='bbox 2297 5404 2419 5445; x_wconf 92' lang='lat' dir='ltr'><strong>esse</strong></span> <span class='ocrx_word' id='word_1_768' title='bbox 2443 5390 2754 5454; x_wconf 88' lang='lat' dir='ltr'><strong>Athanasii,</strong></span> <span class='ocrx_word' id='word_1_769' title='bbox 2792 5389 2856 5446; x_wconf 93' lang='lat' dir='ltr'><strong>P.</strong></span> <span class='ocrx_word' id='word_1_770' title='bbox 2888 5386 3240 5442; x_wconf 80' lang='lat' dir='ltr'><strong>Montfaucon</strong></span> <span class='ocrx_word' id='word_1_771' title='bbox 3276 5381 3531 5436; x_wconf 79' lang='lat' dir='ltr'><strong>aiiirmat.</strong></span> 
     </span>
    </p>
   </div>
   <div class='ocr_carea' id='block_1_57' title="bbox 260 5473 3531 5557">
    <p class='ocr_par' dir='ltr' id='par_1_57' title="bbox 260 5473 3531 5557">
     <span class='ocr_line' id='line_1_57' title="bbox 260 5473 3531 5557; baseline -0.004 -18"><span class='ocrx_word' id='word_1_772' title='bbox 260 5484 537 5557; x_wconf 86' lang='lat' dir='ltr'><strong>Equidem</strong></span> <span class='ocrx_word' id='word_1_773' title='bbox 563 5484 728 5555; x_wconf 84' lang='lat' dir='ltr'><strong>hujus</strong></span> <span class='ocrx_word' id='word_1_774' title='bbox 758 5481 1135 5539; x_wconf 88' lang='lat' dir='ltr'><strong>commentarii</strong></span> <span class='ocrx_word' id='word_1_775' title='bbox 1169 5480 1409 5545; x_wconf 88' lang='lat' dir='ltr'><strong>initium,</strong></span> <span class='ocrx_word' id='word_1_776' title='bbox 1449 5494 1643 5549; x_wconf 85' lang='lat' dir='ltr'><strong>nempe</strong></span> <span class='ocrx_word' id='word_1_777' title='bbox 1686 5480 1994 5534; x_wconf 86' lang='lat' dir='ltr'><strong>orationem</strong></span> <span class='ocrx_word' id='word_1_778' title='bbox 2043 5495 2166 5550; x_wconf 70' lang='lat' dir='ltr'><strong>qua:</strong></span> <span class='ocrx_word' id='word_1_779' title='bbox 2218 5482 2617 5537; x_wconf 89' lang='lat' dir='ltr'><strong>commentario</strong></span> <span class='ocrx_word' id='word_1_780' title='bbox 2647 5482 3004 5552; x_wconf 63' lang='lat' dir='ltr'><strong>prmponitur,</strong></span> <span class='ocrx_word' id='word_1_781' title='bbox 3045 5487 3099 5534; x_wconf 91' lang='lat' dir='ltr'><strong>et</strong></span> <span class='ocrx_word' id='word_1_782' title='bbox 3128 5473 3531 5545; x_wconf 79' lang='lat' dir='ltr'><strong>expositionem</strong></span> 
     </span>
    </p>
   </div>
   <div class='ocr_carea' id='block_1_58' title="bbox 342 5596 2892 5672">
    <p class='ocr_par' dir='ltr' id='par_1_58' title="bbox 342 5596 2892 5672">
     <span class='ocr_line' id='line_1_58' title="bbox 342 5596 2892 5672; baseline -0.002 -14"><span class='ocrx_word' id='word_1_783' title='bbox 342 5603 420 5672; x_wconf 91' lang='lat'><strong>(9)</strong></span> <span class='ocrx_word' id='word_1_784' title='bbox 460 5602 666 5658; x_wconf 89' lang='lat' dir='ltr'><strong>Comm.</strong></span> <span class='ocrx_word' id='word_1_785' title='bbox 703 5603 768 5656; x_wconf 84' lang='lat' dir='ltr'><strong>de</strong></span> <span class='ocrx_word' id='word_1_786' title='bbox 795 5602 979 5670; x_wconf 79' lang='lat' dir='ltr'><strong>script.</strong></span> <span class='ocrx_word' id='word_1_787' title='bbox 1008 5599 1179 5672; x_wconf 43' lang='lat' dir='ltr'><strong>Eccl”</strong></span> <span class='ocrx_word' id='word_1_788' title='bbox 1200 5608 1333 5653; x_wconf 94' lang='lat' dir='ltr'><strong>tom.</strong></span> <span class='ocrx_word' id='word_1_789' title='bbox 1368 5597 1563 5672; x_wconf 34' lang='grc' dir='ltr'><strong>[χεῖρε.</strong></span> <span class='ocrx_word' id='word_1_790' title='bbox 1597 5600 1671 5665; x_wconf 80' lang='lat' dir='ltr'><strong>tv,</strong></span> <span class='ocrx_word' id='word_1_791' title='bbox 1702 5614 1753 5655; x_wconf 89' lang='lat' dir='ltr'><strong>c.</strong></span> <span class='ocrx_word' id='word_1_792' title='bbox 1783 5597 1836 5664; x_wconf 89' lang='grc'><strong>8,</strong></span> <span class='ocrx_word' id='word_1_793' title='bbox 1874 5596 2020 5655; x_wconf 77' lang='lat' dir='ltr'><strong>Diss.</strong></span> <span class='ocrx_word' id='word_1_794' title='bbox 2054 5597 2118 5654; x_wconf 86' lang='lat' dir='ltr'><strong>de</strong></span> <span class='ocrx_word' id='word_1_795' title='bbox 2141 5615 2225 5669; x_wconf 83' lang='grc' dir='ltr'><strong>ορ.</strong></span> <span class='ocrx_word' id='word_1_796' title='bbox 2256 5597 2316 5656; x_wconf 84' lang='lat' dir='ltr'><strong>S.</strong></span> <span class='ocrx_word' id='word_1_797' title='bbox 2352 5599 2577 5668; x_wconf 69' lang='lat' dir='ltr'><strong>Alliam,</strong></span> <span class='ocrx_word' id='word_1_798' title='bbox 2610 5615 2736 5671; x_wconf 80' lang='lat' dir='ltr'><strong>pag.</strong></span> <span class='ocrx_word' id='word_1_799' title='bbox 2769 5599 2892 5654; x_wconf 65' lang='lat'><strong>581.</strong></span> 
     </span>
    </p>
   </div>
   <div class='ocr_carea' id='block_1_59' title="bbox 342 5668 1488 5743">
    <p class='ocr_par' dir='ltr' id='par_1_59' title="bbox 342 5668 1488 5743">
     <span class='ocr_line' id='line_1_59' title="bbox 342 5668 1488 5743; baseline -0.003 -17"><span class='ocrx_word' id='word_1_800' title='bbox 342 5668 455 5743; x_wconf 77' lang='grc'><strong>(10)</strong></span> <span class='ocrx_word' id='word_1_801' title='bbox 496 5672 658 5728; x_wconf 78' lang='lat' dir='ltr'><strong>Mém.</strong></span> <span class='ocrx_word' id='word_1_802' title='bbox 692 5672 844 5735; x_wconf 85' lang='lat' dir='ltr'><strong>eccl.,</strong></span> <span class='ocrx_word' id='word_1_803' title='bbox 877 5668 1175 5743; x_wconf 25' lang='lat' dir='ltr'><strong>toanVlIl,</strong></span> <span class='ocrx_word' id='word_1_804' title='bbox 1205 5685 1326 5743; x_wconf 85' lang='lat' dir='ltr'><strong>pag.</strong></span> <span class='ocrx_word' id='word_1_805' title='bbox 1364 5668 1488 5723; x_wconf 71' lang='lat'><strong>257’.</strong></span> 
     </span>
    </p>
   </div>
   <div class='ocr_carea' id='block_1_60' title="bbox 344 5741 1071 5815">
    <p class='ocr_par' dir='ltr' id='par_1_60' title="bbox 344 5741 1071 5815">
     <span class='ocr_line' id='line_1_60' title="bbox 344 5741 1071 5815; baseline 0.001 -17"><span class='ocrx_word' id='word_1_806' title='bbox 344 5741 456 5815; x_wconf 80' lang='grc' dir='ltr'><strong>(Η)</strong></span> <span class='ocrx_word' id='word_1_807' title='bbox 490 5744 626 5815; x_wconf 86' lang='lat' dir='ltr'><strong>Cap.</strong></span> <span class='ocrx_word' id='word_1_808' title='bbox 656 5744 747 5811; x_wconf 73' lang='lat'><strong>27,</strong></span> <span class='ocrx_word' id='word_1_809' title='bbox 784 5759 905 5813; x_wconf 84' lang='lat' dir='ltr'><strong>pag.</strong></span> <span class='ocrx_word' id='word_1_810' title='bbox 942 5741 1071 5799; x_wconf 73' lang='grc'><strong>407.</strong></span> 
     </span>
    </p>
   </div>
  </div>
