3878 6218
291 243 391 300 007
1135 245 1190 303 S.
1235 248 1605 304 ATHANASiI
1645 250 1795 305 OPP.
1838 250 2021 307 PARS
2060 252 2144 310 III.
2187 285 2256 293 —
2281 250 2692 308 EXEGETICA.
3444 252 3564 308 008

291 365 349 416 in
382 363 618 430 primum
665 363 939 432 psalmum
975 365 1139 429 dabo,
1175 384 1339 436 quam
1378 378 1572 424 nactus
1608 387 1726 424 sum
1784 381 1834 426 et
1877 388 2040 442 opera
2076 383 2129 426 et
2174 389 2304 428 cura
2352 369 2788 427 reverendissimi
2819 370 2879 424 P.
2915 369 3128 426 abbatis
3180 368 3559 442 Migliavacca.

293 456 554 511 Canonici
587 455 874 528 Regularis
905 461 1116 517 ordinis
1147 461 1204 516 S.
1239 463 1570 532 Salvatoris,
1602 467 1695 536 qui
1729 468 1895 521 etiam
1937 485 1994 523 se
2034 469 2102 522 ab
2132 469 2252 522 aliis
2281 467 2557 522 audivisse
2603 466 2739 520 mihi
2794 466 3037 520 narravit
3070 483 3084 520 :
3118 464 3178 521 P.
3213 464 3566 521 Montl'auco-

294 562 451 612 num,
494 563 617 602 cum
650 565 746 618 per
779 550 1082 606 Bononiam
1115 553 1217 606 iter
1246 552 1471 620 Iaceret,
1511 559 1828 614 monasterii
1863 558 1921 612 S.
1959 559 2258 616 Salvatoris
2289 560 2672 614 bibliothecam
2704 558 2962 622 adivisse,
2995 567 3158 628 atque
3193 558 3247 612 in
3279 573 3342 613 ea
3371 559 3562 628 inspe-

294 639 398 694 ctis
428 640 667 709 antiquis
701 641 985 696 codicibus
1014 647 1433 715 manuscriptis,
1484 648 1688 718 quibus
1735 649 2063 704 bibliotheca
2102 651 2192 703 illa
2245 659 2488 719 praestat,
2538 665 2661 704 cum
2710 651 2856 708 hunc
2889 653 2957 709 de
3003 670 3114 724 quo
3144 654 3323 725 agitur
3353 663 3567 710 attente

296 731 723 798 considerasset,
756 735 999 790 suasisse
1035 735 1475 800 bibliothecario,
1503 747 1563 792 ut
1589 753 1787 793 nomen
1819 738 2104 793 Athanasii
2135 740 2360 806 deleret,
2393 749 2556 809 atque
2587 741 2639 794 in
2672 741 2850 798 fronte
2878 743 3083 800 codicis
3115 747 3415 800 ascriberet
3452 761 3564 800 no-

297 839 421 878 men
458 823 514 879 S.
550 826 739 897 Cyrilli
773 828 1164 899 Alexandrini;
1199 840 1252 886 et
1281 832 1501 902 quidem
1546 840 1604 887 ut
1634 834 1701 886 ab
1730 835 1909 889 amico
1940 834 2044 887 sibi
2077 835 2374 889 novissime
2401 835 2767 905 signiﬁcatum
2817 852 2939 892 esse
2979 837 3279 903 asserebat,
3315 852 3464 891 nunc
3505 837 3565 891 in

297 933 463 988 parva
497 920 718 985 scheda,
756 937 878 988 quae
909 923 960 975 in
988 922 1178 976 eodem
1227 921 1418 976 codice
1452 920 1704 985 exsistit,
1754 922 2044 976 recentiori
2093 924 2408 978 charactere
2439 925 2697 994 scriptum
2734 927 2838 994 legi
2886 942 3082 981 nomen
3117 925 3176 981 S.
3209 925 3396 998 Cyrilli
3447 928 3572 997 epi-

299 1015 863 1085 sc0piAIexandrmi;
917 1019 972 1072 in
1008 1017 1246 1089 tegmine
1296 1027 1478 1071 autem
1537 1016 1745 1070 codicis
1789 1016 1971 1070 adhuc
2015 1033 2300 1072 remanere
2348 1032 2546 1073 nomen
2579 1018 2885 1074 Athanasii.
2931 1018 3046 1086 Qua
3077 1019 3143 1073 de
3178 1033 3346 1074 causa
3379 1028 3567 1073 autem

299 1111 548 1167 eruditus
574 1113 658 1166 vir
688 1113 740 1167 id
771 1113 1081 1168 faciendum
1115 1113 1414 1176 censuerit,
1440 1126 1527 1164 me
1559 1112 1708 1165 latet.
1738 1109 1924 1181 Itaque
1954 1113 2332 1183 cujuscunque
2353 1115 2597 1170 auctoris
2628 1117 3057 1171 commentarius
3091 1116 3179 1170 ille
3209 1116 3300 1183 sit,
3330 1130 3418 1170 me
3445 1130 3568 1168 rem

301 1213 510 1275 gratam
541 1208 762 1262 curioso
787 1209 977 1262 lectori
1030 1205 1298 1260 facturum
1328 1204 1608 1268 existimo,
1638 1204 1683 1258 si
1719 1203 1840 1274 ejus
1880 1205 2094 1259 initium
2143 1204 2386 1277 Illyrica,
2423 1217 2478 1262 et
2504 1207 2697 1264 Latina
2739 1210 2924 1278 lingua
2977 1210 3079 1265 hoc
3111 1209 3253 1275 loco,
3298 1217 3360 1265 ut
3389 1208 3561 1280 paulo

303 1308 426 1353 ante
457 1300 732 1369 pollicitus
757 1316 903 1365 sum,
934 1299 1222 1354 exhibeam
1254 1297 1383 1367 (I2).

374 1391 482 1448 Ter
518 1405 709 1449 sancta
740 1394 980 1450 Trinitas
1012 1395 1179 1448 totius
1206 1393 1394 1447 mundi
1437 1392 1656 1462 adjuva,
1713 1400 1768 1448 et
1797 1392 1882 1446 di-

303 1463 418 1532 rige
457 1479 552 1518 cor
577 1481 757 1518 meum
787 1468 852 1519 ad
906 1466 1276 1533 incipiendum
1335 1479 1461 1518 cum
1495 1463 1876 1533 intelligentia,

305 1543 361 1607 et
393 1535 691 1607 Iiniendum
723 1551 861 1607 opus
896 1536 1100 1607 bnnum
1140 1549 1170 1588 a
1231 1534 1337 1587 Deo
1397 1533 1647 1607 inspirati
1717 1533 1883 1600 hujus

306 1604 450 1669 libri,
472 1619 636 1673 quem
680 1603 904 1659 sanctus
938 1604 1175 1674 Spiritus
1198 1620 1294 1672 per
1337 1618 1424 1674 os,
1467 1603 1634 1656 David
1670 1612 1885 1658 eructa-

307 1672 699 1744 vit,et"quem
746 1672 1036 1744 aggredior
1091 1676 1342 1728 recitare.
1401 1672 1720 1743 Agnoscens
1754 1688 1885 1728 vero

309 1759 486 1797 meam
549 1745 939 1814 ignorantiam,
999 1745 1171 1798 adoro
1229 1753 1595 1814 teiexorans,
1631 1750 1686 1796 et
1727 1753 1884 1797 tuum

310 1812 821 1877 auxilium'invoco,
849 1814 1078 1869 Domine
1104 1814 1234 1868 Jcsu
1285 1812 1523 1872 Christe.
1571 1814 1704 1867 doce
1734 1814 1890 1867 intel-

310 1885 508 1939 lectum
535 1901 720 1940 meum
771 1901 878 1940 non
914 1887 967 1938 in
1004 1884 1355 1940 sermonibus
1417 1884 1688 1938 labiorum
1732 1884 1882 1938 oble-

1984 1396 2142 1459 ctari,
2181 1397 2274 1451 sed
2328 1397 2380 1451 in
2422 1398 2734 1470 cognitione
2789 1400 3131 1470 eloquiorum
3197 1401 3454 1470 gaudere,
3515 1408 3576 1456 et

1986 1481 2294 1540 prmparare
2340 1483 2426 1540 me
2490 1469 2555 1540 ad
2620 1469 2869 1524 facienda
2922 1486 3112 1538 Opera,
3159 1469 3282 1540 quae.
3324 1471 3480 1526 disco
3517 1479 3576 1525 et

1986 1537 2200 1604 loquor,
2276 1547 2336 1592 ut
2395 1539 2553 1594 bonis
2603 1542 2862 1608 operibus
2928 1537 3292 1607 illuminatus,
3361 1543 3415 1594 in
3470 1549 3577 1595 tuo

1984 1608 2194 1680 judicio
2234 1609 2472 1663 dexterae
2498 1610 2672 1678 partis
2723 1611 2996 1680 particeps
3027 1610 3175 1664 liam.
3200 1609 3266 1664 Et
3293 1628 3440 1666 nunc
3462 1610 3576 1664 Do-

1990 1678 2150 1741 mine,
2182 1679 2432 1743 benedic,
2458 1691 2518 1733 ut
2552 1695 2618 1734 ex
2641 1678 2805 1735 corde
2827 1678 3096 1750 producto
3143 1684 3409 1754 suspirio,
3459 1683 3571 1736 liu-

1991 1763 2094 1816 gua
2119 1763 2310 1803 canam
2333 1769 2345 1803 :

1992 1861 2188 1916 Beatus
2228 1865 2308 1917 vir
2337 1864 2427 1934 qui
2452 1880 2552 1917 non
2606 1863 2737 1917 abiit
2762 1865 3110 1920 inconsilium
3135 1867 3576 1937 impiorum,etc.

310 2035 648 2078 PSALTERIUH
689 2039 847 2078 DAVID
901 2038 1058 2080 REGIS
1104 2038 1320 2078 SANCTE
1359 2036 1632 2076 CIVITATIS
1656 2035 1783 2074 FILII
1824 2036 1978 2077 JESSE
2021 2037 2090 2075 ET
2135 2037 2280 2076 ιυΜε
2313 2035 2591 2076 εῑοωωωί
2643 2035 2944 2078 PROGENIEI
2973 2037 3074 2078 P30
3097 2035 3260 2077 PRIIO
3305 2033 3576 2076 Αιιειυμ

1096 2134 1306 2173 ιΝιτιωι
1335 2133 1483 2173 PBIMI
1511 2132 1676 2179 LIBRI,
1713 2133 1801 2180 QUI
1825 2133 1923 2172 EST
1959 2132 2096 2171 APUD
2133 2132 2342 2173 JUDEOS
2375 2133 2562 2172 PSALI.
2598 2133 2635 2171 I.

384 2235 438 2290 I.
478 2235 805 2302 Beatusvir,
843 2238 933 2307 qui
967 2254 1074 2292 non
1101 2239 1235 2292 abiit
1262 2239 1315 2291 in
1351 2237 1640 2291 consilium
1686 2236 1881 2305 impio-

313 2322 460 2371 rum,
492 2309 616 2360 etin
647 2307 735 2360 via
764 2321 1112 2377 peccatorum
1167 2325 1275 2364 non
1309 2308 1477 2373 stetit,
1527 2316 1581 2362 et
1606 2308 1661 2360 in
1691 2311 1876 2362 cathe-

315 2377 414 2431 dra
444 2378 761 2446 pestilentiaa
791 2395 896 2432 non
931 2381 1088 2433 sedit.

385 2445 455 2500 2.7
481 2445 582 2501 Sed
618 2448 668 2501 in
707 2450 820 2518 lege
844 2448 1058 2502 Domini
1091 2450 1346 2503 voluntas
1379 2448 1518 2516 ejus,
1549 2457 1604 2502 et
1662 2447 1716 2500 in
1769 2447 1885 2518 lege

316 2516 438 2586 ejus
466 2516 813 2572 meditabitur
833 2521 920 2573 die
953 2536 1017 2575 ac
1049 2533 1227 2574 nocte.

392 2586 534 2661 3._Et
554 2594 658 2642 erit
695 2598 954 2657 tanquam
989 2591 1194 2661 lignum
1215 2589 1358 2660 quod
1386 2589 1690 2658 plantatum
1716 2597 1798 2643 est
1821 2603 1908 2644 se-

323 2673 421 2712 cus
438 2659 703 2714 decursus
733 2675 1028 2728 aquarum:

391 2727 443 2781 4.
469 2728 624 2795 Quod
653 2727 892 2784 fructum
931 2746 1092 2785 suum
1140 2730 1294 2783 dabit
1323 2729 1376 2782 in
1401 2741 1646 2798 tempore
1675 2743 1796 2783 suo.

1139 2860 1558 2915 ATIIANASII
1603 2859 2204 2917 COMMENTARIUS
2265 2861 2352 2915 IN

820 2977 1087 3046 Psalmus
1116 2977 1285 3031 David
1339 2995 1380 3034 ι.

397 3113 450 3166 I.
489 3111 779 3182 Prophetia
808 3111 924 3167 haec
957 3112 1282 3180 adimpletur
1307 3111 1358 3165 in
1392 3111 1630 3182 Josepho
1679 3114 1748 3168 ab
1777 3115 1902 3170 Ari-

327 3183 584 3254 ntatbaaa,
613 3184 873 3252 quoniam
915 3199 1037 3254 non
1079 3183 1339 3254 venit_ad
1409 3182 1650 3250 Judazos,
1698 3185 1789 3254 qui
1849 3187 1904 3240 in

332 3253 613 3308 Christum
633 3250 872 3308 insidias
905 3253 1197 3306 faciebant.
1237 3250 1554 3321 Proprietas
1586 3250 1767 3308 autem
1789 3271 1905 3310 ser—

331 3325 510 3376 monis
557 3323 719 3390 hujus
769 3324 985 3378 beatum
1013 3323 1149 3394 dicit
1197 3338 1413 3394 omnem
1474 3325 1774 3390 hominem,
1811 3327 1906 3394 qui

328 3407 440 3447 non
467 3395 857 3459 communicat,
897 3410 996 3447 nec
1023 3409 1080 3449 se
1140 3392 1412 3447 immiscet
1468 3395 1653 3463 iniqua
1678 3392 1906 3452 consilia

331 3465 653 3534 agentibus,
718 3474 812 3516 aut
870 3464 1107 3532 aliquem
1173 3463 1376 3530 injuste
1421 3467 1897 3534 persequentibus.

329 3531 484 3600 Quod
528 3550 656 3587 vero
681 3535 928 3589 additur:
967 3531 1035 3587 Et
1056 3536 1110 3584 in
1161 3535 1267 3594 via,
1295 3531 1437 3587 νὴιηὶ
1496 3531 1617 3588 esse
1670 3552 1911 3604 przcsen-

334 3611 439 3656 tein
473 3605 638 3658 vitam
670 3605 894 3670 asserit;
929 3622 1028 3660 nos
1078 3605 1220 3657 enim
1251 3604 1495 3659 viventes
1524 3606 1589 3659 ad
1625 3606 1908 3661 interitum

333 3673 459 3727 vitae
486 3676 690 3730 sensim
725 3677 1056 3731 accedimus.

409 3750 464 3802 2.
499 3748 666 3799 Aliter
700 3747 846 3799 enim
887 3761 993 3798 non
1023 3746 1531 3809 instrueturhomo,
1594 3755 1652 3812 u_t
1689 3746 1910 3801 recedat

335 3836 365 3874 a
395 3817 564 3880 malo,
607 3816 709 3870 nisi
737 3832 796 3870 se
824 3820 1131 3871 exercuerit
1159 3816 1393 3872 lectiOne
1417 3818 1703 3881 librorum,
1728 3833 1792 3872 ac
1822 3819 1914 3872 do-

334 3892 474 3946 trina
506 3888 830 3954 sapientum.

406 3963 458 4015 5.
497 3956 632 4010 Nam
687 3966 844 4025 prout
903 3959 1048 4027 ligna
1091 3958 1330 4023 plantata
1377 3958 1445 4011 ad
1488 3973 1660 4026 aquas
1702 3973 1916 4028 semper

336 4040 465 4086 sunt
507 4043 742 4089 animna,
809 4029 882 4082 ita
915 4029 1224 4082 intellectus
1274 4043 1440 4082 sacra
1492 4029 1756 4086 librorum
1810 4033 1912 4082 do-

335 4103 510 4155 ctrina
534 4100 793 4166 irrigatus
825 4099 1043 4168 pulchre
1080 4099 1256 4162 lloret,
1289 4109 1343 4152 et
1372 4099 1643 4152 salutares
1696 4114 1916 4165 semper

335 4170 696 4240 cogitationes
775 4171 954 4223 habet.
1021 4170 1252 4237 Lignum
1324 4170 1482 4223 etiam
1560 4168 1666 4240 hoc
1718 4170 1919 4223 dicitur

337 4239 473 4296 crux
547 4240 788 4292 fontibus
853 4241 1269 4308 baptismalibus
1368 4239 1746 4306 circumdata,
1823 4255 1920 4309 per

338 4327 502 4382 quam
558 4325 657 4364 nos
715 4311 1055 4364 lzetilicamur
1089 4325 1152 4364 ac
1186 4310 1582 4364 illuminamur.

2078 2237 2130 2291 5.
2157 2235 2221 2291 Et
2254 2236 2443 2291 folium
2480 2239 2601 2307 ejus
2632 2255 2737 2293 non
2770 2238 2976 2292 deIIuet
2999 2279 3014 2302 ,

2074 2308 2127 2379 ti.
2159 2309 2223 2379 Et
2238 2312 2420 2362 omnia
2438 2305 2776 2379 quaecunque
2792 2308 2997 2370 fecerit,
3021 2305 3485 2379 prosperabuntur
3504 2305 3579 2379 ei.

2080 2377 2130 2431 7.
2169 2376 2285 2431 Non
2340 2380 2417 2434 sic
2443 2380 2614 2448 impii,
2652 2376 2758 2433 non
2789 2382 2887 2445 sic,
2922 2379 3019 2433 sed
3066 2389 3326 2448 tanquam
3375 2376 3581 2445 pulvis,

2009 2449 2418 2519 quem_projicit
2445 2461 2640 2504 ventus
2692 2465 2724 2503 a
2775 2449 2913 2504 facie
2960 2460 3138 2503 terrae.

2085 2521 2138 2571 8.
2174 2516 2443 2590 Ideo—non
2491 2528 2775 2590 resurgent
2830 2519 2984 2588 impii
3037 2520 3093 2574 in
3137 2517 3366 2590 judicio,
3401 2531 3582 2586 neque

2019 2598 2329 2657 peccatores
2354 2589 2408 2642 in
2433 2589 2666 2643 consilio
2687 2590 2984 2659 justorum.

2105 2659 2162 2732 9.
2209 2659 2474 2732 Quoniam
2509 2663 2659 2732 novit
2713 2659 2978 2717 Dominus
3032 2660 3174 2715 viam
3200 2659 3500 2732 justorum,
3528 2664 3583 2711 et

2016 2729 2120 2783 iter
2151 2731 2440 2798 impiorum
2467 2731 2684 2799 peribit.

2411 2861 2654 2918 PSALM
2665 2861 2768 2918 OS.

2077 2977 2197 3030 4-6.
2255 2975 2312 3029 In
2358 2986 2599 3046 tempore
2637 2994 2738 3032 suo
2774 2976 3119 3032 fructificavit
3152 2993 3288 3032 crux
3339 2988 3586 3032 nostram

2012 3048 2242 3102 salutem
2281 3068 2292 3101 :
2329 3047 2540 3103 fructus
2603 3057 2788 3116 utpote
2836 3049 3074 3113 vivaces,
3133 3057 3187 3102 et
3234 3047 3362 3102 folia
3406 3050 3590 3104 crucis

2009 3128 2139 3172 sunt
2169 3117 2374 3179 ﬁdeles,
2410 3118 2504 3186 qui
2549 3133 2666 3187 per,
2697 3119 2844 3171 illam
2903 3119 3123 3184 muniti,
3148 3128 3206 3187 et
3242 3120 3298 3172 in
3341 3119 3430 3172 illa
3464 3135 3594 3187 per-

2009 3196 2317 3252 manentes,
2364 3203 2469 3240 non
2515 3186 2774 3241 decidunt
2828 3204 2922 3242 seu
2977 3204 3081 3242 non
3115 3186 3364 3243 deﬂuunt
3395 3186 3470 3243 ab
3493 3205 3593 3244 ea-

2007 3259 2181 3322 dem;
2259 3259 2442 3311 omnia
2515 3258 2703 3321 enim,
2763 3275 2885 3328 quae
2937 3270 3153 3328 propter
3217 3275 3435 3314 crucem
3491 3275 3594 3316 seu

2008 3328 2216 3382 Christi
2252 3329 2566 3397 passionem
2625 3328 2790 3394 ﬁunt,
2822 3344 3082 3399 prospere
3127 3331 3450 3384 succedunt.

2083 3420 2134 3472 7.
2170 3419 2316 3474 Crux
2347 3420 2492 3474 enim
2529 3420 2641 3484 illa,
2677 3437 2798 3491 qua:
2827 3423 2895 3476 ab
2942 3423 3232 3485 haereticis,
3281 3422 3505 3487 Iudaeis,
3539 3433 3596 3479 et

2011 3491 2248 3545 ethnicis
2305 3506 2412 3544 non
2472 3492 2713 3554 colitur,
2766 3493 2908 3560 apud
2947 3508 3042 3546 eos
3086 3509 3195 3546 non
3254 3493 3593 3560 fructiﬁeat,

2011 3562 2106 3615 sed
2137 3570 2395 3629 tanquam
2434 3562 2710 3628 pulverem
2741 3577 2836 3616 eos
2865 3562 3114 3631 dissipat.
3144 3562 3234 3618 Sic
3259 3563 3431 3618 Judaei
3463 3579 3595 3618 cum

2013 3633 2084 3685 ob
2133 3631 2570 3685 incredulitatem
2633 3647 2696 3686 ac
2756 3633 3125 3701 insipientiam
3179 3635 3515 3689 defecissent
3563 3651 3596 3689 a

2013 3701 2271 3766 Christo,
2310 3701 2540 3770 dispersi
2591 3713 2719 3756 sunt
2755 3718 2850 3771 per
2880 3705 3194 3758 universam
3256 3715 3482 3758 terram.

2107 3792 2158 3846 8.
2198 3791 2332 3846 Nam
2363 3793 2459 3862 qui
2488 3793 2658 3848 Deum
2709 3809 2819 3848 non
2868 3804 3228 3863 agnoverunt,
3279 3798 3363 3850 vel
3419 3797 3598 3851 solam

2019 3866 2159 3918 hanc
2193 3865 2542 3936 impietatem
2567 3881 2750 3919 secum
2778 3865 3034 3930 ferentes,
3083 3877 3206 3936 post
3236 3869 3600 3921 resurrectio-

2019 3949 2142 4006 nem
2175 3934 2240 3987 de
2269 3935 2391 4006 aliis
2418 3936 2600 3989 causis
2632 3951 2740 3989 non
2764 3934 3411 4006 interrogabhntur;jam
3442 3939 3594 3992 enim

2021 4005 2300 4058 habebunt
2330 4005 2734 4059 damnationem
2789 4007 2958 4060 libere
2985 4005 3091 4075 per
3143 4009 3468 4076 semctipsos
3498 4024 3599 4061 vo-

2021 4076 2196 4140 litam,
2227 4091 2326 4130 nec
2365 4076 2757 4130 invenieturiu
2804 4077 2936 4145 ipsis
2974 4079 3145 4131 ullum
3183 4093 3321 4148 opus
3345 4078 3599 4147 justitiaa.

2081 4230 2085 4234 ,
2109 4167 2161 4222 9.
2189 4166 2377 4222 Noscit
2399 4168 2543 4221 enim
2571 4183 2790 4221 omnem
2817 4169 2957 4222 viam
2978 4179 3088 4222 tam
3121 4170 3397 4238 justorum
3429 4184 3600 4238 quam

2026 4238 2381 4306 injustorum,
2416 4248 2468 4291 et
2502 4240 2710 4306 primos
2758 4242 2978 4308 quidem
3013 4242 3209 4303 salvat,
3245 4241 3446 4295 alteros
3470 4254 3601 4294 vero

2026 4310 2273 4374 damnat,
2300 4325 2364 4362 ac
2393 4325 2423 4362 a
2448 4324 2506 4363 se
2535 4310 2731 4379 rejicit,
2761 4319 2954 4379 utp0te
2979 4311 3218 4367 inutiles.

419 4466 510 4521 IX.
544 4465 654 4536 Age
675 4481 824 4529 vero,
845 4465 1106 4535 quoniam
1149 4464 1415 4519 locushic
1435 4464 1548 4534 jam
1579 4465 1847 4533 postulat,
1878 4463 1946 4519 de
1977 4472 2204 4520 auctore
2232 4466 2595 4535 expositionis
2655 4483 2820 4536 quam
2858 4468 3165 4524 Athanasio
3193 4469 3246 4523 in
3289 4467 3599 4524 Barberino

334 4563 526 4619 codice
561 4562 856 4628 ascriptam
888 4574 1036 4612 nunc
1068 4557 1309 4627 primum
1365 4559 1419 4612 in
1455 4559 1635 4614 lucem
1676 4562 1865 4625 trado,
1905 4561 2068 4613 verba
2111 4559 2398 4616 iaciamus.
2456 4559 2710 4616 Profecto
2763 4572 2823 4616 ut
2866 4579 2987 4617 eam
3047 4579 3246 4635 magno
3293 4564 3604 4619 Athanasio

339 4658 684 4712 tribuendam
740 4657 1076 4719 existimem,
1139 4655 1376 4724 primum
1408 4670 1633 4709 moveor
1687 4654 1897 4723 judicio
1954 4655 2212 4709 duorum‘
2243 4655 2690 4710 doctissimorum
2733 4659 2976 4711 virorum
3005 4657 3235 4711 Andreae
3279 4657 3515 4722 Schotti,
3553 4665 3610 4713 et

337 4750 500 4806 Luca:
531 4750 821 4813 IIolstenii,
849 4765 1082 4818 quorum
1111 4749 1247 4802 alter
1273 4763 1338 4800 ex
1366 4748 1594 4817 antiquo
1618 4747 1807 4802 codice
1841 4749 2173 4818 Augustanae
2203 4748 2546 4802 bibliothecae
2571 4747 2988 4804 describendam
3019 4752 3232 4804 curavit
3256 4766 3271 4816 ;
3309 4749 3446 4802 alter
3476 4763 3609 4802 vero

338 4865 448 4904 mn
507 4849 684 4903 solum
724 4847 1120 4916 praefationem,
1171 4846 1390 4899 brevem
1432 4845 1690 4914 quidem,
1748 4847 1840 4900 sed
1903 4847 2199 4901 admodum
2254 4846 2578 4914 elegantem,
2626 4853 2680 4898 et
2717 4853 2870 4898 tanto
2916 4843 3034 4896 viro
3057 4842 3276 4912 dignam
3308 4839 3606 4908 ascripsit,

338 4944 434 4999 sed
473 4943 701 4996 ulterius
737 4942 840 4995 hoc
878 4939 1165 4993 Athanasii
1196 4955 1336 5008 opus
1365 4939 1506 4991 inter
1534 4946 1734 4993 caetera
1771 4939 2109 4992 sanctissimi
2151 4938 2395 4992 doctoris
2443 4938 2721 5006 praecipue
2749 4935 3044 4991 excellens.
3071 4942 3126 4986 et
3160 4932 3424 4986 eximium
3480 4945 3609 4984 esse

339 5042 574 5102 censuit,
628 5048 682 5094 et
721 5051 777 5092 ut
813 5039 997 5093 verbis
1032 5036 1376 5090 Tillemontii
1415 5046 1538 5090 utar
1581 5036 1714 5106 (I3),
1758 5053 1957 5089 comme
2006 5037 2052 5088 le
2089 5037 2468 5104 cltef—d‘wuvre
2516 5034 2579 5087 de
2614 5032 2673 5087 S.
2717 5032 3009 5085 Athanase.
3053 5025 3264 5080 Etenim
3298 5040 3386 5078 an.
3452 5023 3598 5076 169-7

340 5150 466 5189 cum
501 5132 806 5202 accepisset
839 5147 1038 5185 novam
1077 5147 1306 5202 operum
1346 5131 1404 5184 S.
1443 5133 1731 5186 Athanasii
1756 5133 2050 5186 editionem
2081 5131 2310 5186 Parisiis
2361 5130 2642 5193 adornari,
2702 5139 2910 5199 septem
2942 5125 3198 5180 homilias
3228 5121 3285 5177 S.
3317 5121 3608 5176 Athanasii

341 5228 562 5282 nomine
595 5227 914 5294 inscriptas,
955 5241 1077 5293 qua:
1117 5224 1298 5278 adhuc
1328 5225 1508 5278 lucem
1541 5239 1652 5278 non
1683 5223 1956 5286 viderant,
2003 5224 2070 5277 ad
2143 5223 2546 5294 typographum
2589 5209 2964 5274 Parisiensem
3007 5216 3178 5271 misit.
3225 5214 3320 5286 qui
3353 5229 3415 5267 ea
3448 5212 3515 5266 de
3547 5226 3611 5266 re

340 5321 600 5376 lectorem
632 5321 851 5376 monuit
908 5321 996 5375 his
1026 5319 1209 5374 verbis
1238 5336 1250 5372 :
1286 5337 1304 5370 ‹
1333 5317 1625 5374 Postremo
1654 5318 1738 5372 vir
1767 5317 2018 5372 eruditus
2053 5315 2232 5370 Lucas
2278 5313 2616 5379 I-Iolstenius,
2664 5311 3122 5382 Hamburgensis,
3175 5317 3466 5378 postquam
3506 5318 3613 5359 nos

413 5475 525 5544 (l2)
569 5473 801 5529 Exhibet
845 5474 933 5528 ille
995 5475 1216 5543 quidem
1285 5475 1390 5528 hoc
1432 5475 1554 5528 loco
1613 5473 1828 5526 initium
1903 5472 2284 5544 commentarii
2317 5471 2528 5544 Illyrica
2582 5480 2636 5544 et
2677 5469 2869 5544 Latina
2901 5469 3087 5538 lingua
3117 5481 3268 5544 gnos
3304 5462 3614 5544 vet‘9_L:Iti-

341 5527 468 5601 nam
505 5527 1080 5599 tantummversionem
1115 5527 1169 5599 et
1234 5527 1737 5614 interpretationem
1769 5543 2110 5598 exhibemus.
2151 5541 2208 5596 Si
2235 5543 2359 5612 quis
2385 5527 2473 5598 est
2496 5543 2748 5598 curiosus
2783 5527 3014 5606 lector,"
3039 5547 3093 5594 et
3121 5527 3348 5592 Slavicm
3411 5535 3616 5604 lingua:

344 5616 746 5687 perilus,_illud
778 5617 959 5669 videat
986 5617 1038 5669 in
1069 5615 1318 5687 Romana
1349 5618 1504 5687 edit.,
1545 5631 1596 5684 p.
1627 5631 1738 5687 ως.

415 5687 529 5757 (15)
565 5685 720 5740 lllém.
761 5687 886 5740 eccl.
944 5697 1071 5740 tom.
1107 5684 1238 5751 Vlll,
1285 5703 1336 5755 p.
1379 5686 1498 5752 130,
1547 5681 1660 5739 not.
1697 5685 1799 5740 ΗΟ
1845 5702 1924 5739 sui

2029 5724 2038 5738 .
2068 5681 2356 5736 Athanase.
