3878 6218
339 290 442 348 609
1026 292 1115 347 DE
1156 292 1435 352 TITULIS
1465 296 1914 357 PSALMORUM.
1951 330 2019 347 -υ
2052 298 2444 357 ANTONELLI
2483 302 2879 363 PRIEFATIO.
3486 318 3597 375 610

339 408 737 474 admonuisset,
791 407 996 464 habere
1028 424 1088 463 se
1120 424 1151 463 e
1185 408 1349 480 Regia
1407 422 1459 467 et
1518 412 1811 471 Oxoniensi
1866 418 2217 483 bibliotheca,
2244 427 2297 474 et
2330 436 2359 473 e
2394 423 2773 492 manuscripto
2800 424 2966 477 etiam
3023 426 3211 481 codice
3247 429 3311 485 ﬂ.
3368 431 3429 485 P.
3466 432 3591 487 Sir-

339 500 528 554 mondi
562 516 594 554 e
635 498 910 555 Societate
964 498 1093 555 Jesu
1144 501 1402 557 homilias
1454 520 1687 560 numero
1718 517 1923 577 septem
1949 512 2188 564 nondum
2238 511 2433 575 editas,
2489 528 2628 582 quas
2657 512 2848 567 Latine
2895 519 3273 583 convertisset,
3310 532 3535 592 rogatus
3567 538 3600 577 a

339 596 500 650 nobis
538 596 746 651 lubenti
785 596 972 651 animo
1002 598 1296 661 concessit,
1341 607 1401 653 ut
1442 616 1556 667 eas,
1614 604 1743 670 quia
1776 606 1953 660 serius
1987 608 2089 660 hoc
2118 607 2467 672 rescivimus,
2524 610 2691 663 veluti
2729 625 2826 679 per
2892 614 3249 682 appendicem
3306 618 3598 687 posteriori

333 699 489 747 (omo
521 693 938 762 subjiceremus.
980 712 999 744 ι
1036 690 1134 748 His
1173 704 1352 749 autem
1423 707 1629 767 septem
1692 702 1955 769 homiliis,
1998 718 2136 770 quas
2197 704 2279 757 vir
2330 704 2638 760 eruditione
2698 723 2852 776 teque
2884 723 2947 762 ac
3006 709 3208 778 pietate
3264 711 3503 764 eximius
3543 711 3597 765 in

341 782 597 839 Latinum
631 794 886 852 verterat,
910 785 1199 855 epistolam
1251 785 1318 839 ad
1366 782 1962 859 lectorem'praamisit,
2019 806 2138 844 eam
2190 806 2421 847 exorsus
2452 793 2504 846 in
2554 794 2699 849 hunc
2763 796 2988 850 modum
3031 797 3193 867 (14):
3238 816 3257 847 ‹
3292 798 3427 852 Cum
3484 798 3600 857 divi

340 878 629 933 Athanasii
656 879 832 950 Opera
860 881 1045 935 recudi
1066 894 1095 933 a
1123 881 1474 950 typographis
1496 883 1766 949 audirem,
1802 901 1915 938 rem
1946 900 2032 939 me
2058 884 2329 939 facturum
2346 887 2680 951 existimavi,
2715 896 2770 941 et
2806 889 3019 957 publice
3046 890 3255 956 utilem,
3284 906 3383 945 nec
3416 891 3597 953 bonis,

340 967 627 1038 doctisque
654 962 1016 1042 ingratam,si
1041 984 1237 1031 caetera
1272 979 1607 1033 sanctissimi
1651 980 1831 1035 Patris
1883 981 2147 1035 ἀνέκδοτα
2171 982 2589 1053 jcorrquirerem,
2625 993 2678 1038 et
2706 984 2759 1038 in
2800 984 2973 1041 lucem
3011 987 3112 1041 hac
3160 988 3450 1042 occasione
3479 1003 3603 1057 pro-

342 1065 625 1121 ducerem.
658 1068 863 1139 Collegi
918 1086 1049 1141 ergo
1105 1087 1269 1141 opera
1322 1076 1677 1129 tumultuaria
1734 1092 1797 1130 ex
1850 1076 2308 1131 Christianissimi
2372 1079 2514 1148 regis
2544 1079 2895 1146 bibliotheca,
2948 1088 3111 1148 atque
3140 1095 3207 1135 ex
3241 1082 3376 1135 clar.
3434 1096 3601 1135 mem.

342 1154 411 1212 Β.
464 1156 529 1211 Ρ.
567 1157 865 1227 Sirmondi,
901 1164 1146 1233 meisque
1182 1169 1400 1222 sehedis
1434 1170 1686 1225 homilias
1742 1182 1946 1241 septem
1970 1172 2257 1227 Athanasii
2288 1175 2508 1228 nomine
2535 1185 2904 1244 praenotatas:
2937 1193 3115 1246 neque
3142 1178 3286 1232 enim
3313 1177 3601 1232 Athanasii

342 1270 539 1309 omnes
585 1272 705 1311 esse
760 1258 965 1326 credat,
999 1262 1086 1314 cui
1138 1264 1218 1317 vel
1268 1265 1554 1320 minimum
1610 1269 1663 1322 in
1703 1269 1851 1324 hisce
1898 1272 2093 1325 studiis
2137 1271 2352 1341 judicii,
2406 1273 2617 1342 quique
2674 1273 2760 1326 vel
2793 1272 2967 1326 obiter
3002 1279 3215 1324 tantum
3250 1280 3446 1325 cmtera
3482 1268 3604 1339 ejus

343 1347 547 1417 δεῖίρια
578 1348 907 1418 inspexerit:
936 1371 954 1403 ι
998 1353 1051 1407 in
1089 1357 1195 1413 ﬁne
1241 1367 1423 1414 autem
1455 1363 1700 1432 ejusdem
1728 1365 1975 1434 epistolae
2008 1366 2074 1420 de
2123 1366 2299 1421 sancti
2349 1366 2639 1421 Athanasii
2672 1367 3077 1421 commentario
3116 1378 3305 1420 nostro
3337 1368 3390 1418 in
3436 1364 3601 1418 Psal-

342 1456 477 1506 mos,
526 1456 709 1508 quem,
762 1454 820 1496 ut
849 1456 1002 1510 puto,
1067 1446 1296 1511 viderat,
1335 1449 1429 1504 sed
1466 1466 1574 1503 non
1608 1451 1788 1505 adhuc
1817 1452 1884 1507 ab
1942 1451 2151 1507 Andrea
2210 1447 2444 1507 Schotto
2492 1463 2686 1509 nactus
2736 1454 2934 1519 fuerat,
2986 1456 3059 1509 ita
3115 1456 3389 1525 loquitur:
3436 1454 3601 1508 «Ca:-

345 1541 481 1600 tera,
525 1551 645 1604 qum
669 1538 847 1593 adhuc
876 1545 1041 1595 latent
1104 1545 1157 1598 in
1212 1542 1378 1599 italizn
1420 1554 1474 1599 et
1505 1544 1782 1615 Hispaniae
1840 1547 2193 1603 bibliothecis
2227 1549 2320 1602 alii
2355 1550 2586 1610 dabunt.
2636 1552 2939 1619 praesertim
2990 1548 3446 1601 commentarium
3471 1560 3598 1615 per-

344 1637 570 1698 petuum
598 1632 651 1683 in
694 1631 962 1701 Psalmos,
994 1637 1141 1706 quod
1167 1651 1267 1707 ego
1329 1636 1656 1706 palmarium
1691 1636 1977 1692 Athanasii
2032 1653 2171 1708 opus
2198 1640 2481 1694 existimo.
2514 1660 2531 1691 ›
2592 1640 2715 1695 Πίερ
2764 1640 3102 1695 llolstenius.

418 1723 487 1777 Χ.
545 1726 698 1791 Quod
734 1739 913 1784 autem
952 1748 1181 1801 magnus
1213 1733 1547 1787 Athanasius
1573 1733 1854 1803 scripserit
1901 1734 2065 1788 etiam
2099 1753 2257 1805 super
2285 1735 2558 1803 Psalmos,
2609 1753 2770 1791 nemo
2818 1746 2901 1792 est
2969 1735 3063 1804 qui
3120 1733 3372 1788 dubitare
3406 1731 3602 1802 possit.

348 1818 522 1889 Hujus
546 1824 689 1877 enim
748 1827 825 1879 rei
889 1827 1131 1897 locuples
1161 1830 1313 1884 testis
1362 1840 1446 1883 est
1501 1830 1693 1884 beatus
1746 1830 2115 1902 Hieronymus
2170 1833 2223 1886 in
2249 1833 2388 1887 libro
2424 1832 2499 1886 De
2533 1832 2877 1901 scriptoribus
2924 1830 3291 1885 ecclesiasticis
3316 1826 3459 1899 (cap.
3488 1824 3605 1894 87),

346 1912 462 1979 ubi,
505 1919 841 1972 enumeratis
876 1920 1209 1973 sanctissimi
1241 1921 1483 1990 episcopi
1534 1921 1821 1975 Athanasii
1882 1922 2163 1991 operibus,
2199 1924 2342 1977 inter
2382 1924 2487 1976 alia
2538 1933 2786 1976 recenset
2843 1923 3043 1976 librum
3091 1921 3169 1973 De
3231 1917 3401 1971 titulis
3449 1916 3606 1971 Psal-

344 2024 575 2069 morum.
604 2014 735 2082 Quae
770 2018 1068 2072 beatissimi
1111 2017 1350 2072 doctoris
1402 2017 1566 2071 verba
1621 2017 1673 2069 in
1720 2015 1965 2072 Graecam
2011 2018 2253 2088 linguam
2309 2019 2385 2072 ita
2426 2019 2590 2073 vertit
2648 2016 2991 2087 Sophronius
3035 2035 3045 2067 :
3110 2014 3245 2085 Περὶ
3295 2012 3607 2083 ἐπιγραφῆς

342 2107 634 2179 Ψαλμῶν,
717 2109 795 2164 De
868 2112 1207 2179 inscriptione
1278 2109 1621 2164 Psalmorum
1695 2109 2020 2179 llujusmodi
2074 2120 2255 2164 autem
2323 2111 2787 2178 nuncupationem
2856 2126 2964 2163 non
3030 2111 3164 2163 bene
3217 2108 3391 2177 aptari
3455 2121 3606 2161 com-

346 2202 617 2256 mentario
646 2203 702 2255 in
731 2202 995 2270 Psalmos,
1018 2219 1179 2273 quem
1201 2202 1486 2257 ediderunt
1512 2200 1695 2257 Patres
1736 2202 2095 2266 Benedictini,
2155 2202 2246 2257 ubi
2295 2203 2363 2257 de
2409 2203 2580 2256 titulis
2616 2201 2956 2256 Psalmorum
3011 2218 3079 2255 ne
3114 2202 3337 2256 verbum
3362 2197 3608 2269 quidem,

344 2298 453 2367 ipsi
516 2302 751 2369 ingenue
780 2297 912 2354 fassi
945 2308 1092 2354 sunt.
1128 2299 1197 2351 At
1227 2313 1358 2353 vero
1407 2298 1460 2351 in
1518 2298 1939 2368 expositionem,
1989 2314 2153 2368 quam
2210 2315 2310 2353 nos
2371 2298 2553 2368 magni
2592 2297 2879 2351 Athanasii
2932 2298 3154 2351 nomine
3190 2296 3512 2365 inscriptam
3548 2296 3604 2349 in

343 2390 524 2446 lucem
557 2393 774 2461 damus,
807 2396 1010 2465 optime
1044 2395 1362 2458 convenire,
1396 2396 1670 2449 neminem
1705 2411 1829 2449 esse
1851 2403 1983 2464 puto
2008 2396 2101 2464 qui
2136 2394 2350 2449 inficias
2382 2395 2562 2449 iverit.
2592 2391 2873 2462 Siquidem
2913 2392 3070 2446 initio
3097 2392 3366 2461 cujusque
3405 2393 3604 2462 psalmi

344 2484 471 2555 ejus
496 2486 691 2541 titulus
718 2502 812 2541 seu
842 2487 1129 2557 inscriptio
1154 2498 1410 2543 accurate
1434 2503 1497 2541 ac
1529 2488 1818 2559 diligenter
1856 2488 2161 2557 explicatur
2202 2505 2213 2541 :
2268 2487 2463 2541 deinde
2519 2485 2929 2552 convenienter,
2978 2495 3487 2554 consequenterque
3535 2483 3603 2538 ad

343 2576 493 2633 tituli
527 2578 939 2647 inscriptionem
971 2580 1201 2650 ejusque
1225 2580 1733 2648 interpretationem
1764 2580 2009 2649 psalmus
2039 2588 2187 2632 tctus
2219 2578 2541 2646 exponitur.

419 2667 514 2722 XI.
549 2667 939 2723 Commentarii
982 2668 1040 2722 S.
1097 2669 1385 2724 Athanasii
1424 2670 1479 2723 in
1512 2670 1754 2723 Psalmos
1786 2670 2037 2723 meminit
2065 2669 2229 2723 etiam
2258 2666 2475 2722 Nicaena
2507 2670 2772 2739 synodus,
2813 2677 2867 2723 et
2900 2686 3061 2739 quem
3114 2669 3477 2741 Hieronymus
3530 2668 3605 2723 De

350 2759 521 2815 titulis
602 2759 939 2812 Psalmorum
1005 2767 1060 2813 et
1132 2756 1477 2825 Sophronius
1538 2754 1623 2809 De
1673 2757 2014 2825 inscriptione
2093 2754 2434 2808 Psalmorum
2516 2757 2759 2827 synodus
2820 2770 2978 2811 vocat
3058 2757 3277 2810 Librum
3347 2760 3604 2827 interpre-

349 2850 572 2925 iptionis
610 2849 974 2925 Psalmorum,
1009 2848 1170 2918 eique
1200 2863 1303 2902 nos
1349 2847 1513 2901 docet
1545 2846 1844 2916 .praatixam
1875 2846 2044 2901 fuisse
2092 2847 2337 2915 ejusdem
2398 2846 2681 2903 Athanasii
2733 2846 3029 2915 Epistulam
3088 2850 3157 2902 ad
3210 2850 3604 2910 Marcellinum.

347 2932 508 3002 Unde
534 2945 694 3000 etiam
744 2953 1085 3014 compertum
1144 2942 1223 3007 ﬁt,
1266 2942 1469 2997 librum
1498 2941 1575 2995 De
1608 2941 1778 2995 titulis
1803 2942 2146 2996 Psalmorum
2198 2958 2306 2996 non
2347 2943 2599 2997 eumdem
2641 2942 2812 2998 fuisse
2846 2959 2910 2997 ac
2962 2944 3159 2997 librum
3185 2959 3278 2998 seu
3313 2944 3604 3014 Epistotam

347 3039 422 3093 ad
446 3036 840 3104 Marcellinum,
869 3048 929 3090 ut
953 3035 1156 3106 aliquis
1187 3035 1502 3104 suspicatus
1539 3042 1641 3089 est.
1672 3035 1847 3088 Verba
1877 3044 2058 3089 autem
2094 3049 2217 3103 quae
2258 3034 2314 3087 in
2368 3034 2582 3088 actione
2621 3034 2815 3105 synodi
2841 3043 2995 3090 sexta
3026 3036 3305 3089 memoria:
3338 3036 3601 3092 traditum

344 3142 437 3191 est
470 3134 609 3190 lecta
636 3132 809 3189 fuisse
856 3132 925 3186 ab
956 3130 1262 3202 Epiphanio
1317 3131 1571 3194 diacono,
1624 3139 1754 3185 sunt
1800 3130 2159 3199 llujusmodi:
2203 3149 2221 3181 ι
2260 3130 2364 3196 Qui
2407 3144 2539 3183 vero
2589 3130 2658 3183 ab
2714 3130 3126 3184 immortalitate
3174 3145 3375 3185 nomen
3436 3131 3604 3185 habet

344 3231 711 3298 Athanasius,
743 3230 1052 3286 clarissime
1082 3229 1243 3283 nobis
1271 3228 1326 3281 in
1370 3226 1612 3294 Epistola
1659 3228 1728 3280 ad
1762 3227 2135 3281 Marcellinum
2193 3227 2327 3296 (15),
2358 3243 2521 3297 quam
2574 3227 2877 3296 praeposuit
2935 3227 3076 3281 libro
3135 3226 3604 3296 interpretationis

341 3322 718 3387 Psalmorum,
744 3322 964 3377 disserit
993 3321 1075 3376 sic
1099 3321 1318 3375 dicens:
1356 3334 1373 3369 ι
1402 3318 1624 3372 Librum
1650 3317 1995 3374 Psalmorum
2033 3320 2233 3389 aliquis
2269 3335 2583 3384 assumens,
2635 3319 2953 3388 pr0phetias
2992 3319 3059 3372 de
3111 3318 3396 3373 Salvatore
3432 3320 3603 3375 conti-

344 3431 483 3480 nuo,
520 3424 579 3469 ut
623 3415 679 3469 in
722 3414 845 3468 aliis
893 3412 1194 3482 Scripturis
1231 3410 1557 3473 admiratus,
1610 3418 1664 3462 et
1723 3417 1964 3463 adorans
1998 3420 2239 3471 enarrat,
2274 3429 2290 3461 ι
2332 3419 2440 3464 etc.
2474 3408 2627 3463 Hanc
2671 3418 2851 3463 autem
2882 3407 3200 3478 epistolam,
3227 3409 3294 3462 de
3328 3423 3435 3478 qua
3461 3423 3602 3462 men-

336 3510 425 3562 tio
452 3505 597 3561 facta
631 3514 715 3560 est
748 3506 802 3558 in
832 3502 1051 3558 Nicaena
1080 3504 1291 3573 synodo
1337 3500 1421 3567 (ut
1476 3501 1767 3555 occasione
1807 3502 1942 3555 mihi
1991 3502 2118 3556 data
2165 3502 2423 3557 lectorem
2483 3501 2828 3564 admoneam,
2870 3499 3113 3569 factique
3164 3499 3267 3553 mei
3328 3499 3598 3555 rationem

343 3598 595 3667 reddam)
628 3594 978 3667 explicationi
1015 3593 1569 3662 Psalmorum,quam
1600 3593 1655 3646 in
1682 3594 1966 3663 publicum
2023 3596 2237 3661 emitto,
2288 3594 2603 3666 adjungam,
2637 3604 2698 3649 ut
2728 3595 3002 3665 integrum
3058 3593 3394 3647 sanctissimi
3425 3591 3603 3648 Patris

342 3696 509 3761 opus,
568 3687 1029 3758 quemadmodum
1084 3686 1153 3740 ab
1186 3686 1306 3754 ipso
1362 3685 1568 3738 editum
1599 3699 1719 3738 esse
1774 3685 2029 3751 traditur,
2077 3686 2391 3741 exhibeam.

414 3784 534 3839 ΙΙΙ.
575 3782 955 3853 Eritjl'ortasse
983 3781 1257 3850 quispiam
1296 3795 1486 3835 eorum
1516 3780 1719 3850 quibus
1746 3782 1946 3851 volupe
1969 3790 2074 3846 est,
2104 3790 2164 3836 ut
2194 3783 2266 3837 ita
2308 3782 2509 3847 dicam,
2552 3780 2769 3853 magnis
2807 3781 3110 3836 clarescere
3174 3782 3499 3849 inimicitiis,
3545 3792 3600 3838 et

341 3890 617 3943 emunctae
640 3881 793 3935 naris
825 3879 1072 3935 censoris
1111 3892 1311 3931 nomen
1352 3876 1607 3945 adipisci,
1635 3877 1729 3945 qui
1774 3886 2052 3932 contracta
2092 3876 2291 3943 fronte,
2338 3884 2391 3931 et
2438 3877 2627 3947 grandi
2674 3876 2968 3944 supercilio
2995 3875 3322 3944 opusculum
3349 3885 3600 3932 nostrum

344 3994 381 4035 ι
430 3976 785 4033 sanctissimo
802 3971 1220 4040 archiepiscopo
1251 3968 1678 4038 abjudicandum
1708 3984 1830 4025 esse
1874 3972 2149 4033 decernet,
2178 3971 2259 4023 vel
2299 3969 2425 4037 quia
2472 3976 2666 4022 auctor
2713 3966 3181 4035 interpretationis
3233 3964 3602 4033 Psalmorum,

344 4089 512 4144 quam
545 4074 762 4135 damus,
799 4067 1101 4141 pueriliter,
1131 4076 1190 4120 ut
1214 4064 1355 4120 forte
1376 4064 1479 4121 sibi
1509 4064 1799 4131 videbitur,
1826 4068 1879 4119 in
1907 4067 2250 4136 explicandis
2286 4064 2632 4119 Psalmorum
2668 4062 2838 4117 titulis
2894 4059 3287 4114 Hebraicorum
3320 4060 3603 4114 nominum

342 4162 851 4235 interpretationem
899 4167 1162 4221 sectatur,
1196 4156 1282 4210 vel
1320 4156 1447 4225 quia
1490 4156 1736 4225 psalmos
1786 4161 2059 4213 omnesiu
2106 4157 2456 4228 allegoricum
2515 4172 2737 4213 sensum
2791 4154 3036 4224 exponit.
3089 4150 3202 4221 Ego
3240 4162 3423 4206 autem
3460 4168 3491 4208 e
3520 4154 3603 4209 di-

344 4274 506 4316 verso
562 4267 771 4313 tantum
796 4254 990 4308 abesse
1033 4249 1312 4312 existimo,
1362 4258 1422 4302 ut
1471 4249 1624 4305 hisce
1686 4252 1751 4305 de
1790 4253 1974 4308 causis
2025 4252 2312 4308 Athanasii
2365 4268 2561 4307 nomen
2616 4268 2648 4308 θ
2702 4250 2880 4304 fronte
2934 4245 3316 4301 commentarii
3366 4262 3601 4322 expungi

338 4357 574 4419 debeat,
622 4350 753 4422 quin
798 4349 981 4419 potius
1018 4344 1142 4399 inde
1191 4354 1397 4413 putem,
1442 4344 1551 4399 duo
1576 4349 1898 4415 gravissima
1941 4358 2261 4419 argumenta
2304 4358 2613 4420 suppetere,
2646 4348 2847 4417 quibus
2872 4344 3010 4398 liber
3054 4356 3252 4410 magno
3276 4340 3601 4410 Athanasio,

343 4447 506 4517 cujus
556 4458 757 4499 nomen
808 4438 1048 4509 praefert,
1123 4436 1454 4489 vindicetur.

421 4540 565 4594 χιιι.
616 4536 771 4604 Quod
803 4534 1105 4602 utplanum
1141 4530 1360 4595 faciam,
1420 4544 1558 4599 opus
1592 4536 1676 4582 est
1728 4527 1917 4595 paucis
1958 4526 2252 4595 disserere,
2288 4529 2413 4599 quis
2459 4529 2666 4599 primus
2711 4537 2902 4582 auctor
2951 4527 3136 4595 fuerit,
3183 4527 3276 4599 qui
3334 4527 3601 4585 Hebraica

345 4632 571 4685 nomina
597 4627 752 4698 juxta
785 4640 977 4679 eorum
1028 4621 1391 4693 etymologias
1442 4620 1636 4674 ordine
1683 4617 2029 4686 alphabetico
2074 4619 2128 4672 in
2167 4620 2417 4675 Grzecum
2468 4621 2712 4688 exposita
2755 4621 2974 4689 publico
3022 4621 3165 4686 usui,
3206 4630 3257 4675 et
3306 4636 3594 4677 sacrarum

342 4716 646 4779 litterarum
677 4718 1047 4771 studiosorum
1081 4714 1457 4769 commoditati
1481 4713 1544 4765 ad
1570 4725 1852 4765 sacrarum
1890 4709 2298 4780 Scripturarum
2334 4712 2748 4782 intelligentiam
2773 4711 2992 4765 facilius
3018 4710 3422 4781 assequendam
3455 4727 3593 4782 pro-

342 4816 565 4874 diderit.
594 4812 750 4879 Quod
790 4826 922 4865 sane
940 4809 1156 4863 diﬂicile
1184 4808 1325 4861 haud
1354 4819 1471 4872 est;
1505 4804 1838 4875 posteritatis
1898 4807 2043 4857 enim
2082 4806 2360 4859 memoriae
2406 4806 2457 4859 id
2496 4804 2779 4857 mandavit
2833 4802 3206 4873 Hieronymus
3258 4801 3413 4873 (16):
3450 4822 3468 4854 ι
3494 4802 3598 4871 Qui
3638 4794 3639 4797 “

339 4910 525 4973 Philo,
582 4904 779 4975 inquit,
830 4904 914 4957 vir
953 4902 1354 4957 disertissimus
1378 4899 1716 4964 Judzeorum,
1768 4897 2020 4968 Origenis
2058 4915 2279 4969 quoque
2322 4899 2637 4953 testimonio
2684 4899 3073 4968 comprobatur
3121 4898 3358 4952 edidisse
3400 4898 3597 4954 librum

346 5005 735 5062 Hebraicorum
769 5001 1062 5063 nominum,
1096 5012 1400 5066 eorumque
1427 4996 1788 5066 etymologias
1850 4995 2012 5063 juxta
2064 4995 2315 5049 ordinem
2352 4995 2660 5047 litterarum
2693 5008 2723 5047 e
2771 4993 2943 5047 latere
2975 4992 3287 5062 copulasse.
3320 4992 3426 5059 Qui
3470 5010 3596 5047 cum

341 5105 506 5173 vulgo
534 5099 800 5152 habeatur
822 5111 854 5150 a
881 5094 1107 5155 Graecis,
1140 5100 1193 5146 et
1243 5091 1604 5145 bibliothecas
1634 5091 1787 5144 orbis
1824 5090 2153 5159 impleverit,
2207 5090 2375 5145 studii
2427 5089 2605 5144 nostri
2654 5089 2761 5142 fuit
2816 5089 2870 5142 in
2901 5086 3153 5142 Latinam
3193 5088 3437 5155 linguam
3471 5104 3595 5142 eum

341 5209 575 5256 vertere.
604 5215 624 5248 ›
656 5194 722 5247 Ει
749 5202 1043 5261 antequam
1074 5187 1444 5258 Hieronymus
1479 5187 1553 5240 ita
1582 5187 1869 5252 scriberet,
1900 5185 2176 5239 Eusebius
2205 5186 2561 5239 Caesariensis
2589 5184 2657 5239 de
2694 5183 2886 5238 eodem
2918 5182 3150 5237 Philone
3188 5182 3243 5235 in
3289 5198 3387 5236 sua
3436 5184 3594 5236 eccle-

341 5294 564 5349 siastica
596 5286 839 5341 Historia
867 5284 978 5354 (17)
1020 5282 1218 5336 litteris
1247 5280 1583 5333 tradiderat:
1622 5296 1640 5329 ι
1669 5277 1773 5332 Sed
1810 5287 1865 5332 et
1897 5277 2291 5332 Hebraicorum
2321 5278 2632 5339 nominum,
2685 5292 2808 5346 quas
2839 5276 2895 5329 in
2942 5276 3060 5345 lege
3101 5284 3155 5329 et
3217 5274 3271 5326 in
3315 5272 3594 5342 prophetis

340 5393 665 5450 occurrunt,
704 5380 1184 5451 interpretationes
1222 5378 1290 5431 ab
1320 5377 1442 5446 ipso
1473 5376 1789 5445 composita:
1812 5391 1933 5430 esse
1966 5376 2244 5430 dicuntur.
2278 5394 2296 5426 ι
2330 5374 2490 5429 Philo
2516 5385 2722 5438 autem,
2748 5382 2907 5444 gente
2934 5389 2998 5427 ac
3058 5369 3319 5441 religione
3348 5367 3593 5441 Judazus,

412 5506 527 5573 (14³)
551 5504 686 5558 Vide
718 5513 849 5557 tom.
890 5499 956 5553 Ν
986 5498 1225 5573 Oper-um
1254 5494 1311 5549 S.
1342 5494 1625 5573 Athanasii
1656 5504 1858 5550 nostrae
1889 5493 2245 5561 recensionis,
2282 5493 2384 5549 col.
2414 5492 2538 5547 941.
2582 5492 2739 5547 Enn.
2772 5490 2938 5544 Pun.

443 5565 527 5645 15)
566 5574 773 5645 Synod.
798 5573 926 5645 Nic.
951 5587 1009 5636 ιι,
1037 5565 1153 5645 ἕξοι.-
1178 5569 1232 5631 6,
1267 5582 1320 5634 p.
1358 5565 1516 5645 1518.

443 5578 505 5630 15
566 5578 773 5645 Synod.
798 5578 915 5626 Nic.
951 5587 1009 5636 ιι,
1037 5578 1142 5623 act.
1178 5578 1232 5631 ὃ,
1267 5582 1320 5634 p.
1358 5578 1516 5618 1516.

438 5646 503 5699 16
559 5644 774 5698 Praefat.
799 5645 852 5696 in
876 5643 1014 5695 libro
1035 5639 1111 5693 De
1136 5639 1406 5693 interpret.
1443 5652 1586 5690 nom.
1616 5634 1777 5689 Hebr.

411 5578 527 5787 jnj
556 5714 674 5769 Lib.
704 5731 765 5778 Il,
790 5728 908 5782 cap.
941 5709 1026 5763 18.

437 5709 525 5782 17)
556 5714 674 5769 Lib.
704 5731 765 5778 Il,
790 5728 908 5782 cap.
941 5709 1026 5763 18.
