3878 6218
304 252 399 307 6H
1150 251 1207 306 S.
1248 248 1620 306 ATHANASH
1658 249 1808 305 OPP.
1852 247 2032 303 PARS
2067 247 2157 303 ΙΙΙ.
2201 279 2271 289 -
2310 245 2714 301 EXEGETICA.
3456 241 3581 296 612

304 371 481 440 patria
510 368 733 439 quidem
764 367 868 423 fuit
899 368 1324 423 Alexandrinus.
1348 368 1533 435 Quare
1556 368 1598 423 si
1631 368 1752 438 ejus
1789 366 1929 421 liber
1963 364 2039 419 De
2067 366 2364 419 nominibus
2401 363 2676 418 Hebraicis
2705 363 2840 419 adeo
2877 361 3108 418 celebris
3138 370 3191 416 et
3214 360 3476 431 frequens
3507 358 3584 414 in

303 462 671 518 litteratorum
700 464 957 519 manibus
983 473 1120 526 erat,
1148 470 1208 517 ut
1240 479 1270 517 a
1303 464 1510 519 Graecis
1537 463 1700 533 vulgo
1730 463 2044 529 haberetur,
2105 470 2159 516 et
2189 462 2338 515 nulla
2394 470 2561 527 esset,
2602 469 2738 515 teste
2769 446 3124 529 Hieronymo,
3175 457 3326 512 orbis
3367 454 3588 511 biblio-

304 558 459 613 theca
493 575 615 629 quaz
647 561 827 629 ipsum
874 574 982 613 non
1028 568 1297 624 servaret,
1356 559 1482 613 inde
1536 559 1912 627 conjecturam
1953 556 2135 611 facere
2196 556 2323 610 licet
2381 566 2587 625 quanto
2636 555 2690 609 in
2723 555 2900 624 pretio
2959 562 3273 623 quantoque
3338 550 3392 603 in
3463 562 3588 604 usu

303 655 446 720 apud
474 669 605 708 suos
635 661 923 723 populares
944 653 1370 717 Alexandrinos,
1403 654 1748 710 Christianos
1774 656 2075 725 praesertim
2112 653 2194 707 vel
2231 652 2509 717 Hebraeos,
2540 663 2707 706 esset.
2741 651 2808 705 Et
2837 650 3057 721 quidem
3114 649 3215 702 hac
3268 646 3335 701 de
3365 660 3426 700 re
3461 658 3586 698 non

304 745 421 798 leve
449 756 836 814 argumentum
864 746 949 800 vel
976 747 1102 799 inde
1126 746 1266 800 sumi
1293 754 1499 816 potest,
1536 746 1682 816 quod
1717 744 2035 815 bujusmodi
2068 745 2205 798 liber
2234 760 2411 814 neque
2462 745 2610 813 ipsos
2645 744 2873 813 gentiles
2902 740 3306 795 Alexandrinos
3335 740 3584 807 scripto-

307 852 396 890 res
427 838 605 900 latuit,
638 855 761 894 cum
791 856 859 895 ex
886 855 952 895 eo
985 841 1145 909 plura
1176 841 1228 892 in
1252 856 1411 894 suum
1443 856 1605 895 usum
1631 841 2026 909 decerpserint.
2052 838 2188 893 Nam
2222 854 2344 908 qua:
2382 837 2685 909 Hesychius
2717 837 3112 908 grammaticus
3157 833 3584 889 Alexandrinus

303 934 372 989 de
407 933 690 990 Hebraicis
728 937 1045 998 nominibus
1077 938 1133 990 in
1160 935 1424 991 Lexicum
1454 952 1616 991 suum
1650 937 1886 1003 induxit,
1933 951 1998 990 ex
2047 951 2113 990 eo
2164 942 2357 989 mutuo
2401 934 2682 1004 accepisse
2739 932 3040 987 verisimile
3103 938 3204 986 est.
3261 928 3319 983 1d
3384 938 3581 982 autem

300 1032 413 1101 jam
447 1041 604 1087 antea
634 1034 1093 1089 animadvertisse
1128 1035 1370 1105 comperi
1428 1033 1696 1089 Joannem
1753 1034 2151 1101 Martianaeum,
2197 1029 2292 1102 qui
2338 1032 2609 1102 probabili
2664 1030 2979 1099 conjectura
3006 1029 3122 1082 lucc
3150 1026 3374 1082 adnotat
3403 1025 3520 1095 (18)
3558 1042 3577 1076 :

311 1145 330 1177 σ
371 1126 572 1193 Quarta
595 1130 804 1198 Species
864 1131 1153 1184 verborum
1184 1141 1236 1185 et
1278 1132 1788 1200 intcrpretationum
1834 1130 2083 1184 Philonis
2115 1135 2382 1198 superest,
2438 1126 2490 1181 ni
2529 1125 2707 1191 fallor,
2762 1126 2817 1178 in
2840 1124 3028 1179 Graeco
3056 1122 3259 1176 Lexico
3288 1114 3579 1191 Hesychii,

303 1222 645 1288 grammatici
677 1223 1055 1285 Alexandrini,
1091 1224 1184 1293 qui
1221 1241 1329 1278 non
1364 1226 1433 1279 ab
1484 1226 1591 1279 alio
1625 1242 1789 1294 quam
1824 1241 1854 1280 e
1883 1225 2025 1279 libro
2053 1224 2243 1279 Grzeco
2275 1222 2591 1277 Judzeorum
2624 1218 2977 1276 disertissimi
3013 1216 3345 1281 Hellenistaa,
3405 1213 3459 1269 id
3486 1220 3586 1268 est

302 1325 368 1365 ex
403 1314 541 1368 libro
573 1318 858 1371 nominum
897 1318 1291 1373 Hebraicorum
1326 1322 1564 1374 mutuari
1615 1322 1795 1391 potuit
1825 1323 2051 1375 nomina
2076 1321 2212 1375 bene
2259 1320 2451 1384 multa,
2494 1334 2617 1389 qua:
2664 1319 2780 1386 ipse
2833 1317 3224 1385 interpretatur
3249 1313 3406 1382 juxta
3443 1325 3580 1378 pro-

302 1405 589 1471 prietatem
616 1409 817 1479 linguae
852 1411 1155 1470 chraicae.
1188 1414 1323 1469 Nam
1363 1419 1507 1471 unde
1529 1418 1683 1471 fluxit
1711 1419 1853 1487 apud
1888 1417 2222 1489 Hesychium
2259 1426 2407 1472 tanta
2459 1415 2615 1485 copia
2644 1413 3210 1479 nominum,quorum
3248 1409 3388 1462 ratio
3417 1406 3579 1475 igno-

304 1508 425 1550 rata
461 1509 579 1553 erat
603 1503 671 1555 ab
696 1506 956 1560 omnibus
993 1506 1199 1563 Graecis
1224 1511 1587 1579 scriptoribus
1629 1511 1897 1580 profanis,
1920 1510 2024 1565 nisi
2055 1511 2125 1565 ab
2151 1510 2243 1564 illo
2281 1510 2459 1579 primo
2488 1508 2774 1562 conditore
2812 1503 3110 1558 voluminis
3167 1497 3579 1554 Hebraicarum

301 1603 522 1657 vocum,
569 1595 684 1648 sive
709 1596 897 1652 Lexici
935 1601 1099 1665 sacri,
1133 1602 1289 1671 cujus
1321 1618 1546 1656 usuram
1571 1603 1826 1657 habuisse
1854 1602 2239 1656 Alexandrinis
2270 1600 2430 1655 facile
2457 1599 2647 1654 licuit?
2680 1617 2697 1649 ι
2730 1596 2786 1651 Si
2810 1606 2993 1651 autem
3017 1592 3359 1647 Alexandriae
3383 1589 3577 1644 Philo-

303 1683 390 1738 nis
421 1685 560 1740 liber
597 1692 874 1759 magnoin
899 1694 1075 1760 pretio
1104 1694 1411 1747 habebatur
1436 1695 1578 1764 apud
1615 1695 1868 1749 homines
1905 1709 1936 1748 a
1969 1692 2199 1748 Iudaica
2226 1692 2516 1762 freligione
2571 1699 2623 1745 et
2680 1690 2990 1744 Christiana
3051 1687 3275 1741 veritate
3332 1684 3573 1746 alienos,

264 1826 265 1829 η
307 1777 544 1846 quisque
583 1781 711 1835 inde
746 1782 1120 1850 conjecturam
1177 1800 1372 1854 capere
1420 1794 1598 1855 potest
1623 1794 1831 1856 quanta
1883 1783 2026 1855 apud
2080 1783 2431 1839 Christianos
2478 1782 2533 1835 in
2567 1780 2979 1835 existimatione
3015 1784 3334 1847 quantoque
3376 1774 3431 1826 in
3466 1787 3576 1825 usu

307 1871 362 1925 in
395 1872 572 1927 sacris
610 1870 913 1943 Scripturis
930 1878 1267 1945 explicandis
1287 1886 1453 1933 esset.

373 1965 517 2022 XIV.
550 1966 706 2033 Quod
736 1970 781 2023 si
814 1970 1087 2040 quispiam
1114 1982 1259 2027 esset
1291 1974 1385 2042 qui
1432 1988 1495 2027 ea
1544 1972 1611 2027 de
1654 1987 1715 2026 re
1752 1970 2046 2037 dubitaret,
2084 1969 2245 2026 facile
2308 1972 2489 2025 omnis
2519 1984 2585 2023 ex
2641 1969 2825 2022 animo
2868 1965 3225 2021 dubitationis
3274 1961 3575 2032 scrupulus

300 2062 457 2117 evelli
506 2071 693 2131 posset
720 2078 787 2117 ex
830 2065 895 2119 iis
921 2082 1040 2134 qua:
1072 2067 1135 2121 de
1165 2064 1398 2136 Origene
1424 2066 2019 2138 traditHieronymus:
2057 2067 2319 2121 nimirum
2360 2066 2507 2135 quod
2535 2066 2590 2118 in
2642 2062 2929 2118 Hebraicis
2989 2061 3309 2115 nominibus
3351 2058 3573 2113 Veteris

302 2154 636 2210 Testamenti
670 2154 872 2210 fecerat
902 2157 1078 2223 Philo,
1128 2160 1181 2213 id
1210 2160 1266 2213 in
1296 2161 1615 2215 nominibus
1644 2159 1775 2214 Novi
1807 2159 2145 2215 Testamenti
2202 2160 2525 2230 praestitisse
2596 2159 2910 2228 Origenem,
2952 2172 3017 2211 ea
3063 2155 3225 2210 laude
3256 2163 3419 2223 atque
3444 2169 3574 2208 om-

302 2249 456 2302 nium
492 2250 781 2304 doctorum
816 2253 1061 2307 virorum
1096 2255 1509 2323 approbatione,
1564 2264 1624 2309 ut
1657 2270 1782 2309 eum
1815 2267 2003 2324 postea
2036 2255 2151 2324 ipse
2176 2255 2544 2324 Hieronymus
2583 2253 2829 2306 imitatus
2862 2246 3289 2306 sitvertendoin
3318 2247 3571 2318 linguam

301 2342 576 2409 Latinam,
609 2362 731 2415 quae
754 2346 941 2402 Graece
968 2359 1184 2403 tantum
1214 2351 1761 2417 circumferebantur,
1792 2359 1852 2406 ut
1904 2351 2053 2421 quod
2111 2351 2284 2406 Graeci
2312 2349 2579 2414 Philonis,
2613 2359 2666 2402 et
2712 2346 2965 2418 Origenis
2996 2342 3207 2408 labore,
3269 2350 3433 2409 atque
3476 2339 3569 2391 in-

300 2435 516 2489 dustria
552 2434 848 2502 habebant,
893 2437 946 2491 id
992 2437 1173 2493 Latini
1212 2440 1464 2495 lectionis
1524 2456 1805 2496 sacrarum
1883 2439 2293 2511 Scripturarum
2338 2440 2570 2495 studiosi
2619 2456 2773 2503 cura,
2807 2448 2971 2508 atque
3028 2451 3194 2507 opera
3236 2432 3577 2490 sanctissimi

306 2526 560 2583 Doctoris
598 2528 1057 2598 adipiscerentur.
1089 2530 1268 2585 Verba
1311 2531 1373 2585 B.
1416 2530 1735 2602 Hieronymi
1768 2532 1897 2586 talia
1922 2541 2049 2587 sunt
2084 2530 2230 2601 (19):
2279 2549 2297 2581 ι
2336 2529 2415 2584 Ae
2444 2544 2512 2584 ne
2540 2528 2683 2584 forte
2707 2535 3093 2584 consummato
3121 2525 3371 2588 trdilieio,
3405 2523 3573 2593 quasi

300 2627 549 2673 extrema
579 2620 795 2676 deesset
844 2638 1064 2689 manus,
1104 2622 1240 2678 Novi
1274 2625 1610 2680 Testamenti
1638 2627 1799 2681 verba
1851 2634 1903 2679 et
1931 2625 2155 2680 nomina
2193 2626 2586 2694 interpretatus
2633 2639 2791 2689 sum;
2848 2621 3053 2675 imitari
3095 2620 3288 2674 volens
3322 2634 3390 2673 ex
3417 2624 3577 2687 parte

301 2709 615 2784 Origenem,
645 2732 809 2785 quem
846 2726 967 2786 post
1000 2719 1306 2787 apostolos,
1337 2720 1710 2776 Ecclesiarum
1769 2719 2113 2790 magistrum,
2162 2735 2345 2785 nemo,
2397 2719 2502 2774 nisi
2558 2718 2847 2787 imperitus
2905 2715 3146 2787 negabit.
3192 2712 3337 2768 Inter
3370 2721 3577 2768 caetera

304 2807 451 2862 enim
482 2808 687 2879 ingenii
723 2812 810 2865 sui
840 2812 1104 2880 praeclara
1134 2824 1488 2868 monumenta
1527 2816 1693 2868 etiam
1752 2815 1804 2868 in
1840 2815 1943 2868 hoc
1972 2814 2264 2878 laboravit,
2314 2824 2371 2867 ut
2420 2812 2566 2882 quod
2614 2811 2773 2865 Philo
2822 2808 2980 2879 quasi
3018 2807 3239 2861 Iudaeus
3285 2805 3575 2869 omiserat,

309 2900 400 2955 hic
424 2910 483 2955 ut
511 2902 858 2957 Christianus
891 2904 1159 2973 impleret.
1195 2923 1213 2955 ι
1252 2904 1329 2959 Ex
1364 2906 1450 2961 his
1484 2922 1612 2961 vero
1654 2922 1776 2976 qua:
1828 2904 2194 2975 Hieronymus
2220 2904 2462 2974 scripsit,
2508 2904 2618 2957 duo
2649 2903 2717 2956 ad
2760 2917 2877 2955 rem
2921 2908 3166 2954 nostram
3194 2894 3573 2966 colliguntur:

309 2993 704 3051 Hebraicorum
742 2998 1031 3051 nominum
1087 2998 1619 3067 interpretationem,
1659 3014 1773 3052 rem
1806 2994 2072 3068 puerilem
2094 3008 2148 3053 et
2184 2998 2388 3051 nullius
2419 2997 2697 3060 utilitatis,
2754 3004 2812 3047 ut
2847 2994 3077 3062 quidam
3118 2996 3430 3051 autumant,
3465 2984 3577 3040 mi-

305 3089 453 3143 nime
502 3090 837 3145 censendam
897 3106 1043 3153 esse,
1076 3106 1203 3146 cum
1253 3092 1312 3145 in
1352 3108 1413 3147 ea
1466 3094 1573 3148 tria
1624 3094 2047 3162 praeclarissima
2095 3094 2343 3147 omnium
2376 3098 2597 3146 aetatum
2655 3088 2871 3156 ingenia
2916 3084 3340 3145 elaboraverint,
3392 3078 3581 3145 Philo,

302 3177 591 3251 Origenes,
622 3180 1024 3253 Hieronymus;
1055 3191 1111 3237 et
1139 3192 1383 3238 nostram
1411 3183 1755 3239 Psalmorum
1790 3185 2165 3254 metaphrasin
2203 3197 2305 3238 seu
2337 3181 2793 3238 commentarium
2839 3180 2892 3233 in
2928 3193 3038 3247 quo
3065 3184 3324 3231 accurate
3364 3181 3422 3227 et
3454 3171 3582 3226 dili-

308 3285 500 3344 genter
533 3274 697 3329 allata
754 3274 1152 3331 Hebraicorum
1185 3279 1469 3333 nominum
1500 3280 1973 3348 interpretatione,
2020 3278 2365 3334 Psalmorum
2413 3276 2554 3330 tituli
2613 3283 2981 3345 exponuntur,
3020 3279 3300 3325 auctorem
3369 3280 3579 3337 praese»

305 3370 453 3425 ferre
485 3370 813 3439 scriptorem
874 3370 1335 3439 Alexandrinum,
1371 3374 1708 3445 minimeque
1737 3389 1857 3429 eam
1895 3374 2078 3445 magni
2109 3372 2393 3428 Athanasii
2431 3372 2516 3426 vel
2547 3371 2715 3433 aetati,
2742 3368 2825 3424 vel
2882 3367 3094 3437 patriae,
3130 3366 3217 3420 vel
3259 3365 3481 3430 studiis,
3510 3373 3569 3419 et

306 3480 477 3521 sacrae
505 3466 773 3521 doctrina:
804 3480 1132 3535 repugnare,
1164 3468 1261 3522 sed
1295 3483 1458 3536 quam
1486 3469 1728 3523 maxime
1769 3468 2084 3523 convenire.

375 3554 496 3610 XV.
528 3554 685 3610 Nunc
713 3570 846 3610 vero
876 3558 1144 3627 agendum
1182 3566 1265 3613 est
1291 3559 1357 3613 de
1388 3560 1679 3630 allegorica
1705 3559 2179 3627 interpretatione,
2204 3558 2361 3627 juxta
2404 3572 2569 3627 quam
2614 3564 2879 3626 perpetuo
2928 3550 3326 3608 commentario
3374 3549 3583 3605 Psalmi

305 3656 673 3718 exponuntur.
696 3646 939 3703 Primum
966 3651 1268 3721 allegoricae
1286 3668 1565 3707 sacrarum
1595 3653 2005 3724 Scripturarum
2032 3652 2499 3722 interpretationis
2522 3660 2799 3705 auctorem
2822 3656 3035 3703 veteres
3051 3646 3350 3716 scriptores
3372 3646 3587 3701 faciunt

307 3741 592 3796 Philonem
620 3740 923 3798 Hebraeum.
959 3742 1161 3799 Scribit
1185 3746 1328 3799 enim
1358 3746 1425 3799 de
1454 3761 1518 3800 eo
1561 3746 1615 3800 in
1657 3760 1757 3800 sua
1796 3746 2127 3801 Bibliotheca
2176 3744 2292 3817 (20)
2336 3744 2601 3798 Photius:
2639 3761 2656 3793 ι
2696 3741 3176 3797 Circumferuntur
3199 3740 3448 3810 ejusdem
3476 3737 3585 3792 alia

306 3850 525 3904 quoque
553 3837 701 3890 varia
735 3838 999 3906 opuscula
1020 3881 1035 3903 ,
1064 3841 1261 3908 quibus
1290 3841 1688 3909 disputationes
1723 3839 1836 3895 fere
1868 3842 1936 3895 de
1963 3840 2212 3895 moribus
2239 3840 2589 3894 continentur
2609 3880 2623 3902 ,
2650 3835 2976 3907 Veterisque
3002 3834 3341 3890 Testamenti
3391 3832 3587 3902 expla-

308 3928 558 3983 nationes
586 3928 650 3982 ad
678 3930 995 3998 allegoriam
1030 3941 1088 3984 ut
1114 3932 1409 3999 plurimum
1446 3933 1561 4002 ipsa
1592 3933 1770 3986 littera
1800 3941 2002 4002 aptata.
2034 3931 2102 3985 Et
2129 3947 2257 3985 vero
2292 3932 2359 3984 ab
2381 3931 2484 3984 hoc
2515 3930 2748 3983 arbitror
2776 3944 2991 3983 omnem
3023 3927 3375 3997 allegoricum
3410 3938 3587 3981 sacrae

310 4017 606 4087 Scriptura:
636 4026 943 4076 sermonem
983 4024 1037 4076 in
1076 4023 1371 4078 Ecclesiam
1406 4025 2073 4094 promanasse.tlsautem
2106 4024 2482 4088 Alexandriae,
2527 4023 2617 4077 ubi
2659 4030 2820 4075 natus
2855 4030 3007 4084 erat,
3062 4020 3313 4089 scripsit,
3366 4028 3423 4071 et
3474 4034 3586 4072 non

309 4109 483 4162 solum
518 4110 657 4165 inter
685 4128 836 4177 suos,
863 4114 954 4167 sed
989 4114 1152 4168 etiam
1188 4115 1327 4169 inter
1353 4116 1697 4170 Christianos
1725 4116 1921 4169 celebri
1954 4116 2175 4169 nomine
2205 4115 2273 4168 ob
2298 4129 2576 4169 sacrarum
2612 4113 3018 4183 Scripturarum
3048 4112 3357 4175 scientiam,
3379 4120 3433 4165 et
3458 4127 3591 4181 pro-

309 4196 563 4255 fanarum
595 4204 966 4258 doctrinarum
991 4207 1354 4263 eruditionem
1390 4209 1512 4270 fuit,
1550 4210 1659 4263 imo
1689 4209 1853 4263 etiam
1886 4207 2212 4262 Christianae
2244 4206 2493 4277 religioni
2525 4221 2723 4261 nomen
2758 4204 3006 4271 dedisse,
3050 4220 3079 4258 a
3111 4204 3439 4274 quibusdam
3474 4213 3591 4257 tra'

312 4288 485 4346 ditum
520 4305 623 4351 est.
661 4296 805 4352 Sane
829 4296 1195 4370 Hieronymus
1230 4302 1295 4355 de
1326 4318 1391 4355 eo
1416 4302 1604 4357 scribit
1632 4303 1743 4371 (2t)
1766 4343 1780 4367 ,
1813 4301 2012 4355 famam
2046 4299 2214 4355 fuisse
2235 4339 2249 4363 ,
2278 4315 2400 4354 eum
2422 4341 2437 4366 ,
2473 4316 2596 4355 cum
2627 4301 2679 4353 in
2709 4300 2950 4355 secunda
2981 4300 3251 4370 legatione
3289 4298 3356 4353 ad
3386 4297 3587 4353 Caium

316 4384 544 4441 Romam
574 4392 832 4457 venisset,
870 4394 1111 4449 locutum
1133 4411 1257 4450 esse
1289 4412 1411 4450 cum
1443 4396 1689 4465 apostolo
1711 4394 1893 4461 Petro,
1926 4396 2155 4466 ejusque
2188 4394 2445 4449 habuisse
2481 4395 2775 4459 amicitias,
2808 4402 2863 4448 et
2892 4395 2962 4449 ob
2992 4394 3134 4448 hanc
3161 4409 3383 4448 causam
3417 4394 3588 4448 etiam

314 4479 479 4536 Marci
508 4483 759 4555 discipuli
789 4486 955 4551 Petri,
989 4488 1130 4558 apud
1158 4489 1545 4542 Alexandriam
1579 4497 1877 4543 sectatores
1900 4503 2129 4543 ornasse
2156 4487 2444 4553 laudibus;
2468 4495 2663 4543 etante
2685 4489 3076 4561 Hieronymum
3106 4486 3249 4543 idem
3272 4488 3338 4543 de
3354 4486 3593 4543 Philone

316 4576 613 4633 tradiderat
650 4578 917 4635 Eusebius
944 4581 1317 4645 Caesariensis,
1342 4580 1435 4649 qui
1468 4580 1847 4635 doctissimum
1876 4578 2120 4634 Judaaum
2164 4581 2377 4652 magnis
2420 4581 2672 4635 laudibus
2711 4589 2898 4647 ornat;
2950 4582 3092 4635 unde
3130 4589 3345 4635 constat
3380 4589 3593 4650 quanto

318 4672 539 4725 nomine
560 4681 613 4725 et
633 4687 743 4740 quo
762 4674 815 4726 in
850 4675 1056 4728 honore
1082 4675 1170 4729 ille
1192 4684 1335 4729 esset
1358 4673 1575 4728 Eusebii
1597 4688 1816 4741 quoque
1843 4680 2001 4727 aetate
2026 4674 2168 4741 apud
2195 4673 2568 4727 Christianos:
2604 4671 2704 4727 Hic
2733 4687 2924 4741 porro,
2951 4672 3128 4741 inquit
3156 4671 3427 4727 Eusebius
3449 4672 3590 4745 (ΞΩ),

315 4760 399 4811 vir
421 4761 473 4814 in
509 4762 745 4817 dicendo
773 4765 1063 4833 copiosus,
1098 4766 1151 4817 in
1190 4765 1473 4819 sententiis
1507 4764 1776 4832 locuples,
1812 4763 1864 4816 in
1890 4763 2087 4817 divinae
2112 4761 2408 4833 Scriptura:
2439 4763 2789 4833 intelligentia
2818 4762 3068 4818 sublimis
3103 4772 3267 4833 atque
3299 4765 3592 4819 excelsus,

315 4855 524 4907 variam
550 4870 613 4909 ac
649 4856 1000 4923 multiplicem
1026 4873 1307 4912 sacrorum
1340 4857 1678 4910 voluminum
1705 4857 2102 4926 expositionem
2125 4856 2315 4912 edidit.
2350 4857 2388 4911 Ε
2414 4856 2642 4913 Philone
2667 4858 2860 4929 igitur,
2890 4859 2983 4928 qui
3017 4857 3157 4928 ἀνὴρ
3181 4858 3249 4911 τὰ
3282 4860 3461 4912 πάντα
3502 4859 3593 4913 εὖ-

320 4947 487 5010 δοξος,
514 4947 593 5000 ait
612 4945 883 5015 Iosephus
915 4950 1050 5017 (‘25),
1087 4965 1193 5001 non
1219 4950 1394 5003 solum
1428 4950 1479 5001 in
1502 4950 1675 5003 sacris
1705 4947 2008 5016 Scripturis
2030 4951 2361 5004 excellenter
2395 4959 2668 5016 versatus,
2696 4952 2788 5005 sed
2816 4951 2981 5004 etiam
3014 4950 3255 5006 externis
3280 4950 3595 5021 disciplinis

319 5040 534 5108 egregie
567 5038 816 5093 excultus
850 5040 1108 5108 praeclara
1134 5056 1297 5109 opera
1330 5040 1383 5093 in
1416 5040 1692 5108 publicum
1734 5037 2013 5105 ediderat,
2049 5039 2394 5111 allegoricam
2449 5056 2731 5095 sacrarum
2768 5040 3179 5112 Scripturarum
3216 5042 3591 5112 interpretan-

319 5135 511 5185 darum
550 5132 811 5184 rationem
861 5132 916 5185 in
954 5132 1380 5187 Alexandrinam
1413 5132 1847 5186 Christianorum
1893 5132 2137 5186 scholam
2188 5134 2369 5203 aliqua
2405 5147 2471 5187 ex
2510 5142 2698 5202 parte,
2732 5143 2786 5189 ct
2838 5134 3244 5206 quadamtenus
3283 5135 3591 5189 derivatam

320 5222 507 5286 fuisse,
536 5237 701 5291 quam
726 5221 1182 5277 verisimillimum
1211 5238 1354 5287 esse,
1386 5238 1572 5287 nemo,
1602 5231 1664 5277 ut
1687 5232 1836 5292 puto,
1869 5225 2108 5295 negabit.

392 5359 506 5423 (l8)
572 5359 728 5413 Tom.
766 5357 807 5411 ll
860 5360 999 5429 Opp.
1072 5360 1128 5414 S.
1192 5360 1435 5427 Hieron.,
1506 5376 1558 5430 p.
1599 5360 1668 5414 90
1699 5359 1826 5414 edit.
1900 5357 2076 5413 Paris.

392 5430 502 5499 (l9)
529 5430 649 5501 Lib.
685 5444 771 5493 ιιι,
796 5446 914 5501 cap.
945 5432 998 5496 '5,
1039 5451 1094 5486 n.
1125 5433 1178 5486 7.

395 5502 506 5568 (‘20)
542 5500 742 5553 Codice
767 5517 852 5554 ev.

395 5572 506 5633 (2|)
546 5570 617 5624 De
638 5572 820 5639 script.
858 5570 1040 5623 ρει-[εδ.
1072 5586 1124 5622 n.
1159 5570 1243 5622 ll.

393 5641 507 5709 (2'2)
546 5640 687 5693 Hist.
709 5641 836 5694 eccl.
863 5642 956 5692 lib.
992 5657 1049 5703 ιι,
1076 5657 1195 5707 cap.
1228 5641 1311 5694 18.

398 5713 511 5760 tam
544 5712 719 5763 Antia.
752 5711 969 5765 Judair.
997 5728 1114 5767 can.
1146 5714 1197 5765 ‘J.
