3878 6218
192 294 301 349 615
876 290 963 346 DE
1003 289 1283 349 TITULIS
1320 288 1775 345 PSALMORUM.
1807 320 1876 329 -—
1912 288 2307 345 ANTONELLI
2344 290 2744 379 PRJEFATI'O.
3360 296 3471 351 6H

268 408 402 463 XVl.
432 407 590 475 Quod
625 414 807 463 autem
838 407 1027 463 schola
1058 406 1423 461 Alexandrina
1455 406 1805 475 allegoricam
1840 407 2345 476 interpretationem
2373 418 2557 465 secuta
2590 411 2683 474 sit,
2718 419 3045 481 argumento
3080 425 3205 467 esse
3241 426 3477 482 possunt

190 517 357 571 opera
394 500 692 555 Clementis
725 507 779 552 et
807 496 1056 566 Origenis
1081 538 1095 563 ,
1125 498 1219 566 qui
1250 497 1413 549 ambo
1440 496 1822 550 Alexandrinae
1854 497 2054 551 scholae
2086 497 2443 563 praefuerunt.
2486 499 2733 566 Quorum
2774 501 2989 569 primus
3022 502 3076 554 in
3112 502 3290 556 sacris
3327 500 3476 558 Scri-

191 594 372 664 pturis
394 590 737 661 explicandis
760 589 1063 658 saepissime
1094 588 1371 656 allegoriis
1399 588 1588 650 utitur,
1613 587 1707 641 sed
1732 587 1962 641 inlibris
1993 588 2324 642 Stromatum
2348 592 2608 661 mysticos
2638 589 3046 660 Scripturarum
3073 606 3271 646 sensus
3298 589 3475 661 potis-

190 685 393 741 simum
424 684 711 755 amplexus
737 695 852 746 eSt;
891 681 1158 749 siquidem
1189 680 1292 734 tria
1324 695 1421 734 sua
1454 680 1713 749 prreclara
1746 694 1945 747 opera,
1978 678 2349 750 Protrepticon
2371 723 2384 747 ,
2418 681 2756 752 Pwdagogon
2780 724 2794 747 ,
2848 693 2901 737 et
2935 682 3267 736 Stromatum
3307 682 3478 735 libros

189 793 261 833 eo
294 777 509 842 ordine,
548 786 600 830 ct
624 776 836 829 ratione
866 772 1099 826 instituit
1126 770 1261 841 (Ἡ),
1292 780 1353 825 ιιι
1384 770 1667 841 gentilium
1700 782 2143 841 mystagogorum
2166 812 2179 836 ,
2212 788 2277 825 ac
2309 783 2552 826 veterum
2584 774 3037 843 philosophorum
3072 774 3328 840 exemplo
3364 781 3479 824 tres

190 869 395 940 gradus
414 907 428 930 ,
460 864 836 935 ἀποκάθαρσιν
856 903 871 926 ,
912 862 1144 934 μύησιν,
1173 863 1469 916 ἐποπτείαν
1502 860 1614 917 refe
1628 871 1721 917 rre‘

1968 879 2098 917 vero
2135 864 2190 919 in
2234 865 2510 935 allegoriis
2538 866 2814 921 sectandis
2844 866 2980 920 adeo
3015 866 3218 920 nimius
3245 866 3382 931 fuit,
3422 875 3477 919 ut

188 963 357 1017 etiam
386 961 492 1015 hoc
519 959 741 1013 nomine
784 972 812 1010 a
858 956 1045 1010 multis
1072 955 1521 1025 reprehendatur.
1574 955 1757 1021 Quare
1800 964 1855 1009 et
1885 965 2142 1010 accurata
2186 955 2580 1013 Hebraicorum
2628 960 2915 1014 nominum
2968 960 3382 1028 interpretatio,
3423 972 3479 1015 et

190 1055 480 1124 allegorica
517 1050 909 1122 interpretandi
946 1049 1085 1103 ratio
1119 1049 1173 1102 in
1203 1064 1371 1103 causa
1417 1064 1540 1104 esse
1584 1065 1693 1103 non
1742 1060 2013 1120 possunt,
2066 1066 2166 1105 cur
2205 1063 2391 1107 noster
2431 1051 2775 1107 Psalmorum
2814 1055 3244 1108 commentarius
3278 1068 3478 1123 magno

188 1148 498 1203 Athanasio
528 1146 905 1215 abjudicetur,
937 1144 1030 1197 sed
1064 1144 1246 1213 potius
1279 1153 1602 1213 argumento
1629 1160 1751 1199 esse
1783 1144 1982 1211 debet,
2024 1162 2123 1200 cur
2157 1146 2309 1199 illum
2358 1148 2706 1202 sanctissimo
2742 1148 2999 1217 episcopo
3022 1189 3035 1212 ,
3073 1147 3232 1216 cujus
3275 1160 3477 1199 nomen

189 1240 445 1309 praefert,
474 1254 809 1295 asseramus.
835 1236 969 1289 Nam
997 1247 1225 1305 ultaque
1261 1237 1506 1301 intento,
1540 1245 1598 1289 ut
1632 1236 1705 1289 ita
1749 1235 1925 1291 dicam
1950 1280 1965 1302 ,
2004 1238 2176 1307 digito
2211 1239 2452 1291 indiCare
2488 1239 2729 1304 videtur,
2774 1248 3053 1291 auctorem
3094 1233 3477 1290 commentarii

189 1337 514 1403 scriptorem
546 1332 973 1385 Alexandrinum
1008 1329 1210 1394 fuisse,
1242 1329 1587 1384 Alexandria:
1619 1342 1807 1384 natum
1831 1370 1845 1392 ,
1896 1338 1951 1382 et
1982 1330 2035 1383 in
2082 1331 2452 1384 Alexandrina
2498 1332 2683 1384 schola
2714 1331 3031 1384 educatum.
3066 1329 3320 1383 Profecto
3367 1343 3477 1381 non

187 1426 445 1482 dissimili
474 1428 706 1487 ratione,
740 1440 844 1493 qua
868 1422 1201 1478 Athanasius
1236 1422 1287 1474 in
1325 1437 1425 1476 suo
1454 1422 1850 1476 commentario
1879 1422 2163 1476 titulorum
2194 1423 2703 1492 interpretationem
2742 1433 3068 1493 prosecutus
3098 1432 3201 1485 est,
3235 1421 3478 1475 nonnul-

189 1522 367 1573 lorum
396 1517 735 1586 psalmOrum
767 1517 955 1570 titulos
984 1514 1272 1585 Origeuem
1299 1529 1517 1583 quoque
1546 1516 1880 1584 explicasse,
1941 1516 2102 1570 ﬁdem
2145 1515 2277 1569 facit
2307 1516 2677 1585 fragmentum
2712 1516 3095 1569 commentarii
3138 1512 3389 1582 Origenis
3424 1511 3477 1564 in

187 1608 467 1672 Psalmos,
492 1607 639 1677 quod
665 1623 729 1663 ex
756 1607 944 1663 codice
973 1604 1237 1658 Vaticano
1264 1621 1388 1659 cum
1423 1605 1546 1660 aliis
1574 1606 1627 1661 in
1660 1607 1837 1660 lucem
1871 1604 2041 1660 edidit
2068 1606 2130 1659 P.
2162 1605 2632 1674 Montfauconius,
2651 1616 2703 1661 ct
2727 1623 2841 1661 sua!
2860 1605 3227 1676 Hexaplorum
3255 1602 3479 1658 editioni

188 1700 459 1769 praemisit
485 1699 634 1768 (25);
667 1714 729 1754 ac
759 1698 987 1767 proinde
1010 1697 1078 1753 de
1098 1695 1425 1764 antiquitate
1455 1711 1617 1761 usus,
1648 1713 1713 1751 ac
1738 1697 2040 1767 disciplinae
2070 1698 2464 1769 interpretandi
2491 1700 2543 1752 in
2577 1699 2931 1769 allegoricum
2958 1714 3182 1754 sensum
3235 1696 3480 1767 psalmol

186 1790 640 1861 psalmorumque
672 1788 857 1843 titulos
887 1788 942 1842 in
972 1787 1158 1842 schola
1186 1786 1555 1840 Alexandrina
1586 1786 1824 1841 dubitari
1852 1788 2061 1858 nequit.

260 1879 426 1938 XVII.
460 1879 602 1946 Quin
632 1880 743 1935 imo
774 1880 934 1948 longe
955 1885 1081 1931 ante
1108 1875 1348 1930 Pantaeni
1374 1914 1389 1937 ,
1429 1875 1725 1931 Clementis
1752 1884 1805 1929 et
1832 1869 2084 1946 Ofigenis
2111 1887 2325 1933 aetatem
2346 1920 2359 1943 ,
2388 1879 2482 1948 qui
2512 1879 2843 1934 successivls
2874 1878 3214 1948 temporibus
3246 1878 3472 1931 Alexan-

187 1972 405 2027 drinam
430 1970 676 2027 scholam
711 1974 1005 2031 rexerant,
1037 1965 1357 2036 allegoricas
1387 1977 1440 2017 et
1472 1966 1731 2034 mysticas
1757 1965 2169 2035 Scripturarum
2210 1971 2583 2039 expositiones
2633 1986 2733 2024 usu
2784 1972 2927 2039 apud
2970 1971 3319 2024 Christianos
3356 1970 3484 2022 Ale-

186 2065 491 2122 xandrinos
519 2073 767 2131 receptas
794 2059 987 2124 fuisse,
1016 2057 1330 2112 testimonio
1353 2072 1474 2112 esse
1506 2064 1760 2127 possunt,
1782 2073 1903 2126 qua:
1933 2059 2213 2114 memoriae
2241 2060 2583 2129 posteritatis
2606 2060 2807 2113 tradita
2836 2069 2964 2113 sunt
2993 2061 3060 2114 de
3090 2058 3476 2127 Therapeutis.

184 2172 427 2227 quorum
454 2154 677 2208 nomine
700 2160 909 2208 veteres
936 2151 1059 2205 illos
1080 2148 1429 2205 Christianos
1452 2150 1617 2203 Marci
1636 2151 1985 2219 evangelista:
2005 2151 2310 2223 discipulos
2336 2152 2673 2223 significatos
2702 2152 2875 2207 fuisse
2892 2153 3102 2222 antiqui
3128 2151 3319 2206 Patres
3340 2149 3479 2219 (26).

185 2261 239 2304 et
269 2252 460 2320 plures
494 2264 557 2301 ex
592 2245 994 2300 recentioribus
1018 2243 1379 2313 scriptoribus
1407 2244 1816 2297 existimarunt.
1852 2243 2031 2300 Mores
2070 2246 2214 2300 enim
2238 2286 2253 2311 ,
2303 2256 2355 2299 et
2384 2246 2655 2314 [instituta
2708 2244 3178 2315 Therapeutarum
3234 2244 3479 2298 referens

184 2343 344 2398 Philo
378 2342 526 2413 (27):
567 2360 584 2391 ι
614 2338 809 2393 Totum
838 2352 999 2401 vero,
1027 2335 1235 2404 inquit,
1267 2334 1373 2388 diei
1403 2335 1673 2404 spatium,
1701 2336 1847 2404 quod
1879 2337 1949 2390 ab
1972 2345 2093 2391 ortu
2123 2337 2253 2391 solis
2283 2336 2351 2391 ad
2384 2352 2666 2406 vesperum
2703 2339 3008 2407 interjacet,
3045 2338 3099 2391 iu
3133 2337 3481 2392 meditatione

183 2438 555 2508 philosophiae
586 2435 898 2489 traducunt.
936 2430 1101 2483 Sacra
1130 2430 1274 2483 enim
1309 2429 1587 2484 volumina
1616 2429 1925 2484 lectitantes
1962 2430 2426 2499 philosophantur
2450 2445 2601 2484 more
2634 2431 2809 2499 patrio
2840 2440 3105 2500 praacepta
3143 2429 3423 2498 sapientiae
3448 2440 3479 2478 a

182 2532 496 2602 majoribus
527 2528 726 2584 tradita
752 2525 1043 2596 allegorice
1066 2522 1411 2593 explicando.
1445 2520 1657 2591 Quippe
1688 2522 2005 2577 existimant
2031 2522 2190 2576 verba
2228 2524 2345 2592 ipsa
2377 2524 2512 2577 nihil
2557 2523 2703 2577 aliud
2750 2538 2873 2578 esse
2920 2539 3084 2592 quam
3116 2522 3384 2590 imagines
3424 2536 3479 2583 et

182 2628 341 2696 signa
382 2638 568 2678 rerum
600 2621 906 2675 abditarum
934 2658 948 2683 ,
982 2630 1105 2687 quae
1140 2630 1234 2685 per
1271 2615 1560 2685 allegorias
1587 2612 1929 2669 declarandae
1962 2624 2110 2668 sunt.
2152 2615 2293 2669 Sunt
2322 2615 2486 2670 etiam
2520 2616 2664 2684 apud
2689 2630 2785 2669 eos
2813 2615 3195 2669 commentarii
3232 2624 3477 2669 veterum

180 2718 581 2789 quorumdam,
610 2716 701 2786 qui
729 2723 891 2769 secta:
920 2713 1065 2766 illius
1088 2718 1345 2764 auctores
1368 2708 1775 2777 quamplurima
1801 2707 1882 2761 cis
1907 2719 2262 2763 monumenta
2290 2710 2557 2763 doctrinae
2588 2709 2754 2775 illius,
2782 2724 2905 2777 quae
2932 2709 2983 2762 in
3010 2708 3284 2778 allegoriis
3304 2708 3478 2777 posita

180 2827 284 2876 esu,
320 2810 687 2879 reliquerunt.
718 2805 931 2873 Quibus
954 2804 1042 2858 isti
1079 2813 1341 2871 tanquam
1372 2800 1781 2868 exemplaribus
1813 2807 2027 2854 utentes
2058 2816 2264 2855 morem
2290 2802 3230 2872 huncinstitutumqueimitantur.»
3260 2801 3342 2855 Ad
3363 2801 3481 2855 haec

182 2917 369 2960 autem
400 2903 643 2958 Philonis
670 2902 834 2957 verba
861 2899 988 2954 talia
1013 2894 1484 2952 subditEusebius
1504 2892 1649 2965 (28):
1677 2912 1695 2944 ι
1723 2891 1847 2947 Haec
1871 2902 2014 2947 certe
2039 2894 2108 2947 ab
2129 2910 2192 2947 eo
2214 2894 2434 2949 homine
2457 2896 2600 2950 dicta
2621 2896 2897 2959 videntur,
2928 2897 3021 2965 qui
3046 2904 3263 2950 nostras
3294 2909 3482 2950 sacras

182 2997 403 3052 litteras
436 3003 770 3065 exponentes
802 2991 1093 3047 audiverit.
1122 2987 1273 3056 Quos
1314 2997 1535 3049 autem,
1576 2985 1683 3050 ait,
1719 3000 1887 3054 penes
1936 2986 2059 3040 illos
2100 2986 2269 3041 fuisse
2315 2997 2560 3042 veterum
2602 2987 2969 3057 quorumdam
3018 2989 3478 3043 commentarios.

182 3088 490 3146 verisimile
522 3096 639 3151 est,
665 3086 779 3155 ipsa
811 3098 933 3140 esse
966 3081 1259 3151 Evangelia
1282 3122 1296 3145 ,
1329 3086 1383 3132 et
1407 3076 1779 3146 apostolorum
1816 3077 2021 3146 scripta
2044 3117 2059 3141 ,
2096 3088 2147 3131 et
2175 3079 2549 3148 expositiones
2581 3080 2847 3151 quasdam
2890 3089 3133 3135 veterum
3184 3078 3478 3148 propheta-

181 3200 303 3239 run
330 3203 342 3237 :
380 3180 693 3251 cujusmodi
722 3180 908 3248 plures
935 3186 1048 3229 tum
1078 3175 1133 3228 in
1168 3172 1291 3227 aliis
1320 3170 1478 3224 Pauli
1513 3168 1798 3239 Epistolis,
1830 3180 1949 3225 tum
1980 3172 2032 3225 in
2066 3170 2154 3224 illa
2179 3187 2300 3239 qua:
2330 3172 2394 3225 ad
2419 3171 2677 3227 Hebraeos
2705 3174 2907 3241 scripta
2922 3181 3031 3237 est,
3063 3172 3429 3226 continentur.
3455 3188 3474 3221 ι

181 3276 248 3329 At
274 3276 428 3330 enim
458 3273 727 3327 Henricus
755 3268 1005 3324 Valesius
1029 3274 1214 3321 censet
1245 3264 1415 3317 libros
1444 3259 1581 3315 Novi
1610 3259 1950 3316 'l‘estamenti
1986 3277 2015 3315 a
2050 3260 2278 3317 Philone
2316 3264 2463 3317 haud
2496 3263 2795 3333 significari
2842 3265 3088 3335 potuisse
3111 3304 3125 3328 ,
3161 3278 3288 3316 cum
3335 3261 3483 3315 dicat

184 3368 601 3439 συγγράμματα
633 3363 878 3419 παλαιῶν
909 3360 1139 3431 ἀνδρῶν,
1164 3357 1355 3427 quales
1386 3371 1491 3409 non
1523 3363 1681 3408 erant
1707 3353 1715 3405 l

1947 3372 1955 3407 ι
1984 3361 2143 3407 :etate
2171 3355 2404 3422 apostoli
2426 3363 2479 3410 et
2509 3356 2877 3426 evangelistaa.
2903 3356 3017 3426 Ego
3041 3365 3223 3410 autem
3256 3354 3478 3409 Eusebii

185 3465 520 3520 sententiam
550 3460 695 3515 haud
721 3474 947 3529 prorsus
973 3458 1328 3526 rejiciendam
1354 3470 1475 3511 esse
1503 3463 1662 3524 puto:
1700 3470 1823 3507 nam
1859 3469 2003 3523 szepe
2026 3454 2292 3520 παλαιῶν,
2318 3470 2412 3509 seu
2446 3464 2675 3508 veterum
2704 3456 2929 3510 nomine
2960 3455 3357 3525 intelliguntur,
3384 3453 3479 3524 qui

186 3577 292 3615 una
320 3569 538 3614 tantum
563 3564 722 3613 aetate
751 3567 845 3609 seu
884 3552 1236 3621 generatione
1262 3550 1376 3620 (29)
1409 3565 1507 3601 nos
1540 3558 1973 3617 praecesserunt:
2012 3548 2306 3618 etquidem
2330 3589 2345 3613 ,
2393 3550 2439 3603 si
2485 3550 2539 3603 in
2573 3565 2633 3605 re
2674 3550 2834 3620 longe
2871 3550 3046 3619 posita
3079 3565 3109 3603 a
3142 3558 3477 3605 nostrame-

186 3657 365 3711 moria
398 3663 563 3721 atque
592 3658 772 3711 aetate,
806 3648 881 3701 uti
920 3646 1232 3716 conjectura
1268 3646 1413 3705 licet.
1448 3657 1649 3698 censeo
1717 3641 2001 3696 Philonem
2033 3643 2555 3697 commentariorum
2596 3642 2819 3699 nomine
2855 3645 2998 3698 inter
3020 3645 3156 3699 alios
3190 3643 3357 3698 libros
3392 3641 3479 3694 in-

186 3751 373 3804 dieare
401 3744 642 3799 voluisse
670 3741 1023 3809 Evangelium
1054 3737 1352 3793 secundum
1384 3734 1691 3803 Egyptios.
1724 3732 1858 3787 Nam
1886 3736 1941 3787 in
1969 3749 2035 3788 eo
2060 3736 2339 3803 peculiare
2377 3734 2651 3805 quoddam
2689 3734 2861 3790 fuisse
2892 3736 3107 3790 dicendi
3138 3752 3309 3806 genus
3343 3735 3481 3790 alle-

188 3838 359 3909 goriis
394 3844 449 3889 ct
471 3830 747 3888 abstrusis
779 3845 843 3883 ac
871 3826 1118 3898 mysticis
1147 3825 1400 3879 sensibus
1433 3824 1650 3891 plenum
1673 3861 1687 3885 ,
1717 3824 1874 3877 ﬁdem
1910 3822 2117 3878 faciunt
2154 3824 2455 3895 fragmenta
2488 3812 2609 3895 qua;
2644 3826 2712 3879 ab
2738 3826 2980 3896 antiquis
3008 3828 3371 3897 scriptoribus
3408 3830 3477 3882 ad

188 3941 437 3985 nostram
466 3941 641 3996 usque
670 3933 884 3978 aetatem
918 3928 1131 3974 servata
1164 3926 1311 3973 sunt.
1345 3916 1721 3985 Aﬁnigmatum
1750 3916 1896 3969 enim
1923 3916 2095 3969 instar
2126 3917 2215 3970 illa
2246 3926 2375 3971 sunt
2409 3933 2533 3987 quae
2555 3934 2621 3971 ex
2650 3918 2743 3971 illo
2776 3919 3069 3989 Evangelio
3104 3918 3399 3974 laudantur
3424 3921 3476 3974 in

189 4022 423 4089 epistola
449 4018 690 4075 secunda
725 4017 783 4069 ὃ.
818 4012 1114 4068 Clementis
1149 4009 1422 4080 pontiﬁcis
1450 4007 1717 4073 Romani,
1743 4017 1798 4062 et
1828 4008 1886 4061 in
1919 4009 2060 4062 libro
2113 4010 2273 4064 tertio
2304 4007 2633 4063 Stromatum
2666 4010 2895 4065 alterius
2933 4009 3235 4067 Clementis
3269 4026 3475 4082 c0gno--

192 4116 359 4170 minis
383 4113 687 4185 presbyteri
712 4109 1088 4173 Alexandrini,
1122 4122 1186 4161 ex
1209 4120 1446 4175 quorum
1475 4103 1692 4173 scriptis
1716 4106 2064 4166 aliorumque
2093 4113 2336 4159 veterum
2372 4104 2594 4159 Patrum
2627 4106 2788 4161 nobis
2819 4115 3160 4175 compertum
3189 4106 3267 4171 ﬁt,
3298 4104 3479 4158 Evan-

192 4206 331 4277 gelio
366 4204 494 4267 illo,
526 4204 908 4273 qualecunque
937 4198 1133 4263 fuerit,
1172 4197 1429 4264 antiquos
1461 4194 1583 4249 illos
1608 4194 1815 4250 Christi
1844 4211 1899 4249 tn
1938 4194 2175 4266 {Egypto
2203 4198 2443 4252 asseclas
2468 4213 2598 4253 usos
2625 4197 2814 4253 fuisse.
2862 4197 3064 4253 Verum
3108 4198 3254 4251 enim
3291 4204 3477 4266 postea

192 4298 483 4370 temporis,
513 4312 636 4350 cum
673 4295 724 4347 in
754 4294 1012 4347 universo
1037 4300 1314 4344 terrarum
1341 4288 1474 4341 orbe
1499 4286 1609 4341 fere
1631 4288 1696 4342 ad
1720 4304 1970 4341 omnmm
1997 4289 2237 4342 ﬁdelium
2261 4305 2456 4345 manus
2479 4291 2858 4359 pervenissent
2904 4301 3139 4361 quatuor
3162 4288 3475 4358 Evangelia,

194 4390 427 4459 aliaeque
452 4384 731 4440 canonica:
763 4385 1076 4452 Scripturte,
1109 4393 1230 4449 qua:
1261 4393 1292 4432 a
1318 4378 1493 4433 sacris
1526 4378 1903 4447 cvangelistis,
1935 4390 1989 4432 et
2021 4380 2229 4435 sanctis
2263 4382 2527 4450 apostolis
2553 4382 2953 4449 Θεοπνεύστοις,
2981 4401 3013 4436 a
3036 4383 3146 4436 Deo
3179 4382 3478 4452 inspiratis,

196 4482 249 4537 in
275 4480 454 4535 ﬁdelis
483 4477 668 4548 populi
697 4474 991 4529 utilitatem
1011 4512 1025 4535 ,
1062 4480 1117 4525 et
1150 4470 1405 4526 Ecclesiae
1434 4470 1856 4526 aediﬁcationem
1886 4472 2045 4526 nobis
2074 4472 2246 4526 divini
2288 4474 2647 4531 beneﬁcentia
2678 4476 2874 4531 tradita
2906 4484 3067 4543 sunt;
3118 4475 3477 4546 Evangelium

196 4576 328 4631 illud
357 4571 711 4640 allegoricum
735 4608 750 4631 ,
775 4574 829 4620 et
862 4563 973 4618 fere
996 4563 1402 4631 aenigmaticum
1422 4603 1437 4627 ,
1470 4563 1548 4616 uti
1575 4573 1768 4617 exorto
1794 4574 1843 4617 et
1882 4563 2231 4619 illucescente
2265 4567 2381 4622 sole
2410 4569 2624 4624 nebulae
2668 4570 3067 4640 dispelluntur,
3116 4569 3378 4640 paulatim
3422 4570 3478 4624 in

197 4668 613 4727 desuetudinem
645 4662 813 4718 abiit.
841 4668 897 4714 et
928 4676 958 4714 e
988 4658 1226 4714 ﬁdelium
1259 4656 1513 4711 manibus
1538 4671 1833 4711 excussum
1865 4666 1966 4712 est.
2008 4657 2394 4716 Verumtamen
2424 4674 2782 4735 posteaquam
2815 4682 2881 4721 ex
2927 4665 3171 4722 Ecclesia
3208 4668 3479 4724 catholica

197 4762 555 4834 Evangelium
580 4756 881 4813 secundum
905 4753 1190 4824 IEgyptios
1208 4752 1549 4806 eliminatum
1573 4759 1676 4818 est,
1705 4752 1973 4820 benignos
1992 4764 2299 4822 receptores
2325 4757 2516 4811 habuit
2545 4759 2864 4827 haereticos;
2888 4760 3015 4830 quia
3038 4776 3162 4816 cum
3192 4762 3480 4818 abstrusus

199 4865 253 4911 et
278 4851 566 4919 ambiguos
600 4862 796 4902 sensus
826 4844 1167 4907 contineret,
1198 4841 1266 4895 ad
1292 4854 1423 4895 suos
1447 4840 1772 4894 astruendos
1796 4858 2019 4898 errores
2051 4845 2622 4919 obtenebrandamque
2654 4852 2940 4907 veritatem
2965 4891 2979 4915 ,
3030 4853 3281 4922 pluribus
3312 4855 3476 4908 etiam

200 4948 267 5005 de
289 4962 392 5002 suo
416 4942 645 5013 adjectis
677 4939 1103 5009 suppositisque,
1142 4944 1448 5005 opportune
1468 4949 1533 4988 eo
1566 4934 1642 4987 uti
1670 4949 1833 5003 posse
1858 4948 2215 4994 censuerunt.
2244 4939 2497 4998 Profecto
2537 4943 2832 5001 Sabelliani
2867 4947 3073 5017 aliique
3101 4947 3318 5001 ﬁrmum
3354 4948 3481 5004 inde

278 5178 389 5249 (Ἃ)
418 5175 551 5249 ρει).
582 5159 1518 5249 Ηθξηε.ληᾼρνφΐηθᾱβιρητιλᾼῐθς.

282 5231 397 5316 ξεὸ)
423 5245 555 5298 Vide
576 5242 748 5316 hujus
779 5231 1100 5316 Ραιᾶὀζυρὶαε
1131 5243 1269 5316 ιοηι.⁸
1287 5231 1410 5316 ERV:

426 5315 626 5389 Euseb.
661 5300 819 5365 'Ht'st.
849 5307 977 5389 ρει-ιτ
1003 5300 1048 5360 Ἰ.
1089 5322 1138 5357 v.
1174 5321 1222 5359 c.
1253 5304 1350 5365 lO;
1390 5301 1425 5353 Ι.
1459 5316 1531 5367 Vl,
1555 5317 1603 5355 c.
1632 5302 1720 5366 M,
1759 5303 1815 5357 13

1089 5322 1138 5357 v.
1174 5321 1222 5359 c.
1253 5304 1350 5365 10;
1390 5301 1425 5353 Ι.
1459 5316 1531 5367 γι,
1555 5317 1603 5355 c.
1632 5302 1720 5366 14,
1759 5303 1849 5357 15.
1885 5300 2107 5358 Hieron.
2144 5304 2219 5358 De
2252 5307 2349 5360 vir.
2399 5307 2614 5362 illustr-

288 5377 392 5456 ἰέἹδ
423 5388 495 5440 De
561 5386 652 5439 vit.
708 5377 988 5456 contempt.

308 5467 338 5498 ι)
496 5460 506 5470 ”
787 5452 795 5461 ’
848 5490 859 5500 .
941 5488 954 5504 ,
1028 5486 1039 5496 .
1147 5485 1156 5495 .

434 5445 1380 5602 £38"!!-1f:\f:&Ilzsll't'pﬁqzizniiffa,
1431 5514 1666 5602 ‘triginta
1708 5529 1984 5602 gnuerunt
2044 5522 2194 5602 (vltis,
2233 5521 2297 5602 utj
2318 5511 2656 5602 Po‘rphvlrius
2702 5520 2851 5563 notat
2897 5509 2964 5602 inI
2989 5505 3289 5602 .Hgmericis
3332 5519 3479 5602 gite-

726 5574 937 5646 VGellius
967 5574 1097 5655 '(Iib.
1130 5603 1162 5637 ιι
1218 5574 1376 5657 Νυεῑζ
1413 5574 1673 5657 Αιείέη-η.
1708 5583 1789 5649 ὃ).
1832 5585 2070 5657 codicem
2096 5582 2357 5657 E‘neidos
2384 5574 2591 5650 Virgilii
2616 5620 2663 5657 ,_
2694 5597 2852 5648 quem
2900 5579 3000 5633 sibi
3035 5576 3220 5629 Romae
3254 5574 3477 5657 lunulam

215 5644 1287 5742 grammaticuseniptunl'in‘sigillariis
1342 5671 1411 5735 xx
1441 5654 1642 5734 _aurcis
1711 5644 2070 5710 ostenderat.
2103 5654 2364 5708 miranda:
2413 5644 2910 5716 ret'ustatis'vocat,
2942 5657 2995 5703 et
3043 5660 3223 5703 tamen
3278 5644 3483 5699 Gellius

215 5725 325 5797 non
356 5725 487 5796 adeo
523 5738 681 5807 longe
706 5725 826 5803 post
856 5728 1068 5799 Virgilii
1101 5736 1312 5780 aetatem
1346 5725 1498 5778 vixit.
