3878 6218
421 274 550 334 Big-
1262 277 1319 331 S.
1368 276 1741 331 ATIIANASII
1780 277 1932 332 OPP.
1976 277 2157 332 PARS
2195 277 2283 332 III.
2322 307 2393 317 —
2425 276 2845 333 EXEGETICA.
3584 281 3703 337 6l6

422 401 811 468 patrocinium,
851 411 911 453 ut
940 398 1042 469 ipsi
1074 401 1455 464 autumabant,
1488 400 1570 452 vel
1604 400 1668 453 ad
1695 398 1982 454 Trinitatis
2017 400 2335 471 mysterium
2362 398 2816 464 subvertendum,
2842 398 2925 452 vel
2959 397 3025 452 ad
3052 398 3323 469 legitimas
3354 398 3574 469 nuptias
3607 414 3706 452 re—

422 492 687 561 jiciendas
713 492 815 545 sibi
845 498 1255 560 compararunt.
1290 489 1479 559 Itaque
1506 491 1634 545 hinc
1657 490 1861 545 factum
1891 503 1993 557 est,
2023 499 2085 545 ut
2116 502 2304 560 postea
2332 490 2494 559 hujus
2526 489 2807 559 Evangelii
2837 504 2866 542 a
2896 489 3144 544 sectariis
3167 488 3412 557 corrupti
3436 498 3490 541 et
3518 488 3704 542 inter-

424 583 591 653 polati
612 624 627 649 ,
664 582 717 636 in
753 598 1060 652 pravosque
1092 598 1289 636 sensus
1317 582 1437 651 ejus
1464 584 1644 637 verbis
1669 584 1956 652 expositis,
1990 582 2409 651 tanquam.libri
2445 582 2764 652 apocryphi,
2797 591 2851 636 et
2875 580 3042 634 veluti
3078 580 3278 650 putida;
3310 581 3703 635 haareticorum

424 678 626 730 mercis
655 676 1001 729 meminerint
1029 674 1085 730 S.
1116 674 1483 744 Epiphanius,
1512 674 1570 728 S.
1596 674 1989 747 Hieronymus,
2017 676 2278 746 Origenes
2298 716 2312 740 ,
2340 673 2496 730 Titus
2532 674 2872 741 Bostrensis,
2918 672 3359 743 Theophylactus
3393 672 3531 742 (30).
3588 670 3705 726 Sed

423 781 485 820 eo
516 777 779 830 revertor,
822 768 967 822 unde
995 768 1158 837 paulo
1185 776 1311 821 ante
1343 768 1622 837 digressus
1653 784 1796 821 sum.

493 858 681 911 XVIII.
714 858 1009 913 Enimvero
1041 876 1147 913 non
1174 860 1350 913 solum
1377 861 1741 925 Alexandritc,
1776 860 1871 915 sed
1904 860 2067 913 etiam
2094 860 2296 929 ubique
2329 859 2697 914 Ecclesiarum
2725 858 2965 913 Orientis
3000 857 3193 929 primis
3220 857 3550 912 Christiana:
3572 854 3705 910 ﬁdei

425 952 640 1005 saeculis
670 952 964 1020 allegorica
997 968 1278 1007 sacrarum
1312 950 1717 1021 Scripturarum
1755 954 2127 1020 interpretatio
2155 954 2411 1007 obtinuit.
2446 953 2509 1006 Et
2546 953 2766 1022 quidem
2800 952 3261 1021 quemadmodum
3294 951 3499 1006 nimius
3532 961 3706 1021 atque

424 1043 824 1098 immoderatus
853 1044 1168 1114 huiusmodi
1198 1044 1665 1112 interpretationis
1690 1059 1843 1107 usus,
1880 1059 2002 1097 cum
2030 1044 2235 1098 scilicet
2260 1044 2457 1098 abditis
2494 1044 2904 1114 Scripturarum
2936 1044 3189 1099 sensibus
3212 1043 3553 1113 explicandis
3589 1045 3704 1097 mi-

423 1136 571 1189 nime
602 1136 861 1203 inservit,
899 1137 991 1191 sed
1019 1153 1082 1191 ea
1112 1137 1348 1205 scriptor
1372 1138 1438 1189 ad
1474 1152 1575 1190 suo
1612 1136 2000 1203 indulgendum
2030 1136 2247 1206 ingenio
2276 1137 2521 1190 abutitur
2541 1178 2555 1199 ,
2588 1138 3017 1205 reprehensione
3045 1137 3241 1206 dignus
3274 1137 3523 1191 videtur:
3562 1138 3635 1190 ita
3672 1151 3706 1190 e

422 1228 641 1283 diverso
672 1230 833 1283 laude
856 1230 1211 1300 excipiendus
1236 1241 1351 1297 est,
1381 1247 1505 1285 cum
1552 1229 1780 1298 receptis
1804 1239 2049 1283 veterum
2090 1229 2312 1283 Patrum
2349 1230 2552 1299 regulis
2582 1246 2643 1284 ac
2686 1230 2970 1299 praeceptis
3001 1230 3233 1292 insistit,
3280 1236 3335 1283 et
3384 1229 3527 1281 intra
3564 1242 3706 1281 suos

422 1319 625 1375 limites
655 1336 714 1375 se
748 1323 1009 1376 continet.
1046 1324 1227 1392 Itaque
1259 1324 1367 1375 duo
1403 1323 1455 1376 in
1493 1323 1595 1376 hac
1630 1338 1687 1376 re
1723 1323 1931 1391 scopuli
1962 1338 2309 1391 summopere
2338 1324 2543 1376 vitandi
2576 1334 2737 1388 sunt,
2772 1324 2826 1376 in
2868 1339 3103 1393 quorum
3136 1323 3366 1377 alterum
3401 1322 3706 1391 impegisse

424 1414 707 1476 videntur,
732 1415 826 1483 qui
857 1425 1147 1483 sequentes
1179 1415 1436 1485 mysticos
1466 1430 1663 1469 sensus
1686 1456 1699 1479 ,
1733 1425 1785 1468 et
1816 1414 2139 1484 allegoricés
2165 1416 2640 1484 interpretationes
2673 1417 2740 1469 ab
2771 1416 3032 1470 historica
3067 1429 3347 1469 sacrarum
3383 1412 3703 1465 litterarum

422 1504 650 1557 veritate
686 1505 1095 1568 discesserunt;
1130 1508 1271 1574 apud
1306 1508 1536 1561 alterum
1565 1522 1695 1560 vero
1729 1508 1925 1561 misere
1957 1506 2303 1577 naufragium
2330 1506 2548 1571 fecisse,
2586 1509 2677 1578 qui
2706 1509 2982 1563 mordicus
3006 1506 3223 1561 litterali
3256 1504 3702 1573 interpretationi

422 1592 782 1662 inhaerentes,
807 1598 1011 1651 relictis
1042 1608 1285 1651 veterum
1312 1607 1627 1652 sanctorum
1656 1597 1879 1652 Patrum
1908 1598 2151 1667 vestigiis
2172 1641 2186 1665 ,
2224 1601 2279 1653 in
2328 1600 2481 1654 devia
2510 1615 2573 1654 ac
2617 1610 2892 1670 praerupta
2930 1601 3193 1654 abeuntes
3243 1597 3298 1651 in
3342 1598 3463 1651 luce
3494 1597 3703 1651 divinae

420 1705 611 1744 eorum
635 1693 913 1761 sapientiae
938 1710 1001 1747 ac
1034 1694 1273 1748 caelestis
1296 1694 1558 1749 doctrinm
1588 1696 1977 1766 caligaverunt.
2014 1694 2192 1765 Atque
2216 1696 2289 1750 ita
2310 1738 2324 1762 ,
2356 1696 2558 1751 clausis
2593 1694 2661 1748 ad
2703 1695 3076 1763 evangelicum
3111 1693 3294 1747 lumen
3343 1690 3553 1755 oculis,
3600 1703 3703 1757 per

424 1781 653 1835 humilia
688 1794 988 1852 reptantes,
1019 1786 1196 1839 solum
1224 1785 1463 1839 humana
1494 1801 1558 1839 ac
1586 1794 1800 1841 terrena
1829 1786 2215 1856 percipientes,
2246 1787 2584 1856 maiestatem
2617 1785 2710 1839 Dei
2745 1786 2799 1839 in
2828 1785 3048 1839 Christo
3074 1784 3305 1837 Domino
3326 1782 3513 1836 animo
3543 1796 3705 1835 com-

422 1872 758 1939 prehendere
782 1876 1178 1944 nequiverunt,
1215 1877 1336 1931 ideo
1361 1892 1561 1947 negare
1588 1878 1705 1932 ausi
1736 1889 1865 1932 sunt
1890 1896 1903 1943 ;
1932 1888 1985 1933 et
2016 1888 2288 1934 sectantes
2319 1880 2681 1933 humilitatem
2711 1878 2903 1932 litterae
2928 1893 2960 1931 a
2985 1876 3321 1931 sublimitate
3368 1874 3703 1930 exciderunt

422 1963 753 2020 Divinitatis.
795 1965 873 2020 Ex
916 1969 1117 2021 horum
1150 1984 1379 2023 numero
1415 1968 1639 2022 fuerunt
1676 1968 1918 2023 Ebionaei
1945 2010 1959 2033 ,
2006 1968 2390 2035 Paulianistze,
2429 1968 2811 2024 Socinianistze
2838 2011 2851 2035 ,
2886 1967 3087 2039 aliique
3133 1967 3362 2021 istorum
3404 1979 3699 2049 sequaces:

421 2054 787 2123 Quamobrem
824 2074 891 2112 ne
915 2069 1062 2113 recto
1095 2060 1287 2114 itinere
1315 2062 1506 2115 relicto
1529 2100 1542 2123 ,
1579 2062 1633 2113 in
1670 2062 1850 2115 brevia
1883 2078 1946 2116 ac
1978 2070 2153 2131 syrtes
2183 2062 2535 2127 aberremus,
2572 2061 2627 2114 in
2660 2076 2718 2115 re
2754 2069 2861 2114 tam
2894 2060 3093 2114 difﬁcili
3114 2098 3128 2122 ,
3158 2058 3403 2127 tantique
3428 2055 3700 2110 momentl

422 2150 648 2204 omnino
676 2153 942 2207 servanda
971 2168 1001 2207 a
1029 2154 1187 2207 nobis
1215 2162 1298 2207 est
1332 2154 1538 2223 regula,
1568 2169 1731 2222 quam
1764 2155 1865 2207 sibi
1898 2155 2237 2223 sequendam
2270 2153 2559 2223 proposuit
2585 2161 2811 2207 sanctus
2840 2151 3135 2222 Gregorius
3166 2148 3567 2213 Nazianzenus,
3601 2148 3701 2216 qui

422 2242 477 2295 in
502 2242 749 2296 oratione
778 2245 1196 2315 quadragesima
1221 2246 1496 2299 secunda:
1534 2264 1550 2296 ι
1577 2243 1707 2311 Nos,
1730 2245 1925 2314 inquit,
1955 2248 2130 2301 media
2158 2246 2393 2315 quadarn
2422 2246 2509 2298 via
2534 2245 2676 2299 inter
2701 2260 2797 2299 eos
2813 2247 2908 2316 qui
2934 2246 3205 2301 crassiore
3226 2244 3452 2298 omnino
3476 2242 3703 2311 ingenio

421 2342 569 2396 sunt,
605 2344 658 2387 et
688 2348 782 2387 eos
809 2336 901 2403 qui
935 2336 1101 2388 nimio
1130 2337 1609 2406 contemplationis
1634 2348 1687 2390 et
1718 2339 1999 2407 anagogiae
2034 2340 2215 2393 studio
2245 2340 2542 2404 ducuntur,
2576 2338 2912 2403 incedentes,
2939 2348 3000 2392 ut
3023 2354 3124 2392 nec
3151 2352 3378 2407 prorsus
3403 2336 3611 2388 inertes
3635 2348 3700 2388 ac

421 2427 620 2495 torpidi
658 2443 979 2484 maneamus
1001 2469 1017 2493 ,
1051 2446 1152 2485 nec
1182 2447 1378 2485 rursus
1409 2431 1743 2486 curiosiores
1771 2433 1944 2486 simus
1973 2448 2137 2501 quam
2167 2450 2264 2503 par
2294 2434 2399 2499 sit,
2436 2442 2598 2503 atque
2630 2448 2660 2487 a
2698 2434 2977 2503 proposito
3006 2439 3327 2502 argumento
3374 2427 3700 2483 cxcidamus

419 2528 474 2573 et
502 2536 793 2591 evagemur
822 2525 1076 2593 (alterum
1108 2526 1253 2580 enim
1278 2524 1565 2580 Judaicum
1597 2526 2002 2595 quodammodo
2029 2537 2081 2581 et
2108 2528 2380 2596 abjectum
2405 2567 2419 2591 ,
2456 2527 2689 2581 alterum
2725 2526 2964 2595 ineptum
2988 2566 3003 2592 ,
3038 2540 3102 2579 ac
3133 2524 3472 2577 somniorum
3505 2519 3697 2588 conje-

417 2624 572 2672 ctore
603 2618 860 2687 dignum,
888 2634 1182 2689 paremque
1211 2631 1506 2690 utrumque
1532 2622 2011 2691 reprehensionem
2049 2628 2310 2691 meretur)
2336 2664 2349 2686 ,
2376 2622 2441 2675 ad
2474 2622 2621 2675 hunc
2651 2620 2874 2674 modum
2907 2622 2973 2672 de
3018 2617 3103 2670 his
3147 2616 3312 2668 rebus
3345 2628 3445 2682 pro
3492 2612 3695 2664 virium

420 2722 734 2767 nostrarum
767 2714 988 2767 modulo
1022 2730 1129 2768 non
1164 2716 1329 2768 nimis
1356 2715 1593 2769 absurde
1616 2730 1713 2767 nec
1749 2713 1977 2768 ridicule
1999 2715 2391 2769 disseremus.»
2427 2713 2702 2767 Tencatur
2731 2713 2895 2766 etiam
2934 2711 3104 2763 altera
3125 2705 3696 2777 intcrpretationislex

420 2821 453 2860 α
479 2820 676 2875 magno
708 2805 1015 2875 Augustino
1049 2807 1279 2875 aliisque
1311 2804 1567 2860 Patribus
1595 2805 1826 2868 tradita,
1861 2815 1921 2858 ut
1968 2814 2081 2859 tum
2112 2806 2287 2859 solum
2321 2805 2627 2874 proprietas
2660 2805 2851 2857 litterte
2881 2803 3257 2870 relinquatur,
3291 2800 3337 2852 si
3369 2813 3437 2851 ex
3468 2797 3697 2857 litterali

420 2899 775 2969 intelligentia
799 2900 1071 2954 absurdus
1103 2900 1402 2969 Scripturas
1431 2914 1654 2964 sensus,
1692 2900 1776 2953 vel
1809 2900 2095 2954 catholicae
2118 2899 2375 2954 Ecclesia:
2405 2900 2668 2953 doctrina:
2692 2909 2744 2952 et
2769 2896 3046 2952 traditioni
3079 2894 3390 2949 contrarius
3415 2892 3692 2946 eliciatur.

422 2992 521 3048 Sin
546 3008 706 3049 secus
726 3035 740 3061 ,
768 2994 843 3049 ita
878 2995 1167 3065 mysticum
1196 3003 1250 3049 et
1278 2994 1630 3064 allegoricum
1662 3010 1883 3049 sensum
1915 3011 1946 3048 a
1976 2994 2232 3050 Patribus
2258 2994 2546 3064 probatum
2581 2994 2738 3063 sequi
2770 2994 3023 3062 placeat,
3056 3000 3115 3045 ut
3152 2989 3453 3059 proprietas
3498 2989 3698 3041 litterae

420 3097 532 3155 non
557 3084 895 3153 repudietur.
932 3082 1106 3138 Verba
1140 3084 1432 3154 Augustini
1464 3085 1520 3138 in
1553 3084 1694 3138 libro
1738 3100 1859 3149 vni,
1888 3099 2009 3153 cap.
2055 3085 2078 3137 I
2132 3084 2209 3138 De
2247 3084 2430 3139 Genesi
2471 3086 2539 3138 ad
2574 3086 2845 3148 litteram,
2874 3083 2965 3137 ubi
3007 3082 3251 3151 loquitur
3291 3081 3359 3135 de
3400 3080 3655 3149 paradiso
3678 3124 3693 3145 ,

421 3173 549 3227 talia
579 3182 741 3227 sunt:
787 3191 802 3223 ι
832 3173 975 3227 Sane
1001 3172 1047 3225 si
1079 3173 1228 3227 nullo
1263 3173 1428 3227 modo
1457 3185 1681 3243 possent
1704 3174 1854 3228 salva
1884 3175 1988 3228 ﬁde
2017 3175 2263 3229 veritatis
2284 3190 2346 3229 ea
2366 3216 2381 3240 ,
2413 3190 2534 3245 quae
2565 3175 2923 3244 corporaliter
2946 3174 3035 3228 hic
3068 3173 3349 3227 nominata
3382 3180 3543 3235 sunt,
3570 3186 3697 3225 cor-

418 3265 686 3335 poraliter
706 3265 873 3319 etiam
898 3264 1094 3334 accipi,
1126 3265 1258 3334 quid
1288 3266 1435 3319 aliud
1465 3276 1804 3327 remaneret,
1837 3267 1942 3320 nisi
1977 3275 2037 3319 ut
2061 3283 2123 3321 ea
2148 3269 2328 3336 potius
2361 3268 2587 3336 ﬁgurate
2621 3268 2767 3322 dicta
2817 3266 3247 3337 intelligeremus
3269 3306 3283 3327 ,
3333 3279 3497 3334 quam
3544 3262 3695 3317 Scri-

418 3364 637 3425 pturam
671 3365 918 3410 sanctam
949 3355 1114 3424 impie
1139 3356 1525 3424 culparemus?
1556 3356 1726 3410 Porro
1746 3368 1927 3411 autem
1962 3358 2006 3412 si
2044 3374 2150 3411 non
2183 3360 2359 3413 solum
2397 3375 2502 3413 non
2530 3360 2872 3430 impediunt,
2906 3374 3098 3413 verum
3132 3359 3295 3412 etiam
3340 3358 3571 3413 solidius
3606 3370 3698 3410 as-

419 3458 611 3506 serunt
638 3448 808 3503 divini
843 3448 1046 3517 eloquii
1073 3449 1440 3503 narrationem
1473 3449 1589 3503 bazc
1619 3449 1781 3502 etiam
1814 3449 2171 3518 corporaliter
2201 3451 2473 3506 intellecta
2495 3494 2510 3519 ,
2542 3468 2703 3507 nemo
2727 3454 2867 3517 erit,
2904 3462 2963 3506 ut
2990 3454 3185 3521 opinor
3205 3492 3219 3515 ,
3258 3463 3367 3506 tam
3402 3453 3697 3507 inﬁdeliter

418 3534 703 3613 pertinax,
728 3540 845 3610 qui,
875 3554 999 3593 cum
1033 3554 1096 3593 ea
1130 3540 1429 3594 secundum
1463 3540 1703 3608 regulam
1734 3538 1859 3592 ﬁdei
1879 3542 2125 3608 exposita
2151 3543 2368 3611 proprie
2394 3543 2610 3609 viderit,
2638 3544 2791 3597 malit
2827 3545 2881 3597 in
2913 3544 3131 3613 propria
3159 3559 3442 3598 remanere
3466 3554 3696 3599 senten-

418 3637 526 3701 tia,
556 3633 600 3690 si
630 3631 771 3687 forte
805 3633 881 3686 illi
910 3634 1025 3687 visa
1055 3633 1306 3695 fuerant,
1344 3630 1566 3685 nonnisi
1600 3630 1825 3698 ﬁgurate
1856 3644 2015 3698 posse
2043 3632 2237 3700 accipi.
2267 3651 2286 3684 ι
2341 3632 2568 3688 Demum
2605 3635 2671 3688 ad
2724 3636 2841 3689 haec
2883 3646 2936 3689 et
2988 3636 3120 3688 illud
3171 3636 3478 3690 addendum
3519 3646 3694 3706 puto,

416 3708 975 3799 quod‘doce‘twbeatus
1002 3724 1240 3780 Joannes
1264 3723 1727 3800 Chrysostomus,
1765 3725 2011 3775 omnium
2044 3724 2138 3792 qui
2184 3742 2424 3796 unquam
2476 3727 2698 3781 fuerunt
2749 3738 2843 3782 aut
2890 3741 3017 3785 sunt
3066 3730 3471 3800 Scripturarum
3518 3731 3695 3786 inter-

416 3834 619 3895 pretes,
650 3822 1159 3894 praestantissimus,
1190 3828 1243 3873 et
1268 3797 1414 3888 quod
1448 3834 1641 3872 omnes
1684 3832 1795 3885 prae
1820 3818 1996 3871 oculis
2032 3818 2232 3873 habere
2262 3821 2481 3885 debent,
2520 3822 2613 3891 qui
2646 3838 2834 3878 sacras
2866 3823 3178 3895 Scripturas
3209 3826 3561 3893 interpretari
3594 3840 3695 3882 aut

417 3917 596 3987 legere
620 3916 1042 3986 aggrediuntur:
1080 3931 1097 3962 ι
1122 3910 1308 3980 Neque
1352 3909 1497 3964 enim
1521 3952 1535 3976 ,
1586 3911 1765 3980 inquit
1806 3911 1948 3981 (3|),
1997 3912 2261 3980 sapientia
2318 3913 2558 3969 humana
2612 3932 2750 3986 opus
2783 3917 2947 3972 habet
2973 3918 3153 3973 divina
3191 3918 3503 3988 Scriptura,
3539 3930 3601 3973 ut
3627 3936 3692 3975 ea

417 4026 541 4081 quae
570 4010 771 4077 scripta
799 4018 947 4069 sunt,
982 4003 1373 4072 intelligantur,
1410 4001 1503 4054 sed
1529 4001 1861 4055 revelatione
1889 4000 2148 4070 Spiritus,
2179 4011 2239 4055 ut
2262 4016 2449 4056 verum
2481 4019 2704 4059 sensum
2727 4022 2919 4062 eorum
2950 4025 3072 4078 quae
3097 4009 3151 4063 in
3177 4010 3284 4065 illis
3312 4013 3688 4068 continentur,

416 4104 800 4176 percipientes,
834 4113 1089 4170 magnam
1120 4098 1243 4151 inde
1274 4094 1575 4149 referamus
1609 4093 1918 4148 utilitatem.
1945 4113 1963 4145 ι

488 4195 629 4250 XIX.
663 4194 931 4248 Caeterum
984 4190 1248 4260 mysticus
1295 4204 1389 4242 seu
1433 4187 1757 4257 allegoricus
1794 4184 2203 4254 Scripturarum
2234 4201 2429 4243 sensus
2455 4188 2809 4255 {auctoritate
2844 4190 2980 4245 Novi
3030 4191 3366 4248 Testamenti
3408 4195 3685 4251 innititur.

415 4294 631 4350 Passim
656 4293 804 4347 enim
829 4298 1127 4345 occurrunt
1150 4288 1205 4339 in
1244 4283 1557 4355 Evangeliis
1588 4291 1641 4335 et
1665 4281 1944 4336 canonicis
1976 4282 2231 4352 Epistolis
2263 4284 2478 4354 mystici
2511 4301 2682 4340 sacrae
2714 4285 3009 4355 Scriptura:
3035 4303 3230 4343 sensus
3278 4298 3331 4343 et
3380 4290 3689 4361 allegorica

416 4389 828 4462 explicationes.
852 4384 1031 4450 Quare
1063 4393 1294 4448 magnus
1320 4376 1617 4447 Gregorius
1642 4390 1926 4445 exponens
1956 4374 2205 4431 Romano
2232 4378 2437 4447 p0pulo
2468 4379 2782 4447 parabolam
2806 4380 2955 4433 illam
2986 4380 3051 4434 de
3079 4381 3300 4435 homine
3326 4382 3421 4450 qui
3442 4385 3687 4443 exiverat

416 4480 483 4534 ad
508 4476 919 4537 seminandum,
949 4481 1093 4527 recte
1126 4470 1340 4523 aiebat:
1370 4487 1387 4518 ι
1419 4466 1477 4520 Si
1510 4481 1608 4520 nos
1632 4464 1787 4521 vobis
1812 4480 1998 4520 semen
2023 4464 2249 4521 verbum
2274 4507 2290 4532 ,
2324 4484 2515 4539 agrum
2550 4470 2815 4525 mundum
2834 4509 2849 4534 ,
2880 4473 3130 4525 volucres
3157 4472 3425 4526 daemonia
3452 4513 3466 4538 ,
3496 4476 3688 4544 spinas
3722 4518 3727 4521 .

414 4571 636 4627 divitias
662 4567 971 4639 signiﬁcare
1000 4563 1341 4624 diceremus,
1371 4560 1437 4613 ad
1462 4558 1796 4613 credendum
1835 4559 1993 4611 nobis
2035 4576 2189 4615 mens
2225 4560 2454 4615 forsitan
2490 4572 2670 4617 vestra
2706 4564 3014 4631 dubitaret;
3046 4566 3189 4620 unde
3221 4576 3274 4619 et
3307 4565 3449 4620 idem
3494 4566 3687 4623 Domi-

416 4675 521 4715 nus
547 4675 643 4729 per
681 4654 1034 4723 semetipsum
1066 4650 1319 4719 dignatus
1346 4656 1431 4703 est
1463 4662 1735 4716 exponere
1766 4647 1911 4716 quod
1945 4648 2194 4716 dicebat,
2227 4658 2287 4703 ut
2321 4652 2510 4706 sciatis
2543 4668 2725 4707 rerum
2769 4655 3197 4724 signiﬁcationes
3223 4672 3468 4725 quaerere
3512 4659 3569 4713 in
3616 4663 3688 4716 iis

414 4755 578 4809 etiam
612 4765 734 4819 qua:
762 4764 855 4818 per
886 4746 1237 4814 semetipsum
1267 4740 1445 4794 noluit
1470 4739 1767 4806 explicare.
1798 4738 2130 4808 Exponenda
2162 4758 2291 4821 ergo
2319 4746 2463 4813 quod
2500 4746 2671 4812 dixit,
2702 4746 2931 4817 ﬁgurate
2963 4763 3022 4802 se
3056 4748 3205 4817 loqui
3238 4748 3513 4813 innotuit,
3549 4768 3692 4821 qua-

416 4858 575 4900 tenus
604 4850 784 4896 certos
810 4854 908 4893 vos
941 4838 1219 4899 redderet,
1256 4849 1377 4887 cum
1408 4831 1562 4885 vobis
1600 4838 1785 4883 nostra
1812 4828 2080 4901 fragilitas
2112 4820 2401 4887 verborum
2438 4837 2585 4890 illius
2617 4838 2818 4907 ﬁguras
2848 4842 3102 4908 aperiret.
3132 4860 3150 4892 ι
3197 4841 3264 4895 Εῑ
3290 4843 3508 4912 quidem
3560 4820 3689 4914 quis

417 4948 658 5004 unquam
694 4932 798 4985 sibi
826 4928 1172 4999 persuaderet
1200 4941 1296 4994 per
1322 4924 1462 4977 duos
1499 4921 1730 4975 Abrahae
1761 4920 1903 4976 ﬁlios
1925 4963 1939 4985 ,
1970 4938 2204 4991 quorum
2242 4941 2382 4980 unus
2409 4940 2571 4982 natus
2591 4931 2765 4983 estde
2792 4931 2988 4985 ancilla
3010 4973 3025 4998 ,
3057 4932 3193 4986 alter
3228 4934 3295 4987 de
3334 4933 3503 4988 libera
3530 4977 3545 4999 ,
3576 4937 3689 4990 duo

416 5028 762 5083 Testamenta
787 5019 1117 5091 signiﬁcari,
1152 5031 1321 5071 unum
1348 5015 1569 5083 quidem
1604 5013 1655 5064 in
1682 5020 1866 5067 monte
1896 5011 2025 5067 Sina
2054 5014 2106 5067 in
2142 5017 2462 5071 servitutem
2512 5033 2780 5088 generans
2807 5038 2821 5086 ;
2853 5022 3083 5077 alterum
3112 5040 3242 5078 νει-ο
3273 5025 3327 5077 in
3372 5025 3684 5081 libertatem

415 5122 651 5175 ﬁliorum
685 5114 816 5180 Dei,
850 5128 957 5182 qua
986 5111 1242 5167 Christus
1275 5123 1374 5161 nos
1402 5104 1627 5160 donavit
1652 5104 1708 5156 ‘?
1735 5104 1871 5169 Quis
1897 5107 2140 5161 crederet
2167 5123 2263 5176 per
2289 5109 2627 5166 sacerdotem
2654 5112 3048 5169 Melchisedech
3075 5125 3338 5170 aeternum
3370 5118 3684 5185 pontiﬁcem

412 5212 693 5266 Christum
722 5205 1071 5267 Dominum',
1101 5217 1196 5271 per
1220 5197 1630 5253 tabernaculum
1666 5196 1865 5249 crelum
1886 5197 1924 5261 ',
1952 5211 2046 5264 per
2075 5199 2396 5267 sanguinem
2436 5203 2737 5267 hircorum,
2773 5212 2826 5257 et
2857 5204 3154 5258 vitulorum
3185 5206 3509 5276 sanguinem
3536 5208 3687 5277 ejus-

412 5302 536 5356 dem
570 5297 775 5352 Christi
798 5293 1048 5356 Domini,
1081 5305 1171 5360 per
1207 5287 1409 5341 Sancta
1441 5292 1758 5338 sanctorum
1788 5283 2016 5338 interius
2046 5286 2168 5339 caeli
2209 5289 2416 5344 aditum
2450 5292 2835 5347 adumbratum
2875 5293 3121 5350 fuisse“?
3166 5294 3300 5361 Quis
3350 5296 3405 5349 in
3433 5299 3685 5351 animum

484 5417 502 5449 ί
530 5415 705 5471 Galat.
742 5430 816 5477 tv,
851 5411 941 5473 22,
973 5410 1066 5473 23,
1103 5422 1255 5476 seqq.
1332 5406 1351 5435 ²
1379 5402 1542 5457 Hebr.
1581 5418 1701 5465 vrn,
1734 5401 1757 5453 I
1798 5416 1952 5469 seqq.
2051 5403 2071 5433 ³
2100 5402 2261 5458 Hebr.
2289 5423 2405 5472 vm,
2435 5408 2468 5460 5
2495 5424 2646 5479 seqq.
2727 5410 2748 5440 ⁸
2780 5408 2942 5465 Hebr.
2970 5426 3044 5476 ιι,
3073 5410 3128 5475 5,
3154 5411 3215 5464 il
3256 5426 3410 5481 seqq.

485 5530 597 5603 (50)
621 5529 819 5603 Epiph.
849 5530 980 5583 liter.
1017 5541 1163 5581 vaxn
1195 5566 1209 5590 ,
1242 5539 1360 5594 cap.
1393 5522 1427 5575 ἓ
1453 5540 1468 5590 ;
1498 5520 1642 5575 Hier.
1669 5519 1823 5587 praef.
1858 5521 2006 5575 hom.
2028 5522 2082 5575 in
2107 5523 2335 5591 Matth;
2362 5526 2509 5599 Orig.
2542 5530 2689 5585 hom.
2716 5531 2767 5583 in
2800 5529 2927 5585 Luc.
2952 5548 2970 5595 ;
2992 5529 3097 5585 Tit.
3126 5530 3402 5596 Bostren.,
3430 5530 3686 5603 Tbeoph.

411 5605 479 5657 ad
495 5600 586 5671 ‘pr.
611 5600 743 5653 Luc.

486 5666 599 5741 (51)
627 5671 785 5724 Hom.
821 5671 875 5721 in
907 5666 1092 5721 Cenes.
