3878 6218
195 286 309 339 617
921 280 1011 335 DE
1052 279 1334 337 TlTULlS
1372 280 1826 339 PSALM'ORUM.
1863 312 1933 322 —
1974 280 2365 337 ANTONELLI
2406 279 2801 338 PREFATIO.
3374 280 3479 337 618

198 417 370 459 suum
406 400 689 456 induceret
721 416 815 471 per
850 402 1103 456 animalia
1126 443 1141 468 ,
1176 418 1407 471 quorum
1440 403 1663 474 sanguis
1692 402 2023 458 inferebatur
2052 419 2150 473 pro
2176 412 2401 474 peccato
2431 403 2485 457 in
2521 401 2719 457 Sancta
2752 417 2847 473 per
2870 401 3178 472 pontiﬁcem
3203 441 3219 466 ,
3249 416 3477 471 corpora

195 501 389 546 autem
417 493 801 547 cremabantur
822 502 975 547 extra
1010 502 1190 547 castra
1218 537 1233 560 ,
1265 494 1561 549 indicatum
1589 510 1711 548 esse
1738 493 1945 561 Jesum,
1980 503 2040 549 ut
2063 494 2429 549 sanctiﬁcaret
2474 510 2570 565 per
2595 510 2755 549 suum
2809 493 3131 563 sanguinem
3168 492 3430 563 populum
3459 532 3475 556 ,

197 596 360 639 extra
406 596 615 655 portam
651 586 886 641 civitatis
913 586 1214 643 Jerusalem
1257 606 1549 658 passurum
1594 605 1749 655 esse;
1814 591 1917 644 nisi
1964 591 2080 644 haec
2106 591 2287 644 divina
2319 599 2373 643 et
2396 589 2714 644 admiranda
2738 589 2995 660 mysteria
3018 589 3176 644 nobis
3198 587 3478 658 apostolus

198 675 412 732 Paulus
442 679 753 747 aperiret“?
786 678 953 748 Cujus
984 680 1036 734 in
1068 690 1305 735 mentem
1342 697 1583 752 unquam
1616 682 1870 746 venisset,
1900 697 1994 751 per
2019 680 2225 746 Adam,
2261 681 2354 751 qui
2381 680 2629 736 immisso
2669 696 2699 735 a
2732 679 2961 733 Domino
3002 693 3200 748 sopore
3221 720 3237 745 ,
3276 685 3330 732 et
3377 683 3469 745 pel

201 770 373 824 Evam
395 812 410 837 ,
437 786 601 840 quam
634 787 700 826 ex
746 772 1067 827 dormientis
1099 782 1253 828 costa
1288 772 1343 827 in
1370 775 1653 829 mulierem
1684 773 1828 830 Deus
1857 776 2203 838 aediﬁcavit“,
2236 783 2291 829 et
2320 774 2387 827 de
2419 788 2526 842 qua
2565 772 2771 827 dictum
2805 773 2924 827 est'
2953 790 2965 825 :
3002 770 3356 837 Quamobrem
3387 785 3474 822 re-

201 866 409 935 linquet
442 866 595 918 homo
620 875 820 934 patrem
862 883 1015 919 suum
1038 907 1052 933 ,
1076 876 1127 919 et
1156 878 1375 920 matrem
1397 907 1411 932 ,
1438 877 1487 921 et
1517 868 1803 922 adhaerebit
1828 871 1984 923 uxori
2006 885 2136 934 sure,
2158 877 2207 922 et
2237 876 2391 921 erunt
2415 867 2519 919 duo
2554 866 2609 918 in
2636 882 2794 919 carne
2817 882 2922 918 una
2947 880 2965 917 :
2990 864 3271 920 Christum
3303 861 3472 932 signi-

202 956 355 1009 ﬁcari
382 963 435 1009 et
462 954 782 1022 Ecclesiam,
814 972 936 1027 quae
967 972 1034 1011 ex
1066 958 1233 1013 latere
1255 958 1462 1013 Christi
1485 959 1699 1014 Domini
1726 962 1995 1032 sanguine
2024 971 2079 1016 et
2106 976 2246 1030 aqua
2268 960 2468 1015 ﬂuente
2498 958 2895 1013 obdormientis
2927 958 2979 1011 in
3003 972 3187 1022 cruce,
3220 955 3470 1010 immisso

205 1052 537 1105 voluntariae
571 1052 763 1106 mortis
791 1066 988 1122 sopore
1010 1093 1026 1118 ,
1057 1053 1336 1108 eﬂ‘ormata
1363 1064 1447 1109 est
1468 1095 1485 1122 ,
1515 1064 1569 1110 et
1602 1057 1868 1126 sanguine
1895 1057 2067 1126 ipsius
2102 1057 2375 1122 redempta
2395 1096 2409 1117 ,
2437 1060 2491 1108 et
2524 1069 2665 1123 aqua
2692 1052 2945 1121 baptismi
2978 1050 3314 1107 sanctiﬁcata
3338 1089 3353 1113 ,
3399 1049 3472 1103 ob

206 1161 377 1214 quam
414 1146 634 1215 reliquit
665 1145 777 1216 (5‘2)
815 1156 1079 1200 aeternum
1119 1161 1280 1201 suum
1317 1146 1531 1202 Patrem
1558 1190 1572 1215 ,
1609 1148 1947 1203 desecndens
1978 1149 2093 1218 ipse
2121 1150 2186 1204 de
2209 1148 2369 1211 ccelo,
2402 1158 2461 1201 ut
2486 1148 2780 1201 humanam
2808 1160 3026 1200 carnem
3072 1144 3393 1212 susciperet,
3419 1149 3472 1193 et

204 1240 447 1296 deseruit
480 1250 730 1307 matrem,
756 1257 949 1311 nempe
980 1242 1247 1313 ingratam
1272 1254 1326 1298 et
1352 1244 1687 1298 iucredulam
1716 1243 2081 1315 Synagogam,
2106 1245 2247 1300 unde
2271 1244 2559 1313 originem,
2585 1252 2646 1297 ut
2674 1243 2861 1306 homo,
2892 1240 3144 1301 ducebat,
3178 1247 3239 1293 ut
3264 1237 3469 1293 scilicet

204 1333 508 1388 adhaereret
542 1333 799 1389 Ecclesia:
827 1334 1064 1389 ﬁdelium
1087 1375 1101 1399 ,
1136 1344 1191 1389 et
1215 1335 1335 1405 ejus
1371 1345 1534 1405 caput
1562 1337 1831 1391 exsistens
1864 1336 2154 1406 mysticum
2192 1336 2322 1391 illud
2351 1351 2549 1405 corpus
2575 1333 2920 1399 ell‘ormaret;
2966 1331 3071 1386 nisi
3106 1331 3247 1384 idem
3276 1330 3469 1383 beatus

206 1430 488 1498 apostolus
515 1428 876 1482 admiratione
912 1428 1327 1497 obstupefactus
1357 1430 1421 1482 ad
1452 1430 1543 1482 illa
1570 1430 1735 1484 verba
1770 1431 2016 1485 clamans
2050 1430 2296 1484 diceret:
2339 1428 2745 1483 Sacramentum
2785 1428 2881 1480 hoc
2924 1441 3175 1494 magnum
3203 1434 3324 1487 est;
3377 1438 3470 1493 ego

206 1531 385 1574 autem
407 1521 525 1572 dico
555 1520 608 1572 in
634 1517 865 1585 Christo,
896 1528 943 1571 et
979 1520 1035 1572 in
1069 1519 1303 1573 Ecclesia
1323 1522 1366 1576 ⁸.
1395 1520 1529 1587 Quis
1552 1521 1688 1583 haec,
1714 1530 1770 1574 et
1797 1521 2031 1590 plurima
2062 1520 2189 1586 alia,
2223 1537 2344 1591 quae
2376 1522 2428 1574 in
2455 1521 2655 1575 divinis
2676 1519 2828 1574 Pauli
2864 1504 3060 1573 litteris
3095 1518 3468 1585 continentur,

207 1632 448 1687 unquam
479 1615 753 1672 crederet.
786 1615 890 1669 nisi
920 1630 985 1670 ea
1015 1630 1114 1670 nos
1144 1617 1333 1671 beatus
1360 1617 1641 1686 apostolus
1672 1617 1964 1672 edoceret?
1986 1616 2172 1687 Neque
2206 1616 2326 1671 ideo
2352 1613 2610 1685 Origenes
2640 1614 3061 1684 reprehenditur
3084 1613 3152 1666 ab
3182 1610 3470 1666 Eustathio

208 1720 445 1780 martyre
470 1709 808 1763 Antiocheno
843 1710 991 1780 (55),
1022 1725 1052 1763 a
1084 1725 1282 1779 magno
1310 1709 1513 1767 Basilio
1536 1711 1648 1782 (54)
1669 1752 1684 1775 ,
1713 1711 1923 1767 Joanne
1953 1712 2345 1783 Chrysostomo
2374 1712 2485 1781 (55)
2508 1750 2522 1771 ,
2555 1710 2888 1780 Epiphanio,
2924 1707 3247 1777 Theophilo.
3281 1706 3473 1760 Hiero-

208 1819 371 1874 nymo
399 1802 549 1872 (56),
576 1802 829 1871 aliisque,
864 1801 1009 1871 quod
1037 1802 1336 1870 spiritalem
1372 1801 1779 1872 Scripturarum
1813 1819 2035 1859 sensum
2059 1802 2395 1872 exposuerit,
2434 1802 2515 1856 vel
2539 1800 2685 1871 quod
2717 1800 2919 1870 ingenii
2948 1798 3167 1853 solertia
3207 1797 3467 1862 caruerit,

208 1895 315 1967 qua
340 1896 624 1966 mysticos,
661 1909 807 1964 quos
836 1910 1023 1949 revera
1059 1895 1436 1963 complectitur
1474 1895 1755 1965 Scriptura
1784 1912 1998 1963 sensus,
2027 1896 2410 1965 investigarct;
2446 1894 2539 1949 sed
2565 1893 2708 1963 quod
2734 1908 2795 1947 ea
2822 1892 2877 1944 in
2906 1905 2967 1946 re
2995 1891 3223 1944 nimium
3253 1889 3471 1958 ingenio

209 2003 308 2042 suo
339 1988 644 2051 indulserit,
676 1994 729 2041 et
767 1996 950 2056 spreto
973 1987 1188 2041 litterali
1218 2003 1382 2042 sensu
1413 1988 1698 2059 allegorias
1724 1989 1999 2058 quaesierit
2032 1987 2165 2042 locis
2186 1988 2573 2057 propemodum
2600 1985 2921 2049 innumeris,
2958 1998 2988 2037 a
3019 1983 3219 2052 quibus
3244 1997 3467 2051 prorsus

209 2080 399 2133 alienae
429 2086 579 2133 sunt.

275 2169 393 2223 XX.
420 2168 480 2223 Et
510 2168 728 2239 quidem
759 2177 969 2225 veteres
1009 2167 1265 2224 Ecclesia}
1305 2168 1559 2226 doctores
1587 2172 1751 2226 etiam
1779 2171 1872 2226 ubi
1907 2171 2079 2227 sacris
2111 2170 2409 2241 Scripturis
2437 2168 2772 2239 explicandis
2803 2167 3090 2222 litteralem
3118 2166 3301 2236 potius
3340 2180 3467 2221 sen-

207 2280 326 2321 sum
357 2280 519 2335 quam
556 2265 907 2335 allegoricum
934 2265 1107 2319 secuti
1143 2272 1300 2330 sunt,
1333 2265 1632 2334 spiritalem
1666 2274 1846 2320 tamen
1870 2281 1934 2320 ac
1964 2266 2253 2337 mysticum
2292 2275 2595 2336 agnoscunt
2618 2282 2681 2319 ac
2708 2266 2959 2335 probant,
2985 2275 3038 2320 et
3068 2264 3303 2334 primum
3342 2276 3467 2317 cor-

207 2356 348 2428 pori,
380 2356 611 2410 alterum
645 2372 773 2411 vero
802 2356 997 2410 animae
1012 2364 1352 2425 comparant.
1374 2355 1744 2412 Tertullianus
1772 2373 1936 2427 agens
1953 2358 2019 2412 de
2047 2356 2306 2411 Oratione
2333 2356 2615 2412 Dominica
2644 2358 2759 2426 (57)
2785 2377 2796 2411 :
2834 2377 2851 2408 ι
2876 2356 3226 2427 Quanquam,
3260 2355 3463 2426 inquit.

207 2452 407 2506 Panem
460 2460 700 2506 nostrum
748 2453 1115 2521 quotidianum
1168 2452 1238 2504 da
1290 2452 1439 2506 nobis
1492 2451 1667 2517 hodie,
1724 2454 2043 2523 spiritaliter
2093 2452 2275 2522 potius
2348 2452 2737 2522 intelligamus.
2791 2452 3044 2507 Christus
3102 2452 3246 2505 enim
3301 2450 3461 2520 panis

207 2553 388 2599 noster
419 2553 520 2607 est,
556 2543 684 2613 quia
720 2543 825 2597 vita
849 2542 1124 2607 Christus,
1154 2552 1208 2598 et
1234 2544 1342 2599 vita
1367 2544 1542 2615 panis,
1566 2552 1670 2598 etc.
1700 2542 1885 2613 Itaque
1912 2547 2142 2613 petendo
2167 2560 2359 2615 panem
2388 2544 2790 2615 quotidianum,
2827 2543 3241 2613 perpetuitatem
3273 2551 3465 2610 postu-

208 2636 383 2691 lamus
412 2637 465 2690 in
498 2635 740 2704 Christo,
775 2647 829 2692 et
859 2637 1292 2693 individuitatem
1323 2655 1355 2694 a
1387 2654 1615 2709 corpore
1638 2638 1779 2710 ejus.
1814 2637 1921 2694 Sed
1967 2650 2020 2695 et
2052 2641 2180 2709 quia
2222 2642 2512 2696 carnaliter
2544 2639 2852 2693 admittitur
2884 2638 2987 2693 ista
3044 2652 3173 2701 vox,
3202 2652 3311 2691 non
3346 2635 3467 2692 sine

208 2733 466 2803 religione
488 2741 666 2803 potest
692 2732 807 2787 fieri
835 2741 889 2788 et
922 2733 1182 2802 spiritalis
1209 2734 1529 2805 disciplinre.
1567 2733 1769 2789 Panem
1799 2734 1944 2789 enim
1975 2735 2085 2789 neti
2122 2736 2362 2802 mandat,
2399 2735 2544 2805 quod
2586 2734 2765 2789 solum
2812 2733 3062 2789 ﬁdelibus
3089 2733 3461 2789 necessarium

207 2836 317 2891 est;
342 2834 534 2881 cretera
567 2826 714 2881 enim
747 2828 995 2881 nationes
1026 2827 1332 2897 requirunt.
1370 2827 1473 2883 Ubi
1512 2829 1749 2884 dictione
1779 2829 1870 2884 illa
1902 2830 2219 2899 spiritaliter
2249 2830 2600 2900 allegoricum
2628 2838 2681 2885 et
2705 2830 2993 2900 mysticum
3017 2829 3306 2883 verborum
3336 2844 3461 2883 sen-

211 2937 353 2985 sum,
390 2922 483 2976 illa
511 2936 640 2976 vero
672 2922 958 2976 carnaliter
985 2922 1269 2977 litteralem
1311 2924 1651 2994 signiﬁcata
1690 2923 1801 2979 Nec
1832 2924 2168 2980 dissimiliter
2197 2926 2575 2981 sanctissimus
2615 2934 2820 2997 martyr
2849 2924 3153 2997 Cyprianus
3177 2924 3465 2979 Tertullia-

211 3034 361 3085 num,
398 3033 560 3087 quem
608 3018 929 3088 magistrum
958 3019 1207 3085 vocabat,
1243 3028 1486 3085 secutus,
1521 3020 1749 3089 loquens
1776 3018 1843 3074 de
1872 3021 2060 3075 eadem
2096 3019 2373 3076 Orationis
2416 3020 2713 3076 Dominicaz
2744 3021 3005 3091 petitione
3048 3020 3162 3092 (58)
3201 3040 3213 3075 :
3255 3039 3275 3074 ‹
3306 3022 3462 3087 Quod

196 3100 409 3182 potest,
434 3112 531 3178 ait,
566 3121 619 3167 et
649 3113 986 3181 spiritaliter,
1035 3122 1089 3168 et
1119 3113 1441 3183 simpliciter
1472 3116 1700 3187 intelligi
1737 3132 1751 3169 :
1784 3116 1914 3186 quia
1945 3125 1998 3172 et
2028 3125 2257 3187 uterque
2306 3117 2618 3173 intellectus
2651 3117 2887 3172 utilitate
2922 3118 3104 3172 divina
3154 3117 3367 3188 proﬁcit
3396 3118 3462 3171 ad

208 3192 458 3263 salutem.
489 3206 625 3262 Nam
656 3208 811 3277 panis
838 3209 959 3263 vitae
1004 3207 1258 3264 Christus
1296 3219 1398 3273 est,
1446 3220 1501 3265 et
1530 3212 1688 3280 panis
1728 3212 1816 3265 hic
1851 3212 2096 3267 omnium
2131 3226 2241 3267 non
2266 3220 2369 3278 est,
2406 3212 2499 3267 sed
2532 3219 2719 3267 noster
2746 3221 2850 3277 est,
2886 3222 2990 3267 etc.
3023 3211 3207 3267 Potest
3244 3225 3372 3266 vero
3411 3221 3464 3265 et

207 3303 286 3358 sic
313 3302 559 3372 intelligi,
595 3313 652 3356 ut
680 3303 769 3372 qui
803 3304 1002 3358 szeculo
1036 3306 1490 3373 renuntiavimus,
1527 3315 1582 3361 et
1620 3308 1839 3362 divitias
1871 3308 2012 3379 ejus,
2060 3316 2115 3363 et
2147 3323 2373 3378 pompas
2424 3307 2527 3362 ﬁde
2574 3307 2760 3378 gratiae
2795 3308 3094 3378 spiritualis
3139 3307 3459 3377 abjecimus,

204 3396 386 3451 cibum
420 3397 579 3451 nobis
612 3407 819 3451 tantum
863 3408 1112 3468 petamus
1145 3408 1199 3455 et
1239 3401 1465 3457 victum.
1505 3402 1885 3469 sQuibuscum
1922 3404 2194 3459 consentit
2228 3404 2418 3458 beatus
2446 3404 2783 3474 Augustinus
2808 3403 2943 3477 (59),
2978 3405 3072 3475 qui
3121 3404 3348 3474 loquens
3396 3403 3462 3458 de

207 3488 461 3558 paradiso
492 3491 558 3544 ab
589 3487 819 3559 Origene
844 3491 1071 3561 ejusque
1099 3491 1381 3562 discipulis
1411 3510 1518 3549 non
1542 3496 1780 3565 preprie,
1817 3496 1910 3551 sed
1934 3497 2161 3581 ﬁgurate
2192 3496 2467 3552 intellecto
2498 3515 2510 3550 :
2548 3515 2566 3548 ι
2604 3495 2771 3562 Quasi
2790 3506 3097 3566 propterea,
3130 3496 3325 3566 inquit,
3352 3510 3461 3549 non

205 3580 581 3649 potueritesse
609 3583 894 3650 paradisus
919 3584 1239 3653 corporalis,
1261 3585 1389 3654 quia
1424 3594 1603 3655 potest
1647 3586 1813 3640 etiam
1862 3580 2123 3655 spiritalis
2156 3587 2421 3657 intelligi?
2451 3586 2736 3656 Tanquam
2780 3587 2903 3641 ideo
2947 3600 3056 3639 non
3108 3584 3312 3640 fuerint
3342 3586 3463 3640 duae

208 3672 482 3737 mulieres,
529 3672 673 3742 Agar
711 3682 764 3727 et
793 3672 948 3740 Sara,
976 3684 1029 3728 et
1060 3691 1127 3729 ex
1159 3676 1267 3729 illis
1309 3677 1417 3731 duo
1449 3676 1546 3731 ﬁlii
1584 3675 1837 3742 Abrahae,
1870 3692 2015 3732 unus
2044 3677 2111 3731 de
2152 3678 2371 3741 ancilla,
2403 3686 2457 3732 et
2485 3677 2628 3732 alius
2658 3676 2725 3731 de
2750 3676 2957 3741 libera;
2995 3676 3125 3745 quia
3154 3676 3264 3729 duo
3293 3682 3463 3729 testa-

207 3777 386 3821 menta
424 3770 477 3821 in
516 3769 597 3823 eis
628 3769 855 3839 ﬁgurata
895 3770 1025 3824 dicit
1054 3773 1383 3840 Apostolus;
1408 3781 1502 3827 aut
1548 3774 1670 3827 ideo
1697 3773 1763 3827 de
1795 3774 1942 3826 nulla
1983 3781 2157 3843 petra,
2186 3772 2369 3843 Moyse
2415 3772 2773 3838 percuﬁente,
2807 3786 2947 3841 aqua
2978 3768 3285 3834 defluxerit,
3332 3770 3460 3837 quia

205 3868 380 3928 potest
423 3860 531 3914 illic
593 3860 820 3930 ﬁgurata
865 3862 1260 3931 signiﬁcatione
1293 3863 1455 3917 etiam
1501 3863 1752 3918 Christus
1789 3863 2037 3934 intelligi,
2091 3864 2281 3917 eodem
2329 3863 2592 3932 Apostolo
2637 3863 2891 3916 dicente:
2925 3860 3086 3914 Petra
3137 3869 3314 3913 autem
3346 3868 3461 3911 erat

205 3956 446 4011 Christus
462 3957 525 4011 ⁸⁸.
559 3955 729 4011 Nemo
756 3957 936 4024 itaque
980 3958 1227 4026 prohibet
1261 3959 1556 4029 intelligere
1587 3960 1924 4028 paradisum,
1962 3958 2127 4010 vitam
2163 3958 2485 4023 beatorum;
2518 3964 2753 4026 quatuor
2786 3955 2905 4023 ejus
2938 3953 3184 4019 ﬁumina,
3224 3959 3460 4021 quatuor

205 4054 454 4115 virtutes,
490 4059 594 4105 etc.
629 4049 753 4105 Hcce
795 4060 849 4104 et
881 4050 927 4105 si
974 4067 1081 4120 qua
1132 4052 1236 4104 alia
1284 4052 1628 4106 commodius
1677 4051 1783 4106 dici
1814 4060 2044 4120 possunt
2076 4050 2142 4103 de
2192 4049 2542 4119 intelligendo
2593 4048 2905 4117 spiritaliter
2930 4045 3206 4115 paradiso,
3242 4042 3460 4097 nemine

202 4148 544 4219 prohibente,
581 4146 834 4200 dicantur
863 4164 876 4201 :
904 4146 1033 4199 dum
1063 4154 1240 4200 tamen
1274 4146 1421 4201 illius
1455 4146 1695 4201 historiae
1720 4147 1917 4201 veritas
1952 4144 2269 4198 ﬁdelissima
2306 4160 2488 4198 rerum
2520 4152 2794 4213 gestarum
2829 4141 3144 4196 narratione
3184 4154 3460 4195 commen.

201 4247 326 4301 data
360 4253 627 4298 teneatur.
663 4262 681 4293 ›
704 4242 798 4297 llis
823 4253 1000 4297 autem
1033 4244 1156 4297 addi
1192 4251 1423 4312 possunt
1449 4244 1629 4298 caeteri
1654 4260 1844 4299 omnes
1866 4242 2054 4296 Patres
2082 4250 2350 4310 quotquot
2373 4241 2428 4294 in
2457 4239 2693 4294 Ecclesia
2728 4237 2823 4293 Dei
2840 4237 3138 4292 floruerunt
3169 4236 3239 4291 ab
3262 4242 3456 4290 exortu

202 4336 526 4390 Christian-.1:
550 4333 674 4389 ﬁdei
703 4334 767 4387 ad
787 4342 1061 4402 postrema
1084 4348 1256 4401 usque
1290 4342 1344 4387 et
1364 4334 1511 4387 aetati
1547 4342 1749 4387 nostra:
1778 4337 2032 4403 propiora
2070 4332 2284 4387 saecula.
2316 4332 2681 4397 Quamobrem
2717 4339 2929 4385 tantum
2971 4332 3143 4396 abest,
3180 4338 3241 4385 ut
3269 4335 3458 4383 nostra

204 4428 540 4481 Psalmorum
570 4425 874 4490 translatio,
904 4441 999 4481 seu
1026 4424 1422 4494 interpretatio,
1455 4440 1563 4494 qua
1594 4424 1937 4479 Psalmorum
1995 4425 2157 4477 verba
2195 4424 2261 4477 de
2291 4424 2517 4477 Christo
2543 4431 2596 4477 et
2619 4422 2862 4477 Ecclesia
2896 4422 3260 4492 explicantur,
3284 4422 3455 4476 Atha-

202 4524 382 4589 nasio,
411 4525 569 4594 cujus
595 4538 794 4579 nomen
836 4522 1153 4591 inscriptum
1194 4532 1298 4584 est,
1350 4522 1517 4576 adimi
1559 4523 1773 4589 debeat,
1819 4523 1903 4577 vel
1939 4529 2203 4589 tanquam
2246 4521 2424 4588 inepta
2464 4534 2528 4573 ac
2564 4520 2793 4589 puerilis
2832 4534 2863 4573 a
2895 4520 3129 4573 sensatis
3158 4518 3289 4571 viris
3315 4524 3369 4571 et
3403 4515 3457 4568 in

274 4684 297 4716 ⁸
318 4683 481 4738 Hebr.
514 4698 631 4749 xm,
660 4682 746 4746 ll,
777 4680 864 4735 12.
940 4681 961 4711 ⁶
987 4679 1185 4735 Cenes.
1215 4697 1275 4747 ιι,
1300 4681 1389 4735 21.
1465 4683 1485 4713 ⁷
1514 4680 1642 4735 ibid.
1666 4680 1758 4733 2i.

1245 4681 1389 4747 1,21.
1465 4680 1758 4735 7ibid.2.l.
1834 4681 2277 4750 Ἐριιθε.ν,52.
2355 4679 2776 4741 "lCor.x,4.

264 4830 382 4904 (52)
420 4828 479 4904 Si
498 4843 627 4904 ergo
674 4824 916 4904 Christus
981 4825 1203 4904 adluesit
1263 4823 1534 4904 Ecclesia:2
1563 4831 1621 4875 ut
1662 4830 1832 4904 essent
1868 4820 1975 4904 duo
1994 4824 2047 4875 in
2069 4838 2226 4877 carne
2247 4839 2373 4903 una,
2395 4820 2893 4904 quomodo‘reliquit
2918 4818 3177 4875 Patrem?
3201 4822 3458 4904 quomodo

195 4890 466 4958 mdtre'm?
490 4890 719 4966 Reliquit
769 4894 1004 4953 Patrem,
1045 4897 1167 4966 quia
1208 4912 1225 4944 ι
1257 4912 1373 4947 cum
1421 4895 1475 4966 in
1508 4894 1681 4966 forma
1717 4892 1808 4944 Dei
1847 4901 1998 4966 esset,
2029 4910 2129 4945 non
2154 4890 2428 4966 rapinam;
2454 4892 2742 4966 ar_bit_ratus
2768 4900 2845 4943 est
2895 4907 3006 4944 esse
3040 4891 3293 4966 (equalem
3331 4890 3456 4966 Deo,

191 4974 288 5028 sed
342 4960 670 5031 semetipsum
714 4966 999 5018 exiuanivit
1030 4960 1254 5033 formam
1303 4965 1436 5017 servi
1469 4960 1747 5030 accipiens.
1782 4980 1800 5012 ι
1846 4960 1960 5033 Hoc
2017 4972 2092 5015 est
2142 4965 2301 5025 enim,
2335 4962 2545 5029 reliquit
2578 4961 2955 5033 Patrem,_nou
2991 4962 3117 5033 quia
3147 4961 3374 5033 deseruit
3400 4972 3459 5033 et

190 5044 412 5097 recessit
445 5058 477 5092 a
513 5029 711 5095 Patre;
736 5037 824 5087 sed
864 5039 988 5105 quia
1030 5029 1155 5087 'nou
1189 5051 1252 5087 ea
1314 5034 1567 5155 informa
1597 5032 1841 5100 apparuit
1880 5032 2199 5094 hominibus,
2225 5035 2279 5086 in
2312 5050 2418 5102 qua
2447 5030 2668 5100 (aqualis
2697 5041 2773 5084 est
2803 5029 2979 5084 Patri.
3006 5029 3285 5095 Quomodo
3332 5032 3459 5083 reli-

190 5115 313 5155 η-ιίι
341 5121 567 5155 matrem
591 5110 615 5155 ?
644 5103 982 5155 relinauendo
1011 5104 1345 5155 Sunaaoaam
1411 5103 1703 5155 udazorum.
1731 5103 1793 5154 de
1831 5118 1935 5155 aua
1992 5103 2277 5155 secundum
2317 5118 2529 5155 carnem
2595 5110 2751 5153 natus
2781 5112 2895 5155 est:
2925 5111 2975 5153 et
3006 5102 3307 5154 iuhcereudo
3355 5099 3459 5151 Ec-

188 5115 313 5182 quit
341 5110 615 5165 matrem?
644 5099 982 5182 relinqueth
1011 5104 1345 5182 Syttagogam
1370 5099 1793 5182 Judteortlt'mnde
1831 5118 1935 5171 qua
1992 5103 2277 5182 secundum
2317 5099 2529 5182 carnem
2595 5110 2751 5153 natus
2776 5112 2895 5182 est;
2925 5111 2975 5153 et
3006 5102 3307 5154 iuhcereudo
3355 5099 3460 5151 Ec-

190 5169 396 5243 clesite,
415 5195 572 5243 quam
597 5192 660 5230 ex
681 5169 918 5229 omnibus
937 5169 1177 5243 gentibus
1188 5169 1536 5243 congregavit.
1598 5170 1655 5225 S.
1701 5169 1851 5242 AugJ
1881 5181 2038 5225 tract.
2066 5189 2140 5236 ιχ,
2170 5174 2225 5226 in
2256 5188 2369 5241 cap.
2396 5187 2435 5226 ιι
2467 5170 2655 5237 luam,
2682 5186 2736 5224 ιι.
2770 5171 2855 5223 10.

270 5253 389 5321 (55)
423 5243 477 5302 ln
511 5262 676 5321 εει-ιιι.
707 5246 781 5321 De
799 5245 1148 5321 tientriloqua.
1186 5261 1275 5297 seu
1308 5243 1645 5321 Pythonissa.

298 5315 388 5390 δι)
419 5321 578 5390 Hom.
612 5318 676 5390 5ζ
701 5317 757 5390 in
792 5315 1200 5390 fiexae_merou.,
1234 5331 1287 5367 ιι.
1323 5316 1377 5367 9.

298 5325 388 5390 δι)
419 5325 578 5372 Hom.
612 5325 664 5380 5,
701 5325 757 5369 in
792 5325 1200 5381 Hexaemeron.,
1234 5331 1287 5367 ιι.
1323 5325 1377 5367 tt.

272 5325 391 5464 {55)
420 5389 587 5464 ιιωη-
616 5388 682 5440 ¹δ
716 5386 1059 5464 "'99"???-
1237 5452 1248 5464 .
1360 5452 1371 5463 .
1565 5452 1586 5464 .

1039 5330 1200 5381 eram,
1234 5331 1287 5367 ιι.
1323 5325 1377 5367 tt.

420 5460 639 5543 Hieron.
673 5473 754 5525 ep.
786 5457 854 5509 58
878 5456 945 5509 ad
970 5452 1278 5507 Pammach.
1305 5468 1324 5516 ;
1359 5452 1411 5507 in
1447 5452 1601 5523 przef.
1628 5452 1718 5507 lib.
1750 5468 1782 5506 v
1820 5450 2125 5506 Comment.
2154 5453 2207 5505 in
2240 5451 2462 5519 Isaiam,
2489 5460 2544 5506 et
2568 5448 2785 5520 praefat.
2821 5449 2876 5501 in
2912 5447 3142 5502 Malach.

687 5596 840 5651 Orat.
870 5596 1028 5648 Dom.
1832 5600 1839 5607 °

297 5672 389 5743 ‘59)
416 5671 534 5729 Lib.
562 5680 657 5721 xm
686 5667 763 5721 De
792 5668 935 5720 civit.
974 5664 1090 5727 Dei,
1119 5679 1169 5720 c.
1203 5664 1288 5719 2i.

301 5527 395 5604 ξιτ)
425 5536 554 5600 Cap.
587 5527 639 5581 6.

301 5603 392 5669 58)
425 5601 482 5654 In
510 5599 655 5667 expl.
687 5596 840 5669 Orat.
870 5596 1028 5669 Dom.

297 5664 389 5743 59)
416 5671 534 5729 Lib.
562 5664 657 5721 xm
686 5667 763 5721 De
792 5668 935 5720 civit.
974 5664 1090 5727 Dei,
1119 5679 1169 5720 c.
1203 5664 1288 5719 21.

528 5764 803 5826 Ρλτιιοι.
848 5759 965 5821 Gn.
1016 5759 1281 5822 XXVII.

3084 5750 3163 5811 20
