3878 6218
461 319 564 373 619
1297 317 1353 371 S.
1397 315 1770 370 ATIIANASII
1809 314 1961 370 OPP.
2005 313 2185 370 PARS
2226 314 2312 370 III.
2356 345 2416 354 --
2465 315 2860 373 EXEGETICA
3628 319 3740 375 6'20

461 439 848 494 ecclesiasticis
880 437 1076 492 studiis
1105 447 1157 492 et
1187 437 1494 494 Christiana
1540 439 1737 508 pietate
1775 437 2008 492 excultis
2053 436 2244 491 eadem
2293 439 2590 501 contemni,
2624 437 2756 507 quin
2791 435 2972 506 potius
3027 449 3150 490 reor
3182 442 3571 506 argumentum
3607 437 3744 490 hinc

463 540 608 585 recte
633 531 774 584 sumi
805 545 964 598 posse
996 539 1053 581 nt
1082 529 1436 583 sanctissimo
1463 528 1681 583 Doctori
1714 529 2080 597 adjudieetur.

531 625 676 680 XXI.
726 625 1032 679 Cardinalis
1067 623 1418 690 Thomasius,
1446 625 1530 678 vir
1561 635 1613 678 et
1649 624 1957 678 eruditione
1981 632 2035 678 et
2090 639 2303 677 morum
2349 624 2641 679 sanctitate
2703 625 2952 692 illustris,
3014 625 3337 695 allegoricos
3385 622 3738 677 Psalmorum

461 742 658 781 sensus
686 724 1027 781 Christianos
1059 739 1254 776 sensus
1281 731 1438 774 vocat
1465 721 1516 773 in
1543 720 1862 789 praafatione
1893 720 1957 773 ad
1993 719 2343 784 Psalterium,
2367 720 2513 789 quod
2549 735 2674 774 cum
2725 719 2913 774 Latina
2962 721 3410 790 interpretatiooe
3437 719 3505 771 ab
3529 733 3594 771 eo
3622 715 3740 768 ela—

458 819 645 873 borata
692 819 744 870 in
782 817 1051 886 publicam
1081 817 1367 870 utilitatem
1411 814 1591 867 emisit
1627 833 1637 866 :
1674 831 1692 864 (
1730 812 1924 876 Porro,
1964 812 2159 881 inquit,
2198 829 2264 866 ne
2311 813 2494 881 aliqua
2535 812 2726 865 saltem
2777 813 2989 866 deesset
3023 813 3106 866 vel
3151 811 3330 865 brevis
3377 806 3739 862 IIIGIIUAiUCI-It)

460 911 527 966 ad
563 912 854 967 secretiora
887 910 1166 980 mysteria,
1197 923 1465 976 sensaque
1490 905 1831 960 Psalmorum
1874 916 1989 959 tum
2022 907 2087 960 de
2108 906 2328 959 Christo
2357 916 2412 959 et
2438 905 2610 974 ipsius
2645 921 2872 974 corpore
2907 906 3146 960 Ecclesia
3177 905 3452 969 universa,
3482 912 3535 957 et
3563 901 3738 972 parti—

459 1005 737 1059 eularibus
766 1003 925 1073 hujus
950 1004 1217 1073 corporis,
1248 1003 1362 1056 sive
1390 1002 1602 1071 collegii
1640 1001 1922 1061 membris,
1957 1001 2006 1054 id
2034 1009 2115 1055 est
2145 1000 2416 1064 fidelibus,
2449 1010 2562 1054 tum
2595 1001 2758 1054 etiam
2793 1002 2857 1054 de
2891 1001 3095 1055 cmlesti
3131 1000 3328 1070 patria,
3358 1013 3499 1069 quos
3532 1009 3736 1050 sensus

459 1105 606 1151 recte
639 1096 995 1165 appellaveris
1029 1110 1225 1148 sensus
1272 1094 1636 1158 Christianos,
1683 1093 1987 1162 patefactos
2028 1091 2206 1157 nobis,
2251 1102 2512 1162 tanquam
2563 1095 2736 1147 scisso
2765 1093 2949 1161 templi
2985 1094 3122 1156 velo,
3158 1102 3334 1146 morte
3363 1091 3592 1152 Christi,
3633 1075 3733 1158 qui

460 1185 717 1256 apostolis
749 1187 960 1254 aperuit
984 1201 1229 1248 sensum,
1257 1192 1317 1237 ut
1342 1184 1700 1252 intelligerent
1733 1182 2067 1252 Scripturas,
2101 1192 2156 1235 et
2191 1197 2312 1250 qua:
2351 1182 2551 1250 scripta
2583 1191 2713 1236 sunt
2756 1183 2806 1234 in
2857 1181 2999 1252 Lege
3032 1181 3223 1252 Moysi,
3256 1191 3309 1236 et
3334 1179 3647 1248 Prophetis,
3678 1185 3737 1231 et

457 1277 692 1334 Psalmis
722 1279 788 1332 de
819 1279 958 1346 ipso,
996 1298 1013 1329 ι
1049 1287 1151 1330 etc.
1198 1277 1271 1330 Ita
1308 1286 1451 1329 recte
1487 1291 1549 1328 ac
1582 1277 1854 1344 sapienter
1889 1275 2025 1343 pius_
2051 1284 2101 1328 et
2130 1273 2325 1328 doctus
2358 1276 2656 1330 cardinalis
2700 1292 2764 1329 ex
2814 1284 3052 1330 veterum
3088 1275 3307 1328 Patrum
3361 1273 3611 1328 doctrina
3664 1272 3736 1325 de

457 1370 750 1440 allegorice
773 1381 826 1424 et
856 1370 1089 1438 spiritali
1124 1367 1466 1422 Psalmorum
1501 1379 1552 1422 et
1595 1383 1762 1422 sacra:
1795 1367 2091 1434 Scriptura:
2125 1381 2290 1422 sensu
2328 1367 2541 1421 locutus
2573 1377 2673 1421 est.
2705 1366 2840 1420 Nam
2876 1365 3136 1437 Origenes
3181 1367 3234 1419 in
3278 1367 3416 1421 libro
3456 1365 3534 1417 De
3577 1365 3733 1433 prin—

459 1467 616 1535 cipiis
654 1464 762 1534 (liO)
795 1479 1030 1534 arguens
1061 1479 1154 1518 eos
1181 1463 1272 1531 qui
1303 1479 1367 1516 ex
1402 1462 1820 1517 circumcisione
1851 1470 2026 1526 erant,
2054 1448 2201 1532 quod
2242 1463 2296 1516 in
2329 1462 2662 1516 SaIVatorem
2699 1473 2946 1517 nostrum
2980 1480 3088 1517 non
3125 1463 3493 1526 crediderunt,
3524 1461 3619 1514 sed
3672 1461 3730 1513 in

455 1559 642 1613 varios
666 1573 880 1612 errores
913 1558 1044 1626 lapsi
1070 1567 1219 1621 sunt,
1244 1558 1370 1626 quia
1402 1573 1586 1611 sacras
1617 1556 1928 1626 Scripturas
1959 1573 2066 1610 non
2101 1557 2400 1612 secundum
2446 1558 2742 1627 spiritalem
2773 1576 3017 1622 sensum,
3061 1559 3155 1612 sed
3195 1558 3498 1611 secundum
3533 1557 3731 1609 littera:

457 1666 656 1705 sonum
685 1653 1098 1720 interpretantes
1123 1652 1176 1704 in
1214 1653 1297 1704 via
1329 1653 1571 1705 veritatis
1608 1652 1914 1706 voluntario
1945 1667 2077 1705 casu
2134 1651 2490 1707 czecutierunt
2524 1672 2535 1705 :
2582 1672 2600 1703 ‹
2645 1653 2713 1708 Iis
2759 1663 2942 1708 autem
2997 1654 3253 1707 omnibus
3314 1652 3484 1717 nulla,
3523 1652 3725 1720 inquit,

457 1745 716 1800 falsarum
752 1747 1092 1815 opinionum,
1124 1748 1269 1799 nulla
1305 1747 1594 1816 impietatis
1620 1756 1672 1800 et
1701 1747 2027 1801 stolidorum
2057 1747 2122 1800 de
2151 1746 2260 1800 Deo
2294 1763 2611 1803 sermonum
2642 1764 2808 1802 causa
2835 1764 2958 1802 esse
2983 1748 3089 1802 alia
3116 1747 3350 1809 videtur,
3373 1761 3541 1815 quam
3572 1740 3730 1799 Scri—

450 1848 612 1906 ptura
643 1853 750 1892 non
781 1838 1080 1893 secundum
1099 1839 1447 1907 'spiritualem
1480 1856 1700 1895 sensum
1732 1839 2024 1903 intellecta,
2061 1839 2157 1894 sed
2199 1840 2502 1894 secundum
2532 1841 2824 1896 litteralem
2866 1851 3104 1910 accepta.
3143 1839 3485 1908 Quapropter
3521 1837 3591 1890 iis
3628 1836 3724 1904 qui

452 1950 778 2004 persuasum
814 1935 1014 1988 habent
1039 1949 1226 1989 sacros
1256 1936 1422 1989 libros
1471 1919 1579 1989 non
1621 1936 1902 1989 hominum
1935 1951 2057 1990 esse
2101 1938 2548 2002 commentarios,
2578 1939 2670 1992 sed
2705 1938 2879 1992 sancti
2919 1936 3155 2007 Spiritus
3206 1936 3417 2000 afﬂatu,
3439 1935 3728 1989 voluntate

458 2027 548 2084 Dei
584 2027 826 2097 parentis
874 2027 1252 2081 universorum
1296 2042 1391 2095 per
1428 2026 1614 2082 Jesum
1651 2027 1928 2082 Christum
1960 2029 2194 2098 scriptos
2223 2045 2344 2086 esse
2382 2039 2436 2084 et
2475 2033 2542 2085 ad
2577 2047 2674 2086 nos
2701 2033 3038 2102 pervenisse,
3065 2049 3172 2102 qua
3201 2033 3285 2086 via
3326 2035 3380 2085 in
3417 2047 3610 2086 eorum
3649 2031 3727 2086 le-

452 2121 633 2176 ctione
658 2120 1017 2175 insistendum
1053 2136 1173 2174 esse
1206 2121 1362 2175 nobis
1407 2120 1675 2185 videatur,
1723 2121 1968 2175 indicare
2025 2123 2370 2190 conabimur,
2413 2132 2628 2178 servata
2684 2125 3273 2180 caelestis-secundum
3313 2123 3724 2179 successionem

454 2217 826 2286 apostolorum
863 2215 1115 2270 Ecclesiae
1162 2215 1289 2270 Jesu
1332 2216 1536 2272 Christi
1584 2217 1790 2287 regula.
1834 2216 1900 2271 Et
1927 2233 2049 2272 esse
2081 2218 2300 2288 quidem
2346 2219 2608 2290 mysticas
2640 2220 2906 2289 quasdam
2946 2220 3403 2288 dispensationes,
3445 2233 3585 2273 uuas
3639 2215 3726 2269 di-

453 2313 594 2366 vinae
625 2311 921 2380 Scriptura:
948 2312 1206 2376 indicant,
1241 2313 1402 2365 etiam
1437 2313 1800 2382 simpliciores
1849 2314 2088 2369 fidelium
2140 2316 2386 2369 credunt.
2428 2336 2445 2366 ι
2496 2316 2576 2370 Ad
2611 2317 2727 2372 haec
2760 2327 2941 2372 autem
2985 2317 3239 2388 Origenis
3273 2315 3438 2370 verba
3474 2313 3725 2384 apposite

453 2409 677 2474 subjicit
709 2407 938 2462 Carolus
965 2408 1031 2462 de
1072 2407 1248 2461 Larue
1278 2408 1387 2478 (41)
1426 2428 1438 2462 ;
1478 2428 1497 2460 ι
1537 2409 1682 2463 Nihil
1719 2411 1801 2463 his
1840 2411 2019 2466 verbis
2053 2412 2382 2466 accuratius.
2423 2411 2685 2468 Generale
2724 2413 2853 2468 illud
2885 2413 3233 2483 principium,
3268 2411 3416 2482 quod
3462 2410 3724 2481 mysticos

454 2500 512 2554 in
545 2497 728 2553 Veteri
760 2497 1112 2553 Testamento
1152 2514 1346 2553 sensus
1382 2499 1554 2568 ponit,
1591 2500 1901 2569 apostolica:
1924 2499 2185 2554 doctrina:
2210 2517 2339 2571 pars
2369 2510 2472 2565 est,
2503 2509 2558 2555 et
2594 2501 2796 2556 veritas
2829 2513 2998 2568 certa,
3035 2519 3155 2572 quae
3197 2501 3504 2556 ministerio
3538 2509 3723 2570 pasto-

452 2605 576 2649 rum
612 2595 678 2649 ad
705 2609 807 2648 nos
834 2595 1299 2666 usque'pervenit.
1331 2614 1348 2646 ι

521 2691 686 2746 XXII.
733 2691 984 2748 Profecto
1030 2692 1269 2746 dubitari
1320 2693 1509 2762 nequit
1553 2693 1734 2747 omnia
1791 2684 1938 2762 quae
1967 2693 2021 2746 in
2057 2691 2238 2748 Veteri
2274 2692 2626 2748 Testamento
2661 2694 2745 2748 vel
2794 2693 3019 2763 scripta,
3054 2692 3138 2746 vel
3185 2699 3340 2761 gesta
3389 2688 3634 2754 fuerunt,
3666 2689 3719 2742 in

451 2785 621 2854 figura
654 2786 825 2841 fuisse
852 2801 1034 2840 rerum
1057 2801 1178 2855 qua:
1209 2787 1262 2839 in
1289 2784 1439 2840 Novo
1470 2786 1581 2840 fieri
1615 2796 1708 2840 aut
1740 2788 2056 2855 contingere
2079 2787 2370 2852 debebant,
2408 2802 2584 2856 eaque
2613 2787 2886 2856 respicere
2908 2800 3202 2855 personam
3233 2782 3466 2847 Messiaa,
3491 2781 3721 2849 ejusque

449 2877 790 2942 Passionem,
817 2877 1317 2941 Resurrectionem,
1345 2886 1395 2930 et
1420 2877 1640 2929 humani
1675 2877 1888 2946 generis
1921 2876 2375 2946 redemptionem,
2403 2877 2727 2947 evangelica:
2757 2877 3019 2930 doctrinae
3051 2875 3520 2944 propagationem,
3547 2869 3722 2939 genti—

448 2969 581 3022 lium
617 2971 1051 3034 conversionem,
1084 2979 1497 3039 etqutecnnque
1522 2969 1647 3035 alia,
1675 2984 1798 3040 qua:
1825 2970 1891 3022 ad
1935 2970 2053 3038 ejus
2083 2969 2322 3022 divinam
2351 2984 2644 3038 personam
2683 2979 2737 3022 et
2769 2968 3235 3038 dispensationem
3272 2981 3369 3021 seu
3403 2961 3719 3031 οἰκονομίαν

448 3062 741 3130 pertinent.
772 3060 954 3126 Quare
985 3063 1029 3116 si
1063 3063 1116 3116 in
1146 3061 1480 3131 explicandis
1506 3058 1803 3130 Scripturis
1833 3060 2014 3114 omnia
2052 3061 2118 3113 ad
2154 3058 2430 3114 Christum
2459 3060 2689 3130 ejusque
2718 3057 3019 3114 Ecclesium
3051 3057 3351 3128 prudenter
3383 3053 3715 3115 referantur,

449 3170 626 3226 neque
659 3155 885 3220 erroris,
919 3170 1094 3224 neque
1127 3155 1341 3224 ineptiae
1363 3155 1416 3208 id
1449 3154 1694 3210 accusari
1729 3153 1907 3216 debet.
1945 3167 2069 3207 cum
2101 3151 2192 3205 illa
2233 3153 2339 3206 hoc
2369 3152 2620 3215 consilio,
2659 3160 2713 3206 et
2757 3152 2859 3206 hac
2901 3159 3099 3214 mente,
3147 3149 3354 3219 Spiritu
3409 3157 3601 3202 sancto
3633 3147 3720 3200 di-

447 3260 650 3313 ctante,
683 3249 884 3311 scripta
912 3248 1039 3302 sint.
1069 3246 1134 3300 Et
1161 3249 1380 3317 quidem
1412 3249 1518 3302 huc
1561 3248 1832 3317 pertinere
1872 3246 2128 3298 videntur
2167 3246 2329 3299 verba
2367 3245 2457 3298 illa
2491 3245 2722 3313 apostoli
2758 3242 2937 3307 Pauli,
2985 3242 3167 3297 omnia
3203 3240 3405 3310 scripta
3447 3237 3620 3294 fuisse
3654 3240 3721 3292 ad

447 3357 693 3401 nostram
726 3345 1120 3399 institutionem
1156 3363 1168 3398 :
1204 3344 1537 3414 Quwcunque
1570 3343 1729 3406 enim,
1779 3342 1872 3406 ait,
1905 3341 2101 3409 scripta
2147 3352 2292 3404 sunt,
2329 3341 2397 3393 ad
2445 3350 2682 3392 nostram
2730 3340 3029 3392 doctrinam
3069 3339 3270 3406 scripta
3308 3345 3430 3389 sunt
3480 3336 3521 3388 '.
3558 3333 3624 3388 Ει
3655 3335 3724 3388 de

447 3437 676 3507 spiritali
727 3451 792 3490 ac
847 3436 1152 3490 sublimiori
1214 3435 1621 3504 Scripturarum
1678 3433 2037 3503 intelligentia
2096 3447 2206 3485 non
2253 3431 2688 3500 improbabiliter
2717 3431 2785 3484 ab
2835 3431 3111 3499 aliquibus
3157 3428 3500 3498 accipiuntur
3555 3427 3724 3481 verba

448 3531 508 3588 S.
534 3533 714 3594 Luca},
747 3533 947 3602 quibus
976 3530 1141 3586 refert
1184 3530 1465 3585 Christum
1500 3530 1790 3583 Dominum
1818 3537 1938 3596 post
1971 3528 2429 3581 resurrectionem
2463 3542 2620 3581 suam
2651 3526 2928 3596 apostolos
2959 3526 3024 3580 ad
3061 3524 3377 3594 Scripturas
3409 3521 3723 3592 intelligen-

445 3625 543 3679 das
571 3623 872 3678 instituisse
907 3639 918 3674 :
957 3619 1100 3674 Tunc
1131 3621 1334 3690 aperuit
1371 3621 1479 3673 illis
1527 3635 1757 3683 sensum,
1797 3630 1850 3670 ut
1884 3617 2237 3686 intelligerent
2267 3618 2576 3684 Scripturas
2605 3617 2669 3669 ¹⁰.
2699 3617 2780 3672 Ad
2817 3618 2933 3672 haec
2980 3617 3123 3670 enim
3175 3613 3523 3684 evangelista:
3553 3617 3720 3669 verba

446 3720 746 3789 respiciens
779 3716 835 3771 S.
866 3715 975 3770 Leo
1007 3717 1279 3772 scribebat
1309 3717 1373 3769 ad
1406 3715 1725 3768 Flavianum
1772 3715 1822 3766 in
1855 3713 2114 3782 praeclara
2159 3712 2251 3766 illa
2284 3711 2516 3781 epistola
2555 3721 2741 3766 contra
2787 3712 3145 3782 Eutychetem
3174 3729 3188 3766 :
3220 3730 3238 3762 ‹
3276 3711 3484 3767 Donato
3519 3710 3725 3765 intelli-

444 3816 640 3885 gentia:
671 3815 895 3879 lumine,
925 3828 1207 3867 sacrarum
1238 3796 1642 3880 S’cripturarum
1680 3810 1891 3864 occulta
1928 3808 2221 3878 pandebat.
2254 3827 2273 3860 ›
2303 3807 2566 3878 Origenes
2604 3818 2786 3863 autem
2818 3809 2870 3862 in
2912 3809 3163 3864 eumdem
3199 3823 3420 3864 sensum
3452 3809 3726 3878 interpre-

435 3921 590 3965 tatur
611 3911 772 3964 verba
803 3909 892 3962 illa
920 3907 1148 3963 Joannis
1179 3927 1189 3959 :
1227 3909 1408 3960 Adhuc
1438 3907 1605 3959 multa
1637 3906 1799 3958 habeo
1840 3905 1979 3957 vobis
2010 3904 2204 3966 dicere,
2231 3903 2320 3956 sed
2366 3921 2466 3956 non
2506 3906 2722 3972 potestis
2756 3916 2970 3973 portare
3005 3904 3177 3956 modo.
3219 3903 3357 3957 Cum
3406 3914 3585 3958 autem
3633 3921 3724 3958 ve—

441 4004 578 4056 nerit
607 4002 696 4055 ille
731 4002 965 4070 Spiritus
993 4003 1253 4060 veritatis,
1277 4002 1480 4053 docebit
1513 4018 1600 4054 vos
1641 4015 1843 4052 onmem
1888 4001 2159 4051 veritatem
2197 4001 2262 4051 “.
2300 3997 2654 4068 Respondens
2681 4000 2824 4053 enim
2863 3999 3128 4055 conviciis
3157 4015 3221 4054 ac
3253 4001 3547 4055 calumniis
3575 3999 3724 4056 Celsi

443 4095 594 4164 impii
637 4095 965 4164 philosophi,
1003 4104 1314 4162 sanctazque
1361 4102 1560 4147 nostra:
1593 4092 1874 4159 religionis
1907 4091 2172 4158 irrisoris,
2217 4091 2284 4145 ad
2336 4092 2516 4145 locum
2562 4092 2713 4145 illum
2749 4093 3095 4160 evangelista:
3127 4095 3240 4146 haec
3291 4091 3515 4160 subjicit
3544 4092 3664 4163 (42)
3707 4113 3720 4148 :

447 4206 465 4237 ‹
508 4187 608 4241 l-Iic
636 4189 933 4257 quaerimus
969 4203 1215 4256 quaenam
1247 4186 1448 4238 fuerint
1488 4187 1656 4238 multa
1685 4185 1794 4251 illa,
1821 4200 1942 4254 qua:
1971 4182 2131 4238 Jesus
2161 4185 2446 4253 discipulis
2473 4186 2589 4238 suis
2623 4185 2805 4239 dicere
2833 4185 3088 4245 habebat.
3119 4195 3171 4238 et
3195 4199 3318 4253 qua:
3352 4194 3466 4238 tum
3495 4195 3724 4252 portare

441 4297 550 4335 non
582 4291 854 4351 poterant.
888 4281 953 4335 Et
984 4283 1105 4335 dico
1141 4300 1151 4335 :
1191 4280 1352 4335 Forte
1383 4281 1508 4350 quia
1535 4279 1706 4335 Judaei
1739 4280 2166 4349 erantapostoli,
2197 4289 2250 4334 et
2279 4279 2516 4334 Mosaiea
2555 4281 2670 4350 lege
2703 4283 3003 4336 secundum
3031 4282 3262 4336 litteram
3295 4290 3517 4350 accepta
3553 4281 3722 4336 innu-

447 4376 584 4439 triti,
619 4377 1014 4451 haccfuernnt,
1050 4392 1171 4446 quae
1216 4376 1321 4429 illis
1352 4377 1530 4429 dicere
1571 4377 1804 4429 habebat
1841 4395 1856 4429 :
1888 4375 2146 4441 Quaenam
2175 4384 2319 4430 esset
2352 4392 2478 4430 vera
2527 4377 2633 4440 lex,
2664 4393 2897 4447 quarum
2935 4393 3115 4432 rerum
3159 4377 3463 4432 ctelestium
3497 4378 3718 4444 umbra,

435 4467 722 4537 signisque
757 4471 938 4525 cultus
963 4468 1226 4523 Iudaicus
1265 4478 1574 4536 constaret;
1610 4485 1729 4539 qua:
1760 4469 1940 4524 futura
1972 4469 2115 4522 bona
2143 4470 2444 4538 praescripti
2485 4471 2552 4525 de
2583 4472 2725 4537 cibo,
2760 4481 2814 4526 et
2843 4481 2996 4540 potu,
3030 4472 3096 4526 de
3119 4470 3292 4538 festis,
3322 4473 3629 4526 neomeniis
3664 4483 3721 4526 et

447 4559 702 4616 Sabbatis
733 4562 874 4617 ritus
914 4563 1330 4617 adumbrarent.
1376 4580 1393 4610 ι
1429 4560 1496 4614 Ει
1523 4563 1782 4630 quoniam
1813 4560 2037 4616 furcifer
2076 4563 2164 4615 ille
2193 4561 2496 4616 aflirmabat
2535 4563 2848 4633 Scripturas
2890 4574 3107 4618 nostras
3157 4580 3265 4618 non
3317 4579 3478 4632 posse
3511 4565 3720 4635 allego-

435 4655 574 4709 riam
602 4657 736 4724 pati,
763 4657 976 4726 reponit
1005 4655 1267 4726 Origenes
1301 4657 1411 4728 (45)
1448 4676 1462 4711 :
1500 4675 1518 4708 ι
1554 4656 1810 4712 Fortasse
1838 4656 2117 4726 probabile
2145 4657 2275 4726 quid
2309 4658 2417 4711 dici
2461 4658 2531 4712 ab
2572 4674 2637 4712 eo
2669 4659 2965 4721 videretur,
3009 4660 3054 4713 si
3088 4657 3402 4728 Scripturas
3435 4658 3720 4730 allegoriis

436 4751 778 4819 interpretari
807 4751 1083 4805 inventum
1114 4759 1260 4807 esset
1290 4768 1498 4806 recens.
1530 4751 1666 4806 Cum
1705 4761 1884 4806 autem
1912 4752 1964 4805 id
1998 4752 2226 4806 fecerint
2257 4753 2338 4806 vel
2367 4753 2469 4820 ipsi
2506 4753 2820 4823 dogmatum
2852 4763 3103 4823 parentes
3131 4762 3184 4807 et
3214 4754 3535 4822 scriptores,
3580 4757 3718 4824 quid

433 4847 582 4900 aliud
611 4848 959 4916 cogitandum
992 4857 1095 4912 est,
1123 4864 1285 4918 quam
1312 4848 1403 4902 illa
1430 4846 1603 4902 fuisse
1637 4847 1838 4917 scripta
1871 4848 1970 4913 sic,
2001 4857 2060 4900 ut
2091 4861 2282 4901 eorum
2313 4848 2583 4917 prmcipua
2620 4862 2775 4902 mens
2802 4849 2855 4902 in
2891 4849 3164 4918 allegoriis
3198 4849 3574 4904 contineatur.
3619 4871 3638 4903 ι

506 4937 693 4994 ΧΧ111.
724 4940 878 5006 Quod
911 4957 1038 4995 vero
1064 4942 1285 5011 propius
1316 4958 1427 4996 rem
1458 4951 1704 4996 nostram
1734 4941 1974 5009 attingit,
2009 4955 2200 5009 nempe
2233 4942 2500 4994 rationem
2540 4941 2933 5010 interpretandi
2966 4940 3212 4995 Psalmos
3240 4939 3309 4995 de
3347 4938 3575 4994 Christo
3599 4941 3715 4996 Do-

435 5036 586 5089 mino
609 5045 661 5088 et
694 5035 954 5098 Ecclesia,
986 5037 1174 5106 primis
1199 5037 1525 5092 Christianae
1558 5038 1680 5091 fidei
1714 5037 2053 5106 temporibus
2095 5036 2294 5104 ubique
2346 5045 2642 5106 receptam,
2677 5046 2731 5091 et
2785 5039 3065 5107 probatam
3111 5037 3302 5100 fuisse,
3341 5037 3713 5108 locupletissi-

434 5145 583 5184 mum
615 5130 770 5184 nobis
798 5131 1168 5183 testiinonium
1195 5132 1480 5200 perhibent
1510 5147 1616 5184 non
1659 5132 1834 5186 solum
1864 5129 2119 5185 Ecclesiae
2141 5128 2434 5186 Orientalis
2463 5133 2794 5204 scriptores;
2826 5149 3012 5188 verum
3043 5135 3205 5188 etiam
3241 5133 3399 5189 multi
3429 5134 3574 5189 inter
3605 5133 3712 5192 0c-

498 5345 517 5375 ’
543 5340 704 5395 Rom.
740 5357 828 5405 xv,
865 5343 916 5395 .I.
1000 5344 1042 5371 ¹⁰
1069 5341 1199 5395 Luc.
1235 5358 1382 5406 xxiv,
1412 5342 1502 5394 59.
1582 5343 1620 5371 “
1656 5342 1815 5399 Joan.
1854 5359 1964 5406 xvi,
2006 5343 2093 5396 l2.

503 5502 617 5572 (40)
647 5501 767 5572 μὴ.
798 5520 870 5569 tv,
904 5520 956 5559 η.
988 5502 1039 5555 9.

501 5573 615 5640 (41)
651 5571 866 5640 Praefat.
901 5575 952 5626 in
986 5581 1116 5626 tom.
1152 5571 1195 5625 Il
1220 5573 1392 5639 Orig,
1425 5584 1530 5629 art.
1563 5574 1620 5630 5.

503 5639 618 5708 (4‘2)
653 5639 853 5695 Contra
881 5644 1019 5696 Cels.
1051 5644 1086 5696 Ι.
1128 5659 1187 5705 n,
1221 5660 1273 5696 n.
1309 5644 1361 5696 2.

504 5711 619 5782 (is)
657 5711 812 5776 lbid.,
844 5714 936 5768 lib.
972 5729 1044 5776 IV,
1073 5730 1124 5766 η.
1151 5714 1239 5766 to.
