3878 6218
175 337 279 395 621
872 335 960 388 DF.
998 333 1276 390 TITULIS
1315 333 1764 391 PSALMOBUM.
1811 365 1879 376 —-—-
1919 328 2306 385 ANTONELLI
2347 323 2741 382 PREFATIO.
3337 321 3446 376 6‘22

177 457 502 523 cidentales,
530 455 625 512 sed
652 455 896 510 omnium
923 457 1096 510 instar
1129 473 1273 510 unus
1299 456 1370 510 sit
1397 454 1637 509 llilarius
1668 453 1913 509 doctrina
1939 461 1992 507 et
2016 450 2302 506 sanctitate
2331 430 2606 515 rebusque
2636 442 2803 514 gestis
2835 439 3163 508 scriptisque
3189 437 3438 507 insignis,

181 552 490 607 Athanasio
517 566 754 617 cozevus,
778 562 830 606 et
853 553 1090 607 amicitia
1119 562 1174 607 et
1199 553 1402 606 foedere
1431 553 1694 606 adversus
1718 551 1839 604 ﬁdei
1871 551 2058 604 hostes
2086 548 2432 616 conjunctus,
2468 544 2560 612 qui
2588 543 2640 595 in
2669 539 2988 610 praefatione
3019 533 3442 591 commentario-

180 659 306 700 rum
342 660 482 716 quos
514 646 572 698 in
604 644 853 698 Psalmos
889 649 1216 715 composuit,
1245 645 1372 699 talia
1417 645 1605 699 scribit
1639 663 1650 697 :
1713 663 1732 694 ‹
1788 641 1906 696 Non
1941 651 2025 695 est
2057 655 2188 694 vero
2236 637 2640 706 ambigendum,
2671 649 2733 686 ea
2772 647 2892 700 quae
2938 629 2990 682 in
3037 625 3267 682 Psalmis
3300 623 3444 678 dicta

183 748 334 806 sunt,
361 740 663 795 secundum
693 742 1057 810 evangelicam
1078 743 1516 812 praedicationem
1542 740 1766 809 intelligi
1783 745 2032 808 oportere
2055 754 2068 801 ;
2102 747 2162 790 ut
2183 752 2248 790 ex
2267 747 2592 804 quacunque
2618 732 2740 785 licet
2759 742 2989 798 persona
3014 723 3312 794 pr0pbetiae
3329 720 3447 790 Spi-

190 831 333 887 ritus
355 833 425 887 sit
452 833 688 901 locutus,
708 836 778 890 sit
797 845 974 890 tamen
1004 845 1174 890 totum
1195 837 1323 890 illud
1350 837 1415 889 ad
1439 837 1801 907 cognitionem
1833 834 2096 888 adventus
2127 831 2342 884 Domini
2373 828 2541 882 nostri
2563 827 2688 881 Jesu
2720 823 3010 885 Christi,et
3026 817 3443 888 eorporationis,

184 935 242 982 et
271 925 576 992 Passionis,
598 934 652 980 et
674 927 846 997 regni,
875 939 927 981 et
954 927 1020 981 ad
1049 929 1467 982 resurrectionis
1502 937 1702 980 nostra:
1736 926 1987 997 gloriam,
2021 925 2384 991 virtutemque
2412 919 2694 972 referatur.
2727 935 2745 966 ι
2783 913 3007 976 llilario,
3043 911 3256 966 caeteris
3277 907 3446 962 omis-

185 1020 287 1087 sis,
322 1022 451 1090 quia
477 1021 700 1091 longum
745 1031 889 1077 esset
921 1038 1112 1078 omnes
1145 1022 1370 1088 referre,
1408 1038 1576 1076 unum
1606 1021 1895 1091 adjungam
1941 1018 2311 1087 Augustinum
2352 1016 2488 1086 (44),
2523 1013 2616 1082 qui
2652 1031 2663 1066 :
2698 1030 2715 1062 ι
2751 1010 2851 1063 Vix
2906 1017 3006 1070 est,
3052 1005 3246 1075 inquit,
3281 1013 3341 1058 ut
3387 1002 3444 1055 in

185 1114 421 1170 Psalmis
451 1113 696 1168 invenias
725 1130 888 1170 voces
915 1116 1019 1170 nisi
1046 1115 1250 1170 Christi
1276 1125 1329 1169 et
1357 1114 1631 1179 Ecclesire,
1662 1124 1756 1168 aut
1801 1113 2006 1168 Christi
2042 1095 2276 1175 tantum,
2305 1119 2398 1164 aut
2421 1108 2676 1163 Ecclesiae
2699 1113 2929 1158 tantum.
2967 1121 2986 1152 ι
3020 1099 3206 1168 Itaque
3235 1096 3439 1150 nemini

186 1207 416 1262 dubium
441 1223 566 1263 esse
591 1210 750 1264 debet
782 1216 890 1261 tam
915 1205 1208 1262 Orientalis
1242 1224 1403 1276 quam
1441 1208 1806 1263 Occidentalis
1842 1205 2097 1260 Ecclesize
2137 1203 2348 1270 Patres,
2375 1201 2468 1272 qui
2494 1201 2686 1270 primis
2717 1195 3039 1252 Christianae
3069 1188 3191 1244 fidei
3226 1184 3441 1241 saeculis

184 1298 511 1363 floruerunt,
541 1299 842 1369 spiritalem
877 1315 1156 1354 sacrarum
1187 1299 1594 1369 Scripturarum
1627 1318 1847 1357 sensum
1878 1304 2225 1372 potissimum
2260 1301 2363 1356 sibi
2404 1297 2782 1368 exponendum
2819 1294 3190 1362 proposuisse,
3215 1307 3442 1362 pratser—

187 1387 282 1441 lim
324 1388 378 1440 in
404 1387 746 1445 Psalmorum
778 1389 952 1454 libris,
987 1389 1040 1442 in
1071 1390 1266 1457 quibus
1301 1390 1466 1444 multa
1491 1392 1578 1443 vix
1607 1392 1763 1444 aliter
1790 1408 1950 1462 quam
1978 1394 2043 1447 de
2070 1392 2290 1446 Christo
2322 1399 2376 1444 et
2402 1389 2644 1442 Ecclesia
2673 1385 2930 1454 explicari
2956 1391 3202 1453 possunt.
3236 1381 3352 1447 Qua
3389 1382 3443 1434 in

186 1493 246 1533 re
271 1481 576 1550 exemplum
607 1481 882 1534 habebant
906 1490 961 1534 et
994 1479 1196 1536 Christi
1223 1480 1458 1547 Domini,
1490 1491 1543 1535 et
1572 1483 1968 1551 apostolorum,
1997 1485 2090 1553 qui
2131 1492 2186 1537 et
2235 1484 2288 1537 in
2341 1481 2654 1551 Evangelio,
2687 1489 2739 1532 et
2781 1479 2833 1530 in
2868 1475 3147 1531 canonicis
3195 1475 3442 1544 epistolis

187 1573 342 1642 plura
371 1574 488 1626 loca
521 1571 728 1626 Veteris
753 1573 1085 1627 Testamenti
1120 1574 1172 1625 in
1204 1574 1489 1643 mysticum
1520 1589 1763 1639 sensum,
1793 1583 1852 1629 ut
1881 1585 2036 1629 antea
2065 1574 2197 1639 dixi,
2225 1573 2558 1642 interpretati
2595 1580 2739 1625 sunt.

259 1667 455 1723 XXIV.
485 1667 551 1722 Et
592 1669 813 1738 quidem
846 1677 969 1722 ante
1007 1668 1206 1722 Christi
1245 1670 1536 1722 adventum
1580 1668 1862 1742 Synagoga
1914 1671 2030 1740 ipsa
2060 1683 2354 1740 utrumque
2395 1684 2616 1726 sensum
2649 1676 2702 1721 et
2749 1666 3045 1735 spiritalem
3077 1674 3130 1718 ct
3160 1663 3445 1718 litteralem

187 1761 431 1830 agnovit,
462 1775 698 1830 quorum
740 1759 920 1828 primo
955 1757 1240 1821 Pharisaei,
1287 1759 1442 1812 alteri
1477 1775 1605 1813 vero
1640 1759 1924 1817 Sadducaii
1966 1761 2241 1816 studuisse
2273 1761 2542 1825 videntur,
2566 1759 2690 1812 licet
2718 1757 2932 1825 utrique
2960 1756 3267 1823 Scripturas
3293 1753 3444 1809 falsis

191 1853 758 1924 interpretationibus,
807 1853 1001 1906 divina
1029 1853 1244 1906 veritati
1286 1851 1499 1908 fabulas
1533 1870 1663 1909 suas
1701 1856 2073 1925 subjicientes,
2120 1856 2484 1926 corruperint.
2516 1852 2767 1907 Profecto
2794 1851 2976 1920 plures
3007 1845 3310 1902 doctissimi
3345 1845 3450 1898 viri

198 1953 253 2006 in
279 1951 496 2006 arcanis
524 1948 836 2003 Judzcorum
865 1948 1172 2018 disciplinis
1196 1965 1258 2002 ac
1285 1949 1480 2004 litteris
1511 1951 1733 2017 versati,
1774 1961 2104 2006 censuerunt
2136 1952 2250 2005 fieri
2295 1966 2403 2005 non
2434 1950 2701 2019 potuisse,
2738 1954 2796 2000 ut
2832 1945 2978 1999 omni
3014 1949 3226 1998 careret
3256 1937 3452 1993 funda-

188 2052 373 2097 mento
405 2041 606 2096 Kabala
635 2040 863 2095 Judaica
900 2041 1038 2112 (45),
1071 2039 1374 2095 ftedissime
1399 2042 1527 2096 licet
1560 2052 1818 2112 corrupta
1848 2055 1901 2098 et
1930 2045 2252 2099 adulterata.
2291 2043 2546 2113 Antiquis
2589 2042 2734 2095 enim
2788 2038 2985 2093 fabulis
3032 2037 3194 2108 vulgo
3224 2032 3450 2089 concedi

189 2137 326 2191 solet
354 2135 554 2206 aliquid
587 2134 700 2189 veri
729 2135 848 2189 loco
877 2133 1219 2190 fundamenti
1248 2136 1474 2190 subesse
1501 2154 1514 2189 :
1548 2152 1728 2205 neque
1756 2137 2048 2193 verisimile
2073 2153 2196 2193 esse
2221 2153 2250 2192 e
2277 2137 2449 2190 nihilo
2491 2134 2806 2204 provenisse
2843 2131 3044 2185 famam
3079 2139 3132 2182 et
3161 2125 3442 2181 existima-

189 2231 394 2284 tionem
419 2229 682 2285 doctrinae
704 2229 1070 2295 Kabalisticze,
1101 2246 1130 2285 a
1153 2239 1232 2286 tot
1261 2232 1477 2286 satculis
1521 2233 1866 2288 sermonibus
1896 2234 2178 2288 hominum
2209 2234 2444 2304 agitatae.
2479 2231 2690 2298 Quibus
2742 2237 2932 2284 auctor
2983 2225 3205 2296 quidam
3257 2235 3447 2300 rerum.

187 2323 540 2380 Iudaicarum
572 2327 780 2395 peritus
799 2324 948 2379 addit
978 2325 1114 2396 (46),
1144 2327 1189 2380 si
1213 2326 1416 2381 Kabala
1439 2327 1619 2396 aliqua
1657 2344 1687 2380 a
1711 2330 1916 2382 sanctis
1948 2330 2082 2384 viris
2111 2339 2164 2383 et
2199 2328 2480 2398 prophetis
2509 2327 2723 2381 exculta
2754 2333 2808 2378 et
2842 2329 3160 2378 conservata
3198 2318 3286 2382 sit,
3321 2325 3374 2370 et
3403 2306 3450 2369 sl

190 2417 481 2486 Sephiroth
507 2433 617 2486 qua
642 2416 813 2471 forma
841 2432 987 2471 nunc
1025 2417 1172 2487 pingi
1198 2418 1391 2480 solent,
1423 2434 1548 2471 vere
1572 2418 1776 2473 fuerint
1800 2421 1944 2474 illius
1969 2419 2187 2474 Kabalae
2231 2419 2638 2487 compendium,
2682 2433 2790 2471 non
2820 2417 2969 2470 aliud
3005 2414 3174 2468 fuisse
3200 2411 3319 2478 ejus
3358 2425 3447 2461 ar-

193 2517 512 2577 gumentum
539 2524 704 2577 quam
739 2508 1038 2562 doctrinam
1074 2509 1260 2578 gratiae
1289 2506 1546 2562 Ecclesiae
1571 2525 1600 2562 a
1636 2509 1746 2563 Deo
1779 2511 2068 2564 revelatam
2103 2531 2116 2564 :
2152 2518 2206 2564 et
2237 2510 2550 2579 Sephiroth,
2581 2508 2829 2578 adjungit
2859 2507 2999 2560 alius
3032 2504 3263 2572 scriptor
3296 2498 3449 2552 Rab-

191 2603 391 2658 binicis
419 2603 587 2660 rebus
607 2602 855 2658 eruditus
889 2603 1022 2674 (47),
1057 2618 1121 2658 ea
1153 2603 1322 2672 figura
1353 2603 1518 2672 picta,
1568 2620 1675 2673 qua
1721 2605 1980 2660 delincari
2026 2605 2234 2670 solent,
2271 2605 2528 2658 exhibere
2591 2603 2824 2673 speciem
2879 2597 3125 2668 corporis
3185 2592 3448 2655 humani,

192 2692 338 2746 unde
367 2691 523 2746 nobis
545 2687 799 2746 Messiam
827 2707 1029 2761 regem,
1059 2701 1113 2746 et
1139 2691 1412 2746 hominem
1444 2692 1612 2747 Deum
1639 2695 2040 2763 repraesentari,
2077 2695 2234 2764 cujus
2265 2695 2477 2748 divinas
2506 2695 2730 2748 virtutes
2764 2701 2818 2746 et
2849 2690 3214 2762 perfectiones
3246 2687 3300 2740 in
3346 2696 3449 2738 suo

200 2797 373 2852 regno
414 2792 468 2836 et
495 2798 727 2852 persona
752 2783 1182 2838 manifestandas
1211 2784 1522 2837 summatim
1564 2786 1831 2839 contineri
1857 2788 2042 2841 decem
2071 2788 2176 2840 illis
2211 2787 2526 2856 Sephiroth,
2560 2802 2753 2855 nempe
2773 2800 3054 2846 coronam,
3091 2781 3440 2852 sapientiam,

157 2871 163 2875 ’
199 2872 608 2942 intelligentiam
640 2887 734 2926 seu
780 2873 1104 2936 bonitatem,
1137 2872 1616 2943 magnificentiam,
1649 2876 2014 2939 severitatem,
2051 2877 2303 2946 gloriam,
2334 2877 2638 2941 victoriam,
2705 2876 3066 2944 majestatcm,
3120 2872 3446 2926 fundamen—

206 2977 344 3034 tum,
387 2983 634 3036 regnum.
674 2967 738 3021 Et
782 2966 1116 3022 Reuchlinus
1147 2967 1240 3020 lib.
1273 2981 1312 3020 ιι
1356 2965 1584 3022 Καὺαιιε
1621 2985 1640 3021 ;
1699 2986 1718 3019 ι
1750 2969 1974 3038 Antiqui
2004 2968 2236 3035 Hebraei,
2270 2971 2466 3039 inquit,
2523 2977 2634 3024 tres
2681 2969 2812 3023 istas
2849 2983 3132 3038 supremas
3178 2966 3444 3035 Sephiras

212 3067 587 3129 cognoverunt
620 3059 674 3111 i-n
713 3067 814 3117 mp
830 3066 931 3146 vim
968 3073 1032 3111 en
1084 3056 1213 3127 sop/t
1253 3057 1309 3110 in
1348 3057 1460 3112 Deo
1493 3059 1719 3128 reperiri
1765 3069 2063 3114 coaeternas
2110 3069 2163 3114 et
2215 3061 2705 3116 consubstantialcs
2761 3060 2888 3125 Deo,
2920 3077 3058 3130 quas
3119 3061 3189 3115 oi)
3244 3076 3443 3115 vocum

197 3151 531 3222 indigentias
567 3161 679 3204 tres
716 3151 867 3205 luces
907 3158 1262 3212 vocaverunt,
1296 3150 1364 3204 de
1411 3151 1612 3220 quibus
1655 3153 1876 3218 aliquod
1925 3151 2211 3220 vestigium
2244 3153 2508 3207 habemus
2559 3154 2699 3221 apud
2731 3152 3018 3218 Joannem,
3053 3154 3146 3224 qui
3179 3153 3246 3207 de
3268 3152 3447 3208 Verbo

193 3259 402 3300 aterno
444 3253 674 3298 testatur
705 3256 849 3295 vers.
903 3239 956 3302 9.
995 3239 1140 3308 quod
1201 3249 1314 3291 erat
1358 3239 1451 3292 lux
1490 3256 1633 3305 vera,
1664 3250 1814 3300 tete.
1843 3239 1976 3296 Post
2010 3243 2125 3297 haec
2169 3253 2349 3298 autem
2413 3244 2699 3299 lteuchlini
2755 3245 2915 3298 verba
2968 3246 3043 3300 ita
3097 3248 3448 3316 prosequitur

198 3333 574 3388 Bartoloccius
603 3330 750 3402 (48);
799 3347 818 3378 ‹
847 3327 922 3381 De
958 3327 1042 3381 his
1067 3327 1282 3381 lucibus
1306 3343 1607 3396 earumque
1628 3328 1757 3381 reali
1787 3329 2142 3386 distinctione
2177 3333 2320 3386 inter
2371 3349 2448 3399 se,
2480 3346 2535 3388 et
2581 3335 2931 3403 processione
2962 3337 3121 3392 unius
3151 3339 3219 3392 ab
3252 3326 3444 3403 aliera,

207 3436 262 3480 et
281 3422 708 3479 identiﬁcatione
739 3435 864 3475 eum
887 3417 1128 3474 essentia
1158 3417 1343 3470 divina
1369 3418 1666 3486 conspicue
1699 3427 1753 3472 et
1780 3420 1982 3476 diserte
2010 3424 2122 3493 egit
2145 3424 2498 3480 doctissimus
2521 3427 2810 3496 episcopus
2839 3427 3188 3484 Marsieensis
3235 3429 3439 3502 Joseph

193 3518 417 3573 Ciantes
479 3515 532 3567 in
563 3509 868 3566 suolibello
896 3507 974 3560 De
1006 3508 1345 3559 sanctissima
1377 3505 1637 3560 Trinitate
1659 3517 1843 3562 contra
1875 3508 2094 3565 Juda’os
2116 3553 2129 3566 .
2168 3512 2378 3579 Quibus
2406 3516 2511 3569 rite
2538 3516 2828 3572 intellectis
2877 3519 3138 3589 (loquitur
3167 3523 3234 3576 de
3257 3524 3444 3579 decem

197 3614 308 3668 illis
352 3608 692 3680 Sephiroth),
725 3605 860 3658 nihil
887 3604 1044 3657 video
1070 3603 1122 3655 in
1155 3617 1218 3656 ea
1261 3602 1509 3656 doctrina
1542 3604 1748 3673 aliquid
1800 3616 1992 3661 contra
2045 3624 2234 3663 sanam
2293 3610 2620 3677 doctrinam,
2661 3614 2772 3668 imo
2815 3615 3000 3668 omnia
3047 3630 3291 3671 consona
3326 3633 3451 3675 esse

196 3701 456 3757 Ecclesiae
511 3697 813 3759 catholicae,
854 3702 910 3749 et
940 3709 1064 3747 cum
1092 3693 1156 3745 iis
1191 3707 1311 3760 qua:
1338 3693 1606 3747 docentur
1636 3710 1664 3747 a
1717 3696 1983 3766 theol0gis
2035 3701 2348 3753 convenire.
2411 3700 2606 3756 Verum
2664 3715 2844 3758 tamen
2873 3715 2975 3771 est,
3020 3707 3163 3776 quod
3200 3711 3450 3766 moderni

199 3797 514 3862 Kabalistze,
559 3809 620 3848 ut
641 3792 917 3864 mysteriis
943 3788 1223 3860 religionis
1253 3788 1582 3844 Christianae
1630 3792 1778 3845 omni
1814 3795 2007 3862 spiritu
2057 3811 2115 3850 se
2144 3807 2440 3865 opponant,
2481 3791 2648 3852 totafh
2683 3806 3043 3858 oeconomiam
3088 3804 3445 3876 Sephirarum

193 3891 317 3945 suis
371 3888 530 3941 vanis
568 3883 1144 3948 commentationibus,
1173 3891 1227 3937 et
1248 3883 1556 3937 chimericis
1587 3891 1752 3954 atque
1803 3886 2060 3944 inanibus
2114 3892 2428 3946 nominibus
2491 3894 2760 3958 inliciunt,
2821 3913 2942 3966 quae
2981 3915 3049 3954 ex
3089 3903 3256 3956 certis
3279 3919 3452 3958 sacrae

192 3979 504 4048 Scripturae
536 3981 692 4040 locis,
742 3978 896 4046 juxta
953 3985 1147 4040 artem,
1191 3991 1356 4045 quam
1420 3977 1805 4031 modernorum
1836 3979 2184 4036 Hebrzeorum
2235 3984 2526 4040 Kabalislae
2560 3990 2799 4056 tradunt,
2835 3991 3147 4046 eliciuntur.
3186 4015 3203 4045 ι
3242 3994 3443 4049 Verum

201 4072 472 4142 quidquid
504 4071 575 4126 sit
613 4071 680 4124 de
723 4067 1048 4122 Rabbinicis
1094 4067 1244 4120 hisce
1287 4067 1502 4136 figuris,
1531 4083 1670 4136 quas
1703 4067 1992 4138 Sephiroth
2027 4089 2122 4127 seu
2153 4071 2432 4142 Sephiras,
2472 4078 2615 4145 quod
2648 4093 2844 4133 nomen
2874 4085 3304 4138 numerationem
3349 4101 3446 4140 seu

199 4177 498 4234 personam
535 4161 831 4233 significat,
869 4169 1087 4224 vocant,
1125 4159 1255 4212 illud
1285 4167 1494 4213 certum
1519 4171 1621 4224 est,
1656 4161 1819 4231 hujus
1853 4166 2001 4220 vocis
2030 4165 2274 4232 Kabalw,
2304 4177 2363 4222 ut
2415 4169 2724 4226 observavit
2747 4173 2984 4228 Joannes
3035 4175 3280 4232 Morinus
3311 4178 3447 4249 (49).

198 4257 471 4326 triplicem
496 4270 618 4309 esse
641 4254 780 4321 apud
810 4252 1087 4306 inferioris
1113 4250 1287 4304 aetatis
1321 4249 1578 4304 Hebrazos
1633 4252 2086 4321 significationem
2137 4275 2149 4310 :
2205 4259 2382 4326 primo
2431 4261 2668 4316 sumitur
2722 4279 2820 4333 pro
2870 4264 3273 4333 traditionibus,
3308 4283 3447 4337 quas

195 4363 400 4404 vocare
433 4347 608 4402 solent
666 4345 834 4413 legem
884 4344 1115 4411 oralem,
1159 4357 1280 4411 quae
1332 4340 1588 4395 Talmude
1645 4343 1958 4400 continetur
1989 4347 2409 4418 (50);secundo
2484 4369 2583 4424 pro
2640 4355 2992 4412 rabhinorum
3021 4366 3071 4411 et
3103 4357 3390 4415 doctorum
3417 4378 3444 4414 a

272 4543 386 4615 (Η)
419 4543 497 4598 Ad
530 4543 668 4614 psal.
707 4559 822 4596 Lm.

271 4637 385 4710 (45)
417 4637 678 4722 llcbraice
703 4623 909 4722 rhapn,
940 4638 1234 4704 Hakabalr‘z,
1273 4639 1464 4693 Latine
1494 4641 1733 4693 traditio.

269 4731 382 4801 (46)
413 4717 632 4792 Βῖιιιιθῐ,
663 4717 987 4800 ΛνεΙιὰξοΙοῃ.
1025 4731 1346 4800 pltilosoph.;
1383 4741 1528 4786 auct.
1569 4732 1760 4784 Καιναί.

727 4717 987 4800 ἐΙιὰξοΙοφ
1025 4731 1346 4800 pltilosoph.;
1383 4741 1528 4786 auct.
1569 4732 1760 4784 Καιναί.
1803 4731 1995 4786 denua.
2030 4742 2169 4801 part.
2202 4752 2258 4789 ιι.

417 4801 646 4881 iitring.
680 4801 871 4881 _Ql_iser.
909 4798 1032 4854 sec.
1070 4804 1104 4854 Ι.
1135 4819 1179 4864 t,
1211 4798 1424 4881 dissert:
1452 4804 1506 4868 2,
1542 4802 1619 4856 De
1643 4802 1925 4871 Sephiroth
1963 4798 2231 4859 dealist.

268 4871 383 4942 (48)
421 4871 557 4942 Bibl.
591 4871 837 4942 Rabbin.,
874 4882 1024 4940 parte
1058 4887 1129 4930 tv,
1167 4889 1287 4941 pag.
1315 4871 1439 4926 259..

268 4941 384 5010 (49)
419 4941 650 4994 Exercit.
686 4941 777 4993 lib.
815 4959 874 5002 ll,
903 4957 1082 4996 exere.
1119 4943 1171 5004 9,
1209 4958 1326 5010 cap.
1362 4944 1414 4995 5.

415 5011 677 5065 Rabbeuu
712 5011 1063 5085 l’laltkadosc,
1100 5013 1190 5085 qui
1267 5004 1598 5080 temporibus
1627 5010 1889 5085 Antonini
1938 5006 2045 5085 Pii.
2086 5004 2156 5056 Μ.
2209 5006 2432 5069 Aurelii,
2479 5005 2719 5085 L_._\_icri,
2757 5019 2809 5062 et
2832 5009 3129 5085 Commodi
3166 5015 3457 5085 imperato-

189 5075 321 5139 rum
347 5075 487 5134 inter
521 5097 650 5135 suos
684 5083 918 5134 maxime
963 5075 1179 5143 claruit,
1215 5075 1516 5150 priscorum
1557 5083 1860 5150 sapientum
1931 5075 2286 5150 Judzeiu'unt._
2336 5086 2393 5150 ut
2441 5078 2667 5150 _rabl;i_ui
2729 5081 2983 5142 tradunt,
3015 5075 3301 5141 schedulas
3333 5103 3455 5141 om-

192 5138 321 5212 nes,
368 5151 906 5222 qttibusﬂmemorize
964 5138 1229 5218 juvandte
1274 5168 1463 5212 causa,
1500 5138 1635 5222 _n5'
1687 5138 1723 5210 5

1923 5144 2299 5222 wgf/toralia
2331 5143 2550 5199 Scebm‘zl
2591 5145 2663 5222 Pe
2686 5187 2700 5206 .
2742 5152 2908 5205 oralis
2949 5138 3034 5205 lex
3075 5138 3296 5222 scripta‘
3319 5138 3454 5221 erat,

192 5216 488 5291 diligenter
522 5221 757 5290 collegit,
781 5231 834 5273 et
863 5237 928 5274 ex
962 5216 1025 5274 iis
1089 5223 1231 5275 circa
1301 5237 1475 5274 annos
1500 5219 1710 5274 Domini
1742 5223 1838 5273 189
1877 5229 1930 5271 et
1965 5216 2064 5269 194
2090 5216 2342 5291 volumen
2368 5219 2694 5291 composuit,
2724 5222 2868 5287 quod
2897 5223 2965 5275 ab
2995 5223 3114 5288 ipso
3141 5216 3309 5283 nam:
3346 5216 3454 5280 Mi!

192 5286 346 5351 εεηᾶ,
375 5293 477 5344 hoc
506 5301 589 5345 est
623 5286 859 5358 re'pelitio
887 5292 1014 5360 legis
1045 5294 1362 5359 inscriptum
1399 5300 1499 5343 est.
1532 5291 1648 5344 Alia
1674 5301 1851 5344 autem
1882 5286 2168 5360 opuscula,
2200 5299 2336 5352 qua).
2361 5301 2389 5337 a
2453 5287 2647 5353 priscis
2687 5286 2952 5360 rabbinis,
3015 5286 3135 5360 post
3164 5297 3454 5348 rahbinum

193 5362 521 5415 Hakkatlosc
569 5356 866 5432 cottiposila
923 5356 1078 5422 sunt,
1125 5356 1345 5414 veniunt
1401 5363 1502 5413 sub
1580 5356 2204 5432 nuntiueUMiscuayotlt,
2271 5363 2324 5405 et
2366 5356 3062 5432 voeantunBgraycthotit,
3131 5380 3324 5432 nempe
3357 5381 3455 5419 ex-

197 5442 405 5503 [rant-aa
465 5423 804 5492 traditiones,
871 5449 1103 5499 quarum
1167 5435 1448 5485 lectionem
1510 5447 1613 5483 una
1633 5447 1769 5503 cum
1798 5429 2007 5503 Miscuit
2058 5423 2677 5503 conjunguntnllebrazi.
2714 5423 2921 5503 ⁵Τριῖιιιι
2963 5423 3142 5485 autem
3197 5423 3456 5503 ist'udjus

197 5501 518 5573 Iudaicum,
580 5516 676 5554 seu
745 5491 904 5570 legis.
942 5503 1196 5569 repetitio
1264 5503 1477 5573 duabus
1509 5501 1748 5573 partibus
1775 5501 2035 5554 coalescit
2065 5495 2282 5573 _Mi_scn&
2314 5503 2375 5573 et.
2397 5491 2676 5573 Chemara.
2699 5497 3240 5573 _.’lliscua_est_purus
3267 5513 3319 5557 et
3348 5491 3458 5573 pri-

198 5572 409 5626 mat-ius
443 5578 650 5634 textus,
678 5563 821 5642 quo“
841 5563 1152 5624 summatim
1192 5581 1243 5623 et
1284 5572 1447 5624 veluti
1487 5563 1593 5642 per
1651 5572 1999 5639 aphorismos
2065 5563 2384 5642 hujusmodi
2416 5565 2500 5617 lex
2543 5569 2766 5642 repetita
2803 5586 2896 5642 seu
2921 5571 3015 5642 jus
3039 5563 3456 5630 Judaicum'ex-

198 5643 441 5695 hibetur.
471 5651 632 5701 mm
663 5634 923 5694 Gitemarft
954 5657 1108 5705 vero,
1135 5658 1255 5710 qute
1312 5643 1386 5694 ita
1447 5634 1588 5694 dicta
1614 5634 1702 5695 est
1745 5652 2003 5712 tanquam
2076 5637 2207 5704 legis
2251 5634 2418 5712 oralis
2470 5634 2750 5712 perfectio,
2784 5634 3056 5712 absolutio
3099 5651 3150 5695 et
3198 5659 3458 5698 consum-

196 5713 394 5777 matio,
429 5719 514 5766 est
563 5713 729 5766 altera
776 5727 922 5780 pars,
991 5729 1096 5780 qua
1147 5707 1364 5766 Miseria:
1433 5713 1595 5767 variae
1640 5707 2032 5780 explicationes
2077 5717 2130 5760 et
2200 5707 2472 5781 variarum
2521 5707 2838 5775 opinionum
2875 5711 3240 5766 discussioncs
3281 5716 3456 5769 conti-
