3878 6218
206 298 324 354 ύ25
932 298 1020 352 DE
1067 299 1349 356 TITULIS
1388 302 1851 360 PSALMORUM.
1892 305 2394 365 —-'ANTONELLI
2435 308 2834 367 PBEFATIO.
3370 312 3475 369 621i

281 410 475 467 XXVI.
510 412 582 467 At
631 429 762 469 vero
811 417 856 471 si
908 435 1021 473 rem
1073 430 1241 475 totam
1276 436 1387 490 prae
1424 422 1601 477 oculis
1636 423 1868 492 positam
1907 427 2166 482 attentius
2202 428 2532 493 intueamur,
2574 436 2629 484 et
2658 444 2779 498 qua).
2807 428 2863 482 in
2909 426 3084 480 Veteri
3121 425 3477 483 Testamento

208 504 416 571 scripta
447 511 501 557 et
535 519 660 572 quae
688 507 739 558 in
763 504 934 575 Novo,
957 520 1011 564 et
1036 526 1159 580 qua:
1189 527 1219 565 a
1252 512 1556 581 majoribus
1579 524 1801 585 accepta
1828 517 2097 587 nobisque
2128 520 2322 575 tradita
2352 522 2482 585 sint,
2515 521 2832 589 diligentius
2854 520 3288 583 consideremus,
3317 534 3479 577 nemo

208 598 334 663 erit,
352 605 412 651 ut
438 609 591 668 puto,
611 603 704 669 qui
734 602 893 658 facile
923 606 1168 660 animum
1200 622 1359 661 suum
1392 608 1636 676 inducat,
1663 619 1725 663 ut
1753 611 1960 676 credat,
1998 612 2239 684 Moysen,
2265 616 2582 684 prophetas,
2608 626 2772 683 atque
2799 615 2938 669 alios
2966 616 3162 669 veteris
3191 615 3322 685 legis
3359 632 3477 670 ma-

209 688 415 757 gistros
444 698 501 743 et
534 692 823 748 sanctitate
855 705 912 749 et
941 698 1171 751 scientia
1217 708 1540 767 praestantes
1583 700 1822 770 aliquam
1855 713 2061 756 certam
2111 702 2428 774 Scripturas
2460 706 2749 775 allegorice
2782 706 3173 774 interpretandi
3208 705 3474 759 rationem

210 796 309 835 Seu
345 783 648 839 doctrinam
685 802 715 840 a
746 786 854 839 Deo
884 791 1180 858 accepisse,
1210 808 1332 861 qua:
1362 790 1576 847 Kabala
1608 795 1946 849 nominanda
1983 795 2093 862 sit;
2138 797 2231 851 sed
2255 798 2436 866 potius
2461 799 2758 867 generatim
2797 798 2876 852 eis
2921 808 3257 867 compertum
3308 798 3477 853 fuisse

212 870 268 923 in
312 872 744 944 simplicioribus
789 895 1071 935 sacrarum
1119 882 1532 953 Scripturarum
1570 886 1753 939 verbis
1786 902 2018 942 arcanos
2063 897 2117 942 et
2160 889 2509 944 sublimiores
2556 905 2750 943 sensus
2783 890 3094 943 reconditos
3131 906 3274 954 esse,
3311 904 3473 956 quos,

211 977 479 1034 quantum
513 971 569 1024 in
600 986 659 1025 se
688 982 824 1039 erat,
859 975 1038 1029 rimati
1067 984 1196 1029 sunt
1240 986 1406 1048 atque
1448 978 1932 1049 investigaverunt.
1980 980 2091 1035 lllis
2126 991 2306 1035 autem
2347 997 2457 1036 non
2490 991 2599 1037 tam
2634 997 2735 1036 suo
2765 982 2949 1035 labore
2976 994 3139 1051 atque
3185 982 3474 1047 industria,

213 1074 379 1126 quam
418 1076 634 1117 summa
668 1065 1056 1133 omnipotentis
1094 1066 1188 1121 Dei
1230 1068 1563 1139 benignitate
1593 1071 1788 1140 magis,
1826 1071 2118 1140 minusque
2154 1086 2252 1140 pro
2286 1086 2643 1140 personarum
2675 1070 3011 1133 conditione,
3044 1070 3250 1139 Spiritu
3286 1079 3476 1126 sancto

214 1150 499 1217 edocente,
532 1155 625 1222 qui
660 1156 835 1224 spirat
861 1156 953 1209 ubi
986 1157 1122 1217 vult,
1156 1156 1338 1226 aliqua
1366 1159 1601 1213 revelata
1632 1160 1822 1221 fuisse,
1855 1160 1963 1213 alia
1996 1174 2127 1213 vero
2161 1174 2256 1228 per
2291 1175 2490 1213 manus
2524 1159 2932 1228 quodammodo
2964 1161 3241 1227 accepisse
3270 1174 3335 1213 ex
3365 1168 3476 1214 tra-

223 1242 432 1298 ditione
464 1248 756 1317 majorum,
783 1250 877 1319 qui
910 1250 1160 1305 similiter
1183 1253 1425 1307 cmlcstia
1476 1241 1736 1325 mysteria
1780 1253 2049 1307 velamine
2092 1253 2383 1307 verborum
2427 1252 2697 1307 occultata
2733 1267 2796 1304 ex
2834 1260 2986 1320 parte
3020 1252 3200 1321 aliqua
3237 1251 3473 1307 assecuti

218 1345 368 1390 sunt.
398 1336 669 1392 Caeterum
697 1340 921 1403 intueri,
958 1342 1173 1397 sublato
1203 1343 1492 1410 velamine,
1524 1345 1705 1399 divina
1749 1354 1803 1399 et
1830 1359 2065 1413 superna
2095 1343 2375 1414 mysteria,
2402 1353 2452 1398 et
2478 1344 2738 1412 dispulsis
2770 1343 3062 1411 figurarum
3101 1343 3361 1409 tenebris,
3385 1357 3473 1396 ar-

217 1444 388 1482 canos
428 1428 835 1499 Scripturarum
870 1449 1064 1488 sensus
1094 1435 1472 1505 introspicere,
1510 1436 1574 1490 ad
1612 1435 1663 1489 id
1697 1445 1910 1504 tempus
1937 1444 2212 1490 servatum
2242 1443 2347 1501 est,
2379 1449 2488 1503 quo
2520 1434 2776 1503 splendor
2802 1433 3002 1499 Patris,
3036 1435 3128 1487 lux
3160 1434 3348 1486 mundi
3371 1447 3471 1503 po-

215 1518 359 1587 pulis
388 1519 697 1588 jacentihus
727 1524 779 1576 in
822 1524 1060 1578 tenebris
1087 1535 1139 1578 et
1165 1527 1358 1579 umbra
1384 1526 1579 1580 mortis
1599 1526 1908 1580 exoriretur
1939 1526 1990 1578 in
2019 1525 2200 1578 terris.
2230 1522 2347 1579 Huc
2374 1533 2556 1578 autem
2588 1533 2837 1592 spectare
2862 1523 3115 1578 videntur
3145 1524 3310 1576 verba
3328 1506 3473 1591 Apo-

216 1615 342 1669 stoli
376 1615 429 1668 in
464 1612 706 1685 Epistola
742 1618 807 1669 ad
837 1617 1189 1673 Corinthios:
1226 1616 1347 1670 Non
1378 1618 1516 1687 quod
1543 1608 1851 1687 sufﬁcientes
1876 1617 2040 1669 simus
2071 1616 2303 1685 cogitare
2338 1614 2540 1683 aliquid
2571 1630 2635 1667 ea:
2670 1613 2839 1677 nobis,
2878 1615 3031 1684 quasi
3064 1630 3128 1667 ea:
3167 1614 3351 1678 nobis;
3387 1612 3476 1666 sed

214 1712 529 1778 sufficientia
561 1722 743 1765 nostra
788 1727 852 1765 ea:
885 1712 992 1765 Deo
1023 1722 1124 1775 est,
1161 1714 1248 1780 qui
1279 1727 1328 1766 et
1357 1714 1567 1767 idoneos
1594 1729 1685 1765 nos
1722 1712 1843 1781 fecit
1887 1712 2158 1764 ministros
2189 1708 2329 1762 Novi
2362 1708 2701 1766 Testamenti,
2737 1722 2838 1759 non
2890 1706 3100 1770 littera,
3129 1705 3218 1758 sed
3244 1704 3474 1773 spiritu:

218 1800 396 1855 littera
418 1803 557 1855 enim
586 1804 799 1869 occidit,
833 1809 1052 1873 spiritus
1083 1822 1259 1863 autem
1292 1810 1519 1877 vivi/ient
1550 1808 1628 1873 ¹¹;
1657 1815 1711 1861 et
1743 1806 1904 1876 paulo
1924 1805 2151 1860 inferius
2178 1824 2190 1859 :
2224 1803 2291 1857 Et
2320 1820 2421 1857 non
2449 1804 2585 1857 sicut
2624 1802 2830 1871 Moyses
2860 1800 3082 1869 ponebat
3122 1800 3357 1854 velamen
3381 1816 3475 1852 su-

217 1906 310 1957 per
335 1892 526 1960 facient
549 1911 722 1961 suam,
749 1906 805 1949 ut
837 1914 940 1952 non
974 1900 1299 1953 intenderent
1330 1901 1430 1969 ﬁlii
1474 1898 1647 1953 Israel
1673 1900 1725 1952 in
1754 1899 1945 1967 [aciem
1986 1897 2121 1966 ejus,
2150 1896 2289 1965 quod
2334 1906 2662 1948 evacuatur:
2691 1894 2780 1947 sed
2812 1892 2984 1946 obtusi
3014 1900 3135 1945 sunt
3174 1908 3355 1946 sensus
3387 1907 3478 1945 eo-

220 2001 358 2039 rum.
396 1985 569 2057 Usque
610 1990 666 2043 in
699 1991 1008 2046 hodiernum
1046 1996 1185 2048 enim
1227 1995 1363 2048 diem
1395 1995 1449 2047 id
1482 1996 1654 2064 ipsum
1682 1993 1909 2047 velamen
1935 1994 1991 2045 in
2021 1992 2239 2046 lectione
2273 1989 2472 2045 Veteris
2500 1986 2823 2041 Testamenti
2852 1992 3026 2037 manet
3061 2000 3163 2038 non
3192 1984 3477 2039 revelatum

222 2075 494 2145 (quoniam
518 2079 571 2130 in
596 2078 806 2133 Christo
825 2083 1154 2154 evacuatur),
1180 2083 1269 2137 sed
1298 2100 1459 2153 usque
1489 2084 1541 2136 in
1567 2083 1876 2136 hodiernum
1903 2082 2063 2147 diem,
2093 2098 2210 2134 cum
2237 2081 2431 2150 legitur
2457 2079 2686 2148 Moyses,
2711 2078 2941 2131 velamen
2968 2079 3198 2147 positum
3220 2085 3297 2130 est
3323 2090 3480 2144 super

223 2184 313 2220 car
337 2185 589 2225 eorum...
630 2172 743 2226 Nos
774 2191 891 2228 vero
919 2192 1094 2230 omnes
1123 2176 1351 2230 revelata
1380 2176 1515 2245 [acie
1538 2175 1763 2247 gloriam
1792 2174 2004 2229 Domini
2036 2174 2361 2245 speculantes
2387 2176 2440 2227 in
2468 2174 2703 2229 eamdem
2727 2173 3006 2242 imaginem
3034 2171 3481 2241 transformamur

220 2277 255 2314 α
282 2259 527 2315 claritate
553 2264 605 2316 in
639 2264 960 2332 claritatem,
993 2276 1244 2338 tanquam
1267 2286 1299 2321 a
1336 2268 1554 2321 Domini
1584 2265 1786 2336 Spiritu
1811 2266 1873 2319 ¹².
1906 2265 1989 2320 Ad
2027 2266 2115 2319 illa
2144 2274 2324 2319 autem
2358 2264 2597 2332 Apostoli
2629 2263 2791 2318 verba
2813 2264 2879 2316 de
2910 2262 3175 2316 velamine
3201 2276 3363 2331 super
3387 2277 3482 2317 cor

222 2354 557 2420 Judaeorum,
586 2371 709 2409 cum
738 2357 932 2427 legitur
948 2358 1181 2428 Moyses,
1205 2361 1277 2413 ita
1302 2368 1701 2414 commentatur
1719 2358 1980 2428 Origenes
2004 2356 2257 2412 refellens
2279 2357 2495 2412 Celsum
2517 2355 2653 2425 (54),
2672 2354 2788 2424 qui,
2811 2351 3123 2407 Judaeorum
3143 2366 3339 2407 sensus
3360 2368 3481 2411 eos-

224 2446 348 2501 detn
378 2463 497 2501 esse
526 2464 590 2502 ac
614 2448 1053 2505 Christianorum
1087 2451 1141 2505 in
1179 2452 1383 2507 sanctis
1413 2451 1710 2522 Seripturis
1744 2447 2187 2518 interpretandis,
2219 2458 2421 2502 temere
2449 2447 2771 2501 allirmabat.
2824 2463 2842 2495 ι
2874 2443 3149 2509 Dicemus,
3181 2446 3377 2516 inquit,
3421 2443 3477 2499 in

224 2539 480 2597 confesso
512 2557 632 2597 esse
653 2544 795 2613 apud
828 2554 1113 2615 utrosque,
1150 2545 1319 2600 libros
1347 2545 1532 2600 divino
1565 2544 1767 2615 Spiritu
1794 2544 1965 2599 fuisse
2006 2543 2274 2613 scriptos;
2306 2544 2372 2598 de
2408 2544 2621 2597 illorum
2650 2553 2829 2598 autem
2870 2544 3127 2598 librorum
3158 2544 3480 2611 interpreta-

226 2632 379 2686 tione
404 2648 505 2685 nos
532 2647 657 2686 cum
688 2630 890 2689 Judaeis
915 2634 1227 2689 dissentire.
1260 2636 1468 2705 Quippe
1494 2650 1601 2689 non
1630 2645 1687 2689 ut
1706 2633 1876 2689 Judaei
1904 2635 2155 2700 vivimus,
2188 2650 2556 2704 negamusquc
2586 2645 2819 2689 mentem
2839 2636 2972 2705 legis
2997 2634 3262 2689 contineri
3293 2648 3479 2702 sensu,

227 2740 389 2794 quem
414 2724 589 2793 legum
620 2724 796 2779 littera
824 2742 933 2795 pra:
956 2744 1013 2782 se
1031 2728 1150 2782 fert.
1176 2728 1433 2794 Quinimo
1466 2728 1820 2792 affirmamus,
1842 2744 1964 2783 cum
1995 2729 2193 2798 legitur
2216 2727 2451 2799 Moyses,
2479 2728 2723 2782 velamen
2762 2730 2998 2798 positum
3036 2744 3157 2785 esse
3191 2744 3354 2799 super
3388 2744 3483 2783 cor

228 2832 443 2879 eorum,
471 2832 591 2870 eam
622 2816 692 2870 ob
717 2832 964 2879 causam,
994 2819 1123 2888 quia
1152 2819 1287 2889 legis
1322 2818 1573 2873 Mosaicae
1609 2835 1762 2874 meus
1790 2819 2096 2873 occultatur
2132 2818 2218 2883 iis,
2249 2820 2344 2888 qui
2368 2820 2508 2872 viam
2539 2836 2569 2873 a
2598 2817 2725 2873 Jesu
2765 2819 2988 2875 Christo
3016 2829 3372 2874 monstratam
3398 2819 3485 2873 in-

228 2909 379 2980 gredi
410 2918 754 2963 recusarunt.
785 2908 999 2963 Scimus
1028 2919 1233 2973 autem,
1265 2912 1483 2980 quando
1523 2928 1582 2966 se
1621 2911 1743 2981 quis
1770 2912 1836 2965 ad
1868 2911 2177 2976 Dominum,
2203 2912 2292 2981 qui
2328 2910 2565 2980 Spiritus
2602 2920 2707 2975 est,
2736 2913 3087 2979 converterit,
3112 2913 3356 2967 velamen
3388 2927 3482 2965 au-

230 3004 383 3067 ferri,
415 3017 649 3070 eumque
673 3010 865 3054 retecta
892 3003 1028 3072 [acie
1056 3003 1273 3056 Domini
1302 3006 1549 3075 gloriam,
1580 3003 1713 3057 velut
1741 3005 1797 3057 in
1821 3002 2052 3073 speculo,
2083 3004 2280 3056 intueri
2308 3004 2361 3057 in
2391 3004 2499 3058 illis
2533 3006 2806 3066 sensibus,
2835 3020 2975 3074 quos
3005 3004 3182 3058 littera
3200 3004 3335 3074 legis
3354 3003 3483 3059 abs-

228 3094 517 3157 condebat,
542 3104 594 3147 et
612 3093 662 3145 in
686 3109 839 3148 suam
864 3095 1034 3164 ipsius
1056 3097 1281 3167 gloriam
1299 3098 1483 3167 gloriae
1504 3097 1702 3151 divina:
1728 3097 2044 3166 participem
2069 3096 2206 3151 fieri.
2234 3095 2366 3151 Nam
2398 3097 2471 3163 id,
2497 3098 2641 3168 quod
2666 3098 2751 3152 hic
2777 3112 2872 3167 per
2890 3097 3116 3166 liguram
3147 3104 3374 3150 vocatur
3404 3095 3486 3164 [a—

228 3189 336 3241 cies
357 3228 371 3248 ,
404 3193 587 3255 aperte
615 3186 857 3254 loquenti
893 3197 975 3243 est
999 3191 1327 3256 intellectus,
1357 3190 1409 3243 in
1446 3206 1555 3260 quo
1589 3197 1673 3246 est
1695 3190 1973 3244 interioris
2005 3188 2242 3244 hominis
2266 3191 2454 3255 iacies,
2476 3207 2618 3259 quae,
2644 3199 2930 3261 perspecto
2954 3204 3083 3243 vero
3101 3189 3277 3259 legum
3296 3203 3484 3251 sensu,

229 3288 346 3335 tota
380 3279 585 3331 lumine
622 3286 677 3331 et
718 3279 889 3348 gloria
917 3284 1244 3353 resplendet.
1279 3305 1297 3336 ι
1354 3282 1720 3351 Quamobrem
1752 3284 1908 3354 juxta
1950 3281 2113 3337 verba
2147 3286 2290 3340 beati
2323 3285 2573 3354 Apostoli
2608 3288 2873 3355 spiritalis
2908 3301 3189 3345 sacrarum
3242 3283 3487 3351 Scriptu-

230 3393 419 3431 rarum
458 3379 828 3449 intelligentia,
865 3386 919 3432 et
951 3377 1288 3431 sublimioris
1330 3377 1546 3431 illarum
1573 3392 1768 3432 sensus
1798 3378 2037 3447 perfecta
2084 3393 2313 3449 prorsus
2347 3388 2509 3447 atque
2551 3379 2801 3433 absoluta
2846 3380 3081 3450 cognitio
3126 3392 3315 3433 revera
3354 3374 3487 3431 solis

232 3472 522 3538 apostolis,
548 3474 866 3541 sanctisque
893 3470 1169 3535 Patribus,
1200 3478 1254 3524 et
1281 3468 1539 3524 Ecclesia:
1568 3468 1662 3525 Dei
1698 3470 1829 3536 vivi,
1860 3487 1981 3539 quae
2011 3479 2095 3526 est
2122 3470 2403 3533 colunma,
2436 3480 2485 3524 el
2517 3470 2920 3525 ﬁrmamentum
2953 3470 3200 3525 veritatis
3227 3469 3292 3532 ³⁸,
3322 3477 3377 3523 et
3418 3465 3487 3521 ad

234 3579 403 3634 quam
436 3581 502 3619 ex
538 3567 838 3635 apostolica
870 3565 1164 3619 traditione
1198 3565 1520 3627 dimanavit,
1554 3565 1720 3618 tribui
1753 3566 1930 3620 debet.
1962 3565 2095 3619 Nam
2135 3581 2202 3619 ex
2235 3566 2302 3620 iis
2328 3581 2450 3634 qua:
2489 3566 2634 3619 circa
2675 3565 2954 3620 Christum
2989 3565 3283 3619 Dominum
3313 3560 3490 3617 conti-

236 3666 457 3726 gerunt,
491 3672 689 3725 magna
718 3658 810 3710 lux
842 3671 1012 3711 sacrae
1044 3654 1359 3724 Scriptum,
1394 3663 1447 3709 et
1472 3656 1743 3725 praecipue
1774 3657 2109 3725 propheticis
2135 3658 2372 3711 oraculis
2399 3657 2561 3711 allata
2595 3668 2696 3712 est.
2737 3656 3001 3713 Praeterea
3046 3658 3301 3713 Christus
3334 3663 3486 3726 post-

234 3765 401 3819 quam
430 3750 483 3802 in
515 3750 713 3804 coelum
745 3749 1010 3809 ascendit,
1041 3746 1301 3816 Spiritum
1340 3755 1611 3807 sanctum,
1636 3762 1797 3816 quem
1845 3746 2173 3816 promiserat
2216 3747 2477 3816 apostolis
2500 3786 2513 3810 ,
2549 3748 2717 3812 misit,
2752 3749 2846 3818 qui
2894 3748 3111 3802 doceret
3137 3762 3234 3801 eos
3268 3760 3486 3801 omnem

235 3843 551 3911 veritatem;
579 3843 700 3897 ideo
722 3843 951 3897 docente
977 3841 1183 3909 Spiritu
1214 3840 1461 3896 veritatis
1486 3841 1771 3910 pervenire
1796 3840 2025 3911 apostoli
2053 3850 2345 3910 potuerunt
2374 3840 2441 3895 ad
2472 3842 2822 3911 allegoricum
2854 3857 2951 3895 seu
2983 3841 3281 3910 spiritalem
3304 3853 3489 3894 sacra-

235 3949 359 3987 rum
405 3934 812 4003 Scripturarum
862 3950 1084 3989 sensum
1122 3933 1555 4003 percipiendum,
1588 3943 1750 3987 eteo
1800 3934 2107 4003 pertingere
2151 3947 2263 4002 quo
2302 3933 2561 3986 Patribus
2588 3933 2800 3989 \eteris
2834 3932 3163 3988 Testamenti
3190 3939 3245 3985 et
3276 3930 3490 3998 magnis

235 4024 518 4095 prOphetis
547 4035 829 4093 penetrare
865 4042 970 4080 non
1005 4026 1180 4079 licuit.

312 4114 531 4169 XXVII.
567 4117 952 4185 Apostolorum
988 4118 1155 4188 igitur
1185 4117 1434 4187 exemplo
1460 4116 1747 4180 excitatos,
1771 4132 2073 4185 eorumque
2105 4117 2345 4187 vestigiis
2363 4125 2417 4171 et
2446 4115 2706 4171 doctrinae
2732 4114 3060 4167 inluerentes
3087 4111 3491 4171 vetustissimos

236 4207 523 4263 orientalis
554 4208 815 4265 Ecclesia:
848 4210 1040 4266 Patres
1076 4213 1305 4282 mystico
1352 4210 1781 4279 Scripturarum,
1829 4210 2012 4264 sensui
2040 4210 2329 4280 aperiendo
2354 4207 2695 4279 potissimum
2737 4206 3034 4269 studuisse,
3069 4204 3228 4258 [idem
3261 4203 3489 4267 faciunt,

236 4308 301 4352 ut
331 4302 583 4369 superius
615 4303 749 4369 dixi,
785 4312 980 4373 prmter
1025 4304 1311 4375 Origenem
1344 4313 1397 4359 ct
1427 4306 1760 4359 Clementem
1786 4304 2216 4357 Alexandrinum
2255 4304 2484 4375 epistola
2534 4318 2654 4373 quae
2687 4301 2949 4355 Barnabas
2974 4299 3301 4362 ascribitur;
3330 4295 3489 4351 Com-

236 4393 509 4447 mentaria
544 4395 599 4447 in
619 4407 849 4465 quatuor
872 4396 1163 4465 Evangelia
1192 4396 1480 4467 Theophili
1512 4399 1753 4467 episcopi
1786 4398 2133 4463 Antiocheni,
2181 4398 2265 4451 vel
2300 4395 2524 4452 alterius
2555 4395 2762 4465 antiqui
2802 4391 3106 4462 scriptoris,
3136 4391 3226 4460 qui
3252 4388 3493 4457 Evange-

236 4481 377 4536 lium
417 4484 644 4554 mystica
680 4484 1127 4553 interpretatione
1155 4488 1412 4556 explicat,
1447 4498 1560 4542 tum
1608 4490 1772 4542 etiam
1802 4487 2064 4543 Hebraica
2096 4490 2317 4543 nomina
2346 4506 2467 4558 qua
2498 4490 2550 4543 in
2584 4487 2735 4541 Novo
2770 4484 3119 4539 Testamento
3146 4483 3493 4537 continentur

237 4574 529 4643 diligenter
552 4577 959 4646 interpretatur,
991 4590 1047 4633 et
1075 4577 1425 4646 allegoricum
1460 4594 1682 4633 sensum
1715 4580 1800 4649 pie
1834 4595 1897 4633 ac
1938 4582 2166 4635 solerter
2196 4580 2454 4649 exponit;
2484 4588 2595 4633 tum
2636 4578 2739 4632 alia
2771 4578 3013 4647 ejusdem
3040 4573 3324 4643 Theophili
3359 4572 3493 4625 alio-

237 4682 479 4735 rumque
515 4676 761 4722 veterum
790 4670 1047 4727 Ecclesiaa
1073 4671 1297 4726 Patrum
1323 4674 1587 4742 opuscula
1619 4689 1740 4743 quae
1770 4674 1837 4727 ad
1872 4690 1975 4729 nos
2002 4681 2385 4743 pervenerunt.
2422 4670 2532 4725 Cur
2567 4678 2745 4724 autem
2792 4668 3000 4737 antiqui
3029 4664 3269 4721 Orientis
3307 4663 3494 4719 Patres

238 4760 297 4814 in
330 4760 723 4826 perscrutanda
771 4765 1000 4831 mystico
1036 4779 1131 4817 seu
1178 4765 1407 4834 spiritali
1454 4764 1862 4833 Scripturarum
1915 4781 2079 4820 sensu
2114 4765 2248 4819 adeo
2276 4764 2561 4831 diligentes
2592 4770 2646 4815 et
2683 4760 2887 4816 assidui
2926 4759 3149 4825 fuerint,
3182 4756 3381 4828 duplici
3428 4772 3492 4811 ex

235 4866 411 4905 causa
446 4851 713 4914 evenisse,
744 4854 998 4923 quisque,
1034 4864 1093 4909 ut
1116 4872 1259 4937 reor,
1288 4856 1575 4925 judicabit.
1617 4855 1822 4922 Prima,
1864 4857 1992 4927 quia
2027 4856 2340 4928 hujusmodi
2375 4853 2877 4924 interpretationem
2913 4853 3177 4921 aptiorem
3217 4850 3499 4909 existima-

332 5016 371 5046 “
396 5016 439 5068 ll
469 5016 595 5071 Cor.
623 5033 708 5082 ut,
733 5016 786 5084 5,
817 5017 869 5073 6.
950 5020 992 5049 ¹²
1024 5018 1153 5072 ibid.
1184 5018 1367 5072 15-18.
1448 5018 1491 5049 ’³
1530 5015 1713 5071 lTint.
1741 5016 1930 5083 1:1,15.

238 5152 486 5220 collegit,
520 5150 835 5219 librumque
861 5150 1065 5203 Miscuit
1087 5150 1342 5220 confecit,
1363 5166 1393 5204 a
1439 5165 1550 5219 quo
1588 5164 1712 5220 cum
1768 5148 2029 5203 Chemart‘z
2051 5149 2345 5218 conjuncto
2394 5147 3033 5220 _Talmud_'componitur.
3064 5146 3293 5220 Talmud
3319 5155 3498 5220 autem

238 5217 457 5279 Hebraei
506 5236 661 5289 aeque
712 5217 777 5275 ac
828 5235 1043 5275 sacram
1078 5219 1414 5288 Scripturam
1446 5217 1626 5289 magni
1652 5219 1887 5285 faciunt;
1928 5220 2039 5273 imo
2067 5217 2231 5274 etiam
2271 5218 2585 5290 praeferunt.
2630 5218 2723 5272 Est
2760 5229 2937 5273 autem
2975 5219 3112 5290 liber
3142 5217 3335 5290 plenus
3371 5217 3495 5290 ridi-

238 5293 386 5348 culis
434 5299 487 5360 et
550 5285 753 5360 putidis
796 5290 1019 5353 fabulis,
1063 5285 1589 5359 superstitionibus,
1632 5290 1986 5358 blasphemiis
2028 5299 2081 5343 et
2122 5285 2494 5357 impietatihus
2540 5292 2793 5354 refertus,
2820 5300 2899 5360 ut
2926 5289 3119 5343 merito
3146 5285 3502 5360 plurie‘s‘fue-

238 5367 317 5418 rit
382 5378 411 5415 a
457 5355 720 5431 Romanis
770 5355 1147 5431 pontiﬁcibus'
1178 5360 1539 5427 proscriptus,
1608 5369 1659 5413 et
1695 5355 2249 5431 ignigdamnatusiet
2298 5362 2454 5431 longe
2502 5361 2771 5431 anteaah
2815 5355 3156 5431 imperatore
3191 5355 3504 5431 Jtlstiniano

237 5434 367 5501 ejus
392 5432 549 5484 lectio
573 5423 813 5484 Hebraeis
838 5430 1123 5501 interdicta
1141 5423 1356 5501 videtur
1386 5423 1437 5501 in
1479 5431 1689 5483 novella
1717 5423 1867 5501 ⁷146,
1909 5430 1993 5501 tit.
2025 5430 2101 5483 De
2134 5423 2418 5501 Hebrteis:
2444 5430 2624 5501 verbis
2657 5430 2797 5483 illis:
2830 5448 2848 5501 ᾳ
2882 5423 3189 5501 Qutevero
3236 5423 3501 5501 Deutero-

242 5494 349 5563 sis,
382 5501 539 5570 quasi
580 5501 903 5573 secundaria
949 5500 1185 5573 eruditio
1228 5501 1296 5553 ab
1341 5500 1475 5573 ipsis
1507 5501 1726 5562 dicitur,
1771 5499 1822 5552 in
1861 5500 2179 5573 universum
2225 5499 2715 5573 interdicimus,ut
2754 5499 2847 5573 qui
2898 5498 3070 5553 sacris
3137 5494 3291 5573 libris
3347 5509 3501 5573 com:

243 5565 523 5643 prehensa
543 5587 651 5624 non
679 5572 770 5635 sit,
793 5586 977 5643 neque
1026 5571 1261 5638 desuper
1320 5565 1517 5643 tradita
1570 5586 1690 5643 per
1720 5570 2031 5643 prophetas.
2062 5572 2155 5643 sed
2191 5571 2738 5643 excerptaquzedam
2772 5565 3029 5625 Virorum
3076 5565 3376 5630 contineat,
3412 5565 3505 5630 qui

248 5639 472 5698 terrena
496 5640 759 5693 duntaxat
793 5641 1105 5706 loquantur,
1145 5655 1329 5710 neque
1348 5641 1643 5710 quidquam
1681 5641 1732 5695 iu
1764 5656 1821 5695 se
1858 5640 2028 5695 divini
2062 5641 2294 5697 habeant
2316 5639 2588 5705 Numinis,
2621 5650 2724 5694 etc.

337 5712 459 5783 (54),
473 5710 621 5781 Orig.
648 5721 831 5765 contra
858 5710 995 5765 Cels.
1025 5711 1119 5765 lib.
1144 5726 1198 5775 v,
1230 5727 1283 5764 ιι.
1309 5709 1397 5764 60.
