3878 6218
393 291 497 348 627
1259 294 1314 348 S.
1359 293 1732 348 ATHANASII
1766 293 1918 350 OPP.
1963 293 2140 348 PARS
2183 291 2267 346 Ill.
2307 325 2374 332 —
2413 291 2822 348 EXEGETICA.
3569 284 3697 340 σεε

395 405 526 458 bant
555 407 620 460 ad
643 408 894 463 alendam
927 409 1162 463 fidelium
1207 410 1462 478 pietatem
1507 418 1560 462 et
1590 411 1762 479 magis
1813 409 2283 464 accommodatam
2317 409 2642 464 Christianae
2673 410 2956 478 religioni,
2995 425 3116 476 quae
3155 409 3470 464 adoratores
3494 403 3696 474 exigit

395 496 448 548 in
487 499 679 566 spiritu
716 510 770 553 et
802 501 1055 565 veritate;
1087 509 1200 552 tum
1227 503 1392 554 etiam
1413 503 1538 570 quia
1575 501 1800 554 omnino
1843 501 2212 554 necessariam
2260 515 2382 554 esse
2427 502 2722 554 censebant
2755 509 2962 555 rectam
3009 499 3416 569 Scripturarum
3457 495 3692 551 intelli-

392 593 652 663 gentiam,
700 611 822 649 cum
857 597 1106 664 quaadam
1161 597 1214 650 in
1258 595 1438 650 Veteri
1473 597 1827 650 Testamento
1864 605 2180 656 occurrant,
2213 611 2334 664 quae
2371 595 2478 648 uisi
2527 594 2790 662 spiritalis
2835 594 3212 662 interpretatio
3241 592 3582 646 adhibeatur
3621 593 3688 643 in

395 687 691 740 absurdum
730 703 951 742 sensum
979 691 1150 760 accipi
1182 699 1432 759 possunt.
1466 690 1648 743 Altera
1687 698 1867 743 autem
1901 689 2042 742 haud
2071 689 2235 742 dubie
2273 703 2336 741 ea
2363 695 2468 750 est,
2505 689 2632 755 quia
2669 701 2764 755 per
2797 687 2848 740 id
2875 695 3090 754 tempus
3117 694 3304 738 exorta
3331 693 3448 738 erat
3481 685 3680 736 hare-

392 777 472 834 sis
503 779 908 844 Gnosticorum,
946 781 1040 850 qui
1072 781 1465 836 catholicorum
1504 781 1796 849 magistros
1827 789 1881 832 et
1909 779 2180 838 doctores,
2213 779 2376 831 veluti
2417 779 2581 830 rudes
2615 786 2778 843 atque
2811 776 3092 844 imperitos
3127 776 3500 840 traducentes,
3537 789 3686 844 spe-

394 873 475 926 cie
491 873 724 940 quadam
756 873 1091 926 sublimioris
1121 873 1364 927 scientia:
1395 873 1462 925 ad
1494 887 1552 926 se
1582 871 1893 925 alliciebant
1919 870 2290 934 Christianos,
2327 879 2380 924 et
2403 871 2561 922 novis
2589 869 2904 936 allegoricis
2937 867 3479 936 interpretationibus
3505 869 3682 922 adul-

393 973 633 1018 terantes
659 963 996 1030 Scripturas,
1023 961 1237 1016 fabulas
1271 977 1402 1015 suas
1450 977 1547 1029 pro
1585 975 1724 1012 nova
1762 959 2000 1028 quadam
2039 959 2435 1028 reconditaque
2475 959 2726 1013 doctrina
2767 958 3148 1021 venditabant,
3177 967 3232 1012 et
3266 975 3374 1013 non
3407 976 3574 1017 secus
3607 975 3686 1016 ac

395 1055 656 1113 Pharisaei
682 1059 734 1110 in
773 1056 942 1110 veteri
982 1056 1098 1126 lege
1140 1071 1356 1110 errores
1399 1071 1528 1109 suos
1573 1070 1636 1108 ac
1669 1054 2026 1108 deliramenta
2077 1053 2504 1121 simplicioribus
2543 1053 2928 1106 obtrudebant.
2961 1050 3212 1106 Profecto
3253 1051 3666 1107 Gnosticorum

393 1149 617 1204 hazresis
645 1163 675 1202 a
703 1147 1106 1202 Pharisaeorum
1133 1145 1421 1210 fermento,
1455 1161 1484 1199 a
1517 1161 1626 1214 quo
1651 1153 1710 1196 ut
1743 1153 2017 1208 caverent,
2048 1145 2324 1213 apostolos
2355 1145 2570 1198 monuit
2595 1144 2846 1199 Christus
2869 1144 3155 1210 Dominus,
3190 1145 3468 1216 originem
3488 1161 3678 1200 suam

392 1239 643 1296 ducebat.
693 1240 873 1308 Neque
895 1240 1038 1294 enim
1084 1238 1468 1293 Gnosticorum
1506 1237 2012 1307 pseudo-theologia
2052 1237 2200 1290 aliud
2227 1246 2364 1302 erat,
2389 1247 2448 1290 ut
2473 1238 2638 1291 etiam
2681 1237 2770 1290 alii
2803 1238 3181 1300 observarunt,
3217 1253 3383 1307 quam
3413 1239 3682 1306 philosoo

393 1335 516 1402 pbia
547 1333 929 1403 Pythagorica,
956 1343 1117 1400 atque
1143 1330 1306 1384 etiam
1331 1329 1629 1395 Platonica,
1657 1338 1714 1382 ut
1748 1329 1816 1381 ab
1848 1327 2089 1382 Hebraeis
2129 1327 2415 1382 kabalistis
2463 1329 2714 1396 exposita
2735 1337 2788 1382 et
2819 1329 3142 1398 interpolata
3171 1339 3276 1396 est,
3315 1339 3368 1383 et
3401 1331 3680 1400 pluribus

397 1427 617 1491 additis,
645 1426 895 1487 inversis,
922 1425 1238 1492 amputatis,
1275 1441 1381 1478 non
1415 1439 1606 1492 parum
1644 1423 1948 1476 immutata.
1987 1421 2123 1477 Nam
2171 1423 2487 1478 Judreorum
2529 1421 2754 1488 Kabata,
2785 1421 2853 1476 de
2889 1438 2997 1492 qua
3033 1423 3190 1492 plura
3217 1424 3470 1492 superius
3507 1424 3670 1489 dixi,

391 1518 850 1586 quemadmodum
877 1525 930 1570 et
964 1515 1154 1584 primis
1187 1514 1446 1570 Ecclesia:
1475 1515 1691 1569 saeculis
1717 1529 1746 1566 a
1781 1514 2024 1568 rabbiuis
2067 1515 2404 1580 tradebatur,
2443 1523 2602 1584 atque
2632 1515 2929 1568 etiamnum
2962 1529 2993 1567 a
3027 1516 3306 1571 nonnullis
3339 1517 3678 1572 rabbiniea-

391 1625 512 1664 rum
541 1609 895 1664 traditionum
925 1607 1202 1676 magistris
1235 1607 1468 1660 traditur
1501 1607 1638 1676 (55),
1673 1607 1786 1674 agit
1831 1607 2178 1676 potissimum
2223 1608 2288 1662 de
2325 1623 2510 1662 rerum
2547 1607 2759 1676 origine
2791 1617 2844 1662 et
2881 1607 3112 1670 ratione,
3141 1623 3205 1662 ac
3239 1608 3400 1663 modo
3425 1624 3676 1679 genera-

391 1703 556 1756 tionis
581 1715 674 1755 seu
703 1699 1106 1770 progressionis
1141 1709 1194 1752 et
1228 1698 1408 1752 ﬂuxus
1439 1713 1622 1752 rerum
1668 1715 1698 1752 a
1729 1700 1904 1768 primo
1949 1713 2087 1764 enle,
2119 1712 2172 1754 et
2209 1703 2276 1756 de
2315 1703 2630 1756 earumdem
2671 1717 2850 1756 rerum
2897 1702 3158 1772 gradibus
3197 1702 3582 1772 descensuque
3631 1721 3676 1760 ιι

392 1795 624 1851 summis
648 1796 712 1848 ad
739 1795 868 1848 ima.
903 1791 1022 1848 Non
1056 1803 1238 1846 autem
1267 1792 1536 1846 dissimile
1567 1791 1668 1845 fuit
1709 1791 1986 1848 Gnosticre
2027 1795 2544 1865 pseudo-theologia:
2583 1804 2988 1866 argumentum,
3023 1802 3084 1848 ut
3111 1794 3297 1848 videre
3343 1795 3470 1849 licet
3511 1797 3670 1865 apud

391 1890 655 1942 [renatum
685 1893 740 1940 et
768 1885 910 1955 apud
941 1883 1330 1953 Epiphanium,
1362 1884 1612 1953 aliosque
1662 1893 1874 1940 veteres
1906 1884 2166 1940 Ecclesite
2202 1886 2527 1956 'scriptores.
2574 1885 2692 1940 Non
2733 1896 2841 1940 tam
2893 1885 3186 1940 Gnosticos
3231 1901 3396 1955 quam
3439 1897 3674 1942 veteres

391 1980 697 2034 Kabalistas
723 1979 869 2032 circa
901 1977 1038 2031 duos
1071 1975 1418 2044 potissimum
1451 1983 1700 2030 versatos
1724 1975 1894 2030 fuisse
1917 1977 2052 2046 (56),
2085 1993 2150 2031 ex
2185 1987 2426 2032 veterum
2464 1979 2704 2047 scriptis,
2722 1991 2844 2046 qua:
2868 1977 2934 2030 ad
2959 1991 3059 2030 nos
3083 1986 3467 2046 pervenerunt,
3499 1995 3656 2034 com-

389 2077 615 2147 peritur.
643 2074 907 2136 Primum,
936 2083 995 2125 ut
1023 2069 1289 2125 fabulosis
1320 2069 1436 2125 suis
1463 2071 1790 2124 commentis
1823 2079 2177 2138 exponerent,
2211 2087 2321 2140 quo
2353 2071 2562 2134 ordine,
2599 2078 2653 2124 et
2683 2085 2792 2140 qua
2823 2071 2964 2124 serie
2991 2084 3077 2124 res
3105 2084 3298 2125 omnes
3325 2087 3354 2124 a
3385 2070 3495 2124 Deo
3517 2071 3656 2137 sint,

387 2180 652 2242 tanquam
680 2185 710 2224 a
742 2168 918 2240 prima
949 2181 1136 2226 causa,
1175 2179 1298 2232 qua:
1335 2163 1646 2217 necessario
1675 2162 1918 2226 exsistit;
1947 2162 2270 2228 secundum,
2297 2172 2354 2215 ut
2397 2163 2748 2217 ostenderent
2774 2176 2998 2216 causam
3031 2161 3260 2230 primam
3295 2173 3348 2216 et
3377 2163 3650 2233 originem

387 2264 541 2318 mali.
572 2262 728 2327 Quod
763 2262 828 2316 de
854 2257 1131 2315 Gnosticis
1158 2256 1450 2310 manifesto
1502 2261 1718 2308 constat
1743 2269 1807 2308 ex
1837 2253 2082 2322 ejusdem
2112 2253 2286 2308 sancti
2317 2252 2504 2308 Irenaei
2537 2253 2690 2308 libris
2729 2253 2990 2306 Adversus
3043 2253 3287 2318 hazreses,
3347 2255 3438 2308 ubi
3484 2253 3664 2309 refert

387 2353 538 2422 impii
571 2351 846 2406 Valentini
881 2367 1119 2407 errores.
1161 2351 1234 2406 De
1258 2350 1553 2406 Kabalistis
1585 2365 1717 2405 vero
1748 2366 1812 2405 ex
1844 2366 2036 2406 eorum
2067 2351 2222 2406 libris
2262 2351 2358 2420 qui
2393 2351 2459 2406 ad
2491 2367 2594 2406 nos
2626 2361 3012 2420 pervenerunt,
3041 2359 3097 2406 et
3129 2351 3332 2420 quibus
3374 2351 3662 2421 explican-

385 2442 472 2498 dis
498 2457 606 2496 non
635 2443 810 2497 solum
849 2443 950 2512 ipsi
982 2441 1176 2506 Judaei,
1204 2441 1298 2496 sed
1331 2443 1496 2496 etiam
1535 2441 1702 2510 aliqui
1751 2442 1952 2496 eruditi
1983 2442 2086 2495 viri
2131 2457 2198 2496 ex
2241 2441 2573 2497 Christianis
2602 2442 2860 2497 inanibus
2895 2443 3062 2498 vat-ite
3094 2445 3336 2500 scientiw
3363 2446 3662 2514 promissis

385 2539 618 2609 decepti,
643 2555 710 2593 ex
755 2539 1114 2609 aenigmaticis
1162 2539 1416 2593 sensibus
1451 2553 1514 2591 ac
1555 2536 1844 2607 praestigiis
1884 2537 2034 2592 illusi
2073 2537 2465 2593 allaborarunt.
2499 2536 2752 2592 Profecto
2791 2538 2954 2607 primi
2998 2537 3384 2594 Gnosticorum
3425 2539 3658 2596 haeresis

387 2639 641 2686 auctores
683 2631 856 2686 Judaei
895 2631 1135 2697 fuerunt,
1171 2646 1234 2686 ac
1267 2631 1498 2700 proinde
1531 2630 1586 2683 in
1614 2629 1956 2684 kabalisticis
1989 2628 2190 2685 fabulis
2227 2641 2284 2684 et
2317 2630 2704 2699 :enigmatibus
2747 2632 2966 2686 versati.
2997 2631 3185 2701 Itaque
3223 2633 3300 2685 nil
3338 2633 3538 2686 mirum
3565 2645 3660 2688 est

388 2725 436 2779 si
457 2723 726 2789 Gnostici,
756 2739 982 2778 suorum
1005 2725 1392 2794 magistrorum
1419 2725 1763 2794 aenigmatica
1797 2723 2046 2778 doctrina
2079 2722 2297 2787 imbuti,
2341 2737 2530 2777 sacras
2574 2721 2886 2792 Scripturas
2913 2722 3299 2792 aenigmatibus
3335 2731 3498 2792 atque
3531 2739 3658 2778 am-

387 2817 616 2888 bagibus
659 2817 988 2883 verborum,
1011 2819 1258 2889 mysticis
1305 2827 1469 2887 atque
1507 2817 1700 2872 alienis
1727 2819 1980 2872 sensibus
2028 2817 2535 2886 interpretarentur,
2561 2823 2614 2870 et
2653 2816 2746 2870 Dei
2773 2815 3012 2870 Verbum
3058 2815 3325 2873 fabulosis
3355 2818 3471 2872 suis
3505 2831 3660 2872 com-

387 2913 588 2969 mentis
613 2923 1050 2984 corrumperent.
1091 2913 1457 2981 Quamobrem
1489 2913 1702 2982 antiqui
1734 2912 1810 2966 illi
1841 2913 2142 2981 primorum
2179 2913 2504 2966 szeculorum
2542 2911 2748 2978 Patres,
2779 2921 2837 2966 ut
2881 2911 3270 2966 Gnosticorum
3315 2913 3654 2982 impietatem

386 3017 441 3061 et
466 3007 754 3061 audaciam
787 3008 841 3061 in
867 3005 1172 3061 adulterina
1199 3021 1264 3060 ac
1296 3019 1554 3074 perversa
1591 3002 1752 3056 Verbi
1787 3002 1882 3057 Dei
1919 3004 2366 3072 interpretatione
2397 3003 2626 3058 rudibus
2656 3019 2720 3058 ac
2753 3003 3094 3072 simplicibus
3121 3005 3461 3062 obtrudenda
3487 3018 3652 3059 coer-

385 3107 595 3166 cerent,
631 3107 686 3153 et
713 3097 987 3168 pestiferae
1012 3111 1203 3152 eorum
1233 3095 1496 3148 doctrinm
1521 3093 1831 3147 clanculum
1868 3092 2108 3160 serpenti
2141 3093 2357 3146 obviam
2393 3093 2556 3157 irent,
2591 3094 2967 3164 invesﬁgando
2995 3095 3340 3164 potissimum
3368 3109 3656 3150 sacrarum

391 3193 802 3262 Scripturarum
855 3189 1088 3262 mystico
1137 3187 1322 3243 sensui
1351 3187 1593 3242 studium
1625 3201 1788 3240 omne
1833 3199 1896 3238 ac
1943 3185 2278 3255 diligentiam
2313 3185 2681 3240 adhibuerunt
2717 3195 2770 3240 et
2809 3201 3156 3255 summopere
3186 3196 3468 3250 curarunt,
3499 3186 3656 3256 quod

385 3284 677 3353 pastoralis
697 3298 888 3338 eorum
915 3281 1160 3336 muneris
1191 3277 1524 3348 praacipuum
1559 3285 1697 3341 erat,
1731 3283 1791 3329 ut
1825 3275 2234 3344 Scripturarum
2272 3275 2564 3345 allegorica
2601 3290 2767 3330 sensu
2803 3274 2960 3344 juxta
2997 3275 3251 3334 Ecclesia:
3280 3277 3347 3332 ab
3375 3276 3650 3345 apostoiis

389 3385 664 3447 acceptam
693 3375 1023 3440 doctrinam,
1055 3383 1108 3428 et
1131 3373 1590 3443 praedecessorum
1630 3369 1844 3440 regulas
1879 3370 2152 3438 exposito,
2191 3369 2579 3424 Gnosticorum
2608 3370 2933 3424 commentis
2963 3387 3026 3425 ac
3047 3369 3250 3426 fabulis
3273 3371 3535 3441 spiritalis
3564 3372 3660 3426 in-

389 3468 798 3539 terpretationis
819 3466 1104 3522 veritatem
1135 3471 1492 3533 opponerent.
1523 3461 1654 3528 Qua:
1680 3476 1805 3516 cum
1833 3462 1906 3514 ita
1932 3460 2063 3524 sint,
2099 3470 2156 3514 ut
2185 3462 2376 3530 paucis
2413 3461 2761 3525 concludam,
2789 3464 3064 3516 neminem
3099 3479 3221 3518 esse
3243 3475 3395 3533 puto,
3419 3465 3514 3534 qui
3544 3479 3666 3520 non-

389 3561 677 3632 intelligat,
707 3560 1129 3630 explicationem
1163 3557 1556 3612 llebraicorum
1597 3555 1884 3608 nominum
1925 3563 1978 3608 et
2011 3555 2359 3624 allegoricam
2395 3553 2800 3624 Scripturarum
2841 3558 3340 3628 interpretationem
3377 3568 3430 3614 et
3455 3561 3654 3628 patria:

388 3664 552 3723 atque
597 3651 850 3706 instituto
899 3648 1210 3714 Athanasii,
1247 3657 1360 3702 tum
1411 3647 1574 3701 etiam
1609 3647 1728 3716 ejus
1763 3646 1910 3700 relati
1939 3660 2004 3699 ac
2028 3643 2291 3700 doctrina:
2335 3645 2630 3700 admodum
2677 3658 3102 3704 consentaneam
3135 3667 3276 3714 esse,
3317 3653 3660 3722 minimeque

387 3745 690 3801 adversari.

457 3837 695 3893 XXVIII.
739 3837 942 3892 Verum
985 3851 1081 3906 per
1121 3835 1310 3890 eadem
1351 3843 1618 3902 tempora,
1677 3831 1880 3902 quibus
1921 3831 2121 3886 claruit
2163 3831 2525 3896 Athanasius,
2576 3843 2766 3888 exorta
2823 3837 2978 3906 impii
3023 3839 3136 3892 Arii
3175 3839 3392 3904 haeresi,
3437 3855 3668 3897 necesse

387 3937 493 3990 fuit
527 3935 842 3990 accuratius
887 3933 1176 3988 litteralem
1235 3930 1645 3999 Scripturarum
1695 3944 1918 3983 sensum
1965 3935 2222 3982 excutere
2271 3936 2434 3997 atque
2479 3929 3086 4000 explicare;quoniam
3118 3933 3304 3987 Ariani
3341 3943 3666 3989 contcxmm

388 4031 798 4098 Scripturarum
855 4027 1080 4082 subdole
1133 4027 1612 4096 interpungentes,
1666 4025 1752 4080 vel
1797 4025 1904 4080 vim
1962 4025 2258 4079 verborum
2315 4034 2494 4080 astute
2545 4041 2609 4079 ac
2651 4026 2924 4082 subtiliter
2969 4038 3331 4097 exponentes,
3373 4045 3664 4085 sacrarum

388 4121 800 4190 Seripturarum
833 4121 1160 4174 auctoritate
1192 4120 1256 4172 ad
1288 4134 1401 4172 suae
1433 4119 1728 4188 impietatis
1767 4119 2242 4172 confirmationem
2293 4119 2682 4173 abutebantur.
2722 4119 2910 4190 Itaque
2940 4123 3095 4176 novis
3133 4121 3366 4176 subinde
3394 4138 3667 4178 enascen-

389 4214 536 4267 tibus
563 4212 868 4276 erroribus,
919 4220 974 4265 et
1007 4211 1147 4264 inter
1203 4209 1550 4264 Christianos
1605 4209 1992 4264 effervescente
2052 4209 2445 4279 disputatione,
2530 4225 2656 4264 cum
2711 4211 2802 4264 alii
2855 4225 2954 4280 pro
3015 4213 3260 4274 veritate,
3316 4212 3406 4265 alii
3471 4225 3666 4266 contra

385 4312 618 4370 starent,
660 4313 713 4358 et
761 4303 976 4372 utrique
1031 4303 1084 4354 in
1139 4302 1393 4355 humanis
1437 4301 1779 4370 disciplinis,
1823 4311 1878 4356 et
1931 4301 2217 4358 dialectica
2268 4301 2558 4369 facultate,
2597 4315 2652 4359 et
2703 4302 3108 4374 Scripturarum
3141 4306 3377 4360 lectione
3414 4307 3666 4375 apprime

385 4399 588 4454 versati
631 4404 837 4459 essent,
884 4405 1250 4464 accurateque
1294 4394 1578 4463 prop-rium
1631 4391 2040 4464 Scripturarum
2081 4411 2307 4450 sensum
2361 4397 2426 4452 ad
2476 4399 2849 4468 grammatith
2891 4400 3036 4469 leges
3075 4401 3443 4470 expenderent
3495 4412 3664 4470 atque

386 4492 686 4562 exigerent,
721 4489 775 4543 in
803 4504 969 4544 causa
1007 4485 1114 4541 fuit
1153 4503 1253 4542 cur
1290 4487 1510 4550 deinde,
1549 4486 1940 4555 disputationis
1991 4488 2320 4543 necessitate
2354 4491 2638 4557 suadente,
2673 4491 2922 4546 litteralis
2952 4489 3361 4562 Scripturarum
3389 4493 3666 4560 expositio

387 4602 488 4640 usu
519 4593 733 4653 recepta
769 4583 824 4636 in
855 4579 1078 4636 Oriente
1110 4581 1201 4646 sit,
1229 4580 1284 4633 in
1317 4595 1424 4649 qua
1451 4579 1590 4634 inter
1629 4579 1930 4634 catholicos
1979 4581 2231 4636 doctores
2256 4583 2518 4637 excelluit
2544 4581 2602 4638 S.
2639 4582 2880 4639 Joannes
2907 4585 3359 4656 Clirysostomus.
3397 4583 3562 4645 Nam.
3599 4594 3662 4639 ut

384 4677 666 4744 memoria:
703 4677 960 4731 traditum
989 4685 1072 4730 est
1106 4675 1242 4746 (57),
1276 4685 1329 4730 et
1351 4675 1576 4729 Patrum
1603 4675 1809 4744 scripta
1837 4691 1962 4744 qua:
1985 4676 2052 4730 ad
2085 4693 2184 4732 nos
2223 4679 2550 4734 transmissa
2587 4690 2735 4744 sunt,
2766 4681 3082 4748 ostendunt,
3117 4682 3168 4735 in
3208 4681 3426 4736 Iitterali
3463 4697 3652 4737 sacra-

396 4783 518 4822 rum
550 4767 956 4838 Scripturarum
1001 4768 1448 4836 interpretatione
1475 4767 1714 4820 maxime
1741 4766 1928 4821 ﬂoruit
1959 4768 2148 4822 schola
2175 4769 2538 4824 Auliocbena.
2579 4770 2860 4842 Siquidem
2893 4772 3160 4828 Eusebius
3207 4772 3518 4836 Emiseuus.
3557 4777 3656 4844 qui

387 4863 679 4935 magistros
713 4863 903 4916 habuit
939 4861 1314 4931 Patropbilum
1361 4859 1876 4929 Scytbopolitanum
1905 4871 1957 4915 et
1997 4861 2296 4916 Eusebium
2341 4863 2756 4929 Caesariensem,
2784 4868 3087 4922 Antiochiae
3129 4868 3220 4922 ditt
3267 4880 3516 4923 versatus
3551 4880 3664 4938 est,

387 4963 573 5031 ibique
645 4964 832 5024 etiam,
883 4969 944 5013 ut
989 4969 1139 5028 puto,
1181 4957 1391 5022 docuit,
1443 4957 1790 5010 familiariter
1830 4973 1966 5012 usus
1995 4957 2339 5028 "Euphronio
2364 4973 2417 5015 et
2461 4960 2687 5016 Flacillo
2729 4963 2976 5032 ejusdem
3025 4964 3176 5018 urbis
3217 4963 3492 5034 episcopis
3523 4965 3660 5036 (58).

391 5053 654 5120 Exemplo
683 5060 865 5105 autem
901 5061 954 5104 et
985 5050 1332 5104 institutione
1363 5049 1586 5103 Eusebii
1614 5049 1925 5112 historiam,
1951 5051 2057 5104 hoc
2093 5065 2178 5106 est
2209 5068 2432 5107 sensum
2467 5054 2756 5108 litteralem
2789 5055 2884 5124 (ita
2915 5056 3058 5109 enim
3093 5056 3436 5126 intelligenda
3469 5057 3664 5112 viden-

394 5154 486 5199 tur
529 5144 696 5198 vcrba
745 5143 1082 5214 Hieronymi,
1132 5161 1254 5213 qua:
1287 5145 1516 5200 inferius
1558 5145 1828 5216 aﬂ‘eram),
1875 5145 2122 5200 studiose
2159 5158 2486 5216 prosecutus
2515 5157 2602 5204 est
2639 5148 2908 5204 Diodorus
2949 5148 3259 5216 Tarsensis,
3294 5149 3558 5219 magister
3601 5150 3660 5205 S.

397 5237 628 5294 Joannis
658 5239 1060 5310 Cbrysostomi,
1097 5239 1370 5295 Theodori
1393 5239 1785 5311 IIIOpsuesteni,
1818 5240 2038 5295 Maximi
2065 5241 2454 5310 Seleuciensis,
2492 5255 2544 5299 et
2567 5243 2802 5300 Nestorii
2837 5241 3246 5316 (59-60),quem
3267 5251 3448 5297 tamen
3481 5243 3672 5314 potius

461 5424 576 5494 (55)
608 5424 834 5478 Buruet.
867 5423 1198 5494 :Irclta’olog.
1231 5423 1423 5492 philos.
1455 5440 1503 5478 c.
1536 5424 1587 5476 '7.

459 5494 572 5561 (56)
597 5495 824 5564 Vitring.
860 5493 1073 5548 Observ.
1107 5511 1269 5560 sacr.,
1295 5497 1516 5550 dissert.
1547 5513 1606 5560 ιι,
1641 5495 1732 5547 ltb.
1765 5511 1802 5559 I,
1844 5495 1966 5556 c.2,
2011 5494 2066 5548 in
2101 5503 2214 5544 not.

461 5565 578 5634 (3)7)
608 5563 762 5618 Socr.
783 5563 940 5618 Hist.
981 5565 1108 5618 erat.
1147 5566 1237 5618 lib.
1275 5583 1334 5631 ιι,
1365 5583 1416 5620 c.
1449 5565 1500 5619 9.

461 5631 573 5703 (58)
608 5635 828 5688 Sozom.
865 5635 1009 5689 Hist.
1044 5635 1196 5699 «CL,
1232 5636 1325 5690 lib.
1354 5652 1437 5698 tu,
1462 5651 1510 5690 c.
1537 5635 1603 5702 6;
1637 5635 1787 5688 Socr.
1825 5633 1969 5690 Hist.
2000 5633 2152 5696 ech,
2190 5631 2264 5684 lib
2298 5647 2374 5703 vr,
2400 5645 2444 5703 c.
2487 5631 2519 5683 5

465 5701 682 5774 (59460)
711 5706 929 5760 Sozom.
964 5705 1105 5760 Hist.
1146 5707 1300 5770 πει,
1341 5707 1435 5761 lib.
1470 5701 1669 5772 vm,c.
1703 5705 1772 5772 2;
1814 5703 1970 5760 Socr.
2007 5705 2102 5760 lib.
2143 5719 2239 5767 vlt,
2277 5717 2324 5754 ς.
2350 5701 2436 5754 9.9.
