3878 6218
208 247 335 303 629
952 251 1038 306 DE
1079 251 1357 344 TquLlS
1394 247 1856 307 PSALMORUM.
1898 280 1970 290 -—
2002 249 2395 307 ANTONELLI
2437 251 2827 308 PREFATIO.
3398 256 3508 312 630

208 363 607 431 Theodorum,
634 381 664 420 a
694 383 803 430 quo
827 368 990 422 etiam
1019 385 1267 425 errorum
1294 386 1520 426 suorum
1561 372 1717 425 virus
1765 369 1970 434 hausit,
2005 371 2087 426 vel
2123 377 2268 426 certe
2305 365 2598 442 utrumque
2639 373 2916 428 audivisse
2947 374 3296 430 crediderim.
3333 376 3502 433 Joan-

209 473 324 513 nes
375 457 602 526 quidem
660 459 1090 529 Chrysostomus
1135 478 1164 516 a
1217 461 1278 517 Β.
1311 461 1646 533 Hieronymo
1697 471 1927 516 vocatur
1987 462 2097 532 (6t)
2151 481 2170 514 ι
2213 462 2432 518 Eusebii
2489 464 2754 528 Emiseni,
2795 463 3130 535 Diodorique
3175 475 3434 522 sectator.
3477 487 3501 522 ι

210 549 583 605 Theodorum
615 567 746 607 vero
781 553 1221 622 Mopsuestcnum
1267 555 1607 625 inauspicato
1658 556 1985 626 magistrum
2030 557 2223 612 habuit
2269 557 2646 614 Theodoretus
2684 558 2975 628 episcopus
3004 558 3153 628 Cyri,
3197 560 3290 629 qui
3343 570 3397 614 et
3445 559 3501 616 S.

211 639 496 696 Joannem
533 643 987 716 Chrysostomum
1021 647 1250 707 audivit,
1285 647 1513 715 ejusque
1546 645 1912 715 eloquentiam
1947 647 2190 703 imitatus
2215 656 2300 703 est
2337 667 2350 715 ;
2380 649 2666 704 amborum
2709 658 2889 704 autem
2935 652 3255 706 meminisse
3295 653 3508 708 videtur

214 741 274 793 in
307 739 634 809 praefatione
663 757 890 796 suorum
928 743 1448 797 commentariorum
1483 745 1550 796 ad
1579 743 1848 813 Epistolas
1872 743 2054 810 Pauli,
2085 746 2176 799 ubi
2205 746 2279 800 ait
2315 766 2326 800 :
2366 767 2381 794 ι
2409 745 2513 801 Sed
2545 747 2778 802 fortasse
2799 764 2885 803 me
2914 750 3239 817 arrogantia:
3261 760 3314 804 et
3339 759 3510 806 teme-

215 836 411 890 ritatis
435 838 796 902 accusabunt,
829 838 976 908 quod
1006 848 1125 907 post
1156 839 1304 893 hunc
1330 847 1383 894 et
1414 839 1591 904 illum,
1624 840 1717 908 qui
1750 840 1922 894 totius
1965 839 2114 893 orbis
2147 848 2277 894 sunt
2324 841 2556 903 lumina,
2594 843 2826 896 audeam
2855 843 3211 912 apostolicam
3240 844 3508 914 interpre-

216 932 490 985 tationem
526 933 763 1002 aggredi.
807 933 947 988 Ἀλλ’
971 935 1260 998 αὐθαδείας
1299 952 1364 1005 με
1394 935 1578 1004 τυχὸν,
1609 934 1703 989 καὶ
1737 934 2076 1006 θρασύτητος
2104 936 2428 1006 γράφονται,
2462 937 2598 1005 μετὰ
2622 937 2711 990 τὸν
2730 938 2876 990 δεῖνα
2909 939 3033 1001 τοὺς
3060 938 3158 1008 τῆς
3183 938 3510 1009 οἰκουμένης

218 1025 546 1095 φωστῆρας,
575 1027 676 1096 τῆς
697 1026 1064 1098 άποστολικῆς
1092 1029 1392 1098 ἑρμηνείας
1421 1028 1746 1099 κατατολμῶ

2024 1028 2298 1083 Theodori
2331 1028 2564 1097 quidem
2609 1029 2956 1099 Mepsuestite
2989 1030 3250 1100 episc0pi,
3299 1039 3352 1084 et
3385 1046 3508 1089 ma-

221 1116 387 1184 gistri
427 1118 513 1171 sui
547 1133 765 1172 errores
789 1118 953 1171 etiam
991 1119 1212 1188 scriptis
1236 1120 1501 1175 adversus
1529 1119 1884 1190 S.'Cyri|lum
1921 1121 2120 1174 libellis
2165 1120 2453 1175 infeliciter
2486 1128 2694 1175 tutatus
2720 1130 2823 1182 est.
2853 1120 3221 1189 laudibusque
3249 1121 3504 1176 immodi-

219 1207 308 1262 cis
334 1209 388 1261 in
420 1225 517 1262 sua
556 1209 933 1265 Ecclesiastica
956 1212 1182 1264 historia
1208 1213 1425 1266 ornavit
1450 1212 1586 1281 (62).
1622 1213 1695 1266 De
1730 1212 1965 1267 Diodoro
1997 1222 2177 1267 autem
2217 1212 2477 1266 Tarsensi
2507 1214 2624 1268 haec
2657 1215 2937 1268 memoria:
2977 1214 3200 1268 tradidit
3234 1213 3506 1286 Hierony-

223 1315 357 1356 mus
395 1301 508 1374 (6'5)
539 1321 552 1356 :
599 1323 616 1354 ι
660 1303 892 1358 Exstant
932 1304 1051 1374 ejus
1082 1305 1134 1358 in
1160 1305 1477 1374 Apostolum
1504 1307 1908 1364 commentarii.
1942 1317 1993 1360 et
2018 1305 2190 1360 multa
2221 1306 2324 1358 alia
2364 1305 2431 1358 ad
2467 1305 2688 1360 Eusebii
2731 1306 2906 1376 magis
2940 1304 3181 1359 Emiseni
3226 1302 3509 1360 characte—

221 1410 340 1450 rem
367 1397 695 1463 pertinentia
731 1420 741 1453 :
773 1399 931 1468 cujus
981 1415 1106 1454 cum
1153 1415 1374 1455 sensum
1419 1409 1640 1453 secutus
1686 1399 1776 1461 sit,
1813 1399 2183 1468 eloquentiam
2230 1398 2435 1452 imitari
2481 1414 2591 1452 non
2635 1399 2815 1468 potuit
2849 1409 3073 1468 propter
3129 1397 3500 1466 ignorantiam

221 1492 578 1546 Stecularium
627 1492 955 1547 litterarum.
997 1513 1015 1544 ›
1050 1493 1185 1548 Cum
1219 1494 1548 1566 Hieronymo
1588 1496 1938 1549 consentiunt
1970 1494 2228 1548 Socrates
2275 1495 2413 1565 (64),
2469 1511 2533 1549 ac
2581 1493 2923 1551 Sozomenus
2973 1496 3108 1566 (65),
3138 1512 3372 1566 quorum
3397 1494 3511 1564 pri-

222 1598 354 1638 mus
393 1601 407 1635 :
453 1600 473 1634 ‹
524 1582 816 1650 Diodorus,
861 1604 878 1636 ι
916 1586 1113 1655 inquit,
1148 1605 1165 1636 ‹
1195 1586 1261 1639 ad
1296 1586 1668 1655 episcopatum
1693 1584 1848 1640 Tarsi
1882 1595 2167 1654 promotus
2193 1586 2394 1640 multos
2431 1587 2760 1654 conscripsit
2790 1586 2981 1648 libros,
3021 1586 3327 1654 simplicem
3368 1584 3509 1638 dun-

222 1683 398 1740 taxat,
428 1685 593 1744 atque
623 1677 843 1730 obvium
872 1677 1279 1747 Scripturarum
1305 1695 1525 1734 sensum
1554 1679 1858 1748 inquirens,
1888 1680 2239 1745 allegoricam
2259 1694 2390 1732 vero
2409 1695 2596 1732 earum
2623 1679 3128 1748 interpretationem
3155 1678 3452 1748 refugiens.
3485 1697 3505 1730 ι

223 1771 489 1842 Διόδωρος
513 1772 570 1825 δὲ
593 1773 890 1838 ἐπίσκοπος
925 1775 1140 1846 Ταρσοῦ
1167 1775 1460 1846 γενόμενος
1493 1775 1663 1828 πολλὰ
1699 1775 1878 1844 βιϐλία
1914 1775 2242 1847 συνέγραψε,
2273 1774 2414 1846 ψιλῷ
2457 1774 2535 1844 τῷ
2573 1775 2861 1846 γράμματι
2889 1775 2998 1828 τῶν
3029 1774 3188 1827 θείων
3224 1773 3509 1846 προσέχων

224 1865 482 1935 Γραφῶν,
513 1868 613 1931 τὰς
637 1869 870 1940 Θεωρίας
889 1871 1067 1924 αὐτῶν
1097 1872 1521 1942 ἐκτρεπόμενος.
1558 1871 1712 1925 Alter
1738 1888 1755 1922 ι

1978 1888 2002 1924 n
2037 1871 2310 1927 ahsimilia
2336 1871 2558 1925 tradidit
2587 1872 2835 1926 scribens
2869 1888 2882 1924 :
2915 1889 2933 1922 ι
2966 1871 3288 1934 Diodorum,
3321 1871 3414 1940 qui
3455 1877 3509 1924 et

229 1957 523 2014 Tarsensis
566 1961 826 2016 Ecclesiae
873 1964 1163 2032 episcopus
1209 1963 1330 2026 fuit,
1379 1965 1604 2027 multos,
1644 1963 1850 2028 audivi,
1902 1964 2069 2019 libros
2110 1963 2346 2032 posteris
2393 1964 2629 2033 scriptos
2677 1964 3000 2033 reliquisse,
3048 1975 3103 2018 et
3147 1980 3302 2020 sacra
3352 1964 3507 2019 volu-

225 2057 377 2110 mina
401 2057 467 2110 ad
495 2057 733 2113 litteram
759 2061 1106 2130 exposuisse,
1131 2060 1430 2129 repudiatis
1453 2061 1752 2128 allegoriis.

1979 2077 2050 2114 ›ον
2069 2061 2159 2113 τὸν
2187 2060 2536 2131 ἡγησάμενον
2559 2061 2658 2130 τῆς
2681 2061 2737 2112 ὲν
2762 2060 2962 2132 Ταρσῷ
2985 2060 3282 2130 ἐκκλησίας
3299 2076 3311 2091 ·
3335 2061 3363 2113 ὃ
3385 2062 3510 2114 ἐπυ-

225 2150 402 2220 θόμην
438 2151 582 2205 ἰδίων
616 2153 1066 2224 συγγραμμάτων
1099 2154 1303 2218 πολλὰς
1339 2153 1660 2208 καταλιπεῖν
1711 2153 1926 2222 βίϐλους
1947 2171 1959 2182 ·
1997 2155 2124 2224 περὶ
2168 2153 2225 2205 δὲ
2275 2153 2337 2206 τὸ
2370 2153 2530 2224 ῥητὸν
2564 2152 2670 2206 τῶν
2704 2151 2866 2224 ἱερῶν
2895 2140 3070 2222 λόγων
3100 2154 3197 2218 τὰς
3221 2154 3510 2226 ἐξηγήσεις

225 2243 582 2313 ποιήσασθαι,
600 2244 699 2307 τὰς
727 2245 962 2316 θεωρίας
990 2246 1390 2316 ἀποφεύγοντα.
1416 2246 1560 2312 Quin
1592 2247 1756 2300 etiam

1976 2263 2040 2300 :m
2090 2245 2387 2301 Diodorum
2420 2247 2583 2301 refert
2616 2245 2811 2301 Suidas
2843 2247 2957 2318 (66)
2989 2247 3130 2301 inter
3158 2246 3295 2302 alios
3325 2248 3507 2316 plures

225 2333 428 2388 librum
453 2337 851 2405 composuisse,
885 2339 974 2392 cui
1005 2339 1152 2392 hunc
1185 2340 1400 2393 titulum
1440 2338 1606 2393 fecit:
1641 2339 1739 2401 Τίς

1978 2337 2006 2390 it
2037 2337 2271 2409 θεωρίας
2310 2339 2404 2391 καὶ
2436 2338 2806 2410 ἀλληγορίας;
2842 2358 2860 2390 ι
2898 2337 3030 2404 Quae
3085 2337 3391 2394 dierrentia
3438 2340 3509 2396 sit

226 2431 372 2485 inter
407 2432 676 2510 theoriam
718 2440 773 2488 et
809 2435 1127 2506 allegoriam
1159 2438 1182 2489 ?
1222 2456 1239 2486 ι
1275 2434 1563 2504 Ludolpho
1601 2433 1860 2499 Kustero,
1902 2436 1997 2504 qui
2032 2434 2420 2489 nitidissimam
2479 2433 2662 2489 Suidae
2689 2436 2987 2490 editionem
3018 2435 3326 2502 adornavit,
3364 2450 3508 2505 aqua

227 2529 418 2593 haeret,
451 2544 552 2584 nec
595 2528 755 2584 facile
785 2545 843 2584 se
872 2530 1090 2599 expedit
1116 2531 1172 2584 in
1206 2529 1544 2594 assignando
1573 2527 1896 2583 discrimine
1928 2529 2072 2582 inter
2116 2528 2384 2582 theoriam
2429 2534 2485 2581 et
2515 2527 2854 2598 allegoriam.
2893 2527 2953 2582 In
2994 2530 3141 2585 notis
3175 2531 3344 2596 enim,
3381 2533 3510 2599 qui-

227 2621 335 2676 bus
375 2619 556 2676 Suidae
591 2637 730 2692 opus
763 2623 1078 2686 illustravit,
1119 2623 1183 2677 ad
1218 2623 1380 2677 verba
1422 2622 1513 2676 illa
1565 2620 1748 2677 Suidte
1798 2621 1926 2675 talia
1969 2620 2206 2675 scribit:
2260 2639 2277 2669 ε
2316 2622 2549 2694 Θεωρία,
2587 2623 2796 2676 theoria
2831 2623 2995 2692 igitur
3042 2624 3171 2691 quid
3204 2624 3496 2694 signiﬁcet,

228 2716 359 2770 hinc
392 2723 561 2783 patet.
597 2717 680 2771 Ab
710 2733 773 2771 ea
815 2717 996 2772 differt
1030 2717 1312 2788 allegoria,
1355 2716 1503 2786 quod
1539 2716 1657 2771 haec
1698 2718 1752 2770 in
1799 2714 2155 2770 inferioribus
2201 2715 2487 2781 subsistat,
2529 2733 2631 2772 nec
2661 2717 2714 2770 in
2760 2725 2870 2770 tam
2913 2717 3137 2771 sublimi
3182 2725 3509 2788 argumento

227 2823 479 2868 versetur
512 2829 677 2883 quam
713 2815 925 2870 theoria
962 2835 975 2870 :
1003 2831 1134 2885 quae
1177 2815 1324 2870 ratio
1351 2823 1455 2880 est,
1497 2829 1672 2884 quare
1703 2814 1998 2876 Diodorus,
2042 2820 2103 2868 ut
2140 2812 2344 2868 Suidas
2375 2814 2466 2868 hic
2498 2823 2753 2880 testatur,
2778 2814 2844 2868 de
2879 2813 3183 2868 differentia
3210 2815 3435 2870 theoriae
3457 2823 3512 2869 et

229 2908 504 2979 allegoriae
535 2908 840 2978 scripserit.
883 2927 900 2960 ι
938 2908 1054 2978 Ego
1096 2923 1227 2963 vero
1265 2909 1522 2964 mendum
1554 2916 1685 2979 puto
1725 2923 1760 2962 e:

1978 2915 2150 2968 textu,
2187 2914 2240 2959 et
2274 2920 2374 2974 pro
2408 2905 2640 2977 θεωρίας
2683 2921 2778 2961 seu
2827 2905 3169 2976 ἀλληγορίας
3217 2907 3505 2975 legendum

230 3002 493 3073 ἱστορίας,
527 3001 662 3056 adeo
690 3009 751 3055 ut
801 2999 992 3056 titulus
1047 3001 1170 3055 libri
1218 3000 1428 3056 fuerit:
1483 3003 1578 3066 Τίς
1616 3002 1761 3071 διαφι

1971 2998 2123 3070 ορίας
2162 2999 2256 3051 καὶ
2292 2999 2551 3070 ἱστορίας,
2589 2999 2688 3053 vel'
2715 2998 2798 3060 τίς
2823 2997 3056 3068 διαφορὰ
3106 2998 3346 3069 ἱστορίας
3409 3001 3502 3053 καὶ

228 3094 582 3166 ἀλληγορίας.
633 3113 651 3146 α
694 3094 770 3149 De
803 3095 1110 3150 differentia
1139 3111 1337 3151 sensus
1367 3095 1666 3166 allegorici,
1709 3107 1761 3150 et
1800 3093 2070 3150 litteralis.
2125 3113 2144 3145 ι
2185 3093 2320 3148 Nam
2353 3094 2496 3163 apud
2525 3093 2746 3148 Graecos
2774 3093 3180 3150 ecclesiasticos
3208 3095 3508 3164 scriptores

232 3191 459 3244 theorire
504 3189 728 3245 nomine
755 3189 1051 3259 signiﬁcari
1089 3190 1447 3245 consuevisse
1483 3204 1707 3244 sensum
1737 3176 2064 3258 ’spiritalem
2103 3197 2158 3242 et
2202 3187 2554 3258 allegoricum
2595 3185 2948 3242 mhnifcstnm
2990 3187 3048 3241 ﬁt
3087 3195 3202 3241 tum
3229 3201 3296 3240 ex
3328 3186 3509 3242 allatis

229 3282 416 3338 verbis
480 3283 728 3338 Socratis
792 3291 846 3336 et
897 3281 1210 3347 Sozomeni,
1277 3282 1622 3352 aliorumque
1683 3281 2045 3350 plurimorum
2120 3279 2482 3349 scriptorum‘,
2531 3287 2644 3333 tum
2685 3295 2751 3334 ex
2823 3279 3011 3334 multis
3049 3280 3185 3334 locis
3231 3281 3510 3350 hujusmet

230 3375 614 3430 commentarii
666 3373 724 3429 S.
765 3375 1073 3429 Athanasii.
1109 3374 1149 3427 E
1174 3375 1393 3429 diverso
1422 3374 1662 3446 ἱστορίας
1698 3389 1793 3428 seu
1824 3373 2069 3429 historiae
2096 3373 2318 3426 nomine
2354 3387 2575 3428 sensum
2604 3373 2894 3426 litteralem
2921 3383 2973 3426 et
3007 3373 3328 3428 historicum
3357 3373 3508 3428 Gra—

231 3487 330 3528 cos
358 3473 652 3540 scriptores
679 3487 1047 3540 nuncupasse,
1089 3487 1177 3526 res
1223 3471 1404 3525 notior
1434 3479 1537 3533 est,
1573 3461 1738 3539 quam
1786 3469 1894 3523 ulla
1939 3468 2264 3538 probatione
2297 3467 2562 3536 indigeat,
2595 3480 2719 3522 cum
2764 3468 2919 3534 plura
2943 3477 3188 3521 veterum
3217 3477 3503 3522 auctorum

231 3564 350 3619 loca
385 3564 454 3618 ad
484 3564 535 3617 id
573 3563 920 3632 probandum
967 3562 1225 3616 omnibus
1275 3562 1330 3615 in
1365 3571 1619 3632 promptu
1671 3561 1782 3616 sint
1812 3560 1949 3628 (67).
1982 3559 2088 3614 Sed
2135 3557 2300 3613 redeo
2349 3558 2416 3612 ad
2470 3557 2888 3629 Hieronymum,
2941 3558 3170 3626 ejusque
3223 3558 3386 3610 verba
3440 3557 3508 3614 de

233 3655 466 3711 Eusebio
509 3655 766 3710 Emiseno
796 3654 1040 3709 afferam.
1068 3654 1466 3710 Sanctissimus
1507 3654 1675 3725 igitur
1699 3654 1892 3709 doctor
1921 3654 1974 3707 in
2002 3650 2259 3721 Catalogo
2287 3650 2518 3704 virorum
2561 3651 2852 3704 illustrium
2881 3649 2990 3720 (68)
3017 3651 3084 3704 de
3111 3650 3302 3705 eodem
3339 3647 3508 3703 Euse-

234 3750 344 3814 bio,
372 3764 533 3818 quem
557 3748 829 3804 Diodorus
857 3749 960 3802 sibi
988 3747 1329 3817 sequendum
1372 3747 1811 3816 imitandumque
1861 3744 2170 3815 proposuit,
2202 3743 2322 3796 haec
2350 3741 2545 3796 litteris
2584 3742 2867 3796 mandavit
2895 3761 2906 3796 :
2938 3761 2955 3793 ι
2988 3742 3260 3796 Eusebius
3295 3740 3505 3795 Emise-

233 3861 336 3900 nus
358 3845 648 3915 episcopus
681 3845 943 3913 elegantis
973 3853 1026 3897 et
1056 3843 1314 3898 rhetorici
1349 3842 1574 3912 ingenii,
1612 3840 2061 3900 innumerabiles,
2089 3846 2144 3892 et
2169 3838 2262 3906 qui
2292 3837 2368 3891 'ad
2406 3837 2662 3905 plausum
2695 3837 2880 3906 p0puli
2925 3838 3221 3906 pertinent,
3265 3833 3507 3890 confecit

241 3937 432 3998 libros,
468 3939 754 4008 magisque
786 3938 1071 3993 historiam
1105 3946 1350 4000 secutus,
1381 3935 1450 3988 ab
1482 3934 1567 3988 his
1590 3933 1683 4002 qui
1713 3933 2022 3987 declamare
2057 3930 2267 3995 volunt,
2305 3929 2714 3984 studiosissime
2755 3929 2972 3997 legitur.
3017 3946 3035 3980 ν
3070 3929 3270 3983 Verum
3300 3930 3401 3983 hac
3435 3928 3504 3982 de

233 4048 296 4091 re
340 4032 486 4087 haud
513 4033 692 4102 plura,
724 4049 848 4087 cum
880 4032 944 4086 ad
980 4048 1094 4086 rem
1129 4029 1466 4100 propositam
1501 4043 1694 4096 parum
1721 4026 1995 4095 pertinere
2029 4023 2285 4092 cuiquam
2320 4023 2492 4078 videri
2524 4023 2758 4092 possint.
2789 4021 2862 4076 Ac
2893 4037 3022 4097 vero
3053 4040 3082 4078 a
3115 4037 3203 4075 me
3237 4023 3351 4075 haec
3385 4035 3505 4075 om-

237 4127 324 4179 nia
359 4125 624 4178 hactenus
655 4138 721 4177 eo
764 4123 995 4178 consilio
1028 4122 1305 4191 disputata
1339 4127 1465 4172 sunt
1497 4125 1555 4170 ut
1580 4115 1949 4177 ostenderem,
1992 4113 2215 4167 modum
2273 4129 2336 4168 ac
2367 4114 2639 4167 rationem
2704 4129 2889 4168 sacras
2916 4112 3230 4182 Scripturas
3279 4114 3332 4166 in
3373 4114 3503 4169 alle-

235 4219 481 4286 goricum
511 4215 820 4286 exponendi
850 4231 1092 4280 sensum,
1123 4230 1233 4268 non
1267 4211 1445 4267 solum
1490 4209 1794 4264 Athanasio
1841 4207 2128 4276 aequalem,
2171 4207 2264 4261 sed
2306 4207 2471 4261 etiam
2510 4207 2631 4277 ejus
2673 4216 2833 4262 aetate
2878 4208 3246 4276 antiquiorem
3308 4206 3499 4264 fuisse.

231 4309 522 4375 Prmterea,
558 4317 620 4364 ut
646 4306 995 4363 manifestum
1042 4307 1276 4361 facerem
1315 4302 1515 4373 quibus
1548 4300 1868 4356 auctoribus
1909 4307 1963 4353 et
2012 4313 2123 4368 quo
2162 4306 2409 4368 tempore
2457 4299 2690 4369 'utraque
2739 4316 2930 4356 sacros
2968 4301 3138 4356 libros
3198 4300 3504 4369 explicandi

232 4404 373 4460 ratio
408 4411 521 4456 tum
561 4401 848 4472 allegorica
893 4416 990 4455 seu
1039 4399 1290 4470 mystica,
1335 4407 1448 4451 tum
1487 4393 1746 4449 historica
1793 4407 1889 4447 seu
1931 4390 2183 4445 litteralis
2236 4391 2462 4460 cceperit
2503 4407 2566 4446 ac
2599 4392 2863 4448 floruerit.
2905 4392 3041 4447 Nam
3084 4394 3137 4448 id
3173 4407 3503 4463 magnopere

231 4497 513 4560 intererat,
568 4501 628 4548 nt
660 4502 906 4548 nostrum
937 4491 1405 4546 Commentarium
1465 4489 1589 4559 jure
1639 4488 1838 4543 merito
1890 4493 2078 4540 sancto
2132 4483 2456 4549 Athanasio,
2493 4484 2653 4550 cuius
2725 4500 2923 4540 nomen
2970 4485 3207 4555 praefert,
3263 4485 3502 4540 vindica-

234 4603 440 4646 remus.

302 4697 493 4754 XXIX.
524 4694 779 4749 Profecto
806 4692 947 4746 inter
973 4697 1165 4744 cetera
1207 4702 1486 4741 sacrarum
1521 4684 1928 4754 Scripturarum
1966 4690 2245 4745 volumina
2281 4692 2630 4761 potissimum
2685 4691 3030 4748 Psalmorum
3073 4691 3215 4746 libro
3244 4689 3502 4759 allegori-

231 4807 356 4849 eum
385 4787 678 4844 convenire
708 4797 930 4838 sensum
975 4777 1291 4834 testimonio
1325 4785 1572 4830 veterum
1609 4774 1859 4839 Patrum,
1895 4778 1991 4847 qui
2031 4779 2085 4833 in
2114 4794 2180 4834 eo
2207 4782 2500 4850 aperiendo
2529 4798 2751 4852 operam
2789 4799 2946 4838 suam
2976 4783 3330 4838 collocarunt.
3363 4782 3500 4836 alla-

231 4891 305 4946 tis
334 4884 520 4940 Hilarii
564 4891 617 4938 et
656 4876 945 4950 Augustini
979 4875 1182 4939 verbis,
1218 4888 1248 4927 a
1279 4872 1436 4927 nobis
1482 4887 1649 4940 supra
1679 4879 1964 4928 ostensum
2012 4883 2118 4940 est,
2173 4883 2228 4929 et
2270 4875 2431 4932 latius
2467 4877 2513 4932 si
2558 4893 2695 4947 opus
2734 4886 2902 4943 esset,
2944 4877 3104 4934 facile
3135 4877 3499 4934 demonstrari

227 4988 418 5056 posset
451 4997 466 5045 ;
498 4977 594 5034 sed
623 4976 786 5030 inane
804 4969 873 5028 ac
899 4968 1234 5042 superfluum
1270 4976 1354 5023 est
1382 4967 1436 5021 in
1460 4982 1520 5021 re
1548 4967 1777 5021 minime
1819 4967 1986 5022 dubia
2025 4969 2254 5024 testibus
2299 4970 2379 5024 uti
2419 4986 2528 5026 non
2563 4971 2915 5029 necessariis.
2950 4965 3132 5030 Clavis
3157 4982 3336 5028 autem
3367 4986 3467 5041 ape
3495 5009 3498 5013 ~

307 5156 418 5224 (61)
450 5156 510 5209 ln
544 5153 723 5224 Catal.
751 5153 847 5206 vir.
881 5149 1076 5224 illustl;
1116 5145 1470 5224 Nicephglib.
1498 5160 1571 5209 Iv,
1605 5160 1652 5200 c.
1680 5138 1770 5197 54.

304 5215 413 5296 (62$
439 5225 646 5279 Theod.
679 5223 823 5296 Ηέει.
852 5220 977 5296 goat.
1015 5220 1106 5296 np.
1135 5234 1186 5278 v,
1210 5233 1258 5270 ο.
1289 5215 1378 5296 ιο..

304 5284 413 5365 (65)
443 5296 667 5349 Hieron.
689 5293 886 5365 __Catal.
923 5291 1018 5344 vir.
1042 5289 1240 5365 illttstr.
1269 5301 1317 5342 c.
1350 5284 1472 5340 119.

305 5360 413 5436 (64)
451 5365 576 5419 Li-b.
604 5362 1001 5436 v1-Hist.gccl.,
1036 5376 1082 5414 (ξ.
1117 5360 1169 5413 '5.

305 5433 416 5508 (65)
452 5436 573 5489 Lib.
607 5451 728 5508 vm,
763 5450 816 5508 οὶ
849 5433 904 5485 ‘2.

329 5503 416 5579 66)
441 5508 503 5579 1η
527 5522 671 5579 κνορθ
704 5503 983 5579 ᾼιάδωεος·
1067 5569 1127 5579 ..
1298 5568 1346 5579 ..
1414 5567 1448 5579 η
1576 5564 1587 5579 ,
1681 5564 1716 5579 ..

841 5519 983 5579 θεοῖ·
1067 5569 1127 5579 ..
1298 5568 1346 5579 ..
1414 5567 1448 5579 η
1576 5564 1587 5579 ,
1681 5564 1716 5579 ..
1862 5561 1874 5579 ο
1955 5547 2232 5579 nummus
2292 5546 2372 5579 aut

441 5547 841 5630 videvi‘exicon
873 5547 1083 5629 guiceri
1116 5569 1169 5624 in
1201 5568 1380 5624 verbis
1411 5564 1648 5636 Θεωρία,
1681 5564 1852 5634 Ἰστορ

988 5570 1083 5628 :eri
1116 5569 1169 5624 in
1201 5568 1380 5624 verbis
1411 5564 1648 5636 Θεωρία,
1681 5561 1934 5634 Ἱστορίαν
1955 5547 2258 5618 Ἀναγωγή,
2287 5547 2519 5601 Δῑάνοιαο
