  <div class='ocr_page' id='page_1' title='image "/cluster/home/n/w/nwhite01/storage/ocr_20150623/27/nnc1.0046978631/329.png"; bbox 0 0 3878 6218; ppageno 0'>
   <div class='ocr_carea' id='block_1_1' title="bbox 373 293 3676 362">
    <p class='ocr_par' dir='ltr' id='par_1_1' title="bbox 373 293 3676 362">
     <span class='ocr_line' id='line_1_1' title="bbox 373 293 3676 362; baseline -0.001 -6"><span class='ocrx_word' id='word_1_1' title='bbox 373 301 468 358; x_wconf 75' lang='grc'><strong>651</strong></span> <span class='ocrx_word' id='word_1_2' title='bbox 1201 298 1259 354; x_wconf 89' lang='lat' dir='ltr'><strong>S.</strong></span> <span class='ocrx_word' id='word_1_3' title='bbox 1299 297 1668 362; x_wconf 79' lang='lat' dir='ltr'><strong>ATHANASII</strong></span> <span class='ocrx_word' id='word_1_4' title='bbox 1709 295 1858 353; x_wconf 88' lang='lat' dir='ltr'><strong>OPP.</strong></span> <span class='ocrx_word' id='word_1_5' title='bbox 1896 297 2074 355; x_wconf 79' lang='lat' dir='ltr'><strong>PARS</strong></span> <span class='ocrx_word' id='word_1_6' title='bbox 2115 299 2200 354; x_wconf 87' lang='lat' dir='ltr'><strong>lll.</strong></span> <span class='ocrx_word' id='word_1_7' title='bbox 2237 331 2306 340; x_wconf 89' lang='lat'><strong>-—-</strong></span> <span class='ocrx_word' id='word_1_8' title='bbox 2343 299 2758 358; x_wconf 63' lang='lat' dir='ltr'><strong>EXEGETICA.</strong></span> <span class='ocrx_word' id='word_1_9' title='bbox 3537 293 3676 356; x_wconf 72' lang='grc'><strong>632</strong></span> 
     </span>
    </p>
   </div>
   <div class='ocr_carea' id='block_1_2' title="bbox 373 413 3668 487">
    <p class='ocr_par' dir='ltr' id='par_1_2' title="bbox 373 413 3668 487">
     <span class='ocr_line' id='line_1_2' title="bbox 373 413 3668 487; baseline -0.002 -14"><span class='ocrx_word' id='word_1_10' title='bbox 373 415 548 472; x_wconf 88' lang='lat' dir='ltr'><strong>riendi</strong></span> <span class='ocrx_word' id='word_1_11' title='bbox 580 413 842 485; x_wconf 83' lang='lat' dir='ltr'><strong>mysticos</strong></span> <span class='ocrx_word' id='word_1_12' title='bbox 868 427 1150 470; x_wconf 89' lang='lat' dir='ltr'><strong>sacrorum</strong></span> <span class='ocrx_word' id='word_1_13' title='bbox 1179 415 1520 469; x_wconf 73' lang='lat' dir='ltr'><strong>canticorum</strong></span> <span class='ocrx_word' id='word_1_14' title='bbox 1553 429 1772 478; x_wconf 89' lang='lat' dir='ltr'><strong>sensus,</strong></span> <span class='ocrx_word' id='word_1_15' title='bbox 1799 423 1852 469; x_wconf 89' lang='lat' dir='ltr'><strong>et</strong></span> <span class='ocrx_word' id='word_1_16' title='bbox 1881 413 2052 485; x_wconf 89' lang='lat' dir='ltr'><strong>janua</strong></span> <span class='ocrx_word' id='word_1_17' title='bbox 2076 415 2396 484; x_wconf 89' lang='lat' dir='ltr'><strong>penetrandi</strong></span> <span class='ocrx_word' id='word_1_18' title='bbox 2423 431 2622 471; x_wconf 88' lang='lat' dir='ltr'><strong>arcana</strong></span> <span class='ocrx_word' id='word_1_19' title='bbox 2659 415 3049 472; x_wconf 89' lang='lat' dir='ltr'><strong>Davidicorum</strong></span> <span class='ocrx_word' id='word_1_20' title='bbox 3079 415 3416 487; x_wconf 82' lang='lat' dir='ltr'><strong>psalmorum</strong></span> <span class='ocrx_word' id='word_1_21' title='bbox 3449 414 3668 484; x_wconf 75' lang='lat' dir='ltr'><strong>adyta,</strong></span> 
     </span>
    </p>
   </div>
   <div class='ocr_carea' id='block_1_3' title="bbox 373 509 3670 584">
    <p class='ocr_par' dir='ltr' id='par_1_3' title="bbox 373 509 3670 584">
     <span class='ocr_line' id='line_1_3' title="bbox 373 509 3670 584; baseline -0.001 -16"><span class='ocrx_word' id='word_1_22' title='bbox 373 521 460 568; x_wconf 89' lang='lat' dir='ltr'><strong>est</strong></span> <span class='ocrx_word' id='word_1_23' title='bbox 489 511 680 566; x_wconf 90' lang='lat' dir='ltr'><strong>titulus</strong></span> <span class='ocrx_word' id='word_1_24' title='bbox 704 511 971 580; x_wconf 87' lang='lat' dir='ltr'><strong>cujusque</strong></span> <span class='ocrx_word' id='word_1_25' title='bbox 1002 509 1217 579; x_wconf 80' lang='lat' dir='ltr'><strong>psalmi,</strong></span> <span class='ocrx_word' id='word_1_26' title='bbox 1253 518 1386 565; x_wconf 91' lang='lat' dir='ltr'><strong>teste</strong></span> <span class='ocrx_word' id='word_1_27' title='bbox 1425 511 1594 566; x_wconf 78' lang='lat' dir='ltr'><strong>veteri</strong></span> <span class='ocrx_word' id='word_1_28' title='bbox 1633 513 1924 581; x_wconf 71' lang='lat' dir='ltr'><strong>scriptore,</strong></span> <span class='ocrx_word' id='word_1_29' title='bbox 1958 511 2117 580; x_wconf 86' lang='lat' dir='ltr'><strong>cujus</strong></span> <span class='ocrx_word' id='word_1_30' title='bbox 2162 513 2543 567; x_wconf 82' lang='lat' dir='ltr'><strong>commentarii</strong></span> <span class='ocrx_word' id='word_1_31' title='bbox 2572 515 2626 568; x_wconf 81' lang='lat' dir='ltr'><strong>in</strong></span> <span class='ocrx_word' id='word_1_32' title='bbox 2657 513 2902 568; x_wconf 80' lang='lat' dir='ltr'><strong>Psalmos</strong></span> <span class='ocrx_word' id='word_1_33' title='bbox 2929 515 3032 570; x_wconf 86' lang='lat' dir='ltr'><strong>sub</strong></span> <span class='ocrx_word' id='word_1_34' title='bbox 3068 516 3288 568; x_wconf 86' lang='lat' dir='ltr'><strong>nomine</strong></span> <span class='ocrx_word' id='word_1_35' title='bbox 3317 511 3670 584; x_wconf 76' lang='lat' dir='ltr'><strong>Hieronymi</strong></span> 
     </span>
    </p>
   </div>
   <div class='ocr_carea' id='block_1_4' title="bbox 371 605 3665 680">
    <p class='ocr_par' dir='ltr' id='par_1_4' title="bbox 371 605 3665 680">
     <span class='ocr_line' id='line_1_4' title="bbox 371 605 3665 680; baseline -0.002 -14"><span class='ocrx_word' id='word_1_36' title='bbox 371 609 504 666; x_wconf 81' lang='lat' dir='ltr'><strong>editi</strong></span> <span class='ocrx_word' id='word_1_37' title='bbox 533 617 660 664; x_wconf 90' lang='lat' dir='ltr'><strong>sunt</strong></span> <span class='ocrx_word' id='word_1_38' title='bbox 689 627 702 662; x_wconf 91' lang='lat'><strong>:</strong></span> <span class='ocrx_word' id='word_1_39' title='bbox 741 627 759 658; x_wconf 75' lang='grc' dir='ltr'>ι</span> <span class='ocrx_word' id='word_1_40' title='bbox 797 606 938 673; x_wconf 82' lang='lat' dir='ltr'><strong>Quid</strong></span> <span class='ocrx_word' id='word_1_41' title='bbox 967 617 1050 662; x_wconf 90' lang='lat' dir='ltr'><strong>est</strong></span> <span class='ocrx_word' id='word_1_42' title='bbox 1073 607 1287 670; x_wconf 85' lang='lat' dir='ltr'><strong>titulus,</strong></span> <span class='ocrx_word' id='word_1_43' title='bbox 1325 607 1522 676; x_wconf 88' lang='lat' dir='ltr'><strong>inquit,</strong></span> <span class='ocrx_word' id='word_1_44' title='bbox 1550 608 1657 662; x_wconf 85' lang='lat' dir='ltr'><strong>nisi</strong></span> <span class='ocrx_word' id='word_1_45' title='bbox 1694 607 1900 662; x_wconf 83' lang='lat' dir='ltr'><strong>clavis?</strong></span> <span class='ocrx_word' id='word_1_46' title='bbox 1925 605 1992 662; x_wconf 91' lang='lat' dir='ltr'><strong>Ut</strong></span> <span class='ocrx_word' id='word_1_47' title='bbox 2021 609 2095 662; x_wconf 89' lang='lat' dir='ltr'><strong>ita</strong></span> <span class='ocrx_word' id='word_1_48' title='bbox 2123 607 2379 674; x_wconf 83' lang='lat' dir='ltr'><strong>dixerim,</strong></span> <span class='ocrx_word' id='word_1_49' title='bbox 2416 610 2470 664; x_wconf 93' lang='lat' dir='ltr'><strong>in</strong></span> <span class='ocrx_word' id='word_1_50' title='bbox 2500 612 2722 664; x_wconf 89' lang='lat' dir='ltr'><strong>domum</strong></span> <span class='ocrx_word' id='word_1_51' title='bbox 2759 625 2867 664; x_wconf 87' lang='lat' dir='ltr'><strong>non</strong></span> <span class='ocrx_word' id='word_1_52' title='bbox 2901 611 3221 680; x_wconf 83' lang='lat' dir='ltr'><strong>ingreditur,</strong></span> <span class='ocrx_word' id='word_1_53' title='bbox 3259 609 3364 664; x_wconf 91' lang='lat' dir='ltr'><strong>nisi</strong></span> <span class='ocrx_word' id='word_1_54' title='bbox 3391 624 3488 678; x_wconf 91' lang='lat' dir='ltr'><strong>per</strong></span> <span class='ocrx_word' id='word_1_55' title='bbox 3519 607 3665 662; x_wconf 82' lang='lat' dir='ltr'><strong>cla-</strong></span> 
     </span>
    </p>
   </div>
   <div class='ocr_carea' id='block_1_5' title="bbox 373 700 3668 777">
    <p class='ocr_par' dir='ltr' id='par_1_5' title="bbox 373 700 3668 777">
     <span class='ocr_line' id='line_1_5' title="bbox 373 700 3668 777; baseline -0.001 -21"><span class='ocrx_word' id='word_1_56' title='bbox 373 718 492 757; x_wconf 90' lang='lat' dir='ltr'><strong>vem</strong></span> <span class='ocrx_word' id='word_1_57' title='bbox 522 721 536 756; x_wconf 95' lang='lat'><strong>:</strong></span> <span class='ocrx_word' id='word_1_58' title='bbox 567 703 640 757; x_wconf 75' lang='lat' dir='ltr'><strong>ita</strong></span> <span class='ocrx_word' id='word_1_59' title='bbox 683 713 737 757; x_wconf 89' lang='lat' dir='ltr'><strong>et</strong></span> <span class='ocrx_word' id='word_1_60' title='bbox 776 700 1209 772; x_wconf 83' lang='lat' dir='ltr'><strong>uniuscujusque</strong></span> <span class='ocrx_word' id='word_1_61' title='bbox 1255 701 1452 771; x_wconf 90' lang='lat' dir='ltr'><strong>psalmi</strong></span> <span class='ocrx_word' id='word_1_62' title='bbox 1495 703 1824 766; x_wconf 88' lang='lat' dir='ltr'><strong>intellectus,</strong></span> <span class='ocrx_word' id='word_1_63' title='bbox 1877 719 1972 774; x_wconf 91' lang='lat' dir='ltr'><strong>per</strong></span> <span class='ocrx_word' id='word_1_64' title='bbox 2009 705 2240 768; x_wconf 85' lang='lat' dir='ltr'><strong>clavem,</strong></span> <span class='ocrx_word' id='word_1_65' title='bbox 2294 704 2398 760; x_wconf 90' lang='lat' dir='ltr'><strong>hoc</strong></span> <span class='ocrx_word' id='word_1_66' title='bbox 2447 714 2532 760; x_wconf 88' lang='lat' dir='ltr'><strong>est</strong></span> <span class='ocrx_word' id='word_1_67' title='bbox 2577 721 2671 774; x_wconf 90' lang='lat' dir='ltr'><strong>per</strong></span> <span class='ocrx_word' id='word_1_68' title='bbox 2721 706 2936 760; x_wconf 78' lang='lat' dir='ltr'><strong>titulum</strong></span> <span class='ocrx_word' id='word_1_69' title='bbox 2989 707 3327 777; x_wconf 81' lang='lat' dir='ltr'><strong>intelligitur,</strong></span> <span class='ocrx_word' id='word_1_70' title='bbox 3365 706 3418 758; x_wconf 91' lang='lat' dir='ltr'><strong>in</strong></span> <span class='ocrx_word' id='word_1_71' title='bbox 3474 702 3668 774; x_wconf 80' lang='lat' dir='ltr'><strong>cujus</strong></span> 
     </span>
    </p>
   </div>
   <div class='ocr_carea' id='block_1_6' title="bbox 373 792 3630 865">
    <p class='ocr_par' dir='ltr' id='par_1_6' title="bbox 373 792 3630 865">
     <span class='ocr_line' id='line_1_6' title="bbox 373 792 3630 865; baseline -0.001 -17"><span class='ocrx_word' id='word_1_72' title='bbox 373 808 610 863; x_wconf 85' lang='lat' dir='ltr'><strong>persona</strong></span> <span class='ocrx_word' id='word_1_73' title='bbox 689 801 974 859; x_wconf 88' lang='lat' dir='ltr'><strong>cantatur,</strong></span> <span class='ocrx_word' id='word_1_74' title='bbox 1043 801 1138 847; x_wconf 91' lang='lat' dir='ltr'><strong>aut</strong></span> <span class='ocrx_word' id='word_1_75' title='bbox 1210 793 1265 845; x_wconf 90' lang='lat' dir='ltr'><strong>in</strong></span> <span class='ocrx_word' id='word_1_76' title='bbox 1341 808 1574 861; x_wconf 87' lang='lat' dir='ltr'><strong>persona</strong></span> <span class='ocrx_word' id='word_1_77' title='bbox 1646 794 1886 857; x_wconf 78' lang='lat' dir='ltr'><strong>Christi,</strong></span> <span class='ocrx_word' id='word_1_78' title='bbox 1959 804 2055 848; x_wconf 91' lang='lat' dir='ltr'><strong>aut</strong></span> <span class='ocrx_word' id='word_1_79' title='bbox 2108 795 2161 848; x_wconf 91' lang='lat' dir='ltr'><strong>in</strong></span> <span class='ocrx_word' id='word_1_80' title='bbox 2235 810 2467 864; x_wconf 91' lang='lat' dir='ltr'><strong>persona</strong></span> <span class='ocrx_word' id='word_1_81' title='bbox 2534 795 2790 850; x_wconf 67' lang='lat' dir='ltr'><strong>Ecclesiae</strong></span> <span class='ocrx_word' id='word_1_82' title='bbox 2825 837 2839 862; x_wconf 93' lang='lat'><strong>,</strong></span> <span class='ocrx_word' id='word_1_83' title='bbox 2903 805 2997 850; x_wconf 91' lang='lat' dir='ltr'><strong>aut</strong></span> <span class='ocrx_word' id='word_1_84' title='bbox 3059 796 3112 848; x_wconf 91' lang='lat' dir='ltr'><strong>iu</strong></span> <span class='ocrx_word' id='word_1_85' title='bbox 3179 809 3412 865; x_wconf 89' lang='lat' dir='ltr'><strong>persona</strong></span> <span class='ocrx_word' id='word_1_86' title='bbox 3481 792 3630 846; x_wconf 75' lang='lat' dir='ltr'><strong>Pru-</strong></span> 
     </span>
    </p>
   </div>
   <div class='ocr_carea' id='block_1_7' title="bbox 372 879 3652 958">
    <p class='ocr_par' dir='ltr' id='par_1_7' title="bbox 372 879 3652 958">
     <span class='ocr_line' id='line_1_7' title="bbox 372 879 3652 958; baseline -0.001 -19"><span class='ocrx_word' id='word_1_87' title='bbox 372 885 566 954; x_wconf 74' lang='lat' dir='ltr'><strong>phetae.</strong></span> <span class='ocrx_word' id='word_1_88' title='bbox 623 905 641 936; x_wconf 71' lang='grc' dir='ltr'><strong><em>ι</em></strong></span> <span class='ocrx_word' id='word_1_89' title='bbox 701 883 768 938; x_wconf 87' lang='lat' dir='ltr'><strong>Et</strong></span> <span class='ocrx_word' id='word_1_90' title='bbox 813 884 870 938; x_wconf 92' lang='lat' dir='ltr'><strong>S.</strong></span> <span class='ocrx_word' id='word_1_91' title='bbox 931 885 1220 955; x_wconf 86' lang='lat' dir='ltr'><strong>Augustini</strong></span> <span class='ocrx_word' id='word_1_92' title='bbox 1275 879 1492 938; x_wconf 83' lang='lat' dir='ltr'><strong>titulum</strong></span> <span class='ocrx_word' id='word_1_93' title='bbox 1553 887 1750 955; x_wconf 88' lang='lat' dir='ltr'><strong>psalmi</strong></span> <span class='ocrx_word' id='word_1_94' title='bbox 1817 903 2118 956; x_wconf 57' lang='lat' dir='ltr'><strong>praeconem</strong></span> <span class='ocrx_word' id='word_1_95' title='bbox 2173 889 2340 943; x_wconf 88' lang='lat' dir='ltr'><strong>totius</strong></span> <span class='ocrx_word' id='word_1_96' title='bbox 2401 889 2596 958; x_wconf 83' lang='lat' dir='ltr'><strong>psalmi</strong></span> <span class='ocrx_word' id='word_1_97' title='bbox 2649 898 2805 944; x_wconf 88' lang='lat' dir='ltr'><strong>vocat</strong></span> <span class='ocrx_word' id='word_1_98' title='bbox 2867 889 2920 942; x_wconf 83' lang='lat' dir='ltr'><strong>in</strong></span> <span class='ocrx_word' id='word_1_99' title='bbox 2995 889 3350 957; x_wconf 80' lang='lat' dir='ltr'><strong>expositione</strong></span> <span class='ocrx_word' id='word_1_100' title='bbox 3435 884 3652 955; x_wconf 84' lang='lat' dir='ltr'><strong>psalmi</strong></span> 
     </span>
    </p>
   </div>
   <div class='ocr_carea' id='block_1_8' title="bbox 373 977 3642 1051">
    <p class='ocr_par' dir='ltr' id='par_1_8' title="bbox 373 977 3642 1051">
     <span class='ocr_line' id='line_1_8' title="bbox 373 977 3642 1051; baseline -0 -19"><span class='ocrx_word' id='word_1_101' title='bbox 373 993 592 1040; x_wconf 82' lang='lat' dir='ltr'><strong>cxxxiv,</strong></span> <span class='ocrx_word' id='word_1_102' title='bbox 647 986 702 1030; x_wconf 92' lang='lat' dir='ltr'><strong>et</strong></span> <span class='ocrx_word' id='word_1_103' title='bbox 749 977 890 1032; x_wconf 91' lang='lat' dir='ltr'><strong>idem</strong></span> <span class='ocrx_word' id='word_1_104' title='bbox 923 977 1265 1046; x_wconf 77' lang='lat' dir='ltr'><strong>Augustinus</strong></span> <span class='ocrx_word' id='word_1_105' title='bbox 1309 978 1376 1032; x_wconf 92' lang='lat' dir='ltr'><strong>de</strong></span> <span class='ocrx_word' id='word_1_106' title='bbox 1425 978 1586 1033; x_wconf 89' lang='lat' dir='ltr'><strong>titulo</strong></span> <span class='ocrx_word' id='word_1_107' title='bbox 1646 979 1840 1050; x_wconf 88' lang='lat' dir='ltr'><strong>psalmi</strong></span> <span class='ocrx_word' id='word_1_108' title='bbox 1869 995 1987 1044; x_wconf 87' lang='lat' dir='ltr'><strong>Lm,</strong></span> <span class='ocrx_word' id='word_1_109' title='bbox 2041 995 2201 1048; x_wconf 88' lang='lat' dir='ltr'><strong>quem</strong></span> <span class='ocrx_word' id='word_1_110' title='bbox 2255 981 2308 1034; x_wconf 91' lang='lat' dir='ltr'><strong>in</strong></span> <span class='ocrx_word' id='word_1_111' title='bbox 2354 981 2704 1051; x_wconf 88' lang='lat' dir='ltr'><strong>allegoricum</strong></span> <span class='ocrx_word' id='word_1_112' title='bbox 2741 997 2964 1038; x_wconf 91' lang='lat' dir='ltr'><strong>sensum</strong></span> <span class='ocrx_word' id='word_1_113' title='bbox 3005 982 3072 1036; x_wconf 91' lang='lat' dir='ltr'><strong>de</strong></span> <span class='ocrx_word' id='word_1_114' title='bbox 3101 981 3320 1036; x_wconf 89' lang='lat' dir='ltr'><strong>Christo</strong></span> <span class='ocrx_word' id='word_1_115' title='bbox 3349 979 3582 1047; x_wconf 77' lang='lat' dir='ltr'><strong>exponit</strong></span> <span class='ocrx_word' id='word_1_116' title='bbox 3623 995 3642 1031; x_wconf 91' lang='lat'><strong>:</strong></span> 
     </span>
    </p>
   </div>
   <div class='ocr_carea' id='block_1_9' title="bbox 377 1074 3646 1148">
    <p class='ocr_par' dir='ltr' id='par_1_9' title="bbox 377 1074 3646 1148">
     <span class='ocr_line' id='line_1_9' title="bbox 377 1074 3646 1148; baseline 0 -21"><span class='ocrx_word' id='word_1_117' title='bbox 377 1093 396 1127; x_wconf 72' lang='grc' dir='ltr'>ι</span> <span class='ocrx_word' id='word_1_118' title='bbox 428 1074 556 1131; x_wconf 84' lang='lat' dir='ltr'><strong>Inde</strong></span> <span class='ocrx_word' id='word_1_119' title='bbox 579 1077 748 1143; x_wconf 90' lang='lat' dir='ltr'><strong>enim,</strong></span> <span class='ocrx_word' id='word_1_120' title='bbox 772 1075 971 1146; x_wconf 88' lang='lat' dir='ltr'><strong>inquit,</strong></span> <span class='ocrx_word' id='word_1_121' title='bbox 989 1075 1186 1145; x_wconf 88' lang='lat' dir='ltr'><strong>pendet</strong></span> <span class='ocrx_word' id='word_1_122' title='bbox 1209 1075 1396 1131; x_wconf 91' lang='lat' dir='ltr'><strong>omnis</strong></span> <span class='ocrx_word' id='word_1_123' title='bbox 1427 1090 1622 1131; x_wconf 84' lang='lat' dir='ltr'><strong>versus</strong></span> <span class='ocrx_word' id='word_1_124' title='bbox 1647 1077 1740 1146; x_wconf 90' lang='lat' dir='ltr'><strong>qui</strong></span> <span class='ocrx_word' id='word_1_125' title='bbox 1759 1085 2033 1130; x_wconf 86' lang='lat' dir='ltr'><strong>cantatur.</strong></span> <span class='ocrx_word' id='word_1_126' title='bbox 2059 1074 2117 1131; x_wconf 93' lang='lat' dir='ltr'><strong>Si</strong></span> <span class='ocrx_word' id='word_1_127' title='bbox 2137 1078 2261 1148; x_wconf 91' lang='lat' dir='ltr'><strong>quis</strong></span> <span class='ocrx_word' id='word_1_128' title='bbox 2288 1077 2471 1147; x_wconf 91' lang='lat' dir='ltr'><strong>itaque</strong></span> <span class='ocrx_word' id='word_1_129' title='bbox 2495 1087 2775 1148; x_wconf 88' lang='lat' dir='ltr'><strong>agnoscat,</strong></span> <span class='ocrx_word' id='word_1_130' title='bbox 2805 1079 2949 1148; x_wconf 91' lang='lat' dir='ltr'><strong>quod</strong></span> <span class='ocrx_word' id='word_1_131' title='bbox 2973 1078 3028 1132; x_wconf 91' lang='lat' dir='ltr'><strong>in</strong></span> <span class='ocrx_word' id='word_1_132' title='bbox 3053 1079 3248 1132; x_wconf 91' lang='lat' dir='ltr'><strong>domus</strong></span> <span class='ocrx_word' id='word_1_133' title='bbox 3275 1075 3454 1130; x_wconf 89' lang='lat' dir='ltr'><strong>fronte</strong></span> <span class='ocrx_word' id='word_1_134' title='bbox 3485 1089 3646 1145; x_wconf 63' lang='lat' dir='ltr'><strong>pras-</strong></span> 
     </span>
    </p>
   </div>
   <div class='ocr_carea' id='block_1_10' title="bbox 372 1171 3641 1243">
    <p class='ocr_par' dir='ltr' id='par_1_10' title="bbox 372 1171 3641 1243">
     <span class='ocr_line' id='line_1_10' title="bbox 372 1171 3641 1243; baseline -0.001 -17"><span class='ocrx_word' id='word_1_135' title='bbox 372 1174 540 1226; x_wconf 82' lang='lat' dir='ltr'><strong>tixum</strong></span> <span class='ocrx_word' id='word_1_136' title='bbox 571 1179 677 1238; x_wconf 90' lang='lat' dir='ltr'><strong>est,</strong></span> <span class='ocrx_word' id='word_1_137' title='bbox 701 1186 931 1226; x_wconf 87' lang='lat' dir='ltr'><strong>securus</strong></span> <span class='ocrx_word' id='word_1_138' title='bbox 960 1171 1206 1236; x_wconf 88' lang='lat' dir='ltr'><strong>intrabit,</strong></span> <span class='ocrx_word' id='word_1_139' title='bbox 1241 1187 1342 1226; x_wconf 90' lang='lat' dir='ltr'><strong>nec</strong></span> <span class='ocrx_word' id='word_1_140' title='bbox 1381 1187 1505 1226; x_wconf 87' lang='lat' dir='ltr'><strong>cum</strong></span> <span class='ocrx_word' id='word_1_141' title='bbox 1542 1171 1847 1238; x_wconf 82' lang='lat' dir='ltr'><strong>intraverit,</strong></span> <span class='ocrx_word' id='word_1_142' title='bbox 1877 1173 2083 1227; x_wconf 87' lang='lat' dir='ltr'><strong>errabit</strong></span> <span class='ocrx_word' id='word_1_143' title='bbox 2113 1191 2128 1240; x_wconf 94' lang='lat'><strong>;</strong></span> <span class='ocrx_word' id='word_1_144' title='bbox 2159 1173 2263 1228; x_wconf 91' lang='lat' dir='ltr'><strong>hoc</strong></span> <span class='ocrx_word' id='word_1_145' title='bbox 2300 1174 2444 1228; x_wconf 89' lang='lat' dir='ltr'><strong>enim</strong></span> <span class='ocrx_word' id='word_1_146' title='bbox 2484 1174 2538 1227; x_wconf 90' lang='lat' dir='ltr'><strong>in</strong></span> <span class='ocrx_word' id='word_1_147' title='bbox 2589 1175 2706 1243; x_wconf 89' lang='lat' dir='ltr'><strong>ipso</strong></span> <span class='ocrx_word' id='word_1_148' title='bbox 2751 1183 2902 1240; x_wconf 83' lang='lat' dir='ltr'><strong>poste</strong></span> <span class='ocrx_word' id='word_1_149' title='bbox 2941 1182 3298 1243; x_wconf 71' lang='lat' dir='ltr'><strong>prmnotatum</strong></span> <span class='ocrx_word' id='word_1_150' title='bbox 3334 1181 3437 1238; x_wconf 87' lang='lat' dir='ltr'><strong>est,</strong></span> <span class='ocrx_word' id='word_1_151' title='bbox 3477 1186 3641 1241; x_wconf 87' lang='lat' dir='ltr'><strong>quo-</strong></span> 
     </span>
    </p>
   </div>
   <div class='ocr_carea' id='block_1_11' title="bbox 373 1263 3635 1338">
    <p class='ocr_par' dir='ltr' id='par_1_11' title="bbox 373 1263 3635 1338">
     <span class='ocr_line' id='line_1_11' title="bbox 373 1263 3635 1338; baseline 0 -21"><span class='ocrx_word' id='word_1_152' title='bbox 373 1265 538 1320; x_wconf 91' lang='lat' dir='ltr'><strong>modo</strong></span> <span class='ocrx_word' id='word_1_153' title='bbox 561 1263 791 1320; x_wconf 87' lang='lat' dir='ltr'><strong>interius</strong></span> <span class='ocrx_word' id='word_1_154' title='bbox 821 1279 930 1317; x_wconf 92' lang='lat' dir='ltr'><strong>non</strong></span> <span class='ocrx_word' id='word_1_155' title='bbox 954 1271 1172 1320; x_wconf 88' lang='lat' dir='ltr'><strong>erretur</strong></span> <span class='ocrx_word' id='word_1_156' title='bbox 1211 1283 1224 1318; x_wconf 91' lang='lat'>:</span> <span class='ocrx_word' id='word_1_157' title='bbox 1269 1283 1288 1316; x_wconf 76' lang='grc' dir='ltr'><strong><em>ι</em></strong></span> <span class='ocrx_word' id='word_1_158' title='bbox 1317 1263 1382 1318; x_wconf 90' lang='lat' dir='ltr'><strong>Et</strong></span> <span class='ocrx_word' id='word_1_159' title='bbox 1412 1279 1604 1320; x_wconf 88' lang='lat' dir='ltr'><strong>rursus</strong></span> <span class='ocrx_word' id='word_1_160' title='bbox 1639 1265 1692 1318; x_wconf 91' lang='lat' dir='ltr'><strong>in</strong></span> <span class='ocrx_word' id='word_1_161' title='bbox 1729 1267 2124 1321; x_wconf 89' lang='lat' dir='ltr'><strong>commentario</strong></span> <span class='ocrx_word' id='word_1_162' title='bbox 2155 1267 2223 1321; x_wconf 87' lang='lat' dir='ltr'><strong>ad</strong></span> <span class='ocrx_word' id='word_1_163' title='bbox 2271 1267 2537 1337; x_wconf 83' lang='lat' dir='ltr'><strong>psalmum</strong></span> <span class='ocrx_word' id='word_1_164' title='bbox 2563 1283 2709 1334; x_wconf 80' lang='lat' dir='ltr'><strong>inv,</strong></span> <span class='ocrx_word' id='word_1_165' title='bbox 2735 1268 2892 1338; x_wconf 85' lang='lat' dir='ltr'><strong>cujus</strong></span> <span class='ocrx_word' id='word_1_166' title='bbox 2921 1267 3136 1322; x_wconf 90' lang='lat' dir='ltr'><strong>titulum</strong></span> <span class='ocrx_word' id='word_1_167' title='bbox 3169 1267 3224 1320; x_wconf 90' lang='lat' dir='ltr'><strong>in</strong></span> <span class='ocrx_word' id='word_1_168' title='bbox 3263 1267 3635 1336; x_wconf 84' lang='lat' dir='ltr'><strong>allegoricum</strong></span> 
     </span>
    </p>
   </div>
   <div class='ocr_carea' id='block_1_12' title="bbox 375 1356 3636 1429">
    <p class='ocr_par' dir='ltr' id='par_1_12' title="bbox 375 1356 3636 1429">
     <span class='ocr_line' id='line_1_12' title="bbox 375 1356 3636 1429; baseline -0.001 -18"><span class='ocrx_word' id='word_1_169' title='bbox 375 1371 594 1412; x_wconf 85' lang='lat' dir='ltr'><strong>sensum</strong></span> <span class='ocrx_word' id='word_1_170' title='bbox 623 1356 1006 1411; x_wconf 88' lang='lat' dir='ltr'><strong>sanctissimus</strong></span> <span class='ocrx_word' id='word_1_171' title='bbox 1047 1356 1245 1410; x_wconf 87' lang='lat' dir='ltr'><strong>Doctor</strong></span> <span class='ocrx_word' id='word_1_172' title='bbox 1291 1357 1722 1426; x_wconf 88' lang='lat' dir='ltr'><strong>interpretatur:</strong></span> <span class='ocrx_word' id='word_1_173' title='bbox 1764 1375 1782 1408; x_wconf 71' lang='grc' dir='ltr'>ι</span> <span class='ocrx_word' id='word_1_174' title='bbox 1819 1357 2176 1426; x_wconf 84' lang='lat' dir='ltr'><strong>Agnoscenda</strong></span> <span class='ocrx_word' id='word_1_175' title='bbox 2203 1367 2304 1423; x_wconf 88' lang='lat' dir='ltr'><strong>est,</strong></span> <span class='ocrx_word' id='word_1_176' title='bbox 2350 1359 2445 1422; x_wconf 89' lang='lat' dir='ltr'><strong>ait,</strong></span> <span class='ocrx_word' id='word_1_177' title='bbox 2493 1374 2597 1414; x_wconf 82' lang='lat' dir='ltr'><strong>vox</strong></span> <span class='ocrx_word' id='word_1_178' title='bbox 2643 1369 2845 1414; x_wconf 56' lang='lat' dir='ltr'><strong>sanctae</strong></span> <span class='ocrx_word' id='word_1_179' title='bbox 2883 1359 3178 1429; x_wconf 73' lang='lat' dir='ltr'><strong>praphetiae</strong></span> <span class='ocrx_word' id='word_1_180' title='bbox 3198 1375 3265 1413; x_wconf 87' lang='lat' dir='ltr'><strong>ex</strong></span> <span class='ocrx_word' id='word_1_181' title='bbox 3300 1359 3417 1428; x_wconf 89' lang='lat' dir='ltr'><strong>ipso</strong></span> <span class='ocrx_word' id='word_1_182' title='bbox 3459 1357 3636 1412; x_wconf 82' lang='lat' dir='ltr'><strong>titulo</strong></span> 
     </span>
    </p>
   </div>
   <div class='ocr_carea' id='block_1_13' title="bbox 373 1449 3648 1522">
    <p class='ocr_par' dir='ltr' id='par_1_13' title="bbox 373 1449 3648 1522">
     <span class='ocr_line' id='line_1_13' title="bbox 373 1449 3648 1522; baseline -0.002 -15"><span class='ocrx_word' id='word_1_183' title='bbox 373 1450 594 1521; x_wconf 88' lang='lat' dir='ltr'><strong>psalmi.</strong></span> <span class='ocrx_word' id='word_1_184' title='bbox 630 1470 648 1500; x_wconf 84' lang='lat'><strong>)</strong></span> <span class='ocrx_word' id='word_1_185' title='bbox 677 1449 892 1504; x_wconf 89' lang='lat' dir='ltr'><strong>Titulos</strong></span> <span class='ocrx_word' id='word_1_186' title='bbox 925 1458 1106 1504; x_wconf 91' lang='lat' dir='ltr'><strong>autem</strong></span> <span class='ocrx_word' id='word_1_187' title='bbox 1143 1449 1439 1519; x_wconf 89' lang='lat' dir='ltr'><strong>inscriptos</strong></span> <span class='ocrx_word' id='word_1_188' title='bbox 1471 1449 1636 1504; x_wconf 85' lang='lat' dir='ltr'><strong>fuisse</strong></span> <span class='ocrx_word' id='word_1_189' title='bbox 1680 1449 1859 1519; x_wconf 89' lang='lat' dir='ltr'><strong>potius</strong></span> <span class='ocrx_word' id='word_1_190' title='bbox 1901 1450 1968 1504; x_wconf 90' lang='lat' dir='ltr'><strong>ad</strong></span> <span class='ocrx_word' id='word_1_191' title='bbox 2001 1451 2410 1521; x_wconf 89' lang='lat' dir='ltr'><strong>intelligendum</strong></span> <span class='ocrx_word' id='word_1_192' title='bbox 2453 1452 2967 1522; x_wconf 85' lang='lat' dir='ltr'><strong>percipiendumque</strong></span> <span class='ocrx_word' id='word_1_193' title='bbox 3017 1451 3352 1522; x_wconf 89' lang='lat' dir='ltr'><strong>psalmorum</strong></span> <span class='ocrx_word' id='word_1_194' title='bbox 3403 1465 3648 1506; x_wconf 87' lang='lat' dir='ltr'><strong>sensum</strong></span> 
     </span>
    </p>
   </div>
   <div class='ocr_carea' id='block_1_14' title="bbox 372 1543 3642 1618">
    <p class='ocr_par' dir='ltr' id='par_1_14' title="bbox 372 1543 3642 1618">
     <span class='ocr_line' id='line_1_14' title="bbox 372 1543 3642 1618; baseline -0.001 -20"><span class='ocrx_word' id='word_1_195' title='bbox 372 1545 722 1615; x_wconf 84' lang='lat' dir='ltr'><strong>allegoricum</strong></span> <span class='ocrx_word' id='word_1_196' title='bbox 764 1555 818 1598; x_wconf 91' lang='lat' dir='ltr'><strong>et</strong></span> <span class='ocrx_word' id='word_1_197' title='bbox 861 1543 1184 1612; x_wconf 81' lang='lat' dir='ltr'><strong>spiritalem,</strong></span> <span class='ocrx_word' id='word_1_198' title='bbox 1236 1559 1401 1614; x_wconf 88' lang='lat' dir='ltr'><strong>quam</strong></span> <span class='ocrx_word' id='word_1_199' title='bbox 1439 1543 1730 1598; x_wconf 89' lang='lat' dir='ltr'><strong>litteralem</strong></span> <span class='ocrx_word' id='word_1_200' title='bbox 1773 1553 1828 1598; x_wconf 89' lang='lat' dir='ltr'><strong>et</strong></span> <span class='ocrx_word' id='word_1_201' title='bbox 1874 1544 2221 1616; x_wconf 77' lang='lat' dir='ltr'><strong>historicum,</strong></span> <span class='ocrx_word' id='word_1_202' title='bbox 2260 1547 2491 1617; x_wconf 87' lang='lat' dir='ltr'><strong>ideoque</strong></span> <span class='ocrx_word' id='word_1_203' title='bbox 2541 1548 2606 1600; x_wconf 92' lang='lat' dir='ltr'><strong>ad</strong></span> <span class='ocrx_word' id='word_1_204' title='bbox 2639 1563 2765 1602; x_wconf 89' lang='lat' dir='ltr'><strong>eum</strong></span> <span class='ocrx_word' id='word_1_205' title='bbox 2793 1547 3139 1618; x_wconf 90' lang='lat' dir='ltr'><strong>potissimum</strong></span> <span class='ocrx_word' id='word_1_206' title='bbox 3177 1546 3446 1616; x_wconf 80' lang='lat' dir='ltr'><strong>reSpicere</strong></span> <span class='ocrx_word' id='word_1_207' title='bbox 3474 1552 3530 1598; x_wconf 89' lang='lat' dir='ltr'><strong>et</strong></span> <span class='ocrx_word' id='word_1_208' title='bbox 3561 1543 3642 1597; x_wconf 89' lang='lat' dir='ltr'><strong>ad</strong></span> 
     </span>
    </p>
   </div>
   <div class='ocr_carea' id='block_1_15' title="bbox 371 1631 3634 1726">
    <p class='ocr_par' dir='ltr' id='par_1_15' title="bbox 371 1631 3634 1726">
     <span class='ocr_line' id='line_1_15' title="bbox 371 1631 3634 1726; baseline -0.002 -30"><span class='ocrx_word' id='word_1_209' title='bbox 371 1642 522 1696; x_wconf 86' lang='lat' dir='ltr'><strong>illum</strong></span> <span class='ocrx_word' id='word_1_210' title='bbox 555 1641 841 1711; x_wconf 81' lang='lat' dir='ltr'><strong>pertinere,</strong></span> <span class='ocrx_word' id='word_1_211' title='bbox 878 1631 1193 1695; x_wconf 76' lang='lat' dir='ltr'><strong>t&#39;estimonio</strong></span> <span class='ocrx_word' id='word_1_212' title='bbox 1226 1649 1352 1695; x_wconf 91' lang='lat' dir='ltr'><strong>sunt</strong></span> <span class='ocrx_word' id='word_1_213' title='bbox 1383 1657 1504 1710; x_wconf 77' lang='lat' dir='ltr'><strong>quze</strong></span> <span class='ocrx_word' id='word_1_214' title='bbox 1531 1641 1718 1696; x_wconf 86' lang='lat' dir='ltr'><strong>scribit</strong></span> <span class='ocrx_word' id='word_1_215' title='bbox 1745 1641 1886 1695; x_wconf 91' lang='lat' dir='ltr'><strong>idem</strong></span> <span class='ocrx_word' id='word_1_216' title='bbox 1917 1643 2257 1726; x_wconf 84' lang='lat' dir='ltr'><strong>Augustinus</strong></span> <span class='ocrx_word' id='word_1_217' title='bbox 2287 1643 2344 1696; x_wconf 91' lang='lat' dir='ltr'><strong>in</strong></span> <span class='ocrx_word' id='word_1_218' title='bbox 2375 1643 2514 1698; x_wconf 89' lang='lat' dir='ltr'><strong>locis</strong></span> <span class='ocrx_word' id='word_1_219' title='bbox 2563 1659 2734 1712; x_wconf 90' lang='lat' dir='ltr'><strong>nuper</strong></span> <span class='ocrx_word' id='word_1_220' title='bbox 2765 1659 2796 1697; x_wconf 89' lang='lat' dir='ltr'><strong>a</strong></span> <span class='ocrx_word' id='word_1_221' title='bbox 2834 1659 2920 1699; x_wconf 91' lang='lat' dir='ltr'><strong>me</strong></span> <span class='ocrx_word' id='word_1_222' title='bbox 2953 1643 3207 1706; x_wconf 86' lang='lat' dir='ltr'><strong>laudatis,</strong></span> <span class='ocrx_word' id='word_1_223' title='bbox 3240 1651 3353 1696; x_wconf 91' lang='lat' dir='ltr'><strong>tum</strong></span> <span class='ocrx_word' id='word_1_224' title='bbox 3376 1639 3545 1695; x_wconf 91' lang='lat' dir='ltr'><strong>ctiam</strong></span> <span class='ocrx_word' id='word_1_225' title='bbox 3572 1639 3634 1692; x_wconf 91' lang='lat' dir='ltr'><strong>in</strong></span> 
     </span>
    </p>
   </div>
   <div class='ocr_carea' id='block_1_16' title="bbox 369 1721 3624 1808">
    <p class='ocr_par' dir='ltr' id='par_1_16' title="bbox 369 1721 3624 1808">
     <span class='ocr_line' id='line_1_16' title="bbox 369 1721 3624 1808; baseline -0.001 -17"><span class='ocrx_word' id='word_1_226' title='bbox 369 1737 710 1808; x_wconf 81' lang='lat' dir='ltr'><strong>expositione</strong></span> <span class='ocrx_word' id='word_1_227' title='bbox 733 1737 928 1807; x_wconf 89' lang='lat' dir='ltr'><strong>psalmi</strong></span> <span class='ocrx_word' id='word_1_228' title='bbox 965 1753 1076 1802; x_wconf 80' lang='lat' dir='ltr'><strong>Lix,</strong></span> <span class='ocrx_word' id='word_1_229' title='bbox 1105 1736 1196 1791; x_wconf 91' lang='lat' dir='ltr'><strong>ubi</strong></span> <span class='ocrx_word' id='word_1_230' title='bbox 1235 1747 1421 1792; x_wconf 88' lang='lat' dir='ltr'><strong>monet</strong></span> <span class='ocrx_word' id='word_1_231' title='bbox 1453 1753 1562 1808; x_wconf 85' lang='lat' dir='ltr'><strong>qua</strong></span> <span class='ocrx_word' id='word_1_232' title='bbox 1591 1746 1772 1792; x_wconf 85' lang='lat' dir='ltr'><strong>mente</strong></span> <span class='ocrx_word' id='word_1_233' title='bbox 1810 1746 1864 1792; x_wconf 91' lang='lat' dir='ltr'><strong>et</strong></span> <span class='ocrx_word' id='word_1_234' title='bbox 1902 1721 2153 1805; x_wconf 80' lang='lat' dir='ltr'><strong>consilio,</strong></span> <span class='ocrx_word' id='word_1_235' title='bbox 2188 1736 2394 1808; x_wconf 89' lang='lat' dir='ltr'><strong>Spiritu</strong></span> <span class='ocrx_word' id='word_1_236' title='bbox 2432 1749 2624 1794; x_wconf 90' lang='lat' dir='ltr'><strong>sancto</strong></span> <span class='ocrx_word' id='word_1_237' title='bbox 2649 1741 2906 1803; x_wconf 88' lang='lat' dir='ltr'><strong>dictante,</strong></span> <span class='ocrx_word' id='word_1_238' title='bbox 2942 1739 3080 1793; x_wconf 89' lang='lat' dir='ltr'><strong>tituli</strong></span> <span class='ocrx_word' id='word_1_239' title='bbox 3109 1736 3334 1808; x_wconf 88' lang='lat' dir='ltr'><strong>psalmis</strong></span> <span class='ocrx_word' id='word_1_240' title='bbox 3367 1735 3624 1802; x_wconf 87' lang='lat' dir='ltr'><strong>inscripti</strong></span> 
     </span>
    </p>
   </div>
   <div class='ocr_carea' id='block_1_17' title="bbox 369 1825 3618 1899">
    <p class='ocr_par' dir='ltr' id='par_1_17' title="bbox 369 1825 3618 1899">
     <span class='ocr_line' id='line_1_17' title="bbox 369 1825 3618 1899; baseline -0.001 -19"><span class='ocrx_word' id='word_1_241' title='bbox 369 1827 522 1881; x_wconf 89' lang='lat' dir='ltr'><strong>sint:</strong></span> <span class='ocrx_word' id='word_1_242' title='bbox 566 1846 584 1878; x_wconf 77' lang='grc' dir='ltr'>ι</span> <span class='ocrx_word' id='word_1_243' title='bbox 631 1825 1012 1883; x_wconf 86' lang='lat' dir='ltr'><strong>Verumtamen</strong></span> <span class='ocrx_word' id='word_1_244' title='bbox 1061 1827 1202 1882; x_wconf 86' lang='lat' dir='ltr'><strong>sicut</strong></span> <span class='ocrx_word' id='word_1_245' title='bbox 1255 1829 1390 1882; x_wconf 92' lang='lat' dir='ltr'><strong>solet</strong></span> <span class='ocrx_word' id='word_1_246' title='bbox 1435 1829 1782 1897; x_wconf 88' lang='lat' dir='ltr'><strong>pr0pheticus</strong></span> <span class='ocrx_word' id='word_1_247' title='bbox 1828 1829 2056 1895; x_wconf 90' lang='lat' dir='ltr'><strong>spiritus</strong></span> <span class='ocrx_word' id='word_1_248' title='bbox 2111 1830 2166 1882; x_wconf 93' lang='lat' dir='ltr'><strong>in</strong></span> <span class='ocrx_word' id='word_1_249' title='bbox 2209 1831 2547 1898; x_wconf 88' lang='lat' dir='ltr'><strong>psalmorum</strong></span> <span class='ocrx_word' id='word_1_250' title='bbox 2599 1831 2770 1885; x_wconf 89' lang='lat' dir='ltr'><strong>titulis</strong></span> <span class='ocrx_word' id='word_1_251' title='bbox 2804 1829 3054 1885; x_wconf 89' lang='lat' dir='ltr'><strong>recedere</strong></span> <span class='ocrx_word' id='word_1_252' title='bbox 3093 1827 3490 1899; x_wconf 89' lang='lat' dir='ltr'><strong>aliquantulum</strong></span> <span class='ocrx_word' id='word_1_253' title='bbox 3543 1825 3618 1878; x_wconf 89' lang='lat' dir='ltr'><strong>ab</strong></span> 
     </span>
    </p>
   </div>
   <div class='ocr_carea' id='block_1_18' title="bbox 369 1920 3636 1990">
    <p class='ocr_par' dir='ltr' id='par_1_18' title="bbox 369 1920 3636 1990">
     <span class='ocr_line' id='line_1_18' title="bbox 369 1920 3636 1990; baseline -0.001 -18"><span class='ocrx_word' id='word_1_254' title='bbox 369 1920 721 1990; x_wconf 86' lang='lat' dir='ltr'><strong>expressione</strong></span> <span class='ocrx_word' id='word_1_255' title='bbox 749 1935 928 1975; x_wconf 91' lang='lat' dir='ltr'><strong>rerum</strong></span> <span class='ocrx_word' id='word_1_256' title='bbox 962 1927 1260 1989; x_wconf 87' lang='lat' dir='ltr'><strong>gestarum,</strong></span> <span class='ocrx_word' id='word_1_257' title='bbox 1307 1931 1360 1974; x_wconf 89' lang='lat' dir='ltr'><strong>et</strong></span> <span class='ocrx_word' id='word_1_258' title='bbox 1394 1921 1598 1990; x_wconf 88' lang='lat' dir='ltr'><strong>aliquid</strong></span> <span class='ocrx_word' id='word_1_259' title='bbox 1631 1921 1813 1976; x_wconf 79' lang='lat' dir='ltr'><strong>dicere</strong></span> <span class='ocrx_word' id='word_1_260' title='bbox 1843 1921 1990 1990; x_wconf 91' lang='lat' dir='ltr'><strong>quod</strong></span> <span class='ocrx_word' id='word_1_261' title='bbox 2025 1921 2078 1974; x_wconf 90' lang='lat' dir='ltr'><strong>in</strong></span> <span class='ocrx_word' id='word_1_262' title='bbox 2117 1921 2346 1976; x_wconf 86' lang='lat' dir='ltr'><strong>historia</strong></span> <span class='ocrx_word' id='word_1_263' title='bbox 2396 1938 2501 1976; x_wconf 90' lang='lat' dir='ltr'><strong>non</strong></span> <span class='ocrx_word' id='word_1_264' title='bbox 2534 1923 2827 1986; x_wconf 78' lang='lat' dir='ltr'><strong>invenitur,</strong></span> <span class='ocrx_word' id='word_1_265' title='bbox 2853 1934 2908 1978; x_wconf 86' lang='lat' dir='ltr'><strong>et</strong></span> <span class='ocrx_word' id='word_1_266' title='bbox 2945 1923 3069 1976; x_wconf 88' lang='lat' dir='ltr'><strong>hinc</strong></span> <span class='ocrx_word' id='word_1_267' title='bbox 3101 1923 3284 1990; x_wconf 84' lang='lat' dir='ltr'><strong>potius</strong></span> <span class='ocrx_word' id='word_1_268' title='bbox 3327 1920 3636 1973; x_wconf 88' lang='lat' dir='ltr'><strong>admouere</strong></span> 
     </span>
    </p>
   </div>
   <div class='ocr_carea' id='block_1_19' title="bbox 367 2011 3622 2088">
    <p class='ocr_par' dir='ltr' id='par_1_19' title="bbox 367 2011 3622 2088">
     <span class='ocr_line' id='line_1_19' title="bbox 367 2011 3622 2088; baseline 0 -22"><span class='ocrx_word' id='word_1_269' title='bbox 367 2030 475 2068; x_wconf 89' lang='lat' dir='ltr'><strong>non</strong></span> <span class='ocrx_word' id='word_1_270' title='bbox 507 2025 726 2086; x_wconf 85' lang='lat' dir='ltr'><strong>propter</strong></span> <span class='ocrx_word' id='word_1_271' title='bbox 754 2015 1160 2086; x_wconf 79' lang='lat' dir='ltr'><strong>cognoscendas</strong></span> <span class='ocrx_word' id='word_1_272' title='bbox 1182 2031 1268 2069; x_wconf 91' lang='lat' dir='ltr'><strong>res</strong></span> <span class='ocrx_word' id='word_1_273' title='bbox 1297 2026 1476 2086; x_wconf 82' lang='lat' dir='ltr'><strong>gestas</strong></span> <span class='ocrx_word' id='word_1_274' title='bbox 1503 2031 1622 2071; x_wconf 89' lang='lat' dir='ltr'><strong>esse</strong></span> <span class='ocrx_word' id='word_1_275' title='bbox 1657 2013 1974 2086; x_wconf 86' lang='lat' dir='ltr'><strong>hujusmodi</strong></span> <span class='ocrx_word' id='word_1_276' title='bbox 2009 2017 2199 2072; x_wconf 87' lang='lat' dir='ltr'><strong>titulos</strong></span> <span class='ocrx_word' id='word_1_277' title='bbox 2229 2019 2544 2088; x_wconf 87' lang='lat' dir='ltr'><strong>inscriptos,</strong></span> <span class='ocrx_word' id='word_1_278' title='bbox 2569 2019 2661 2073; x_wconf 90' lang='lat' dir='ltr'><strong>sed</strong></span> <span class='ocrx_word' id='word_1_279' title='bbox 2689 2029 2907 2088; x_wconf 79' lang='lat' dir='ltr'><strong>propter</strong></span> <span class='ocrx_word' id='word_1_280' title='bbox 2931 2015 3112 2072; x_wconf 88' lang='lat' dir='ltr'><strong>futura</strong></span> <span class='ocrx_word' id='word_1_281' title='bbox 3145 2011 3569 2086; x_wconf 65' lang='lat' dir='ltr'><strong>praetigurauda,</strong></span> <span class='ocrx_word' id='word_1_282' title='bbox 3603 2030 3622 2060; x_wconf 78' lang='grc' dir='ltr'>ι</span> 
     </span>
    </p>
   </div>
   <div class='ocr_carea' id='block_1_20' title="bbox 365 2103 3615 2180">
    <p class='ocr_par' dir='ltr' id='par_1_20' title="bbox 365 2103 3615 2180">
     <span class='ocr_line' id='line_1_20' title="bbox 365 2103 3615 2180; baseline -0.002 -18"><span class='ocrx_word' id='word_1_283' title='bbox 365 2118 472 2163; x_wconf 87' lang='lat' dir='ltr'><strong>etc.</strong></span> <span class='ocrx_word' id='word_1_284' title='bbox 545 2107 853 2178; x_wconf 81' lang='lat' dir='ltr'><strong>Augustino</strong></span> <span class='ocrx_word' id='word_1_285' title='bbox 921 2109 975 2162; x_wconf 91' lang='lat' dir='ltr'><strong>in</strong></span> <span class='ocrx_word' id='word_1_286' title='bbox 1057 2111 1159 2165; x_wconf 87' lang='lat' dir='ltr'><strong>hac</strong></span> <span class='ocrx_word' id='word_1_287' title='bbox 1227 2109 1411 2162; x_wconf 88' lang='lat' dir='ltr'><strong>eadem</strong></span> <span class='ocrx_word' id='word_1_288' title='bbox 1488 2111 1758 2162; x_wconf 88' lang='lat' dir='ltr'><strong>sententia</strong></span> <span class='ocrx_word' id='word_1_289' title='bbox 1841 2109 1908 2164; x_wconf 88' lang='lat' dir='ltr'><strong>de</strong></span> <span class='ocrx_word' id='word_1_290' title='bbox 1984 2109 2154 2164; x_wconf 90' lang='lat' dir='ltr'><strong>titulis</strong></span> <span class='ocrx_word' id='word_1_291' title='bbox 2226 2111 2560 2179; x_wconf 88' lang='lat' dir='ltr'><strong>psalmorum</strong></span> <span class='ocrx_word' id='word_1_292' title='bbox 2630 2113 2839 2180; x_wconf 71' lang='lat' dir='ltr'><strong>praeit-it</strong></span> <span class='ocrx_word' id='word_1_293' title='bbox 2897 2111 2954 2165; x_wconf 90' lang='lat' dir='ltr'><strong>S.</strong></span> <span class='ocrx_word' id='word_1_294' title='bbox 3025 2107 3284 2172; x_wconf 89' lang='lat' dir='ltr'><strong>lIila-rius,</strong></span> <span class='ocrx_word' id='word_1_295' title='bbox 3365 2107 3460 2176; x_wconf 90' lang='lat' dir='ltr'><strong>qui</strong></span> <span class='ocrx_word' id='word_1_296' title='bbox 3544 2103 3615 2158; x_wconf 89' lang='lat' dir='ltr'><strong>ad</strong></span> 
     </span>
    </p>
   </div>
   <div class='ocr_carea' id='block_1_21' title="bbox 365 2191 3614 2270">
    <p class='ocr_par' dir='ltr' id='par_1_21' title="bbox 365 2191 3614 2270">
     <span class='ocr_line' id='line_1_21' title="bbox 365 2191 3614 2270; baseline -0.001 -18"><span class='ocrx_word' id='word_1_297' title='bbox 365 2201 638 2270; x_wconf 88' lang='lat' dir='ltr'><strong>psalmum</strong></span> <span class='ocrx_word' id='word_1_298' title='bbox 695 2215 828 2252; x_wconf 85' lang='lat' dir='ltr'><strong>inu</strong></span> <span class='ocrx_word' id='word_1_299' title='bbox 863 2215 877 2251; x_wconf 92' lang='lat'><strong>:</strong></span> <span class='ocrx_word' id='word_1_300' title='bbox 917 2217 936 2250; x_wconf 75' lang='grc' dir='ltr'><strong>ι</strong></span> <span class='ocrx_word' id='word_1_301' title='bbox 1003 2197 1229 2263; x_wconf 90' lang='lat' dir='ltr'><strong>Psalmi,</strong></span> <span class='ocrx_word' id='word_1_302' title='bbox 1274 2199 1371 2260; x_wconf 90' lang='lat' dir='ltr'><strong>ait,</strong></span> <span class='ocrx_word' id='word_1_303' title='bbox 1443 2198 1836 2267; x_wconf 89' lang='lat' dir='ltr'><strong>superscriptio</strong></span> <span class='ocrx_word' id='word_1_304' title='bbox 1906 2197 2190 2253; x_wconf 89' lang='lat' dir='ltr'><strong>historiam</strong></span> <span class='ocrx_word' id='word_1_305' title='bbox 2262 2213 2370 2252; x_wconf 91' lang='lat' dir='ltr'><strong>non</strong></span> <span class='ocrx_word' id='word_1_306' title='bbox 2442 2201 2717 2262; x_wconf 88' lang='lat' dir='ltr'><strong>continet,</strong></span> <span class='ocrx_word' id='word_1_307' title='bbox 2771 2199 2996 2269; x_wconf 76' lang='lat' dir='ltr'><strong>simplex</strong></span> <span class='ocrx_word' id='word_1_308' title='bbox 3049 2207 3152 2264; x_wconf 87' lang='lat' dir='ltr'><strong>est,</strong></span> <span class='ocrx_word' id='word_1_309' title='bbox 3207 2209 3261 2253; x_wconf 90' lang='lat' dir='ltr'><strong>et</strong></span> <span class='ocrx_word' id='word_1_310' title='bbox 3307 2191 3614 2266; x_wconf 83' lang='lat' dir='ltr'><strong>prophetali</strong></span> 
     </span>
    </p>
   </div>
   <div class='ocr_carea' id='block_1_22' title="bbox 367 2289 3624 2364">
    <p class='ocr_par' dir='ltr' id='par_1_22' title="bbox 367 2289 3624 2364">
     <span class='ocr_line' id='line_1_22' title="bbox 367 2289 3624 2364; baseline 0.001 -18"><span class='ocrx_word' id='word_1_311' title='bbox 367 2291 562 2360; x_wconf 90' lang='lat' dir='ltr'><strong>spiritu</strong></span> <span class='ocrx_word' id='word_1_312' title='bbox 628 2292 875 2346; x_wconf 89' lang='lat' dir='ltr'><strong>editus...</strong></span> <span class='ocrx_word' id='word_1_313' title='bbox 934 2307 1059 2346; x_wconf 90' lang='lat' dir='ltr'><strong>cum</strong></span> <span class='ocrx_word' id='word_1_314' title='bbox 1121 2292 1268 2345; x_wconf 90' lang='lat' dir='ltr'><strong>enim</strong></span> <span class='ocrx_word' id='word_1_315' title='bbox 1337 2289 1415 2343; x_wconf 92' lang='lat' dir='ltr'><strong>illi</strong></span> <span class='ocrx_word' id='word_1_316' title='bbox 1462 2290 1566 2359; x_wconf 92' lang='lat' dir='ltr'><strong>ipsi</strong></span> <span class='ocrx_word' id='word_1_317' title='bbox 1624 2290 1845 2360; x_wconf 87' lang='lat' dir='ltr'><strong>psalmi,</strong></span> <span class='ocrx_word' id='word_1_318' title='bbox 1901 2291 1994 2357; x_wconf 85' lang='lat' dir='ltr'><strong>qui</strong></span> <span class='ocrx_word' id='word_1_319' title='bbox 2029 2291 2334 2346; x_wconf 89' lang='lat' dir='ltr'><strong>secundum</strong></span> <span class='ocrx_word' id='word_1_320' title='bbox 2367 2289 2652 2346; x_wconf 88' lang='lat' dir='ltr'><strong>titulorum</strong></span> <span class='ocrx_word' id='word_1_321' title='bbox 2699 2292 3083 2363; x_wconf 85' lang='lat' dir='ltr'><strong>inscriptiones</strong></span> <span class='ocrx_word' id='word_1_322' title='bbox 3125 2309 3213 2350; x_wconf 90' lang='lat' dir='ltr'><strong>res</strong></span> <span class='ocrx_word' id='word_1_323' title='bbox 3247 2304 3428 2364; x_wconf 82' lang='lat' dir='ltr'><strong>gestas</strong></span> <span class='ocrx_word' id='word_1_324' title='bbox 3482 2309 3624 2349; x_wconf 89' lang='lat' dir='ltr'><strong>con-</strong></span> 
     </span>
    </p>
   </div>
   <div class='ocr_carea' id='block_1_23' title="bbox 367 2378 3635 2454">
    <p class='ocr_par' dir='ltr' id='par_1_23' title="bbox 367 2378 3635 2454">
     <span class='ocr_line' id='line_1_23' title="bbox 367 2378 3635 2454; baseline 0.001 -22"><span class='ocrx_word' id='word_1_325' title='bbox 367 2379 540 2434; x_wconf 87' lang='lat' dir='ltr'><strong>tinere</strong></span> <span class='ocrx_word' id='word_1_326' title='bbox 564 2381 885 2442; x_wconf 89' lang='lat' dir='ltr'><strong>creduntur,</strong></span> <span class='ocrx_word' id='word_1_327' title='bbox 931 2380 986 2433; x_wconf 91' lang='lat' dir='ltr'><strong>in</strong></span> <span class='ocrx_word' id='word_1_328' title='bbox 1019 2378 1274 2449; x_wconf 87' lang='lat' dir='ltr'><strong>plurimis</strong></span> <span class='ocrx_word' id='word_1_329' title='bbox 1315 2393 1343 2432; x_wconf 92' lang='lat' dir='ltr'><strong>a</strong></span> <span class='ocrx_word' id='word_1_330' title='bbox 1377 2378 1520 2432; x_wconf 92' lang='lat' dir='ltr'><strong>tituli</strong></span> <span class='ocrx_word' id='word_1_331' title='bbox 1569 2378 1654 2433; x_wconf 91' lang='lat' dir='ltr'><strong>sui</strong></span> <span class='ocrx_word' id='word_1_332' title='bbox 1705 2387 1758 2432; x_wconf 90' lang='lat' dir='ltr'><strong>ct</strong></span> <span class='ocrx_word' id='word_1_333' title='bbox 1805 2393 2012 2446; x_wconf 89' lang='lat' dir='ltr'><strong>rerum,</strong></span> <span class='ocrx_word' id='word_1_334' title='bbox 2061 2393 2126 2434; x_wconf 89' lang='lat' dir='ltr'><strong>ac</strong></span> <span class='ocrx_word' id='word_1_335' title='bbox 2166 2393 2525 2449; x_wconf 87' lang='lat' dir='ltr'><strong>personarum</strong></span> <span class='ocrx_word' id='word_1_336' title='bbox 2575 2381 2908 2450; x_wconf 83' lang='lat' dir='ltr'><strong>praprietate</strong></span> <span class='ocrx_word' id='word_1_337' title='bbox 2963 2383 3309 2450; x_wconf 85' lang='lat' dir='ltr'><strong>dissentiant,</strong></span> <span class='ocrx_word' id='word_1_338' title='bbox 3343 2383 3635 2454; x_wconf 86' lang='lat' dir='ltr'><strong>magisque</strong></span> 
     </span>
    </p>
   </div>
   <div class='ocr_carea' id='block_1_24' title="bbox 364 2472 3634 2547">
    <p class='ocr_par' dir='ltr' id='par_1_24' title="bbox 364 2472 3634 2547">
     <span class='ocr_line' id='line_1_24' title="bbox 364 2472 3634 2547; baseline 0 -20"><span class='ocrx_word' id='word_1_339' title='bbox 364 2487 461 2542; x_wconf 83' lang='lat' dir='ltr'><strong>per</strong></span> <span class='ocrx_word' id='word_1_340' title='bbox 485 2473 752 2528; x_wconf 91' lang='lat' dir='ltr'><strong>editiones</strong></span> <span class='ocrx_word' id='word_1_341' title='bbox 780 2475 1086 2539; x_wconf 87' lang='lat' dir='ltr'><strong>nominum,</strong></span> <span class='ocrx_word' id='word_1_342' title='bbox 1117 2482 1281 2540; x_wconf 88' lang='lat' dir='ltr'><strong>atque</strong></span> <span class='ocrx_word' id='word_1_343' title='bbox 1322 2482 1621 2543; x_wconf 83' lang='lat' dir='ltr'><strong>gestorum,</strong></span> <span class='ocrx_word' id='word_1_344' title='bbox 1671 2472 2036 2537; x_wconf 86' lang='lat' dir='ltr'><strong>spiritualium</strong></span> <span class='ocrx_word' id='word_1_345' title='bbox 2077 2475 2456 2544; x_wconf 83' lang='lat' dir='ltr'><strong>operationum</strong></span> <span class='ocrx_word' id='word_1_346' title='bbox 2488 2476 2796 2547; x_wconf 83' lang='lat' dir='ltr'><strong>significent</strong></span> <span class='ocrx_word' id='word_1_347' title='bbox 2827 2476 3070 2534; x_wconf 68' lang='lat' dir='ltr'><strong>effectus.</strong></span> <span class='ocrx_word' id='word_1_348' title='bbox 3112 2495 3131 2528; x_wconf 73' lang='grc' dir='ltr'><strong>ι</strong></span> <span class='ocrx_word' id='word_1_349' title='bbox 3165 2475 3261 2531; x_wconf 86' lang='lat' dir='ltr'><strong>His</strong></span> <span class='ocrx_word' id='word_1_350' title='bbox 3288 2484 3474 2532; x_wconf 87' lang='lat' dir='ltr'><strong>autem</strong></span> <span class='ocrx_word' id='word_1_351' title='bbox 3505 2475 3634 2530; x_wconf 85' lang='lat' dir='ltr'><strong>addi</strong></span> 
     </span>
    </p>
   </div>
   <div class='ocr_carea' id='block_1_25' title="bbox 365 2560 3638 2636">
    <p class='ocr_par' dir='ltr' id='par_1_25' title="bbox 365 2560 3638 2636">
     <span class='ocr_line' id='line_1_25' title="bbox 365 2560 3638 2636; baseline 0.001 -20"><span class='ocrx_word' id='word_1_352' title='bbox 365 2563 527 2619; x_wconf 90' lang='lat' dir='ltr'><strong>debet</strong></span> <span class='ocrx_word' id='word_1_353' title='bbox 552 2563 936 2630; x_wconf 87' lang='lat' dir='ltr'><strong>Cassiodorus,</strong></span> <span class='ocrx_word' id='word_1_354' title='bbox 967 2565 1062 2634; x_wconf 91' lang='lat' dir='ltr'><strong>qui</strong></span> <span class='ocrx_word' id='word_1_355' title='bbox 1095 2565 1150 2618; x_wconf 90' lang='lat' dir='ltr'><strong>in</strong></span> <span class='ocrx_word' id='word_1_356' title='bbox 1180 2561 1509 2618; x_wconf 73' lang='lat' dir='ltr'><strong>Praefatione</strong></span> <span class='ocrx_word' id='word_1_357' title='bbox 1558 2563 1626 2616; x_wconf 80' lang='lat' dir='ltr'><strong>ad</strong></span> <span class='ocrx_word' id='word_1_358' title='bbox 1660 2560 1903 2616; x_wconf 79' lang='lat' dir='ltr'><strong>Psalmos</strong></span> <span class='ocrx_word' id='word_1_359' title='bbox 1946 2565 2272 2619; x_wconf 90' lang='lat' dir='ltr'><strong>sententiam</strong></span> <span class='ocrx_word' id='word_1_360' title='bbox 2317 2566 2504 2636; x_wconf 86' lang='lat' dir='ltr'><strong>magni</strong></span> <span class='ocrx_word' id='word_1_361' title='bbox 2549 2567 2840 2636; x_wconf 83' lang='lat' dir='ltr'><strong>Augustini</strong></span> <span class='ocrx_word' id='word_1_362' title='bbox 2887 2582 3038 2622; x_wconf 88' lang='lat' dir='ltr'><strong>more</strong></span> <span class='ocrx_word' id='word_1_363' title='bbox 3085 2581 3188 2620; x_wconf 89' lang='lat' dir='ltr'><strong>suo</strong></span> <span class='ocrx_word' id='word_1_364' title='bbox 3236 2574 3479 2630; x_wconf 87' lang='lat' dir='ltr'><strong>secutus,</strong></span> <span class='ocrx_word' id='word_1_365' title='bbox 3513 2565 3638 2619; x_wconf 64' lang='lat' dir='ltr'><strong>haec</strong></span> 
     </span>
    </p>
   </div>
   <div class='ocr_carea' id='block_1_26' title="bbox 369 2654 3632 2727">
    <p class='ocr_par' dir='ltr' id='par_1_26' title="bbox 369 2654 3632 2727">
     <span class='ocr_line' id='line_1_26' title="bbox 369 2654 3632 2727; baseline -0.001 -18"><span class='ocrx_word' id='word_1_366' title='bbox 369 2655 534 2710; x_wconf 87' lang='lat' dir='ltr'><strong>habet</strong></span> <span class='ocrx_word' id='word_1_367' title='bbox 565 2675 577 2710; x_wconf 95' lang='lat'><strong>:</strong></span> <span class='ocrx_word' id='word_1_368' title='bbox 615 2675 633 2708; x_wconf 75' lang='grc' dir='ltr'><strong><em>ι</em></strong></span> <span class='ocrx_word' id='word_1_369' title='bbox 676 2657 955 2725; x_wconf 83' lang='lat' dir='ltr'><strong>Quasdam</strong></span> <span class='ocrx_word' id='word_1_370' title='bbox 987 2655 1486 2726; x_wconf 86' lang='lat' dir='ltr'><strong>superscriptioncs</strong></span> <span class='ocrx_word' id='word_1_371' title='bbox 1521 2654 1861 2724; x_wconf 87' lang='lat' dir='ltr'><strong>psalmorum</strong></span> <span class='ocrx_word' id='word_1_372' title='bbox 1890 2669 1987 2725; x_wconf 89' lang='lat' dir='ltr'><strong>per</strong></span> <span class='ocrx_word' id='word_1_373' title='bbox 2026 2655 2352 2711; x_wconf 90' lang='lat' dir='ltr'><strong>allusionem</strong></span> <span class='ocrx_word' id='word_1_374' title='bbox 2387 2657 2732 2712; x_wconf 90' lang='lat' dir='ltr'><strong>consimilem</strong></span> <span class='ocrx_word' id='word_1_375' title='bbox 2766 2666 2982 2712; x_wconf 89' lang='lat' dir='ltr'><strong>constat</strong></span> <span class='ocrx_word' id='word_1_376' title='bbox 3013 2657 3376 2727; x_wconf 87' lang='lat' dir='ltr'><strong>spiritualiter</strong></span> <span class='ocrx_word' id='word_1_377' title='bbox 3406 2656 3632 2709; x_wconf 85' lang='lat' dir='ltr'><strong>intuen-</strong></span> 
     </span>
    </p>
   </div>
   <div class='ocr_carea' id='block_1_27' title="bbox 366 2741 3636 2823">
    <p class='ocr_par' dir='ltr' id='par_1_27' title="bbox 366 2741 3636 2823">
     <span class='ocr_line' id='line_1_27' title="bbox 366 2741 3636 2823; baseline -0.001 -17"><span class='ocrx_word' id='word_1_378' title='bbox 366 2741 664 2821; x_wconf 42' lang='lat' dir='ltr'><strong>dasz&#39;quia</strong></span> <span class='ocrx_word' id='word_1_379' title='bbox 699 2755 745 2808; x_wconf 90' lang='lat' dir='ltr'><strong>si</strong></span> <span class='ocrx_word' id='word_1_380' title='bbox 767 2753 1000 2808; x_wconf 89' lang='lat' dir='ltr'><strong>litteram</strong></span> <span class='ocrx_word' id='word_1_381' title='bbox 1039 2752 1376 2808; x_wconf 85' lang='lat' dir='ltr'><strong>consideras.</strong></span> <span class='ocrx_word' id='word_1_382' title='bbox 1410 2759 1735 2805; x_wconf 79' lang='lat' dir='ltr'><strong>extraneum</strong></span> <span class='ocrx_word' id='word_1_383' title='bbox 1764 2757 1870 2818; x_wconf 90' lang='lat' dir='ltr'><strong>est,</strong></span> <span class='ocrx_word' id='word_1_384' title='bbox 1905 2765 2026 2806; x_wconf 89' lang='lat' dir='ltr'><strong>cum</strong></span> <span class='ocrx_word' id='word_1_385' title='bbox 2083 2767 2192 2806; x_wconf 91' lang='lat' dir='ltr'><strong>non</strong></span> <span class='ocrx_word' id='word_1_386' title='bbox 2241 2767 2305 2806; x_wconf 89' lang='lat' dir='ltr'><strong>ea</strong></span> <span class='ocrx_word' id='word_1_387' title='bbox 2340 2752 2590 2808; x_wconf 84' lang='lat' dir='ltr'><strong>invenias</strong></span> <span class='ocrx_word' id='word_1_388' title='bbox 2631 2752 2686 2806; x_wconf 91' lang='lat' dir='ltr'><strong>in</strong></span> <span class='ocrx_word' id='word_1_389' title='bbox 2735 2753 2963 2823; x_wconf 89' lang='lat' dir='ltr'><strong>psalmis</strong></span> <span class='ocrx_word' id='word_1_390' title='bbox 3015 2767 3138 2822; x_wconf 66' lang='lat' dir='ltr'><strong>qum</strong></span> <span class='ocrx_word' id='word_1_391' title='bbox 3177 2751 3531 2805; x_wconf 87' lang='lat' dir='ltr'><strong>continentur</strong></span> <span class='ocrx_word' id='word_1_392' title='bbox 3575 2749 3636 2802; x_wconf 85' lang='lat' dir='ltr'><strong>in</strong></span> 
     </span>
    </p>
   </div>
   <div class='ocr_carea' id='block_1_28' title="bbox 367 2842 3633 2914">
    <p class='ocr_par' dir='ltr' id='par_1_28' title="bbox 367 2842 3633 2914">
     <span class='ocr_line' id='line_1_28' title="bbox 367 2842 3633 2914; baseline -0.002 -14"><span class='ocrx_word' id='word_1_393' title='bbox 367 2843 539 2900; x_wconf 91' lang='lat' dir='ltr'><strong>titulis</strong></span> <span class='ocrx_word' id='word_1_394' title='bbox 569 2863 584 2912; x_wconf 91' lang='lat'><strong>;</strong></span> <span class='ocrx_word' id='word_1_395' title='bbox 617 2845 665 2900; x_wconf 90' lang='lat' dir='ltr'><strong>si</strong></span> <span class='ocrx_word' id='word_1_396' title='bbox 695 2859 824 2900; x_wconf 87' lang='lat' dir='ltr'><strong>vero</strong></span> <span class='ocrx_word' id='word_1_397' title='bbox 847 2845 1137 2899; x_wconf 90' lang='lat' dir='ltr'><strong>trahantur</strong></span> <span class='ocrx_word' id='word_1_398' title='bbox 1167 2843 1234 2898; x_wconf 89' lang='lat' dir='ltr'><strong>ad</strong></span> <span class='ocrx_word' id='word_1_399' title='bbox 1263 2842 1537 2914; x_wconf 78' lang='lat' dir='ltr'><strong>trppicum</strong></span> <span class='ocrx_word' id='word_1_400' title='bbox 1557 2843 1916 2906; x_wconf 87' lang='lat' dir='ltr'><strong>intellectum,</strong></span> <span class='ocrx_word' id='word_1_401' title='bbox 1936 2843 2103 2898; x_wconf 90' lang='lat' dir='ltr'><strong>nimis</strong></span> <span class='ocrx_word' id='word_1_402' title='bbox 2123 2843 2378 2899; x_wconf 90' lang='lat' dir='ltr'><strong>videntur</strong></span> <span class='ocrx_word' id='word_1_403' title='bbox 2403 2845 2807 2900; x_wconf 66' lang='lat' dir='ltr'><strong>accommode.»</strong></span> <span class='ocrx_word' id='word_1_404' title='bbox 2829 2844 3010 2910; x_wconf 83' lang='lat' dir='ltr'><strong>Quare</strong></span> <span class='ocrx_word' id='word_1_405' title='bbox 3037 2842 3392 2914; x_wconf 83' lang='lat' dir='ltr'><strong>paraphrasis</strong></span> <span class='ocrx_word' id='word_1_406' title='bbox 3417 2851 3633 2906; x_wconf 84' lang='lat' dir='ltr'><strong>nostra,</strong></span> 
     </span>
    </p>
   </div>
   <div class='ocr_carea' id='block_1_29' title="bbox 368 2933 3638 3007">
    <p class='ocr_par' dir='ltr' id='par_1_29' title="bbox 368 2933 3638 3007">
     <span class='ocr_line' id='line_1_29' title="bbox 368 2933 3638 3007; baseline -0.002 -17"><span class='ocrx_word' id='word_1_407' title='bbox 368 2939 424 2991; x_wconf 88' lang='lat' dir='ltr'><strong>in</strong></span> <span class='ocrx_word' id='word_1_408' title='bbox 457 2951 565 3007; x_wconf 89' lang='lat' dir='ltr'><strong>qua</strong></span> <span class='ocrx_word' id='word_1_409' title='bbox 611 2936 950 3006; x_wconf 88' lang='lat' dir='ltr'><strong>psalmorum</strong></span> <span class='ocrx_word' id='word_1_410' title='bbox 982 2935 1250 3005; x_wconf 88' lang='lat' dir='ltr'><strong>cujusque</strong></span> <span class='ocrx_word' id='word_1_411' title='bbox 1279 2935 1470 2989; x_wconf 90' lang='lat' dir='ltr'><strong>titulus</strong></span> <span class='ocrx_word' id='word_1_412' title='bbox 1497 2935 1552 2987; x_wconf 91' lang='lat' dir='ltr'><strong>in</strong></span> <span class='ocrx_word' id='word_1_413' title='bbox 1588 2933 1942 3004; x_wconf 89' lang='lat' dir='ltr'><strong>allegoricum</strong></span> <span class='ocrx_word' id='word_1_414' title='bbox 1983 2949 2209 2990; x_wconf 87' lang='lat' dir='ltr'><strong>sensum</strong></span> <span class='ocrx_word' id='word_1_415' title='bbox 2241 2936 2557 3004; x_wconf 80' lang='lat' dir='ltr'><strong>exponitur,</strong></span> <span class='ocrx_word' id='word_1_416' title='bbox 2592 2951 2657 2990; x_wconf 88' lang='lat' dir='ltr'><strong>ac</strong></span> <span class='ocrx_word' id='word_1_417' title='bbox 2689 2935 2885 2990; x_wconf 84' lang='lat' dir='ltr'><strong>deinde</strong></span> <span class='ocrx_word' id='word_1_418' title='bbox 2924 2946 3071 2990; x_wconf 90' lang='lat' dir='ltr'><strong>totus</strong></span> <span class='ocrx_word' id='word_1_419' title='bbox 3107 2935 3352 3004; x_wconf 88' lang='lat' dir='ltr'><strong>psalmus</strong></span> <span class='ocrx_word' id='word_1_420' title='bbox 3386 2933 3440 2986; x_wconf 90' lang='lat' dir='ltr'><strong>in</strong></span> <span class='ocrx_word' id='word_1_421' title='bbox 3474 2949 3638 2990; x_wconf 87' lang='lat' dir='ltr'><strong>eum-</strong></span> 
     </span>
    </p>
   </div>
   <div class='ocr_carea' id='block_1_30' title="bbox 365 3026 3640 3100">
    <p class='ocr_par' dir='ltr' id='par_1_30' title="bbox 365 3026 3640 3100">
     <span class='ocr_line' id='line_1_30' title="bbox 365 3026 3640 3100; baseline 0.002 -22"><span class='ocrx_word' id='word_1_422' title='bbox 365 3030 489 3084; x_wconf 65' lang='lat' dir='ltr'><strong>dem</strong></span> <span class='ocrx_word' id='word_1_423' title='bbox 534 3043 757 3090; x_wconf 89' lang='lat' dir='ltr'><strong>sensum</strong></span> <span class='ocrx_word' id='word_1_424' title='bbox 781 3027 1130 3097; x_wconf 84' lang='lat' dir='ltr'><strong>allegoricum</strong></span> <span class='ocrx_word' id='word_1_425' title='bbox 1167 3042 1262 3082; x_wconf 92' lang='lat' dir='ltr'><strong>seu</strong></span> <span class='ocrx_word' id='word_1_426' title='bbox 1289 3027 1582 3096; x_wconf 81' lang='lat' dir='ltr'><strong>mysticum</strong></span> <span class='ocrx_word' id='word_1_427' title='bbox 1613 3027 1681 3081; x_wconf 85' lang='lat' dir='ltr'><strong>de</strong></span> <span class='ocrx_word' id='word_1_428' title='bbox 1709 3026 1951 3093; x_wconf 90' lang='lat' dir='ltr'><strong>Christo,</strong></span> <span class='ocrx_word' id='word_1_429' title='bbox 1995 3037 2048 3082; x_wconf 88' lang='lat' dir='ltr'><strong>et</strong></span> <span class='ocrx_word' id='word_1_430' title='bbox 2103 3027 2370 3095; x_wconf 90' lang='lat' dir='ltr'><strong>Ecclesia,</strong></span> <span class='ocrx_word' id='word_1_431' title='bbox 2406 3031 2636 3100; x_wconf 88' lang='lat' dir='ltr'><strong>ejusque</strong></span> <span class='ocrx_word' id='word_1_432' title='bbox 2671 3029 2932 3084; x_wconf 78' lang='lat' dir='ltr'><strong>membris</strong></span> <span class='ocrx_word' id='word_1_433' title='bbox 2977 3030 3112 3084; x_wconf 89' lang='lat' dir='ltr'><strong>mira</strong></span> <span class='ocrx_word' id='word_1_434' title='bbox 3150 3030 3412 3084; x_wconf 89' lang='lat' dir='ltr'><strong>brevitate</strong></span> <span class='ocrx_word' id='word_1_435' title='bbox 3457 3029 3640 3100; x_wconf 85' lang='lat' dir='ltr'><strong>expli-</strong></span> 
     </span>
    </p>
   </div>
   <div class='ocr_carea' id='block_1_31' title="bbox 367 3119 3638 3192">
    <p class='ocr_par' dir='ltr' id='par_1_31' title="bbox 367 3119 3638 3192">
     <span class='ocr_line' id='line_1_31' title="bbox 367 3119 3638 3192; baseline -0.002 -12"><span class='ocrx_word' id='word_1_436' title='bbox 367 3133 544 3186; x_wconf 85' lang='lat' dir='ltr'><strong>catur,</strong></span> <span class='ocrx_word' id='word_1_437' title='bbox 587 3121 935 3178; x_wconf 90' lang='lat' dir='ltr'><strong>sanctissimo</strong></span> <span class='ocrx_word' id='word_1_438' title='bbox 977 3121 1236 3190; x_wconf 90' lang='lat' dir='ltr'><strong>episcopo</strong></span> <span class='ocrx_word' id='word_1_439' title='bbox 1283 3119 1603 3177; x_wconf 86' lang='lat' dir='ltr'><strong>Athanasio.</strong></span> <span class='ocrx_word' id='word_1_440' title='bbox 1634 3120 1793 3188; x_wconf 82' lang='lat' dir='ltr'><strong>cujus</strong></span> <span class='ocrx_word' id='word_1_441' title='bbox 1825 3133 2022 3174; x_wconf 89' lang='lat' dir='ltr'><strong>nomen</strong></span> <span class='ocrx_word' id='word_1_442' title='bbox 2059 3122 2386 3191; x_wconf 86' lang='lat' dir='ltr'><strong>inscriptum</strong></span> <span class='ocrx_word' id='word_1_443' title='bbox 2455 3121 2692 3192; x_wconf 70' lang='lat' dir='ltr'><strong>praefert,</strong></span> <span class='ocrx_word' id='word_1_444' title='bbox 2743 3137 2849 3174; x_wconf 91' lang='lat' dir='ltr'><strong>nou</strong></span> <span class='ocrx_word' id='word_1_445' title='bbox 2895 3121 3070 3175; x_wconf 89' lang='lat' dir='ltr'><strong>solum</strong></span> <span class='ocrx_word' id='word_1_446' title='bbox 3115 3120 3277 3190; x_wconf 86' lang='lat' dir='ltr'><strong>digna</strong></span> <span class='ocrx_word' id='word_1_447' title='bbox 3329 3121 3638 3190; x_wconf 74' lang='lat' dir='ltr'><strong>reputanda</strong></span> 
     </span>
    </p>
   </div>
   <div class='ocr_carea' id='block_1_32' title="bbox 367 3215 3640 3286">
    <p class='ocr_par' dir='ltr' id='par_1_32' title="bbox 367 3215 3640 3286">
     <span class='ocr_line' id='line_1_32' title="bbox 367 3215 3640 3286; baseline -0 -14"><span class='ocrx_word' id='word_1_448' title='bbox 367 3229 471 3284; x_wconf 85' lang='lat' dir='ltr'><strong>est,</strong></span> <span class='ocrx_word' id='word_1_449' title='bbox 503 3217 597 3274; x_wconf 91' lang='lat' dir='ltr'><strong>sed</strong></span> <span class='ocrx_word' id='word_1_450' title='bbox 625 3217 788 3271; x_wconf 89' lang='lat' dir='ltr'><strong>etiam</strong></span> <span class='ocrx_word' id='word_1_451' title='bbox 825 3217 997 3272; x_wconf 90' lang='lat' dir='ltr'><strong>multo</strong></span> <span class='ocrx_word' id='word_1_452' title='bbox 1021 3216 1074 3269; x_wconf 90' lang='lat' dir='ltr'><strong>in</strong></span> <span class='ocrx_word' id='word_1_453' title='bbox 1105 3215 1282 3286; x_wconf 88' lang='lat' dir='ltr'><strong>pretio</strong></span> <span class='ocrx_word' id='word_1_454' title='bbox 1305 3223 1468 3284; x_wconf 87' lang='lat' dir='ltr'><strong>atque</strong></span> <span class='ocrx_word' id='word_1_455' title='bbox 1501 3215 1905 3270; x_wconf 77' lang='lat' dir='ltr'><strong>existimatione</strong></span> <span class='ocrx_word' id='word_1_456' title='bbox 1945 3215 2013 3270; x_wconf 87' lang='lat' dir='ltr'><strong>ab</strong></span> <span class='ocrx_word' id='word_1_457' title='bbox 2042 3217 2301 3272; x_wconf 91' lang='lat' dir='ltr'><strong>omnibus</strong></span> <span class='ocrx_word' id='word_1_458' title='bbox 2339 3219 2586 3272; x_wconf 82' lang='lat' dir='ltr'><strong>habenda</strong></span> <span class='ocrx_word' id='word_1_459' title='bbox 2629 3219 2861 3282; x_wconf 74' lang='lat' dir='ltr'><strong>videtur,</strong></span> <span class='ocrx_word' id='word_1_460' title='bbox 2903 3233 3027 3272; x_wconf 91' lang='lat' dir='ltr'><strong>cum</strong></span> <span class='ocrx_word' id='word_1_461' title='bbox 3073 3227 3319 3271; x_wconf 86' lang='lat' dir='ltr'><strong>veterum</strong></span> <span class='ocrx_word' id='word_1_462' title='bbox 3373 3217 3640 3272; x_wconf 67' lang='lat' dir='ltr'><strong>Ecclesiae</strong></span> 
     </span>
    </p>
   </div>
   <div class='ocr_carea' id='block_1_33' title="bbox 370 3309 3640 3383">
    <p class='ocr_par' dir='ltr' id='par_1_33' title="bbox 370 3309 3640 3383">
     <span class='ocr_line' id='line_1_33' title="bbox 370 3309 3640 3383; baseline 0 -17"><span class='ocrx_word' id='word_1_463' title='bbox 370 3311 593 3368; x_wconf 80' lang='lat' dir='ltr'><strong>Patrum</strong></span> <span class='ocrx_word' id='word_1_464' title='bbox 625 3313 795 3366; x_wconf 90' lang='lat' dir='ltr'><strong>menti</strong></span> <span class='ocrx_word' id='word_1_465' title='bbox 826 3327 890 3366; x_wconf 91' lang='lat' dir='ltr'><strong>ac</strong></span> <span class='ocrx_word' id='word_1_466' title='bbox 924 3310 1209 3366; x_wconf 63' lang='lat' dir='ltr'><strong>sententia:</strong></span> <span class='ocrx_word' id='word_1_467' title='bbox 1245 3309 1298 3363; x_wconf 91' lang='lat' dir='ltr'><strong>in</strong></span> <span class='ocrx_word' id='word_1_468' title='bbox 1323 3319 1472 3364; x_wconf 89' lang='lat' dir='ltr'><strong>recte</strong></span> <span class='ocrx_word' id='word_1_469' title='bbox 1501 3310 1842 3379; x_wconf 81' lang='lat' dir='ltr'><strong>exponendis</strong></span> <span class='ocrx_word' id='word_1_470' title='bbox 1877 3311 2357 3382; x_wconf 76' lang='lat' dir='ltr'><strong>intelligendisque</strong></span> <span class='ocrx_word' id='word_1_471' title='bbox 2389 3311 2616 3383; x_wconf 89' lang='lat' dir='ltr'><strong>psalmis</strong></span> <span class='ocrx_word' id='word_1_472' title='bbox 2647 3313 2882 3366; x_wconf 84' lang='lat' dir='ltr'><strong>maxime</strong></span> <span class='ocrx_word' id='word_1_473' title='bbox 2925 3311 3255 3366; x_wconf 90' lang='lat' dir='ltr'><strong>conveniens</strong></span> <span class='ocrx_word' id='word_1_474' title='bbox 3283 3311 3374 3376; x_wconf 88' lang='lat' dir='ltr'><strong>sit,</strong></span> <span class='ocrx_word' id='word_1_475' title='bbox 3410 3320 3464 3366; x_wconf 91' lang='lat' dir='ltr'><strong>et</strong></span> <span class='ocrx_word' id='word_1_476' title='bbox 3491 3327 3640 3366; x_wconf 87' lang='lat' dir='ltr'><strong>con-</strong></span> 
     </span>
    </p>
   </div>
   <div class='ocr_carea' id='block_1_34' title="bbox 369 3415 648 3462">
    <p class='ocr_par' dir='ltr' id='par_1_34' title="bbox 369 3415 648 3462">
     <span class='ocr_line' id='line_1_34' title="bbox 369 3415 648 3462; baseline -0.018 0"><span class='ocrx_word' id='word_1_477' title='bbox 369 3415 648 3462; x_wconf 86' lang='lat' dir='ltr'><strong>scntauea.</strong></span> 
     </span>
    </p>
   </div>
   <div class='ocr_carea' id='block_1_35' title="bbox 439 3491 3644 3564">
    <p class='ocr_par' dir='ltr' id='par_1_35' title="bbox 439 3491 3644 3564">
     <span class='ocr_line' id='line_1_35' title="bbox 439 3491 3644 3564; baseline -0.002 -9"><span class='ocrx_word' id='word_1_478' title='bbox 439 3499 609 3555; x_wconf 74' lang='lat' dir='ltr'><strong>XXX.</strong></span> <span class='ocrx_word' id='word_1_479' title='bbox 658 3497 926 3552; x_wconf 62' lang='lat' dir='ltr'><strong>Caeterum</strong></span> <span class='ocrx_word' id='word_1_480' title='bbox 962 3495 1104 3548; x_wconf 90' lang='lat' dir='ltr'><strong>inter</strong></span> <span class='ocrx_word' id='word_1_481' title='bbox 1135 3491 1243 3548; x_wconf 90' lang='lat' dir='ltr'><strong>alia</strong></span> <span class='ocrx_word' id='word_1_482' title='bbox 1286 3498 1607 3562; x_wconf 82' lang='lat' dir='ltr'><strong>argumenta</strong></span> <span class='ocrx_word' id='word_1_483' title='bbox 1663 3505 1786 3561; x_wconf 81' lang='lat' dir='ltr'><strong>quae</strong></span> <span class='ocrx_word' id='word_1_484' title='bbox 1842 3491 1908 3546; x_wconf 88' lang='lat' dir='ltr'><strong>ad</strong></span> <span class='ocrx_word' id='word_1_485' title='bbox 1965 3498 2290 3546; x_wconf 85' lang='lat' dir='ltr'><strong>vetustatem</strong></span> <span class='ocrx_word' id='word_1_486' title='bbox 2347 3499 2550 3546; x_wconf 84' lang='lat' dir='ltr'><strong>nostrae</strong></span> <span class='ocrx_word' id='word_1_487' title='bbox 2601 3491 2980 3547; x_wconf 60' lang='lat' dir='ltr'><strong>translationis</strong></span> <span class='ocrx_word' id='word_1_488' title='bbox 3034 3507 3129 3546; x_wconf 92' lang='lat' dir='ltr'><strong>seu</strong></span> <span class='ocrx_word' id='word_1_489' title='bbox 3165 3493 3644 3564; x_wconf 83' lang='lat' dir='ltr'><strong>interpretationis</strong></span> 
     </span>
    </p>
   </div>
   <div class='ocr_carea' id='block_1_36' title="bbox 371 3585 3637 3665">
    <p class='ocr_par' dir='ltr' id='par_1_36' title="bbox 371 3585 3637 3665">
     <span class='ocr_line' id='line_1_36' title="bbox 371 3585 3637 3665; baseline -0.002 -15"><span class='ocrx_word' id='word_1_490' title='bbox 371 3591 836 3665; x_wconf 87' lang='lat' dir='ltr'><strong>comprobandam</strong></span> <span class='ocrx_word' id='word_1_491' title='bbox 878 3589 1060 3644; x_wconf 82' lang='lat' dir='ltr'><strong>aiferri</strong></span> <span class='ocrx_word' id='word_1_492' title='bbox 1089 3597 1344 3658; x_wconf 92' lang='lat' dir='ltr'><strong>possunt,</strong></span> <span class='ocrx_word' id='word_1_493' title='bbox 1395 3585 1527 3640; x_wconf 89' lang='lat' dir='ltr'><strong>illud</strong></span> <span class='ocrx_word' id='word_1_494' title='bbox 1574 3601 1685 3641; x_wconf 91' lang='lat' dir='ltr'><strong>non</strong></span> <span class='ocrx_word' id='word_1_495' title='bbox 1715 3586 1930 3640; x_wconf 89' lang='lat' dir='ltr'><strong>minimi</strong></span> <span class='ocrx_word' id='word_1_496' title='bbox 1971 3587 2232 3657; x_wconf 90' lang='lat' dir='ltr'><strong>ponderis</strong></span> <span class='ocrx_word' id='word_1_497' title='bbox 2267 3595 2371 3652; x_wconf 90' lang='lat' dir='ltr'><strong>est,</strong></span> <span class='ocrx_word' id='word_1_498' title='bbox 2401 3587 2549 3657; x_wconf 84' lang='lat' dir='ltr'><strong>quod</strong></span> <span class='ocrx_word' id='word_1_499' title='bbox 2591 3587 2968 3656; x_wconf 88' lang='lat' dir='ltr'><strong>interpretatio</strong></span> <span class='ocrx_word' id='word_1_500' title='bbox 2995 3589 3283 3644; x_wconf 88' lang='lat' dir='ltr'><strong>versiculis</strong></span> <span class='ocrx_word' id='word_1_501' title='bbox 3311 3591 3637 3662; x_wconf 86' lang='lat' dir='ltr'><strong>respondet,</strong></span> 
     </span>
    </p>
   </div>
   <div class='ocr_carea' id='block_1_37' title="bbox 377 3677 3640 3758">
    <p class='ocr_par' dir='ltr' id='par_1_37' title="bbox 377 3677 3640 3758">
     <span class='ocr_line' id='line_1_37' title="bbox 377 3677 3640 3758; baseline -0.002 -14"><span class='ocrx_word' id='word_1_502' title='bbox 377 3691 433 3744; x_wconf 90' lang='lat' dir='ltr'><strong>in</strong></span> <span class='ocrx_word' id='word_1_503' title='bbox 467 3703 610 3758; x_wconf 86' lang='lat' dir='ltr'><strong>quos</strong></span> <span class='ocrx_word' id='word_1_504' title='bbox 647 3683 992 3740; x_wconf 89' lang='lat' dir='ltr'><strong>membratim</strong></span> <span class='ocrx_word' id='word_1_505' title='bbox 1031 3680 1276 3736; x_wconf 88' lang='lat' dir='ltr'><strong>distincti</strong></span> <span class='ocrx_word' id='word_1_506' title='bbox 1306 3694 1402 3750; x_wconf 91' lang='lat' dir='ltr'><strong>per</strong></span> <span class='ocrx_word' id='word_1_507' title='bbox 1426 3679 1546 3734; x_wconf 89' lang='lat' dir='ltr'><strong>cola</strong></span> <span class='ocrx_word' id='word_1_508' title='bbox 1575 3690 1628 3733; x_wconf 92' lang='lat' dir='ltr'><strong>et</strong></span> <span class='ocrx_word' id='word_1_509' title='bbox 1656 3687 1931 3733; x_wconf 89' lang='lat' dir='ltr'><strong>commata</strong></span> <span class='ocrx_word' id='word_1_510' title='bbox 1969 3677 2166 3748; x_wconf 90' lang='lat' dir='ltr'><strong>psalmi</strong></span> <span class='ocrx_word' id='word_1_511' title='bbox 2194 3679 2500 3749; x_wconf 88' lang='lat' dir='ltr'><strong>antiquitus</strong></span> <span class='ocrx_word' id='word_1_512' title='bbox 2529 3679 2694 3735; x_wconf 91' lang='lat' dir='ltr'><strong>scribi</strong></span> <span class='ocrx_word' id='word_1_513' title='bbox 2733 3679 3002 3742; x_wconf 87' lang='lat' dir='ltr'><strong>solebant,</strong></span> <span class='ocrx_word' id='word_1_514' title='bbox 3037 3696 3144 3734; x_wconf 90' lang='lat' dir='ltr'><strong>non</strong></span> <span class='ocrx_word' id='word_1_515' title='bbox 3171 3693 3354 3736; x_wconf 87' lang='lat' dir='ltr'><strong>autem</strong></span> <span class='ocrx_word' id='word_1_516' title='bbox 3387 3699 3484 3754; x_wconf 88' lang='lat' dir='ltr'><strong>per</strong></span> <span class='ocrx_word' id='word_1_517' title='bbox 3509 3700 3640 3740; x_wconf 89' lang='lat' dir='ltr'><strong>ver-</strong></span> 
     </span>
    </p>
   </div>
   <div class='ocr_carea' id='block_1_38' title="bbox 372 3773 3642 3850">
    <p class='ocr_par' dir='ltr' id='par_1_38' title="bbox 372 3773 3642 3850">
     <span class='ocr_line' id='line_1_38' title="bbox 372 3773 3642 3850; baseline -0 -14"><span class='ocrx_word' id='word_1_518' title='bbox 372 3797 467 3836; x_wconf 85' lang='lat' dir='ltr'><strong>sus</strong></span> <span class='ocrx_word' id='word_1_519' title='bbox 497 3780 792 3850; x_wconf 90' lang='lat' dir='ltr'><strong>longiores,</strong></span> <span class='ocrx_word' id='word_1_520' title='bbox 834 3786 894 3850; x_wconf 84' lang='lat' dir='ltr'><strong>ut</strong></span> <span class='ocrx_word' id='word_1_521' title='bbox 923 3776 979 3830; x_wconf 93' lang='lat' dir='ltr'><strong>in</strong></span> <span class='ocrx_word' id='word_1_522' title='bbox 1008 3774 1405 3830; x_wconf 90' lang='lat' dir='ltr'><strong>recentioribus</strong></span> <span class='ocrx_word' id='word_1_523' title='bbox 1435 3773 1720 3828; x_wconf 90' lang='lat' dir='ltr'><strong>codicibus</strong></span> <span class='ocrx_word' id='word_1_524' title='bbox 1757 3774 2124 3842; x_wconf 87' lang='lat' dir='ltr'><strong>reperiuntur,</strong></span> <span class='ocrx_word' id='word_1_525' title='bbox 2179 3783 2234 3829; x_wconf 92' lang='lat' dir='ltr'><strong>et</strong></span> <span class='ocrx_word' id='word_1_526' title='bbox 2267 3775 2321 3828; x_wconf 90' lang='lat' dir='ltr'><strong>in</strong></span> <span class='ocrx_word' id='word_1_527' title='bbox 2371 3773 2537 3831; x_wconf 90' lang='lat' dir='ltr'><strong>editis</strong></span> <span class='ocrx_word' id='word_1_528' title='bbox 2585 3775 2764 3840; x_wconf 91' lang='lat' dir='ltr'><strong>libris,</strong></span> <span class='ocrx_word' id='word_1_529' title='bbox 2806 3775 3010 3845; x_wconf 90' lang='lat' dir='ltr'><strong>quibus</strong></span> <span class='ocrx_word' id='word_1_530' title='bbox 3059 3775 3302 3832; x_wconf 81' lang='lat' dir='ltr'><strong>Ecclesia</strong></span> <span class='ocrx_word' id='word_1_531' title='bbox 3335 3787 3389 3834; x_wconf 83' lang='lat' dir='ltr'><strong>et</strong></span> <span class='ocrx_word' id='word_1_532' title='bbox 3437 3795 3642 3836; x_wconf 87' lang='lat' dir='ltr'><strong>omnes</strong></span> 
     </span>
    </p>
   </div>
   <div class='ocr_carea' id='block_1_39' title="bbox 369 3849 3632 3943">
    <p class='ocr_par' dir='ltr' id='par_1_39' title="bbox 369 3849 3632 3943">
     <span class='ocr_line' id='line_1_39' title="bbox 369 3849 3632 3943; baseline -0 -15"><span class='ocrx_word' id='word_1_533' title='bbox 369 3875 534 3943; x_wconf 82' lang='lat' dir='ltr'><strong>vulgo</strong></span> <span class='ocrx_word' id='word_1_534' title='bbox 562 3849 708 3927; x_wconf 88' lang='lat' dir='ltr'><strong>nunc</strong></span> <span class='ocrx_word' id='word_1_535' title='bbox 737 3849 984 3934; x_wconf 77' lang='lat' dir='ltr'><strong>utuntur,</strong></span> <span class='ocrx_word' id='word_1_536' title='bbox 1025 3868 1348 3923; x_wconf 88' lang='lat' dir='ltr'><strong>retinentur.</strong></span> <span class='ocrx_word' id='word_1_537' title='bbox 1407 3867 1658 3923; x_wconf 82' lang='lat' dir='ltr'><strong>Profecto</strong></span> <span class='ocrx_word' id='word_1_538' title='bbox 1711 3869 1779 3922; x_wconf 91' lang='lat' dir='ltr'><strong>de</strong></span> <span class='ocrx_word' id='word_1_539' title='bbox 1832 3867 2104 3923; x_wconf 86' lang='lat' dir='ltr'><strong>divisione</strong></span> <span class='ocrx_word' id='word_1_540' title='bbox 2154 3868 2424 3922; x_wconf 90' lang='lat' dir='ltr'><strong>librorum</strong></span> <span class='ocrx_word' id='word_1_541' title='bbox 2461 3883 2634 3923; x_wconf 60' lang='lat' dir='ltr'><strong>sacrae</strong></span> <span class='ocrx_word' id='word_1_542' title='bbox 2685 3867 2984 3938; x_wconf 67' lang='lat' dir='ltr'><strong>Scriptura:</strong></span> <span class='ocrx_word' id='word_1_543' title='bbox 3021 3885 3114 3940; x_wconf 84' lang='lat' dir='ltr'><strong>per</strong></span> <span class='ocrx_word' id='word_1_544' title='bbox 3151 3873 3474 3936; x_wconf 87' lang='lat' dir='ltr'><strong>versiculos,</strong></span> <span class='ocrx_word' id='word_1_545' title='bbox 3527 3888 3632 3928; x_wconf 88' lang='lat' dir='ltr'><strong>seu</strong></span> 
     </span>
    </p>
   </div>
   <div class='ocr_carea' id='block_1_40' title="bbox 375 3956 3637 4040">
    <p class='ocr_par' dir='ltr' id='par_1_40' title="bbox 375 3956 3637 4040">
     <span class='ocr_line' id='line_1_40' title="bbox 375 3956 3637 4040; baseline -0.001 -20"><span class='ocrx_word' id='word_1_546' title='bbox 375 3965 688 4040; x_wconf 82' lang='grc' dir='ltr'><strong>στιχηροῦς,</strong></span> <span class='ocrx_word' id='word_1_547' title='bbox 713 3977 816 4018; x_wconf 89' lang='lat' dir='ltr'><strong>nos</strong></span> <span class='ocrx_word' id='word_1_548' title='bbox 843 3963 1002 4016; x_wconf 88' lang='lat' dir='ltr'><strong>docet</strong></span> <span class='ocrx_word' id='word_1_549' title='bbox 1033 3959 1336 4032; x_wconf 84' lang='lat' dir='ltr'><strong>Hesychius</strong></span> <span class='ocrx_word' id='word_1_550' title='bbox 1367 3956 1919 4029; x_wconf 78' lang='lat' dir='ltr'><strong>Hierosolymitauus,</strong></span> <span class='ocrx_word' id='word_1_551' title='bbox 1939 3958 2133 4027; x_wconf 90' lang='lat' dir='ltr'><strong>qui,ut</strong></span> <span class='ocrx_word' id='word_1_552' title='bbox 2159 3957 2378 4027; x_wconf 90' lang='lat' dir='ltr'><strong>quidam</strong></span> <span class='ocrx_word' id='word_1_553' title='bbox 2409 3965 2622 4026; x_wconf 89' lang='lat' dir='ltr'><strong>putant,</strong></span> <span class='ocrx_word' id='word_1_554' title='bbox 2653 3957 2854 4012; x_wconf 58' lang='lat' dir='ltr'><strong>saeculo</strong></span> <span class='ocrx_word' id='word_1_555' title='bbox 2877 3969 3042 4012; x_wconf 83' lang='lat' dir='ltr'><strong>sexto</strong></span> <span class='ocrx_word' id='word_1_556' title='bbox 3063 3961 3215 4020; x_wconf 83' lang='lat' dir='ltr'><strong>vixit.</strong></span> <span class='ocrx_word' id='word_1_557' title='bbox 3241 3960 3294 4015; x_wconf 93' lang='lat' dir='ltr'><strong>id</strong></span> <span class='ocrx_word' id='word_1_558' title='bbox 3327 3962 3637 4026; x_wconf 90' lang='lat' dir='ltr'><strong>inventum,</strong></span> 
     </span>
    </p>
   </div>
   <div class='ocr_carea' id='block_1_41' title="bbox 373 4053 3638 4134">
    <p class='ocr_par' dir='ltr' id='par_1_41' title="bbox 373 4053 3638 4134">
     <span class='ocr_line' id='line_1_41' title="bbox 373 4053 3638 4134; baseline -0.001 -17"><span class='ocrx_word' id='word_1_559' title='bbox 373 4075 539 4134; x_wconf 77' lang='lat' dir='ltr'><strong>atque</strong></span> <span class='ocrx_word' id='word_1_560' title='bbox 570 4061 880 4116; x_wconf 89' lang='lat' dir='ltr'><strong>institutum</strong></span> <span class='ocrx_word' id='word_1_561' title='bbox 915 4057 1086 4114; x_wconf 89' lang='lat' dir='ltr'><strong>fuisse</strong></span> <span class='ocrx_word' id='word_1_562' title='bbox 1131 4071 1161 4110; x_wconf 89' lang='lat' dir='ltr'><strong>a</strong></span> <span class='ocrx_word' id='word_1_563' title='bbox 1214 4056 1422 4111; x_wconf 88' lang='lat' dir='ltr'><strong>sanctis</strong></span> <span class='ocrx_word' id='word_1_564' title='bbox 1475 4053 1732 4110; x_wconf 88' lang='lat' dir='ltr'><strong>Patrihus</strong></span> <span class='ocrx_word' id='word_1_565' title='bbox 1777 4055 2004 4125; x_wconf 85' lang='lat' dir='ltr'><strong>majoris</strong></span> <span class='ocrx_word' id='word_1_566' title='bbox 2056 4053 2460 4126; x_wconf 78' lang='lat' dir='ltr'><strong>perspicuitatis</strong></span> <span class='ocrx_word' id='word_1_567' title='bbox 2493 4054 2687 4122; x_wconf 82' lang='lat' dir='ltr'><strong>gratia,</strong></span> <span class='ocrx_word' id='word_1_568' title='bbox 2719 4061 2779 4108; x_wconf 94' lang='lat' dir='ltr'><strong>ut</strong></span> <span class='ocrx_word' id='word_1_569' title='bbox 2814 4054 2999 4124; x_wconf 88' lang='lat' dir='ltr'><strong>legens</strong></span> <span class='ocrx_word' id='word_1_570' title='bbox 3054 4057 3335 4124; x_wconf 89' lang='lat' dir='ltr'><strong>periodum</strong></span> <span class='ocrx_word' id='word_1_571' title='bbox 3387 4073 3485 4126; x_wconf 89' lang='lat' dir='ltr'><strong>per</strong></span> <span class='ocrx_word' id='word_1_572' title='bbox 3531 4075 3638 4115; x_wconf 80' lang='lat' dir='ltr'><strong>sua</strong></span> 
     </span>
    </p>
   </div>
   <div class='ocr_carea' id='block_1_42' title="bbox 374 4148 3624 4219">
    <p class='ocr_par' dir='ltr' id='par_1_42' title="bbox 374 4148 3624 4219">
     <span class='ocr_line' id='line_1_42' title="bbox 374 4148 3624 4219; baseline -0.002 -7"><span class='ocrx_word' id='word_1_573' title='bbox 374 4160 618 4213; x_wconf 86' lang='lat' dir='ltr'><strong>membra</strong></span> <span class='ocrx_word' id='word_1_574' title='bbox 643 4157 955 4213; x_wconf 90' lang='lat' dir='ltr'><strong>distinctam</strong></span> <span class='ocrx_word' id='word_1_575' title='bbox 997 4152 1216 4208; x_wconf 82' lang='lat' dir='ltr'><strong>facilius</strong></span> <span class='ocrx_word' id='word_1_576' title='bbox 1243 4150 1510 4206; x_wconf 90' lang='lat' dir='ltr'><strong>orationis</strong></span> <span class='ocrx_word' id='word_1_577' title='bbox 1541 4151 1874 4206; x_wconf 89' lang='lat' dir='ltr'><strong>intellectum</strong></span> <span class='ocrx_word' id='word_1_578' title='bbox 1905 4159 2286 4218; x_wconf 88' lang='lat' dir='ltr'><strong>assequeretur</strong></span> <span class='ocrx_word' id='word_1_579' title='bbox 2331 4148 2466 4219; x_wconf 83' lang='lat'><strong>(69).</strong></span> <span class='ocrx_word' id='word_1_580' title='bbox 2517 4149 2634 4202; x_wconf 90' lang='lat' dir='ltr'><strong>lmo</strong></span> <span class='ocrx_word' id='word_1_581' title='bbox 2675 4163 2804 4203; x_wconf 91' lang='lat' dir='ltr'><strong>vero</strong></span> <span class='ocrx_word' id='word_1_582' title='bbox 2852 4148 2964 4218; x_wconf 90' lang='lat' dir='ltr'><strong>jam</strong></span> <span class='ocrx_word' id='word_1_583' title='bbox 2994 4159 3121 4205; x_wconf 90' lang='lat' dir='ltr'><strong>ante</strong></span> <span class='ocrx_word' id='word_1_584' title='bbox 3161 4151 3360 4206; x_wconf 87' lang='lat' dir='ltr'><strong>Christi</strong></span> <span class='ocrx_word' id='word_1_585' title='bbox 3403 4151 3624 4218; x_wconf 73' lang='lat' dir='ltr'><strong>Domini</strong></span> 
     </span>
    </p>
   </div>
   <div class='ocr_carea' id='block_1_43' title="bbox 372 4241 3640 4321">
    <p class='ocr_par' dir='ltr' id='par_1_43' title="bbox 372 4241 3640 4321">
     <span class='ocr_line' id='line_1_43' title="bbox 372 4241 3640 4321; baseline -0.003 -13"><span class='ocrx_word' id='word_1_586' title='bbox 372 4255 666 4308; x_wconf 83' lang='lat' dir='ltr'><strong>adventum</strong></span> <span class='ocrx_word' id='word_1_587' title='bbox 722 4250 1078 4321; x_wconf 86' lang='lat' dir='ltr'><strong>comperitur,</strong></span> <span class='ocrx_word' id='word_1_588' title='bbox 1144 4261 1248 4301; x_wconf 91' lang='lat' dir='ltr'><strong>usu</strong></span> <span class='ocrx_word' id='word_1_589' title='bbox 1295 4255 1578 4315; x_wconf 87' lang='lat' dir='ltr'><strong>receptum</strong></span> <span class='ocrx_word' id='word_1_590' title='bbox 1633 4245 1806 4300; x_wconf 85' lang='lat' dir='ltr'><strong>fuisse</strong></span> <span class='ocrx_word' id='word_1_591' title='bbox 1863 4245 2006 4316; x_wconf 85' lang='lat' dir='ltr'><strong>apud</strong></span> <span class='ocrx_word' id='word_1_592' title='bbox 2047 4243 2324 4312; x_wconf 67' lang='lat' dir='ltr'><strong>Hebraeos,</strong></span> <span class='ocrx_word' id='word_1_593' title='bbox 2369 4253 2431 4300; x_wconf 88' lang='lat' dir='ltr'><strong>ut</strong></span> <span class='ocrx_word' id='word_1_594' title='bbox 2479 4243 3070 4313; x_wconf 89' lang='lat' dir='ltr'><strong>Psalmorum&#39;aliique</strong></span> <span class='ocrx_word' id='word_1_595' title='bbox 3123 4259 3292 4298; x_wconf 80' lang='lat' dir='ltr'><strong>sacrae</strong></span> <span class='ocrx_word' id='word_1_596' title='bbox 3339 4241 3640 4314; x_wconf 61' lang='lat' dir='ltr'><strong>Scriptura;</strong></span> 
     </span>
    </p>
   </div>
   <div class='ocr_carea' id='block_1_44' title="bbox 370 4337 3638 4408">
    <p class='ocr_par' dir='ltr' id='par_1_44' title="bbox 370 4337 3638 4408">
     <span class='ocr_line' id='line_1_44' title="bbox 370 4337 3638 4408; baseline -0.004 -4"><span class='ocrx_word' id='word_1_597' title='bbox 370 4347 500 4404; x_wconf 89' lang='lat' dir='ltr'><strong>libri</strong></span> <span class='ocrx_word' id='word_1_598' title='bbox 532 4345 824 4402; x_wconf 86' lang='lat' dir='ltr'><strong>versiculis</strong></span> <span class='ocrx_word' id='word_1_599' title='bbox 873 4342 1117 4400; x_wconf 81' lang='lat' dir='ltr'><strong>diStincti</strong></span> <span class='ocrx_word' id='word_1_600' title='bbox 1155 4339 1560 4408; x_wconf 83' lang='lat' dir='ltr'><strong>scriberentur;</strong></span> <span class='ocrx_word' id='word_1_601' title='bbox 1610 4348 1665 4394; x_wconf 90' lang='lat' dir='ltr'><strong>et</strong></span> <span class='ocrx_word' id='word_1_602' title='bbox 1695 4337 1931 4394; x_wconf 88' lang='lat' dir='ltr'><strong>fortasse</strong></span> <span class='ocrx_word' id='word_1_603' title='bbox 1982 4339 2108 4395; x_wconf 88' lang='lat' dir='ltr'><strong>inde</strong></span> <span class='ocrx_word' id='word_1_604' title='bbox 2150 4355 2270 4396; x_wconf 84' lang='lat' dir='ltr'><strong>mos</strong></span> <span class='ocrx_word' id='word_1_605' title='bbox 2311 4340 2415 4396; x_wconf 89' lang='lat' dir='ltr'><strong>iste</strong></span> <span class='ocrx_word' id='word_1_606' title='bbox 2457 4341 2525 4396; x_wconf 91' lang='lat' dir='ltr'><strong>ad</strong></span> <span class='ocrx_word' id='word_1_607' title='bbox 2559 4339 2901 4395; x_wconf 87' lang='lat' dir='ltr'><strong>Christianos</strong></span> <span class='ocrx_word' id='word_1_608' title='bbox 2951 4337 3186 4392; x_wconf 89' lang='lat' dir='ltr'><strong>devenit.</strong></span> <span class='ocrx_word' id='word_1_609' title='bbox 3231 4338 3478 4392; x_wconf 82' lang='lat' dir='ltr'><strong>Veterem</strong></span> <span class='ocrx_word' id='word_1_610' title='bbox 3507 4353 3638 4393; x_wconf 85' lang='lat' dir='ltr'><strong>ver-</strong></span> 
     </span>
    </p>
   </div>
   <div class='ocr_carea' id='block_1_45' title="bbox 371 4431 3636 4506">
    <p class='ocr_par' dir='ltr' id='par_1_45' title="bbox 371 4431 3636 4506">
     <span class='ocr_line' id='line_1_45' title="bbox 371 4431 3636 4506; baseline -0.003 -8"><span class='ocrx_word' id='word_1_611' title='bbox 371 4459 532 4498; x_wconf 90' lang='lat' dir='ltr'><strong>suum</strong></span> <span class='ocrx_word' id='word_1_612' title='bbox 565 4441 970 4497; x_wconf 80' lang='lat' dir='ltr'><strong>diStinctionem</strong></span> <span class='ocrx_word' id='word_1_613' title='bbox 1002 4441 1222 4493; x_wconf 90' lang='lat' dir='ltr'><strong>secutus</strong></span> <span class='ocrx_word' id='word_1_614' title='bbox 1255 4444 1342 4489; x_wconf 90' lang='lat' dir='ltr'><strong>est</strong></span> <span class='ocrx_word' id='word_1_615' title='bbox 1371 4432 1634 4505; x_wconf 89' lang='lat' dir='ltr'><strong>Origenes</strong></span> <span class='ocrx_word' id='word_1_616' title='bbox 1666 4435 1720 4488; x_wconf 92' lang='lat' dir='ltr'><strong>in</strong></span> <span class='ocrx_word' id='word_1_617' title='bbox 1749 4436 1863 4488; x_wconf 91' lang='lat' dir='ltr'><strong>suis</strong></span> <span class='ocrx_word' id='word_1_618' title='bbox 1896 4431 2176 4504; x_wconf 76' lang='lat' dir='ltr'><strong>Hexaptis,</strong></span> <span class='ocrx_word' id='word_1_619' title='bbox 2211 4451 2373 4506; x_wconf 88' lang='lat' dir='ltr'><strong>quem</strong></span> <span class='ocrx_word' id='word_1_620' title='bbox 2407 4436 2650 4490; x_wconf 86' lang='lat' dir='ltr'><strong>imitatus</strong></span> <span class='ocrx_word' id='word_1_621' title='bbox 2680 4443 2766 4489; x_wconf 91' lang='lat' dir='ltr'><strong>est</strong></span> <span class='ocrx_word' id='word_1_622' title='bbox 2791 4431 3155 4506; x_wconf 83' lang='lat' dir='ltr'><strong>Hieronymus</strong></span> <span class='ocrx_word' id='word_1_623' title='bbox 3185 4431 3318 4505; x_wconf 85' lang='lat'><strong>(70),</strong></span> <span class='ocrx_word' id='word_1_624' title='bbox 3355 4436 3447 4504; x_wconf 90' lang='lat' dir='ltr'><strong>qui</strong></span> <span class='ocrx_word' id='word_1_625' title='bbox 3483 4433 3636 4489; x_wconf 86' lang='lat' dir='ltr'><strong>Psal-</strong></span> 
     </span>
    </p>
   </div>
   <div class='ocr_carea' id='block_1_46' title="bbox 369 4530 3636 4605">
    <p class='ocr_par' dir='ltr' id='par_1_46' title="bbox 369 4530 3636 4605">
     <span class='ocr_line' id='line_1_46' title="bbox 369 4530 3636 4605; baseline -0.001 -14"><span class='ocrx_word' id='word_1_626' title='bbox 369 4535 568 4591; x_wconf 91' lang='lat' dir='ltr'><strong>terium</strong></span> <span class='ocrx_word' id='word_1_627' title='bbox 599 4536 846 4605; x_wconf 88' lang='lat' dir='ltr'><strong>aliosque</strong></span> <span class='ocrx_word' id='word_1_628' title='bbox 899 4549 1070 4589; x_wconf 78' lang='lat' dir='ltr'><strong>sacrae</strong></span> <span class='ocrx_word' id='word_1_629' title='bbox 1104 4530 1402 4601; x_wconf 71' lang='lat' dir='ltr'><strong>Scriptura:</strong></span> <span class='ocrx_word' id='word_1_630' title='bbox 1435 4531 1606 4586; x_wconf 92' lang='lat' dir='ltr'><strong>libros</strong></span> <span class='ocrx_word' id='word_1_631' title='bbox 1641 4547 1736 4601; x_wconf 89' lang='lat' dir='ltr'><strong>per</strong></span> <span class='ocrx_word' id='word_1_632' title='bbox 1769 4546 1964 4587; x_wconf 89' lang='lat' dir='ltr'><strong>versus</strong></span> <span class='ocrx_word' id='word_1_633' title='bbox 1994 4531 2275 4586; x_wconf 87' lang='lat' dir='ltr'><strong>breviores</strong></span> <span class='ocrx_word' id='word_1_634' title='bbox 2313 4532 2608 4602; x_wconf 90' lang='lat' dir='ltr'><strong>disposuit,</strong></span> <span class='ocrx_word' id='word_1_635' title='bbox 2665 4531 2976 4602; x_wconf 90' lang='lat' dir='ltr'><strong>providens,</strong></span> <span class='ocrx_word' id='word_1_636' title='bbox 3011 4541 3069 4586; x_wconf 88' lang='lat' dir='ltr'><strong>ut</strong></span> <span class='ocrx_word' id='word_1_637' title='bbox 3117 4533 3238 4601; x_wconf 89' lang='lat' dir='ltr'><strong>ipse</strong></span> <span class='ocrx_word' id='word_1_638' title='bbox 3282 4533 3636 4601; x_wconf 88' lang='lat' dir='ltr'><strong>inquit,utili-</strong></span> 
     </span>
    </p>
   </div>
   <div class='ocr_carea' id='block_1_47' title="bbox 369 4628 3640 4698">
    <p class='ocr_par' dir='ltr' id='par_1_47' title="bbox 369 4628 3640 4698">
     <span class='ocr_line' id='line_1_47' title="bbox 369 4628 3640 4698; baseline 0.001 -16"><span class='ocrx_word' id='word_1_639' title='bbox 369 4629 470 4683; x_wconf 88' lang='lat' dir='ltr'><strong>tati</strong></span> <span class='ocrx_word' id='word_1_640' title='bbox 527 4629 869 4698; x_wconf 86' lang='lat' dir='ltr'><strong>legentium;</strong></span> <span class='ocrx_word' id='word_1_641' title='bbox 931 4643 1057 4682; x_wconf 89' lang='lat' dir='ltr'><strong>nam</strong></span> <span class='ocrx_word' id='word_1_642' title='bbox 1113 4643 1210 4698; x_wconf 93' lang='lat' dir='ltr'><strong>per</strong></span> <span class='ocrx_word' id='word_1_643' title='bbox 1259 4628 1378 4682; x_wconf 91' lang='lat' dir='ltr'><strong>cola</strong></span> <span class='ocrx_word' id='word_1_644' title='bbox 1425 4629 1648 4698; x_wconf 90' lang='lat' dir='ltr'><strong>scripti,</strong></span> <span class='ocrx_word' id='word_1_645' title='bbox 1701 4638 1755 4682; x_wconf 89' lang='lat' dir='ltr'><strong>et</strong></span> <span class='ocrx_word' id='word_1_646' title='bbox 1789 4642 2056 4684; x_wconf 88' lang='lat' dir='ltr'><strong>commata</strong></span> <span class='ocrx_word' id='word_1_647' title='bbox 2098 4630 2522 4685; x_wconf 73' lang='lat' dir='ltr'><strong>manifestioi&#39;em</strong></span> <span class='ocrx_word' id='word_1_648' title='bbox 2558 4630 2861 4698; x_wconf 84' lang='lat' dir='ltr'><strong>legentibus</strong></span> <span class='ocrx_word' id='word_1_649' title='bbox 2904 4643 3124 4683; x_wconf 90' lang='lat' dir='ltr'><strong>sensum</strong></span> <span class='ocrx_word' id='word_1_650' title='bbox 3163 4629 3427 4683; x_wconf 89' lang='lat' dir='ltr'><strong>tribuunt.</strong></span> <span class='ocrx_word' id='word_1_651' title='bbox 3485 4630 3640 4685; x_wconf 87' lang='lat' dir='ltr'><strong>Anti-</strong></span> 
     </span>
    </p>
   </div>
   <div class='ocr_carea' id='block_1_48' title="bbox 370 4716 3637 4790">
    <p class='ocr_par' dir='ltr' id='par_1_48' title="bbox 370 4716 3637 4790">
     <span class='ocr_line' id='line_1_48' title="bbox 370 4716 3637 4790; baseline 0.002 -20"><span class='ocrx_word' id='word_1_652' title='bbox 370 4719 593 4786; x_wconf 85' lang='lat' dir='ltr'><strong>quiores</strong></span> <span class='ocrx_word' id='word_1_653' title='bbox 624 4720 812 4788; x_wconf 90' lang='lat' dir='ltr'><strong>utique</strong></span> <span class='ocrx_word' id='word_1_654' title='bbox 844 4717 1058 4772; x_wconf 85' lang='lat' dir='ltr'><strong>codices</strong></span> <span class='ocrx_word' id='word_1_655' title='bbox 1105 4716 1278 4771; x_wconf 57' lang='lat' dir='ltr'><strong>Graeci</strong></span> <span class='ocrx_word' id='word_1_656' title='bbox 1325 4717 1472 4771; x_wconf 91' lang='lat' dir='ltr'><strong>mille</strong></span> <span class='ocrx_word' id='word_1_657' title='bbox 1518 4727 1570 4770; x_wconf 90' lang='lat' dir='ltr'><strong>et</strong></span> <span class='ocrx_word' id='word_1_658' title='bbox 1601 4716 1726 4786; x_wconf 89' lang='lat' dir='ltr'><strong>plus</strong></span> <span class='ocrx_word' id='word_1_659' title='bbox 1779 4731 1954 4770; x_wconf 90' lang='lat' dir='ltr'><strong>annos</strong></span> <span class='ocrx_word' id='word_1_660' title='bbox 2001 4727 2128 4771; x_wconf 86' lang='lat' dir='ltr'><strong>ante</strong></span> <span class='ocrx_word' id='word_1_661' title='bbox 2177 4717 2368 4786; x_wconf 88' lang='lat' dir='ltr'><strong>scripti</strong></span> <span class='ocrx_word' id='word_1_662' title='bbox 2405 4731 2661 4771; x_wconf 89' lang='lat' dir='ltr'><strong>versuum</strong></span> <span class='ocrx_word' id='word_1_663' title='bbox 2692 4719 3092 4776; x_wconf 86' lang='lat' dir='ltr'><strong>distinctionem</strong></span> <span class='ocrx_word' id='word_1_664' title='bbox 3125 4723 3397 4790; x_wconf 87' lang='lat' dir='ltr'><strong>retinent;</strong></span> <span class='ocrx_word' id='word_1_665' title='bbox 3435 4732 3491 4777; x_wconf 89' lang='lat' dir='ltr'><strong>et</strong></span> <span class='ocrx_word' id='word_1_666' title='bbox 3522 4740 3637 4779; x_wconf 89' lang='lat' dir='ltr'><strong>non</strong></span> 
     </span>
    </p>
   </div>
   <div class='ocr_carea' id='block_1_49' title="bbox 371 4808 3634 4886">
    <p class='ocr_par' dir='ltr' id='par_1_49' title="bbox 371 4808 3634 4886">
     <span class='ocr_line' id='line_1_49' title="bbox 371 4808 3634 4886; baseline 0.004 -22"><span class='ocrx_word' id='word_1_667' title='bbox 371 4812 550 4864; x_wconf 87' lang='lat' dir='ltr'><strong>solum</strong></span> <span class='ocrx_word' id='word_1_668' title='bbox 587 4808 796 4872; x_wconf 67' lang='lat' dir='ltr'><strong>Graeca,</strong></span> <span class='ocrx_word' id='word_1_669' title='bbox 831 4811 924 4865; x_wconf 89' lang='lat' dir='ltr'><strong>sed</strong></span> <span class='ocrx_word' id='word_1_670' title='bbox 961 4811 1124 4864; x_wconf 90' lang='lat' dir='ltr'><strong>etiam</strong></span> <span class='ocrx_word' id='word_1_671' title='bbox 1155 4812 1454 4867; x_wconf 89' lang='lat' dir='ltr'><strong>vetustiora</strong></span> <span class='ocrx_word' id='word_1_672' title='bbox 1491 4811 1686 4866; x_wconf 88' lang='lat' dir='ltr'><strong>Latina</strong></span> <span class='ocrx_word' id='word_1_673' title='bbox 1715 4811 2050 4880; x_wconf 86' lang='lat' dir='ltr'><strong>exemplaria</strong></span> <span class='ocrx_word' id='word_1_674' title='bbox 2085 4813 2403 4882; x_wconf 87' lang='lat' dir='ltr'><strong>hujusmodi</strong></span> <span class='ocrx_word' id='word_1_675' title='bbox 2432 4814 2852 4884; x_wconf 86' lang='lat' dir='ltr'><strong>descriptionem</strong></span> <span class='ocrx_word' id='word_1_676' title='bbox 2887 4831 2983 4886; x_wconf 89' lang='lat' dir='ltr'><strong>per</strong></span> <span class='ocrx_word' id='word_1_677' title='bbox 3010 4819 3125 4873; x_wconf 91' lang='lat' dir='ltr'><strong>cola</strong></span> <span class='ocrx_word' id='word_1_678' title='bbox 3155 4831 3207 4874; x_wconf 89' lang='lat' dir='ltr'><strong>et</strong></span> <span class='ocrx_word' id='word_1_679' title='bbox 3229 4829 3504 4876; x_wconf 87' lang='lat' dir='ltr'><strong>commata</strong></span> <span class='ocrx_word' id='word_1_680' title='bbox 3535 4823 3634 4878; x_wconf 85' lang='lat' dir='ltr'><strong>ha-</strong></span> 
     </span>
    </p>
   </div>
   <div class='ocr_carea' id='block_1_50' title="bbox 370 4899 3634 4986">
    <p class='ocr_par' dir='ltr' id='par_1_50' title="bbox 370 4899 3634 4986">
     <span class='ocr_line' id='line_1_50' title="bbox 370 4899 3634 4986; baseline 0.004 -30"><span class='ocrx_word' id='word_1_681' title='bbox 370 4904 518 4956; x_wconf 86' lang='lat' dir='ltr'><strong>bent.</strong></span> <span class='ocrx_word' id='word_1_682' title='bbox 550 4900 616 4954; x_wconf 85' lang='lat' dir='ltr'><strong>Et</strong></span> <span class='ocrx_word' id='word_1_683' title='bbox 649 4901 1242 4986; x_wconf 42' lang='lat' dir='ltr'><strong>quidemfsalterium</strong></span> <span class='ocrx_word' id='word_1_684' title='bbox 1307 4918 1372 4956; x_wconf 83' lang='lat' dir='ltr'><strong>ex</strong></span> <span class='ocrx_word' id='word_1_685' title='bbox 1418 4903 1649 4971; x_wconf 88' lang='lat' dir='ltr'><strong>antiquo</strong></span> <span class='ocrx_word' id='word_1_686' title='bbox 1675 4902 1866 4956; x_wconf 88' lang='lat' dir='ltr'><strong>codice</strong></span> <span class='ocrx_word' id='word_1_687' title='bbox 1899 4899 2164 4956; x_wconf 86' lang='lat' dir='ltr'><strong>Vaticano</strong></span> <span class='ocrx_word' id='word_1_688' title='bbox 2195 4903 2482 4958; x_wconf 88' lang='lat' dir='ltr'><strong>versiculis</strong></span> <span class='ocrx_word' id='word_1_689' title='bbox 2519 4905 2865 4964; x_wconf 89' lang='lat' dir='ltr'><strong>brevioribus</strong></span> <span class='ocrx_word' id='word_1_690' title='bbox 2909 4911 3226 4966; x_wconf 87' lang='lat' dir='ltr'><strong>distinctum</strong></span> <span class='ocrx_word' id='word_1_691' title='bbox 3261 4913 3328 4967; x_wconf 87' lang='lat' dir='ltr'><strong>ad</strong></span> <span class='ocrx_word' id='word_1_692' title='bbox 3355 4914 3634 4982; x_wconf 86' lang='lat' dir='ltr'><strong>publicam</strong></span> 
     </span>
    </p>
   </div>
   <div class='ocr_carea' id='block_1_51' title="bbox 373 4991 3633 5082">
    <p class='ocr_par' dir='ltr' id='par_1_51' title="bbox 373 4991 3633 5082">
     <span class='ocr_line' id='line_1_51' title="bbox 373 4991 3633 5082; baseline 0.006 -38"><span class='ocrx_word' id='word_1_693' title='bbox 373 4993 660 5048; x_wconf 87' lang='lat' dir='ltr'><strong>utilitatem</strong></span> <span class='ocrx_word' id='word_1_694' title='bbox 685 5005 745 5082; x_wconf 72' lang='lat' dir='ltr'><strong>et</strong></span> <span class='ocrx_word' id='word_1_695' title='bbox 775 4995 1014 5049; x_wconf 81' lang='lat' dir='ltr'><strong>fidelium</strong></span> <span class='ocrx_word' id='word_1_696' title='bbox 1047 4997 1266 5066; x_wconf 85' lang='lat' dir='ltr'><strong>pietatis</strong></span> <span class='ocrx_word' id='word_1_697' title='bbox 1321 4998 1722 5052; x_wconf 88' lang='lat' dir='ltr'><strong>incrementum</strong></span> <span class='ocrx_word' id='word_1_698' title='bbox 1753 4997 1806 5049; x_wconf 92' lang='lat' dir='ltr'><strong>in</strong></span> <span class='ocrx_word' id='word_1_699' title='bbox 1845 4997 2020 5051; x_wconf 91' lang='lat' dir='ltr'><strong>lucem</strong></span> <span class='ocrx_word' id='word_1_700' title='bbox 2051 4997 2221 5051; x_wconf 87' lang='lat' dir='ltr'><strong>edidit</strong></span> <span class='ocrx_word' id='word_1_701' title='bbox 2263 5013 2388 5054; x_wconf 82' lang='lat' dir='ltr'><strong>ven.</strong></span> <span class='ocrx_word' id='word_1_702' title='bbox 2442 5015 2606 5055; x_wconf 89' lang='lat' dir='ltr'><strong>mem.</strong></span> <span class='ocrx_word' id='word_1_703' title='bbox 2643 5004 2934 5060; x_wconf 87' lang='lat' dir='ltr'><strong>cardinalis</strong></span> <span class='ocrx_word' id='word_1_704' title='bbox 2963 4991 3314 5074; x_wconf 79' lang='lat' dir='ltr'><strong>Thomasius,</strong></span> <span class='ocrx_word' id='word_1_705' title='bbox 3342 5009 3434 5078; x_wconf 85' lang='lat' dir='ltr'><strong>qui</strong></span> <span class='ocrx_word' id='word_1_706' title='bbox 3463 5010 3633 5064; x_wconf 89' lang='lat' dir='ltr'><strong>etiam</strong></span> 
     </span>
    </p>
   </div>
   <div class='ocr_carea' id='block_1_52' title="bbox 373 5084 3633 5162">
    <p class='ocr_par' dir='ltr' id='par_1_52' title="bbox 373 5084 3633 5162">
     <span class='ocr_line' id='line_1_52' title="bbox 373 5084 3633 5162; baseline 0.007 -24"><span class='ocrx_word' id='word_1_707' title='bbox 373 5101 438 5138; x_wconf 87' lang='lat' dir='ltr'><strong>ex</strong></span> <span class='ocrx_word' id='word_1_708' title='bbox 475 5084 604 5138; x_wconf 87' lang='lat' dir='ltr'><strong>divo</strong></span> <span class='ocrx_word' id='word_1_709' title='bbox 646 5085 953 5154; x_wconf 87' lang='lat' dir='ltr'><strong>Augustino</strong></span> <span class='ocrx_word' id='word_1_710' title='bbox 987 5088 1040 5140; x_wconf 92' lang='lat' dir='ltr'><strong>in</strong></span> <span class='ocrx_word' id='word_1_711' title='bbox 1069 5086 1430 5142; x_wconf 85' lang='lat' dir='ltr'><strong>Enarratione</strong></span> <span class='ocrx_word' id='word_1_712' title='bbox 1482 5089 1720 5143; x_wconf 84' lang='lat' dir='ltr'><strong>secunda</strong></span> <span class='ocrx_word' id='word_1_713' title='bbox 1769 5090 1822 5141; x_wconf 92' lang='lat' dir='ltr'><strong>in</strong></span> <span class='ocrx_word' id='word_1_714' title='bbox 1881 5089 2150 5157; x_wconf 85' lang='lat' dir='ltr'><strong>psalmum</strong></span> <span class='ocrx_word' id='word_1_715' title='bbox 2215 5106 2304 5143; x_wconf 82' lang='lat' dir='ltr'><strong>xxi</strong></span> <span class='ocrx_word' id='word_1_716' title='bbox 2337 5093 2612 5158; x_wconf 86' lang='lat' dir='ltr'><strong>observat,</strong></span> <span class='ocrx_word' id='word_1_717' title='bbox 2645 5097 2890 5151; x_wconf 87' lang='lat' dir='ltr'><strong>eamdem</strong></span> <span class='ocrx_word' id='word_1_718' title='bbox 2929 5115 3186 5156; x_wconf 91' lang='lat' dir='ltr'><strong>versuum</strong></span> <span class='ocrx_word' id='word_1_719' title='bbox 3221 5103 3633 5162; x_wconf 88' lang='lat' dir='ltr'><strong>distinctionem</strong></span> 
     </span>
    </p>
   </div>
   <div class='ocr_carea' id='block_1_53' title="bbox 376 5175 3632 5270">
    <p class='ocr_par' dir='ltr' id='par_1_53' title="bbox 376 5175 3632 5270">
     <span class='ocr_line' id='line_1_53' title="bbox 376 5175 3632 5270; baseline 0.006 -36"><span class='ocrx_word' id='word_1_720' title='bbox 376 5175 673 5270; x_wconf 57' lang='lat' dir='ltr'><strong>adhibitam</strong></span> <span class='ocrx_word' id='word_1_721' title='bbox 709 5176 882 5232; x_wconf 90' lang='lat' dir='ltr'><strong>fuisse</strong></span> <span class='ocrx_word' id='word_1_722' title='bbox 935 5179 988 5232; x_wconf 91' lang='lat' dir='ltr'><strong>in</strong></span> <span class='ocrx_word' id='word_1_723' title='bbox 1021 5178 1288 5248; x_wconf 79' lang='lat' dir='ltr'><strong>Ecclesia,</strong></span> <span class='ocrx_word' id='word_1_724' title='bbox 1321 5185 1448 5238; x_wconf 90' lang='lat' dir='ltr'><strong>dum</strong></span> <span class='ocrx_word' id='word_1_725' title='bbox 1486 5194 1679 5239; x_wconf 85' lang='lat' dir='ltr'><strong>cantor</strong></span> <span class='ocrx_word' id='word_1_726' title='bbox 1709 5201 1778 5239; x_wconf 86' lang='lat' dir='ltr'><strong>ex</strong></span> <span class='ocrx_word' id='word_1_727' title='bbox 1827 5187 2062 5240; x_wconf 88' lang='lat' dir='ltr'><strong>amboue</strong></span> <span class='ocrx_word' id='word_1_728' title='bbox 2109 5187 2377 5255; x_wconf 89' lang='lat' dir='ltr'><strong>psalmum</strong></span> <span class='ocrx_word' id='word_1_729' title='bbox 2423 5191 2786 5258; x_wconf 82' lang='lat' dir='ltr'><strong>particulatim</strong></span> <span class='ocrx_word' id='word_1_730' title='bbox 2837 5199 3198 5268; x_wconf 72' lang='lat' dir='ltr'><strong>praecinebat;</strong></span> <span class='ocrx_word' id='word_1_731' title='bbox 3248 5202 3393 5270; x_wconf 89' lang='lat' dir='ltr'><strong>quod</strong></span> <span class='ocrx_word' id='word_1_732' title='bbox 3447 5187 3632 5260; x_wconf 77' lang='lat' dir='ltr'><strong>autem</strong></span> 
     </span>
    </p>
   </div>
   <div class='ocr_carea' id='block_1_54' title="bbox 371 5269 3636 5365">
    <p class='ocr_par' dir='ltr' id='par_1_54' title="bbox 371 5269 3636 5365">
     <span class='ocr_line' id='line_1_54' title="bbox 371 5269 3636 5365; baseline 0.01 -46"><span class='ocrx_word' id='word_1_733' title='bbox 371 5269 485 5335; x_wconf 89' lang='lat' dir='ltr'><strong>ipse</strong></span> <span class='ocrx_word' id='word_1_734' title='bbox 519 5271 929 5336; x_wconf 87' lang='lat' dir='ltr'><strong>pronuntiabat.</strong></span> <span class='ocrx_word' id='word_1_735' title='bbox 959 5275 1289 5330; x_wconf 89' lang='lat' dir='ltr'><strong>reddebatur</strong></span> <span class='ocrx_word' id='word_1_736' title='bbox 1317 5293 1346 5330; x_wconf 89' lang='lat' dir='ltr'><strong>a</strong></span> <span class='ocrx_word' id='word_1_737' title='bbox 1370 5277 1462 5331; x_wconf 82' lang='lat' dir='ltr'><strong>Dei</strong></span> <span class='ocrx_word' id='word_1_738' title='bbox 1489 5279 1664 5348; x_wconf 89' lang='lat' dir='ltr'><strong>plebe.</strong></span> <span class='ocrx_word' id='word_1_739' title='bbox 1689 5279 1864 5333; x_wconf 84' lang='lat' dir='ltr'><strong>Verba</strong></span> <span class='ocrx_word' id='word_1_740' title='bbox 1891 5279 2181 5351; x_wconf 83' lang='lat' dir='ltr'><strong>Augustini</strong></span> <span class='ocrx_word' id='word_1_741' title='bbox 2214 5283 2338 5337; x_wconf 90' lang='lat' dir='ltr'><strong>talia</strong></span> <span class='ocrx_word' id='word_1_742' title='bbox 2372 5295 2501 5338; x_wconf 91' lang='lat' dir='ltr'><strong>sunt</strong></span> <span class='ocrx_word' id='word_1_743' title='bbox 2539 5304 2552 5340; x_wconf 93' lang='lat'><strong>:</strong></span> <span class='ocrx_word' id='word_1_744' title='bbox 2591 5305 2609 5338; x_wconf 75' lang='grc' dir='ltr'>ι</span> <span class='ocrx_word' id='word_1_745' title='bbox 2637 5285 2802 5345; x_wconf 88' lang='lat' dir='ltr'><strong>Putas</strong></span> <span class='ocrx_word' id='word_1_746' title='bbox 2839 5291 2914 5344; x_wconf 88' lang='lat' dir='ltr'><strong>ibi</strong></span> <span class='ocrx_word' id='word_1_747' title='bbox 2950 5303 3159 5360; x_wconf 91' lang='lat' dir='ltr'><strong>ponunt</strong></span> <span class='ocrx_word' id='word_1_748' title='bbox 3198 5269 3380 5362; x_wconf 87' lang='lat' dir='ltr'><strong>aures,</strong></span> <span class='ocrx_word' id='word_1_749' title='bbox 3411 5299 3636 5365; x_wconf 86' lang='lat' dir='ltr'><strong>quando</strong></span> 
     </span>
    </p>
   </div>
   <div class='ocr_carea' id='block_1_55' title="bbox 427 5463 3638 5562">
    <p class='ocr_par' dir='ltr' id='par_1_55' title="bbox 427 5463 3638 5562">
     <span class='ocr_line' id='line_1_55' title="bbox 427 5463 3638 5562; baseline 0.005 -46"><span class='ocrx_word' id='word_1_750' title='bbox 582 5465 736 5562; x_wconf 54' lang='grc' dir='ltr'><strong>Ἑσῗῄι</strong></span> <span class='ocrx_word' id='word_1_751' title='bbox 786 5467 883 5536; x_wconf 81' lang='grc' dir='ltr'><strong>μὲν</strong></span> <span class='ocrx_word' id='word_1_752' title='bbox 919 5469 1146 5554; x_wconf 58' lang='grc' dir='ltr'><strong>(ξρχαῖον</strong></span> <span class='ocrx_word' id='word_1_753' title='bbox 1178 5468 1336 5554; x_wconf 50' lang='lat' dir='ltr'><strong>“toﬁ—to</strong></span> <span class='ocrx_word' id='word_1_754' title='bbox 1377 5471 1817 5562; x_wconf 39' lang='lat' dir='ltr'><strong>&#39;r&#39;oig&#39;Psoneo&#39;poltig</strong></span> <span class='ocrx_word' id='word_1_755' title='bbox 1855 5471 1916 5524; x_wconf 81' lang='grc' dir='ltr'><strong>τὸ</strong></span> <span class='ocrx_word' id='word_1_756' title='bbox 1955 5473 2310 5562; x_wconf 30' lang='grc' dir='ltr'><strong>σπρύδῇᾳμεξπ,</strong></span> <span class='ocrx_word' id='word_1_757' title='bbox 2359 5485 2606 5556; x_wconf 76' lang='grc' dir='ltr'><strong>στιχηδὺν</strong></span> <span class='ocrx_word' id='word_1_758' title='bbox 2661 5488 2738 5551; x_wconf 83' lang='grc' dir='ltr'><strong>ὡς</strong></span> <span class='ocrx_word' id='word_1_759' title='bbox 2797 5490 2862 5544; x_wconf 69' lang='grc' dir='ltr'><strong>τὰ</strong></span> <span class='ocrx_word' id='word_1_760' title='bbox 2886 5491 3076 5556; x_wconf 78' lang='grc' dir='ltr'><strong>πολλὰ,</strong></span> <span class='ocrx_word' id='word_1_761' title='bbox 3111 5493 3246 5562; x_wconf 67' lang='grc' dir='ltr'><strong>πρὸς</strong></span> <span class='ocrx_word' id='word_1_762' title='bbox 3276 5494 3373 5562; x_wconf 67' lang='grc' dir='ltr'><strong>τὴν</strong></span> <span class='ocrx_word' id='word_1_763' title='bbox 3405 5493 3638 5562; x_wconf 60' lang='grc' dir='ltr'><strong>μελετω.</strong></span> 
     </span>
    </p>
   </div>
   <div class='ocr_carea' id='block_1_56' title="bbox 372 5541 1903 5672">
    <p class='ocr_par' dir='ltr' id='par_1_56' title="bbox 372 5541 1903 5672">
     <span class='ocr_line' id='line_1_56' title="bbox 374 5541 1903 5658; baseline 0.005 -74"><span class='ocrx_word' id='word_1_764' title='bbox 374 5541 549 5602; x_wconf 73' lang='grc' dir='ltr'>μένων</span> <span class='ocrx_word' id='word_1_765' title='bbox 585 5543 880 5658; x_wconf 57' lang='grc' dir='ltr'><strong>σαςξέᾒνετιαν</strong></span> <span class='ocrx_word' id='word_1_766' title='bbox 904 5541 1001 5609; x_wconf 75' lang='grc' dir='ltr'><strong>τὴς</strong></span> <span class='ocrx_word' id='word_1_767' title='bbox 1033 5541 1370 5610; x_wconf 76' lang='grc' dir='ltr'><strong>προφητείας</strong></span> <span class='ocrx_word' id='word_1_768' title='bbox 1399 5541 1725 5596; x_wconf 81' lang='grc' dir='ltr'>ἐκτίθεσθαι.</span> <span class='ocrx_word' id='word_1_769' title='bbox 1751 5541 1903 5598; x_wconf 72' lang='grc' dir='ltr'><strong>ΠΕδῖι</strong></span> 
     </span>
     <span class='ocr_line' id='line_1_57' title="bbox 372 5607 770 5672; baseline 0.01 -16"><span class='ocrx_word' id='word_1_770' title='bbox 372 5621 503 5667; x_wconf 58' lang='lat' dir='ltr'><strong>sua,</strong></span> <span class='ocrx_word' id='word_1_771' title='bbox 532 5621 650 5672; x_wconf 83' lang='lat' dir='ltr'><strong>pag.</strong></span> <span class='ocrx_word' id='word_1_772' title='bbox 716 5607 770 5661; x_wconf 81' lang='grc'><strong>6.</strong></span> 
     </span>
    </p>
   </div>
   <div class='ocr_carea' id='block_1_57' title="bbox 2106 5541 3637 5672">
    <p class='ocr_par' dir='ltr' id='par_1_57' title="bbox 2127 5541 3637 5630">
     <span class='ocr_line' id='line_1_58' title="bbox 2127 5541 3637 5630; baseline 0.013 -28"><span class='ocrx_word' id='word_1_773' title='bbox 2127 5541 2220 5604; x_wconf 68' lang='lat' dir='ltr'><strong>lib.</strong></span> <span class='ocrx_word' id='word_1_774' title='bbox 2259 5541 2522 5626; x_wconf 64' lang='grc' dir='ltr'><strong>Στιχηρὖῦ</strong></span> <span class='ocrx_word' id='word_1_775' title='bbox 2569 5574 2644 5612; x_wconf 76' lang='lat' dir='ltr'><strong>Xll</strong></span> 
     </span>
    </p>
   </div>
   <div class='ocr_carea' id='block_1_58' title="bbox 467 5643 770 5674">
    <p class='ocr_par' dir='ltr' id='par_1_58' title="bbox 467 5643 770 5674">
     <span class='ocr_line' id='line_1_59' title="bbox 467 5643 770 5674; baseline 0.007 -2"><span class='ocrx_word' id='word_1_776' title='bbox 467 5643 503 5667; x_wconf 75' lang='grc' dir='ltr'><strong>ον</strong></span> <span class='ocrx_word' id='word_1_777' title='bbox 532 5643 650 5674; x_wconf 74' lang='grc' dir='ltr'><strong>ιιι-οι</strong></span> <span class='ocrx_word' id='word_1_778' title='bbox 683 5643 770 5661; x_wconf 67' lang='grc' dir='ltr'><strong>κν·</strong></span> 
     </span>
    </p>
   </div>
   <div class='ocr_carea' id='block_1_59' title="bbox 441 5700 1132 5768">
    <p class='ocr_par' dir='ltr' id='par_1_59' title="bbox 441 5700 1132 5768">
     <span class='ocr_line' id='line_1_60' title="bbox 441 5700 1132 5768; baseline 0.012 -18"><span class='ocrx_word' id='word_1_779' title='bbox 441 5700 551 5768; x_wconf 72' lang='grc'><strong>(70)</strong></span> <span class='ocrx_word' id='word_1_780' title='bbox 585 5701 744 5756; x_wconf 69' lang='lat' dir='ltr'><strong>Prml‘.</strong></span> <span class='ocrx_word' id='word_1_781' title='bbox 779 5705 830 5758; x_wconf 82' lang='lat' dir='ltr'><strong>in</strong></span> <span class='ocrx_word' id='word_1_782' title='bbox 871 5704 1132 5761; x_wconf 62' lang='lat' dir='ltr'><strong>Ezechiel.</strong></span> 
     </span>
    </p>
   </div>
  </div>
