3878 6218
155 366 256 421 333
857 353 944 408 DE
984 349 1262 407 TITULIS
1297 348 1748 404 PSALMORUM.
1789 380 1858 388 ——
1897 341 2295 400 ANTONELLI
2339 332 2732 393 PREFATIO.
3328 327 3435 383 €34

138 485 333 537 lector
392 483 642 550 ipsorum
704 473 881 529 dicit:
925 467 1513 531 Commemorabuntur,
1549 477 1599 519 et
1629 471 1997 519 convertentur
2035 460 2098 514 ab
2149 458 2436 512 Dominum
2476 450 2705 550 uniuersi
2729 449 2912 550 .ﬁnes“
2937 444 3130 550 terror?
3158 441 3253 544 E'ia
3297 441 3436 550 forte

143 536 310 626 unus
340 536 536 626 vei-sus
568 577 652 624 est
685 585 698 621 :
729 561 947 620 aliunde
976 559 1277 630 cegitabas,
1307 574 1432 613 cum
1473 558 1640 612 fratre
1675 567 1774 612 tuo
1817 553 2173 616 fabulabaris,
2204 549 2423 620 quando
2456 545 2587 599 illud
2631 539 2769 597 dixit
2798 557 2811 591 :
2843 536 3079 599 attende,
3112 536 3237 604 quia
3273 547 3432 600 repe-

135 665 230 726 tit,
270 669 330 718 et
357 663 559 718 surdos
614 659 794 730 pulsat
821 679 833 714 :
860 658 925 714 Et
967 658 1266 713 adorabunt
1321 660 1377 711 in
1427 667 1705 728 conspectu
1737 657 1850 726 ejus
1886 655 2142 710 universa:
2163 650 2353 720 patric?
2390 647 2641 718 gentium.
2674 638 2869 693 Adhuc
2925 635 3126 690 surdus
3163 641 3268 696 est,
3321 646 3433 695 non

131 752 352 820 audit;
394 754 641 823 pulsetur
681 752 877 806 iterum
916 770 928 804 :
966 749 1230 814 Quoniam
1262 748 1472 801 Domini
1531 758 1608 801 est
1661 762 1897 815 regnum,
1953 754 2000 796 et
2065 743 2175 810 ipse
2223 737 2585 791 dominabitur
2621 735 2871 802 gentium.
2910 732 3044 785 Tres
3078 731 3214 784 istos
3239 741 3435 782 versus

137 859 361 915 tenete,
399 847 618 912 fratres,
640 856 745 901 etc.
787 863 806 897 ι
833 845 1046 912 Quibus
1080 846 1419 900 clarissimus
1447 843 1744 898 cardinalis
1770 843 1888 896 haec
1916 838 2136 908 subjicit
2173 856 2186 892 :
2224 853 2245 886 ι
2283 834 2360 887 Ex
2393 848 2503 902 quo
2538 833 2657 886 loco
2694 837 2915 899 apparet
2945 829 2998 880 in
3026 837 3190 882 eam"
3234 823 3428 893 Psalmi

133 940 488 1009 responsorii
522 939 654 993 olim
681 946 797 992 tum
839 939 892 992 in
918 937 1160 1004 Oriente,
1195 948 1307 991 tum
1341 938 1393 990 in
1421 935 1716 991 Occidente
1746 933 2049 999 usitatiore,
2082 930 2140 983 in
2184 942 2295 998 quo
2322 927 2490 979 lector
2530 923 2856 993 praacinebat
2896 935 3110 983 versus,
3169 927 3223 971 et
3252 931 3427 986 popu-

133 1036 229 1090 lus
270 1035 498 1089 eosdem
533 1037 681 1105 ipsos
725 1034 1103 1104 respondendo
1132 1034 1426 1103 repetebat,
1463 1043 1780 1102 usurpatam
1828 1031 1998 1086 fuisse
2045 1028 2327 1097 antiquam
2361 1025 2509 1079 illam
2548 1039 2807 1076 versuum
2856 1021 3280 1084 distinctionem,
3334 1020 3428 1084 qui

132 1128 436 1182 breviores
465 1136 800 1192 erant;non
845 1125 1067 1180 alteram
1101 1125 1382 1194 sequentis
1435 1125 1535 1179 azvi
1589 1139 1842 1178 versuum
1893 1123 2054 1192 paulo
2102 1119 2532 1189 prolixiorum...
2580 1113 2714 1168 Nam
2765 1124 3124 1183 praeterquam
3174 1109 3318 1179 quod
3373 1108 3427 1161 id

131 1219 465 1290 postulabat
492 1221 632 1274 ratio
671 1217 940 1288 ejusmodi
981 1216 1361 1281 institutionis,
1408 1231 1604 1284 nempe
1643 1224 1702 1268 ut
1744 1213 1896 1268 rudis
1945 1212 2177 1282 p0pulus
2227 1210 2466 1278 psalmos
2499 1219 2743 1271 caneret,
2781 1220 2921 1276 quos
2951 1221 3051 1259 nec
3082 1205 3148 1258 de
3178 1203 3317 1256 libro
3351 1199 3428 1253 le-

131 1326 318 1386 geret,
357 1331 458 1370 nec
481 1315 742 1370 memoria
772 1323 1018 1379 teneret;
1058 1313 1203 1367 unde
1246 1322 1300 1366 et
1329 1328 1550 1366 necesse
1579 1322 1696 1366 erat
1732 1312 1895 1364 verba
1923 1309 1969 1362 ei
2010 1323 2182 1378 pauca
2229 1304 2456 1376 praeberi
2507 1300 2818 1371 repetenda,
2845 1306 2906 1351 ut
2946 1293 3286 1351 membratim
3318 1306 3426 1345 cre-

132 1413 368 1482 simque
401 1421 572 1466 totum
607 1412 878 1482 psalmum
922 1417 1284 1480 percurreret.
1322 1427 1341 1460 ›
1372 1407 1477 1464 Sed
1510 1409 1576 1463 de
1602 1406 1916 1478 hujusmodi
1946 1405 2216 1460 divisione
2248 1419 2344 1472 per
2371 1400 2588 1469 στίχους
2618 1397 2864 1466 pluribus
2913 1393 3122 1488 erudite
3153 1391 3429 1488 disserunt

130 1509 288 1564 idem
317 1510 614 1565 cardinalis
649 1508 1008 1574 Thomasius,
1046 1516 1100 1562 et
1125 1505 1397 1562 Henricus
1427 1505 1678 1561 Valesius
1705 1515 1758 1559 et
1783 1504 1950 1558 Pater
1983 1503 2249 1557 Martiane
2284 1500 2418 1571 (7|),
2450 1498 2672 1566 aliique,
2719 1506 2860 1562 quos
2892 1485 3178 1542 consulere
3204 1485 3425 1551 poterit,

132 1601 235 1670 qui
290 1601 395 1655 hac
425 1601 492 1656 de
520 1617 578 1656 re
609 1601 767 1672 plura
801 1601 944 1655 scire
971 1600 1261 1654 desiderat.
1311 1598 1469 1664 Quod
1519 1598 1664 1652 enim
1695 1597 1929 1667 pertinet
1962 1595 2028 1649 ad
2067 1611 2201 1661 rem,
2253 1594 2319 1647 de
2352 1607 2458 1662 qua
2495 1591 2694 1660 agitur,
2729 1585 2860 1640 illud
2887 1592 2991 1650 εει,
3041 1577 3211 1672 ειυυάν
3237 1580 3427 1672 Prima"

135 1671 949 1764 antiquissimumVaticanum
990 1693 1258 1759 codicem,
1288 1709 1398 1763 quo
1428 1693 1682 1747 laudatus
1732 1691 2031 1746 cardinalis
2066 1688 2401 1743 Thomasius
2450 1701 2585 1740 usus
2617 1693 2720 1746 est,
2758 1681 2920 1735 etiam
2968 1674 3141 1731 codex
3189 1671 3430 1725 Alexan-

133 1786 342 1840 drinus
373 1785 563 1840 eodem
614 1786 780 1841 modo
809 1784 971 1840 habet
1014 1783 1342 1839 Psalterium
1375 1785 1662 1839 versiculis
1695 1783 2044 1838 distinctum.
2074 1780 2258 1836 Codex
2296 1788 2478 1834 autem
2509 1774 2913 1831 Alexandrinus
2945 1769 3186 1838 scriptus
3232 1773 3336 1830 est,
3370 1773 3430 1817 ut

137 1877 322 1933 fertur
353 1878 492 1950 (72),
525 1896 690 1934 manu
738 1879 955 1936 Thecla:
1007 1882 1209 1937 nobilis
1254 1881 1473 1936 feminae
1503 1881 1772 1953 Egyptire
1802 1882 1964 1952 paulo
1996 1889 2119 1950 post
2152 1880 2446 1935 concilium
2487 1877 2794 1939 Nicaenum,
2827 1880 2984 1927 aetate
3018 1868 3229 1924 scilicet
3255 1865 3428 1918 Atha-

136 1969 311 2033 nasii,
347 1985 509 2036 quem
568 1969 922 2037 Alexandria,
977 1973 1121 2026 unde
1178 1972 1584 2027 Alexandrinus
1618 1973 1819 2040 dictus,
1889 1988 2075 2027 secum
2133 1970 2666 2040 ConstantinOpolim
2697 1967 2889 2022 detulit
2925 1963 3160 2036 Cyrillus
3190 1961 3424 2030 Lucary,

135 2059 382 2129 primum
408 2061 462 2114 in
488 2057 596 2124 illa,
631 2073 753 2130 post
775 2063 828 2116 in
857 2063 960 2118 hac
997 2064 1128 2118 urbe
1157 2063 1470 2119 Graecorum
1520 2065 1998 2120 schismaticorum
2031 2065 2367 2134 patriarcha,
2405 2079 2434 2118 a
2466 2077 2576 2132 quo
2607 2061 2805 2116 deinde
2833 2058 3076 2114 Carolol
3117 2054 3424 2124 Anglorum

136 2156 259 2225 regi
295 2157 445 2210 dono
483 2159 687 2213 missus
715 2167 816 2212 est.
877 2157 1059 2224 Quare
1109 2174 1233 2213 cum
1290 2161 1577 2214 translatio
1631 2170 1815 2214 nostra
1850 2177 2110 2216 versuum
2160 2159 2498 2214 distinctioni
2535 2155 2741 2212 codicis
2788 2149 3141 2208 Alexandrini
3180 2148 3427 2217 apprime

135 2245 499 2313 respondeat,
535 2257 588 2301 et
622 2258 968 2313 vetustatem,
999 2256 1053 2302 et
1081 2257 1363 2303 auctorem
1395 2264 1518 2304 esse
1550 2250 1936 2317 Athanasium,
1965 2251 2124 2320 cujus
2169 2265 2365 2304 nomen
2410 2248 2646 2318 prtefert,
2675 2249 2838 2303 etiam
2867 2263 2932 2300 ex
2962 2247 3065 2299 hac
3102 2251 3255 2312 parte
3281 2256 3422 2309 quo-

134 2335 442 2392 dammodo
471 2339 830 2394 demonstrat.
866 2339 984 2395 Non
1017 2351 1200 2395 autem
1232 2346 1386 2412 parvi
1422 2343 1628 2398 laboris
1661 2343 1784 2412 fuit,
1813 2361 1939 2399 cum
1986 2347 2037 2400 id
2079 2345 2613 2408 animadvertissem,
2656 2345 2729 2398 ita
2762 2344 3058 2413 disponere
3088 2335 3423 2395 sanctissimi

135 2431 386 2503 episcopi
419 2435 858 2502 translationem,
907 2447 968 2491 ut
1020 2439 1254 2508 singulis
1304 2438 1646 2508 psalmorum
1685 2440 1972 2494 versiculis
2024 2439 2274 2508 subjecta
2324 2437 2572 2507 ejusdem
2604 2435 2891 2491 Athanasii
2929 2429 3308 2501 interpretatio
3337 2441 3424 2480 re-

138 2528 465 2595 sponderet.
503 2527 636 2583 Erat
662 2529 810 2584 enim
843 2530 1073 2586 confuse
1105 2531 1332 2600 scripta,
1370 2547 1514 2601 saepe
1547 2532 1854 2586 commistis
1885 2530 2230 2586 Psalmorum
2264 2545 2391 2584 cum
2425 2530 2601 2600 ipsius
2631 2526 2988 2598 expositionis
3021 2523 3223 2586 verbis,
3265 2532 3319 2574 et
3352 2519 3424 2572 ita

139 2622 409 2692 disposita
437 2664 452 2688 ,
492 2634 551 2679 ut
578 2625 760 2694 potius
790 2642 914 2680 cum
954 2625 1245 2680 recentiori
1282 2625 1593 2696 longiorum
1623 2641 1880 2680 versuum
1909 2625 2278 2687 distinctione,
2305 2639 2427 2693 quae
2455 2639 2600 2676 nunc
2625 2623 2677 2676 in
2706 2637 2807 2675 usu
2843 2617 2983 2687 apud
3013 2630 3205 2670 omnes
3234 2611 3423 2666 Eccle-

135 2713 255 2769 sias
285 2723 388 2781 est,
417 2715 752 2772 conveniret.
788 2715 950 2772 Plura
986 2729 1242 2788 praeterea
1277 2718 1527 2784 aderant,
1567 2726 1625 2771 ut
1666 2717 1780 2787 jam
1809 2732 1839 2769 a
1885 2714 2155 2785 principio
2202 2713 2413 2779 monui,
2445 2713 2641 2767 menda
2682 2721 2736 2764 et
2768 2715 2981 2772 errata;
3033 2704 3128 2759 sed
3159 2703 3226 2757 de
3270 2711 3422 2755 textu

134 2811 362 2879 quidem
395 2812 530 2864 nihil
565 2814 856 2867 immutare
897 2830 1066 2870 ausus
1094 2832 1257 2881 sum;
1300 2829 1450 2868 meas
1484 2828 1613 2868 vero
1647 2811 2016 2882 conjecturas,
2047 2809 2267 2865 notulas
2312 2817 2366 2863 et
2394 2807 2808 2863 emendationes
2857 2807 2911 2860 in
2946 2804 3213 2874 margine,
3244 2814 3419 2872 appo-

133 2907 250 2962 sito
301 2908 568 2962 asterisco
607 2925 702 2964 seu
762 2907 1024 2970 litterula,
1077 2905 1330 2975 ascripsi.

212 2999 405 3053 XXXI.
465 2999 535 3056 Ut
567 3017 696 3056 vero
725 3017 840 3056 rem
873 3000 1009 3054 mihi
1035 2999 1374 3068 propositam
1405 3011 1726 3067 prosequar,
1775 2995 1919 3050 hanc
1961 2994 2471 3065 interpretationem
2499 3003 2594 3049 aut
2623 2993 2870 3050 Grzecum
2904 2992 3244 3048 Psalmorum
3266 3006 3421 3046 com—

134 3095 498 3158 mentarium,
535 3110 698 3164 quem
733 3095 786 3148 in
818 3096 996 3150 lucem
1035 3095 1253 3157 damus,
1294 3092 1616 3148 reccntioris
1650 3106 1785 3146 usus
1815 3100 1911 3145 aut
1941 3093 2204 3160 temporis
2237 3091 2381 3146 haud
2431 3091 2722 3161 quisquam
2755 3091 2924 3147 fuisse
2973 3099 3242 3153 autumet,
3293 3089 3421 3158 quia

135 3187 199 3242 in
236 3205 303 3243 eo
334 3190 532 3260 legitur
571 3191 952 3262 inscriptiones
994 3208 1088 3248 seu
1141 3193 1328 3248 titulos
1360 3193 1696 3262 psalmorum
1735 3191 1901 3245 rubro
1961 3192 2143 3246 colore
2173 3207 2268 3246 seu
2302 3192 2588 3246 cinnabari
2640 3190 2872 3259 scriptos
2911 3188 3102 3243 fuisse.
3137 3185 3418 3256 Siquidem

134 3301 350 3340 morem
384 3286 670 3342 adhibendi
707 3274 1040 3358 purpureum
1077 3288 1315 3343 colorem
1350 3287 1520 3340 minio
1548 3285 1630 3340 vel
1678 3285 1962 3339 cimiabari
2010 3283 2316 3338 confectum
2365 3286 2418 3338 in
2450 3285 2756 3340 scribendis
2792 3285 3080 3349 librorum,
3121 3297 3218 3337 seu
3265 3281 3418 3350 capi-

133 3397 278 3446 tum,
334 3393 428 3438 aut
461 3386 754 3439 lectionum
799 3384 975 3439 titulis
1010 3384 1172 3453 longe
1217 3393 1342 3438 ante
1372 3381 1657 3437 Athanasii
1703 3389 1918 3436 aetatem
1969 3393 2248 3451 receptum
2283 3380 2452 3437 fuisse
2485 3393 2601 3436 tum
2654 3381 2796 3450 apud
2847 3377 3096 3441 Latinos,
3128 3387 3240 3432 tum
3276 3376 3421 3445 apud

138 3481 383 3545 Graecos,
414 3491 466 3535 et
495 3483 730 3551 probant
756 3480 1115 3535 vetustissimi
1165 3481 1404 3546 codices,
1449 3488 1504 3533 et
1535 3479 1784 3549 pluribus
1825 3478 2125 3533 ostendunt
2183 3479 2293 3533 duo
2350 3479 2708 3534 eruditissimi
2744 3479 2843 3533 viri
2895 3477 3142 3548 ejusdem
3191 3474 3424 3530 Benedi-

132 3577 302 3633 CIinze
341 3577 778 3647 congregationis
821 3575 1164 3630 Mabillonius
1193 3585 1247 3630 et
1307 3574 1728 3629 Montfauconus
1763 3573 1906 3645 (75).
1945 3572 2012 3628 Et
2078 3574 2296 3644 quidem
2337 3575 2390 3628 in
2440 3576 2558 3644 ipso
2593 3574 2958 3630 Alexandrino
2989 3575 3176 3628 codice
3223 3571 3412 3626 titulos

141 3672 482 3743 psalmorum
505 3672 676 3727 rubro
698 3671 882 3726 colore
911 3671 1207 3740 inscriptos
1239 3686 1360 3725 esse
1386 3680 1618 3726 testatur
1647 3669 1882 3725 Joannes
1910 3669 2176 3726 Ernestus
2213 3670 2394 3725 Grabe
2417 3672 2502 3725 his
2537 3672 2718 3726 verbis
2748 3689 2761 3724 :
2801 3691 2818 3722 ι
2881 3669 3142 3740 Sequitur
3172 3669 3299 3724 inde
3334 3667 3420 3738 ip-

140 3780 265 3821 sum
290 3762 643 3828 Psalterium,
683 3764 876 3834 inquo
897 3763 1192 3833 cujuslibet
1212 3764 1407 3832 psalmi
1444 3763 1749 3832 inscriptio,
1783 3771 1876 3817 aut
1911 3763 2005 3816 ubi
2034 3763 2183 3816 nulla
2210 3763 2392 3827 datur,
2423 3763 2584 3817 veluti
2620 3764 2816 3832 psalmi
2846 3763 3029 3833 primi,
3065 3761 3242 3831 prima
3277 3760 3420 3822 linea

140 3860 316 3915 minio
347 3861 553 3931 scripta
579 3867 684 3925 est,
730 3875 832 3914 nec
859 3874 968 3913 non
1002 3874 1105 3914 vox
1135 3859 1435 3931 διάψαλμα,
1465 3862 1906 3930 quandocunque
1936 3857 2195 3926 occurrit,
2243 3860 2318 3926 id,
2386 3860 2534 3929 quod
2577 3861 2742 3914 etiam
2777 3862 2843 3915 de
2867 3863 3040 3916 titulis
3071 3862 3322 3926 odarum,
3365 3872 3425 3915 et

139 3955 455 4009 orationum
488 3955 717 4025 psalmis
747 3955 1120 4010 subnexarum
1159 3955 1450 4010 dicendum
1489 3967 1592 4010 est.
1633 3975 1652 4008 ι
1695 3955 1972 4010 Encausto
2018 3965 2220 4020 autem,
2258 3957 2405 4025 quod
2445 3969 2619 4026 genus
2652 3959 2946 4012 atramenti
2977 3966 3098 4011 erat
3159 3959 3419 4027 purpurei

140 4045 342 4099 coloris
377 4060 442 4099 ex
472 4048 614 4100 cocti
639 4046 886 4109 muricis,
917 4044 1000 4098 vel
1045 4046 1160 4098 triti
1203 4045 1477 4114 conchylii
1508 4061 1704 4100 cruore
1741 4044 2078 4111 confectum,
2115 4054 2174 4099 ut
2205 4047 2413 4101 nemini
2447 4056 2644 4116 praater
2681 4049 3067 4118 imperatorem
3101 4051 3178 4103 uti
3207 4049 3419 4128 liceret,

139 4127 382 4204 illudque
412 4135 630 4202 habere,
676 4147 773 4193 aut
813 4157 1079 4210 quaarere,
1116 4143 1234 4213 lege
1282 4155 1505 4198 cautum
1531 4153 1614 4198 est
1641 4159 1672 4198 a
1708 4143 1892 4198 Leone
1920 4145 2251 4214 imperatore
2296 4145 2353 4200 in
2405 4144 2794 4204 constitutione
2827 4151 3106 4204 Hilariano
3152 4127 3424 4220 magistro

141 4231 468 4301 ofﬁciorum,
501 4244 555 4288 et
582 4237 814 4306 patricio
847 4239 1109 4310 inscripta
1138 4240 1275 4310 (74).
1303 4241 1531 4295 Exstant
1555 4241 1856 4296 etiamnum
1885 4241 1941 4295 in
1983 4242 2209 4297 archivo
2232 4243 2398 4299 castri
2443 4242 2629 4298 Sancti
2670 4243 2859 4313 Angcli
2893 4242 3264 4311 professiones
3293 4240 3421 4295 fidei

141 4324 456 4383 Graecorum
506 4331 900 4401 imperatorum
954 4334 1144 4390 Graece
1172 4345 1410 4401 tantum,
1442 4336 1527 4390 vel
1553 4335 1741 4392 Grazce
1792 4346 1849 4391 et
1902 4334 2095 4391 Latine
2131 4337 2186 4392 in
2215 4338 2405 4393 charta
2445 4355 2772 4410 pergamena
2822 4339 3055 4408 scriptae,
3115 4351 3424 4405 eorumque

141 4440 305 4478 manu
340 4411 605 4482 encausto
640 4430 983 4500 subscripta,
1033 4447 1170 4501 quas
1219 4432 1284 4485 ad
1317 4429 1622 4486 Romanam
1657 4433 1866 4503 sedem,
1907 4445 2172 4506 tanquam
2201 4435 2270 4490 ad
2306 4444 2468 4505 caput
2513 4437 2676 4490 totius
2716 4433 2996 4490 catholica:
3025 4429 3281 4487 Ecclesia:
3314 4431 3424 4485 mi-

142 4533 331 4579 serunt
365 4546 380 4582 :
421 4527 515 4581 sed
561 4542 628 4583 eo
660 4538 920 4595 revertor,
953 4529 1096 4584 unde
1133 4528 1412 4598 digressus
1449 4545 1594 4585 sum.
2143 4534 2149 4540 ’

211 4613 426 4670 XXXII.
472 4615 758 4674 Neminem
793 4620 860 4675 ad
892 4633 1096 4676 temere
1123 4619 1543 4688 abjudicaudam
1574 4636 1772 4690 magno
1815 4622 2125 4678 Athanasio
2155 4631 2399 4678 nostram
2433 4623 2846 4694 metaphrasim,
2877 4637 2972 4676 seu
2999 4622 3421 4678 translationem

141 4721 209 4760 ex
236 4723 300 4761 eo
326 4710 658 4764 commoveri
687 4711 874 4774 velim,
908 4709 1055 4779 quod
1087 4708 1140 4762 in
1174 4723 1239 4762 ea
1269 4724 1377 4762 non
1430 4709 1685 4778 leguntur
1727 4725 1849 4777 qua:
1878 4726 1943 4764 ex
1992 4709 2050 4766 S.
2099 4711 2408 4765 Athanasio
2449 4711 2636 4766 laudat
2667 4709 2726 4766 S.
2759 4711 3069 4766 Germanus
3103 4711 3418 4780 patriarcha

142 4803 665 4876 Hierosolymitanus
706 4808 759 4861 in
788 4807 1023 4878 epistola
1053 4806 1120 4859 ad
1156 4804 1425 4860 Thomam
1457 4805 1512 4859 in
1537 4805 1684 4859 hunc
1710 4806 1932 4861 modum
1962 4807 2078 4878 (75)
2109 4825 2122 4862 :
2166 4826 2184 4859 ι
2224 4806 2427 4863 Beatus
2451 4808 2787 4863 Athanasius
2811 4808 2942 4862 illud
2980 4809 3177 4878 psalmi
3206 4807 3416 4864 dictum

140 4899 504 4967 interpretans
560 4920 573 4954 :
621 4900 726 4966 Qui
780 4901 927 4957 sedes
998 4917 1155 4969 super
1205 4899 1514 4965 cherubim,
1570 4915 1810 4970 appare,
1867 4902 2031 4958 talem
2107 4903 2176 4959 de
2236 4904 2346 4960 illis
2393 4903 2618 4958 tradidit
2665 4904 3100 4974 intelligentiam.
3153 4903 3222 4958 Et
3269 4914 3418 4961 certe

140 4990 356 5046 illorum
388 4993 677 5048 cherubim
711 4995 1035 5066 principalia
1062 4993 1350 5065 ἀρχέτυπα
1374 4994 1557 5064 ignota
1583 5003 1714 5048 sunt
1746 4995 2081 5052 omnimodis
2123 5005 2319 5051 natura
2359 4996 2672 5052 hominibus
2706 5016 2718 5052 :
2757 4999 2982 5068 Spiritus
3021 5000 3166 5054 enim
3199 5007 3252 5052 et
3274 4997 3415 5068 ignis

139 5084 434 5148 exsistunt,
467 5095 522 5140 et
543 5089 614 5141 ab
646 5089 794 5142 omni
833 5086 1103 5158 corporali
1131 5085 1461 5141 formatione
1491 5095 1654 5156 atque
1681 5099 1878 5142 natura
1910 5098 2195 5144 extranea.
2236 5109 2256 5142 ι
2289 5090 2346 5144 Si
2377 5100 2559 5145 autem
2599 5091 2715 5146 haec
2741 5090 2996 5147 Germani
3032 5093 3194 5146 verba
3223 5094 3410 5148 consi~

142 5181 418 5244 durentur,
456 5183 680 5239 evidens
708 5193 812 5250 est,
855 5199 982 5238 eum
1020 5181 1247 5237 minime
1275 5182 1565 5246 atiirmare,
1597 5198 1718 5252 quae
1749 5198 1814 5238 ex
1851 5181 1908 5238 S.
1945 5185 2250 5240 Athanasio
2282 5185 2488 5251 laudat,
2533 5186 2603 5241 ab
2638 5201 2705 5242 co
2741 5188 2796 5241 in
2838 5189 3232 5243 commentario
3257 5204 3414 5259 super

213 5407 322 5487 (ΖΙ)
357 5405 899 5487 Qard_._'l'homas.__in
927 5409 1081 5479 pncf.
1110 5410 1176 5464 ad
1196 5409 1350 5487 ‘Psal.
1376 5426 1517 5466 vers.
1555 5412 1717 5479 dist.;
1759 5411 1917 5470 Mart.
1955 5413 2169 5487 Proleg.
2205 5433 2279 5483 iv,
2304 5418 2357 5471 in
2389 5417 2534 5472 Bibl.
2583 5417 2642 5472 S.
2717 5417 2904 5486 llier.;
2949 5415 3126 5471 Vales.
3192 5416 3247 5472 in
3292 5428 3406 5473 not.

144 5475 432 5532 ad'Euseb.
473 5476 613 5530 Hist.
642 5478 796 5536 eccl..
822 5475 1024 5545 lib.'vt,
1057 5496 1106 5534 c.
1142 5483 1224 5534 16.

211 5546 320 5626 (7‘3)
351 5545 548 5626 hianti.
584 5546 711 5626 hirn.
745 5547 910 5626 Grab.
942 5549 1091 5626 [θεοί.
1117 5552 1186 5603 ad
1221 5549 1330 5626 Ver.
1358 5551 1493 5626 Test_.
1727 5551 1958 5626 interpr.
1987 5569 2053 5626 ex
2087 5552 2217 5607 Cod.
2243 5555 2396 5611 Alex.
2423 5571 2474 5610 c.
2508 5555 2556 5614 -Ι,
2591 5555 2618 5626 §
2647 5556 2695 5611 1.

215 5617 323 5695 (Ζᾷ)
352 5616 556 5695 μειιίηε
594 5621 672 5695 De
700 5619 942 5695 νεμιιὶριη
967 5620 1071 5695 lib._
1102 5636 1216 5695 |,_c.
1250 5619 1338 5695 l0,
1373 5638 1428 5677 ιι.
1460 5622 1533 5686 5;
1570 5616 2266 5695 Moutfauc.'Pala’ograph.
2295 5627 2387 5681 lib.
2428 5642 2465 5692 ι,
2507 5642 2554 5680 c.
2591 5616 2641 5679 ἴ.

211 5687 320 5760 (Ei)
351 5685 480 5754 Leg.
517 5687 672 5760 Sacri
706 5685 930 5757 affatus,
962 5690 1094 5743 Cod.
1129 5689 1201 5742 De
1225 5692 1414 5760 dicere.
1452 5685 1689 5760 reccript.

211 5757 320 5826 (75)
349 5760 460 5814 Act.
505 5773 555 5810 tv
583 5757 751 5813 (Ione.
782 5760 896 5815 Nic.
935 5777 992 5826 tl,
1021 5769 1150 5814 tom.
1185 5759 1250 5813 IV
1283 5761 1481 5815 Concil.
1514 5757 1847 5833 Ilurd.,pag.
1870 5761 1993 5817 9.58.
