3878 6218
457 291 563 346 655
983 333 998 356 ,
1301 290 1356 345 S.
1402 291 1776 348 ATHANASII
1819 293 1968 350 OPP.
2007 295 2187 350 PARS
2229 295 2312 349 Ill.
2349 327 2419 334 —
2458 293 2870 350 EXEGETICA.
3627 303 3735 357 656

459 410 703 465 Psatmos
735 420 936 480 scrlpta
969 411 1159 467 fuisse.
1186 412 1373 481 Itaque
1403 413 1810 484 lieripotest,ut
1837 419 1998 471 verba
2041 418 2132 472 illa
2177 417 2430 472 Davidica
2472 437 2484 471 :
2535 417 2640 483 Qui
2690 419 2835 472 sedes
2888 435 3044 489 super
3086 421 3354 475 cherubim
3405 421 3488 478 ’δε
3539 424 3596 478 in
3622 425 3735 477 alio

455 500 641 572 0pere,
661 502 804 570 quod
837 502 1356 571 B.archiepiscopns
1387 503 1702 571 scripserat,
1723 507 2122 575 explanaverit,
2150 517 2204 562 et
2235 509 2378 578 quod
2412 508 2541 561 illud
2573 508 2636 562 ad
2664 521 2904 564 nostram
2923 519 3136 565 aetatem
3155 513 3380 568 minime
3393 516 3728 584 pervenerit;

455 597 612 665 plura
657 595 802 649 enim
842 603 1037 664 praeter
1067 609 1131 648 ea
1162 610 1282 664 quae
1321 596 1461 666 typis
1486 597 1755 666 impressa
1788 606 1937 661 sunt,
1974 597 2031 651 S.
2063 599 2425 653 Athanasium
2472 601 2777 668 scripsisse,
2797 609 2909 654 tum
2945 618 3011 657 ex
3047 604 3320 659 veteribus
3342 606 3730 675 scriptoribus,

459 699 572 743 tum
611 705 678 745 ex
709 689 949 758 antiquis
980 687 1184 745 Graecis
1218 690 1500 746 codicibus
1549 690 1898 747 manifestum
1933 701 2037 758 est,
2067 702 2120 748 et
2156 694 2502 763 potissimum
2534 711 2599 748 ex
2635 697 3007 751 vetustissima
3039 706 3228 753 catena
3258 699 3572 755 Graecorum
3619 700 3730 754 Pa-

459 792 624 846 trum,
653 797 815 852 quam
846 782 957 837 fere
1003 793 1168 837 totam
1204 800 1322 838 mea
1355 801 1519 838 manu
1544 786 1807 856 descripsi
1835 805 1901 842 ex
1941 791 2049 843 alio
2081 790 2376 858 antiquiori
2407 791 2596 845 codice
2642 792 2802 847 annis
2837 793 2905 846 ah
2956 793 3086 849 hinc
3118 795 3448 864 octingentis
3494 796 3731 866 scripta,

456 880 545 932 ubi
577 879 880 950 fragmenta
911 880 1211 934 aﬂ‘eruntur
1237 897 1301 936 ex
1349 883 1472 936 aliis
1501 885 1834 939 sanctissimi
1870 887 2112 956 episcopi
2160 887 2440 955 operibus,
2497 898 2691 956 praeter
2736 904 2798 942 ea
2851 905 2973 957 quae
3021 906 3050 944 a
3088 890 3250 944 Patre
3294 890 3731 957 Montl‘aucono,

455 972 748 1029 Guillelmo
773 972 972 1039 Caveo,
1002 972 1312 1037 Lambecio,
1362 975 1634 1040 Fabricio,
1679 977 1896 1047 Oudiuo
1926 980 2160 1049 aliisque
2205 988 2600 1033 memorantur.
2643 981 2918 1035 Adrianus
2952 983 3116 1035 etiam
3154 998 3292 1052 papa
3343 986 3446 1039 hoc
3497 987 3734 1039 nomine

453 1069 664 1139 primus
707 1069 759 1122 in
787 1069 1017 1137 epistola
1046 1071 1113 1124 ad
1147 1068 1404 1124 Carolum
1439 1069 1697 1142 Magnum
1745 1074 2124 1128 auctoritatem
2153 1074 2310 1128 alfert
2347 1090 2414 1130 ex
2446 1077 2842 1130 commentario
2874 1075 2930 1130 S.
2963 1078 3249 1133 Athanasii
3274 1095 3430 1148 super
3475 1081 3734 1136 Psalmos

453 1167 542 1222 his
577 1167 756 1221 verbis
787 1185 800 1222 :
833 1186 850 1217 ‹
887 1167 1018 1220 Item
1075 1165 1130 1220 S.
1175 1167 1464 1224 Athanasii
1489 1170 1556 1224 de
1597 1172 2049 1238 interpretatione
2082 1172 2419 1241 psalmorum
2452 1173 2591 1226 inter
2633 1183 2824 1227 caetera
2860 1191 2873 1226 :
2907 1172 3112 1230 Civitas
3137 1173 3282 1229 enim
3334 1175 3574 1240 Domini,
3603 1193 3735 1246 quae

452 1276 676 1317 sursum
707 1260 1006 1316 Jerusalem
1056 1261 1099 1292 ⁸⁸
1141 1280 1154 1315 :
1189 1262 1368 1332 imago
1404 1273 1583 1318 autem
1614 1280 1805 1318 eorum
1849 1269 2144 1322 terrestris.
2191 1265 2344 1332 Quod
2386 1266 2532 1320 enim
2568 1267 2722 1331 dicit,
2781 1267 2887 1322 tale
2915 1274 3000 1321 est
3034 1284 3046 1318 :
3099 1263 3369 1329 Quoniam
3420 1267 3730 1332 terrestris,

453 1359 654 1430 inquit,
685 1360 859 1413 induti
894 1370 1021 1412 sunt
1062 1356 1378 1427 imaginem,
1412 1364 1465 1408 et
1499 1366 1604 1410 nun
1644 1357 1904 1422 caelestis,
1950 1368 2170 1428 propter
2219 1359 2324 1412 hoc
2363 1357 2429 1411 ad
2481 1359 2712 1412 nihilum
2766 1359 3098 1425 redigentur.
3152 1355 3392 1409 Audient
3443 1357 3590 1410 enim
3629 1358 3734 1411 illo

452 1463 743 1523 tempore:
795 1451 988 1506 Nescio
1042 1468 1128 1504 vos
1189 1451 1282 1504 ίδε
1334 1460 1519 1518 utpote
1548 1464 1656 1502 non
1708 1450 1932 1504 indutos
1971 1450 2157 1504 eadem
2205 1449 2421 1504 Domini
2479 1450 2733 1520 imagine.
2773 1469 2792 1502 ι
2857 1450 3097 1504 Adriano
3155 1450 3374 1504 additur
3422 1450 3734 1506 Chronico»

451 1548 896 1610 Alexandrinum,
927 1546 1085 1616 cujus
1116 1546 1303 1608 verba,
1335 1553 1448 1598 tum
1479 1546 1641 1598 etiam
1677 1545 1905 1600 Adriani
1935 1561 2043 1598 non
2085 1546 2340 1615 leguntur
2373 1544 2426 1597 in
2466 1553 2650 1600 nostra
2683 1545 3063 1609 translatione,
3106 1545 3200 1600 sed
3231 1544 3286 1598 in
3323 1545 3732 1598 commentario

451 1663 607 1716 super
636 1643 881 1698 Psalmos
913 1644 1286 1708 inveniuntur,
1329 1642 1472 1712 quod
1505 1642 1714 1696 editum
1751 1655 1833 1697 est
1865 1645 2007 1697 inter
2034 1643 2140 1696 alia
2170 1659 2336 1713 opera
2370 1659 2399 1696 a
2427 1642 2488 1696 P.
2521 1641 2910 1696 Montl'aucono
2952 1642 3182 1712 ejusque
3211 1641 3398 1696 sociis.
3434 1639 3542 1695 Sed
3579 1642 3729 1694 haud

450 1742 666 1796 diﬂicile
695 1750 780 1796 est
816 1744 1146 1810 respondere
1175 1749 1370 1808 praeter
1405 1739 1820 1792 translationem
1865 1755 1961 1793 seu
1997 1738 2340 1809 μετάφρασιν
2390 1754 2553 1807 quam
2599 1738 2836 1802 edimus,
2872 1736 2929 1791 S.
2967 1738 3328 1792 Athanasium
3363 1737 3526 1791 etiam
3567 1737 3728 1790 illum

450 1833 931 1894 commentarium,
967 1832 1011 1885 si
1051 1831 1124 1884 ita
1169 1829 1443 1897 aliquibus
1476 1829 1672 1898 placet,
1716 1831 2124 1897 composuisse;
2163 1829 2247 1882 vel
2289 1837 2453 1890 certe,
2506 1828 2650 1897 quod
2702 1827 2792 1881 ille
2823 1835 2966 1882 esset
3017 1827 3325 1892 Athanasii,
3371 1842 3496 1880 cum
3546 1827 3730 1896 ipsius

450 1944 647 1984 nomen
678 1927 955 1997 praeferret
1000 1925 1357 1994 inscriptione
1383 1923 1672 1992 deceptum
1703 1922 2006 1976 Adrianum
2051 1937 2269 1990 papam,
2315 1931 2375 1976 ut
2405 1922 2466 1976 P.
2506 1919 2898 1975 Montt‘aucono
2930 1920 3164 1989 aliisque
3195 1919 3315 1989 ejus
3347 1920 3512 1975 sociis
3543 1921 3730 1975 conti-

450 2023 594 2093 gisse
616 2022 851 2088 videtur,
895 2020 1206 2076 crediderit.
1245 2018 1400 2084 Quod
1434 2033 1586 2084 sane,
1623 2026 1681 2070 ut
1724 2017 1859 2071 mihi
1903 2018 2286 2087 persuadeam,
2314 2032 2381 2072 eo
2411 2017 2586 2086 magis
2622 2017 2851 2070 inducor
2880 2017 3006 2086 quia
3042 2016 3096 2069 in
3129 2016 3318 2070 eadem
3349 2016 3577 2084 epistola
3616 2017 3728 2070 alia

448 2127 577 2173 sunt
608 2133 728 2188 quae
754 2132 941 2170 eorum
971 2123 1284 2170 sanctorum
1314 2130 1456 2176 esse,
1487 2129 1724 2182 quorum
1751 2113 2068 2167 nominibus
2103 2113 2475 2178 ascribuntur,
2499 2127 2662 2166 nemo
2695 2120 2846 2166 certo
2869 2127 3117 2167 asserere
3147 2125 3212 2166 ac
3242 2117 3504 2181 praestare
3527 2111 3725 2166 volue—

447 2211 540 2263 rit.
591 2209 723 2274 Quae
767 2222 896 2261 vero
920 2208 973 2260 in
1011 2206 1270 2260 Chronico
1304 2205 1668 2258 Alexandrino
1717 2205 2009 2268 habentur,
2041 2213 2101 2259 ut
2137 2204 2300 2258 etiam
2327 2203 2393 2258 de
2438 2204 2531 2258 illo
2565 2203 2770 2273 aliquid
2801 2203 3002 2268 dicam,
3043 2204 3252 2274 integra
3278 2219 3386 2258 non
3419 2211 3641 2258 exstant
3667 2203 3722 2255 in

448 2310 851 2362 commentario
887 2307 1110 2362 Patrum
1137 2305 1638 2372 Benedictinorum,
1666 2314 1720 2360 et
1760 2304 1986 2372 insuper
2021 2303 2320 2357 Cltrouicon
2357 2303 2487 2356 illud
2535 2303 2693 2372 plura
2735 2303 3134 2374 apocryphalet
3169 2301 3513 2372 supposititia
3541 2300 3724 2355 conti-

448 2407 558 2453 net.
591 2398 820 2452 Demum
853 2400 1393 2455 animadvertendum
1428 2409 1533 2465 est,
1566 2415 1689 2470 quae
1722 2399 2036 2453 referuntur
2073 2399 2234 2452 veluti
2262 2415 2326 2451 ex
2357 2399 2414 2452 S.
2454 2398 2759 2453 Athanasio
2789 2413 2818 2451 a
2849 2397 2908 2454 S.
2949 2397 3244 2465 Germano,
3269 2406 3324 2452 et
3355 2397 3423 2452 ab
3451 2395 3718 2450 Adriano,

447 2496 763 2565 Imjusmodi
796 2506 944 2560 sunt,
991 2507 1050 2552 ut
1089 2499 1432 2554 translationi
1471 2514 1566 2552 seu
1601 2498 1935 2569 μετάφρασι,
1966 2512 2156 2567 parum
2207 2506 2332 2566 apta
2364 2513 2486 2552 esse
2517 2498 2824 2563 videantur,
2857 2497 2950 2551 sed
3001 2493 3397 2549 commentario
3448 2493 3639 2562 potius
3663 2499 3719 2545 et

446 2592 642 2648 iusiori
679 2593 1024 2647 Psalmorum
1067 2594 1396 2664 expositioni
1442 2594 1619 2663 magis
1651 2593 2002 2655 conveniant,
2039 2608 2103 2646 ac
2142 2591 2372 2661 proinde
2405 2591 2644 2645 validum
2691 2591 2814 2645 inde
2842 2598 3224 2660 argumentum
3257 2587 3400 2642 sumi
3433 2586 3624 2656 nequit
3648 2587 3714 2638 ad

445 2687 804 2754 quastionem
832 2686 1152 2740 movendam
1198 2686 1266 2740 de
1297 2693 1519 2739 auctore
1551 2693 1751 2738 nostrae
1782 2684 2185 2746 translationis,
2223 2684 2268 2736 si
2325 2683 2378 2736 in
2418 2698 2481 2736 ea
2514 2699 2621 2736 non
2673 2682 3015 2750 reperiantur
3045 2697 3168 2750 quae
3213 2679 3558 2734 translationi
3611 2678 3717 2732 mi-

448 2782 596 2836 nime
630 2792 971 2852 congruunt;
1009 2783 1120 2835 imo
1162 2782 1347 2851 potius
1396 2781 1464 2834 ab
1513 2778 1833 2848 hujusmodi
1870 2778 2127 2833 brevibus
2178 2787 2232 2832 et
2271 2778 2676 2847 compendiosis
2713 2776 3154 2846 expositionibus
3212 2775 3390 2829 aliena
3440 2774 3715 2834 videntur,

445 2873 570 2928 ideo
594 2874 675 2928 vel
704 2873 989 2928 Athanasii
1031 2889 1142 2927 non
1173 2882 1322 2937 sunt,
1365 2873 1458 2928 sed
1502 2888 1596 2942 per
1626 2887 1868 2927 errorem
1901 2871 1951 2926 ei
1983 2872 2241 2942 ascripta,
2278 2872 2359 2926 vel
2398 2873 2452 2924 in
2483 2871 2894 2926 commentariis
2939 2869 3130 2924 fusiori
3166 2871 3305 2939 stylo
3338 2868 3578 2937 scriptis,
3619 2867 3716 2936 qui

446 2974 754 3035 temporum
791 2965 930 3021 forte
953 2968 1176 3037 injuria,
1209 2976 1268 3022 ut
1306 2968 1461 3036 plura
1507 2967 1611 3021 alia
1643 2967 2013 3037 deperierunt,
2049 2968 2340 3036 quaerenda
2373 2977 2522 3022 sunt.
2565 2968 2698 3032 Quae
2737 2967 2956 3036 quidem
2987 2976 3133 3020 recte
3166 2981 3284 3019 mea
3313 2963 3582 3018 sententia
3609 2963 3716 3016 diei

446 3070 681 3132 possunt
707 3062 774 3116 de
798 3062 1058 3117 omnibus
1078 3063 1202 3118 aliis
1233 3079 1353 3132 quae
1377 3066 1479 3118 sub
1515 3063 1736 3117 nomine
1765 3063 2052 3118 Athanasii
2087 3063 2339 3131 leguntur
2367 3063 2420 3116 in
2450 3063 2660 3117 catenis
2683 3062 2904 3116 Patrum
2942 3061 3104 3115 editis
3133 3077 3163 3114 a
3199 3058 3552 3112 Balthazarre
3581 3056 3717 3110 Cor-

446 3156 599 3209 derio
626 3155 877 3222 aliisque.
910 3153 1175 3210 Praeterea
1206 3172 1304 3226 pro
1336 3157 1732 3212 commentario
1763 3164 1950 3211 nostro
1975 3172 2071 3211 seu
2116 3157 2566 3226 interpretatione
2602 3156 2804 3210 tuenda
2846 3164 2995 3210 certe
3043 3154 3179 3208 illud
3217 3152 3435 3206 silentio
3488 3159 3714 3219 praeter-

448 3251 774 3305 mittendum
806 3267 916 3305 non
955 3259 1073 3317 est,
1110 3253 1254 3322 quod
1289 3253 1377 3319 iis,
1413 3268 1534 3322 quae
1564 3269 1593 3306 a
1628 3252 1685 3306 S.
1717 3252 1992 3308 Germano
2023 3262 2282 3322 tanquam
2323 3267 2388 3306 ex
2435 3252 2721 3307 Athanasii
2777 3251 2996 3322 scriptis
3044 3250 3367 3318 allegantur,
3417 3245 3713 3300 admodum

447 3355 813 3401 consentanea
843 3355 971 3400 sunt
1000 3363 1121 3417 quae
1153 3349 1406 3418 leguntur
1441 3349 1494 3401 in
1530 3358 1718 3403 nostra
1765 3348 2100 3418 metaphrasi
2139 3349 2204 3402 ad
2245 3349 2515 3417 psalmum
2558 3365 2690 3414 CIII,
2738 3349 2829 3402 ubi
2877 3348 2944 3402 ad
2975 3347 3140 3401 verba
3166 3347 3256 3400 illa
3289 3345 3330 3375 ”
3368 3363 3380 3398 :
3433 3341 3536 3406 Qui
3579 3339 3714 3409 facit

448 3438 661 3508 angelos
701 3455 822 3493 suos
849 3441 1090 3509 spiritus,
1127 3451 1175 3494 et
1208 3443 1480 3494 ministros
1503 3458 1625 3495 suos
1656 3442 1795 3512 ignis
1830 3443 2126 3510 ﬂammam,
2155 3442 2272 3497 haec
2295 3443 2586 3511 subjicitur
2617 3442 2991 3512 interpretatio
3023 3460 3035 3494 :
3066 3461 3082 3492 ι
3113 3438 3456 3494 Manifestum
3487 3435 3708 3503 quidem

448 3542 551 3596 est,
579 3533 721 3601 quod
757 3535 928 3588 sancti
958 3534 1077 3603 ejus
1101 3535 1316 3604 (nempe
1350 3535 1550 3605 angeli)
1594 3535 1819 3604 spiritus
1855 3545 2002 3597 sunt,
2041 3543 2096 3588 et
2129 3536 2360 3590 virtutes
2396 3537 2770 3590 ministrantes
2803 3536 2852 3589 ei
2885 3543 3012 3589 sunt
3039 3534 3200 3605 ignis.
3256 3551 3274 3582 ι
3329 3529 3486 3581 Levis
3539 3525 3708 3578 etiam

449 3626 714 3680 momenti
759 3635 906 3691 sunt,
941 3638 994 3682 et
1031 3629 1237 3683 nullius
1280 3628 1392 3683 fere
1425 3629 1702 3698 ponderis,
1732 3645 1852 3699 qua1
1884 3629 1938 3683 in
1980 3629 2207 3697 Manilo,
2239 3631 2384 3700 quod
2415 3632 2765 3700 praemittitur
2795 3629 3185 3684 commentario
3219 3622 3500 3679 Athanasii
3530 3619 3707 3673 nomi-

449 3733 518 3772 ne
546 3718 829 3788 inscripto,
868 3721 937 3774 ab
970 3722 1158 3776 iisdem
1200 3721 1458 3776 Patribus
1483 3722 1850 3778 Benedictinis
1883 3734 2143 3792 tanquam
2167 3740 2232 3778 ex
2263 3723 2607 3779 Theodoreto
2643 3725 2964 3778 alferuntur.
2997 3723 3239 3776 Primum
3280 3719 3408 3789 quia
3442 3732 3549 3769 non
3582 3719 3716 3768 sunt

448 3811 800 3880 Theodoreti,
829 3823 888 3868 ut
919 3815 1020 3884 ipsi
1053 3817 1307 3878 innuunt,
1341 3817 1434 3871 sed
1467 3817 1701 3885 alicujus
1740 3817 2094 3871 amanuensis
2129 3818 2298 3887 ignoti
2334 3818 2596 3880 nominis,
2627 3833 2680 3872 et
2722 3819 2942 3871 incertae
2970 3815 3167 3879 aetatis,
3215 3827 3279 3866 ac
3309 3807 3536 3878 proinde
3591 3803 3717 3858 nul-

446 3907 555 3963 lius
589 3911 931 3966 auctoritatis
963 3930 975 3964 :
1007 3911 1220 3974 deinde,
1257 3913 1386 3980 quia
1425 3913 1516 3965 illa
1567 3913 1752 3966 omnia
1783 3954 1798 3979 ,
1850 3929 1971 3982 quae
2021 3915 2088 3968 de
2117 3915 2241 3969 aliis
2275 3916 2414 3968 dicta
2450 3924 2598 3979 sunt,
2640 3915 2706 3968 de
2756 3915 2920 3982 hujus
2952 3913 3234 3983 scriptoris
3286 3909 3589 3978 fragmento
3617 3916 3714 3955 seu

446 4002 763 4056 testimonio
794 4003 900 4056 dici
931 4013 1164 4072 possunt
1193 4022 1206 4057 :
1250 4004 1470 4058 demum
1505 4017 1563 4058 ut
1596 4005 1896 4075 generatim
1941 4021 2005 4060 ac
2051 4006 2290 4060 breviter
2333 4008 2716 4076 respondeam,
2754 4016 2809 4060 et
2835 4007 3024 4076 paucis
3052 4003 3332 4059 ostendam
3368 4015 3532 4070 quam
3563 3999 3718 4051 inﬁr-

447 4107 598 4148 mum
632 4096 701 4149 sit
732 4104 1113 4166 argumentum
1145 4097 1291 4163 quod
1334 4097 1460 4151 inde
1493 4113 1523 4150 a
1553 4099 1874 4152 clarissimis
1922 4097 2175 4154 Patribus
2223 4098 2593 4154 Benedictinis
2640 4100 2879 4162 ducitur,
2927 4107 2986 4152 ut
3015 4095 3468 4154 commentarium
3502 4093 3572 4146 de
3603 4105 3717 4160 quo

448 4188 632 4254 agitur
666 4187 722 4241 S.
751 4187 1055 4241 Athanasio
1091 4189 1422 4255 ascribatur,
1451 4205 1516 4243 ex
1551 4206 1617 4244 eo
1647 4191 1792 4260 quod
1827 4209 1968 4246 unus
1996 4193 2078 4246 vel
2104 4193 2241 4246 alter
2275 4193 2428 4248 locus
2455 4203 2698 4248 veterum
2726 4195 3054 4263 scriptorum
3083 4192 3177 4262 qui
3197 4187 3482 4244 Athanasii
3509 4184 3714 4252 scripta

448 4279 762 4345 laudarunt,
789 4279 843 4332 in
877 4295 943 4333 eo
977 4279 1325 4345 inveniatur;
1365 4281 1614 4350 exemplo
1643 4292 1766 4336 utar
1812 4284 2328 4338 connuentariorum
2363 4286 2414 4337 in
2446 4285 2715 4349 Psalmos,
2766 4287 2858 4355 qui
2905 4283 3219 4354 Hieronymi
3274 4295 3472 4335 nomen
3518 4277 3716 4332 inscri-

446 4378 600 4438 ptum
629 4369 849 4433 habent,
888 4370 940 4423 in
971 4371 1169 4438 quibus
1204 4373 1306 4425 etsi
1333 4387 1392 4426 ea
1428 4389 1551 4442 qum
1581 4373 1636 4429 S.
1668 4375 2009 4444 Augustinus
2036 4387 2090 4432 et
2126 4376 2182 4432 S.
2216 4380 2515 4449 Gregorius
2550 4379 2633 4432 VII
2673 4389 2728 4433 et
2759 4381 2874 4449 ipse
2916 4378 3281 4447 Hieronymus
3310 4389 3374 4428 ex
3414 4371 3534 4427 suis
3564 4385 3715 4425 com-

448 4461 730 4516 mentariis
757 4461 813 4513 in
837 4457 1162 4514 Psalterium
1201 4463 1415 4532 allegat,
1460 4463 1852 4530 inveniantur;
1890 4475 2071 4520 tamen
2120 4483 2267 4522 nunc
2300 4483 2495 4522 omnes
2538 4467 2651 4521 fere
2692 4467 2893 4523 eruditi
2930 4464 3175 4520 unanimi
3203 4475 3478 4516 consensu
3512 4474 3716 4514 conve-

445 4553 626 4615 aiunt,
655 4567 763 4605 non
806 4566 928 4606 esse
961 4551 1083 4606 illos
1111 4550 1173 4606 B.
1209 4549 1542 4620 Hieronymo
1579 4554 1959 4623 ascribendos,
2003 4556 2099 4611 sed
2132 4557 2287 4611 alteri
2321 4559 2597 4627 scriptori,
2644 4559 2738 4627 qui
2781 4559 3066 4628 aliquanto
3099 4563 3221 4626 post
3258 4552 3432 4609 sancti
3469 4551 3716 4607 doctoris

445 4652 662 4699 aetatem
697 4645 937 4713 scripsit.

523 4792 764 4846 XXXIII.
807 4793 878 4846 At
907 4807 1035 4847 vero
1065 4792 1207 4848 alius
1231 4793 1505 4862 quispiam
1536 4793 1775 4851 fortasse
1802 4796 1908 4850 erit
1941 4797 2036 4867 qui
2065 4797 2132 4852 ad
2163 4797 2540 4868 denegandam
2568 4814 2766 4867 magno
2799 4798 3099 4852 Athanasio
3127 4805 3370 4852 nostram
3404 4796 3718 4865 metaphra-

448 4893 575 4956 sim,
603 4891 726 4944 inde
761 4891 864 4943 sibi
895 4906 1004 4944 non
1037 4891 1208 4946 levem
1251 4892 1626 4961 conjecturam
1664 4901 1719 4946 et
1750 4904 2130 4961 argumentum
2167 4906 2455 4968 suppetere
2500 4899 2726 4966 putabit,
2773 4898 2918 4966 quod
2965 4904 3156 4948 auctor
3183 4893 3427 4961 ejusdem
3474 4893 3716 4948 transla-

447 4981 618 5036 tionis
645 4981 858 5035 beatam
893 4979 1166 5050 Virginem
1199 4981 1482 5050 Θεοτόκον,
1512 4983 1617 5036 hoc
1643 4992 1744 5049 est,
1796 4984 2101 5054 Deiparam,
2149 4995 2450 5056 nuncupat.
2486 5005 2608 5042 cum
2639 4987 2877 5042 Joannes
2905 4985 3176 5041 Meursius
3209 4986 3261 5038 in
3305 4999 3407 5039 suo
3437 4981 3721 5039 Glossario

451 5072 700 5138 aﬂirmet,
742 5091 759 5121 σ
799 5072 1026 5127 inditum
1066 5090 1188 5129 esse
1228 5075 1332 5130 hoc
1357 5092 1554 5130 nomen
1582 5076 1741 5132 Matri
1775 5077 1990 5133 Domini
2030 5094 2093 5133 ac
2129 5077 2428 5134 Salvatoris
2461 5081 2631 5135 nostri
2665 5079 2791 5134 Jesu
2831 5080 3036 5135 Christi
3076 5096 3107 5134 a
3140 5078 3345 5149 synodo
3377 5093 3410 5129 v
3439 5076 3716 5132 Constan-

451 5167 812 5237 tinopolitana
841 5176 1085 5237 tempere
1106 5167 1423 5224 Justiniani.
1458 5191 1476 5223 ι
1509 5171 1803 5228 Enimvero
1827 5173 1874 5228 si
1906 5174 2032 5243 quis
2066 5175 2138 5228 ita
2166 5175 2269 5229 sibi
2316 5175 2688 5242 persuaderet,
2713 5176 2875 5244 longe
2909 5190 2938 5228 a
2961 5175 3189 5228 veritate
3212 5175 3506 5228 aberraret.
3543 5171 3718 5242 Quip-

450 5271 517 5323 Pc
550 5259 718 5312 multo
749 5270 874 5315 ante
913 5260 1202 5317 Athanasii
1238 5276 1449 5322 aetatem
1495 5283 1559 5322 ea
1599 5285 1730 5324 voce
1775 5285 1905 5325 usos
1936 5286 2057 5326 esse
2089 5280 2297 5326 veteres
2328 5270 2536 5337 Patres,
2575 5272 2937 5326 indubitatum
2974 5281 3075 5326 est.
3108 5271 3289 5337 Quare
3317 5269 3576 5327 Socrates
3600 5269 3715 5342 (76)

519 5485 563 5519 ³⁸
597 5487 740 5542 Psal.
774 5505 957 5554 LXXIX,
988 5488 1044 5542 2.
1123 5490 1166 5522 ¹⁵
1205 5489 1381 5546 Galat.
1417 5509 1490 5559 IV,
1544 5493 1630 5548 26.
1738 5495 1778 5525 ‘°
1845 5494 2035 5549 Matth.
2087 5509 2211 5562 xxv,
2284 5492 2373 5548 I2.
2453 5493 2492 5524 ¹⁷
2520 5491 2670 5552 Vers.
2698 5493 2751 5549 4.

526 5671 638 5739 (76)
671 5671 814 5730 Hist.
851 5678 974 5732 (σει.
1010 5677 1102 5732 lib.
1139 5693 1236 5743 vn,
1271 5694 1317 5733 c.
1353 5676 1440 5733 32.
