  <div class='ocr_page' id='page_1' title='image "/cluster/home/n/w/nwhite01/storage/ocr_20150623/27/nnc1.0046978631/332.png"; bbox 0 0 3878 6218; ppageno 0'>
   <div class='ocr_carea' id='block_1_1' title="bbox 119 315 3424 386">
    <p class='ocr_par' dir='ltr' id='par_1_1' title="bbox 119 315 3424 386">
     <span class='ocr_line' id='line_1_1' title="bbox 119 315 3424 386; baseline 0.004 -16"><span class='ocrx_word' id='word_1_1' title='bbox 119 315 238 372; x_wconf 68' lang='lat'><strong>6&#39;57</strong></span> <span class='ocrx_word' id='word_1_2' title='bbox 794 320 880 376; x_wconf 89' lang='lat' dir='ltr'><strong>DE</strong></span> <span class='ocrx_word' id='word_1_3' title='bbox 921 319 1201 376; x_wconf 81' lang='lat' dir='ltr'><strong>TITULIS</strong></span> <span class='ocrx_word' id='word_1_4' title='bbox 1241 319 1690 377; x_wconf 80' lang='lat' dir='ltr'><strong>PSALMORUM.</strong></span> <span class='ocrx_word' id='word_1_5' title='bbox 1732 355 1802 364; x_wconf 92' lang='lat'>—</span> <span class='ocrx_word' id='word_1_6' title='bbox 1839 323 2240 381; x_wconf 88' lang='lat' dir='ltr'><strong>ANTONELLI</strong></span> <span class='ocrx_word' id='word_1_7' title='bbox 2286 328 2678 386; x_wconf 61' lang='lat' dir='ltr'><strong>PREFATIO.</strong></span> <span class='ocrx_word' id='word_1_8' title='bbox 3321 327 3424 386; x_wconf 77' lang='lat'><strong>658</strong></span> 
     </span>
    </p>
   </div>
   <div class='ocr_carea' id='block_1_2' title="bbox 121 435 3424 519">
    <p class='ocr_par' dir='ltr' id='par_1_2' title="bbox 121 435 3424 519">
     <span class='ocr_line' id='line_1_2' title="bbox 121 435 3424 519; baseline 0.003 -29"><span class='ocrx_word' id='word_1_9' title='bbox 121 435 382 491; x_wconf 74' lang='lat' dir='ltr'><strong>inscitiae</strong></span> <span class='ocrx_word' id='word_1_10' title='bbox 416 436 599 506; x_wconf 78' lang='lat' dir='ltr'><strong>arguit</strong></span> <span class='ocrx_word' id='word_1_11' title='bbox 637 435 980 504; x_wconf 76' lang='lat' dir='ltr'><strong>Nestorium,</strong></span> <span class='ocrx_word' id='word_1_12' title='bbox 1026 441 1118 509; x_wconf 90' lang='lat' dir='ltr'><strong>qui</strong></span> <span class='ocrx_word' id='word_1_13' title='bbox 1170 440 1313 494; x_wconf 88' lang='lat' dir='ltr'><strong>hanc</strong></span> <span class='ocrx_word' id='word_1_14' title='bbox 1348 455 1534 494; x_wconf 89' lang='lat' dir='ltr'><strong>vocem</strong></span> <span class='ocrx_word' id='word_1_15' title='bbox 1582 441 1843 495; x_wconf 85' lang='grc' dir='ltr'><strong>Θεοτόκον</strong></span> <span class='ocrx_word' id='word_1_16' title='bbox 1876 451 2136 514; x_wconf 87' lang='lat' dir='ltr'><strong>tanquam</strong></span> <span class='ocrx_word' id='word_1_17' title='bbox 2166 460 2361 500; x_wconf 91' lang='lat' dir='ltr'><strong>novam</strong></span> <span class='ocrx_word' id='word_1_18' title='bbox 2395 446 2698 515; x_wconf 90' lang='lat' dir='ltr'><strong>rejiciebat,</strong></span> <span class='ocrx_word' id='word_1_19' title='bbox 2742 449 3002 519; x_wconf 87' lang='lat' dir='ltr'><strong>quoniam</strong></span> <span class='ocrx_word' id='word_1_20' title='bbox 3034 447 3222 504; x_wconf 90' lang='lat' dir='ltr'><strong>eadem</strong></span> <span class='ocrx_word' id='word_1_21' title='bbox 3264 461 3424 501; x_wconf 87' lang='lat' dir='ltr'><strong>nsum</strong></span> 
     </span>
    </p>
   </div>
   <div class='ocr_carea' id='block_1_3' title="bbox 124 526 3424 610">
    <p class='ocr_par' dir='ltr' id='par_1_3' title="bbox 124 526 3424 610">
     <span class='ocr_line' id='line_1_3' title="bbox 124 526 3424 610; baseline 0.004 -30"><span class='ocrx_word' id='word_1_22' title='bbox 124 526 312 582; x_wconf 90' lang='lat' dir='ltr'><strong>fuisse</strong></span> <span class='ocrx_word' id='word_1_23' title='bbox 349 527 586 583; x_wconf 80' lang='lat' dir='ltr'><strong>aﬂirmat</strong></span> <span class='ocrx_word' id='word_1_24' title='bbox 614 527 903 600; x_wconf 85' lang='lat' dir='ltr'><strong>Origenem</strong></span> <span class='ocrx_word' id='word_1_25' title='bbox 930 539 984 585; x_wconf 91' lang='lat' dir='ltr'><strong>et</strong></span> <span class='ocrx_word' id='word_1_26' title='bbox 1029 531 1326 586; x_wconf 83' lang='lat' dir='ltr'><strong>Eusebium</strong></span> <span class='ocrx_word' id='word_1_27' title='bbox 1378 531 1798 588; x_wconf 68' lang='lat' dir='ltr'><strong>Caesariensem.</strong></span> <span class='ocrx_word' id='word_1_28' title='bbox 1847 534 2100 592; x_wconf 82' lang='lat' dir='ltr'><strong>Profecto</strong></span> <span class='ocrx_word' id='word_1_29' title='bbox 2155 539 2346 592; x_wconf 89' lang='lat' dir='ltr'><strong>eadem</strong></span> <span class='ocrx_word' id='word_1_30' title='bbox 2402 554 2504 594; x_wconf 92' lang='lat' dir='ltr'><strong>vox</strong></span> <span class='ocrx_word' id='word_1_31' title='bbox 2532 539 2730 609; x_wconf 82' lang='lat' dir='ltr'><strong>legitur</strong></span> <span class='ocrx_word' id='word_1_32' title='bbox 2778 542 2833 595; x_wconf 90' lang='lat' dir='ltr'><strong>in</strong></span> <span class='ocrx_word' id='word_1_33' title='bbox 2883 540 3124 610; x_wconf 84' lang='lat' dir='ltr'><strong>Epistola</strong></span> <span class='ocrx_word' id='word_1_34' title='bbox 3179 539 3424 609; x_wconf 88' lang='lat' dir='ltr'><strong>Dionysii</strong></span> 
     </span>
    </p>
   </div>
   <div class='ocr_carea' id='block_1_4' title="bbox 123 618 3427 700">
    <p class='ocr_par' dir='ltr' id='par_1_4' title="bbox 123 618 3427 700">
     <span class='ocr_line' id='line_1_4' title="bbox 123 618 3427 700; baseline 0.004 -31"><span class='ocrx_word' id='word_1_35' title='bbox 123 618 524 685; x_wconf 80' lang='lat' dir='ltr'><strong>Alexandrini,</strong></span> <span class='ocrx_word' id='word_1_36' title='bbox 561 636 723 688; x_wconf 89' lang='lat' dir='ltr'><strong>quam</strong></span> <span class='ocrx_word' id='word_1_37' title='bbox 758 621 1009 675; x_wconf 81' lang='lat' dir='ltr'><strong>adversus</strong></span> <span class='ocrx_word' id='word_1_38' title='bbox 1036 619 1269 674; x_wconf 80' lang='lat' dir='ltr'><strong>Paulum</strong></span> <span class='ocrx_word' id='word_1_39' title='bbox 1327 620 1733 678; x_wconf 82' lang='lat' dir='ltr'><strong>Samosatenum</strong></span> <span class='ocrx_word' id='word_1_40' title='bbox 1757 626 1996 694; x_wconf 85' lang='lat' dir='ltr'><strong>scripsit,</strong></span> <span class='ocrx_word' id='word_1_41' title='bbox 2030 636 2084 680; x_wconf 86' lang='lat' dir='ltr'><strong>et</strong></span> <span class='ocrx_word' id='word_1_42' title='bbox 2140 628 2195 681; x_wconf 91' lang='lat' dir='ltr'><strong>in</strong></span> <span class='ocrx_word' id='word_1_43' title='bbox 2226 629 2459 699; x_wconf 89' lang='lat' dir='ltr'><strong>epistola</strong></span> <span class='ocrx_word' id='word_1_44' title='bbox 2516 647 2680 700; x_wconf 89' lang='lat' dir='ltr'><strong>quam</strong></span> <span class='ocrx_word' id='word_1_45' title='bbox 2739 633 2993 688; x_wconf 79' lang='lat' dir='ltr'><strong>adversus</strong></span> <span class='ocrx_word' id='word_1_46' title='bbox 3033 633 3151 686; x_wconf 83' lang='lat' dir='ltr'><strong>Arii</strong></span> <span class='ocrx_word' id='word_1_47' title='bbox 3183 632 3427 686; x_wconf 79' lang='lat' dir='ltr'><strong>Iueresim</strong></span> 
     </span>
    </p>
   </div>
   <div class='ocr_carea' id='block_1_5' title="bbox 125 709 3430 793">
    <p class='ocr_par' dir='ltr' id='par_1_5' title="bbox 125 709 3430 793">
     <span class='ocr_line' id='line_1_5' title="bbox 125 709 3430 793; baseline 0.005 -33"><span class='ocrx_word' id='word_1_48' title='bbox 125 709 457 762; x_wconf 82' lang='lat' dir='ltr'><strong>Alexander</strong></span> <span class='ocrx_word' id='word_1_49' title='bbox 485 709 834 764; x_wconf 65' lang='lat' dir='ltr'><strong>Alexandria:</strong></span> <span class='ocrx_word' id='word_1_50' title='bbox 865 711 1181 779; x_wconf 90' lang='lat' dir='ltr'><strong>cpiscopus,</strong></span> <span class='ocrx_word' id='word_1_51' title='bbox 1213 719 1268 764; x_wconf 89' lang='lat' dir='ltr'><strong>et</strong></span> <span class='ocrx_word' id='word_1_52' title='bbox 1296 711 1579 766; x_wconf 76' lang='lat' dir='ltr'><strong>Athanasii</strong></span> <span class='ocrx_word' id='word_1_53' title='bbox 1611 714 1664 766; x_wconf 92' lang='lat' dir='ltr'><strong>in</strong></span> <span class='ocrx_word' id='word_1_54' title='bbox 1710 714 2080 771; x_wconf 78' lang='lat' dir='ltr'><strong>Alexandrina</strong></span> <span class='ocrx_word' id='word_1_55' title='bbox 2113 720 2243 774; x_wconf 87' lang='lat' dir='ltr'><strong>sede</strong></span> <span class='ocrx_word' id='word_1_56' title='bbox 2285 721 2658 789; x_wconf 68' lang='lat' dir='ltr'><strong>praedecessor</strong></span> <span class='ocrx_word' id='word_1_57' title='bbox 2693 723 2760 777; x_wconf 91' lang='lat' dir='ltr'><strong>ad</strong></span> <span class='ocrx_word' id='word_1_58' title='bbox 2793 723 3110 793; x_wconf 86' lang='lat' dir='ltr'><strong>episcopum</strong></span> <span class='ocrx_word' id='word_1_59' title='bbox 3153 722 3430 778; x_wconf 78' lang='lat' dir='ltr'><strong>Constan—</strong></span> 
     </span>
    </p>
   </div>
   <div class='ocr_carea' id='block_1_6' title="bbox 127 799 3428 884">
    <p class='ocr_par' dir='ltr' id='par_1_6' title="bbox 127 799 3428 884">
     <span class='ocr_line' id='line_1_6' title="bbox 127 799 3428 884; baseline 0.004 -30"><span class='ocrx_word' id='word_1_60' title='bbox 127 799 590 870; x_wconf 85' lang='lat' dir='ltr'><strong>tinopolitanum,</strong></span> <span class='ocrx_word' id='word_1_61' title='bbox 633 801 1016 870; x_wconf 85' lang='lat' dir='ltr'><strong>cognominem</strong></span> <span class='ocrx_word' id='word_1_62' title='bbox 1059 818 1242 868; x_wconf 90' lang='lat' dir='ltr'><strong>suurn,</strong></span> <span class='ocrx_word' id='word_1_63' title='bbox 1281 805 1525 874; x_wconf 65' lang='lat' dir='ltr'><strong>aliosilue</strong></span> <span class='ocrx_word' id='word_1_64' title='bbox 1559 807 1844 874; x_wconf 85' lang='lat' dir='ltr'><strong>episcopos</strong></span> <span class='ocrx_word' id='word_1_65' title='bbox 1875 812 2142 864; x_wconf 85' lang='lat' dir='ltr'><strong>adversus</strong></span> <span class='ocrx_word' id='word_1_66' title='bbox 2179 811 2369 864; x_wconf 89' lang='lat' dir='ltr'><strong>Arium</strong></span> <span class='ocrx_word' id='word_1_67' title='bbox 2421 812 2651 882; x_wconf 89' lang='lat' dir='ltr'><strong>ejusque</strong></span> <span class='ocrx_word' id='word_1_68' title='bbox 2683 829 2900 868; x_wconf 90' lang='lat' dir='ltr'><strong>errores</strong></span> <span class='ocrx_word' id='word_1_69' title='bbox 2931 815 3112 884; x_wconf 62' lang='lat' dir='ltr'><strong>misitf;</strong></span> <span class='ocrx_word' id='word_1_70' title='bbox 3162 829 3285 884; x_wconf 75' lang='lat' dir='ltr'><strong>quae</strong></span> <span class='ocrx_word' id='word_1_71' title='bbox 3321 813 3428 867; x_wconf 90' lang='lat' dir='ltr'><strong>uti-</strong></span> 
     </span>
    </p>
   </div>
   <div class='ocr_carea' id='block_1_7' title="bbox 128 896 3427 975">
    <p class='ocr_par' dir='ltr' id='par_1_7' title="bbox 128 896 3427 975">
     <span class='ocr_line' id='line_1_7' title="bbox 128 896 3427 975; baseline 0.005 -31"><span class='ocrx_word' id='word_1_72' title='bbox 128 907 270 961; x_wconf 89' lang='lat' dir='ltr'><strong>que,</strong></span> <span class='ocrx_word' id='word_1_73' title='bbox 300 902 571 962; x_wconf 88' lang='lat' dir='ltr'><strong>quanturn</strong></span> <span class='ocrx_word' id='word_1_74' title='bbox 601 910 702 964; x_wconf 85' lang='lat' dir='ltr'><strong>ego</strong></span> <span class='ocrx_word' id='word_1_75' title='bbox 741 910 962 960; x_wconf 85' lang='lat' dir='ltr'><strong>censeo,</strong></span> <span class='ocrx_word' id='word_1_76' title='bbox 993 896 1196 966; x_wconf 90' lang='lat' dir='ltr'><strong>scripta</strong></span> <span class='ocrx_word' id='word_1_77' title='bbox 1235 906 1318 952; x_wconf 90' lang='lat' dir='ltr'><strong>est</strong></span> <span class='ocrx_word' id='word_1_78' title='bbox 1363 899 1431 952; x_wconf 90' lang='lat' dir='ltr'><strong>ab</strong></span> <span class='ocrx_word' id='word_1_79' title='bbox 1481 902 1600 968; x_wconf 87' lang='lat' dir='ltr'><strong>ipso</strong></span> <span class='ocrx_word' id='word_1_80' title='bbox 1631 899 1954 970; x_wconf 85' lang='lat' dir='ltr'><strong>Athanasio,</strong></span> <span class='ocrx_word' id='word_1_81' title='bbox 1990 921 2101 971; x_wconf 92' lang='lat' dir='ltr'><strong>quo</strong></span> <span class='ocrx_word' id='word_1_82' title='bbox 2133 904 2442 974; x_wconf 88' lang='lat' dir='ltr'><strong>defensore,</strong></span> <span class='ocrx_word' id='word_1_83' title='bbox 2477 916 2550 972; x_wconf 90' lang='lat' dir='ltr'><strong>et,</strong></span> <span class='ocrx_word' id='word_1_84' title='bbox 2586 917 2645 961; x_wconf 89' lang='lat' dir='ltr'><strong>ut</strong></span> <span class='ocrx_word' id='word_1_85' title='bbox 2685 909 2760 962; x_wconf 90' lang='lat' dir='ltr'><strong>ita</strong></span> <span class='ocrx_word' id='word_1_86' title='bbox 2801 909 3000 975; x_wconf 86' lang='lat' dir='ltr'><strong>dicam,</strong></span> <span class='ocrx_word' id='word_1_87' title='bbox 3035 909 3293 964; x_wconf 85' lang='lat' dir='ltr'><strong>catholici</strong></span> <span class='ocrx_word' id='word_1_88' title='bbox 3327 908 3427 962; x_wconf 86' lang='lat' dir='ltr'><strong>do-</strong></span> 
     </span>
    </p>
   </div>
   <div class='ocr_carea' id='block_1_8' title="bbox 131 990 3427 1074">
    <p class='ocr_par' dir='ltr' id='par_1_8' title="bbox 131 990 3427 1074">
     <span class='ocr_line' id='line_1_8' title="bbox 131 990 3427 1074; baseline 0.005 -33"><span class='ocrx_word' id='word_1_89' title='bbox 131 990 343 1058; x_wconf 87' lang='lat' dir='ltr'><strong>gmatis</strong></span> <span class='ocrx_word' id='word_1_90' title='bbox 369 991 635 1044; x_wconf 78' lang='lat' dir='ltr'><strong>advocato</strong></span> <span class='ocrx_word' id='word_1_91' title='bbox 657 1001 710 1046; x_wconf 90' lang='lat' dir='ltr'><strong>et</strong></span> <span class='ocrx_word' id='word_1_92' title='bbox 734 1000 966 1074; x_wconf 77' lang='lat' dir='ltr'><strong>patrono</strong></span> <span class='ocrx_word' id='word_1_93' title='bbox 997 993 1052 1046; x_wconf 91' lang='lat' dir='ltr'><strong>in</strong></span> <span class='ocrx_word' id='word_1_94' title='bbox 1080 991 1298 1048; x_wconf 66' lang='lat' dir='ltr'><strong>Nieaena</strong></span> <span class='ocrx_word' id='word_1_95' title='bbox 1349 997 1556 1067; x_wconf 86' lang='lat' dir='ltr'><strong>synodo</strong></span> <span class='ocrx_word' id='word_1_96' title='bbox 1603 998 1717 1066; x_wconf 89' lang='lat' dir='ltr'><strong>ipse</strong></span> <span class='ocrx_word' id='word_1_97' title='bbox 1745 997 2056 1054; x_wconf 80' lang='lat' dir='ltr'><strong>Alexander</strong></span> <span class='ocrx_word' id='word_1_98' title='bbox 2090 1017 2224 1056; x_wconf 87' lang='lat' dir='ltr'><strong>usus</strong></span> <span class='ocrx_word' id='word_1_99' title='bbox 2274 1011 2388 1068; x_wconf 91' lang='lat' dir='ltr'><strong>est;</strong></span> <span class='ocrx_word' id='word_1_100' title='bbox 2443 1018 2566 1057; x_wconf 91' lang='lat' dir='ltr'><strong>cum</strong></span> <span class='ocrx_word' id='word_1_101' title='bbox 2622 1004 2766 1058; x_wconf 91' lang='lat' dir='ltr'><strong>enim</strong></span> <span class='ocrx_word' id='word_1_102' title='bbox 2800 1005 3172 1060; x_wconf 86' lang='lat' dir='ltr'><strong>archidiaconi</strong></span> <span class='ocrx_word' id='word_1_103' title='bbox 3224 1018 3427 1058; x_wconf 89' lang='lat' dir='ltr'><strong>munus</strong></span> 
     </span>
    </p>
   </div>
   <div class='ocr_carea' id='block_1_9' title="bbox 132 1080 3428 1168">
    <p class='ocr_par' dir='ltr' id='par_1_9' title="bbox 132 1080 3428 1168">
     <span class='ocr_line' id='line_1_9' title="bbox 132 1080 3428 1168; baseline 0.005 -33"><span class='ocrx_word' id='word_1_104' title='bbox 132 1083 189 1136; x_wconf 87' lang='lat' dir='ltr'><strong>in</strong></span> <span class='ocrx_word' id='word_1_105' title='bbox 229 1080 482 1135; x_wconf 85' lang='lat' dir='ltr'><strong>Ecclesia</strong></span> <span class='ocrx_word' id='word_1_106' title='bbox 514 1082 877 1136; x_wconf 83' lang='lat' dir='ltr'><strong>Alexandrina</strong></span> <span class='ocrx_word' id='word_1_107' title='bbox 926 1084 1218 1149; x_wconf 87' lang='lat' dir='ltr'><strong>obtineret,</strong></span> <span class='ocrx_word' id='word_1_108' title='bbox 1268 1087 1566 1142; x_wconf 79' lang='lat' dir='ltr'><strong>verisimile</strong></span> <span class='ocrx_word' id='word_1_109' title='bbox 1599 1097 1685 1143; x_wconf 87' lang='lat' dir='ltr'><strong>est</strong></span> <span class='ocrx_word' id='word_1_110' title='bbox 1727 1089 1891 1144; x_wconf 84' lang='lat' dir='ltr'><strong>etiam</strong></span> <span class='ocrx_word' id='word_1_111' title='bbox 1942 1094 2358 1148; x_wconf 85' lang='lat' dir='ltr'><strong>scribendarum</strong></span> <span class='ocrx_word' id='word_1_112' title='bbox 2409 1096 2761 1164; x_wconf 85' lang='lat' dir='ltr'><strong>epistolarum</strong></span> <span class='ocrx_word' id='word_1_113' title='bbox 2807 1114 2996 1152; x_wconf 88' lang='lat' dir='ltr'><strong>curam</strong></span> <span class='ocrx_word' id='word_1_114' title='bbox 3036 1099 3107 1165; x_wconf 91' lang='lat' dir='ltr'><strong>ei,</strong></span> <span class='ocrx_word' id='word_1_115' title='bbox 3140 1099 3256 1168; x_wconf 91' lang='lat' dir='ltr'><strong>qui,</strong></span> <span class='ocrx_word' id='word_1_116' title='bbox 3291 1107 3428 1153; x_wconf 83' lang='lat' dir='ltr'><strong>teste</strong></span> 
     </span>
    </p>
   </div>
   <div class='ocr_carea' id='block_1_10' title="bbox 133 1176 3424 1262">
    <p class='ocr_par' dir='ltr' id='par_1_10' title="bbox 133 1176 3424 1262">
     <span class='ocr_line' id='line_1_10' title="bbox 133 1176 3424 1262; baseline 0.005 -33"><span class='ocrx_word' id='word_1_117' title='bbox 133 1176 362 1232; x_wconf 76' lang='lat' dir='ltr'><strong>Rullino</strong></span> <span class='ocrx_word' id='word_1_118' title='bbox 401 1177 534 1245; x_wconf 83' lang='lat'><strong>(77),</strong></span> <span class='ocrx_word' id='word_1_119' title='bbox 582 1177 873 1232; x_wconf 76' lang='lat' dir='ltr'><strong>Alexandri</strong></span> <span class='ocrx_word' id='word_1_120' title='bbox 905 1180 1146 1250; x_wconf 89' lang='lat' dir='ltr'><strong>episcopi</strong></span> <span class='ocrx_word' id='word_1_121' title='bbox 1180 1183 1428 1236; x_wconf 89' lang='lat' dir='ltr'><strong>consiliis</strong></span> <span class='ocrx_word' id='word_1_122' title='bbox 1465 1185 1674 1248; x_wconf 90' lang='lat' dir='ltr'><strong>aderat,</strong></span> <span class='ocrx_word' id='word_1_123' title='bbox 1701 1186 2089 1242; x_wconf 89' lang='lat' dir='ltr'><strong>demandatam</strong></span> <span class='ocrx_word' id='word_1_124' title='bbox 2121 1189 2314 1244; x_wconf 89' lang='lat' dir='ltr'><strong>fuisse.</strong></span> <span class='ocrx_word' id='word_1_125' title='bbox 2353 1189 2613 1246; x_wconf 84' lang='lat' dir='ltr'><strong>Profecto</strong></span> <span class='ocrx_word' id='word_1_126' title='bbox 2648 1194 2936 1262; x_wconf 88' lang='lat' dir='ltr'><strong>epistolam</strong></span> <span class='ocrx_word' id='word_1_127' title='bbox 2963 1193 3109 1246; x_wconf 88' lang='lat' dir='ltr'><strong>illam</strong></span> <span class='ocrx_word' id='word_1_128' title='bbox 3145 1201 3424 1247; x_wconf 90' lang='lat' dir='ltr'><strong>auctorem</strong></span> 
     </span>
    </p>
   </div>
   <div class='ocr_carea' id='block_1_11' title="bbox 133 1270 3427 1351">
    <p class='ocr_par' dir='ltr' id='par_1_11' title="bbox 133 1270 3427 1351">
     <span class='ocr_line' id='line_1_11' title="bbox 133 1270 3427 1351; baseline 0.003 -26"><span class='ocrx_word' id='word_1_129' title='bbox 133 1272 349 1325; x_wconf 88' lang='lat' dir='ltr'><strong>habere</strong></span> <span class='ocrx_word' id='word_1_130' title='bbox 375 1270 756 1335; x_wconf 90' lang='lat' dir='ltr'><strong>Athanasium,</strong></span> <span class='ocrx_word' id='word_1_131' title='bbox 788 1286 908 1323; x_wconf 87' lang='lat' dir='ltr'><strong>eam</strong></span> <span class='ocrx_word' id='word_1_132' title='bbox 957 1280 1162 1326; x_wconf 91' lang='lat' dir='ltr'><strong>attente</strong></span> <span class='ocrx_word' id='word_1_133' title='bbox 1199 1273 1596 1338; x_wconf 83' lang='lat' dir='ltr'><strong>consideranti,</strong></span> <span class='ocrx_word' id='word_1_134' title='bbox 1629 1285 1683 1330; x_wconf 88' lang='lat' dir='ltr'><strong>et</strong></span> <span class='ocrx_word' id='word_1_135' title='bbox 1717 1292 1842 1330; x_wconf 90' lang='lat' dir='ltr'><strong>cum</strong></span> <span class='ocrx_word' id='word_1_136' title='bbox 1882 1278 2006 1334; x_wconf 90' lang='lat' dir='ltr'><strong>aliis</strong></span> <span class='ocrx_word' id='word_1_137' title='bbox 2059 1280 2349 1334; x_wconf 87' lang='lat' dir='ltr'><strong>Athanasii</strong></span> <span class='ocrx_word' id='word_1_138' title='bbox 2382 1282 2644 1350; x_wconf 89' lang='lat' dir='ltr'><strong>operibus</strong></span> <span class='ocrx_word' id='word_1_139' title='bbox 2689 1282 2992 1337; x_wconf 88' lang='lat' dir='ltr'><strong>conferenti</strong></span> <span class='ocrx_word' id='word_1_140' title='bbox 3021 1281 3179 1336; x_wconf 86' lang='lat' dir='ltr'><strong>facile</strong></span> <span class='ocrx_word' id='word_1_141' title='bbox 3203 1295 3427 1351; x_wconf 85' lang='lat' dir='ltr'><strong>persua-</strong></span> 
     </span>
    </p>
   </div>
   <div class='ocr_carea' id='block_1_12' title="bbox 133 1363 3427 1446">
    <p class='ocr_par' dir='ltr' id='par_1_12' title="bbox 133 1363 3427 1446">
     <span class='ocr_line' id='line_1_12' title="bbox 133 1363 3427 1446; baseline 0.003 -28"><span class='ocrx_word' id='word_1_142' title='bbox 133 1364 388 1418; x_wconf 88' lang='lat' dir='ltr'><strong>debitur.</strong></span> <span class='ocrx_word' id='word_1_143' title='bbox 423 1363 531 1416; x_wconf 90' lang='lat' dir='ltr'><strong>Sed</strong></span> <span class='ocrx_word' id='word_1_144' title='bbox 564 1364 784 1417; x_wconf 90' lang='lat' dir='ltr'><strong>demum</strong></span> <span class='ocrx_word' id='word_1_145' title='bbox 815 1363 919 1417; x_wconf 91' lang='lat' dir='ltr'><strong>hac</strong></span> <span class='ocrx_word' id='word_1_146' title='bbox 949 1363 1017 1418; x_wconf 89' lang='lat' dir='ltr'><strong>de</strong></span> <span class='ocrx_word' id='word_1_147' title='bbox 1046 1380 1106 1418; x_wconf 92' lang='lat' dir='ltr'><strong>re</strong></span> <span class='ocrx_word' id='word_1_148' title='bbox 1152 1365 1304 1418; x_wconf 91' lang='lat' dir='ltr'><strong>nulla</strong></span> <span class='ocrx_word' id='word_1_149' title='bbox 1340 1365 1394 1419; x_wconf 91' lang='lat' dir='ltr'><strong>in</strong></span> <span class='ocrx_word' id='word_1_150' title='bbox 1445 1367 1756 1437; x_wconf 86' lang='lat' dir='ltr'><strong>cujuspiam</strong></span> <span class='ocrx_word' id='word_1_151' title='bbox 1792 1370 1979 1424; x_wconf 91' lang='lat' dir='ltr'><strong>animo</strong></span> <span class='ocrx_word' id='word_1_152' title='bbox 2015 1372 2286 1426; x_wconf 87' lang='lat' dir='ltr'><strong>dubitatio</strong></span> <span class='ocrx_word' id='word_1_153' title='bbox 2331 1374 2571 1430; x_wconf 89' lang='lat' dir='ltr'><strong>insidere</strong></span> <span class='ocrx_word' id='word_1_154' title='bbox 2617 1384 2815 1446; x_wconf 88' lang='lat' dir='ltr'><strong>potest,</strong></span> <span class='ocrx_word' id='word_1_155' title='bbox 2844 1377 2889 1430; x_wconf 88' lang='lat' dir='ltr'><strong>si</strong></span> <span class='ocrx_word' id='word_1_156' title='bbox 2917 1377 3060 1430; x_wconf 88' lang='lat' dir='ltr'><strong>edita</strong></span> <span class='ocrx_word' id='word_1_157' title='bbox 3093 1374 3151 1430; x_wconf 92' lang='lat' dir='ltr'><strong>S.</strong></span> <span class='ocrx_word' id='word_1_158' title='bbox 3185 1375 3427 1445; x_wconf 87' lang='lat' dir='ltr'><strong>episcopi</strong></span> 
     </span>
    </p>
   </div>
   <div class='ocr_carea' id='block_1_13' title="bbox 136 1457 3424 1538">
    <p class='ocr_par' dir='ltr' id='par_1_13' title="bbox 136 1457 3424 1538">
     <span class='ocr_line' id='line_1_13' title="bbox 136 1457 3424 1538; baseline 0.004 -29"><span class='ocrx_word' id='word_1_159' title='bbox 136 1471 310 1524; x_wconf 88' lang='lat' dir='ltr'><strong>opera</strong></span> <span class='ocrx_word' id='word_1_160' title='bbox 353 1457 694 1524; x_wconf 82' lang='lat' dir='ltr'><strong>inspexerit;</strong></span> <span class='ocrx_word' id='word_1_161' title='bbox 731 1458 983 1527; x_wconf 90' lang='lat' dir='ltr'><strong>pluribus</strong></span> <span class='ocrx_word' id='word_1_162' title='bbox 1010 1458 1157 1512; x_wconf 91' lang='lat' dir='ltr'><strong>enim</strong></span> <span class='ocrx_word' id='word_1_163' title='bbox 1195 1459 1248 1512; x_wconf 91' lang='lat' dir='ltr'><strong>in</strong></span> <span class='ocrx_word' id='word_1_164' title='bbox 1280 1460 1419 1515; x_wconf 89' lang='lat' dir='ltr'><strong>locis</strong></span> <span class='ocrx_word' id='word_1_165' title='bbox 1460 1461 1687 1516; x_wconf 84' lang='lat' dir='ltr'><strong>Mariam</strong></span> <span class='ocrx_word' id='word_1_166' title='bbox 1723 1463 2008 1534; x_wconf 78' lang='lat' dir='ltr'><strong>Virginem</strong></span> <span class='ocrx_word' id='word_1_167' title='bbox 2047 1466 2309 1522; x_wconf 83' lang='grc' dir='ltr'><strong>Θεοτόκον</strong></span> <span class='ocrx_word' id='word_1_168' title='bbox 2336 1477 2617 1538; x_wconf 85' lang='lat' dir='ltr'><strong>nuncupat</strong></span> <span class='ocrx_word' id='word_1_169' title='bbox 2660 1470 3014 1524; x_wconf 88' lang='lat' dir='ltr'><strong>beatissimus</strong></span> <span class='ocrx_word' id='word_1_170' title='bbox 3049 1467 3424 1534; x_wconf 64' lang='lat' dir='ltr'><strong>Athanasius;</strong></span> 
     </span>
    </p>
   </div>
   <div class='ocr_carea' id='block_1_14' title="bbox 137 1550 3427 1630">
    <p class='ocr_par' dir='ltr' id='par_1_14' title="bbox 137 1550 3427 1630">
     <span class='ocr_line' id='line_1_14' title="bbox 137 1550 3427 1630; baseline 0.004 -28"><span class='ocrx_word' id='word_1_171' title='bbox 137 1550 213 1602; x_wconf 78' lang='lat' dir='ltr'><strong>ita</strong></span> <span class='ocrx_word' id='word_1_172' title='bbox 267 1550 325 1603; x_wconf 89' lang='lat' dir='ltr'><strong>in</strong></span> <span class='ocrx_word' id='word_1_173' title='bbox 355 1551 607 1604; x_wconf 88' lang='lat' dir='ltr'><strong>oratione</strong></span> <span class='ocrx_word' id='word_1_174' title='bbox 664 1551 820 1604; x_wconf 90' lang='lat' dir='ltr'><strong>tertia</strong></span> <span class='ocrx_word' id='word_1_175' title='bbox 854 1561 909 1605; x_wconf 91' lang='lat' dir='ltr'><strong>et</strong></span> <span class='ocrx_word' id='word_1_176' title='bbox 932 1561 1132 1622; x_wconf 87' lang='lat' dir='ltr'><strong>quarta</strong></span> <span class='ocrx_word' id='word_1_177' title='bbox 1183 1561 1376 1607; x_wconf 88' lang='lat' dir='ltr'><strong>contra</strong></span> <span class='ocrx_word' id='word_1_178' title='bbox 1442 1553 1700 1623; x_wconf 90' lang='lat' dir='ltr'><strong>Arianos,</strong></span> <span class='ocrx_word' id='word_1_179' title='bbox 1743 1556 1799 1610; x_wconf 88' lang='lat' dir='ltr'><strong>in</strong></span> <span class='ocrx_word' id='word_1_180' title='bbox 1845 1557 1991 1612; x_wconf 89' lang='lat' dir='ltr'><strong>libro</strong></span> <span class='ocrx_word' id='word_1_181' title='bbox 2024 1558 2101 1612; x_wconf 89' lang='lat' dir='ltr'><strong>De</strong></span> <span class='ocrx_word' id='word_1_182' title='bbox 2150 1558 2551 1628; x_wconf 85' lang='lat' dir='ltr'><strong>Incarnatione,</strong></span> <span class='ocrx_word' id='word_1_183' title='bbox 2611 1570 2667 1616; x_wconf 87' lang='lat' dir='ltr'><strong>et</strong></span> <span class='ocrx_word' id='word_1_184' title='bbox 2717 1564 2769 1617; x_wconf 92' lang='lat' dir='ltr'><strong>in</strong></span> <span class='ocrx_word' id='word_1_185' title='bbox 2802 1563 2942 1618; x_wconf 90' lang='lat' dir='ltr'><strong>libro</strong></span> <span class='ocrx_word' id='word_1_186' title='bbox 2993 1573 3176 1617; x_wconf 79' lang='lat' dir='ltr'><strong>contra</strong></span> <span class='ocrx_word' id='word_1_187' title='bbox 3218 1560 3427 1630; x_wconf 84' lang='lat' dir='ltr'><strong>Apolli-</strong></span> 
     </span>
    </p>
   </div>
   <div class='ocr_carea' id='block_1_15' title="bbox 138 1656 390 1692">
    <p class='ocr_par' dir='ltr' id='par_1_15' title="bbox 138 1656 390 1692">
     <span class='ocr_line' id='line_1_15' title="bbox 138 1656 390 1692; baseline 0 0"><span class='ocrx_word' id='word_1_188' title='bbox 138 1657 170 1692; x_wconf 79' lang='grc' dir='ltr'><em>η</em></span> <span class='ocrx_word' id='word_1_189' title='bbox 179 1656 264 1692; x_wconf 85' lang='lat' dir='ltr'><strong>an</strong></span> <span class='ocrx_word' id='word_1_190' title='bbox 273 1656 364 1691; x_wconf 84' lang='lat' dir='ltr'><strong>um</strong></span> <span class='ocrx_word' id='word_1_191' title='bbox 374 1677 390 1692; x_wconf 78' lang='grc' dir='ltr'><strong>ο</strong></span> 
     </span>
    </p>
   </div>
   <div class='ocr_carea' id='block_1_16' title="bbox 212 1727 3428 1812">
    <p class='ocr_par' dir='ltr' id='par_1_16' title="bbox 212 1727 3428 1812">
     <span class='ocr_line' id='line_1_16' title="bbox 212 1727 3428 1812; baseline 0.004 -31"><span class='ocrx_word' id='word_1_192' title='bbox 212 1727 464 1784; x_wconf 73' lang='lat' dir='ltr'><strong>XXXIV.</strong></span> <span class='ocrx_word' id='word_1_193' title='bbox 495 1729 553 1784; x_wconf 91' lang='lat' dir='ltr'><strong>Si</strong></span> <span class='ocrx_word' id='word_1_194' title='bbox 579 1731 703 1800; x_wconf 82' lang='lat' dir='ltr'><strong>quis</strong></span> <span class='ocrx_word' id='word_1_195' title='bbox 731 1747 861 1786; x_wconf 89' lang='lat' dir='ltr'><strong>vero</strong></span> <span class='ocrx_word' id='word_1_196' title='bbox 894 1733 1026 1786; x_wconf 88' lang='lat' dir='ltr'><strong>mihi</strong></span> <span class='ocrx_word' id='word_1_197' title='bbox 1061 1735 1337 1805; x_wconf 78' lang='lat' dir='ltr'><strong>negotium</strong></span> <span class='ocrx_word' id='word_1_198' title='bbox 1371 1735 1640 1791; x_wconf 87' lang='lat' dir='ltr'><strong>facessere</strong></span> <span class='ocrx_word' id='word_1_199' title='bbox 1667 1737 1832 1806; x_wconf 85' lang='lat' dir='ltr'><strong>velit,</strong></span> <span class='ocrx_word' id='word_1_200' title='bbox 1862 1741 2202 1809; x_wconf 88' lang='lat' dir='ltr'><strong>persuadens</strong></span> <span class='ocrx_word' id='word_1_201' title='bbox 2234 1743 2338 1798; x_wconf 92' lang='lat' dir='ltr'><strong>sibi</strong></span> <span class='ocrx_word' id='word_1_202' title='bbox 2373 1746 2862 1808; x_wconf 86' lang='lat' dir='ltr'><strong>commentarium,</strong></span> <span class='ocrx_word' id='word_1_203' title='bbox 2895 1761 2987 1799; x_wconf 90' lang='lat' dir='ltr'><strong>seu</strong></span> <span class='ocrx_word' id='word_1_204' title='bbox 3023 1743 3428 1812; x_wconf 85' lang='lat' dir='ltr'><strong>interpretatio-</strong></span> 
     </span>
    </p>
   </div>
   <div class='ocr_carea' id='block_1_17' title="bbox 142 1825 3426 1909">
    <p class='ocr_par' dir='ltr' id='par_1_17' title="bbox 142 1825 3426 1909">
     <span class='ocr_line' id='line_1_17' title="bbox 142 1825 3426 1909; baseline 0.002 -31"><span class='ocrx_word' id='word_1_205' title='bbox 142 1840 297 1888; x_wconf 88' lang='lat' dir='ltr'><strong>nem,</strong></span> <span class='ocrx_word' id='word_1_206' title='bbox 328 1825 508 1894; x_wconf 89' lang='lat' dir='ltr'><strong>quade</strong></span> <span class='ocrx_word' id='word_1_207' title='bbox 533 1827 732 1896; x_wconf 81' lang='lat' dir='ltr'><strong>agitur,</strong></span> <span class='ocrx_word' id='word_1_208' title='bbox 761 1828 1004 1898; x_wconf 89' lang='lat' dir='ltr'><strong>sequiori</strong></span> <span class='ocrx_word' id='word_1_209' title='bbox 1025 1838 1183 1884; x_wconf 68' lang='lat' dir='ltr'><strong>aetate</strong></span> <span class='ocrx_word' id='word_1_210' title='bbox 1212 1832 1470 1900; x_wconf 90' lang='lat' dir='ltr'><strong>scriptam</strong></span> <span class='ocrx_word' id='word_1_211' title='bbox 1495 1831 1666 1887; x_wconf 87' lang='lat' dir='ltr'><strong>fuisse</strong></span> <span class='ocrx_word' id='word_1_212' title='bbox 1693 1849 1759 1887; x_wconf 84' lang='lat' dir='ltr'><strong>ex</strong></span> <span class='ocrx_word' id='word_1_213' title='bbox 1787 1833 1856 1890; x_wconf 90' lang='lat' dir='ltr'><strong>iis</strong></span> <span class='ocrx_word' id='word_1_214' title='bbox 1875 1851 1998 1904; x_wconf 74' lang='lat' dir='ltr'><strong>quae</strong></span> <span class='ocrx_word' id='word_1_215' title='bbox 2023 1836 2281 1892; x_wconf 90' lang='lat' dir='ltr'><strong>adnotata</strong></span> <span class='ocrx_word' id='word_1_216' title='bbox 2309 1848 2606 1894; x_wconf 88' lang='lat' dir='ltr'><strong>occurrunt</strong></span> <span class='ocrx_word' id='word_1_217' title='bbox 2629 1840 2684 1894; x_wconf 91' lang='lat' dir='ltr'><strong>in</strong></span> <span class='ocrx_word' id='word_1_218' title='bbox 2719 1847 3100 1909; x_wconf 80' lang='lat' dir='ltr'><strong>argumentum</strong></span> <span class='ocrx_word' id='word_1_219' title='bbox 3133 1836 3326 1906; x_wconf 87' lang='lat' dir='ltr'><strong>psalmi</strong></span> <span class='ocrx_word' id='word_1_220' title='bbox 3351 1851 3426 1899; x_wconf 83' lang='lat' dir='ltr'><strong>vr,</strong></span> 
     </span>
    </p>
   </div>
   <div class='ocr_carea' id='block_1_18' title="bbox 140 1916 3425 2001">
    <p class='ocr_par' dir='ltr' id='par_1_18' title="bbox 140 1916 3425 2001">
     <span class='ocr_line' id='line_1_18' title="bbox 140 1916 3425 2001; baseline 0.002 -31"><span class='ocrx_word' id='word_1_221' title='bbox 140 1925 199 1970; x_wconf 89' lang='lat' dir='ltr'><strong>et</strong></span> <span class='ocrx_word' id='word_1_222' title='bbox 231 1916 365 1970; x_wconf 80' lang='lat' dir='ltr'><strong>alibi</strong></span> <span class='ocrx_word' id='word_1_223' title='bbox 398 1917 455 1970; x_wconf 90' lang='lat' dir='ltr'><strong>in</strong></span> <span class='ocrx_word' id='word_1_224' title='bbox 487 1917 634 1972; x_wconf 91' lang='lat' dir='ltr'><strong>hunc</strong></span> <span class='ocrx_word' id='word_1_225' title='bbox 663 1920 922 1976; x_wconf 91' lang='lat' dir='ltr'><strong>modum:</strong></span> <span class='ocrx_word' id='word_1_226' title='bbox 961 1940 980 1973; x_wconf 74' lang='grc' dir='ltr'><strong><em>ι</em></strong></span> <span class='ocrx_word' id='word_1_227' title='bbox 1008 1920 1225 1978; x_wconf 90' lang='lat' dir='ltr'><strong>Titulus</strong></span> <span class='ocrx_word' id='word_1_228' title='bbox 1255 1924 1578 1992; x_wconf 70' lang='lat' dir='ltr'><strong>prazpositus</strong></span> <span class='ocrx_word' id='word_1_229' title='bbox 1602 1925 1846 1980; x_wconf 88' lang='lat' dir='ltr'><strong>continet</strong></span> <span class='ocrx_word' id='word_1_230' title='bbox 1895 1927 2004 1980; x_wconf 87' lang='lat' dir='ltr'><strong>:In</strong></span> <span class='ocrx_word' id='word_1_231' title='bbox 2038 1929 2196 1998; x_wconf 83' lang='lat' dir='ltr'><strong>ﬁnem</strong></span> <span class='ocrx_word' id='word_1_232' title='bbox 2239 1933 2290 1983; x_wconf 89' lang='lat' dir='ltr'><strong>in</strong></span> <span class='ocrx_word' id='word_1_233' title='bbox 2327 1932 2535 2001; x_wconf 81' lang='lat' dir='ltr'><strong>hymnis</strong></span> <span class='ocrx_word' id='word_1_234' title='bbox 2584 1948 2680 2001; x_wconf 86' lang='lat' dir='ltr'><strong>pro</strong></span> <span class='ocrx_word' id='word_1_235' title='bbox 2731 1941 2915 1984; x_wconf 85' lang='lat' dir='ltr'><strong>octava</strong></span> <span class='ocrx_word' id='word_1_236' title='bbox 2950 1929 3198 1984; x_wconf 79' lang='lat' dir='ltr'><strong>Psalmus</strong></span> <span class='ocrx_word' id='word_1_237' title='bbox 3237 1926 3425 1980; x_wconf 87' lang='lat' dir='ltr'><strong>David.</strong></span> 
     </span>
    </p>
   </div>
   <div class='ocr_carea' id='block_1_19' title="bbox 143 2011 3427 2095">
    <p class='ocr_par' dir='ltr' id='par_1_19' title="bbox 143 2011 3427 2095">
     <span class='ocr_line' id='line_1_19' title="bbox 143 2011 3427 2095; baseline 0.003 -31"><span class='ocrx_word' id='word_1_238' title='bbox 143 2011 264 2068; x_wconf 83' lang='lat' dir='ltr'><strong>Hoc</strong></span> <span class='ocrx_word' id='word_1_239' title='bbox 294 2023 476 2068; x_wconf 89' lang='lat' dir='ltr'><strong>autem</strong></span> <span class='ocrx_word' id='word_1_240' title='bbox 508 2015 809 2084; x_wconf 84' lang='lat' dir='ltr'><strong>signiﬁcat:</strong></span> <span class='ocrx_word' id='word_1_241' title='bbox 841 2017 900 2071; x_wconf 91' lang='lat' dir='ltr'><strong>ln</strong></span> <span class='ocrx_word' id='word_1_242' title='bbox 948 2020 1277 2074; x_wconf 76' lang='lat' dir='ltr'><strong>saeculorum</strong></span> <span class='ocrx_word' id='word_1_243' title='bbox 1313 2022 1789 2077; x_wconf 86' lang='lat' dir='ltr'><strong>consummatione</strong></span> <span class='ocrx_word' id='word_1_244' title='bbox 1821 2024 1996 2078; x_wconf 89' lang='lat' dir='ltr'><strong>sancti</strong></span> <span class='ocrx_word' id='word_1_245' title='bbox 2049 2026 2356 2095; x_wconf 87' lang='lat' dir='ltr'><strong>rogabunt,</strong></span> <span class='ocrx_word' id='word_1_246' title='bbox 2390 2035 2452 2080; x_wconf 92' lang='lat' dir='ltr'><strong>ut</strong></span> <span class='ocrx_word' id='word_1_247' title='bbox 2489 2027 2786 2080; x_wconf 86' lang='lat' dir='ltr'><strong>liberentur</strong></span> <span class='ocrx_word' id='word_1_248' title='bbox 2826 2041 2855 2080; x_wconf 96' lang='lat' dir='ltr'><strong>a</strong></span> <span class='ocrx_word' id='word_1_249' title='bbox 2905 2024 3146 2094; x_wconf 88' lang='lat' dir='ltr'><strong>judicio,</strong></span> <span class='ocrx_word' id='word_1_250' title='bbox 3186 2031 3242 2077; x_wconf 89' lang='lat' dir='ltr'><strong>et</strong></span> <span class='ocrx_word' id='word_1_251' title='bbox 3277 2021 3427 2090; x_wconf 81' lang='lat' dir='ltr'><strong>digni</strong></span> 
     </span>
    </p>
   </div>
   <div class='ocr_carea' id='block_1_20' title="bbox 142 2110 3428 2193">
    <p class='ocr_par' dir='ltr' id='par_1_20' title="bbox 142 2110 3428 2193">
     <span class='ocr_line' id='line_1_20' title="bbox 142 2110 3428 2193; baseline 0.003 -33"><span class='ocrx_word' id='word_1_252' title='bbox 142 2110 280 2162; x_wconf 78' lang='lat' dir='ltr'><strong>fiant</strong></span> <span class='ocrx_word' id='word_1_253' title='bbox 300 2119 516 2164; x_wconf 59' lang='lat' dir='ltr'><strong>aeterna:</strong></span> <span class='ocrx_word' id='word_1_254' title='bbox 541 2113 804 2169; x_wconf 89' lang='lat' dir='ltr'><strong>mercedis</strong></span> <span class='ocrx_word' id='word_1_255' title='bbox 835 2116 1228 2170; x_wconf 86' lang='lat' dir='ltr'><strong>retributione:</strong></span> <span class='ocrx_word' id='word_1_256' title='bbox 1263 2129 1416 2172; x_wconf 78' lang='lat' dir='ltr'><strong>sexto</strong></span> <span class='ocrx_word' id='word_1_257' title='bbox 1449 2119 1593 2172; x_wconf 79' lang='lat' dir='ltr'><strong>enim</strong></span> <span class='ocrx_word' id='word_1_258' title='bbox 1621 2120 1821 2174; x_wconf 61' lang='lat' dir='ltr'><strong>saeculo</strong></span> <span class='ocrx_word' id='word_1_259' title='bbox 1843 2132 2257 2176; x_wconf 78' lang='lat' dir='ltr'><strong>consummatur</strong></span> <span class='ocrx_word' id='word_1_260' title='bbox 2285 2123 2557 2177; x_wconf 91' lang='lat' dir='ltr'><strong>mundus:</strong></span> <span class='ocrx_word' id='word_1_261' title='bbox 2586 2123 2816 2193; x_wconf 90' lang='lat' dir='ltr'><strong>septimo</strong></span> <span class='ocrx_word' id='word_1_262' title='bbox 2842 2131 3021 2175; x_wconf 90' lang='lat' dir='ltr'><strong>autem</strong></span> <span class='ocrx_word' id='word_1_263' title='bbox 3049 2121 3236 2176; x_wconf 85' lang='lat' dir='ltr'><strong>orbem</strong></span> <span class='ocrx_word' id='word_1_264' title='bbox 3271 2127 3428 2172; x_wconf 72' lang='lat' dir='ltr'><strong>terra:</strong></span> 
     </span>
    </p>
   </div>
   <div class='ocr_carea' id='block_1_21' title="bbox 136 2202 3428 2283">
    <p class='ocr_par' dir='ltr' id='par_1_21' title="bbox 136 2202 3428 2283">
     <span class='ocr_line' id='line_1_21' title="bbox 136 2202 3428 2283; baseline 0.003 -28"><span class='ocrx_word' id='word_1_265' title='bbox 136 2202 359 2270; x_wconf 82' lang='lat' dir='ltr'><strong>judieat</strong></span> <span class='ocrx_word' id='word_1_266' title='bbox 389 2202 688 2259; x_wconf 88' lang='lat' dir='ltr'><strong>Dominus:</strong></span> <span class='ocrx_word' id='word_1_267' title='bbox 723 2215 914 2260; x_wconf 90' lang='lat' dir='ltr'><strong>octavo</strong></span> <span class='ocrx_word' id='word_1_268' title='bbox 940 2223 1068 2262; x_wconf 86' lang='lat' dir='ltr'><strong>vero</strong></span> <span class='ocrx_word' id='word_1_269' title='bbox 1095 2208 1150 2261; x_wconf 90' lang='lat' dir='ltr'><strong>hi</strong></span> <span class='ocrx_word' id='word_1_270' title='bbox 1179 2209 1383 2264; x_wconf 90' lang='lat' dir='ltr'><strong>abeunt</strong></span> <span class='ocrx_word' id='word_1_271' title='bbox 1409 2209 1464 2263; x_wconf 89' lang='lat' dir='ltr'><strong>in</strong></span> <span class='ocrx_word' id='word_1_272' title='bbox 1492 2210 1657 2264; x_wconf 82' lang='lat' dir='ltr'><strong>vitam</strong></span> <span class='ocrx_word' id='word_1_273' title='bbox 1682 2220 1964 2274; x_wconf 76' lang='lat' dir='ltr'><strong>aeternam,</strong></span> <span class='ocrx_word' id='word_1_274' title='bbox 1989 2223 2043 2266; x_wconf 91' lang='lat' dir='ltr'><strong>et</strong></span> <span class='ocrx_word' id='word_1_275' title='bbox 2072 2213 2125 2266; x_wconf 92' lang='lat' dir='ltr'><strong>hi</strong></span> <span class='ocrx_word' id='word_1_276' title='bbox 2159 2213 2212 2266; x_wconf 90' lang='lat' dir='ltr'><strong>in</strong></span> <span class='ocrx_word' id='word_1_277' title='bbox 2245 2215 2573 2283; x_wconf 89' lang='lat' dir='ltr'><strong>supplicium</strong></span> <span class='ocrx_word' id='word_1_278' title='bbox 2608 2225 2892 2268; x_wconf 85' lang='lat' dir='ltr'><strong>aeternum.</strong></span> <span class='ocrx_word' id='word_1_279' title='bbox 2927 2214 3220 2283; x_wconf 87' lang='lat' dir='ltr'><strong>Propterea</strong></span> <span class='ocrx_word' id='word_1_280' title='bbox 3248 2212 3428 2266; x_wconf 74' lang='lat' dir='ltr'><strong>dictus</strong></span> 
     </span>
    </p>
   </div>
   <div class='ocr_carea' id='block_1_22' title="bbox 139 2299 3426 2376">
    <p class='ocr_par' dir='ltr' id='par_1_22' title="bbox 139 2299 3426 2376">
     <span class='ocr_line' id='line_1_22' title="bbox 139 2299 3426 2376; baseline 0 -20"><span class='ocrx_word' id='word_1_281' title='bbox 139 2307 232 2353; x_wconf 72' lang='lat' dir='ltr'><strong>est</strong></span> <span class='ocrx_word' id='word_1_282' title='bbox 265 2301 570 2368; x_wconf 82' lang='lat' dir='ltr'><strong>psalmUS&#39;:</strong></span> <span class='ocrx_word' id='word_1_283' title='bbox 608 2299 676 2352; x_wconf 87' lang='lat' dir='ltr'><strong>In</strong></span> <span class='ocrx_word' id='word_1_284' title='bbox 717 2301 873 2369; x_wconf 81' lang='lat' dir='ltr'><strong>ﬁnem</strong></span> <span class='ocrx_word' id='word_1_285' title='bbox 904 2305 959 2356; x_wconf 86' lang='lat' dir='ltr'><strong>in</strong></span> <span class='ocrx_word' id='word_1_286' title='bbox 988 2303 1197 2372; x_wconf 78' lang='lat' dir='ltr'><strong>hymnis</strong></span> <span class='ocrx_word' id='word_1_287' title='bbox 1232 2321 1324 2370; x_wconf 82' lang='lat' dir='ltr'><strong>pro</strong></span> <span class='ocrx_word' id='word_1_288' title='bbox 1354 2314 1556 2371; x_wconf 88' lang='lat' dir='ltr'><strong>octava,</strong></span> <span class='ocrx_word' id='word_1_289' title='bbox 1595 2322 1658 2362; x_wconf 91' lang='lat' dir='ltr'><strong>eo</strong></span> <span class='ocrx_word' id='word_1_290' title='bbox 1705 2308 1849 2376; x_wconf 90' lang='lat' dir='ltr'><strong>quod</strong></span> <span class='ocrx_word' id='word_1_291' title='bbox 1901 2309 2201 2362; x_wconf 88' lang='lat' dir='ltr'><strong>liberentur</strong></span> <span class='ocrx_word' id='word_1_292' title='bbox 2245 2309 2422 2362; x_wconf 89' lang='lat' dir='ltr'><strong>sancti</strong></span> <span class='ocrx_word' id='word_1_293' title='bbox 2467 2309 2521 2362; x_wconf 92' lang='lat' dir='ltr'><strong>in</strong></span> <span class='ocrx_word' id='word_1_294' title='bbox 2551 2317 2776 2375; x_wconf 77' lang='lat' dir='ltr'><strong>octava;</strong></span> <span class='ocrx_word' id='word_1_295' title='bbox 2803 2329 2821 2360; x_wconf 69' lang='grc' dir='ltr'><strong>ι</strong></span> <span class='ocrx_word' id='word_1_296' title='bbox 2847 2309 2899 2362; x_wconf 92' lang='lat' dir='ltr'><strong>id</strong></span> <span class='ocrx_word' id='word_1_297' title='bbox 2929 2325 2960 2362; x_wconf 93' lang='lat' dir='ltr'><strong>a</strong></span> <span class='ocrx_word' id='word_1_298' title='bbox 2989 2324 3074 2361; x_wconf 91' lang='lat' dir='ltr'><strong>me</strong></span> <span class='ocrx_word' id='word_1_299' title='bbox 3106 2318 3426 2375; x_wconf 83' lang='lat' dir='ltr'><strong>responsum</strong></span> 
     </span>
    </p>
   </div>
   <div class='ocr_carea' id='block_1_23' title="bbox 140 2390 3427 2468">
    <p class='ocr_par' dir='ltr' id='par_1_23' title="bbox 140 2390 3427 2468">
     <span class='ocr_line' id='line_1_23' title="bbox 140 2390 3427 2468; baseline 0.001 -24"><span class='ocrx_word' id='word_1_300' title='bbox 140 2390 320 2456; x_wconf 85' lang='lat' dir='ltr'><strong>ferat,</strong></span> <span class='ocrx_word' id='word_1_301' title='bbox 355 2399 568 2447; x_wconf 83' lang='lat' dir='ltr'><strong>tantum</strong></span> <span class='ocrx_word' id='word_1_302' title='bbox 599 2395 791 2449; x_wconf 81' lang='lat' dir='ltr'><strong>abesse</strong></span> <span class='ocrx_word' id='word_1_303' title='bbox 810 2435 824 2460; x_wconf 94' lang='lat'><strong>,</strong></span> <span class='ocrx_word' id='word_1_304' title='bbox 851 2405 910 2450; x_wconf 92' lang='lat' dir='ltr'><strong>ut</strong></span> <span class='ocrx_word' id='word_1_305' title='bbox 945 2397 1074 2450; x_wconf 90' lang='lat' dir='ltr'><strong>hinc</strong></span> <span class='ocrx_word' id='word_1_306' title='bbox 1095 2397 1300 2466; x_wconf 90' lang='lat' dir='ltr'><strong>aliquid</strong></span> <span class='ocrx_word' id='word_1_307' title='bbox 1330 2406 1520 2452; x_wconf 90' lang='lat' dir='ltr'><strong>contra</strong></span> <span class='ocrx_word' id='word_1_308' title='bbox 1549 2415 1612 2452; x_wconf 93' lang='lat' dir='ltr'><strong>ea</strong></span> <span class='ocrx_word' id='word_1_309' title='bbox 1634 2415 1756 2468; x_wconf 66' lang='lat' dir='ltr'><strong>quae</strong></span> <span class='ocrx_word' id='word_1_310' title='bbox 1781 2399 1847 2453; x_wconf 92' lang='lat' dir='ltr'><strong>de</strong></span> <span class='ocrx_word' id='word_1_311' title='bbox 1872 2407 2097 2454; x_wconf 89' lang='lat' dir='ltr'><strong>auctore</strong></span> <span class='ocrx_word' id='word_1_312' title='bbox 2123 2398 2500 2452; x_wconf 86' lang='lat' dir='ltr'><strong>commentarii</strong></span> <span class='ocrx_word' id='word_1_313' title='bbox 2533 2399 2766 2454; x_wconf 89' lang='lat' dir='ltr'><strong>disserui</strong></span> <span class='ocrx_word' id='word_1_314' title='bbox 2790 2438 2805 2463; x_wconf 94' lang='lat'><strong>,</strong></span> <span class='ocrx_word' id='word_1_315' title='bbox 2840 2399 3021 2466; x_wconf 87' lang='lat' dir='ltr'><strong>colligi</strong></span> <span class='ocrx_word' id='word_1_316' title='bbox 3044 2395 3253 2466; x_wconf 85' lang='lat' dir='ltr'><strong>possit,</strong></span> <span class='ocrx_word' id='word_1_317' title='bbox 3291 2393 3427 2462; x_wconf 92' lang='lat' dir='ltr'><strong>quin</strong></span> 
     </span>
    </p>
   </div>
   <div class='ocr_carea' id='block_1_24' title="bbox 141 2487 3427 2563">
    <p class='ocr_par' dir='ltr' id='par_1_24' title="bbox 141 2487 3427 2563">
     <span class='ocr_line' id='line_1_24' title="bbox 141 2487 3427 2563; baseline 0.001 -24"><span class='ocrx_word' id='word_1_318' title='bbox 141 2487 336 2556; x_wconf 90' lang='lat' dir='ltr'><strong>potius</strong></span> <span class='ocrx_word' id='word_1_319' title='bbox 360 2487 604 2558; x_wconf 84' lang='lat' dir='ltr'><strong>ejusdem</strong></span> <span class='ocrx_word' id='word_1_320' title='bbox 634 2490 934 2561; x_wconf 74' lang='lat' dir='ltr'><strong>antiquitas</strong></span> <span class='ocrx_word' id='word_1_321' title='bbox 963 2500 1264 2546; x_wconf 88' lang='lat' dir='ltr'><strong>astruatur.</strong></span> <span class='ocrx_word' id='word_1_322' title='bbox 1292 2491 1480 2563; x_wconf 86' lang='lat' dir='ltr'><strong>Neque</strong></span> <span class='ocrx_word' id='word_1_323' title='bbox 1506 2495 1652 2548; x_wconf 90' lang='lat' dir='ltr'><strong>enim</strong></span> <span class='ocrx_word' id='word_1_324' title='bbox 1681 2505 1891 2550; x_wconf 90' lang='lat' dir='ltr'><strong>veteres</strong></span> <span class='ocrx_word' id='word_1_325' title='bbox 1921 2493 2110 2550; x_wconf 90' lang='lat' dir='ltr'><strong>Patres</strong></span> <span class='ocrx_word' id='word_1_326' title='bbox 2137 2495 2242 2548; x_wconf 92' lang='lat' dir='ltr'><strong>alia</strong></span> <span class='ocrx_word' id='word_1_327' title='bbox 2280 2495 2491 2549; x_wconf 89' lang='lat' dir='ltr'><strong>ratione</strong></span> <span class='ocrx_word' id='word_1_328' title='bbox 2521 2495 2686 2548; x_wconf 91' lang='lat' dir='ltr'><strong>locuti</strong></span> <span class='ocrx_word' id='word_1_329' title='bbox 2719 2501 2849 2548; x_wconf 91' lang='lat' dir='ltr'><strong>sunt</strong></span> <span class='ocrx_word' id='word_1_330' title='bbox 2875 2493 2941 2547; x_wconf 90' lang='lat' dir='ltr'><strong>de</strong></span> <span class='ocrx_word' id='word_1_331' title='bbox 2974 2490 3211 2546; x_wconf 86' lang='lat' dir='ltr'><strong>Sahbato</strong></span> <span class='ocrx_word' id='word_1_332' title='bbox 3231 2530 3245 2555; x_wconf 94' lang='lat'><strong>,</strong></span> <span class='ocrx_word' id='word_1_333' title='bbox 3281 2496 3333 2542; x_wconf 76' lang='lat' dir='ltr'><strong>et</strong></span> <span class='ocrx_word' id='word_1_334' title='bbox 3360 2489 3427 2542; x_wconf 92' lang='lat' dir='ltr'><strong>de</strong></span> 
     </span>
    </p>
   </div>
   <div class='ocr_carea' id='block_1_25' title="bbox 141 2578 3426 2658">
    <p class='ocr_par' dir='ltr' id='par_1_25' title="bbox 141 2578 3426 2658">
     <span class='ocr_line' id='line_1_25' title="bbox 141 2578 3426 2658; baseline 0 -24"><span class='ocrx_word' id='word_1_335' title='bbox 141 2578 350 2636; x_wconf 88' lang='lat' dir='ltr'><strong>Octava</strong></span> <span class='ocrx_word' id='word_1_336' title='bbox 373 2623 388 2648; x_wconf 92' lang='lat'><strong>,</strong></span> <span class='ocrx_word' id='word_1_337' title='bbox 425 2583 568 2638; x_wconf 89' lang='lat' dir='ltr'><strong>etde</strong></span> <span class='ocrx_word' id='word_1_338' title='bbox 595 2584 817 2650; x_wconf 88' lang='lat' dir='ltr'><strong>psalmis</strong></span> <span class='ocrx_word' id='word_1_339' title='bbox 851 2585 946 2654; x_wconf 87' lang='lat' dir='ltr'><strong>qui</strong></span> <span class='ocrx_word' id='word_1_340' title='bbox 996 2587 1104 2640; x_wconf 86' lang='lat' dir='ltr'><strong>Pro</strong></span> <span class='ocrx_word' id='word_1_341' title='bbox 1131 2598 1318 2640; x_wconf 84' lang='lat' dir='ltr'><strong>octava</strong></span> <span class='ocrx_word' id='word_1_342' title='bbox 1352 2589 1748 2644; x_wconf 83' lang='lat' dir='ltr'><strong>inscribuntur.</strong></span> <span class='ocrx_word' id='word_1_343' title='bbox 1785 2590 1863 2643; x_wconf 91' lang='lat' dir='ltr'><strong>lta</strong></span> <span class='ocrx_word' id='word_1_344' title='bbox 1899 2590 2119 2658; x_wconf 88' lang='lat' dir='ltr'><strong>quidem</strong></span> <span class='ocrx_word' id='word_1_345' title='bbox 2154 2588 2210 2643; x_wconf 92' lang='lat' dir='ltr'><strong>S.</strong></span> <span class='ocrx_word' id='word_1_346' title='bbox 2247 2589 2528 2644; x_wconf 87' lang='lat' dir='ltr'><strong>Barnabas</strong></span> <span class='ocrx_word' id='word_1_347' title='bbox 2576 2588 2630 2641; x_wconf 91' lang='lat' dir='ltr'><strong>in</strong></span> <span class='ocrx_word' id='word_1_348' title='bbox 2686 2603 2784 2642; x_wconf 91' lang='lat' dir='ltr'><strong>sua</strong></span> <span class='ocrx_word' id='word_1_349' title='bbox 2833 2585 3074 2656; x_wconf 84' lang='lat' dir='ltr'><strong>Epistola</strong></span> <span class='ocrx_word' id='word_1_350' title='bbox 3122 2581 3426 2647; x_wconf 87' lang='lat' dir='ltr'><strong>catholica,</strong></span> 
     </span>
    </p>
   </div>
   <div class='ocr_carea' id='block_1_26' title="bbox 144 2673 3426 2749">
    <p class='ocr_par' dir='ltr' id='par_1_26' title="bbox 144 2673 3426 2749">
     <span class='ocr_line' id='line_1_26' title="bbox 144 2673 3426 2749; baseline -0.001 -20"><span class='ocrx_word' id='word_1_351' title='bbox 144 2673 179 2746; x_wconf 63' lang='grc' dir='ltr'>ᾗ</span> <span class='ocrx_word' id='word_1_352' title='bbox 221 2675 289 2728; x_wconf 81' lang='grc'>15</span> <span class='ocrx_word' id='word_1_353' title='bbox 310 2716 324 2740; x_wconf 93' lang='grc'><em>,</em></span> <span class='ocrx_word' id='word_1_354' title='bbox 351 2675 443 2729; x_wconf 89' lang='lat' dir='ltr'><strong>ubi</strong></span> <span class='ocrx_word' id='word_1_355' title='bbox 475 2675 716 2746; x_wconf 87' lang='lat' dir='ltr'><strong>loquitur</strong></span> <span class='ocrx_word' id='word_1_356' title='bbox 744 2677 811 2731; x_wconf 91' lang='lat' dir='ltr'><strong>de</strong></span> <span class='ocrx_word' id='word_1_357' title='bbox 845 2677 1083 2732; x_wconf 80' lang='lat' dir='ltr'><strong>Sabbato</strong></span> <span class='ocrx_word' id='word_1_358' title='bbox 1109 2679 1337 2749; x_wconf 84' lang='lat' dir='ltr'><strong>ejusque</strong></span> <span class='ocrx_word' id='word_1_359' title='bbox 1373 2682 1840 2748; x_wconf 76' lang='lat' dir='ltr'><strong>sanctificatione;</strong></span> <span class='ocrx_word' id='word_1_360' title='bbox 1865 2691 1918 2734; x_wconf 90' lang='lat' dir='ltr'><strong>et</strong></span> <span class='ocrx_word' id='word_1_361' title='bbox 1948 2682 2000 2734; x_wconf 93' lang='lat' dir='ltr'><strong>in</strong></span> <span class='ocrx_word' id='word_1_362' title='bbox 2038 2682 2185 2735; x_wconf 91' lang='lat' dir='ltr'><strong>notis</strong></span> <span class='ocrx_word' id='word_1_363' title='bbox 2218 2682 2284 2735; x_wconf 87' lang='lat' dir='ltr'><strong>ad</strong></span> <span class='ocrx_word' id='word_1_364' title='bbox 2317 2681 2482 2734; x_wconf 88' lang='lat' dir='ltr'><strong>verba</strong></span> <span class='ocrx_word' id='word_1_365' title='bbox 2529 2679 2772 2749; x_wconf 87' lang='lat' dir='ltr'><strong>ejusdem</strong></span> <span class='ocrx_word' id='word_1_366' title='bbox 2819 2678 3077 2748; x_wconf 74' lang='lat' dir='ltr'><strong>Epistolre</strong></span> <span class='ocrx_word' id='word_1_367' title='bbox 3125 2674 3426 2730; x_wconf 86' lang='lat' dir='ltr'><strong>Cotelerius</strong></span> 
     </span>
    </p>
   </div>
   <div class='ocr_carea' id='block_1_27' title="bbox 143 2763 3427 2844">
    <p class='ocr_par' dir='ltr' id='par_1_27' title="bbox 143 2763 3427 2844">
     <span class='ocr_line' id='line_1_27' title="bbox 143 2763 3427 2844; baseline -0 -24"><span class='ocrx_word' id='word_1_368' title='bbox 143 2768 309 2821; x_wconf 79' lang='lat' dir='ltr'><strong>affert</strong></span> <span class='ocrx_word' id='word_1_369' title='bbox 333 2783 397 2822; x_wconf 84' lang='lat' dir='ltr'><strong>ex</strong></span> <span class='ocrx_word' id='word_1_370' title='bbox 432 2769 621 2824; x_wconf 85' lang='lat' dir='ltr'><strong>codice</strong></span> <span class='ocrx_word' id='word_1_371' title='bbox 651 2771 1026 2840; x_wconf 89' lang='lat' dir='ltr'><strong>manuscripto</strong></span> <span class='ocrx_word' id='word_1_372' title='bbox 1056 2771 1421 2844; x_wconf 82' lang='lat' dir='ltr'><strong>fragmentum</strong></span> <span class='ocrx_word' id='word_1_373' title='bbox 1455 2774 1713 2829; x_wconf 42' lang='lat' dir='ltr'><strong>Graecum</strong></span> <span class='ocrx_word' id='word_1_374' title='bbox 1741 2775 1798 2828; x_wconf 90' lang='lat' dir='ltr'><strong>S.</strong></span> <span class='ocrx_word' id='word_1_375' title='bbox 1829 2774 2042 2839; x_wconf 70' lang='lat' dir='ltr'><strong>lrenaai,</strong></span> <span class='ocrx_word' id='word_1_376' title='bbox 2071 2775 2245 2844; x_wconf 81' lang='lat' dir='ltr'><strong>cujus&#39;</strong></span> <span class='ocrx_word' id='word_1_377' title='bbox 2265 2774 2452 2835; x_wconf 85' lang='lat' dir='ltr'><strong>verba,</strong></span> <span class='ocrx_word' id='word_1_378' title='bbox 2481 2787 2605 2826; x_wconf 93' lang='lat' dir='ltr'><strong>cum</strong></span> <span class='ocrx_word' id='word_1_379' title='bbox 2634 2770 2926 2825; x_wconf 92' lang='lat' dir='ltr'><strong>admodum</strong></span> <span class='ocrx_word' id='word_1_380' title='bbox 2961 2769 3162 2824; x_wconf 88' lang='lat' dir='ltr'><strong>similia</strong></span> <span class='ocrx_word' id='word_1_381' title='bbox 3205 2767 3316 2820; x_wconf 89' lang='lat' dir='ltr'><strong>sint</strong></span> <span class='ocrx_word' id='word_1_382' title='bbox 3359 2763 3427 2819; x_wconf 88' lang='lat' dir='ltr'><strong>iis</strong></span> 
     </span>
    </p>
   </div>
   <div class='ocr_carea' id='block_1_28' title="bbox 144 2864 3426 2938">
    <p class='ocr_par' dir='ltr' id='par_1_28' title="bbox 144 2864 3426 2938">
     <span class='ocr_line' id='line_1_28' title="bbox 144 2864 3426 2938; baseline 0.001 -22"><span class='ocrx_word' id='word_1_383' title='bbox 144 2879 274 2938; x_wconf 68' lang='lat' dir='ltr'><strong>quae</strong></span> <span class='ocrx_word' id='word_1_384' title='bbox 306 2864 360 2917; x_wconf 90' lang='lat' dir='ltr'><strong>in</strong></span> <span class='ocrx_word' id='word_1_385' title='bbox 393 2874 582 2919; x_wconf 88' lang='lat' dir='ltr'><strong>nostro</strong></span> <span class='ocrx_word' id='word_1_386' title='bbox 605 2869 1003 2926; x_wconf 87' lang='lat' dir='ltr'><strong>commentario</strong></span> <span class='ocrx_word' id='word_1_387' title='bbox 1034 2868 1322 2937; x_wconf 81' lang='lat' dir='ltr'><strong>leguntur,</strong></span> <span class='ocrx_word' id='word_1_388' title='bbox 1357 2885 1465 2924; x_wconf 90' lang='lat' dir='ltr'><strong>non</strong></span> <span class='ocrx_word' id='word_1_389' title='bbox 1501 2870 1738 2926; x_wconf 90' lang='lat' dir='ltr'><strong>alienum</strong></span> <span class='ocrx_word' id='word_1_390' title='bbox 1766 2872 1870 2926; x_wconf 89' lang='lat' dir='ltr'><strong>erit</strong></span> <span class='ocrx_word' id='word_1_391' title='bbox 1897 2887 1926 2925; x_wconf 91' lang='lat' dir='ltr'><strong>a</strong></span> <span class='ocrx_word' id='word_1_392' title='bbox 1962 2887 2020 2925; x_wconf 88' lang='lat' dir='ltr'><strong>re</strong></span> <span class='ocrx_word' id='word_1_393' title='bbox 2057 2883 2242 2926; x_wconf 90' lang='lat' dir='ltr'><strong>nostra</strong></span> <span class='ocrx_word' id='word_1_394' title='bbox 2274 2871 2466 2924; x_wconf 88' lang='lat' dir='ltr'><strong>Latine</strong></span> <span class='ocrx_word' id='word_1_395' title='bbox 2500 2869 2708 2924; x_wconf 91' lang='lat' dir='ltr'><strong>reddita</strong></span> <span class='ocrx_word' id='word_1_396' title='bbox 2744 2869 2849 2923; x_wconf 88' lang='lat' dir='ltr'><strong>hoc</strong></span> <span class='ocrx_word' id='word_1_397' title='bbox 2877 2869 2999 2922; x_wconf 89' lang='lat' dir='ltr'><strong>loco</strong></span> <span class='ocrx_word' id='word_1_398' title='bbox 3033 2866 3247 2920; x_wconf 76' lang='lat' dir='ltr'><strong>afferre.</strong></span> <span class='ocrx_word' id='word_1_399' title='bbox 3274 2865 3332 2918; x_wconf 92' lang='lat' dir='ltr'><strong>In</strong></span> <span class='ocrx_word' id='word_1_400' title='bbox 3361 2881 3426 2919; x_wconf 89' lang='lat' dir='ltr'><strong>eu</strong></span> 
     </span>
    </p>
   </div>
   <div class='ocr_carea' id='block_1_29' title="bbox 143 2956 3426 3032">
    <p class='ocr_par' dir='ltr' id='par_1_29' title="bbox 143 2956 3426 3032">
     <span class='ocr_line' id='line_1_29' title="bbox 143 2956 3426 3032; baseline 0.001 -22"><span class='ocrx_word' id='word_1_401' title='bbox 143 2956 396 3027; x_wconf 87' lang='lat' dir='ltr'><strong>quidem,</strong></span> <span class='ocrx_word' id='word_1_402' title='bbox 432 2957 607 3012; x_wconf 88' lang='lat' dir='ltr'><strong>allatis</strong></span> <span class='ocrx_word' id='word_1_403' title='bbox 637 2958 935 3028; x_wconf 67' lang='lat' dir='ltr'><strong>Scriptura:</strong></span> <span class='ocrx_word' id='word_1_404' title='bbox 956 2962 1138 3017; x_wconf 89' lang='lat' dir='ltr'><strong>verbis</strong></span> <span class='ocrx_word' id='word_1_405' title='bbox 1170 2977 1237 3016; x_wconf 82' lang='lat' dir='ltr'><strong>ex</strong></span> <span class='ocrx_word' id='word_1_406' title='bbox 1259 2963 1435 3032; x_wconf 88' lang='lat' dir='ltr'><strong>capite</strong></span> <span class='ocrx_word' id='word_1_407' title='bbox 1467 2964 1708 3018; x_wconf 86' lang='lat' dir='ltr'><strong>secundo</strong></span> <span class='ocrx_word' id='word_1_408' title='bbox 1737 2963 1986 3028; x_wconf 89' lang='lat' dir='ltr'><strong>Genesis,</strong></span> <span class='ocrx_word' id='word_1_409' title='bbox 2019 2965 2132 3017; x_wconf 77' lang='lat' dir='ltr'><strong>hzec</strong></span> <span class='ocrx_word' id='word_1_410' title='bbox 2157 2963 2502 3017; x_wconf 78' lang='lat' dir='ltr'><strong>subdentur:</strong></span> <span class='ocrx_word' id='word_1_411' title='bbox 2539 2982 2556 3014; x_wconf 72' lang='grc' dir='ltr'><strong>τ</strong></span> <span class='ocrx_word' id='word_1_412' title='bbox 2583 2957 2696 3016; x_wconf 84' lang='lat' dir='ltr'><strong>Hoc</strong></span> <span class='ocrx_word' id='word_1_413' title='bbox 2726 2971 2908 3016; x_wconf 90' lang='lat' dir='ltr'><strong>autem</strong></span> <span class='ocrx_word' id='word_1_414' title='bbox 2939 2969 3023 3016; x_wconf 89' lang='lat' dir='ltr'><strong>est</strong></span> <span class='ocrx_word' id='word_1_415' title='bbox 3045 2975 3099 3015; x_wconf 91' lang='lat' dir='ltr'><strong>et</strong></span> <span class='ocrx_word' id='word_1_416' title='bbox 3129 2959 3426 3014; x_wconf 88' lang='lat' dir='ltr'><strong>antefacto-</strong></span> 
     </span>
    </p>
   </div>
   <div class='ocr_carea' id='block_1_30' title="bbox 145 3051 3424 3127">
    <p class='ocr_par' dir='ltr' id='par_1_30' title="bbox 145 3051 3424 3127">
     <span class='ocr_line' id='line_1_30' title="bbox 145 3051 3424 3127; baseline 0.002 -23"><span class='ocrx_word' id='word_1_417' title='bbox 145 3067 275 3104; x_wconf 84' lang='lat' dir='ltr'><strong>rum</strong></span> <span class='ocrx_word' id='word_1_418' title='bbox 306 3051 544 3107; x_wconf 81' lang='lat' dir='ltr'><strong>narratio</strong></span> <span class='ocrx_word' id='word_1_419' title='bbox 585 3063 638 3106; x_wconf 90' lang='lat' dir='ltr'><strong>et</strong></span> <span class='ocrx_word' id='word_1_420' title='bbox 660 3051 968 3111; x_wconf 86' lang='lat' dir='ltr'><strong>futurorum</strong></span> <span class='ocrx_word' id='word_1_421' title='bbox 995 3055 1300 3124; x_wconf 88' lang='lat' dir='ltr'><strong>prophetia.</strong></span> <span class='ocrx_word' id='word_1_422' title='bbox 1334 3055 1432 3111; x_wconf 90' lang='lat' dir='ltr'><strong>Est</strong></span> <span class='ocrx_word' id='word_1_423' title='bbox 1461 3057 1606 3112; x_wconf 90' lang='lat' dir='ltr'><strong>enim</strong></span> <span class='ocrx_word' id='word_1_424' title='bbox 1629 3059 1745 3111; x_wconf 87' lang='lat' dir='ltr'><strong>dies</strong></span> <span class='ocrx_word' id='word_1_425' title='bbox 1775 3057 1989 3111; x_wconf 89' lang='lat' dir='ltr'><strong>Domini</strong></span> <span class='ocrx_word' id='word_1_426' title='bbox 2017 3058 2174 3127; x_wconf 87' lang='lat' dir='ltr'><strong>quasi</strong></span> <span class='ocrx_word' id='word_1_427' title='bbox 2204 3057 2351 3110; x_wconf 89' lang='lat' dir='ltr'><strong>mille</strong></span> <span class='ocrx_word' id='word_1_428' title='bbox 2378 3057 2528 3111; x_wconf 89' lang='lat' dir='ltr'><strong>anni.</strong></span> <span class='ocrx_word' id='word_1_429' title='bbox 2557 3057 2614 3110; x_wconf 93' lang='lat' dir='ltr'><strong>ln</strong></span> <span class='ocrx_word' id='word_1_430' title='bbox 2645 3073 2737 3111; x_wconf 86' lang='lat' dir='ltr'><strong>sex</strong></span> <span class='ocrx_word' id='word_1_431' title='bbox 2765 3056 2928 3126; x_wconf 88' lang='lat' dir='ltr'><strong>igitur</strong></span> <span class='ocrx_word' id='word_1_432' title='bbox 2948 3055 3140 3109; x_wconf 89' lang='lat' dir='ltr'><strong>diebus</strong></span> <span class='ocrx_word' id='word_1_433' title='bbox 3163 3069 3424 3109; x_wconf 88' lang='lat' dir='ltr'><strong>consum-</strong></span> 
     </span>
    </p>
   </div>
   <div class='ocr_carea' id='block_1_31' title="bbox 143 3142 3425 3220">
    <p class='ocr_par' dir='ltr' id='par_1_31' title="bbox 143 3142 3425 3220">
     <span class='ocr_line' id='line_1_31' title="bbox 143 3142 3425 3220; baseline 0.002 -27"><span class='ocrx_word' id='word_1_434' title='bbox 143 3150 301 3194; x_wconf 86' lang='lat' dir='ltr'><strong>mata</strong></span> <span class='ocrx_word' id='word_1_435' title='bbox 333 3152 461 3195; x_wconf 88' lang='lat' dir='ltr'><strong>sunt</strong></span> <span class='ocrx_word' id='word_1_436' title='bbox 490 3157 612 3213; x_wconf 85' lang='lat' dir='ltr'><strong>quae</strong></span> <span class='ocrx_word' id='word_1_437' title='bbox 642 3142 786 3199; x_wconf 90' lang='lat' dir='ltr'><strong>facta</strong></span> <span class='ocrx_word' id='word_1_438' title='bbox 819 3155 966 3201; x_wconf 91' lang='lat' dir='ltr'><strong>sunt.</strong></span> <span class='ocrx_word' id='word_1_439' title='bbox 998 3146 1348 3202; x_wconf 85' lang='lat' dir='ltr'><strong>Manifestum</strong></span> <span class='ocrx_word' id='word_1_440' title='bbox 1374 3164 1505 3218; x_wconf 83' lang='lat' dir='ltr'><strong>ergo</strong></span> <span class='ocrx_word' id='word_1_441' title='bbox 1535 3159 1620 3204; x_wconf 88' lang='lat' dir='ltr'><strong>est</strong></span> <span class='ocrx_word' id='word_1_442' title='bbox 1664 3150 1922 3220; x_wconf 85' lang='lat' dir='ltr'><strong>quoniam</strong></span> <span class='ocrx_word' id='word_1_443' title='bbox 1957 3151 2360 3204; x_wconf 87' lang='lat' dir='ltr'><strong>consummatio</strong></span> <span class='ocrx_word' id='word_1_444' title='bbox 2397 3150 2642 3218; x_wconf 87' lang='lat' dir='ltr'><strong>ipsorum</strong></span> <span class='ocrx_word' id='word_1_445' title='bbox 2677 3159 2862 3204; x_wconf 88' lang='lat' dir='ltr'><strong>sextus</strong></span> <span class='ocrx_word' id='word_1_446' title='bbox 2895 3149 3218 3203; x_wconf 88' lang='lat' dir='ltr'><strong>millesimus</strong></span> <span class='ocrx_word' id='word_1_447' title='bbox 3249 3162 3425 3201; x_wconf 89' lang='lat' dir='ltr'><strong>annus</strong></span> 
     </span>
    </p>
   </div>
   <div class='ocr_carea' id='block_1_32' title="bbox 144 3234 3423 3312">
    <p class='ocr_par' dir='ltr' id='par_1_32' title="bbox 144 3234 3423 3312">
     <span class='ocr_line' id='line_1_32' title="bbox 144 3234 3423 3312; baseline 0.001 -24"><span class='ocrx_word' id='word_1_448' title='bbox 144 3246 254 3290; x_wconf 77' lang='lat' dir='ltr'><strong>est.</strong></span> <span class='ocrx_word' id='word_1_449' title='bbox 289 3234 356 3290; x_wconf 88' lang='lat' dir='ltr'><strong>Et</strong></span> <span class='ocrx_word' id='word_1_450' title='bbox 381 3237 609 3306; x_wconf 88' lang='lat' dir='ltr'><strong>septima</strong></span> <span class='ocrx_word' id='word_1_451' title='bbox 640 3237 726 3293; x_wconf 89' lang='lat' dir='ltr'><strong>die</strong></span> <span class='ocrx_word' id='word_1_452' title='bbox 757 3239 943 3294; x_wconf 91' lang='lat' dir='ltr'><strong>orbem</strong></span> <span class='ocrx_word' id='word_1_453' title='bbox 963 3240 1210 3310; x_wconf 86' lang='lat' dir='ltr'><strong>judicat:</strong></span> <span class='ocrx_word' id='word_1_454' title='bbox 1247 3249 1302 3296; x_wconf 88' lang='lat' dir='ltr'><strong>et</strong></span> <span class='ocrx_word' id='word_1_455' title='bbox 1324 3252 1514 3297; x_wconf 88' lang='lat' dir='ltr'><strong>octava</strong></span> <span class='ocrx_word' id='word_1_456' title='bbox 1535 3284 1550 3308; x_wconf 94' lang='lat'><strong>,</strong></span> <span class='ocrx_word' id='word_1_457' title='bbox 1580 3258 1700 3311; x_wconf 68' lang='lat' dir='ltr'><strong>qua:</strong></span> <span class='ocrx_word' id='word_1_458' title='bbox 1733 3251 1818 3298; x_wconf 90' lang='lat' dir='ltr'><strong>est</strong></span> <span class='ocrx_word' id='word_1_459' title='bbox 1845 3242 2090 3296; x_wconf 87' lang='lat' dir='ltr'><strong>futurum</strong></span> <span class='ocrx_word' id='word_1_460' title='bbox 2119 3242 2379 3297; x_wconf 64' lang='lat' dir='ltr'><strong>saeculum</strong></span> <span class='ocrx_word' id='word_1_461' title='bbox 2407 3281 2421 3306; x_wconf 96' lang='lat'><strong>,</strong></span> <span class='ocrx_word' id='word_1_462' title='bbox 2459 3243 2596 3296; x_wconf 90' lang='lat' dir='ltr'><strong>alios</strong></span> <span class='ocrx_word' id='word_1_463' title='bbox 2627 3243 2844 3312; x_wconf 90' lang='lat' dir='ltr'><strong>quidem</strong></span> <span class='ocrx_word' id='word_1_464' title='bbox 2896 3242 3060 3295; x_wconf 87' lang='lat' dir='ltr'><strong>tradit</strong></span> <span class='ocrx_word' id='word_1_465' title='bbox 3104 3241 3158 3294; x_wconf 91' lang='lat' dir='ltr'><strong>in</strong></span> <span class='ocrx_word' id='word_1_466' title='bbox 3204 3255 3423 3309; x_wconf 70' lang='lat' dir='ltr'><strong>poenam</strong></span> 
     </span>
    </p>
   </div>
   <div class='ocr_carea' id='block_1_33' title="bbox 145 3327 3424 3402">
    <p class='ocr_par' dir='ltr' id='par_1_33' title="bbox 145 3327 3424 3402">
     <span class='ocr_line' id='line_1_33' title="bbox 145 3327 3424 3402; baseline 0.002 -24"><span class='ocrx_word' id='word_1_467' title='bbox 145 3334 450 3389; x_wconf 61' lang='lat' dir='ltr'><strong>aternam,</strong></span> <span class='ocrx_word' id='word_1_468' title='bbox 487 3327 624 3382; x_wconf 90' lang='lat' dir='ltr'><strong>alios</strong></span> <span class='ocrx_word' id='word_1_469' title='bbox 652 3328 707 3382; x_wconf 90' lang='lat' dir='ltr'><strong>in</strong></span> <span class='ocrx_word' id='word_1_470' title='bbox 729 3329 918 3384; x_wconf 88' lang='lat' dir='ltr'><strong>vitam.</strong></span> <span class='ocrx_word' id='word_1_471' title='bbox 951 3328 1178 3400; x_wconf 86' lang='lat' dir='ltr'><strong>Propter</strong></span> <span class='ocrx_word' id='word_1_472' title='bbox 1209 3331 1314 3386; x_wconf 91' lang='lat' dir='ltr'><strong>hoc</strong></span> <span class='ocrx_word' id='word_1_473' title='bbox 1354 3331 1485 3387; x_wconf 88' lang='lat' dir='ltr'><strong>dicti</strong></span> <span class='ocrx_word' id='word_1_474' title='bbox 1542 3341 1670 3386; x_wconf 89' lang='lat' dir='ltr'><strong>sunt</strong></span> <span class='ocrx_word' id='word_1_475' title='bbox 1722 3333 1916 3400; x_wconf 89' lang='lat' dir='ltr'><strong>psalmi</strong></span> <span class='ocrx_word' id='word_1_476' title='bbox 1946 3333 2058 3386; x_wconf 87' lang='lat' dir='ltr'><strong>Pro</strong></span> <span class='ocrx_word' id='word_1_477' title='bbox 2111 3342 2317 3385; x_wconf 83' lang='lat' dir='ltr'><strong>octava.</strong></span> <span class='ocrx_word' id='word_1_478' title='bbox 2367 3331 2564 3385; x_wconf 86' lang='lat' dir='ltr'><strong>Eadem</strong></span> <span class='ocrx_word' id='word_1_479' title='bbox 2608 3333 2861 3401; x_wconf 79' lang='lat' dir='ltr'><strong>leguntur</strong></span> <span class='ocrx_word' id='word_1_480' title='bbox 2900 3333 2952 3388; x_wconf 91' lang='lat' dir='ltr'><strong>in</strong></span> <span class='ocrx_word' id='word_1_481' title='bbox 2990 3332 3212 3402; x_wconf 87' lang='lat' dir='ltr'><strong>antiqua</strong></span> <span class='ocrx_word' id='word_1_482' title='bbox 3257 3331 3424 3386; x_wconf 87' lang='lat' dir='ltr'><strong>inter-</strong></span> 
     </span>
    </p>
   </div>
   <div class='ocr_carea' id='block_1_34' title="bbox 149 3423 3426 3500">
    <p class='ocr_par' dir='ltr' id='par_1_34' title="bbox 149 3423 3426 3500">
     <span class='ocr_line' id='line_1_34' title="bbox 149 3423 3426 3500; baseline 0.001 -26"><span class='ocrx_word' id='word_1_483' title='bbox 149 3424 459 3490; x_wconf 90' lang='lat' dir='ltr'><strong>pretatione</strong></span> <span class='ocrx_word' id='word_1_484' title='bbox 490 3423 681 3477; x_wconf 89' lang='lat' dir='ltr'><strong>Latina</strong></span> <span class='ocrx_word' id='word_1_485' title='bbox 714 3424 837 3479; x_wconf 90' lang='lat' dir='ltr'><strong>libri</strong></span> <span class='ocrx_word' id='word_1_486' title='bbox 879 3425 1054 3494; x_wconf 90' lang='lat' dir='ltr'><strong>quinti</strong></span> <span class='ocrx_word' id='word_1_487' title='bbox 1090 3427 1340 3481; x_wconf 80' lang='lat' dir='ltr'><strong>adversus</strong></span> <span class='ocrx_word' id='word_1_488' title='bbox 1373 3427 1593 3500; x_wconf 71' lang='lat' dir='ltr'><strong>ltwreses</strong></span> <span class='ocrx_word' id='word_1_489' title='bbox 1630 3427 1877 3498; x_wconf 84' lang='lat' dir='ltr'><strong>ejusdem</strong></span> <span class='ocrx_word' id='word_1_490' title='bbox 1917 3429 2104 3482; x_wconf 71' lang='lat' dir='ltr'><strong>lrtenei</strong></span> <span class='ocrx_word' id='word_1_491' title='bbox 2135 3428 2287 3498; x_wconf 86' lang='lat'><strong>(78):</strong></span> <span class='ocrx_word' id='word_1_492' title='bbox 2322 3428 2376 3481; x_wconf 89' lang='lat' dir='ltr'><strong>in</strong></span> <span class='ocrx_word' id='word_1_493' title='bbox 2429 3429 2674 3482; x_wconf 90' lang='lat' dir='ltr'><strong>eamdem</strong></span> <span class='ocrx_word' id='word_1_494' title='bbox 2726 3427 3051 3483; x_wconf 88' lang='lat' dir='ltr'><strong>sententiam</strong></span> <span class='ocrx_word' id='word_1_495' title='bbox 3087 3425 3249 3479; x_wconf 84' lang='lat' dir='ltr'><strong>verba</strong></span> <span class='ocrx_word' id='word_1_496' title='bbox 3297 3423 3426 3478; x_wconf 85' lang='lat' dir='ltr'><strong>facit</strong></span> 
     </span>
    </p>
   </div>
   <div class='ocr_carea' id='block_1_35' title="bbox 148 3515 3424 3594">
    <p class='ocr_par' dir='ltr' id='par_1_35' title="bbox 148 3515 3424 3594">
     <span class='ocr_line' id='line_1_35' title="bbox 148 3515 3424 3594; baseline -0.001 -22"><span class='ocrx_word' id='word_1_497' title='bbox 148 3515 418 3587; x_wconf 83' lang='lat' dir='ltr'><strong>Origenes</strong></span> <span class='ocrx_word' id='word_1_498' title='bbox 448 3519 502 3572; x_wconf 87' lang='lat' dir='ltr'><strong>in</strong></span> <span class='ocrx_word' id='word_1_499' title='bbox 531 3521 669 3574; x_wconf 86' lang='lat' dir='ltr'><strong>libro</strong></span> <span class='ocrx_word' id='word_1_500' title='bbox 708 3529 893 3573; x_wconf 85' lang='lat' dir='ltr'><strong>contra</strong></span> <span class='ocrx_word' id='word_1_501' title='bbox 919 3520 1128 3576; x_wconf 83' lang='lat' dir='ltr'><strong>Celsum</strong></span> <span class='ocrx_word' id='word_1_502' title='bbox 1159 3522 1310 3593; x_wconf 87' lang='lat'><strong>(79);</strong></span> <span class='ocrx_word' id='word_1_503' title='bbox 1343 3522 1664 3594; x_wconf 84' lang='lat' dir='ltr'><strong>Hippolytus</strong></span> <span class='ocrx_word' id='word_1_504' title='bbox 1688 3525 1830 3592; x_wconf 86' lang='lat' dir='ltr'><strong>apud</strong></span> <span class='ocrx_word' id='word_1_505' title='bbox 1856 3523 2108 3578; x_wconf 85' lang='lat' dir='ltr'><strong>Photium</strong></span> <span class='ocrx_word' id='word_1_506' title='bbox 2141 3522 2288 3591; x_wconf 86' lang='lat'><strong>(80):</strong></span> <span class='ocrx_word' id='word_1_507' title='bbox 2327 3532 2521 3576; x_wconf 87' lang='lat' dir='ltr'><strong>auctor</strong></span> <span class='ocrx_word' id='word_1_508' title='bbox 2554 3523 2921 3586; x_wconf 64' lang='lat' dir='ltr'><strong>Quaestionum</strong></span> <span class='ocrx_word' id='word_1_509' title='bbox 2952 3531 3000 3575; x_wconf 88' lang='lat' dir='ltr'><strong>et</strong></span> <span class='ocrx_word' id='word_1_510' title='bbox 3031 3521 3424 3588; x_wconf 81' lang='lat' dir='ltr'><strong>responsionum</strong></span> 
     </span>
    </p>
   </div>
   <div class='ocr_carea' id='block_1_36' title="bbox 152 3611 3421 3684">
    <p class='ocr_par' dir='ltr' id='par_1_36' title="bbox 152 3611 3421 3684">
     <span class='ocr_line' id='line_1_36' title="bbox 152 3611 3421 3684; baseline -0.001 -19"><span class='ocrx_word' id='word_1_511' title='bbox 152 3613 300 3666; x_wconf 88' lang='lat' dir='ltr'><strong>inter</strong></span> <span class='ocrx_word' id='word_1_512' title='bbox 328 3627 492 3680; x_wconf 88' lang='lat' dir='ltr'><strong>opera</strong></span> <span class='ocrx_word' id='word_1_513' title='bbox 525 3611 725 3666; x_wconf 81' lang='lat' dir='ltr'><strong>Justini</strong></span> <span class='ocrx_word' id='word_1_514' title='bbox 758 3611 1006 3683; x_wconf 81' lang='lat' dir='ltr'><strong>Martyris</strong></span> <span class='ocrx_word' id='word_1_515' title='bbox 1033 3613 1184 3684; x_wconf 82' lang='grc'>(81),</span> <span class='ocrx_word' id='word_1_516' title='bbox 1210 3624 1264 3668; x_wconf 92' lang='lat' dir='ltr'><strong>et</strong></span> <span class='ocrx_word' id='word_1_517' title='bbox 1293 3613 1609 3669; x_wconf 87' lang='lat' dir='ltr'><strong>Lactantius</strong></span> <span class='ocrx_word' id='word_1_518' title='bbox 1638 3615 1776 3668; x_wconf 91' lang='lat' dir='ltr'><strong>libro</strong></span> <span class='ocrx_word' id='word_1_519' title='bbox 1807 3615 2038 3683; x_wconf 88' lang='lat' dir='ltr'><strong>septimo</strong></span> <span class='ocrx_word' id='word_1_520' title='bbox 2069 3614 2477 3668; x_wconf 84' lang='lat' dir='ltr'><strong>Institutionum</strong></span> <span class='ocrx_word' id='word_1_521' title='bbox 2510 3616 2620 3684; x_wconf 70' lang='lat'><strong>(82)</strong></span> <span class='ocrx_word' id='word_1_522' title='bbox 2649 3633 2661 3680; x_wconf 92' lang='lat'><strong>;</strong></span> <span class='ocrx_word' id='word_1_523' title='bbox 2694 3617 2888 3683; x_wconf 83' lang='lat' dir='ltr'><strong>quibus</strong></span> <span class='ocrx_word' id='word_1_524' title='bbox 2921 3612 3152 3666; x_wconf 88' lang='lat' dir='ltr'><strong>addendi</strong></span> <span class='ocrx_word' id='word_1_525' title='bbox 3191 3618 3319 3666; x_wconf 93' lang='lat' dir='ltr'><strong>sunt</strong></span> <span class='ocrx_word' id='word_1_526' title='bbox 3354 3626 3421 3664; x_wconf 77' lang='lat' dir='ltr'><strong>ex</strong></span> 
     </span>
    </p>
   </div>
   <div class='ocr_carea' id='block_1_37' title="bbox 153 3707 3426 3783">
    <p class='ocr_par' dir='ltr' id='par_1_37' title="bbox 153 3707 3426 3783">
     <span class='ocr_line' id='line_1_37' title="bbox 153 3707 3426 3783; baseline -0.001 -19"><span class='ocrx_word' id='word_1_527' title='bbox 153 3709 370 3764; x_wconf 85' lang='lat' dir='ltr'><strong>Latinis</strong></span> <span class='ocrx_word' id='word_1_528' title='bbox 401 3709 459 3763; x_wconf 92' lang='lat' dir='ltr'><strong>S.</strong></span> <span class='ocrx_word' id='word_1_529' title='bbox 485 3709 847 3783; x_wconf 82' lang='lat' dir='ltr'><strong>Hieronymus</strong></span> <span class='ocrx_word' id='word_1_530' title='bbox 871 3711 925 3764; x_wconf 89' lang='lat' dir='ltr'><strong>in</strong></span> <span class='ocrx_word' id='word_1_531' title='bbox 963 3713 1190 3781; x_wconf 86' lang='lat' dir='ltr'><strong>epistola</strong></span> <span class='ocrx_word' id='word_1_532' title='bbox 1219 3711 1286 3764; x_wconf 92' lang='lat' dir='ltr'><strong>ad</strong></span> <span class='ocrx_word' id='word_1_533' title='bbox 1333 3709 1702 3781; x_wconf 85' lang='lat' dir='ltr'><strong>Cyprianum;</strong></span> <span class='ocrx_word' id='word_1_534' title='bbox 1742 3711 1799 3765; x_wconf 93' lang='lat' dir='ltr'><strong>S.</strong></span> <span class='ocrx_word' id='word_1_535' title='bbox 1835 3712 2178 3780; x_wconf 89' lang='lat' dir='ltr'><strong>Augustinus</strong></span> <span class='ocrx_word' id='word_1_536' title='bbox 2213 3715 2288 3769; x_wconf 91' lang='lat' dir='ltr'><strong>De</strong></span> <span class='ocrx_word' id='word_1_537' title='bbox 2321 3717 2531 3769; x_wconf 83' lang='lat' dir='ltr'><strong>civitate</strong></span> <span class='ocrx_word' id='word_1_538' title='bbox 2574 3710 2673 3764; x_wconf 85' lang='lat' dir='ltr'><strong>Dei</strong></span> <span class='ocrx_word' id='word_1_539' title='bbox 2709 3711 2856 3780; x_wconf 78' lang='lat'><strong>(85),</strong></span> <span class='ocrx_word' id='word_1_540' title='bbox 2902 3719 2956 3762; x_wconf 91' lang='lat' dir='ltr'><strong>et</strong></span> <span class='ocrx_word' id='word_1_541' title='bbox 3002 3709 3056 3761; x_wconf 92' lang='lat' dir='ltr'><strong>in</strong></span> <span class='ocrx_word' id='word_1_542' title='bbox 3099 3707 3426 3776; x_wconf 77' lang='lat' dir='ltr'><strong>expositione</strong></span> 
     </span>
    </p>
   </div>
   <div class='ocr_carea' id='block_1_38' title="bbox 151 3800 3423 3876">
    <p class='ocr_par' dir='ltr' id='par_1_38' title="bbox 151 3800 3423 3876">
     <span class='ocr_line' id='line_1_38' title="bbox 151 3800 3423 3876; baseline -0 -22"><span class='ocrx_word' id='word_1_543' title='bbox 151 3800 352 3864; x_wconf 80' lang='lat' dir='ltr'><strong>psalmi</strong></span> <span class='ocrx_word' id='word_1_544' title='bbox 381 3803 550 3866; x_wconf 75' lang='lat' dir='ltr'><strong>sexti;</strong></span> <span class='ocrx_word' id='word_1_545' title='bbox 580 3803 947 3859; x_wconf 89' lang='lat' dir='ltr'><strong>Cassiodorus</strong></span> <span class='ocrx_word' id='word_1_546' title='bbox 979 3803 1032 3856; x_wconf 91' lang='lat' dir='ltr'><strong>in</strong></span> <span class='ocrx_word' id='word_1_547' title='bbox 1065 3801 1205 3855; x_wconf 91' lang='lat' dir='ltr'><strong>libro</strong></span> <span class='ocrx_word' id='word_1_548' title='bbox 1238 3801 1524 3854; x_wconf 87' lang='lat' dir='ltr'><strong>Variarum</strong></span> <span class='ocrx_word' id='word_1_549' title='bbox 1554 3802 1705 3872; x_wconf 71' lang='lat'><strong>(84):</strong></span> <span class='ocrx_word' id='word_1_550' title='bbox 1735 3817 1800 3856; x_wconf 81' lang='lat' dir='ltr'><strong>ex</strong></span> <span class='ocrx_word' id='word_1_551' title='bbox 1831 3802 2034 3856; x_wconf 66' lang='lat' dir='ltr'><strong>Graecis</strong></span> <span class='ocrx_word' id='word_1_552' title='bbox 2056 3813 2235 3858; x_wconf 89' lang='lat' dir='ltr'><strong>autem</strong></span> <span class='ocrx_word' id='word_1_553' title='bbox 2271 3804 2328 3859; x_wconf 94' lang='lat' dir='ltr'><strong>S.</strong></span> <span class='ocrx_word' id='word_1_554' title='bbox 2361 3805 2653 3876; x_wconf 83' lang='lat' dir='ltr'><strong>Gregorius</strong></span> <span class='ocrx_word' id='word_1_555' title='bbox 2680 3801 3056 3856; x_wconf 88' lang='lat' dir='ltr'><strong>Nazianzenus</strong></span> <span class='ocrx_word' id='word_1_556' title='bbox 3089 3801 3142 3853; x_wconf 89' lang='lat' dir='ltr'><strong>in</strong></span> <span class='ocrx_word' id='word_1_557' title='bbox 3175 3800 3423 3854; x_wconf 86' lang='lat' dir='ltr'><strong>oratione</strong></span> 
     </span>
    </p>
   </div>
   <div class='ocr_carea' id='block_1_39' title="bbox 151 3891 3422 3968">
    <p class='ocr_par' dir='ltr' id='par_1_39' title="bbox 151 3891 3422 3968">
     <span class='ocr_line' id='line_1_39' title="bbox 151 3891 3422 3968; baseline -0.002 -19"><span class='ocrx_word' id='word_1_558' title='bbox 151 3899 213 3950; x_wconf 85' lang='lat' dir='ltr'><strong>in</strong></span> <span class='ocrx_word' id='word_1_559' title='bbox 241 3907 484 3951; x_wconf 78' lang='lat' dir='ltr'><strong>sanctum</strong></span> <span class='ocrx_word' id='word_1_560' title='bbox 506 3897 872 3964; x_wconf 77' lang='lat' dir='ltr'><strong>Pentecosten,</strong></span> <span class='ocrx_word' id='word_1_561' title='bbox 899 3913 1022 3968; x_wconf 63' lang='lat' dir='ltr'><strong>qua;</strong></span> <span class='ocrx_word' id='word_1_562' title='bbox 1063 3911 1147 3952; x_wconf 89' lang='lat' dir='ltr'><strong>est</strong></span> <span class='ocrx_word' id='word_1_563' title='bbox 1178 3898 1599 3967; x_wconf 86' lang='lat' dir='ltr'><strong>quadragesima</strong></span> <span class='ocrx_word' id='word_1_564' title='bbox 1625 3907 1820 3967; x_wconf 89' lang='lat' dir='ltr'><strong>quarta</strong></span> <span class='ocrx_word' id='word_1_565' title='bbox 1858 3898 2000 3951; x_wconf 90' lang='lat' dir='ltr'><strong>inter</strong></span> <span class='ocrx_word' id='word_1_566' title='bbox 2030 3899 2240 3966; x_wconf 91' lang='lat' dir='ltr'><strong>editas;</strong></span> <span class='ocrx_word' id='word_1_567' title='bbox 2273 3900 2540 3955; x_wconf 86' lang='lat' dir='ltr'><strong>Eusebius</strong></span> <span class='ocrx_word' id='word_1_568' title='bbox 2563 3897 2916 3953; x_wconf 68' lang='lat' dir='ltr'><strong>Caesariensis</strong></span> <span class='ocrx_word' id='word_1_569' title='bbox 2949 3897 3003 3948; x_wconf 89' lang='lat' dir='ltr'><strong>in</strong></span> <span class='ocrx_word' id='word_1_570' title='bbox 3027 3891 3422 3948; x_wconf 87' lang='lat' dir='ltr'><strong>commentario</strong></span> 
     </span>
    </p>
   </div>
   <div class='ocr_carea' id='block_1_40' title="bbox 154 3983 3427 4056">
    <p class='ocr_par' dir='ltr' id='par_1_40' title="bbox 154 3983 3427 4056">
     <span class='ocr_line' id='line_1_40' title="bbox 154 3983 3427 4056; baseline -0.002 -16"><span class='ocrx_word' id='word_1_571' title='bbox 154 4000 217 4052; x_wconf 63' lang='lat' dir='ltr'><strong>in</strong></span> <span class='ocrx_word' id='word_1_572' title='bbox 247 3989 508 4054; x_wconf 78' lang='lat' dir='ltr'><strong>psalmum</strong></span> <span class='ocrx_word' id='word_1_573' title='bbox 532 4005 582 4042; x_wconf 88' lang='lat' dir='ltr'><strong>vr</strong></span> <span class='ocrx_word' id='word_1_574' title='bbox 607 4008 622 4056; x_wconf 91' lang='lat'><strong>;</strong></span> <span class='ocrx_word' id='word_1_575' title='bbox 657 4000 848 4045; x_wconf 90' lang='lat' dir='ltr'><strong>auctor</strong></span> <span class='ocrx_word' id='word_1_576' title='bbox 877 3989 1221 4056; x_wconf 72' lang='lat' dir='ltr'><strong>expositionis</strong></span> <span class='ocrx_word' id='word_1_577' title='bbox 1252 3987 1307 4040; x_wconf 88' lang='lat' dir='ltr'><strong>in</strong></span> <span class='ocrx_word' id='word_1_578' title='bbox 1331 3987 1574 4041; x_wconf 76' lang='lat' dir='ltr'><strong>Psalmos</strong></span> <span class='ocrx_word' id='word_1_579' title='bbox 1603 4003 1632 4041; x_wconf 91' lang='lat' dir='ltr'><strong>a</strong></span> <span class='ocrx_word' id='word_1_580' title='bbox 1657 3987 1914 4041; x_wconf 89' lang='lat' dir='ltr'><strong>Patribus</strong></span> <span class='ocrx_word' id='word_1_581' title='bbox 1940 3986 2306 4043; x_wconf 79' lang='lat' dir='ltr'><strong>Benedictinis</strong></span> <span class='ocrx_word' id='word_1_582' title='bbox 2336 3988 2394 4042; x_wconf 92' lang='lat' dir='ltr'><strong>S.</strong></span> <span class='ocrx_word' id='word_1_583' title='bbox 2423 3987 2726 4042; x_wconf 86' lang='lat' dir='ltr'><strong>Athanasio</strong></span> <span class='ocrx_word' id='word_1_584' title='bbox 2749 3986 2995 4054; x_wconf 70' lang='lat' dir='ltr'><strong>ascripta:</strong></span> <span class='ocrx_word' id='word_1_585' title='bbox 3023 3983 3076 4036; x_wconf 86' lang='lat' dir='ltr'><strong>in</strong></span> <span class='ocrx_word' id='word_1_586' title='bbox 3101 3988 3427 4050; x_wconf 80' lang='lat' dir='ltr'><strong>argumento</strong></span> 
     </span>
    </p>
   </div>
   <div class='ocr_carea' id='block_1_41' title="bbox 156 4073 3428 4150">
    <p class='ocr_par' dir='ltr' id='par_1_41' title="bbox 156 4073 3428 4150">
     <span class='ocr_line' id='line_1_41' title="bbox 156 4073 3428 4150; baseline -0.002 -16"><span class='ocrx_word' id='word_1_587' title='bbox 156 4080 354 4150; x_wconf 87' lang='lat' dir='ltr'><strong>psalmi</strong></span> <span class='ocrx_word' id='word_1_588' title='bbox 377 4081 544 4147; x_wconf 87' lang='lat' dir='ltr'><strong>sexti;</strong></span> <span class='ocrx_word' id='word_1_589' title='bbox 575 4080 632 4134; x_wconf 93' lang='lat' dir='ltr'><strong>S.</strong></span> <span class='ocrx_word' id='word_1_590' title='bbox 669 4079 909 4135; x_wconf 86' lang='lat' dir='ltr'><strong>Joannes</strong></span> <span class='ocrx_word' id='word_1_591' title='bbox 937 4080 1307 4133; x_wconf 89' lang='lat' dir='ltr'><strong>Damascenus</strong></span> <span class='ocrx_word' id='word_1_592' title='bbox 1351 4078 1404 4131; x_wconf 92' lang='lat' dir='ltr'><strong>in</strong></span> <span class='ocrx_word' id='word_1_593' title='bbox 1428 4079 1678 4148; x_wconf 82' lang='lat' dir='ltr'><strong>_homilia</strong></span> <span class='ocrx_word' id='word_1_594' title='bbox 1714 4078 1789 4132; x_wconf 89' lang='lat' dir='ltr'><strong>De</strong></span> <span class='ocrx_word' id='word_1_595' title='bbox 1825 4079 2293 4147; x_wconf 82' lang='lat' dir='ltr'><strong>trans/iguratiuue</strong></span> <span class='ocrx_word' id='word_1_596' title='bbox 2325 4080 2572 4144; x_wconf 85' lang='lat' dir='ltr'><strong>Domini,</strong></span> <span class='ocrx_word' id='word_1_597' title='bbox 2607 4089 2659 4132; x_wconf 91' lang='lat' dir='ltr'><strong>et</strong></span> <span class='ocrx_word' id='word_1_598' title='bbox 2699 4077 2778 4131; x_wconf 83' lang='lat' dir='ltr'><strong>De</strong></span> <span class='ocrx_word' id='word_1_599' title='bbox 2809 4078 2912 4146; x_wconf 80' lang='lat' dir='ltr'><strong>ﬁde</strong></span> <span class='ocrx_word' id='word_1_600' title='bbox 2940 4073 3231 4128; x_wconf 71' lang='lat' dir='ltr'><strong>orthodoxa</strong></span> <span class='ocrx_word' id='word_1_601' title='bbox 3267 4074 3428 4146; x_wconf 84' lang='lat'><strong>(85);.</strong></span> 
     </span>
    </p>
   </div>
   <div class='ocr_carea' id='block_1_42' title="bbox 156 4169 3426 4242">
    <p class='ocr_par' dir='ltr' id='par_1_42' title="bbox 156 4169 3426 4242">
     <span class='ocr_line' id='line_1_42' title="bbox 156 4169 3426 4242; baseline -0 -17"><span class='ocrx_word' id='word_1_602' title='bbox 156 4173 362 4240; x_wconf 86' lang='lat' dir='ltr'><strong>aliique</strong></span> <span class='ocrx_word' id='word_1_603' title='bbox 394 4172 686 4242; x_wconf 89' lang='lat' dir='ltr'><strong>scriptores</strong></span> <span class='ocrx_word' id='word_1_604' title='bbox 721 4182 837 4227; x_wconf 88' lang='lat' dir='ltr'><strong>tum</strong></span> <span class='ocrx_word' id='word_1_605' title='bbox 867 4171 1041 4226; x_wconf 63' lang='lat' dir='ltr'><strong>Graeci</strong></span> <span class='ocrx_word' id='word_1_606' title='bbox 1066 4211 1082 4236; x_wconf 92' lang='lat'><strong>,</strong></span> <span class='ocrx_word' id='word_1_607' title='bbox 1113 4180 1227 4225; x_wconf 89' lang='lat' dir='ltr'><strong>tum</strong></span> <span class='ocrx_word' id='word_1_608' title='bbox 1261 4170 1460 4225; x_wconf 89' lang='lat' dir='ltr'><strong>Latini.</strong></span> <span class='ocrx_word' id='word_1_609' title='bbox 1498 4169 1706 4223; x_wconf 86' lang='lat' dir='ltr'><strong>Horum</strong></span> <span class='ocrx_word' id='word_1_610' title='bbox 1739 4179 1921 4224; x_wconf 91' lang='lat' dir='ltr'><strong>autem</strong></span> <span class='ocrx_word' id='word_1_611' title='bbox 1947 4170 2132 4224; x_wconf 87' lang='lat' dir='ltr'><strong>verbis</strong></span> <span class='ocrx_word' id='word_1_612' title='bbox 2163 4172 2383 4226; x_wconf 87' lang='lat' dir='ltr'><strong>omissis</strong></span> <span class='ocrx_word' id='word_1_613' title='bbox 2405 4213 2420 4238; x_wconf 94' lang='lat'><strong>,</strong></span> <span class='ocrx_word' id='word_1_614' title='bbox 2457 4187 2524 4226; x_wconf 91' lang='lat' dir='ltr'><strong>ne</strong></span> <span class='ocrx_word' id='word_1_615' title='bbox 2565 4171 2780 4241; x_wconf 74' lang='lat' dir='ltr'><strong>longior</strong></span> <span class='ocrx_word' id='word_1_616' title='bbox 2828 4170 2934 4224; x_wconf 88' lang='lat' dir='ltr'><strong>sim</strong></span> <span class='ocrx_word' id='word_1_617' title='bbox 2967 4182 3130 4237; x_wconf 88' lang='lat' dir='ltr'><strong>quam</strong></span> <span class='ocrx_word' id='word_1_618' title='bbox 3175 4179 3426 4242; x_wconf 84' lang='lat' dir='ltr'><strong>oportet,</strong></span> 
     </span>
    </p>
   </div>
   <div class='ocr_carea' id='block_1_43' title="bbox 158 4258 3428 4334">
    <p class='ocr_par' dir='ltr' id='par_1_43' title="bbox 158 4258 3428 4334">
     <span class='ocr_line' id='line_1_43' title="bbox 158 4258 3428 4334; baseline -0 -14"><span class='ocrx_word' id='word_1_619' title='bbox 158 4265 336 4320; x_wconf 88' lang='lat' dir='ltr'><strong>solum</strong></span> <span class='ocrx_word' id='word_1_620' title='bbox 361 4264 464 4318; x_wconf 90' lang='lat' dir='ltr'><strong>hoc</strong></span> <span class='ocrx_word' id='word_1_621' title='bbox 494 4265 614 4319; x_wconf 90' lang='lat' dir='ltr'><strong>loco</strong></span> <span class='ocrx_word' id='word_1_622' title='bbox 645 4263 864 4318; x_wconf 75' lang='lat' dir='ltr'><strong>afferam</strong></span> <span class='ocrx_word' id='word_1_623' title='bbox 902 4279 1024 4333; x_wconf 61' lang='lat' dir='ltr'><strong>qua</strong></span> <span class='ocrx_word' id='word_1_624' title='bbox 1048 4262 1237 4318; x_wconf 90' lang='lat' dir='ltr'><strong>eadem</strong></span> <span class='ocrx_word' id='word_1_625' title='bbox 1267 4263 1332 4317; x_wconf 93' lang='lat' dir='ltr'><strong>de</strong></span> <span class='ocrx_word' id='word_1_626' title='bbox 1358 4276 1417 4316; x_wconf 91' lang='lat' dir='ltr'><strong>re</strong></span> <span class='ocrx_word' id='word_1_627' title='bbox 1443 4262 1632 4316; x_wconf 90' lang='lat' dir='ltr'><strong>scribit</strong></span> <span class='ocrx_word' id='word_1_628' title='bbox 1665 4260 1723 4314; x_wconf 93' lang='lat' dir='ltr'><strong>S.</strong></span> <span class='ocrx_word' id='word_1_629' title='bbox 1760 4258 2000 4316; x_wconf 82' lang='lat' dir='ltr'><strong>Jacobus</strong></span> <span class='ocrx_word' id='word_1_630' title='bbox 2025 4260 2318 4318; x_wconf 88' lang='lat' dir='ltr'><strong>Nisibenus</strong></span> <span class='ocrx_word' id='word_1_631' title='bbox 2343 4263 2655 4333; x_wconf 88' lang='lat' dir='ltr'><strong>episcopus,</strong></span> <span class='ocrx_word' id='word_1_632' title='bbox 2682 4264 2775 4333; x_wconf 91' lang='lat' dir='ltr'><strong>qui</strong></span> <span class='ocrx_word' id='word_1_633' title='bbox 2807 4270 2963 4317; x_wconf 83' lang='lat' dir='ltr'><strong>aetate</strong></span> <span class='ocrx_word' id='word_1_634' title='bbox 2997 4264 3172 4330; x_wconf 87' lang='lat' dir='ltr'><strong>major</strong></span> <span class='ocrx_word' id='word_1_635' title='bbox 3201 4265 3428 4334; x_wconf 84' lang='lat' dir='ltr'><strong>quidem</strong></span> 
     </span>
    </p>
   </div>
   <div class='ocr_carea' id='block_1_44' title="bbox 159 4352 3420 4424">
    <p class='ocr_par' dir='ltr' id='par_1_44' title="bbox 159 4352 3420 4424">
     <span class='ocr_line' id='line_1_44' title="bbox 159 4352 3420 4424; baseline -0.001 -12"><span class='ocrx_word' id='word_1_636' title='bbox 159 4357 465 4412; x_wconf 78' lang='lat' dir='ltr'><strong>Athanasio</strong></span> <span class='ocrx_word' id='word_1_637' title='bbox 499 4356 622 4420; x_wconf 88' lang='lat' dir='ltr'><strong>fuit,</strong></span> <span class='ocrx_word' id='word_1_638' title='bbox 659 4357 752 4411; x_wconf 91' lang='lat' dir='ltr'><strong>sed</strong></span> <span class='ocrx_word' id='word_1_639' title='bbox 781 4371 907 4410; x_wconf 90' lang='lat' dir='ltr'><strong>cum</strong></span> <span class='ocrx_word' id='word_1_640' title='bbox 937 4371 1026 4421; x_wconf 91' lang='lat' dir='ltr'><strong>eo,</strong></span> <span class='ocrx_word' id='word_1_641' title='bbox 1052 4355 1182 4410; x_wconf 89' lang='lat' dir='ltr'><strong>dum</strong></span> <span class='ocrx_word' id='word_1_642' title='bbox 1216 4355 1398 4410; x_wconf 88' lang='lat' dir='ltr'><strong>adhuc</strong></span> <span class='ocrx_word' id='word_1_643' title='bbox 1418 4354 1800 4408; x_wconf 82' lang='lat' dir='ltr'><strong>Alexandrinae</strong></span> <span class='ocrx_word' id='word_1_644' title='bbox 1831 4353 2088 4408; x_wconf 68' lang='lat' dir='ltr'><strong>Ecclesiae</strong></span> <span class='ocrx_word' id='word_1_645' title='bbox 2116 4355 2382 4410; x_wconf 90' lang='lat' dir='ltr'><strong>diaconus</strong></span> <span class='ocrx_word' id='word_1_646' title='bbox 2409 4364 2571 4420; x_wconf 86' lang='lat' dir='ltr'><strong>esset,</strong></span> <span class='ocrx_word' id='word_1_647' title='bbox 2597 4354 2650 4408; x_wconf 89' lang='lat' dir='ltr'><strong>in</strong></span> <span class='ocrx_word' id='word_1_648' title='bbox 2677 4352 2894 4408; x_wconf 69' lang='lat' dir='ltr'><strong>Nicaena</strong></span> <span class='ocrx_word' id='word_1_649' title='bbox 2925 4354 3132 4424; x_wconf 89' lang='lat' dir='ltr'><strong>synodo</strong></span> <span class='ocrx_word' id='word_1_650' title='bbox 3153 4354 3420 4408; x_wconf 84' lang='lat' dir='ltr'><strong>interfuit.</strong></span> 
     </span>
    </p>
   </div>
   <div class='ocr_carea' id='block_1_45' title="bbox 159 4444 3428 4516">
    <p class='ocr_par' dir='ltr' id='par_1_45' title="bbox 159 4444 3428 4516">
     <span class='ocr_line' id='line_1_45' title="bbox 159 4444 3428 4516; baseline 0 -17"><span class='ocrx_word' id='word_1_651' title='bbox 159 4445 297 4516; x_wconf 86' lang='lat' dir='ltr'><strong>Ejus</strong></span> <span class='ocrx_word' id='word_1_652' title='bbox 324 4460 513 4514; x_wconf 90' lang='lat' dir='ltr'><strong>opera,</strong></span> <span class='ocrx_word' id='word_1_653' title='bbox 547 4447 712 4515; x_wconf 83' lang='lat' dir='ltr'><strong>digna</strong></span> <span class='ocrx_word' id='word_1_654' title='bbox 734 4446 953 4516; x_wconf 88' lang='lat' dir='ltr'><strong>quidem</strong></span> <span class='ocrx_word' id='word_1_655' title='bbox 986 4461 1108 4515; x_wconf 70' lang='lat' dir='ltr'><strong>qua:</strong></span> <span class='ocrx_word' id='word_1_656' title='bbox 1135 4446 1190 4498; x_wconf 89' lang='lat' dir='ltr'><strong>in</strong></span> <span class='ocrx_word' id='word_1_657' title='bbox 1215 4445 1390 4499; x_wconf 91' lang='lat' dir='ltr'><strong>lucem</strong></span> <span class='ocrx_word' id='word_1_658' title='bbox 1417 4445 1705 4514; x_wconf 89' lang='lat' dir='ltr'><strong>prodeant,</strong></span> <span class='ocrx_word' id='word_1_659' title='bbox 1735 4459 1844 4498; x_wconf 90' lang='lat' dir='ltr'><strong>non</strong></span> <span class='ocrx_word' id='word_1_660' title='bbox 1870 4444 2050 4498; x_wconf 88' lang='lat' dir='ltr'><strong>adhuc</strong></span> <span class='ocrx_word' id='word_1_661' title='bbox 2072 4446 2213 4515; x_wconf 92' lang='lat' dir='ltr'><strong>typis</strong></span> <span class='ocrx_word' id='word_1_662' title='bbox 2238 4446 2500 4516; x_wconf 88' lang='lat' dir='ltr'><strong>impressa</strong></span> <span class='ocrx_word' id='word_1_663' title='bbox 2533 4455 2679 4510; x_wconf 91' lang='lat' dir='ltr'><strong>sunt,</strong></span> <span class='ocrx_word' id='word_1_664' title='bbox 2710 4455 2762 4500; x_wconf 93' lang='lat' dir='ltr'><strong>et</strong></span> <span class='ocrx_word' id='word_1_665' title='bbox 2786 4461 2816 4498; x_wconf 94' lang='lat' dir='ltr'><strong>a</strong></span> <span class='ocrx_word' id='word_1_666' title='bbox 2836 4445 3081 4514; x_wconf 89' lang='lat' dir='ltr'><strong>pluribus</strong></span> <span class='ocrx_word' id='word_1_667' title='bbox 3099 4445 3428 4500; x_wconf 84' lang='lat' dir='ltr'><strong>clarissimis</strong></span> 
     </span>
    </p>
   </div>
   <div class='ocr_carea' id='block_1_46' title="bbox 159 4537 3420 4610">
    <p class='ocr_par' dir='ltr' id='par_1_46' title="bbox 159 4537 3420 4610">
     <span class='ocr_line' id='line_1_46' title="bbox 159 4537 3420 4610; baseline -0 -14"><span class='ocrx_word' id='word_1_668' title='bbox 159 4540 523 4610; x_wconf 81' lang='lat' dir='ltr'><strong>scriptoribus</strong></span> <span class='ocrx_word' id='word_1_669' title='bbox 554 4548 812 4609; x_wconf 87' lang='lat' dir='ltr'><strong>tanquam</strong></span> <span class='ocrx_word' id='word_1_670' title='bbox 846 4539 1054 4608; x_wconf 90' lang='lat' dir='ltr'><strong>perdita</strong></span> <span class='ocrx_word' id='word_1_671' title='bbox 1081 4538 1473 4607; x_wconf 90' lang='lat' dir='ltr'><strong>deplorantur;</strong></span> <span class='ocrx_word' id='word_1_672' title='bbox 1504 4537 1598 4592; x_wconf 90' lang='lat' dir='ltr'><strong>sed</strong></span> <span class='ocrx_word' id='word_1_673' title='bbox 1631 4537 1774 4607; x_wconf 88' lang='lat' dir='ltr'><strong>apttd</strong></span> <span class='ocrx_word' id='word_1_674' title='bbox 1807 4552 1926 4602; x_wconf 89' lang='lat' dir='ltr'><strong>me,</strong></span> <span class='ocrx_word' id='word_1_675' title='bbox 1954 4545 2009 4591; x_wconf 91' lang='lat' dir='ltr'><strong>et</strong></span> <span class='ocrx_word' id='word_1_676' title='bbox 2053 4539 2180 4592; x_wconf 91' lang='lat' dir='ltr'><strong>alibi</strong></span> <span class='ocrx_word' id='word_1_677' title='bbox 2229 4538 2466 4592; x_wconf 88' lang='lat' dir='ltr'><strong>fortasse</strong></span> <span class='ocrx_word' id='word_1_678' title='bbox 2507 4539 2872 4609; x_wconf 90' lang='lat' dir='ltr'><strong>manuscripta</strong></span> <span class='ocrx_word' id='word_1_679' title='bbox 2909 4539 3178 4593; x_wconf 83' lang='lat' dir='ltr'><strong>exsistunt</strong></span> <span class='ocrx_word' id='word_1_680' title='bbox 3233 4539 3420 4610; x_wconf 85' lang='lat' dir='ltr'><strong>lingua</strong></span> 
     </span>
    </p>
   </div>
   <div class='ocr_carea' id='block_1_47' title="bbox 157 4611 3424 4705">
    <p class='ocr_par' dir='ltr' id='par_1_47' title="bbox 157 4611 3424 4705">
     <span class='ocr_line' id='line_1_47' title="bbox 157 4611 3424 4705; baseline -0.001 -15"><span class='ocrx_word' id='word_1_681' title='bbox 157 4636 420 4691; x_wconf 86' lang='lat' dir='ltr'><strong>Armena.</strong></span> <span class='ocrx_word' id='word_1_682' title='bbox 452 4633 689 4705; x_wconf 87' lang='lat' dir='ltr'><strong>Operum</strong></span> <span class='ocrx_word' id='word_1_683' title='bbox 724 4643 908 4689; x_wconf 91' lang='lat' dir='ltr'><strong>autem</strong></span> <span class='ocrx_word' id='word_1_684' title='bbox 934 4633 992 4687; x_wconf 92' lang='lat' dir='ltr'><strong>S.</strong></span> <span class='ocrx_word' id='word_1_685' title='bbox 1022 4632 1215 4688; x_wconf 86' lang='lat' dir='ltr'><strong>Jacobi</strong></span> <span class='ocrx_word' id='word_1_686' title='bbox 1248 4648 1313 4687; x_wconf 81' lang='lat' dir='ltr'><strong>ex</strong></span> <span class='ocrx_word' id='word_1_687' title='bbox 1347 4633 1591 4702; x_wconf 90' lang='lat' dir='ltr'><strong>antiquis</strong></span> <span class='ocrx_word' id='word_1_688' title='bbox 1618 4633 1983 4702; x_wconf 89' lang='lat' dir='ltr'><strong>scriptoribus</strong></span> <span class='ocrx_word' id='word_1_689' title='bbox 2003 4675 2018 4700; x_wconf 94' lang='lat'><strong>,</strong></span> <span class='ocrx_word' id='word_1_690' title='bbox 2048 4634 2183 4688; x_wconf 87' lang='lat' dir='ltr'><strong>utid</strong></span> <span class='ocrx_word' id='word_1_691' title='bbox 2208 4635 2383 4688; x_wconf 90' lang='lat' dir='ltr'><strong>obiter</strong></span> <span class='ocrx_word' id='word_1_692' title='bbox 2409 4636 2730 4688; x_wconf 88' lang='lat' dir='ltr'><strong>admoneam</strong></span> <span class='ocrx_word' id='word_1_693' title='bbox 2754 4675 2769 4698; x_wconf 94' lang='lat'><strong>,</strong></span> <span class='ocrx_word' id='word_1_694' title='bbox 2801 4633 3047 4688; x_wconf 90' lang='lat' dir='ltr'><strong>meminit</strong></span> <span class='ocrx_word' id='word_1_695' title='bbox 3071 4611 3424 4699; x_wconf 77' lang='lat' dir='ltr'><strong>Gennadius,</strong></span> 
     </span>
    </p>
   </div>
   <div class='ocr_carea' id='block_1_48' title="bbox 160 4718 3423 4801">
    <p class='ocr_par' dir='ltr' id='par_1_48' title="bbox 160 4718 3423 4801">
     <span class='ocr_line' id='line_1_48' title="bbox 160 4718 3423 4801; baseline 0.001 -19"><span class='ocrx_word' id='word_1_696' title='bbox 160 4718 258 4798; x_wconf 75' lang='lat' dir='ltr'><strong>qui</strong></span> <span class='ocrx_word' id='word_1_697' title='bbox 287 4730 408 4783; x_wconf 87' lang='lat' dir='ltr'><strong>ideo</strong></span> <span class='ocrx_word' id='word_1_698' title='bbox 433 4738 588 4798; x_wconf 89' lang='lat' dir='ltr'><strong>putat</strong></span> <span class='ocrx_word' id='word_1_699' title='bbox 630 4730 683 4782; x_wconf 90' lang='lat' dir='ltr'><strong>in</strong></span> <span class='ocrx_word' id='word_1_700' title='bbox 715 4729 970 4799; x_wconf 83' lang='lat' dir='ltr'><strong>Catalogo</strong></span> <span class='ocrx_word' id='word_1_701' title='bbox 991 4728 1470 4782; x_wconf 79' lang='lat' dir='ltr'><strong>ecclesiasticarum</strong></span> <span class='ocrx_word' id='word_1_702' title='bbox 1501 4730 1821 4795; x_wconf 85' lang='lat' dir='ltr'><strong>scriptorum</strong></span> <span class='ocrx_word' id='word_1_703' title='bbox 1849 4730 1917 4783; x_wconf 90' lang='lat' dir='ltr'><strong>de</strong></span> <span class='ocrx_word' id='word_1_704' title='bbox 1965 4729 2072 4784; x_wconf 89' lang='lat' dir='ltr'><strong>illis</strong></span> <span class='ocrx_word' id='word_1_705' title='bbox 2115 4729 2176 4784; x_wconf 86' lang='grc' dir='ltr'><strong>Β.</strong></span> <span class='ocrx_word' id='word_1_706' title='bbox 2227 4730 2620 4801; x_wconf 89' lang='lat' dir='ltr'><strong>Hieronymum</strong></span> <span class='ocrx_word' id='word_1_707' title='bbox 2672 4730 3000 4784; x_wconf 89' lang='lat' dir='ltr'><strong>mentionem</strong></span> <span class='ocrx_word' id='word_1_708' title='bbox 3041 4744 3150 4783; x_wconf 89' lang='lat' dir='ltr'><strong>non</strong></span> <span class='ocrx_word' id='word_1_709' title='bbox 3186 4729 3383 4785; x_wconf 87' lang='lat' dir='ltr'><strong>fecisse</strong></span> <span class='ocrx_word' id='word_1_710' title='bbox 3405 4772 3423 4798; x_wconf 92' lang='lat'><strong>,</strong></span> 
     </span>
    </p>
   </div>
   <div class='ocr_carea' id='block_1_49' title="bbox 160 4819 3425 4892">
    <p class='ocr_par' dir='ltr' id='par_1_49' title="bbox 160 4819 3425 4892">
     <span class='ocr_line' id='line_1_49' title="bbox 160 4819 3425 4892; baseline 0.001 -18"><span class='ocrx_word' id='word_1_711' title='bbox 160 4822 294 4891; x_wconf 88' lang='lat' dir='ltr'><strong>quia</strong></span> <span class='ocrx_word' id='word_1_712' title='bbox 320 4823 564 4875; x_wconf 92' lang='lat' dir='ltr'><strong>nondum</strong></span> <span class='ocrx_word' id='word_1_713' title='bbox 598 4836 628 4876; x_wconf 89' lang='lat' dir='ltr'><strong>e</strong></span> <span class='ocrx_word' id='word_1_714' title='bbox 653 4819 793 4892; x_wconf 87' lang='lat' dir='ltr'><strong>Syro</strong></span> <span class='ocrx_word' id='word_1_715' title='bbox 822 4835 1080 4876; x_wconf 60' lang='lat' dir='ltr'><strong>seru-none</strong></span> <span class='ocrx_word' id='word_1_716' title='bbox 1111 4821 1166 4874; x_wconf 91' lang='lat' dir='ltr'><strong>in</strong></span> <span class='ocrx_word' id='word_1_717' title='bbox 1198 4821 1361 4875; x_wconf 88' lang='lat' dir='ltr'><strong>aliam</strong></span> <span class='ocrx_word' id='word_1_718' title='bbox 1395 4820 1635 4890; x_wconf 86' lang='lat' dir='ltr'><strong>linguam</strong></span> <span class='ocrx_word' id='word_1_719' title='bbox 1661 4836 1818 4877; x_wconf 89' lang='lat' dir='ltr'><strong>versa</strong></span> <span class='ocrx_word' id='word_1_720' title='bbox 1849 4820 2088 4877; x_wconf 86' lang='lat' dir='ltr'><strong>fuerant.</strong></span> <span class='ocrx_word' id='word_1_721' title='bbox 2129 4821 2301 4876; x_wconf 85' lang='lat' dir='ltr'><strong>Verba</strong></span> <span class='ocrx_word' id='word_1_722' title='bbox 2344 4832 2524 4877; x_wconf 92' lang='lat' dir='ltr'><strong>autem</strong></span> <span class='ocrx_word' id='word_1_723' title='bbox 2559 4820 2828 4876; x_wconf 87' lang='lat' dir='ltr'><strong>Gennadii</strong></span> <span class='ocrx_word' id='word_1_724' title='bbox 2857 4821 2982 4875; x_wconf 90' lang='lat' dir='ltr'><strong>talia</strong></span> <span class='ocrx_word' id='word_1_725' title='bbox 3015 4829 3180 4877; x_wconf 89' lang='lat' dir='ltr'><strong>sunt:</strong></span> <span class='ocrx_word' id='word_1_726' title='bbox 3223 4839 3240 4872; x_wconf 74' lang='grc' dir='ltr'><strong>ε</strong></span> <span class='ocrx_word' id='word_1_727' title='bbox 3266 4819 3425 4877; x_wconf 89' lang='lat' dir='ltr'><strong>Hunc</strong></span> 
     </span>
    </p>
   </div>
   <div class='ocr_carea' id='block_1_50' title="bbox 159 4916 3426 4991">
    <p class='ocr_par' dir='ltr' id='par_1_50' title="bbox 159 4916 3426 4991">
     <span class='ocr_line' id='line_1_50' title="bbox 159 4916 3426 4991; baseline -0.001 -19"><span class='ocrx_word' id='word_1_728' title='bbox 159 4918 340 4972; x_wconf 76' lang='lat' dir='ltr'><strong>virum</strong></span> <span class='ocrx_word' id='word_1_729' title='bbox 374 4917 434 4971; x_wconf 91' lang='lat' dir='ltr'><strong>B.</strong></span> <span class='ocrx_word' id='word_1_730' title='bbox 491 4916 855 4990; x_wconf 79' lang='lat' dir='ltr'><strong>Hieronymus</strong></span> <span class='ocrx_word' id='word_1_731' title='bbox 901 4919 954 4971; x_wconf 91' lang='lat' dir='ltr'><strong>in</strong></span> <span class='ocrx_word' id='word_1_732' title='bbox 1003 4919 1145 4974; x_wconf 90' lang='lat' dir='ltr'><strong>libro</strong></span> <span class='ocrx_word' id='word_1_733' title='bbox 1184 4917 1502 4991; x_wconf 84' lang='grc' dir='ltr'><strong>Χρονικῶν,</strong></span> <span class='ocrx_word' id='word_1_734' title='bbox 1547 4918 1694 4972; x_wconf 82' lang='lat' dir='ltr'><strong>velut</strong></span> <span class='ocrx_word' id='word_1_735' title='bbox 1728 4934 2048 4988; x_wconf 85' lang='lat' dir='ltr'><strong>magnarum</strong></span> <span class='ocrx_word' id='word_1_736' title='bbox 2088 4920 2350 4974; x_wconf 73' lang='lat' dir='ltr'><strong>virtutum</strong></span> <span class='ocrx_word' id='word_1_737' title='bbox 2394 4919 2670 4976; x_wconf 90' lang='lat' dir='ltr'><strong>hominem</strong></span> <span class='ocrx_word' id='word_1_738' title='bbox 2724 4918 3044 4980; x_wconf 73' lang='lat' dir='ltr'><strong>nominans“,</strong></span> <span class='ocrx_word' id='word_1_739' title='bbox 3077 4919 3131 4971; x_wconf 92' lang='lat' dir='ltr'><strong>in</strong></span> <span class='ocrx_word' id='word_1_740' title='bbox 3165 4916 3426 4987; x_wconf 69' lang='lat' dir='ltr'><strong>Cataloga</strong></span> 
     </span>
    </p>
   </div>
   <div class='ocr_carea' id='block_1_51' title="bbox 162 5005 3426 5081">
    <p class='ocr_par' dir='ltr' id='par_1_51' title="bbox 162 5005 3426 5081">
     <span class='ocr_line' id='line_1_51' title="bbox 162 5005 3426 5081; baseline -0 -18"><span class='ocrx_word' id='word_1_741' title='bbox 162 5009 482 5078; x_wconf 72' lang='lat' dir='ltr'><strong>scriptorum</strong></span> <span class='ocrx_word' id='word_1_742' title='bbox 513 5025 613 5063; x_wconf 84' lang='lat' dir='ltr'><strong>cur</strong></span> <span class='ocrx_word' id='word_1_743' title='bbox 640 5027 748 5065; x_wconf 91' lang='lat' dir='ltr'><strong>non</strong></span> <span class='ocrx_word' id='word_1_744' title='bbox 784 5011 1058 5080; x_wconf 87' lang='lat' dir='ltr'><strong>posuerit,</strong></span> <span class='ocrx_word' id='word_1_745' title='bbox 1092 5009 1253 5064; x_wconf 88' lang='lat' dir='ltr'><strong>facile</strong></span> <span class='ocrx_word' id='word_1_746' title='bbox 1283 5009 1668 5064; x_wconf 80' lang='lat' dir='ltr'><strong>excusabitur:</strong></span> <span class='ocrx_word' id='word_1_747' title='bbox 1705 5008 1750 5064; x_wconf 90' lang='lat' dir='ltr'><strong>si</strong></span> <span class='ocrx_word' id='word_1_748' title='bbox 1786 5011 2195 5068; x_wconf 89' lang='lat' dir='ltr'><strong>consideremus</strong></span> <span class='ocrx_word' id='word_1_749' title='bbox 2235 5012 2384 5081; x_wconf 88' lang='lat' dir='ltr'><strong>ipsos</strong></span> <span class='ocrx_word' id='word_1_750' title='bbox 2428 5020 2570 5076; x_wconf 88' lang='lat' dir='ltr'><strong>tres,</strong></span> <span class='ocrx_word' id='word_1_751' title='bbox 2634 5010 2715 5066; x_wconf 89' lang='lat' dir='ltr'><strong>vel</strong></span> <span class='ocrx_word' id='word_1_752' title='bbox 2751 5017 2984 5080; x_wconf 88' lang='lat' dir='ltr'><strong>quatuor</strong></span> <span class='ocrx_word' id='word_1_753' title='bbox 3033 5005 3233 5080; x_wconf 84' lang='lat' dir='ltr'><strong>Syros,</strong></span> <span class='ocrx_word' id='word_1_754' title='bbox 3277 5024 3426 5080; x_wconf 74' lang='lat' dir='ltr'><strong>quos</strong></span> 
     </span>
    </p>
   </div>
   <div class='ocr_carea' id='block_1_52' title="bbox 237 5146 1056 5212">
    <p class='ocr_par' dir='ltr' id='par_1_52' title="bbox 237 5146 1056 5212">
     <span class='ocr_line' id='line_1_52' title="bbox 237 5146 1056 5212; baseline 0.006 -16"><span class='ocrx_word' id='word_1_755' title='bbox 237 5147 352 5212; x_wconf 73' lang='grc' dir='ltr'>(Π)</span> <span class='ocrx_word' id='word_1_756' title='bbox 388 5146 528 5200; x_wconf 82' lang='lat' dir='ltr'><strong>&quot;ist.</strong></span> <span class='ocrx_word' id='word_1_757' title='bbox 555 5147 684 5200; x_wconf 88' lang='lat' dir='ltr'><strong>eccl.</strong></span> <span class='ocrx_word' id='word_1_758' title='bbox 719 5149 814 5201; x_wconf 92' lang='lat' dir='ltr'><strong>lib.</strong></span> <span class='ocrx_word' id='word_1_759' title='bbox 847 5165 883 5211; x_wconf 85' lang='grc' dir='ltr'><strong>ι,</strong></span> <span class='ocrx_word' id='word_1_760' title='bbox 923 5165 972 5202; x_wconf 78' lang='lat' dir='ltr'><strong>c.</strong></span> <span class='ocrx_word' id='word_1_761' title='bbox 1002 5148 1056 5201; x_wconf 81' lang='grc'><strong>5.</strong></span> 
     </span>
    </p>
   </div>
   <div class='ocr_carea' id='block_1_53' title="bbox 237 5216 995 5288">
    <p class='ocr_par' dir='ltr' id='par_1_53' title="bbox 237 5216 995 5288">
     <span class='ocr_line' id='line_1_53' title="bbox 237 5216 995 5288; baseline 0.005 -21"><span class='ocrx_word' id='word_1_762' title='bbox 237 5217 353 5284; x_wconf 71' lang='grc' dir='ltr'>(ἶ8)</span> <span class='ocrx_word' id='word_1_763' title='bbox 385 5216 507 5288; x_wconf 79' lang='lat' dir='ltr'><strong>Lib.</strong></span> <span class='ocrx_word' id='word_1_764' title='bbox 540 5233 591 5283; x_wconf 88' lang='lat' dir='ltr'><strong>v,</strong></span> <span class='ocrx_word' id='word_1_765' title='bbox 632 5234 753 5288; x_wconf 87' lang='lat' dir='ltr'><strong>cap.</strong></span> <span class='ocrx_word' id='word_1_766' title='bbox 786 5219 880 5281; x_wconf 62' lang='lat'><strong>228,</strong></span> <span class='ocrx_word' id='word_1_767' title='bbox 904 5218 995 5271; x_wconf 76' lang='lat'><strong>‘29.</strong></span> 
     </span>
    </p>
   </div>
   <div class='ocr_carea' id='block_1_54' title="bbox 239 5286 595 5356">
    <p class='ocr_par' dir='ltr' id='par_1_54' title="bbox 239 5286 595 5356">
     <span class='ocr_line' id='line_1_54' title="bbox 239 5286 595 5356; baseline 0.02 -19"><span class='ocrx_word' id='word_1_768' title='bbox 239 5288 353 5356; x_wconf 79' lang='lat'><strong>(79)</strong></span> <span class='ocrx_word' id='word_1_769' title='bbox 390 5286 509 5340; x_wconf 89' lang='lat' dir='ltr'><strong>Lib.</strong></span> <span class='ocrx_word' id='word_1_770' title='bbox 538 5303 595 5344; x_wconf 80' lang='grc' dir='ltr'><strong>ιι,</strong></span> 
     </span>
    </p>
   </div>
   <div class='ocr_carea' id='block_1_55' title="bbox 236 5355 1020 5424">
    <p class='ocr_par' dir='ltr' id='par_1_55' title="bbox 236 5355 1020 5424">
     <span class='ocr_line' id='line_1_55' title="bbox 236 5355 1020 5424; baseline 0 -16"><span class='ocrx_word' id='word_1_771' title='bbox 236 5355 349 5424; x_wconf 79' lang='grc'>(80)</span> <span class='ocrx_word' id='word_1_772' title='bbox 378 5355 636 5409; x_wconf 86' lang='lat' dir='ltr'><strong>Biblioth.</strong></span> <span class='ocrx_word' id='word_1_773' title='bbox 667 5355 789 5409; x_wconf 83' lang='lat' dir='ltr'><strong>cod.</strong></span> <span class='ocrx_word' id='word_1_774' title='bbox 823 5370 1020 5410; x_wconf 82' lang='lat' dir='ltr'><strong>CCXClI.</strong></span> 
     </span>
    </p>
   </div>
   <div class='ocr_carea' id='block_1_56' title="bbox 237 5425 671 5496">
    <p class='ocr_par' dir='ltr' id='par_1_56' title="bbox 237 5425 671 5496">
     <span class='ocr_line' id='line_1_56' title="bbox 237 5425 671 5496; baseline -0.005 -16"><span class='ocrx_word' id='word_1_775' title='bbox 237 5425 349 5496; x_wconf 82' lang='lat' dir='ltr'><strong>(8f)</strong></span> <span class='ocrx_word' id='word_1_776' title='bbox 382 5427 542 5496; x_wconf 73' lang='lat' dir='ltr'><strong>Resp.</strong></span> <span class='ocrx_word' id='word_1_777' title='bbox 581 5428 671 5478; x_wconf 83' lang='grc'><strong>71.</strong></span> 
     </span>
    </p>
   </div>
   <div class='ocr_carea' id='block_1_57' title="bbox 261 5496 632 5565">
    <p class='ocr_par' dir='ltr' id='par_1_57' title="bbox 261 5496 632 5565">
     <span class='ocr_line' id='line_1_57' title="bbox 261 5496 632 5565; baseline 0 -17"><span class='ocrx_word' id='word_1_778' title='bbox 261 5496 349 5564; x_wconf 70' lang='grc'>82)</span> <span class='ocrx_word' id='word_1_779' title='bbox 385 5497 517 5565; x_wconf 85' lang='lat' dir='ltr'><strong>Cap.</strong></span> <span class='ocrx_word' id='word_1_780' title='bbox 545 5497 632 5550; x_wconf 74' lang='lat' dir='ltr'><strong>l4.</strong></span> 
     </span>
    </p>
   </div>
   <div class='ocr_carea' id='block_1_58' title="bbox 266 5564 1283 5635">
    <p class='ocr_par' dir='ltr' id='par_1_58' title="bbox 266 5564 1283 5635">
     <span class='ocr_line' id='line_1_58' title="bbox 266 5564 1283 5635; baseline 0 -17"><span class='ocrx_word' id='word_1_781' title='bbox 266 5566 354 5635; x_wconf 78' lang='lat'><strong>85)</strong></span> <span class='ocrx_word' id='word_1_782' title='bbox 384 5564 502 5621; x_wconf 88' lang='lat' dir='ltr'><strong>Lib.</strong></span> <span class='ocrx_word' id='word_1_783' title='bbox 533 5584 623 5627; x_wconf 74' lang='lat' dir='ltr'><strong>xx,</strong></span> <span class='ocrx_word' id='word_1_784' title='bbox 649 5581 699 5620; x_wconf 94' lang='lat' dir='ltr'><strong>c.</strong></span> <span class='ocrx_word' id='word_1_785' title='bbox 733 5565 833 5631; x_wconf 74' lang='lat'><strong>13;</strong></span> <span class='ocrx_word' id='word_1_786' title='bbox 865 5575 916 5619; x_wconf 92' lang='lat' dir='ltr'><strong>et</strong></span> <span class='ocrx_word' id='word_1_787' title='bbox 945 5580 1080 5628; x_wconf 60' lang='grc' dir='ltr'><strong>χχιι,</strong></span> <span class='ocrx_word' id='word_1_788' title='bbox 1115 5580 1160 5618; x_wconf 88' lang='lat' dir='ltr'><strong>c.</strong></span> <span class='ocrx_word' id='word_1_789' title='bbox 1195 5564 1283 5618; x_wconf 76' lang='lat'><strong>50.</strong></span> 
     </span>
    </p>
   </div>
   <div class='ocr_carea' id='block_1_59' title="bbox 243 5635 805 5706">
    <p class='ocr_par' dir='ltr' id='par_1_59' title="bbox 243 5635 805 5706">
     <span class='ocr_line' id='line_1_59' title="bbox 243 5635 805 5706; baseline -0.007 -15"><span class='ocrx_word' id='word_1_790' title='bbox 243 5637 352 5706; x_wconf 71' lang='grc'>(84)</span> <span class='ocrx_word' id='word_1_791' title='bbox 376 5636 496 5690; x_wconf 91' lang='lat' dir='ltr'><strong>Lib.</strong></span> <span class='ocrx_word' id='word_1_792' title='bbox 532 5654 571 5700; x_wconf 88' lang='grc' dir='ltr'><strong>ι,</strong></span> <span class='ocrx_word' id='word_1_793' title='bbox 598 5653 684 5705; x_wconf 88' lang='lat' dir='ltr'><strong>ep.</strong></span> <span class='ocrx_word' id='word_1_794' title='bbox 718 5635 805 5688; x_wconf 83' lang='grc'><strong>10.</strong></span> 
     </span>
    </p>
   </div>
   <div class='ocr_carea' id='block_1_60' title="bbox 250 5706 894 5780">
    <p class='ocr_par' dir='ltr' id='par_1_60' title="bbox 250 5706 894 5780">
     <span class='ocr_line' id='line_1_60' title="bbox 250 5706 894 5780; baseline -0.002 -18"><span class='ocrx_word' id='word_1_795' title='bbox 250 5706 360 5780; x_wconf 72' lang='grc'>(85)</span> <span class='ocrx_word' id='word_1_796' title='bbox 395 5706 512 5762; x_wconf 91' lang='lat' dir='ltr'><strong>Lib.</strong></span> <span class='ocrx_word' id='word_1_797' title='bbox 548 5723 622 5774; x_wconf 84' lang='lat' dir='ltr'><strong>tv,</strong></span> <span class='ocrx_word' id='word_1_798' title='bbox 651 5722 769 5776; x_wconf 91' lang='lat' dir='ltr'><strong>cap.</strong></span> <span class='ocrx_word' id='word_1_799' title='bbox 807 5707 894 5761; x_wconf 71' lang='lat'><strong>2&#39;5.</strong></span> 
     </span>
    </p>
   </div>
  </div>
