3878 6218
442 322 546 372 63‘.)
1223 317 1690 375 S..ATIIAN;\SII
1731 319 1881 372 UPP.
1951 317 2126 372 PARS
2158 319 2244 372 ΙΙΙ.
2289 348 2355 361 ——
2386 319 2794 379 EXEGETICA.
3616 324 3733 377 (ir—30

440 433 656 504 posuit,
696 434 1091 499 interpl'otatos
1125 434 1175 486 in
1209 434 1457 488 Graecum
1496 449 1553 486 se
1585 433 1816 502 legisse,
1851 444 2146 499 testatum;
2182 436 2323 488 unde
2353 445 2567 490 constat
2613 453 2736 491 eum
2785 439 3065 506 ignorasse
3106 440 3200 495 illo
3245 451 3486 510 tempore
3523 441 3731 510 Syram

439 522 680 594 linguam
717 523 800 578 vel
828 522 1065 582 litteras.
1099 524 1166 579 Et
1200 525 1320 578 ideo
1351 525 1530 588 hunc,
1562 526 1655 594 qui
1693 526 1920 579 necdum
1956 527 2008 578 in
2041 527 2202 579 aliam
2248 542 2440 582 versus
2480 539 2564 583 est
2594 529 2870 600 linguam,
2915 532 3158 588 nescisse
3205 534 3544 604 scriptorem.
3582 551 3602 584 ι
3647 532 3732 586 Ita

438 616 780 675 Gennadius.
810 619 890 677 Αι
923 638 1054 677 vero
1086 637 1196 691 quo
1227 631 1471 689 tempore
1501 619 1864 692 Hieronymus
1904 621 2102 675 librum
2130 620 2207 674 De
2235 623 2604 676 ecclesiasticis
2635 625 2977 694 scriptoribus
3005 629 3341 697 composuit,
3372 629 3572 695 optime
3601 627 3730 696 jam

440 713 672 769 callebat
702 713 951 783 linguam
989 714 1293 785 Syriacam.
1325 711 1605 781 Siquidem
1641 727 1763 766 enm
1809 712 2004 764 librum
2041 713 2308 776 absolvit,
2336 723 2395 768 ut
2423 715 2538 784 ipse
2568 723 2828 780 testatur,
2866 731 3010 770 anno
3037 717 3249 772 decimo
3275 730 3472 787 quarto
3501 719 3727 787 imperii

443 805 740 874 Theodosii
771 807 892 877 (86)
917 849 932 873 ,
969 808 1072 860 hoc
1102 815 1187 859 est
1219 819 1364 858 anno
1395 803 1609 857 Domini
1643 803 1750 856 59:2
1782 803 1834 856 in
1888 801 2342 858 Bethlehemitieo
2385 820 2608 860 secessu
2629 848 2644 872 ,
2696 822 2820 861 cum
2850 807 2963 878 jam
3010 818 3155 863 esset
3200 821 3489 878 provectus
3520 819 3729 875 atate,

442 917 649 957 annum
679 916 851 974 agens
883 901 1282 971 sexagesimum
1318 899 1556 953 circiter.
1591 898 1776 966 Itaque
1811 906 1924 950 tum
1958 896 2040 951 vel
2070 897 2310 967 linguam
2349 896 2612 969 Syrorum
2641 899 2924 964 didicerat,
2951 901 3035 954 vel
3062 917 3365 970 nunquam,
3395 903 3540 972 quod
3564 911 3730 957 certe

441 997 643 1053 falsum
672 1008 781 1063 est,
809 997 1020 1052 didicit.
1052 996 1131 1049 Ad
1162 995 1275 1049 hac
1304 995 1532 1058 accedit,
1563 993 1703 1060 quod
1733 993 1916 1061 plures
1943 1009 2119 1047 annos
2152 1004 2445 1063 antequam
2477 1011 2614 1064 opus
2652 994 2724 1048 De
2757 995 3127 1051 ecclesiasticis
3161 998 3505 1066 scriptoribus
3529 999 3732 1054 absol-

441 1100 610 1156 veret,
648 1108 776 1149 cum
804 1093 1088 1148 Hebraij
1122 1091 1320 1160 linguae
1346 1089 1593 1143 notitiam
1627 1089 1856 1158 adeptus
1879 1097 2043 1154 esset,
2076 1088 2456 1143 Chaldaeorum
2488 1105 2710 1160 quoque
2735 1091 3039 1146 ediscenda:
3065 1107 3286 1162 operam
3318 1091 3505 1147 sedulo
3537 1092 3725 1151 dedit.

441 1181 654 1256 Lingua
682 1197 862 1242 autem
893 1186 1189 1242 Chaldaica
1211 1193 1265 1238 et
1302 1182 1545 1254 Syriaca,
1572 1182 1740 1236 veluti
1775 1181 2014 1249 ejusdem
2049 1181 2246 1251 lingnte
2271 1182 2500 1236 diversae
2535 1183 2774 1250 dialecti,
2805 1185 2939 1238 adeo
2975 1184 3116 1238 inter
3145 1199 3203 1238 se
3237 1183 3423 1239 affines
3457 1196 3616 1248 sunt,
3663 1191 3731 1236 ut

441 1279 490 1335 si
522 1281 904 1335 characterum
934 1277 1306 1333 diversitatem
1331 1317 1346 1340 ,
1378 1290 1472 1329 seu
1512 1275 1816 1327 litterarum
1855 1276 2085 1326 formam
2119 1282 2174 1328 et
2218 1275 2447 1343 figuram
2472 1315 2486 1336 ,
2528 1274 2728 1343 quibus
2759 1276 2812 1328 in
2859 1276 3148 1330 scribendo
3191 1276 3427 1331 Chaldaei
3473 1285 3526 1330 et
3586 1276 3726 1347 Syri

445 1378 676 1424 utuntur
701 1410 715 1433 ,
754 1379 809 1424 et
839 1368 1132 1424 nonnullas
1166 1381 1359 1422 vocem
1387 1364 1802 1419 terminationes
1822 1405 1835 1427 ,
1860 1375 1914 1417 et
1944 1380 2114 1433 pauca
2151 1365 2398 1434 quaedam
2430 1366 2534 1418 alia
2567 1367 2717 1435 parvi
2747 1369 3005 1421 momenti
3035 1369 3310 1438 excipias,
3341 1369 3540 1424 eaedem
3572 1385 3728 1437 pene

445 1462 576 1526 sint,
605 1464 742 1516 adeo
770 1471 830 1516 ut
851 1461 944 1530 qui
976 1460 1205 1514 alteram
1231 1473 1296 1511 ex
1326 1458 1413 1510 his
1438 1458 1610 1518 novit,
1643 1454 1802 1509 facile
1830 1465 2118 1524 utramque
2144 1457 2425 1525 intelligat.
2459 1455 2686 1527 Insuper
2715 1459 2892 1527 posito
2911 1461 3073 1513 etiam
3098 1461 3240 1529 quod
3265 1461 3503 1532 linguam
3529 1461 3730 1531 Syria-

443 1573 565 1612 cam
593 1556 959 1625 Hieronymus
985 1553 1291 1622 ignoraret,
1325 1560 1504 1605 tamen
1535 1550 1585 1602 id
1622 1551 1843 1602 minime
1872 1550 2261 1618 impedimento
2285 1568 2404 1605 esse
2440 1563 2685 1620 poterat,
2719 1555 3016 1621 quominus
3049 1557 3115 1610 de
3139 1557 3394 1625 operibus
3429 1557 3487 1613 S.
3521 1558 3725 1615 Jacobi

443 1646 690 1702 Nisibeni
718 1645 918 1714 aliquid
954 1644 1147 1698 litteris
1178 1642 1446 1706 traderet,
1483 1641 1941 1709 quemadmodum
1967 1641 2033 1694 de
2063 1639 2120 1694 S.
2151 1641 2405 1710 Ephrem,
2436 1643 2664 1711 ejusque
2697 1645 2849 1698 libris
2882 1645 3104 1716 Syriace
3140 1649 3358 1716 scriptis
3403 1648 3456 1701 in
3491 1650 3729 1705 laudato

445 1743 700 1812 Catalogo
740 1742 1032 1794 illustrium
1062 1740 1295 1793 virorum
1331 1740 1662 1792 mentionem
1723 1737 1851 1791 fecit
1892 1738 1944 1790 in
1995 1737 2141 1792 hunc
2173 1741 2416 1792 modum.
2458 1758 2475 1788 ι
2518 1737 2701 1804 Multa,
2750 1741 2967 1809 inquit,
3015 1740 3152 1812 Syro
3195 1758 3446 1796 sermone
3472 1759 3713 1812 compo-

444 1816 572 1891 suit.
598 1856 618 1889 ι
653 1833 839 1903 Neque
868 1835 1012 1890 enim
1046 1850 1170 1913 cum
1199 1834 1340 1888 inter
1373 1832 1542 1903 Syros
1568 1835 1816 1902 degeret,
1845 1848 2008 1900 opera
2042 1832 2100 1887 S.
2125 1833 2312 1888 Jacobi
2342 1835 2604 1894 Nisibeni.
2635 1837 2678 1887 si
2714 1836 2896 1904 lingua
2928 1835 3190 1907 Syrorum
3222 1839 3420 1907 scripta
3450 1838 3718 1902 fuissent,

439 1943 507 1982 ae
535 1928 764 1997 proinde
795 1926 865 1978 ob
895 1925 1136 1978 auctoris
1163 1923 1530 1979 celebritatem
1568 1921 1827 1975 omnibus
1855 1922 2014 1990 vulgo
2042 1933 2168 1976 nota
2191 1933 2371 1978 essent
2391 1965 2404 1988 ,
2429 1924 2681 1994 ignorare
2706 1940 2827 1978 eum
2859 1927 3101 1994 potuisse
3126 1969 3142 1991 ,
3175 1929 3470 1983 verisimile
3502 1938 3606 1984 est.
3639 1929 3720 1983 At

445 2035 574 2075 vero
609 2037 715 2074 non
742 2021 917 2075 solum
950 2018 1265 2088 Hieronymi
1288 2027 1444 2071 relate
1467 2061 1480 2083 ,
1507 2017 1600 2072 sed
1629 2019 1790 2072 etiam
1819 2027 2006 2087 postea
2042 2017 2305 2086 temporis
2338 2019 2478 2086 apud
2530 2017 2696 2090 Syros
2729 2029 2782 2072 et
2816 2018 3163 2090 Syriacarnm
3200 2037 3379 2074 rerum
3411 2023 3718 2090 scriptores

444 2115 588 2168 nulla
618 2114 823 2166 mentio
847 2113 1020 2167 estde
1049 2110 1107 2166 S.
1139 2110 1326 2165 Jacobi
1352 2110 1592 2166 N;siheni
1622 2113 1900 2180 operibus,
1932 2112 2130 2180 quippe
2153 2128 2276 2180 qua:
2305 2112 2372 2164 ah
2407 2113 2523 2180 ipso
2548 2128 2656 2165 non
2692 2112 2938 2183 Syriaca,
2973 2115 3067 2168 sed
3099 2116 3332 2168 Armena
3357 2116 3564 2184 lingua,
3598 2133 3717 2186 qua

441 2211 696 2264 utebatur
732 2210 790 2262 S.
824 2207 1124 2277 Gregorius
1147 2207 1518 2270 llluminator,
1543 2224 1574 2260 a
1603 2222 1715 2276 quo
1743 2217 1965 2277 rogatus
1990 2223 2053 2260 ea
2080 2206 2411 2275 composuit,
2441 2207 2646 2276 scripta
2681 2206 2922 2261 fuerunt.
2950 2208 3137 2277 Itaque
3163 2211 3244 2263 vel
3274 2210 3528 2264 mendum
3571 2212 3722 2266 irre.

441 2302 549 2370 psit
577 2302 630 2354 in
658 2310 863 2354 textum
904 2299 1172 2354 Gennadii
1196 2341 1211 2366 ,
1241 2309 1291 2352 et
1321 2315 1418 2368 pro
1445 2298 1580 2366 Syro
1610 2315 1846 2352 sermone
1887 2299 2176 2366 legendum
2212 2308 2296 2350 est
2327 2299 2556 2351 Armeno
2575 2339 2589 2361 ,
2616 2301 2699 2352 vel
2745 2301 2926 2369 potius
2953 2341 2968 2366 ,
3001 2311 3059 2354 ut
3110 2318 3265 2368 reor,
3295 2311 3348 2355 et
3375 2301 3723 2370 probabilius

439 2397 600 2449 etiam
635 2393 848 2448 videtur
869 2433 882 2456 ,
916 2392 1182 2446 memoria
1210 2391 1396 2460 lapsus
1425 2401 1508 2444 est
1531 2389 1844 2444 Gennadius
1877 2389 2125 2444 scribens
2164 2389 2386 2459 Syriaca
2420 2391 2601 2458 lingua
2625 2431 2638 2455 ,
2670 2407 2777 2444 non
2821 2402 2999 2446 autem
3032 2393 3268 2446 Armena
3305 2408 3469 2461 opera
3517 2392 3576 2447 S.
3621 2392 3721 2448 Ja-

437 2488 560 2542 Cobi
583 2488 782 2554 scripta
810 2486 978 2540 fuisse
999 2527 1015 2552 ,
1052 2496 1147 2539 aut
1176 2485 1552 2554 conjecturam
1588 2483 1792 2538 faciens
1814 2500 1877 2537 ex
1907 2484 2079 2552 patria
2114 2482 2302 2537 Jacobi
2322 2527 2335 2550 ,
2369 2501 2492 2554 qua).
2522 2485 2784 2556 Syrorum
2819 2488 2950 2541 urbs
2973 2497 3126 2550 erat,
3155 2503 3261 2558 qua
3297 2488 3480 2558 lingua
3508 2490 3716 2558 scripta

441 2575 674 2632 fuissent
703 2591 869 2644 opera
891 2617 906 2642 ,
936 2591 1171 2644 quorum
1198 2614 1214 2639 ,
1243 2586 1302 2629 ut
1329 2575 1628 2630 .verisimile
1660 2585 1741 2630 est
1762 2617 1776 2634 .
1809 2575 1864 2628 in
1888 2574 2215 2629 Massiliensi
2251 2577 2588 2630 monasterio
2626 2577 2706 2630 vel
2741 2578 2912 2632 solam
2967 2579 3273 2632 versionem
3309 2577 3600 2644 Latinam,
3631 2581 3717 2634 vel

441 2673 624 2742 aliqua
651 2681 906 2740 excerpta
927 2711 941 2732 ,
975 2671 1057 2724 vel
1085 2653 1390 2740 catalogum
1420 2686 1516 2725 seu
1551 2669 1847 2724 indiculum
1877 2671 2143 2724 duntaxat
2178 2670 2432 2724 habebat.
2466 2669 2649 2726 Locus
2684 2683 2864 2726 autem
2899 2671 2956 2726 S.
2987 2672 3176 2729 Jacobi
3205 2673 3446 2729 Nisibeni
3474 2717 3489 2741 ,
3515 2676 3610 2745 qui
3644 2677 3715 2729 ad

443 2779 556 2817 rem
577 2804 592 2831 ,
615 2764 792 2832 qnade
822 2764 1034 2832 agitur,
1068 2761 1336 2830 pertinet,
1370 2761 1424 2814 in
1471 2775 1726 2816 sermone
1761 2760 2001 2814 secundo
2033 2759 2108 2812 De
2139 2759 2447 2826 dilectione,
2496 2759 2588 2814 ubi
2627 2761 2787 2814 verba
2827 2761 2958 2815 facit
2985 2763 3051 2815 de
3092 2775 3362 2832 postrema
3407 2761 3713 2819 Jerusalem

439 2863 723 2914 eversione
738 2870 791 2913 et
817 2859 1150 2928 captivitate,
1185 2859 1310 2913 talis
1331 2867 1413 2912 est
1445 2877 1457 2911 :
1495 2877 1513 2909 ί
1540 2855 1658 2911 Νοη
1688 2857 1977 2912 videantur
2006 2857 2098 2911 tibi
2133 2856 2388 2922 difﬁcilia,
2420 2857 2765 2921 charissime,
2804 2875 2926 2927 quas
2958 2861 3187 2928 scripsi,
3219 2861 3364 2930 quod
3394 2861 3448 2915 in
3478 2861 3715 2916 dimidio

440 2957 547 3011 diei
586 2973 698 3011 sua:
737 2956 944 3010 dimisit
973 2955 1114 3010 Deus
1159 2954 1497 3017 Jerusalem,
1527 2955 1656 3023 quia
1693 2955 1768 3008 ita
1807 2954 1996 3008 scribit
2026 2953 2190 3008 David
2234 2953 2287 3006 in
2325 2954 2536 3022 psalmo
2574 2956 2906 3024 octogesimo
2947 2970 3089 3009 nono
3140 2975 3152 3010 :
3219 2957 3366 3010 Mille
3412 2959 3540 3012 anni
3589 2969 3714 3014 ante

441 3049 618 3102 oculos
639 3049 850 3102 Domini
866 3057 1118 3117 tanquam
1135 3049 1244 3102 dies
1268 3047 1531 3113 hesterna,
1555 3063 1671 3116 qua:
1688 3047 1942 3116 prwteriit
1959 3046 2030 3113 ‘5;
2068 3062 2230 3116 quam
2267 3046 2591 3102 sententiam
2615 3064 2676 3102 ex
2687 3049 2948 3117 plicantes
2966 3050 3219 3105 doctores
3237 3052 3409 3106 nostri
3431 3054 3713 3122 sapientes

440 3143 652 3207 dicunt,
683 3140 829 3211 quod
862 3140 918 3194 in
950 3141 1307 3194 similitudine
1333 3148 1538 3208 septem
1566 3138 1776 3192 dierum
1808 3138 2023 3206 positus
2046 3147 2130 3190 est
2159 3137 2249 3191 hic
2282 3139 2516 3192 mundus
2543 3153 2576 3190 a
2602 3137 2732 3202 Deo,
2771 3147 2824 3192 et
2850 3138 2902 3190 in
2934 3141 3406 3195 consummatione
3432 3159 3524 3196 sex
3558 3144 3710 3197 mille

444 3254 715 3294 annorum
748 3237 991 3291 solvetur
1017 3237 1256 3292 mundus
1288 3236 1394 3302 hic,
1428 3243 1482 3288 et
1507 3234 1612 3288 erit
1643 3232 1940 3287 Sabbatum
1973 3231 2066 3286 Dei
2103 3234 2157 3286 in
2186 3232 2600 3288 similitudinem
2628 3234 2838 3287 dierum
2873 3233 3093 3288 Sabbati
3116 3276 3130 3298 ,
3163 3235 3306 3304 quod
3337 3244 3422 3290 est
3457 3246 3579 3304 post
3613 3253 3711 3291 sex

443 3334 580 3387 dies.
608 3350 626 3382 ι
661 3329 776 3382 Ιιηο
799 3344 927 3384 vero
953 3329 1267 3398 hujusmodi
1296 3327 1582 3398 persuasio
1617 3326 1684 3380 de
1710 3326 2000 3380 duratione
2029 3326 2217 3379 mundi
2261 3335 2314 3378 et
2351 3324 2718 3392 Sabbatismo,
2756 3325 2992 3380 laudatis
3039 3342 3201 3395 supra
3247 3342 3276 3378 a
3324 3343 3410 3380 me
3453 3327 3712 3384 l'atribus

443 3431 718 3498 antiquior
746 3439 864 3497 est,
893 3443 1123 3497 eamque
1149 3441 1216 3481 ex
1249 3424 1414 3479 veteri
1447 3422 1795 3477 Hebraeorum
1827 3421 2120 3476 traditione
2163 3421 2430 3490 originem
2463 3421 2767 3489 sumpsisse
2816 3421 3159 3475 crediderim.
3216 3421 3493 3491 Siquidem
3530 3437 3593 3476 ex
3636 3422 3708 3478 iis

441 3538 563 3591 qua:
595 3538 716 3590 cap.
745 3539 851 3575 xxv
885 3519 1114 3574 Levitici
1147 3517 1538 3587 praecipiuntur
1565 3515 1631 3569 de
1655 3513 2048 3568 sabbatizando
2073 3511 2333 3576 Sabbato,
2370 3512 2635 3579 colligunt
2664 3522 2871 3567 veteres
2902 3513 3111 3566 rabbini
3142 3513 3402 3566 mundum
3437 3511 3708 3567 duntaxat

443 3631 537 3684 per
572 3630 664 3668 sex
692 3615 860 3668 millia
893 3629 1163 3668 annorum
1193 3612 1539 3675 duraturum,
1563 3616 1616 3661 et
1637 3606 1786 3676 quod
1820 3607 2084 3674 septimus
2115 3605 2452 3659 millenarius
2485 3604 2703 3659 futurus
2725 3605 2795 3659 sit
2832 3605 3130 3658 Sabbatum
3163 3603 3399 3658 Domini.
3431 3603 3575 3658 Mille
3607 3618 3708 3658 au’

443 3719 548 3763 tem
577 3725 752 3765 annos
776 3717 1068 3763 numerant
1101 3721 1199 3777 pro
1233 3720 1344 3760 uno
1373 3704 1481 3768 die,
1511 3703 1639 3772 quia
1671 3703 1724 3755 in
1755 3702 1964 3770 psalmo
1986 3700 2193 3754 dictum
2225 3709 2308 3755 est
2353 3719 2365 3753 :
2403 3699 2552 3753 Mille
2580 3700 2707 3752 anni
2750 3709 2870 3753 ante
2908 3699 3083 3754 oculos
3123 3709 3261 3766 tuos,
3305 3709 3554 3769 tanquam
3592 3701 3704 3754 dies

445 3803 710 3869 hesterna,
765 3819 883 3873 qua:
939 3803 1224 3872 prazteriit.
1254 3800 1321 3854 Et
1349 3800 1568 3870 quidem
1600 3799 1654 3851 in
1688 3795 1994 3850 Sanhedrin
2020 3796 2092 3849 ita
2128 3796 2390 3864 scriptum
2417 3797 2682 3851 habetur:
2728 3815 2746 3846 ‹
2779 3795 2884 3851 Sex
2914 3797 3150 3852 millibus
3181 3811 3450 3850 annorum
3485 3796 3706 3850 durabit

446 3899 718 3965 mundus,
747 3908 800 3951 et
831 3913 942 3952 uno
972 3897 1278 3951 millenario
1301 3895 1576 3949 desolatus
1617 3894 1740 3947 erit.
1775 3892 1994 3946 Duobus
2026 3892 2266 3946 millibus
2308 3893 2526 3946 durabit
2560 3893 2863 3947 devastatto
2913 3893 3032 3962 ejus
3069 3893 3138 3962 (id
3171 3902 3254 3947 est
3287 3892 3492 3946 inculta
3533 3891 3706 3945 homi-

445 4012 576 4050 num
600 3995 756 4063 vita),
787 4003 840 4049 et
871 3993 1086 4047 duobus
1110 3991 1351 4045 millibus
1385 3989 1492 4051 lex,
1528 3996 1688 4056 atque
1717 3986 1930 4040 duobus
1964 3985 2202 4040 millibus
2231 3985 2349 4040 dies
2383 3984 2612 4041 Messias.
2641 4005 2658 4037 ι
2693 3984 2845 4040 Unde
2861 3987 2969 4039 duo
2993 3984 3322 4047 inferuntur,
3361 3995 3421 4039 ut
3447 3985 3498 4039 id
3529 3985 3707 4040 obiter

444 4105 732 4151 moneam,
764 4098 954 4142 contra
977 4088 1123 4156 ipsos
1157 4085 1444 4140 Hebraeos:
1476 4098 1670 4151 nempe
1695 4083 1807 4150 jam
1837 4080 2044 4150 pridem
2079 4079 2336 4135 Messiam
2363 4081 2580 4136 venisse
2604 4122 2618 4146 ,
2654 4093 2707 4136 et
2728 4082 2897 4151 legem
2915 4064 3220 4135 .Mosaicatn
3245 4082 3563 4134 duraturam
3594 4096 3703 4136 non

446 4183 646 4244 fuisse,
677 4181 781 4236 nisi
809 4195 983 4249 usque
1013 4180 1078 4233 ad
1111 4179 1402 4233 adventum
1434 4177 1606 4246 ipsius
1636 4173 1868 4228 Messiaa.
1908 4169 2015 4227 Sed
2043 4173 2248 4228 relictis
2281 4174 2579 4228 rabbinieis
2625 4174 3011 4229 traditionibus
3056 4175 3286 4228 reditum
3327 4172 3596 4228 faciamus
3633 4172 3700 4228 ad

441 4273 822 4328 Athanasium.

515 4363 728 4418 XXXV.
765 4363 966 4416 Praeter
998 4362 1262 4416 hactenus
1296 4375 1327 4414 a
1359 4374 1444 4414 me
1467 4359 1628 4412 allata
1649 4397 1663 4421 ,
1699 4356 2114 4428 archiepiscopo
2137 4356 2508 4411 Alexandrino
2539 4356 2932 4426 Eapositionem
2956 4355 3297 4410 Psalmorum
3320 4398 3334 4419 ,
3363 4373 3528 4426 quam
3556 4373 3701 4415 nunc

443 4456 680 4526 primum
713 4455 766 4507 in
795 4453 1073 4522 publicum
1103 4451 1320 4505 edimus
1340 4489 1354 4512 ,
1385 4449 1492 4502 alia
1518 4463 1736 4518 quoque
1764 4463 1872 4500 non
1905 4449 2059 4515 parvi
2090 4449 2352 4502 momenti
2385 4449 2684 4503 vindicant.
2709 4453 2786 4504 Ac
2813 4451 3049 4519 primum
3070 4457 3392 4504 vetustatem
3420 4451 3700 4519 scriptoris

443 4549 862 4612 commentarii,
885 4547 1116 4617 ejusque
1142 4544 1320 4598 natale
1347 4542 1522 4596 solum
1547 4581 1561 4606 ,
1594 4542 1680 4594 vel
1710 4540 2051 4594 domicilium
2085 4539 2428 4594 Alexandria:
2459 4540 2660 4600 fuisse,
2688 4551 2782 4595 aut
2820 4553 2969 4597 certe
3008 4559 3113 4597 non
3141 4543 3329 4612 procul
3368 4543 3436 4597 ab
3467 4559 3531 4598 ea
3569 4545 3699 4600 urbe

443 4643 754 4705 manifesto,
789 4650 849 4695 ut
880 4639 1012 4693 mihi
1043 4637 1277 4698 videtur,
1315 4635 1579 4696 indicant,
1613 4647 1734 4702 qum
1759 4633 1811 4686 in
1843 4631 2182 4703 expositione
2209 4633 2276 4686 ad
2303 4634 2569 4700 psalmum
2593 4651 2732 4690 cxxv
2766 4634 3048 4705 leguntur:
3091 4638 3164 4690 ibi
3192 4638 3338 4691 enim
3370 4640 3610 4709 loquitur
3631 4644 3696 4699 de

444 4736 852 4797 llhinoeurura,
885 4749 981 4788 seu
1009 4731 1380 4788 Rhinocolura
1410 4729 1524 4798 (87)
1563 4737 1820 4795 tanquam
1855 4728 1922 4782 de
1955 4727 2089 4781 urbe
2118 4743 2241 4796 qua:
2274 4728 2494 4796 propius
2521 4729 2710 4783 aberat
2731 4746 2760 4784 e
2787 4731 2906 4786 loco
2934 4732 3075 4785 unde
3101 4732 3215 4800 ipse
3249 4733 3539 4786 scribebat.
3571 4733 3697 4790 Erat

445 4838 624 4884 autem
656 4827 1027 4882 Rhinocolura
1065 4825 1196 4879 urbs
1229 4824 1283 4876 in
1315 4823 1515 4877 finibus
1545 4820 1763 4892 Egypti
1796 4820 1972 4888 posita
1997 4859 2012 4884 ,
2049 4820 2154 4874 hoc
2179 4820 2400 4874 nomine
2432 4833 2775 4892 nuncupata,
2811 4835 2870 4879 ut
2901 4825 3076 4894 inquit
3111 4825 3337 4879 Strabo:
3374 4844 3392 4876 ι
3413 4828 3482 4880 ab
3512 4827 3578 4881 iis
3601 4827 3693 4896 qui

445 4934 605 4974 nares
635 4914 868 4971 truncati
899 4928 966 4968 eo
995 4913 1147 4970 fuere
1180 4912 1462 4968 translati:
1497 4926 1622 4966 nam
1657 4908 1975 4977 Ethiopum
2007 4910 2228 4979 quidam
2258 4909 2553 4982 Egyptum
2585 4914 2848 4970 invadens
2876 4931 2981 4970 non
3013 4931 3162 4981 nece,
3197 4920 3291 4972 sed
3325 4918 3443 4973 nasi
3472 4920 3693 4976 mutila-

519 5105 561 5136 ³⁸
585 5103 728 5159 Psal.
748 5117 972 5169 Lxxxtx,
1007 5102 1056 5155 l.

535 5260 626 5317 86)
660 5260 896 5316 Marcell.
927 5260 980 5314 in
1009 5259 1267 5314 Chronico

512 5261 626 5334 (86)
660 5261 896 5316 Marcell.
927 5261 980 5314 in
1009 5261 1267 5314 Chronico

515 5337 628 5405 (87)
664 5330 1062 5405 'Ptvoxéloupat,
1089 5330 1674 5405 liliinocolurallicitur
1700 5345 1728 5383 a
1760 5328 2025 5405 Strabone
2063 5333 2114 5386 in
2143 5329 2437 5400 Geograph.
2488 5329 2733 5405 lib._xvi,
2798 5338 2859 5405 et
2887 5329 3123 5405 alibi,_et
3156 5347 3184 5384 a
3219 5329 3688 5405 PlinioAlilgkac.

444 5399 536 5466 l5,
572 5399 619 5458 δ’
662 5399 984 5457 Ριυιυιιιίεᾰ
1015 5403 1069 5454 ἱιι
1100 5401 1392 5472 Geograplt.
1441 5401 1874 5472 Ῥινοκούρουρα.
1909 5399 2288 5456 Rhinocurura
2331 5413 2510 5453 autent
2556 5400 2624 5454 ab
2655 5400 2899 5472 liusebio
2938 5408 2993 5453 et
3042 5399 3454 5472 Hieronymoﬂin
3489 5401 3585 5456 lib.
3616 5400 3692 5456 De

444 5477 552 5528 situ
577 5485 623 5527 et
651 5475 859 5528 nomine
895 5472 1129 5525 locorum
1167 5468 1436 5531 llebraic.,
1497 5483 1551 5524 et
1608 5468 1912 5525 ah'eo'dem
1978 5472 2196 5525 llieron.
2262 5473 2316 5524 in
2358 5487 2474 5538 cap.
2528 5485 2594 5523 xx
2644 5468 2860 5532 Haec/1.,
2900 5483 3012 5523 tum
3037 5468 3264 5539 quoque
3292 5487 3321 5523 a
3361 5469 3688 5535 Sozomeno,

445 5545 542 5600 lih.
570 5561 622 5596 vr
675 5543 816 5596 Hist.
843 5542 968 5596 eccl.
1011 5558 1129 5610 cap.
1159 5543 1247 5604 2f,
1275 5542 1577 5610 quietiam
1627 5541 1790 5594 refert
1838 5544 2019 5610 plures
2059 5543 2128 5595 ihi
2187 5551 2431 5600 ascetas,
2478 5556 2571 5594 seu
2620 5542 2934 5594 monasticae
2992 5541 3350 5608 profes~ionis
3391 5541 3538 5594 viros
3585 5541 3686 5594 flo-

444 5615 624 5670 ruisse
681 5623 736 5668 et
801 5615 1006 5668 clerum
1069 5609 1324 5666 Ecclesiae
1379 5609 1870 5665 Rhinocerurcnsis
1899 5628 2242 5666 communem
2273 5613 2492 5665 domum
2523 5622 2578 5664 et
2607 5625 2874 5668 mensam.
2902 5618 2955 5663 et
2989 5611 3195 5679 reliqua
3228 5611 3410 5664 omnia
3441 5626 3688 5664 commu-

443 5685 538 5741 nia
580 5684 856 5738 habuisse.
901 5683 1147 5736 Tot-renti
1202 5682 1532 5753 autem,_qui
1581 5681 2010 5753 Rhinocolura")
2053 5683 2308 5748 alluebat,
2372 5694 2567 5736 nomen
2596 5679 2768 5734 fuisse
2793 5679 3004 5735 videtur
3055 5680 3274 5735 Torrens
3298 5681 3459 5736 Βεεον
3485 5679 3538 5753 (Ι
3562 5680 3683 5751 Reg.

444 5773 571 5821 nx,
607 5754 713 5824 l0),
744 5755 856 5809 sive
881 5753 1102 5809 Torrens
1129 5752 1340 5807 deserti.
1371 5751 1551 5821 (Amos
1575 5767 1649 5818 vI,
1681 5751 1790 5822 l-l.)
