3878 6218
210 389 320 443 6-11
900 383 985 436 ΒΕ
1026 377 1305 435 Tl‘l‘ULlS
1349 373 1795 431 PSALMORUM.
1836 405 1907 414 —
1945 371 2338 427 ANTONELLI
2381 370 2775 428 PRr‘EFATIO.
3384 370 3489 424 6.12

211 505 373 558 tione
399 499 663 555 maleficia
699 511 957 552 coercens
985 510 1081 549 eos
1115 493 1187 547 ibi
1221 491 1540 551 collocavit,
1578 499 1635 542 ut.
1679 500 1896 556 propter
1931 487 2043 541 oris
2088 486 2486 541 deformitatem
2524 487 2701 542 redire
2756 486 2977 540 domum
3012 499 3119 539 non
3156 486 3438 540 auderent.
3470 507 3490 540 ι

215 599 532 654 Saracenos
559 606 738 648 autem
765 591 928 661 (quos
949 590 1158 642 Arabas
1185 586 1424 641 scenitas
1460 582 1653 647 fuisse,
1681 582 1765 636 vel
1795 598 1860 636 ex
1893 582 1993 636 hoc
2010 582 2386 636 commentarii
2416 583 2535 637 loco
2563 582 2779 652 probari
2806 582 3007 650 potest)
3038 581 3090 634 in
3114 581 3489 636 tabernaculis

212 705 315 745 seu
349 686 618 751 tentoriis,
642 685 723 740 vel
749 683 850 738 sub
881 681 1114 751 pellibus
1136 679 1316 733 adhuc
1342 677 1669 738 habitantes,
1692 682 1746 728 et
1774 673 2015 727 nondum
2042 674 2270 729 urbibus
2306 674 2525 742 potitos,
2550 673 2643 727 sed
2665 673 2937 728 latronum
2965 672 3138 726 instar
3166 671 3220 725 in
3242 672 3494 742 proxima

209 781 437 852 Egypti
464 781 581 834 loca
614 788 667 833 et
695 777 858 831 urbes
892 784 1077 829 suetos
1100 786 1421 834 excurrere,
1457 768 1776 839 praedasque
1806 766 1932 821 inde
1962 774 2241 834 avertere,
2278 781 2389 821 non
2422 765 2717 821 dissimiles
2761 780 2952 820 eorum
2984 764 3051 819 de
3096 763 3297 834 quibus
3334 771 3492 833 poeta

214 876 421 931 cecinit
440 894 453 928 :

457 1008 471 1020 .
552 1006 565 1020 .
645 1006 659 1019 ο
740 1007 754 1021 .
834 1005 847 1018 .
928 1005 942 1018 .
1022 1000 1037 1014 ο
1113 976 1415 1028 semperque
1447 968 1672 1010 νρσρηιρδ

432 1059 745 1115 Conrcctare
763 1060 913 1129 juvat
935 1055 1141 1123 praedas
1172 1065 1217 1106 et
1247 1055 1413 1104 vivere
1443 1061 1594 1119 rapto
1627 1048 1737 1120 (88)
1763 1068 1777 1103 :

215 1151 380 1207 Tales
404 1168 497 1207 eos
528 1152 680 1206 nobis
710 1152 929 1205 exhibet
952 1157 1143 1202 auctor
1177 1144 1593 1208 commentarii,
1628 1144 1817 1212 quales
1866 1148 2023 1196 aetate
2051 1158 2147 1196 sua
2182 1140 2352 1197 fuisse
2378 1150 2731 1211 repraesentat
2768 1140 3093 1195 Ammianus
3138 1137 3489 1192 Marcellinus

214 1242 354 1334 (89),
383 1242 474 1312 qui
500 1260 513 1295 :
545 1261 563 1293 ι
590 1241 845 1295 Saraceni
870 1251 1049 1292 tamen
1076 1251 1173 1290 nec
1193 1235 1377 1298 amici,
1415 1235 1508 1297 ait,
1552 1234 1710 1287 nobis
1737 1249 1999 1301 unquam,
2028 1248 2125 1287 nec
2150 1233 2333 1287 hostes
2354 1233 2601 1301 optandi,
2647 1234 2791 1286 ultro
2814 1233 3058 1302 citroque
3092 1232 3485 1293 discursantes,

214 1322 486 1405 quidquid
519 1334 762 1387 invenire
796 1338 1068 1400 poterant,
1109 1336 1386 1381 momento
1416 1324 1677 1393 temporis
1711 1325 1860 1393 parvi
1897 1325 2203 1388 vastabant,
2235 1324 2541 1378 milviorum
2573 1324 2850 1392 rapacium
2883 1323 3109 1387 similes,
3148 1323 3239 1390 qui
3274 1322 3317 1375 si
3350 1336 3488 1390 pra:-

213 1433 341 1485 dam
366 1430 713 1500 d.spexerint
741 1429 964 1489 celsius,
994 1425 1175 1479 volatu
1206 1426 1427 1491 rapiunt
1454 1420 1640 1486 celeri,
1672 1428 1765 1473 aut
1800 1419 1904 1473 nisi
1936 1419 2366 1488 impetraverint,
2398 1434 2506 1472 non
2538 1419 2920 1473 immorantur.
2949 1437 2967 1468 ι
2997 1416 3277 1485 Quispiam
3303 1426 3485 1471 autem

215 1523 617 1579 Saracenorum
644 1534 842 1573 nomen
879 1518 1110 1572 audiens
1132 1555 1146 1579 ,
1185 1514 1355 1568 nolim
1385 1527 1508 1567 eum
1546 1511 1599 1564 in
1630 1510 1996 1579 suspicionem
2035 1510 2268 1573 adduci,
2302 1518 2362 1564 ut
2389 1509 2702 1573 existimet,
2741 1508 3192 1563 commentarium
3225 1508 3485 1575 scriptum

213 1621 389 1675 fuisse
414 1617 705 1688 posteriori
731 1626 993 1685 tempore,
1022 1628 1132 1682 quo
1165 1610 1568 1664 Saracenorum
1604 1621 1801 1659 nomen
1826 1621 1951 1658 cum
1975 1620 2165 1658 eorum
2200 1605 2428 1673 imperio
2453 1605 2555 1658 late
2577 1614 2929 1674 propagatum
2961 1612 3065 1667 est,
3099 1604 3242 1673 quod
3276 1603 3487 1673 utique,

213 1717 479 1781 regnante
502 1706 750 1760 Heraclio
788 1705 1148 1773 imperatore,
1180 1708 1233 1753 et
1258 1706 1380 1767 post
1402 1696 1522 1764 ejus
1546 1694 1754 1748 obitum
1792 1695 2042 1748 volvente
2081 1695 2279 1748 sacculo
2312 1695 2545 1759 septimo
2585 1695 2831 1765 contigit.
2873 1695 3151 1764 Siquidem
3188 1694 3490 1750 Saraceno—

214 1820 337 1866 rum
376 1801 577 1855 mentio
610 1798 846 1852 occurrit
868 1807 921 1850 et
947 1792 1085 1863 apud
1114 1792 1459 1845 Ammianum
1490 1787 1861 1841 Marcellinum
1884 1827 1898 1848 ,
1940 1801 2102 1855 quem
2138 1801 2302 1853 supra
2339 1786 2547 1839 laudavi
2575 1826 2589 1846 ,
2622 1794 2675 1840 et
2703 1788 2845 1856 apud
2884 1787 3087 1841 Aﬂliunt
3122 1786 3477 1857 Spartianum

214 1900 271 1951 in
300 1895 587 1949 Pescennio
616 1892 783 1961 Nigro
805 1931 819 1953 ,
861 1899 913 1943 et
947 1886 1090 1957 apud
1115 1884 1364 1939 Flavium
1402 1882 1698 1953 Vopiscum
1733 1878 1786 1932 in
1817 1879 2104 1933 Aureliano
2129 1919 2143 1945 ,
2172 1887 2227 1931 et
2257 1879 2396 1947 apud
2429 1878 2756 1948 Procopium
2784 1879 2858 1933 De
2904 1879 3037 1932 bello
3070 1878 3286 1933 Persico
3326 1878 3439 1950 (90)
3469 1896 3482 1932 :

217 1991 619 2046 Saracenorum
660 1988 1023 2041 meminerunt
1057 1982 1221 2036 etiam
1243 1978 1498 2034 Julianus
1527 1979 1580 2031 in
1610 1976 1839 2046 epistola
1865 1977 1932 2029 ad
1959 1973 2015 2028 S.
2049 1974 2333 2040 Basilium,
2358 1973 2417 2029 S.
2447 1973 2789 2044 Augustinus
2820 1976 3122 2044 quaestione
3150 1975 3406 2029 vicesima
3432 1976 3488 2026 in

218 2084 506 2146 Numeros,
544 2081 795 2136 Socrates
820 2077 929 2149 (91)
958 2085 1010 2131 et
1033 2076 1375 2129 Sozomenus
1404 2070 1517 2142 (99.)
1552 2069 1607 2123 in
1641 2068 1885 2122 Historia
1914 2066 2276 2121 ecclesiastica
2296 2108 2310 2132 ,
2342 2066 2545 2135 aliique
2577 2067 2902 2135 scriptores,
2928 2066 3064 2120 adeo
3097 2076 3154 2120 ut
3187 2065 3333 2118 nulla
3364 2065 3488 2119 inde

216 2175 347 2230 oriri
384 2176 557 2244 possit
582 2170 873 2226 dubitatio.

286 2261 527 2317 XXXVI.
568 2260 665 2315 llis
692 2269 872 2313 autem
901 2257 966 2312 ad
993 2254 1451 2311 commentarium
1485 2260 1732 2307 nostrum
1762 2266 1960 2321 magno
1994 2249 2298 2304 Athanasio
2324 2250 2680 2304 asserendum
2712 2247 2982 2304 addantur
3012 2249 3104 2303 illa
3131 2264 3253 2319 quae
3284 2249 3487 2319 scripta

213 2361 466 2430 leguntur
492 2356 545 2411 in
573 2355 911 2426 expositione
936 2352 1130 2422 psalmi
1156 2364 1398 2415 cxxxm,
1426 2349 1516 2403 ubi
1548 2356 1742 2402 auctor
1787 2357 1943 2401 notos
1975 2361 2104 2400 suos
2138 2361 2201 2400 ac
2232 2345 2521 2415 populares
2567 2346 2852 2414 alloquens
2905 2364 2915 2397 :
2972 2364 2989 2395 ι
3015 2343 3130 2398 Non
3182 2346 3445 2415 ignoratis
3467 2386 3485 2413 ,

214 2454 415 2527 inquit,
454 2451 659 2515 dilecti,
686 2449 831 2519 quod
860 2464 982 2502 cum
1032 2462 1141 2540 ιι,οχ
1169 2446 1235 2500 ad
1264 2460 1541 2500 summum
1572 2443 1774 2507 deﬁcit,
1804 2443 1919 2496 dies
1945 2450 2027 2495 est
2049 2441 2358 2510 quindecim
2390 2441 2667 2495 horarum.
2692 2459 2710 2491 ι
2743 2441 2930 2494 Nonne
2955 2441 3070 2494 [nec
3092 2442 3247 2510 quasi
3279 2444 3491 2497 intento

215 2545 386 2616 digito
415 2553 599 2612 aperte
652 2541 1034 2595 demonstrant
1061 2528 1397 2606 'scriptorem
1421 2533 1780 2603 expositionis
1808 2546 1928 2585 esse
1959 2531 2041 2584 vel
2070 2532 2244 2584 civem
2280 2530 2363 2583 vel
2396 2530 2631 2583 incolam
2662 2529 3134 2583 Alexandrinum?
3175 2528 3310 2582 Nam
3361 2529 3488 2584 Ale-

216 2639 461 2692 xandriaa
484 2635 700 2706 Egypti
732 2633 963 2686 latitudo
996 2640 1081 2685 est
1104 2630 1373 2700 graduum
1412 2628 1509 2692 '51,
1537 2626 1876 2679 minutorum
1912 2624 2215 2692 primorum
2248 2622 2307 2674 il
2367 2622 2478 2692 (95)
2506 2662 2519 2685 ,
2563 2621 2930 2676 secundorum
2958 2623 3062 2689 20;
3103 2624 3156 2677 in
3201 2640 3264 2678 ea
3305 2631 3486 2677 autem

216 2728 502 2786 latitudine
523 2731 639 2783 dies
666 2725 1019 2797 longissimus
1045 2764 1059 2789 ,
1087 2722 1419 2792 computatis
1448 2721 1600 2774 horis
1626 2735 1656 2773 a
1693 2719 1824 2773 solis
1848 2727 1971 2771 ortu
2014 2717 2080 2770 ad
2104 2716 2346 2784 ejusdem
2379 2731 2634 2769 occasum
2659 2755 2673 2778 ,
2701 2725 2785 2771 est
2809 2718 3066 2771 horarum
3102 2720 3167 2771 14
3195 2760 3208 2783 ,
3242 2720 3484 2772 minuto-

216 2840 337 2880 rum
366 2823 428 2886 4,
472 2819 674 2891 quibus
708 2817 754 2871 si
780 2817 913 2869 hora
952 2829 1058 2867 una
1090 2813 1324 2867 addatur
1352 2818 1571 2881 propter
1606 2806 1922 2877 crepuscula
1945 2847 1960 2874 ,
1988 2805 2275 2859 habebitur
2310 2805 2428 2860 dies
2462 2806 2816 2876 longissimus
2845 2808 3101 2862 horarum
3140 2809 3235 2873 15,
3268 2810 3485 2879 qualem

217 2918 375 2975 nobis
401 2913 656 2984 exprimit
689 2925 752 2965 ac
790 2908 1039 2978 designat
1064 2916 1257 2961 auctor
1282 2902 1662 2974 expositionis.

290 3006 552 3063 XXXVII.
578 3005 844 3059 Praeterea
869 3001 1038 3055 multa
1067 2999 1170 3053 alia
1194 3005 1510 3058 occurrunt,
1540 2993 1740 3063 quibus
1764 3000 2024 3060 tanquam
2057 2990 2201 3045 n0tis
2221 2998 2275 3044 et
2307 2989 2551 3058 vestigiis
2569 2989 2905 3046 Athanasius
2937 2994 3118 3062 operis
3145 3004 3337 3050 auctor
3365 3010 3488 3051 esse

216 3100 659 3172 deprehenditur.
693 3095 759 3149 Et
789 3093 1005 3163 quidem
1044 3091 1136 3144 ubi
1162 3089 1381 3144 occasio
1409 3103 1530 3143 sese
1560 3085 1718 3140 oﬂ‘crt
1754 3094 1810 3138 ut
1839 3082 2045 3137 Christi
2086 3082 2426 3136 divinitatem
2468 3083 2817 3151 comprobet,
2854 3086 3213 3155 ostendatque
3248 3085 3487 3142 Verbum

218 3198 287 3251 ab
309 3206 510 3250 aeterno
531 3192 721 3255 fuisse,
747 3198 800 3244 et
823 3187 968 3241 Patri
996 3184 1483 3247 consubstantiale,
1508 3192 1756 3236 astruere
1779 3195 1887 3233 non
1911 3177 2295 3247 praetermittit,
2319 3185 2373 3230 et
2401 3176 2622 3230 disertis
2648 3177 2829 3232 verbis
2852 3190 3171 3233 constanter
3197 3195 3485 3246 asserere;

219 3292 362 3348 unde
394 3290 534 3345 haud
560 3290 789 3343 obscure
820 3288 1064 3341 innuitur
1093 3299 1158 3339 eo
1190 3294 1435 3353 tempore
1457 3282 1573 3336 haec
1601 3280 1804 3348 scripta
1835 3277 2023 3343 fuisse,
2049 3294 2158 3348 quo
2184 3278 2497 3348 hujusmodi
2530 3278 2916 3333 controversia:
2942 3276 3312 3345 agitabantur.
3343 3274 3487 3342 Quin

217 3386 379 3438 etiam
407 3383 656 3437 assiduas
687 3380 895 3434 auctori
930 3378 1101 3433 fuisse
1128 3393 1252 3432 cum
1284 3375 1553 3430 haereticis
1586 3388 1799 3443 pugnas
1822 3413 1836 3438 ,
1869 3382 1921 3425 et
1952 3371 2272 3440 quotidiana
2302 3371 2634 3438 certamina,
2670 3372 2855 3441 qualia
2879 3386 3003 3424 eum
3046 3370 3266 3424 Arianis
3298 3369 3489 3423 habuit

218 3477 582 3541 Athanasius,
614 3484 797 3544 aperte
820 3488 921 3528 nos
946 3473 1143 3527 docent
1172 3486 1293 3541 quae
1326 3471 1580 3540 leguntur
1605 3468 1657 3521 in
1685 3465 2027 3536 expositione
2057 3464 2249 3533 psalmi
2278 3481 2444 3520 cxvm
2468 3504 2481 3528 ,
2511 3473 2564 3518 et
2598 3465 2724 3519 alibi
2764 3465 2985 3533 saepius.
3012 3462 3155 3529 Quid
3192 3477 3320 3517 vero
3355 3461 3444 3515 illa
3468 3500 3487 3527 ,

218 3586 339 3641 qua!
363 3576 578 3625 exstant
604 3570 658 3623 in
687 3564 1076 3621 commentario
1100 3562 1293 3632 psalmi
1329 3577 1443 3626 χχι,
1469 3560 1559 3614 ubi
1590 3560 1656 3612 ad
1680 3573 1744 3613 ea
1793 3558 1958 3611 verba
1981 3558 2044 3611 ‘9:
2085 3556 2162 3610 Tu
2194 3567 2392 3620 autem,
2427 3555 2670 3617 Domine,
2739 3573 2797 3609 ne
2851 3554 3177 3624 elongaveris
3221 3550 3488 3604 auxilium

222 3675 367 3719 tuum
406 3680 438 3716 a
470 3676 598 3715 me:
630 3660 699 3713 ad
752 3658 1105 3728 defensionem
1149 3670 1317 3707 meam
1350 3651 1608 3720 conspice,
1668 3649 1772 3701 alia
1822 3648 2182 3716 explicatione
2224 3647 2540 3701 eorumdem
2579 3644 2872 3698 verborum
2908 3644 3145 3711 primum
3175 3640 3484 3711 proposita,

220 3757 413 3813 deinde
442 3756 555 3809 hac
584 3753 805 3821 insuper
832 3748 1175 3820 adjungitur:
1212 3764 1230 3797 ι
1256 3745 1492 3799 Possunt
1516 3744 1678 3795 etiam
1710 3741 1822 3793 Itaic
1850 3740 1955 3793 dici
1986 3754 2051 3792 ex
2082 3753 2310 3807 persona
2336 3737 2510 3806 ipsius
2552 3735 2805 3798 Domini,
2843 3734 2936 3803 qui
2986 3723 3293 3800 exemplum
3328 3732 3490 3787 nobis

220 3852 446 3923 praebuit
492 3848 674 3904 utendi
701 3848 784 3900 his
810 3845 988 3899 verbis
1018 3852 1259 3911 tempore
1293 3836 1575 3908 martyrii?
1599 3856 1615 3887 i
1650 3834 1791 3901 Quid
1823 3850 1954 3887 vero
1990 3834 2079 3886 illa
2108 3833 2235 3897 alia,
2270 3836 2400 3901 qua?
2418 3831 2483 3884 ad
2508 3830 2842 3884 versiculum
2872 3828 3069 3897 psalmi
3103 3828 3381 3895 sequentis
3398 3826 3444 3856 ²⁰
3471 3844 3484 3879 :

225 3946 386 4011 Nam,
420 3946 519 3999 etsi
566 3943 904 3997 ambulavero
940 3940 994 3992 in
1025 3938 1195 3991 medio
1226 3934 1426 3988 umbrae
1454 3932 1662 3995 mortis,
1715 3928 2011 3982 nontimebo
2074 3927 2240 3989 mala,
2276 3928 2525 3994 quoniam
2578 3933 2633 3975 tu
2671 3938 2875 3975 mecum
2908 3938 2982 3981 es,
3014 3919 3383 3988 subjiciuntur
3430 3918 3485 3971 in

220 4044 366 4099 hunc
393 4040 616 4096 modum
640 4057 653 4093 :
692 4056 710 4089 ι
733 4036 868 4091 Cum
892 4049 991 4106 ego
1022 4040 1290 4087 tormenta
1316 4044 1415 4099 pro
1446 4036 1495 4081 te
1526 4027 1864 4085 sustinuero,
1892 4023 2080 4077 nullus
2104 4037 2191 4075 me
2214 4021 2496 4087 cruciatus
2526 4018 2774 4080 terrebit,
2811 4015 3071 4084 quoniam
3096 4024 3149 4067 tu
3180 4015 3326 4067 vires
3353 4012 3483 4066 mihi

221 4140 462 4211 praebes,
488 4146 547 4190 ut
582 4136 703 4189 illos
741 4128 1046 4202 perferam?
1077 4126 1269 4181 Nonne
1308 4122 1599 4178 manifesto
1638 4121 1884 4175 indicant
1939 4127 2217 4171 auctorem
2266 4110 2346 4170 vel
2413 4114 2600 4169 eodem
2655 4121 2930 4181 tempore,
2978 4125 3089 4179 quo
3128 4118 3485 4179 tyrannorum

218 4209 524 4309 persecutio
553 4232 734 4287 adhuc
757 4229 813 4283 in
842 4225 1183 4283 Christianos
1210 4221 1488 4286 saeviebat,
1521 4218 1606 4272 vel
1630 4232 1737 4269 non
1769 4215 1929 4283 longe
1962 4213 2030 4267 ab
2055 4227 2120 4266 eo
2151 4209 2362 4265 fuisse?

288 4326 580 4385 XXXVIII.
614 4328 683 4379 At
713 4326 857 4379 enim
886 4320 1117 4391 agedum
1142 4359 1156 4383 ,
1189 4331 1311 4387 quae
1337 4316 1390 4368 in
1420 4324 1610 4368 nostro
1643 4309 2042 4366 commentario
2073 4308 2275 4375 scripta
2306 4313 2435 4359 sunt
2465 4318 2587 4358 cum
2614 4301 2682 4356 iis
2707 4316 2828 4371 quae
2859 4299 2915 4353 in
2945 4297 3067 4351 aliis
3115 4294 3302 4361 libris,
3347 4308 3486 4364 quos

218 4443 380 4486 nemo
401 4425 615 4481 dubitat
648 4422 829 4492 magni
857 4413 1143 4471 Athanasii
1172 4426 1316 4477 esse,
1367 4408 1741 4473 conferamus,
1774 4414 1832 4459 ut
1857 4420 1923 4459 ex
1950 4401 2265 4472 hujusmodi
2290 4398 2725 4468 comparatione.
2750 4395 2796 4451 si
2823 4392 3114 4461 utrobique
3137 4389 3482 4444 Psalmorum

217 4526 385 4581 verba
419 4522 609 4578 eodem
640 4517 802 4572 modo
824 4556 839 4583 ,
868 4521 921 4568 et
946 4512 999 4564 in
1026 4508 1280 4565 eumdem
1306 4519 1530 4561 sensum
1564 4503 1837 4556 intellecta
1865 4509 2029 4570 atque
2061 4498 2333 4568 explicata
2372 4494 2781 4563 comperiantur
2801 4531 2817 4558 ,
2849 4491 3049 4545 certius
3080 4503 3143 4541 ac
3190 4483 3485 4541 dilucidius

218 4624 508 4686 appareat,
538 4610 824 4673 eumdem,
860 4620 968 4659 non
998 4612 1181 4657 autem
1222 4599 1501 4654 diversum
1532 4603 1586 4649 et
1611 4591 1996 4649 commentarii
2027 4590 2242 4656 nostri,
2275 4597 2329 4642 et
2375 4586 2605 4640 aliorum
2649 4597 2908 4652 operum,
2942 4594 3063 4650 quae
3088 4577 3144 4633 S.
3183 4575 3484 4631 Athanasio

218 4671 570 4767 abIomnibus
601 4701 856 4760 concordi
883 4697 1141 4767 suﬂ‘ragio
1174 4691 1555 4754 ascribuntur,
1588 4696 1871 4744 auctorem
1903 4700 2043 4741 esse.
2091 4681 2225 4738 Rem
2252 4678 2587 4752 propositam
2617 4675 2871 4738 brevius,
2899 4672 3077 4743 quoad
3118 4671 3232 4728 ﬁeri
3266 4677 3480 4741 potest,

215 4803 528 4873 expediam.

298 4988 341 5020 "
364 4983 519 5041 Vers.
556 4984 645 5038 20.
722 4981 768 5013 ¹⁰
803 4977 955 5034 Vers.
983 4977 1039 5031 4.

322 5144 413 5211 88)
439 5142 637 5214 Δνίς-εἰὶ.
666 5141 759 5196 lib.
801 5155 855 5214 ιδ
889 5135 1131 5200 [Εηεὶάη
1164 5146 1289 5187 vers
1315 5128 1420 5185 612
1453 5135 1508 5183 et
1529 5124 1650 5180 6l5.

322 5210 413 5283 89)
436 5210 571 5266 Lib.‘
589 5228 700 5274 xw,
736 5227 788 5283 c.
818 5210 872 5264 5.

297 5280 411 5352 (90)
447 5283 565 5336 Lib.
594 5298 632 5346 ι,
657 5297 706 5336 c.
735 5280 825 5352 i9.

296 5349 406 5427 (9i)
438 5355 553 5427 lgib.
588 5368 662 5417 tv,
692 5367 739 5407 c.
767 5349 856 5427 δεῇ

299 5422 413 5493 (9'2)
448 5423 567 5477 Lib.
604 5438 677 5486 VI,
713 5436 759 5475 c.
973 5487 987 5493 _
1131 5480 1166 5493 ﬂ
1318 5481 1329 5491 .
1499 5492 1507 5493 ί
1662 5482 1821 5493 ,ΜΨ

1560 5476 1621 5493 ,η
1662 5482 1821 5493 .--μμ
1862 5462 2065 5493 ..ηικλη
2092 5476 2188 5493 συ...
2211 5456 2401 5493 Ιήνιιιιο
2430 5452 2493 5493 (In,
2527 5446 2846 5493 l‘Amdémie
2873 5445 2961 5493 des
3000 5442 3075 5493 sci

300 5433 413 5565 ἓξὲῗῖ
448 5433 1094 5565 ἕέδίιξξόῗὲιῗῖέίίιυιμεε
1125 5480 1511 5565 timueram?
1538 5476 1627 5531 des
1660 5482 1822 5542 ιεηιρε
1861 5462 2065 5538 ραὺιίέε
2091 5456 2401 5531 ρατιόνανε
2430 5452 2493 5508 de
2526 5446 2846 5505 ¹Ἀ⁶α⁶¹έ¹πί⁶
2873 5445 2961 5499 άεδ
3000 5442 3223 5497 ⁶⁶ί⁰²²⁶⁶³
3285 5446 3334 5492 ⁸⁸
3360 5433 3477 5491 ³⁸³⁸”

215 5548 374 5622 ιαῖέε
395 5548 503 5619 ὐατ
527 5563 603 5619 Μ.
632 5548 859 5616 Mcraldi
887 5558 949 5610 de
985 5555 1041 5610 la
1066 5553 1228 5609 mimo
1251 5548 1551 5605 Académie.
