3878 6218
435 350 542 405 615

1278 347 1334 402 S.
1375 343 1749 401 ATIIANASH
1790 344 1940 398 OPP.
1983 341 2166 397 PARS
2205 341 2293 395 ill.
2335 371 2401 381 —
2441 338 2853 394 EXEGETICA.

3613 340 3738 397 644

513 466 686 522 Verba
728 468 925 538 psalmi
976 483 1107 523 xxtn
1155 466 1322 537 (vers.
1367 465 1471 531 20,
1507 465 1663 534 juxta
1707 463 2021 532 antiquam,
2053 468 2097 521 Α
2127 460 2255 514 item
2291 468 2421 513 sunt
2457 458 2711 513 caelestes
2743 460 2993 513 virtutes.
3028 458 3165 513 Nam
3203 459 3411 530 inquit:
3449 461 3736 518 Dominus

436 574 599 629 quam
628 567 850 613 secutus
880 572 1032 622 sum,
1072 552 1453 623 divisionem):
1499 571 1516 604 ι
1541 551 1786 605 Attollite
1811 560 2019 620 portas,

437 652 732 721 principes,
765 656 974 703 vestras
997 666 1008 700 :
1035 668 1053 698 ι
1086 650 1140 702 in
1176 647 1315 700 libro
1337 645 1412 698 De
1449 642 1827 698 Incarnatione
1870 638 2023 692 Verbi

436 743 537 798 Dei
563 745 624 812 (t.
666 743 721 807 l,
766 758 820 811 p.
861 742 975 805 55),
1009 740 1067 793 S.
1096 738 1431 793 Athanasius
1462 738 1849 805 interpretatur
1879 732 2023 786 dicta

438 837 609 892 fuisse
636 836 702 890 de
722 836 897 889 reditu
915 834 1119 887 Christi
1146 833 1198 885 in
1222 832 1421 886 ccelum
1441 830 1526 884 his
1545 827 1755 882 verbis:
1784 844 1801 876 ι
1821 825 2025 891 Quem-

437 930 729 985 admodum
763 944 861 998 pro
911 928 1165 981 omnibus
1201 941 1401 995 corpus
1448 922 1610 977 morti
1654 920 1905 984 tradidit,
1945 918 2024 972 sic

437 1022 600 1076 etiam
643 1036 737 1091 per
771 1020 910 1074 idem
950 1018 1083 1073 illud
1120 1019 1220 1071 iter
1257 1019 1310 1071 in
1341 1017 1539 1072 caelum
1575 1015 1809 1084 aperuit.
1838 1031 1856 1064 ι
1890 1011 2020 1064 —ln

352 1128 356 1143 '
436 1124 627 1170 nostro
653 1126 832 1169 autem
864 1115 1261 1169 commentario
1305 1112 1370 1166 ad
1403 1110 1654 1166 eumdem
1689 1106 2020 1161 versiculum

436 1202 508 1255 20
534 1212 587 1257 et
618 1213 909 1273 sequentes
949 1205 1087 1273 psal.
1135 1218 1269 1255 χχιιι
1307 1202 1421 1255 haze
1473 1200 1804 1253 adnotantur
1841 1214 1853 1248 :
1902 1214 1918 1245 ‹
1946 1194 2022 1249 De

438 1295 611 1365 ipsius
641 1297 815 1350 reditu
840 1297 968 1367 (hoc
998 1305 1082 1351 est
1107 1295 1330 1366 Christi)
1380 1294 1650 1363 loquitur,
1700 1306 1862 1361 quem
1896 1288 2021 1342 fecit

435 1388 491 1441 in
525 1389 711 1443 caelos.
753 1408 770 1439 ι

507 1478 563 1534 1η
598 1482 789 1535 eodem
846 1481 986 1534 libro
1039 1479 1115 1532 De
1164 1479 1544 1533 Incarnatione
1596 1478 1671 1545 (p.
1716 1475 1808 1546 ‘26)
1854 1474 2019 1528 verba

437 1574 633 1643 psalmi
664 1590 773 1639 ενι,
807 1590 950 1629 vers.
981 1574 1049 1627 59
1076 1615 1091 1639 ,
1128 1593 1145 1624 ‹
1172 1573 1319 1627 Misit
1340 1572 1580 1626 Verbum
1616 1587 1773 1625 suum
1796 1609 1811 1635 ,
1839 1579 1895 1623 et
1930 1585 2019 1623 sa-

438 1665 590 1718 navit
613 1680 727 1730 eos,
752 1684 769 1717 ι
799 1676 851 1720 et
872 1667 1007 1735 psal.
1035 1682 1201 1729 cxvn,
1225 1681 1366 1719 vers.
1394 1666 1481 1723 52.
1518 1684 1534 1715 ‹
1561 1663 1704 1717 Deus
1733 1662 2014 1725 Dominus,

438 1764 494 1809 et
523 1756 700 1809 illuxit
722 1758 901 1821 nobis,
932 1777 950 1808 ›
985 1759 1222 1828 explicat
1252 1758 1319 1812 de
1361 1757 1594 1810 adventu
1630 1754 1792 1809 Verbi
1827 1755 1922 1809 Dei
1962 1756 2018 1807 in

439 1849 703 1903 mundum
730 1850 782 1903 in
815 1851 961 1904 hunc
990 1851 1243 1905 modum:
1280 1870 1297 1901 ί
1318 1849 1611 1920 Negligunt
1631 1849 1816 1903 videre
1840 1847 2022 1901 Domi-

439 1956 604 2004 num,
636 1958 796 2012 quem
845 1943 1144 2012 Scriptura:
1182 1944 1552 2013 praedixerunt
1590 1942 1709 1996 orbi
1750 1950 2021 1995 terrarum

438 2033 709 2099 illuxisse,
736 2042 790 2088 et
812 2052 1038 2103 corpore
1064 2036 1314 2089 indutum
1347 2036 1688 2103 apparuisse.
1715 2054 1732 2085 ›
1760 2033 1837 2088 lta
1856 2035 2020 2088 etiam

439 2125 495 2179 in
524 2125 778 2181 Oratione
806 2130 1034 2183 secunda
1079 2140 1263 2183 contra
1303 2129 1533 2182 Arianos
1562 2172 1575 2192 ,
1625 2145 1748 2199 pag.
1795 2128 1921 2183 595.
1954 2157 2025 2168 -

438 2218 496 2272 ln
524 2228 711 2275 nostro
750 2233 931 2277 autem
963 2224 1360 2279 commentario
1398 2224 1463 2277 ad
1509 2238 1729 2277 versum
1770 2223 2021 2276 eumdem

441 2308 511 2363 59
540 2312 679 2379 psal.
713 2328 797 2366 ενι
832 2314 947 2368 haec
988 2315 1248 2384 leguntur
1282 2334 1293 2368 :
1346 2336 1364 2366 ‹
1395 2314 1543 2369 Misit
1583 2313 1752 2367 Deum
1787 2314 2021 2367 Verbum

440 2399 597 2455 Pater
616 2442 631 2465 ,
665 2414 720 2458 et
748 2407 1012 2461 transiixo
1037 2408 1157 2477 ejus
1176 2409 1346 2461 latere
1376 2424 1477 2461 nos
1503 2423 1695 2461 omnes
1726 2407 1903 2461 sanati
1932 2422 2025 2461 su-

438 2510 593 2556 mus,
617 2513 635 2545 ι
667 2503 722 2549 et
748 2496 814 2550 ad
847 2513 989 2552 vers.
1019 2498 1086 2553 52
1114 2499 1495 2567 psalmicxvn,
1525 2516 1542 2548 ‹
1567 2498 2020 2567 Quandoquidem

438 2601 563 2639 eum
599 2587 742 2641 Deus
765 2600 911 2644 esset
937 2588 1099 2645 Jesus
1127 2590 1393 2644 Dominus
1420 2592 1674 2661 apparuit
1705 2591 1758 2643 in
1788 2599 1953 2645 terra.
1999 2610 2017 2641 ι

510 2681 589 2733 Ad
617 2682 780 2736 verba
810 2683 898 2736 illa
928 2684 1123 2752 psalmi
1155 2700 1281 2737 LXXI
1308 2727 1322 2751 ,
1355 2700 1499 2737 vers.
1540 2684 1592 2749 1,
1633 2703 1649 2734 ι
1678 2683 1839 2749 Deus,
1872 2685 2021 2753 judi-

437 2772 583 2829 cium
607 2782 757 2827 tuum
774 2776 886 2845 regi
905 2775 973 2830 da
1012 2796 1022 2829 :
1052 2795 1176 2828 ι-ι
1202 2775 1538 2846 Supplicant,
1563 2779 1656 2840 ait,
1682 2778 2021 2846 utjudicium

438 2867 631 2919 mortis
653 2876 841 2921 contra
872 2882 971 2921 nos
1002 2869 1272 2937 prolatum
1315 2868 1452 2923 Filio
1491 2870 1670 2924 detur.
1695 2889 1713 2922 ι
1768 2870 1827 2924 lu
1862 2879 2019 2926 tract.

438 2960 499 3017 in
531 2960 698 3016 illud:
739 2981 757 3012 ι
783 2962 980 3017 Omnia
1009 2964 1140 3016 mihi
1172 2964 1370 3018 tradita
1402 2973 1561 3030 sunt,
1587 2984 1605 3016 ι
1643 2981 1699 3035 p.
1742 2966 1832 3021 85.
1866 2996 1939 3006 -
1963 2969 2022 3022 1η

438 3058 836 3111 commentario
879 3058 945 3112 ad
984 3058 1147 3111 verba
1179 3058 1423 3128 ejusdem
1462 3059 1660 3129 psalmi
1704 3060 1818 3116 haec
1851 3063 2023 3132 subji-

439 3148 691 3201 eiuntur:
730 3166 747 3198 (
772 3147 909 3202 Filio
937 3156 1053 3201 tuo.
1079 3166 1097 3198 ι

511 3236 567 3291 In
618 3237 858 3307 Epistola
909 3239 972 3291 de
1018 3238 1239 3292 decretis
1296 3238 1535 3295 Nicwna:
1570 3241 1785 3310 synodi,
1831 3251 2020 3296 contra

439 3328 674 3384 Arianos
711 3332 871 3385 verba
912 3331 1121 3385 faciens
1163 3350 1175 3385 :
1205 3352 1221 3383 ι
1248 3331 1470 3399 Verum,
1509 3334 1705 3403 inquit,
1742 3334 1877 3390 falsa
1908 3336 2023 3392 haec

441 3430 589 3484 sunt,
622 3437 743 3490 qua:
766 3422 1160 3491 propugnatis:
1196 3423 1466 3492 siquidem
1501 3425 1615 3493 ipse
1654 3426 1780 3479 fecit
1813 3442 1933 3492 nos,
1969 3437 2022 3481 et

440 3527 549 3565 non
579 3512 679 3580 ipsi
708 3528 828 3567 nos.
861 3515 984 3582 ipse
1013 3522 1116 3577 est,
1148 3514 1238 3583 qui
1268 3530 1363 3583 per
1383 3532 1542 3569 sumn
1575 3515 1812 3571 Verbum
1837 3521 2020 3573 omnia

439 3614 495 3659 et
523 3620 683 3673 parva
710 3646 724 3666 ,
756 3614 809 3659 et
845 3621 1039 3675 magna
1084 3606 1231 3661 fecit.
1263 3626 1281 3657 ι
1316 3638 1385 3649 --
1416 3607 1473 3661 In
1522 3618 1711 3663 nostro
1743 3626 2023 3665 commen-

440 3700 580 3752 tario
605 3699 669 3752 ad
708 3698 896 3752 eadem
926 3700 1085 3752 verba
1121 3700 1312 3769 psalmi
1347 3717 1471 3755 xcrx
1509 3702 1823 3771 lmjusmodi
1856 3719 2022 3773 appo-

440 3791 591 3844 nitur
616 3791 892 3844 adnotatiu
927 3810 937 3844 :
982 3810 999 3840 ‹
1025 3791 1142 3860 Ipse
1184 3809 1284 3847 nos
1322 3793 1567 3861 fecit,.et
1613 3812 1720 3849 non
1762 3813 1825 3851 ex
1862 3800 2021 3854 nobis

441 3898 652 3946 sumus,
686 3890 745 3935 ut
771 3882 935 3952 aliqui
964 3884 1173 3937 dicunt.
1197 3904 1214 3935 ι

512 3971 687 4027 Verba
709 3974 904 4041 psalmi
938 3990 997 4033 ιι.
1031 3991 1175 4029 vers.
1212 3977 1299 4041 15,
1332 3996 1349 4027 ι
1374 3976 1488 4048 Ego
1526 3980 1685 4035 hodie
1716 3985 1875 4051 genui
1902 3994 1972 4047 te,
1996 4004 2014 4036 ι

437 4072 493 4119 et
526 4063 611 4117 illa
635 4065 740 4118 alia
766 4066 956 4133 psalmi
987 4082 1076 4121 etx
1099 4109 1113 4131 ,
1136 4084 1281 4122 vers.
1312 4068 1365 4133 7,
1416 4090 1433 4118 ι
1464 4069 1540 4122 Ex
1576 4080 1731 4126 utero
1766 4084 1891 4129 ante
1914 4075 2023 4130 Lu-

439 4153 669 4208 ciferum
723 4156 884 4225 genui
930 4167 1056 4219 te,»
1097 4158 1163 4212 de
1216 4168 1418 4213 aeterna
1462 4159 1621 4215 Verbi
1674 4168 2021 4233 generatione

440 4255 629 4300 contra
668 4245 903 4301 Arianos
935 4250 1169 4314 explicat
1205 4251 1257 4303 in
1299 4251 1402 4319 Ep.
1453 4253 1517 4306 de
1548 4255 1744 4311 decret.
1784 4256 2022 4314 Nicmnaz

440 4336 649 4405 synodi,
677 4351 802 4405 pag.
837 4337 974 4402 172;
1009 4339 1137 4393 item
1166 4356 1288 4411 pag.
1320 4342 1453 4406 178,
1485 4354 1538 4399 et
1566 4346 1617 4398 in
1663 4346 1763 4416 Ep.
1801 4351 1864 4403 de
1899 4367 2019 4404 sen-

441 4429 603 4481 tentia
629 4428 893 4499 Dionysii,
929 4448 1049 4499 paa.
1076 4434 1200 4496 192,
1226 4443 1279 4487 et
1302 4435 1352 4487 itt
1382 4435 1531 4489 Orat.
1567 4455 1603 4493 ιι
1652 4450 1839 4495 contra
1860 4444 2020 4497 Aria-

439 4536 532 4573 nos
555 4561 569 4585 ,
610 4530 648 4573 t.
676 4519 757 4589 11,
789 4538 911 4593 pag.
941 4525 1045 4579 415
1070 4566 1084 4591 ,
1113 4535 1166 4579 et
1203 4526 1255 4579 in
1304 4527 1456 4581 Orat.
1494 4545 1543 4582 tv
1587 4542 1771 4586 contra
1799 4535 2015 4601 Arium,
2051 4521 2097 4576 D

441 4626 563 4681 pag.
625 4612 748 4667 504.
784 4613 937 4667 —ln
996 4619 1391 4671 commentario
1436 4621 1502 4673 ad
1554 4638 1698 4676 vers.
1755 4626 1822 4679 15
1854 4637 1905 4680 et
1951 4630 2017 4682 M

440 4703 683 4771 ejusdem
712 4696 906 4773 psalmi
946 4723 981 4760 ιι
1008 4708 1119 4761 haec
1162 4709 1461 4767 habentur:
1505 4733 1523 4764 ‹
1553 4713 1617 4768 Et
1645 4718 1798 4770 emlis
1828 4721 2017 4776 audire

439 4792 569 4849 fecit
604 4811 787 4850 vocem
835 4814 990 4852 suam
1042 4799 1286 4854 clamans
1317 4804 1380 4857 ad
1412 4820 1497 4859 me
1534 4824 1545 4859 :
1578 4826 1596 4856 ι
1634 4806 1712 4861 Tu
1746 4825 1804 4864 es
1846 4811 2017 4869 Filius

446 4904 463 4935 ι
486 4901 640 4939 meus
655 4886 912 4952 dilectus;
940 4908 957 4938 ι
979 4897 1034 4942 et
1054 4890 1119 4941 ad
1138 4903 1452 4959 sequentem
1470 4912 1613 4952 vers.
1634 4898 1721 4959 15,
1743 4900 1856 4954 hwc
1877 4903 2011 4959 alia:

443 4976 601 5043 «Qua
636 4978 722 5031 die
745 4987 797 5032 te
826 4980 1346 5038 manifestavi.Nam
1383 4997 1508 5041 ante
1544 4992 1741 5045 szeeula
1777 4995 2013 5050 abscon-

438 5071 585 5125 ditus
608 5086 733 5125 eras
763 5073 816 5125 in
849 5090 935 5127 me
963 5074 1121 5130 Patre
1162 5086 1255 5131 tuo
1275 5118 1289 5141 ,
1322 5082 1779 5149 quemadmodum
1803 5087 1869 5140 de
1897 5087 2016 5156 ipso

438 5162 701 5232 scriptum
740 5173 857 5220 est:
900 5164 1182 5224 Exsistens
1221 5170 1273 5222 in
1308 5171 1429 5225 sinu
1462 5173 1659 5228 Patris.
1684 5195 1702 5227 ι
1751 5176 1832 5230 Ad
1872 5195 2011 5234 vers.

437 5270 566 5309 vero
590 5255 619 5307 7
644 5257 780 5324 psal.
814 5272 902 5311 etx
926 5259 1051 5313 talia
1081 5260 1365 5329 leguntur:
1407 5283 1424 5314 ι
1448 5263 1501 5318 In
1527 5282 1613 5320 me
1638 5282 1760 5323 eras
1779 5284 2012 5339 semper,

437 5364 503 5402 ex
537 5364 647 5417 quo
672 5352 811 5419 ccepi
842 5366 1029 5405 creare
1063 5354 1248 5407 omnia
1286 5370 1381 5422 per
1416 5366 1495 5420 te,
1544 5358 1886 5415 manifest-avi
1934 5373 2011 5428 te,

438 5444 580 5512 quod
614 5444 898 5508 habebam,
931 5454 984 5500 et
1013 5447 1187 5502 habeo
1211 5447 1411 5503 Filium
1438 5452 1491 5503 in
1518 5467 1605 5506 me
1634 5453 1771 5521 ipso.
1800 5474 1817 5506 ι

507 5534 565 5587 In
588 5535 774 5589 eadem
810 5538 1072 5607 epistola,
1110 5548 1149 5593 t.
1187 5539 1238 5605 1,
1273 5557 1396 5611 pag.
1433 5542 1567 5607 177,
1600 5546 1790 5599 scribit
1817 5563 2013 5602 nomen

436 5622 651 5678 virtutis
681 5624 909 5681 diversis
943 5629 1105 5686 rebus
1141 5629 1340 5700 tribui,
1384 5633 1579 5689 deinde
1618 5635 1797 5693 addit:
1840 5657 1857 5690 ι
1883 5638 2017 5695 Alia:

505 5756 549 5787 “
594 5753 752 5812 Joan.
790 5776 921 5828 xvn,
948 5762 1000 5817 6.

2125 554 2386 607 virtutum
2410 552 2716 606 nobiscum.
2753 571 2771 602 ›
2794 552 2938 605 l’sal.
2963 568 3088 618 XLV,
3113 568 3257 607 vers.
3287 554 3528 608 15.--1ιι
3562 571 3736 610 com-

2126 646 2395 699 mentario
2441 651 2508 699 ad
2543 645 2794 698 eumdem
2828 644 3020 713 psalmi
3056 646 3385 700 versiculum
3421 666 3433 701 :
3476 666 3493 697 ‹
3523 648 3733 701 Domi-

2126 754 2259 801 nus,
2308 739 2416 805 ait,
2473 738 2653 793 omnis
2705 738 3115 808 supercmlestis
3173 739 3386 793 militiae
3424 740 3729 794 nobiscum

2124 840 2227 885 BSt.
2254 849 2273 882 ›

2196 924 2255 977 In
2285 922 2528 993 Epistola
2551 923 2612 975 de
2638 924 2897 976 sententia
2926 922 3206 991 Dionysii,
3238 938 3291 991 p.
3320 923 3422 977 197
3446 965 3461 989 ,
3489 924 3727 979 scribit:

2132 1037 2149 1068 r
2172 1016 2284 1073 Nos
2305 1018 2451 1071 enim
2480 1027 2746 1088 quantum
2779 1018 2843 1071 ad
2878 1032 3078 1085 corpus
3107 1015 3350 1085 ejusdem
3372 1018 3588 1085 generis
3625 1033 3732 1070 su-

2125 1124 2249 1162 mus
2274 1124 2338 1161 ac
2368 1108 2650 1173 Dominus,
2682 1120 2965 1178 propterea
2996 1108 3113 1175 ipse
3140 1106 3307 1159 dixit:
3339 1104 3583 1159 Narrabo
3614 1123 3730 1159 no-

2126 1216 2247 1255 men
2280 1209 2434 1254 tuum
2455 1200 2714 1255 fratribus
2741 1200 2932 1254 meis.¢
2958 1198 3160 1253 Psalm.
3198 1214 3312 1263 XXI,
3343 1213 3486 1252 vers.
3520 1198 3613 1251 45.
3656 1226 3733 1238 -

2124 1294 2182 1345 In
2230 1294 2626 1347 commentario
2666 1293 2854 1347 eadem
2893 1291 3086 1361 psalmi
3130 1291 3295 1344 verba
3337 1291 3409 1343 ita
3454 1291 3727 1359 exponit:

2129 1402 2147 1434 ι
2185 1384 2415 1454 Populo,
2458 1386 2656 1455 inquit,
2706 1386 2943 1439 narrabo
2989 1399 3185 1437 nomen
3226 1395 3414 1438 tuum:
3449 1385 3731 1452 quemad-

2124 1477 2342 1530 modum
2367 1478 2504 1531 dixit
2527 1478 2580 1530 in
2609 1477 2934 1548 Evangelio:
2961 1477 3300 1531 Manifestavi
3325 1490 3524 1530 nomen
3558 1486 3727 1529 tuum

2124 1568 2519 1624 hominibus“.
2546 1589 2566 1622 ι

2194 1663 2250 1715 1η
2289 1662 2543 1717 Oratione
2565 1664 2740 1733 prima
2768 1675 2949 1717 contra
2974 1665 3224 1729 Arianos,
3250 1675 3290 1720 t.
3322 1664 3388 1729 11,
3426 1680 3548 1734 pag.
3583 1662 3723 1727 528,

2123 1755 2188 1807 ad
2224 1754 2560 1823 probandam
2605 1755 2964 1809 :eternitatem
3012 1754 3133 1809 Filii
3172 1771 3296 1810 cum
3341 1755 3503 1809 Patre
3539 1756 3726 1809 utitur

2125 1850 2305 1905 verbis
2340 1849 2534 1918 psalmi
2576 1866 2724 1903 xxxv
2767 1850 3020 1905 versiculi
3064 1852 3168 1917 20,
3228 1870 3245 1902 ι
3272 1851 3328 1904 ln
3374 1852 3582 1904 lumine
3618 1861 3724 1905 tuo

2130 1943 2674 2010 videbimus'lumen;
2702 1962 2719 1995 ι
2749 1952 2801 1997 et
2823 1944 3017 2012 psalmi
3050 1959 3251 1997 Lxxxtx
3276 1944 3473 1997 versic.
3502 1943 3589 2004 17,
3620 1962 3639 1993 ‹
3663 1952 3725 1997 et

2124 2035 2195 2089 sit
2240 2034 2497 2103 splendor
2538 2036 2751 2089 Domini
2795 2051 2959 2104 super
3002 2052 3133 2101 nos;
3164 2057 3181 2088 ι
3222 2046 3274 2091 et
3312 2038 3505 2105 psalmi
3552 2053 3723 2091 cxuv

2124 2126 2382 2180 versiculi
2404 2126 2495 2189 20,
2520 2146 2538 2178 ι
2564 2126 2812 2198 Regnum
2831 2138 2982 2181 tuum
3010 2144 3235 2198 regnum
3256 2130 3501 2184 omnium
3537 2147 3722 2185 saecu-

2125 2218 2325 2272 lorum.
2352 2237 2370 2269 ι
2404 2248 2475 2256 -
2506 2219 2565 2271 In
2591 2220 2987 2273 commentario
3017 2222 3083 2273 ad
3102 2222 3351 2275 eumdem
3378 2224 3719 2277 versiculum

2125 2310 2320 2379 psalmi
2350 2326 2494 2364 xxxv
2526 2311 2855 2379 subjicitur:
2898 2329 2917 2360 ‹
2945 2310 3001 2363 In
3040 2312 3159 2380 ipso
3192 2313 3329 2367 Filio
3374 2323 3472 2367 tuo
3504 2316 3721 2370 videbi-

2126 2418 2249 2457 mus
2268 2403 2444 2457 lucem
2467 2421 2515 2457 ε»
2548 2405 2614 2458 ad
2634 2420 2686 2456 v.
2720 2404 2782 2456 17
2804 2404 2938 2472 psal.
2965 2419 3189 2471 Lxxxtx,
3224 2405 3438 2461 «Gratia
3465 2409 3711 2477 ipsiusp

2125 2498 2191 2551 ad
2225 2512 2276 2549 v.
2311 2495 2381 2548 ‘20
2426 2497 2566 2565 psal.
2615 2510 2821 2562 cxuv,‘
2857 2515 2875 2547 ‹
2898 2494 3146 2565 Regnum
3192 2499 3586 2567 sempiternum
3612 2541 3627 2565 ,
3662 2510 3718 2553 et

2124 2589 2424 2643 dominatio
2457 2600 2547 2642 tua
2579 2604 2742 2657 super
2784 2589 3069 2643 credentes
3102 2590 3270 2645 verbo
3309 2589 3632 2662 Evangelii,
3660 2600 3715 2646 et

2125 2697 2287 2751 super
2317 2696 2424 2735 non
2455 2682 2757 2735 credentes.
2781 2699 2799 2731 ι

2193 2774 2249 2826 ln
2281 2776 2467 2829 eadem
2502 2775 2747 2829 oratione
2776 2775 2951 2843 prima
2982 2776 3045 2828 ad
3075 2776 3411 2845 probandam
3448 2776 3711 2831 immuta-

2126 2868 2387 2921 bilitatem
2420 2866 2583 2920 Verbi
2620 2866 2776 2921 aﬂ‘ert
2827 2868 3163 2922 Athanasius
3212 2883 3334 2937 qua:
3371 2868 3635 2922 dicuntur
3678 2884 3710 2923 a

2125 2969 2315 3014 sancto
2345 2959 2547 3014 Davide
2580 2959 2634 3012 in
2678 2959 2887 3028 psalmo
2922 2976 2971 3013 Cl
2994 3001 3008 3025 ,
3036 2976 3175 3015 vers.
3220 2961 3319 3026 48,
3368 2979 3387 3011 ι
3413 2960 3577 3018 Initio
3616 2972 3709 3029 tu,

2124 3053 2387 3119 Domine,
2412 3073 2430 3105 ι
2466 3061 2597 3119 etc.,
2625 3062 2679 3107 et
2711 3068 2856 3109 vers.
2891 3054 2994 3121 55,
3041 3073 3059 3105 ι
3084 3054 3164 3109 Tu
3199 3064 3380 3110 autem
3411 3056 3553 3111 idem
3596 3056 3713 3127 ipse

2077 3180 2090 3199 .
2124 3161 2212 3211 es,
2242 3155 2298 3199 et
2324 3146 2452 3200 anni
2503 3146 2581 3201 tui
2616 3161 2727 3200 non
2766 3147 3035 3201 delicient.
3060 3166 3078 3198 ι
3115 3180 3183 3190 -
3215 3148 3271 3201 In
3308 3151 3713 3204 commentario

2126 3238 2191 3291 ad
2225 3238 2389 3293 verba
2422 3239 2511 3292 illa
2540 3254 2683 3292 vers.
2720 3240 2789 3293 55
2818 3239 2933 3294 haec
2967 3242 3329 3294 adnotantur:
3371 3260 3389 3292 ι
3412 3240 3490 3294 Tu
3523 3252 3710 3296 autem

2125 3341 2179 3385 et
2230 3330 2405 3386 factus
2464 3331 2629 3385 homo
2684 3332 2828 3386 idem
2878 3347 2938 3387 es
2998 3333 3177 3402 qualis
3242 3348 3402 3399 eras,
3456 3342 3513 3387 et
3565 3335 3716 3388 sicut

2124 3426 2336 3479 dierum
2380 3425 2708 3496 principium
2760 3442 2869 3481 non
2916 3427 3115 3491 habes,
3158 3427 3231 3480 ita
3277 3443 3451 3497 neque
3485 3427 3609 3481 vita:
3648 3428 3718 3481 li-

2124 3531 2267 3570 nem.
2295 3537 2313 3569 ι

2195 3611 2253 3660 1n
2306 3608 2494 3663 eadem
2553 3609 2755 3678 pariter
2787 3611 3033 3665 oratione
3072 3611 3251 3666 allatis
3292 3612 3475 3667 verbis
3510 3614 3714 3683 psalmi

2124 3716 2387 3765 Lxxxvut,
2412 3717 2552 3755 vers.
2580 3702 2667 3763 '52,
2694 3702 2782 3763 55,
2824 3722 2842 3751 ι
2864 3712 2915 3755 et
2947 3702 2998 3754 iu
3026 3702 3237 3771 justitia
3265 3712 3356 3757 tua
3385 3704 3715 3758 exaltabun-
3808 3694 3811 3695 ν

2123 3802 2229 3857 tur,
2258 3795 2515 3863 quoniam
2542 3794 2711 3863 gloria
2734 3795 2948 3848 virtutis
2973 3810 3162 3848 eorum
3189 3805 3243 3849 tu
3269 3812 3349 3863 es,
3377 3817 3394 3847 ι
3428 3797 3555 3850 talia
3578 3799 3717 3852 sub-

2115 3885 2236 3952 jieit
2268 3904 2280 3939 :
2310 3905 2327 3937 ι
2358 3884 2415 3939 Si
2468 3902 2633 3955 porro
2664 3886 2835 3941 Filius
2865 3888 3078 3957 justitia
3122 3898 3240 3956 est,
3301 3906 3409 3942 non
3450 3905 3583 3961 ergo
3620 3892 3711 3945 ille

2122 3976 2455 4031 exaltatione
2489 3994 2627 4046 opus
2652 3979 2849 4043 habet;
2880 3980 2973 4032 sed
3022 3994 3122 4033 nos
3154 3996 3378 4043 sumus,
3415 3983 3507 4049 qui
3540 3982 3594 4035 in
3618 3982 3714 4051 ju-

2123 4067 2270 4119 stitia
2300 4068 2624 4128 exaltamur,
2656 4084 2984 4138 qmenempe
3010 4070 3124 4138 ipse
3139 4080 3241 4124 est.
3273 4090 3291 4122 ›
3321 4070 3451 4141 Pag.
3483 4071 3608 4125 552.
3639 4104 3711 4113 -

2122 4154 2179 4208 la
2212 4159 2608 4211 commentario
2643 4159 2947 4213 versiculus
2990 4160 3079 4213 ille
3116 4162 3184 4213 5:!
3219 4161 3466 4229 ejusdem
3509 4162 3709 4231 psalmi

2124 4250 2196 4303 ita
2222 4250 2548 4319 exponitur:
2587 4268 2604 4299 ‹
2630 4249 2695 4303 Et
2720 4251 2771 4303 in
2802 4249 2939 4305 Filio
2974 4258 3066 4305 tuo
3095 4253 3573 4323 gloriﬁcabuntur;
3599 4273 3618 4306 ι
3655 4262 3712 4309 θα

2124 4343 2461 4411 subsequens
2479 4343 2780 4396 versiculus
2799 4344 2889 4411 55,
2919 4363 2935 4396 ι
2961 4343 3232 4410 Quoniam
3254 4346 3307 4398 in
3333 4354 3382 4400 te
3402 4346 3711 4415 gloriantur

2122 4442 2176 4487 et
2206 4436 2652 4488 con‘oborantur.
2688 4454 2705 4486 ι

2195 4524 2253 4577 In
2276 4524 2460 4577 eadem
2489 4525 2740 4579 similiter
2764 4524 3015 4579 Oratione
3046 4529 3217 4593 prima
3247 4538 3431 4581 contra
3450 4531 3706 4597 Arianos,

2119 4632 2240 4685 pag.
2272 4616 2421 4671 355:
2477 4636 2495 4668 ι
2536 4618 2689 4683 Haec,
2732 4618 2929 4686 inquit,
2978 4622 3142 4673 verba
3191 4622 3333 4675 sacri
3400 4626 3647 4678 cantoris
3692 4644 3703 4654 ·

2125 4725 2143 4756 ι
2179 4707 2345 4761 Sedes
2381 4716 2493 4767 tua,
2546 4708 2708 4774 Deus,
2759 4710 2813 4763 in
2849 4711 3108 4764 saeculum
3144 4714 3329 4765 szeculi
3384 4716 3604 4782 (versic.
3640 4717 3707 4771 15

2123 4817 2142 4848 ‹
2176 4800 2311 4869 psal.
2340 4800 2508 4870 thv).
2550 4799 2707 4871 Virga
2738 4802 3054 4857 direetionis
3082 4804 3232 4873 virga
3259 4805 3525 4875 regnitui.
3560 4806 3706 4863 Dile-

2123 4911 2141 4942 ί
2175 4891 2299 4945 xisti
2337 4892 2625 4959 justitiam,
2678 4902 2733 4947 et
2773 4894 2939 4949 odisti
2991 4894 3358 4964 iniquitatem.
3406 4897 3705 4968 Propterea

2122 5002 2139 5033 ι
2180 4986 2331 5037 unxit
2362 4993 2415 5037 te
2438 4984 2600 5048 Deus,
2638 4984 2779 5039 Deus
2797 4994 2922 5042 tuus
2942 4988 3062 5042 oleo
3089 4988 3287 5044 laetitiae
3301 5007 3411 5060 pra!
3430 4994 3706 5047 consorti-

2123 5094 2140 5125 ι
2172 5076 2273 5129 bus
2307 5077 2435 5130 tuis.
2459 5096 2477 5127 ι
2514 5076 2718 5131 Deinde
2753 5078 2825 5131 ita
2857 5082 3208 5151 prosequitur
3242 5102 3255 5138 :
3291 5104 3309 5135 ί
3333 5086 3629 5150 Attendite,
3667 5102 3700 5141 ο

2115 5167 2339 5230 Ariani,
2370 5168 2674 5237 saltemque
2702 5186 2768 5224 ex
2799 5171 2902 5225 hoc
2923 5172 3043 5227 loco
3072 5177 3353 5243 agnoscite
3386 5180 3695 5235 veritatem.

2114 5254 2409 5311 Consortes
2452 5257 2669 5311 Domini
2716 5275 2817 5314 nos
2860 5275 3050 5317 omnes
3100 5262 3387 5319 Psalmista
3436 5267 3696 5335 appellat.

2116 5348 2271 5413 Quod
2299 5350 2342 5401 si
2366 5365 2430 5403 ex
2458 5350 2631 5404 nihilo
2657 5360 2711 5403 et
2736 5368 2841 5404 una
2866 5368 2895 5407 e
2924 5355 3086 5410 rebus
3117 5355 3275 5411 factis
3305 5368 3449 5414 esset
3490 5359 3698 5429 Filius,

2116 5444 2231 5512 ipse
2262 5458 2481 5512 quoque
2516 5446 2655 5498 inter
2677 5458 2964 5504 consortes
2999 5461 3402 5520 numeraretur.
3432 5453 3571 5508 Cum
3596 5472 3698 5509 au-

2117 5547 2222 5591 tem
2249 5538 2398 5595 illum
2430 5539 2600 5593 Deum
2623 5551 2885 5597 aeternum
2902 5542 2989 5597 his
3017 5544 3197 5599 verbis
3220 5547 3481 5601 cecinerit
3535 5567 3548 5602 :
3594 5534 3703 5606 Re.-

2116 5647 2280 5701 gnum
2323 5641 2477 5688 tuum
2528 5632 2735 5703 Deus,»
2777 5647 2880 5692 etc.
2916 5667 2987 5677 ——
3014 5638 3071 5693 In
3120 5644 3517 5697 commentario
3553 5645 3700 5715 ejus.-
