  <div class='ocr_page' id='page_1' title='image "/cluster/home/n/w/nwhite01/storage/ocr_20150623/27/nnc1.0046978631/336.png"; bbox 0 0 3878 6218; ppageno 0'>
   <div class='ocr_carea' id='block_1_1' title="bbox 145 356 246 411">
    <p class='ocr_par' dir='ltr' id='par_1_1' title="bbox 145 356 246 411">
     <span class='ocr_line' id='line_1_1' title="bbox 145 356 246 411; baseline 0.02 -2"><span class='ocrx_word' id='word_1_1' title='bbox 145 356 246 411; x_wconf 64' lang='grc' dir='ltr'><strong>6ἱῦ</strong></span> 
     </span>
    </p>
   </div>
   <div class='ocr_carea' id='block_1_2' title="bbox 773 349 2634 409">
    <p class='ocr_par' dir='ltr' id='par_1_2' title="bbox 773 349 2634 409">
     <span class='ocr_line' id='line_1_2' title="bbox 773 349 2634 409; baseline 0.001 -3"><span class='ocrx_word' id='word_1_2' title='bbox 773 351 859 406; x_wconf 85' lang='lat' dir='ltr'><strong>DE</strong></span> <span class='ocrx_word' id='word_1_3' title='bbox 892 349 1167 406; x_wconf 86' lang='lat' dir='ltr'><strong>TITULlS</strong></span> <span class='ocrx_word' id='word_1_4' title='bbox 1208 350 1651 407; x_wconf 70' lang='lat' dir='ltr'><strong>PSALMORUM.</strong></span> <span class='ocrx_word' id='word_1_5' title='bbox 1700 382 1767 390; x_wconf 90' lang='lat'><strong>-—</strong></span> <span class='ocrx_word' id='word_1_6' title='bbox 1807 351 2196 406; x_wconf 73' lang='lat' dir='ltr'><strong>ANPONELLI</strong></span> <span class='ocrx_word' id='word_1_7' title='bbox 2241 352 2634 409; x_wconf 76' lang='lat' dir='ltr'><strong>PR.~EFATlO.</strong></span> 
     </span>
    </p>
   </div>
   <div class='ocr_carea' id='block_1_3' title="bbox 3298 356 3405 409">
    <p class='ocr_par' dir='ltr' id='par_1_3' title="bbox 3298 356 3405 409">
     <span class='ocr_line' id='line_1_3' title="bbox 3298 356 3405 409; baseline 0 0"><span class='ocrx_word' id='word_1_8' title='bbox 3298 356 3405 409; x_wconf 73' lang='grc'><strong>646</strong></span> 
     </span>
    </p>
   </div>
   <div class='ocr_carea' id='block_1_4' title="bbox 144 464 3405 539">
    <p class='ocr_par' dir='ltr' id='par_1_4' title="bbox 144 464 3405 539">
     <span class='ocr_line' id='line_1_4' title="bbox 144 464 3405 539; baseline -0 -15"><span class='ocrx_word' id='word_1_9' title='bbox 144 470 260 524; x_wconf 89' lang='lat' dir='ltr'><strong>dem</strong></span> <span class='ocrx_word' id='word_1_10' title='bbox 290 468 486 539; x_wconf 80' lang='lat' dir='ltr'><strong>psalmi</strong></span> <span class='ocrx_word' id='word_1_11' title='bbox 516 482 639 521; x_wconf 70' lang='grc' dir='ltr'><strong>κων</strong></span> <span class='ocrx_word' id='word_1_12' title='bbox 673 466 987 536; x_wconf 87' lang='lat' dir='ltr'><strong>hujusmodi</strong></span> <span class='ocrx_word' id='word_1_13' title='bbox 1015 466 1194 521; x_wconf 81' lang='lat' dir='ltr'><strong>brevis</strong></span> <span class='ocrx_word' id='word_1_14' title='bbox 1226 468 1497 536; x_wconf 77' lang='lat' dir='ltr'><strong>expositio</strong></span> <span class='ocrx_word' id='word_1_15' title='bbox 1524 474 1713 520; x_wconf 88' lang='lat' dir='ltr'><strong>contra</strong></span> <span class='ocrx_word' id='word_1_16' title='bbox 1747 470 1785 525; x_wconf 84' lang='grc' dir='ltr'><strong>Α</strong></span> <span class='ocrx_word' id='word_1_17' title='bbox 1820 464 1987 522; x_wconf 90' lang='lat' dir='ltr'><strong>fuisse</strong></span> <span class='ocrx_word' id='word_1_18' title='bbox 2020 469 2087 522; x_wconf 91' lang='lat' dir='ltr'><strong>iis</strong></span> <span class='ocrx_word' id='word_1_19' title='bbox 2118 484 2241 538; x_wconf 60' lang='lat' dir='ltr'><strong>quae</strong></span> <span class='ocrx_word' id='word_1_20' title='bbox 2269 469 2323 523; x_wconf 93' lang='lat' dir='ltr'><strong>in</strong></span> <span class='ocrx_word' id='word_1_21' title='bbox 2364 468 2521 523; x_wconf 88' lang='lat' dir='ltr'><strong>Orat.</strong></span> <span class='ocrx_word' id='word_1_22' title='bbox 2555 485 2609 522; x_wconf 84' lang='lat' dir='ltr'><strong>IV</strong></span> <span class='ocrx_word' id='word_1_23' title='bbox 2640 478 2826 522; x_wconf 83' lang='lat' dir='ltr'><strong>contra</strong></span> <span class='ocrx_word' id='word_1_24' title='bbox 2851 468 3081 522; x_wconf 83' lang='lat' dir='ltr'><strong>Arianos</strong></span> <span class='ocrx_word' id='word_1_25' title='bbox 3112 469 3370 525; x_wconf 91' lang='lat' dir='ltr'><strong>dicuntur</strong></span> <span class='ocrx_word' id='word_1_26' title='bbox 3390 514 3405 535; x_wconf 95' lang='lat'><strong>,</strong></span> 
     </span>
    </p>
   </div>
   <div class='ocr_carea' id='block_1_5' title="bbox 142 556 1721 614">
    <p class='ocr_par' dir='ltr' id='par_1_5' title="bbox 142 556 1721 614">
     <span class='ocr_line' id='line_1_5' title="bbox 142 556 1721 614; baseline 0 -1"><span class='ocrx_word' id='word_1_27' title='bbox 142 560 454 614; x_wconf 82' lang='lat' dir='ltr'><strong>earumdem</strong></span> <span class='ocrx_word' id='word_1_28' title='bbox 478 556 805 613; x_wconf 80' lang='lat' dir='ltr'><strong>Arianorum</strong></span> <span class='ocrx_word' id='word_1_29' title='bbox 835 559 1159 612; x_wconf 87' lang='lat' dir='ltr'><strong>sententiam</strong></span> <span class='ocrx_word' id='word_1_30' title='bbox 1206 560 1529 613; x_wconf 90' lang='lat' dir='ltr'><strong>ascribitur:</strong></span> <span class='ocrx_word' id='word_1_31' title='bbox 1574 581 1590 611; x_wconf 77' lang='grc' dir='ltr'><strong>ι</strong></span> <span class='ocrx_word' id='word_1_32' title='bbox 1617 560 1721 613; x_wconf 82' lang='lat' dir='ltr'><strong>Re-</strong></span> 
     </span>
    </p>
   </div>
   <div class='ocr_carea' id='block_1_6' title="bbox 145 650 1722 721">
    <p class='ocr_par' dir='ltr' id='par_1_6' title="bbox 145 650 1722 721">
     <span class='ocr_line' id='line_1_6' title="bbox 145 650 1722 721; baseline 0.001 -18"><span class='ocrx_word' id='word_1_33' title='bbox 145 667 302 721; x_wconf 83' lang='lat' dir='ltr'><strong>gnum</strong></span> <span class='ocrx_word' id='word_1_34' title='bbox 353 660 512 704; x_wconf 89' lang='lat' dir='ltr'><strong>tuum</strong></span> <span class='ocrx_word' id='word_1_35' title='bbox 567 650 955 718; x_wconf 84' lang='lat' dir='ltr'><strong>sempiternum</strong></span> <span class='ocrx_word' id='word_1_36' title='bbox 993 650 1082 714; x_wconf 88' lang='lat' dir='ltr'><strong>(ad</strong></span> <span class='ocrx_word' id='word_1_37' title='bbox 1131 665 1272 703; x_wconf 84' lang='lat' dir='ltr'><strong>vers.</strong></span> <span class='ocrx_word' id='word_1_38' title='bbox 1329 650 1439 718; x_wconf 82' lang='lat'><strong>16).</strong></span> <span class='ocrx_word' id='word_1_39' title='bbox 1476 650 1722 704; x_wconf 74' lang='lat' dir='ltr'><strong>Potestas</strong></span> 
     </span>
    </p>
   </div>
   <div class='ocr_carea' id='block_1_7' title="bbox 142 744 1723 814">
    <p class='ocr_par' dir='ltr' id='par_1_7' title="bbox 142 744 1723 814">
     <span class='ocr_line' id='line_1_7' title="bbox 142 744 1723 814; baseline 0 -17"><span class='ocrx_word' id='word_1_40' title='bbox 142 752 336 797; x_wconf 65' lang='lat' dir='ltr'><strong>aeterna</strong></span> <span class='ocrx_word' id='word_1_41' title='bbox 366 761 596 814; x_wconf 80' lang='lat' dir='ltr'><strong>regnum</strong></span> <span class='ocrx_word' id='word_1_42' title='bbox 632 753 784 797; x_wconf 89' lang='lat' dir='ltr'><strong>tuum</strong></span> <span class='ocrx_word' id='word_1_43' title='bbox 829 745 915 812; x_wconf 89' lang='lat' dir='ltr'><strong>(ad</strong></span> <span class='ocrx_word' id='word_1_44' title='bbox 949 744 1145 798; x_wconf 86' lang='lat' dir='ltr'><strong>versie.</strong></span> <span class='ocrx_word' id='word_1_45' title='bbox 1176 745 1286 812; x_wconf 81' lang='grc' dir='ltr'><strong>Π).</strong></span> <span class='ocrx_word' id='word_1_46' title='bbox 1320 744 1563 797; x_wconf 81' lang='lat' dir='ltr'><strong>Dilexisti</strong></span> <span class='ocrx_word' id='word_1_47' title='bbox 1594 760 1723 798; x_wconf 44' lang='lat' dir='ltr'><strong>san‘</strong></span> 
     </span>
    </p>
   </div>
   <div class='ocr_carea' id='block_1_8' title="bbox 144 835 1720 904">
    <p class='ocr_par' dir='ltr' id='par_1_8' title="bbox 144 835 1720 904">
     <span class='ocr_line' id='line_1_8' title="bbox 144 835 1720 904; baseline -0.001 -14"><span class='ocrx_word' id='word_1_48' title='bbox 144 846 255 891; x_wconf 91' lang='lat' dir='ltr'><strong>ctos</strong></span> <span class='ocrx_word' id='word_1_49' title='bbox 287 846 441 901; x_wconf 89' lang='lat' dir='ltr'><strong>tuos,</strong></span> <span class='ocrx_word' id='word_1_50' title='bbox 466 845 523 889; x_wconf 92' lang='lat' dir='ltr'><strong>et</strong></span> <span class='ocrx_word' id='word_1_51' title='bbox 551 836 711 889; x_wconf 88' lang='lat' dir='ltr'><strong>odisti</strong></span> <span class='ocrx_word' id='word_1_52' title='bbox 748 836 1055 889; x_wconf 87' lang='lat' dir='ltr'><strong>inventores</strong></span> <span class='ocrx_word' id='word_1_53' title='bbox 1080 835 1415 904; x_wconf 78' lang='lat' dir='ltr'><strong>iniquitatis,</strong></span> <span class='ocrx_word' id='word_1_54' title='bbox 1444 836 1720 889; x_wconf 88' lang='lat' dir='ltr'><strong>diabolum</strong></span> 
     </span>
    </p>
   </div>
   <div class='ocr_carea' id='block_1_9' title="bbox 148 930 1721 1002">
    <p class='ocr_par' dir='ltr' id='par_1_9' title="bbox 148 930 1721 1002">
     <span class='ocr_line' id='line_1_9' title="bbox 148 930 1721 1002; baseline -0.001 -15"><span class='ocrx_word' id='word_1_55' title='bbox 148 948 330 1002; x_wconf 89' lang='lat' dir='ltr'><strong>nempe</strong></span> <span class='ocrx_word' id='word_1_56' title='bbox 355 940 409 986; x_wconf 92' lang='lat' dir='ltr'><strong>et</strong></span> <span class='ocrx_word' id='word_1_57' title='bbox 433 932 661 1002; x_wconf 82' lang='lat' dir='ltr'><strong>angelos</strong></span> <span class='ocrx_word' id='word_1_58' title='bbox 692 931 811 1000; x_wconf 86' lang='lat' dir='ltr'><strong>ejus</strong></span> <span class='ocrx_word' id='word_1_59' title='bbox 838 930 927 998; x_wconf 89' lang='lat' dir='ltr'><strong>(ad</strong></span> <span class='ocrx_word' id='word_1_60' title='bbox 953 947 1096 985; x_wconf 84' lang='lat' dir='ltr'><strong>vers.</strong></span> <span class='ocrx_word' id='word_1_61' title='bbox 1127 932 1226 997; x_wconf 77' lang='lat'><strong>18,</strong></span> <span class='ocrx_word' id='word_1_62' title='bbox 1260 932 1373 1001; x_wconf 76' lang='lat' dir='ltr'><strong>l9).</strong></span> <span class='ocrx_word' id='word_1_63' title='bbox 1427 932 1721 1002; x_wconf 87' lang='lat' dir='ltr'><strong>Propterea</strong></span> 
     </span>
    </p>
   </div>
   <div class='ocr_carea' id='block_1_10' title="bbox 148 1024 1719 1096">
    <p class='ocr_par' dir='ltr' id='par_1_10' title="bbox 148 1024 1719 1096">
     <span class='ocr_line' id='line_1_10' title="bbox 148 1024 1719 1096; baseline -0.004 -13"><span class='ocrx_word' id='word_1_64' title='bbox 148 1028 474 1085; x_wconf 81' lang='lat' dir='ltr'><strong>renuntiavit</strong></span> <span class='ocrx_word' id='word_1_65' title='bbox 509 1036 559 1081; x_wconf 90' lang='lat' dir='ltr'><strong>te</strong></span> <span class='ocrx_word' id='word_1_66' title='bbox 590 1026 749 1080; x_wconf 86' lang='lat' dir='ltr'><strong>Pater</strong></span> <span class='ocrx_word' id='word_1_67' title='bbox 786 1043 881 1095; x_wconf 89' lang='lat' dir='ltr'><strong>per</strong></span> <span class='ocrx_word' id='word_1_68' title='bbox 910 1024 1173 1092; x_wconf 76' lang='lat' dir='ltr'><strong>Spiritum</strong></span> <span class='ocrx_word' id='word_1_69' title='bbox 1215 1034 1463 1079; x_wconf 90' lang='lat' dir='ltr'><strong>sanctum</strong></span> <span class='ocrx_word' id='word_1_70' title='bbox 1491 1069 1505 1091; x_wconf 93' lang='lat'><strong>,</strong></span> <span class='ocrx_word' id='word_1_71' title='bbox 1540 1042 1719 1096; x_wconf 84' lang='lat' dir='ltr'><strong>regem</strong></span> 
     </span>
    </p>
   </div>
   <div class='ocr_carea' id='block_1_11' title="bbox 144 1116 1720 1191">
    <p class='ocr_par' dir='ltr' id='par_1_11' title="bbox 144 1116 1720 1191">
     <span class='ocr_line' id='line_1_11' title="bbox 144 1116 1720 1191; baseline -0.002 -18"><span class='ocrx_word' id='word_1_72' title='bbox 144 1122 246 1191; x_wconf 85' lang='lat' dir='ltr'><strong>jam</strong></span> <span class='ocrx_word' id='word_1_73' title='bbox 281 1119 681 1173; x_wconf 82' lang='lat' dir='ltr'><strong>exsistentem:</strong></span> <span class='ocrx_word' id='word_1_74' title='bbox 724 1116 1166 1185; x_wconf 81' lang='lat' dir='ltr'><strong>quandoquidem</strong></span> <span class='ocrx_word' id='word_1_75' title='bbox 1208 1131 1423 1184; x_wconf 87' lang='lat' dir='ltr'><strong>semper</strong></span> <span class='ocrx_word' id='word_1_76' title='bbox 1462 1116 1720 1170; x_wconf 83' lang='lat' dir='ltr'><strong>exstitisti</strong></span> 
     </span>
    </p>
   </div>
   <div class='ocr_carea' id='block_1_12' title="bbox 149 1204 1669 1278">
    <p class='ocr_par' dir='ltr' id='par_1_12' title="bbox 149 1204 1669 1278">
     <span class='ocr_line' id='line_1_12' title="bbox 149 1204 1669 1278; baseline -0.007 -11"><span class='ocrx_word' id='word_1_77' title='bbox 149 1228 236 1267; x_wconf 76' lang='lat' dir='ltr'><strong>rex</strong></span> <span class='ocrx_word' id='word_1_78' title='bbox 266 1226 429 1278; x_wconf 86' lang='lat' dir='ltr'><strong>supra</strong></span> <span class='ocrx_word' id='word_1_79' title='bbox 463 1224 560 1263; x_wconf 91' lang='lat' dir='ltr'><strong>eos</strong></span> <span class='ocrx_word' id='word_1_80' title='bbox 586 1207 677 1277; x_wconf 89' lang='lat' dir='ltr'><strong>qui</strong></span> <span class='ocrx_word' id='word_1_81' title='bbox 715 1206 1003 1275; x_wconf 85' lang='lat' dir='ltr'><strong>participes</strong></span> <span class='ocrx_word' id='word_1_82' title='bbox 1038 1204 1256 1258; x_wconf 83' lang='lat' dir='ltr'><strong>fuerunt</strong></span> <span class='ocrx_word' id='word_1_83' title='bbox 1288 1206 1473 1275; x_wconf 71' lang='lat' dir='ltr'><strong>gratia:</strong></span> <span class='ocrx_word' id='word_1_84' title='bbox 1503 1216 1628 1260; x_wconf 68' lang='lat' dir='ltr'><strong>tuae.</strong></span> <span class='ocrx_word' id='word_1_85' title='bbox 1652 1226 1669 1256; x_wconf 75' lang='grc' dir='ltr'><strong>ι</strong></span> 
     </span>
    </p>
   </div>
   <div class='ocr_carea' id='block_1_13' title="bbox 213 1297 1721 1371">
    <p class='ocr_par' dir='ltr' id='par_1_13' title="bbox 213 1297 1721 1371">
     <span class='ocr_line' id='line_1_13' title="bbox 213 1297 1721 1371; baseline -0.005 -13"><span class='ocrx_word' id='word_1_86' title='bbox 213 1304 267 1358; x_wconf 91' lang='lat' dir='ltr'><strong>In</strong></span> <span class='ocrx_word' id='word_1_87' title='bbox 299 1302 560 1357; x_wconf 78' lang='lat' dir='ltr'><strong>Oratione</strong></span> <span class='ocrx_word' id='word_1_88' title='bbox 581 1307 772 1371; x_wconf 85' lang='lat' dir='ltr'><strong>quarta</strong></span> <span class='ocrx_word' id='word_1_89' title='bbox 797 1297 1031 1351; x_wconf 84' lang='lat' dir='ltr'><strong>Arianos</strong></span> <span class='ocrx_word' id='word_1_90' title='bbox 1072 1305 1275 1350; x_wconf 88' lang='lat' dir='ltr'><strong>temere</strong></span> <span class='ocrx_word' id='word_1_91' title='bbox 1319 1305 1624 1350; x_wconf 81' lang='lat' dir='ltr'><strong>asserentes</strong></span> <span class='ocrx_word' id='word_1_92' title='bbox 1668 1297 1721 1350; x_wconf 90' lang='lat' dir='ltr'><strong>in</strong></span> 
     </span>
    </p>
   </div>
   <div class='ocr_carea' id='block_1_14' title="bbox 154 1386 1723 1454">
    <p class='ocr_par' dir='ltr' id='par_1_14' title="bbox 154 1386 1723 1454">
     <span class='ocr_line' id='line_1_14' title="bbox 154 1386 1723 1454; baseline -0.006 -4"><span class='ocrx_word' id='word_1_93' title='bbox 154 1395 321 1450; x_wconf 79' lang='lat' dir='ltr'><strong>Veteri</strong></span> <span class='ocrx_word' id='word_1_94' title='bbox 339 1393 694 1447; x_wconf 84' lang='lat' dir='ltr'><strong>Testamento</strong></span> <span class='ocrx_word' id='word_1_95' title='bbox 716 1391 917 1444; x_wconf 89' lang='lat' dir='ltr'><strong>nullam</strong></span> <span class='ocrx_word' id='word_1_96' title='bbox 944 1389 1085 1454; x_wconf 87' lang='lat' dir='ltr'><strong>Filii,</strong></span> <span class='ocrx_word' id='word_1_97' title='bbox 1110 1390 1202 1443; x_wconf 87' lang='lat' dir='ltr'><strong>sed</strong></span> <span class='ocrx_word' id='word_1_98' title='bbox 1230 1388 1399 1442; x_wconf 83' lang='lat' dir='ltr'><strong>solius</strong></span> <span class='ocrx_word' id='word_1_99' title='bbox 1424 1386 1587 1442; x_wconf 84' lang='lat' dir='ltr'><strong>Verbi</strong></span> <span class='ocrx_word' id='word_1_100' title='bbox 1606 1388 1723 1442; x_wconf 81' lang='lat' dir='ltr'><strong>fieri</strong></span> 
     </span>
    </p>
   </div>
   <div class='ocr_carea' id='block_1_15' title="bbox 152 1479 1722 1540">
    <p class='ocr_par' dir='ltr' id='par_1_15' title="bbox 152 1479 1722 1540">
     <span class='ocr_line' id='line_1_15' title="bbox 152 1479 1722 1540; baseline -0.004 0"><span class='ocrx_word' id='word_1_101' title='bbox 152 1488 470 1540; x_wconf 85' lang='lat' dir='ltr'><strong>mentionem</strong></span> <span class='ocrx_word' id='word_1_102' title='bbox 502 1483 700 1537; x_wconf 82' lang='lat' dir='ltr'><strong>refellit</strong></span> <span class='ocrx_word' id='word_1_103' title='bbox 725 1482 807 1536; x_wconf 85' lang='lat' dir='ltr'><strong>his</strong></span> <span class='ocrx_word' id='word_1_104' title='bbox 836 1483 1041 1536; x_wconf 85' lang='lat' dir='ltr'><strong>verbis;</strong></span> <span class='ocrx_word' id='word_1_105' title='bbox 1074 1500 1093 1531; x_wconf 77' lang='grc' dir='ltr'><strong>ι</strong></span> <span class='ocrx_word' id='word_1_106' title='bbox 1118 1479 1225 1535; x_wconf 88' lang='lat' dir='ltr'><strong>Sed</strong></span> <span class='ocrx_word' id='word_1_107' title='bbox 1254 1480 1415 1533; x_wconf 87' lang='lat' dir='ltr'><strong>etiam</strong></span> <span class='ocrx_word' id='word_1_108' title='bbox 1452 1495 1637 1533; x_wconf 87' lang='lat' dir='ltr'><strong>revera</strong></span> <span class='ocrx_word' id='word_1_109' title='bbox 1669 1481 1722 1534; x_wconf 91' lang='lat' dir='ltr'><strong>in</strong></span> 
     </span>
    </p>
   </div>
   <div class='ocr_carea' id='block_1_16' title="bbox 152 1570 1723 1637">
    <p class='ocr_par' dir='ltr' id='par_1_16' title="bbox 152 1570 1723 1637">
     <span class='ocr_line' id='line_1_16' title="bbox 152 1570 1723 1637; baseline -0.003 -7"><span class='ocrx_word' id='word_1_110' title='bbox 152 1578 318 1631; x_wconf 87' lang='lat' dir='ltr'><strong>Veteri</strong></span> <span class='ocrx_word' id='word_1_111' title='bbox 351 1575 706 1628; x_wconf 82' lang='lat' dir='ltr'><strong>Testamento</strong></span> <span class='ocrx_word' id='word_1_112' title='bbox 733 1571 900 1625; x_wconf 90' lang='lat' dir='ltr'><strong>multa</strong></span> <span class='ocrx_word' id='word_1_113' title='bbox 934 1572 999 1625; x_wconf 90' lang='lat' dir='ltr'><strong>de</strong></span> <span class='ocrx_word' id='word_1_114' title='bbox 1033 1570 1171 1625; x_wconf 89' lang='lat' dir='ltr'><strong>Filio</strong></span> <span class='ocrx_word' id='word_1_115' title='bbox 1200 1580 1532 1637; x_wconf 89' lang='lat' dir='ltr'><strong>occurrunt,</strong></span> <span class='ocrx_word' id='word_1_116' title='bbox 1572 1580 1631 1625; x_wconf 87' lang='lat' dir='ltr'><strong>ut</strong></span> <span class='ocrx_word' id='word_1_117' title='bbox 1669 1572 1723 1625; x_wconf 92' lang='lat' dir='ltr'><strong>in</strong></span> 
     </span>
    </p>
   </div>
   <div class='ocr_carea' id='block_1_17' title="bbox 153 1646 1726 1738">
    <p class='ocr_par' dir='ltr' id='par_1_17' title="bbox 153 1646 1726 1738">
     <span class='ocr_line' id='line_1_17' title="bbox 153 1646 1726 1738; baseline -0.004 -15"><span class='ocrx_word' id='word_1_118' title='bbox 153 1670 350 1738; x_wconf 86' lang='lat' dir='ltr'><strong>psalmo</strong></span> <span class='ocrx_word' id='word_1_119' title='bbox 378 1666 659 1721; x_wconf 80' lang='lat' dir='ltr'><strong>secundo:</strong></span> <span class='ocrx_word' id='word_1_120' title='bbox 699 1682 821 1715; x_wconf 69' lang='lat' dir='ltr'><strong>i—4</strong></span> <span class='ocrx_word' id='word_1_121' title='bbox 841 1662 1012 1717; x_wconf 91' lang='lat' dir='ltr'><strong>Filius</strong></span> <span class='ocrx_word' id='word_1_122' title='bbox 1047 1678 1200 1717; x_wconf 87' lang='lat' dir='ltr'><strong>meus</strong></span> <span class='ocrx_word' id='word_1_123' title='bbox 1230 1678 1289 1716; x_wconf 91' lang='lat' dir='ltr'><strong>es</strong></span> <span class='ocrx_word' id='word_1_124' title='bbox 1324 1672 1415 1716; x_wconf 88' lang='lat' dir='ltr'><strong>tu:</strong></span> <span class='ocrx_word' id='word_1_125' title='bbox 1446 1678 1546 1730; x_wconf 89' lang='lat' dir='ltr'><strong>ego</strong></span> <span class='ocrx_word' id='word_1_126' title='bbox 1564 1646 1726 1718; x_wconf 79' lang='lat' dir='ltr'><strong>hodie</strong></span> 
     </span>
    </p>
   </div>
   <div class='ocr_carea' id='block_1_18' title="bbox 158 1752 1724 1829">
    <p class='ocr_par' dir='ltr' id='par_1_18' title="bbox 158 1752 1724 1829">
     <span class='ocr_line' id='line_1_18' title="bbox 158 1752 1724 1829; baseline -0.001 -18"><span class='ocrx_word' id='word_1_127' title='bbox 158 1780 174 1811; x_wconf 81' lang='grc' dir='ltr'><strong>ι</strong></span> <span class='ocrx_word' id='word_1_128' title='bbox 197 1760 348 1829; x_wconf 82' lang='lat' dir='ltr'><strong>genui</strong></span> <span class='ocrx_word' id='word_1_129' title='bbox 383 1768 455 1813; x_wconf 90' lang='lat' dir='ltr'><strong>te.</strong></span> <span class='ocrx_word' id='word_1_130' title='bbox 480 1777 499 1809; x_wconf 77' lang='grc' dir='ltr'><strong>ι</strong></span> <span class='ocrx_word' id='word_1_131' title='bbox 525 1757 591 1812; x_wconf 82' lang='lat' dir='ltr'><strong>Et</strong></span> <span class='ocrx_word' id='word_1_132' title='bbox 622 1759 675 1810; x_wconf 93' lang='lat' dir='ltr'><strong>in</strong></span> <span class='ocrx_word' id='word_1_133' title='bbox 702 1772 846 1809; x_wconf 87' lang='lat' dir='ltr'><strong>nono</strong></span> <span class='ocrx_word' id='word_1_134' title='bbox 880 1756 1177 1823; x_wconf 89' lang='lat' dir='ltr'><strong>inscripto:</strong></span> <span class='ocrx_word' id='word_1_135' title='bbox 1205 1774 1221 1804; x_wconf 84' lang='grc' dir='ltr'><strong>ι</strong></span> <span class='ocrx_word' id='word_1_136' title='bbox 1246 1752 1303 1807; x_wconf 89' lang='grc' dir='ltr'><strong>1η</strong></span> <span class='ocrx_word' id='word_1_137' title='bbox 1332 1755 1493 1808; x_wconf 81' lang='lat' dir='ltr'><strong>finem</strong></span> <span class='ocrx_word' id='word_1_138' title='bbox 1519 1770 1615 1824; x_wconf 93' lang='lat' dir='ltr'><strong>pro</strong></span> <span class='ocrx_word' id='word_1_139' title='bbox 1637 1770 1724 1809; x_wconf 92' lang='lat' dir='ltr'><strong>oc-</strong></span> 
     </span>
    </p>
   </div>
   <div class='ocr_carea' id='block_1_19' title="bbox 160 1845 1721 1916">
    <p class='ocr_par' dir='ltr' id='par_1_19' title="bbox 160 1845 1721 1916">
     <span class='ocr_line' id='line_1_19' title="bbox 160 1845 1721 1916; baseline -0.003 -13"><span class='ocrx_word' id='word_1_140' title='bbox 160 1870 177 1903; x_wconf 78' lang='grc' dir='ltr'><strong>ι</strong></span> <span class='ocrx_word' id='word_1_141' title='bbox 203 1852 354 1906; x_wconf 87' lang='lat' dir='ltr'><strong>cultis</strong></span> <span class='ocrx_word' id='word_1_142' title='bbox 392 1850 546 1911; x_wconf 85' lang='lat' dir='ltr'><strong>Filii,</strong></span> <span class='ocrx_word' id='word_1_143' title='bbox 578 1847 829 1903; x_wconf 86' lang='lat' dir='ltr'><strong>Psalmus</strong></span> <span class='ocrx_word' id='word_1_144' title='bbox 864 1846 1053 1900; x_wconf 88' lang='lat' dir='ltr'><strong>David.</strong></span> <span class='ocrx_word' id='word_1_145' title='bbox 1083 1865 1100 1897; x_wconf 71' lang='grc' dir='ltr'><strong>ι</strong></span> <span class='ocrx_word' id='word_1_146' title='bbox 1121 1845 1185 1898; x_wconf 89' lang='lat' dir='ltr'><strong>Et</strong></span> <span class='ocrx_word' id='word_1_147' title='bbox 1214 1846 1268 1898; x_wconf 89' lang='lat' dir='ltr'><strong>in</strong></span> <span class='ocrx_word' id='word_1_148' title='bbox 1302 1845 1721 1916; x_wconf 87' lang='lat' dir='ltr'><strong>quadragesimo</strong></span> 
     </span>
    </p>
   </div>
   <div class='ocr_carea' id='block_1_20' title="bbox 154 1936 1720 2014">
    <p class='ocr_par' dir='ltr' id='par_1_20' title="bbox 154 1936 1720 2014">
     <span class='ocr_line' id='line_1_20' title="bbox 154 1936 1720 2014; baseline -0.005 -15"><span class='ocrx_word' id='word_1_149' title='bbox 154 1955 362 2014; x_wconf 90' lang='lat' dir='ltr'><strong>quarto:</strong></span> <span class='ocrx_word' id='word_1_150' title='bbox 394 1963 411 1994; x_wconf 84' lang='grc' dir='ltr'><strong>ι</strong></span> <span class='ocrx_word' id='word_1_151' title='bbox 436 1942 492 1997; x_wconf 83' lang='grc' dir='ltr'><strong>1η</strong></span> <span class='ocrx_word' id='word_1_152' title='bbox 520 1943 683 1997; x_wconf 85' lang='lat' dir='ltr'><strong>tinem</strong></span> <span class='ocrx_word' id='word_1_153' title='bbox 714 1956 811 2010; x_wconf 89' lang='lat' dir='ltr'><strong>pro</strong></span> <span class='ocrx_word' id='word_1_154' title='bbox 855 1940 922 1993; x_wconf 91' lang='lat' dir='ltr'><strong>iis</strong></span> <span class='ocrx_word' id='word_1_155' title='bbox 942 1940 1034 2008; x_wconf 89' lang='lat' dir='ltr'><strong>qui</strong></span> <span class='ocrx_word' id='word_1_156' title='bbox 1061 1939 1564 2000; x_wconf 89' lang='lat' dir='ltr'><strong>commutabantur,</strong></span> <span class='ocrx_word' id='word_1_157' title='bbox 1595 1936 1720 1991; x_wconf 86' lang='lat' dir='ltr'><strong>ﬁliis</strong></span> 
     </span>
    </p>
   </div>
   <div class='ocr_carea' id='block_1_21' title="bbox 162 2029 1717 2099">
    <p class='ocr_par' dir='ltr' id='par_1_21' title="bbox 162 2029 1717 2099">
     <span class='ocr_line' id='line_1_21' title="bbox 162 2029 1717 2099; baseline -0.003 -13"><span class='ocrx_word' id='word_1_158' title='bbox 162 2056 177 2086; x_wconf 83' lang='grc' dir='ltr'><strong>ι</strong></span> <span class='ocrx_word' id='word_1_159' title='bbox 198 2036 346 2099; x_wconf 91' lang='lat' dir='ltr'><strong>Core,</strong></span> <span class='ocrx_word' id='word_1_160' title='bbox 372 2036 439 2089; x_wconf 91' lang='lat' dir='ltr'><strong>ad</strong></span> <span class='ocrx_word' id='word_1_161' title='bbox 459 2034 819 2097; x_wconf 86' lang='lat' dir='ltr'><strong>intellectum,</strong></span> <span class='ocrx_word' id='word_1_162' title='bbox 848 2032 1120 2085; x_wconf 82' lang='lat' dir='ltr'><strong>canticum</strong></span> <span class='ocrx_word' id='word_1_163' title='bbox 1150 2045 1247 2097; x_wconf 92' lang='lat' dir='ltr'><strong>pro</strong></span> <span class='ocrx_word' id='word_1_164' title='bbox 1272 2029 1491 2091; x_wconf 84' lang='lat' dir='ltr'><strong>dilecto,</strong></span> <span class='ocrx_word' id='word_1_165' title='bbox 1520 2047 1536 2078; x_wconf 75' lang='grc' dir='ltr'><strong>ι</strong></span> <span class='ocrx_word' id='word_1_166' title='bbox 1560 2037 1717 2081; x_wconf 87' lang='lat' dir='ltr'><strong>etc...</strong></span> 
     </span>
    </p>
   </div>
   <div class='ocr_carea' id='block_1_22' title="bbox 156 2117 1713 2194">
    <p class='ocr_par' dir='ltr' id='par_1_22' title="bbox 156 2117 1713 2194">
     <span class='ocr_line' id='line_1_22' title="bbox 156 2117 1713 2194; baseline -0.008 -15"><span class='ocrx_word' id='word_1_167' title='bbox 156 2126 275 2194; x_wconf 83' lang='lat' dir='ltr'><strong>Quis</strong></span> <span class='ocrx_word' id='word_1_168' title='bbox 291 2136 469 2181; x_wconf 87' lang='lat' dir='ltr'><strong>autem</strong></span> <span class='ocrx_word' id='word_1_169' title='bbox 495 2126 730 2179; x_wconf 86' lang='lat' dir='ltr'><strong>dilectus</strong></span> <span class='ocrx_word' id='word_1_170' title='bbox 751 2133 831 2176; x_wconf 85' lang='lat' dir='ltr'><strong>est</strong></span> <span class='ocrx_word' id='word_1_171' title='bbox 860 2130 1051 2191; x_wconf 64' lang='lat' dir='ltr'><strong>praater</strong></span> <span class='ocrx_word' id='word_1_172' title='bbox 1081 2119 1271 2174; x_wconf 87' lang='lat' dir='ltr'><strong>Filium</strong></span> <span class='ocrx_word' id='word_1_173' title='bbox 1299 2117 1670 2189; x_wconf 88' lang='lat' dir='ltr'><strong>Unigenitum,</strong></span> <span class='ocrx_word' id='word_1_174' title='bbox 1694 2135 1713 2167; x_wconf 73' lang='grc' dir='ltr'><strong>ι</strong></span> 
     </span>
    </p>
   </div>
   <div class='ocr_carea' id='block_1_23' title="bbox 158 2209 1719 2282">
    <p class='ocr_par' dir='ltr' id='par_1_23' title="bbox 158 2209 1719 2282">
     <span class='ocr_line' id='line_1_23' title="bbox 158 2209 1719 2282; baseline -0.007 -10"><span class='ocrx_word' id='word_1_175' title='bbox 158 2229 249 2273; x_wconf 91' lang='lat' dir='ltr'><strong>etc.</strong></span> <span class='ocrx_word' id='word_1_176' title='bbox 279 2248 344 2259; x_wconf 89' lang='lat'>—</span> <span class='ocrx_word' id='word_1_177' title='bbox 373 2217 429 2271; x_wconf 92' lang='lat' dir='ltr'><strong>lu</strong></span> <span class='ocrx_word' id='word_1_178' title='bbox 476 2215 907 2276; x_wconf 85' lang='lat' dir='ltr'><strong>commentario,</strong></span> <span class='ocrx_word' id='word_1_179' title='bbox 964 2228 1085 2282; x_wconf 80' lang='lat' dir='ltr'><strong>quae</strong></span> <span class='ocrx_word' id='word_1_180' title='bbox 1135 2212 1403 2266; x_wconf 84' lang='lat' dir='ltr'><strong>habentur</strong></span> <span class='ocrx_word' id='word_1_181' title='bbox 1451 2210 1520 2264; x_wconf 91' lang='lat' dir='ltr'><strong>ad</strong></span> <span class='ocrx_word' id='word_1_182' title='bbox 1553 2209 1719 2263; x_wconf 90' lang='lat' dir='ltr'><strong>verba</strong></span> 
     </span>
    </p>
   </div>
   <div class='ocr_carea' id='block_1_24' title="bbox 155 2301 1720 2380">
    <p class='ocr_par' dir='ltr' id='par_1_24' title="bbox 155 2301 1720 2380">
     <span class='ocr_line' id='line_1_24' title="bbox 155 2301 1720 2380; baseline -0.008 -14"><span class='ocrx_word' id='word_1_183' title='bbox 155 2312 278 2380; x_wconf 87' lang='lat' dir='ltr'><strong>psal.</strong></span> <span class='ocrx_word' id='word_1_184' title='bbox 312 2328 345 2364; x_wconf 89' lang='grc' dir='ltr'><strong>ιι</strong></span> <span class='ocrx_word' id='word_1_185' title='bbox 378 2325 548 2380; x_wconf 85' lang='lat' dir='ltr'><strong>supra</strong></span> <span class='ocrx_word' id='word_1_186' title='bbox 580 2309 755 2362; x_wconf 88' lang='lat' dir='ltr'><strong>attuli.</strong></span> <span class='ocrx_word' id='word_1_187' title='bbox 793 2306 992 2361; x_wconf 84' lang='lat' dir='ltr'><strong>Psalini</strong></span> <span class='ocrx_word' id='word_1_188' title='bbox 1039 2314 1220 2358; x_wconf 91' lang='lat' dir='ltr'><strong>autem</strong></span> <span class='ocrx_word' id='word_1_189' title='bbox 1257 2303 1387 2357; x_wconf 92' lang='lat' dir='ltr'><strong>noni</strong></span> <span class='ocrx_word' id='word_1_190' title='bbox 1434 2301 1720 2370; x_wconf 86' lang='lat' dir='ltr'><strong>inscriptio</strong></span> 
     </span>
    </p>
   </div>
   <div class='ocr_carea' id='block_1_25' title="bbox 156 2392 1717 2473">
    <p class='ocr_par' dir='ltr' id='par_1_25' title="bbox 156 2392 1717 2473">
     <span class='ocr_line' id='line_1_25' title="bbox 156 2392 1717 2473; baseline -0.01 -15"><span class='ocrx_word' id='word_1_191' title='bbox 156 2404 222 2458; x_wconf 88' lang='lat' dir='ltr'><strong>ita</strong></span> <span class='ocrx_word' id='word_1_192' title='bbox 248 2403 581 2473; x_wconf 84' lang='lat' dir='ltr'><strong>explicatur:</strong></span> <span class='ocrx_word' id='word_1_193' title='bbox 617 2418 636 2451; x_wconf 73' lang='grc' dir='ltr'><strong>ι</strong></span> <span class='ocrx_word' id='word_1_194' title='bbox 662 2398 717 2452; x_wconf 93' lang='lat' dir='ltr'><strong>ln</strong></span> <span class='ocrx_word' id='word_1_195' title='bbox 745 2396 1042 2451; x_wconf 86' lang='lat' dir='ltr'><strong>novissimo</strong></span> <span class='ocrx_word' id='word_1_196' title='bbox 1068 2396 1154 2450; x_wconf 91' lang='lat' dir='ltr'><strong>die</strong></span> <span class='ocrx_word' id='word_1_197' title='bbox 1180 2411 1276 2464; x_wconf 92' lang='lat' dir='ltr'><strong>pro</strong></span> <span class='ocrx_word' id='word_1_198' title='bbox 1302 2392 1717 2462; x_wconf 84' lang='lat' dir='ltr'><strong>incomprehen-</strong></span> 
     </span>
    </p>
   </div>
   <div class='ocr_carea' id='block_1_26' title="bbox 158 2482 1715 2564">
    <p class='ocr_par' dir='ltr' id='par_1_26' title="bbox 158 2482 1715 2564">
     <span class='ocr_line' id='line_1_26' title="bbox 158 2482 1715 2564; baseline -0.008 -17"><span class='ocrx_word' id='word_1_199' title='bbox 158 2495 387 2549; x_wconf 89' lang='lat' dir='ltr'><strong>sibilibus</strong></span> <span class='ocrx_word' id='word_1_200' title='bbox 435 2492 717 2564; x_wconf 89' lang='lat' dir='ltr'><strong>mysteriis</strong></span> <span class='ocrx_word' id='word_1_201' title='bbox 765 2488 887 2541; x_wconf 88' lang='lat' dir='ltr'><strong>Filii</strong></span> <span class='ocrx_word' id='word_1_202' title='bbox 948 2487 1062 2541; x_wconf 93' lang='lat' dir='ltr'><strong>Dei.</strong></span> <span class='ocrx_word' id='word_1_203' title='bbox 1090 2506 1109 2537; x_wconf 76' lang='grc' dir='ltr'><strong>ι</strong></span> <span class='ocrx_word' id='word_1_204' title='bbox 1164 2485 1540 2555; x_wconf 90' lang='lat' dir='ltr'><strong>lnterpretatio</strong></span> <span class='ocrx_word' id='word_1_205' title='bbox 1575 2482 1715 2538; x_wconf 87' lang='lat' dir='ltr'><strong>tituli</strong></span> 
     </span>
    </p>
   </div>
   <div class='ocr_carea' id='block_1_27' title="bbox 158 2579 1715 2654">
    <p class='ocr_par' dir='ltr' id='par_1_27' title="bbox 158 2579 1715 2654">
     <span class='ocr_line' id='line_1_27' title="bbox 158 2579 1715 2654; baseline -0.007 -14"><span class='ocrx_word' id='word_1_206' title='bbox 158 2586 335 2654; x_wconf 87' lang='lat' dir='ltr'><strong>psalmi</strong></span> <span class='ocrx_word' id='word_1_207' title='bbox 360 2601 486 2638; x_wconf 79' lang='lat' dir='ltr'><strong>xuv</strong></span> <span class='ocrx_word' id='word_1_208' title='bbox 530 2584 682 2638; x_wconf 85' lang='lat' dir='ltr'><strong>deest</strong></span> <span class='ocrx_word' id='word_1_209' title='bbox 709 2582 761 2635; x_wconf 91' lang='lat' dir='ltr'><strong>in</strong></span> <span class='ocrx_word' id='word_1_210' title='bbox 788 2579 994 2643; x_wconf 87' lang='lat' dir='ltr'><strong>codice,</strong></span> <span class='ocrx_word' id='word_1_211' title='bbox 1023 2579 1116 2633; x_wconf 89' lang='lat' dir='ltr'><strong>sed</strong></span> <span class='ocrx_word' id='word_1_212' title='bbox 1146 2595 1264 2633; x_wconf 91' lang='lat' dir='ltr'><strong>eam</strong></span> <span class='ocrx_word' id='word_1_213' title='bbox 1290 2585 1715 2633; x_wconf 76' lang='lat' dir='ltr'><strong>consentaneum</strong></span> 
     </span>
    </p>
   </div>
   <div class='ocr_carea' id='block_1_28' title="bbox 1825 559 3408 631">
    <p class='ocr_par' dir='ltr' id='par_1_28' title="bbox 1825 559 3408 631">
     <span class='ocr_line' id='line_1_28' title="bbox 1825 559 3408 631; baseline 0.004 -21"><span class='ocrx_word' id='word_1_214' title='bbox 1825 574 2018 627; x_wconf 91' lang='lat' dir='ltr'><strong>nempe</strong></span> <span class='ocrx_word' id='word_1_215' title='bbox 2048 560 2457 629; x_wconf 89' lang='lat' dir='ltr'><strong>inscriptionem</strong></span> <span class='ocrx_word' id='word_1_216' title='bbox 2484 561 2556 615; x_wconf 89' lang='lat' dir='ltr'><strong>ibi</strong></span> <span class='ocrx_word' id='word_1_217' title='bbox 2592 576 2814 631; x_wconf 90' lang='lat' dir='ltr'><strong>quoque</strong></span> <span class='ocrx_word' id='word_1_218' title='bbox 2839 561 2907 615; x_wconf 91' lang='lat' dir='ltr'><strong>de</strong></span> <span class='ocrx_word' id='word_1_219' title='bbox 2936 559 3116 617; x_wconf 86' lang='lat' dir='ltr'><strong>Verbo</strong></span> <span class='ocrx_word' id='word_1_220' title='bbox 3146 561 3241 617; x_wconf 87' lang='lat' dir='ltr'><strong>Dei</strong></span> <span class='ocrx_word' id='word_1_221' title='bbox 3267 563 3408 617; x_wconf 91' lang='lat' dir='ltr'><strong>Filio</strong></span> 
     </span>
    </p>
   </div>
   <div class='ocr_carea' id='block_1_29' title="bbox 1822 652 3409 724">
    <p class='ocr_par' dir='ltr' id='par_1_29' title="bbox 1822 652 3409 724">
     <span class='ocr_line' id='line_1_29' title="bbox 1822 652 3409 724; baseline 0.004 -20"><span class='ocrx_word' id='word_1_222' title='bbox 1822 652 2124 721; x_wconf 79' lang='lat' dir='ltr'><strong>expositam</strong></span> <span class='ocrx_word' id='word_1_223' title='bbox 2179 654 2382 720; x_wconf 90' lang='lat' dir='ltr'><strong>fuisse,</strong></span> <span class='ocrx_word' id='word_1_224' title='bbox 2426 662 2611 723; x_wconf 90' lang='lat' dir='ltr'><strong>aperte</strong></span> <span class='ocrx_word' id='word_1_225' title='bbox 2654 653 2857 708; x_wconf 85' lang='lat' dir='ltr'><strong>iudicat</strong></span> <span class='ocrx_word' id='word_1_226' title='bbox 2898 655 3191 724; x_wconf 83' lang='lat' dir='ltr'><strong>explicatio</strong></span> <span class='ocrx_word' id='word_1_227' title='bbox 3238 656 3409 711; x_wconf 86' lang='lat' dir='ltr'><strong>totius</strong></span> 
     </span>
    </p>
   </div>
   <div class='ocr_carea' id='block_1_30' title="bbox 1822 745 3406 817">
    <p class='ocr_par' dir='ltr' id='par_1_30' title="bbox 1822 745 3406 817">
     <span class='ocr_line' id='line_1_30' title="bbox 1822 745 3406 817; baseline 0.004 -20"><span class='ocrx_word' id='word_1_228' title='bbox 1822 745 2041 814; x_wconf 88' lang='lat' dir='ltr'><strong>psalmi,</strong></span> <span class='ocrx_word' id='word_1_229' title='bbox 2070 747 2227 816; x_wconf 88' lang='lat' dir='ltr'><strong>cujus</strong></span> <span class='ocrx_word' id='word_1_230' title='bbox 2247 750 2423 817; x_wconf 86' lang='lat' dir='ltr'><strong>prima</strong></span> <span class='ocrx_word' id='word_1_231' title='bbox 2447 749 2610 801; x_wconf 89' lang='lat' dir='ltr'><strong>verba</strong></span> <span class='ocrx_word' id='word_1_232' title='bbox 2639 757 2799 802; x_wconf 92' lang='lat' dir='ltr'><strong>sunt:</strong></span> <span class='ocrx_word' id='word_1_233' title='bbox 2837 766 2854 797; x_wconf 83' lang='grc' dir='ltr'><strong>ι</strong></span> <span class='ocrx_word' id='word_1_234' title='bbox 2879 746 3040 802; x_wconf 88' lang='lat' dir='ltr'><strong>Pater</strong></span> <span class='ocrx_word' id='word_1_235' title='bbox 3067 749 3200 804; x_wconf 90' lang='lat' dir='ltr'><strong>dicit</strong></span> <span class='ocrx_word' id='word_1_236' title='bbox 3226 752 3406 804; x_wconf 88' lang='lat' dir='ltr'><strong>mani-</strong></span> 
     </span>
    </p>
   </div>
   <div class='ocr_carea' id='block_1_31' title="bbox 1826 835 3011 893">
    <p class='ocr_par' dir='ltr' id='par_1_31' title="bbox 1826 835 3011 893">
     <span class='ocr_line' id='line_1_31' title="bbox 1826 835 3011 893; baseline 0.001 -4"><span class='ocrx_word' id='word_1_237' title='bbox 1826 835 2054 891; x_wconf 86' lang='lat' dir='ltr'><strong>festasse</strong></span> <span class='ocrx_word' id='word_1_238' title='bbox 2082 837 2280 891; x_wconf 91' lang='lat' dir='ltr'><strong>Filium</strong></span> <span class='ocrx_word' id='word_1_239' title='bbox 2311 854 2471 893; x_wconf 91' lang='lat' dir='ltr'><strong>suum</strong></span> <span class='ocrx_word' id='word_1_240' title='bbox 2498 838 2668 893; x_wconf 93' lang='lat' dir='ltr'><strong>Deum</strong></span> <span class='ocrx_word' id='word_1_241' title='bbox 2699 837 2960 893; x_wconf 78' lang='lat' dir='ltr'><strong>Verbum.</strong></span> <span class='ocrx_word' id='word_1_242' title='bbox 2996 858 3011 890; x_wconf 80' lang='grc' dir='ltr'><strong>ι</strong></span> 
     </span>
    </p>
   </div>
   <div class='ocr_carea' id='block_1_32' title="bbox 1895 974 3403 1048">
    <p class='ocr_par' dir='ltr' id='par_1_32' title="bbox 1895 974 3403 1048">
     <span class='ocr_line' id='line_1_32' title="bbox 1895 974 3403 1048; baseline 0.003 -21"><span class='ocrx_word' id='word_1_243' title='bbox 1895 975 1951 1027; x_wconf 94' lang='lat' dir='ltr'><strong>ln</strong></span> <span class='ocrx_word' id='word_1_244' title='bbox 1993 974 2233 1044; x_wconf 81' lang='lat' dir='ltr'><strong>Epistola</strong></span> <span class='ocrx_word' id='word_1_245' title='bbox 2258 976 2430 1042; x_wconf 83' lang='lat' dir='ltr'><strong>prima</strong></span> <span class='ocrx_word' id='word_1_246' title='bbox 2452 975 2520 1028; x_wconf 87' lang='lat' dir='ltr'><strong>ad</strong></span> <span class='ocrx_word' id='word_1_247' title='bbox 2547 976 2907 1045; x_wconf 84' lang='lat' dir='ltr'><strong>Serapionem,</strong></span> <span class='ocrx_word' id='word_1_248' title='bbox 2947 985 2988 1030; x_wconf 94' lang='lat' dir='ltr'><strong>t.</strong></span> <span class='ocrx_word' id='word_1_249' title='bbox 3026 978 3092 1044; x_wconf 89' lang='lat' dir='ltr'><strong>ll,</strong></span> <span class='ocrx_word' id='word_1_250' title='bbox 3122 995 3243 1048; x_wconf 90' lang='lat' dir='ltr'><strong>pag.</strong></span> <span class='ocrx_word' id='word_1_251' title='bbox 3277 980 3403 1043; x_wconf 80' lang='lat'><strong>559,</strong></span> 
     </span>
    </p>
   </div>
   <div class='ocr_carea' id='block_1_33' title="bbox 1832 1066 3403 1139">
    <p class='ocr_par' dir='ltr' id='par_1_33' title="bbox 1832 1066 3403 1139">
     <span class='ocr_line' id='line_1_33' title="bbox 1832 1066 3403 1139; baseline 0.004 -20"><span class='ocrx_word' id='word_1_252' title='bbox 1832 1066 2112 1137; x_wconf 71' lang='lat' dir='ltr'><strong>«Spiritus</strong></span> <span class='ocrx_word' id='word_1_253' title='bbox 2168 1068 2381 1121; x_wconf 91' lang='lat' dir='ltr'><strong>Domini</strong></span> <span class='ocrx_word' id='word_1_254' title='bbox 2437 1070 2754 1123; x_wconf 91' lang='lat' dir='ltr'><strong>universum</strong></span> <span class='ocrx_word' id='word_1_255' title='bbox 2808 1071 2990 1123; x_wconf 90' lang='lat' dir='ltr'><strong>orbem</strong></span> <span class='ocrx_word' id='word_1_256' title='bbox 3045 1071 3289 1139; x_wconf 79' lang='lat' dir='ltr'><strong>replevit.</strong></span> <span class='ocrx_word' id='word_1_257' title='bbox 3328 1070 3403 1125; x_wconf 89' lang='lat' dir='ltr'><strong>Ita</strong></span> 
     </span>
    </p>
   </div>
   <div class='ocr_carea' id='block_1_34' title="bbox 1824 1159 3405 1235">
    <p class='ocr_par' dir='ltr' id='par_1_34' title="bbox 1824 1159 3405 1235">
     <span class='ocr_line' id='line_1_34' title="bbox 1824 1159 3405 1235; baseline 0.004 -23"><span class='ocrx_word' id='word_1_258' title='bbox 1824 1160 1967 1213; x_wconf 89' lang='lat' dir='ltr'><strong>enim</strong></span> <span class='ocrx_word' id='word_1_259' title='bbox 1987 1159 2153 1213; x_wconf 85' lang='lat' dir='ltr'><strong>David</strong></span> <span class='ocrx_word' id='word_1_260' title='bbox 2178 1160 2407 1214; x_wconf 86' lang='lat' dir='ltr'><strong>cecinit:</strong></span> <span class='ocrx_word' id='word_1_261' title='bbox 2440 1181 2456 1212; x_wconf 86' lang='grc' dir='ltr'><strong>ι</strong></span> <span class='ocrx_word' id='word_1_262' title='bbox 2483 1162 2601 1228; x_wconf 86' lang='lat' dir='ltr'><strong>Quo</strong></span> <span class='ocrx_word' id='word_1_263' title='bbox 2620 1162 2708 1214; x_wconf 85' lang='lat' dir='ltr'><strong>ibo</strong></span> <span class='ocrx_word' id='word_1_264' title='bbox 2732 1177 2762 1215; x_wconf 86' lang='lat' dir='ltr'><strong>a</strong></span> <span class='ocrx_word' id='word_1_265' title='bbox 2794 1162 2997 1231; x_wconf 87' lang='lat' dir='ltr'><strong>Spiritu</strong></span> <span class='ocrx_word' id='word_1_266' title='bbox 3032 1165 3162 1216; x_wconf 84' lang='lat' dir='ltr'><strong>tuo?</strong></span> <span class='ocrx_word' id='word_1_267' title='bbox 3187 1184 3203 1215; x_wconf 74' lang='grc' dir='ltr'><strong>ι</strong></span> <span class='ocrx_word' id='word_1_268' title='bbox 3227 1163 3405 1235; x_wconf 76' lang='lat' dir='ltr'><strong>(Psal—</strong></span> 
     </span>
    </p>
   </div>
   <div class='ocr_carea' id='block_1_35' title="bbox 1826 1252 3403 1321">
    <p class='ocr_par' dir='ltr' id='par_1_35' title="bbox 1826 1252 3403 1321">
     <span class='ocr_line' id='line_1_35' title="bbox 1826 1252 3403 1321; baseline 0.004 -17"><span class='ocrx_word' id='word_1_269' title='bbox 1826 1266 1915 1304; x_wconf 85' lang='lat' dir='ltr'><strong>tno</strong></span> <span class='ocrx_word' id='word_1_270' title='bbox 1942 1267 2203 1315; x_wconf 80' lang='lat' dir='ltr'><strong>cxxxvm,</strong></span> <span class='ocrx_word' id='word_1_271' title='bbox 2241 1269 2382 1307; x_wconf 89' lang='lat' dir='ltr'><strong>vers.</strong></span> <span class='ocrx_word' id='word_1_272' title='bbox 2412 1252 2598 1321; x_wconf 72' lang='lat' dir='ltr'><strong>li.)~</strong></span> <span class='ocrx_word' id='word_1_273' title='bbox 2634 1252 2690 1306; x_wconf 91' lang='lat' dir='ltr'><strong>ln</strong></span> <span class='ocrx_word' id='word_1_274' title='bbox 2728 1257 3123 1307; x_wconf 89' lang='lat' dir='ltr'><strong>commentario</strong></span> <span class='ocrx_word' id='word_1_275' title='bbox 3148 1257 3213 1310; x_wconf 92' lang='lat' dir='ltr'><strong>ad</strong></span> <span class='ocrx_word' id='word_1_276' title='bbox 3244 1272 3403 1311; x_wconf 89' lang='lat' dir='ltr'><strong>eum-</strong></span> 
     </span>
    </p>
   </div>
   <div class='ocr_carea' id='block_1_36' title="bbox 1825 1343 3405 1413">
    <p class='ocr_par' dir='ltr' id='par_1_36' title="bbox 1825 1343 3405 1413">
     <span class='ocr_line' id='line_1_36' title="bbox 1825 1343 3405 1413; baseline 0.004 -18"><span class='ocrx_word' id='word_1_277' title='bbox 1825 1343 1947 1396; x_wconf 89' lang='lat' dir='ltr'><strong>dem</strong></span> <span class='ocrx_word' id='word_1_278' title='bbox 1998 1344 2326 1397; x_wconf 89' lang='lat' dir='ltr'><strong>versiculum</strong></span> <span class='ocrx_word' id='word_1_279' title='bbox 2364 1345 2559 1413; x_wconf 87' lang='lat' dir='ltr'><strong>psalmi</strong></span> <span class='ocrx_word' id='word_1_280' title='bbox 2605 1360 2884 1408; x_wconf 79' lang='lat' dir='ltr'><strong>cxxxvm,</strong></span> <span class='ocrx_word' id='word_1_281' title='bbox 2915 1364 2932 1395; x_wconf 77' lang='grc' dir='ltr'><strong>ι</strong></span> <span class='ocrx_word' id='word_1_282' title='bbox 2964 1345 3062 1399; x_wconf 87' lang='lat' dir='ltr'><strong>Ubi</strong></span> <span class='ocrx_word' id='word_1_283' title='bbox 3099 1348 3242 1400; x_wconf 93' lang='lat' dir='ltr'><strong>enim</strong></span> <span class='ocrx_word' id='word_1_284' title='bbox 3278 1349 3405 1403; x_wconf 82' lang='lat' dir='ltr'><strong>abs-</strong></span> 
     </span>
    </p>
   </div>
   <div class='ocr_carea' id='block_1_37' title="bbox 1826 1435 3405 1510">
    <p class='ocr_par' dir='ltr' id='par_1_37' title="bbox 1826 1435 3405 1510">
     <span class='ocr_line' id='line_1_37' title="bbox 1826 1435 3405 1510; baseline 0.006 -23"><span class='ocrx_word' id='word_1_285' title='bbox 1826 1435 2057 1488; x_wconf 88' lang='lat' dir='ltr'><strong>condere</strong></span> <span class='ocrx_word' id='word_1_286' title='bbox 2099 1451 2186 1489; x_wconf 90' lang='lat' dir='ltr'><strong>me</strong></span> <span class='ocrx_word' id='word_1_287' title='bbox 2218 1451 2440 1505; x_wconf 91' lang='lat' dir='ltr'><strong>possum</strong></span> <span class='ocrx_word' id='word_1_288' title='bbox 2486 1452 2515 1490; x_wconf 90' lang='lat' dir='ltr'><strong>a</strong></span> <span class='ocrx_word' id='word_1_289' title='bbox 2548 1446 2740 1492; x_wconf 90' lang='lat' dir='ltr'><strong>sancto</strong></span> <span class='ocrx_word' id='word_1_290' title='bbox 2774 1448 2866 1491; x_wconf 92' lang='lat' dir='ltr'><strong>tuo</strong></span> <span class='ocrx_word' id='word_1_291' title='bbox 2896 1437 3102 1508; x_wconf 90' lang='lat' dir='ltr'><strong>Spiritu</strong></span> <span class='ocrx_word' id='word_1_292' title='bbox 3126 1480 3139 1503; x_wconf 93' lang='lat'><strong>,</strong></span> <span class='ocrx_word' id='word_1_293' title='bbox 3181 1441 3275 1510; x_wconf 91' lang='lat' dir='ltr'><strong>qui</strong></span> <span class='ocrx_word' id='word_1_294' title='bbox 3305 1458 3405 1496; x_wconf 90' lang='lat' dir='ltr'><strong>no-</strong></span> 
     </span>
    </p>
   </div>
   <div class='ocr_carea' id='block_1_38' title="bbox 1827 1525 2209 1579">
    <p class='ocr_par' dir='ltr' id='par_1_38' title="bbox 1827 1525 2209 1579">
     <span class='ocr_line' id='line_1_38' title="bbox 1827 1525 2209 1579; baseline -0.013 0"><span class='ocrx_word' id='word_1_295' title='bbox 1827 1525 1929 1579; x_wconf 88' lang='lat' dir='ltr'><strong>scit</strong></span> <span class='ocrx_word' id='word_1_296' title='bbox 1956 1525 2209 1579; x_wconf 69' lang='lat' dir='ltr'><strong>omnia?»</strong></span> 
     </span>
    </p>
   </div>
   <div class='ocr_carea' id='block_1_39' title="bbox 1897 1666 3405 1737">
    <p class='ocr_par' dir='ltr' id='par_1_39' title="bbox 1897 1666 3405 1737">
     <span class='ocr_line' id='line_1_39' title="bbox 1897 1666 3405 1737; baseline 0.003 -17"><span class='ocrx_word' id='word_1_297' title='bbox 1897 1667 1953 1720; x_wconf 93' lang='lat' dir='ltr'><strong>In</strong></span> <span class='ocrx_word' id='word_1_298' title='bbox 1987 1666 2229 1735; x_wconf 81' lang='lat' dir='ltr'><strong>Epistola</strong></span> <span class='ocrx_word' id='word_1_299' title='bbox 2256 1667 2319 1719; x_wconf 87' lang='lat' dir='ltr'><strong>de</strong></span> <span class='ocrx_word' id='word_1_300' title='bbox 2350 1667 2563 1736; x_wconf 78' lang='lat' dir='ltr'><strong>synodis</strong></span> <span class='ocrx_word' id='word_1_301' title='bbox 2586 1709 2600 1733; x_wconf 90' lang='lat'><strong>,</strong></span> <span class='ocrx_word' id='word_1_302' title='bbox 2634 1683 2758 1737; x_wconf 88' lang='lat' dir='ltr'><strong>pag.</strong></span> <span class='ocrx_word' id='word_1_303' title='bbox 2798 1666 2903 1721; x_wconf 85' lang='lat'><strong>609</strong></span> <span class='ocrx_word' id='word_1_304' title='bbox 2926 1708 2940 1733; x_wconf 92' lang='lat'><strong>,</strong></span> <span class='ocrx_word' id='word_1_305' title='bbox 2988 1685 3005 1717; x_wconf 78' lang='grc' dir='ltr'><strong>ι</strong></span> <span class='ocrx_word' id='word_1_306' title='bbox 3031 1666 3097 1720; x_wconf 86' lang='grc' dir='ltr'>Ει</span> <span class='ocrx_word' id='word_1_307' title='bbox 3136 1668 3204 1723; x_wconf 90' lang='lat' dir='ltr'><strong>de</strong></span> <span class='ocrx_word' id='word_1_308' title='bbox 3244 1668 3405 1724; x_wconf 86' lang='lat' dir='ltr'><strong>Patre</strong></span> 
     </span>
    </p>
   </div>
   <div class='ocr_carea' id='block_1_40' title="bbox 1827 1756 3404 1827">
    <p class='ocr_par' dir='ltr' id='par_1_40' title="bbox 1827 1756 3404 1827">
     <span class='ocr_line' id='line_1_40' title="bbox 1827 1756 3404 1827; baseline 0.003 -17"><span class='ocrx_word' id='word_1_309' title='bbox 1827 1758 2043 1827; x_wconf 88' lang='lat' dir='ltr'><strong>quidem</strong></span> <span class='ocrx_word' id='word_1_310' title='bbox 2093 1758 2355 1825; x_wconf 90' lang='lat' dir='ltr'><strong>scriptum</strong></span> <span class='ocrx_word' id='word_1_311' title='bbox 2411 1765 2522 1811; x_wconf 90' lang='lat' dir='ltr'><strong>est:</strong></span> <span class='ocrx_word' id='word_1_312' title='bbox 2573 1756 2877 1811; x_wconf 72' lang='lat' dir='ltr'><strong>«Dominus</strong></span> <span class='ocrx_word' id='word_1_313' title='bbox 2914 1757 3057 1813; x_wconf 86' lang='lat' dir='ltr'><strong>Deus</strong></span> <span class='ocrx_word' id='word_1_314' title='bbox 3091 1767 3214 1812; x_wconf 90' lang='lat' dir='ltr'><strong>tuus</strong></span> <span class='ocrx_word' id='word_1_315' title='bbox 3261 1777 3404 1815; x_wconf 90' lang='lat' dir='ltr'><strong>unus</strong></span> 
     </span>
    </p>
   </div>
   <div class='ocr_carea' id='block_1_41' title="bbox 1833 1849 3403 1920">
    <p class='ocr_par' dir='ltr' id='par_1_41' title="bbox 1833 1849 3403 1920">
     <span class='ocr_line' id='line_1_41' title="bbox 1833 1849 3403 1920; baseline 0.004 -19"><span class='ocrx_word' id='word_1_316' title='bbox 1833 1870 1851 1901; x_wconf 83' lang='grc'><em>‹</em></span> <span class='ocrx_word' id='word_1_317' title='bbox 1874 1849 2245 1904; x_wconf 90' lang='lat' dir='ltr'><strong>Dominusest.</strong></span> <span class='ocrx_word' id='word_1_318' title='bbox 2262 1869 2277 1900; x_wconf 74' lang='grc' dir='ltr'><strong>ι</strong></span> <span class='ocrx_word' id='word_1_319' title='bbox 2299 1849 2477 1919; x_wconf 82' lang='lat' dir='ltr'><strong>(Deut.</strong></span> <span class='ocrx_word' id='word_1_320' title='bbox 2495 1849 2661 1920; x_wconf 73' lang='lat' dir='ltr'><strong>v1.4.)</strong></span> <span class='ocrx_word' id='word_1_321' title='bbox 2686 1869 2702 1900; x_wconf 78' lang='grc' dir='ltr'><strong>ι</strong></span> <span class='ocrx_word' id='word_1_322' title='bbox 2728 1850 2803 1903; x_wconf 89' lang='lat' dir='ltr'><strong>De</strong></span> <span class='ocrx_word' id='word_1_323' title='bbox 2819 1850 2956 1904; x_wconf 87' lang='lat' dir='ltr'><strong>Filio</strong></span> <span class='ocrx_word' id='word_1_324' title='bbox 2980 1860 3161 1905; x_wconf 91' lang='lat' dir='ltr'><strong>autem</strong></span> <span class='ocrx_word' id='word_1_325' title='bbox 3182 1870 3193 1904; x_wconf 93' lang='lat'>:</span> <span class='ocrx_word' id='word_1_326' title='bbox 3214 1870 3232 1902; x_wconf 77' lang='grc' dir='ltr'><strong>ι</strong></span> <span class='ocrx_word' id='word_1_327' title='bbox 3259 1851 3403 1907; x_wconf 89' lang='lat' dir='ltr'><strong>Deus</strong></span> 
     </span>
    </p>
   </div>
   <div class='ocr_carea' id='block_1_42' title="bbox 1834 1941 3404 2012">
    <p class='ocr_par' dir='ltr' id='par_1_42' title="bbox 1834 1941 3404 2012">
     <span class='ocr_line' id='line_1_42' title="bbox 1834 1941 3404 2012; baseline 0.004 -19"><span class='ocrx_word' id='word_1_328' title='bbox 1834 1960 1852 1993; x_wconf 77' lang='grc' dir='ltr'>σ</span> <span class='ocrx_word' id='word_1_329' title='bbox 1878 1941 2143 1995; x_wconf 91' lang='lat' dir='ltr'><strong>Dominus</strong></span> <span class='ocrx_word' id='word_1_330' title='bbox 2181 1950 2235 1995; x_wconf 90' lang='lat' dir='ltr'><strong>et</strong></span> <span class='ocrx_word' id='word_1_331' title='bbox 2261 1941 2437 1995; x_wconf 79' lang='lat' dir='ltr'><strong>illuxit</strong></span> <span class='ocrx_word' id='word_1_332' title='bbox 2468 1942 2624 1996; x_wconf 91' lang='lat' dir='ltr'><strong>nobis</strong></span> <span class='ocrx_word' id='word_1_333' title='bbox 2645 1942 2817 2012; x_wconf 83' lang='lat' dir='ltr'><strong>(Psal.</strong></span> <span class='ocrx_word' id='word_1_334' title='bbox 2841 1958 3010 2008; x_wconf 83' lang='lat' dir='ltr'><strong>cxvn,</strong></span> <span class='ocrx_word' id='word_1_335' title='bbox 3043 1960 3186 1997; x_wconf 86' lang='lat' dir='ltr'><strong>vers.</strong></span> <span class='ocrx_word' id='word_1_336' title='bbox 3205 1944 3319 2012; x_wconf 74' lang='lat'><strong>52),</strong></span> <span class='ocrx_word' id='word_1_337' title='bbox 3348 1953 3404 2000; x_wconf 85' lang='lat' dir='ltr'><strong>et</strong></span> 
     </span>
    </p>
   </div>
   <div class='ocr_carea' id='block_1_43' title="bbox 1832 2033 3399 2103">
    <p class='ocr_par' dir='ltr' id='par_1_43' title="bbox 1832 2033 3399 2103">
     <span class='ocr_line' id='line_1_43' title="bbox 1832 2033 3399 2103; baseline 0.006 -19"><span class='ocrx_word' id='word_1_338' title='bbox 1832 2052 1850 2084; x_wconf 79' lang='grc' dir='ltr'><strong>ι</strong></span> <span class='ocrx_word' id='word_1_339' title='bbox 1880 2034 2150 2087; x_wconf 88' lang='lat' dir='ltr'><strong>videbitur</strong></span> <span class='ocrx_word' id='word_1_340' title='bbox 2194 2033 2335 2087; x_wconf 87' lang='lat' dir='ltr'><strong>Deus</strong></span> <span class='ocrx_word' id='word_1_341' title='bbox 2366 2034 2591 2087; x_wconf 89' lang='lat' dir='ltr'><strong>deorum</strong></span> <span class='ocrx_word' id='word_1_342' title='bbox 2643 2034 2696 2087; x_wconf 93' lang='lat' dir='ltr'><strong>in</strong></span> <span class='ocrx_word' id='word_1_343' title='bbox 2751 2033 2878 2089; x_wconf 91' lang='lat' dir='ltr'><strong>Sion</strong></span> <span class='ocrx_word' id='word_1_344' title='bbox 2920 2036 3095 2103; x_wconf 81' lang='lat' dir='ltr'><strong>(Psal.</strong></span> <span class='ocrx_word' id='word_1_345' title='bbox 3159 2055 3399 2103; x_wconf 78' lang='lat' dir='ltr'><strong>Lxxxm,</strong></span> 
     </span>
    </p>
   </div>
   <div class='ocr_carea' id='block_1_44' title="bbox 1828 2124 3402 2201">
    <p class='ocr_par' dir='ltr' id='par_1_44' title="bbox 1828 2124 3402 2201">
     <span class='ocr_line' id='line_1_44' title="bbox 1828 2124 3402 2201; baseline 0.003 -21"><span class='ocrx_word' id='word_1_346' title='bbox 1828 2141 1970 2180; x_wconf 86' lang='lat' dir='ltr'><strong>vers.</strong></span> <span class='ocrx_word' id='word_1_347' title='bbox 2024 2124 2134 2193; x_wconf 75' lang='grc'><strong>14).</strong></span> <span class='ocrx_word' id='word_1_348' title='bbox 2174 2144 2192 2177; x_wconf 76' lang='grc' dir='ltr'><strong>ι</strong></span> <span class='ocrx_word' id='word_1_349' title='bbox 2217 2155 2277 2165; x_wconf 85' lang='grc'><strong>-</strong></span> <span class='ocrx_word' id='word_1_350' title='bbox 2314 2124 2370 2177; x_wconf 92' lang='lat' dir='ltr'><strong>ln</strong></span> <span class='ocrx_word' id='word_1_351' title='bbox 2422 2128 2816 2181; x_wconf 83' lang='lat' dir='ltr'><strong>commentario</strong></span> <span class='ocrx_word' id='word_1_352' title='bbox 2842 2129 3091 2182; x_wconf 90' lang='lat' dir='ltr'><strong>similiter</strong></span> <span class='ocrx_word' id='word_1_353' title='bbox 3116 2131 3402 2201; x_wconf 89' lang='lat' dir='ltr'><strong>utriusque</strong></span> 
     </span>
    </p>
   </div>
   <div class='ocr_carea' id='block_1_45' title="bbox 1827 2215 3396 2291">
    <p class='ocr_par' dir='ltr' id='par_1_45' title="bbox 1827 2215 3396 2291">
     <span class='ocr_line' id='line_1_45' title="bbox 1827 2215 3396 2291; baseline 0.003 -20"><span class='ocrx_word' id='word_1_354' title='bbox 1827 2218 2020 2287; x_wconf 91' lang='lat' dir='ltr'><strong>psalmi</strong></span> <span class='ocrx_word' id='word_1_355' title='bbox 2058 2217 2216 2270; x_wconf 80' lang='lat' dir='ltr'><strong>verba</strong></span> <span class='ocrx_word' id='word_1_356' title='bbox 2251 2216 2318 2269; x_wconf 91' lang='lat' dir='ltr'><strong>de</strong></span> <span class='ocrx_word' id='word_1_357' title='bbox 2348 2215 2485 2271; x_wconf 87' lang='lat' dir='ltr'><strong>Filio</strong></span> <span class='ocrx_word' id='word_1_358' title='bbox 2512 2218 2584 2271; x_wconf 90' lang='lat' dir='ltr'><strong>ita</strong></span> <span class='ocrx_word' id='word_1_359' title='bbox 2611 2228 2957 2287; x_wconf 81' lang='lat' dir='ltr'><strong>exponuntur</strong></span> <span class='ocrx_word' id='word_1_360' title='bbox 2991 2219 3162 2288; x_wconf 83' lang='lat' dir='ltr'><strong>(Psal.</strong></span> <span class='ocrx_word' id='word_1_361' title='bbox 3198 2222 3396 2291; x_wconf 78' lang='lat' dir='ltr'><strong>cxvii):</strong></span> 
     </span>
    </p>
   </div>
   <div class='ocr_carea' id='block_1_46' title="bbox 1833 2307 3401 2382">
    <p class='ocr_par' dir='ltr' id='par_1_46' title="bbox 1833 2307 3401 2382">
     <span class='ocr_line' id='line_1_46' title="bbox 1833 2307 3401 2382; baseline 0.004 -23"><span class='ocrx_word' id='word_1_362' title='bbox 1833 2326 1851 2359; x_wconf 77' lang='grc' dir='ltr'><strong>ι</strong></span> <span class='ocrx_word' id='word_1_363' title='bbox 1876 2308 2322 2377; x_wconf 83' lang='lat' dir='ltr'><strong>Quandoquidem</strong></span> <span class='ocrx_word' id='word_1_364' title='bbox 2351 2323 2475 2361; x_wconf 91' lang='lat' dir='ltr'><strong>cum</strong></span> <span class='ocrx_word' id='word_1_365' title='bbox 2504 2307 2649 2364; x_wconf 93' lang='lat' dir='ltr'><strong>Deus</strong></span> <span class='ocrx_word' id='word_1_366' title='bbox 2670 2319 2813 2364; x_wconf 90' lang='lat' dir='ltr'><strong>esset</strong></span> <span class='ocrx_word' id='word_1_367' title='bbox 2838 2308 2999 2364; x_wconf 84' lang='lat' dir='ltr'><strong>Jesus</strong></span> <span class='ocrx_word' id='word_1_368' title='bbox 3024 2310 3286 2367; x_wconf 91' lang='lat' dir='ltr'><strong>Dominus</strong></span> <span class='ocrx_word' id='word_1_369' title='bbox 3305 2328 3401 2382; x_wconf 88' lang='lat' dir='ltr'><strong>ap-</strong></span> 
     </span>
    </p>
   </div>
   <div class='ocr_carea' id='block_1_47' title="bbox 1821 2397 3396 2469">
    <p class='ocr_par' dir='ltr' id='par_1_47' title="bbox 1821 2397 3396 2469">
     <span class='ocr_line' id='line_1_47' title="bbox 1821 2397 3396 2469; baseline 0.003 -17"><span class='ocrx_word' id='word_1_370' title='bbox 1821 2399 2002 2469; x_wconf 89' lang='lat' dir='ltr'><strong>paruit</strong></span> <span class='ocrx_word' id='word_1_371' title='bbox 2024 2398 2076 2451; x_wconf 89' lang='lat' dir='ltr'><strong>in</strong></span> <span class='ocrx_word' id='word_1_372' title='bbox 2102 2408 2265 2451; x_wconf 90' lang='lat' dir='ltr'><strong>terra.</strong></span> <span class='ocrx_word' id='word_1_373' title='bbox 2290 2416 2308 2448; x_wconf 75' lang='grc' dir='ltr'><strong>ι</strong></span> <span class='ocrx_word' id='word_1_374' title='bbox 2345 2397 2410 2451; x_wconf 84' lang='grc' dir='ltr'>Ει</span> <span class='ocrx_word' id='word_1_375' title='bbox 2436 2399 2631 2468; x_wconf 90' lang='lat' dir='ltr'><strong>psalm.</strong></span> <span class='ocrx_word' id='word_1_376' title='bbox 2660 2416 2872 2455; x_wconf 79' lang='lat' dir='ltr'><strong>Lxxxut</strong></span> <span class='ocrx_word' id='word_1_377' title='bbox 2896 2419 2909 2455; x_wconf 89' lang='lat'><strong>:</strong></span> <span class='ocrx_word' id='word_1_378' title='bbox 2934 2420 2952 2452; x_wconf 80' lang='grc' dir='ltr'><strong>ι</strong></span> <span class='ocrx_word' id='word_1_379' title='bbox 2985 2400 3266 2455; x_wconf 85' lang='lat' dir='ltr'><strong>Videbitur</strong></span> <span class='ocrx_word' id='word_1_380' title='bbox 3302 2401 3396 2458; x_wconf 91' lang='lat' dir='ltr'><strong>Dei</strong></span> 
     </span>
    </p>
   </div>
   <div class='ocr_carea' id='block_1_48' title="bbox 1822 2484 3398 2559">
    <p class='ocr_par' dir='ltr' id='par_1_48' title="bbox 1822 2484 3398 2559">
     <span class='ocr_line' id='line_1_48' title="bbox 1822 2484 3398 2559; baseline 0.007 -21"><span class='ocrx_word' id='word_1_381' title='bbox 1822 2484 1997 2540; x_wconf 92' lang='lat' dir='ltr'><strong>Filius</strong></span> <span class='ocrx_word' id='word_1_382' title='bbox 2020 2484 2164 2541; x_wconf 91' lang='lat' dir='ltr'><strong>Deus</strong></span> <span class='ocrx_word' id='word_1_383' title='bbox 2191 2486 2413 2542; x_wconf 90' lang='lat' dir='ltr'><strong>deorum</strong></span> <span class='ocrx_word' id='word_1_384' title='bbox 2444 2528 2460 2554; x_wconf 88' lang='lat'><strong>,</strong></span> <span class='ocrx_word' id='word_1_385' title='bbox 2486 2488 2589 2557; x_wconf 87' lang='lat' dir='ltr'><strong>qui</strong></span> <span class='ocrx_word' id='word_1_386' title='bbox 2617 2489 2751 2544; x_wconf 87' lang='lat' dir='ltr'><strong>tales</strong></span> <span class='ocrx_word' id='word_1_387' title='bbox 2786 2490 2959 2559; x_wconf 84' lang='lat' dir='ltr'><strong>gratia</strong></span> <span class='ocrx_word' id='word_1_388' title='bbox 3005 2499 3172 2558; x_wconf 88' lang='lat' dir='ltr'><strong>sunt,</strong></span> <span class='ocrx_word' id='word_1_389' title='bbox 3212 2493 3266 2546; x_wconf 88' lang='lat' dir='ltr'><strong>in</strong></span> <span class='ocrx_word' id='word_1_390' title='bbox 3298 2494 3398 2549; x_wconf 91' lang='lat' dir='ltr'><strong>ad-</strong></span> 
     </span>
    </p>
   </div>
   <div class='ocr_carea' id='block_1_49' title="bbox 1824 2584 2180 2631">
    <p class='ocr_par' dir='ltr' id='par_1_49' title="bbox 1824 2584 2180 2631">
     <span class='ocr_line' id='line_1_49' title="bbox 1824 2584 2180 2631; baseline -0.006 -2"><span class='ocrx_word' id='word_1_391' title='bbox 1824 2592 1922 2631; x_wconf 88' lang='lat' dir='ltr'><strong>ven</strong></span> <span class='ocrx_word' id='word_1_392' title='bbox 1932 2584 1986 2629; x_wconf 80' lang='grc' dir='ltr'><strong>ιιι</strong></span> <span class='ocrx_word' id='word_1_393' title='bbox 2014 2590 2134 2631; x_wconf 77' lang='grc' dir='ltr'><strong>δυο.</strong></span> <span class='ocrx_word' id='word_1_394' title='bbox 2162 2594 2180 2627; x_wconf 69' lang='grc' dir='ltr'><strong>ι</strong></span> 
     </span>
    </p>
   </div>
   <div class='ocr_carea' id='block_1_50' title="bbox 221 2755 3398 2831">
    <p class='ocr_par' dir='ltr' id='par_1_50' title="bbox 221 2755 3398 2831">
     <span class='ocr_line' id='line_1_50' title="bbox 221 2755 3398 2831; baseline -0.002 -10"><span class='ocrx_word' id='word_1_395' title='bbox 221 2765 459 2823; x_wconf 80' lang='lat' dir='ltr'><strong>Restaret</strong></span> <span class='ocrx_word' id='word_1_396' title='bbox 493 2766 696 2828; x_wconf 89' lang='lat' dir='ltr'><strong>modo,</strong></span> <span class='ocrx_word' id='word_1_397' title='bbox 729 2772 788 2818; x_wconf 93' lang='lat' dir='ltr'><strong>ut</strong></span> <span class='ocrx_word' id='word_1_398' title='bbox 820 2760 1274 2817; x_wconf 78' lang='lat' dir='ltr'><strong>commentarium</strong></span> <span class='ocrx_word' id='word_1_399' title='bbox 1295 2801 1309 2825; x_wconf 92' lang='lat'><strong>,</strong></span> <span class='ocrx_word' id='word_1_400' title='bbox 1346 2774 1443 2815; x_wconf 91' lang='lat' dir='ltr'><strong>seu</strong></span> <span class='ocrx_word' id='word_1_401' title='bbox 1479 2758 1868 2829; x_wconf 89' lang='lat' dir='ltr'><strong>metaphrasim</strong></span> <span class='ocrx_word' id='word_1_402' title='bbox 1898 2767 2140 2812; x_wconf 85' lang='lat' dir='ltr'><strong>nostram</strong></span> <span class='ocrx_word' id='word_1_403' title='bbox 2169 2771 2293 2810; x_wconf 89' lang='lat' dir='ltr'><strong>cum</strong></span> <span class='ocrx_word' id='word_1_404' title='bbox 2334 2755 2575 2818; x_wconf 87' lang='lat' dir='ltr'><strong>Epistola</strong></span> <span class='ocrx_word' id='word_1_405' title='bbox 2599 2758 2666 2809; x_wconf 88' lang='lat' dir='ltr'><strong>ad</strong></span> <span class='ocrx_word' id='word_1_406' title='bbox 2700 2756 3069 2811; x_wconf 83' lang='lat' dir='ltr'><strong>Marcellinum</strong></span> <span class='ocrx_word' id='word_1_407' title='bbox 3112 2775 3398 2831; x_wconf 89' lang='lat' dir='ltr'><strong>compara-</strong></span> 
     </span>
    </p>
   </div>
   <div class='ocr_carea' id='block_1_51' title="bbox 162 2852 3399 2932">
    <p class='ocr_par' dir='ltr' id='par_1_51' title="bbox 162 2852 3399 2932">
     <span class='ocr_line' id='line_1_51' title="bbox 162 2852 3399 2932; baseline -0.002 -13"><span class='ocrx_word' id='word_1_408' title='bbox 162 2881 281 2919; x_wconf 90' lang='lat' dir='ltr'><strong>rem.</strong></span> <span class='ocrx_word' id='word_1_409' title='bbox 306 2864 433 2932; x_wconf 75' lang='lat' dir='ltr'><strong>Quze</strong></span> <span class='ocrx_word' id='word_1_410' title='bbox 458 2863 612 2918; x_wconf 90' lang='lat' dir='ltr'><strong>enim</strong></span> <span class='ocrx_word' id='word_1_411' title='bbox 645 2862 699 2915; x_wconf 89' lang='lat' dir='ltr'><strong>in</strong></span> <span class='ocrx_word' id='word_1_412' title='bbox 729 2875 792 2915; x_wconf 90' lang='lat' dir='ltr'><strong>ea</strong></span> <span class='ocrx_word' id='word_1_413' title='bbox 813 2861 1007 2915; x_wconf 86' lang='lat' dir='ltr'><strong>beatus</strong></span> <span class='ocrx_word' id='word_1_414' title='bbox 1035 2856 1367 2912; x_wconf 87' lang='lat' dir='ltr'><strong>Athanasius</strong></span> <span class='ocrx_word' id='word_1_415' title='bbox 1403 2856 1635 2910; x_wconf 76' lang='lat' dir='ltr'><strong>afﬁrmat</strong></span> <span class='ocrx_word' id='word_1_416' title='bbox 1667 2871 1697 2909; x_wconf 89' lang='lat' dir='ltr'><strong>a</strong></span> <span class='ocrx_word' id='word_1_417' title='bbox 1732 2863 1925 2910; x_wconf 90' lang='lat' dir='ltr'><strong>sancto</strong></span> <span class='ocrx_word' id='word_1_418' title='bbox 1952 2853 2223 2923; x_wconf 87' lang='lat' dir='ltr'><strong>Propheta</strong></span> <span class='ocrx_word' id='word_1_419' title='bbox 2247 2853 2389 2907; x_wconf 90' lang='lat' dir='ltr'><strong>dicta</strong></span> <span class='ocrx_word' id='word_1_420' title='bbox 2418 2852 2588 2909; x_wconf 84' lang='lat' dir='ltr'><strong>fuisse</strong></span> <span class='ocrx_word' id='word_1_421' title='bbox 2622 2854 2676 2908; x_wconf 89' lang='lat' dir='ltr'><strong>in</strong></span> <span class='ocrx_word' id='word_1_422' title='bbox 2714 2856 2945 2912; x_wconf 83' lang='lat' dir='ltr'><strong>Psalmis</strong></span> <span class='ocrx_word' id='word_1_423' title='bbox 2989 2858 3055 2911; x_wconf 89' lang='lat' dir='ltr'><strong>de</strong></span> <span class='ocrx_word' id='word_1_424' title='bbox 3100 2856 3399 2914; x_wconf 87' lang='lat' dir='ltr'><strong>Salvatoris</strong></span> 
     </span>
    </p>
   </div>
   <div class='ocr_carea' id='block_1_52' title="bbox 162 2948 3400 3027">
    <p class='ocr_par' dir='ltr' id='par_1_52' title="bbox 162 2948 3400 3027">
     <span class='ocr_line' id='line_1_52' title="bbox 162 2948 3400 3027; baseline 0.001 -18"><span class='ocrx_word' id='word_1_425' title='bbox 162 2958 372 3010; x_wconf 86' lang='lat' dir='ltr'><strong>adventu</strong></span> <span class='ocrx_word' id='word_1_426' title='bbox 394 2996 407 3019; x_wconf 89' lang='lat'><strong>,</strong></span> <span class='ocrx_word' id='word_1_427' title='bbox 442 2965 496 3009; x_wconf 92' lang='lat' dir='ltr'><strong>et</strong></span> <span class='ocrx_word' id='word_1_428' title='bbox 536 2955 604 3008; x_wconf 88' lang='lat' dir='ltr'><strong>de</strong></span> <span class='ocrx_word' id='word_1_429' title='bbox 631 2954 751 3023; x_wconf 89' lang='lat' dir='ltr'><strong>ejus</strong></span> <span class='ocrx_word' id='word_1_430' title='bbox 773 2962 976 3008; x_wconf 61' lang='lat' dir='ltr'><strong>interna</strong></span> <span class='ocrx_word' id='word_1_431' title='bbox 1002 2954 1351 3024; x_wconf 90' lang='lat' dir='ltr'><strong>generatione</strong></span> <span class='ocrx_word' id='word_1_432' title='bbox 1378 2968 1409 3005; x_wconf 91' lang='lat' dir='ltr'><strong>a</strong></span> <span class='ocrx_word' id='word_1_433' title='bbox 1437 2951 1629 3020; x_wconf 88' lang='lat' dir='ltr'><strong>Patre,</strong></span> <span class='ocrx_word' id='word_1_434' title='bbox 1664 2966 1900 3021; x_wconf 88' lang='lat' dir='ltr'><strong>eumque</strong></span> <span class='ocrx_word' id='word_1_435' title='bbox 1929 2949 2108 3005; x_wconf 89' lang='lat' dir='ltr'><strong>Patris</strong></span> <span class='ocrx_word' id='word_1_436' title='bbox 2138 2948 2374 3004; x_wconf 89' lang='lat' dir='ltr'><strong>Verbum</strong></span> <span class='ocrx_word' id='word_1_437' title='bbox 2408 2966 2528 3006; x_wconf 89' lang='lat' dir='ltr'><strong>esse</strong></span> <span class='ocrx_word' id='word_1_438' title='bbox 2548 2991 2563 3016; x_wconf 91' lang='lat'><strong>,</strong></span> <span class='ocrx_word' id='word_1_439' title='bbox 2589 2960 2644 3007; x_wconf 91' lang='lat' dir='ltr'><strong>et</strong></span> <span class='ocrx_word' id='word_1_440' title='bbox 2674 2952 3008 3023; x_wconf 87' lang='lat' dir='ltr'><strong>Sapientiam</strong></span> <span class='ocrx_word' id='word_1_441' title='bbox 3040 2954 3092 3026; x_wconf 84' lang='lat'><strong>(§</strong></span> <span class='ocrx_word' id='word_1_442' title='bbox 3136 2956 3229 3026; x_wconf 86' lang='lat'><strong>5);</strong></span> <span class='ocrx_word' id='word_1_443' title='bbox 3277 2973 3400 3027; x_wconf 72' lang='lat' dir='ltr'><strong>quae</strong></span> 
     </span>
    </p>
   </div>
   <div class='ocr_carea' id='block_1_53' title="bbox 160 3047 3398 3122">
    <p class='ocr_par' dir='ltr' id='par_1_53' title="bbox 160 3047 3398 3122">
     <span class='ocr_line' id='line_1_53' title="bbox 160 3047 3398 3122; baseline 0.001 -17"><span class='ocrx_word' id='word_1_444' title='bbox 160 3052 218 3106; x_wconf 90' lang='lat' dir='ltr'><strong>de</strong></span> <span class='ocrx_word' id='word_1_445' title='bbox 235 3051 419 3107; x_wconf 80' lang='lat' dir='ltr'><strong>Messia</strong></span> <span class='ocrx_word' id='word_1_446' title='bbox 451 3052 686 3121; x_wconf 89' lang='lat' dir='ltr'><strong>ejusque</strong></span> <span class='ocrx_word' id='word_1_447' title='bbox 713 3058 917 3106; x_wconf 76' lang='lat' dir='ltr'><strong>aeterno</strong></span> <span class='ocrx_word' id='word_1_448' title='bbox 944 3065 1112 3121; x_wconf 87' lang='lat' dir='ltr'><strong>regno</strong></span> <span class='ocrx_word' id='word_1_449' title='bbox 1139 3050 1188 3122; x_wconf 59' lang='grc' dir='ltr'>(ᾗ</span> <span class='ocrx_word' id='word_1_450' title='bbox 1213 3050 1302 3119; x_wconf 86' lang='lat'><strong>6),</strong></span> <span class='ocrx_word' id='word_1_451' title='bbox 1338 3049 1405 3104; x_wconf 89' lang='lat' dir='ltr'><strong>de</strong></span> <span class='ocrx_word' id='word_1_452' title='bbox 1435 3048 1749 3103; x_wconf 80' lang='lat' dir='ltr'><strong>Judaeorum</strong></span> <span class='ocrx_word' id='word_1_453' title='bbox 1777 3047 1993 3104; x_wconf 91' lang='lat' dir='ltr'><strong>insidiis</strong></span> <span class='ocrx_word' id='word_1_454' title='bbox 2014 3092 2028 3115; x_wconf 91' lang='lat'><strong>,</strong></span> <span class='ocrx_word' id='word_1_455' title='bbox 2056 3048 2347 3117; x_wconf 87' lang='lat' dir='ltr'><strong>pravisque</strong></span> <span class='ocrx_word' id='word_1_456' title='bbox 2372 3049 2615 3103; x_wconf 90' lang='lat' dir='ltr'><strong>consiliis</strong></span> <span class='ocrx_word' id='word_1_457' title='bbox 2657 3051 2917 3104; x_wconf 89' lang='lat' dir='ltr'><strong>adversus</strong></span> <span class='ocrx_word' id='word_1_458' title='bbox 2949 3053 3199 3107; x_wconf 86' lang='lat' dir='ltr'><strong>eumdem</strong></span> <span class='ocrx_word' id='word_1_459' title='bbox 3236 3053 3398 3109; x_wconf 87' lang='lat' dir='ltr'><strong>Chri-</strong></span> 
     </span>
    </p>
   </div>
   <div class='ocr_carea' id='block_1_54' title="bbox 160 3138 3398 3212">
    <p class='ocr_par' dir='ltr' id='par_1_54' title="bbox 160 3138 3398 3212">
     <span class='ocr_line' id='line_1_54' title="bbox 160 3138 3398 3212; baseline 0 -15"><span class='ocrx_word' id='word_1_460' title='bbox 160 3152 288 3197; x_wconf 82' lang='lat' dir='ltr'><strong>stum</strong></span> <span class='ocrx_word' id='word_1_461' title='bbox 316 3141 642 3209; x_wconf 92' lang='lat' dir='ltr'><strong>Dominum,</strong></span> <span class='ocrx_word' id='word_1_462' title='bbox 676 3142 849 3212; x_wconf 91' lang='lat' dir='ltr'><strong>deque</strong></span> <span class='ocrx_word' id='word_1_463' title='bbox 871 3141 990 3211; x_wconf 83' lang='lat' dir='ltr'><strong>ejus</strong></span> <span class='ocrx_word' id='word_1_464' title='bbox 1026 3142 1380 3197; x_wconf 88' lang='lat' dir='ltr'><strong>acerbissima</strong></span> <span class='ocrx_word' id='word_1_465' title='bbox 1416 3140 1673 3209; x_wconf 90' lang='lat' dir='ltr'><strong>passione</strong></span> <span class='ocrx_word' id='word_1_466' title='bbox 1701 3138 1754 3208; x_wconf 86' lang='lat'><strong>(§</strong></span> <span class='ocrx_word' id='word_1_467' title='bbox 1785 3139 1836 3210; x_wconf 90' lang='lat'><strong>7)</strong></span> <span class='ocrx_word' id='word_1_468' title='bbox 1864 3160 1876 3194; x_wconf 87' lang='lat'><strong>:</strong></span> <span class='ocrx_word' id='word_1_469' title='bbox 1910 3140 2037 3193; x_wconf 90' lang='lat' dir='ltr'><strong>item</strong></span> <span class='ocrx_word' id='word_1_470' title='bbox 2069 3139 2135 3193; x_wconf 89' lang='lat' dir='ltr'><strong>de</strong></span> <span class='ocrx_word' id='word_1_471' title='bbox 2174 3138 2408 3208; x_wconf 89' lang='lat' dir='ltr'><strong>gloriosa</strong></span> <span class='ocrx_word' id='word_1_472' title='bbox 2438 3140 2680 3209; x_wconf 85' lang='lat' dir='ltr'><strong>ejusdem</strong></span> <span class='ocrx_word' id='word_1_473' title='bbox 2717 3140 2772 3193; x_wconf 88' lang='lat' dir='ltr'><strong>in</strong></span> <span class='ocrx_word' id='word_1_474' title='bbox 2807 3141 3004 3196; x_wconf 64' lang='lat' dir='ltr'><strong>caelum</strong></span> <span class='ocrx_word' id='word_1_475' title='bbox 3044 3144 3398 3210; x_wconf 87' lang='lat' dir='ltr'><strong>ascensione,</strong></span> 
     </span>
    </p>
   </div>
   <div class='ocr_carea' id='block_1_55' title="bbox 161 3230 3401 3306">
    <p class='ocr_par' dir='ltr' id='par_1_55' title="bbox 161 3230 3401 3306">
     <span class='ocr_line' id='line_1_55' title="bbox 161 3230 3401 3306; baseline 0 -16"><span class='ocrx_word' id='word_1_476' title='bbox 161 3247 261 3291; x_wconf 88' lang='lat' dir='ltr'><strong>tum</strong></span> <span class='ocrx_word' id='word_1_477' title='bbox 289 3240 446 3294; x_wconf 85' lang='lat' dir='ltr'><strong>etiam</strong></span> <span class='ocrx_word' id='word_1_478' title='bbox 471 3237 724 3295; x_wconf 87' lang='lat' dir='ltr'><strong>sessione</strong></span> <span class='ocrx_word' id='word_1_479' title='bbox 747 3235 813 3289; x_wconf 90' lang='lat' dir='ltr'><strong>ad</strong></span> <span class='ocrx_word' id='word_1_480' title='bbox 842 3236 1120 3291; x_wconf 83' lang='lat' dir='ltr'><strong>dexteram</strong></span> <span class='ocrx_word' id='word_1_481' title='bbox 1158 3235 1353 3303; x_wconf 88' lang='lat' dir='ltr'><strong>Patris,</strong></span> <span class='ocrx_word' id='word_1_482' title='bbox 1386 3237 1451 3291; x_wconf 90' lang='lat' dir='ltr'><strong>de</strong></span> <span class='ocrx_word' id='word_1_483' title='bbox 1486 3235 1661 3306; x_wconf 67' lang='lat' dir='ltr'><strong>poenis</strong></span> <span class='ocrx_word' id='word_1_484' title='bbox 1684 3250 1747 3289; x_wconf 89' lang='lat' dir='ltr'><strong>ac</strong></span> <span class='ocrx_word' id='word_1_485' title='bbox 1771 3233 2052 3304; x_wconf 89' lang='lat' dir='ltr'><strong>punitione</strong></span> <span class='ocrx_word' id='word_1_486' title='bbox 2082 3231 2284 3286; x_wconf 90' lang='lat' dir='ltr'><strong>diaboli</strong></span> <span class='ocrx_word' id='word_1_487' title='bbox 2317 3230 2370 3302; x_wconf 83' lang='lat'><strong>(§</strong></span> <span class='ocrx_word' id='word_1_488' title='bbox 2402 3231 2485 3301; x_wconf 90' lang='lat'><strong>8):</strong></span> <span class='ocrx_word' id='word_1_489' title='bbox 2517 3232 2735 3286; x_wconf 91' lang='lat' dir='ltr'><strong>demum</strong></span> <span class='ocrx_word' id='word_1_490' title='bbox 2762 3233 2827 3287; x_wconf 91' lang='lat' dir='ltr'><strong>de</strong></span> <span class='ocrx_word' id='word_1_491' title='bbox 2860 3232 3045 3287; x_wconf 84' lang='lat' dir='ltr'><strong>futuro</strong></span> <span class='ocrx_word' id='word_1_492' title='bbox 3067 3235 3296 3304; x_wconf 90' lang='lat' dir='ltr'><strong>judicio,</strong></span> <span class='ocrx_word' id='word_1_493' title='bbox 3332 3237 3401 3293; x_wconf 89' lang='lat' dir='ltr'><strong>de</strong></span> 
     </span>
    </p>
   </div>
   <div class='ocr_carea' id='block_1_56' title="bbox 161 3324 3397 3395">
    <p class='ocr_par' dir='ltr' id='par_1_56' title="bbox 161 3324 3397 3395">
     <span class='ocr_line' id='line_1_56' title="bbox 161 3324 3397 3395; baseline 0.002 -16"><span class='ocrx_word' id='word_1_494' title='bbox 161 3330 423 3385; x_wconf 82' lang='lat' dir='ltr'><strong>vocatione</strong></span> <span class='ocrx_word' id='word_1_495' title='bbox 452 3327 705 3383; x_wconf 89' lang='lat' dir='ltr'><strong>omnium</strong></span> <span class='ocrx_word' id='word_1_496' title='bbox 732 3325 969 3395; x_wconf 89' lang='lat' dir='ltr'><strong>gentium</strong></span> <span class='ocrx_word' id='word_1_497' title='bbox 991 3367 1005 3390; x_wconf 95' lang='lat'><strong>,</strong></span> <span class='ocrx_word' id='word_1_498' title='bbox 1035 3336 1090 3380; x_wconf 93' lang='lat' dir='ltr'><strong>et</strong></span> <span class='ocrx_word' id='word_1_499' title='bbox 1115 3326 1167 3379; x_wconf 92' lang='lat' dir='ltr'><strong>in</strong></span> <span class='ocrx_word' id='word_1_500' title='bbox 1190 3326 1295 3380; x_wconf 83' lang='lat' dir='ltr'><strong>[ine</strong></span> <span class='ocrx_word' id='word_1_501' title='bbox 1329 3326 1489 3379; x_wconf 90' lang='lat' dir='ltr'><strong>etiam</strong></span> <span class='ocrx_word' id='word_1_502' title='bbox 1514 3326 1753 3395; x_wconf 90' lang='lat' dir='ltr'><strong>ipsorum</strong></span> <span class='ocrx_word' id='word_1_503' title='bbox 1774 3324 2120 3378; x_wconf 82' lang='lat' dir='ltr'><strong>Judaeorum:</strong></span> <span class='ocrx_word' id='word_1_504' title='bbox 2163 3324 2277 3377; x_wconf 73' lang='lat' dir='ltr'><strong>haec</strong></span> <span class='ocrx_word' id='word_1_505' title='bbox 2305 3339 2524 3393; x_wconf 92' lang='lat' dir='ltr'><strong>quoque</strong></span> <span class='ocrx_word' id='word_1_506' title='bbox 2553 3325 2605 3378; x_wconf 91' lang='lat' dir='ltr'><strong>in</strong></span> <span class='ocrx_word' id='word_1_507' title='bbox 2638 3334 2828 3380; x_wconf 88' lang='lat' dir='ltr'><strong>nostro</strong></span> <span class='ocrx_word' id='word_1_508' title='bbox 2850 3333 3248 3385; x_wconf 89' lang='lat' dir='ltr'><strong>commentario</strong></span> <span class='ocrx_word' id='word_1_509' title='bbox 3274 3348 3397 3387; x_wconf 93' lang='lat' dir='ltr'><strong>cum</strong></span> 
     </span>
    </p>
   </div>
   <div class='ocr_carea' id='block_1_57' title="bbox 162 3414 3399 3487">
    <p class='ocr_par' dir='ltr' id='par_1_57' title="bbox 162 3414 3399 3487">
     <span class='ocr_line' id='line_1_57' title="bbox 162 3414 3399 3487; baseline 0.001 -14"><span class='ocrx_word' id='word_1_510' title='bbox 162 3418 211 3473; x_wconf 87' lang='lat' dir='ltr'><strong>in</strong></span> <span class='ocrx_word' id='word_1_511' title='bbox 238 3422 476 3477; x_wconf 91' lang='lat' dir='ltr'><strong>eumdem</strong></span> <span class='ocrx_word' id='word_1_512' title='bbox 507 3434 732 3476; x_wconf 86' lang='lat' dir='ltr'><strong>sensum</strong></span> <span class='ocrx_word' id='word_1_513' title='bbox 763 3416 1009 3487; x_wconf 80' lang='lat' dir='ltr'><strong>exposita</strong></span> <span class='ocrx_word' id='word_1_514' title='bbox 1040 3414 1308 3483; x_wconf 88' lang='lat' dir='ltr'><strong>legantur,</strong></span> <span class='ocrx_word' id='word_1_515' title='bbox 1343 3414 1468 3469; x_wconf 90' lang='lat' dir='ltr'><strong>inde</strong></span> <span class='ocrx_word' id='word_1_516' title='bbox 1492 3415 1667 3485; x_wconf 83' lang='lat' dir='ltr'><strong>magis</strong></span> <span class='ocrx_word' id='word_1_517' title='bbox 1697 3414 1979 3483; x_wconf 87' lang='lat' dir='ltr'><strong>magisque</strong></span> <span class='ocrx_word' id='word_1_518' title='bbox 2002 3414 2412 3482; x_wconf 89' lang='lat' dir='ltr'><strong>comprobatur,</strong></span> <span class='ocrx_word' id='word_1_519' title='bbox 2438 3414 2690 3469; x_wconf 88' lang='lat' dir='ltr'><strong>eumdem</strong></span> <span class='ocrx_word' id='word_1_520' title='bbox 2713 3415 3075 3471; x_wconf 87' lang='lat' dir='ltr'><strong>Athanasium</strong></span> <span class='ocrx_word' id='word_1_521' title='bbox 3113 3436 3399 3476; x_wconf 86' lang='lat' dir='ltr'><strong>commen-</strong></span> 
     </span>
    </p>
   </div>
   <div class='ocr_carea' id='block_1_58' title="bbox 162 3507 3401 3581">
    <p class='ocr_par' dir='ltr' id='par_1_58' title="bbox 162 3507 3401 3581">
     <span class='ocr_line' id='line_1_58' title="bbox 162 3507 3401 3581; baseline 0.006 -26"><span class='ocrx_word' id='word_1_522' title='bbox 162 3516 489 3578; x_wconf 66' lang='grc' dir='ltr'><strong>ωι-ίίηοειιεί,</strong></span> <span class='ocrx_word' id='word_1_523' title='bbox 531 3529 625 3569; x_wconf 85' lang='lat' dir='ltr'><strong>seu</strong></span> <span class='ocrx_word' id='word_1_524' title='bbox 658 3511 1020 3581; x_wconf 89' lang='lat' dir='ltr'><strong>metaphrasis</strong></span> <span class='ocrx_word' id='word_1_525' title='bbox 1042 3518 1320 3562; x_wconf 89' lang='lat' dir='ltr'><strong>auctorem</strong></span> <span class='ocrx_word' id='word_1_526' title='bbox 1350 3508 1544 3575; x_wconf 86' lang='lat' dir='ltr'><strong>fuisse,</strong></span> <span class='ocrx_word' id='word_1_527' title='bbox 1574 3524 1728 3578; x_wconf 66' lang='lat' dir='ltr'><strong>teque</strong></span> <span class='ocrx_word' id='word_1_528' title='bbox 1760 3525 1824 3563; x_wconf 87' lang='lat' dir='ltr'><strong>ac</strong></span> <span class='ocrx_word' id='word_1_529' title='bbox 1850 3508 2105 3577; x_wconf 72' lang='lat' dir='ltr'><strong>Epistola:</strong></span> <span class='ocrx_word' id='word_1_530' title='bbox 2134 3508 2201 3560; x_wconf 88' lang='lat' dir='ltr'><strong>ad</strong></span> <span class='ocrx_word' id='word_1_531' title='bbox 2226 3507 2595 3562; x_wconf 85' lang='lat' dir='ltr'><strong>Marcellinum</strong></span> <span class='ocrx_word' id='word_1_532' title='bbox 2616 3552 2629 3573; x_wconf 92' lang='lat'><strong>,</strong></span> <span class='ocrx_word' id='word_1_533' title='bbox 2662 3527 2825 3580; x_wconf 90' lang='lat' dir='ltr'><strong>quam</strong></span> <span class='ocrx_word' id='word_1_534' title='bbox 2859 3513 2917 3568; x_wconf 87' lang='lat' dir='ltr'><strong>S.</strong></span> <span class='ocrx_word' id='word_1_535' title='bbox 2958 3516 3243 3571; x_wconf 80' lang='lat' dir='ltr'><strong>Athanasii</strong></span> <span class='ocrx_word' id='word_1_536' title='bbox 3278 3534 3401 3574; x_wconf 86' lang='lat' dir='ltr'><strong>esse</strong></span> 
     </span>
    </p>
   </div>
   <div class='ocr_carea' id='block_1_59' title="bbox 164 3597 3400 3679">
    <p class='ocr_par' dir='ltr' id='par_1_59' title="bbox 164 3597 3400 3679">
     <span class='ocr_line' id='line_1_59' title="bbox 164 3597 3400 3679; baseline 0.003 -19"><span class='ocrx_word' id='word_1_537' title='bbox 164 3619 303 3667; x_wconf 81' lang='lat' dir='ltr'><strong>nemo</strong></span> <span class='ocrx_word' id='word_1_538' title='bbox 325 3605 572 3670; x_wconf 87' lang='lat' dir='ltr'><strong>dubitat,</strong></span> <span class='ocrx_word' id='word_1_539' title='bbox 603 3606 832 3672; x_wconf 87' lang='lat' dir='ltr'><strong>eamque</strong></span> <span class='ocrx_word' id='word_1_540' title='bbox 862 3610 1113 3654; x_wconf 91' lang='lat' dir='ltr'><strong>sanctum</strong></span> <span class='ocrx_word' id='word_1_541' title='bbox 1147 3600 1430 3653; x_wconf 84' lang='lat' dir='ltr'><strong>Ductorem</strong></span> <span class='ocrx_word' id='word_1_542' title='bbox 1462 3599 1612 3668; x_wconf 91' lang='lat' dir='ltr'><strong>operi</strong></span> <span class='ocrx_word' id='word_1_543' title='bbox 1642 3614 1743 3653; x_wconf 89' lang='lat' dir='ltr'><strong>suo</strong></span> <span class='ocrx_word' id='word_1_544' title='bbox 1769 3599 1842 3652; x_wconf 87' lang='lat' dir='ltr'><strong>De</strong></span> <span class='ocrx_word' id='word_1_545' title='bbox 1870 3600 2042 3653; x_wconf 83' lang='lat' dir='ltr'><strong>titulis</strong></span> <span class='ocrx_word' id='word_1_546' title='bbox 2079 3597 2421 3652; x_wconf 74' lang='lat' dir='ltr'><strong>Paulinorum</strong></span> <span class='ocrx_word' id='word_1_547' title='bbox 2462 3604 2701 3672; x_wconf 70' lang='lat' dir='ltr'><strong>prmponi</strong></span> <span class='ocrx_word' id='word_1_548' title='bbox 2750 3607 3025 3675; x_wconf 87' lang='lat' dir='ltr'><strong>voluisse,</strong></span> <span class='ocrx_word' id='word_1_549' title='bbox 3065 3613 3400 3679; x_wconf 87' lang='lat' dir='ltr'><strong>posteritatis</strong></span> 
     </span>
    </p>
   </div>
   <div class='ocr_carea' id='block_1_60' title="bbox 164 3691 3397 3765">
    <p class='ocr_par' dir='ltr' id='par_1_60' title="bbox 164 3691 3397 3765">
     <span class='ocr_line' id='line_1_60' title="bbox 164 3691 3397 3765; baseline 0.004 -16"><span class='ocrx_word' id='word_1_550' title='bbox 164 3698 415 3752; x_wconf 67' lang='lat' dir='ltr'><strong>memoria:</strong></span> <span class='ocrx_word' id='word_1_551' title='bbox 438 3695 703 3752; x_wconf 89' lang='lat' dir='ltr'><strong>traditum</strong></span> <span class='ocrx_word' id='word_1_552' title='bbox 735 3702 838 3749; x_wconf 91' lang='lat' dir='ltr'><strong>est.</strong></span> <span class='ocrx_word' id='word_1_553' title='bbox 873 3691 1000 3756; x_wconf 88' lang='lat' dir='ltr'><strong>Sed,</strong></span> <span class='ocrx_word' id='word_1_554' title='bbox 1027 3693 1286 3760; x_wconf 91' lang='lat' dir='ltr'><strong>quoniam</strong></span> <span class='ocrx_word' id='word_1_555' title='bbox 1314 3708 1400 3747; x_wconf 91' lang='lat' dir='ltr'><strong>res</strong></span> <span class='ocrx_word' id='word_1_556' title='bbox 1432 3692 1649 3761; x_wconf 88' lang='lat' dir='ltr'><strong>longius</strong></span> <span class='ocrx_word' id='word_1_557' title='bbox 1691 3691 2008 3760; x_wconf 84' lang='lat' dir='ltr'><strong>procederet</strong></span> <span class='ocrx_word' id='word_1_558' title='bbox 2048 3707 2212 3760; x_wconf 88' lang='lat' dir='ltr'><strong>quam</strong></span> <span class='ocrx_word' id='word_1_559' title='bbox 2247 3702 2494 3761; x_wconf 89' lang='lat' dir='ltr'><strong>oportet,</strong></span> <span class='ocrx_word' id='word_1_560' title='bbox 2526 3705 2580 3748; x_wconf 83' lang='lat' dir='ltr'><strong>et</strong></span> <span class='ocrx_word' id='word_1_561' title='bbox 2613 3697 2897 3765; x_wconf 88' lang='lat' dir='ltr'><strong>epistolam</strong></span> <span class='ocrx_word' id='word_1_562' title='bbox 2935 3704 3269 3759; x_wconf 88' lang='lat' dir='ltr'><strong>sanctissimi</strong></span> <span class='ocrx_word' id='word_1_563' title='bbox 3307 3723 3397 3761; x_wconf 90' lang='lat' dir='ltr'><strong>ar-</strong></span> 
     </span>
    </p>
   </div>
   <div class='ocr_carea' id='block_1_61' title="bbox 162 3785 2223 3861">
    <p class='ocr_par' dir='ltr' id='par_1_61' title="bbox 162 3785 2223 3861">
     <span class='ocr_line' id='line_1_61' title="bbox 162 3785 2223 3861; baseline -0 -20"><span class='ocrx_word' id='word_1_564' title='bbox 162 3788 467 3861; x_wconf 89' lang='lat' dir='ltr'><strong>chiepiscopi</strong></span> <span class='ocrx_word' id='word_1_565' title='bbox 494 3791 765 3860; x_wconf 88' lang='lat' dir='ltr'><strong>integram</strong></span> <span class='ocrx_word' id='word_1_566' title='bbox 784 3786 1027 3849; x_wconf 80' lang='lat' dir='ltr'><strong>exhibui,</strong></span> <span class='ocrx_word' id='word_1_567' title='bbox 1056 3786 1108 3840; x_wconf 90' lang='lat' dir='ltr'><strong>id</strong></span> <span class='ocrx_word' id='word_1_568' title='bbox 1134 3787 1381 3841; x_wconf 91' lang='lat' dir='ltr'><strong>studioso</strong></span> <span class='ocrx_word' id='word_1_569' title='bbox 1407 3786 1592 3840; x_wconf 90' lang='lat' dir='ltr'><strong>lectori</strong></span> <span class='ocrx_word' id='word_1_570' title='bbox 1620 3785 1924 3841; x_wconf 87' lang='lat' dir='ltr'><strong>faciendum</strong></span> <span class='ocrx_word' id='word_1_571' title='bbox 1954 3786 2223 3855; x_wconf 90' lang='lat' dir='ltr'><strong>relinquo.</strong></span> 
     </span>
    </p>
   </div>
   <div class='ocr_carea' id='block_1_62' title="bbox 220 3866 3397 3960">
    <p class='ocr_par' dir='ltr' id='par_1_62' title="bbox 220 3866 3397 3960">
     <span class='ocr_line' id='line_1_62' title="bbox 220 3866 3397 3960; baseline 0.005 -29"><span class='ocrx_word' id='word_1_572' title='bbox 220 3879 447 3935; x_wconf 65' lang='grc' dir='ltr'><strong>ΧΧΧιᾰ.</strong></span> <span class='ocrx_word' id='word_1_573' title='bbox 472 3880 712 3944; x_wconf 87' lang='lat' dir='ltr'><strong>Etenim,</strong></span> <span class='ocrx_word' id='word_1_574' title='bbox 741 3893 809 3932; x_wconf 89' lang='lat' dir='ltr'><strong>ne</strong></span> <span class='ocrx_word' id='word_1_575' title='bbox 836 3876 1030 3946; x_wconf 92' lang='lat' dir='ltr'><strong>majori</strong></span> <span class='ocrx_word' id='word_1_576' title='bbox 1056 3877 1213 3931; x_wconf 65' lang='lat' dir='ltr'><strong>taedio</strong></span> <span class='ocrx_word' id='word_1_577' title='bbox 1235 3877 1498 3945; x_wconf 84' lang='lat' dir='ltr'><strong>legentem</strong></span> <span class='ocrx_word' id='word_1_578' title='bbox 1530 3877 1781 3942; x_wconf 82' lang='lat' dir='ltr'><strong>alliciam,</strong></span> <span class='ocrx_word' id='word_1_579' title='bbox 1813 3876 1878 3930; x_wconf 90' lang='lat' dir='ltr'><strong>ad</strong></span> <span class='ocrx_word' id='word_1_580' title='bbox 1909 3876 2068 3929; x_wconf 85' lang='lat' dir='ltr'><strong>ﬁnem</strong></span> <span class='ocrx_word' id='word_1_581' title='bbox 2102 3866 2317 3930; x_wconf 80' lang='lat' dir='ltr'><strong>dicendi</strong></span> <span class='ocrx_word' id='word_1_582' title='bbox 2340 3893 2600 3947; x_wconf 87' lang='lat' dir='ltr'><strong>propero;</strong></span> <span class='ocrx_word' id='word_1_583' title='bbox 2633 3882 2726 3935; x_wconf 91' lang='lat' dir='ltr'><strong>sed</strong></span> <span class='ocrx_word' id='word_1_584' title='bbox 2751 3883 3070 3954; x_wconf 88' lang='lat' dir='ltr'><strong>priusquam</strong></span> <span class='ocrx_word' id='word_1_585' title='bbox 3102 3888 3153 3943; x_wconf 87' lang='lat' dir='ltr'><strong>id</strong></span> <span class='ocrx_word' id='word_1_586' title='bbox 3177 3888 3397 3960; x_wconf 79' lang='lat' dir='ltr'><strong>faciam,</strong></span> 
     </span>
    </p>
   </div>
   <div class='ocr_carea' id='block_1_63' title="bbox 163 3971 3398 4051">
    <p class='ocr_par' dir='ltr' id='par_1_63' title="bbox 163 3971 3398 4051">
     <span class='ocr_line' id='line_1_63' title="bbox 163 3971 3398 4051; baseline 0.006 -28"><span class='ocrx_word' id='word_1_587' title='bbox 163 3979 206 4025; x_wconf 90' lang='lat' dir='ltr'><strong>et</strong></span> <span class='ocrx_word' id='word_1_588' title='bbox 235 3973 532 4031; x_wconf 87' lang='lat' dir='ltr'><strong>institutum</strong></span> <span class='ocrx_word' id='word_1_589' title='bbox 560 3989 869 4030; x_wconf 86' lang='lat' dir='ltr'><strong>sermonem</strong></span> <span class='ocrx_word' id='word_1_590' title='bbox 895 3973 1172 4027; x_wconf 88' lang='lat' dir='ltr'><strong>absolvam</strong></span> <span class='ocrx_word' id='word_1_591' title='bbox 1193 4015 1207 4039; x_wconf 91' lang='lat'><strong>,</strong></span> <span class='ocrx_word' id='word_1_592' title='bbox 1242 3973 1375 4027; x_wconf 91' lang='lat' dir='ltr'><strong>illud</strong></span> <span class='ocrx_word' id='word_1_593' title='bbox 1407 3988 1434 4026; x_wconf 88' lang='lat' dir='ltr'><strong>a</strong></span> <span class='ocrx_word' id='word_1_594' title='bbox 1462 3988 1550 4027; x_wconf 89' lang='lat' dir='ltr'><strong>me</strong></span> <span class='ocrx_word' id='word_1_595' title='bbox 1581 3971 1942 4026; x_wconf 88' lang='lat' dir='ltr'><strong>omittendum</strong></span> <span class='ocrx_word' id='word_1_596' title='bbox 1974 3986 2083 4025; x_wconf 92' lang='lat' dir='ltr'><strong>non</strong></span> <span class='ocrx_word' id='word_1_597' title='bbox 2112 3979 2226 4038; x_wconf 86' lang='lat' dir='ltr'><strong>est,</strong></span> <span class='ocrx_word' id='word_1_598' title='bbox 2255 3988 2379 4027; x_wconf 91' lang='lat' dir='ltr'><strong>cum</strong></span> <span class='ocrx_word' id='word_1_599' title='bbox 2413 3974 2661 4029; x_wconf 84' lang='lat' dir='ltr'><strong>Latinam</strong></span> <span class='ocrx_word' id='word_1_600' title='bbox 2697 3978 2861 4047; x_wconf 89' lang='lat' dir='ltr'><strong>hujus</strong></span> <span class='ocrx_word' id='word_1_601' title='bbox 2904 3984 3269 4051; x_wconf 85' lang='lat' dir='ltr'><strong>metaphrasis</strong></span> <span class='ocrx_word' id='word_1_602' title='bbox 3301 4004 3398 4043; x_wconf 92' lang='lat' dir='ltr'><strong>seu</strong></span> 
     </span>
    </p>
   </div>
   <div class='ocr_carea' id='block_1_64' title="bbox 160 4067 3397 4151">
    <p class='ocr_par' dir='ltr' id='par_1_64' title="bbox 160 4067 3397 4151">
     <span class='ocr_line' id='line_1_64' title="bbox 160 4067 3397 4151; baseline 0.005 -29"><span class='ocrx_word' id='word_1_603' title='bbox 160 4075 517 4128; x_wconf 85' lang='lat' dir='ltr'><strong>commentarii</strong></span> <span class='ocrx_word' id='word_1_604' title='bbox 549 4072 854 4127; x_wconf 86' lang='lat' dir='ltr'><strong>versionem</strong></span> <span class='ocrx_word' id='word_1_605' title='bbox 898 4078 1137 4140; x_wconf 91' lang='lat' dir='ltr'><strong>quatuor</strong></span> <span class='ocrx_word' id='word_1_606' title='bbox 1173 4079 1270 4123; x_wconf 88' lang='lat' dir='ltr'><strong>aut</strong></span> <span class='ocrx_word' id='word_1_607' title='bbox 1318 4069 1563 4139; x_wconf 90' lang='lat' dir='ltr'><strong>quinque</strong></span> <span class='ocrx_word' id='word_1_608' title='bbox 1603 4070 1673 4122; x_wconf 89' lang='lat' dir='ltr'><strong>ab</strong></span> <span class='ocrx_word' id='word_1_609' title='bbox 1718 4067 1846 4122; x_wconf 91' lang='lat' dir='ltr'><strong>hinc</strong></span> <span class='ocrx_word' id='word_1_610' title='bbox 1888 4067 2047 4122; x_wconf 91' lang='lat' dir='ltr'><strong>annis</strong></span> <span class='ocrx_word' id='word_1_611' title='bbox 2084 4083 2208 4122; x_wconf 91' lang='lat' dir='ltr'><strong>cum</strong></span> <span class='ocrx_word' id='word_1_612' title='bbox 2245 4068 2619 4124; x_wconf 89' lang='lat' dir='ltr'><strong>eruditissimo</strong></span> <span class='ocrx_word' id='word_1_613' title='bbox 2652 4071 2712 4124; x_wconf 88' lang='lat' dir='ltr'><strong>P.</strong></span> <span class='ocrx_word' id='word_1_614' title='bbox 2753 4072 3055 4131; x_wconf 90' lang='lat' dir='ltr'><strong>Blanchino</strong></span> <span class='ocrx_word' id='word_1_615' title='bbox 3094 4095 3397 4151; x_wconf 83' lang='lat' dir='ltr'><strong>congrega-</strong></span> 
     </span>
    </p>
   </div>
   <div class='ocr_carea' id='block_1_65' title="bbox 164 4157 3397 4238">
    <p class='ocr_par' dir='ltr' id='par_1_65' title="bbox 164 4157 3397 4238">
     <span class='ocr_line' id='line_1_65' title="bbox 164 4157 3397 4238; baseline 0.006 -29"><span class='ocrx_word' id='word_1_616' title='bbox 164 4157 307 4216; x_wconf 86' lang='lat' dir='ltr'><strong>tionis</strong></span> <span class='ocrx_word' id='word_1_617' title='bbox 333 4162 567 4221; x_wconf 90' lang='lat' dir='ltr'><strong>Oratorii</strong></span> <span class='ocrx_word' id='word_1_618' title='bbox 592 4164 909 4235; x_wconf 89' lang='lat' dir='ltr'><strong>presbytero</strong></span> <span class='ocrx_word' id='word_1_619' title='bbox 929 4203 945 4229; x_wconf 95' lang='lat'><strong>,</strong></span> <span class='ocrx_word' id='word_1_620' title='bbox 968 4164 1062 4234; x_wconf 91' lang='lat' dir='ltr'><strong>qui</strong></span> <span class='ocrx_word' id='word_1_621' title='bbox 1087 4164 1189 4218; x_wconf 90' lang='lat' dir='ltr'><strong>alia</strong></span> <span class='ocrx_word' id='word_1_622' title='bbox 1218 4164 1386 4218; x_wconf 90' lang='lat' dir='ltr'><strong>etiam</strong></span> <span class='ocrx_word' id='word_1_623' title='bbox 1414 4176 1731 4219; x_wconf 82' lang='lat' dir='ltr'><strong>sanctorum</strong></span> <span class='ocrx_word' id='word_1_624' title='bbox 1758 4162 1980 4216; x_wconf 90' lang='lat' dir='ltr'><strong>Patrum</strong></span> <span class='ocrx_word' id='word_1_625' title='bbox 2012 4163 2276 4231; x_wconf 91' lang='lat' dir='ltr'><strong>opuscula</strong></span> <span class='ocrx_word' id='word_1_626' title='bbox 2302 4164 2355 4217; x_wconf 92' lang='lat' dir='ltr'><strong>in</strong></span> <span class='ocrx_word' id='word_1_627' title='bbox 2386 4164 2563 4219; x_wconf 89' lang='lat' dir='ltr'><strong>lucem</strong></span> <span class='ocrx_word' id='word_1_628' title='bbox 2599 4167 2758 4221; x_wconf 91' lang='lat' dir='ltr'><strong>edere</strong></span> <span class='ocrx_word' id='word_1_629' title='bbox 2788 4170 3052 4238; x_wconf 88' lang='lat' dir='ltr'><strong>parabat,</strong></span> <span class='ocrx_word' id='word_1_630' title='bbox 3085 4177 3397 4229; x_wconf 80' lang='lat' dir='ltr'><strong>communi-</strong></span> 
     </span>
    </p>
   </div>
   <div class='ocr_carea' id='block_1_66' title="bbox 161 4258 3399 4331">
    <p class='ocr_par' dir='ltr' id='par_1_66' title="bbox 161 4258 3399 4331">
     <span class='ocr_line' id='line_1_66' title="bbox 161 4258 3399 4331; baseline 0.005 -23"><span class='ocrx_word' id='word_1_631' title='bbox 161 4269 346 4313; x_wconf 83' lang='lat' dir='ltr'><strong>cassem</strong></span> <span class='ocrx_word' id='word_1_632' title='bbox 368 4302 383 4327; x_wconf 91' lang='lat'><strong>,</strong></span> <span class='ocrx_word' id='word_1_633' title='bbox 407 4262 525 4331; x_wconf 89' lang='lat' dir='ltr'><strong>ipse</strong></span> <span class='ocrx_word' id='word_1_634' title='bbox 560 4262 613 4316; x_wconf 94' lang='lat' dir='ltr'><strong>in</strong></span> <span class='ocrx_word' id='word_1_635' title='bbox 640 4262 917 4331; x_wconf 86' lang='lat' dir='ltr'><strong>publicum</strong></span> <span class='ocrx_word' id='word_1_636' title='bbox 951 4261 1231 4316; x_wconf 90' lang='lat' dir='ltr'><strong>emittendi</strong></span> <span class='ocrx_word' id='word_1_637' title='bbox 1267 4276 1454 4316; x_wconf 90' lang='lat' dir='ltr'><strong>curam</strong></span> <span class='ocrx_word' id='word_1_638' title='bbox 1488 4262 1543 4314; x_wconf 90' lang='lat' dir='ltr'><strong>in</strong></span> <span class='ocrx_word' id='word_1_639' title='bbox 1591 4276 1651 4315; x_wconf 90' lang='lat' dir='ltr'><strong>se</strong></span> <span class='ocrx_word' id='word_1_640' title='bbox 1690 4259 1970 4328; x_wconf 87' lang='lat' dir='ltr'><strong>suscepit,</strong></span> <span class='ocrx_word' id='word_1_641' title='bbox 2013 4258 2375 4329; x_wconf 88' lang='lat' dir='ltr'><strong>promisitque</strong></span> <span class='ocrx_word' id='word_1_642' title='bbox 2407 4261 2461 4314; x_wconf 90' lang='lat' dir='ltr'><strong>in</strong></span> <span class='ocrx_word' id='word_1_643' title='bbox 2491 4276 2685 4330; x_wconf 91' lang='lat' dir='ltr'><strong>opere,</strong></span> <span class='ocrx_word' id='word_1_644' title='bbox 2719 4265 2807 4318; x_wconf 91' lang='lat' dir='ltr'><strong>cui</strong></span> <span class='ocrx_word' id='word_1_645' title='bbox 2852 4266 3042 4323; x_wconf 92' lang='lat' dir='ltr'><strong>titulus</strong></span> <span class='ocrx_word' id='word_1_646' title='bbox 3080 4288 3092 4323; x_wconf 92' lang='lat'><strong>:</strong></span> <span class='ocrx_word' id='word_1_647' title='bbox 3142 4268 3399 4327; x_wconf 72' lang='lat' dir='ltr'><strong>Vindicio:</strong></span> 
     </span>
    </p>
   </div>
   <div class='ocr_carea' id='block_1_67' title="bbox 161 4350 3401 4431">
    <p class='ocr_par' dir='ltr' id='par_1_67' title="bbox 161 4350 3401 4431">
     <span class='ocr_line' id='line_1_67' title="bbox 161 4350 3401 4431; baseline 0.005 -31"><span class='ocrx_word' id='word_1_648' title='bbox 161 4352 508 4410; x_wconf 86' lang='lat' dir='ltr'><strong>canonicarum</strong></span> <span class='ocrx_word' id='word_1_649' title='bbox 560 4353 976 4422; x_wconf 83' lang='lat' dir='ltr'><strong>Scripturarum.</strong></span> <span class='ocrx_word' id='word_1_650' title='bbox 1006 4353 1200 4408; x_wconf 88' lang='lat' dir='ltr'><strong>Postea</strong></span> <span class='ocrx_word' id='word_1_651' title='bbox 1230 4361 1411 4406; x_wconf 90' lang='lat' dir='ltr'><strong>autem</strong></span> <span class='ocrx_word' id='word_1_652' title='bbox 1437 4367 1561 4406; x_wconf 93' lang='lat' dir='ltr'><strong>cum</strong></span> <span class='ocrx_word' id='word_1_653' title='bbox 1612 4351 1664 4405; x_wconf 90' lang='lat' dir='ltr'><strong>ei</strong></span> <span class='ocrx_word' id='word_1_654' title='bbox 1722 4350 2023 4405; x_wconf 74' lang='lat' dir='ltr'><strong>scribendae</strong></span> <span class='ocrx_word' id='word_1_655' title='bbox 2049 4350 2435 4405; x_wconf 80' lang='lat' dir='ltr'><strong>ecclesiasticae</strong></span> <span class='ocrx_word' id='word_1_656' title='bbox 2468 4352 2713 4409; x_wconf 76' lang='lat' dir='ltr'><strong>historiae</strong></span> <span class='ocrx_word' id='word_1_657' title='bbox 2740 4371 2939 4413; x_wconf 91' lang='lat' dir='ltr'><strong>munus</strong></span> <span class='ocrx_word' id='word_1_658' title='bbox 2966 4374 2995 4411; x_wconf 91' lang='lat' dir='ltr'><strong>a</strong></span> <span class='ocrx_word' id='word_1_659' title='bbox 3029 4375 3142 4413; x_wconf 75' lang='lat' dir='ltr'><strong>suae</strong></span> <span class='ocrx_word' id='word_1_660' title='bbox 3165 4376 3401 4431; x_wconf 82' lang='lat' dir='ltr'><strong>congre-</strong></span> 
     </span>
    </p>
   </div>
   <div class='ocr_carea' id='block_1_68' title="bbox 161 4445 3394 4523">
    <p class='ocr_par' dir='ltr' id='par_1_68' title="bbox 161 4445 3394 4523">
     <span class='ocr_line' id='line_1_68' title="bbox 161 4445 3394 4523; baseline 0.004 -28"><span class='ocrx_word' id='word_1_661' title='bbox 161 4446 367 4508; x_wconf 75' lang='lat' dir='ltr'><strong>gationis</strong></span> <span class='ocrx_word' id='word_1_662' title='bbox 394 4450 676 4506; x_wconf 89' lang='lat' dir='ltr'><strong>sodalibus</strong></span> <span class='ocrx_word' id='word_1_663' title='bbox 704 4449 942 4503; x_wconf 90' lang='lat' dir='ltr'><strong>delatum</strong></span> <span class='ocrx_word' id='word_1_664' title='bbox 975 4447 1207 4513; x_wconf 87' lang='lat' dir='ltr'><strong>fuisset,</strong></span> <span class='ocrx_word' id='word_1_665' title='bbox 1241 4447 1585 4503; x_wconf 85' lang='lat' dir='ltr'><strong>clarissimus</strong></span> <span class='ocrx_word' id='word_1_666' title='bbox 1616 4445 1699 4498; x_wconf 89' lang='lat' dir='ltr'><strong>vir</strong></span> <span class='ocrx_word' id='word_1_667' title='bbox 1725 4448 1908 4516; x_wconf 86' lang='lat' dir='ltr'><strong>(quem</strong></span> <span class='ocrx_word' id='word_1_668' title='bbox 1944 4461 2046 4515; x_wconf 87' lang='lat' dir='ltr'><strong>ego</strong></span> <span class='ocrx_word' id='word_1_669' title='bbox 2094 4445 2345 4516; x_wconf 90' lang='lat' dir='ltr'><strong>pluribus</strong></span> <span class='ocrx_word' id='word_1_670' title='bbox 2375 4445 2477 4499; x_wconf 88' lang='lat' dir='ltr'><strong>hoc</strong></span> <span class='ocrx_word' id='word_1_671' title='bbox 2520 4446 2641 4500; x_wconf 90' lang='lat' dir='ltr'><strong>loco</strong></span> <span class='ocrx_word' id='word_1_672' title='bbox 2672 4447 2793 4516; x_wconf 92' lang='lat' dir='ltr'><strong>jure</strong></span> <span class='ocrx_word' id='word_1_673' title='bbox 2836 4452 3031 4505; x_wconf 90' lang='lat' dir='ltr'><strong>merito</strong></span> <span class='ocrx_word' id='word_1_674' title='bbox 3077 4452 3394 4523; x_wconf 88' lang='lat' dir='ltr'><strong>laudarem,</strong></span> 
     </span>
    </p>
   </div>
   <div class='ocr_carea' id='block_1_69' title="bbox 158 4537 3396 4610">
    <p class='ocr_par' dir='ltr' id='par_1_69' title="bbox 158 4537 3396 4610">
     <span class='ocr_line' id='line_1_69' title="bbox 158 4537 3396 4610; baseline 0.005 -22"><span class='ocrx_word' id='word_1_675' title='bbox 158 4545 337 4605; x_wconf 81' lang='lat' dir='ltr'><strong>easque</strong></span> <span class='ocrx_word' id='word_1_676' title='bbox 357 4541 614 4595; x_wconf 83' lang='lat' dir='ltr'><strong>referrem</strong></span> <span class='ocrx_word' id='word_1_677' title='bbox 646 4538 867 4604; x_wconf 90' lang='lat' dir='ltr'><strong>laudes,</strong></span> <span class='ocrx_word' id='word_1_678' title='bbox 897 4554 1035 4609; x_wconf 91' lang='lat' dir='ltr'><strong>quas</strong></span> <span class='ocrx_word' id='word_1_679' title='bbox 1059 4538 1331 4592; x_wconf 88' lang='lat' dir='ltr'><strong>immerito</strong></span> <span class='ocrx_word' id='word_1_680' title='bbox 1373 4538 1427 4590; x_wconf 93' lang='lat' dir='ltr'><strong>in</strong></span> <span class='ocrx_word' id='word_1_681' title='bbox 1470 4552 1557 4591; x_wconf 91' lang='lat' dir='ltr'><strong>me</strong></span> <span class='ocrx_word' id='word_1_682' title='bbox 1589 4537 1852 4600; x_wconf 89' lang='lat' dir='ltr'><strong>contulit,</strong></span> <span class='ocrx_word' id='word_1_683' title='bbox 1886 4537 1939 4589; x_wconf 92' lang='lat' dir='ltr'><strong>ni</strong></span> <span class='ocrx_word' id='word_1_684' title='bbox 1986 4552 2205 4591; x_wconf 90' lang='lat' dir='ltr'><strong>vererer</strong></span> <span class='ocrx_word' id='word_1_685' title='bbox 2243 4537 2362 4605; x_wconf 89' lang='lat' dir='ltr'><strong>ejus</strong></span> <span class='ocrx_word' id='word_1_686' title='bbox 2396 4538 2718 4592; x_wconf 90' lang='lat' dir='ltr'><strong>modestiam</strong></span> <span class='ocrx_word' id='word_1_687' title='bbox 2759 4540 3063 4610; x_wconf 81' lang='lat' dir='ltr'><strong>offendere,</strong></span> <span class='ocrx_word' id='word_1_688' title='bbox 3099 4556 3154 4601; x_wconf 91' lang='lat' dir='ltr'><strong>et</strong></span> <span class='ocrx_word' id='word_1_689' title='bbox 3200 4550 3396 4605; x_wconf 91' lang='lat' dir='ltr'><strong>merito</strong></span> 
     </span>
    </p>
   </div>
   <div class='ocr_carea' id='block_1_70' title="bbox 160 4628 3395 4701">
    <p class='ocr_par' dir='ltr' id='par_1_70' title="bbox 160 4628 3395 4701">
     <span class='ocr_line' id='line_1_70' title="bbox 160 4628 3395 4701; baseline 0.004 -18"><span class='ocrx_word' id='word_1_690' title='bbox 160 4633 378 4699; x_wconf 88' lang='lat' dir='ltr'><strong>censeri,</strong></span> <span class='ocrx_word' id='word_1_691' title='bbox 408 4636 545 4689; x_wconf 90' lang='lat' dir='ltr'><strong>alios</strong></span> <span class='ocrx_word' id='word_1_692' title='bbox 575 4633 884 4701; x_wconf 89' lang='lat' dir='ltr'><strong>importune</strong></span> <span class='ocrx_word' id='word_1_693' title='bbox 909 4629 1181 4685; x_wconf 89' lang='lat' dir='ltr'><strong>laudando</strong></span> <span class='ocrx_word' id='word_1_694' title='bbox 1232 4630 1505 4685; x_wconf 86' lang='lat' dir='ltr'><strong>indebitas</strong></span> <span class='ocrx_word' id='word_1_695' title='bbox 1542 4630 1675 4683; x_wconf 90' lang='lat' dir='ltr'><strong>mihi</strong></span> <span class='ocrx_word' id='word_1_696' title='bbox 1708 4630 1897 4684; x_wconf 89' lang='lat' dir='ltr'><strong>Iaudes</strong></span> <span class='ocrx_word' id='word_1_697' title='bbox 1940 4628 2076 4682; x_wconf 89' lang='lat' dir='ltr'><strong>velle</strong></span> <span class='ocrx_word' id='word_1_698' title='bbox 2119 4629 2404 4696; x_wconf 75' lang='lat' dir='ltr'><strong>aucupari}</strong></span> <span class='ocrx_word' id='word_1_699' title='bbox 2443 4629 2600 4681; x_wconf 86' lang='lat' dir='ltr'><strong>ﬁdem</strong></span> <span class='ocrx_word' id='word_1_700' title='bbox 2638 4631 2854 4697; x_wconf 88' lang='lat' dir='ltr'><strong>publico</strong></span> <span class='ocrx_word' id='word_1_701' title='bbox 2888 4634 3067 4688; x_wconf 90' lang='lat' dir='ltr'><strong>datam</strong></span> <span class='ocrx_word' id='word_1_702' title='bbox 3112 4639 3395 4695; x_wconf 76' lang='lat' dir='ltr'><strong>exsolvere</strong></span> 
     </span>
    </p>
   </div>
   <div class='ocr_carea' id='block_1_71' title="bbox 162 4721 3390 4797">
    <p class='ocr_par' dir='ltr' id='par_1_71' title="bbox 162 4721 3390 4797">
     <span class='ocr_line' id='line_1_71' title="bbox 162 4721 3390 4797; baseline 0.004 -21"><span class='ocrx_word' id='word_1_703' title='bbox 162 4727 394 4794; x_wconf 89' lang='lat' dir='ltr'><strong>nequivit.</strong></span> <span class='ocrx_word' id='word_1_704' title='bbox 421 4730 607 4797; x_wconf 87' lang='lat' dir='ltr'><strong>Itaque</strong></span> <span class='ocrx_word' id='word_1_705' title='bbox 638 4743 706 4781; x_wconf 92' lang='lat' dir='ltr'><strong>ne</strong></span> <span class='ocrx_word' id='word_1_706' title='bbox 730 4726 1136 4796; x_wconf 87' lang='lat' dir='ltr'><strong>exspectatione</strong></span> <span class='ocrx_word' id='word_1_707' title='bbox 1160 4740 1260 4779; x_wconf 90' lang='lat' dir='ltr'><strong>sua</strong></span> <span class='ocrx_word' id='word_1_708' title='bbox 1298 4724 1684 4779; x_wconf 87' lang='lat' dir='ltr'><strong>fraudarentur</strong></span> <span class='ocrx_word' id='word_1_709' title='bbox 1708 4740 1891 4778; x_wconf 91' lang='lat' dir='ltr'><strong>rerum</strong></span> <span class='ocrx_word' id='word_1_710' title='bbox 1920 4721 2417 4777; x_wconf 85' lang='lat' dir='ltr'><strong>ecclesiasticarum</strong></span> <span class='ocrx_word' id='word_1_711' title='bbox 2456 4732 2729 4777; x_wconf 85' lang='lat' dir='ltr'><strong>amatores</strong></span> <span class='ocrx_word' id='word_1_712' title='bbox 2750 4766 2766 4787; x_wconf 92' lang='lat'><strong>,</strong></span> <span class='ocrx_word' id='word_1_713' title='bbox 2793 4734 2845 4778; x_wconf 92' lang='lat' dir='ltr'><strong>et</strong></span> <span class='ocrx_word' id='word_1_714' title='bbox 2880 4725 3086 4782; x_wconf 89' lang='lat' dir='ltr'><strong>diutius</strong></span> <span class='ocrx_word' id='word_1_715' title='bbox 3114 4729 3390 4789; x_wconf 83' lang='lat' dir='ltr'><strong>desidera-</strong></span> 
     </span>
    </p>
   </div>
   <div class='ocr_carea' id='block_1_72' title="bbox 162 4813 3390 4891">
    <p class='ocr_par' dir='ltr' id='par_1_72' title="bbox 162 4813 3390 4891">
     <span class='ocr_line' id='line_1_72' title="bbox 162 4813 3390 4891; baseline 0.001 -25"><span class='ocrx_word' id='word_1_716' title='bbox 162 4824 265 4870; x_wconf 91' lang='lat' dir='ltr'><strong>rent</strong></span> <span class='ocrx_word' id='word_1_717' title='bbox 286 4820 596 4886; x_wconf 60' lang='lat' dir='ltr'><strong>praeclarum</strong></span> <span class='ocrx_word' id='word_1_718' title='bbox 624 4832 761 4886; x_wconf 91' lang='lat' dir='ltr'><strong>opus</strong></span> <span class='ocrx_word' id='word_1_719' title='bbox 783 4815 1115 4870; x_wconf 87' lang='lat' dir='ltr'><strong>sanctissimi</strong></span> <span class='ocrx_word' id='word_1_720' title='bbox 1146 4814 1345 4877; x_wconf 88' lang='lat' dir='ltr'><strong>Patris,</strong></span> <span class='ocrx_word' id='word_1_721' title='bbox 1383 4815 1449 4868; x_wconf 90' lang='lat' dir='ltr'><strong>de</strong></span> <span class='ocrx_word' id='word_1_722' title='bbox 1482 4815 1641 4883; x_wconf 89' lang='lat' dir='ltr'><strong>cujus</strong></span> <span class='ocrx_word' id='word_1_723' title='bbox 1675 4814 1932 4884; x_wconf 87' lang='lat' dir='ltr'><strong>operibus</strong></span> <span class='ocrx_word' id='word_1_724' title='bbox 1965 4821 2111 4867; x_wconf 90' lang='lat' dir='ltr'><strong>recte</strong></span> <span class='ocrx_word' id='word_1_725' title='bbox 2134 4813 2311 4867; x_wconf 88' lang='lat' dir='ltr'><strong>aiebat</strong></span> <span class='ocrx_word' id='word_1_726' title='bbox 2346 4814 2516 4869; x_wconf 90' lang='lat' dir='ltr'><strong>abbas</strong></span> <span class='ocrx_word' id='word_1_727' title='bbox 2546 4815 2637 4869; x_wconf 89' lang='lat' dir='ltr'><strong>ille</strong></span> <span class='ocrx_word' id='word_1_728' title='bbox 2662 4815 2893 4872; x_wconf 88' lang='lat' dir='ltr'><strong>Cosmas</strong></span> <span class='ocrx_word' id='word_1_729' title='bbox 2927 4819 3083 4891; x_wconf 78' lang='lat'><strong>(93‘),</strong></span> <span class='ocrx_word' id='word_1_730' title='bbox 3106 4834 3159 4878; x_wconf 91' lang='lat' dir='ltr'><strong>et</strong></span> <span class='ocrx_word' id='word_1_731' title='bbox 3185 4831 3390 4884; x_wconf 70' lang='lat' dir='ltr'><strong>sancti-</strong></span> 
     </span>
    </p>
   </div>
   <div class='ocr_carea' id='block_1_73' title="bbox 162 4904 3395 4982">
    <p class='ocr_par' dir='ltr' id='par_1_73' title="bbox 162 4904 3395 4982">
     <span class='ocr_line' id='line_1_73' title="bbox 162 4904 3395 4982; baseline 0.007 -27"><span class='ocrx_word' id='word_1_732' title='bbox 162 4913 257 4960; x_wconf 87' lang='lat' dir='ltr'><strong>tate</strong></span> <span class='ocrx_word' id='word_1_733' title='bbox 282 4923 481 4965; x_wconf 89' lang='lat' dir='ltr'><strong>morum</strong></span> <span class='ocrx_word' id='word_1_734' title='bbox 509 4918 563 4964; x_wconf 85' lang='lat' dir='ltr'><strong>et</strong></span> <span class='ocrx_word' id='word_1_735' title='bbox 587 4907 887 4963; x_wconf 89' lang='lat' dir='ltr'><strong>monastica</strong></span> <span class='ocrx_word' id='word_1_736' title='bbox 910 4904 1247 4977; x_wconf 85' lang='lat' dir='ltr'><strong>professione</strong></span> <span class='ocrx_word' id='word_1_737' title='bbox 1279 4906 1545 4959; x_wconf 90' lang='lat' dir='ltr'><strong>illustris:</strong></span> <span class='ocrx_word' id='word_1_738' title='bbox 1580 4924 1596 4955; x_wconf 81' lang='grc' dir='ltr'><strong>ι</strong></span> <span class='ocrx_word' id='word_1_739' title='bbox 1626 4906 1681 4959; x_wconf 85' lang='lat' dir='ltr'><strong>Si</strong></span> <span class='ocrx_word' id='word_1_740' title='bbox 1712 4907 1989 4960; x_wconf 88' lang='lat' dir='ltr'><strong>inveneris</strong></span> <span class='ocrx_word' id='word_1_741' title='bbox 2024 4906 2229 4975; x_wconf 88' lang='lat' dir='ltr'><strong>aliquid</strong></span> <span class='ocrx_word' id='word_1_742' title='bbox 2262 4922 2328 4960; x_wconf 80' lang='lat' dir='ltr'><strong>ex</strong></span> <span class='ocrx_word' id='word_1_743' title='bbox 2359 4907 2638 4975; x_wconf 89' lang='lat' dir='ltr'><strong>opusculis</strong></span> <span class='ocrx_word' id='word_1_744' title='bbox 2684 4906 2742 4962; x_wconf 91' lang='lat' dir='ltr'><strong>S.</strong></span> <span class='ocrx_word' id='word_1_745' title='bbox 2795 4910 3112 4982; x_wconf 84' lang='lat' dir='ltr'><strong>Athanasii,</strong></span> <span class='ocrx_word' id='word_1_746' title='bbox 3148 4936 3247 4976; x_wconf 91' lang='lat' dir='ltr'><strong>nec</strong></span> <span class='ocrx_word' id='word_1_747' title='bbox 3294 4924 3395 4976; x_wconf 83' lang='lat' dir='ltr'><strong>ha-</strong></span> 
     </span>
    </p>
   </div>
   <div class='ocr_carea' id='block_1_74' title="bbox 162 4993 3388 5081">
    <p class='ocr_par' dir='ltr' id='par_1_74' title="bbox 162 4993 3388 5081">
     <span class='ocr_line' id='line_1_74' title="bbox 162 4993 3388 5081; baseline 0.006 -33"><span class='ocrx_word' id='word_1_748' title='bbox 162 4993 323 5053; x_wconf 86' lang='lat' dir='ltr'><strong>bueris</strong></span> <span class='ocrx_word' id='word_1_749' title='bbox 348 5001 585 5055; x_wconf 85' lang='lat' dir='ltr'><strong>chartam</strong></span> <span class='ocrx_word' id='word_1_750' title='bbox 612 5000 677 5052; x_wconf 89' lang='lat' dir='ltr'><strong>ad</strong></span> <span class='ocrx_word' id='word_1_751' title='bbox 703 4998 1087 5061; x_wconf 89' lang='lat' dir='ltr'><strong>scribendum,</strong></span> <span class='ocrx_word' id='word_1_752' title='bbox 1112 4997 1165 5049; x_wconf 90' lang='lat' dir='ltr'><strong>in</strong></span> <span class='ocrx_word' id='word_1_753' title='bbox 1201 4997 1541 5051; x_wconf 83' lang='lat' dir='ltr'><strong>vestimentis</strong></span> <span class='ocrx_word' id='word_1_754' title='bbox 1572 4998 1680 5052; x_wconf 91' lang='lat' dir='ltr'><strong>tuis</strong></span> <span class='ocrx_word' id='word_1_755' title='bbox 1714 4999 1892 5052; x_wconf 89' lang='lat' dir='ltr'><strong>scribe</strong></span> <span class='ocrx_word' id='word_1_756' title='bbox 1925 4998 2087 5063; x_wconf 91' lang='lat' dir='ltr'><strong>illud;</strong></span> <span class='ocrx_word' id='word_1_757' title='bbox 2119 5018 2137 5047; x_wconf 79' lang='grc' dir='ltr'><strong>ι</strong></span> <span class='ocrx_word' id='word_1_758' title='bbox 2169 4997 2315 5067; x_wconf 91' lang='lat' dir='ltr'><strong>quod</strong></span> <span class='ocrx_word' id='word_1_759' title='bbox 2348 4999 2436 5052; x_wconf 90' lang='lat' dir='ltr'><strong>ille</strong></span> <span class='ocrx_word' id='word_1_760' title='bbox 2465 5000 2829 5068; x_wconf 89' lang='lat' dir='ltr'><strong>promiserat,</strong></span> <span class='ocrx_word' id='word_1_761' title='bbox 2862 5004 2915 5057; x_wconf 89' lang='lat' dir='ltr'><strong>id</strong></span> <span class='ocrx_word' id='word_1_762' title='bbox 2944 5020 3048 5074; x_wconf 89' lang='lat' dir='ltr'><strong>ego</strong></span> <span class='ocrx_word' id='word_1_763' title='bbox 3093 5024 3352 5078; x_wconf 68' lang='lat' dir='ltr'><strong>praestare</strong></span> <span class='ocrx_word' id='word_1_764' title='bbox 3374 5058 3388 5081; x_wconf 92' lang='lat'><strong>,</strong></span> 
     </span>
    </p>
   </div>
   <div class='ocr_carea' id='block_1_75' title="bbox 164 5088 3387 5166">
    <p class='ocr_par' dir='ltr' id='par_1_75' title="bbox 164 5088 3387 5166">
     <span class='ocr_line' id='line_1_75' title="bbox 164 5088 3387 5166; baseline 0.006 -26"><span class='ocrx_word' id='word_1_765' title='bbox 164 5091 317 5152; x_wconf 80' lang='lat' dir='ltr'><strong>quoad</strong></span> <span class='ocrx_word' id='word_1_766' title='bbox 347 5107 436 5160; x_wconf 91' lang='lat' dir='ltr'><strong>per</strong></span> <span class='ocrx_word' id='word_1_767' title='bbox 466 5092 850 5160; x_wconf 90' lang='lat' dir='ltr'><strong>occupationes</strong></span> <span class='ocrx_word' id='word_1_768' title='bbox 885 5089 1118 5150; x_wconf 90' lang='lat' dir='ltr'><strong>libebat,</strong></span> <span class='ocrx_word' id='word_1_769' title='bbox 1149 5088 1423 5141; x_wconf 90' lang='lat' dir='ltr'><strong>constitui.</strong></span> <span class='ocrx_word' id='word_1_770' title='bbox 1469 5088 1761 5144; x_wconf 88' lang='lat' dir='ltr'><strong>Cunctanti</strong></span> <span class='ocrx_word' id='word_1_771' title='bbox 1790 5101 1969 5144; x_wconf 89' lang='lat' dir='ltr'><strong>autem</strong></span> <span class='ocrx_word' id='word_1_772' title='bbox 2008 5089 2261 5144; x_wconf 88' lang='lat' dir='ltr'><strong>stimulos</strong></span> <span class='ocrx_word' id='word_1_773' title='bbox 2290 5090 2500 5145; x_wconf 84' lang='lat' dir='ltr'><strong>addidit</strong></span> <span class='ocrx_word' id='word_1_774' title='bbox 2529 5091 2825 5161; x_wconf 87' lang='lat' dir='ltr'><strong>singularis</strong></span> <span class='ocrx_word' id='word_1_775' title='bbox 2854 5095 3165 5166; x_wconf 84' lang='lat' dir='ltr'><strong>benignitas</strong></span> <span class='ocrx_word' id='word_1_776' title='bbox 3206 5108 3387 5159; x_wconf 76' lang='lat' dir='ltr'><strong>excel-</strong></span> 
     </span>
    </p>
   </div>
   <div class='ocr_carea' id='block_1_76' title="bbox 164 5177 3384 5253">
    <p class='ocr_par' dir='ltr' id='par_1_76' title="bbox 164 5177 3384 5253">
     <span class='ocr_line' id='line_1_76' title="bbox 164 5177 3384 5253; baseline 0.007 -23"><span class='ocrx_word' id='word_1_777' title='bbox 164 5177 417 5239; x_wconf 82' lang='lat' dir='ltr'><strong>lentissimi</strong></span> <span class='ocrx_word' id='word_1_778' title='bbox 448 5185 737 5239; x_wconf 68' lang='lat' dir='ltr'><strong>Praenestis</strong></span> <span class='ocrx_word' id='word_1_779' title='bbox 760 5183 1019 5253; x_wconf 89' lang='lat' dir='ltr'><strong>principis</strong></span> <span class='ocrx_word' id='word_1_780' title='bbox 1042 5180 1169 5235; x_wconf 86' lang='lat' dir='ltr'><strong>Julii</strong></span> <span class='ocrx_word' id='word_1_781' title='bbox 1195 5182 1461 5246; x_wconf 73' lang='lat' dir='ltr'><strong>Caesaris,</strong></span> <span class='ocrx_word' id='word_1_782' title='bbox 1490 5185 1584 5253; x_wconf 89' lang='lat' dir='ltr'><strong>qui</strong></span> <span class='ocrx_word' id='word_1_783' title='bbox 1609 5200 1675 5237; x_wconf 84' lang='lat' dir='ltr'><strong>ex</strong></span> <span class='ocrx_word' id='word_1_784' title='bbox 1701 5184 2042 5238; x_wconf 88' lang='lat' dir='ltr'><strong>nobilissima</strong></span> <span class='ocrx_word' id='word_1_785' title='bbox 2061 5183 2417 5237; x_wconf 90' lang='lat' dir='ltr'><strong>Columnensi</strong></span> <span class='ocrx_word' id='word_1_786' title='bbox 2446 5184 2611 5239; x_wconf 92' lang='lat' dir='ltr'><strong>domo</strong></span> <span class='ocrx_word' id='word_1_787' title='bbox 2638 5187 2692 5239; x_wconf 93' lang='lat' dir='ltr'><strong>in</strong></span> <span class='ocrx_word' id='word_1_788' title='bbox 2724 5185 3078 5245; x_wconf 88' lang='lat' dir='ltr'><strong>Barberinam</strong></span> <span class='ocrx_word' id='word_1_789' title='bbox 3115 5192 3384 5251; x_wconf 86' lang='lat' dir='ltr'><strong>familiam</strong></span> 
     </span>
    </p>
   </div>
   <div class='ocr_carea' id='block_1_77' title="bbox 166 5270 3391 5351">
    <p class='ocr_par' dir='ltr' id='par_1_77' title="bbox 166 5270 3391 5351">
     <span class='ocr_line' id='line_1_77' title="bbox 166 5270 3391 5351; baseline 0.007 -31"><span class='ocrx_word' id='word_1_790' title='bbox 166 5270 345 5327; x_wconf 86' lang='lat' dir='ltr'><strong>ascitus</strong></span> <span class='ocrx_word' id='word_1_791' title='bbox 363 5274 809 5343; x_wconf 87' lang='lat' dir='ltr'><strong>spectatissintam</strong></span> <span class='ocrx_word' id='word_1_792' title='bbox 835 5271 1091 5326; x_wconf 85' lang='lat' dir='ltr'><strong>feminam</strong></span> <span class='ocrx_word' id='word_1_793' title='bbox 1124 5272 1421 5340; x_wconf 87' lang='lat' dir='ltr'><strong>principem</strong></span> <span class='ocrx_word' id='word_1_794' title='bbox 1452 5271 1762 5326; x_wconf 88' lang='lat' dir='ltr'><strong>Corneliam</strong></span> <span class='ocrx_word' id='word_1_795' title='bbox 1793 5272 2102 5327; x_wconf 68' lang='lat' dir='ltr'><strong>Barberinte</strong></span> <span class='ocrx_word' id='word_1_796' title='bbox 2126 5273 2312 5343; x_wconf 88' lang='lat' dir='ltr'><strong>stirpis</strong></span> <span class='ocrx_word' id='word_1_797' title='bbox 2345 5275 2568 5328; x_wconf 88' lang='lat' dir='ltr'><strong>unicum</strong></span> <span class='ocrx_word' id='word_1_798' title='bbox 2612 5288 2891 5346; x_wconf 89' lang='lat' dir='ltr'><strong>superstes</strong></span> <span class='ocrx_word' id='word_1_799' title='bbox 2923 5296 3148 5351; x_wconf 88' lang='lat' dir='ltr'><strong>germen</strong></span> <span class='ocrx_word' id='word_1_800' title='bbox 3184 5285 3236 5338; x_wconf 95' lang='lat' dir='ltr'><strong>in</strong></span> <span class='ocrx_word' id='word_1_801' title='bbox 3274 5304 3391 5341; x_wconf 83' lang='lat' dir='ltr'><strong>ma-</strong></span> 
     </span>
    </p>
   </div>
   <div class='ocr_carea' id='block_1_78' title="bbox 166 5361 3387 5447">
    <p class='ocr_par' dir='ltr' id='par_1_78' title="bbox 166 5361 3387 5447">
     <span class='ocr_line' id='line_1_78' title="bbox 166 5361 3387 5447; baseline 0.006 -34"><span class='ocrx_word' id='word_1_802' title='bbox 166 5361 447 5421; x_wconf 91' lang='lat' dir='ltr'><strong>trimonium</strong></span> <span class='ocrx_word' id='word_1_803' title='bbox 478 5367 652 5432; x_wconf 82' lang='lat' dir='ltr'><strong>duxit,</strong></span> <span class='ocrx_word' id='word_1_804' title='bbox 675 5375 729 5420; x_wconf 90' lang='lat' dir='ltr'><strong>et</strong></span> <span class='ocrx_word' id='word_1_805' title='bbox 759 5366 1043 5418; x_wconf 90' lang='lat' dir='ltr'><strong>universas</strong></span> <span class='ocrx_word' id='word_1_806' title='bbox 1071 5362 1495 5417; x_wconf 88' lang='lat' dir='ltr'><strong>Barberinorum</strong></span> <span class='ocrx_word' id='word_1_807' title='bbox 1525 5379 1657 5433; x_wconf 90' lang='lat' dir='ltr'><strong>opes</strong></span> <span class='ocrx_word' id='word_1_808' title='bbox 1684 5381 1747 5420; x_wconf 89' lang='lat' dir='ltr'><strong>ac</strong></span> <span class='ocrx_word' id='word_1_809' title='bbox 1772 5363 2061 5419; x_wconf 88' lang='lat' dir='ltr'><strong>facultates</strong></span> <span class='ocrx_word' id='word_1_810' title='bbox 2086 5366 2443 5434; x_wconf 89' lang='lat' dir='ltr'><strong>possidendas</strong></span> <span class='ocrx_word' id='word_1_811' title='bbox 2473 5369 2971 5441; x_wconf 90' lang='lat' dir='ltr'><strong>custodiendasque</strong></span> <span class='ocrx_word' id='word_1_812' title='bbox 3002 5374 3231 5443; x_wconf 88' lang='lat' dir='ltr'><strong>accepit.</strong></span> <span class='ocrx_word' id='word_1_813' title='bbox 3266 5377 3387 5447; x_wconf 81' lang='lat' dir='ltr'><strong>Ipse</strong></span> 
     </span>
    </p>
   </div>
   <div class='ocr_carea' id='block_1_79' title="bbox 166 5454 3388 5537">
    <p class='ocr_par' dir='ltr' id='par_1_79' title="bbox 166 5454 3388 5537">
     <span class='ocr_line' id='line_1_79' title="bbox 166 5454 3388 5537; baseline 0.007 -33"><span class='ocrx_word' id='word_1_814' title='bbox 166 5454 288 5508; x_wconf 88' lang='lat' dir='ltr'><strong>enim</strong></span> <span class='ocrx_word' id='word_1_815' title='bbox 308 5500 323 5523; x_wconf 90' lang='lat'><strong>,</strong></span> <span class='ocrx_word' id='word_1_816' title='bbox 353 5462 439 5529; x_wconf 91' lang='lat' dir='ltr'><strong>qui</strong></span> <span class='ocrx_word' id='word_1_817' title='bbox 469 5460 818 5515; x_wconf 86' lang='lat' dir='ltr'><strong>vetustissimi</strong></span> <span class='ocrx_word' id='word_1_818' title='bbox 849 5459 1065 5529; x_wconf 83' lang='lat' dir='ltr'><strong>generis</strong></span> <span class='ocrx_word' id='word_1_819' title='bbox 1093 5458 1429 5512; x_wconf 89' lang='lat' dir='ltr'><strong>nobilitatem</strong></span> <span class='ocrx_word' id='word_1_820' title='bbox 1461 5460 1724 5515; x_wconf 89' lang='lat' dir='ltr'><strong>virtutum</strong></span> <span class='ocrx_word' id='word_1_821' title='bbox 1770 5461 2081 5529; x_wconf 66' lang='lat' dir='ltr'><strong>praestantia</strong></span> <span class='ocrx_word' id='word_1_822' title='bbox 2119 5462 2407 5515; x_wconf 64' lang='lat' dir='ltr'><strong>aemulatur</strong></span> <span class='ocrx_word' id='word_1_823' title='bbox 2429 5502 2444 5527; x_wconf 93' lang='lat'><strong>,</strong></span> <span class='ocrx_word' id='word_1_824' title='bbox 2490 5478 2725 5534; x_wconf 88' lang='lat' dir='ltr'><strong>vereque</strong></span> <span class='ocrx_word' id='word_1_825' title='bbox 2761 5484 3054 5537; x_wconf 89' lang='lat' dir='ltr'><strong>germanus</strong></span> <span class='ocrx_word' id='word_1_826' title='bbox 3102 5470 3270 5526; x_wconf 84' lang='lat' dir='ltr'><strong>frater</strong></span> <span class='ocrx_word' id='word_1_827' title='bbox 3304 5484 3388 5527; x_wconf 85' lang='lat' dir='ltr'><strong>est</strong></span> 
     </span>
    </p>
   </div>
   <div class='ocr_carea' id='block_1_80' title="bbox 170 5549 3385 5629">
    <p class='ocr_par' dir='ltr' id='par_1_80' title="bbox 170 5549 3385 5629">
     <span class='ocr_line' id='line_1_80' title="bbox 170 5549 3385 5629; baseline 0.008 -34"><span class='ocrx_word' id='word_1_828' title='bbox 170 5559 257 5599; x_wconf 83' lang='lat' dir='ltr'><strong>non</strong></span> <span class='ocrx_word' id='word_1_829' title='bbox 278 5553 436 5608; x_wconf 89' lang='lat' dir='ltr'><strong>solum</strong></span> <span class='ocrx_word' id='word_1_830' title='bbox 459 5554 727 5608; x_wconf 88' lang='lat' dir='ltr'><strong>natalibus</strong></span> <span class='ocrx_word' id='word_1_831' title='bbox 755 5593 768 5617; x_wconf 90' lang='lat'><strong>,</strong></span> <span class='ocrx_word' id='word_1_832' title='bbox 805 5551 899 5607; x_wconf 91' lang='lat' dir='ltr'><strong>scd</strong></span> <span class='ocrx_word' id='word_1_833' title='bbox 930 5549 1095 5604; x_wconf 89' lang='lat' dir='ltr'><strong>etiam</strong></span> <span class='ocrx_word' id='word_1_834' title='bbox 1130 5550 1376 5604; x_wconf 90' lang='lat' dir='ltr'><strong>moribus</strong></span> <span class='ocrx_word' id='word_1_835' title='bbox 1406 5552 1827 5608; x_wconf 90' lang='lat' dir='ltr'><strong>eminentissimi</strong></span> <span class='ocrx_word' id='word_1_836' title='bbox 1857 5551 2153 5609; x_wconf 88' lang='lat' dir='ltr'><strong>cardinalis</strong></span> <span class='ocrx_word' id='word_1_837' title='bbox 2182 5551 2436 5624; x_wconf 90' lang='lat' dir='ltr'><strong>Prosperi</strong></span> <span class='ocrx_word' id='word_1_838' title='bbox 2456 5595 2472 5622; x_wconf 92' lang='lat'><strong>,</strong></span> <span class='ocrx_word' id='word_1_839' title='bbox 2500 5554 2657 5625; x_wconf 87' lang='lat' dir='ltr'><strong>cujus</strong></span> <span class='ocrx_word' id='word_1_840' title='bbox 2687 5559 3107 5628; x_wconf 89' lang='lat' dir='ltr'><strong>magnanimitas</strong></span> <span class='ocrx_word' id='word_1_841' title='bbox 3130 5602 3146 5629; x_wconf 87' lang='lat'><strong>,</strong></span> <span class='ocrx_word' id='word_1_842' title='bbox 3191 5563 3385 5621; x_wconf 93' lang='lat' dir='ltr'><strong>huma-</strong></span> 
     </span>
    </p>
   </div>
   <div class='ocr_carea' id='block_1_81' title="bbox 229 5720 1445 5800">
    <p class='ocr_par' dir='ltr' id='par_1_81' title="bbox 229 5720 1445 5800">
     <span class='ocr_line' id='line_1_81' title="bbox 229 5720 1445 5800; baseline 0.002 -18"><span class='ocrx_word' id='word_1_843' title='bbox 229 5720 343 5793; x_wconf 70' lang='lat'><strong>(95‘)</strong></span> <span class='ocrx_word' id='word_1_844' title='bbox 374 5729 465 5799; x_wconf 85' lang='lat' dir='ltr'><strong>Ap.</strong></span> <span class='ocrx_word' id='word_1_845' title='bbox 495 5730 649 5787; x_wconf 85' lang='lat' dir='ltr'><strong>Joan.</strong></span> <span class='ocrx_word' id='word_1_846' title='bbox 682 5730 983 5797; x_wconf 85' lang='lat' dir='ltr'><strong>Moschum,</strong></span> <span class='ocrx_word' id='word_1_847' title='bbox 1016 5731 1109 5785; x_wconf 91' lang='lat' dir='ltr'><strong>lib.</strong></span> <span class='ocrx_word' id='word_1_848' title='bbox 1138 5748 1189 5795; x_wconf 84' lang='lat' dir='ltr'><strong>x,</strong></span> <span class='ocrx_word' id='word_1_849' title='bbox 1214 5746 1331 5800; x_wconf 87' lang='lat' dir='ltr'><strong>cap.</strong></span> <span class='ocrx_word' id='word_1_850' title='bbox 1359 5731 1445 5784; x_wconf 74' lang='lat' dir='ltr'><strong>.iO.</strong></span> 
     </span>
    </p>
   </div>
  </div>
