3878 6218
464 322 571 376 M7
1259 321 1318 375 S.
1358 317 1729 373 ATHANASH
1770 316 1922 371 OPP.
1963 314 2145 369 PARS
2186 312 2269 367 l'l.
2312 344 2382 354 —
2419 312 2827 369 EXEGETICA.
3642 307 3744 362 643

468 448 642 508 nitas,
666 444 911 515 probitas
932 454 986 500 et
1006 444 1266 515 praaclara
1295 443 1497 513 ingenii
1525 441 1736 496 indoles
1760 440 1827 495 ad
1849 438 2171 509 dignitatem
2196 445 2250 490 et
2289 436 2544 489 virtutem
2580 445 2706 489 nata
2727 474 2743 498 ,
2792 432 2935 487 haud
2968 431 3102 488 satis
3143 429 3353 485 laudari
3390 442 3491 499 pro
3529 426 3742 480 meritis

466 549 677 610 potest;
713 540 828 611 ipse
848 582 862 607 ,
891 542 1112 611 inquam
1132 581 1146 604 ,
1176 538 1629 609 praestantissimo
1660 536 1817 590 fratri
1854 534 2000 589 haud
2045 532 2330 588 dissimilis
2361 531 2605 586 codicem
2640 530 2886 585 Graecum
2908 568 2925 592 ,
2964 543 3075 598 quo
3110 526 3453 582 commodius
3479 523 3533 577 in
3564 522 3738 576 lucem

465 633 626 687 edere
650 648 888 702 possem,
919 632 1141 687 domum
1174 631 1525 686 deferendum
1559 630 1798 685 tradidit.
1838 627 2057 682 Utinam
2094 626 2177 680 vel
2203 628 2374 680 codex
2403 626 2703 679 doctiorem
2736 640 2821 679 me
2843 625 3194 692 interpretem
3222 630 3417 676 nactus
3444 627 3627 683 esset,
3658 620 3741 679 vel

466 739 567 791 ego
595 723 833 778 codicem
865 724 1277 778 correctiorem!
1307 722 1434 776 Erat
1462 722 1630 787 enim,
1659 730 1719 775 ut
1742 720 1996 791 superius
2026 718 2160 783 dixi,
2194 718 2516 780 mendosus,
2551 732 2801 777 mancus,
2835 717 3135 771 oscitanter
3167 715 3430 784 scriptus,
3461 712 3740 782 permistis

466 835 608 889 saepe
636 820 969 889 psalmorum
995 829 1047 873 et
1080 818 1542 888 interpretationis
1568 818 1783 881 verbis,
1820 814 2154 882 minimeque
2188 812 2601 883 interpretatio.
2648 822 2707 865 ut
2741 830 2770 865 a
2818 828 2901 865 me
2946 811 3149 865 factum
3185 818 3302 872 est,
3337 810 3391 862 in
3433 808 3739 863 versiculos

461 911 617 981 juxta
648 920 886 965 veterem
911 910 1251 966 Psahnorum
1289 913 1614 967 divisionem
1641 910 1919 963 distincta.
1955 904 2138 971 Quare
2160 906 2205 958 si
2237 921 2360 975 quae
2390 906 2582 959 lectori
2604 914 2899 960 occurrant
2931 919 3053 974 quae
3084 902 3221 958 forte
3246 903 3502 966 obscura,
3530 900 3737 970 inepta,

466 1003 665 1070 aliena,
690 1012 743 1057 et
764 1003 987 1059 minime
1018 1006 1161 1059 inter
1189 1021 1247 1059 se
1273 1016 1642 1059 consentanea
1676 1002 1991 1065 videantur,
2025 998 2077 1051 id
2111 997 2196 1051 vel
2218 998 2425 1053 codicis
2446 998 2731 1053 vitiositati
2766 998 2850 1052 vel
2874 996 3197 1068 typographi
3233 995 3456 1051 incuria:
3478 1036 3493 1059 ,
3526 995 3613 1049 vel
3642 1008 3746 1063 po-

466 1094 575 1150 tius
615 1095 845 1150 inscitiaz
871 1111 1005 1149 mea:
1038 1094 1092 1148 in
1124 1094 1329 1149 Graecis
1352 1094 1650 1157 vertendis,
1684 1088 2003 1161 supplendis
2025 1088 2493 1158 corrigendisque,
2522 1098 2581 1143 ut
2616 1088 2840 1152 tribuat,
2868 1086 3053 1141 velim.

656 1340 966 1402 Monitum
1028 1337 1110 1397 ad
1177 1336 1499 1397 Lectorem
1527 1346 1893 1414 excerptum
1930 1356 2011 1398 ea:
2067 1335 2393 1397 Antonelli
2444 1335 2817 1415 praefatione
2850 1334 3213 1415 Appendici
3243 1336 3530 1416 prwﬁxa.

535 1480 897 1551 Posteaquam
920 1481 1381 1546 Commentarius,
1411 1496 1505 1535 seu
1533 1480 1912 1550 lnterpretatio
1930 1480 2272 1535 Psalmorum
2305 1478 2487 1548 magni
2513 1478 2803 1533 Athanasii
2836 1477 3059 1532 nomine
3091 1476 3348 1547 insignita
3372 1478 3426 1530 in
3451 1477 3737 1547 publicum

462 1574 771 1645 prodierat,
810 1573 946 1627 forte
974 1572 1190 1627 fertuna
1235 1574 1491 1643 contigit,
1537 1582 1598 1626 ut
1627 1574 1924 1642 scriptores
1962 1572 2313 1626 Bibliotheca:
2341 1571 2647 1635 Vaticanae,
2686 1586 2810 1625 cum
2845 1572 3062 1626 codices
3095 1571 3149 1625 in
3179 1571 3379 1640 quibus
3412 1572 3735 1640 psalterium

462 1668 669 1737 aliique
694 1666 901 1720 Veteris
923 1663 1167 1736 Novique
1195 1666 1527 1721 Testamenti
1558 1667 1683 1720 libri
1714 1667 2063 1721 continentur
2085 1707 2098 1729 ,
2123 1667 2455 1728 evolverent,
2474 1666 2527 1718 in
2562 1681 2687 1719 eum
2719 1665 3021 1719 inciderent
3042 1679 3152 1735 quo
3180 1674 3233 1719 et
3259 1663 3461 1719 Psalmi
3490 1676 3543 1720 et
3566 1665 3740 1720 Com-

463 1763 767 1818 mentarius
792 1772 977 1815 noster
1008 1763 1202 1816 inerat.
1230 1761 1346 1827 Qua
1375 1762 1441 1816 de
1466 1777 1523 1815 re
1558 1762 1739 1815 statim
1766 1761 2082 1815 admonitus
2117 1762 2183 1815 ad
2213 1744 2533 1815 Vaticana'm
2566 1760 2951 1814 bibliothecam
2994 1776 3081 1816 me
3107 1761 3348 1827 contuli,
3381 1771 3435 1816 et
3461 1771 3737 1831 potestate

461 1855 597 1908 mihi
616 1870 645 1907 a
670 1868 885 1908 summo
907 1852 1159 1922 pontiﬁce
1189 1852 1479 1908 Benedicto
1503 1850 1620 1904 XIV
1649 1852 1881 1923 benigne
1909 1850 2073 1918 facta,
2102 1853 2343 1907 codicem
2379 1867 2591 1906 mecum
2619 1852 2841 1905 domum
2868 1852 3047 1917 retuli,
3078 1866 3254 1922 eoque
3277 1868 3399 1906 cum
3429 1852 3735 1906 Commen-

462 1949 602 2001 tario
632 1964 660 2001 a
692 1962 777 2001 me
805 1948 862 2001 in
893 1947 1068 2001 lucem
1097 1948 1264 2013 edito,
1288 1964 1397 2018 quo
1427 1948 1587 2001 citius
1617 1962 1713 2016 per
1746 1948 2130 2016 occupationes
2158 1948 2332 2011 licuit,
2357 1948 2581 2012 collato,
2606 1947 2785 2000 varias
2811 1946 3076 2000 lectiones
3105 1961 3169 2000 ea
3197 1944 3389 2014 majori
3422 1944 3731 2014 diligentia,

459 2058 566 2111 qua
592 2026 741 2112 potui
763 2082 777 2106 ,
801 2040 1090 2111 exscripsi,
1110 2055 1333 2111 easque,
1361 2052 1511 2097 ratus
1544 2057 1664 2095 sum
1710 2058 1797 2097 me
1858 2058 1970 2096 rem
2001 2053 2211 2111 gratam
2246 2043 2432 2098 lectori
2471 2042 2764 2106 facturum,
2796 2042 2841 2096 si
2871 2041 2937 2093 ad
2963 2040 3166 2094 calcem
3197 2039 3588 2093 Commentarii
3625 2052 3730 2091 seu

460 2136 1053 2205 lnterpretationisjam
1082 2138 1223 2207 typis
1249 2136 1525 2206 impressm
1553 2137 1902 2207 adjungerem
1941 2138 2078 2207 (94).
2108 2138 2386 2207 Siquidem
2419 2138 2573 2207 plura
2601 2153 2723 2206 quae
2763 2137 2815 2189 in
2855 2146 3045 2190 nostro
3080 2135 3266 2190 codice
3295 2134 3553 2198 deerant,
3591 2150 3734 2203 sup-

458 2229 708 2299 plentur:
742 2230 908 2282 multa
933 2244 997 2282 ex
1021 2229 1333 2297 conjectura
1361 2244 1388 2281 a
1416 2243 1500 2281 me
1525 2230 1812 2283 emendata
1837 2230 2259 2284 conﬁrmantur:
2290 2232 2522 2300 plurima
2546 2245 2731 2299 prave,
2763 2229 3043 2292 mendose,
3069 2243 3135 2281 ac
3165 2236 3498 2297 praepostero
3527 2229 3732 2285 ordine

458 2320 659 2389 scripta
692 2319 1064 2389 corriguntur.
1091 2318 1318 2373 Demum
1346 2319 1670 2373 divisionem
1695 2304 2040 2373 Psalmorum
2071 2319 2124 2373 in
2160 2322 2399 2377 minores
2426 2321 2725 2375 versiculos
2751 2336 2845 2390 per
2875 2321 2994 2375 cola
3022 2330 3076 2375 et
3107 2331 3400 2387 commata,
3427 2332 3485 2376 ut
3513 2332 3732 2379 veteres

458 2424 676 2479 vocant,
702 2430 865 2486 quam
891 2426 1161 2469 servatam
1188 2413 1354 2469 fuisse
1388 2429 1417 2466 a
1454 2422 1643 2467 nostro
1671 2412 1923 2469 Psalterii
1953 2416 2267 2484 interprete,
2297 2431 2363 2469 ex
2392 2418 2618 2487 antiquo
2644 2432 2793 2471 more
2818 2431 2882 2470 ac
2910 2416 3308 2471 consuetudine
3336 2418 3732 2475 verosimiliter

457 2507 799 2575 eonjeceram
828 2546 842 2570 ,
875 2522 1057 2560 veram
1084 2521 1204 2561 esse
1235 2516 1288 2560 et
1321 2506 1546 2561 minime
1578 2507 2010 2562 commentitiam
2050 2507 2342 2563 manifesto
2375 2510 2683 2563 ostenditur
2706 2548 2720 2570 ,
2767 2517 2821 2564 et
2860 2508 3030 2562 multa
3068 2508 3144 2562 ita
3175 2522 3233 2563 se
3264 2508 3498 2573 habere,
3533 2518 3595 2563 ut
3628 2527 3732 2582 per

458 2602 828 2672 conjecturam
855 2602 1067 2655 fuerant
1092 2619 1121 2655 a
1146 2617 1231 2655 me
1263 2602 1572 2665 emendata,
1606 2603 1925 2671 probantur.

526 2698 711 2753 Codex
747 2707 925 2752 autem
955 2708 1131 2751 exstat
1154 2698 1205 2750 in
1240 2697 1573 2753 Bibliotheca
1604 2697 1860 2753 Vaticana
1889 2699 2031 2753 inter
2055 2698 2271 2754 codices
2296 2696 2574 2752 Palatinos
2610 2712 2841 2751 numero
2861 2696 2953 2763 44,
2980 2712 3042 2751 ca
3071 2695 3248 2751 forma
3275 2713 3438 2767 quam
3470 2701 3638 2770 vulgo
3668 2701 3727 2755 in

456 2802 652 2863 quarto
677 2802 892 2848 vocant.
914 2792 1007 2847 Est
1034 2792 1252 2862 quidem
1285 2793 1690 2860 membraneus,
1718 2808 1827 2847 non
1853 2804 2033 2848 autem
2062 2794 2405 2858 chartacens,
2436 2801 2496 2845 ut
2521 2792 2607 2845 ille
2632 2809 2739 2861 quo
2767 2792 2818 2845 in
2849 2807 2966 2844 mea
2989 2777 3568 2847 editione'adornanda
3590 2809 3728 2849 usus

457 2900 602 2941 sum.
643 2883 890 2955 Scriptus
921 2894 1005 2939 est
1036 2884 1233 2938 szeculo
1264 2900 1409 2939 nono
1439 2894 1671 2940 exeunte
1697 2926 1711 2951 ,
1745 2894 1804 2939 ut
1828 2901 1891 2939 ex
1922 2886 2238 2940 charactere
2258 2926 2271 2946 ,
2306 2896 2421 2939 tum
2452 2886 2657 2940 certius
2686 2901 2753 2939 ex
2779 2886 2959 2939 verbis
2988 2892 3236 2949 constat,
3271 2902 3393 2955 qum
3418 2887 3472 2941 in
3497 2889 3729 2944 adnota-

456 2978 603 3033 tione
632 2977 700 3032 ad
728 2978 932 3033 calcem
963 2975 1167 3032 codicis
1196 2978 1429 3048 ascripta
1462 2977 1749 3047 leguntur:
1784 2978 1899 3032 haec
1927 2987 2104 3031 autem
2135 2976 2189 3029 in
2213 2976 2467 3032 Latinum
2502 2994 2659 3033 versa
2693 2978 2820 3031 talia
2846 2985 3007 3033 sunt:

1298 3072 1364 3127 Ut
1395 3072 1565 3127 dulcis
1592 3074 1955 3143 navigantibus
1988 3074 2307 3146 tranquillus
2339 3086 2520 3144 portus

1308 3167 1397 3223 Ita
1418 3179 1466 3223 et
1495 3170 1841 3223 scribentibus
1874 3170 2093 3225 ultimus
2125 3188 2321 3225 versus.

1309 3322 1547 3393 Scriptus
1574 3333 1650 3377 est
1682 3324 1812 3377 liber
1837 3326 1934 3377 iste
1961 3325 2261 3394 interpretis
2288 3325 2543 3381 Psalterii

1311 3435 1469 3471 manu
1498 3417 1682 3471 Leonis
1714 3417 1987 3472 Tabularii
2014 3419 2337 3475 Monobasiw

1304 3515 1482 3567 Mense
1514 3515 1747 3583 Augusto
1778 3513 1869 3577 28,
1906 3515 1992 3569 die
2020 3516 2075 3580 ἓ,
2107 3515 2229 3570 Ind.
2270 3558 2283 3571 .
2330 3558 2343 3570 .
2385 3559 2397 3571 .
2444 3553 2459 3573 .

1307 3622 1445 3659 anno
1479 3604 1619 3658 60ιό
1648 3604 1804 3675 (94’).

1313 3694 1502 3749 Lector
1529 3694 1807 3763 deprecare
1830 3696 1978 3761 mihi,
2012 3705 2069 3749 ut
2097 3714 2187 3766 per
2218 3698 2491 3755 Christum

1307 3787 1496 3841 liberer
1519 3786 1582 3838 ab
1614 3787 1732 3855 igne
1760 3787 2023 3855 gehennae.

526 3880 743 3938 Codieis
768 3880 1049 3950 inscriptio
1070 3920 1085 3944 ,
1114 3894 1179 3934 ex
1210 3894 1317 3949 qua
1346 3894 1543 3933 nomen
1574 3877 1813 3931 auctoris
1855 3875 2319 3946 [interpretationis
2350 3882 2691 3942 Psalmorum
2720 3890 2921 3946 certius
2967 3892 3128 3947 nobis
3154 3905 3499 3964 compertum
3530 3897 3690 3954 ﬁeret
3709 3942 3727 3967 ,

454 3978 653 4048 majori
682 3994 747 4032 ex
770 3986 922 4046 parte
951 3976 1125 4029 deleta
1150 3983 1251 4028 est.
1290 3973 1525 4027 Litteras
1555 3989 1706 4037 vero,
1736 3987 1858 4041 quae
1888 3973 2065 4029 adhuc
2089 3988 2402 4045 supersunt,
2437 3988 2491 4033 et
2518 3997 2658 4050 quae,
2689 4000 2798 4053 prae
2819 3996 3087 4041 vetustate
3109 3988 3327 4057 quidem
3362 3990 3477 4059 jam
3507 3992 3732 4063 fugien-

455 4082 573 4135 tes,
602 4071 783 4138 aliqua
815 4077 991 4121 tamen
1018 4066 1327 4133 diligentia,
1354 4074 1409 4119 et
1444 4080 1575 4118 cura
1602 4063 1877 4127 adhibita,
1913 4064 2015 4133 legi
2058 4075 2349 4134 poterant,
2387 4074 2601 4128 caneris
2640 4076 2865 4130 οηιηίηὸ
2894 4080 3119 4146 deletis,
3162 4084 3265 4138 hoc
3296 4086 3417 4141 loco
3448 4090 3729 4147 ascribam

456 4160 819 4215 EPMHNEIA
851 4158 1147 4212 ΨΑΛΜΩΝ
1184 4197 1197 4208 .
1241 4194 1257 4209 .
1303 4197 1317 4210 .
1358 4196 1370 4210 .
1417 4197 1429 4209 .
1476 4194 1487 4206 .
1534 4193 1548 4206 .
1591 4194 1604 4207 .
1648 4153 1809 4208 (11οΥ
1846 4147 1981 4205 ΤΟῩ

1081 4147 2612 4217 ὶΝ........(]ΙΟΥΤΟῩ...........

454 4267 551 4308 eas
574 4261 754 4306 autem
790 4252 869 4305 sic
900 4251 1170 4321 legerem:

669 4408 1029 4464 ΕΡΜΗΝΕΙΑ
1066 4408 1363 4462 ΨΑΛΜΩΝ
1397 4409 1790 4465 ΑΘΛΝΑΣΙΟΥ
1828 4410 1965 4466 ΤΟΥ
2002 4414 2323 4467 ΜΕΓΑΛΟΥ

1254 4565 1811 4623 ΙΝΤΕΙὶΡιίΕΤΑΤΙΟ
1847 4567 2280 4627 PSALMORUM
2322 4573 2537 4629 MAGNI
2570 4574 2943 4633 ATHANASII

531 4748 661 4807 Post
681 4751 1094 4822 inscriptionem
1121 4752 1369 4822 sequitur
1392 4752 1605 4821 primus
1631 4753 1876 4823 psalmus
1897 4770 2020 4809 cum
2043 4755 2507 4827 interpretatione,
2533 4776 2653 4831 quae
2675 4761 2862 4818 deerat
2885 4762 2938 4816 in
2965 4774 3154 4820 nostro
3181 4767 3388 4822 codice.
3425 4770 3531 4825 Sed
3555 4775 3730 4833 verba

462 4848 657 4916 psalmi
687 4856 741 4901 et
768 4847 1224 4917 interpretationis
1251 4847 1335 4902 vel
1360 4856 1655 4914 vetustate,
1692 4850 1778 4903 vel
1801 4850 2158 4919 humiditate,
2191 4856 2273 4908 vel
2312 4855 2418 4909 alio
2442 4872 2572 4911 casu
2618 4874 2728 4913 non
2782 4860 3006 4913 minima
3050 4876 3115 4913 ex
3149 4872 3304 4930 parte
3343 4864 3637 4922 obliterata
3668 4880 3729 4924 et

461 4949 714 5084 forrupta
742 4955 851 4993 non
873 4941 1077 5010 absque
1104 4943 1340 4997 maxima
1361 4940 1672 4998 difﬁcultate
1693 4944 1794 5015 legi
1820 4954 2142 5015 potuerunt;
2167 4964 2227 5004 ea
2255 4959 2433 5003 autem
2457 4967 2784 5024 quacunque
2805 4954 2954 5023 potui
2978 4953 3256 5025 diligentia
3282 4972 3310 5009 a
3337 4974 3421 5012 me
3443 4959 3725 5031 descripta

484 5038 631 5084 eetor
656 5030 899 5084 reperiet.

484 5038 631 5085 eetor
656 5030 899 5098 reperiet.

538 5212 1427 5301 ,ῼυωχθιξρᾼγηιρηριιιμε.εά
1470 5217 1673 5297 calcem
1718 5213 2022 5271 Commcn-
2208 5218 2344 5301 (94⁵)
2508 5222 3012 5301 650§_a-crea_tio_ne
3056 5228 3243 5283 mundi
3290 5229 3430 5299 apud
3473 5231 3724 5301 Graecos,

463 5286 584 5340 tarii
610 5285 878 5354 adjunxit,
909 5298 1007 5340 nos
1029 5285 1144 5340 suis
1173 5285 1305 5341 locis
1338 5286 1666 5343 inseruimus
2142 5285 2224 5342 est
2256 5305 2285 5343 a
2320 5285 2597 5348 nativitate
2616 5292 2816 5348 Christi
2848 5296 2969 5350 897.
