3878 6218
216 224 333 285 διν
1219 238 1312 295 BE
1347 241 1628 299 TlTULIS
1665 245 2129 306 PSALMOBUM.
2172 282 2242 293 —
2281 252 2480 310 PSAL.
2525 254 2567 311 Ι.
3436 263 3542 319 650

326 528 1185 567 Ms

1204 554 3346 588 ...μ-Ἦ

1158 792 1584 893 SANCTI
1658 805 2110 896 PATRIS
2185 808 2629 904 NOSTBI

1365 1120 2402 1237 ATEANASII

854 1396 857 1399 ’
918 1462 1100 1579 DE
1193 1466 1780 1584 TITULIS
1861 1469 2731 1590 PSALMORUM

695 1940 949 1994 ΒῙΒΛΟΣ
1022 1942 1355 2000 ΨᾹΛΜΩΝ.
1849 1957 1895 2011 Δ

1849 1957 1895 2011 Α
2338 1947 2564 2003 LIBER
2595 1949 2835 2007 PSALM
2848 1952 3070 2010 ORUM.

218 2071 476 2144 Ψαλμὸς
518 2073 604 2141 τῷ
645 2074 822 2129 Δαϐὶδ
861 2076 1267 2151 ἀνεπίγραφος
1307 2084 1449 2153 παρ’
1501 2080 1749 2153 Ἑϐραῖοι

2079 2084 2331 2139 Psalmus
2361 2086 2533 2141 David
2564 2089 2679 2143 sine
2707 2090 2865 2144 titulo
2889 2092 3033 2161 apud
3060 2066 3378 2152 ‘ueorwotf

819 2212 1126 2269 ΨΑΛΜΟΣ
1155 2220 1238 2269 Α’.

2479 2225 2829 2283 PSALMUS
2889 2227 2939 2283 Ι.

281 2354 330 2408 1,
375 2346 679 2418 Μακάριος
703 2347 861 2420 ἀνὴρ,
896 2349 956 2413 ὃς
986 2351 1085 2403 οὐκ
1111 2350 1379 2422 ἐπορεύθη
1412 2353 1469 2404 ὲν
1497 2350 1659 2423 βουλῇ
1692 2352 1755 2405 de

1989 2360 2039 2415 1.
2072 2360 2273 2418 Beatus
2323 2362 2407 2417 vir
2450 2364 2547 2433 qui
2589 2380 2698 2419 non
2759 2365 2895 2421 abiit
2930 2365 2989 2419 in
3030 2365 3267 2423 consilio
3304 2366 3507 2437 impio-

216 2448 341 2498 οων,
1417 2468 1425 2477 θ

1417 2468 1425 2477 ’
1914 2465 2033 2504 rum

278 2491 338 2581 2.,
374 2530 492 2582 Καὶ
532 2532 592 2583 ὲν
621 2531 724 2601 ὁδῷ
764 2532 1102 2604 ἁμαρτωλῶν
1136 2534 1236 2588 οὐκ
1272 2535 1424 2606 ἔστη,

1915 2491 2061 2519 ......,

1981 2545 2035 2598 2.
2070 2543 2136 2598 Et
2163 2545 2216 2599 in
2241 2545 2328 2599 via
2350 2554 2701 2616 peccatorum
2731 2563 2841 2603 non
2873 2547 3021 2603 stetit

277 2620 329 2674 5.
372 2623 489 2676 Καὶ
528 2625 626 2677 ἐπὶ
656 2625 893 2697 καθέδρᾳ
922 2627 1125 2698 λοιμῶν
1158 2628 1258 2681 οὐκ
1290 2628 1546 2683 ἐκάθισεν
1566 2649 1580 2662 ·

1984 2632 2040 2688 5.
2067 2632 2135 2687 Et
2161 2634 2215 2687 in
2254 2636 2514 2690 cathedra
2539 2637 2865 2705 pestilentiae
2884 2652 2993 2693 non
3030 2638 3204 2705 sedit;

182 2732 201 2739 -
277 2714 330 2767 4.
385 2716 540 2769 Ἀλλ’
576 2718 608 2787 ἢ
641 2719 699 2771 ὲν
738 2717 816 2789 τῷ
848 2718 997 2791 νόμῳ
1030 2719 1236 2792 Κυρίου
1274 2722 1335 2775 τὸ
1370 2721 1584 2794 θέλημα
1617 2721 1713 2777 αύτ

1618 2721 1806 2789 αὐτοῦ,
1984 2723 2041 2777 4.
2079 2722 2183 2779 Sed
2218 2725 2275 2779 in
2302 2726 2423 2797 lege
2458 2726 2681 2781 Domini
2715 2728 2972 2783 voluntas
3004 2729 3149 2800 ejus,

281 2805 333 2860 5.
374 2810 490 2863 Καὶ
524 2811 586 2862 ἐν
617 2810 697 2881 τῷ
731 2810 885 2883 νόμῳ·
921 2812 1089 2867 αὐτοῦ
1126 2814 1413 2883 μελετῇσει
1452 2816 1668 2886 ἡμέρας
1712 2817 1809 2871 καὶ

1792 2818 1809 2870 ι
1982 2814 2034 2869 5.
2058 2812 2124 2870 Et
2154 2816 2211 2870 in
2240 2816 2359 2888 lege
2390 2817 2511 2888 ejus
2545 2819 2898 2875 meditabitur
2933 2821 3021 2876 die
3053 2836 3118 2876 ac
3146 2830 3323 2878 nocte.

211 2911 423 2956 νυκτός.

278 2916 340 2952 κτ
408 2943 423 2956 .

278 2991 331 3045 6.
344 2902 487 3049 όῗίαὶ
519 2995 676 3051 ἔσται
710 2998 787 3062 ὡς
819 2998 879 3052 τὸ
912 2998 1088 3067 ξύλον,
1123 2999 1184 3053 τὸ
1209 3018 1617 3072 πεφυτευμενον
1651 3003 1804 3075 παρὰ

1983 2996 2038 3053 6.
2072 2996 2139 3053 Et
2160 2998 2267 3054 erit
2306 3008 2570 3071 tanquam
2600 3000 2833 3071 lignum,
2873 3003 3019 3073 quod
3072 3003 3383 3074 plantatum
3412 3013 3496 3059 est

210 3082 305 3146 τὰς
333 3085 609 3154 διεξόδους
631 3090 737 3143 τῶν
767 3091 975 3144 ὑδάτων
1006 3110 1019 3122 ·

1909 3104 2068 3146 secus
2119 3090 2385 3147 decursus
2434 3108 2738 3162 aquarum,

278 3180 330 3234 7.
378 3185 443 3236 Ὃ
472 3185 573 3237 τὸν
607 3185 819 3255 καρπὸν
855 3184 1020 3239 αὐτοῦ
1050 3184 1211 3238 δώσει
1246 3184 1305 3239 ὲν
1335 3184 1514 3256 καιρῷ
1543 3185 1729 3253 αὐτοῦ,

1979 3183 2033 3237 7.
2066 3183 2223 3250 Quod
2273 3183 2517 3240 fructum
2573 3201 2736 3241 suum
2777 3184 2932 3239 dabit
2978 3184 3035 3239 in
3070 3194 3317 3255 tempore
3370 3200 3492 3249 suo,

276 3271 325 3327 8.
367 3276 480 3329 Καὶ
505 3276 571 3329 τὸ
596 3278 794 3345 φύλλον
820 3280 982 3332 αὑτοῦ
1012 3279 1113 3331 ούκ
1142 3279 1554 3350 ἀπορρυήσεται
1573 3296 1587 3309 ⁸

1372 3280 1587 3350 ἠσεται·
1832 3302 1877 3359 Β
1978 3276 2031 3330 8.
2068 3276 2135 3331 Ει
2162 3276 2354 3331 folium
2378 3278 2501 3347 ejus
2529 3294 2641 3332 non
2671 3277 2903 3344 deﬂuet;

277 3362 328 3417 9.
370 3368 482 3421 Καὶ
520 3370 698 3422 πάντα
728 3372 828 3423 ὅσα
861 3369 925 3423 ἂν
957 3374 1108 3442 ποιῇ,
1140 3370 1666 3442 κατευοδωθήσεται.

1974 3369 2026 3424 9.
2058 3369 2125 3423 Et
2158 3370 2342 3424 omnia
2382 3386 2726 3441 quaecunque
2766 3370 2952 3441 faciet,
2993 3370 3467 3441 prosperabuntur

281 3455 364 3511 10.
407 3460 528 3531 Οὐχ
556 3460 730 3523 οὕτως
756 3463 803 3514 οἱ
840 3462 1077 3528 ἀσεϐεῖς,
1108 3464 1205 3533 οὐχ
1235 3463 1431 3527 οὕτως’

1290 3480 1431 3527 ιτως’
1978 3464 2064 3519 10.
2094 3463 2214 3519 Non
2246 3464 2326 3519 sic
2353 3465 2527 3535 impii,
2564 3481 2672 3520 non
2705 3465 2821 3532 sic;

280 3550 362 3603 Η.
406 3552 556 3604 Ἀλλ’
582 3552 615 3621 ἢ
643 3553 775 3606 ὡσεὶ
804 3554 985 3624 χνοῦς,
1019 3555 1076 3607 ὃν
1106 3555 1358 3628 ἐκρίπτει
1393 3558 1421 3610 ὁ
1453 3555 1656 3627 ἄνεμος
1685 3555 1796 3610 ἀπὸ

1974 3556 2061 3611 11.
2097 3555 2202 3609 Sed
2233 3563 2496 3625 tanquam
2545 3557 2745 3626 pulvis,
2804 3571 2967 3626 quem
3029 3556 3251 3628 projicit
3289 3565 3487 3613 ventus

213 3642 500 3711 προσώπου
530 3646 629 3715 τῆς
654 3648 776 3717 γῆς.
1468 3692 1475 3700 .

1468 3692 1475 3700 .
1899 3661 1931 3701 a
1954 3644 2091 3701 facie
2115 3654 2292 3701 terrae.
2448 3637 2454 3645 ’

278 3734 362 3790 12.
400 3739 502 3792 Διὰ
533 3738 690 3791 τοῦτο
718 3740 816 3792 οὐκ
840 3741 1235 3811 ἀναστήσονται
1265 3742 1482 3807 ἀσεϐεῖς
1505 3743 1563 3797 ἐν
1589 3742 1789 3812 κρίσει,

1665 3742 1789 3806 ίσει,
1978 3740 2066 3793 12.
2097 3739 2222 3793 ldeo
2246 3754 2357 3793 non
2381 3748 2673 3810 resurgent
2692 3740 2846 3809 impii
2882 3739 2936 3794 in
2962 3739 3193 3810 judicio,

279 3824 360 3881 1'5.
397 3830 537 3882 Οὐδὲ
575 3830 889 3901 ἁμαρτωλοὶ
919 3832 978 3884 ὲν
1011 3830 1176 3902 βουλῇ
1205 3831 1456 3887 δικαίων.

1970 3831 2056 3883 15.
2092 3828 2279 3899 Neque
2306 3838 2625 3899 peccatores
2651 3830 2708 3884 in
2738 3830 2978 3886 consilio
2999 3830 3300 3900 justorum.

280 3916 363 3972 14.
407 3921 533 3974 ’Ότι
560 3921 821 3990 γινώσκει
855 3923 1061 3996 Κύριος
1094 3924 1212 3977 ὁδὸν
1248 3924 1497 3990 δικαίων,

1970 3922 2058 3976 14.
2090 3921 2366 3988 Quoniam
2398 3923 2550 3976 novit
2577 3921 2846 3977 Dominus
2886 3922 3032 3977 viam
3058 3922 3334 3977 ‘ustorum
3359 3961 3374 3987 ,

278 4009 362 4067 15.
398 4016 516 4069 Καὶ
540 4015 654 4080 ὁδὸς
683 4016 895 4072 ἀσεϐῶν
925 4018 1230 4072 ἀπολεῖται.

1968 4010 2058 4067 15.
2095 4012 2163 4067 Et
2191 4014 2297 4068 iter
2318 4014 2616 4085 impiorum
2658 4014 2879 4085 peribit.

225 4277 3471 4310 ww

494 4489 635 4563 ‘TOT
664 4488 758 4543 EN
798 4488 1021 4543 ΑΓΙΟΙΣ
1052 4487 1323 4542 ΠΑΤΡΟΣ
1356 4488 1557 4543 ΗΜΩΝ

2242 4482 2490 4543 SANCTI
2550 4482 2803 4538 PATRIS
2861 4481 3116 4539 NOSTRI

790 4604 1185 4658 ΑΘΑΝΑΣΙΟΥ

2489 4596 2864 4654 ATHANASII

524 4719 975 4792 ’Δρχιεπισκόπου
1041 4717 1452 4791 Ἀλεξανδρείας

2276 4716 2693 4787 Archiepiscopi
2720 4716 3079 4771 Alexandrini

764 4836 1143 4890 EPMHNEIA
1155 4875 1169 4888 .
2357 4832 2599 4887 INTER
2609 4831 2925 4888 PRETATI
2938 4832 3002 4888 0.

291 5013 518 5071 Psalmus
546 5016 749 5085 primus
782 5016 970 5070 deest:
998 5015 1071 5069 ita
1098 5014 1365 5083 scriptum
1400 5013 1602 5082 legitur
1626 5012 1814 5068 rubris
1841 5012 2047 5069 litteris
2073 5013 2130 5067 in
2162 5011 2413 5083 margine
2450 5013 2667 5082 paginae
2702 5009 2959 5067 Psalterii
2996 5011 3175 5070 Graeci
3198 5022 3253 5069 et
3284 5013 3468 5072 Latini

215 5114 339 5181 typis
386 5117 656 5188 impressi,
717 5124 773 5172 et
821 5116 1037 5187 paginis
1075 5115 1247 5169 nostri
1272 5114 1478 5170 codicis
1504 5114 1761 5181 insertae;
1799 5114 1854 5169 in
1887 5113 2135 5169 inferiori
2165 5122 2352 5169 autem
2413 5114 2666 5184 margine
2711 5115 2778 5169 ad
2832 5116 2998 5170 verba
3044 5117 3157 5183 illa,
3193 5119 3288 5171 ml.
3351 5120 3469 5182 ὁδὸς

213 5202 402 5264 ἀσεϐῶν
451 5213 749 5277 ἀπολεῖται,
804 5212 906 5265 iter
964 5211 1250 5279 impiorum
1279 5210 1502 5279 peribit,
1551 5212 1669 5265 haec
1714 5225 1743 5265 a

1931 5227 1969 5265 '.a
2005 5219 2132 5265 sunt
2160 5229 2173 5265 :
2207 5210 2289 5262 Τὰ
2325 5209 2745 5280 ἐπιτηδεύματα
2788 5210 2881 5264 τοῦ
2911 5212 3161 5267 διαὸόλου
3199 5212 3336 5283 μετὰ
3368 5215 3462 5282 τὴν

217 5293 478 5357 ἀνάστασιν
522 5303 623 5357 οὐκ
678 5302 760 5356 ἔτι
809 5301 1041 5356 ἔσονται.
1097 5301 1376 5355 Diabolica
1427 5302 1629 5367 studia,
1685 5309 1735 5357 et

1930 5304 2183 5356 tentiones
2222 5319 2327 5357 non
2376 5302 2607 5372 amplius
2643 5311 2799 5357 erunt
2841 5312 2961 5374 post
2998 5308 3461 5365 resurrectionem.

272 5434 429 5496 Habes
449 5445 505 5497 in
535 5442 772 5514 sequenti
801 5443 998 5513 pagina
1032 5443 1227 5496 iterum
1270 5443 1535 5513 psalmum
1553 5444 1788 5515 primum
1821 5460 1941 5500 cum
1970 5442 2621 5514 interpretatione,'prout
2649 5449 2829 5498 exstat
2868 5441 2921 5497 in
2948 5441 3131 5496 codice
3180 5440 3456 5503 Vaticano.

225 5524 337 5591 Vide
353 5537 607 5595 Monitum
632 5554 823 5607 supra.

496 5726 768 5787 ΡΑτιιοι.
818 5722 934 5786 GR.
971 5718 1237 5783 XXVII.

3058 5715 3134 5778 21
