3878 6218
395 275 491 331 651
1242 270 1299 327 S.
1341 267 1713 326 ATHANASII
1751 268 1903 328 OPP.

2161 271 2250 329 111.
2290 303 2359 313 —-
2397 272 2811 332 EXEGETICA.
3546 277 3658 335 652

469 389 1076 447 mrsnpnsmno
1133 358 1587 445 Psawoziuu
1645 387 1892 443 MACNI
1996 396 2043 453 Α
2206 395 2587 446 EPMHNEIA
2635 397 2964 450 ΨΑΑΜΩΝ.
3047 436 3059 448 .
3139 434 3152 447 .
3233 433 3246 446 .
3328 432 3342 446 .
3422 432 3438 447 .

963 480 1404 537 ATHANASU.
2387 487 2494 537 ΣΙί

2387 484 2753 537 ΣΙΟΥἸὈΥ.
2841 518 3233 538 ...-.
3317 522 3330 534 .

1047 572 1248 627 PSAL.
1284 571 1332 625 Ι.

2700 579 2875 631 ΨΑΛ.
2902 580 2983 630 Α¹.

467 670 518 723 1.
558 670 756 723 Beatus
781 667 882 731 vir,
906 668 999 737 qui
1018 682 1125 721 non
1150 667 1285 721 abiit
1302 666 1357 719 in
1393 679 1628 720 consuto
1648 679 1967 735 .mpiorum,

2144 666 2194 721 1.
2235 668 2516 738 Μακάριος
2540 667 2698 739 ἀνὴρ,
2733 666 2791 728 ὃς
2820 668 2920 719 οὐκ
2946 666 3217 737 ἐπορεύθη
3248 668 3304 719 ἐν
3334 666 3499 738 βουλῇ
3526 669 3658 720 ἀσε-

2073 756 2203 821 ϐῶν,

466 862 521 916 2.
550 864 615 917 Et
645 861 698 915 in
730 860 816 914 via
847 869 1197 930 peccatorum
1230 874 1336 913 non
1372 859 1545 914 stetit.

2141 848 2193 901 ‘2.
2236 848 2345 902 Καὶ
2372 849 2427 901 ὲν
2455 847 2557 918 ὀδῷ
2589 850 2925 920 ἁμαρτωλῶν
2948 850 3047 903 οὐκ
3072 850 3221 922 ἔστη.

466 954 641 1021 Quam
680 954 825 1009 beati
865 962 1013 1018 sunt,
1053 953 1149 1021 qui
1200 952 1327 1005 talia
1361 953 1511 1005 etita
1546 950 1790 1005 faciunt!

2155 942 2241 1003 Ὡς
2261 942 2517 1012 μακάριοι
2546 941 2743 1004 πάντες
2776 945 2822 994 οἰ
2846 943 3127 1005 ποιοῦντες
3156 941 3329 1005 οὕτως
3357 942 3654 1007 ὠσαύτωςί

466 1048 519 1101 5.
546 1047 611 1100 Et
643 1047 696 1099 in
727 1045 988 1099 cathedra
1022 1043 1348 1113 pestilentiae
1388 1058 1495 1096 non
1529 1043 1688 1095 sedit.

2142 1033 2194 1087 5.
2237 1034 2347 1085 Καὶ
2378 1034 2469 1085 ἐπὶ
2501 1032 2737 1105 καθέδρᾳ
2766 1034 2968 1104 λοιμῶν
3002 1036 3102 1086 οὐκ
3136 1033 3409 1088 ἐκάθισεν.

469 1136 665 1207 Josepli
694 1136 857 1189 etiam
888 1135 955 1188 ab
1003 1135 1336 1188 Arimatliaea
1390 1149 1497 1187 non
1543 1133 1792 1188 consedit
1847 1148 1971 1187 cum

2155 1124 2213 1176 '0
2237 1124 2332 1176 καὶ
2384 1123 2583 1192 Ἰωσὴφ
2624 1122 2731 1175 ἀπὸ
2789 1121 3149 1194 Ἀριμαθαίας
3192 1123 3250 1174 οὐ
3287 1122 3662 1190 συγκαθέζετο

395 1229 618 1283 ιιυάιιξίε.
2071 1216 2183 1277 τοῖς
2225 1214 2519 1276 Ἰουδαίοις.

464 1321 520 1374 4.
558 1318 663 1375 Sed
694 1320 749 1373 in
782 1320 899 1389 lege
938 1318 1153 1373 Domini
1178 1319 1433 1373 voluntas
1465 1318 1610 1389 ejus,

2141 1309 2192 1360 4.
2248 1306 2384 1359 Ἀλλ’
2415 1306 2447 1377 ἢ
2478 1308 2535 1359 ὲν
2567 1305 2645 1377 τῷ
2674 1304 2821 1376 νόμῳ
2858 1304 3066 1376 Κυρίου
3109 1304 3170 1355 τὸ
3202 1302 3415 1375 θέλημα
3447 1303 3654 1358 αὐτοῦ’

464 1409 772 1480 Explorans
800 1410 943 1479 quod
980 1409 1089 1464 Deo
1150 1411 1410 1479 placitum
1438 1418 1539 1473 est,
1572 1418 1624 1463 et
1652 1407 1783 1462 illud
1812 1408 1907 1478 (a).
1955 1447 1969 1460 .

2140 1401 2439 1471 Δοκιμάζον
2466 1401 2526 1454 τὸ
2558 1400 2851 1471 εὐάρεστον
2876 1397 2952 1469 τῷ
2984 1396 3123 1468 Θεῷ,
3161 1399 3255 1450 καὶ
3286 1397 3443 1449 τοῦτο
3477 1397 3652 1467 (a)....

468 1502 521 1557 5.
555 1501 621 1555 Et
648 1502 702 1555 in
724 1501 841 1572 lege
863 1502 981 1571 ejus
1014 1503 1369 1557 meditabitur
1401 1503 1488 1557 die
1515 1518 1579 1556 ac
1612 1510 1790 1555 nocte.

2144 1493 2196 1547 5.
2240 1494 2347 1546 Καὶ
2392 1491 2555 1563 ἐντῷ
2581 1491 2729 1563 νόμῳ
2764 1488 2926 1544 αὐτοῦ
2969 1489 3257 1561 μελετήσει
3300 1489 3511 1560 ἡμέρας
3558 1490 3657 1541 καὶ

2072 1585 2286 1648 νυκτός.

470 1682 522 1736 6.
567 1681 630 1737 Ει
652 1681 757 1737 erit
781 1690 1039 1752 tanquam
1069 1683 1300 1753 lignum,
1345 1684 1489 1753 quod
1533 1682 1839 1752 plantatum
1886 1688 1972 1736 est

2143 1677 2195 1731 6.
2237 1678 2347 1729 Kal
2381 1675 2532 1728 ἔσται
2565 1675 2639 1738 ὡς
2669 1675 2728 1728 τὸ
2763 1672 2938 1739 ξύλον,
2967 1675 3028 1728 τὸ
3060 1676 3467 1746 πεφυτευμένον
3498 1676 3662 1746 παρὰ

398 1789 557 1829 secus
603 1774 870 1829 decursus
898 1790 1190 1844 aquarum.

2002 1759 2045 1813 Β
2072 1770 2171 1833 τὰς
2201 1769 2462 1833 διεξόδους
2492 1768 2601 1820 τῶν
2630 1768 2856 1821 ὑδάτων.

471 1867 564 1922 Die
591 1882 654 1923 ac
681 1876 842 1922 nocte
874 1866 1147 1923 meditans
1181 1867 1235 1921 in
1285 1866 1419 1936 lege,
1460 1876 1545 1921 est
1584 1866 1753 1920 veluti
1807 1864 1971 1919 arbor

2153 1858 2394 1929 Ἡμέρας
2417 1859 2511 1912 καὶ
2536 1857 2729 1921 νυκτὸς
2768 1857 3005 1927 μελετῶν
3038 1858 3095 1910 ἐν
3125 1856 3201 1927 τῷ
3224 1857 3393 1927 νόμῳ,
3430 1858 3503 1920 ὡς
3529 1856 3658 1911 δέν-

399 1962 1067 2032 (b)..........
1144 1957 1930 2030 ..irrigataa(c)....

2128 1966 2194 2002 »ον
2220 1951 2367 2002 ἐστὶν
2403 1950 2501 2019 (b).
2579 1987 2596 2004 .
2675 1989 2690 2003 .
2770 1988 2785 2003 .
2867 1990 2879 2002 .
2956 1987 2974 2004 .
3052 1989 3066 2003 .
3146 1989 3159 2001 .
3241 1989 3253 2003 .
3298 1950 3659 2019 ποτιζόμενον

396 2053 477 2124 (d)
520 2092 534 2107 .
578 2092 593 2107 .
639 2093 652 2106 .
697 2093 710 2107 .
756 2093 771 2106 .
812 2052 867 2106 ἱη
893 2050 1149 2122 paradiso
1195 2050 1265 2123 (ε)
1309 2092 1322 2106 .
1368 2092 1382 2106 .
1428 2092 1443 2107 .
1485 2092 1499 2108 .
1545 2052 1621 2107 ita
1663 2060 1717 2107 et
1744 2052 1808 2123 (1)
1854 2092 1867 2105 .
1917 2092 1927 2104 .

2128 2041 2176 2096 τὺ
2203 2042 2300 2112 τῆς
2333 2041 2400 2110 γλ
2614 2080 2629 2094 .
2705 2079 2723 2096 .
2801 2080 2817 2093 .
2896 2081 2909 2096 .
2942 2041 3041 2111 ((1).
3123 2083 3137 2097 .
3217 2082 3230 2097 .
3267 2043 3325 2094 ὲν
3364 2041 3439 2111 τῷ
3480 2060 3659 2113 παρα-

396 2144 472 2218 (ἒ)
517 2186 531 2199 ο
578 2187 591 2200 ·
635 2186 650 2201 ο
2069 2133 2260 2205 δείσῳ.
2340 2174 2355 2189 .
2436 2174 2449 2187 .
2527 2170 2545 2190 .
2584 2150 2723 2197 στως
2759 2130 2864 2204 (e),
2913 2131 3087 2196 οὕτως
3125 2133 3238 2189 καί.
3316 2172 3332 2186 .
3411 2174 3422 2187 .
3461 2132 3523 2206 (Γ)
3565 2152 3659 2188 τοι

2069 2226 2194 2279 ὑπὸ.
2274 2266 2287 2281 .
2366 2267 2381 2282 .
2420 2225 2495 2298 (ς)
2536 2243 2588 2279 υ.

468 2327 519 2379 7.
558 2325 713 2391 Quod
744 2324 984 2380 fructum
1040 2340 1202 2379 suum
1243 2324 1393 2378 dabit
1436 2323 1489 2377 in
1546 2330 1793 2392 tempore
1842 2337 1963 2378 suo.

2143 2318 2193 2371 7.
2242 2318 2306 2371 Ὃ
2336 2318 2426 2371 τὸν
2461 2317 2672 2389 καρπὸν
2704 2316 2867 2369 αὑτοῦ
2900 2316 3057 2369 δώσει
3093 2319 3151 2370 ὲν
3183 2317 3359 2391 καιρῷ
3392 2317 3555 2370 αὑτοῦ

466 2418 604 2472 Cum
668 2416 742 2485 (Ii)
785 2458 798 2471 .
844 2458 857 2469 .
905 2457 918 2470 .
969 2416 1351 2486 tempestivum
1387 2414 1626 2470 fructum
1684 2414 1965 2474 praebebit.

2150 2410 2345 2463 Ἦνίκα
2388 2427 2539 2482 παρα
2580 2410 2681 2481 (li).
2762 2450 2775 2463 .
2856 2448 2872 2464 .
2950 2451 2963 2464 .
3045 2452 3059 2465 .
3136 2448 3150 2463 .
3230 2408 3654 2481 .ῡς,παραδώ-

2070 2519 2152 2555 σει
2179 2501 2385 2573 ὥριμον
2414 2502 2505 2555 τὸν
2530 2502 2762 2573 καρπόν.

465 2591 519 2646 8.
553 2590 619 2645 Et
647 2589 772 2644 folia
797 2590 913 2659 ejus
947 2605 1055 2643 non
1092 2589 1366 2655 deﬂuent,

2141 2600 2193 2653 8.
2236 2597 2346 2651 Kal
2377 2596 2444 2649 τὰ
2477 2596 2652 2665 φύλλα
2682 2597 2845 2650 αὑτοῦ
2879 2597 2976 2650 οὐκ
3005 2598 3430 2669 ἀπορρυήσεται.

464 2680 533 2735 Et
565 2682 733 2736 decor
759 2681 957 2735 anima:
1000 2698 1111 2736 non
1149 2682 1386 2736 excidet.

2139 2691 2251 2744 Kal.
2282 2693 2315 2761 ἡ
2346 2689 2650 2760 εὐπρέπεια
2678 2688 2779 2757 τῆς
2803 2688 2981 2759 ψυχῆς
3019 2690 3119 2743 οὐκ
3147 2691 3481 2741 ἐκπεσεῖται.

463 2775 517 2831 9.
549 2774 609 2829 Et
634 2774 817 2828 omnia
849 2789 1186 2846 quaecunque
1222 2772 1384 2829 faciet
1406 2774 1899 2844 prosperabuntur.

2018 2830 2021 2831 ν
2138 2785 2191 2839 9.
2237 2783 2347 2836 Καὶ
2380 2783 2559 2837 πάντα
2593 2784 2693 2835 ὅσα
2727 2782 2791 2835 ἂν
2821 2785 2946 2853 ποιῇ
2974 2781 3490 2853 κατευοδωθήσεται.

465 2868 819 2937 Diligentibus
862 2875 1040 2920 autem
1089 2865 1255 2919 Deum
1282 2867 1461 2919 omnia
1508 2869 1569 2937 (ί)
1596 2868 1632 2920 ¹.
1682 2906 1696 2921 .
1737 2908 1750 2921 .

2145 2875 2274 2940 Τοῖς
2307 2875 2405 2945 μὲν
2431 2873 2705 2944 ἀγαπῶσι
2733 2876 2838 2928 τὸν
2866 2875 3014 2928 Θεὸν
3040 2873 3234 2927 πάντα
3260 2891 3412 2927 avre
3444 2874 3528 2943 (i).
3574 2916 3588 2927 .
3633 2911 3648 2927 .

464 2959 550 3012 10.
580 2956 697 3010 Non
722 2959 803 3012 sic
826 2956 1002 3027 impii,
1029 2972 1136 3011 non
1173 2957 1275 3020 sic,
1316 2958 1411 3013 sed
1446 2968 1706 3028 tanquam
1755 2959 1961 3028 pu.vis,

2140 2969 2227 3023 10.
2271 2969 2383 3038 Οὐχ
2411 2966 2582 3030 οὕτως
2613 2968 2662 3020 οί
2690 2967 2924 3031 ἀσεϐεῖς,
2952 2967 3050 3037 οὐχ
3084 2966 3276 3029 οὕτως,
3306 2966 3418 3019 ἀλλ’
3454 2966 3487 3037 ἦ
3520 2966 3654 3020 ὡσεὶ

393 3050 559 3119 quem
582 3048 800 3118 Ρτοὶίῡῖῐ
829 3058 1026 3103 ventus
1088 3064 1119 3102 3
1149 3046 1290 3102 faCie
1323 3057 1502 3102 terra?-
1994 3102 2034 3132 ,η
2070 3064 2250 3132 χνοῦς,
2280 3061 2337 3113 ὃν
2364 3062 2613 3131 ὲκρίπτει
2644 3061 2671 3113 ὁ
2704 3060 2902 3131 ἄνεμος
2932 3060 3041 3113 ἀπὸ
3075 3059 3367 3131 προσώπου
3397 3059 3498 3129 τῆς
3522 3059 3650 3130 γῆς.

457 3144 528 3211 (It)
767 3181 782 3195 .
840 3180 855 3195 .
915 3179 928 3194 .
987 3141 1587 3212 ...maledicti(l)
1639 3182 1653 3196 .
1714 3182 1729 3197 .
1798 3182 1811 3195 .
1869 3181 1962 3197 ..

2141 3110 2250 3225 (10':
2322 3192 2335 3205 -
2414 3110 2447 3207 οι
2512 3195 2524 3208 .
2607 3194 2622 3209 .
2701 3193 2715 3206 .
2796 3110 2817 3205 ,ι
2881 3110 3254 3221 ἶ¹Υπάγοετε,
3296 3154 3349 3204 οἱ

392 3244 644 3286 metuam
666 3239 913 3300 paratum
937 3231 1101 3302 (m)'.
1156 3273 1171 3287 .
1225 3273 1239 3286 .
1300 3274 1314 3286 .
2060 3244 2237 3314 μένοι
2302 3244 2387 3314 (1).
2477 3285 2490 3298 .
2584 3286 2595 3297 .
2676 3284 2688 3297 .
2784 3284 2797 3297 .
2866 3244 3109 3296 αἰώνιον
3164 3244 3230 3297 τὸ
3288 3243 3656 3313 ἡτοιμασμέ-

2066 3353 3277 3392 νονίῐῐὶ)...........

466 3405 556 3461 il.
592 3405 721 3461 Ideo
742 3421 854 3461 non
878 3416 1165 3477 resurgent
1190 3405 1341 3476 impii
1373 3405 1650 3477 injudicio
1669 3447 1685 3473 ,

2120 3338 3277 3411 9r(m)...........

2138 3430 2226 3483 11.
2267 3428 2365 3482 Διὰ
2390 3428 2548 3482 τοῦτο
2571 3429 2671 3482 οὐκ
2701 3428 3095 3499 ἀναστήσονται
3119 3426 3334 3491 ἀσεϐεῖς
3361 3428 3419 3480 ὲν
3446 3427 3651 3497 κρίσει,

459 3497 541 3552 Ad
571 3496 668 3552 Dei
696 3497 1206 3567 interrogationem.

1385 3588 1417 3592 __
1485 3589 1495 3592 _
2140 3521 2231 3584 Είς
2268 3519 2606 3592 ὲπερὼτησιν
2638 3517 2733 3571 τοῦ
2770 3518 2905 3571 Θεοῦ

459 3588 549 3643 12.
573 3586 762 3657 Neque
792 3596 1107 3659 peccatores
1141 3588 1195 3642 in
1228 3588 1459 3644 consilio
1478 3589 1777 3658 justorum.

2146 3610 2227 3662 12.
2275 3586 2409 3662 Οὐδὲ
2440 3586 2756 3679 ἁμαρτωλοὶ
2796 3610 2852 3661 ὲν
2884 3608 3047 3679 βουλῇ
3077 3608 3319 3663 δικαίων.

462 3680 520 3733 In
579 3680 998 3751 congregatione
1052 3681 1366 3751 justorum.
1429 3682 1641 3753 inquit;
1687 3684 1963 3754 separabit

2150 3703 2237 3754 Ἐν
2262 3704 2326 3772 τῇ
2359 3703 2647 3771 συναγωγῇ
2673 3700 2782 3752 τῶν
2804 3700 3027 3753 δικαίων
3053 3699 3231 3768 λέγει·
3262 3700 3513 3771 ἀφορίζει
3541 3701 3655 3775 γὰρ

390 3774 535 3830 enim
560 3772 741 3843 jusms
772 3789 801 3827 ³
833 3774 1227 3843 Peccaloribus-
2069 3796 2266 3856 αὐτοὺς
2297 3794 2538 3858 δικαίους
2564 3794 2673 3847 ἀπὸ
2702 3794 2813 3845 τῶν
2850 3794 3211 3864 ἁμαρτωλῶν.

462 3868 551 3923 15.
581 3865 852 3934 Quoniam
875 3867 1051 3921 noscit
1084 3866 1349 3923 Dominus
1379 3868 1522 3922 viam
1544 3868 1816 3938 justorum
1836 3912 1850 3935 ,

1815 3895 1850 3935 1v
2143 3888 2227 3940 15.
2272 3888 2390 3939 ’Ότι
2418 3885 2676 3954 γινώσκει
2720 3886 2926 3956 Κύριος
2950 3886 3069 3939 ὁδὸν
3103 3886 3346 3939 δικαίων.

458 3955 595 4024 Quia
627 3968 787 4012 rectae
817 3964 946 4011 sunt
969 3956 1237 4023 actiones,
1264 3958 1318 4011 in
1344 3957 1549 4027 quibus
1579 3959 1886 4013 ambulant.

2153 3979 2370 4052 Ἐπειδὴ
2404 3980 2461 4033 αἱ
2495 3979 2721 4052 πράξεις
2768 3955 2978 4043 αὖτῶν,
3022 3981 3079 4032 ὲν
3121 3974 3209 4043 αἷς
3256 3980 3652 4049 περιεπάτουν,

2067 4070 2227 4141 ὀρθαί
2267 4072 2395 4123 εἱσι.

460 4148 546 4204 14.
579 4148 644 4203 Ει
665 4149 751 4203 via
780 4149 1072 4218 impiorum
1106 4149 1321 4219 peribit.

2143 4163 2228 4216 M.
2273 4163 2384 4216 Kal.
2416 4163 2532 4226 ὁδὸς
2564 4162 2778 4216 ἀσεϐῶν
2815 4162 3114 4215 ἀπολεῖται.

455 4240 882 4296 Adinventiones
926 4242 1127 4297 diaboli
1178 4250 1304 4311 post
1356 4243 1820 4301 resurrectionem
1847 4259 1957 4300 non

2138 4255 2219 4309 Τὰ
2249 4254 2658 4325 ἐπιτηδεύματα
2699 4254 2793 4307 τοῦ
2828 4252 3073 4308 διαϐόλου
3112 4250 3249 4323 μετὰ
3279 4252 3378 4323 τὴν
3406 4252 3654 4310 ἀνάστα-

384 4339 622 4410 amplius
653 4347 834 4393 erunt.
927 4326 932 4332 ’

1180 4302 1191 4311 ¹
2150 4302 2218 4309 ’⁷⁷
2252 4302 2654 4325 ’“⁷”“Ί⁷“⁷δ““’”

1994 4302 2037 4357 D
2070 4364 2152 4401 σιν
2183 4349 2284 4401 οὑκ
2311 4348 2391 4401 ἔτι
2425 4348 2654 4406 ἔσονται.

459 4518 474 4549 ¹
500 4515 664 4570 Rom.
703 4530 820 4581 vui,
848 4514 938 4569 28.
1043 4516 1064 4546 ⁹
1087 4515 1277 4571 Matth.
1304 4533 1432 4580 xxv,
1468 4516 1556 4571 41.

478 4671 529 4745 α)
563 4668 834 4745 faciens.»
1035 4740 1045 4745 _

2138 4675 2213 4745 (a)
2246 4675 2422 4728 Ποιῶν
2446 4678 2622 4745 suppl.

476 4740 526 4820 ο)
554 4741 791 4820 §emper
823 4742 959 4795 bene
998 4740 1201 4805 virens,
1226 4748 1293 4796 et.

2136 4740 2214 4820 (b)
2247 4747 2372 4820 ξᾼεὶ
2402 4740 2690 4820 εὐθάλλον.
2713 4747 2807 4801 καί
2841 4747 3019 4820 suppl.

476 4748 526 4810 b)
564 4748 791 4809 Semper
823 4748 959 4795 bene
998 4748 1201 4805 virens,
1226 4748 1293 4796 et.

474 4812 521 4887 ε)
552 4810 726 4887 Quid.

1189 4781 1201 4805 ,
1226 4748 1293 4796 et.
2162 4749 2192 4799 b
2261 4748 2372 4798 Ἀεὶ
2402 4748 2677 4808 εὐθάλλον,
2713 4769 2714 4773 η

2134 4748 2214 4885 Ec?
2246 4816 2508 4881 Γλυκείας
2540 4819 2714 4887 suppl.

474 4880 529 4959 τί)
558 4878 759 4959 fonte.

2137 4878 2215 4959 (α’)
2240 4887 2449 4959 Πηγῆς
2483 4878 2656 4956 suppl:

472 4948 518 5031 ς)
558 4948 945 5031 indesinenter.

2135 4948 2209 5031 (ej
2238 4948 2563 5031 ’ἀπαύστως
2577 4948 2763 5031 suppl.

473 4960 518 5019 ε)
559 4960 945 5031 Indesmenter.

473 5020 523 5160 Β
559 5019 914 5162 ῗι-ὗοῐηίιιοε

2135 4960 2187 5023 (e
2238 4960 2556 5021 Ἀπαύστως
2588 4975 2609 5012 s

2136 4960 2211 5162 μί
2241 5022 2399 5080 Οὗτοι
2431 5029 2609 5097 suppl.

2161 5095 2214 5162 g)
2253 5098 2457 5162 Κυρίου
2498 5114 2609 5162 ευρ]

559 5091 605 5143 Α
638 5087 887 5142 Domino.

468 5162 522 5240 ξι)
555 5159 849 5240 ράνθιιενὶι
887 5157 1070 5240 Jesus.

2253 5098 2457 5169 Κυρίου
2498 5087 2675 5189 suppl;
2806 5168 2832 5178 η

2250 5169 2613 5238 Παραγίνεται
2682 5169 2867 5238 Ιησους
2899 5169 3072 5239 suppl.

353 5282 361 5309 ί
546 5230 906 5309 ςοορειξᾳηῑιιις
934 5230 991 5309 in_
1024 5233 1235 5309 bonam.

2131 5230 2206 5309 ω’
2227 5230 2515 5309 Enisper
2542 5243 2629 5305 εὶς
2653 5230 2879 5308 ἀγιὰθόᾶ·
2912 5230 3089 5309 suppl.

466 5300 518 5390 ξε)
548 5302 683 5390 gum
719 5300 861 5354 dicet
893 5301 1026 5370 ipsis
1064 5318 1077 5353 :
1118 5301 1291 5355 Abite.

2130 5300 2208 5390 ρς)
2230 5300 2514 5390 ζρτίὲξρεῖ
2537 5300 2718 5390 αὐτοῖς
2748 5309 2926 5379 suppl.

421 5394 425 5398 ~
457 5370 503 5440 Vl)
540 5370 603 5423 In
632 5372 823 5441 ignem.

442 5374 538 5510 ίηι)
570 5441 795 5497 Diabolo
825 5452 874 5497 et
902 5442 1104 5497 anaelis
1133 5443 1270 5510 ejus.

1172 5443 1183 5453 θ
2128 5370 2197 5445 (Ι)
2221 5380 2326 5442 Εἰς
2364 5370 2482 5447 πῦρ
2514 5381 2687 5450 suppl.

1156 5460 1270 5510 'Jus.
2126 5446 2226 5510 (in)
2263 5448 2347 5510 Τῷ
2379 5449 2636 5510 διαϐόλῳ
2664 5468 2687 5504 a

470 5440 538 5511 ιη)
570 5440 795 5497 Diabolo
825 5452 874 5497 et
902 5442 1104 5497 anaelis
1133 5443 1270 5513 ejus.

2126 5440 2226 5517 (in)
2263 5440 2347 5514 Τῷ
2379 5440 2636 5519 διὰδόλῷ
2664 5450 2763 5505 καὶ
2795 5450 2923 5519 τοῖς
2946 5450 3225 5521 ἀγγέλοις
3255 5448 3444 5507 αὑτοῦ
3478 5465 3651 5526 supp.
