3878 6218
241 304 346 361 653
1206 304 1294 358 DE
1333 303 1607 360 TITULIS
1640 304 2093 362 PSALMORUM.
2135 335 2203 345 -——
2235 304 2432 361 PSAL.
2474 304 2538 360 ll.
3404 306 3511 363 654

658 418 1099 487 Ἁνεπίγραρθς.
1145 420 1321 474 ΨΑΛ.
1362 420 1442 471 B’.
1862 425 1907 478 Α
2146 454 2153 459 -

1862 425 1907 478 Α
2146 454 2153 459 -
2392 418 2517 472 Sine
2533 421 2709 471 titulo.
2738 417 2940 473 PSAL.
2975 416 3058 474 II.

310 511 362 566 1.
406 512 529 563 Ἵνα
563 510 616 563 τί
648 509 928 581 ἐφρύαξαν
968 509 1118 580 ἔθνη,

2006 511 2055 563 1.
2078 510 2257 576 Quare
2286 511 2625 565 fremuerunt
2650 520 2861 581 gentes,

307 602 362 657 2.
401 602 517 655 Καὶ
548 602 668 654 λαο)⁵
700 602 1035 671 ἐμελέτησαν
1070 601 1235 663 κενά;

2000 602 2053 656 9..
2084 602 2150 657 Ει
2189 603 2375 672 populi
2406 604 2649 659 meditati
2675 614 2804 659 sunt
2838 604 3063 659 inania?

305 694 357 749 5.
401 693 766 764 Παρὲστησαν
793 695 841 745 ot
876 692 1117 763 βασιλεῖς
1147 693 1245 762 τῆς
1278 693 1350 761 γῆ
1365 711 1403 755 ς.

1278 693 1350 761 γῆ
1365 711 1403 755 ς,
2002 696 2055 748 5.
2090 695 2395 749 Astiterunt
2417 710 2573 765 reges
2604 704 2785 761 terrae,

303 783 358 838 4.
399 784 514 837 Καὶ
550 785 599 837 οἱ
630 783 889 854 ἄρχοντες
919 784 1265 855 συνήχθησαν
1294 785 1385 836 ἐπὶ
1416 784 1476 837 τὸ
1504 784 1656 847 αὐτὸ,
1686 784 1828 837 κατά

2007 786 2059 839 4.
2087 785 2153 839 Et
2179 787 2454 857 principes
2509 796 2885 843 convenerunt
2918 789 2974 843 in
3027 805 3219 858 unum,
3246 788 3509 846 adversus

233 873 327 928 τοῦ
366 876 582 946 Κυρίου
623 876 717 927 καὶ
751 876 892 928 κατὰ
921 875 1015 928 τοῦ
1046 874 1286 948 Χριστοῦ
1322 875 1507 929 αὐτοῦ.

1933 875 2245 944 Dominum,
2282 886 2336 932 et
2369 878 2633 933 adversus
2662 879 2942 935 Christum
2974 881 3114 951 ejus.

308 968 361 1020 5.
407 966 810 1038 Διαρρήξωμεν
842 969 968 1031 τοὺς
1008 968 1243 1039 δεσμοὺς
1270 967 1469 1031 αὐτῶν,

1417 985 1469 1031 ιν,
1998 970 2051 1025 5.
2082 970 2468 1040 Dirumpamus
2492 974 2706 1028 vincula
2737 990 2948 1040 eorum,

303 1057 356 1111 6.
399 1060 515 1112 Καὶ
555 1058 949 1130 ἀπορρίψωμεν
988 1061 1079 1129 ἀφ’
1107 1064 1143 1130 δή
1156 1060 1272 1130 μῶν
1305 1061 1397 1113 τὸν
1427 1059 1592 1129 ζυγὸν
1622 1060 1820 1114 αὐτῶν.

1753 1061 1820 1114 3v.
2002 1061 2054 1115 6.
2086 1060 2151 1114 Et
2180 1062 2534 1131 projiciamus
2558 1079 2587 1117 a
2607 1064 2767 1119 nobis
2798 1065 2990 1135 jugum
3020 1065 3284 1135 ipsorum.

303 1148 354 1202 7.
408 1150 469 1204 '0
493 1152 767 1205 κατοικῶν
793 1154 849 1204 ἐν
872 1152 1120 1221 οὐρανοῖς
1144 1151 1502 1220 ἐκγελάσεται
1534 1152 1751 1218 αὐτούς,

1584 1152 1751 1218 ὅτούς,
1999 1152 2049 1206 7.
2089 1152 2193 1217 Qui
2226 1154 2434 1208 habitat
2456 1154 2511 1209 in
2541 1156 2695 1211 caelis
2724 1157 2974 1212 irridebit
2999 1172 3115 1220 eos,

300 1239 354 1296 8.
397 1242 510 1294 Καὶ
542 1244 571 1295 ὁ
604 1243 807 1314 Κύριος
840 1244 1207 1313 ἐκμυκτηριεῖ
1237 1244 1456 1305 αὐτοὺς.

1442 1283 1456 1295 .
1998 1243 2051 1298 8.
2078 1243 2141 1299 Et
2170 1246 2435 1302 Dominus
2462 1248 2823 1304 subsannabit
2853 1265 2968 1306 eos.

302 1332 353 1386 9.
396 1336 537 1388 Τότε
569 1336 792 1407 λαλήσει
828 1336 965 1406 πρὸς
998 1337 1197 1399 αὐτοὺς
1229 1338 1285 1389 ἐν
1322 1338 1457 1407 ὀργῇ
1491 1336 1678 1399 αὐτοῦ,

1573 1336 1678 1399 τοῦ,
2003 1335 2055 1388 9.
2088 1333 2239 1391 Tunc
2269 1337 2526 1407 loquetur
2549 1340 2616 1394 ad
2644 1355 2739 1395 eos
2776 1341 2830 1396 in
2865 1342 2947 1395 ira
2988 1356 3104 1405 sua,

309 1427 389 1482 I0.
437 1430 553 1483 Καὶ
581 1432 639 1482 ἐν
664 1429 741 1499 τῷ
770 1429 926 1500 θυμῷ
955 1429 1120 1482 αὑτοῦ
1154 1430 1380 1501 ταράξει
1410 1428 1627 1492 αὐτούς.

1615 1471 1627 1484 ,
2006 1426 2090 1481 10.
2127 1429 2195 1482 Et
2234 1431 2287 1483 in
2325 1429 2512 1486 lurore
2538 1447 2639 1486 suo
2659 1433 3143 1490 conturbabiteos.

306 1518 391 1571 11.
448 1519 596 1572 Ἐγὼ
627 1521 684 1574 δὲ
712 1519 1051 1589 κατεστάθην
1085 1518 1335 1588 βασιλεὺς
1370 1520 1460 1572 ὑπ’
1496 1517 1681 1574 αὐτοῦ.

1860 1514 1903 1568 Β
2003 1517 2089 1572 11.
2128 1519 2239 1590 Ego
2268 1529 2453 1577 autem
2479 1523 2807 1578 constitutus
2830 1538 2951 1579 sum
2986 1540 3079 1580 rex
3107 1525 3176 1581 ab
3198 1541 3283 1583 eo.

1371 1673 1743 1730 ATHANASII
1783 1672 2372 1733 INTERPRETATIO.

309 1834 372 1889 'H
405 1833 502 1891 1:03
534 1833 752 1905 ψαλμοῦ
781 1831 1116 1904 προκειμένη
1144 1832 1423 1902 ἐπιγραφὴ
1449 1831 1590 1901 ἠδιά
1626 1831 1723 1902 τῆς
1751 1831 2124 1902 κινναϐάρεως
2152 1832 2429 1903 περιέχει·
2478 1832 2919 1906 Ἆνεπίγραέρος,
2949 1837 3085 1909 ὅπερ
3111 1840 3292 1912 δηλοῖ’
3327 1842 3502 1914 ἀγνω-

234 1933 349 1986 σίαν
381 1932 554 1986 ἐθνῶν
581 1947 638 1982 τε
672 1930 766 1982 καὶ
805 1928 1069 1981 Ἰουδαίων
1097 1928 1459 1997 ὑπεμφαίνειν
1489 1927 1580 1980 τὸν
1617 1925 2055 1997 ὑποτεταγμένον
2076 1927 2305 1998 ψαλμόν.
2335 1929 2448 1981 Πᾶν
2476 1928 2587 2001 γὰρ
2611 1930 2672 1984 τὸ
2698 1932 3071 2006 ἀνεπίγραφον
3096 1936 3287 2009 ἄδηλον
3321 1940 3501 2014 ὑπάρ..

231 2044 311 2097 χει
342 2030 455 2091 τοῖς
487 2024 725 2087 πολλοῖς.
770 2023 1067 2091 Ἀγνωσίαν
1094 2019 1186 2075 οὖν
1217 2022 1385 2074 ἐθνῶν
1433 2022 1701 2075 Ἰουδαίων
1747 2022 1821 2091 (1)
1858 2024 2155 2093 κατηγορεῖ
2198 2024 2226 2075 ὁ
2256 2024 2697 2094 ὑποτεταγμένος
2722 2026 2965 2098 ψαλμός·
3005 2030 3280 2100 ἀγνωσίαν
3314 2035 3391 2100 δὲ,
3434 2038 3503 2108 ἣν

231 2116 525 2186 ἐσχηκότες
557 2115 861 2169 δείκνυνται
892 2113 1020 2186 περὶ
1057 2113 1148 2165 τὸν
1178 2112 1385 2165 ἑαυτῶν
1414 2113 1711 2181 Δεσπότην,
1750 2112 1931 2177 καθὼς
1967 2112 2042 2184 (2)
2080 2113 2384 2183 γέγραπται
2407 2132 2421 2146 ο
2464 2117 2561 2169 Ἐν
2600 2116 2681 2182 τῷ
2724 2120 2928 2187 κόσμῳ
2953 2115 3052 2189 ἦν,
3082 2122 3181 2176 καὶ
3213 2127 3247 2178 ό
3274 2125 3502 2195 κόσμος

233 2208 299 2261 δι’
323 2210 511 2263 αὑτοῦ
546 2209 806 2278 ἐγένετο,
842 2208 939 2260 καὶ
975 2210 1007 2259 ό
1044 2208 1272 2275 κόσμος
1304 2206 1494 2259 αὐτὸν
1521 2209 1632 2259 οὐκ
1666 2206 1850 2276 ἔγνω·
1890 2208 1940 2260 εί
1976 2207 2086 2278 γὰρ
2122 2206 2366 2276 ἔγνωσαν
2398 2208 2581 2274 αὑτὸν,
2645 2212 2746 2264 οὐκ
2782 2211 2848 2264 ἂν
2876 2213 3036 2268 αὐτὸν
3078 2214 3296 2289 σταυρῷ
3334 2235 3501 2288 προσ-

234 2305 457 2375 έπηξαν.
502 2305 616 2377 Τὴν
646 2299 737 2357 οὖν
775 2301 1045 2370 ἀγνωσίαν
1092 2303 1165 2371 (5)
1208 2300 1386 2354 αὐτῶν
1415 2301 1605 2372 ἐπειδὴ
1632 2304 1660 2355 ὁ
1692 2300 1906 2372 ψαλμὸς
1947 2302 2271 2375 δημηγορεῖ,
2292 2302 2379 2356 διὰ
2413 2303 2571 2357 τοῦτο
2608 2304 2667 2357 τὸ
2715 2306 3087 2378 ἀνεπίγραφον
3115 2310 3189 2380 (4)
3228 2311 3499 2367 ἐπίκειται

233 2399 395 2470 αὐτῷ.
443 2401 533 2463 Ὠς
566 2399 726 2452 πλέον
758 2396 1059 2468 πλησθήσει
1096 2395 1405 2468 [πληχθῇ]
1438 2398 1742 2469 ἐπιστήσας
1780 2397 1856 2469 (5)
1893 2400 2084 2453 ἑαυτὸν
2110 2399 2188 2470 τῷ
2216 2399 2436 2471 ψαλμῷ,
2468 2402 2529 2455 Τί
2552 2402 2683 2471 γὰρ,
2721 2401 2924 2473 ἤρξατο
2947 2404 3143 2474 λέγειν.

314 2538 534 2594 Titulus
561 2540 677 2594 sive
700 2538 1007 2606 inscriptio,
1039 2553 1160 2607 qua:
1188 2536 1317 2592 huic
1346 2537 1560 2607 psalmo
1589 2536 1961 2606 praemittitur,
1992 2538 2279 2593 einnabari
2307 2537 2579 2607 confecta,
2616 2540 2859 2596 continet
2890 2559 2903 2596 :
2937 2542 3211 2612 psalmum
3239 2558 3362 2601 esse
3383 2546 3498 2601 sine

240 2636 416 2700 titulo,
490 2636 642 2705 quod
699 2634 1004 2705 signiﬁcat:
1055 2633 1354 2703 psalmum,
1397 2632 1493 2702 qui
1548 2632 1862 2702 subjicitur,
1920 2632 2271 2688 manifestare
2332 2634 2574 2703 gentium
2636 2643 2691 2687 ct
2745 2632 3058 2689 Iudaeorum
3107 2635 3493 2706 ignorantiam.

234 2730 403 2788 Omne
453 2734 631 2793 enim.
666 2732 812 2801 quod
865 2731 1086 2785 titulum
1128 2731 1243 2784 sive
1282 2729 1701 2798 inscriptionem
1732 2743 1841 2783 non
1872 2729 2055 2796 habet,
2089 2729 2276 2784 multis
2305 2728 2551 2799 ignotum
2579 2737 2682 2783 est.
2736 2727 3026 2799 Subjectus
3054 2729 3221 2801 igitur
3246 2730 3493 2801 psalmus

237 2828 466 2897 gentium
512 2835 565 2881 et
589 2825 902 2880 Judacorum
932 2824 1298 2895 ignorantiam
1326 2831 1551 2878 accusat
1580 2841 1594 2876 :
1627 2822 1999 2893 ignorantiam
2028 2823 2271 2892 quidem,
2300 2838 2467 2892 quam
2504 2822 2571 2876 de
2612 2821 2845 2877 Domino
2890 2836 2993 2877 suo
3022 2823 3282 2879 habuisse
3313 2831 3497 2878 osten-

238 2924 445 2988 derunt,
470 2922 942 2993 quemadmodum
978 2921 1243 2991 scriptum
1277 2928 1394 2974 est:
1428 2917 1494 2971 In
1531 2917 1727 2971 mundo
1756 2928 1896 2984 erat,
1923 2928 1971 2973 et
2000 2919 2225 2972 mundus
2249 2935 2340 2987 per
2368 2919 2541 2987 ipsum
2565 2918 2739 2988 factus
2762 2927 2861 2981 est,
2902 2926 2951 2972 et
2983 2918 3209 2973 mundus
3244 2932 3363 2970 eum
3391 2932 3497 2970 non

237 3017 463 3084 cognovit
492 3016 514 3045 ³
538 3032 552 3080 ;
587 3015 629 3069 si
650 3014 795 3068 enim
822 3029 946 3069 eum
974 3014 1381 3083 cognovissent,
1416 3026 1539 3065 eum
1566 3026 1678 3065 non
1710 3012 2118 3068 cruciﬁxissent
2145 3010 2186 3064 ⁸.
2214 3010 2483 3078 Quoniam
2508 3011 2676 3082 igitur
2701 3011 2949 3082 psalmus
2981 3010 3202 3065 illorum
3248 3010 3496 3079 increpat

244 3111 632 3182 ignorantiam,
661 3112 783 3167 ideo
810 3112 992 3166 nullus
1033 3111 1086 3164 in
1116 3125 1183 3165 eo
1235 3109 1557 3165 inscribitur
1582 3107 1801 3166 titulus.
1842 3106 1914 3164 Ut
1957 3108 2134 3178 magis
2179 3107 2360 3175 feriat,
2413 3106 2657 3178 seipsum
2692 3107 2907 3178 psalmo
2936 3104 3256 3171 intendens,
3294 3104 3492 3173 Quare,

238 3209 395 3277 carpit
419 3210 635 3263 dicere.

304 3320 352 3376 1.
396 3321 516 3372 Ἵνα
548 3318 601 3369 τί
634 3313 1057 3385 κατεπὴρθησαν
1084 3310 1178 3363 τοῦ
1207 3311 1366 3375 Θεου,

1842 3295 1889 3357 C
1990 3316 2041 3370 1.
2089 3313 2229 3383 Quid
2252 3319 2399 3371 enim
2422 3316 2839 3372 insurrexerunt
2868 3326 3061 3372 contra
3086 3316 3282 3382 Deum,

301 3408 353 3463 2.
390 3410 508 3462 Καὶ
540 3405 927 3460 ἐϐουλεύσαντο
958 3404 1097 3471 ἆπερ
1120 3401 1221 3454 οὐκ
1239 3400 1502 3469 ἠδύναντο
1532 3397 1808 3453 ἐκτελέσαι

1989 3411 2042 3463 2.
2085 3408 2152 3463 Ει
2174 3410 2437 3465 adversus
2468 3425 2594 3465 eum
2619 3410 3081 3478 deliberaverunt,
3109 3423 3233 3480 quae
3261 3422 3369 3466 non
3393 3423 3494 3482 po-

238 3501 348 3553 κατ’
382 3500 552 3554 αὐτοῦ
576 3516 590 3564 ;

1917 3507 2137 3554 luerunt
2165 3499 2461 3569 perﬁcere?

302 3593 352 3647 5.
403 3591 652 3664 Ἡρώδης
678 3593 705 3644 ὁ
741 3586 1014 3659 βασιλεύς.

933 3586 1014 3651 ύς.
1986 3592 2038 3645 5.
2075 3590 2315 3647 Herodes
2343 3607 2458 3645 rex.

303 3685 355 3742 4.
391 3687 616 3740 Πόντιον
655 3683 890 3738 Πιλᾶτον
918 3681 1086 3749 λέγει,
1126 3679 1220 3732 καὶ
1260 3678 1483 3739 Ἀνναν,
1511 3674 1605 3728 καὶ
1635 3673 1810 3727 Καϊά-

1635 3673 1810 3727 Καῖά-
1986 3687 2040 3740 ι.
2080 3683 2307 3740 Pontius
2338 3682 2567 3748 Pilatus,
2592 3680 2782 3735 Annas
2815 3688 2869 3733 et
2898 3678 3152 3749 Caiphas.

394 3870 501 3923 Τὸν
536 3865 829 3936 σύνδεσμον
864 3862 966 3933 τῆς
1006 3860 1247 3931 ἀγάπης,
1276 3852 1343 3930 ἧς
1376 3852 1521 3928 εἶχον
1560 3858 1608 3909 οἱ
1651 3856 1773 3923 ἄγγε

1989 3859 2041 3912 5.
2067 3856 2360 3911 Vinculum
2391 3853 2720 3917 dilectionis,
2750 3865 2862 3921 quo
2897 3851 3076 3920 angeli
3103 3865 3230 3906 cum
3254 3850 3336 3908 eis
3356 3866 3489 3908 eon-

239 3958 312 4013 λοι
342 3962 477 4033 πρὸς
520 3957 737 4020 αὐτούς.

1910 3950 2299 4021 iungebantur.

304 4051 353 4107 6.
388 4050 663 4113 Λαὸόντες
698 4048 806 4119 γὰρ
837 4047 926 4099 τὸν
954 4044 1116 4115 νόμον
1154 4044 1233 4104 είς
1257 4040 1518 4107 διαταγὰς
1561 4037 1811 4105 ἀγγέλων

1986 4042 2039 4095 6.
2076 4041 2420 4109 Accipientes
2449 4037 2595 4093 enim
2620 4037 2792 4107 legem
2845 4036 2901 4090 in
2939 4036 3296 4106 dispositione
3320 4051 3488 4107 ange-

240 4142 333 4196 οὐκ
353 4140 649 4213 ἐφύλαξαν,
686 4138 802 4192 ἀλλ’
831 4134 1202 4189 ἐδουλώθτησαν
1231 4134 1299 4203 τῇ
1334 4129 1599 4202 ἁμαρτίᾳ.

1955 4150 2113 4200 trum,
2162 4148 2268 4188 non
2304 4129 2716 4187 custodiverunt
2771 4143 2893 4183 eam
2920 4128 2965 4195 ⁸,
3013 4126 3109 4185 sed
3165 4128 3311 4184 servi
3355 4126 3486 4183 facti

1914 4237 2042 4286 sunt
2073 4238 2313 4298 peccato.

306 4319 355 4387 7,
387 4320 441 4376 8.
499 4318 874 4384 Ἔξουδενώσει
908 4315 1017 4386 γὰρ
1050 4316 1247 4377 αὐτοὺς
1281 4316 1338 4367 ἐν
1377 4314 1443 4383 τῇ
1487 4309 1673 4382 ἡμέρᾳ
1711 4310 1810 4381 τῆς

1672 4352 1673 4357 η
1711 4310 1810 4381 τῆς
1985 4322 2038 4385 7,
2081 4324 2135 4374 8.
2171 4318 2307 4373 Nam
2332 4318 2388 4372 in
2418 4316 2508 4373 die
2532 4313 2727 4387 iudicii
2749 4319 3063 4369 contemnet
3086 4324 3203 4377 eos,

243 4410 488 4472 κρίσεως,
908 4424 911 4425 ⁷

282 4429 327 4461 οι
364 4429 385 4463 ε
474 4450 488 4472 ,

280 4429 361 4555 ’θῗ
389 4429 494 4553 ιἛν
542 4500 609 4570 τῇ
656 4495 837 4569 κρίσει
887 4495 1112 4566 λαλήσει
1159 4492 1298 4565 πρὸς
1343 4492 1539 4555 αὐτοὺς
1577 4494 1634 4545 ἐν
1672 4493 1807 4563 ὀργῇ

1705 4493 1807 4563 ργῇ
1982 4503 2034 4558 9.
2064 4502 2123 4556 ln
2156 4501 2365 4572 judicio
2395 4500 2650 4569 loquetur
2676 4496 2743 4551 ad
2770 4509 2867 4550 eos
2897 4493 2954 4549 in
2986 4493 3067 4549 ira
3099 4506 3199 4548 sua
3218 4530 3236 4559 ,

244 4592 391 4644 αὐτοῦ

308 4609 415 4657 του,

308 4684 387 4738 10.
430 4686 542 4737 Καὶ
599 4680 893 4753 ἀπορρίψει
952 4679 1147 4741 αὐτοὺς
1197 4678 1306 4732 ἀπὸ
1356 4674 1451 4729 τοῦ
1508 4672 1801 4746 προσώπου

1398 4674 1451 4729 ῡῦ
1508 4672 1801 4746 προσώπου
1838 4735 1881 4789 D
1987 4680 2070 4734 10.
2096 4678 2162 4732 Ει
2184 4677 2431 4748 projiciet
2455 4688 2550 4728 eos
2587 4688 2618 4726 a
2646 4670 2784 4726 facie
2812 4685 2929 4725 sua.

245 4789 417 4827 αυτον.

309 4795 395 4919 Hi
439 4862 580 4932 Ἐγὼ
607 4861 664 4915 δέ
694 4862 1007 4931 ἀνεδείχθην
1044 4860 1295 4931 βασιλεὺς
1328 4860 1432 4913 ὑπὸ
1464 4857 1558 4911 τοῦ
1591 4856 1776 4927 Πατρὸ

1984 4839 2071 4894 11.
2105 4835 2219 4907 Ego
2262 4848 2408 4890 enim
2443 4837 2755 4887 declaratus
2775 4845 2899 4886 sum
2936 4845 3034 4886 rex
3077 4845 3106 4885 a
3140 4829 3303 4885 Patre
3355 4844 3484 4886 cum

247 4953 298 5005 ἐν
324 4957 393 5025 τῷ
418 4920 598 5024 λέγειν
627 4953 808 5018 αὐτὸν,
837 4920 1017 5017 xilech
1044 4920 1413 5006 ’ὑποτέτακται
1441 4946 1677 5001 ἐνταῦθα
1694 4920 1770 5017 (6)

1955 4951 2000 5001 ι,
2034 4948 2157 5005 qua:
2221 4929 2310 4983 hic
2362 4924 2759 4996 subjiciuntur,
2806 4923 3002 4980 dixit:
3059 4922 3136 4978 Tu
3189 4940 3245 4980 es
3303 4920 3486 4980 Filius

245 5046 320 5099 Σὺ
340 5021 394 5102 εί
417 5052 449 5102 ό
485 5021 618 5112 Υἱός
639 5063 760 5116 μου
793 5048 825 5099 ό
854 5045 1179 5114 ἀγαπητός.

854 5045 1179 5114 ἀγαπητός,
1914 5047 2058 5085 meus
2084 5027 2308 5082 dilectus
2340 5021 2382 5078 ⁸.

309 5222 329 5252 ³
351 5221 505 5278 Joan.
532 5238 574 5289 I,
608 5222 692 5276 10.
761 5222 784 5253 ⁸
814 5220 835 5273 l
865 5220 991 5275 Cor.
1030 5235 1091 5284 ιι,
1125 5222 1179 5274 8.
1259 5219 1279 5249 ⁵
1305 5216 1425 5271 Act.
1453 5231 1550 5282 vn,
1578 5215 1667 5271 55.
1745 5213 1766 5245 ⁸
1798 5211 1840 5266 Μ

1384 5228 1425 5271 t.
1453 5231 1550 5282 vn,
1578 5215 1667 5271 55.
1745 5213 1766 5245 ⁸
1798 5211 1987 5266 Matth.
2012 5226 2094 5275 ιιι,
2122 5208 2224 5276 17;
2255 5207 2389 5271 xvxi,
2414 5206 2486 5271 5;
2514 5203 2559 5259 ll
2581 5203 2726 5260 Petr.
2756 5219 2796 5269 ι,
2828 5204 2914 5258 17.

1179 5391 1481 5453 Addenda
1510 5390 1593 5468 ζει
1639 5387 2009 5468 corrigenda
2042 5403 2119 5446 ex
2148 5384 2289 5446 cod.
2323 5380 2528 5445 Vatic.

309 5584 378 5651 (ί)
415 5584 713 5655 Ἀγνωσίας
742 5578 835 5638 οὖν
867 5581 976 5636 τῶν
1010 5578 1178 5634 ἐθνῶν
1216 5576 1324 5632 τῶν
1370 5575 1659 5630 Ἰουδαίων.
2082 5571 2155 5655 "re
2180 5569 2573 5655 ἀνεπίγραφοςέ

405 5637 628 5711 Καθ’-ἀ.
694 5637 711 5648 ’
757 5637 761 5638 ν
1978 5637 2053 5713 (5⁷)
2088 5642 2337 5705 Πεισθεὶς
2357 5637 2521 5710 θήσει
2548 5637 2868 5708 ἐπιστήσας.

309 5654 377 5796 (ὅ)
410 5729 685 5796 "Aratum.
1768 5740 1773 5743 *
1978 5714 2054 5785 (6)
2084 5714 2152 5767 Οἵ
2175 5729 2301 5767 ποτε
2329 5711 2395 5765 τὰ
2423 5708 2675 5767 ἐνταῦθα.

330 5708 377 5796 3)
410 5708 685 5796 δλγνοιαν.
1768 5740 1773 5743 >

1768 5740 1773 5743 >
2084 5714 2152 5767 Οἵ
2175 5729 2301 5767 ποτε
2329 5711 2395 5765 τὰ
2423 5708 2674 5767 ἐνταῦθα.
