3878 6218
446 452 532 508 12.
567 450 743 521 Super
781 448 913 504 Sion
939 455 1179 502 montem
1206 456 1456 500 sanctum
1487 446 1627 506 eius,

447 546 536 601 15.
570 543 881 598 Ρνωᾱὶεθηε
910 547 1238 610 praeceptum
1267 552 1386 607 ejus

444 639 531 693 H.
564 637 827 691 Dovninus
850 634 983 689 dixit
1006 632 1073 686 ad
1106 646 1192 686 me
1214 649 1228 684 :
1250 629 1424 684 Filius
1447 644 1603 683 meus
1632 643 1690 681 es
1720 637 1801 690 tu,

442 732 529 786 15.
566 729 679 800 Ego
705 728 867 781 hodie
890 725 1051 795 genui
1087 731 1161 777 te.

443 822 530 877 16.
556 820 777 875 Postula
806 835 837 872 a
877 833 984 881 me,
1012 824 1067 869 et
1095 814 1236 869 dabo
1273 810 1368 866 tibi
1419 818 1607 879 gentes
1662 805 1947 861 haeredita-

370 925 478 972 tem
511 925 685 979 tuam,

445 1008 529 1064 17.
563 1007 628 1060 Ει
669 1003 1069 1075 possessionem
1108 1007 1257 1051 tuam
1295 993 1559 1048 terminos
1585 999 1766 1044 terra).

442 1102 533 1156 18.
566 1098 740 1169 Reges
769 1110 865 1151 eos
896 1094 951 1147 in
981 1092 1130 1159 virga
1153 1088 1348 1151 ferrea,

443 1193 530 1248 19.
557 1191 624 1245 Ει
648 1199 909 1259 tanquam
944 1199 1041 1238 vas
1066 1181 1215 1251 ﬁguli
1251 1175 1565 1245 confringes
1594 1187 1711 1227 eos.

439 1285 532 1340 20.
564 1283 631 1337 Et
659 1295 828 1345 nunc,
867 1290 1049 1345 reges,
1077 1270 1383 1336 intelligite,

435 1380 525 1433 21.
560 1371 891 1434 Erudimini,
921 1367 1015 1438 qui
1046 1362 1307 1436 iudicatis
1351 1369 1577 1414 terram.

438 1472 530 1525 22.
560 1467 771 1523 Servite
802 1461 1035 1517 Domino
1072 1457 1126 1510 in
1167 1455 1396 1508 timore:

439 1564 528 1617 23.
560 1560 627 1615 Et
655 1558 927 1613 exsultate
954 1552 1003 1605 ei
1038 1564 1163 1603 cum
1193 1555 1453 1600 tremore.

437 1657 529 1710 24.
558 1648 960 1722 Apprehendite
988 1640 1357 1711 disciplinam,

434 1750 525 1803 25.
556 1745 633 1800 Ne
660 1742 880 1814 quando
905 1740 1174 1792 irascatur
1210 1731 1495 1790 Dominus,

438 1838 529 1896 26.
569 1838 635 1892 Et
658 1834 895 1906 pereatis
922 1832 988 1884 de
1013 1830 1097 1882 via
1124 1827 1292 1889 justa.

435 1937 526 1991 27.
560 1935 697 1988 Cum
724 1927 992 1985 exarserit
1020 1924 1074 1977 in
1104 1923 1253 1977 brevi
1283 1921 1361 1973 ira
1393 1915 1534 1984 ejus,

435 2029 525 2083 28.
553 2024 704 2081 Beati
726 2036 919 2078 omnes
948 2019 1042 2090 qui
1074 2014 1356 2073 conﬁdunt
1381 2010 1435 2062 in
1457 2020 1544 2062 eo.

1240 332 1299 387 S.
1338 325 1709 387 ATHANASII
1745 326 1896 387 OPP.
1940 326 2119 384 PARS
2161 322 2245 382 111.
2297 358 2360 366 -
2399 320 2814 379 EXEGETICA.

1979 446 2030 502 Α
2132 439 2220 493 12.
2276 438 2398 490 Ἐπὶ
2428 434 2564 487 Σιὼν
2593 434 2718 504 ὄρος
2742 431 2803 483 τὸ
2836 430 2990 497 ἆγιον
3020 426 3208 491 αὐτοῦ,

3530 314 3645 372 656

2125 532 2212 584 15.
2254 527 2593 596 Διαγγέλλων
2621 525 2681 577 τὸ
2710 523 3039 594 πρόσταγμα
3070 519 3300 590 Κυρίου.

2126 620 2210 673 14.
2252 618 2455 689 Κύριος
2486 612 2604 667 εἶπε
2636 614 2771 684 πρός
2808 630 2875 683 με
2895 629 2906 643 ·
2950 611 3077 673 Υἱός
3106 626 3206 680 μου
3235 604 3288 660 εἴ
3322 606 3416 660 σύ·

2131 711 2211 765 15.
2267 707 2408 776 Ἐγὼ
2439 712 2678 777 σήμερον
2712 700 3022 773 γεγέννηκά
3056 718 3136 753 σε.

2126 802 2208 855 16.
2252 801 2480 869 Αἵτησαι
2521 796 2650 867 παρ’
2686 795 2844 866 ἐμοῦ,
2898 794 2992 847 καὶ
3024 794 3181 847 δώσω
3230 809 3313 845 σοι
3362 790 3492 861 ἔθνη
3536 790 3644 861 τὴν

2052 890 2414 963 κληρονομίαν
2444 907 2559 953 σου,

2123 986 2209 1038 17.
2252 986 2361 1036 Καὶ
2399 982 2496 1053 τὴν
2535 978 2863 1049 κατάσχεσίν
2895 996 2988 1032 σου
3018 978 3083 1032 τὰ
3118 977 3331 1048 πέρατα
3364 976 3465 1045 τῆς
3504 974 3636 1045 γῆς.

2122 1077 2209 1130 18.
2251 1075 2545 1145 Ποιμανεῖς
2581 1073 2776 1133 αὐτοὺς
2822 1072 2879 1123 ἐν
2916 1069 3096 1139 ῥάϐδῳ
3130 1068 3348 1137 σιδηρᾷ,

2122 1168 2209 1222 19.
2264 1167 2350 1229 Ὠς
2386 1164 2555 1233 σκεύη
2588 1163 2876 1235 κεραμέως
2903 1160 3211 1231 συντρίψεις
3241 1157 3459 1221 αὐτούς.

2118 1260 2208 1313 20.
2250 1258 2360 1309 Kal
2387 1256 2504 1318 νῦν,
2541 1254 2799 1324 βασιλεῖς,
2846 1253 3063 1317 σύνετε,

2118 1349 2207 1402 21.
2250 1345 2607 1416 Παιδεύθητε,
2637 1346 2837 1407 πάντες
2867 1347 2915 1396 οἱ
2951 1344 3228 1416 κρίνοντες
3258 1341 3356 1413 τὴν
3382 1341 3508 1414 γῆν.

2117 1441 2208 1495 22.
2251 1438 2581 1492 Δουλεύσατε
2608 1437 2687 1506 τῷ
2716 1436 2903 1509 Κυρίῳ
2929 1438 2985 1487 ἐν
3022 1436 3172 1505 φόϐῳ
3192 1451 3205 1464 ο

2118 1533 2207 1586 25.
2250 1533 2359 1583 Καὶ
2385 1529 2715 1597 ἀγαλλιᾶσθε
2744 1525 2893 1597 αὐτῷ
2919 1529 2975 1581 ἐν
3000 1527 3206 1597 τρόμῳ.

2118 1625 2207 1679 21.
2249 1622 2527 1694 Δράξασθε
2561 1620 2826 1683 παιδείας,

2117 1717 2207 1773 25.
2249 1713 2476 1787 Μήποτε
2507 1713 2732 1784 ὀργισθῇ
2766 1710 2993 1783 Κύριος,

2116 1808 2206 1861 26.
2249 1807 2359 1859 Καὶ
2389 1803 2675 1858 ἀπολεῖσθε
2708 1803 2765 1868 ἐξ
2799 1801 2919 1854 ὁδοῦ
2946 1800 3179 1861 δικαίας.

2116 1899 2207 1953 27.
2249 1900 2417 1950 Ὅταν
2451 1894 2691 1966 ὲκκαυθῇ
2728 1896 2785 1947 ὲν
2811 1895 2964 1963 τάχει
2993 1895 3020 1945 6
3054 1892 3223 1963 θυμὸς
3261 1886 3447 1955 αὐτοῦ,

2116 1992 2206 2047 28.
2248 1990 2526 2061 Μακάριοι
2553 1989 2755 2052 πάντες
2791 1987 2841 2041 οἱ
2882 1985 3202 2048 πεποιθότες
3229 1982 3316 2036 ἐπ’
3344 1979 3518 2051 αὐτῷ.

1486 2206 1862 2269 ATHANASll
1898 2194 2490 2258 lNTERPRETATlO.

434 2402 523 2459 12.
553 2402 681 2457 Sion
712 2400 1101 2467 interpretatur
1158 2393 1324 2453 locus,
1366 2388 1458 2442 ubi
1502 2380 1934 2438 tabernaculum.

366 2497 478 2551 Rex
514 2495 677 2565 igitur
698 2490 1006 2545 declaratus
1035 2492 1117 2537 est
1148 2497 1179 2535 a
1236 2480 1395 2534 Patre
1429 2478 1483 2529 in
1534 2473 1686 2535 Sion,
1720 2471 1821 2523 hoc
1858 2476 1941 2521 est

356 2586 420 2643 in
451 2561 625 2648 Curiis,
652 2582 743 2637 ubi
766 2594 954 2635 verum
1003 2571 1436 2634 tabernaculum,
1469 2565 1607 2636 quod
1656 2561 1939 2643 aediﬁcavit

358 2680 650 2741 Dominus,
684 2692 786 2729 non
812 2682 986 2726 autent
1014 2670 1167 2720 homo
1202 2664 1244 2717 ".

440 2774 528 2837 15,
565 2771 648 2825 14.
686 2771 730 2823 Ε
780 2765 935 2822 caelis
981 2760 1169 2814 audire
1216 2755 1342 2810 fecit
1394 2766 1581 2806 vocem
1623 2763 1798 2813 suam,
1828 2745 1940 2799 cla-

365 2883 521 2923 mans
548 2866 614 2918 ad
650 2877 766 2916 me:
800 2854 880 2912 'Tu
910 2873 964 2911 es
998 2852 1171 2907 Filius
1205 2865 1347 2904 meus
1374 2847 1617 2901 dilectus.

437 3041 523 3095 15.
557 3037 671 3105 Qua
697 3035 783 3089 die
807 3042 858 3087 te
906 3026 1253 3085 manifestavi
1280 3024 1322 3077 ⁸.
1388 3020 1523 3074 Nam
1566 3026 1691 3073 ante
1741 3014 1937 3071 saecula

367 3131 725 3188 absconditus
758 3140 881 3179 eras
911 3123 965 3175 in
1002 3135 1088 3174 me
1110 3117 1272 3171 Patre
1317 3124 1433 3179 tuo,
1475 3107 1939 3181 quemadmodum

365 3226 432 3280 de
458 3225 551 3279 illo
581 3222 849 3289 scriptum
866 3225 984 3271 est:
1015 3211 1293 3266 Exsistens
1322 3209 1377 3260 in
1401 3207 1521 3259 sinu
1551 3202 1797 3257 Patris”.

432 3395 524 3460 16,
555 3393 643 3447 17.
674 3390 805 3447 ideo
834 3387 974 3443 dixit
999 3388 1052 3440 in
1085 3383 1415 3453 Evangelio:
1450 3380 1629 3443 Pater,
1667 3394 1795 3448 quos
1858 3393 1942 3430 ae-

362 3489 498 3544 disti
517 3486 647 3540 mihi
696 3483 836 3546 volo,
864 3491 921 3535 ut
944 3482 1031 3534 ubi
1058 3494 1173 3533 sum
1198 3492 1312 3547 ego,
1335 3485 1383 3530 et
1409 3475 1491 3528 illi
1522 3476 1628 3526 sint
1663 3472 1728 3527 ¹⁰.

436 3666 526 3730 18,
560 3664 645 3720 19.
685 3662 742 3716 In
776 3668 1048 3731 potestate
1083 3658 1263 3712 valida
1300 3670 1514 3722 omnes,
1552 3655 1647 3724 qui
1703 3652 1800 3707 tibi
1832 3665 1940 3706 non

364 3759 650 3825 obediunt,
679 3755 1026 3812 comminues
1048 3762 1103 3807 et
1135 3750 1409 3807 domabis.

434 3846 525 3904 20.
556 3846 882 3918 Cognoscite
906 3846 1052 3900 hunc
1082 3858 1204 3900 esse
1234 3841 1425 3895 Deum.

432 3940 524 3995 21.
551 3938 610 3995 Si
638 3951 968 4008 cognoscere
990 3951 1099 3991 non
1126 3934 1389 4005 potestis,
1422 3932 1718 3987 erudimiui
1737 3947 1767 3987 e
1800 3931 1940 3986 divi-

364 4032 451 4087 nis
491 4031 811 4101 Scripturis,
840 4028 989 4099 quod
1016 4030 1134 4098 ipse
1157 4036 1242 4082 est
1268 4027 1415 4081 Deus
1445 4036 1655 4082 noster.

436 4122 527 4178 22.
559 4122 791 4187 Servite,
822 4122 1020 4191 inquit,
1051 4120 1101 4175 ei
1132 4120 1186 4173 in
1205 4121 1421 4185 timore,
1447 4128 1501 4172 et
1541 4127 1797 4182 tremore,

434 4293 524 4346 23.
560 4292 622 4347 Et
652 4292 707 4345 in
746 4304 915 4361 regno
948 4304 1068 4359 eius
1104 4288 1396 4343 exsultate.

432 4386 522 4439 24.
548 4382 962 4438 Conﬁrmamiui
1002 4383 1054 4434 in
1090 4381 1340 4435 doctrina
1375 4380 1611 4444 Domini,

433 4479 524 4533 25.
558 4475 859 4547 Nequando
893 4475 1050 4529 vobis
1086 4490 1208 4529 eam
1236 4474 1637 4545 negligentibus
1664 4488 1728 4527 ac
1760 4472 1931 4541 despi-

362 4570 656 4633 cientibus,
695 4569 985 4631 irascatur,

434 4663 523 4715 26.
549 4660 615 4714 Et
642 4675 741 4714 vos
764 4660 1000 4714 statione
1028 4668 1366 4723 sanctorum,
1401 4673 1523 4727 quae
1552 4673 1582 4712 a
1608 4656 1811 4712 dextris
1833 4668 1935 4720 est,

366 4753 619 4823 indignos
683 4750 979 4806 existimet.

439 4844 526 4899 27.
553 4845 688 4898 Cum
716 4845 859 4914 ignis
890 4842 1112 4917 ultionis
1166 4850 1291 4895 ante
1342 4854 1466 4894 eum
1502 4842 1792 4910 praecedet,

439 5023 526 5081 28.
556 5022 707 5078 Beati
736 5037 946 5087 omnes,
977 5023 1070 5090 qui
1123 5037 1178 5074 in
1209 5036 1274 5075 eo
1307 5034 1457 5090 spem
1501 5020 1720 5074 habent.

2116 2370 2201 2423 12.
2241 2366 2314 2419 Τὸ
2357 2364 2510 2418 Σιὼν
2546 2361 2907 2436 ἑρμηνεύεται
2939 2359 3142 2423 τόπος,
3193 2357 3325 2410 ὅπου
3360 2354 3392 2426 ή
3422 2352 3625 2424 σκηνή.

2043 2461 2305 2523 Βασιλεὺς
2353 2457 2444 2512 οὖν
2480 2454 2761 2526 ἀνεδείχθη
2794 2453 2898 2507 ὑπὸ
2934 2450 3027 2511 τοῦ
3061 2449 3273 2520 Πατρὸς
3324 2448 3415 2500 ἐπὶ
3460 2444 3623 2512 Σιὼν,

2042 2554 2318 2608 τουτέστιν
2348 2552 2405 2602 ὲν
2439 2552 2548 2613 τοῖς
2571 2548 2837 2619 οὐρανοῖς,
2875 2544 3001 2598 ἔνθα
3034 2541 3263 2612 ἀληθινὴ
3293 2539 3487 2611 σκηνὴ,
3541 2536 3630 2605 ἢν

2043 2643 2271 2711 ἔπηξεν
2306 2644 2337 2695 ὀ
2376 2642 2613 2706 Κύριος,
2650 2639 2747 2690 καὶ
2781 2638 2890 2689 οὐκ
2924 2633 3254 2701 ἅνθρωπος.

2113 2736 2200 2799 15,
2244 2734 2329 2786 14.
2381 2733 2475 2783 Ἐκ
2517 2731 2623 2783 τῶν
2660 2727 2905 2800 οὐρανῶν
2938 2725 3209 2790 ἀκουστὴν
3251 2722 3469 2793 ἐποίησε
3521 2721 3626 2792 τὴν

2043 2826 2225 2896 φωνὴν
2256 2823 2420 2877 αὑτοῦ
2452 2823 2528 2894 (1)
2562 2822 2697 2893 βοῶν
2725 2821 2860 2893 πρὸς
2895 2835 2979 2890 με’
3022 2818 3105 2871 Σὺ
3134 2813 3189 2870 εἷ
3215 2820 3246 2869 ό
3284 2817 3417 2880 Υἱός
3441 2832 3560 2883 μου
3588 2815 3629 2869 ό

2041 2919 2370 2987 ἀγαπητός.
3160 2952 3186 2977 ,

2116 3012 2202 3063 15.
2251 3011 2354 3062 Ἢν
2387 3008 2463 3080 (2)
2501 3005 2825 3077 ἐφανέρωσά
2862 3021 2940 3057 σε.
2977 3004 3091 3074 Πρὸ
3124 3002 3233 3072 γὰρ
3270 3000 3379 3053 τῶν
3408 2997 3627 3053 αἰώνων

2043 3100 2533 3172 ἀποκεκρυμμένος
2552 3096 2618 3170 ἧς
2646 3101 2701 3151 ὲν
2725 3098 2846 3168 ἐμοὶ
2869 3097 2945 3167 τῷ
2976 3096 3149 3167 Πατρί
3182 3112 3295 3157 σου,
3321 3092 3501 3154 καθὼς
3532 3091 3627 3159 γέ-

2041 3213 2283 3267 γραπται
2319 3196 2447 3265 περὶ
2473 3192 2671 3247 αὐτοῦ’
2715 3194 2775 3244 '0
2820 3189 2904 3243 ὢν
2954 3191 3021 3243 ἐν
3054 3188 3179 3252 τοῖς
3223 3188 3473 3250 κόλποις
3512 3183 3625 3237 τοῦ

2042 3289 2291 3356 Πατρός.

2113 3382 2200 3442 16,
2246 3381 2332 3433 17.
2375 3379 2473 3434 Διά
2514 3377 2672 3431 τοῦτο
2704 3376 2887 3444 ἔλεγεν
2926 3378 2982 3427 ὲν
3024 3372 3372 3441 Εὑαγγελίῳ·
3405 3368 3621 3438 Πάτερ,

2044 3474 2150 3539 οὓς
2191 3471 2453 3537 δέδωκάς
2476 3488 2599 3540 μοι,
2630 3470 2782 3522 θέλω
2829 3468 2980 3521 ὅπου
3008 3467 3081 3537 (3)
3109 3466 3222 3534 εἰμί
3258 3462 3389 3532 ἐγὼ,
3431 3461 3626 3516 κάκεῖ-

1969 3561 2011 3617 C
2044 3580 2137 3617 νοι
2166 3557 2336 3615 ὦσιν.

2116 3653 2204 3715 18,
2248 3652 2331 3706 19.
2381 3650 2468 3702 Ἐν
2504 3645 2723 3716 ἐξουσία
2760 3646 2953 3715 ἰσχυρᾷ
2989 3643 3193 3711 πάντας
3226 3642 3352 3703 τοὺς
3387 3638 3464 3709 μὴ
3498 3653 3621 3690 πει·-

2047 3743 2303 3815 θομένους
2334 3758 2415 3793 σοι
2450 3738 2732 3799 λεπτυνεῖς
2765 3737 2859 3789 καὶ
2884 3734 3166 3805 δαμάσεις.

2110 3837 2198 3891 20.
2254 3832 2573 3900 Ἐπίγνωτε,
2610 3832 2691 3882 ὅτι
2722 3823 2875 3890 οὗτός
2906 3828 3052 3880 ἐστιν
3085 3828 3113 3878 6
3149 3822 3297 3885 Θεός.

2110 3925 2199 3980 21.
2253 3925 2377 3977 Ἐὰν
2425 3923 2499 3994 μή
2546 3921 2775 3975 δύνασθε
2824 3916 3143 3987 ἐπιγνῶναι,
3195 3911 3520 3982 παιδεύθητε
3557 3912 3625 3964 ἐκ

2041 4020 2147 4073 τῶν
2176 4018 2338 4071 θείων
2369 4016 2625 4088 Γραφῶν,
2652 4017 2732 4068 ὅτι
2766 4013 2927 4075 αὐτός
2960 4014 3105 4063 ἐστιν
3134 4011 3162 4061 6
3197 4006 3331 4068 Θεὸς
3364 4002 3548 4075 ἡμῶν.

2111 4106 2201 4161 22.
2242 4107 2603 4170 Δουλεύσατε,
2650 4105 2831 4173 λέγει,
2887 4100 3036 4171 αὐτῷ
3104 4102 3162 4152 ὲν
3211 4093 3362 4166 φόϐῳ
3414 4092 3510 4146 καὶ
3560 4096 3623 4148 ιν

2080 4197 2254 4269 ρόμῳν

2114 4291 2202 4343 25.
2248 4289 2355 4342 Καὶ
2384 4285 2709 4356 ἀγαλλιᾶσθε
2742 4286 2799 4337 ὲν
2831 4286 2897 4354 τῇ
2940 4282 3187 4353 βασιλείᾳ
3216 4277 3403 4334 αὑτοῦ.

2112 4381 2199 4435 24.
2252 4380 2547 4442 Ῥιζὼσατε
2574 4382 2628 4431 ὲν
2662 4381 2725 4448 τῇ
2760 4375 2855 4429 τοῦ
2886 4376 3091 4447 Κυρίου
3124 4371 3462 4442 διδασκαλίᾳ,

2112 4472 2200 4525 25.
2239 4473 2468 4541 Μήποτε
2489 4512 2502 4534 ,
2536 4471 2609 4534 ὡς
2644 4468 2989 4541 ἀμελούντων
3033 4467 3186 4538 ὑμῶν
3218 4467 3312 4519 καὶ
3346 4478 3625 4533 καταφρο-

2046 4562 2272 4617 νούντων
2291 4603 2305 4626 ,
2342 4564 2594 4634 ὀργισθῇ,

2110 4653 2200 4708 26.
2240 4655 2349 4706 Καὶ
2384 4653 2637 4718 ἀναξίους
2676 4655 2819 4724 ὑμᾶς
2856 4654 3121 4725 ἡγήσεται
3170 4650 3268 4719 τῆς
3311 4650 3376 4701 ὲκ
3427 4645 3623 4711 δεξιῶν

2045 4748 2285 4809 στάσεως
2316 4747 2422 4799 τῶν
2461 4747 2650 4812 ἁγίων.

2109 4839 2201 4894 27.
2241 4840 2410 4891 Ὅταν
2439 4839 2499 4890 τὸ
2536 4838 2647 4908 πῦρ
2690 4837 2792 4908 τῆς
2830 4837 3159 4906 ἐκδικήσεως
3188 4830 3627 4904 προπορεύσεται

1971 4912 2017 4967 ι)
2044 4929 2351 5001 ἔμπροσθεν
2376 4929 2561 4994 αὑτοῦ,

2114 5022 2203 5076 28.
2219 5022 2496 5091 Μακάριοι
2523 5022 2719 5085 πάντες
2731 5022 2778 5074 οἱ
2798 5020 2895 5093 τὴν
2915 5018 3105 5075 ἐλπίδα
3121 5018 3334 5091 ἔχοντες
3353 5013 3629 5082 είςαὺτόν.

436 5179 629 5270 'Rebr.
653 5194 768 5242 vm,
794 5178 849 5233 2.
926 5179 947 5210 ⁸
978 5176 1139 5234 Joan.
1176 5194 1309 5244 xvn,
1336 5178 1389 5231 6.
1470 5178 1491 5210 ’
1513 5175 1670 5232 Joan.
1706 5192 1744 5242 ι,
1777 5174 1867 5232 18.
1942 5176 1989 5208 ¹⁰

2089 5191 2168 5231 an.
2205 5193 2338 5244 xvn,
2376 5175 2469 5231 21.

1315 5357 1619 5423 Addenda
1646 5369 1707 5423 et
1744 5360 2119 5441 corrigenda
2151 5378 2229 5421 ex
2263 5359 2418 5421 'cod.
2453 5357 2653 5421 Vatic.

439 5556 515 5636 (1)
546 5556 764 5636 έρτοῦ,
793 5566 944 5613 deest
968 5557 1022 5611 in
1059 5553 1194 5610 Cod.

440 5627 517 5699 (2)
551 5627 684 5681 Νῦν.

2122 5558 2196 5627 (5)
2229 5555 2400 5625 Θέλω,
2432 5557 2520 5612 ἵνα
2547 5555 2704 5610 ὅπου.
