3878 6218
361 352 469 414 839
635 381 639 385 ν
1217 359 1274 415 s.
1318 360 1695 419 ATHANASII
1734 362 1888 419 OPP.
1928 362 2111 418 PARS
2151 363 2235 418 Ill.
2277 391 2346 403 —
2386 355 2802 414 EXEGETICA.
3514 337 3625 395 660

433 471 485 525 9.
522 469 637 540 Ego
668 466 902 525 dormivi
937 477 991 525 et
1017 483 1306 540 soporatus
1337 489 1458 528 sum
1497 492 1511 540 ;

1966 482 2013 538 Α
2109 477 2163 529 9.
2215 471 2356 541 Ἐγὼ
2387 472 2446 525 δὲ
2472 467 2794 539 ὲκοιμήθην,
2824 463 2918 516 καὶ
2947 460 3196 514 ὕπνωσα·

430 561 523 616 10.
555 560 622 615 Et
652 562 958 625 exsurrexi,
999 564 1127 633 quia
1158 562 1424 621 Dominus
1455 568 1693 637 suscepit
1725 584 1830 623 me.

2114 565 2200 619 10.
2256 563 2614 634 Ἐξηγέρθην,
2658 561 2739 613 ὅτι
2779 554 2982 627 Κύριος
3016 546 3368 621 ἀντιλήψεται
3405 560 3548 616 μου·

432 654 522 707 11.
553 651 671 708 Non
719 652 922 708 timebo
966 654 1137 709 millia
1168 657 1353 726 populi
1399 635 1794 715 circumdantis
1828 676 1933 717 me.

2112 659 2197 711 11.
2240 659 2314 712 Οὐ
2360 654 2741 727 φοϐηθήσομαι
2787 650 2893 704 ἀπὸ
2926 644 3200 719 μυριάδων
3228 639 3358 694 λαοῦ
3388 638 3498 693 τῶν
3526 635 3627 693 κὺ-

2041 752 2153 822 κλῳ
2184 750 2671 820 συνεπιτιθεμένων
2706 763 2815 817 μοι.

435 830 523 885 η.
553 829 820 900 Exsurge,
839 830 1092 899 Domine;
1125 834 1332 887 salvum
1366 850 1451 888 me
1472 834 1576 899 fac,
1597 835 1737 890 Deus
1762 852 1935 891 meus.

1911 858 1935 891 ι-
2115 843 2200 895 i2.
2258 841 2510 903 Ἀνάστα,
2542 839 2750 910 Κύριε’
2776 833 2947 888 σῶσόν
2979 847 3066 903 με,
3097 830 3125 881 ὁ
3159 829 3290 890 Θεός
3319 843 3442 897 μου.

436 923 523 976 15.
556 921 828 988 Quoniam
875 932 934 977 tu
984 926 1306 993 percussisti
1356 940 1548 981 omnes
1589 928 1939 982 adversantes

2114 933 2199 987 13.
2245 935 2367 986 Ὅτι
2406 933 2468 984 σὺ
2505 928 2781 993 ὲπάταξας
2826 926 3032 987 πάντας
3070 921 3196 983 τοὺς
3239 912 3627 989 ἐχθραίνοντάς

366 1014 501 1069 mihi
535 1016 653 1070 sine
679 1030 844 1071 causa
874 1033 888 1077 ;

2046 1044 2136 1098 μοι
2168 1026 2413 1095 ματαίως
2433 1041 2446 1054 ·

441 1108 528 1163 14.
562 1108 760 1163 Dentes
792 1116 1143 1178 peccatorum
1169 1110 1499 1165 contrivisti.
1638 1128 1645 1141 ι

2124 1116 2211 1171 14.
2266 1115 2511 1176 Ὀδόντας
2546 1108 2884 1183 ἁμαρτωλῶν
2931 1103 3276 1176 συνέτριψας.

436 1199 526 1254 15.
561 1198 774 1253 Domini
805 1207 890 1255 est
917 1201 1067 1255 salus
1095 1214 1113 1265 ;
1898 1256 1906 1265 .

1898 1256 1906 1265 .
2114 1210 2201 1263 15.
2245 1206 2351 1260 Τοῦ
2394 1207 2599 1275 Κυρίου
2629 1206 2662 1274 ἡ
2704 1200 2979 1271 σωτηρία·

436 1290 523 1345 16.
553 1289 620 1344 Et
646 1306 810 1360 super
842 1294 1101 1361 populum
1134 1301 1287 1348 tuum
1320 1292 1626 1348 benedictio
1665 1302 1777 1348 tua.

2114 1301 2201 1352 16.
2244 1299 2353 1351 Καὶ
2385 1298 2477 1350 ἐπὶ
2503 1297 2594 1349 τὸν
2626 1295 2754 1347 λαόν
2787 1310 2877 1346 σου
2908 1293 2941 1361 ἡ
2968 1288 3189 1355 εὐλογία
3221 1302 3312 1338 σου

540 1376 606 1430 In
637 1378 815 1446 ﬁnem,
845 1380 901 1432 in
930 1382 1540 1457 carminibustsalmus
1571 1384 1763 1438 David.

2141 1395 2244 1457 Είς
2261 1392 2327 1444 τὸ
2356 1391 2553 1455 τέλος,
2579 1389 2648 1441 ἐν
2678 1388 2923 1457 ὕμνοις,
2942 1379 3186 1450 ψαλμὸς
3203 1375 3282 1441 τῷ
3308 1374 3508 1432 Δαυτδ.

984 1448 1188 1506 PSAL.
1218 1448 1322 1505 IV.
2220 1448 2236 1457 '
2511 1448 2515 1455 '

2220 1448 2236 1457 ’
2511 1448 2550 1455 ”
2684 1448 2857 1510 1ῨΑΑ.
2898 1448 2972 1508 Δί.

528 1536 664 1592 Cum
709 1541 1020 1596 invocarem
1062 1543 1341 1599 exaudivit
1391 1561 1479 1601 me
1531 1546 1675 1603 Deus
1716 1549 1942 1618 iustitiae

2112 1555 2163 1607 1.
2218 1554 2305 1605 Ἐν
2334 1551 2412 1622 τῷ
2439 1548 2816 1603 ἐπικαλεῖσθαί
2850 1565 2947 1619 με,
2978 1542 3265 1616 εἰσήκουσέ
3298 1559 3400 1612 μου
3434 1542 3462 1593 ὁ
3488 1536 3628 1599 Θεὸς

370 1640 503 1681 meae
526 1644 541 1694 ;

2043 1644 2139 1714 τῆς
2165 1640 2512 1710 δικαιοσύνης
2542 1656 2662 1709 μου.

440 1718 495 1771 2.
528 1717 586 1771 In
620 1720 970 1776 tribulatione
1000 1723 1240 1779 dilatasti
1270 1724 1426 1777 mihi.

2111 1736 2166 1789 2.
2220 1734 2308 1786 Ἐν
2341 1732 2517 1801 θλίψει
2549 1727 2852 1790 ὲπλάτυνάς
2878 1744 2987 1797 μοι.

438 1810 489 1863 5.
524 1808 783 1864 Miserere
812 1812 939 1877 mei,
979 1820 1033 1865 et
1060 1812 1255 1866 exaudi
1286 1813 1593 1867 orationem
1630 1829 1828 1868 meam.

2110 1827 2325 1879 ’5.οῐκτε
2336 1825 2518 1895 ίρησόν
2534 1839 2599 1893 με
2612 1864 2622 1883 ,
2635 1821 2730 1874 καὶ
2744 1820 3059 1873 εἰσάκουσον
3069 1818 3165 1886 τῆς
3180 1811 3485 1886 προσευχῆς
3497 1825 3628 1880 μου.

441 1900 494 1952 4.
530 1898 651 1953 Filii
682 1900 990 1967 hominum,
1021 1918 1310 1971 usquequo
1338 1903 1488 1973 gravi
1513 1904 1726 1958 corde?
1971 1901 1972 1907 “

1971 1898 2011 1908 u
2114 1916 2167 1970 4.
2211 1915 2329 1967 Υἱοὶ
2354 1912 2677 1983 ἀνθρώπων,
2716 1910 2821 1972 ἓως
2862 1910 2990 1961 πότε
3026 1905 3410 1977 βαρυκάρδιοι;

442 1992 493 2045 5.
532 1991 603 2045 Ut
640 1993 771 2062 quid
815 1994 1042 2065 diligitis
1089 1996 1407 2060 vanitatem,
1433 2007 1484 2048 et
1508 1997 1751 2065 quaaritis
1789 2015 1900 2053 mer

369 2082 587 2135 dacium
622 2085 644 2135 ?

2117 2007 2169 2060 5.
2213 2008 2329 2059 ’Ίνα
2359 2007 2409 2058 τί
2438 2005 2689 2074 ἀγαπᾶτε
2725 2001 3083 2072 ματαιότητα,
3122 2000 3216 2054 καὶ
3257 1997 3467 2068 ζητεῖτε
3490 1990 3630 2064 ψεῦ-

409 2083 587 2137 acium
622 2085 644 2137 ?
2047 2095 2163 2157 ὣς

437 2174 493 2228 6.
529 2174 594 2229 Et
634 2176 829 2232 scitote
857 2178 1121 2248 quoniam
1157 2185 1471 2235 mmbcavrt
1510 2181 1777 2237 Dominus
1814 2198 1946 2237 san-

2118 2187 2170 2242 6.
2209 2189 2318 2240 Καὶ
2342 2187 2539 2254 γνῶτε,
2574 2188 2657 2240 ὅτι
2687 2184 3079 2255 ὲθαυμάστωσε
3116 2184 3322 2254 Κύριος
3353 2181 3444 2233 τὸν
3481 2179 3630 2231 ὅσιον

371 2276 523 2321 ctum
554 2284 737 2325 suum.

704 2286 737 2325 ιο
2051 2279 2235 2332 αὐτοῦ.

1507 2387 1878 2444 ATHANASII
1918 2390 2497 2447 INTERPRETATIO.

443 2479 495 2534 9.
525 2476 917 2547 Unusqursque
944 2479 1330 2548 prophetarum
1359 2481 1492 2535 dicit
1522 2502 1535 2536 :
1572 2480 1765 2537 Nullus
1789 2483 1865 2537 fui
1888 2484 1941 2537 in

2119 2485 2171 2539 9.
2218 2487 2486 2550 Ἕκαστος
2517 2487 2663 2555 λεγει
2696 2487 2802 2539 τῶν
2833 2484 3149 2557 προφητῶν,
3179 2484 3260 2537 ὅτι
3302 2484 3389 2534 Ἑν
3425 2480 3523 2550 μὲν
3550 2478 3629 2549 (1)

369 2585 489 2625 mea
557 2568 939 2639 praedicatione
1004 2577 1225 2638 propter
1296 2570 1578 2625 hominum
1649 2572 1900 2627 increduli

2101 2577 2362 2649 ηρύγματί
2394 2596 2493 2643 μου
2525 2578 2805 2649 ἀνωφελὴς
2828 2577 3093 2646 ἐγενόμην
3113 2574 3201 2628 διὰ
3223 2574 3321 2643 τὴν
3346 2570 3632 2624 ἀπείθειαν

372 2667 559 2719 tatem,

2050 2667 2156 2719 τῶν
2186 2665 2508 2735 ἀνθρώπων,

439 2749 523 2802 10.
559 2745 865 2803 Novissime
886 2755 1065 2802 autem
1090 2763 1247 2803 meus
1262 2764 1443 2804 sermo
1457 2750 1783 2814 exsurrexit,
1812 2766 1949 2819 quo-

2128 2757 2212 2811 10.
2254 2757 2521 2827 ’Ύστερον
2567 2758 2623 2810 δὲ
2671 2757 2932 2826 ἐξανέστη
2974 2758 3003 2809 ὁ
3039 2755 3197 2822 λόγος
3230 2770 3352 2819 μου,
3392 2752 3474 2803 ὅτι
3516 2749 3631 2802 Κύ-

367 2839 515 2893 niam
536 2839 801 2893 Dominus
834 2853 931 2907 per
966 2839 1208 2908 seipsum
1241 2840 1507 2893 mundum
1553 2841 1821 2896 allocutus
1839 2856 1897 2895 es

1664 2850 1821 2896 cutus
1839 2851 1944 2898 est.
2051 2864 2163 2918 ριος
2191 2848 2255 2900 δι’
2281 2849 2473 2900 ἑαυτοῦ
2503 2849 2730 2919 ὲλάλησε
2764 2849 2840 2918 τῷ
2872 2848 3060 2918 κόσμῳ
3099 2847 3195 2917 (2).

443 2932 528 2983 Η.
561 2929 941 2993 Tentationes,
984 2930 1061 2983 ait
1090 2945 1176 2984 mc
1211 2932 1609 3000 aggredientcs.

2120 2942 2205 2995 11.
2245 2941 2366 2994 Τῶν
2410 2943 2733 3013 πειρασμῶν
2771 2942 2919 3009 λέγει
2946 2942 3055 2994 τῶν
3098 2936 3480 3008 ἐπερχομένων
3515 2949 3629 3001 μοι.

440 3021 528 3073 12.
562 3020 828 3090 Exsurge,
848 3019 1099 3085 Domine,
1126 3022 1195 3076 de
1219 3037 1328 3091 quo
1362 3022 1613 3077 dicturus
1648 3032 1767 3077 erat
1798 3022 1945 3077 Tho-

2120 3032 2207 3087 12.
2260 3032 2512 3099 Ἀνάστα,
2562 3033 2770 3103 Κύριε,
2803 3036 2929 3104 περὶ
2970 3027 3031 3085 οῦ
3071 3032 3253 3103 μέλλει
3288 3028 3468 3095 λέγειν
3513 3023 3632 3076 Θω-

370 3129 489 3167 mas
521 3132 533 3167 :
567 3114 822 3166 Dominus
855 3129 1000 3166 meus
1024 3123 1073 3167 et
1097 3113 1237 3167 Deus
1266 3130 1411 3167 meus
1446 3115 1508 3166 “.

2049 3125 2190 3192 μᾶςο
2241 3124 2303 3176 '0
2332 3126 2544 3192 Κύριός
2573 3144 2692 3194 μου
2724 3127 2821 3179 καὶ
2854 3130 2886 3179 ὀ
2918 3127 3063 3190 Θεός
3092 3142 3229 3193 μου.

441 3208 529 3262 15.
556 3206 829 3274 Quoniam
870 3220 924 3262 tu
971 3208 1269 3261 cruciﬁxus
1298 3222 1397 3276 pro
1432 3207 1591 3261 nobis
1627 3207 1942 3276 percussisti

2125 3217 2212 3270 15.
2255 3216 2377 3269 Ὅτι
2423 3218 2487 3269 σὺ
2521 3217 2850 3288 σταυρωθεὶς
2887 3218 3026 3288 ὑπὲρ
3050 3216 3206 3287 ἡμῶν
3250 3215 3325 3285 (5)
3353 3210 3634 3277 ἑπάταξας

368 3313 559 3354 omnes
589 3307 828 3353 rectores
863 3298 1075 3363 mundi,
1110 3298 1215 3351 hoc
1244 3305 1328 3350 est
1348 3296 1578 3366 peccati.

1981 3295 2023 3353 C
2056 3307 2264 3370 πάντας
2285 3310 2410 3372 τοὺς
2434 3310 2881 3380 κοσμοκράτορας
2916 3308 3016 3377 τῆς
3040 3307 3334 3379 ἁμαρτίας.

443 3392 528 3446 14.
557 3390 760 3445 Eorum
790 3392 999 3445 scilicet
1023 3390 1321 3452 doctrinas,
1354 3390 1557 3458 quibus
1603 3389 1939 3446 devorabant

2118 3400 2205 3455 M.
2248 3402 2359 3464 Τάς
2386 3401 2604 3471 διδαχὰς
2636 3401 2817 3454 αὐτῶν
2847 3400 3124 3453 τουτέστιν
3167 3398 3263 3468 (4),
3285 3401 3341 3450 ὲν
3372 3390 3460 3459 αἷς
3497 3410 3636 3447 κατ-

370 3483 538 3539 corda
570 3483 854 3537 hominum
882 3483 976 3552 qui
1005 3482 1111 3536 illis
1134 3481 1538 3536 auscultabant.

2054 3490 2242 3561 ήσθιον
2267 3492 2366 3554 τὰς
2391 3493 2617 3562 καρδίας
2644 3492 2751 3545 τῶν
2781 3492 3168 3545 ὑπακουόντων
3199 3490 3404 3550 αὐτοῖς.

442 3576 529 3632 15.
557 3575 661 3630 Tui
692 3576 933 3646 quidem,
970 3575 1066 3646 qui
1096 3583 1293 3629 natura
1316 3574 1434 3644 ipsa
1466 3574 1735 3629 Dominus
1761 3590 1840 3639 es,

2177 3587 2213 3635 5.
2258 3582 2361 3634 Σοῦ
2395 3584 2504 3654 γὰρ
2645 3584 2737 3635 τοῦ
2766 3583 2909 3636 κατὰ
2942 3583 3101 3651 φύσιν
3137 3580 3366 3650 Κυρίου,
3706 3644 3708 3647 _

443 3667 531 3725 16.
562 3668 628 3723 Ει
650 3684 813 3738 super
838 3680 1056 3724 sanctos
1087 3676 1210 3721 tuos
1229 3667 1402 3738 gratia
1428 3677 1522 3721 tua
1549 3687 1564 3733 ;
1591 3667 1771 3721 omnis
1800 3667 1946 3722 enim

2126 3672 2213 3724 16.
2256 3676 2367 3726 Kal.
2413 3674 2505 3726 ἐπὶ
2535 3676 2661 3737 τοὺς
2703 3674 2889 3742 ἁγίους
2932 3691 3022 3725 σου
3057 3675 3089 3743 ἡ
3138 3674 3297 3743 χάρις
3330 3685 3451 3721 συυ·
3487 3666 3637 3722 πᾶσα

371 3762 525 3817 salus
557 3762 626 3815 ab
656 3760 881 3815 homine
910 3775 1051 3814 vana
1083 3760 1147 3812 ¹¹.

2057 3760 2166 3831 γὰρ
2200 3762 2442 3832 σωτηρία
2474 3762 2762 3832 ἀνθρώπου
2795 3764 3018 3832 ματαία.

453 3855 517 3906 Ἡ
544 3853 637 3908 τοῦ
658 3850 875 3921 ψαλμοῦ
909 3848 1242 3919 προκειμένη
1271 3847 1552 3917 ἐπιγραφὴ
1583 3849 1615 3917 ὴ
1647 3845 1737 3899 διὰ
1764 3846 1861 3917 τῆς
1893 3848 2265 3918 κινναϐάρεως
2299 3851 2568 3919 περιέχει·
2596 3854 2697 3917 Εἰς
2726 3852 2793 3905 τὸ
2824 3851 2997 3917 τέλος
3034 3852 3102 3903 ἐν
3129 3850 3356 3919 ὕμνοις,
3394 3846 3644 3915 ψαλμὸς

371 3944 450 4012 τῷ
479 3945 678 3999 Δαυΐδ.
708 3944 883 3997 Τοῦτο
910 3940 1004 3998 οῦν
1034 3946 1203 4006 ἐστιν,
1236 3942 1329 4005 Εἰς
1359 3943 1527 4013 ὕμνον
1555 3942 1771 4012 εἴρηται
1797 3943 1938 4014 ὑπὲρ
1962 3943 2069 3995 τῶν
2100 3945 2271 4011 ἁγίων
2301 3945 2396 3999 τοῦ
2423 3946 2557 3998 Θεοῦ
2588 3948 2685 4017 (6),
2719 3948 2859 4018 ὑπὲρ
2890 3948 2996 4001 τῶν
3023 3948 3305 4001 ἀθανάτων
3327 3942 3643 4015 μυστηρίων

372 4044 439 4097 δι’
464 4034 539 4096 ὧν
579 4041 841 4105 σώζονται
871 4041 922 4094 οἱ
960 4040 1105 4109 ἅγιοι
1139 4040 1233 4092 τοῦ
1264 4040 1421 4104 Θεοῦ,
1451 4040 1518 4093 δι’
1559 4031 1634 4091 ὧν
1670 4038 1745 4109 (7)
1780 4040 1996 4105 λέγουσι
2030 4041 2122 4093 καὶ
2158 4041 2249 4093 τὸν
2284 4041 2451 4112 ὕμνον
2481 4042 2557 4113 τῷ
2596 4043 2827 4096 σώσαντι
2857 4045 3052 4105 αὐτοὺς
3088 4042 3164 4111 τῷ
3194 4038 3306 4109 Υἱῶ
3353 4036 3447 4090 τοῦ
3482 4034 3640 4091 Θεοῦ.

372 4138 532 4192 Δαυῒδ
558 4138 668 4210 γὰρ
695 4134 1058 4208 ἑρμηνεύεται
1089 4134 1297 4199 ἱκανὸς
1324 4133 1495 4201 χειρὶ,
1529 4133 1666 4203 ὅπερ
1695 4132 1810 4185 ἐστὶ
1839 4132 2042 4203 Κύριος
2072 4134 2146 4201 (8)
2175 4136 2203 4185 ὀ
2235 4133 2364 4197 Θεὸς
2404 4137 2436 4205 ἡ
2446 4134 2580 4205 μῶν.

444 4251 679 4312 Titulus,
700 4249 795 4319 qui
829 4247 1039 4317 psalmo
1061 4244 1429 4316 prazmittitur,
1449 4241 1735 4298 cinnabari
1768 4241 2028 4310 scriptus,
2047 4242 2287 4295 continet
2315 4260 2326 4294 :
2351 4241 2416 4295 In
2444 4244 2600 4313 ﬁnem
2626 4246 2680 4297 in
2705 4243 2931 4313 hymnis,
2957 4240 3191 4311 psalmus
3216 4234 3403 4289 David.
3424 4233 3645 4288 Scilicet

372 4354 428 4407 in
458 4354 744 4423 hymnum,
774 4349 877 4402 hoc
900 4354 984 4400 est
1020 4344 1076 4397 in
1105 4344 1345 4408 laudem,
1380 4341 1627 4412 psalmus
1676 4338 1855 4394 dictus
1900 4347 1984 4393 est
2022 4354 2123 4406 pro
2165 4340 2373 4395 sanctis
2412 4340 2505 4395 Dei
2544 4341 2611 4395 de
2658 4341 3059 4395 immortalibus
3109 4333 3401 4405 mysteriis,
3439 4332 3645 4402 quibus

376 4443 551 4499 sancti
574 4442 669 4498 Dei
694 4440 1000 4501 salvantur,
1028 4446 1082 4491 et
1120 4436 1191 4489 ob
1214 4448 1335 4504 quae
1360 4434 1621 4503 hymnum
1654 4438 1862 4484 canunt
1888 4428 1985 4485 Dei
2008 4428 2172 4498 Filio,
2196 4432 2289 4501 qui
2321 4433 2552 4486 salvavit
2576 4448 2690 4488 eos.
2726 4432 2893 4488 David
2929 4435 3073 4488 enim
3113 4433 3497 4500 interpretatur
3526 4443 3645 4479 ma-

377 4557 446 4593 nu
474 4547 680 4608 potens,
711 4534 891 4607 qualis
920 4542 1005 4588 est
1037 4530 1303 4586 Dominus
1329 4528 1473 4583 Deus
1496 4534 1707 4581 noster.

351 4694 362 4703 ,
451 4636 502 4689 1.
533 4632 775 4687 Veniens
803 4630 872 4685 ad
894 4644 983 4684 me
1009 4642 1167 4697 opem
1197 4624 1332 4679 mihi
1360 4623 1556 4688 tulisti,

2135 4623 2183 4675 1.
2222 4624 2672 4694 Παραγενόμενος
2696 4619 2831 4690 πρὸς
2859 4635 2946 4689 με,
2974 4614 3275 4686 ὲὸοήθησάς
3318 4631 3426 4684 μοι,
3466 4610 3644 4679 λέγει,

450 4728 503 4781 2.
537 4725 996 4780 Animadvertens
1020 4736 1197 4775 meam
1225 4719 1623 4781 inﬁrmitatem,

1614 4758 1623 4780 ι
2132 4716 2187 4769 2.
2229 4716 2630 4787 Προσεσχηκὼς
2659 4715 2719 4767 τὸ
2748 4711 2971 4773 ἀσθενές
3008 4726 3109 4778 μου
3133 4748 3145 4771 ,

450 4821 506 4875 '5.
542 4817 660 4873 Non
688 4816 931 4886 rejecisti
958 4813 1396 4885 deprecationem
1427 4823 1625 4863 meam.
1821 4883 1833 4886 _

1821 4883 1833 4886 _
2133 4810 2189 4862 5.
2232 4808 2324 4878 Μὴ
2359 4806 2671 4878 ἀπορρίψῃς
2711 4806 2810 4873 τὴν
2842 4803 3047 4856 ἱκεσίαν
3080 4816 3199 4870 μου.

452 4911 505 4964 4.
540 4908 719 4963 Corde
743 4883 967 4976 lapidei.
1030 4883 1043 4885 ν
1820 4883 1833 4891 ’

1820 4883 1833 4891 ⁸
2136 4898 2190 4951 4.
2233 4898 2594 4969 Λιθοκάρδιοι.

453 5001 673 5067 εθρυω
702 5002 758 5053 in
787 4998 993 5052 mundo
1017 5000 1162 5050 sunt.

2138 4990 2191 5044 5.
2234 4989 2315 5042 Τὰ
2342 4990 2399 5040 ὲν
2427 4988 2505 5059 τῷ
2538 4989 2747 5057 κόσμῳ.

455 5090 827 5161 6.1ntelligite
875 5089 1137 5159 quoniam
1192 5084 1458 5140 Dominus
1508 5097 1725 5138 servum
1797 5096 1956 5137 suum

2138 5080 2189 5131 6.
2236 5081 2482 5150 Νοήσατε
2530 5079 2605 5149 (9)
2664 5080 2747 5131 ὃτι
2802 5078 2831 5129 ὁ
2887 5075 3091 5147 Κύριος
3140 5069 3356 5134 ὲδόξασε
3402 5068 3495 5123 τὸν
3533 5067 3652 5121 δου-

387 5182 733 5257 gloriﬁcavit.

2072 5171 2297 5225 λεύοντα
2327 5171 2490 5242 αὐτῷ.

459 5281 497 5310 ¹¹
524 5276 683 5332 Joan.
708 5291 801 5341 xx,
824 5272 935 5327 28.
991 5271 1034 5302 ¹²
1072 5268 1217 5325 Psal.
1242 5286 1351 5335 ιιι,
1382 5270 1467 5323 15.

1334 5384 1638 5447 Addenda
1688 5390 1747 5444 et
1795 5380 2171 5460 corrigenda
2208 5398 2286 5440 ex
2321 5380 2458 5440 cod.
2496 5378 2696 5438 Vatic.

461 5502 537 5568 (1)
585 5500 674 5551 Ἐν
706 5497 784 5568 τῷ
827 5496 948 5566 μέν.

461 5572 537 5615 (ﬁl
590 5570 883 5615 Ἐλάλτισευ
910 5565 1089 5615 αὐτῶν
1117 5561 1325 5615 (αὐτὰὶ
1365 5563 1440 5615 τῶ
1468 5560 1679 5615 κόσμῳ.

2143 5480 2217 5615 £6)
2254 5480 2360 5548 T05
2390 5478 2521 5534 Υἱοῦ
2552 5479 2644 5534 τοῦ
2674 5480 2826 5532 Θεοῦ.

1304 5561 1325 5615 l
1365 5563 1440 5615 τῶ
1468 5560 1679 5615 κόσμῳ.
2167 5553 2218 5615 7)
2262 5551 2371 5605 Διό.

590 5551 883 5638 Ἐλάλῆσὲν
910 5565 1089 5620 αὐτῶν
1117 5561 1325 5635 (αὐτὰ)
1365 5563 1440 5629 τῷ
1468 5560 1679 5627 κόσμῳ.
2262 5551 2371 5640 didi.

866 5619 869 5620 ν
919 5619 922 5620 ν
1122 5619 1134 5633 ‘
1305 5619 1320 5635 ’
1414 5619 1425 5629 ’
1575 5619 1585 5627 ’
1632 5619 1643 5626 ’
2143 5622 2220 5759 ἒὸ)
2272 5621 2420 5673 Ἐστι
2461 5619 2687 5691 Ἰησοῦς.

484 5711 535 5759 si
571 5709 691 5759 Τῶν
718 5707 899 5759 αὐτῶν
938 5703 1161 5758 τούτων.
2166 5694 2220 5757 9)
2264 5692 2557 5759 Ποιήσατε.

571 5692 691 5762 Τῶν
718 5707 899 5761 αὐτῶν
938 5703 1161 5774 τούτων.
2144 5692 2220 5759 (9)
2264 5692 2557 5762 Ποιήσατε.

460 5773 538 5849 t5)
582 5780 809 5848 Κυρίου,
844 5780 878 5848 ἡ
910 5773 1170 5845 σωτηρία.
