3878 6218
217 295 325 354 631
1151 298 1241 354 DE
1282 300 1560 357 TlTULlS
1611 301 1748 356 PSA.

1958 304 2063 361 ΟΜ.
2108 335 2177 350 --
2214 303 2410 359 PSAL.
2447 302 2491 357 ν
3383 296 3489 354 613ῖέ

290 410 347 464 7.
392 410 597 481 Κύριος
621 409 1002 463 εἰσακούσεταί
1030 426 1153 480 μου,
1186 412 1244 464 ἐν
1271 412 1349 482 τῷ
1388 413 1714 485 κεκραγέναι
1744 432 1810 485 με

1982 417 2034 471 7.
2072 416 2339 473 Dominus
2400 399 2658 471 exaudiet
2714 429 2824 481 me,
2882 429 3007 469 cum
3065 397 3488 471 clamavero'ad

216 505 364 577 πρὸς
394 505 576 557 αὐτόν.

523 522 576 557 ιν.
1910 523 2054 560 eum.

286 598 347 654 8.
400 594 732 667 Ὀργίζεσθε,
762 595 857 648 καὶ
886 594 961 665 μὴ
984 594 1356 666 ἁμαρτάνετε·

1980 598 2032 652 8.
2066 596 2392 663 lrascimini,
2420 605 2473 649 et
2502 596 2671 649 nolite
2699 610 2927 665 peccare
2957 616 2971 663 ;

290 690 347 745 9.
396 691 463 741 Ἃ
483 688 671 756 λέγετε
698 690 755 742 ὲν
785 690 907 752 ταῖς
938 687 1187 759 καρδίαις
1212 687 1385 758 ὑμῶν,
1415 689 1507 741 ἐπὶ
1541 692 1660 754 ταῖς
1685 690 1801 743 κοί-

1980 690 2033 744 9.
2071 686 2203 754 Quae
2255 686 2436 741 dicitis
2475 686 2529 738 in
2576 686 2832 742 cordibus
2858 689 3090 758 .vestris,
3123 688 3177 744 in
3212 689 3488 747 cubilibus

214 798 345 845 ταις
369 779 519 851 ὑμῶν
546 778 914 852 κατανύγητε.

1908 782 2105 837 vestris
2137 778 2586 847 compungimini.

295 876 379 930 l0.
423 874 633 928 Θύσατε
661 873 852 929 θυσίαν
893 873 1259 945 δικαιοσύνης,
1293 876 1385 927 καὶ
1418 875 1674 929 ἐλπίσατε
1708 876 1801 930 ἐπὶ

1982 874 2068 928 10.
2110 872 2428 926 Sacriﬁcate
2457 872 2791 928 sacriﬁcium
2815 864 3060 945 jusﬁtiae,
3098 876 3394 947 etjspcrate
3429 880 3485 932 in

212 968 447 1040 Κύριον.

1908 968 2159 1023 Domino.

289 1058 379 1113 11.
419 1057 610 1111 Πολλοὶ
640 1056 891 1127 λέγουσι·
925 1056 1021 1121 Τίς
1056 1055 1219 1122 δείξει
1254 1058 1383 1127 ἡμῖν
1410 1061 1479 1110 τὰ
1518 1057 1728 1126 ἀγαθά;

1983 1058 2063 1111 11.
2094 1054 2246 1109 Mulli
2274 1054 2460 1109 dicunt
2486 1071 2501 1107 :
2534 1052 2666 1120 Quis
2703 1052 2951 1108 ostendet
2975 1054 3132 1110 nobis
3160 1054 3296 1108 bona
3326 1052 3351 1107 ?

293 1153 381 1207 12.
436 1150 779 1223 Ἐσημειὼθη
819 1152 905 1222 ἐφ’
943 1152 1094 1223 ἡμᾶς
1132 1151 1192 1204 τὸ
1222 1152 1338 1221 φῶς
1369 1152 1462 1205 τοῦ
1502 1150 1797 1222 προσώπου

1980 1147 2069 1201 12.
2105 1146 2390 1217 Signatum
2444 1152 2533 1199 est
2576 1159 2743 1215 super
2789 1158 2889 1200 nos
2934 1145 3117 1200 lumen
3164 1146 3346 1200 vultus
3383 1146 3483 1215 tui,

212 1260 337 1307 σου,
369 1245 572 1314 Κύριεο

1907 1238 2135 1292 Domine
2177 1253 2190 1302 ;

292 1337 379 1390 15.
422 1337 667 1399 Ἔδωκας
692 1334 1027 1407 εὐφροσύνην
1056 1336 1135 1398 εἰς
1158 1336 1255 1405 τὴν
1279 1333 1502 1403 καρδίαν
1530 1349 1656 1407 μου.

1467 1351 1502 1388 μν
1530 1349 1656 1407 μου.
1983 1332 2063 1385 15.
2102 1329 2305 1385 Dedisti
2337 1328 2576 1384 laetitiam
2602 1330 2657 1383 in
2682 1328 2848 1385 corde
2879 1344 2998 1383 meo

286 1427 378 1481 14.
431 1426 563 1480 Ἀπὸ
596 1426 808 1497 καρποῦ
874 1426 1020 1479 σίτου
1041 1468 1055 1493 ,
1099 1426 1242 1492 οἴνου
1282 1425 1457 1497 [σίτου
1482 1426 1581 1482 καὶ
1612 1424 1795 1500 οἴνου(

1976 1424 2061 1477 14.
2104 1424 2149 1477 Α
2189 1422 2371 1477 fructu
2398 1420 2679 1487 frumenti,
2717 1423 2828 1478 vini
2858 1422 3142 1495 [frumenti
3167 1432 3219 1479 et
3252 1421 3387 1495 vini]
3432 1410 3485 1479 εί

206 1521 311 1572 καὶ
343 1517 521 1571 ἐλαίου
551 1519 730 1573 αὐτῶν
754 1518 1194 1590 ἐπληθύνθησαν.

1149 1537 1194 1575 ν.
1903 1515 2007 1569 olei
2037 1515 2121 1569 sui
2153 1516 2497 1585 multiplicati
2533 1525 2680 1571 sunt.

285 1609 375 1664 15.
430 1609 518 1663 Ἐν
559 1612 751 1683 εἰρήνῃ
801 1612 894 1664 ἐπὶ
940 1611 1002 1664 τὸ
1050 1612 1183 1665 αὐτὸ
1231 1610 1640 1685 κοιμηθήσομαι
1705 1612 1799 1664 καὶ

1977 1607 2063 1659 15.
2100 1604 2159 1658 In
2186 1621 2321 1676 pace
2351 1606 2405 1660 in
2440 1607 2681 1678 idipsum
2712 1605 2983 1663 dormiam
3026 1615 3081 1662 et
3115 1607 3481 1677 requiescam.

205 1701 470 1756 ὐπνώσω.

286 1793 373 1848 16.
418 1794 542 1847 Ὀτι
572 1796 657 1859 σὺ,
685 1794 889 1866 Κύριε,
936 1794 1252 1865 καταμόνας
1292 1795 1379 1847 ἐπ’
1417 1794 1596 1848 ἑλπίδι
1660 1812 1792 1849 κατ-

1982 1788 2365 1855 16.Quouiam
2425 1799 2515 1854 tu,
2572 1790 2825 1856 Domine,
2885 1792 3236 1863 singulariter
3281 1793 3334 1846 in
3390 1807 3484 1863 spe

201 1884 419 1954 ᾡκισάς
448 1903 538 1957 με.

1902 1878 2233 1936 constituis!
2269 1895 2374 1938 me.

203 2000 317 2066 Εἰς
352 1999 416 2053 τὸ
446 1998 641 2064 τέλος,
665 1997 817 2066 ὑπὲρ
859 1997 972 2067 τῆς
1011 1999 1531 2069 κληρονομούσης,
1557 2000 1734 2068 graia

1982 1993 2049 2049 In
2076 1997 2256 2066 ﬁnem,
2287 2013 2380 2066 pro
2411 2013 2473 2048 ea
2506 2012 2624 2065 qua:
2653 1998 3018 2051 nmredzta‘tem
3044 2002 3401 2066 consequatur,

685 2089 765 2156 τῷ
797 2089 994 2143 Δαϐίδ.
1046 2093 1213 2145 ΨΑΑ.
1255 2090 1336 2144 E’.
1922 2110 1925 2113 λ

1922 2110 1925 2113 λ
2288 2087 2520 2157 psalmus
2550 2087 2744 2144 David.
2774 2087 2974 2142 PSAL.
3023 2085 3081 2144 V.

282 2181 335 2235 1.
380 2181 459 2233 Τὰ
488 2181 710 2253 ῥήματά
752 2199 853 2251 μου
892 2181 1168 2242 ὲνώτισαι,
1200 2181 1372 2252 Κύριε
1396 2196 1408 2209 ’

1979 2177 2032 2233 1.
2069 2177 2241 2233 Verba
2274 2194 2395 2233 mea
2421 2181 2651 2235 auribus
2687 2180 2929 2250 percipe,
2955 2179 3222 2247 Domine;

279 2272 335 2326 2.
379 2272 546 2336 Σύνες
582 2276 681 2345 τῆς
724 2274 971 2345 κραυγῆς
1015 2291 1114 2344 μου
1276 2276 1489 2345 κραυγῇ
1524 2272 1684 2346 μου]⁶

1349 2276 1489 2345 αυγῇ
1524 2272 1684 2346 μου]⁶
1972 2271 2026 2323 2.
2064 2270 2304 2341 lntellige
2326 2271 2619 2325 clamorem
2655 2286 2833 2325 meum
2864 2286 2879 2335 ;

278 2365 336 2421 5.
381 2365 624 2435 Πρόσχες
657 2367 723 2435 τῇ
771 2368 920 2436 φωνῇ
953 2364 1054 2435 τῆς
1086 2364 1323 2435 δεήσεως
1351 2383 1475 2435 μου,

1380 2383 1475 2433 ιου,
1976 2364 2029 2418 5.
2069 2362 2291 2419 lntemle
2312 2365 2430 2419 voci
2461 2363 2726 2418 orationis
2757 2378 2911 2429 meae,

279 2454 336 2509 4.
388 2456 442 2507 '0
476 2454 730 2524 βασιλεύς
765 2473 867 2526 μου
898 2457 992 2509 καὶ⁴
1031 2458 1059 2510 ὁ
1086 2455 1218 2520 Θεός
1253 2474 1377 2527 μου.

1311 2474 1377 2510 λυ.
1978 2456 2027 2510 4.
2062 2456 2178 2510 Rex
2200 2472 2375 2521 meus,
2407 2464 2461 2511 et
2493 2454 2637 2510 Deus
2669 2472 2842 2512 meus.

278 2550 335 2605 5.
382 2550 500 2603 Ὅτι
534 2552 671 2621 πρὸς
707 2552 766 2604 σὲ
806 2550 1200 2623 προσεύξομαι,
1240 2550 1445 2622 Κύριε·

1956 2549 2026 2603 νδ.
2059 2547 2328 2613 Quoniam
2360 2547 2425 2601 ad
2470 2554 2522 2602 te
2547 2549 2738 2614 orabo,
2772 2547 3021 2617 Domine,

278 2640 334 2695 6.
376 2642 450 2696 Τὸ
488 2641 633 2713 πρωῒ
662 2642 959 2716 εἰσακούσῃ
995 2642 1096 2712 τῆς
1133 2643 1317 2713 φωνῆς
1353 2659 1476 2713 μου.

1420 2660 1476 2697 υ.
1975 2639 2028 2693 6.
2063 2639 2218 2694 Mane
2240 2640 2500 2695 exaudics
2534 2654 2725 2696 vocem
2750 2656 2951 2697 meam.

1348 2793 1725 2851 ATIIANASII
1766 2792 2353 2851 INTERPRETATIO.

278 2950 333 3003 7.
381 2950 607 3013 Οὐδενὸς
657 2950 732 3020 (1)
778 2948 887 3019 γὰρ
925 2951 1142 3021 παρορᾷ
1180 2949 1290 3003 τῶν
1326 2947 1793 3013 ἁναστεναξόντων

1971 2950 2025 3005 7.
2068 2948 2353 3004 Neminem
2389 2950 2534 3004 enim
2581 2950 2814 3021 despicit
2860 2965 3052 3006 eorum
3096 2952 3191 3022 qui
3234 2951 3302 3008 ad
3358 2966 3486 3009 eum

200 3043 349 3112 πρὸς
374 3044 555 3096 αὐτόν.

1899 3043 2283 3112 ingemiscant.

281 3136 339 3200 8,
378 3136 432 3190 9.
485 3136 547 3188 Ὀ
575 3134 749 3202 ἣλιορ
774 3134 854 3202 αὴ
880 3133 1165 3189 ἐπιδυέτω
1188 3136 1289 3187 ἐπὶ
1306 3134 1386 3199 τῷ
1408 3132 1793 3204 παροργισμῷ

1646 3132 1793 3204 ισμῷ
1970 3133 2025 3198 8,
2062 3133 2115 3189 9.
2157 3134 2250 3188 Sol
2277 3150 2381 3188 non
2412 3134 2618 3188 occidat
2646 3150 2803 3204 super
2826 3151 2911 3188 ιτα
2934 3142 3111 3189 vestra
3134 3135 3177 3167 ¹⁸

201 3225 402 3297 ὑμῶν.

289 3320 377 3377 10.
418 3319 663 3386 Εὖξασθε
703 3320 798 3373 καὶ
827 3318 1032 3389 ψάλατε
1061 3321 1117 3371 ὲν
1147 3319 1346 3390 καρδία
1378 3319 1616 3393 καθαρᾷ.

1410 3319 1616 3393 .αθαρᾷ.
1977 3311 2064 3368 10.
2092 3311 2256 3369 Orate
2282 3322 2336 3369 et
2358 3313 2569 3383 psallite
2590 3314 2754 3369 corde
2781 3328 2941 3383 puro.

286 3412 315 3467 1
330 3415 372 3466 1.
399 3414 503 3465 Τὸν
525 3412 727 3483 Κύριόν
746 3429 837 3464 σου
860 3412 959 3483 (2),
979 3412 1152 3465 καὶτὸ
1166 3412 1393 3483 Πνεῦμα
1417 3429 1509 3465 σου
1529 3413 1589 3465 τὸ
1615 3412 1791 3481 ἆγιον.

1972 3406 2061 3461 11.
2089 3406 2288 3461 Filium
2315 3416 2469 3462 tuum
2501 3416 2554 3462 et
2583 3406 2846 3477 Spiritum
2880 3416 3033 3461 tuum
3064 3414 3340 3463 sanctum.

287 3506 374 3559 12.
431 3504 709 3575 Ἐγνὼσθη
738 3506 796 3557 ὲν
829 3506 962 3574 ἡμῖν
993 3506 1021 3556 ὁ
1054 3504 1181 3567 Υἱός
1215 3520 1335 3569 σου,
1376 3503 1572 3575 Κύριε.

1974 3497 2065 3551 12.
2094 3496 2475 3553 Manifestatus
2494 3506 2579 3553 est
2606 3499 2659 3551 in
2678 3497 2835 3553 nobis
2863 3495 3034 3553 Filius
3057 3504 3211 3561 tuus,
3230 3494 3481 3551 Domine.

289 3598 380 3651 15.
420 3596 494 3649 Τὸ
524 3597 749 3668 Πνεῦμα
780 3614 874 3649 σου
904 3596 1053 3664 λέγει
1081 3596 1142 3649 τὸ
1173 3596 1349 3663 ἆγιον.

1978 3589 2066 3643 15.
2099 3588 2361 3659 Spiritum
2387 3600 2540 3645 tuum
2566 3600 2840 3652 sanctum,
2866 3588 2963 3643 ait.

286 3688 373 3741 14.
423 3689 518 3743 Ἐκ
565 3689 660 3741 τοῦ
714 3689 1038 3760 ἐπουρανίου
1086 3688 1291 3759 ἄρτου,
1345 3691 1442 3742 καὶ
1488 3689 1656 3754 οἴνου,
1703 3688 1796 3743 καὶ

1989 3682 2071 3736 14.
2104 3681 2179 3735 Ex
2211 3681 2588 3752 supercaalesti
2628 3696 2791 3750 pane,
2819 3688 2875 3734 et
2903 3682 3051 3742 vino,
3089 3685 3145 3732 et
3176 3676 3353 3747 gratia
3382 3673 3490 3731 Pa-

202 3778 309 3850 τῆς
338 3779 559 3850 χάριτος
583 3779 676 3832 τοῦ
712 3780 928 3849 Πατρὸς
956 3780 1034 3851 (ὃ)
1063 3779 1157 3833 τοῦ
1187 3781 1367 3850 ἁγίου.

712 3780 928 3849 Πατρὸς
956 3780 1034 3851 (5)
1063 3779 1157 3833 τοῦ
1187 3781 1367 3850 ἁγίου.
1907 3777 2006 3833 tris
2027 3775 2225 3830 sancti.

286 3872 373 3927 i5.
427 3872 860 3943 Ἀναπαύσομαι,
891 3873 1061 3941 λέγει.

1974 3870 2063 3924 15.
2103 3868 2483 3937 Requiescam,
2514 3866 2646 3922 dicit

284 3963 370 4018 16.
401 3965 473 4018 Σὺ
508 3965 666 4036 μόνος
696 3965 1011 4036 κατῴκισάς
1044 3983 1111 4036 με
1139 3967 1195 4019 ἐν
1219 3967 1284 4036 τῇ
1316 3964 1562 4036 βασιλείᾳ
1592 3980 1706 4018 σου.

1974 3960 2062 4015 16.
2094 3960 2175 4013 'l‘u
2200 3960 2351 4014 solus
2379 3958 2626 4013 habitare
2655 3972 2740 4011 me
2768 3956 2944 4011 fecisti
2970 3956 3023 4010 iu
3050 3969 3226 4025 regno
3262 3961 3376 4008 tuo.

295 4121 362 4173 Ἡ
396 4120 490 4174 τοῦ
522 4119 736 4192 ψαλμοῦ
772 4120 1106 4191 προκειμένη
1136 4118 1417 4190 ἐπιγραφὴ
1444 4119 1477 4189 ἡ
1514 4118 1601 4171 διὰ
1630 4118 1733 4188 τῆς
1759 4115 2130 4187 κινναϐάρεως
2157 4113 2402 4185 περιέχει
2423 4127 2435 4141 '
2469 4113 2573 4177 Εἰς
2600 4110 2666 4164 τὸ
2703 4110 2899 4176 τέλος,
2934 4108 3085 4177 ὑπὲρ
3126 4106 3237 4176 τῆς
3264 4109 3485 4176 κληρο-

105 4233 116 4246 “
200 4212 538 4283 νομούσης,
570 4212 815 4281 ψαλμὸς
838 4211 918 4276 τῷ
948 4210 1149 4265 Δαιιΐδ.
1180 4211 1382 4265 Τοῦτον
1409 4206 1499 4264 οὖν
1528 4211 1603 4281 (4)
1628 4211 1767 4282 ὑπὲρ
1798 4210 1898 4279 τῆς
1939 4208 2262 4278 Ἐκκλησίας
2287 4206 2437 4275 λέγει
2464 4206 2557 4258 τὸν
2585 4203 2797 4274 ψαλμὸν
2821 4202 2919 4272 τῆς
2957 4200 3256 4272 μελλούσης
3282 4198 3483 4269 κληρο-

203 4309 393 4377 νομεῖν
422 4304 521 4375 τὴν
562 4304 837 4374 βασιλείαν
871 4302 979 4356 τῶν
1010 4302 1278 4372 οὐρανῶν.
1324 4303 1487 4372 Λέγει
1519 4302 1575 4355 δὲ
1603 4303 1710 4355 τὸν
1726 4300 1973 4370 ψαλμὸν
2004 4298 2084 4365 τῷ
2105 4298 2305 4365 Δαυῒδ,
2334 4296 2477 4365 λέγω
2508 4296 2571 4369 δὴ
2610 4295 2688 4366 τῷ
2721 4295 2835 4367 Υἰῷ
2872 4294 2964 4348 τοῦ
2996 4292 3153 4347 Θεοῦ.
3188 4290 3350 4345 Δαυῒδ
3376 4288 3487 4364 γὰρ

203 4396 573 4468 ἑρμηνεύεται
602 4392 782 4462 οὗτος
816 4395 1145 4466 ἀγαπητὸς,
1182 4395 1319 4466 ὅπερ
1349 4394 1545 4466 ὲλέχοη
1576 4394 1679 4447 ὑπὸ
1715 4392 1810 4447 τοῦ
1848 4393 2060 4465 Πατρὺς
2090 4392 2180 4446 τὸν
2211 4391 2286 4462 (5)
2319 4389 2583 4463 μονογενῆ
2619 4388 2768 4442 Υἰόν.

275 4510 514 4577 Titulus,
544 4511 635 4580 qui
666 4510 880 4580 psalmo
907 4511 1278 4579 praemittitur,
1296 4510 1583 4565 cinnabari
1612 4509 1875 4579 scriptus,
1906 4508 2155 4563 continet
2182 4527 2195 4562 :
2230 4504 2300 4560 In
2330 4505 2510 4574 ﬁnem,
2542 4520 2637 4574 pro
2664 4520 2727 4557 ea
2762 4518 2878 4571 qua:
2907 4500 3269 4555 hereditatem
3306 4512 3486 4551 conse-

202 4605 414 4674 quitur,
447 4604 682 4673 psalmus
707 4603 902 4657 David.
933 4600 1090 4655 Hunc
1130 4600 1295 4671 igitur
1327 4600 1599 4668 psalmum
1648 4599 1781 4654 dicit
1817 4614 1917 4668 pro
1945 4597 2214 4661 Ecclesia,
2256 4612 2379 4665 quae
2418 4594 2600 4649 futura
2646 4604 2731 4647 est
2775 4593 2949 4647 haeres
2991 4591 3145 4662 regni
3194 4588 3480 4645 caelorum.

202 4696 416 4752 Dicitur
442 4705 625 4751 autem
650 4715 661 4749 :
691 4695 942 4751 Psatmus
969 4694 1166 4760 David,
1195 4691 1410 4747 scilicet
1434 4691 1533 4756 Dei
1556 4692 1722 4747 Filio.
1759 4690 1928 4745 David
1956 4690 2101 4745 enim
2139 4690 2564 4757 interpretatur:
2592 4684 2697 4737 Hic
2718 4683 2964 4748 dilectus,
2984 4683 3129 4752 quod
3157 4682 3360 4739 dictum
3399 4690 3483 4740 est

206 4804 242 4845 a
269 4788 433 4844 Patre
460 4789 527 4843 ad
554 4787 754 4843 Filium
787 4804 950 4845 suum
982 4787 1326 4858 unigenitum
1359 4784 1427 4841 “.

286 4948 338 5001 1.
361 4945 772 5001 Εἰσελεύσονται
798 4943 868 4998 τὰ
888 4946 954 5016 ρή
966 4945 1111 5016 ματὰ
1130 4962 1231 5016 μου
1253 4946 1333 5008 εἰς
1357 4941 1457 5006 τὰς
1481 4940 1650 5003 ἀκοάς
1681 4957 1795 4994 σου.

1735 4957 1795 4994 μυ.
1829 4944 1871 4998 D
1976 4939 2027 4993 l.
2064 4938 2445 5009 lngrediantur
2475 4956 2637 4995 verba
2666 4955 2784 4994 mea
2816 4942 2870 4994 in
2905 4955 3066 4994 aures
3103 4949 3266 4995 tuas:

283 5038 405 5092 2-4.
459 5038 744 5110 Ἀνάκρινε
780 5037 849 5091 τὰ
881 5037 1310 5109 προσφερόμενά
1361 5052 1442 5087 σοι
1470 5035 1599 5105 παρ’
1626 5031 1791 5104 ὲμοῦο

1711 5031 1791 5086 αὖα
1974 5032 2095 5085 2-1.
2127 5031 2405 5102 Expende,
2441 5048 2563 5102 quae
2596 5033 2691 5088 tibi
2718 5048 2748 5087 a
2776 5048 2864 5088 me
2895 5033 3196 5088 afferuntur
3228 5051 3242 5098 ;

279 5130 333 5185 5.
376 5130 498 5183 Ὅτι
526 5146 607 5182 σοι
637 5129 814 5200 μέλλω
840 5129 1142 5201 προσιέναι.

1974 5123 2027 5177 5.
2055 5122 2325 5188 Quoniam
2357 5125 2423 5178 ad
2451 5135 2503 5179 te
2526 5139 2853 5180 accessurus
2882 5141 3025 5180 sum.

277 5220 335 5277 6.
389 5220 477 5275 Ἐν
497 5220 576 5293 τῷ
610 5221 887 5275 ἀνατεῖλαι
912 5220 974 5274 τὸ
996 5219 1112 5290 φῶς
1135 5236 1228 5272 σου
1247 5220 1304 5271 ὲν
1322 5221 1386 5289 τῇ
1413 5216 1611 5288 καρδία
1653 5233 1755 5286 μου

1580 5234 1611 5287 α
1653 5233 1755 5286 μου
1977 5212 2029 5267 6.
2065 5214 2204 5269 Cum
2225 5214 2437 5269 orietur
2468 5214 2560 5268 lux
2589 5223 2682 5271 tua
2716 5215 2771 5270 in
2801 5215 2965 5271 corde
2986 5228 3110 5269 meo

288 5336 333 5370 ⁸³
351 5336 550 5408 Ephes.
589 5354 662 5407 ιν,
690 5339 784 5395 26.
852 5338 895 5371 ⁸⁸
929 5337 1119 5395 Matth.
1153 5356 1236 5405 Ill,
1264 5338 1363 5403 l7;
1392 5352 1529 5401 xv",
1562 5336 1625 5402 5;
1659 5333 1703 5388 ll
1735 5332 1819 5389 Pel

589 5354 662 5407 Iv,
690 5339 784 5395 26.
852 5338 895 5371 ⁸⁸
929 5337 1119 5395 Matth.
1153 5356 1236 5405 Ill,
1264 5338 1363 5403 l7;
1392 5352 1529 5401 xv",
1562 5336 1625 5402 5;
1659 5333 1703 5388 ll
1735 5332 1884 5389 Petr.
1920 5347 1960 5398 ι,
1997 5332 2081 5389 17.

1166 5453 1475 5517 Addenda
1507 5458 1568 5514 et
1602 5448 1979 5530 corrigenda
2035 5464 2115 5509 ex
2147 5448 2287 5535 cod.
2322 5448 2525 5510 Vatic.

308 5576 330 5628 1
396 5574 623 5630 Οὐδένα.
1974 5570 2051 5642 (4)
2093 5573 2263 5625 Τοῦτο
2289 5568 2384 5626 οὖν
2408 5574 2544 5627 ἐστι.

282 5576 360 5716 (2)
400 5645 538 5716 Υίόνί
563 5662 678 5699 σου.
1977 5641 2053 5715 (5)
2094 5644 2408 5714 Πνεύματος
2440 5646 2519 5707 είς

302 5641 360 5715 2)
400 5645 529 5697 Υίόν
563 5662 678 5699 σου.
1977 5641 2053 5715 (5)
2094 5644 2408 5714 Πνεύματος
2440 5646 2519 5707 είς
2547 5642 2659 5696 τόν.

284 5716 362 5780 (5)
403 5715 542 5769 Πνεύ
552 5731 739 5782 ματος.
