3878 6218
143 367 264 425 055
1129 363 1220 417 DE
1261 362 1542 421 TITUUS
1575 361 1725 417 PSA]

1927 360 2032 416 ΠΜ.
2066 389 2135 399 -
2168 357 2364 413 PSAL.
2408 355 2497 411 vr.
2699 315 2702 317 ’
2780 315 2783 316 ί
3327 349 3432 410 θδϐ

226 484 320 542 26.
354 483 469 538 Καὶ
492 479 930 554 εὐφρανθείησαν
951 482 1463 556 [εὐφρανθήτωσαν]
1488 483 1688 544 πάντες
1705 500 1725 535 ο

1927 481 2014 534 26.
2045 478 2110 532 Ει
2135 479 2382 532 laetentur
2404 489 2598 530 omnes
2629 475 2723 542 qui
2747 480 2971 542 sperant
3003 471 3056 524 in
3093 480 3181 538 te;

145 579 478 643 ἐλπίζοντες
507 576 601 629 ἐπὶ
635 575 718 631 σέ.

225 674 317 728 27.
349 673 444 734 Εἰς
479 670 653 723 αίῶνα
685 668 1128 738 άγαλλιάσονται,
1176 670 1272 725 καὶ
1301 668 1725 740 κατασκηνώσει.

1927 658 2015 712 27.
2048 655 2104 710 In
2135 665 2397 710 mternum
2433 651 2807 714 exsultabant,
2848 657 2904 704 et
2937 647 3210 703 babitabis
3239 645 3294 700 in
3327 645 3430 702 eis.

143 771 216 820 ἐν
252 767 461 825 αὐτοῖς.

267 858 322 912 8.
353 824 466 910 Καὶ
502 852 872 922 καυχήσονται
907 855 966 908 ἐν
998 855 1082 909 σοὶ
1116 855 1318 919 πάντες
1353 857 1404 909 οἰ
1432 855 1725 925 ἀγαπῶντε.

1927 836 2016 891 28.
2050 833 2116 888 Ει
2143 832 2524 904 gloriabuntur
2548 829 2602 882 in
2626 837 2676 883 te
2701 841 2895 882 omnes
2937 825 3032 896 qui
3069 824 3302 893 diligunt
3330 836 3432 875 no-

145 955 219 1009 τὸ
246 955 424 1024 ὄνομά
457 970 552 1007 σου
573 968 587 981 ⁶

1927 947 1977 984 3n
2009 938 2194 992 tuum;

1925 1024 2015 1079 29.
2055 1021 2324 1088 Quoniam
2351 1029 2408 1072 tu
2443 1015 2730 1070 benedices
2767 1014 2938 1082 justo.

1927 1116 2015 1169 '50.
2045 1114 2296 1178 Domine,
2331 1121 2388 1166 ut
2416 1119 2571 1167 scuto
2597 1109 2756 1162 bonae
2794 1106 3090 1161 voluntatis
3140 1116 3244 1162 tute
3268 1122 3430 1163 coro—

1855 1209 2000 1264 nasti
2028 1223 2147 1262 nos.

231 1046 324 1102 29.
360 1048 485 1100 Ὀτι
514 1051 578 1103 σὺ
601 1049 920 1119 εὐλογήσεις
947 1043 1177 1096 δίκαιον.

228 1138 320 1194 50.
354 1139 550 1214 Κύριε,
578 1141 654 1205 ὠς
679 1139 830 1210 ὅπλῳ
865 1136 1116 1198 εὐδοκίας
1169 1134 1553 1204 ἐστεφάνωσας
1581 1134 1746 1204 ἡμᾶς.

276 1334 386 1398 Εἰς
415 1331 483 1385 τὸ
518 1331 714 1397 τέλος,
742 1330 812 1382 ἐν
843 1329 1055 1397 ὕμνοις
1081 1328 1233 1396 ὑπὲρ
1261 1328 1372 1395 τῆς
1405 1327 1640 1396 ὀγδόης,

1968 1320 2026 1374 In
2057 1321 2235 1390 ﬁnem,
2281 1320 2336 1370 in
2367 1318 2692 1370 carminious
2723 1332 2816 1382 pro
2845 1324 3059 1382 octava,
3088 1312 3326 1384 psalmus

500 1422 745 1492 ψαλμὸς
770 1419 849 1486 τῷ
879 1420 1077 1474 Δαϐίδ.
1109 1423 1282 1473 ΨΑΛ.
1315 1423 1402 1486 (Τ.

2353 1409 2543 1466 David.
2591 1408 2796 1464 PSAL.
2839 1405 2935 1462 VI.

231 1538 285 1591 1.
313 1537 508 1608 Κύριε,
543 1537 618 1608 μὴ
649 1535 726 1606 τῷ
763 1535 922 1606 θυμῷ
955 1551 1050 1586 σου
1083 1533 1306 1606 ἐλέγξῃς
1341 1550 1408 1603 με
1430 1548 1444 1562 ⁸

1927 1527 1976 1580 1.
2004 1525 2254 1589 Domine,
2297 1540 2364 1578 ne
2396 1523 2449 1576 in
2480 1522 2666 1577 furore
2704 1531 2798 1577 tuo
2833 1536 3032 1590 arguas
3061 1535 3180 1585 me;

228 1630 284 1683 2.
315 1629 470 1714 Μηδὲἲ
502 1631 568 1700 τῇ
595 1629 730 1699 ὀργῇ
756 1645 850 1682 σου
881 1627 1180 1698 παιδεύσῃς
1219 1644 1307 1696 με.

1927 1619 1975 1673 2.
2013 1618 2201 1689 Neque
2233 1621 2288 1672 in
2314 1619 2394 1672 ira
2429 1608 2530 1670 tua
2565 1616 2832 1686 corripias
2862 1629 2971 1668 me.

229 1719 284 1773 ὅ.
327 1705 580 1790 Ἐλέησόν
610 1737 698 1790 με,
725 1718 918 1791 Κύριε,
947 1720 1030 1772 ὅτι
1065 1719 1298 1788 ἀσθενής
1321 1720 1435 1788 εἰμι
1455 1734 1468 1747 ·

1927 1732 1974 1768 ο.
2007 1713 2266 1766 Miserere
2288 1712 2418 1774 mei,
2449 1709 2698 1772 Domine,
2723 1708 2980 1777 quoniam
3002 1705 3253 1759 inﬁrmus
3275 1717 3430 1768 sum;

229 1810 289 1866 4.
320 1812 499 1867 ’Ἰασαί
526 1832 613 1885 με,
644 1813 840 1886 Κύριε,
873 1815 955 1868 ὅτι
981 1813 1257 1884 ἐταράχθη
1283 1813 1351 1866 τὰ
1375 1813 1508 1866 ὀστᾶ
1535 1829 1635 1882 μου
1656 1827 1670 1841 ·

1927 1808 1980 1862 4.
2020 1806 2166 1860 Sana
2195 1821 2302 1868 me,
2337 1803 2598 1869 Domine,
2644 1802 2906 1872 quoniam
2950 1798 3275 1854 conturbata
3305 1802 3433 1853 sunt

1851 1915 1978 1955 ossa
2013 1914 2132 1952 mea
2153 1916 2168 1963 ;

238 1990 290 2045 5.
322 1993 431 2045 Kal.
466 1991 667 2064 ήψυχή
703 2009 801 2063 μου
829 1991 1107 2062 ἐταράχθη
1144 1989 1370 2060 σφόδρα.

1927 1993 1974 2045 5.
2013 1989 2078 2042 Et
2102 1989 2283 2043 anima
2315 2004 2436 2042 mea
2465 1987 2679 2041 wrbata
2703 1993 2787 2040 est
2823 1984 2997 2039 valde.

233 2080 288 2136 6.
320 2083 433 2136 Καὶ
458 2084 539 2154 σὺ,
575 2089 769 2159 Κύριε,
801 2083 907 2146 ἕως
937 2083 1102 2147 cro-:5;

1927 2087 1972 2135 li.
2005 2081 2108 2137 Sed
2141 2091 2219 2146 tu,
2253 2081 2502 2141 Domine,
2535 2080 2854 2148 usquequo?

231 2172 286 2225 7.
331 2173 710 2246 Ἐπίστρειρον,
738 2175 934 2246 Κύριε,
965 2174 1126 2244 ῥῦσαι
1148 2173 1245 2244 τὴν
1283 2174 1461 2243 ψυχήν
1494 2189 1596 2243 μου

1927 2173 1973 2229 7.
2007 2173 2360 2234 Convertere,
2396 2170 2644 2234 Domine,
2681 2178 2735 2223 et
2757 2170 2907 2237 eripe
2929 2167 3168 2221 animam
3202 2179 3379 2219 meam
3411 2182 3426 2218 :

231 2263 289 2320 8.
316 2264 496 2319 Σῶσόν
529 2267 811 2338 ρίε.ἒνεκεν
837 2267 929 2319 τοῦ
960 2267 1145 2329 ἐλέους
1168 2283 1281 2318 σου.

1927 2265 1972 2319 Β.
2005 2264 2226 2319 Salvum
2262 2279 2349 2317 me
2377 2263 2462 2317 fac
2493 2269 2712 2332 propter
2738 2259 3168 2314 misericordiam
3193 2265 3365 2310 tuam.

229 2353 284 2411 9.
314 2357 439 2411 Ὀτι
478 2359 577 2411 οὐκ
603 2360 749 2411 ἔστιν
774 2361 832 2411 ἐν
851 2358 929 2428 τῷ
953 2359 1168 2429 θανάτῳ
1187 2359 1215 2409 ὁ
1244 2356 1598 2428 μνημονεύων
1624 2371 1725 2406 σου.

1927 2355 1973 2410 9.
2003 2353 2275 2421 Quoniam
2306 2362 2521 2408 nonest
2553 2354 2606 2406 in
2634 2360 2830 2414 morte,
2861 2351 2955 2420 qui
2988 2364 3198 2403 memor
3234 2349 3306 2404 sit
3327 2347 3427 2415 tui,

231 2446 318 2500 10.
369 2447 456 2500 Ἑν
487 2448 541 2499 δὲ
569 2446 647 2518 τῷ
668 2447 772 2537 ᾃῐδῃ
805 2449 888 2512 τίς
914 2447 1370 2520 ἐξομολογήσεταί
1402 2462 1519 2510 σοι;

1927 2446 2010 2500 10.
2043 2447 2098 2500 ln
2132 2444 2347 2501 inferno
2381 2454 2583 2510 autem,
2618 2443 2744 2514 quis
2772 2441 3119 2498 conﬁtebitur
3153 2441 3290 2495 tibi?

1288 2560 1653 2615 ATHANASII
1690 2560 2268 2618 INTERPRETATIO.

226 2676 319 2739 26.
362 2679 757 2750 Ἀτελευτὴτως
782 2677 1250 2749 εὐφρανθήσονται
1273 2677 1367 2728 καὶ
1388 2675 1725 2742 ἀγαλλιάσον-

1927 2679 2016 2733 26.
2045 2679 2312 2749 Perpetuo
2341 2681 2692 2745 laetabuntur,
2723 2687 2779 2734 et
2801 2680 3174 2746 exsultabunt,
3191 2679 3288 2750 qui
3312 2693 3434 2735 cro-

141 2786 244 2823 ται
269 2771 318 2821 οἱ
345 2768 696 2833 πιστεύοντες
725 2771 806 2832 είς
843 2769 923 2833 σὲ,

1931 2783 1988 2826 nt
2013 2773 2065 2826 in
2099 2781 2171 2838 te,

221 2860 314 2914 27.
350 2859 694 2930 Θεωροῦντες
721 2859 782 2913 τὸ
821 2859 1114 2931 πρόσωπόν
1149 2876 1242 2911 σου
1271 2857 1362 2911 διὰ
1391 2858 1612 2921 παντός.

1927 2865 2012 2919 27.
2049 2863 2308 2920 Videntes
2345 2863 2541 2920 faciem
2577 2873 2724 2918 tuam
2754 2863 2809 2916 in
2839 2872 3126 2918 aeternum.

223 2951 316 3004 28.
357 2953 418 3004 '0
443 2951 827 3021 καυχώμενος
849 2952 919 3004 ἐν
942 2952 1139 3018 Κυρίῳ
1166 2951 1512 3020 καυχάσθω,

1927 2957 2015 3010 28.
2051 2957 2155 3020 Qui
2186 2957 2468 3028 gloriatur,
2496 2959 2550 3009 in
2583 2955 2806 3010 Domino
2833 2957 3086 3026 glorietur
3112 2956 3200 3020 ιν,

220 3045 317 3099 29.
347 3046 535 3114 Λέγων
564 3045 701 3118 πρὸς
728 3044 926 3109 αὐτούς
945 3063 959 3076 ο
997 3045 1174 3098 Δεῦτε
1193 3085 1208 3110 ,
1248 3048 1301 3098 οἱ
1351 3045 1725 3115 εὐλογημένο,

1927 3049 2012 3104 29.
2040 3048 2238 3105 Dicens
2267 3049 2376 3105 illis
2405 3069 2418 3102 :
2452 3047 2658 3109 Venite.
2699 3048 2954 3102 benedicti
2988 3047 3171 3102 Patris
3198 3049 3299 3102 mei
3335 3049 3400 3102 ¹³.

139 3137 261 3194 τοῦ
293 3139 526 3206 Πατρός
541 3155 684 3206 μου.

219 3231 316 3284 30.
356 3230 455 3284 Διὰ
486 3229 581 3283 τοῦ
623 3228 857 3305 σταυροῦ
895 3245 990 3282 σου
1018 3229 1122 3300 τῆς
1172 3229 1424 3299 οὐρανίου
1463 3230 1725 3300 βασιλείας

1927 3229 2006 3282 50.
2029 3229 2134 3285 Per
2167 3247 2386 3288 crucem
2415 3241 2563 3287 tuam
2616 3234 2811 3304 dignos
2869 3249 2970 3289 nos
3012 3231 3190 3288 fecisti
3222 3232 3432 3288 caelesti

141 3323 397 3392 ⁴ὴξίωσας
428 3321 504 3392 (1)
538 3322 704 3390 ἡμᾶς.

1927 3336 2034 3388 ςηο.

230 3417 300 3469 Ἦ
322 3417 419 3468 τοῦ
460 3415 676 3486 ψαλμοῦ
703 3416 1038 3488 προκειμένη
1067 3417 1348 3486 ἐπιγραφὴ
1383 3414 1472 3468 διὰ
1492 3415 1591 3485 τῆς
1611 3413 1985 3485 κινναϐάρεως
2020 3417 2296 3487 περιέχειο
2321 3418 2423 3482 Εἰς
2461 3415 2528 3470 τὸ
2557 3416 2751 3483 τέλος,
2784 3417 2854 3469 ἐν
2888 3418 3100 3485 ὕμνοις
3137 3413 3291 3483 ὑπὲρ
3322 3413 3433 3482 τῆς

142 3511 393 3581 ὀγδόης,
430 3511 672 3579 ψαλμὸς
694 3512 775 3577 τῷ
804 3512 1004 3566 Δαϐίδ.
1028 3511 1198 3564 Τοῦτο
1223 3506 1316 3564 οὗν
1339 3511 1487 3579 λέγει
1511 3527 1524 3540 °
1568 3512 1690 3564 Ἐπὶ
1723 3509 2000 3583 συντελείᾳ
2030 3511 2138 3564 τῶν
2167 3512 2376 3566 αἰώνων
2407 3512 2669 3585 ρυσθῆναι
2692 3513 2789 3582 τῆς
2820 3512 3054 3584 κρίσεως
3076 3513 3126 3564 οί
3150 3513 3295 3580 ἅγιοι
3326 3528 3432 3564 πα-

145 3603 457 3677 ρακαλοῦσι
481 3605 574 3656 καὶ
599 3603 894 3674 ἀξιωθῆναι
923 3604 1020 3673 τῆς
1043 3605 1260 3656 αἰωνίου
1305 3603 1747 3673 μισθαποδοσίας.
1784 3603 1875 3672 Τῷ
1902 3604 2009 3672 γάρ
2035 3603 2178 3674 ἕκτῳ
2199 3604 2356 3657 αἰῶνι
2391 3604 2718 3658 συντελεῖται
2747 3605 2775 3656 ὁ
2809 3605 3011 3674 κόσμος
3035 3623 3048 3636 ο
3074 3604 3152 3674 τῷ
3199 3604 3256 3656 δὲ
3283 3603 3434 3659 ἐϐδό-

148 3716 244 3769 μῳ
275 3697 352 3767 (2)
377 3697 554 3769 κρίνει
581 3697 676 3768 τὴν
707 3699 1037 3769 οἰκουμένην
1061 3701 1088 3751 ὁ
1110 3698 1313 3769 Κύριος
1333 3717 1346 3729 ·
1372 3697 1449 3768 τῷ
1474 3699 1529 3750 δὲ
1563 3699 1734 3768 ὀγδόῳ
1766 3693 1908 3752 οὗτοι
1930 3699 2261 3770 ἀπέρχονται
2284 3703 2362 3763 εἰς
2383 3701 2526 3771 ζωὴν
2549 3700 2787 3764 αἰώνιον,
2819 3701 2913 3754 καὶ
2931 3693 3075 3753 οὗτοι
3098 3702 3177 3764 είς
3211 3700 3433 3756 κόλασιν

145 3793 393 3850 αἰώνιον.
423 3795 521 3847 Διὰ
552 3793 711 3848 τοῦτο
738 3793 1004 3865 εἴρηταιὸ
1033 3795 1246 3865 eam;
1277 3795 1416 3866 ὑπὲρ
1444 3791 1538 3846 τοῦ
1566 3793 1827 3864 ῥυσθῆναι
1857 3795 1984 3858 τοὺς
2008 3795 2196 3862 ἁγίους
2223 3797 2280 3848 ἐν
2311 3798 2376 3864 τῇ
2410 3795 2592 3864 ὀγδόῃ.

220 3883 445 3939 Psalnio
472 3886 797 3955 praepositus
829 3885 1346 3950 titulus,cinnabari
1382 3886 1640 3954 scriptus,
1672 3885 1915 3939 continet
1944 3903 1958 3938 :
1985 3883 2052 3938 In
2081 3886 2258 3954 ﬁnem,
2291 3887 2345 3939 in
2373 3885 2578 3955 hymnis
2610 3902 2702 3952 pro
2735 3897 2939 3951 octava,
2976 3885 3210 3954 psalmus
3235 3885 3431 3940 David.

147 3979 274 4035 Hoc
306 3991 491 4035 autem
521 3981 795 4051 signiﬁcat
826 3999 838 4034 :
879 3982 938 4036 In
986 3982 1311 4036 saeculorum
1369 3981 1842 4036 consummatione
1870 3981 2045 4035 sancti
2099 3982 2394 4052 rogabunt,
2433 3991 2492 4035 ut
2520 3982 2822 4035 liberentur
2853 3997 2884 4036 a
2931 3981 3160 4050 judicio,
3197 3990 3252 4035 et
3282 3981 3432 4048 digni

146 4077 290 4132 ﬁant
321 4087 539 4132 aeternae
584 4079 851 4133 mercedis
877 4077 1260 4132 retributione.
1301 4077 1467 4131 Sexto
1506 4076 1653 4130 enim
1682 4077 1883 4131 smculo
1933 4088 2353 4132 consummatur
2407 4078 2686 4142 mundus;
2739 4076 2969 4149 septimo
3012 4085 3194 4131 autem
3242 4077 3429 4132 orbem

149 4181 317 4227 terrae
346 4169 557 4239 judicat
583 4169 848 4226 Dominus
877 4188 890 4236 ;
927 4178 1120 4225 octavo
1149 4185 1279 4224 vero
1309 4169 1364 4222 hi
1404 4169 1609 4222 abeunt
1641 4169 1695 4220 in
1726 4169 1891 4222 vitam
1916 4177 2175 4222 aeternam
2201 4186 2216 4236 ;
2252 4177 2308 4223 et
2339 4169 2394 4222 hi
2441 4169 2495 4222 in
2525 4169 2852 4238 supplicium
2905 4177 3166 4222 aeternum
3196 4168 3260 4223 ¹⁶.
3297 4165 3431 4224 Pro-

148 4274 346 4335 pterea
376 4264 560 4320 dictus
591 4274 674 4320 est
708 4266 953 4334 psalmus
996 4279 1094 4334 pro
1129 4280 1195 4319 eo
1220 4265 1366 4334 quod
1396 4265 1698 4319 liberentur
1729 4265 1904 4319 sancti
1929 4266 1984 4318 in
2022 4276 2230 4320 octava.

220 4359 276 4423 1,
303 4359 360 4412 2.
386 4359 582 4430 Κύριε,
618 4358 691 4428 μὴ
724 4357 880 4421 ἐκτὸς
911 4357 1006 4410 τοῦ
1045 4357 1229 4421 ἐλέους
1269 4375 1361 4410 σου
1408 4355 1633 4428 ἐλέγξῃς
1661 4375 1725 4427 με

1928 4358 1980 4424 1,
2014 4357 2068 4412 2.
2103 4357 2358 4434 Domine,
2390 4373 2458 4412 ne
2488 4368 2642 4412 extra
2670 4358 3104 4414 misericordiam
3145 4366 3293 4413 tuam
3340 4373 3430 4414 ar-

150 4454 250 4506 καὶ
291 4450 590 4523 παιδεύσῃς
625 4469 712 4520 με.

1930 4467 1990 4506 as
2021 4467 2125 4514 me,
2161 4464 2215 4506 ct
2249 4451 2516 4520 corripias
2543 4468 2650 4505 me.

221 4545 279 4599 5.
311 4544 518 4614 Σαθρὸς
541 4545 608 4614 τῇ
641 4543 873 4614 διανοίᾳ’
1720 4546 1725 4556 “

1927 4547 1978 4600 5.
2007 4545 2186 4601 Mente
2209 4557 2533 4615 corruptus;

224 4635 280 4689 4.
316 4637 429 4688 Καὶ
462 4636 563 4688 οὐκ
594 4636 711 4706 εἰμὶ
735 4633 1132 4706 ἐστηριγμένος
1161 4634 1235 4706 (5)
1273 4634 1402 4705 περὶ
1447 4632 1546 4696 τὰς
1599 4634 1725 4685 ἐντο·

1927 4640 1978 4693 4.
2009 4637 2072 4693 Ει
2100 4655 2208 4694 ηοη
2236 4655 2359 4694 sum
2391 4640 2640 4692 ﬁrmatus
2671 4637 2727 4691 in
2745 4635 3018 4692 mandatis
3052 4638 3180 4694 tuis.

151 4728 257 4790 λάς
282 4745 400 4782 σου.
551 4765 572 4781 .
1702 4773 1704 4775 .

230 4820 284 4874 5.
325 4819 410 4871 ’Ev
445 4819 809 4889 ἁμαρτήμασι
840 4817 1188 4888 πεφυρμένος
1221 4817 1356 4886 εἰμὶ,
1385 4815 1552 4883 λέγει.

1931 4817 1980 4870 5.
2009 4817 2068 4869 ln
2099 4817 2341 4886 peccatis
2367 4819 2689 4872 eommistus
2719 4833 2864 4883 sum,
2896 4817 3095 4887 inquit.

229 4911 284 4965 6.
316 4911 371 4964 7.
415 4910 590 4977 Ἐλθὲ,
618 4908 816 4980 Κύριε,
851 4908 1130 4980 ρὖαιτὴν
1154 4908 1332 4980 ψυχήν
1366 4926 1487 4978 μου,

1927 4909 1979 4974 6,
2022 4911 2071 4962 7.
2109 4907 2268 4975 Veni,
2299 4908 2545 4973 Domine,
2571 4908 2740 4965 libera
2767 4911 3004 4965 animam
3025 4925 3225 4978 meam,

229 5001 286 5056 8.
321 5000 422 5055 Διὰ
454 5001 515 5054 τὸ
555 4997 695 5054 εἶναι
725 5000 802 5073 (4)
836 5000 1127 5072 ἐλεήμονα.
1665 5032 1675 5046 ι

1929 4999 1977 5053 8.
2018 4999 2157 5065 Quia
2182 4999 2501 5054 misericors
2529 5015 2609 5054 es.

231 5093 286 5147 9.
324 5094 381 5146 '0
409 5093 546 5157 ὅλως
583 5093 943 5166 μνημονεύων
981 5111 1075 5148 σου
1112 5092 1350 5146 ἐκκλίνει
1393 5093 1470 5163 (5)
1514 5091 1622 5144 ἀπὸ
1652 5091 1725 5162 τῆ.

1929 5093 1982 5148 9.
2014 5093 2118 5159 Qui
2149 5108 2373 5163 prorsus
2421 5108 2634 5148 memor
2675 5100 2762 5148 est
2804 5094 2885 5149 tui
2914 5133 2930 5158 ,
2958 5093 3198 5149 declinat
3241 5107 3272 5146 a
3308 5107 3436 5163 pec-

158 5187 442 5258 άμαρτίας
462 5205 477 5218 ο

1927 5190 2011 5249 to;

241 5280 328 5334 10.
371 5280 430 5333 '0
455 5279 564 5352 γὰρ
595 5279 719 5344 νοῦς
753 5281 780 5332 ὀ
799 5281 1190 5352 κυριευόμενος
1217 5278 1322 5332 ὐπὸ
1353 5277 1454 5350 τῆς
1483 5276 1722 5348 ἁμαρτία

1935 5275 2022 5328 to.
2061 5275 2212 5331 Mens
2251 5292 2420 5342 enim,
2469 5293 2591 5349 quae
2635 5276 2951 5338 dominatur
2975 5290 3008 5334 a
3038 5281 3289 5350 peccato,
3325 5287 3437 5330 non

159 5369 266 5425 οὐκ
295 5369 752 5443 ἐξομολογήσεταί
784 5389 887 5426 σοι.

1927 5368 2212 5423 uilitehitur
2235 5369 2351 5424 tibi.

241 5463 306 5497 ’δ’
331 5462 353 5516 Ι
376 5466 502 5522 Cor.
531 5483 570 5532 ι,
597 5467 686 5522 3|.
765 5467 810 5499 ¹⁸
839 5465 1178 5532 Matth.xxv,
1211 5465 1300 5521 54.
1359 5466 1404 5498 ¹⁶
1430 5464 1560 5521 ibid.
1594 5463 1682 5519 46.

1125 5558 1431 5624 Addenda
1459 5564 1521 5624 et
1568 5557 1947 5639 corrigenda
1981 5575 2061 5621 ex
2111 5557 2250 5619 cod.
2281 5559 2482 5623 Vatic.

238 5656 285 5720 (1
359 5655 636 5721 Ἀξίωσον.
1931 5658 2006 5730 (4)
2030 5653 2183 5712 Εἶναί
2208 5675 2286 5713 σε.

239 5655 320 5795 βξ
349 5727 458 5779 Καὶ
489 5727 566 5795 τῷ
599 5727 830 5795 ὲὸδόμῳ.
1932 5731 2009 5795 (5)
2051 5729 2286 5782 Ἐκλίπει

301 5727 320 5795 )
349 5727 458 5779 Καὶ
489 5727 566 5796 τῷ
599 5727 830 5799 ὲῦδόμῳ.
2051 5729 2310 5786 Ἐκλίπει.

301 5808 316 5864 )
360 5798 870 5869 Ἐπεστηριγμένος.
