3878 6218
401 255 506 312 667
1247 252 1306 307 S.
1350 249 1732 305 ATHANASII
1772 247 1924 304 OPP.
1964 244 2146 302 PARS
2184 242 2276 298 lll.
2311 271 2383 283 --
2420 235 2835 293 EXEGETICA.
3570 225 3709 283 663

473 378 560 431 11.
592 376 857 431 Laboravi
882 375 934 429 in
962 374 1162 445 gemitu
1195 388 1338 439 meo,

2006 382 2053 437 Α
2154 364 2242 418 11.
2288 360 2593 415 Ἐκοπίασα
2625 359 2681 409 ἐν
2707 355 2784 426 τῷ
2820 353 3112 423 στεναγμῷ
3139 368 3262 422 μου,

470 466 558 521 12.
590 467 808 520 Lavabo
841 480 936 534 per
959 463 1203 533 singulas
1240 474 1428 518 noctes
1467 462 1663 517 lectum
1691 478 1906 527 meum;

2158 454 2243 508 12.
2271 453 2462 505 Λούσω
2491 449 2610 501 καθ’
2642 448 2880 514 ἐκὰστην
2918 444 3090 497 νύκτα
3121 444 3220 514 τὴν
3249 441 3437 511 κλίνην
3464 456 3565 510 μου

475 558 562 613 15.
595 532 877 626 Lacrymis
908 532 1310 610 meisstratum
1345 570 1523 607 meum
1558 554 1765 622 rigabo.

2161 548 2244 600 15.
2292 547 2381 597 Ἐν
2406 542 2635 613 δάκρυσί
2669 558 2770 611 μου
2795 539 2893 609 τὴν
2933 539 3222 608 στρωμνήν
3249 552 3351 605 μου
3382 532 3578 603 βρέξω.

474 649 561 704 14.
597 648 872 702 Turbatus
899 657 983 700 est
1016 662 1045 699 a
1073 645 1258 701 furore
1284 647 1478 700 oculus
1501 662 1656 700 meus
1683 664 1697 697 :

2160 637 2244 690 14.
2291 634 2599 706 Ἐταρὰχθη
2628 632 2734 685 ἀπὸ
2756 629 2924 701 θυμοῦ
2954 633 2981 683 6
3008 630 3283 698 ὀφθαλμός
3315 646 3416 698 μου
3435 646 3447 658 ·

475 743 564 797 15.
598 739 897 794 lnveteravi
932 740 1070 793 inter
1092 754 1283 794 omnes
1307 739 1559 793 inimicos
1598 753 1765 791 meos.

2160 730 2247 783 15.
2295 726 2672 796 Ἐπαλαιώθην
2699 727 2757 777 ἐν
2786 726 2919 777 πᾶσι
2949 725 3061 785 τοῖς
3091 721 3305 791 ἐχθροῖς
3339 739 3458 791 μου.

476 834 563 887 16.
597 833 865 888 Discedite
904 846 934 885 a
966 847 1073 898 me,
1102 846 1296 886 omnes
1324 832 1414 900 qui
1447 829 1753 899 operamini
1784 826 1983 897 iniqui-

2176 822 2249 875 l6.
2304 821 2603 890 Ἀπὸστητε
2654 821 2747 873 ἀπ’
2782 816 2939 888 ἐμοῦ,
2982 816 3183 878 πάντες
3224 817 3273 867 οἱ
3317 814 3707 886 ἐργαζόμενοι

405 937 569 983 tatem
599 944 611 978 :

2102 918 2190 983 ..ὴν
2220 916 2449 985 ἀνομίαν
2470 930 2483 944 ⁸

480 1022 567 1074 17.
616 1021 888 1087 Quoniam
942 1019 1222 1074 exaudivit
1263 1018 1529 1073 Dominus
1576 1030 1765 1070 vocem
1827 1014 1984 1071 ﬂetus

2177 1009 2253 1062 l7.
2288 1007 2412 1059 Ὅτι
2466 1005 2750 1074 εἰσήκουσε
2795 1001 3001 1072 Κύριος
3038 1003 3138 1071 τῆς
3168 1000 3351 1071 φωνῆς
3377 998 3474 1053 τοῦ
3513 996 3708 1052 κλαυ-

406 1112 538 1165 mei.

2094 1098 2233 1171 θμοῦ
2262 1115 2382 1167 μου.

477 1202 565 1256 18.
602 1201 892 1255 Exaudivit
920 1198 1187 1253 Dominus
1218 1197 1655 1266 deprecationem
1687 1210 1862 1249 meam
1900 1210 1912 1247 :

1785 1210 1862 1249 am
1900 1210 1912 1247 :
2172 1190 2257 1243 18.
2301 1190 2539 1240 Ἤκουσε
2564 1186 2767 1256 Κύριος
2799 1185 2898 1255 τῆς
2919 1184 3159 1253 δεήσεως
3183 1201 3285 1255 μου
3305 1199 3316 1211 ·

484 1293 570 1350 19.
604 1294 869 1348 Dominus
893 1291 1200 1346 orationem
1234 1303 1411 1341 meam
1449 1287 1708 1355 suscepit.

2170 1282 2257 1335 19.
2290 1279 2495 1349 Κύριος
2520 1278 2618 1350 τὴν
2652 1279 2954 1348 προσευχήν
2989 1294 3089 1347 μου
3132 1276 3513 1349 προσεδέξατο.

482 1386 570 1440 20.
599 1385 939 1440 Erubescant
957 1392 1009 1438 et
1023 1382 1419 1438 conturbentur
1435 1381 1783 1433 vehementer
1803 1393 1991 1433 omnes

2177 1374 2257 1426 ΞΟ.
2290 1371 2717 1442 Αἰσχυνθεξησαν
2777 1370 2870 1421 καὶ
2919 1369 3322 1440 ταραχθείησαν
3370 1369 3578 1429 πάντες
3646 1366 3708 1418 οξ

415 1479 623 1535 inimici
651 1478 755 1532 mei
792 1496 805 1533 :

2100 1463 2282 1536 ἐχθροί
2324 1481 2446 1533 μου.

488 1566 576 1619 21.
612 1566 1011 1621 Convertantur
1040 1571 1094 1619 et
1122 1563 1452 1618 erubescant
1482 1563 1637 1616 valde
1673 1561 1953 1617 velociter.

2180 1556 2259 1609 21.
2296 1554 2802 1625 Ἀποστραφείησαν
2821 1553 2915 1606 καὶ
2935 1550 3460 1622 καταισχυνθείησαν
3481 1548 3711 1619 σφόδρα

2101 1646 2190 1700 διὰ
2216 1647 2434 1716 τάχους.

477 1741 703 1799 Ρεαιηιιιε
732 1743 921 1808 David,
957 1760 1109 1813 quem
1140 1745 1373 1797 cantavit
1407 1742 1633 1795 Domino
1665 1756 1759 1808 pro
1793 1738 1960 1795 verbis

2168 1740 2410 1808 Ψαλμὸς
2432 1736 2512 1801 τῷ
2539 1736 2738 1799 Δαϐὶδ,
2764 1737 2836 1789 ὃν
2864 1721 2981 1807 ᾖσε
3008 1734 3087 1800 τῷ
3116 1733 3314 1802 Κυρίῳ
3347 1733 3503 1803 ὑπὲρ
3524 1730 3655 1789 τῶν·

741 1835 905 1889 ΟΙιαδί
926 1836 1029 1903 [ξιὶὶ
1060 1835 1281 1889 Jemini.
1315 1834 1516 1889 PSAL.
1557 1832 1685 1889 VII.

2312 1832 2511 1898 λόγων
2537 1829 2726 1881 Χουσὶ
2759 1829 2893 1882 υἱοῦ
2917 1828 3139 1896 Ἰεμενί.
3179 1830 3353 1883 ΨΑΛ.
3395 1826 3476 1882 Z'.
3600 1824 3614 1843 '

500 1927 547 1979 1.
576 1924 804 1980 Domine
827 1924 971 1981 Deus
996 1942 1173 1993 meus,
1199 1927 1255 1981 in
1284 1936 1337 1981 te
1376 1925 1592 1995 speravi
1626 1942 1641 1979 :

2180 1925 2229 1977 1.
2262 1922 2436 1992 Κύριε
2464 1922 2491 1972 6
2513 1920 2646 1985 Θεός
2680 1939 2804 1992 μου,
2835 1922 2928 1974 ἐπὶ
2958 1922 3041 1974 σο)⁸
3064 1920 3303 1991 ἧλπισα·

1553 2076 1928 2132 ATHANASII
1964 2072 2555 2130 INTERPRETATIO.
2614 2120 2617 2121 ,

502 2238 585 2292 11.
618 2239 886 2295 Gravatus
920 2248 1144 2309 peccato
1169 2238 1550 2309 ingemiscam.

2185 2235 2271 2289 11.
2298 2233 2642 2306 Βαρούμενος
2677 2232 2782 2285 ὑπὸ
2816 2232 2913 2303 τῆς
2938 2232 3215 2303 ἁμαρτίας
3252 2230 3492 2297 στενάξω
3524 2228 3628 2301 (1).

504 2330 590 2384 12.
628 2329 947 2385 Emundabo
969 2331 1035 2384 ab
1071 2330 1221 2383 omni
1249 2337 1474 2400 peccato
1500 2343 1703 2398 corpus
1728 2343 1909 2383 meum
1936 2345 1953 2383 :

2190 2328 2277 2380 12.
2303 2326 2603 2397 Καθαρίσω
2645 2325 2752 2379 ἀπὸ
2805 2326 2985 2392 πάσης
3014 2322 3287 2394 ἁμαρτίας
3325 2322 3399 2393 (2)
3446 2324 3506 2376 τὸ
3538 2320 3718 2393 σῶμά

2122 2438 2222 2474 μου
2246 2438 2260 2450 ⁹

511 2508 594 2561 15.
633 2507 696 2561 Et
725 2508 778 2561 in
808 2508 1061 2578 lacrymis
1100 2508 1346 2577 requiem
1388 2522 1601 2571 meam;
1643 2506 1751 2560 hoc
1790 2514 1876 2560 est
1908 2503 2013 2560 Do-

2189 2510 2273 2563 15.
2315 2509 2425 2562 Καὶ
2460 2510 2518 2561 ἐν
2544 2509 2774 2579 δάκρυσι
2802 2506 2878 2577 (5)
2902 2507 3001 2577 τὴν
3031 2505 3335 2559 ἀνάπαυσίν
3365 2521 3468 2574 μου
3489 2521 3504 2536 ο
3544 2522 3719 2558 τουτ-

438 2599 644 2652 minum
665 2598 921 2669 lacrymis
940 2599 1150 2667 rigabo,
1182 2608 1242 2653 ut
1262 2600 1519 2653 meretrix
1547 2599 1601 2652 in
1634 2597 1928 2667 Evangelio
1949 2599 1965 2628 ¹

2116 2601 2233 2654 ἐστι
2264 2600 2351 2653 τὸν
2375 2599 2579 2671 Κύριον
2616 2598 2815 2670 βρέξω,
2836 2598 2911 2661 ὼς
2940 2600 2973 2669 ἡ
3013 2598 3186 2669 πόρνη
3214 2599 3272 2650 ἐν
3304 2595 3647 2667 Εὑαγγελίῳ.

515 2689 594 2743 14.
628 2689 768 2743 Pura
801 2698 883 2745 est
906 2705 937 2744 a
961 2690 1305 2760 suggestione
1349 2689 1552 2744 diaboli
1590 2704 1745 2744 mens
1768 2703 1910 2742 mea.

2188 2692 2274 2746 14.
2308 2692 2380 2745 Οὐ
2407 2691 2723 2762 καθαριεύει
2751 2694 2784 2762 ἡ
2830 2691 3039 2744 διὰνοιά
3071 2708 3172 2761 μου
3196 2690 3303 2743 ἀπὸ
3338 2690 3435 2761 τῆς
3460 2687 3554 2742 τοῦ
3586 2688 3715 2742 δια-

2120 2783 2277 2838 ϐόλου
2314 2784 2599 2855 ὑποϐολῆς.

518 2863 604 2917 15.
632 2864 881 2919 Perditus
906 2864 1130 2918 omnino
1148 2880 1290 2928 sum,
1318 2874 1372 2919 et
1402 2864 1455 2917 in
1485 2864 1713 2918 nihilum
1740 2864 2013 2921 redactus.

1920 2878 2013 2921 L08.
2180 2872 2283 2929 15'.
2322 2876 2658 2947 Ἠφανίσθην
2682 2877 2839 2941 ὅλως,
2870 2877 2950 2940 εἰς
2980 2876 3134 2930 οὐδὲν
3167 2875 3451 2945 ἐγενόμην.

512 2956 597 3011 16.
636 2956 918 3011 Daemones
944 2967 1103 3011 antea
1139 2974 1225 3012 me
1258 2957 1522 3013 ducentes
1568 2957 1636 3011 ad
1660 2972 1879 3012 omnem
1918 2958 2021 3012 im-

2198 2967 2281 3022 16.
2312 2970 2373 3021 Οἱ
2410 2968 2663 3039 δαίμονες
2694 2970 2744 3021 οἰ
2798 2969 2859 3022 τὸ
2911 2967 3178 3040 πρότερον
3232 2965 3600 3038 ὀδηγήσαντές
3644 2982 3718 3038 με

446 3051 672 3122 probam
708 3050 1085 3119 cupiditatem.

2124 3059 2261 3131 πρὸς
2286 3060 2467 3113 πᾶσαν
2492 3060 2736 3130 πονηρὰν
2766 3059 3088 3129 ἐπιθυμίαν.

518 3143 601 3197 17.
644 3142 917 3197 Gemitum
956 3143 1137 3197 cordis
1171 3143 1297 3198 mei.

2200 3151 2287 3204 17.
2321 3149 2427 3204 Τοῦ
2452 3150 2687 3221 ὀδυρμοῦ
2717 3151 2818 3221 τῆς
2843 3152 3075 3222 καρδίας
3110 3167 3228 3223 μου.

523 3233 607 3287 18.
648 3232 799 3289 Hanc
834 3249 941 3287 non
973 3244 1254 3289 aversatus
1277 3242 1379 3289 est.

2196 3243 2284 3296 18.
2316 3244 2431 3296 Οὐκ
2456 3244 2783 3315 ἀπεστράφη
2811 3243 3033 3314 ταύτην.

524 3326 610 3379 19.
651 3325 781 3381 Eam
807 3327 950 3379 enim
982 3326 1261 3395 adimplet.

2198 3333 2285 3389 19.
2312 3335 2520 3406 Πληροῖ
2542 3335 2653 3405 γὰρ
2684 3336 2871 3406 αὐτὴν.

523 3417 612 3473 20.
640 3415 1093 3483 Coniundantur,
1140 3418 1287 3488 quod
1326 3432 1434 3472 non
1467 3417 1704 3488 amplius
1746 3434 1831 3473 me
1854 3418 1909 3472 in
1936 3434 2029 3472 ca—

2198 3425 2288 3480 ΞΟ.
2328 3426 2725 3497 Ἐντραπῶσιν,
2750 3428 2831 3480 ὃτι
2860 3427 2961 3479 οὐκ
2989 3425 3068 3478 ἐτι
3096 3442 3163 3496 με
3194 3421 3595 3494 αἰχμαλωτίσαι
3630 3420 3727 3474 δύο

454 3511 755 3580 ptivitatem
804 3510 1045 3580 redigere
1075 3520 1339 3581 possunt,
1386 3512 1513 3580 quia
1545 3511 1829 3567 custodior
1851 3528 1881 3567 ει
1920 3512 1985 3567 Β(

2202 3534 2343 3580 νται,
2374 3517 2461 3569 διὰ
2484 3519 2546 3571 τὸ
2576 3517 2939 3587 φυλάττεσθαί
2981 3536 3049 3589 με
3077 3516 3181 3569 ὑπὸ
3224 3515 3457 3587 Κυρίου,
3504 3514 3599 3567 κα)⁵
3629 3515 3728 3585 6p-

455 3604 624 3666 mino,
656 3613 709 3655 et
741 3603 881 3658 hanc
909 3604 979 3657 ob
1012 3619 1237 3657 causam
1272 3604 1604 3670 irascantur,

1325 3616 1604 3670 ascantur,
2058 3592 2099 3649 (ἶ
2134 3609 2396 3679 γισθῶσιν
2421 3610 2605 3665 ἕνεκεν
2632 3611 2823 3663 τούτου
2843 3650 2856 3675 ,

528 3696 614 3751 21.
648 3696 713 3752 Ει
736 3713 901 3768 quam
920 3697 1169 3752 celeriter
1204 3696 1422 3754 confusi
1456 3698 1735 3753 recedant.

2210 3701 2298 3754 21.
2336 3702 2448 3754 Καὶ
2491 3702 2894 3772 ἁναστρὲψουσι
2947 3700 3431 3770 καταισχυνθέντες
3473 3698 3728 3753 πάνυέν

2138 3809 2311 3861 ταχεμ

536 3890 600 3944 Ἦ
631 3890 965 3963 προκειμένη
1001 3890 1279 3961 ἐπιγραφὴ
1314 3891 1346 3961 ἡ
1380 3890 1465 3943 διὰ
1494 3890 1591 3960 τῆς
1621 3890 1990 3964 κινναϐάρεως
2029 3899 2310 3970 περιέχει·
2347 3902 2596 3971 Ψαλμὸς
2615 3902 2697 3968 τῷ
2724 3904 2921 3967 Δαόὶδ,
2966 3903 3038 3956 ὃν
3071 3898 3188 3974 ᾖσε
3224 3901 3304 3968 τῷ
3345 3900 3546 3970 Κιφίῳ
3570 3900 3729 3967 ὑπὲρ

454 3996 574 4046 τῶν
603 3994 799 4061 λόγων
826 3991 1013 4045 Χουσὶ
1063 3990 1198 4045 υἱοῦ
1241 3991 1463 4076 Ἰεμγενί.
1497 3988 1666 4042 Τοῦτο
1690 3986 1781 4044 οὖν
1814 3992 1981 4060 λέγει,
2016 3996 2097 4049 ὅτι
2120 3993 2218 4070 ᾖσε
2243 3999 2333 4052 τὸν
2362 3999 2577 4070 ψαλμὸν
2597 4002 2624 4052 6
2651 4000 2815 4055 Δαὸὶδ
2846 4000 2923 4071 τῷ
2950 4000 3064 4069 Υἱῷ
3088 3999 3182 4051 τοῦ
3206 3997 3341 4051 Θεοῦ
3365 3995 3729 4068 προφητεύων

456 4085 598 4156 ὑπὲρ
625 4085 719 4137 τοῦ
749 4085 878 4138 λαοῧ
903 4083 996 4136 τοῦ
1040 4083 1322 4154 μέλλοντος
1353 4082 1460 4135 ἀπὸ
1489 4082 1773 4153 ἁμαρτιῶν
1806 4083 2132 4157 λυτροῦσθαι
2165 4090 2258 4144 καὶ
2282 4092 2652 4162 ἐπιστρέφειν,
2702 4093 2797 4145 καὶ
2830 4092 3109 4159 ἀξιοῦσθαι
3140 4090 3239 4160 τῆς
3283 4091 3347 4142 ἐκ
3374 4089 3568 4153 δεξιῶν
3596 4088 3729 4142 στάο

460 4193 597 4242 σεως
628 4176 721 4230 τοῦ
753 4176 1021 4249 Χριστοῦ·
1052 4176 1222 4230 Χουσὶ
1251 4177 1357 4247 γὰρ
1392 4175 1756 4246 ἑρμηνεύεται
1781 4178 2017 4246 Αἰθίοψ,
2056 4182 2331 4237 τουτέστιν
2378 4185 2516 4253 ὑπὲρ
2550 4184 2645 4236 τοῦ
2675 4184 2805 4237 λαοῦ
2857 4184 2951 4237 τοῦ
3010 4184 3161 4246 ὄντος
3212 4182 3447 4252 μέλανος
3472 4180 3584 4233 ἀπὸ
3620 4181 3730 4235 τῶν

462 4273 743 4346 ἁμαρτιῶν
772 4270 872 4345 ᾖσε
900 4274 990 4325 τὸν
1017 4272 1230 4343 ψαλμὸν
1255 4272 1332 4341 τῷ
1363 4269 1572 4341 Κυρίῳ.
1618 4272 1813 4341 Ἰεμενὶ
1849 4272 1906 4325 δέ
1942 4276 2308 4347 ἑρμηνεύεται
2335 4278 2503 4343 δεξιά
2519 4299 2637 4349 μου
2662 4297 2676 4310 ο
2706 4280 2893 4351 ἐπειδὴ
2918 4282 2946 4333 6
2969 4281 3095 4343 λαὸς
3123 4282 3151 4331 6
3181 4278 3403 4347 Αἰθίοψ,
3436 4276 3585 4345 λέγω
3606 4277 3672 4349 δὴ
3704 4278 3731 4329 ὁ

466 4372 654 4445 μέλας,
687 4370 904 4441 ρυσθεὶς
929 4372 992 4421 ἐκ
1012 4369 1121 4422 τῶν
1153 4366 1478 4439 ἀριστερῶν,
1508 4366 1691 4437 μέλλει
1720 4366 1971 4422 ἵστασθαι
2002 4374 2066 4424 ἐκ
2090 4372 2277 4437 δεξιῶν
2302 4374 2396 4427 τοῦ
2428 4375 2589 4429 Θεοῦ.

537 4465 770 4531 Titulus,
803 4466 896 4534 qui
929 4466 1139 4534 psalmo
1167 4467 1523 4533 praeponitur,
1562 4463 1848 4519 cinnabari
1885 4466 2146 4537 scriptus,
2187 4470 2433 4524 continet
2465 4488 2478 4524 :
2513 4470 2765 4524 Psalmus
2796 4470 2990 4534 David,
3040 4485 3190 4538 quem
3234 4467 3468 4520 cantavit
3501 4465 3731 4520 Domino

464 4579 561 4633 pro
592 4564 757 4616 verbis
789 4562 951 4614 Clausi
992 4560 1095 4629 ﬁlii
1118 4559 1339 4613 Jemini.
1375 4558 1488 4614 Hoc
1518 4568 1701 4614 autem
1730 4560 2023 4630 signiﬁcat,
2049 4566 2192 4634 quod
2229 4568 2502 4635 psalmum
2550 4565 2722 4619 David
2754 4565 2955 4619 cecinit
2995 4563 3133 4617 Filio
3169 4562 3264 4617 Dei
3298 4561 3639 4632 prophetans
3670 4561 3734 4615 de

467 4660 692 4730 populo,
725 4660 818 4728 qui
852 4657 1071 4711 futurus
1101 4666 1239 4719 erat,
1276 4664 1335 4709 ut
1367 4672 1396 4709 a
1428 4656 1668 4725 peccatis
1697 4657 2045 4724 liberaretur,
2074 4669 2129 4716 et
2154 4672 2586 4725 converteretur,
2618 4672 2671 4716 et
2698 4661 2895 4730 dignus
2926 4660 3078 4714 ﬁeret
3108 4667 3251 4712 stare
3276 4672 3306 4709 a
3339 4656 3546 4709 dextris
3573 4654 3733 4707 Chri-

471 4750 563 4806 sti.
592 4749 759 4803 Chusi
790 4750 935 4803 enim
971 4750 1362 4816 interpretatur
1392 4747 1644 4818 .Ethiops
1664 4790 1678 4815 ,
1726 4749 1832 4805 lioc
1858 4758 1942 4805 est
1970 4769 1982 4804 :
2017 4751 2124 4806 Pro
2156 4756 2378 4824 populo,
2419 4755 2516 4825 qui
2545 4763 2664 4809 erat
2689 4753 2842 4823 niger
2868 4769 2899 4807 a
2934 4734 3193 4823 peccatis,
3237 4748 3437 4803 cecinit
3459 4747 3734 4816 psalmum

474 4843 725 4898 Domino.
748 4843 943 4899 Jemini
969 4852 1150 4898 autem
1186 4845 1577 4914 interpretatur
1605 4846 1823 4899 dextera
1854 4864 2007 4911 mea;
2042 4850 2303 4918 quoniam
2336 4852 2571 4921 populus
2602 4850 2878 4920 Ethiops,
2912 4847 3087 4919 niger,
3114 4847 3360 4916 inquam,
3390 4843 3460 4898 ob
3488 4850 3731 4912 peccata,

474 4944 739 4998 liberatus
771 4958 801 4996 e
833 4943 1073 4998 sinistris
1106 4942 1272 4997 stabit
1297 4958 1328 4997 a
1372 4942 1586 4997 dextris
1616 4940 1730 4997 Dei.

548 5060 601 5114 1.
632 5058 707 5113 Te
728 5060 989 5115 constitui
1036 5059 1342 5130 adjutorem
1388 5076 1571 5116 meum
1605 5061 1755 5116 omni
1786 5067 2052 5131 tempore,

2088 5073 2132 5128 Ι)
2229 5066 2279 5119 1.
2318 5067 2385 5119 Σέ
2414 5065 2616 5138 ἐθέμην
2648 5064 2842 5137 βοηθόν
2872 5082 2973 5136 μου
2998 5062 3250 5128 πάντοτε,
3288 5060 3463 5114 σῶσον
3495 5073 3588 5127 με.

478 5155 629 5210 salva
652 5168 760 5207 me.

551 5273 587 5306 υ
629 5270 759 5329 Luc.
806 5288 903 5337 vn,
932 5271 1020 5326 58.

1431 5428 1737 5491 Addenda
1769 5432 1829 5491 et
1860 5424 2237 5506 corrigenda
2285 5440 2363 5485 ex
2415 5422 2555 5484 cod.
2589 5420 2787 5481 Vatic.

556 5599 633 5740 (1)
664 5598 933 5662 Στενάζω.

579 5670 635 5740 2)
670 5670 987 5740 Καθαρίσῃς
1012 5666 1119 5724 ἀπὸ
1139 5667 1236 5739 τῆς
1261 5664 1553 5738 ἁμαρτίας.

1450 5664 1465 5717 ί
2242 5589 2318 5664 (5)
2346 5590 2455 5645 Καὶ
2482 5588 2539 5643 ἐν
2568 5586 2797 5661 δάκρυσι
2829 5600 2968 5660 μου.⁴

1437 5683 1442 5718 :
1468 5681 1553 5730 ας.

579 5664 635 5742 2)
670 5670 987 5742 Καθαρίσῃς
1012 5666 1119 5724 ἀπὸ
1139 5667 1236 5739 τῆς
1261 5664 1553 5738 ἁμαρτίας.
