3878 6218
82 322 218 382 ϐςο
1082 330 1171 385 DE
1212 314 1490 387 TITULIS
1527 332 1981 390 PSALMORUM.
2021 366 2092 376 -
2126 336 2322 392 PSAL.
2356 335 2470 391 vn.
3276 332 3381 387 οπο

174 440 233 492 2.
261 438 445 490 Σῶσόν
479 454 547 508 με
574 440 639 492 ὲκ
674 443 752 510 (α)
776 441 993 495 πάντων
1016 443 1125 497 τῶν
1156 443 1461 500 διωκόντων
1496 464 1584 518 με,
1612 448 1704 501 καὶ

1878 450 1933 502 2.
1968 448 2187 503 Salvum
2220 465 2307 504 me
2357 448 2441 503 fac
2501 463 2567 503 ex
2620 448 2877 502 omnibus
2926 449 3382 517 persequentibus

85 532 273 604 ῥῦσαι
305 547 393 601 με.

1802 557 1907 606 me,
1945 552 1998 595 et
2026 542 2196 595 libera
2227 557 2330 596 me.

179 624 235 678 5.
275 625 501 694 Μήποτε
531 624 755 697 ἁρπάσῃ
792 624 868 689 ὡς
894 626 1031 679 λέων
1051 628 1151 699 τὴν
1178 628 1356 699 ψυχήν
1392 647 1513 700 μου,

1872 634 1923 687 5.
1958 632 2259 702 Nequando
2291 633 2467 702 rapiat
2488 640 2549 686 ut
2578 631 2663 686 leo
2696 632 2935 685 animam
2970 648 3168 696 meam,

178 717 236 772 4.
268 717 361 789 Μὴ
387 718 540 782 ὄντος
574 718 962 790 λυτρουμένου,
990 721 1124 791 μηδὲ
1157 722 1441 786 σώζοντος.

1872 724 1922 776 4.
1954 722 2091 777 Dum
2127 739 2237 777 non
2267 733 2373 785 est,
2404 723 2500 792 qui
2534 724 2788 786 redimat,
2834 737 3012 792 neque
3042 724 3137 792 qui
3170 723 3378 778 salvum

1802 815 1985 869 faciat.
2864 818 2870 824 ’

178 894 236 951 5.
274 895 446 967 Κύριε
480 897 508 949 ὁ
546 896 679 960 Θεός
717 914 838 968 μου,
872 901 920 951 εἰ
943 899 1174 971 ἐποίησα
1204 899 1382 965 τοῦτο,

1874 907 1927 960 5.
1961 906 2190 960 Domine
2225 905 2367 960 Deus
2399 921 2576 972 meus,
2607 908 2652 961 si
2681 907 2781 962 feci
2820 908 2987 973 istud,

179 983 238 1040 6.
276 986 342 1037 Ei.
367 985 514 1040 ἔστιν
544 986 729 1039 ἀδικία
751 990 807 1041 ἐν
834 989 989 1058 χερσί
1016 1007 1139 1059 μου,

1876 996 1929 1052 6.
1964 997 2021 1051 Si
2057 1006 2142 1052 est
2170 998 2433 1067 iniquitas
2462 998 2515 1051 in
2544 999 2797 1053 manibus
2824 1000 2977 1063 meis,

180 1077 237 1131 7.
271 1078 332 1130 Et
356 1078 715 1132 ἀνταπέδωκα
739 1082 850 1143 τοῖς
876 1082 1290 1135 ἀνταποδιδοῦσί
1328 1100 1416 1153 μοι
1442 1084 1587 1136 κακὰ
1604 1101 1615 1112 ·

1554 1084 1615 1136 ἀ·
1877 1090 1924 1141 7.
1959 1088 2016 1143 Si
2050 1089 2261 1144 reddidi
2287 1074 2718 1145 retribuentibus
2746 1091 2876 1143 mihi
2902 1093 3043 1145 mala
3069 1110 3080 1145 :

184 1168 241 1223 8.
288 1169 650 1240 Ἀποπέσοιμι
684 1171 792 1240 ἄρα
843 1172 949 1224 ἀπὸ
986 1173 1093 1225 τῶν
1115 1174 1326 1245 ἐχθρῶν
1354 1192 1454 1244 μου
1495 1176 1668 1236 κενός.

1870 1181 1922 1233 8.
1964 1180 2219 1234 Decidam
2246 1179 2442 1234 merito
2481 1181 2550 1234 ab
2581 1182 2815 1235 inimicis
2837 1182 2973 1236 meis
3005 1183 3202 1236 inanis.

182 1262 239 1316 9.
273 1260 619 1327 Καταδιώξαι
658 1262 767 1333 ἄρα
801 1266 829 1318 ὁ
877 1264 1070 1337 ἐχθρὸς
1098 1267 1195 1336 τὴν
1231 1266 1411 1336 ψυχήν
1442 1284 1565 1336 μου,
1608 1268 1697 1319 καὶ

1873 1272 1924 1326 9.
1955 1271 2327 1341 Persequatur
2348 1274 2538 1343 utique
2564 1273 2821 1328 inimicus
2844 1274 3081 1327 animam
3107 1289 3305 1340 meam,
3328 1283 3383 1330 et

92 1353 440 1418 καταλάϐοι,

1802 1365 2250 1432 comprehendat,
2798 1370 2802 1375 ’

186 1446 277 1501 10.
312 1447 423 1499 Καὶ
457 1450 842 1520 καταπατῆσαι
870 1451 950 1514 εἰς
981 1451 1084 1522 γῆν
1116 1450 1214 1522 τὴν
1246 1449 1389 1523 ζωήν
1417 1470 1539 1522 μου,

1876 1455 1961 1510 10.
1996 1456 2063 1510 Et
2093 1458 2379 1512 conculcet
2411 1460 2465 1511 in
2499 1466 2640 1512 terra
2671 1457 2837 1511 vitam
2865 1473 3079 1524 meam;

184 1540 279 1592 11.
318 1540 427 1593 Καὶ
454 1540 552 1611 τὴν
582 1541 741 1607 δόξαν
776 1560 875 1610 μου
908 1544 988 1607 εἰς
1012 1541 1141 1612 χοῦν
1164 1548 1608 1616 κατασκηνώσαι.

1875 1549 1963 1602 11.
1992 1548 2059 1603 Ει
2085 1549 2314 1618 gloriam
2347 1565 2523 1603 meam
2560 1549 2613 1601 in
2665 1548 2945 1618 pulverem
2986 1548 3240 1602 deducat.

186 1629 278 1684 12.
330 1631 639 1702 Ἀνάστηθι,
674 1632 869 1703 Κύριε,
903 1634 959 1688 ἐν
986 1636 1122 1706 ὀργῇ
1151 1652 1243 1687 σου
1266 1677 1279 1700 ,

1876 1641 1962 1694 12.
2000 1639 2266 1710 Exsurge,
2301 1640 2550 1706 Domine,
2582 1641 2636 1693 in
2668 1640 2750 1693 ira
2785 1649 2899 1703 tua,

182 1722 273 1776 15.
324 1722 600 1795 ’Υῲὼθητι
639 1726 694 1777 ἐν
724 1727 835 1788 τοῖς
860 1724 1060 1797 πέρασι
1093 1726 1202 1780 τῶν
1236 1725 1444 1799 ἐχθρῶν
1480 1744 1591 1780 σου.

1876 1731 1963 1785 15.
2003 1729 2069 1783 Et
2098 1732 2336 1785 exaltare
2366 1732 2421 1784 in
2454 1732 2655 1786 linibus
2680 1731 3029 1785 inimicorum
3056 1740 3296 1785 tuorum.

177 1813 273 1868 14.
307 1816 417 1869 Καὶ
446 1815 786 1887 ἐξεγέρθητι,
807 1816 981 1887 Κύριε
1002 1819 1030 1871 ὁ
1061 1818 1192 1882 Θεός
1233 1836 1358 1889 μου,
1384 1820 1440 1873 ἐν
1467 1819 1703 1889 προστά-

1877 1823 1963 1876 14.
2002 1821 2068 1876 Et
2094 1838 2349 1888 exsurge,
2379 1821 2607 1877 Domine
2636 1822 2778 1876 Deus
2810 1837 2983 1888 meus,
3013 1822 3065 1876 in
3095 1832 3382 1892 praecepto,

150 1922 307 1975 ματι,
337 1900 380 1972 ᾧ
407 1907 685 1971 ἐνετείλω,
1068 1899 1077 1908 ’

1810 1914 1958 1984 quod
1994 1915 2289 1979 mandasti,
3258 1916 3263 1924 ⁴

184 2001 277 2055 15.
310 2000 422 2054 Καὶ
448 2001 741 2069 συναγωγὴ
780 2000 925 2053 λαῶν
958 2001 1231 2055 κυκλώσει
1265 2020 1344 2056 σε.

1880 2005 1966 2058 15.
2009 2006 2070 2059 Et
2103 2020 2377 2075 synagoga
2404 2004 2730 2075 populorum
2765 2006 3123 2061 circumdabit
3169 2015 3242 2061 te.

185 2093 277 2148 16.
308 2094 421 2147 Καὶ
450 2093 591 2164 ὑπὲρ
623 2092 828 2162 ταύτης
857 2095 937 2156 εἰς
959 2091 1091 2162 ῦψος
1122 2094 1470 2165 ἐπὶστρεψον.

1884 2096 1968 2148 16.
1997 2096 2062 2148 Ει
2088 2104 2307 2164 propter
2335 2096 2476 2149 hanc
2502 2096 2555 2148 in
2587 2095 2758 2148 altum
2790 2096 3092 2166 regredere.

184 2185 277 2240 17.
317 2185 525 2257 Κύριος
548 2188 728 2256 κρινεί
757 2184 941 2249 λαούς.

1884 2186 1968 2243 17.
1994 2186 2261 2242 Dominus
2284 2187 2552 2256 judicabit
2584 2188 2834 2256 populos.

724 2341 1061 2407 Διάψαλμα.

2437 2339 2765 2409 Diapsalma.

184 2469 275 2526 18.
316 2472 519 2544 Κρῖνόν
542 2490 654 2546 μοι,
684 2472 882 2545 Κύριε,
912 2471 1055 2527 κατὰ
1087 2470 1184 2525 τὴν
1205 2469 1555 2541 δικαιοσύνην
1578 2489 1697 2541 σου,

1876 2474 1967 2530 18.
1982 2470 2177 2529 Judica
2194 2489 2303 2539 me,
2325 2472 2578 2539 Domine,
2598 2472 3186 2543 secundumjustitiam
3208 2480 3386 2541 tuam,

179 2674 263 2747 (α)
300 2673 367 2731 V.
396 2676 432 2730 2
478 2675 673 2746 incipit
698 2676 772 2731 ab
800 2678 886 2730 ὲκ.

1228 2853 1611 2911 ATHANASII
1650 2854 2239 2912 INTERPRETATIO.

179 3039 241 3094 2.
276 3038 400 3093 Τῶν
427 3037 717 3108 δαιμόνων,
738 3036 907 3106 λέγει.

1877 3035 1933 3090 2.
1960 3033 2040 3089 Ex
2069 3034 2443 3101 daemonibus,
2477 3035 2571 3090 ait.

178 3135 241 3188 5.
287 3132 346 3185 Ὀ
372 3131 676 3202 αἱμοπότης
711 3130 975 3193 διάϐολος.

1876 3126 1927 3179 5.
1964 3125 2334 3198 Sauguipotor
2358 3127 2634 3183 diabolus.

179 3222 243 3277 4.
273 3221 381 3275 Τοῦ
413 3221 809 3292 ἀνθισταμένου
843 3221 992 3292 αὐτῷ
1026 3220 1165 3291 ὑπὲρ
1186 3220 1341 3290 ἐμοῦ.

1186 3220 1341 3290 ἐμοῦ.
1731 3263 1774 3321 c
1969 3218 2075 3321 Qui
2106 3220 2184 3274 illi
2214 3221 2435 3275 resistat
2461 3236 2563 3290 pro
2592 3237 2696 3276 me.

181 3313 245 3369 5.
288 3314 349 3365 '0
376 3312 586 3384 μέλλων
616 3312 829 3382 λέγειν·

1736 3311 1774 3321 “”
1878 3312 1927 3367 5.
1970 3311 2074 3378 Qui
2109 3313 2364 3368 dicturus
2402 3322 2487 3368 est
2519 3330 2533 3367 :

177 3404 238 3461 6.
279 3406 533 3476 Ἀρπαγή
560 3421 646 3467 τις
667 3422 680 3433 ·

1877 3404 1929 3457 6.
1962 3403 2175 3474 Rapina
2207 3405 2427 3474 aliqua;

178 3499 239 3552 7.
274 3498 370 3559 Εἰς
396 3497 560 3549 αὑτὸν
586 3495 874 3563 ἐξεδίκησά
896 3511 1027 3547 ποτε
1068 3495 1164 3565 (1)’

1875 3499 1930 3551 7.
1960 3498 2017 3552 Si
2050 3515 2291 3569 unquam
2329 3500 2477 3555 ultus
2510 3516 2630 3555 sum
2666 3501 2719 3554 in
2748 3502 2959 3572 ipsum;

176 3590 238 3645 8.
285 3588 540 3642 Ἐκπέσω
565 3590 664 3659 τῆς
696 3588 969 3650 υἱοθεσίας
998 3604 1092 3640 σου
1127 3586 1422 3660 ἡττησθεὶς
1468 3588 1545 3662 (2)
1591 3591 1704 3651 τοῖς

1879 3588 1933 3642 8.
1962 3586 2222 3642 Excidam
2260 3598 2354 3642 tua
2386 3589 2675 3659 adoptione
2706 3601 2997 3660 superatus
3043 3606 3074 3646 a
3119 3591 3386 3649 demoni-

105 3680 367 3751 δαξμοσιν
384 3697 399 3711 ’

384 3697 399 3711 .
1803 3676 1907 3735 bus

181 3777 242 3830 9.
285 3774 537 3829 Ἐκπέσω
567 3776 647 3837 εἰς
678 3773 777 3838 τὰς
814 3776 1005 3845 χεῖρας
1025 3773 1120 3827 τοῦ
1153 3774 1424 3839 διαϐόλου,
1458 3775 1493 3846 ἣ
1528 3774 1704 3828 τοιοῦ-

1877 3771 1929 3826 9.
1964 3770 2203 3824 lucidam
2228 3770 2282 3823 in
2318 3786 2517 3825 manus
2545 3771 2785 3837 diaboli,
2847 3773 2893 3828 si
2945 3772 3246 3843 quidquam
3288 3790 3395 3830 eo-

106 3884 201 3921 τον
229 3866 306 3937 (5)
344 3867 576 3937 ἐποίησα
606 3865 716 3919 τῶν
741 3867 1167 3939 προλεχθέντων.

1805 3877 1925 3915 rum
1958 3877 2079 3931 quae
2105 3861 2249 3915 dicta
2292 3870 2421 3915 sunt
2454 3862 2726 3915 commisi.

186 3960 275 4015 10.
309 3959 422 4012 Καὶ
439 3959 729 4012 ὑποπόδιον
757 3959 923 4012 αὑτοῦ
955 3960 1147 4028 ἔσομαι
1167 3958 1235 4013 τὰ
1256 3960 1349 4032 ἔτη
1376 3978 1477 4031 μου
1507 3960 1700 4014 πάντα“

1878 3953 1960 4006 10.
1993 3952 2058 4007 Ει
2094 3953 2390 4007 scabellum
2415 3954 2615 4022 pedum
2654 3954 2776 4023 ejus
2807 3968 2903 4008 ero
2923 3955 3183 4010 omnibus
3227 3957 3398 4013 annis

1806 4060 1981 4109 mets;

182 4137 272 4191 11.
308 4136 422 4188 Καὶ
452 4135 549 4206 τὴν
584 4136 813 4207 καρδίαν
841 4153 941 4206 μου
970 4136 1050 4199 εἰς
1083 4135 1178 4199 τὰς
1209 4136 1505 4207 ἐπιθυμίας
1535 4136 1702 4190 αὐτοῦ

1882 4135 1964 4187 11.
1995 4136 2059 4189 Et
2088 4149 2184 4189 cor
2216 4149 2395 4189 meum
2418 4135 2473 4187 in
2507 4133 2902 4205 cupiditatibus
2932 4134 3049 4189 suis
3075 4136 3388 4191 concludet.

112 4229 438 4286 ἀποκλείσει
468 4229 571 4299 (4).

185 4321 277 4374 12.
309 4321 404 4383 Εἰς
440 4321 579 4391 ἐμὴν
616 4320 890 4390 βοήθειαν,
922 4320 1147 4372 ἐκείνων
1172 4319 1229 4371 δὲ
1254 4318 1548 4375 ἀπώλειαν.

1881 4316 1962 4369 12.
1986 4316 2046 4368 In
2074 4331 2255 4369 meum
2280 4316 2573 4381 auxilium,
2604 4317 2657 4369 in
2678 4316 2896 4369 illorum
2924 4324 3107 4370 autem
3132 4316 3386 4371 exitium.

192 4413 281 4467 15.
310 4411 607 4482 Δοξάσθητι
628 4415 708 4474 εἰς
728 4412 797 4465 τὰ
826 4412 953 4482 τέλη
983 4412 1091 4465 τῶν
1120 4412 1332 4483 ἐχθρῶν
1357 4428 1452 4465 σου

1876 4409 1959 4463 13.
1998 4408 2316 4463 Glorilicare
2341 4409 2395 4462 in
2416 4409 2735 4463 novissimis
2753 4409 3104 4463 inimicorum
3127 4416 3348 4462 tuorum
3370 4425 3398 4474 ς.

189 4502 281 4557 14.
315 4503 453 4573 Περὶ
507 4495 567 4555 οὗ
620 4498 741 4554 εἷπε
792 4506 905 4565 τοῖς
934 4503 1289 4567 ἀποστόλοις·
1345 4503 1508 4559 Μετὰ
1549 4504 1707 4573 τρεῖς

1876 4501 1963 4555 14.
1997 4501 2069 4556 De
2107 4518 2218 4572 quo
2251 4503 2389 4558 dixit
2439 4502 2703 4572 apostolis
2738 4520 2751 4555 :
2782 4500 2913 4555 Post
2938 4510 3040 4554 tres
3065 4501 3175 4555 dies
3212 4517 3388 4554 resur-

117 4592 348 4662 ἠμέρας
371 4593 689 4661 ἐγείρομαι.
1737 4609 1783 4667 ι)
1810 4609 1931 4663 gam
1966 4595 2030 4648 ¹⁸.

187 4683 276 4738 15.
312 4685 375 4736 Οἱ
425 4684 711 4737 ἀπόστολοι
752 4684 888 4755 μετὰ
925 4685 1024 4756 τὴν
1067 4684 1364 4738 ἀνάστασιν
1391 4687 1439 4737 οἱ
1469 4702 1706 4754 συναγα-

1884 4689 1972 4742 15.
1998 4688 2241 4758 Apostoli
2276 4697 2398 4757 post
2432 4688 2889 4743 resurrectionem
2921 4694 3098 4741 totum
3121 4686 3390 4741 mundum

114 4776 310 4844 γόντες
334 4775 426 4827 τὸν
455 4776 660 4847 κόσμον
690 4776 809 4830 ὅλον
847 4780 927 4841 εἰς
952 4778 1053 4849 τὴν
1085 4778 1292 4830 πίστιν.

974 4778 1053 4849 ςὴν
1085 4778 1292 4830 πίστιν.
1812 4778 1865 4832 in
1903 4778 2062 4833 [idem
2093 4785 2505 4848 congregantes.

194 4865 283 4921 16.
310 4866 445 4937 Περὶ
470 4866 570 4936 τῆς
602 4866 922 4937 ἀναλήψεως
950 4867 1045 4922 τοῦ
1076 4868 1282 4939 Κυρίου
1309 4867 1385 4939 (5)
1417 4867 1565 4937 λέγει

1502 4885 1565 4919 ἐι
1884 4869 1971 4923 16.
2013 4869 2087 4923 De
2110 4869 2489 4938 assumptione
2513 4867 2727 4923 Domini
2770 4865 3033 4940 loquitur.

196 4957 285 5011 17.
325 4958 631 5023 Παιδεύσει,
670 4959 839 5028 λέγει.

1883 4962 1971 5014 17.
2005 4961 2306 5031 Corripiet,
2347 4961 2544 5031 inquit.

197 5048 285 5103 18.
316 5049 547 5121 Ποίησόν
576 5068 686 5121 μοι,
714 5050 907 5122 Κύριε,
938 5050 1080 5104 κατὰ
1102 5050 1202 5123 τὴν
1221 5050 1571 5121 δικαιοσύνην
1588 5067 1703 5105 σου.

1886 5053 1971 5106 18.
2008 5050 2115 5107 Fac
2137 5053 2295 5120 mihi,
2323 5052 2577 5120 Domine,
2604 5050 2908 5108 secundum
2922 5050 3192 5122 justitiam
3216 5056 3395 5106 tuam.

200 5230 241 5259 ³⁸
277 5227 471 5284 Matth.
508 5244 680 5294 xxvu,
718 5229 805 5285 65.

1078 5411 1383 5477 Addenda
1414 5419 1473 5475 et
1505 5410 1899 5493 corrigenda
1934 5428 2011 5472 ex
2061 5410 2200 5472 cod.
2233 5408 2436 5471 Vatic.

200 5595 279 5805 gl;
310 5595 373 5649 Et
406 5596 600 5649 ἑαυτὸν
628 5598 915 5671 ὲξεδίκησά
947 5617 1098 5653 ποτε.
1891 5596 1966 5669 (1)
1990 5598 2176 5653 Αὐτῶν
2202 5596 2600 5653 ἁναποκλείσει.

222 5667 265 5741 2,
321 5666 625 5737 Ἡττηθείς.
1891 5670 1966 5739 (5)
1990 5668 2095 5722 Τοῦ
2120 5668 2375 5741 Χριστοῦ.

224 5737 277 5805 5)
314 5737 379 5789 El'
406 5754 454 5789 τι
486 5732 578 5790 οὖν
604 5755 676 5791 τι.

314 5666 625 5741 ζῌττηθείς.
831 5666 840 5671 ’
1990 5668 2095 5722 Τοῦ
2120 5668 2375 5741 Χριστοῦ.

224 5732 277 5806 5)
314 5737 379 5789 El'
406 5754 454 5789 τι
476 5732 578 5790 ὀὖν
604 5755 676 5791 τι.
