3878 6218
486 308 583 368 071
1348 304 1406 357 S.
1451 303 1830 360 ATHANASII
1870 306 2022 361 OPP.
2074 307 2076 359 ἶ

2246 303 2384 379 illi.
2424 334 2495 344 —
2533 301 2947 357 EXEGETICA.

558 422 643 475 19.
671 419 737 474 Et
769 419 1068 475 secundum
1094 418 1462 472 innocentiam
1498 435 1673 473 meam
1702 436 1863 491 super
1892 438 1999 476 me.

556 513 647 567 20.
685 513 1053 568 Consumetur
1086 511 1329 580 nequitia
1361 522 1732 580 peccatorum,

557 604 644 659 21.
671 603 739 657 Et
765 604 965 673 diriges
988 603 1218 672 justum,

557 695 647 749 22.
686 694 947 748 Scrutans
978 694 1141 748 corda
1168 704 1221 747 et
1254 709 1411 749 renes
1433 693 1600 750 Deus.

558 786 648 841 25.
684 784 897 840 Justum
929 786 1259 855 adjutorium
1292 801 1473 839 meum
1498 803 1527 840 a
1553 786 1805 853 Domino,

560 875 649 929 24.
691 875 792 941 Qui
824 876 1004 930 salvos
1031 874 1161 930 facit
1186 884 1361 929 rectos
1394 877 1579 931 corde.

562 967 652 1023 25.
684 966 846 1032 Deus,
879 968 1045 1038 judex
1085 967 1288 1051 justus,
1330 966 1491 1022 fortis
1526 975 1580 1022 et
1611 968 1851 1038 patiens;

562 1144 654 1200 26.
699 1144 950 1215 Nunquid
986 1146 1243 1201 irascitur
1275 1160 1371 1215 per
1403 1147 1649 1215 singulos
1672 1148 1830 1202 dies?

560 1236 650 1290 27.
686 1235 803 1292 Nisi
839 1238 1090 1293 conversi
1120 1237 1360 1305 fueritis,
1405 1238 1646 1308 gladium
1685 1255 1845 1294 suum
1894 1241 2073 1295 vibra-

492 1327 567 1382 bit
590 1345 604 1392 ;

563 1416 652 1470 28.
686 1416 889 1470 Arcum
925 1428 1085 1468 suum
1116 1415 1363 1479 tetendit,
1390 1424 1444 1470 et
1476 1417 1687 1485 paravit
1711 1418 1884 1472 illum.

565 1510 654 1566 29.
689 1510 756 1563 Et
787 1510 841 1563 in
870 1525 936 1564 eo
963 1511 1175 1578 paravit
1206 1525 1333 1564 vasa
1372 1510 1563 1564 mortis
1601 1528 1613 1564 ε

564 1603 654 1657 50.
693 1600 929 1670 Sagittas
961 1618 1091 1657 suas
1123 1602 1444 1656 ardentibus
1464 1602 1661 1659 effecit.

564 1694 655 1749 51.
682 1693 821 1749 Ecce
846 1695 1102 1764 parturiit
1134 1694 1479 1763 injustitiam,
1514 1698 1766 1764 concepit
1807 1696 2072 1763 datorem,

496 1796 551 1844 et
586 1787 794 1858 peperit
821 1787 1188 1856 iniquitatem.

565 1878 655 1934 52.
686 1877 891 1932 Lacum
920 1879 1150 1945 aperuit,
1179 1886 1231 1930 et
1253 1877 1440 1932 effodit
1477 1893 1623 1942 eum,

564 1971 653 2024 55.
687 1968 754 2022 Ει
782 1969 987 2024 incidet
1018 1970 1071 2023 in
1102 1969 1315 2023 foveam
1348 1986 1511 2041 quam
1541 1969 1692 2026 fecit.

565 2061 654 2116 54.
679 2061 1039 2117 Convertetur
1071 2060 1225 2115 dolor
1275 2062 1393 2131 ejus
1423 2062 1477 2114 in
1506 2071 1670 2130 caput
1696 2078 1840 2132 ejus,

566 2152 655 2206 55.
694 2151 758 2207 Et
780 2153 836 2206 in
867 2152 1128 2208 verticem
1158 2153 1353 2223 ipsius,
1394 2153 1659 2224 iniquitas
1704 2155 1824 2226 ejus
1851 2156 2079 2212 descen-

498 2241 611 2298 det.

571 2333 655 2390 36.
687 2333 997 2389 Conﬁtebor
1032 2331 1265 2389 Domino
1295 2335 1598 2391 secundum
1623 2337 1899 2406 justitiam
1928 2339 2077 2408 ejus,

570 2504 655 2561 57.
687 2504 753 2559 Et
780 2504 1005 2576 psallam
1037 2507 1246 2562 nomini
1280 2505 1497 2562 Domini
1537 2508 1810 2563 altissimi.

3654 297 3761 354 672

2094 427 2141 481 Α
2242 424 2327 476 19.
2359 421 2470 474 Καὶ
2497 420 2637 473 κατὰ
2666 418 2762 489 τὴν
2787 417 3022 470 ἀκακίαν
3065 435 3165 488 μου
3205 418 3292 471 ἐπ’
3334 416 3477 487 ἐμοί.

2233 512 2323 567 20.
2361 509 2778 580 Συντελεσθήτω
2803 509 2867 578 δὴ
2895 508 3130 579 πονηρία
3161 508 3503 576 ἁμαοτωλῶν
3522 546 3540 574 ,

2237 604 2328 657 21.
2366 603 2477 655 Καὶ
2506 600 2860 662 κατευθυνεῖς
2889 599 3117 663 δίκαιον,

2235 693 2327 745 22.
2377 689 2615 754 Ἐτάζων
2644 689 2868 761 καρδίας
2894 691 2989 741 καὶ
3016 690 3247 759 νεφροὺς
3267 689 3295 740 ὁ
3322 688 3455 751 Θεός
3492 687 3595 759 (a).

2238 785 2329 837 25.
2357 784 2548 836 Δικαία
2578 784 2610 852 ἡ
2646 781 2866 852 βοήθειά
2894 797 2994 851 μου
3029 780 3177 851 παρά
3198 780 3289 833 τοῦ
3313 778 3469 845 Θεοῦ,

2242 876 2332 929 24.
2364 876 2469 929 Τοῦ
2503 873 2764 938 σώζοντος
2795 875 2920 936 τοὺς
2958 872 3135 935 εὐθείς
3163 875 3227 943 τῇ
3254 872 3470 944 καρδίᾳ.

2244 967 2335 1020 25.
2371 967 2432 1019 ’0
2462 965 2615 1031 Θεὸς,
2644 963 2836 1035 κριτὴς
2856 963 3082 1026 δίκαιος,
3104 962 3197 1015 καὶ
3229 960 3447 1033 ἰσχυρὸς
3468 1000 3484 1025 ,
3514 960 3609 1014 καὶ
3651 976 3765 1031 μα-

2173 1058 2446 1129 κρόθυμος
2465 1073 2480 1088 ο

2246 1148 2336 1202 26.
2374 1149 2485 1200 Καὶ
2523 1148 2599 1218 μὴ
2636 1146 2805 1218 ὀργὴν
2838 1145 3060 1214 ἐπάγων
3088 1144 3211 1197 καθ’
3241 1142 3479 1214 ἑκάστην
3508 1142 3766 1214 ἡμέραν;

2246 1240 2338 1293 27.
2382 1239 2509 1291 Ἐἀν
2557 1238 2631 1309 μὴ
2682 1236 3079 1307 ἐπιστραφῆτε,
3129 1236 3226 1307 τὴν
3262 1232 3537 1305 ῥομφαίαν
3595 1232 3767 1286 αὑτοῦ

2177 1331 2485 1385 πιλόὡσειθ

2249 1421 2339 1475 28.
2374 1421 2447 1473 Τὸ
2474 1420 2627 1484 τόξον
2661 1419 2825 1472 αὐτοῦ
2852 1418 3103 1482 ἐνέτεινε,
3145 1419 3240 1470 κα)ι
3274 1416 3571 1487 ἡτοίμασεν
3606 1416 3763 1469 αὐτό.

2248 1512 2336 1566 29.
2364 1512 2474 1564 Καὶ
2503 1514 2558 1562 ἐν
2587 1510 2734 1579 αὐτῷ
2767 1509 3031 1581 ἡτοίμασε
3054 1509 3221 1579 σκεύη
3254 1509 3486 1562 θανάτου
3515 1524 3527 1536 ·

2247 1604 2334 1657 50.
2361 1601 2442 1654 Τά
2474 1601 2599 1671 βέλη
2632 1600 2797 1653 αὐτοῦ
2827 1603 2939 1662 τοῖς
2970 1600 3280 1671 καιομένοις
3310 1599 3691 1672 ἐξειργάσατο.

2248 1692 2337 1746 51.
2381 1693 2511 1745 Ἰδοὺ
2544 1691 2807 1762 ὼδίνησεν
2846 1692 3079 1757 ἀδικίαν,
3141 1692 3400 1744 συνέλαϐε
3433 1692 3620 1757 πόνον,
3669 1693 3767 1744 κιὶ

2107 1763 2148 1817 Β
2178 1783 2363 1836 ἔτεκεν
2389 1782 2641 1852 ἀνομίαν.

2252 1875 2341 1927 52.
2378 1874 2595 1926 Λάκκον
2620 1872 2817 1943 ὤρυξε,
2844 1873 2940 1927 καὶ
2968 1874 3278 1944 ἀνέσκαψεν
3310 1875 3496 1943 αὑτὸν,

2249 1966 2338 2019 55.
2376 1965 2483 2017 Καὶ
2519 1962 2943 2034 ἐμπεσεῖταιείς
2979 1966 3190 2038 βόθρον,
3223 1968 3281 2020 δν
3304 1968 3624 2039 εἰργάσατο.

2249 2055 2337 2107 54.
2387 2053 2736 2124 Ἐπιστρέψει
2766 2058 2793 2107 ὁ
2818 2055 2977 2119 πόνος
3005 2058 3167 2110 αὐτοῦ
3200 2059 3280 2121 είς
3304 2057 3546 2128 κεφαλὴν
3574 2056 3770 2123 αὐτοῦ,

2251 2146 2341 2199 55.
2379 2145 2490 2198 Καὶ
2530 2146 2623 2199 ἐπὶ
2654 2150 2899 2219 κορυφὴν
2930 2149 3093 2203 αὐτοῦ
3132 2152 3164 2220 ή
3190 2149 3374 2203 ἀδικία
3402 2150 3565 2203 αὑτοῦ
3600 2168 3772 2203 κατα-

2184 2237 2431 2307 ϐήσεται.

2254 2328 2343 2383 56.
2388 2329 2886 2402 Ἐξομολογήσομαι
2915 2332 2992 2402 τῷ
3034 2333 3226 2405 Κυρίῳ
3265 2334 3407 2388 κατὰ
3437 2335 3536 2406 τὴν
3560 2334 3775 2388 δικαιο-

2187 2421 2352 2491 σύνην
2392 2424 2581 2489 αὐτοῦ,

2255 2513 2491 2584 57.-Κα).
2522 2514 2675 2584 ψαλῶ
2708 2515 2787 2587 τῷ
2809 2517 3032 2588 ὀνόματι
3057 2518 3260 2589 Κυρίου
3288 2518 3383 2571 τοῦ
3410 2519 3660 2589 ὑψίστου.

573 2705 738 2795 (αλὉ
791 2705 930 2795 Θεὸς
958 2707 1215 2795 δικαίως,
1239 2708 1293 2795 in
1328 2710 1573 2795 margine
1619 2710 1699 2795 fi);
1726 2711 1885 2795 Θεός·ἒ
1920 2712 1981 2769 V.
2012 2713 2076 2768 25

2254 2715 2475 2788 βοήθειά
2496 2737 2619 2789 μου,
2652 2728 2795 2789 etc.;
2835 2723 2901 2793 τῇ
2926 2722 3141 2793 καρδίᾳ.
3176 2721 3239 2776 ν.
3272 2722 3364 2777 24.
3409 2723 3467 2776 Ὀ
3496 2722 3635 2787 Θεὸς
3656 2740 3770 2795 κρι-

499 2775 598 2848 τὴς
622 2776 847 2839 δίκαιος.
891 2775 952 2831 ν.
986 2778 1077 2833 25.
1114 2779 1225 2832 Καὶ
1267 2775 1518 2850 ἰσχυρὸς,
1547 2783 1643 2834 καὶ
1676 2784 2053 2855 μακρόθυμος.

1632 3007 2005 3064 ATHANASII
2045 3008 2634 3071 INTERPRETATIO.

573 3212 657 3269 19.
693 3211 1007 3267 Secundum
1064 3213 1413 3272 dilectionem
1465 3233 1669 3286 meam,
1701 3234 1868 3291 quam
1898 3221 2076 3278 habeo

2259 3224 2344 3277 19.
2380 3223 2538 3275 Κατά
2568 3223 2669 3294 τὴν
2697 3223 2921 3295 ἀγάπην
2958 3242 3059 3294 μου
3085 3222 3259 3288 οὕτως
3292 3241 3382 3295 μοι
3420 3224 3672 3297 ποίησον,
3704 3228 3770 3299 ῆν

502 3317 627 3372 erga
661 3316 728 3367 te,
767 3313 822 3358 et
865 3320 994 3375 erga
1030 3320 1245 3377 omnes,
1282 3308 1358 3362 ita
1394 3308 1527 3362 mihi
1565 3308 1671 3365 fac.

576 3394 664 3448 20.
697 3397 919 3461 Peribit,
949 3398 1044 3452 ait.
1065 3424 1073 3431 -

579 3486 668 3539 21.
706 3488 1049 3543 llluminabis
1077 3506 1091 3554 ;

575 3573 665 3627 22.
694 3575 911 3632 lntuens
932 3577 1313 3646 cogitationes,
1346 3588 1398 3635 et
1433 3582 1868 3653 uniuscuwsque
1921 3586 2077 3655 cupi-

507 3667 722 3722 dilates.

576 3761 661 3814 25.
703 3760 899 3815 Verum
933 3761 1195 3816 auxilium
1221 3779 1249 3816 a
1285 3762 1397 3817 Deo
1427 3773 1528 3829 est,
1560 3765 1754 3833 inquit.

578 3852 667 3906 21.
700 3851 870 3907 Judex
895 3854 1281 3923 utiquejustus
1307 3856 1360 3909 in
1393 3855 1579 3911 futuro
1612 3860 1809 3915 saeculo
1838 3878 1851 3928 ;
1886 3862 2081 3934 cuique

505 3943 649 3997 enim
691 3944 953 3997 retribuet
984 3945 1284 3997 secundum
1315 3961 1478 4015 opera
1514 3948 1634 4017 ejus
1678 3950 1737 4005 ¹⁹.

577 4034 665 4087 25.
696 4033 874 4090 Fortis
901 4044 955 4089 et
1004 4035 1335 4106 longanimis
1375 4059 1387 4092 :
1423 4040 1579 4094 fortis
1613 4042 1833 4108 quidem
1892 4053 2081 4099 contra

505 4119 849 4177 adversaries
868 4131 1199 4192 potestates:
1220 4124 1552 4194 longanimis
1570 4139 1751 4183 autem
1769 4147 1895 4201 erga
1913 4150 2083 4204 genus

508 4212 834 4266 humanum.

575 4303 665 4357 26.
698 4305 1168 4370 Quemadmodum
1207 4313 1262 4366 in
1312 4327 1497 4367 eremo
1526 4313 1711 4370 intulit
1749 4316 1887 4371 iram
1926 4333 2082 4374 suam

504 4395 561 4449 in
591 4395 831 4463 Iudaeos,
860 4416 970 4456 non
999 4405 1235 4472 amplius
1260 4405 1410 4460 facit.

574 4486 663 4541 27.
699 4487 873 4543 Minas
901 4506 1031 4545 suas
1061 4495 1389 4563 praaparabit
1421 4504 1614 4551 contra
1656 4512 1776 4551 nos.

575 4579 666 4633 28.
701 4578 1150 4640 Praedicationem
1177 4588 1295 4656 ejus
1334 4588 1606 4658 signiﬁcat
1640 4605 1652 4639 :

580 4671 667 4726 29.
702 4672 904 4730 Contra
938 4678 1239 4745 diabolum,
1276 4690 1331 4734 et
1357 4691 1653 4750 potestates
1682 4683 1841 4753 ejus;

575 4762 665 4816 50.
702 4764 996 4834 Apostolus
1025 4779 1214 4825 contra
1246 4773 1543 4829 daemones.

577 4855 780 4909 51-55.
813 4858 887 4911 De
921 4860 1138 4918 diabolo
1182 4865 1442 4934 loquitur.

574 4946 663 5005 56.
698 4946 786 5002 57.
825 4948 889 5003 Et
918 4950 1173 5022 hymnum
1206 4958 1412 5011 nomini
1440 4958 1653 5012 Domini
1675 4958 2078 5029 supercmlestis

509 5038 774 5093 emittam.

581 5222 623 5255 ³⁸
654 5220 811 5277 Rom.
846 5240 909 5287 ιι,
939 5225 992 5280 6.

2183 3315 2291 3384 ἔχω
2318 3315 2454 3386 πρὸς
2488 3316 2547 3367 σὲ
2573 3316 2667 3368 κα).
2698 3316 2835 3387 πρὸς
2868 3317 3095 3380 πάντας.

2254 3402 2343 3456 20.
2394 3404 2717 3469 Ἀπολείται,
2745 3404 2915 3472 λέγει.

2249 3495 2309 3548 21
2324 3534 2337 3547 .
2368 3496 2805 3565 Φωταγωγήσεις
2831 3514 2843 3526 ·

2254 3587 2345 3641 22.
2389 3588 2631 3658 Ἑφορῶν
2681 3590 2776 3652 τὰς
2818 3588 3143 3659 ἐνθυμήσεις
3179 3590 3274 3642 καὶ
3319 3590 3416 3652 τάς
3469 3590 3769 3660 ἐπιθυμίας

2184 3679 2435 3731 ἑκάστου.

2257 3771 2345 3824 25.
2392 3771 2453 3822 Ἦ
2483 3770 2686 3840 ἀληθὴς
2726 3771 2944 3840 βοήθεια
2976 3773 3040 3824 ἐκ
3066 3772 3198 3825 Θεοῦ
3228 3774 3363 3837 ἐστι,
3395 3774 3544 3842 λέγει

2257 3862 2341 3914 24.
2372 3862 2579 3931 Κριτὴς
2633 3862 2729 3931 μὲν
2779 3862 2983 3926 δίκαιος
3038 3865 3095 3917 ἐν
3128 3864 3205 3934 τῷ
3264 3865 3509 3935 μέλλοντι
3573 3869 3764 3923 αἰῶνι·

2184 3951 2397 4018 ἑκάστῳ
2423 3949 2530 4020 γὰρ
2560 3951 2851 4003 ἀποδίδωσι
2886 3953 3026 4005 κατὰ
3051 3952 3117 4005 τὰ
3146 3953 3281 4023 ἔργα
3309 3955 3383 4019 (2)
3410 3955 3599 4009 αὑτοῦ.

2254 4041 2344 4095 25.
2388 4040 2624 4111 Ἰσχυρὸς
2646 4042 2703 4093 δὲ
2728 4042 2821 4095 κα).
2848 4044 3197 4113 μακρόθυμος
3218 4063 3230 4075 ·
3262 4045 3322 4097 τὸ
3348 4046 3445 4115 μὲν
3488 4048 3632 4100 κατά
3660 4051 3764 4103 τῶν

2183 4134 2440 4187 ἐναντίων
2471 4134 2776 4205 δυνάμεων,
2803 4137 2862 4189 τὸ
2889 4137 2945 4189 δὲ
2974 4138 3110 4208 πρὸς
3138 4138 3198 4190 τὸ
3227 4139 3381 4207 γένος
3412 4140 3523 4193 τῶν
3558 4141 3767 4214 ἀνθρώ-

2185 4243 2320 4278 ταυν.

2250 4318 2339 4371 26.
2383 4320 2467 4382 Ὠς
2498 4321 2555 4371 ἐν
2585 4322 2647 4389 τῇ
2679 4320 2873 4401 ἐρήμερ
2900 4321 3146 4389 ἐπήγαγε
3193 4322 3302 4383 τοῖς
3345 4321 3638 4388 Ἰουδαίοις,
3668 4327 3764 4378 οὐκ

2184 4409 2262 4463 ἔτι
2285 4413 2477 4480 ἐπάγει
2509 4413 2582 4482 (5)
2616 4412 2713 4484 τὴν
2747 4413 2915 4484 ὀργὴν
2946 4412 3131 4475 αὑτοῦ,
3177 4412 3343 4481 λέγει.

2254 4500 2342 4553 27.
2378 4502 2487 4571 Τὴν
2518 4502 2748 4573 ἀπειλὴν
2785 4502 2860 4573 (4)
2893 4502 3058 4555 αὐτοῦ
3079 4504 3392 4575 εὐτρεπίσει
3430 4505 3553 4559 καθ’
3582 4507 3762 4577 ἡμῶν.

2254 4589 2343 4643 28.
2376 4590 2447 4641 Τὸ
2483 4592 2743 4661 κήρυγμα
2768 4592 2931 4645 αὐτοῦ
2959 4593 3137 4660 λέγει·

2258 4680 2345 4736 29.
2372 4681 2529 4733 Κατά
2562 4681 2655 4734 τοῦ
2681 4682 2926 4745 διαϐόλου
2961 4685 3054 4735 κα).
3081 4684 3187 4736 τῶν
3216 4685 3501 4755 δυνάμεων
3526 4688 3697 4740 αὑτοῦ
3718 4705 3730 4718 ·

2256 4773 2344 4826 50.
2382 4774 2519 4837 Τοὺς
2541 4775 2870 4838 ἀποστόλους
2895 4775 3037 4827 κατά
3052 4775 3161 4829 τῶν
3189 4777 3479 4847 δαιμόνων.

2254 4864 2457 4919 51-55.
2496 4866 2631 4936 Περὶ
2666 4866 2742 4933 (5)
2769 4867 2861 4919 τοῦ
2886 4867 3136 4920 διαϐόλου
3174 4868 3342 4935 λέγει.

2255 4958 2324 5012 56
2350 4958 2446 5025 (6),
2482 4958 2570 5010 57.
2600 4961 2707 5011 Καὶ
2757 4960 2922 5031 ὕμνον
2948 4961 3252 5031 ἀναπέμψω
3283 4960 3360 5032 τῷ
3396 4962 3626 5017 ὀνόματι
3659 4967 3766 5021 Κυ-

2190 5049 2303 5102 οίου
2330 5049 2423 5102 τοῦ
2453 5050 2792 5122 ἐπουρανίου.

1460 5350 1768 5414 Addenda
1811 5357 1873 5415 et
1905 5351 2278 5431 corrigenda
2324 5370 2398 5415 ex
2430 5354 2569 5415 cod.
2601 5355 2804 5417 Vatic.

581 5510 658 5580 (1)
700 5510 984 5585 Ἀληθὴςή
1012 5512 1234 5586 βοήθειά
1268 5531 1389 5587 μου,
1416 5515 1584 5585 λέγει.

581 5574 657 5634 12)
683 5582 757 5634 Τὸ
786 5583 966 5634 ἔργον.

581 5574 657 5719 $2)
683 5582 757 5637 Τὸ
786 5574 984 5654 έργὸνὶ
1012 5574 1020 5584 ’

604 5653 660 5722 5)
704 5655 1020 5722 Ἐωγάγει.

584 5724 661 5793 (4)
689 5722 798 5793 Τὴν
834 5725 1023 5795 ὀργήν.

2262 5516 2339 5586 (5)
2372 5516 2505 5569 Ὄλσ
2544 5516 2714 5571 ταῦτα
2752 5518 2897 5581 περί,
2922 5527 3024 5575 etc.

2236 5588 2351 5675 ,(6)
2379 5586 2644 5641 Δουλώσω
2666 5589 2899 5659 ἐμαυτὸν
2922 5589 3001 5658 τῷ
3034 5589 3222 5643 Κυοίω
3253 5590 3394 5644 κατά
3414 5589 3516 5654 τὰς
3548 5593 3768 5663 tutela;

2190 5672 2372 5710 αυτου.
