3878 6218
97 315 194 371 6715

255 427 357 488 Εἰς
384 424 451 477 τὸ
478 424 654 488 τέλος
686 423 838 489 ὑπὲρ
860 421 981 474 τῶν
1004 423 1230 489 ληνῶν,
1266 423 1508 491 ψαλμὸς

577 513 655 578 τῷ
678 512 874 567 Δαϐίδ.
909 515 1084 567 ΨΑΛ.
1114 512 1199 567 H'.

165 608 216 663 1.
246 607 421 678 Κύριε
446 610 475 659 ὁ
507 606 713 676 Κύριος
738 604 918 676 ἡμῶν,
947 606 1022 668 ὼς
1072 605 1385 676 θαυμαστὸν
1424 605 1483 658 τὸ
1510 605 1681 675 ὄνομα

104 720 190 758 σου
216 703 271 753 ἐν
296 702 451 772 πάσῃ
473 703 543 769 τῇ
579 702 649 769 γῇ
671 700 683 750 !

164 795 214 848 2.
246 795 365 846 Ὀτι
388 791 607 862 ἐπήρθη
634 792 665 860 ἡ
700 788 1146 859 μεγαλοπρέπεια
1176 806 1267 841 σου
1297 789 1552 859 ὑπεράνω
1570 788 1679 842 τῶν

102 884 351 956 οὐρανῶν.

165 976 214 1027 5.
260 974 352 1025 Ἐκ
378 973 655 1043 στόματος
678 971 888 1041 νηπίων
933 971 1030 1023 καὶ
1079 969 1421 1042 θηλαζόντων
1474 988 1674 1042 κατηρ-

101 1066 222 1118 τίσω
251 1061 419 1128 αἶνον,

164 1158 211 1209 4.
248 1158 455 1210 Ἕνεκα
488 1156 602 1208 τῶν
641 1154 848 1223 ἐχθρῶν
882 1170 997 1217 σου,

166 1249 213 1302 5.
243 1246 348 1300 Τοῦ
379 1245 691 1301 καταλῦσαι
721 1246 913 1317 ἐχθρὸν
954 1245 1047 1297 καὶ
1074 1244 1386 1315 ἐκδικητὴν.

166 1337 215 1388 6.
247 1337 363 1389 Ὀτι
398 1336 608 1406 ὄψομαι
639 1336 764 1397 τοὺς
796 1335 1059 1405 οὐρανοὺς
1084 1334 1219 1404 ἔργα
1249 1334 1356 1389 τῶν
1400 1335 1676 1389 δακτύλων

107 1442 185 1478 σου
204 1467 218 1491 ,

166 1519 210 1569 7.
246 1518 485 1589 Σελήνην
516 1517 614 1571 καὶ
637 1517 893 1587 ἀστέρας,
926 1516 961 1570 δι
1002 1518 1065 1570 σὺ
1098 1517 1483 1587 ἐθεμελίωσας.

164 1607 211 1661 8.
246 1608 306 1660 Τί
338 1610 491 1661 ἐστιν
516 1608 829 1679 ἄνθρωπος,
860 1609 940 1661 ὅτι
976 1608 1256 1678 μιμνήσκῃ
1282 1607 1445 1660 αὑτοῦ
1471 1624 1485 1673 ;

167 1700 215 1753 9.
247 1700 313 1750 ’Ἠ
346 1699 464 1763 υίὸς
485 1698 801 1769 ἀνθρώπου,
825 1700 907 1752 ὅτι
930 1698 1237 1771 ἐπισκέπτῃ
1262 1699 1422 1751 αὐτόν
1445 1715 1458 1763 ;

169 1788 247 1843 10.
289 1789 643 1853 Ἠλάττωσας
683 1791 844 1845 αὐτὸν
870 1790 1041 1861 βραχύ
1064 1808 1115 1843 τι
1148 1791 1275 1861 παρ’
1310 1790 1572 1859 ἀγγέλους
1592 1806 1605 1819 ·

168 1883 247 1936 11.
273 1881 408 1955 Δόξῃ
435 1885 534 1936 καὶ
566 1886 696 1956 τιμῇ
728 1884 1111 1953 ἐστεφάνωσας
1135 1883 1317 1947 αὑτὸν,

172 1972 246 2026 12.
275 1974 383 2026 Καὶ
404 1975 751 2046 κατέστησας
777 1975 939 2028 αὐτὸν
968 1975 1059 2027 ἐπὶ
1081 1974 1149 2026 τὰ
1177 1974 1311 2044 ἔργα
1336 1973 1442 2025 τῶν
1473 1972 1671 2043 χειρῶν

113 2082 211 2119 σου.

172 2160 247 2214 15.
282 2160 467 2213 Πάντα
500 2159 776 2226 ὑπέταξας
807 2159 1065 2213 ὑποκάτω
1091 2159 1199 2212 τῶν
1225 2156 1402 2211 ποδῶν
1428 2155 1617 2221 αὐτοῦ,

1055 310 1144 363 DE
1183 310 1460 367 TITULIS
1498 309 1956 365 PSALMOBUM.
2002 340 2071 351 —
2111 310 2306 365 PSAL.
2352 309 2487 365 VIII.

1709 430 1757 485 A

3256 307 3367 367 675

1924 424 1992 479 In
2014 426 2173 495 ﬁnem
2208 440 2303 493 pro
2345 420 2720 483 torcularibus,
2746 416 2982 485 psalmus
3023 417 3215 475 David.

2354 513 2557 568 PSAL.
2604 510 2769 565 VIII.

1856 606 1908 663 1.
1940 606 2168 661 Domine
2200 608 2468 660 Dominus
2486 614 2692 668 noster,
2716 619 2882 674 quam
2920 603 3242 659 admirabile
3278 612 3364 659 est

1785 715 1984 754 nomen
2027 710 2177 755 tuum
2217 701 2269 753 in
2308 700 2561 753 universa
2588 699 2767 753 terra!

1853 794 1906 846 2.
1936 792 2202 858 Quoniam
2222 794 2445 847 elevata
2479 802 2564 847 est
2614 791 3018 862 magniﬁcentia
3070 798 3161 843 tua
3196 804 3360 856 super

1784 886 1973 939 cmlos.

1854 978 1905 1029 5.
1941 975 2017 1029 Ex
2043 991 2137 1030 ore
2157 975 2450 1032 infantium
2491 987 2547 1031 et
2590 975 2907 1030 lactentium
2932 972 3207 1044 perfecisti
3240 974 3361 1028 lau-

1786 1066 1927 1131 dem,

1852 1156 1905 1209 4.
1943 1156 2170 1226 Propter
2199 1156 2454 1212 inimicos
2483 1165 2627 1222 tuos,

1854 1250 1906 1303 5.
1937 1248 2010 1304 Ut
2038 1251 2291 1305 destruas
2326 1251 2609 1305 inimicum
2638 1260 2693 1305 et
2727 1250 2981 1305 ultorem.

1854 1340 1905 1395 6.
1945 1340 2216 1407 Quoniam
2251 1342 2445 1397 videbo
2497 1342 2667 1397 caelos
2706 1351 2828 1396 tuos
2864 1356 3026 1411 opera
3064 1338 3358 1409 digitorum

1784 1439 2025 1497 tuorum,

1854 1523 1904 1578 7.
1943 1521 2153 1576 Lunam
2195 1531 2247 1576 et
2286 1522 2490 1589 stellas,
2522 1538 2643 1591 quae
2684 1530 2739 1576 tu
2779 1521 3039 1577 fundasti.

1851 1613 1904 1667 8.
1940 1614 2079 1679 Quid
2113 1624 2195 1667 est
2224 1614 2410 1678 homo,
2443 1615 2588 1683 quod
2627 1630 2834 1669 memor
2860 1630 2920 1668 es
2945 1612 3099 1683 ejus?

1852 1703 1905 1757 9.
1940 1702 2048 1756 Aut
2085 1702 2230 1758 ﬁlius
2262 1704 2521 1768 hominis,
2551 1706 2807 1774 quoniam
2830 1705 3022 1759 visitas
3047 1704 3209 1757 eum?

1700 1821 1780 1881 ηε
1849 1796 1935 1849 10.
1966 1795 2208 1851 Minuisti
2233 1813 2356 1851 eum
2390 1798 2553 1866 paulo
2590 1797 2767 1849 minus
2792 1796 2859 1849 ab
2894 1796 3101 1865 angelis
3130 1812 3142 1846 τ

1849 1889 1938 1941 11.
1974 1889 2161 1943 Gloria
2195 1898 2247 1942 et
2273 1892 2479 1943 honore
2507 1889 2785 1943 coronasti
2808 1904 2934 1942 eum
2956 1931 2969 1955 ,

1854 1978 1939 2031 12.
1971 1977 2037 2032 Ει
2063 1979 2394 2033 constituisti
2418 1994 2543 2033 eum
2570 1993 2733 2047 super
2761 1992 2926 2047 opera
2955 1990 3215 2030 manuum
3239 1982 3360 2029 tua-

1781 2086 1843 2123 ΙῚΙ
1853 2086 1925 2123 III.

1854 2158 1940 2212 15.
1977 2156 2170 2212 Omnia
2200 2159 2482 2229 subjecisti
2505 2159 2609 2213 sub
2630 2159 2862 2229 pedibus
2885 2160 3006 2229 ejus
3026 2197 3042 2225 ,

1244 2296 1617 2353 ATIIANASII
1658 2295 2238 2352 INTERPRETATIO.

178 2411 237 2465 Ἥ
269 2413 609 2485 προκειμένη
642 2414 921 2486 ἐπιγραφὴ
956 2416 989 2485 ἡ
1020 2413 1109 2467 διὰ
1129 2414 1230 2483 τῆς
1252 2413 1624 2487 κινναϐάρεως
1647 2414 1929 2488 περιέχει·
1955 2416 2057 2481 Εἰς
2089 2414 2153 2467 τὸ
2190 2413 2385 2481 τέλος,
2417 2413 2571 2483 ὑπὲρ
2592 2412 2711 2467 τῶν
2737 2412 2973 2481 ληνῶν,
3012 2412 3256 2482 ψαλμὸς
3282 2413 3363 2479 τῷ

112 2504 286 2560 Δαϐίδ.
311 2505 483 2560 Τοῦτο
516 2503 613 2560 οὖν
646 2510 815 2569 ἐστιν,
845 2507 873 2559 ὃ
894 2508 1079 2573 λέγει’
1122 2507 1240 2560 Ἐπ’
1273 2507 1517 2576 ἐσχάτων
1555 2506 1760 2577 (1)τῶν
1792 2507 2002 2577 χρόνων
2050 2507 2191 2576 ὑπὲρ
2237 2508 2344 2559 τῶν
2377 2508 2608 2577 ἐχόντων
2642 2509 2699 2560 ἐν
2735 2508 2947 2569 ἑαυτοῖς
2970 2506 3060 2558 τὸν
3083 2501 3226 2560 οἶνον
3271 2504 3363 2559 τὸν

113 2598 443 2669 εὐφραίνοντα
467 2602 699 2674 καρδίας
733 2602 832 2671 (2),
863 2602 1107 2656 τουτέστι
1130 2602 1222 2655 τὸν
1251 2600 1477 2673 Κύριοψ
1509 2602 1595 2655 διὰ
1618 2603 1775 2655 τοῦτο
1801 2604 1908 2675 γὰρ
1938 2604 2167 2671 ληνοὺς
2190 2604 2385 2666 αὐτοὺς
2414 2600 2554 2657 εἶπε.
2587 2602 2792 2656 Ψάλλει
2825 2598 2917 2655 οὖν
2946 2601 3111 2654 Δαϐὶδ
3139 2602 3219 2664 εἰς
3240 2601 3364 2653 ἐαυ-

112 2697 220 2757 τοὺς
241 2696 324 2749 τὸν
360 2698 586 2770 ψαλμὸν
614 2698 690 2769 τῷ
714 2698 922 2769 Κυρίῳ.

176 2789 395 2857 Titulus,
414 2795 509 2863 qui
541 2796 756 2863 psalmo
787 2793 1143 2861 praeponitur,
1165 2791 1451 2848 einnabari
1484 2793 1740 2861 scriptus,
1775 2793 2020 2848 continet
2049 2791 2151 2847 :In
2181 2794 2339 2861 ﬁnem
2368 2808 2463 2862 pro
2491 2791 2871 2855 torcularibus,
2897 2790 3132 2861 psalmus
3162 2789 3358 2845 David.

117 2878 214 2935 Hoc
241 2887 399 2954 igitur
420 2896 524 2952 est,
560 2886 707 2955 quod
757 2887 934 2942 dicit:
989 2886 1046 2940 In
1080 2889 1393 2943 novissimis
1428 2889 1765 2958 temporibus
1810 2905 1911 2959 pro
1953 2891 2043 2955 iis,
2081 2892 2175 2960 qui
2230 2890 2430 2943 habent
2481 2888 2534 2942 in
2590 2903 2649 2943 se
2678 2887 2813 2957 ipsis
2860 2891 3046 2939 viuum
3080 2886 3365 2941 Ieetiﬁeans

116 2983 276 3045 corda,
304 2983 406 3037 hoc
438 2991 524 3038 est
564 2984 849 3036 Dominum
881 3001 894 3045 ;
930 2983 1133 3037 idcirco
1159 2984 1302 3037 enim
1335 2998 1429 3038 eos
1458 2982 1596 3037 dixit
1625 2983 1936 3038 toreularia.
1962 2984 2130 3039 David
2146 2984 2314 3053 igitur
2335 2983 2388 3037 in
2412 2998 2599 3037 eorum
2634 2995 2866 3051 persona
2899 2980 3082 3050 psallit
3108 2979 3362 3037 Domino.

175 3076 220 3129 1.
249 3078 409 3145 Κύριε
440 3078 467 3129 ὁ
492 3077 629 3140 Θεὸς
650 3077 725 3145 (5)
756 3077 930 3147 ἡμῶν,
961 3078 1035 3141 ὡς
1062 3076 1269 3142 ἔνδοξον
1291 3078 1351 3131 τὸ
1381 3078 1553 3149 ὄνομά
1582 3096 1675 3131 σου

1862 3080 1911 3132 1.
1944 3078 2171 3133 Domine
2200 3077 2344 3133 Deus
2374 3084 2578 3140 noster,
2613 3091 2777 3146 quam
2814 3075 3113 3145 gloriosum
3142 3086 3227 3131 est
3258 3091 3363 3131 no-

117 3163 247 3233 παρὰ
279 3168 440 3218 πᾶσιν
487 3167 756 3237 ὑπάρχειί
792 3168 873 3220 ὅτι
906 3168 1039 3231 Θεὸς
1095 3167 1170 3221 ὢν
1202 3167 1477 3232 πέπονθας
1535 3170 1675 3243 ὑπὲρ

1837 3186 1910 3225 ten
1944 3180 2098 3225 tuum
2127 3169 2270 3239 apud
2294 3184 2485 3223 omnes
2513 3168 2525 3221 ί
2553 3168 2813 3238 quoniam
2850 3182 2975 3222 cum
3011 3166 3157 3223 Deus
3186 3182 3363 3237 esses,

117 3253 270 3322 ἡμῶν.

1837 3278 1984 3317 assus
2014 3278 2072 3318 es
2100 3277 2199 3331 pro
2230 3262 2408 3317 nobis.

173 3342 220 3395 ‘2.
266 3346 325 3397 Ἡ
345 3346 505 3417 χάρις
538 3364 634 3399 σου
665 3349 719 3399 ἐν
748 3350 858 3409 τοῖς
888 3348 1229 3412 ἀποστόλοις.

1857 3356 1910 3409 2.
1947 3355 2132 3411 Gratia
2158 3364 2251 3410 tua
2284 3356 2337 3408 in
2374 3354 2655 3424 apostolis.

177 3434 224 3487 '5.
256 3437 332 3488 Τὰ
361 3439 553 3490 παιδία
584 3438 729 3505 λέγει
748 3439 813 3491 τὰ
841 3441 897 3490 ἐν
930 3439 1006 3509 τῷ
1027 3439 1154 3510 ἱερῷ
1175 3439 1466 3511 κράζοντα,
1491 3440 1586 3494 καὶ
1612 3453 1675 3494 τα

1858 3447 1911 3501 5.
1944 3445 2151 3501 Pueros
2188 3446 2456 3515 signiﬁcat
2502 3445 2557 3498 in
2609 3432 2811 3515 templo
2854 3444 3156 3501 clamantes
3203 3452 3259 3502 et
3303 3443 3363 3500 in

123 3526 168 3577 ὲν
191 3526 424 3600 Βηθλεέμ
444 3530 803 3600 ἀναιρεθέντα
835 3531 900 3583 δι’
936 3532 1121 3584 αὐτόν.

181 3618 226 3681 4,
258 3620 306 3673 5.
338 3622 471 3693 Περὶ
496 3622 610 3675 τῶν
648 3623 913 3676 Ἰουδαίων
937 3623 1147 3676 καὶτοῦ
1182 3624 1427 3677 διαϐόλου
1457 3624 1627 3693 λέγει.

178 3707 223 3761 6.
255 3709 426 3783 Ἔργα
451 3714 603 3782 λέγει
632 3715 759 3778 τοὺς
805 3716 1066 3784 οὐρανοὺς
1101 3716 1194 3769 τοῦ
1238 3717 1555 3787 Πνεύματος
1585 3716 1679 3770 τοῦ

130 3802 261 3868 ἁγίου
270 3846 281 3857 .

182 3892 228 3945 7.
256 3894 482 3968 Σελήνην
537 3897 685 3966 λέγει
730 3898 823 3951 τὸν
864 3898 1087 3968 κόσμον,
1145 3898 1382 3972 ἀστέρας
1438 3901 1496 3954 δὲ
1556 3903 1682 3966 τοὺς

128 3982 307 4050 ἁγίους.

186 4075 231 4129 8.
265 4080 372 4133 Οὐκ
398 4082 507 4135 ἀπὸ
536 4082 639 4151 γῆς
668 4083 813 4135 ἐστιν
835 4082 1065 4145 ἕκαστος
1095 4082 1203 4135 τῶν
1231 4082 1372 4137 κατὰ
1404 4083 1564 4151 φύσιν
1588 4084 1699 4136 ἀν-

130 4163 338 4235 θρὼπων
359 4189 375 4238 ;
1578 4165 1605 4169 ”

188 4258 235 4313 9.
258 4260 347 4323 Τίς
375 4264 448 4333 (1)
472 4262 648 4327 οὕτως
674 4281 834 4319 αυτον
860 4264 1185 4335 ἠγάπησας

191 4348 268 4404 10.
302 4352 433 4423 Περὶ
454 4353 551 4408 τοῦ
578 4356 784 4426 Κυρίου
816 4354 1084 4424 λέγεικαὶ
1113 4355 1208 4411 τοῦ
1245 4355 1449 4419 πάθους
1488 4356 1676 4409 αὐτοῦ’

132 4436 397 4516 ἐπειδήπερ
434 4451 481 4500 οἱ
516 4447 614 4518 μὲν
634 4446 851 4515 ἄγγελοι
879 4447 1138 4500 ἀθάνατοί
1168 4449 1298 4511 alat,
1348 4447 1439 4500 τὸν
1468 4448 1524 4500 δὲ
1549 4450 1680 4517 ὀμο-

130 4528 284 4587 οὑσιον
303 4538 457 4591 αὑτοῦ
485 4539 614 4592 Υίὸν
643 4537 955 4612 παρέδωκεν
977 4542 1004 4593 ὁ
1032 4538 1220 4610 Πατὴρ
1252 4538 1391 4609 ὑπὲρ
1425 4538 1581 4609 ἡμῶν
1602 4540 1681 4601 είς

134 4617 335 4679 θάνατον
356 4646 370 4658 ·

192 4716 269 4770 11.
294 4720 456 4775 Τοῦτο
484 4723 593 4793 γὰρ
616 4721 764 4793 αὐτῷ
786 4722 997 4794 ὑπῆρχε
1027 4722 1172 4786 δόξα.

194 4806 270 4860 12.
305 4811 531 4877 Πάντας,
555 4814 647 4877 οὒς
670 4814 889 4878 ἔκτισας
919 4812 1259 4885 ἀνθρώπους,
1285 4811 1548 4882 ἐποίησας
1578 4827 1681 4878 φυ-

132 4895 389 4957 λάττεσθαι
413 4908 500 4959 ὑπ’
529 4906 715 4960 αὑτοῦ.

195 4987 271 5041 15.
295 4994 443 5065 Αὐτῷ
474 4997 602 5068 γὰρ,
636 4997 711 5060 ὠς
743 4996 965 5060 δυνατὸς
995 4994 1050 5069 ᾗ,
1075 4990 1119 5061 ᾧ
1152 4996 1260 5048 πᾶν
1292 4992 1420 5061 γόνυ
1467 4990 1679 5060 κάμψει

139 5074 458 5151 ἐπουρανίων,
489 5089 744 5156 ἐπιγείων
776 5088 873 5158 (5),
914 5088 1302 5157 καταχθονίων,
1322 5083 1678 5154 ἐξομολογού-

144 5183 287 5235 μενοι,
313 5176 390 5229 ὃτι
422 5179 626 5251 Ἰησοῦς
661 5178 737 5241 ὼς
768 5179 982 5250 ἀληθῶς
1017 5179 1144 5242 Υἱός
1185 5195 1278 5231 σου
1327 5176 1470 5229 κατὰ
1514 5174 1679 5245 φύσιν

142 5255 223 5325 τῆς
245 5264 335 5333 σῆς
361 5270 541 5333 οὐσίας
571 5272 741 5327 ἐστίν.

1784 3537 2056 3593 Bethleem
2088 3547 2315 3606 protper
2344 3552 2467 3591 eum
2495 3537 2729 3591 occisos.

1851 3631 1907 3695 4,
1935 3631 1987 3684 5.
2028 3629 2103 3684 De
2127 3628 2332 3685 Iudaeis
2367 3639 2422 3684 et
2447 3629 2513 3683 de
2545 3629 2763 3682 diabolo
2786 3629 3051 3698 loquitur.

1853 3722 1909 3782 6.
1944 3722 2125 3777 Ccelos
2154 3729 2313 3776 vocat
2343 3736 2508 3792 opera
2536 3722 2774 3792 Spiritus
2806 3723 3005 3779 sancti.

1854 3903 1906 3954 7.
1941 3902 2151 3955 Lunam
2189 3912 2350 3954 vocat
2384 3900 2671 3965 mundum,
2699 3900 2883 3955 stellas
2910 3908 3090 3955 autem
3116 3908 3362 3957 sanctos.

1853 4075 1905 4128 8.
1935 4075 2130 4128 Nonne
2158 4091 2188 4128 e
2219 4084 2363 4129 terra
2394 4073 2769 4143 unusquisque
2797 4081 2879 4128 est
2909 4070 3209 4127 secundum
3253 4071 3361 4127 hu-

1782 4179 2001 4218 manam
2034 4166 2323 4220 naturam?

1853 4252 1907 4308 9.
1944 4252 2054 4308 Cur
2085 4254 2158 4308 ita
2186 4270 2311 4309 eum
2342 4253 2623 4309 dilexisti?

1858 4345 1942 4399 it).
1970 4345 2045 4399 De
2066 4345 2299 4401 Domino
2326 4347 2586 4415 loquitur,
2611 4354 2662 4399 et
2684 4344 2750 4399 de
2770 4344 3024 4415 passione
3046 4343 3200 4413 ejus;
3224 4359 3363 4412 quo-

1782 4438 1927 4491 niam
1952 4438 2129 4509 angeli
2154 4438 2372 4507 quidem
2398 4436 2735 4491 immortales
2767 4444 2914 4497 sunt,
2950 4433 3146 4488 Filium
3179 4443 3361 4490 autem

1783 4548 1941 4588 suum
1996 4532 2522 4587 consubstantialem
2568 4530 2729 4583 morti
2780 4527 3005 4583 tradidit
3056 4525 3218 4581 Pater
3261 4543 3362 4597 pro

1783 4623 1942 4677 nobis
1964 4639 1979 4687 ;

1707 4718 1756 4775 D
1856 4714 1943 4770 11.
1968 4714 2085 4768 Hoc
2116 4714 2260 4767 enim
2287 4713 2336 4766 ei
2360 4712 2546 4782 gloriae
2574 4710 2677 4765 fuit

1858 4806 1945 4858 1‘2.
1974 4808 2193 4869 Omnes,
2230 4820 2369 4873 quos
2416 4805 2611 4859 creasti
2655 4801 2922 4867 homines,
2958 4800 3134 4855 fecisti
3178 4800 3248 4856 ab
3298 4817 3365 4857 eo

1788 4898 2073 4953 custodiri.

1861 4989 1947 5041 15.
1980 4988 2085 5056 Ipsi
2120 4987 2284 5047 enim,
2315 5002 2439 5040 eum
2472 4993 2665 5055 potens
2702 4985 2793 5048 sit,
2823 4999 2985 5038 omne
3020 4999 3159 5054 genu
3188 4982 3369 5039 ﬂectet

1789 5080 2115 5143 caelestium,
2138 5079 2475 5133 terrestrium
2504 5086 2557 5131 et
2591 5075 2952 5141 infernarum,
2985 5078 3364 5130 conﬁtentium

1787 5171 1934 5241 quod
1959 5171 2120 5227 Jesus
2149 5188 2275 5226 vere
2308 5169 2480 5225 Filius
2514 5180 2641 5225 tuus
2672 5180 2755 5225 est
2785 5173 3085 5224 secundum
3114 5177 3365 5222 naturam

1788 5275 1894 5319 tuae
1916 5265 2179 5319 essentiaa.

1057 5404 1359 5468 Addenda
1391 5407 1453 5465 et
1490 5398 1878 5477 corrigenda.
1920 5416 1995 5458 ex
2030 5399 2171 5461 cod.
2206 5398 2408 5459 Vatic.

202 5520 270 5731 ἓ)
303 5527 398 5580 ’Ᾱπ
439 5535 682 5603 ἐσχατου.

223 5592 271 5657 2)
293 5597 536 5669 Καρδίαν.

254 5666 269 5731 )
302 5666 355 5719 '0
387 5671 597 5731 Κύριος.

223 5592 271 5669 2)
293 5592 536 5669 Καρδίαν.

254 5666 269 5732 )
302 5666 355 5719 '0
376 5666 597 5743 Κύριος.

1861 5526 1941 5668 (‘3
2095 5596 2321 5668 δύναμις
2347 5609 2403 5667 ῃ,
2422 5608 2531 5649 παν
2558 5631 2569 5645 .
2592 5630 2606 5647 .
2637 5632 2649 5645 .
2680 5633 2693 5647 .
2718 5610 2809 5646 και
2842 5606 3099 5657 επιγειων
3121 5591 3239 5662 καί,
3255 5601 3368 5653 etc.
