3878 6218
498 263 605 325 675
1378 265 1436 323 S.
1478 264 1848 320 ATHANASII
1887 265 2035 320 OPP.
2077 264 2258 320 PARS
2298 263 2387 318 lll.
2421 294 2490 306 —
2524 262 2946 322 EXEGETICA.
3673 267 3779 321 676
3850 271 3851 274 “

574 383 661 439 14.
687 385 829 440 Oves
857 389 910 438 et
942 381 1109 435 boves
1135 381 1446 444 universas,

2116 385 2164 439 Α
2268 376 2355 429 14.
2394 376 2648 446 Πρόὸατα
2681 377 2777 431 καὶ
2807 377 2934 446 βόας
2964 377 3203 444 ἁπάσας,

573 474 663 530 15.
698 473 927 542 Insuper
951 483 1005 526 et
1029 486 1227 541 pecora
1259 474 1474 540 campi,

2270 466 2354 518 15.
2389 467 2510 518 Ἔτι
2536 466 2592 518 δὲ
2627 467 2724 520 κὰὶ
2749 467 2816 519 τὰ
2852 469 3026 539 κτήνη
3055 467 3151 521 τοῦ
3174 466 3379 533 πεδίου,

607 565 664 620 6.
705 565 964 620 Volucres
995 564 1140 627 cmli,
1174 572 1228 618 et
1264 563 1444 632 pisces
1470 576 1660 626 maris.

2272 559 2357 615 16.
2389 561 2468 614 Τὰ
2498 560 2718 614 πετεινὰ
2757 562 2850 615 τοῦ
2884 563 3139 634 οὐρανοῦ,
3177 563 3418 626 καὶτοὺς
3451 561 3642 635 ἰχθύας
3683 563 3779 635 τῆς

2188 653 2482 725 Θαλάσσης,

574 749 662 808 17.
691 747 794 812 Qui
825 744 1206 816 perambulant
1237 743 1464 798 semitas
1499 740 1687 812 maris.

2262 748 2344 801 17.
2377 747 2459 798 Τά
2482 746 2913 818 διαπορευόμενοι
2944 745 3165 817 τρίϐους
3193 745 3495 800 θαλασσῶν.

573 839 660 893 18.
697 837 924 891 Domine
981 834 1248 888 Dominus
1291 843 1500 896 noster,
1564 847 1728 902 quam
1762 831 2081 886 admirabile

2261 838 2346 892 18.
2378 837 2550 908 Κύριε
2577 840 2604 891 ὁ
2639 839 2842 910 Κύριος
2869 842 2901 910 ἡ
2913 839 3048 910 μῶν,
3075 838 3152 902 ὡς
3179 837 3493 908 θαυμαστὸν
3513 840 3574 891 τὸ
3598 839 3778 911 δνομά

499 946 586 989 eSt
617 947 818 986 nomen
849 934 1004 983 tuum
1047 928 1101 980 in
1139 927 1395 980 universa
1428 925 1611 979 terra!

1239 941 1395 980 versa
1428 925 1611 979 terra!
2189 950 2282 986 σου
2314 935 2370 985 ἐν
2394 933 2543 1004 πάσῃ
2575 935 2640 1002 τῇ
2673 935 2766 1002 γῇ.

642 1024 708 1079 In
746 1025 902 1077 ﬁnem
940 1038 1034 1075 vro
1060 1020 1279 1073 occultis
1316 1019 1442 1088 ﬁlii,
1469 1017 1706 1087 psalmus
1744 1015 1939 1070 David.

2252 1028 2293 1090 ες
2319 1024 2384 1078 τὸ
2415 1025 2589 1090 τέλος
2619 1025 2773 1094 ὑπὲρ
2810 1024 2928 1077 τῶν
2958 1026 3229 1094 κρυφίων
3259 1022 3368 1078 τοῦ
3408 1023 3570 1088 υἱοῦ,
3619 1025 3783 1090 ψαλ-

1117 1101 1320 1158 PSAL.
1359 1100 1467 1154 ιχ.
2589 1128 2648 1178 μι

2589 1109 2706 1178 μὸς
2732 1109 2814 1174 τῷ
2841 1110 3038 1163 Δαϐίδ.
3073 1112 3245 1163 ΨΑΑ.
3281 1110 3359 1163 ον.

571 1198 624 1252 1.
657 1197 971 1251 Conﬁtebor
1001 1196 1120 1258 tibi,
1156 1194 1406 1257 Domine,
1441 1192 1494 1246 in
1532 1201 1646 1246 toto
1677 1191 1842 1245 corde
1867 1204 2022 1255 meo;

2261 1201 2312 1254 1.
2350 1191 2845 1272 Ἐξομολογήσομαί
2870 1218 2974 1263 σοι,
2998 1200 3193 1272 Κύριε,
3219 1202 3277 1254 ὲν
3298 1199 3395 1271 ὅλῃ
3423 1198 3624 1271 καρδίᾳ
3652 1215 3779 1270 μου·

571 1287 627 1343 2.
657 1288 901 1341 Narrabo
937 1286 1122 1341 omnia
1146 1283 1420 1337 mirabilia
1452 1291 1566 1337 tua.

2257 1293 2312 1348 2.
2347 1295 2686 1364 Διηγήσομαι
2727 1295 2902 1347 πάντα
2928 1294 2996 1347 τὰ
3026 1294 3308 1365 θαυμάσιά
3339 1311 3454 1347 σου.

575 1381 628 1435 5.
661 1380 910 1434 Laetabor
936 1388 990 1432 et
1021 1377 1310 1432 exsultabo
1334 1376 1386 1428 in
1433 1384 1516 1438 te;

2257 1386 2309 1438 5.
2347 1385 2808 1456 Εὐφρανθήσομαι
2837 1387 2932 1439 καὶ
2961 1386 3363 1456 ἀγαλλιάσομαι
3395 1387 3452 1437 ἐν
3492 1383 3574 1437 σοί
3598 1401 3610 1413 ·

574 1471 628 1525 4.
654 1471 889 1525 Psallam
921 1469 1128 1524 nomini
1162 1477 1278 1532 tuo,
1304 1467 1586 1521 Altissime

2256 1476 2310 1530 4.
2347 1477 2518 1529 Ψαλῶ
2550 1477 2627 1548 τῷ
2659 1477 2885 1548 ὀνόματί
2908 1495 3024 1539 σου,
3051 1479 3305 1547 “Υψιστε,

574 1563 629 1617 5.
663 1564 719 1616 lu
754 1562 1120 1616 convertendo
1157 1561 1436 1614 inimicum
1470 1571 1650 1610 meum
1671 1563 2012 1621 retrorsum;

2255 1569 2306 1622 5.
2326 1570 2414 1621 Ἐν
2427 1569 2505 1639 τῷ
2520 1569 2937 1641 ἀποστραφῆναι
2954 1570 3044 1622 τὸν
3062 1570 3252 1640 ἐχθρόν
3274 1587 3375 1639 μου
3398 1570 3479 1632 εἰς
3491 1569 3561 1622 τὰ
3576 1571 3778 1626 ὀπισω.

577 1654 631 1708 6-
664 1652 1112 1716 ιηίὶτηῃλϋυηιυΓν
1146 1658 1200 1703 εί
1235 1648 1493 1718 Ροΐίδυηι
1513 1663 1542 1700 ³
1573 1645 1714 1700 faeie
1741 1654 1851 1699 ωδ·
2259 1659 2310 1712 6.
2330 1659 2730 1731 Ἀσθενήσουσι,
2755 1662 2847 1714 καὶ
2866 1661 3192 1714 ἀπολοῦνται
3211 1663 3318 1715 ἀπὸ
3336 1661 3632 1733 προσώπου
3658 1681 3778 1718 σου.

573 1746 626 1800 7.
656 1746 922 1811 Quoniam
977 1743 1154 1797 fecisti
1200 1741 1468 1812 judicium
1516 1755 1722 1801 meum,
1775 1745 1830 1791 et
1860 1752 2080 1816 causam

2260 1750 2311 1806 7.
2343 1752 2464 1804 ’Ότι
2514 1752 2779 1824 ἐποίησας
2834 1753 2931 1824 τὴν
2984 1754 3164 1822 κρίσιν
3211 1772 3312 1825 μου
3351 1755 3444 1808 καὶ
3483 1756 3586 1826 τὴν
3621 1756 3781 1826 δίκην

503 1852 679 1891 meam
703 1853 716 1901 ;

2196 1861 2296 1913 μου
2315 1859 2326 1870 ·

573 1927 625 1982 8.
661 1927 859 1981 Sedisti
894 1943 1056 1996 super
1084 1927 1368 1988 thronum,
1411 1923 1502 1994 qui
1533 1922 1749 1993 judicas
1787 1923 2066 1989 justitiam

2263 1935 2312 1988 8.
2357 1934 2646 1998 Ἐκάθισας
2680 1935 2773 1999 ἐπὶ
2809 1933 3020 2001 Θρόνου,
3054 1938 3081 1989 ὁ
3110 1937 3315 2008 κρίνων
3336 1936 3710 2006 δικαιοσύνην,

573 2021 626 2076 9.
659 2021 952 2090 lucrepasli
981 2029 1188 2090 gentes,
1225 2029 1279 2073 et
1307 2019 1467 2088 periit
1498 2017 1734 2086 impius;

2261 2027 2313 2081 9.
2364 2027 2732 2097 Ἐπετίμησας
2755 2025 2955 2088 ἔθνεσι,
2990 2029 3083 2080 καὶ
3116 2027 3363 2080 ἀπώλετο
3399 2029 3426 2080 ὁ
3462 2028 3700 2098 ἀσεϐής·

575 2112 663 2166 10.
689 2111 898 2168 Nomen
925 2114 1045 2182 ejus
1062 2112 1314 2166 delevisti
1342 2112 1394 2164 in
1413 2119 1700 2173 aeternum,
1737 2115 1792 2161 et
1823 2106 1877 2161 in
1910 2121 2082 2161 saecu-

2263 2117 2348 2171 10.
2382 2116 2454 2169 Τὸ
2487 2116 2656 2188 ὄνομα
2681 2117 2843 2169 αὑτοῦ
2880 2117 3167 2189 ἐξήλειψας
3192 2119 3270 2180 εἰς
3302 2118 3393 2171 τὸν
3423 2119 3618 2184 αἰῶνα,
3675 2119 3775 2170 καὶ

500 2204 613 2258 lum
645 2205 850 2258 saeculi.

2221 2212 2266 2272 ῐς
2289 2210 2378 2262 τὶν
2417 2209 2589 2262 αἰῶνα
2639 2208 2734 2261 τοῦ
2766 2208 2981 2272 αἰῶνος.

573 2296 659 2350 11.
689 2295 898 2350 Inimici
927 2296 1240 2350 defecerunt
1268 2296 1488 2349 frameae
1534 2294 1588 2348 in
1623 2293 1788 2348 ﬁnem
1856 2300 1911 2348 et
1945 2293 2075 2347 civi-

2262 2301 2347 2354 11.
2377 2302 2483 2354 Τοῦ
2518 2302 2709 2373 ἐχθροῦ
2736 2301 2980 2368 ἐξέλιπον
3007 2304 3060 2354 αἱ
3088 2305 3348 2373 ρομςραῖαι
3366 2305 3446 2368 εἰς
3477 2303 3654 2373 τέλος,
3679 2307 3774 2359 καὶ

501 2395 644 2444 tates
673 2389 1016 2443 destruxisti.

2187 2393 2373 2456 πόλεις
2411 2395 2683 2458 καθεῖλες.

1625 2481 2001 2536 ATHANASII
2043 2483 2638 2543 INTERPRETATIO.

574 2577 664 2642 M,
693 2577 780 2632 15.
809 2575 1192 2632 Diversitatem
1229 2575 1506 2648 signiﬁcat
1545 2576 1833 2630 hominum
1871 2576 1924 2630 in
1955 2591 2078 2631 eum

2296 2581 2347 2643 4,
2376 2581 2462 2635 15.
2489 2581 2598 2652 Τὴν
2623 2581 2883 2655 διαφορὰν
2911 2582 3055 2651 λέγει
3078 2583 3184 2636 τῶν
3210 2582 3511 2655 ἀνθρώπων
3536 2586 3650 2637 τῶν
3679 2603 3775 2638 πι-

501 2665 865 2721 credentium.

2192 2671 2486 2725 στευόντων
2511 2673 2591 2734 είς
2621 2672 2803 2725 αὐτόν.

575 2758 664 2824 16,
699 2758 786 2812 17.
818 2757 957 2811 Aves
981 2754 1104 2810 caeli
1131 2753 1488 2808 uominateos
1511 2755 1603 2824 qui
1627 2765 1864 2809 mentem
1892 2771 1946 2809 ιιι
1972 2770 2082 2811 οω-

2261 2762 2349 2825 16,
2383 2764 2469 2816 17.
2497 2763 2579 2816 Τά
2606 2764 2829 2817 πετεινά
2852 2765 2945 2818 τοῦ
2966 2767 3196 2838 οὐρανοῦ
3220 2769 3366 2838 λέγει
3399 2770 3524 2834 τοὺς
3547 2770 3772 2841 ἔχοντας

501 2850 734 2906 lestihus
758 2849 988 2913 habent;
1021 2847 1200 2917 pisces
1225 2855 1405 2899 autem
1434 2847 1624 2912 maris,
1651 2848 1744 2917 qui
1776 2848 1830 2901 in
1866 2848 2032 2902 mund

2241 2871 2288 2926 γν
2311 2855 2547 2910 διάνοιαν
2576 2858 2654 2919 εἰς
2675 2856 2745 2909 τά
2769 2858 3066 2928 ἐπουράνια
3088 2877 3100 2888 ·
3143 2861 3331 2930 ἰχθύας
3359 2862 3418 2915 δέ
3439 2862 3538 2934 τῆς
3568 2863 3772 2916 θαλάσ-

508 2950 927 2999 conversantur.
1903 2939 1906 2944 ’

1903 2939 1906 2944 ’
2193 2962 2294 3016 σης
2325 2947 2448 3008 τοὺς
2474 2948 2530 2999 ἐν
2560 2945 2637 3016 τῷ
2671 2946 2859 3017 κόσμῳ
2891 2949 3412 3021 ἀναστρεφομένους.

574 3032 661 3088 18.
695 3032 944 3092 Domine,
975 3029 1069 3100 qui
1099 3028 1376 3084 redemisti
1412 3044 1511 3083 nos
1539 3031 1782 3098 pretioso
1814 3033 2081 3101 sanguine

2259 3037 2344 3092 18.
2377 3039 2573 3108 Κύριε,
2597 3043 2625 3091 ὁ
2639 3039 2976 3112 ἐξαγοράσας
2998 3045 3145 3113 ἡμᾶς
3162 3045 3239 3115 τῷ
3255 3047 3419 3117 τιμίῳ
3441 3062 3533 3099 σου
3548 3047 3766 3117 αἵματι,

503 3135 618 3189 ιυο,
640 3137 804 3193 quam
829 3121 1148 3176 honorabile
1175 3130 1226 3174 et
1248 3122 1542 3191 gloriosum
1574 3132 1658 3176 est
1694 3139 1892 3176 nomen
1925 3133 2034 3177 tum

2239 3127 2501 3200 ςὲντιμον
2551 3131 2644 3185 καί
2671 3131 2878 3198 ἔνδοξον
2909 3134 2972 3186 τὸ
3019 3135 3191 3207 ὄνομά
3242 3155 3336 3191 σου
3393 3141 3452 3191 ἐν
3492 3141 3628 3193 πᾶσι
3655 3144 3770 3205 τοῖς

502 3230 556 3284 in
591 3216 846 3270 omnibus
881 3214 1134 3285 gentibus
1163 3219 1175 3266 !

996 3214 1134 3267 tibus
1163 3219 1175 3266 !
2185 3217 2498 3288 ἀνθρώποις
2517 3222 2527 3274 !

585 3309 649 3362 Ἢ
677 3307 1014 3379 προκειμένη
1047 3305 1325 3376 ἐπιγραφὴ
1352 3308 1384 3378 ἡ
1423 3305 1508 3359 διὰ
1532 3306 1633 3376 τῆς
1664 3307 2032 3380 κινναϐάρεως
2067 3311 2306 3381 περιέχει
2328 3329 2342 3344 ο
2367 3315 2470 3379 Εἰς
2494 3315 2560 3367 τὸ
2592 3316 2786 3383 τέλος,
2820 3319 2972 3388 ὑπὲρ
2994 3323 3112 3373 τῶν
3141 3324 3409 3390 κρυφίων
3447 3323 3554 3379 τοῦ
3605 3325 3771 3392 υἱοῦ,

501 3403 743 3474 ’ψαλμὸς
783 3403 862 3468 τῷ
899 3401 1095 3456 Δαϐίδ.
1125 3400 1294 3454 Τοῦτο
1342 3397 1435 3454 οὖν
1483 3402 1660 3470 λέγει·
1715 3405 1832 3456 Ἐπ’
1883 3405 2112 3474 ἐσχάτου
2159 3407 2514 3478 τῶνὴμερῶν
2559 3411 2700 3482 ὑπὲρ
2733 3414 2843 3467 τῶν
2891 3414 3292 3485 ἀκαταλήπτων
3323 3417 3642 3489 μυστηρίων
3679 3419 3769 3472 τοῦ

501 3501 634 3556 Υἱοῦ
671 3501 746 3570 (1)
770 3500 916 3569 λέγει
954 3500 1044 3552 τὸν
1079 3499 1292 3570 ψαλμὸν
1328 3497 1407 3570 τῷ
1435 3500 1511 3571 (2)
1539 3500 1723 3557 Δαϐίδ.

574 3592 817 3659 Titulus,
831 3591 924 3661 qui
944 3590 1153 3660 psalmo
1171 3591 1529 3660 praeponitur,
1550 3591 1835 3646 cinnabari
1851 3592 2110 3661 scriptus,
2128 3594 2404 3649 continet:
2427 3593 2494 3648 In
2508 3595 2688 3663 ﬁnem,
2706 3614 2799 3667 pro
2816 3600 3172 3670 occultisﬁlii,
3191 3601 3425 3670 psalmus
3445 3601 3636 3656 Dauid.
3657 3601 3772 3660 Hoc

500 3687 668 3759 igitur
700 3686 971 3756 significat
1003 3701 1017 3738 :
1044 3683 1099 3737 In
1135 3685 1435 3740 novissimo
1454 3686 1540 3740 die
1562 3701 1661 3756 pro
1683 3687 2333 3758 incomprehensihilibus
2365 3693 2642 3762 mysteriis
2674 3693 2796 3746 Filii
2824 3693 2942 3759 Dei,
2962 3697 3228 3760 psalmum
3257 3697 3391 3751 dicit
3421 3713 3546 3754 esse
3573 3698 3768 3766 David,

569 3781 620 3834 1.
645 3777 976 3843 Enuutiabo,
1014 3775 1260 3839 Domine.
1296 3778 1349 3830 in
1381 3786 1496 3832 toto
1519 3780 1684 3833 corde
1711 3795 1863 3846 meo;
1915 3795 1922 3802 '

1915 3795 1922 3802 '
2105 3790 2146 3844 C.
2251 3783 2303 3836 1.
2347 3783 2597 3851 Ἐξείπω,
2639 3787 2833 3858 Κύριε,
2861 3791 2918 3842 ἐν
2948 3789 3046 3863 ὅλῃ
3071 3790 3264 3861 καρδίᾳ
3296 3807 3396 3860 μου
3417 3807 3431 3821 ο

569 3872 625 3929 2.
655 3874 721 3928 Ει
745 3872 982 3926 narrabo
1005 3871 1188 3926 omnia
1215 3871 1485 3926 mirabilia
1509 3882 1624 3938 tua,
1649 3875 1966 3929 I‘cc0rdatus
1988 3889 2071 3928 eo-

2242 3871 2296 3926 2.
2331 3873 2441 3926 Καὶ
2465 3875 2797 3947 διηγήσομαι
2831 3879 3009 3932 πάντα
3041 3881 3110 3934 τὰ
3136 3881 3418 3950 θαυμάσιά
3454 3899 3549 3936 σου
3573 3922 3589 3948 ,
3628 3900 3768 3956 μνη-

499 3980 622 4022 rum
656 3980 778 4035 quae
800 3981 830 4019 a
861 3973 912 4018 te
935 3980 1034 4034 pro
1067 3966 1222 4019 nobis
1253 3965 1393 4019 facta
1429 3975 1577 4020 sunt.

2183 3963 2328 4028 σθεὶς
2365 3965 2473 4019 τῶν
2499 3969 2604 4021 ὑπὸ
2636 3969 2727 4022 σοῦ
2759 3973 3142 4043 γεγενημένων
3166 3975 3306 4046 ὑπὲρ
3337 3975 3515 4046 ἡμῶν.

563 4058 616 4112 5.
653 4056 922 4122 Laztabor,
947 4064 1002 4110 et
1031 4056 1315 4110 exsultabo
1335 4057 1388 4110 in
1417 4057 1798 4111 recordatione
1826 4057 1933 4122 tui;

2240 4061 2294 4112 5.
2311 4059 2788 4133 Εὑφρανθήσομαι,
2804 4065 3482 4140 καὶάγαλλιάσομαιέπὶτῇ
3500 4072 3566 4141 σῇ
3583 4069 3764 4141 μνείᾳ·

568 4150 622 4204 4.
654 4151 719 4204 Et
752 4149 1040 4219 magnilice
1067 4158 1117 4203 te
1148 4149 1406 4203 laudabo.

2249 4152 2303 4205 4.
2339 4155 2448 4206 Καὶ
2487 4156 2784 4228 ἀνυμνήσω
2811 4175 2869 4210 σε
2896 4159 3349 4231 μεγαλοπρεπῶς.

568 4241 622 4296 5.
657 4240 941 4295 Diabolum
967 4241 1259 4310 signiﬁcat.

2247 4243 2297 4296 5.
2335 4245 2437 4298 Τὸν
2463 4245 2708 4301 διάϐολον
2736 4249 2903 4317 λέγει.

569 4333 622 4388 6.
658 4333 743 4387 Ab
773 4333 1010 4387 adventu
1046 4341 1161 4386 tuo.

2246 4334 2298 4390 6.
2356 4336 2487 4390 Ἀπὸ
2512 4340 2610 4410 τῆς
2637 4343 2941 4413 παρουσίας
2963 4361 3077 4399 σου.

567 4423 620 4476 7.
655 4421 1281 4492 Consumptisrinimicis
1316 4422 1474 4487 meis,
1507 4435 1595 4476 me
1621 4422 1934 4478 vindicasti.

2247 4425 2300 4479 7.
2346 4427 2637 4498 Ἐποίησας
2662 4432 2759 4503 τὴν
2787 4433 3066 4506 ἐκδίκησίν
3100 4453 3201 4506 μου
3225 4439 3621 4504 καταναλώσας
3638 4460 3763 4507 τους

2175 4519 2269 4575 ὲγθ
2279 4518 2407 4575 ρούς
2435 4539 2558 4575 μου.

566 4596 621 4651 8.
652 4594 999 4650 Constituisti
1029 4594 1306 4664 apostolos
1349 4601 1471 4648 tuos
1512 4593 1805 4663 magistros
1834 4600 2066 4661 nostros,

2230 4537 2407 4590 τυρους
2434 4539 2558 4591 μου.

2246 4607 2297 4660 8.
2336 4610 2696 4681 Κατέστησας
2752 4617 2881 4679 τοὺς
2933 4617 3262 4683 ἀποστόλους
3322 4638 3415 4676 σου
3467 4627 3761 4691 παιδευτὰς

495 4686 699 4742 docens
724 4701 828 4739 nos
855 4686 1068 4754 operari
1093 4685 1389 4754 justitiam.

2013 4779 2044 4784 Π
2174 4699 2352 4770 ἡμῶν,
2379 4705 2406 4754 ὁ
2423 4702 2685 4758 διδάσκων
2707 4705 3052 4780 δικαιοσύνην
3085 4712 3376 4782 ἐργάζεται
3408 4714 3506 4784 (5).

567 4777 618 4832 9.
653 4777 728 4848 (a)
765 4777 1112 4832 Admonuisti
1163 4785 1352 4847 gentes
1396 4790 1465 4830 ne
1490 4783 1810 4862 peccareut;
1840 4783 1892 4830 et
1915 4779 2047 4845 perii

2243 4790 2295 4845 9.
2340 4792 2729 4865 Ἐνουθέτησας
2757 4797 2827 4850 τὰ
2856 4777 3016 4870 ἔθνη,
3036 4777 3130 4854 τοῦ
3163 4777 3241 4872 μὴ
3273 4777 3640 4874 ἁμαρτάνειν·
3669 4811 3760 4862 καὶ

494 4869 768 4925 diabolus.

2173 4878 2421 4933 ἀπώλετο
2454 4884 2481 4934 ό
2508 4882 2772 4950 διάϐολος.

566 4963 655 5016 10.
686 4961 971 5016 Diabolum
1002 4963 1098 5029 ait,
1125 4978 1188 5017 ex
1228 4963 1367 5017 libro
1398 4962 1713 5016 viventium.

2247 4971 2334 5027 10.
2374 4973 2477 5026 Τὸν
2517 4975 2762 5032 διάϐολον
2795 4979 2942 5048 λέγει
2979 4983 3041 5034 ἐκ
3077 4982 3259 5052 βίϐλου
3288 4984 3529 5049 ζώντων.

564 5052 652 5107 11.
680 5051 922 5110 Virtutes
947 5054 1087 5124 ejus,
1116 5063 1169 5109 et
1197 5055 1562 5125 principatus,
1591 5063 1647 5108 et
1674 5063 1968 5124 potestates
1995 5056 2060 5110 si-

2247 5061 2332 5115 11.
2373 5065 2482 5128 Τὰς
2514 5066 2773 5139 δυνάμεις
2804 5071 2990 5133 αὑτοῦ,
3017 5051 3110 5126 καὶ
3141 5077 3240 5138 τὰς
3276 5077 3472 5148 ἀρχὰς,
3513 5081 3610 5133 καὶ
3658 5082 3759 5149 τὰς

493 5145 739 5217 gniﬁcat.

2099 5147 2142 5200 Β
2169 5152 2417 5220 ἐξουσίας
2438 5157 2604 5227 λέγει.

1443 5236 1747 5302 Addenda
1779 5243 1840 5298 et
1871 5239 2246 5317 corrigenda
2299 5265 2376 5307 ex
2413 5251 2553 5310 cod.
2601 5253 2794 5312 Vatic.

589 5334 640 5403 1)
671 5335 780 5389 Τοῦ
821 5335 979 5401 Υἱοῦ,
1014 5335 1163 5389 deest
1198 5335 1250 5389 in
1282 5337 1404 5390 cod.

563 5342 639 5476 (2)
685 5407 762 5469 ’0,
795 5407 926 5460 dicit
959 5406 1151 5459 David.

1209 5351 1250 5389 ιη
1282 5337 1404 5390 cod.
2243 5346 2318 5416 (5)
2338 5348 2740 5419 ,Ἐργάζεσθαα

586 5407 639 5476 2)
685 5407 762 5469 ’0,
795 5407 926 5460 dicit
959 5406 1151 5459 David.

563 5498 639 5595 (a)
677 5497 997 5595 Xersiculus.
1021 5498 1123 5551 iste
1152 5497 1207 5550 in
1237 5501 1422 5595 cooiele
1447 5506 1531 5578 est
1561 5499 1788 5595 ultimus
1815 5512 2005 5595 versus
2036 5513 2154 5578 pag.
2191 5499 2256 5564 8,
2287 5511 2518 5595 auter-g0.
2556 5505 2687 5571 Qum
2735 5519 3045 5587 sequuntur
3079 5513 3289 5581 paginae
3312 5531 3506 5573 novem
3531 5523 3754 5595 scriptae

490 5578 622 5666 sunt
645 5570 752 5622 alio
781 5570 1098 5666 charactere
1119 5583 1344 5666 prorsus
1365 5569 1662 5666 dissimili,“
1680 5569 1930 5666 etninulto
1963 5571 2135 5666 magis
2155 5569 2472 5666 recentiori,
2514 5569 2884 5666 etl'copline'nt
2906 5569 3131 5666 Idivers‘a
3142 5569 3188 5666 in
3233 5569 3755 5666 omninoin-ter-pri;

489 5639 750 5734 gationem
773 5639 960 5734 etalip
991 5637 1133 5734 style
1170 5641 1450 5734 scriptam:
1471 5637 1610 5734 μου
1635 5645 1814 5718 autem
1843 5638 2046 5692 inserta
2066 5640 2298 5734 Avidetur
2328 5643 2392 5734 ad
2427 5646 2787 5734 supplendum
2820 5653 3028 5708 codicis
3070 5637 3752 5734 defectum-:qui-esttrut

488 5708 624 5775 dixi,
649 5725 680 5763 a
706 5709 977 5768 versiculo
1014 5708 1227 5765 decimo
1254 5710 1450 5779 psalmi
1471 5708 1636 5779 hujus
1667 5708 1798 5764 noni
1831 5723 2005 5779 usque
2028 5709 2098 5766 ad
2125 5711 2461 5770 versiculum
2496 5708 2772 5773 decimum
2798 5735 3004 5784 nonum
3032 5725 3229 5794 psalmi
3259 5708 3350 5783 ἦ.
3375 5708 3390 5725 ’
3434 5708 3530 5734 γ’
3558 5708 3663 5734 ’Μ’
