3878 6218
146 272 271 328 877

234 387 323 442 12.
369 386 644 440 Ἀπώλετο
667 387 729 440 τὸ
760 387 1105 458 μνημόσυνον
1137 390 1316 443 αὐτῶν
1354 392 1469 461 μετ’
1510 395 1673 464 {Rou-

228 479 321 534 15.
352 479 462 532 Καὶ
483 480 511 531 ὀ
536 479 740 549 Κύριος
767 481 848 541 εἰς
868 479 958 533 τὸν
993 478 1163 532 αἰῶνα
1197 482 1367 551 μένει.

227 572 318 625 14.
366 570 693 639 Ἡτοίμασεν
722 572 779 623 ἐν
805 573 984 641 κρίσει
1018 572 1111 624 τὸν
1147 572 1335 644 θρόνον
1364 574 1529 628 αὐτοῦ
1549 592 1563 606 ·

230 663 255 715 1
268 661 323 715 5.
345 660 455 713 Καὶ
478 661 643 723 αὐτὸς
661 664 837 732 κρινεῖ
852 662 950 733 τὴν
966 664 1292 735 οἰκουμένην
1315 667 1372 718 ἐν
1388 666 1703 740 δικαιοσύνῃ

231 753 319 807 16.
361 755 550 823 Κρινεί
578 752 739 813 λαοὺς
765 756 824 804 ἐν
856 754 1134 823 εὐθύτητι,

233 846 325 898 17.
365 846 475 896 Καὶ
504 845 721 909 ἐγένετο
752 845 957 917 Κύριος
989 849 1281 917 καταφυγὴ
1309 850 1386 918 τῷ
1419 850 1632 922 πένητι,

228 936 317 991 18.
350 937 554 1007 Βοηθὸς
576 938 633 989 ἐν
659 938 984 1008 εὐκαιρίαις,
1032 940 1089 991 ὲν
1117 939 1348 1008 θλίψεσι.

229 1028 319 1081 19.
362 1028 472 1080 Καὶ
525 1027 901 1081 ἐλπισάτωσαν
944 1030 1035 1082 ἐπὶ
1090 1031 1171 1082 σοὶ
1200 1032 1248 1082 οἱ
1283 1030 1643 1099 γινώσκοντες
1680 1035 1741 1087 τὸ

143 1118 331 1189 ὗνομά
358 1135 449 1171 σου
468 1135 481 1148 ·

219 1211 1057 1281 20.’⁹Οτι,οὐκέγκατέλιπεςτοὺς
1069 1214 1431 1284 ἐκζητοῦντάς
1447 1233 1527 1282 σε,
1544 1220 1736 1290 Κύριε.

222 1305 318 1358 21.
354 1306 572 1359 Ψάλατε
600 1305 678 1375 τῷ
708 1306 900 1376 Κυρίῳ
937 1304 1013 1375 τῷ
1042 1308 1385 1360 κατοικοῦντι
1414 1310 1471 1361 ἐν
1504 1311 1662 1365 Σιών·

224 1397 322 1451 22.
364 1398 747 1465 Ἀναγγείλατε
776 1401 835 1451 ἐν
868 1401 981 1460 τοῖς
1019 1398 1195 1452 ἔθνεσι
1234 1401 1302 1453 τὰ
1334 1403 1739 1477 ἐπιτηδεύματα

146 1488 346 1541 αὐτοῦ·

226 1580 321 1634 25.
354 1580 477 1634 Ὀτι
501 1584 529 1635 ὁ
554 1583 799 1655 ἐκζητῶν
823 1583 891 1639 τὰ
923 1587 1132 1657 αἵματα
1163 1589 1344 1643 αὐτῶν
1380 1591 1627 1662 ἐμνήσθη
1650 1608 1661 1622 ·

224 1756 315 1810 24.
349 1758 465 1810 Οὐκ
493 1758 785 1815 ἐπελάθετο
813 1761 913 1832 τῆς
938 1765 1186 1835 κραυγῆς
1222 1767 1331 1819 τῶν
1362 1769 1635 1840 πενήτων.

225 1850 319 1905 25.
365 1851 615 1922 Ἐλέησόν
650 1871 737 1922 με,
773 1854 974 1919 Κύριε·
1020 1857 1094 1909 ἴδε
1131 1858 1228 1928 τὴν
1266 1861 1591 1915 ταπείνωσίν
1632 1880 1732 1934 μου

142 1942 221 1996 ἐκ
248 1942 358 1995 τῶν
384 1943 595 2014 ἐχθρῶν
622 1962 722 2014 μου

222 2033 314 2087 26.
358 2034 417 2086 '0
442 2034 593 2104 ὑψῶν
627 2054 693 2105 με
724 2038 787 2089 ἐκ
820 2036 926 2089 τῶν
957 2038 1139 2091 πυλῶν
1170 2040 1262 2093 τοῦ
1292 2041 1552 2108 θανάτου,

221 2125 313 2179 27.
351 2126 538 2189 Ὅπως
566 2127 631 2180 ἂν
658 2127 957 2197 ὲξαγγείλω
985 2134 1164 2197 πάσας
1188 2134 1286 2198 τὰς
1312 2138 1548 2201 αἰνέσεις
1577 2155 1671 2192 σου

225 2217 318 2271 28.
367 2219 454 2271 Ἐν
478 2223 599 2282 ταῖς
627 2221 821 2285 πύλαις
845 2223 943 2293 τῆς
974 2224 1243 2296 θυγατρὸς
1275 2228 1437 2281 Σιών.

225 2309 318 2365 29.
372 2311 950 2383 Ἀγαλλιασόμεθαέπὶ
975 2315 1051 2387 τῷ
1080 2320 1332 2389 σωτηρίῳ
1368 2338 1481 2373 σου.

223 2402 311 2457 50.
362 2404 736 2477 Ἐνεπάγησαν
766 2408 894 2478 ἔθνη
925 2410 982 2463 ἐν
1011 2408 1353 2485 διαφθορᾷ,
1378 2414 1659 2485 ἐποίησαν.

225 2494 318 2550 51.
359 2496 447 2550 Ἐν
503 2500 688 2568 παγίδι
726 2501 921 2575 ταύτῃ,
1042 2502 1314 2574 ἔκρυψαν,
1375 2507 1683 2581 συνελήφθη
1710 2522 1739 2563 ο

144 2588 295 2652 πούς
327 2590 529 2646 αὐτῶν.

1096 274 1186 330 DE
1226 276 1511 335 TlTULlS
1548 279 2001 336 PSALMORUM.
2044 310 2115 321 —-
2153 280 2348 335 PSAL.
2391 280 2485 336 IX.

1773 400 1826 456 Α
1922 391 2009 445 12.
2040 390 2208 446 Periit
2241 393 2504 449 memoria
2528 410 2717 449 eorum
2750 412 2877 451 cum
2919 399 3141 467 sonitu;

1918 485 2006 538 15.
2036 485 2102 536 Et
2136 486 2398 540 Dominus
2426 486 2482 539 in
2517 494 2783 542 mteruum
2818 500 3123 558 permanet.

1919 577 2003 629 14.
2039 576 2262 632 Paravit
2285 580 2338 633 in
2364 580 2575 648 judicio
2599 581 2856 637 thronum
2889 599 3090 648 suum;

1915 668 2002 723 15.
2039 668 2104 722 Ει
2131 670 2533 739 ipsejudicahit
2563 674 2749 728 orbem
2789 686 2948 730 terrae
2982 677 3035 730 in
3067 678 3321 749 aequitate
3350 698 3364 747 ;

1918 760 1999 813 .6.
2034 759 2310 815 iudicabit
2343 765 2574 833 populos
2608 766 2662 819 in
2688 768 2924 835 justitia,

1910 853 1998 906 17.
2028 852 2093 906 Ει
2127 854 2303 909 factus
2331 866 2413 909 est
2451 855 2714 912 Dominus
2738 859 3010 930 refugium
3045 860 3295 930 pauperi,

1915 943 2001 996 18.
2018 944 2317 1013 Adjutorin
2340 952 2926 1021 opportunitatil‘iusgin
2951 954 3422 1011 tribulationibus.

1914 1036 2001 1091 19.
2042 1035 2108 1090 Ει
2138 1048 2356 1107 sperent
2390 1041 2446 1092 in
2471 1048 2540 1104 te,
2565 1043 2656 1110 qui
2698 1054 2967 1099 noverunt
2990 1061 3189 1102 nomen
3220 1055 3371 1102 tuum
3400 1064 3419 1116 ;

1908 1213 2276 1280 20.Quoniam
2294 1232 2401 1271 non
2418 1218 2753 1290 dereliquisti
2768 1230 3071 1291 quaerentes
3086 1234 3157 1289 te,
3172 1223 3401 1299 Domine

1909 1306 2000 1361 2|.
2041 1306 2263 1363 Psallite
2295 1309 2529 1365 Domino
2554 1314 2646 1381 qui
2687 1315 2894 1369 habitat
2924 1317 2976 1369 in
3013 1316 3179 1384 Sion;

1908 1399 1999 1454 22.
2041 1401 2377 1455 Aununtiate
2417 1403 2560 1457 inter
2599 1415 2787 1475 gentes
2820 1408 3001 1462 studia
3030 1410 3183 1478 ejus;

1907 1612 1997 1667 25.
2038 1612 2308 1679 Quoniam
2335 1616 2618 1685 requirens
2642 1618 2963 1687 sanguinem
2988 1636 3200 1687 eorum,
3234 1637 3418 1677 recor-

1839 1705 2001 1757 datus
2034 1713 2153 1767 est;

1770 1754 1812 1811 B
1910 1790 2001 1844 24.
2057 1792 2172 1846 Non
2207 1804 2290 1849 est
2326 1799 2527 1854 oblitus
2556 1799 2851 1853 clamorem
2882 1816 3206 1870 pauperum.

1909 1881 1998 1936 25.
2041 1883 2298 1942 Miserere
2353 1891 2481 1954 mei,
2535 1889 2763 1947 Domine
2815 1910 2828 1945 :
2885 1893 3006 1947 vide
3061 1894 3421 1949 humilitatem

1842 1987 2016 2026 meam
2049 1975 2115 2029 de
2146 1978 2381 2035 inimicis
2423 1982 2589 2048 meis;

1907 2065 1996 2118 26.
2042 2066 2144 2132 Qui
2172 2072 2379 2126 exaltas
2406 2089 2493 2127 me
2527 2074 2592 2128 de
2626 2076 2797 2144 portis
2822 2077 3034 2142 mortis,

1907 2155 1997 2210 27.
2043 2157 2110 2212 Ut
2140 2165 2458 2217 annuntiem
2488 2180 2677 2220 omnes
2706 2167 3047 2224 laudationes
3077 2173 3217 2238 tuas.

1909 2246 1999 2300 28.
2043 2248 2100 2301 ln
2142 2253 2316 2319 portis
2343 2253 2466 2308 ﬁlia:
2494 2253 2645 2309 Sion.

1909 2339 1998 2393 29.
2040 2339 2452 2399 Exsultabimus
2491 2346 2546 2400 in
2582 2347 2808 2402 salutari
2851 2358 2965 2403 tuo.

1906 2430 1994 2485 50.
2040 2430 2221 2487 lnﬁxa:
2246 2444 2375 2488 sunt
2399 2446 2587 2507 gentes
2609 2438 2663 2491 in
2689 2438 2932 2503 interitu,
2961 2456 3121 2509 quem
3148 2438 3416 2503 fecerunt.

1905 2519 1996 2575 51.
2039 2521 2095 2575 ln
2122 2524 2319 2594 laqueo
2350 2526 2477 2593 isto,
2508 2542 2669 2596 quem
2704 2530 3133 2597 absconderunt,
3169 2547 3418 2602 compre-

1837 2614 2044 2667 hensus
2079 2625 2162 2669 est
2192 2632 2287 2685 pes
2317 2632 2528 2674 eorum.

1285 2715 1663 2777 ATHANASII
1700 2724 2292 2791 INTERPRETATIO.

227 2803 314 2857 12.
344 2803 531 2868 Οὕτως
559 2805 854 2869 ἀπώλοντο,
882 2805 1023 2860 ὥστε
1057 2809 1325 2881 ἀκουστὴν
1352 2812 1606 2879 γενέσθαι
1633 2815 1733 2888 τὴν

142 2895 428 2951 ἀπώλειαν
457 2896 654 2962 αὐτῶν,
692 2899 785 2950 καὶ
817 2898 949 2969 μηδὲ
974 2901 1194 2972 μνήμην
1226 2903 1404 2957 αὐτῶν
1445 2905 1730 2978 φέρεσθαιυ

226 2989 314 3042 15.
364 2990 421 3041 Ὀ
456 2989 512 3041 δὲ
548 2989 752 3060 Κύριος
778 2991 942 3054 ἀΐδιος
977 2992 1088 3064 ζωή
1124 2994 1290 3050 ἐστιν.

224 3080 313 3136 lxi.
347 3081 628 3153 Προώρισε
650 3083 740 3135 τὸν
764 3082 950 3154 θρόνον
980 3085 1168 3143 αὐτοῦ.

228 3173 315 3227 15.
346 3172 519 3237 Αὐτὸς
540 3174 649 3247 γὰρ
674 3179 851 3247 κρινεί
871 3177 1088 3248 ἑκάστῳ
1118 3178 1261 3233 κατὰ
1285 3179 1355 3233 τὰ
1381 3178 1519 3251 ἔργα
1544 3180 1729 3253 αὐτοῦ,

228 3349 317 3404 16.
365 3350 593 3421 Ὀρθῶς,
630 3354 1150 3426 ἀπροσωπολήπτως

224 3440 314 3503 17,
342 3441 428 3495 18.
456 3442 658 3512 Βοηθὸς
686 3445 743 3495 ἐν
774 3445 1102 3516 εὐκαιρίαις,
1129 3448 1187 3500 ἐν
1216 3446 1458 3518 θλίψεσιν
1482 3467 1496 3481 ⁸
1527 3453 1732 3507 εὐκαι-

135 3531 330 3598 ρίαις,
381 3531 557 3599 λέγει,
612 3533 815 3587 ὡσανεὶ
865 3537 924 3588 ἐν
969 3537 1045 3608 τῷ
1085 3534 1224 3592 εἶναι
1277 3540 1369 3595 τὸν
1416 3542 1626 3615 πένητα
1664 3548 1729 3621 τῇ

141 3622 296 3694 ψυχῇ
332 3623 654 3695 ἀϐοήθητον,
687 3627 875 3695 ἐγένου
910 3629 1059 3700 αὐτῷ
1089 3629 1304 3701 βοηθός.

221 3822 310 3876 19.
353 3824 415 3875 Οἱ
444 3823 553 3895 γὰρ
588 3824 661 3897 μὴ
686 3824 904 3893 γνόντες
933 3826 1093 3881 αὐτὸν
1122 3829 1475 3902 ἐσταύρωσαν
1510 3834 1692 3889 αὐτόν.

221 3913 314 3967 20.
356 3915 495 3978 Τοὺς
525 3915 918 3981 ἐπιποθοῦντάς
950 3935 1030 3981 σε,
1059 3919 1251 3991 Κύριε.

218 4005 284 4059 21
298 4047 313 4060 .
369 4007 740 4079 Ἀνυμνήσατε
760 4009 852 4063 τὸν
870 4011 1167 4081 οἰκήσαντα
1184 4014 1387 4086 Κύριον
1406 4018 1463 4070 ἐν
1480 4021 1544 4090 τῇ
1568 4019 1725 4083 Σιὼν,

142 4096 279 4151 ἔνθα
311 4096 491 4169 ὤφθη.

216 4192 311 4247 22.
366 4193 823 4263 Ἐπιτηδεύματα
858 4196 1042 4249 αὐτοῦ
1063 4212 1076 4226 ·
1105 4196 1173 4250 τὰ
1195 4198 1534 4270 δικαιώματα
1558 4201 1719 4271 λέγει.

214 4284 312 4339 25.
350 4279 503 4353 Αἷμα
530 4284 678 4354 λέγει
708 4285 807 4349 τὰς
828 4285 1003 4355 ψυχὰς
1031 4287 1228 4341 αὐτῶν.

1907 2825 1997 2880 12.
2026 2825 2105 2881 Ita
2142 2837 2387 2899 pereant,
2429 2839 2491 2885 ut
2518 2846 2710 2886 eorum
2748 2832 2906 2886 ruina
2939 2832 3212 2898 audiatur,
3237 2848 3415 2904 neque

1837 2915 1949 2969 ulla
1978 2931 2169 2971 eorum
2196 2919 2456 2972 memoria
2490 2920 2724 2989 supersit
2764 2938 2777 2975 :

1912 3008 1999 3061 15.
2038 3007 2305 3064 Dominus
2336 3018 2518 3064 autem
2552 3019 2752 3065 aeterna
2784 3010 2893 3065 vita
2921 3019 3022 3066 est.

1909 3100 1995 3155 14.
2027 3101 2324 3158 Praalinivit
2355 3104 2612 3157 thronum
2648 3118 2829 3160 suum.

1904 3192 1992 3247 15.
2020 3194 2141 3263 ipse
2168 3195 2314 3249 enim
2344 3194 2411 3250 de
2442 3210 2775 3265 unoquoque
2792 3195 3063 3264 judicabit
3103 3197 3410 3254 secundum

1834 3298 2001 3353 opera
2031 3286 2175 3355 ejus,

1906 3374 1993 3430 16.
2028 3374 2195 3431 Recte
2220 3383 2273 3431 et
2308 3376 2427 3431 sine
2449 3392 2808 3447 personarum
2838 3378 3177 3449 acceptione.

1905 3464 2111 3528 17,18.
2148 3466 2383 3536 Adjutor
2428 3468 2482 3520 in
2530 3469 3053 3537 opportunitatibus,
3084 3469 3136 3523 in
3184 3470 3413 3526 tribula—

1833 3556 2077 3612 tionibus
2105 3577 2119 3613 :
2150 3558 2205 3613 in
2228 3561 2712 3630 opportunitatibus
2738 3561 2888 3625 dicit,
2928 3561 3097 3615 veluti
3126 3576 3251 3616 cum
3287 3578 3412 3617 ani-

1832 3666 1921 3705 ma
1946 3667 2149 3722 pauper
2184 3661 2348 3717 esset,
2380 3661 2435 3708 et
2463 3654 2582 3708 sine
2628 3653 2912 3723 adjutore,
2954 3652 3133 3709 factus
3186 3670 3247 3710 es
3296 3655 3405 3725 ipsi

1832 3742 2068 3811 adjutor.

1901 3834 1988 3887 19.
2032 3832 2244 3887 Etenim
2276 3849 2385 3887 non
2415 3843 2808 3903 cognoscentes
2831 3834 3405 3900 eum,crucitixerunt.

1900 3926 1991 3981 20.
2037 3926 2418 3981 Desiderantes
2452 3934 2526 3991 te,
2567 3924 2820 3990 Domine,

1897 4019 1989 4072 2i.
2031 4017 2271 4072 Laudate
2304 4016 2619 4085 Dominum,
2666 4018 2760 4087 qui
2796 4016 3007 4071 habitat
3037 4018 3092 4070 in
3129 4014 3283 4084 Sion,
3310 4018 3406 4072 ubi

1827 4110 1980 4164 visus
2017 4116 2120 4163 est.

1897 4200 1987 4254 22.
2029 4198 2223 4253 Studia
2251 4198 2386 4267 ejus,
2416 4197 2662 4267 justitias
2691 4197 2982 4267 signiﬁcat.

1897 4292 1985 4346 25.
2028 4291 2357 4361 Sanguinem
2388 4299 2546 4346 vocat
2579 4290 2790 4345 animas
2817 4305 3024 4345 eorum.

214 4374 307 4429 24.
354 4374 472 4442 Τὴν
508 4374 778 4445 κραυγὴν
804 4375 923 4428 τῶν
953 4375 1244 4443 πενήτων,
1270 4378 1378 4433 τῶν
1425 4381 1595 4449 ἁγίων
1638 4383 1723 4436 λέ-

1897 4383 1987 4440 24.
2029 4382 2326 4437 Clamorem
2375 4399 2685 4454 pauperum,
2737 4384 3031 4438 clamorem
3085 4387 3401 4437 sanctorum

213 4485 253 4523 ι.

140 4484 309 4615 γε25.
350 4559 471 4612 Τῶν
496 4559 755 4613 διαϐόλων
785 4560 954 4628 λέγει.

212 4651 304 4706 26.
346 4653 553 4718 Πύλας
564 4650 821 4705 θανάτου
837 4653 985 4721 λέγει
1000 4653 1098 4716 τὰς
1116 4652 1335 4725 διδαχὰς
1349 4656 1439 4709 τοῦ
1456 4657 1721 4713 διαϐόλου.

210 4740 301 4794 27.
348 4739 535 4804 Ὅπως
558 4738 624 4793 ἂν
654 4740 872 4812 κηρύξω
900 4738 1080 4805 πάσας
1105 4742 1203 4806 τὰς
1230 4745 1504 4815 εὐφημίας
1538 4765 1652 4802 σου.

208 4830 302 4886 28.
344 4829 497 4884 Σιὼν
540 4832 637 4901 μὲν
676 4832 1036 4903 ἑρμηνεύεται
1079 4831 1545 4904 σκοπευτήριονσ
1596 4840 1724 4905 περὶ

137 4925 196 4979 δὲ
229 4927 333 4995 τῆς
366 4924 478 4977 ἄνω
513 4923 868 4994 Ἰερουσαλὴμ
896 4924 1063 4993 λέγει.

208 5016 299 5071 29.
355 5014 820 5085 Ἀγαλλιασόμεθα
854 5018 912 5068 ἐν
942 5016 1018 5087 τῷ
1046 5017 1207 5071 πάθει
1242 5035 1356 5084 σου,
1386 5019 1552 5089 λέγει.

212 5110 307 5174 50,
339 5109 432 5163 51.
475 5107 644 5178 Ἔθνη
685 5108 829 5176 λέγει
858 5107 957 5173 τὰς
987 5109 1245 5182 δυνάμεις
1276 5111 1369 5164 τοῦ
1394 5112 1591 5184 ἐχθροῦ
1625 5115 1709 5181 ἐμ-

136 5201 429 5269 παγείσας,
463 5200 557 5252 καὶ
588 5198 984 5269 συλληφθείσας
1023 5201 1116 5254 ἐπὶ
1154 5203 1432 5274 συντελείᾳ
1454 5203 1560 5258 τῶν
1592 5205 1720 5258 αἰώ-

137 5312 244 5348 νων
275 5295 336 5346 ἐν
378 5295 499 5355 ταῖς
531 5292 802 5362 ἁνομίαις,
837 5287 925 5355 αἶς
953 5293 1108 5346 αὐτοὶ
1153 5294 1412 5365 ἐφεῦρον·
1448 5296 1535 5350 διὰ
1563 5297 1719 5350 τοῦτο

134 5386 322 5457 λέγει’
371 5387 424 5440 '0
480 5384 633 5449 ποῦς
674 5384 873 5438 αὐτῶν
924 5386 1297 5455 συνελήφθη,
1348 5388 1591 5442 τουτέστι
1651 5389 1717 5443 τὰ

136 5479 340 5552 ἔσχατα
362 5478 543 5533 αὐτῶν
561 5494 573 5506 ·
599 5474 751 5539 τέλος
776 5474 884 5547 γὰρ
911 5478 1111 5542 παντὸς
1136 5478 1228 5530 τοῦ
1254 5478 1506 5549 σώματος
1530 5482 1558 5542 ᾧ
1579 5479 1717 5543 ποῦς

136 5574 284 5627 ἐστι·
315 5572 396 5626 διὸ
428 5570 523 5625 καὶ
553 5568 837 5639 θεωρεῖται
860 5569 952 5623 καὶ
975 5570 1357 5643 ἀλληγορεῖται
1387 5572 1468 5635 εὶς
1493 5571 1563 5626 τὰ
1586 5571 1712 5643 τέλη

136 5666 241 5719 τῶν
274 5665 508 5720 αἰώνων.

1826 4486 2004 4531 vocat.

1893 4565 1983 4620 25.
2026 4564 2100 4621 De
2127 4565 2356 4621 diabolis
2389 4564 2467 4620 ait

1894 4659 1982 4711 26.
2025 4656 2221 4713 Portas
2252 4658 2438 4710 mortis
2462 4664 2640 4721 vocat,
2674 4655 2954 4709 doctrinas
2982 4654 3202 4709 diaboli.

1898 4751 1986 4804 27.
2031 4751 2102 4806 Ut
2136 4751 2422 4821 praedicem
2457 4764 2647 4804 omnes
2677 4749 2867 4801 laudes
2901 4756 3041 4802 tuas.

1890 4842 1981 4897 28.
2023 4843 2155 4897 Sion
2179 4841 2395 4910 quidem
2424 4841 2807 4908 interpretatur
2830 4838 3042 4907 specula
3066 4854 3085 4892 :
3117 4839 3182 4894 de
3207 4855 3400 4911 super-

1820 4952 1889 4990 na
1923 4934 2225 4989 Jerusalem
2261 4933 2522 5003 loquitur.

1887 5030 1976 5084 29.
2020 5027 2425 5083 Exsultabimus
2455 5026 2507 5079 in
2534 5025 2791 5095 passione
2829 5034 2939 5087 tua,
2974 5026 3175 5095 inquit.

1887 5121 1976 5184 50,
2013 5121 2101 5173 51.
2139 5118 2326 5172 Gentes
2381 5126 2538 5171 vocat
2564 5117 2889 5187 ’potestates
2941 5116 3153 5170 inimici
3188 5116 3245 5170 in
3289 5116 3397 5172 ﬁne

1818 5213 2143 5268 saeculorum
2191 5212 2410 5275 inﬁxas,
2442 5217 2500 5264 et
2531 5210 2964 5278 comprehensas
3002 5208 3058 5261 in
3089 5207 3397 5289 iniquitati-

1816 5305 1940 5369 bus,
1971 5319 2109 5374 quas
2138 5303 2238 5371 ipsi
2267 5304 2625 5366 invenerunt;
2650 5309 2934 5370 propterea
2973 5299 3108 5353 dicit
3137 5317 3150 5352 :
3187 5297 3283 5350 Pes
3308 5314 3395 5350 eo-

1816 5413 1935 5450 rum
1955 5396 2354 5465 comprehensus
2384 5401 2482 5459 est,
2508 5393 2612 5446 hoc
2639 5401 2723 5447 est
2747 5406 2937 5445 eorum
2966 5388 3298 5453 novissima;
3329 5387 3398 5442 ﬁ-

1814 5490 1903 5544 nis
1931 5489 2075 5544 enim
2110 5488 2276 5545 totius
2313 5485 2558 5556 corporis
2594 5500 2690 5554 pes
2715 5494 2836 5550 est;
2868 5490 3153 5552 propterea
3191 5480 3396 5553 allego-

1814 5581 1927 5636 rice
1955 5580 2355 5644 consideratur,
2386 5586 2440 5634 et
2471 5577 2674 5634 dicitur
2705 5576 2773 5632 de
2798 5572 3123 5631 saeculorum
3155 5570 3285 5628 ﬁne.
