3878 6218
2214 105 2222 134 ί

481 273 584 330 679
1360 266 1416 321 S.
1456 263 1838 321 ATHANASH
1879 264 2012 322 OPP

2325 261 2391 317 ll.
2428 291 2495 302 ——-
2532 260 2948 316 EXEGETICA.
3673 263 3777 319 680

552 386 642 442 59..
683 383 1052 454 Cognoscetur
1081 381 1346 437 Dominus
1372 381 1578 452 judicia
1607 381 1835 437 faciens.

2091 387 2139 443 Α
2240 377 2328 432 52.
2361 377 2692 431 Γινώσκεται
2727 377 2932 449 Κύριος
2967 379 3210 449 κρίματα
3235 377 3425 433 ποιῶν.

553 480 645 535 55.
685 478 744 533 ln
774 477 1034 548 operibus
1067 491 1330 530 manuum
1363 490 1586 530 suarum
1636 474 2070 544 comprehensus

2249 470 2339 524 55.
2396 471 2484 522 Ἐν
2533 473 2647 534 τοῖς
2673 471 2855 541 ἔργοις
2881 470 2990 524 τῶν
3022 471 3220 542 χειρῶν
3247 473 3414 526 αὑτοῦ
3451 473 3774 546 συνελήφθη

483 579 566 628 est
595 579 871 641 peccator.

2174 564 2202 616 ὁ
2227 564 2567 634 ἁμαρτωλός.

554 662 644 716 54.
686 661 1087 713 Convertantur
1114 665 1434 728 peccatores
1463 657 1518 711 in
1541 656 1856 723 infernum;
2068 709 2073 713 .

2243 656 2330 710 54.
2371 658 2906 727 Ἀποστραφήτωσαν
2938 658 2988 708 οἱ
3014 657 3333 727 ἁμαρτωλοὶ
3372 659 3452 721 είς
3481 657 3577 712 τὸν
3604 656 3770 728 ᾅδην·

553 753 643 809 55.
686 751 891 808 Omnes
919 759 1114 822 gentes
1144 765 1265 820 quae
1297 750 1698 805 obliviscuntur
1731 750 1920 805 Deum.

2243 748 2330 801 55.
2363 747 2546 800 Πάντα
2568 747 2639 800 τὰ
2664 747 2790 818 ἔθνη
2817 748 2887 800 τὰ
2916 749 3384 819 ὲπιλανθανόμενα
3412 749 3510 802 τοῦ
3551 748 3722 802 Θεοῦ.

553 845 643 900 56.
686 843 957 910 Quoniam
993 857 1099 896 non
1125 842 1179 896 in
1213 842 1375 896 ﬁnem
1408 841 1611 896 oblivio
1639 842 1743 896 erit
1773 841 2066 911 pauperis:

2245 839 2334 894 56.
2378 841 2498 893 Ὅτι
2527 840 2626 892 οὐκ
2660 842 2740 920 εἰς
2774 841 2925 904 τέλος
2954 841 3342 914 ὲπιλαθήσεται
3374 845 3402 895 ὁ
3437 844 3663 912 πτωχός
3687 859 3701 871 ·

556 937 646 991 57.
687 935 956 990 Patientia
989 949 1290 1004 pauperum
1319 949 1430 988 non
1457 933 1654 1003 peribit
1680 933 1734 986 in
1764 933 1953 988 linem.

2248 934 2334 988 57.
2388 934 2454 986 Ἠ
2482 933 2728 1004 ὑπομονὴ
2762 933 2870 988 τῶν
2925 935 3171 1006 πενήτων
3223 937 3325 988 οὑκ
3369 936 3665 989 ἀπολεῖται
3697 936 3779 998 εἰς

2172 1024 2340 1088 τέλος.

558 1116 645 1172 58.
687 1115 956 1185 Exsurge,
989 1113 1238 1178 Domine,
1264 1128 1375 1166 non
1408 1112 1747 1167 confortetur
1780 1112 1947 1167 homo
1977 1130 1991 1167 :

2245 1118 2332 1172 58.
2372 1117 2679 1190 Ἀνάστηθι,
2699 1119 2893 1190 Κύριε,
2921 1119 2994 1191 μὴ
3022 1121 3403 1192 κραταιούσθω
3431 1121 3738 1194 ἄνθρωπος
3757 1139 3772 1154 ο

559 1209 647 1263 59.
690 1206 1012 1261 Judicentur
1045 1215 1234 1274 gentes
1269 1203 1322 1256 in
1355 1213 1650 1272 conspectu
1685 1213 1800 1257 tuo.

1768 1219 1800 1256 ι.
2240 1211 2328 1264 59.
2372 1211 2734 1281 Κριθήτωσαν
2764 1211 2892 1280 ἔθνη
2922 1211 3154 1265 ἐνώπιόν
3184 1229 3299 1266 σου.

557 1298 647 1352 40.
690 1297 994 1359 Constitue,
1025 1295 1271 1358 Domine,
1299 1295 1665 1363 legislatorem
1699 1310 1864 1365 super
1890 1309 1984 1350 eos
2019 1314 2032 1350 :

2242 1305 2329 1358 40.
2363 1305 2740 1374 Κατάστησον,
2777 1304 2969 1374 Κύριε,
2999 1304 3296 1375 νομοθέτην
3321 1306 3407 1358 ἐπ’
3438 1305 3675 1370 αὐτούς’

557 1387 645 1440 41.
689 1385 760 1441 Ut
785 1385 960 1440 sciant
994 1394 1180 1454 gentes
1212 1384 1471 1454 quoniam
1506 1385 1756 1440 homines
1787 1395 1932 1440 sunt.

1910 1425 1932 1437 ι·
2239 1397 2328 1449 41.
2367 1395 2662 1448 Γνὼτωσαν
2692 1395 2820 1466 ἔθνη
2852 1396 2932 1447 ὅτι
2975 1396 3252 1467 ἄνθρωποί
3281 1400 3441 1450 εἰσιν.

503 1531 506 1534 .
558 1482 647 1535 42.
688 1479 910 1548 thuid,
944 1478 1192 1543 Domine,
1229 1477 1506 1531 recessisti
1542 1477 1741 1548 longe?

2244 1489 2332 1543 42.
2375 1489 2491 1540 Ἵνα
2528 1488 2602 1548 τί,
2634 1487 2830 1558 Κύριε,
2865 1488 3188 1558 ἀφέστηκας
3217 1489 3529 1560 μακρόθεν;

559 1572 648 1625 45.
690 1571 937 1626 Desoicis
962 1570 1016 1622 in
1043 1569 1564 1639 opportunitatibus,
1597 1570 1651 1622 in
1701 1570 2073 1626 tribulationi-

2002 1572 2073 1626 li-
2243 1581 2330 1635 45.
2377 1581 2680 1652 Ὑπερορᾷς
2708 1581 2766 1631 ὲν
2800 1580 3123 1650 εὐκαιρίαις,
3157 1583 3214 1633 ἐν
3255 1580 3533 1649 elici/saw;

489 1663 630 1718 bus?

565 1756 651 1809 44.
695 1755 833 1810 Dum
863 1754 1109 1826 superbit
1136 1756 1357 1824 impius,
1393 1756 1706 1811 incenditur
1734 1771 1960 1826 pauper.

2247 1753 2335 1806 44.
2379 1754 2467 1806 Ἐν
2497 1752 2575 1822 τῷ
2628 1752 3131 1822 ὑπερηφανεύεσθαι
3175 1754 3267 1807 τὸν
3296 1755 3491 1826 ἀσεϐῆ,
3524 1756 3771 1828 ἐμπυρί-

2177 1847 2328 1912 ζεται
2353 1847 2380 1898 ὁ
2412 1846 2648 1915 πτωχός.

564 1937 649 1990 45.
690 1935 1245 2006 Comprehenduntur
1291 1937 1346 1990 in
1397 1937 1642 1992 consiliis
1685 1938 1884 2004 quibus
1931 1951 2077 2004 cogi-

2247 1938 2339 1993 45.
2400 1936 2874 2006 Συλλαμδάνονται
2923 1937 2980 1988 ἐν
3033 1936 3395 2003 διαϐουλίοις,
3449 1935 3532 2002 οἷς
3581 1940 3770 1994 διαλο-

493 2037 627 2084 tant.

2177 2027 2441 2096 γίςονται.

562 2117 651 2173 46.
695 2117 963 2184 Quoniam
993 2119 1249 2174 laudatur
1279 2127 1534 2188 peccator
1556 2119 1609 2172 in
1643 2119 1931 2174 desideriis
1956 2117 2074 2172 ani-

2248 2121 2336 2175 46.
2372 2122 2492 2173 "Ott
2533 2121 2833 2173 ἐπαινεῖται
2880 2123 2908 2174 ὁ
2947 2123 3274 2195 ἁμαρτωλὸς
3323 2125 3382 2176 ὲν
3410 2127 3531 2188 ταῖς
3571 2125 3770 2180 ἐπιθυ-

496 2226 597 2266 ωιε
635 2225 768 2275 suae,

2182 2214 2332 2284 μίαις
2360 2214 2462 2282 τῆς
2487 2213 2666 2283 ψυχῆς
2695 2213 2860 2266 αὑτοῦ
2883 2233 2895 2246 ·

563 2301 654 2356 47.
697 2299 765 2354 Εῑ
802 2300 1023 2369 iniquus
1050 2300 1419 2355 benedicitur.
1797 2353 1799 2355 .

1797 2353 1799 2355 _
2251 2308 2341 2361 47.
2384 2308 2494 2360 Καὶ
2521 2309 2550 2360 ὁ
2587 2306 2790 2360 ἀδικῶν
2815 2309 3195 2379 ὲνευλογεῖται.

563 2392 653 2446 48.
698 2390 1057 2446 Exacerbavit
1082 2390 1372 2444 Dominum
1406 2400 1698 2460 peccator;

2250 2401 2340 2454 48.
2378 2400 2674 2470 Παρώξυνε
2707 2401 2796 2452 τὸν
2840 2401 3043 2474 Κύριον
3076 2408 3104 2458 ὁ
3148 2406 3472 2477 ἁμαρτωλός
3499 2424 3512 2436 ·

564 2482 650 2537 40.
695 2480 1011 2536 Secundum
1035 2479 1442 2533 multitudinem
1471 2481 1564 2534 irae
1592 2497 1705 2535 sua:
1723 2495 1830 2537 non
1850 2487 2075 2551 quaeret.

2246 2494 2335 2547 49.
2372 2493 2528 2546 Κατὰ
2569 2493 2631 2546 τὸ
2663 2493 2868 2562 πλῆθος
2909 2496 3011 2566 τῆς
3059 2499 3228 2569 ὀργῆς
3263 2501 3429 2555 αὐτοῦ
3467 2501 3570 2555 οὐκ
3602 2497 3770 2572 ἐκζη-

2177 2587 2362 2658 τήσει.

565 2676 656 2732 50.
694 2675 814 2731 Νοη
848 2683 933 2730 est
961 2673 1104 2729 Deus
1130 2675 1183 2726 in
1219 2684 1516 2742 conspectu
1547 2673 1703 2744 ejus:

2249 2679 2338 2734 50.
2371 2681 2484 2734 Οὐκ
2513 2683 2659 2736 ἔστιν
2688 2687 2716 2738 ὁ
2745 2685 2874 2751 Θεὸς
2904 2687 3132 2740 ἐνώπιον
3155 2685 3355 2754 αὐτοῦ’·

567 2769 657 2825 51.
697 2768 999 2839 lnquinatae
1031 2773 1158 2821 sunt
1192 2765 1291 2820 viae
1323 2767 1470 2822 illius
1505 2767 1560 2820 in
1601 2767 1750 2821 omni
1780 2775 2041 2838 tempore.

2257 2772 2344 2826 51.
2378 2774 2740 2847 Βεϐηλοῦνται
2781 2781 2835 2833 αἱ
2857 2781 2966 2833 ὁδοὶ
2987 2781 3154 2835 αὑτοῦ
3179 2783 3235 2833 ὲν
3265 2780 3430 2834 παντὶ
3453 2778 3655 2850 καιρῷ.

1639 2923 2015 2980 ATHANASII
2054 2925 2637 2985 INTEBPRETATIO.

564 3081 655 3140 τε.
691 3079 1076 3150 Cognoverunt
1120 3095 1332 3146 omnes,
1371 3078 1519 3150 quod
1577 3087 1759 3149 potest
1787 3081 2079 3138 vindictam

2257 3090 2345 3145 5'2.
2399 3089 2746 3157 Ἐπέγνωσαν
2803 3090 3021 3155 πάντες,
3073 3093 3154 3145 ὅτι
3208 3092 3428 3148 δύναται
3483 3094 3767 3165 ἐκδίκησιν

498 3175 700 3232 facere.

2187 3185 2385 3236 ποιεῖν.

568 3269 658 3322 55.
695 3265 890 3322 Cordis
917 3266 1004 3321 sui
1039 3267 1238 3336 inquit.

2257 3271 2344 3324 55.
2389 3271 2502 3340 Τῆς
2535 3271 2761 3341 καρδίας
2787 3272 2954 3325 αὑτοῦ
2990 3273 3157 3342 λέγει.
3461 3343 3464 3348 Ι

568 3360 659 3422 54,
689 3360 778 3416 55.
814 3359 1018 3414 Omnes
1048 3348 1193 3414 enim
1224 3366 1543 3428 peccatores,
1571 3358 1665 3428 qui
1693 3373 1838 3413 nunc
1859 3367 2006 3424 sunt,
2030 3359 2086 3413 in

2255 3363 2345 3424 54,
2381 3362 2467 3416 55.
2510 3364 2572 3415 Οἱ
2604 3363 2712 3434 γὰρ
2749 3365 2899 3426 ὄντες
2930 3366 3010 3426 εἰς
3054 3365 3152 3437 τὴν
3194 3364 3301 3436 γῆν
3348 3367 3767 3434 ἀπελεύσονται,

499 3465 702 3509 terram
740 3462 1119 3519 revertentur;
1175 3454 1436 3522 quoniam
1491 3450 1642 3508 obliti
1690 3457 1817 3504 sunt
1868 3450 1962 3505 Dei
1992 3467 2026 3521 q

2240 3473 2267 3507 ἰ
2299 3455 2621 3508 ἐπελάθοντο
2669 3456 2760 3509 τοῦ
2808 3456 2941 3509 Θεοῦ
2982 3456 3075 3509 τοῦ
3111 3457 3394 3524 κτίσαντος
3419 3462 3645 3526 αὐτοὺς,
3679 3460 3771 3515 καὶ

498 3547 705 3601 creavit
737 3560 854 3608 eos,
888 3551 942 3600 et
973 3544 1309 3600 descendent
1339 3545 1394 3598 in
1428 3542 1758 3613 profundum
1791 3541 2012 3597 inferni.

1620 3543 1758 3597 idum
1791 3541 2012 3597 inferni.
2185 3546 2586 3616 καταϐήσονται
2620 3548 2702 3609 εἰς
2728 3548 2978 3617 πυθμένα
3007 3549 3151 3619 ᾅδου.

566 3638 658 3701 56,
692 3638 781 3694 57.
820 3636 1122 3706 Pauperem
1156 3645 1212 3690 et
1240 3637 1481 3705 inOpem,
1523 3644 1679 3690 vocat
1705 3635 1939 3705 justum.

2255 3638 2344 3705 56,
2375 3640 2461 3692 57.
2507 3640 2726 3710 Πτωχὸν
2760 3642 2853 3693 καὶ
2883 3641 3089 3712 πένητα
3121 3644 3210 3695 τὸν
3234 3643 3444 3696 δίκαιον
3471 3645 3644 3712 λέγει.

569 3726 658 3781 58.
694 3725 852 3792 Veni,
881 3725 1132 3790 Domine,
1158 3741 1226 3779 ne
1249 3725 1416 3780 veluti
1438 3725 1563 3794 jure
1588 3739 1690 3779 suo
1722 3724 1956 3794 quisque
1989 3737 2086 3778 no-

2257 3731 2342 3786 58.
2399 3732 2571 3797 Ἐλθὲ,
2609 3733 2801 3804 Κύριε,
2841 3734 2914 3805 μὴ
2965 3733 3040 3798 ὡς
3091 3736 3611 3809 αὑτοδεσποτησάτω
3642 3738 3769 3791 ἕκα-

498 3825 673 3872 strum
703 3816 872 3871 libere
899 3816 1233 3870 dominetur.

986 3817 1176 3870 rninetu
1186 3833 1233 3870 Γ.
2188 3842 2311 3888 στος
2344 3825 2517 3895 ἡμῶν.

571 3906 659 3962 59.
702 3906 1174 3971 Demonstrentur,
1214 3906 1358 3977 quod
1391 3913 1640 3976 peccant.

2256 3918 2344 3972 59.
2385 3917 2783 3988 Δειχθήτωσαν,
2815 3919 2896 3971 ὅτι
2922 3919 3400 3992 διαμαρτάνουσιν.

571 3997 662 4051 40.
703 3996 1094 4066 Legislatorem
1124 3995 1415 4050 Dominum
1459 4004 1642 4052 vocat.

2198 4037 2203 4041 -
2256 4009 2345 4064 40.
2387 4010 2702 4081 Νομοθέτην
2728 4011 2817 4064 τὸν
2851 4011 3053 4082 Κύριον
3083 4015 3248 4084 λέγει.

571 4091 661 4146 41.
701 4089 1053 4161 Cognoscant
1085 4105 1239 4145 suam
1267 4090 1672 4146 inﬁrmitatem.

2255 4101 2344 4154 41.
2399 4101 2693 4169 Ἐπιγνῶσι
2727 4102 2824 4174 τὴν
2856 4104 3062 4157 ἑαυτῶν
3092 4105 3394 4161 ἀσθένειαν.

569 4181 661 4237 42.
700 4181 885 4237 Sivisti
916 4197 1018 4236 nos
1052 4181 1336 4235 voluntate
1362 4191 1548 4236 nostra
1585 4182 1854 4237 incedere.

2257 4192 2346 4245 42.
2389 4192 2589 4255 Εἴασας
2617 4195 2762 4263 ἡμᾶς
2790 4195 2868 4265 τῷ
2903 4196 3200 4267 βουλήματι
3230 4198 3387 4268 ἡμῶν
3417 4200 3765 4269 πορεύεσθαι.

570 4273 660 4329 45.
701 4273 759 4327 In
777 4273 1278 4342 opportunitatibus
1306 4273 1458 4339 dicit,
1478 4273 1729 4328 videlicet
1754 4289 1878 4329 cum
1907 4289 2083 4332 essem

2255 4284 2346 4337 45.
2383 4283 2723 4355 εὐκαιρίαις,
2750 4287 2916 4356 λέγει,
2940 4289 3137 4343 ὡσανεὶ
3159 4291 3217 4342 ὲν
3243 4290 3322 4359 τῷ
3349 4287 3491 4344 εἶναί
3520 4311 3589 4363 με
3610 4295 3768 4365 (160+,-

499 4365 651 4420 omni
679 4365 887 4419 atixilio
920 4363 1236 4418 destitutus.

838 4365 887 4418 io
920 4363 1236 4418 destitutus.
2112 4430 2160 4444 _
2188 4373 2369 4444 θητον.

575 4460 660 4514 44.
694 4459 833 4514 Cum
879 4457 1114 4526 insurgit
1166 4456 1418 4512 diabolus
1443 4456 1706 4511 adversus
1733 4456 1936 4527 justos,
1969 4458 2084 4513 bel-

2259 4466 2348 4519 44.
2403 4467 2490 4521 Ἐν
2521 4468 2598 4538 τῷ
2623 4470 3050 4539 κατεπαίρεσθαι
3084 4472 3173 4526 τὸν
3202 4473 3446 4528 διάϐολον
3492 4475 3638 4528 κατὰ
3665 4475 3769 4528 τῶν

499 4552 614 4606 lum
643 4565 835 4605 eorum
863 4549 1142 4604 mentibus
1170 4545 1338 4601 infert
1362 4565 1376 4601 :

2189 4558 2434 4622 δικαίων,
2475 4560 2703 4630 πολεμεῖ
2731 4562 2914 4622 αὐτοῖς
2941 4563 3080 4616 κατὰ
3108 4564 3362 4618 διάνοιαν.

573 4641 664 4699 45.
707 4641 771 4696 Ει
793 4643 1012 4696 demum
1043 4641 1278 4710 quisque
1308 4639 1590 4693 hominum
1619 4639 1706 4694 his
1740 4641 2084 4710 cogitationi-

2261 4651 2350 4702 45.
2394 4653 2501 4704 Καὶ
2529 4652 2714 4704 λοιπὸν
2753 4653 2984 4717 ἕκαστος
3017 4655 3127 4707 τῶν
3158 4657 3462 4728 ἀνθρώπων
3489 4663 3770 4730 κρατεῖται

501 4731 873 4792 bus/tenetur,
913 4745 1033 4798 qua:
1061 4745 1091 4783 a
1121 4728 1391 4798 Propheta
1426 4729 1812 4798 subjiciuntur.

2190 4744 2470 4814 λογισμοῖς
2499 4749 2612 4808 τοῖς
2639 4747 3017 4817 ὑποκειμένοις
3055 4749 3160 4802 ὑπὸ
3191 4751 3284 4804 τοῦ
3315 4752 3629 4822 ΙΙροςρήτου.

572 4823 664 4885 46,
699 4823 787 4876 47.
845 4821 1231 4890 Unusquisque
1274 4835 1489 4883 eorum,
1541 4822 1636 4889 qui
1695 4822 1904 4891 aliquid
1955 4824 2084 4876 mali

2259 4835 2350 4899 46,
2395 4836 2484 4888 47.
2529 4837 2796 4900 Ἕκαστος
2852 4839 2958 4890 τῶν
3005 4842 3300 4895 ποιούντων
3349 4844 3520 4895 κακόν
3571 4861 3626 4896 τι
3685 4846 3771 4897 καὶ

502 4923 835 4988 perpetrant,
862 4924 915 4970 et
944 4915 1148 4970 divitiis
1176 4913 1476 4980 abundant,
1510 4915 1604 4983 qui
1663 4915 1874 4984 seipsos
1925 4933 2033 4970 mu:

2240 4926 2587 4994 λουτούντων,
2621 4929 2716 4982 καὶ
2763 4933 2881 4992 ταῖς
2924 4930 3240 5001 ἐπιθυμίαις
3267 4932 3361 4985 τοῦ
3392 4934 3600 5002 κόσμου
3635 4936 3771 4988 ἐκδι-

503 5008 662 5062 danis
697 5006 1087 5075 cupiditatibus
1138 5007 1383 5071 tradunt,
1434 5006 1731 5060 laudantur
1776 5014 1831 5061 et
1877 5007 2034 5078 gloril

2238 5021 2386 5073 ἱντων
2431 5023 2676 5086 ἑαυτοὺς,
2708 5023 3008 5075 ἐπαινεῖται
3062 5025 3157 5077 καὶ
3201 5025 3482 5089 δοξάζεται
3531 5026 3638 5079 ὑπὸ
3666 5026 3769 5078 τῶν

503 5112 697 5158 cantur
729 5102 797 5156 ab
829 5101 984 5170 ipsis.

858 5101 984 5170 psis.
2191 5114 2389 5167 αὐτῶν.

574 5194 664 5259 48,
688 5193 776 5249 49.
806 5193 1163 5248 Vehementer
1194 5193 1414 5263 quidem
1441 5193 1706 5248 adversus
1737 5202 2080 5262 peccatorem

2260 5204 2348 5267 48,
2377 5204 2467 5258 49.
2521 5204 2827 5274 Ὀργίζεται
2858 5204 2955 5274 μὲν
2995 5205 3248 5274 μεγάλως
3287 5207 3380 5260 ἐπὶ
3415 5207 3494 5277 τῷ
3521 5208 3767 5280 ἁμαρτάν-

503 5288 792 5355 irascitur,
829 5303 1047 5342 rursum
1089 5295 1268 5340 autem
1300 5286 1631 5356 longanimis
1660 5294 1745 5340 est
1770 5301 1894 5341 cum
1923 5302 2010 5340 eo.

1782 5301 1894 5341 30m
1923 5302 2010 5340 θοι
2187 5314 2329 5352 νοντι
2347 5337 2360 5360 ,
2389 5297 2731 5368 μακροθυμεῖ
2757 5297 2814 5349 δὲ
2845 5296 3006 5349 πάλιν
3032 5298 3118 5348 ἐπ’
3146 5297 3313 5368 αὐτῷ.

575 5378 664 5441 50,
700 5378 787 5432 54.
826 5375 920 5430 llle
950 5388 1129 5431 autem
1155 5391 1263 5429 non
1291 5376 1598 5448 intelligens
1629 5377 1723 5432 Dei
1756 5377 2085 5446 longanimi-

2259 5389 2348 5450 50,
2380 5389 2468 5442 51.
2523 5389 2760 5451 Ἐκεῖνος
2791 5388 2868 5452 δὲ,
2908 5388 2982 5458 μὴ
3019 5387 3212 5442 συνιὼν
3243 5389 3341 5460 τὴν
3366 5389 3460 5442 τοῦ
3488 5390 3622 5444 Θεοῦ
3667 5407 3767 5461 μα-

502 5480 690 5533 tatem,
729 5485 837 5524 non
884 5470 988 5525 sibi
1027 5470 1282 5539 proponit
1309 5468 1479 5523 Deum
1511 5469 1750 5538 judicem
1800 5486 1959 5524 suum
1997 5468 2033 5524 fi

2233 5477 2507 5548 ροθυμίαν,
2537 5479 2597 5532 οὐ
2626 5479 2806 5551 τίθησι
2851 5480 2944 5532 τὸν
2987 5480 3118 5533 Θεὸν
3172 5482 3364 5552 κριτὴν
3415 5484 3615 5538 αὑτοῦ·
3653 5481 3764 5538 ἀλλ’

503 5572 727 5630 turum;
757 5564 850 5621 sed
883 5563 1100 5634 quidem
1137 5563 1190 5616 in
1225 5571 1506 5632 peccatum
1546 5578 1938 5635 usquequaque
1961 5580 2034 5633 δρι

1845 5579 1938 5635 lue
1961 5579 2083 5633 spe-
2186 5571 2275 5622 ἐπὶ
2309 5571 2406 5640 μὲν
2431 5575 2495 5642 τῇ
2524 5571 2768 5642 ἁμαρτίᾳ
2793 5574 2850 5625 ἐν
2882 5575 3044 5627 πᾶσιν
3069 5573 3180 5646 ὁρῶ
3210 5573 3376 5646 [ὁρῇ.

506 5663 635 5709 ctat.
