3878 6218
152 279 242 334 63.1
1098 286 1187 342 DE
1228 288 1505 348 TITULIS
1544 295 1994 357 PSALMORUM.
2036 333 2104 344 —
2141 302 2340 362 PSAL.
2382 307 2474 361 IX.
3284 327 3389 384 632

214 392 298 448 52.
317 392 748 466 Ἀνταναιρεῖται
774 398 840 452 τὰ
875 400 1121 471 κρίματά
1153 419 1245 455 σου
1295 407 1400 458 ἀπὸ
1430 409 1656 478 προσώπ

1897 417 1983 471 52.
2029 417 2361 474 Auferuntur
2394 421 2600 491 judicia
2635 431 2724 479 tua
2754 440 2784 480 a
2818 425 2958 484 facie
2981 431 3101 500 ejus
3129 453 3142 489 :

148 484 323 540 αὖτοῦ·

210 583 296 637 55,
325 579 554 632 Πάντων
586 579 690 633 τῶν
729 581 937 652 ἐχθρῶν
969 585 1132 637 αὑτοῦ
1161 593 1602 661 κατακυριεύσει.

1895 591 1982 644 55.
2025 591 2278 648 Omnium
2306 597 2648 654 inimicorum
2675 618 2898 661 suorum
2928 609 3317 672 dominabitur.

211 674 295 730 54.
333 667 466 726 Εἷπε
516 672 624 744 γὰρ
655 675 712 726 ἐν
736 676 932 746 καρδία
984 678 1146 730 αὐτοῦ
1172 697 1186 710 ·
1219 681 1291 732 Οὐ
1351 685 1424 753 μὴ
1476 685 1656 738 calent

1893 682 1979 735 5-4.
2024 683 2168 739 Dixit
2199 687 2341 740 enim
2376 689 2430 741 in
2461 691 2623 745 corde
2645 709 2744 745 suo
2772 713 2784 747 :
2817 695 2933 751 Non
2967 706 3226 761 movebor
3246 724 3277 763 a
3299 725 3387 780 ge-

146 767 244 821 ἀπὸ
267 767 458 832 γενεᾶς
489 767 574 827 εἰς
609 767 803 833 γενεὰν
833 767 960 820 ἄνευ
998 769 1192 824 κακοῦ.

1833 777 2102 830 neratione
2132 777 2183 831 in
2215 782 2616 848 generationem
2655 787 2770 842 sine
2801 793 2962 848 malo.

210 859 291 913 55.
315 850 386 910 Οὖ
415 857 559 928 ἀρᾶς
580 857 640 909 τὸ
662 858 833 928 στόμα
858 860 1020 913 αὐτοῦ
1045 860 1225 932 γέμει,
1251 864 1342 916 καὶ
1370 866 1592 937 πικρίας
1622 887 1654 921 κ

1890 867 1976 920 53.
2020 866 2188 937 Cujus
2219 871 2591 930 maledictione
2619 893 2679 932 os
2711 881 2926 949 plenum
2960 896 3062 953 est,
3097 899 3150 944 et
3180 892 3382 945 amari-

145 947 308 1009 δόλου,

1833 959 2024 1024 ιιιιῐὶηο,
2058 967 2109 1012 rt
2139 962 2285 1028 dolo,

206 1037 290 1092 56.
337 1036 472 1090 Ὑπὸ
506 1039 606 1108 τὴν
640 1038 1076 1106 γλῶσσαναύτοῦ
1108 1045 1273 1110 κόπος
1305 1049 1398 1100 καὶ
1433 1051 1610 1113 πόνος.

1889 1050 1975 1103 56.
2021 1051 2132 1105 Sub
2159 1054 2340 1123 lingua
2373 1057 2511 1125 ejus,
2546 1060 2698 1115 labor
2730 1072 2783 1118 et
2809 1065 2982 1123 dolor.

204 1135 288 1188 57.
337 1135 671 1206 Ἐγκάθηται
702 1139 760 1189 ἐν
793 1139 984 1209 ἐνέδρα
1013 1142 1148 1210 μετὰ
1184 1141 1488 1209 πλουσίων,

1886 1142 1973 1194 57.
2020 1141 2179 1198 Sedet
2212 1145 2264 1197 in
2296 1146 2508 1203 insidiis
2539 1167 2661 1206 cum
2692 1155 2968 1224 divitibus,

206 1225 287 1280 58.
339 1227 426 1279 Ἐν
457 1228 820 1298 ἁποκρύφοις,
858 1230 951 1282 τοῦ
986 1232 1302 1287 ἀποκτεῖναι
1338 1237 1533 1290 ἀθῶον.

1886 1233 1972 1286 58.
2018 1237 2076 1287 lu
2113 1238 2361 1302 occultis,
2395 1247 2450 1292 ut
2476 1241 2768 1299 interﬁciat
2799 1249 3161 1308 innocentem.

207 1320 286 1374 59.
306 1321 366 1373 Οἱ
382 1321 652 1390 ὀφθαλμοὶ
675 1322 836 1374 αὑτοῦ
861 1327 938 1386 εἰς
955 1324 1045 1377 τὸν
1065 1326 1271 1397 πένητα
1287 1329 1656 1382 ἀποϐλέπουσι

1884 1321 1970 1375 59.
2014 1321 2167 1376 Oculi
2193 1325 2312 1394 ejus
2340 1327 2393 1380 in
2425 1344 2715 1399 pauperem
2749 1339 3081 1404 respiciunt:

205 1411 284 1466 60.
336 1413 639 1486 Ἐνεδρεύει
670 1417 726 1466 ἐν
765 1416 1090 1487 ἀποκρύφῳ,
1115 1418 1190 1482 ὡς
1211 1419 1346 1473 λέων
1372 1422 1429 1473 ἐν
1468 1425 1534 1492 τῇ
1567 1423 1656 1492 μάτ

1883 1413 1970 1470 60.
2013 1413 2299 1470 lnsidialnr
2327 1419 2378 1471 in
2414 1421 2748 1492 abscondito,
2779 1432 2935 1497 quasi
2963 1432 3044 1486 leo
3074 1435 3126 1488 in
3156 1436 3377 1506 spelun-

143 1502 232 1573 δρα
251 1503 432 1558 αὐτοῦ.

1833 1521 1871 1560 :a
1903 1522 2020 1561 sua.

208 1596 288 1648 6L
326 1595 626 1664 Ἐνεδρεύει
651 1596 744 1649 τοῦ
777 1598 1022 1668 ἁρπάσαι
1057 1601 1295 1670 πτωχὸν,

1883 1598 1971 1652 61.
2013 1598 2309 1657 lnsidiatur
2348 1615 2407 1660 ut
2438 1607 2614 1676 rapiat
2647 1625 2962 1680 pauperem,

203 1684 284 1738 62.
335 1687 606 1756 Ἀρπάσαι
640 1690 852 1759 πτωχὸν
877 1693 934 1744 ἐν
965 1691 1038 1762 τῷ
1060 1693 1284 1746 ἑλκύσαι
1304 1694 1485 1747 αὐτόν.

1878 1691 1966 1744 62.
2010 1690 2217 1762 Rapere
2251 1710 2540 1765 pauperem
2569 1699 2698 1754 dum
2728 1704 2955 1758 attrahit
2980 1721 3125 1761 eum.

203 1776 281 1830 65.
321 1779 406 1832 Ἐν
432 1784 498 1851 τῇ
538 1782 727 1850 παγίδι
755 1783 920 1835 αὐτοῦ
943 1784 1271 1838 ταπεινώσει
1301 1787 1467 1840 αὐτόν
1492 1805 1506 1818 σ

1874 1779 1960 1834 65.
2004 1781 2060 1836 In
2092 1783 2287 1854 laqueo
2319 1803 2420 1842 suo
2451 1789 2761 1846 humiliabit
2786 1809 2906 1848 eum
2939 1815 2952 1850 :

202 1866 280 1920 6i.
307 1869 482 1940 Κύψει
513 1873 610 1925 καὶ
633 1878 900 1939 πεσεῖται,
918 1879 974 1928 ἐν
994 1877 1069 1946 τῷ
1091 1878 1250 1930 αὐτὸν
1274 1878 1656 1948 κατακυριεῦσι

1874 1868 1962 1923 64.
2004 1870 2286 1928 Inclinabit
2317 1892 2376 1930 se
2399 1886 2452 1932 et
2482 1881 2657 1947 cadet,
2693 1897 2818 1936 cum
2868 1885 3180 1944 dominatus
3209 1889 3372 1947 fuerit

143 1958 233 2012 τῶν
253 1963 513 2033 πενήτων.

1833 1973 2122 2035 μαυροψῐη.

206 2050 282 2104 65.
301 2049 432 2107 Εἷπε
454 2055 566 2126 γὰρ
583 2057 640 2110 ἐν
659 2058 1039 2131 καρδίᾳαύτοῦ
1059 2078 1072 2092 ·
1101 2061 1475 2134 Ἐπιλέλησται
1489 2066 1516 2116 6
1543 2064 1656 2126 656.:

1873 2052 1956 2105 63.
2000 2052 2148 2110 Dixit
2175 2057 2318 2110 enim
2355 2059 2408 2111 in
2443 2063 2603 2116 corde
2630 2080 2730 2118 suo
2765 2084 2777 2119 :
2816 2068 3025 2124 Oblitus
3046 2081 3126 2125 est
3151 2071 3291 2128 Deus
3319 2123 3331 2128 -

203 2138 279 2194 66.
325 2142 663 2216 Ἀπέστρεψε
699 2147 758 2199 τὸ
810 2149 1098 2218 πρόσωπον
1129 2151 1292 2202 αὐτοῦ
1343 2152 1434 2205 τοῦ
1470 2153 1543 2223 μὴ
1580 2152 1656 2223 βλε

1874 2143 1962 2200 66.
2005 2145 2214 2202 Avertit
2238 2148 2428 2204 faciem
2463 2170 2712 2210 suamne
2747 2158 2923 2212 videat
2959 2160 3012 2214 in
3042 2163 3224 2216 linem.

145 2243 250 2279 πειν
268 2231 342 2293 είς
360 2233 532 2297 τέλος.

203 2318 281 2373 67.
309 2321 626 2395 Ἀνάστηθι,
656 2327 826 2396 Κύριε
846 2331 874 2381 ὁ
898 2329 1028 2394 Θεός
1063 2349 1186 2401 μου,
1214 2332 1484 2404 ὑψωθήτω
1512 2337 1544 2406 ἡ
1575 2335 1656 2407 χεξ

1871 2320 1957 2375 67.
1999 2321 2261 2394 Exsurge,
2300 2325 2529 2383 Domine
2572 2329 2714 2386 Deus
2748 2349 2920 2399 meus,
2957 2337 3226 2392 exaltetur
3253 2355 3366 2392 ma-

145 2419 246 2468 σου,
285 2409 356 2480 μὴ
400 2414 638 2488 ἐπιλάϐῃ
663 2417 770 2470 τῶν
805 2422 1053 2489 πενήτων
1087 2441 1202 2477 σου.

1833 2427 1904 2468 ηυε
1940 2421 2052 2478 tua,
2082 2429 2150 2469 ne
2178 2417 2517 2474 obliviscaris
2551 2435 2848 2491 pauperum
2884 2434 3122 2481 tuorum.

197 2497 275 2553 68.
319 2502 540 2558 Ἕνεκεν
585 2509 731 2572 τίνος
762 2511 1080 2580 παρώξυνεν
1110 2518 1137 2568 6
1169 2515 1372 2586 ἀσεϐὴς
1399 2516 1489 2569 τὸν
1520 2515 1656 2570 Θεόν

1869 2503 1957 2560 68.
2001 2504 2228 2576 Propter
2254 2509 2384 2578 quid
2415 2517 2756 2581 exasperavit
2790 2519 2991 2586 impius
3019 2519 3226 2574 Deum?

203 2585 282 2644 69.
313 2588 442 2645 Εἷπε
469 2595 582 2667 γὰρ
613 2598 669 2650 ἐν
699 2599 896 2670 καρδίᾳ
927 2603 1113 2655 αὐτοῦ’
1141 2605 1253 2657 Ούκ
1278 2585 1590 2677 ἐκζητήσει.

1871 2595 1959 2651 69.
1991 2596 2138 2652 Dixit
2169 2600 2311 2654 enim
2345 2602 2400 2656 in
2436 2606 2596 2659 corde
2622 2621 2749 2661 suo:
2780 2585 2896 2662 Non
2928 2613 3185 2680 requiret.

201 2677 280 2732 70.
306 2681 546 2753 Βλέπεις,
584 2688 666 2740 ὅτι
702 2691 766 2741 σὺ
803 2691 964 2744 πόνον
995 2695 1274 2766 καὶθυμὸν
1304 2701 1589 2763 κατανοεῖς
1610 2713 1623 2726 ·

1873 2683 1958 2738 70.
1988 2683 2168 2752 Vides,
2209 2691 2462 2759 quoniam
2504 2700 2560 2747 tu
2591 2694 2828 2750 laborem
2864 2708 2918 2752 et
2957 2677 3197 2756 dolorem
3233 2719 3362 2758 con-

1800 2775 2027 2842 sideras,

201 2851 281 2906 7-1.
311 2855 411 2909 Τοῦ
439 2861 781 2931 παραδοῦναι
811 2865 972 2920 αὐτὸν
1002 2868 1082 2929 εἰς
1112 2867 1295 2940 χεῖράς
1331 2885 1447 2924 σου.

1870 2870 1957 2923 71.
1994 2870 2066 2926 Ut
2092 2872 2273 2926 tradas
2303 2888 2428 2927 eum
2455 2875 2510 2928 in
2538 2892 2734 2934 manus
2761 2885 2904 2936 tuas.

181 2941 279 2996 ⁷72.
309 2948 397 3001 Σοὶ⁹
422 2951 910 3020 ἐγκαταλέλειπται
943 2959 971 3010 6
1001 2960 1236 3030 πτωχός.

1873 2960 1960 3016 72.
1997 2959 2116 3015 Tibi
2142 2963 2431 3020 derelictus
2461 2973 2543 3023 est
2575 2983 2778 3039 pauper
2809 2990 2823 3025 :

1234 3135 1616 3192 ATHANASII
1655 3137 2237 3197 INTERPRETATIO.

198 3296 274 3352 52.
311 3302 652 3376 Κεχὼρισται
675 3307 742 3360 τὰ
758 3308 1100 3379 δικαιώματά
1120 3328 1211 3363 σου
1231 3311 1335 3364 ὑπὸ
1353 3312 1445 3365 τοῦ
1469 3312 1656 3384 ἐχθροῦ

1863 3315 1949 3368 52.
1988 3314 2344 3372 Secesserunt
2367 3317 2789 3387 justiﬁcationes
2818 3331 2924 3377 tuae
2956 3324 3025 3379 ab
3053 3325 3295 3386 inimico.

197 3387 274 3446 55.
311 3395 529 3450 Πάντων
555 3398 662 3450 τῶν
696 3399 999 3471 ἀνθρώπων
1033 3404 1474 3475 κατακυριεύσει.

1862 3409 1950 3462 55.
1986 3407 2238 3464 Omnium
2273 3411 2552 3466 hominum
2587 3414 2972 3470 dominabitur.

197 3480 274 3534 54.
311 3483 439 3540 Εἷπε
487 3492 598 3563 γὰρ
649 3495 704 3545 ἐν
753 3496 818 3564 τῇ
873 3495 1070 3566 καρδίᾳ
1117 3498 1280 3550 αὐτοῦ
1327 3501 1354 3551 ὁ
1405 3499 1647 3564 διάϐολος

1859 3501 1947 3554 54.
1984 3499 2130 3555 Dixit
2159 3503 2304 3557 enim
2332 3502 2384 3556 in
2419 3506 2579 3558 corde
2616 3523 2716 3561 suo
2742 3510 2990 3568 diabolus
3021 3531 3034 3566 ε
3064 3512 3180 3567 Non
3207 3516 3351 3572 desi-

141 3572 234 3628 Οὑκ
253 3578 312 3632 ἂν
330 3583 546 3640 ἀποστῶ
571 3589 676 3640 ἀπὸ
699 3589 792 3642 τοῦ
819 3588 992 3642 κακοῦ
1017 3589 1122 3641 ἀπὸ
1149 3591 1342 3657 γενεᾶς
1373 3593 1452 3652 εἰς
1472 3592 1656 3658 γενεάν

1833 3607 1924 3644 ,am
1956 3608 1985 3644 a
2011 3592 2153 3646 malo
2181 3610 2208 3646 a
2238 3595 2587 3664 generatione
2622 3599 2674 3651 in
2707 3605 3136 3670 generationem.

281 3673 538 3749 Έκκοπῆς
557 3679 664 3751 γὰρ
678 3682 770 3732 καὶ
785 3683 1068 3751 ὲπάρσεως
1079 3681 1234 3751 γέμει
1247 3682 1307 3734 τὸ
1321 3682 1490 3752 στόμα
1503 3684 1656 3737 αὐτοί

1949 3681 2082 3736 Nam
2098 3683 2788 3752 perfracti!m,etjaetantiae
2806 3692 3021 3760 plenum
3037 3702 3193 3757 estos
3209 3697 3348 3764 ejus.

198 3757 274 3813 56.
319 3765 402 3817 Ἐν
423 3771 487 3838 τῇ
516 3769 837 3839 διδασκαλία
868 3769 1030 3822 αὐτοῦ
1060 3769 1287 3833 Οάνατος
1316 3773 1408 3824 καὶ
1433 3772 1612 3843 ὀδύνη.

1857 3774 1943 3826 56.
1981 3772 2038 3828 In
2069 3775 2312 3828 doctrina
2356 3777 2525 3846 ipsius
2563 3794 2732 3844 mors,
2765 3757 2821 3835 et
2840 3783 3014 3838 dolor.

198 3848 274 3906 57.
323 3856 616 3930 Ἐνεδρεύει
639 3862 717 3921 είς
735 3859 832 3922 τὰς
858 3861 1082 3931 καρδίας
1108 3861 1215 3914 τῶν
1238 3862 1447 3916 ἀσεϐῶν
1473 3863 1566 3916 καὶ
1587 3879 1656 3916 πο

1853 3866 1942 3922 57.
1979 3866 2267 3921 lnsidiatur
2296 3869 2350 3921 in
2377 3870 2633 3923 cordibus
2656 3873 2949 3937 malorum,
2974 3885 3135 3945 atque
3160 3877 3351 3947 impio-

140 3943 289 4010 νηρῶν
305 3946 618 4020 ἀνορώπων,
633 3949 913 4021 διεγείρων
932 3953 1128 4014 αὐτοὺς
1144 3953 1286 4004 κατὰ
1307 3953 1412 4006 τῶν
1433 3953 1656 4007 δικαίων

1833 3973 1902 4010 im
1936 3957 2237 4023 hominum,
2269 3963 2514 4015 excitans
2543 3978 2636 4027 eos
2669 3972 2854 4018 contra
2878 3965 3076 4034 justos.

197 4033 273 4097 58,
299 4037 379 4092 59.
428 4042 710 4112 Ἐπιτηρεῖ
740 4042 799 4094 τὸ
835 4042 936 4114 [δὲ]
970 4043 1086 4106 πῶς
1120 4043 1280 4096 αὑτὸν
1315 4045 1589 4101 ἀπολέσει.

1850 4050 1938 4116 58,
1971 4050 2058 4105 59.
2099 4049 2364 4105 Observat
2391 4064 2570 4107 autem
2603 4033 3027 4122 quomodocum
3059 4058 3271 4125 perdat.

196 4121 362 4180 (ΞΟ-62.
402 4135 475 4184 Δι’
501 4132 850 4202 ἐνθυμήσεων
894 4135 987 4187 καὶ
1023 4134 1298 4204 λογισμῶν
1334 4136 1547 4206 ἀνόμων
1581 4137 1656 4206 ἀρε

1848 4142 2036 4195 60-62.
2071 4142 2474 4212 Cupiditatibus
2499 4186 2513 4211 ,
2566 4121 2636 4198 eti
2675 4144 2878 4215 iniquis
2924 4121 3342 4217 cogitationibus

141 4210 283 4266 πᾶσαι
312 4217 454 4289 ζητεῖ
483 4224 575 4276 τὸν
601 4223 831 4276 δίκαιον.

1836 4238 1972 4289 tuerit
2003 4251 2190 4305 rapere
2215 4236 2445 4306 justum.
2931 4287 2951 4315 ν

198 4302 274 4368 65,
306 4308 386 4363 64.
429 4315 537 4367 Καὶ
574 4315 631 4365 ἐν
665 4314 741 4382 τῷ
772 4315 934 4368 αὐτὸν
968 4316 1299 4368 ταπεινῶσαι
1339 4317 1656 4386 πολεμοῦντι

1846 4328 1933 4391 65,
1969 4302 2080 4382 64.-
2115 4328 2180 4382 Ει
2203 4302 2331 4382 dum
2367 4344 2424 4383 se
2454 4329 2730 4398 deprimit,
2762 4338 2823 4384 ut
2849 4302 3047 4385 nedum
3079 4333 3341 4391 adversus

141 4391 240 4455 τοὺς
260 4395 498 4469 δικαίους,
535 4406 696 4468 αὐτὸς
725 4409 969 4459 πεσεῖται
1001 4408 1105 4460 ὑπὸ
1126 4410 1250 4471 τοὺς
1283 4409 1446 4472 πόδας
1473 4409 1648 4462 αὐτῶν

144 4476 154 4493 .
247 4485 268 4493 -
328 4489 337 4493 -

1837 4428 1948 4474 slos
1981 4427 2150 4488 gerat,
2185 4420 2297 4488 ipse
2330 4421 2485 4474 cadet
2512 4421 2613 4474 sub
2639 4436 2823 4474 eorum
2850 4423 3042 4490 pedes;
3079 4427 3337 4493 quoniam

141 4476 188 4529 ἐν
212 4485 277 4554 τῷ
297 4489 380 4543 τὸν
403 4494 533 4548 Θεὸν
563 4495 943 4549 ἀντιλαϐέσθαι
973 4497 1078 4550 τῶν
1109 4498 1352 4550 δικαίων.

1833 4527 1917 4564 aus
1949 4510 2111 4578 justis
2150 4510 2420 4564 subvenit.

198 4568 272 4637 65,
301 4578 380 4633 66.
418 4583 550 4637 Εἷπε
575 4585 681 4655 γὰρ
713 4587 770 4638 ἐν
813 4586 989 4656 ἐαυτῷ
1018 4589 1046 4639 6
1071 4587 1343 4650 διάϐολος·
1389 4586 1656 4656 Ἐπιλέλη-

1844 4568 2049 4662 63,66.
2088 4601 2231 4655 Dixit
2259 4603 2402 4655 enim
2450 4605 2500 4655 in
2539 4618 2596 4658 se
2642 4604 2760 4673 ipso
2800 4603 3092 4661 diabolus:
3123 4605 3336 4663 Oblitus

141 4667 285 4717 σταιὸ
314 4669 434 4737 Θεὸς
459 4676 550 4728 τοῦ
576 4677 764 4744 γένους
804 4679 912 4731 τῶν
939 4677 1262 4749 ἀνθρώπων,
1292 4679 1544 4749 πρόνοιαν
1573 4681 1656 4732 αὐ·

1839 4694 2027 4748 tDeus
2073 4693 2295 4747 humani
2346 4695 2579 4764 generis,
2631 4696 2833 4749 nullam
2896 4698 2961 4750 de
3022 4714 3087 4753 eo
3150 4715 3333 4754 curam

139 4757 228 4803 των
257 4757 308 4808 οὐ
340 4769 582 4820 ποιεῖται.

1774 4787 1928 4856 gerit.

195 4843 270 4900 67.
308 4851 592 4929 Βουλήθητι
622 4858 987 4923 ἐπιδείξασθαι
1021 4861 1117 4930 τὴν
1153 4858 1406 4926 πρόνοιάν
1440 4876 1533 4911 σου
1566 4858 1656 4930 τὴν

1841 4879 1928 4934 67.
1964 4879 2262 4935 Ostendere
2298 4879 2427 4934 velis
2454 4881 2845 4949 providentiam
2885 4894 3054 4950 tuam,
3081 4901 3242 4956 quam
3268 4889 3335 4943 de

141 4927 203 4990 εἰς
222 4935 350 5004 ἡμᾶς
368 4959 381 4972 ⁹
414 4947 485 5018 μὴ
513 4947 620 4999 τῶν
651 4947 1088 5000 ταπεινωθέντων
1119 4948 1214 5001 καὶ
1248 4945 1492 5017 βοώντων
1529 4947 1656 5011 πρὸς

1847 4927 1928 4934 ,--
1971 4927 2261 4935 “mm-.-
2307 4927 2426 4934 .--η
2455 4927 2845 4949 ,-V....-.........
2885 4927 3054 4950 .......,,
3081 4927 3242 4956 .,.......
3269 4927 3333 4943 ιι..

1833 4971 1926 5024 ibis
1957 4970 2120 5025 habes
2151 4989 2164 5025 :
2199 4985 2264 5024 ne
2292 4971 2533 5039 deponas
2569 4974 2885 5028 memoriam
2915 4992 3124 5042 eorum,
3155 4980 3247 5047 qui
3276 4995 3333 5033 se

142 5025 189 5069 σε
212 5025 294 5096 τὴν
318 5036 522 5109 μνήμην
555 5039 900 5109 καταλείψῃς.

1833 5057 2074 5124 imiliant,
2107 5066 2160 5111 et
2196 5025 2430 5113 clama'nt
2456 5061 2521 5114 ad
2557 5070 2624 5114 te.

118 5112 123 5124 ’
197 5111 270 5168 68.
305 5121 445 5190 Τίνος
469 5129 627 5200 χάριν
657 5129 1005 5200 παρώργισεν
1036 5133 1063 5183 6
1087 5129 1288 5200 ἀσεϐὴς
1319 5129 1407 5182 τὸν
1437 5127 1602 5193 Θεόνζ

1834 5148 1922 5201 68.
1965 5147 2143 5212 Quare
2181 5149 2410 5203 irritavit
2438 5151 2635 5221 impius
2670 5155 2878 5208 Deum?

196 5201 269 5290 69.
296 5209 416 5268 Εἷπε
454 5221 562 5290 γὰρ
608 5222 636 5272 6
675 5220 916 5284 διάϐολος
963 5223 1018 5273 ἐν
1063 5220 1266 5290 ἐαυτῷ·
1319 5220 1393 5272 Οὐ
1435 5218 1656 5290 ζητήσει

138 5288 240 5352 τοὺς
267 5303 688 5378 πεπλανημένους
712 5312 741 5361 6
773 5311 924 5372 Θεὸς.

200 5379 275 5447 ⁷οι
301 5387 378 5444 71.
412 5397 568 5469 Ὁρᾷς
614 5401 698 5466 σὺ,
729 5400 919 5471 Κύριε,
969 5400 1075 5453 τὸν
1095 5399 1285 5468 θυμὸν
1306 5399 1530 5452 καὶτὸν·
1551 5399 1656 5452 πόα

1833 5422 1917 5486 70,
1950 5379 2036 5475 ἦ.
2063 5423 2226 5478 Vides
2269 5434 2345 5489 lu,
2392 5424 2640 5492 Domine,
2691 5428 2919 5482 dolorem
2974 5439 3023 5483 et
3068 5429 3320 5496 laborem,

141 5479 247 5534 νον,
275 5486 491 5542 τουτέστι
519 5492 610 5543 τὸν
651 5490 912 5556 διάϐολον,
949 5491 1281 5562 παραδοῦναι
1301 5491 1461 5546 αὑτὸν
1491 5493 1547 5548 ἐν
1586 5492 1650 5562 τῇ

1834 5528 1863 5567 c
1904 5521 1986 5566 est
2025 5513 2319 5582 diabolum,
2362 5526 2422 5569 ut
2470 5518 2649 5572 tradas
2695 5535 2817 5574 eum
2866 5521 2919 5574 in
2951 5521 3183 5574 adventu
3228 5531 3321 5576 tuo

144 5571 368 5673 παρουσίᾳ
393 5595 479 5634 σου
516 5583 621 5634 ὑπὸ
655 5583 754 5653 τὴν
791 5583 1042 5648 ἐξουσίαν
1071 5583 1176 5637 τῶν
1208 5583 1402 5652 ἁγίων.

226 5653 253 5673 ει
302 5662 349 5673 ..,
442 5671 450 5673 ,

1833 5605 1860 5658 b
1893 5614 2153 5673 potestate
2186 5618 2519 5663 sanctorum.

197 5648 271 5712 ⁷2.
297 5662 378 5728 Εἰς
407 5671 498 5744 τὴν
533 5674 632 5745 σὴν
664 5648 912 5744 βοήθειαν
941 5675 1141 5746 ἀφορᾷ.

1833 5238 1918 5292 69.
1951 5239 2094 5293 Dixit
2119 5241 2259 5294 enim
2295 5241 2615 5298 diabolusin
2649 5261 2705 5299 se
2734 5245 2850 5314 ipso
2885 5263 2896 5296 :
2926 5245 3027 5312 Qui
3053 5257 3324 5308 errarunt,

1762 5346 1868 5385 non
1905 5332 2138 5400 requiret
2165 5332 2320 5386 Deus.

1829 5694 1916 5747 7'2.
1947 5694 2184 5768 Respicit
2213 5700 2266 5754 in
2296 5701 2556 5756 auxilium
2589 5711 2762 5759 tuum.

313 5807 318 5813 λ
384 5785 642 5849 ΡΛτιιΟι..
678 5790 795 5851 Gtt.
839 5791 1100 5853 XXVII.

2918 5799 2998 5857 22
