3878 6218
471 250 574 306 B85

540 452 632 508 74.
660 451 892 506 Contere
923 449 1200 503 brachium
1235 447 1534 516 peccatoris
1565 454 1616 499 et
1651 445 1870 514 maligni
1906 462 1917 495 :

546 625 634 681 75.
669 626 948 692 Quazretur
978 635 1258 695 peccatum
1290 627 1455 688 illius,
1486 634 1540 678 et
1573 640 1680 677 non
1717 624 2040 678 invenietur.

551 717 636 772 76.
673 717 937 786 Regnahit
977 717 1240 772 Dominus
1277 718 1330 768 in
1371 731 1658 778 veternum,
1699 723 1752 768 et
1787 717 1840 767 in
1878 729 2047 768 saecu-

480 810 589 864 lum
620 811 803 865 saeculi
837 827 850 861 :

551 903 636 958 77.
666 903 938 966 Peribitis,
975 913 1182 974 gentes.
1213 904 1278 956 de
1315 911 1454 956 terra
1491 903 1658 957 illius.

551 995 638 1050 78.
671 995 1008 1050 Desiderium
1039 1010 1333 1065 pauperrm
1365 995 1640 1049 exaudivit
1669 993 1949 1048 Dominus.

551 1087 636 1144 79.
673 1087 1054 1157 Praeparationi
1085 1087 1264 1142 cordis
1293 1102 1480 1141 eorum
1513 1087 1739 1140 attendit
1765 1085 1911 1140 auris
1936 1094 2047 1139 tua.

555 1267 642 1322 80.
670 1267 858 1321 Judica
891 1267 1092 1336 pupillo
1123 1274 1176 1320 et
1203 1265 1412 1328 humili,

555 1358 643 1413 81.
677 1357 747 1412 Ut
783 1375 890 1412 non
943 1369 1180 1428 apponat
1223 1360 1362 1413 ultra
1407 1357 1754 1428 magniﬁcare
1801 1373 1859 1413 se
1889 1353 2052 1412 homo

485 1465 643 1521 super
667 1460 888 1504 terram.

701 1562 764 1618 In
794 1565 948 1632 ﬁnem
977 1563 1226 1616 Psalmus
1257 1555 1442 1616 David.
1472 1560 1736 1616 PSALM.
1768 1560 1840 1615 Χ.

557 1677 607 1730 1.
626 1676 681 1730 In
698 1676 925 1732 Domino
941 1677 1172 1742 conﬁdo,
1193 1675 1467 1746 quomodo
1485 1675 1662 1730 dicitis
1678 1675 1872 1730 animae
1887 1689 2050 1730 meat:
2085 1697 2127 1752 Β

554 1768 608 1822 2.
641 1767 988 1837 Transmigra
1025 1769 1076 1822 in
1113 1777 1352 1822 montem
1385 1767 1524 1820 sicut
1553 1765 1777 1835 passer?

554 1863 610 1918 5.
637 1862 903 1928 Quoniam
934 1877 1058 1915 ecce
1089 1869 1398 1930 peccatores
1430 1860 1777 1914 intenderunt
1803 1873 2020 1924 arcum;

555 1956 610 2009 4.
637 1953 972 2008 Paraverunt
1002 1953 1224 2023 sagittas
1254 1968 1382 2008 suas
1413 1953 1466 2005 in
1502 1953 1777 2021 pharetra,

558 2048 611 2104 5.
642 2046 714 2102 Ut
745 2049 1000 2118 sagittent
1035 2048 1087 2101 in
1123 2047 1356 2101 obscuro
1387 2055 1564 2099 rectos
1594 2044 1756 2098 corde
1793 2059 1806 2094 :

557 2227 612 2284 6.
640 2227 904 2294 Quoniam
929 2242 1048 2297 quae
1073 2225 1366 2297 perfec15ti,
1395 2225 1498 2295 ipsi
1533 2225 1938 2280 destruxerunt.

561 2321 613 2374 7.
641 2319 830 2374 Justus
861 2327 1039 2374 autem
1076 2319 1203 2388 quid
1231 2318 1398 2378 fecit?

560 2411 612 2466 8.
641 2411 903 2466 Dominus
940 2411 992 2465 in
1023 2411 1225 2481 templo
1261 2409 1452 2465 sancto
1477 2425 1576 2465 suo
1611 2427 1623 2460 :

1313 244 1370 300 S.
1412 241 1784 298 ATllANASIl
1821 239 1972 296 OPP.
2013 239 2196 293 PARS
2237 237 2325 292 lll.
2365 267 2435 276 -—-
2475 232 2893 290 EXEGETICA.

545 361 632 416 75.
657 357 910 428 Orphann
941 365 994 410 tu
1030 355 1176 410 fuisti
1209 357 1442 424 adjutnr.
2065 357 2106 411 Α

3618 226 3742 282 685

2212 351 2300 404 75.
2350 348 2596 420 Ὀρφανῷ
2627 349 2690 401 σὺ
2723 344 2864 416 ἦσθα
2901 343 3112 414 βοηθός.

2215 443 2302 494 74.
2333 441 2626 510 Σύντριψον
2668 439 2758 491 τὸν
2813 437 3072 508 βραχίονα
3119 435 3210 488 τοῦ
3257 433 3591 507 άμαρτωλοῦ
3633 437 3742 488 καὶ

2145 548 2277 600 πονη
2289 531 2378 599 ροῦ
2421 545 2435 560 ⁶

2215 621 2736 692 75.ῇΖητηθήσεταιὴ
2757 620 3000 691 ἁμαρτία
3017 617 3204 680 αὑτοῦ,
3217 620 3311 671 καὶ
3327 620 3386 670 οὐ
3413 619 3486 689 μὴ
3503 619 3560 670 εὑ
3571 619 3716 689 ρεθῇ
3727 659 3740 670 .

2218 715 2305 768 76.
2341 713 2658 766 Βασιλεύσει
2689 713 2892 784 Κύριος
2933 714 3013 774 είς
3046 711 3136 764 τὸν
3171 711 3362 774 αἰῶνα,
3391 713 3484 764 καὶ
3518 715 3603 774 εἰς
3641 714 3748 764 τὸν

2147 809 2320 862 αἰῶνα
2343 805 2438 859 τοῦ
2469 805 2684 868 αἰῶνος.

2223 901 2308 953 77.
2355 897 2686 960 Ἀπολεῐσθε,
2721 895 2870 965 ἔθνη,
2903 896 2968 946 ἐκ
2993 895 3092 964 τῆς
3123 895 3228 964 γῆς
3255 895 3442 950 αὑτοῦ.

2223 992 2310 1045 78.
2343 991 2451 1060 Τὴν
2479 988 2770 1058 ἐπιθυμίαν
2793 985 2900 1038 τῶν
2924 987 3168 1056 πενήτων
3193 987 3478 1057 εἰσήκουσε
3501 987 3748 1058 Κύριος.

2215 1083 2304 1136 79.
2335 1082 2413 1152 Τῇ
2441 1079 2724 1149 ἑτοιμασίᾳ
2763 1077 2864 1146 τῆς
2905 1075 3128 1148 καρδίας
3160 1077 3338 1132 αὐτῶν
3369 1079 3642 1150 προσέσχε
3682 1093 3752 1131 το

2150 1169 2242 1236 οὖς
2277 1190 2386 1226 σου.

2225 1266 2312 1320 80.
2346 1267 2542 1336 Κρῖναι
2573 1261 2790 1334 ὀρφανῷ
2821 1261 2916 1315 καὶ
2945 1261 3205 1330 ταπεινῷ,

2223 1359 2312 1412 81.
2351 1360 2466 1410 Ἵνα
2513 1357 2586 1427 μὴ
2629 1354 2836 1426 προσθῇ
2871 1353 2950 1405 ἔτι
2995 1353 3087 1406 τοῦ
3125 1353 3486 1424 μεγαλαυχεῖν
3521 1355 3750 1426 ἄνθρω-

2156 1470 2254 1515 πος
2284 1453 2376 1504 ἐπί
2397 1451 2496 1520 τῆς
2517 1449 2645 1518 γῆς,

2261 1566 2366 1628 Εἰς
2393 1561 2458 1613 τὸ
2485 1559 2656 1624 τέλος
2685 1558 2926 1627 ψαλμὸς
2955 1557 3034 1623 τῷ
3065 1558 3257 1612 Δασίδ.
3299 1562 3532 1614 ΨΑΛΜ.
3560 1561 3628 1614 Γ.

2231 1675 2282 1726 1.
2301 1672 2424 1725 Ἐπὶ
2440 1670 2516 1740 τῷ
2531 1670 2718 1738 Κυρίῳ
2735 1669 2990 1731 πέποιθα,
3017 1668 3131 1730 πῶς
3150 1671 3322 1739 ἐρεῖτε
3345 1672 3410 1740 τῇ
3425 1668 3576 1741 ψυχῇ
3599 1685 3714 1738 μου
3735 1684 3754 1698 ·

2233 1766 2287 1818 2.
2313 1762 2724 1818 Μεταναστεύου
2756 1760 2848 1812 ἐπὶ
2879 1763 2946 1814 τὰ
2983 1761 3080 1832 ὅρη
3110 1761 3184 1824 ὡς
3215 1761 3528 1830 στρουθίον;

2231 1855 2283 1909 5.
2316 1856 2436 1907 ’Ότι
2464 1853 2571 1906 ἰδοὺ
2598 1855 2645 1905 οἱ
2674 1852 2982 1924 ἁμαρτωλοὶ
3009 1852 3280 1904 ἐνέτειναν
3301 1851 3454 1916 τόξον

2231 1949 2284 2003 4.
2326 1947 2660 2018 Ἦτοίμασαν
2694 1945 2820 2016 βέλη
2845 1948 2922 2008 είς
2953 1945 3251 2016 φαρέτραν,

2233 2042 2287 2096 5.
2318 2040 2423 2094 Τοῦ
2454 2038 2844 2103 κατατοξεῦσαι
2875 2041 2932 2090 ἐν
2979 2040 3283 2108 σκοτομήνῃ
3313 2037 3440 2100 τοὺς
3471 2036 3654 2099 εὐθεῖς
3676 2047 3750 2088 τ’

2163 2133 2378 2206 καρδίᾳ·

2233 2226 2288 2283 6.
2322 2227 2442 2280 Ὅτι
2473 2224 2510 2279 ἃ
2540 2227 2602 2278 σὺ
2639 2221 2970 2296 κατηρτίσω,
3003 2223 3156 2276 αὐτοὶ
3189 2221 3455 2276 καθεῖλον.

2237 2318 2290 2372 7.
2331 2318 2390 2370 '0
2422 2317 2476 2370 δὲ
2508 2316 2710 2378 δίκαιος
2733 2314 2785 2367 τί
2815 2315 3070 2384 ἐποίησε;

2241 2411 2292 2464 8.
2323 2410 2527 2481 Κύριος
2561 2411 2617 2462 ἐν
2645 2405 2757 2476 ναῷ
2787 2404 2924 2475 ἁγίῳ
2958 2404 3122 2458 αὐτοῦ
3143 2422 3158 2437 ο

1611 2541 1992 2599 ATHANASII
2033 2545 2622 2601 INTERPRETATIO.

563 2667 652 2720 75.
682 2665 999 2734 Orphanum
1043 2663 1173 2717 dicit
1205 2677 1328 2716 eum
1350 2701 1365 2726 ,
1405 2660 1498 2730 qui
1537 2673 1644 2714 non
1681 2659 1840 2715 habet
1869 2662 2062 2717 huma-

499 2775 627 2818 Lum
663 2759 947 2813 auxilium.

570 2850 656 2904 74.
691 2849 1128 2903 Dominationem
1162 2845 1381 2900 diaboli.

567 2942 657 3002 75,
687 2940 774 2994 76.
803 2938 1084 3005 Quaeretur
1129 2947 1406 3006 peccatum
1439 2937 1579 3005 ejus,
1610 2943 1662 2990 et
1692 2951 1798 2990 non
1834 2937 2072 3006 amplius

500 3033 616 3104 ipse
659 3032 910 3086 diabolus
959 3030 1292 3093 invenietur;
1338 3029 1594 3097 quoniam
1640 3029 1870 3082 traditus
1901 3039 1984 3082 est
2017 3029 2070 3082 in

503 3121 676 3195 ignem
701 3130 960 3175 aeternum
993 3139 1005 3173 :
1031 3129 1084 3174 et
1107 3121 1320 3173 demum
1350 3119 1609 3175 Dominus
1635 3120 1786 3174 solus
1807 3119 2070 3190 regnabit.

577 3299 662 3353 77.
701 3299 922 3370 Gentes.
956 3315 1076 3368 qua:
1116 3300 1165 3354 ei
1195 3315 1302 3354 non
1344 3300 1875 3370 obtemperaverunt,
1911 3319 1940 3357 a
1973 3317 2072 3359 suo

507 3369 906 3460 coelestiregno
935 3391 1260 3446 alienantur.

579 3483 664 3538 78.
699 3483 1035 3538 Desiderium
1063 3500 1360 3554 pauperum
1388 3486 1608 3541 exaudit
1637 3486 1780 3542 Deus
1809 3497 1864 3542 ct
1891 3487 2078 3542 Domi-

507 3591 632 3642 nus,
657 3577 914 3647 quoniam
949 3593 1068 3645 quae
1099 3577 1200 3646 ipsi
1240 3587 1390 3648 grata
1425 3587 1554 3633 sunt
1585 3581 2004 3650 concupiscunt.

577 3757 666 3811 79.
696 3757 997 3812 Clamorem
1043 3773 1266 3818 eorum.
1315 3758 1409 3828 qui
1449 3758 1666 3812 contriti
1709 3769 1762 3813 et
1809 3757 2078 3814 humiliati

503 3859 639 3904 sunt.
661 3851 844 3916 corde,
876 3851 1151 3906 exaudivit
1177 3852 1326 3906 auris
1357 3861 1466 3904 tua.

581 3940 668 3995 80.
707 3941 927 3996 Vindica
957 3957 1070 4008 eos,
1101 3942 1194 4011 qui
1225 3942 1488 3996 auxilium
1524 3957 1632 3996 non
1662 3939 1897 4008 habent;

581 4032 666 4086 8i.
701 4031 778 4087 Ne
806 4041 994 4087 contra
1029 4034 1174 4102 ipsos
1207 4033 1488 4096 diabolus,
1519 4041 1574 4089 et
1602 4034 1698 4104 qui
1729 4035 1797 4088 ab
1829 4047 1895 4087 eo
1927 4041 2075 4097 sunt,

512 4124 828 4194 superbiant
861 4127 914 4179 in
943 4127 1120 4180 terris.

2243 2665 2329 2719 75.
2373 2663 2634 2734 Ὀρφανὺν
2667 2661 2816 2730 λέγει
2861 2659 2960 2730 τὴν
3002 2658 3350 2729 ἀνθρωπίνην
3381 2658 3636 2730 βοήθειαν
3677 2659 3756 2735 μὴ

2098 2739 2142 2798 C
2175 2757 2382 2827 ἔχοντα.

2243 2849 2329 2901 74.
2357 2848 2464 2918 Τὴν
2493 2847 2810 2900 δυναστείαν
2836 2847 2928 2899 τοῦ
2953 2843 3215 2900 διαϐόλου,

2243 2939 2332 3002 75,
2365 2938 2452 2992 76.
2487 2939 2861 3008 Ζητηθήσεται
2907 2939 2940 3008 ὴ
2993 2936 3234 3006 ἁμαρτία
3283 2935 3480 3000 αὐτοῦ,
3523 2935 3621 2988 καὶ
3655 2935 3758 2989 οὐκ

2175 3031 2253 3084 ἔτι
2285 3030 2447 3091 αὐτὸς
2478 3033 2506 3082 ὁ
2537 3029 2779 3092 διάϐολος
2807 3029 2866 3081 οὐ
2911 3029 2984 3099 μὴ
3027 3029 3243 3098 εὑρεθῇ·
3290 3028 3376 3080 διὰ
3417 3028 3478 3080 τὺ
3523 3029 3758 3100 παραδο-

2177 3122 2333 3193 θῆναι
2365 3122 2526 3174 αὐτὸν
2563 3122 2639 3192 τῷ
2671 3121 2873 3191 αἰωνίῳ
2903 3121 3057 3192 πυρὶ,
3093 3123 3184 3175 καὶ
3207 3121 3392 3174 λοιπὸν
3424 3121 3634 3192 Κύριος
3665 3122 3760 3193 μό-

2177 3233 2264 3278 νος
2293 3215 2618 3284 βασιλεύσει.

2249 3310 2335 3362 77.
2370 3309 2537 3378 Ἐθνη
2573 3308 2640 3361 τὰ
2691 3308 2762 3378 μὴ
2815 3307 3109 3378 πειθόμενα
3151 3304 3298 3376 αὑτῷ
3349 3305 3764 3378 ἁλλοτριοῦνται

2179 3398 2276 3468 τῆς
2305 3397 2624 3467 ἐπουρανίου
2653 3396 2816 3450 αὑτοῦ
2843 3395 3135 3466 βασιλείας.

2253 3490 2336 3543 78.
2367 3489 2474 3560 Τὴν
2519 3489 2807 3558 ἐπιθυμίαν
2839 3488 2946 3540 τῶν
2983 3489 3227 3558 πενήτων
3257 3486 3526 3558 εἰσακούει
3559 3488 3588 3540 ὁ
3627 3486 3762 3550 Θεὸς

2181 3581 2275 3634 καὶ
2297 3579 2518 3652 Κύριος,
2548 3579 2732 3650 ἐπειδὴ
2772 3581 2840 3632 τὰ
2884 3582 3086 3650 ἀστέρα
3114 3578 3364 3651 ἱὰρεστὰ]
3393 3579 3538 3650 αὐτῷ
3563 3581 3758 3634 ἐπιθυ-

2186 3669 2364 3740 μοῦσι.

2253 3761 2341 3815 79.
2371 3761 2491 3814 Τῶν
2520 3764 2989 3834 συντετριμμένων
3036 3763 3127 3814 καὶ
3153 3763 3640 3832 τεταπεινωμένων
3665 3763 3762 3835 τὴν

2184 3853 2408 3924 καρδίαν
2439 3855 2636 3924 ἤκουσε
2661 3855 2757 3921 τῆς
2784 3855 2910 3924 βοῆς
2935 3854 2995 3906 τὸ
3027 3849 3118 3917 οὖς
3152 3871 3265 3907 σου.

2253 3944 2343 3998 80.
2372 3946 2598 4016 Ποιῆσαι
2623 3945 2719 4015 τὴν
2751 3945 3026 4014 ἐκδίκησιν
3055 3942 3162 3996 τῶν
3190 3943 3508 4014 ἀϐοηθήτων
3527 3959 3542 3971 ’

2259 4037 2346 4090 81.
2371 4037 2488 4090 Ἵνα
2521 4037 2594 4107 μὴ
2633 4037 2752 4090 κατ’
2791 4039 2984 4100 αὐτοὺς
3028 4037 3056 4088 ὁ
3101 4035 3342 4098 διάϐολος
3374 4037 3468 4090 καὶ
3511 4039 3558 4089 οἱ
3595 4035 3762 4090 αὑτοῦ

2115 4145 2158 4197 ι)
2189 4129 2557 4200 τετυφωμένοι
2581 4124 2712 4182 ὦσιν
2747 4129 2839 4181 ἐπὶ
2869 4130 2964 4198 τῆς
2997 4129 3120 4198 γῆς.

594 4243 659 4296 Ἥ
688 4244 1020 4314 προκειμένη
1068 4245 1346 4317 ἐπιγραφὴ
1385 4248 1418 4316 ἡ
1463 4245 1550 4298 διὰ
1593 4246 1691 4316 τῆς
1729 4246 2096 4317 κινναϐάρεως
2125 4247 2386 4318 περιέχει·
2417 4251 2521 4313 Εἰς
2569 4247 2634 4300 τὸ
2665 4247 2838 4311 τέλος
2869 4245 3110 4314 ψαλμὸς
3147 4242 3226 4308 τῷ
3263 4244 3460 4305 Δαϐὶδ,
3495 4247 3768 4300 τουτέστιν

515 4337 599 4392 ἐπ’
631 4339 870 4408 ἐσχάτων
895 4339 1002 4392 τῶν
1027 4343 1233 4412 χρόνων
1267 4341 1480 4414 εἴρηται
1518 4344 1544 4395 ὁ
1571 4342 1780 4413 ψαλμὸς
1811 4345 1889 4407 εἰς
1923 4345 2048 4407 τοὺς
2079 4345 2266 4413 ἁγίους
2312 4343 2405 4396 τοῦ
2445 4343 2598 4397 Θεοῦ.
2631 4343 2793 4396 Δαὸὶδ
2819 4343 2926 4413 γὰρ
2961 4340 3340 4412 ἑρμηνεύεται,
3373 4343 3598 4395 τούτων
3627 4344 3768 4398 ἑπό-

515 4431 692 4499 θησα,
726 4431 969 4486 τουτέστι
995 4432 1102 4486 τῶν
1126 4433 1313 4503 ἁγίων.

587 4543 820 4610 Titulus,
855 4547 946 4617 qui
981 4549 1190 4619 psalmo
1223 4549 1573 4618 praeponitur,
1609 4548 1888 4603 cinnabari
1923 4548 2160 4617 scriptus
2189 4549 2426 4601 continet
2463 4563 2474 4598 :
2512 4545 2578 4600 In
2605 4547 2762 4616 ﬁnem
2783 4549 3020 4618 psalmus
3036 4551 3226 4616 David,
3248 4553 3350 4607 hoc
3383 4562 3467 4608 est
3499 4553 3553 4606 in
3589 4554 3770 4608 novis-

519 4638 674 4696 simis
695 4642 1027 4711 temporibus
1043 4645 1286 4714 psalmus
1309 4644 1506 4698 dicitur
1529 4645 1592 4698 de
1613 4645 1814 4698 sanctis
1837 4643 1952 4698 Dei.
1977 4643 2145 4698 David
2170 4645 2313 4697 enim
2335 4643 2741 4711 interpretatur,
2764 4645 2856 4697 Icos
2875 4647 3190 4712 desideravi,
3227 4649 3330 4704 hoc
3349 4659 3428 4702 est
3461 4660 3703 4705 sanctos.

593 4735 646 4788 1.
683 4734 738 4790 ιιι
775 4737 882 4792 Deo
909 4739 1140 4807 speravi,
1176 4740 1304 4809 quid
1339 4739 1616 4800 suadetis?

591 4829 648 4884 2.
679 4828 888 4886 Extoile
914 4833 1099 4886 oculos
1131 4833 1326 4887 mentis
1355 4841 1459 4886 tuae
1491 4831 1558 4887 ad
1587 4831 1846 4896 caelestia,
1881 4841 1934 4884 et
1965 4832 2090 4886 nul-

523 4921 632 4975 lam
665 4921 1060 4976 mundanarum
1093 4938 1272 4976 rerum
1302 4937 1487 4977 curam
1521 4938 1667 4992 gere.

593 5013 672 5066 5-
697 5012 749 5066 5.
785 5011 1050 5078 Quoniam
1089 5013 1360 5068 daemones
1401 5013 1722 5083 clipiditates
1755 5023 1807 5066 et
1842 5019 2089 5067 ostenta-

524 5103 702 5158 tiones
745 5103 904 5174 hnjus
935 5104 1058 5160 vitae
1098 5105 1396 5160 immittunt
1427 5107 1565 5160 inter
1609 5105 1860 5161 tenebras
1899 5105 2089 5160 mundi

525 5197 580 5253 in
619 5198 784 5253 corda
809 5197 1101 5267 justorum.

596 5289 650 5343 6.
683 5287 1104 5346 Justiﬁcationes
1145 5287 1382 5354 Domini,
1415 5305 1550 5360 quas
1593 5289 1708 5357 ipse
1735 5288 2082 5358 praeparavit,

527 5381 630 5452 ipsi
659 5383 1060 5438 subverterunt.

599 5477 652 5532 7.
683 5475 872 5532 Justus
899 5487 1078 5532 autem
1109 5477 1238 5545 quid
1273 5477 1466 5530 horum
1497 5474 1660 5530 fecit?

600 5569 654 5623 8.
687 5567 947 5624 Dominus
983 5585 1088 5623 non
1129 5571 1181 5621 in
1226 5569 1497 5638 speluncis
1525 5567 1902 5624 haereticorum
1935 5565 2092 5620 inha-

529 5661 685 5725 bitat,
722 5661 816 5716 sed
847 5663 902 5716 in
927 5661 1128 5733 templo
1145 5670 1346 5718 sancto
1375 5677 1499 5718 suo.

2261 4738 2310 4790 1.
2349 4738 2470 4790 Ἐπὶ
2496 4737 2572 4806 τῷ
2603 4739 2789 4809 Κυρίῳ
2816 4739 3040 4809 ἤλπισα,
3069 4741 3119 4793 τί
3152 4742 3580 4811 συμϐουλεύετες

2265 4829 2319 4882 2.
2349 4831 2591 4901 Ἔπαρον
2615 4831 2740 4892 τοὺς
2769 4831 3077 4901 ὀφθαλμοὺς
3100 4835 3198 4903 τῆς
3222 4833 3458 4896 διανοίας
3489 4852 3582 4887 σου
3609 4838 3688 4898 είς
3707 4835 3769 4887 τὰ

2195 4921 2513 4991 ἐπουράνια,
2543 4923 2636 4972 καὶ
2668 4922 2936 4992 μηδεμίαν
2963 4923 3052 4992 ἔχε
3079 4925 3334 4993 φροντίδα
3361 4924 3640 4996 βιωτικήν.

2266 5013 2386 5066 5-5.
2444 5013 2655 5064 ’Ότιοὶ
2723 5013 2975 5082 δαίμονες
3016 5015 3114 5076 τὰς
3175 5015 3466 5085 ἐπιθυμίας
3525 5019 3619 5068 καὶ
3679 5020 3771 5081 τὰς

2197 5103 2515 5167 ἀλαζονείας
2546 5103 2640 5155 τοῦ
2678 5105 2791 5174 βίου
2842 5107 3290 5176 καταπέμπουσιν
3318 5109 3396 5170 είς
3425 5109 3522 5172 τὰς
3551 5111 3772 5182 καρδίας

2196 5197 2302 5250 τῶν
2333 5197 2558 5250 δικαίων
2593 5199 2649 5248 ἐν
2687 5196 2764 5266 τῷ
2797 5199 2976 5250 σκότει
3007 5199 3101 5251 τοῦ
3131 5201 3353 5270 κόσμου.

2271 5289 2322 5342 6.
2352 5290 2430 5342 Τὰ
2460 5286 2799 5358 δικαιώματα
2843 5289 2935 5342 τοῦ
2981 5291 3205 5362 Κυρίου,
3251 5291 3285 5344 ἃ
3331 5291 3490 5355 αὐτὸς
3519 5294 3774 5365 κατηρτί-

2205 5399 2352 5445 σατο,
2389 5382 2541 5434 αὐτοὶ
2567 5383 3017 5453 ἀπεστράφησαν.

2275 5475 2326 5527 7.
2373 5475 2429 5527 Ὀ
2456 5475 2511 5527 δὲ
2538 5473 2741 5539 δίκαιος
2777 5477 2829 5528 τί
2854 5475 3008 5528 τοῦτο
3039 5473 3288 5547 [τούτων]
3313 5476 3603 5545 ἐποίησεν;

2265 5567 2330 5636 _8.
2360 5565 2564 5638 Κύριος
2599 5569 2699 5620 οὐκ
2739 5569 2796 5621 ἐν
2840 5567 3122 5638 σπηλαίοις
3167 5569 3457 5640 αἱρετικῶν
3504 5569 3776 5638 κατοικεῖ,

2210 5649 2322 5713 ἀλλ’
2359 5661 2417 5712 ἐν
2443 5659 2552 5720 ναῶ
2585 5659 2724 5725 ἁγίῳ
2750 5659 2932 5713 αὐτοῦ.
