3878 6218
67 388 185 452 639
1013 391 1103 445 DE
1140 387 1418 444 TITULIS
1455 379 1890 440 PSALMOIIUM—
1922 404 1990 418 -—
2023 373 2217 431 PSAL.
2257 369 2394 427 XIII.
3239 353 3342 411 696

147 517 204 570 2.
243 515 388 576 Ἕως
431 512 560 565 πότε
605 513 970 583 ἀποστρέφεις
1003 511 1065 564 τὸ
1101 508 1392 580 πρόσωπόν
1431 523 1523 559 σου
1563 502 1653 558 ἀπ’

1563 502 1653 558 ἀπ’
1832 497 1886 552 2.
1917 496 2214 568 Usquequo
2239 489 2439 546 avertis
2485 486 2676 541 faciem
2706 492 2855 538 tuam
2887 496 2916 534 a
2944 477 3066 534 me?

60 609 213 680 ἐμοῦ
240 627 256 672 ;
2629 675 2638 684 .
2720 673 2730 684 .
2881 673 2891 684 .

146 702 201 756 5.
237 701 382 763 ’Ἐως
414 699 560 763 τινος
591 699 828 768 Θήσομαι
864 695 1058 766 βουλὰς
1091 698 1148 748 ὲν
1175 693 1322 763 ψυχῇ
1361 707 1482 762 μου,

1835 687 1890 741 ’5.
1932 683 2184 751 Quandiu
2215 695 2415 751 ponam
2449 675 2675 732 consilia
2719 675 2772 726 in
2804 675 2986 726 anima
3026 683 3174 733 mea,

149 794 202 846 Δ.
254 791 476 854 ὐδύνας
511 794 567 844 ὲν
595 792 796 862 καρδίᾳ
833 808 934 861 μου
968 789 1181 860 ἡμέρας
1210 785 1304 838 καὶ
1337 784 1564 846 νυκτός;

1838 777 1892 830 4.
1927 776 2178 829 Dolorem
2203 774 2258 826 in
2288 771 2455 826 corde
2483 784 2608 824 meo
2641 784 2734 837 per
2759 767 2897 820 diem
2929 773 2981 816 et
3014 758 3267 816 noctem?

147 885 202 939 5.
240 886 388 946 Ἕως
421 849 552 936 π-ὁτε
584 849 932 953 ὑψωθήσεται
960 849 1210 950 ὁηὲχίὶρός
1248 895 1348 946 μου
1383 876 1469 928 ἐπ’
1505 872 1640 943 ἐμέ;

1840 869 1892 922 5.
1928 866 2223 936 Usquequo
2241 863 2570 918 exaltabitur
2593 859 2849 914 inimicus
2872 871 3025 910 meus
3043 868 3204 922 super
3226 849 3346 904 me?

149 971 203 1024 6.
255 971 598 1039 Ἐπίὸλεψοεη
632 970 949 1023 είσὰκουσόν
978 986 1100 1039 μου,
1132 967 1300 1036 Κύριε
1323 968 1351 1017 ὁ
1375 965 1506 1026 Θεὸς
1536 979 1660 1034 μου.

1838 960 1892 1013 6.
1943 958 2191 1027 Respice,
2227 968 2281 1011 et
2315 955 2511 1016 exaudi
2543 969 2648 1018 me,
2687 950 2912 1005 Domine
2961 947 3105 1000 Deus
3136 960 3304 999 meus.

151 1062 206 1115 7.
240 1059 480 1113 Φώτισον
510 1063 636 1123 τοὺς
665 1059 976 1130 ὀφθαλμούς
1027 1074 1151 1126 μου,
1192 1057 1401 1126 μήποτε
1430 1051 1664 1104 ὑπνώσω

1845 1053 1894 1104 7.
1935 1049 2192 1104 lllumina
2225 1049 2414 1105 oculos
2442 1061 2612 1111 meos,
2647 1059 2714 1100 ne
2739 1055 2976 1112 unquam
3006 1037 3343 1094 obdormiam

77 1153 162 1213 εἰς
198 1151 454 1204 Θάνατον.

1767 1145 1822 1199 in
1856 1151 2051 1199 morte.

148 1242 202 1296 8.
237 1243 466 1312 Μήποτε
495 1242 638 1294 εἴποι
665 1240 902 1311 ὁὲχΟρός
947 1256 1082 1309 μου·
1123 1239 1348 1307 Ἴσχυσα
1391 1235 1528 1306 πρὸς
1568 1233 1665 1287 αὺ-

1838 1237 1891 1294 8.
1927 1235 2006 1291 Ne
2069 1235 2288 1306 quando
2333 1234 2479 1289 dicat
2530 1229 2786 1285 inimicus
2845 1242 3000 1282 meus
3037 1243 3050 1280 :
3085 1220 3345 1278 Praevalui

75 1331 190 1384 τόν.
1495 1320 1504 1334 ί

1495 1320 1504 1334 ί
1772 1332 2038 1386 adversus
2069 1345 2217 1383 eum.

151 1420 207 1473 9.
243 1421 305 1471 Οἱ
337 1416 613 1480 Ολίὸοντές
651 1434 715 1487 με
749 1416 1186 1484 ἅγαλλιάσονται,
1215 1420 1308 1470 ἐὰν
1338 1413 1582 1470 σαλευοὦ
1611 1438 1621 1444 ·

1839 1423 1893 1477 9.
1931 1422 1975 1486 ρ
1992 1421 2045 1475 ui
2072 1420 2338 1474 tribulant
2360 1432 2446 1470 me
2479 1431 2542 1470 ex
2559 1414 2858 1475 sultabunt,
2883 1411 2929 1465 si
2946 1417 3124 1464 motus
3151 1407 3302 1462 fuero
3329 1425 3341 1459 :

158 1510 245 1563 10.
292 1508 434 1576 Ἐγὼ
468 1509 524 1560 δὲ
553 1507 644 1560 ἐπὶ
663 1506 741 1578 τῷ
768 1507 907 1559 ἐλέει
945 1524 1037 1559 σου
1061 1507 1283 1577 ἤλπισα.

1842 1513 1929 1565 10.
1965 1511 2078 1580 Ego
2110 1519 2300 1562 autem
2336 1507 2387 1560 in
2421 1504 2800 1559 misericordia
2832 1509 2923 1554 tua
2962 1499 3207 1568 speravi.

155 1599 246 1652 11.
289 1598 706 1666 Ἀγαλλιάσεται
739 1600 772 1668 ἡ
811 1598 1006 1670 καρδία
1057 1616 1157 1668 μου
1187 1600 1278 1652 ἐπὶ
1307 1599 1382 1670 τῷ
1415 1597 1666 1668 σωτηρίῳ

1605 1597 1666 1668 ίῳ
1842 1604 1930 1657 11.
1985 1599 2296 1656 Exsullabit
2319 1615 2412 1653 cor
2443 1612 2624 1650 mcum
2660 1596 2712 1648 in
2749 1591 2975 1648 salutari
3017 1600 3130 1645 tuo.

80 1707 205 1746 σου.
431 1689 438 1693 ’

158 1783 249 1837 1‘2.
291 1783 440 1853 ’ᾼσω
471 1782 549 1853 τῷ
575 1784 762 1854 Κυρίῳ
787 1783 864 1853 τῷ
892 1785 1310 1856 εὐεργετήσαντί
1347 1801 1412 1854 με
1437 1801 1448 1811 ·

1709 1771 1742 1826 Β
1849 1780 1937 1832 12.
1974 1778 2228 1833 Cantabo
2264 1774 2514 1836 Domino,
2544 1774 2635 1843 qui
2665 1773 2806 1826 bona
2851 1769 3037 1824 tribuit
3074 1767 3240 1822 mihi:

153 1876 243 1928 15.
279 1874 388 1927 Καὶ
415 1873 570 1944 ψαλῶ
594 1873 671 1944 τῷ
692 1876 914 1946 ὀνόματι
945 1876 1158 1945 Κυρίου
1195 1875 1288 1927 τοῦ
1313 1874 1559 1943 ὑψίστου.

1848 1873 1933 1926 IS.
1981 1871 2047 1925 Et
2080 1871 2305 1940 psallam
2351 1869 2556 1923 nomini
2603 1865 2816 1921 Domini
2842 1863 3114 1918 altissimi.

155 1991 260 2052 Εἰς
285 1987 352 2040 τὸ
385 1988 558 2052 τέλος
587 1989 830 2057 ψαλμὸς
863 1987 941 2052 τῷ
974 1987 1168 2040 Δαϐίδ.
1203 1986 1438 2041 ΨΛΛΜ.
1473 1989 1590 2040 II".

1961 1989 2024 2043 In
2050 1990 2203 2059 ﬁnem
2227 1987 2460 2057 psalmus
2485 1982 2676 2041 David.
2710 1981 2976 2039 PSALM.
3006 1977 3183 2033 XIII.

153 2081 205 2134 I.
244 2075 414 2132 Εἶπεν
442 2080 630 2151 ἄφρων
665 2082 722 2132 ἐν
752 2080 951 2151 καρδίᾳ
981 2079 1145 2132 αὑτοῦ
1171 2097 1185 2109 ·
1219 2080 1332 2132 Οὐκ
1371 2078 1485 2131 ἐστι
1514 2078 1665 2140 Θεὸς.

1851 2084 1898 2138 I.
1945 2081 2093 2136 Dixit
2119 2083 2387 2151 insipiens
2412 2081 2468 2134 in
2501 2079 2665 2134 corde
2695 2094 2822 2132 suo:
2855 2074 2972 2129 Non
3007 2084 3090 2129 est
3118 2071 3282 2127 Deus.

149 2171 207 2223 2.
243 2170 648 2242 Διεφοάρησαν,
692 2171 783 2224 καὶ
828 2170 1229 2240 ἐϐδελύχϐησαν
1274 2171 1331 2221 ὲν
1383 2169 1667 2240 ἐπιτηδεύ-

1843 2174 1898 2227 2.
1932 2173 2198 2242 Corrupti
2232 2181 2382 2236 sunt,
2416 2181 2470 2226 et
2503 2168 2896 2225 abominabiles
2940 2165 3066 2222 facti
3115 2172 3244 2220 sunt
3291 2162 3345 2216 in

77 2281 275 2333 μασιν.
783 2281 790 2284 ‘

783 2281 790 2284 ‘
1773 2264 1968 2318 studiis
1997 2263 2112 2318 suis
2133 2305 2145 2316 .

151 2355 206 2409 '5.
250 2355 364 2408 Οὐκ
388 2354 504 2408 ἔστι
525 2355 693 2408 ποιῶν
715 2355 1077 2427 χρηστότητα,
1099 2356 1198 2407 οὐκ
1227 2353 1372 2408 ἔστιν
1396 2355 1498 2418 ἕως
1525 2353 1660 2416 ἑνός.

1841 2353 1896 2407 5.
1930 2349 2048 2405 Non
2081 2359 2163 2406 est
2186 2350 2278 2420 qui
2309 2349 2473 2406 faciat
2517 2350 2722 2407 bonum
2744 2388 2759 2412 ,
2791 2363 2898 2403 non
2929 2354 3014 2402 est
3049 2359 3222 2414 usque
3273 2342 3343 2398 ad

1769 2460 1960 2498 unum.

151 2523 206 2576 4.
243 2525 452 2594 Κύριος
486 2524 551 2578 ἐκ
573 2523 670 2579 τοῦ
700 2526 932 2597 οὐρανοῦ
966 2526 1221 2596 διέκυψεν
1244 2529 1336 2580 ἐπὶ
1363 2529 1487 2591 τοὺς
1517 2527 1664 2589 υἱοὺς

1843 2537 1898 2591 4.
1930 2536 2190 2592 Dominus
2225 2537 2292 2592 de
2319 2536 2459 2591 coelo
2483 2533 2761 2605 prospexit
2787 2547 2950 2602 super
2973 2530 3112 2586 ﬁlios
3151 2526 3330 2584 homi-

75 2614 190 2669 τῶν
223 2616 531 2688 ἀνθρώπων
552 2658 568 2684 ,

415 2635 531 2672 πων
552 2658 568 2684 ν
1771 2643 1902 2681 num
1927 2666 1942 2689 ,

1220 2844 1308 2898 AT
1329 2843 1606 2900 HANASII
1648 2845 2250 2902 INTERPRETATIO.

155 3023 220 3076 9.
252 3020 526 3094 Βδελύσση
558 3041 658 3094 μου
692 3026 788 3096 τὴν
813 3027 1014 3098 δέησιν.

1845 3028 1902 3082 ‘2.
1930 3027 2282 3084 Abominaris
2313 3027 2678 3097 precationem
2714 3040 2910 3080 meam.

158 3115 214 3169 5.
242 3115 391 3177 Ἕως
417 3117 547 3168 πότε
579 3116 677 3180 τὰς
707 3117 898 3187 βουλὰς
934 3120 1043 3172 τῶν
1064 3120 1336 3189 δαιμόνων
1358 3120 1583 3191 δέξομαι
1611 3120 1669 3174 ὲν

1841 3121 1897 3175 5.
1942 3120 2236 3193 Usquequo
2265 3123 2532 3192 excipiam
2557 3121 2782 3176 consilia
2804 3119 3110 3176 daemonum
3146 3119 3198 3172 in
3219 3121 3342 3174 ani-

79 3208 152 3276 τῇ
188 3207 334 3276 ψυχῇ
363 3223 461 3276 μου
490 3225 504 3272 ;

1771 3227 1860 3267 ma
1889 3215 2054 3269 mea?

159 3299 216 3353 4.
260 3300 599 3371 Ὀδύναιγάρ
632 3304 739 3354 εἱσι
771 3303 860 3354 διὰ
894 3305 1089 3367 παντὸς
1117 3305 1213 3374 τῆς
1243 3305 1472 3374 καρδίας
1506 3323 1626 3376 μου.

1845 3308 1899 3362 4.
1935 3307 2164 3364 Dolores
2193 3307 2338 3362 enim
2372 3307 2522 3362 omni
2554 3315 2793 3376 tempore
2818 3304 2966 3360 cordi
3007 3320 3128 3359 meo
3165 3310 3313 3360 sunt.

159 3389 214 3443 5.
253 3389 758 3444 Καταδυναστεύσει
795 3410 914 3462 μου.

1847 3399 1900 3453 5.
1935 3397 1994 3451 In
2025 3414 2112 3452 me
2135 3397 2523 3453 dominabitur.

158 3480 212 3533 6.
244 3479 644 3552 Προσεσχηκὼς
654 3482 751 3552 τὴν
766 3485 1077 3554 τυραννίδα,
1093 3485 1158 3556 ἢν
1175 3503 1238 3538 τυ
1247 3486 1542 3558 ραννοῢμαι
1565 3488 1670 3541 ὑπὸ

1842 3492 1899 3546 6.
1931 3491 2300 3545 Considerans
2333 3489 2692 3560 tyrannidem,
2718 3502 2826 3558 qua
2851 3488 3131 3557 opprimor
3153 3487 3221 3541 ab
3239 3485 3342 3540 ini-

81 3571 184 3624 τοῦ
217 3572 436 3644 ἐχθροῦ.

398 3573 436 3626 5.
1767 3585 1929 3639 mico.

162 3662 220 3716 7.
250 3664 391 3727 Τοὺς
417 3666 727 3737 ὀφθαλμοὺς
754 3669 856 3740 τῆς
884 3670 1111 3741 καρδίας
1145 3689 1244 3742 μου
1283 3672 1538 3742 φώτισον.
1580 3675 1668 3729 ἵνα

1839 3677 1894 3730 7.
1933 3675 2137 3730 Oculos
2166 3676 2346 3730 cordis
2390 3676 2494 3729 mei
2552 3674 2820 3740 illumina,
2863 3681 2922 3727 ut
2965 3689 3072 3726 non
3123 3689 3342 3742 perma-

90 3769 168 3821 μη
199 3754 542 3822 ἐναπομείνω
569 3759 633 3827 τῇ
662 3758 924 3830 ἁμαρτίᾳ.

744 3760 924 3830 αρτίᾳ.
1770 3782 1925 3821 ncam
1956 3765 2010 3818 in
2033 3773 2275 3834 peccato.

164 3843 219 3896 8.
255 3845 484 3914 Μήποτε
513 3847 656 3900 εἴποι
683 3850 711 3900 ὁ
744 3849 984 3914 διάϐολος
1005 3868 1018 3880 ·
1053 3853 1386 3924 ῐΙεριγέγονα
1421 3856 1601 3908 αὐτοῦ.

1838 3857 1890 3910 8.
1929 3853 2005 3908 Ne
2034 3855 2253 3924 quando
2281 3853 2427 3908 dicat
2453 3853 2740 3907 diabolus:
2773 3852 3036 3922 Superavi
3059 3865 3204 3905 eum.

158 3934 211 3987 9.
243 3935 380 3998 Τοὺς
399 3937 658 4008 δαίμονας
680 3940 848 4010 λέγει.

1841 3947 1893 3999 9.
1926 3944 2212 4000 Damiones
2239 3944 2524 4014 signiﬁcat.

170 4024 260 4077 10.
305 4024 448 4094 Ἐγὼ
470 4027 524 4080 δὲ
553 4029 774 4100 ἤλπισα,
805 4032 888 4084 ὅτι
923 4029 1115 4094 σώσεις
1155 4049 1219 4102 με
1249 4036 1306 4086 ὲν
1340 4034 1415 4104 τῷ
1449 4031 1665 4108 σταυρῷ

1846 4038 1934 4090 10.
1967 4035 2080 4106 Ego
2131 4046 2309 4090 autem
2359 4035 2571 4106 speravi
2601 4073 2615 4098 ,
2665 4035 2807 4104 quod
2857 4033 3092 4088 salvabis
3138 4047 3226 4086 me
3283 4031 3337 4086 in

91 4133 186 4170 σοι

1771 4144 1937 4183 οτυρο
1965 4136 2076 4183 tua.

162 4211 250 4266 II.
295 4211 416 4264 Ἐπὶ
441 4213 518 4282 τῷ
554 4212 666 4283 Υίῷ
697 4231 808 4266 σου.

796 4253 808 4266 -
1841 4221 1926 4275 11.
1965 4220 2018 4274 In
2047 4220 2183 4274 Filio
2208 4228 2318 4274 tuo.

162 4301 249 4356 I2.
278 4304 485 4374 ’Ύμνον
512 4305 819 4375 ἀναπέμψω
842 4305 920 4377 τῷ
954 4308 1142 4379 Κυρίῳ
1163 4308 1239 4378 τῷ
1270 4309 1543 4379 ἰασαμένῳ
1567 4310 1664 4380 τὴν

1849 4313 1933 4365 12.
1971 4310 2241 4382 llynmum
2269 4310 2502 4366 cantabo
2528 4308 2775 4372 Domino,
2803 4324 2896 4378 qur
2937 4308 3144 4362 sanavit
3193 4307 3341 4362 infir-

87 4394 376 4450 ἀσθένειαν
396 4398 494 4468 τῆς
515 4398 693 4468 ψυχῆς
728 4416 852 4468 μου.

1771 4403 2011 4457 mitatem
2041 4402 2234 4456 animm
2261 4417 2419 4464 mete,

161 4485 250 4542 I5.
279 4488 390 4541 Καὶ
421 4488 578 4558 ψαλῶ
601 4489 676 4559 τῷ
697 4491 918 4560 ὀνόματι
959 4491 1161 4561 Κυρίου
1196 4490 1288 4544 τοῦ
1317 4491 1662 4562 ἐπουρανίου.

1846 4493 1934 4546 15.
1967 4491 2033 4544 Ει
2057 4491 2284 4562 psallam
2319 4490 2524 4545 nomini
2561 4488 2777 4545 Domini
2811 4487 3229 4558 supercmlestis.

170 4602 235 4657 Ἦ
271 4607 606 4678 προκειμένη
641 4605 917 4677 ἐπιγραφὴ
947 4608 979 4677 ἡ
1007 4608 1094 4662 διὰ
1123 4609 1223 4678 τῆς
1257 4608 1628 4679 κινναϐάρεως
1675 4609 1948 4680 περιέχει·
1978 4611 2084 4674 Εἰς
2119 4608 2186 4660 τὸ
2224 4607 2398 4672 τέλος
2427 4608 2664 4676 ψαλμὸς
2688 4605 2766 4670 τῷ
2810 4605 3016 4658 Δαϐίδ·
3044 4603 3337 4670 τουτέστιν,

90 4696 230 4769 ὑπὲρ
263 4699 361 4768 τῆς
398 4699 696 4768 παρουσίας
727 4701 818 4751 τοῦ
850 4702 1055 4772 Κυρίου
1091 4701 1189 4771 τῆς
1219 4703 1304 4753 ἐπ’
1340 4703 1580 4772 ἐσχάτων
1611 4701 1719 4755 τῶν
1753 4700 1974 4771 ἡμερῶν
2002 4701 2168 4769 λέγει.
2206 4699 2367 4754 Δασιδ
2394 4701 2500 4770 γὰρ
2520 4700 2878 4771 ἐρμηνευεται
2909 4697 3338 4766 πεποθημένος,

84 4790 226 4864 ὅπερ
260 4794 408 4846 ἐστὶν
433 4796 526 4846 καὶ
562 4794 711 4866 παρὰ
741 4793 817 4864 τῷ
848 4793 1040 4846 ἑαυτοῦ
1071 4795 1261 4866 [Ia-.91,
1292 4796 1384 4848 καὶ
1411 4795 1562 4866 παρὰ
1589 4798 1700 4858 τοῖς
1729 4795 2035 4866 ἀνθρώποις
2079 4792 2252 4864 [Υἱὸς]
2284 4793 2378 4845 τοῦ
2411 4792 2564 4845 Θεοῦ.

159 4905 396 4971 Titulus,
431 4907 525 4976 qui
553 4908 762 4975 psalmo
791 4910 1140 4979 prreponitur,
1170 4910 1450 4964 cinnabari
1487 4911 1716 4979 scriptus
1769 4911 2012 4964 continet
2048 4929 2060 4964 :
2104 4909 2168 4962 In
2221 4910 2400 4978 ﬁnem,
2451 4910 2685 4978 psalmus
2718 4908 2921 4964 David:
2955 4909 3061 4965 hoc
3097 4919 3200 4974 est,
3238 4926 3335 4980 pro

86 5001 321 5056 adventu
357 4998 572 5053 Domini
601 5001 732 5054 dicit
762 5001 815 5054 in
876 5001 1188 5055 novissimis
1219 5002 1433 5057 diebus.
1475 5003 1638 5057 David
1685 5002 1829 5057 enim
1868 5002 2274 5072 interpretatur
2335 5001 2690 5066 desideratus,
2739 5003 2918 5072 qualis
2956 5012 3057 5067 est,
3106 5011 3159 5057 et
3195 5005 3337 5074 apud

87 5107 247 5146 suum
280 5088 518 5156 Patrem,
549 5099 603 5144 et
633 5093 774 5160 apud
799 5093 1068 5160 homines,
1109 5095 1196 5149 Dei
1228 5094 1414 5148 Filius.

165 5253 214 5308 I.
259 5253 318 5306 '0
348 5253 591 5316 Σατανᾶς
621 5256 713 5307 καὶ
743 5257 792 5308 οἱ
816 5257 978 5310 αὑτοῦ
1016 5256 1176 5313 εἶπαν
1209 5261 1337 5332 περὶ
1366 5259 1458 5313 τοῦ
1493 5277 1658 5314 σταυ-

1843 5263 1895 5316 1.
1932 5260 2186 5327 Satanas,
2229 5269 2284 5316 et
2311 5260 2400 5330 qui
2435 5259 2554 5329 ejus
2586 5269 2734 5327 sunt,
2776 5259 3028 5315 dixerunt
3063 5260 3130 5315 de
3158 5275 3334 5316 εωθι-

91 5345 378 5416 ρωῡέπος.

365 5385 378 5398 .
1769 5347 1894 5402 Iixo.

159 5437 212 5489 2.
255 5436 389 5488 Ὑπὸ
416 5436 526 5489 τῶν
564 5437 739 5508 ἔργων
779 5440 956 5495 αὐτῶν
998 5443 1106 5495 τῶν
1141 5445 1390 5514 πονηρῶν
1437 5447 1655 5518 ἐμολύν-

1836 5440 1892 5492 2.
1929 5437 2196 5506 lmprohis
2235 5452 2420 5493 eorum
2474 5435 2628 5491 factis
2681 5437 3033 5492 contaminati
3083 5449 3231 5502 sunt,
3283 5450 3337 5495 et

85 5527 279 5600 θησαν,
310 5530 405 5581 καὶ
432 5530 709 5599 βδελυκτῆ
741 5533 986 5601 ἐγένοντο
1020 5536 1174 5608 παρὰ
1203 5537 1282 5607 τῷ
1309 5537 1444 5608 Θεῷ.

1355 5537 1444 5608 sq).
1773 5531 2170 5587 abominabiles
2204 5529 2328 5585 facti
2372 5539 2498 5584 sunt
2529 5531 2665 5595 apud
2698 5529 2885 5583 Deum.

155 5623 208 5677 5.
242 5624 356 5676 Οὐκ
381 5623 406 5675 ἕ
424 5643 496 5677 ττι
521 5626 690 5678 ποιῶν
724 5644 776 5679 τι
807 5629 1092 5698 χρήσιμον.

1836 5624 1888 5680 5.
1924 5622 2094 5680 Nemo
2121 5634 2220 5692 est,
2245 5625 2337 5694 qui
2364 5623 2495 5678 utile
2527 5624 2727 5692 aliquid
2761 5623 2939 5678 faciat.

159 5713 212 5767 4.
245 5715 449 5786 Κύριος
471 5718 536 5769 ἐκ
565 5717 659 5770 τοῦ
689 5719 918 5788 οὐρανοῦ
945 5719 1154 5774 ἐπεῖδεν
1187 5719 1279 5773 ἐπὶ
1312 5719 1516 5784 πάντας
1538 5719 1662 5783 τοὺς

1832 5717 1886 5771 4.
1925 5715 2186 5774 Dominus
2237 5733 2267 5772 e
2300 5717 2438 5773 cmlo
2474 5717 2710 5787 respexit
2751 5731 2916 5786 super
2957 5727 3147 5768 omnes
3191 5711 3331 5769 ﬁlios

92 5808 238 5870 υἱοὺς
271 5808 380 5860 τῶν
416 5807 596 5876 ἀνθρώ
605 5828 740 5864 πων.

557 5807 740 5864 ώπων.
1764 5806 2046 5863 hominUm
2077 5828 2088 5863 :
