  <div class='ocr_page' id='page_1' title='image "/cluster/home/n/w/nwhite01/storage/ocr_20150623/27/nnc1.0046978631/359.png"; bbox 0 0 3878 6218; ppageno 0'>
   <div class='ocr_carea' id='block_1_1' title="bbox 508 359 3774 430">
    <p class='ocr_par' dir='ltr' id='par_1_1' title="bbox 508 359 3774 430">
     <span class='ocr_line' id='line_1_1' title="bbox 508 359 3774 430; baseline 0.002 -12"><span class='ocrx_word' id='word_1_1' title='bbox 508 359 610 418; x_wconf 75' lang='lat' dir='ltr'><strong>G91</strong></span> <span class='ocrx_word' id='word_1_2' title='bbox 1326 364 1386 423; x_wconf 88' lang='lat' dir='ltr'><strong>s.</strong></span> <span class='ocrx_word' id='word_1_3' title='bbox 1421 367 1802 426; x_wconf 84' lang='lat' dir='ltr'><strong>ATHANASII</strong></span> <span class='ocrx_word' id='word_1_4' title='bbox 1841 360 1992 428; x_wconf 72' lang='lat' dir='ltr'><strong>opp;</strong></span> <span class='ocrx_word' id='word_1_5' title='bbox 2033 369 2214 430; x_wconf 78' lang='lat' dir='ltr'><strong>PARS</strong></span> <span class='ocrx_word' id='word_1_6' title='bbox 2253 373 2342 429; x_wconf 89' lang='lat' dir='ltr'><strong>III.</strong></span> <span class='ocrx_word' id='word_1_7' title='bbox 2381 405 2451 415; x_wconf 90' lang='grc'><strong><em>-</em></strong></span> <span class='ocrx_word' id='word_1_8' title='bbox 2488 373 2899 430; x_wconf 74' lang='lat' dir='ltr'><strong>EXEGETICA.</strong></span> <span class='ocrx_word' id='word_1_9' title='bbox 3679 370 3774 427; x_wconf 73' lang='lat'><strong>69?.</strong></span> 
     </span>
    </p>
   </div>
   <div class='ocr_carea' id='block_1_2' title="bbox 515 492 2046 639">
    <p class='ocr_par' dir='ltr' id='par_1_2' title="bbox 515 492 2046 639">
     <span class='ocr_line' id='line_1_2' title="bbox 585 492 2046 574; baseline 0.009 -27"><span class='ocrx_word' id='word_1_10' title='bbox 585 493 638 547; x_wconf 86' lang='lat'><strong>5.</strong></span> <span class='ocrx_word' id='word_1_11' title='bbox 677 492 748 548; x_wconf 89' lang='lat' dir='ltr'><strong>Ut</strong></span> <span class='ocrx_word' id='word_1_12' title='bbox 779 495 977 562; x_wconf 79' lang='lat' dir='ltr'><strong>videat,</strong></span> <span class='ocrx_word' id='word_1_13' title='bbox 1011 497 1057 551; x_wconf 92' lang='lat' dir='ltr'><strong>si</strong></span> <span class='ocrx_word' id='word_1_14' title='bbox 1107 505 1190 552; x_wconf 90' lang='lat' dir='ltr'><strong>est</strong></span> <span class='ocrx_word' id='word_1_15' title='bbox 1247 497 1596 570; x_wconf 78' lang='lat' dir='ltr'><strong>intelligens,</strong></span> <span class='ocrx_word' id='word_1_16' title='bbox 1654 511 1747 556; x_wconf 91' lang='lat' dir='ltr'><strong>aut</strong></span> <span class='ocrx_word' id='word_1_17' title='bbox 1799 507 2046 574; x_wconf 80' lang='lat' dir='ltr'><strong>requiren</strong></span> 
     </span>
     <span class='ocr_line' id='line_1_3' title="bbox 515 580 704 639; baseline 0.005 -1"><span class='ocrx_word' id='word_1_18' title='bbox 515 580 704 639; x_wconf 86' lang='lat' dir='ltr'><strong>Deum.</strong></span> 
     </span>
    </p>
   </div>
   <div class='ocr_carea' id='block_1_3' title="bbox 2323 492 3854 639">
    <p class='ocr_par' dir='ltr' id='par_1_3' title="bbox 2346 500 3854 577">
     <span class='ocr_line' id='line_1_4' title="bbox 2346 500 3854 577; baseline -0.001 -17"><span class='ocrx_word' id='word_1_19' title='bbox 2346 509 2450 560; x_wconf 72' lang='grc' dir='ltr'>Τοῦ</span> <span class='ocrx_word' id='word_1_20' title='bbox 2481 508 2626 570; x_wconf 76' lang='grc' dir='ltr'>ἰδεῖν,</span> <span class='ocrx_word' id='word_1_21' title='bbox 2657 509 2707 558; x_wconf 81' lang='grc' dir='ltr'>εἰ</span> <span class='ocrx_word' id='word_1_22' title='bbox 2736 507 2851 559; x_wconf 77' lang='grc' dir='ltr'>ἐστι</span> <span class='ocrx_word' id='word_1_23' title='bbox 2888 504 3106 570; x_wconf 86' lang='grc' dir='ltr'>συνιῶν,</span> <span class='ocrx_word' id='word_1_24' title='bbox 3143 507 3177 574; x_wconf 81' lang='grc' dir='ltr'><strong>ἢ</strong></span> <span class='ocrx_word' id='word_1_25' title='bbox 3209 505 3457 577; x_wconf 80' lang='grc' dir='ltr'><strong>ἐκζητῶν</strong></span> <span class='ocrx_word' id='word_1_26' title='bbox 3489 503 3592 557; x_wconf 81' lang='grc' dir='ltr'><strong>τὸν</strong></span> <span class='ocrx_word' id='word_1_27' title='bbox 3629 503 3776 558; x_wconf 68' lang='grc' dir='ltr'>Θεὸν.</span> <span class='ocrx_word' id='word_1_28' title='bbox 3853 500 3854 517; x_wconf 60' lang='grc'><strong>¹</strong></span> 
     </span>
    </p>
   </div>
   <div class='ocr_carea' id='block_1_4' title="bbox 595 600 704 640">
    <p class='ocr_par' dir='ltr' id='par_1_4' title="bbox 595 600 704 640">
     <span class='ocr_line' id='line_1_5' title="bbox 595 600 704 640; baseline 0.018 -2"><span class='ocrx_word' id='word_1_29' title='bbox 595 600 704 640; x_wconf 91' lang='lat' dir='ltr'><strong>um.</strong></span> 
     </span>
    </p>
   </div>
   <div class='ocr_carea' id='block_1_5' title="bbox 587 675 2118 754">
    <p class='ocr_par' dir='ltr' id='par_1_5' title="bbox 587 675 2086 748">
     <span class='ocr_line' id='line_1_6' title="bbox 587 675 2086 748; baseline 0.008 -17"><span class='ocrx_word' id='word_1_30' title='bbox 587 676 642 732; x_wconf 89' lang='lat'><strong>6.</strong></span> <span class='ocrx_word' id='word_1_31' title='bbox 677 675 879 734; x_wconf 84' lang='lat' dir='ltr'><strong>Omnes</strong></span> <span class='ocrx_word' id='word_1_32' title='bbox 929 679 1392 748; x_wconf 87' lang='lat' dir='ltr'><strong>declinaverunt,</strong></span> <span class='ocrx_word' id='word_1_33' title='bbox 1447 683 1610 740; x_wconf 89' lang='lat' dir='ltr'><strong>simul</strong></span> <span class='ocrx_word' id='word_1_34' title='bbox 1669 685 1891 742; x_wconf 86' lang='lat' dir='ltr'><strong>inutiles</strong></span> <span class='ocrx_word' id='word_1_35' title='bbox 1957 689 2086 743; x_wconf 81' lang='lat' dir='ltr'><strong>facti</strong></span> 
     </span>
    </p>
   </div>
   <div class='ocr_carea' id='block_1_6' title="bbox 1937 675 3468 754">
    <p class='ocr_par' dir='ltr' id='par_1_6' title="bbox 1957 681 3468 754">
     <span class='ocr_line' id='line_1_7' title="bbox 1957 681 3468 754; baseline -0.005 -12"><span class='ocrx_word' id='word_1_36' title='bbox 1957 689 2086 743; x_wconf 81' lang='lat' dir='ltr'><strong>facti</strong></span> <span class='ocrx_word' id='word_1_37' title='bbox 2257 687 2308 741; x_wconf 88' lang='lat'><strong>6.</strong></span> <span class='ocrx_word' id='word_1_38' title='bbox 2339 687 2546 748; x_wconf 67' lang='grc' dir='ltr'>Πάντες</span> <span class='ocrx_word' id='word_1_39' title='bbox 2573 683 2872 749; x_wconf 78' lang='grc' dir='ltr'><strong>ἐξέκλιναν,</strong></span> <span class='ocrx_word' id='word_1_40' title='bbox 2903 683 3018 754; x_wconf 74' lang='grc' dir='ltr'><strong>ἅμα</strong></span> <span class='ocrx_word' id='word_1_41' title='bbox 3047 681 3428 754; x_wconf 76' lang='grc' dir='ltr'>ὴχρειώθησαν</span> <span class='ocrx_word' id='word_1_42' title='bbox 3455 699 3468 711; x_wconf 95' lang='grc'><strong>·</strong></span> 
     </span>
    </p>
   </div>
   <div class='ocr_carea' id='block_1_7' title="bbox 517 777 679 824">
    <p class='ocr_par' dir='ltr' id='par_1_7' title="bbox 517 777 679 824">
     <span class='ocr_line' id='line_1_8' title="bbox 517 777 679 824; baseline -0.012 0"><span class='ocrx_word' id='word_1_43' title='bbox 517 777 679 824; x_wconf 89' lang='lat' dir='ltr'><strong>sunt:</strong></span> 
     </span>
    </p>
   </div>
   <div class='ocr_carea' id='block_1_8' title="bbox 589 860 2120 940">
    <p class='ocr_par' dir='ltr' id='par_1_8' title="bbox 589 863 2090 940">
     <span class='ocr_line' id='line_1_9' title="bbox 589 863 2090 940; baseline 0.008 -25"><span class='ocrx_word' id='word_1_44' title='bbox 589 863 642 918; x_wconf 84' lang='lat'><strong>7.</strong></span> <span class='ocrx_word' id='word_1_45' title='bbox 673 863 793 919; x_wconf 85' lang='lat' dir='ltr'><strong>Non</strong></span> <span class='ocrx_word' id='word_1_46' title='bbox 818 873 902 919; x_wconf 87' lang='lat' dir='ltr'><strong>est</strong></span> <span class='ocrx_word' id='word_1_47' title='bbox 939 866 1034 935; x_wconf 89' lang='lat' dir='ltr'><strong>qui</strong></span> <span class='ocrx_word' id='word_1_48' title='bbox 1067 865 1232 922; x_wconf 82' lang='lat' dir='ltr'><strong>faciat</strong></span> <span class='ocrx_word' id='word_1_49' title='bbox 1259 868 1484 932; x_wconf 89' lang='lat' dir='ltr'><strong>bonum,</strong></span> <span class='ocrx_word' id='word_1_50' title='bbox 1527 884 1636 924; x_wconf 94' lang='lat' dir='ltr'><strong>non</strong></span> <span class='ocrx_word' id='word_1_51' title='bbox 1671 879 1756 926; x_wconf 89' lang='lat' dir='ltr'><strong>est</strong></span> <span class='ocrx_word' id='word_1_52' title='bbox 1801 887 1975 940; x_wconf 91' lang='lat' dir='ltr'><strong>usque</strong></span> <span class='ocrx_word' id='word_1_53' title='bbox 2022 873 2090 927; x_wconf 87' lang='lat' dir='ltr'><strong>ad</strong></span> 
     </span>
    </p>
   </div>
   <div class='ocr_carea' id='block_1_9' title="bbox 2248 860 3779 940">
    <p class='ocr_par' dir='ltr' id='par_1_9' title="bbox 2263 860 3779 936">
     <span class='ocr_line' id='line_1_10' title="bbox 2263 860 3779 936; baseline -0.004 -18"><span class='ocrx_word' id='word_1_54' title='bbox 2263 867 2316 918; x_wconf 89' lang='lat'><strong>7.</strong></span> <span class='ocrx_word' id='word_1_55' title='bbox 2355 866 2466 917; x_wconf 73' lang='grc' dir='ltr'>Οὐκ</span> <span class='ocrx_word' id='word_1_56' title='bbox 2485 863 2599 915; x_wconf 84' lang='grc' dir='ltr'>έστι</span> <span class='ocrx_word' id='word_1_57' title='bbox 2617 862 2786 914; x_wconf 81' lang='grc' dir='ltr'>ποιῶν</span> <span class='ocrx_word' id='word_1_58' title='bbox 2817 862 3190 936; x_wconf 79' lang='grc' dir='ltr'><strong>χρηστότητα,</strong></span> <span class='ocrx_word' id='word_1_59' title='bbox 3215 861 3316 914; x_wconf 81' lang='grc' dir='ltr'><strong>οὐκ</strong></span> <span class='ocrx_word' id='word_1_60' title='bbox 3342 861 3488 914; x_wconf 78' lang='grc' dir='ltr'>ἔστιν</span> <span class='ocrx_word' id='word_1_61' title='bbox 3505 860 3626 924; x_wconf 85' lang='grc' dir='ltr'>’ἐως</span> <span class='ocrx_word' id='word_1_62' title='bbox 3645 860 3779 923; x_wconf 77' lang='grc' dir='ltr'>ἑνός.</span> 
     </span>
    </p>
   </div>
   <div class='ocr_carea' id='block_1_10' title="bbox 520 971 712 1010">
    <p class='ocr_par' dir='ltr' id='par_1_10' title="bbox 520 971 712 1010">
     <span class='ocr_line' id='line_1_11' title="bbox 520 971 712 1010; baseline 0.01 -2"><span class='ocrx_word' id='word_1_63' title='bbox 520 971 712 1010; x_wconf 90' lang='lat' dir='ltr'><strong>unum.</strong></span> 
     </span>
    </p>
   </div>
   <div class='ocr_carea' id='block_1_11' title="bbox 589 1035 2120 1126">
    <p class='ocr_par' dir='ltr' id='par_1_11' title="bbox 589 1045 2092 1126">
     <span class='ocr_line' id='line_1_12' title="bbox 589 1045 2092 1126; baseline 0.005 -24"><span class='ocrx_word' id='word_1_64' title='bbox 589 1047 642 1102; x_wconf 92' lang='lat'><strong>8.</strong></span> <span class='ocrx_word' id='word_1_65' title='bbox 677 1045 870 1104; x_wconf 91' lang='lat' dir='ltr'><strong>Nonne</strong></span> <span class='ocrx_word' id='word_1_66' title='bbox 901 1061 1236 1122; x_wconf 79' lang='lat' dir='ltr'><strong>cognoscent</strong></span> <span class='ocrx_word' id='word_1_67' title='bbox 1275 1068 1488 1121; x_wconf 87' lang='lat' dir='ltr'><strong>omnes,</strong></span> <span class='ocrx_word' id='word_1_68' title='bbox 1540 1057 1634 1125; x_wconf 88' lang='lat' dir='ltr'><strong>qui</strong></span> <span class='ocrx_word' id='word_1_69' title='bbox 1668 1064 1961 1126; x_wconf 79' lang='lat' dir='ltr'><strong>operantur</strong></span> <span class='ocrx_word' id='word_1_70' title='bbox 1987 1055 2092 1109; x_wconf 87' lang='lat' dir='ltr'><strong>ini—</strong></span> 
     </span>
    </p>
   </div>
   <div class='ocr_carea' id='block_1_12' title="bbox 2252 1035 3783 1126">
    <p class='ocr_par' dir='ltr' id='par_1_12' title="bbox 2265 1035 3783 1108">
     <span class='ocr_line' id='line_1_13' title="bbox 2265 1035 3783 1108; baseline -0.004 -14"><span class='ocrx_word' id='word_1_71' title='bbox 2265 1040 2318 1094; x_wconf 90' lang='lat'><strong>8.</strong></span> <span class='ocrx_word' id='word_1_72' title='bbox 2351 1039 2487 1108; x_wconf 70' lang='grc' dir='ltr'><strong>Οὐχὶ</strong></span> <span class='ocrx_word' id='word_1_73' title='bbox 2514 1041 2812 1107; x_wconf 78' lang='grc' dir='ltr'><strong>γνώσονται</strong></span> <span class='ocrx_word' id='word_1_74' title='bbox 2838 1039 3036 1100; x_wconf 83' lang='grc' dir='ltr'>πάντες</span> <span class='ocrx_word' id='word_1_75' title='bbox 3063 1039 3114 1090; x_wconf 78' lang='grc' dir='ltr'>οἱ</span> <span class='ocrx_word' id='word_1_76' title='bbox 3141 1037 3498 1108; x_wconf 79' lang='grc' dir='ltr'>ἐργαζόμενοι</span> <span class='ocrx_word' id='word_1_77' title='bbox 3527 1035 3637 1107; x_wconf 78' lang='grc' dir='ltr'>τὴν</span> <span class='ocrx_word' id='word_1_78' title='bbox 3661 1037 3783 1089; x_wconf 82' lang='grc' dir='ltr'>ἀνο-</span> 
     </span>
    </p>
   </div>
   <div class='ocr_carea' id='block_1_13' title="bbox 521 1131 2052 1209">
    <p class='ocr_par' dir='ltr' id='par_1_13' title="bbox 521 1140 822 1209">
     <span class='ocr_line' id='line_1_14' title="bbox 521 1140 822 1209; baseline 0 -15"><span class='ocrx_word' id='word_1_79' title='bbox 521 1140 783 1209; x_wconf 90' lang='lat' dir='ltr'><strong>quitatem</strong></span> <span class='ocrx_word' id='word_1_80' title='bbox 807 1185 822 1208; x_wconf 87' lang='lat'><strong>,</strong></span> 
     </span>
    </p>
   </div>
   <div class='ocr_carea' id='block_1_14' title="bbox 822 1131 2353 1209">
    <p class='ocr_par' dir='ltr' id='par_1_14' title="bbox 2197 1131 2353 1204">
     <span class='ocr_line' id='line_1_15' title="bbox 2197 1131 2353 1204; baseline 0.013 -22"><span class='ocrx_word' id='word_1_81' title='bbox 2197 1131 2324 1204; x_wconf 73' lang='grc' dir='ltr'>μίαν</span> <span class='ocrx_word' id='word_1_82' title='bbox 2341 1171 2353 1194; x_wconf 83' lang='grc'><strong>,</strong></span> 
     </span>
    </p>
   </div>
   <div class='ocr_carea' id='block_1_15' title="bbox 593 1219 2124 1310">
    <p class='ocr_par' dir='ltr' id='par_1_15' title="bbox 593 1229 2092 1310">
     <span class='ocr_line' id='line_1_16' title="bbox 593 1229 2092 1310; baseline 0.007 -27"><span class='ocrx_word' id='word_1_83' title='bbox 593 1232 646 1284; x_wconf 90' lang='lat'><strong>9.</strong></span> <span class='ocrx_word' id='word_1_84' title='bbox 679 1229 784 1296; x_wconf 85' lang='lat' dir='ltr'><strong>Qui</strong></span> <span class='ocrx_word' id='word_1_85' title='bbox 813 1231 1078 1290; x_wconf 80' lang='lat' dir='ltr'><strong>devorant</strong></span> <span class='ocrx_word' id='word_1_86' title='bbox 1097 1235 1310 1306; x_wconf 88' lang='lat' dir='ltr'><strong>plebem</strong></span> <span class='ocrx_word' id='word_1_87' title='bbox 1331 1253 1511 1293; x_wconf 88' lang='lat' dir='ltr'><strong>meam</strong></span> <span class='ocrx_word' id='word_1_88' title='bbox 1530 1239 1674 1294; x_wconf 88' lang='lat' dir='ltr'><strong>sicut</strong></span> <span class='ocrx_word' id='word_1_89' title='bbox 1695 1255 1876 1296; x_wconf 86' lang='lat' dir='ltr'><strong>escam</strong></span> <span class='ocrx_word' id='word_1_90' title='bbox 1902 1241 2092 1310; x_wconf 83' lang='lat' dir='ltr'><strong>panis?</strong></span> 
     </span>
    </p>
   </div>
   <div class='ocr_carea' id='block_1_16' title="bbox 2164 1219 3695 1310">
    <p class='ocr_par' dir='ltr' id='par_1_16' title="bbox 2263 1219 3695 1310">
     <span class='ocr_line' id='line_1_17' title="bbox 2263 1219 3695 1310; baseline -0.003 -33"><span class='ocrx_word' id='word_1_91' title='bbox 2263 1225 2315 1277; x_wconf 88' lang='lat'><strong>9.</strong></span> <span class='ocrx_word' id='word_1_92' title='bbox 2349 1225 2412 1310; x_wconf 74' lang='lat' dir='ltr'><strong>Di</strong></span> <span class='ocrx_word' id='word_1_93' title='bbox 2442 1223 2714 1286; x_wconf 77' lang='grc' dir='ltr'>ἐσθίοντες</span> <span class='ocrx_word' id='word_1_94' title='bbox 2734 1221 2826 1274; x_wconf 82' lang='grc' dir='ltr'><strong>τὸν</strong></span> <span class='ocrx_word' id='word_1_95' title='bbox 2857 1221 2984 1275; x_wconf 83' lang='grc' dir='ltr'>λαόν</span> <span class='ocrx_word' id='word_1_96' title='bbox 3019 1239 3122 1292; x_wconf 88' lang='grc' dir='ltr'><strong>μου</strong></span> <span class='ocrx_word' id='word_1_97' title='bbox 3155 1223 3214 1275; x_wconf 85' lang='grc' dir='ltr'><strong>ἐν</strong></span> <span class='ocrx_word' id='word_1_98' title='bbox 3244 1219 3444 1293; x_wconf 82' lang='grc' dir='ltr'>βρώσει</span> <span class='ocrx_word' id='word_1_99' title='bbox 3473 1221 3695 1292; x_wconf 78' lang='grc' dir='ltr'><strong>ἄρτους</strong></span> 
     </span>
    </p>
   </div>
   <div class='ocr_carea' id='block_1_17' title="bbox 595 1301 2126 1386">
    <p class='ocr_par' dir='ltr' id='par_1_17' title="bbox 595 1321 1608 1386">
     <span class='ocr_line' id='line_1_18' title="bbox 595 1321 1608 1386; baseline 0.01 -12"><span class='ocrx_word' id='word_1_100' title='bbox 595 1321 684 1376; x_wconf 91' lang='grc'><strong>10.</strong></span> <span class='ocrx_word' id='word_1_101' title='bbox 721 1323 1014 1380; x_wconf 89' lang='lat' dir='ltr'><strong>Dominum</strong></span> <span class='ocrx_word' id='word_1_102' title='bbox 1050 1341 1160 1382; x_wconf 92' lang='lat' dir='ltr'><strong>non</strong></span> <span class='ocrx_word' id='word_1_103' title='bbox 1195 1328 1608 1386; x_wconf 86' lang='lat' dir='ltr'><strong>invocaverunt.</strong></span> 
     </span>
    </p>
   </div>
   <div class='ocr_carea' id='block_1_18' title="bbox 1776 1301 3307 1386">
    <p class='ocr_par' dir='ltr' id='par_1_18' title="bbox 1902 1301 3307 1383">
     <span class='ocr_line' id='line_1_19' title="bbox 1902 1301 3307 1383; baseline -0.006 -13"><span class='ocrx_word' id='word_1_104' title='bbox 1902 1301 1920 1310; x_wconf 63' lang='grc'><strong>’</strong></span> <span class='ocrx_word' id='word_1_105' title='bbox 2268 1315 2355 1368; x_wconf 83' lang='grc'><strong>10.</strong></span> <span class='ocrx_word' id='word_1_106' title='bbox 2375 1301 2493 1366; x_wconf 72' lang='grc' dir='ltr'>Ὕὺν</span> <span class='ocrx_word' id='word_1_107' title='bbox 2516 1313 2721 1383; x_wconf 78' lang='grc' dir='ltr'>Κύριον</span> <span class='ocrx_word' id='word_1_108' title='bbox 2754 1313 2853 1365; x_wconf 80' lang='grc' dir='ltr'><strong>οὐκ</strong></span> <span class='ocrx_word' id='word_1_109' title='bbox 2880 1310 3307 1364; x_wconf 80' lang='grc' dir='ltr'><strong>ἐπεκαλέσαντο·</strong></span> 
     </span>
    </p>
   </div>
   <div class='ocr_carea' id='block_1_19' title="bbox 599 1394 2130 1487">
    <p class='ocr_par' dir='ltr' id='par_1_19' title="bbox 599 1413 2094 1487">
     <span class='ocr_line' id='line_1_20' title="bbox 599 1413 2094 1487; baseline 0.007 -19"><span class='ocrx_word' id='word_1_110' title='bbox 599 1413 688 1468; x_wconf 79' lang='lat' dir='ltr'><strong>II.</strong></span> <span class='ocrx_word' id='word_1_111' title='bbox 721 1413 836 1470; x_wconf 90' lang='lat' dir='ltr'><strong>Illic</strong></span> <span class='ocrx_word' id='word_1_112' title='bbox 867 1417 1279 1486; x_wconf 87' lang='lat' dir='ltr'><strong>trepidaverunt</strong></span> <span class='ocrx_word' id='word_1_113' title='bbox 1327 1423 1548 1487; x_wconf 90' lang='lat' dir='ltr'><strong>timore,</strong></span> <span class='ocrx_word' id='word_1_114' title='bbox 1585 1422 1679 1476; x_wconf 92' lang='lat' dir='ltr'><strong>ubi</strong></span> <span class='ocrx_word' id='word_1_115' title='bbox 1713 1439 1818 1478; x_wconf 86' lang='lat' dir='ltr'><strong>non</strong></span> <span class='ocrx_word' id='word_1_116' title='bbox 1868 1435 1984 1479; x_wconf 86' lang='lat' dir='ltr'><strong>erat</strong></span> <span class='ocrx_word' id='word_1_117' title='bbox 2027 1424 2094 1478; x_wconf 87' lang='lat' dir='ltr'><strong>ti-</strong></span> 
     </span>
    </p>
   </div>
   <div class='ocr_carea' id='block_1_20' title="bbox 2110 1394 3641 1487">
    <p class='ocr_par' dir='ltr' id='par_1_20' title="bbox 2269 1394 3641 1472">
     <span class='ocr_line' id='line_1_21' title="bbox 2269 1394 3641 1472; baseline -0.007 -14"><span class='ocrx_word' id='word_1_118' title='bbox 2269 1407 2360 1458; x_wconf 84' lang='lat'><strong>11.</strong></span> <span class='ocrx_word' id='word_1_119' title='bbox 2401 1405 2550 1458; x_wconf 83' lang='grc' dir='ltr'><strong>Ἐκεῖ</strong></span> <span class='ocrx_word' id='word_1_120' title='bbox 2580 1403 2881 1458; x_wconf 87' lang='grc' dir='ltr'>ἐδειλίασαν</span> <span class='ocrx_word' id='word_1_121' title='bbox 2909 1403 3079 1472; x_wconf 79' lang='grc' dir='ltr'>φόϐῳ,</span> <span class='ocrx_word' id='word_1_122' title='bbox 3105 1394 3164 1455; x_wconf 69' lang='grc' dir='ltr'><strong>οὗ</strong></span> <span class='ocrx_word' id='word_1_123' title='bbox 3200 1402 3298 1454; x_wconf 81' lang='grc' dir='ltr'><strong>οὐκ</strong></span> <span class='ocrx_word' id='word_1_124' title='bbox 3325 1395 3395 1471; x_wconf 78' lang='grc' dir='ltr'>ἦν</span> <span class='ocrx_word' id='word_1_125' title='bbox 3425 1398 3598 1468; x_wconf 78' lang='grc' dir='ltr'>φόϐος</span> <span class='ocrx_word' id='word_1_126' title='bbox 3625 1414 3641 1426; x_wconf 91' lang='grc'><strong>·</strong></span> 
     </span>
    </p>
   </div>
   <div class='ocr_carea' id='block_1_21' title="bbox 525 1522 688 1562">
    <p class='ocr_par' dir='ltr' id='par_1_21' title="bbox 525 1522 688 1562">
     <span class='ocr_line' id='line_1_22' title="bbox 525 1522 688 1562; baseline 0 0"><span class='ocrx_word' id='word_1_127' title='bbox 525 1522 649 1562; x_wconf 91' lang='lat' dir='ltr'><strong>mor</strong></span> <span class='ocrx_word' id='word_1_128' title='bbox 675 1527 688 1562; x_wconf 75' lang='grc' dir='ltr'>ἒ</span> 
     </span>
    </p>
   </div>
   <div class='ocr_carea' id='block_1_22' title="bbox 601 1579 2132 1680">
    <p class='ocr_par' dir='ltr' id='par_1_22' title="bbox 601 1598 2093 1680">
     <span class='ocr_line' id='line_1_23' title="bbox 601 1598 2093 1680; baseline 0.006 -27"><span class='ocrx_word' id='word_1_129' title='bbox 601 1600 689 1653; x_wconf 71' lang='grc'><strong>12.</strong></span> <span class='ocrx_word' id='word_1_130' title='bbox 725 1598 996 1665; x_wconf 82' lang='lat' dir='ltr'><strong>Quoniam</strong></span> <span class='ocrx_word' id='word_1_131' title='bbox 1031 1604 1294 1660; x_wconf 90' lang='lat' dir='ltr'><strong>Dominus</strong></span> <span class='ocrx_word' id='word_1_132' title='bbox 1322 1607 1378 1660; x_wconf 88' lang='lat' dir='ltr'><strong>in</strong></span> <span class='ocrx_word' id='word_1_133' title='bbox 1418 1609 1772 1677; x_wconf 77' lang='lat' dir='ltr'><strong>generatione</strong></span> <span class='ocrx_word' id='word_1_134' title='bbox 1796 1610 2093 1680; x_wconf 87' lang='lat' dir='ltr'><strong>justorum.</strong></span> 
     </span>
    </p>
   </div>
   <div class='ocr_carea' id='block_1_23' title="bbox 1758 1579 3289 1680">
    <p class='ocr_par' dir='ltr' id='par_1_23' title="bbox 1758 1579 3289 1680">
     <span class='ocr_line' id='line_1_24' title="bbox 1758 1579 3289 1680; baseline -0.012 -17"><span class='ocrx_word' id='word_1_135' title='bbox 1758 1625 1772 1663; x_wconf 67' lang='grc' dir='ltr'><strong>ι</strong></span> <span class='ocrx_word' id='word_1_136' title='bbox 1796 1610 2093 1680; x_wconf 87' lang='lat' dir='ltr'><strong>justorum.</strong></span> <span class='ocrx_word' id='word_1_137' title='bbox 2389 1581 2748 1680; x_wconf 57' lang='lat' dir='ltr'><strong>:07f_K59l0;</strong></span> <span class='ocrx_word' id='word_1_138' title='bbox 2779 1599 2836 1680; x_wconf 49' lang='grc' dir='ltr'>εἴ</span> <span class='ocrx_word' id='word_1_139' title='bbox 2857 1583 3020 1651; x_wconf 74' lang='grc' dir='ltr'>γενεᾷ</span> <span class='ocrx_word' id='word_1_140' title='bbox 3045 1579 3289 1680; x_wconf 58' lang='grc' dir='ltr'><strong>διξιαίων-</strong></span> 
     </span>
    </p>
   </div>
   <div class='ocr_carea' id='block_1_24' title="bbox 596 1671 2127 1767">
    <p class='ocr_par' dir='ltr' id='par_1_24' title="bbox 596 1671 1814 1767">
     <span class='ocr_line' id='line_1_25' title="bbox 596 1671 1814 1767; baseline 0.015 -24"><span class='ocrx_word' id='word_1_141' title='bbox 596 1691 684 1745; x_wconf 79' lang='grc'><strong>15.</strong></span> <span class='ocrx_word' id='word_1_142' title='bbox 721 1692 1023 1748; x_wconf 87' lang='lat' dir='ltr'><strong>Consilium</strong></span> <span class='ocrx_word' id='word_1_143' title='bbox 1057 1697 1237 1767; x_wconf 88' lang='lat' dir='ltr'><strong>inopis</strong></span> <span class='ocrx_word' id='word_1_144' title='bbox 1267 1671 1638 1766; x_wconf 63' lang='lat' dir='ltr'><strong>confddistis;</strong></span> <span class='ocrx_word' id='word_1_145' title='bbox 1796 1671 1814 1680; x_wconf 31' lang='grc' dir='ltr'><strong><em>ψ</em></strong></span> 
     </span>
    </p>
   </div>
   <div class='ocr_carea' id='block_1_25' title="bbox 1747 1671 3278 1767">
    <p class='ocr_par' dir='ltr' id='par_1_25' title="bbox 1796 1671 3278 1767">
     <span class='ocr_line' id='line_1_26' title="bbox 1796 1671 3278 1746; baseline -0.007 -14"><span class='ocrx_word' id='word_1_146' title='bbox 1796 1671 1814 1680; x_wconf 72' lang='grc'><em>’</em></span> <span class='ocrx_word' id='word_1_147' title='bbox 2271 1677 2357 1730; x_wconf 81' lang='lat'><strong>1&#39;5.</strong></span> <span class='ocrx_word' id='word_1_148' title='bbox 2389 1675 2594 1746; x_wconf 84' lang='grc' dir='ltr'>Βουλὴν</span> <span class='ocrx_word' id='word_1_149' title='bbox 2621 1674 2836 1744; x_wconf 77' lang='grc' dir='ltr'>πτωχοῦ</span> <span class='ocrx_word' id='word_1_150' title='bbox 2868 1671 3243 1743; x_wconf 80' lang='grc' dir='ltr'>κατῃσχύνατε</span> <span class='ocrx_word' id='word_1_151' title='bbox 3266 1688 3278 1701; x_wconf 89' lang='grc'><strong>·</strong></span> 
     </span>
     <span class='ocr_line' id='line_1_27' title="bbox 2128 1749 3223 1767; baseline 0 0"><span class='ocrx_word' id='word_1_152' title='bbox 2128 1749 2169 1767; x_wconf 66' lang='grc' dir='ltr'><strong>η</strong></span> <span class='ocrx_word' id='word_1_153' title='bbox 2503 1765 2534 1767; x_wconf 39' lang='grc' dir='ltr'>η</span> <span class='ocrx_word' id='word_1_154' title='bbox 2649 1764 2658 1767; x_wconf 79' lang='lat'><strong>-</strong></span> <span class='ocrx_word' id='word_1_155' title='bbox 2827 1764 2859 1767; x_wconf 63' lang='lat'><strong>,_</strong></span> <span class='ocrx_word' id='word_1_156' title='bbox 2920 1765 2928 1767; x_wconf 94' lang='lat'>_</span> <span class='ocrx_word' id='word_1_157' title='bbox 3055 1763 3066 1767; x_wconf 79' lang='lat'><strong>-</strong></span> <span class='ocrx_word' id='word_1_158' title='bbox 3145 1761 3171 1767; x_wconf 95' lang='lat'><em>_</em></span> <span class='ocrx_word' id='word_1_159' title='bbox 3213 1762 3223 1767; x_wconf 94' lang='lat'><strong>-</strong></span> 
     </span>
    </p>
   </div>
   <div class='ocr_carea' id='block_1_26' title="bbox 597 1749 2128 1858">
    <p class='ocr_par' dir='ltr' id='par_1_26' title="bbox 597 1749 1638 1858">
     <span class='ocr_line' id='line_1_28' title="bbox 597 1749 1638 1858; baseline 0.012 -24"><span class='ocrx_word' id='word_1_160' title='bbox 597 1783 684 1837; x_wconf 73' lang='grc'><strong>14.</strong></span> <span class='ocrx_word' id='word_1_161' title='bbox 715 1784 786 1838; x_wconf 89' lang='lat' dir='ltr'><strong>At</strong></span> <span class='ocrx_word' id='word_1_162' title='bbox 816 1749 1084 1842; x_wconf 83' lang='lat' dir='ltr'><strong>Dominus</strong></span> <span class='ocrx_word' id='word_1_163' title='bbox 1113 1749 1239 1857; x_wconf 63' lang='lat' dir='ltr'><strong>spes</strong></span> <span class='ocrx_word' id='word_1_164' title='bbox 1405 1749 1595 1844; x_wconf 21' lang='lat' dir='ltr'><strong>ﬁes-tv.&quot;w</strong></span> <span class='ocrx_word' id='word_1_165' title='bbox 1623 1749 1638 1766; x_wconf 52' lang='lat'>,</span> 
     </span>
    </p>
   </div>
   <div class='ocr_carea' id='block_1_27' title="bbox 1813 1749 3344 1858">
    <p class='ocr_par' dir='ltr' id='par_1_27' title="bbox 2128 1749 3344 1835">
     <span class='ocr_line' id='line_1_29' title="bbox 2128 1749 3344 1835; baseline -0.007 -16"><span class='ocrx_word' id='word_1_166' title='bbox 2128 1749 2172 1803; x_wconf 75' lang='grc' dir='ltr'><strong>Β</strong></span> <span class='ocrx_word' id='word_1_167' title='bbox 2273 1767 2359 1818; x_wconf 64' lang='grc'><strong>14.</strong></span> <span class='ocrx_word' id='word_1_168' title='bbox 2409 1767 2466 1818; x_wconf 86' lang='grc' dir='ltr'>Ὀ</span> <span class='ocrx_word' id='word_1_169' title='bbox 2495 1765 2550 1817; x_wconf 77' lang='grc' dir='ltr'><strong>δὲ</strong></span> <span class='ocrx_word' id='word_1_170' title='bbox 2581 1764 2784 1835; x_wconf 81' lang='grc' dir='ltr'>Κύριος</span> <span class='ocrx_word' id='word_1_171' title='bbox 2820 1764 2972 1824; x_wconf 74' lang='grc' dir='ltr'>ἐλπὶς</span> <span class='ocrx_word' id='word_1_172' title='bbox 3011 1761 3174 1815; x_wconf 76' lang='grc' dir='ltr'>αὑτοῦ</span> <span class='ocrx_word' id='word_1_173' title='bbox 3209 1762 3344 1812; x_wconf 85' lang='grc' dir='ltr'>ἐστι.</span> 
     </span>
    </p>
   </div>
   <div class='ocr_carea' id='block_1_28' title="bbox 599 1845 2130 1944">
    <p class='ocr_par' dir='ltr' id='par_1_28' title="bbox 599 1877 1818 1944">
     <span class='ocr_line' id='line_1_30' title="bbox 599 1877 1818 1944; baseline 0.007 -14"><span class='ocrx_word' id='word_1_174' title='bbox 599 1877 686 1932; x_wconf 81' lang='grc'><strong>15.</strong></span> <span class='ocrx_word' id='word_1_175' title='bbox 721 1877 856 1944; x_wconf 86' lang='lat' dir='ltr'><strong>Quis</strong></span> <span class='ocrx_word' id='word_1_176' title='bbox 890 1879 1041 1934; x_wconf 84' lang='lat' dir='ltr'><strong>dabit</strong></span> <span class='ocrx_word' id='word_1_177' title='bbox 1066 1897 1134 1936; x_wconf 87' lang='lat' dir='ltr'><strong>ex</strong></span> <span class='ocrx_word' id='word_1_178' title='bbox 1168 1881 1301 1938; x_wconf 90' lang='lat' dir='ltr'><strong>Sion</strong></span> <span class='ocrx_word' id='word_1_179' title='bbox 1337 1885 1578 1940; x_wconf 87' lang='lat' dir='ltr'><strong>salutare</strong></span> <span class='ocrx_word' id='word_1_180' title='bbox 1609 1885 1818 1940; x_wconf 86' lang='lat' dir='ltr'><strong>Israel?</strong></span> 
     </span>
    </p>
   </div>
   <div class='ocr_carea' id='block_1_29' title="bbox 2187 1845 3718 1944">
    <p class='ocr_par' dir='ltr' id='par_1_29' title="bbox 2272 1845 3718 1922">
     <span class='ocr_line' id='line_1_31' title="bbox 2272 1845 3718 1922; baseline -0.008 -12"><span class='ocrx_word' id='word_1_181' title='bbox 2272 1857 2361 1910; x_wconf 83' lang='lat'><strong>15.</strong></span> <span class='ocrx_word' id='word_1_182' title='bbox 2385 1856 2482 1918; x_wconf 92' lang='grc' dir='ltr'><strong>Τίς</strong></span> <span class='ocrx_word' id='word_1_183' title='bbox 2506 1855 2665 1908; x_wconf 85' lang='grc' dir='ltr'>δώσει</span> <span class='ocrx_word' id='word_1_184' title='bbox 2694 1856 2756 1906; x_wconf 78' lang='grc' dir='ltr'><strong>ἐκ</strong></span> <span class='ocrx_word' id='word_1_185' title='bbox 2777 1853 2913 1906; x_wconf 83' lang='grc' dir='ltr'>Σιὼν</span> <span class='ocrx_word' id='word_1_186' title='bbox 2939 1853 2998 1905; x_wconf 79' lang='grc' dir='ltr'><strong>τὸ</strong></span> <span class='ocrx_word' id='word_1_187' title='bbox 3037 1853 3302 1922; x_wconf 85' lang='grc' dir='ltr'>σωτήριον</span> <span class='ocrx_word' id='word_1_188' title='bbox 3323 1847 3416 1902; x_wconf 80' lang='grc' dir='ltr'>τοῦ</span> <span class='ocrx_word' id='word_1_189' title='bbox 3457 1845 3718 1918; x_wconf 77' lang='grc' dir='ltr'>Ἰσραήλς</span> 
     </span>
    </p>
   </div>
   <div class='ocr_carea' id='block_1_30' title="bbox 602 1936 2133 2049">
    <p class='ocr_par' dir='ltr' id='par_1_30' title="bbox 602 1969 2099 2049">
     <span class='ocr_line' id='line_1_32' title="bbox 602 1969 2099 2049; baseline 0.008 -27"><span class='ocrx_word' id='word_1_190' title='bbox 602 1969 689 2023; x_wconf 88' lang='grc'><strong>16.</strong></span> <span class='ocrx_word' id='word_1_191' title='bbox 723 1971 863 2026; x_wconf 90' lang='lat' dir='ltr'><strong>Cum</strong></span> <span class='ocrx_word' id='word_1_192' title='bbox 912 1974 1172 2028; x_wconf 85' lang='lat' dir='ltr'><strong>averterit</strong></span> <span class='ocrx_word' id='word_1_193' title='bbox 1205 1974 1474 2030; x_wconf 90' lang='lat' dir='ltr'><strong>Dominus</strong></span> <span class='ocrx_word' id='word_1_194' title='bbox 1517 1977 1887 2047; x_wconf 84' lang='lat' dir='ltr'><strong>captivitatem</strong></span> <span class='ocrx_word' id='word_1_195' title='bbox 1921 1979 2099 2049; x_wconf 87' lang='lat' dir='ltr'><strong>plebis</strong></span> 
     </span>
    </p>
   </div>
   <div class='ocr_carea' id='block_1_31' title="bbox 2256 1936 3787 2049">
    <p class='ocr_par' dir='ltr' id='par_1_31' title="bbox 2274 1936 3787 2017">
     <span class='ocr_line' id='line_1_33' title="bbox 2274 1936 3787 2017; baseline -0.01 -15"><span class='ocrx_word' id='word_1_196' title='bbox 2274 1946 2360 2002; x_wconf 85' lang='lat'><strong>16.</strong></span> <span class='ocrx_word' id='word_1_197' title='bbox 2403 1949 2490 2000; x_wconf 88' lang='grc' dir='ltr'>Ἐν</span> <span class='ocrx_word' id='word_1_198' title='bbox 2521 1947 2598 2017; x_wconf 81' lang='grc' dir='ltr'>τῷ</span> <span class='ocrx_word' id='word_1_199' title='bbox 2644 1945 2967 2016; x_wconf 71' lang='grc' dir='ltr'><strong>ἐπιπρέψαι</strong></span> <span class='ocrx_word' id='word_1_200' title='bbox 3019 1943 3222 2014; x_wconf 80' lang='grc' dir='ltr'>Κύριον</span> <span class='ocrx_word' id='word_1_201' title='bbox 3269 1941 3366 2012; x_wconf 81' lang='grc' dir='ltr'><strong>τὴν</strong></span> <span class='ocrx_word' id='word_1_202' title='bbox 3405 1936 3787 2009; x_wconf 78' lang='grc' dir='ltr'>αἰχμαλωσίαν</span> 
     </span>
    </p>
   </div>
   <div class='ocr_carea' id='block_1_32' title="bbox 531 2038 2062 2124">
    <p class='ocr_par' dir='ltr' id='par_1_32' title="bbox 531 2038 1940 2124">
     <span class='ocr_line' id='line_1_34' title="bbox 531 2038 1940 2124; baseline -0.002 -8"><span class='ocrx_word' id='word_1_203' title='bbox 531 2077 643 2117; x_wconf 66' lang='lat' dir='ltr'><strong>suae</strong></span> <span class='ocrx_word' id='word_1_204' title='bbox 666 2103 682 2124; x_wconf 88' lang='lat'><strong>,</strong></span> <span class='ocrx_word' id='word_1_205' title='bbox 1923 2038 1940 2049; x_wconf 54' lang='lat'><strong>-</strong></span> 
     </span>
    </p>
   </div>
   <div class='ocr_carea' id='block_1_33' title="bbox 1169 2038 2700 2124">
    <p class='ocr_par' dir='ltr' id='par_1_33' title="bbox 1587 2038 2700 2098">
     <span class='ocr_line' id='line_1_35' title="bbox 1587 2038 2700 2098; baseline -0.004 -3"><span class='ocrx_word' id='word_1_206' title='bbox 1587 2038 1602 2047; x_wconf 86' lang='grc'><em>’</em></span> <span class='ocrx_word' id='word_1_207' title='bbox 1923 2038 1940 2049; x_wconf 73' lang='grc'><strong><em>³</em></strong></span> <span class='ocrx_word' id='word_1_208' title='bbox 2201 2039 2296 2094; x_wconf 77' lang='grc' dir='ltr'>τοῦ</span> <span class='ocrx_word' id='word_1_209' title='bbox 2333 2039 2463 2092; x_wconf 85' lang='grc' dir='ltr'>λαοῦ</span> <span class='ocrx_word' id='word_1_210' title='bbox 2493 2038 2656 2092; x_wconf 77' lang='grc' dir='ltr'>αὐτοῦ</span> <span class='ocrx_word' id='word_1_211' title='bbox 2686 2077 2700 2098; x_wconf 89' lang='grc'><strong>,</strong></span> 
     </span>
    </p>
   </div>
   <div class='ocr_carea' id='block_1_34' title="bbox 603 2119 2134 2275">
    <p class='ocr_par' dir='ltr' id='par_1_34' title="bbox 603 2119 1885 2223">
     <span class='ocr_line' id='line_1_36' title="bbox 603 2119 1885 2223; baseline 0.005 -15"><span class='ocrx_word' id='word_1_212' title='bbox 603 2119 692 2208; x_wconf 35' lang='lat'><strong>17&#39;.</strong></span> <span class='ocrx_word' id='word_1_213' title='bbox 725 2154 1034 2212; x_wconf 84' lang='lat' dir='ltr'><strong>Exsultabit</strong></span> <span class='ocrx_word' id='word_1_214' title='bbox 1067 2156 1236 2213; x_wconf 89' lang='lat' dir='ltr'><strong>Jacob</strong></span> <span class='ocrx_word' id='word_1_215' title='bbox 1256 2199 1271 2223; x_wconf 92' lang='lat'><strong>,</strong></span> <span class='ocrx_word' id='word_1_216' title='bbox 1304 2165 1358 2213; x_wconf 88' lang='lat' dir='ltr'><strong>et</strong></span> <span class='ocrx_word' id='word_1_217' title='bbox 1383 2159 1660 2216; x_wconf 60' lang='lat' dir='ltr'><strong>laetabitur</strong></span> <span class='ocrx_word' id='word_1_218' title='bbox 1695 2161 1885 2217; x_wconf 86' lang='lat' dir='ltr'><strong>Israel.</strong></span> 
     </span>
    </p>
   </div>
   <div class='ocr_carea' id='block_1_35' title="bbox 2256 2119 3787 2275">
    <p class='ocr_par' dir='ltr' id='par_1_35' title="bbox 2261 2119 3787 2275">
     <span class='ocr_line' id='line_1_37' title="bbox 2277 2119 3787 2198; baseline -0.008 -15"><span class='ocrx_word' id='word_1_219' title='bbox 2277 2131 2365 2184; x_wconf 82' lang='grc'><strong>17.</strong></span> <span class='ocrx_word' id='word_1_220' title='bbox 2416 2129 2832 2198; x_wconf 81' lang='grc' dir='ltr'>Ἀγαλλιάσεται</span> <span class='ocrx_word' id='word_1_221' title='bbox 2899 2124 3094 2179; x_wconf 79' lang='grc' dir='ltr'>Ἰακὼϐ</span> <span class='ocrx_word' id='word_1_222' title='bbox 3125 2167 3140 2192; x_wconf 90' lang='grc'><strong>,</strong></span> <span class='ocrx_word' id='word_1_223' title='bbox 3191 2124 3284 2176; x_wconf 73' lang='grc' dir='ltr'><strong>καὶ</strong></span> <span class='ocrx_word' id='word_1_224' title='bbox 3345 2119 3787 2192; x_wconf 76' lang='grc' dir='ltr'>εὐφρανθήσεται</span> 
     </span>
     <span class='ocr_line' id='line_1_38' title="bbox 2261 2221 2455 2275; baseline -0.005 0"><span class='ocrx_word' id='word_1_225' title='bbox 2261 2221 2455 2275; x_wconf 70' lang='grc' dir='ltr'>σοαήλ.</span> 
     </span>
    </p>
   </div>
   <div class='ocr_carea' id='block_1_36' title="bbox 2261 2239 2455 2293">
    <p class='ocr_par' dir='ltr' id='par_1_36' title="bbox 2261 2239 2455 2293">
     <span class='ocr_line' id='line_1_39' title="bbox 2261 2239 2455 2293; baseline 0 -19"><span class='ocrx_word' id='word_1_226' title='bbox 2261 2239 2455 2293; x_wconf 77' lang='grc' dir='ltr'>σραηΑ.</span> 
     </span>
    </p>
   </div>
   <div class='ocr_carea' id='block_1_37' title="bbox 697 2305 2228 2383">
    <p class='ocr_par' dir='ltr' id='par_1_37' title="bbox 697 2310 1930 2383">
     <span class='ocr_line' id='line_1_40' title="bbox 697 2310 1930 2383; baseline 0.006 -19"><span class='ocrx_word' id='word_1_227' title='bbox 697 2310 762 2364; x_wconf 84' lang='grc' dir='ltr'><strong>1η</strong></span> <span class='ocrx_word' id='word_1_228' title='bbox 793 2313 952 2381; x_wconf 81' lang='lat' dir='ltr'><strong>ﬁnem</strong></span> <span class='ocrx_word' id='word_1_229' title='bbox 979 2314 1214 2383; x_wconf 77' lang='lat' dir='ltr'><strong>psalmus</strong></span> <span class='ocrx_word' id='word_1_230' title='bbox 1240 2315 1434 2370; x_wconf 80' lang='lat' dir='ltr'><strong>David.</strong></span> <span class='ocrx_word' id='word_1_231' title='bbox 1464 2315 1731 2370; x_wconf 84' lang='lat' dir='ltr'><strong>PSALM.</strong></span> <span class='ocrx_word' id='word_1_232' title='bbox 1767 2314 1930 2371; x_wconf 85' lang='lat' dir='ltr'><strong>XIV.</strong></span> 
     </span>
    </p>
   </div>
   <div class='ocr_carea' id='block_1_38' title="bbox 2172 2305 3703 2383">
    <p class='ocr_par' dir='ltr' id='par_1_38' title="bbox 2289 2305 3703 2380">
     <span class='ocr_line' id='line_1_41' title="bbox 2289 2305 3703 2380; baseline -0.005 -16"><span class='ocrx_word' id='word_1_233' title='bbox 2289 2315 2392 2378; x_wconf 85' lang='grc' dir='ltr'><strong>Εὶς</strong></span> <span class='ocrx_word' id='word_1_234' title='bbox 2419 2311 2487 2366; x_wconf 85' lang='grc' dir='ltr'>τὸ</span> <span class='ocrx_word' id='word_1_235' title='bbox 2519 2311 2692 2377; x_wconf 82' lang='grc' dir='ltr'><strong>τέλος</strong></span> <span class='ocrx_word' id='word_1_236' title='bbox 2725 2311 2969 2380; x_wconf 53' lang='lat' dir='ltr'><strong>y-aiydq</strong></span> <span class='ocrx_word' id='word_1_237' title='bbox 2992 2310 3070 2376; x_wconf 83' lang='grc' dir='ltr'>τῷ</span> <span class='ocrx_word' id='word_1_238' title='bbox 3095 2308 3292 2363; x_wconf 82' lang='grc' dir='ltr'><strong>Δαϐἰδ.</strong></span> <span class='ocrx_word' id='word_1_239' title='bbox 3327 2305 3564 2360; x_wconf 79' lang='grc' dir='ltr'><strong>ΨΑΛΜ.</strong></span> <span class='ocrx_word' id='word_1_240' title='bbox 3590 2307 3703 2359; x_wconf 83' lang='grc' dir='ltr'><strong>ῙΔ’.</strong></span> 
     </span>
    </p>
   </div>
   <div class='ocr_carea' id='block_1_39' title="bbox 606 2399 2137 2476">
    <p class='ocr_par' dir='ltr' id='par_1_39' title="bbox 606 2401 2046 2476">
     <span class='ocr_line' id='line_1_42' title="bbox 606 2401 2046 2476; baseline 0.003 -21"><span class='ocrx_word' id='word_1_241' title='bbox 606 2401 658 2456; x_wconf 92' lang='grc'><strong>1.</strong></span> <span class='ocrx_word' id='word_1_242' title='bbox 693 2401 942 2473; x_wconf 87' lang='lat' dir='ltr'><strong>Domine,</strong></span> <span class='ocrx_word' id='word_1_243' title='bbox 969 2407 1094 2476; x_wconf 89' lang='lat' dir='ltr'><strong>quis</strong></span> <span class='ocrx_word' id='word_1_244' title='bbox 1134 2407 1404 2463; x_wconf 83' lang='lat' dir='ltr'><strong>habitabit</strong></span> <span class='ocrx_word' id='word_1_245' title='bbox 1433 2409 1486 2462; x_wconf 91' lang='lat' dir='ltr'><strong>in</strong></span> <span class='ocrx_word' id='word_1_246' title='bbox 1519 2408 1873 2463; x_wconf 89' lang='lat' dir='ltr'><strong>tabernaculo</strong></span> <span class='ocrx_word' id='word_1_247' title='bbox 1905 2415 1997 2462; x_wconf 94' lang='lat' dir='ltr'><strong>tuo</strong></span> <span class='ocrx_word' id='word_1_248' title='bbox 2023 2407 2046 2460; x_wconf 75' lang='grc' dir='ltr'>Τ</span> 
     </span>
    </p>
   </div>
   <div class='ocr_carea' id='block_1_40' title="bbox 2188 2399 3719 2476">
    <p class='ocr_par' dir='ltr' id='par_1_40' title="bbox 2281 2399 3719 2476">
     <span class='ocr_line' id='line_1_43' title="bbox 2281 2399 3719 2476; baseline -0.007 -16"><span class='ocrx_word' id='word_1_249' title='bbox 2281 2407 2333 2460; x_wconf 87' lang='grc'><strong>1.</strong></span> <span class='ocrx_word' id='word_1_250' title='bbox 2365 2406 2562 2476; x_wconf 84' lang='grc' dir='ltr'>Κύριε,</span> <span class='ocrx_word' id='word_1_251' title='bbox 2586 2406 2670 2470; x_wconf 89' lang='grc' dir='ltr'><strong>τίς</strong></span> <span class='ocrx_word' id='word_1_252' title='bbox 2699 2405 3028 2476; x_wconf 82' lang='grc' dir='ltr'>παοοικήσει</span> <span class='ocrx_word' id='word_1_253' title='bbox 3049 2406 3105 2457; x_wconf 84' lang='grc' dir='ltr'><strong>ὲν</strong></span> <span class='ocrx_word' id='word_1_254' title='bbox 3127 2403 3207 2474; x_wconf 82' lang='grc' dir='ltr'>τῷ</span> <span class='ocrx_word' id='word_1_255' title='bbox 3237 2399 3557 2473; x_wconf 82' lang='grc' dir='ltr'>σκηνώματί</span> <span class='ocrx_word' id='word_1_256' title='bbox 3585 2411 3719 2460; x_wconf 74' lang='grc' dir='ltr'>σους</span> 
     </span>
    </p>
   </div>
   <div class='ocr_carea' id='block_1_41' title="bbox 1665 2687 2656 2746">
    <p class='ocr_par' dir='ltr' id='par_1_41' title="bbox 1665 2687 2656 2746">
     <span class='ocr_line' id='line_1_44' title="bbox 1665 2687 2656 2746; baseline 0.002 -2"><span class='ocrx_word' id='word_1_257' title='bbox 1665 2689 2040 2744; x_wconf 79' lang='lat' dir='ltr'><strong>ATHANASII</strong></span> <span class='ocrx_word' id='word_1_258' title='bbox 2077 2687 2656 2746; x_wconf 79' lang='lat' dir='ltr'><strong>INTERPRETA&#39;I&#39;IO.</strong></span> 
     </span>
    </p>
   </div>
   <div class='ocr_carea' id='block_1_42' title="bbox 608 2993 2139 3073">
    <p class='ocr_par' dir='ltr' id='par_1_42' title="bbox 608 2997 2139 3072">
     <span class='ocr_line' id='line_1_45' title="bbox 608 2997 2139 3072; baseline 0 -16"><span class='ocrx_word' id='word_1_259' title='bbox 608 2999 663 3056; x_wconf 88' lang='lat'><strong>5.</strong></span> <span class='ocrx_word' id='word_1_260' title='bbox 697 2997 802 3065; x_wconf 85' lang='lat' dir='ltr'><strong>Qui</strong></span> <span class='ocrx_word' id='word_1_261' title='bbox 833 3007 1014 3054; x_wconf 89' lang='lat' dir='ltr'><strong>mente</strong></span> <span class='ocrx_word' id='word_1_262' title='bbox 1037 2998 1209 3054; x_wconf 90' lang='lat' dir='ltr'><strong>Deum</strong></span> <span class='ocrx_word' id='word_1_263' title='bbox 1240 3003 1532 3072; x_wconf 79' lang='lat' dir='ltr'><strong>concipiat,</strong></span> <span class='ocrx_word' id='word_1_264' title='bbox 1559 3003 1821 3072; x_wconf 88' lang='lat' dir='ltr'><strong>illumque</strong></span> <span class='ocrx_word' id='word_1_265' title='bbox 1847 3011 2073 3072; x_wconf 82' lang='lat' dir='ltr'><strong>quaerat.</strong></span> <span class='ocrx_word' id='word_1_266' title='bbox 2133 3005 2139 3042; x_wconf 65' lang='grc' dir='ltr'><strong>ε</strong></span> 
     </span>
    </p>
   </div>
   <div class='ocr_carea' id='block_1_43' title="bbox 2084 2993 3615 3073">
    <p class='ocr_par' dir='ltr' id='par_1_43' title="bbox 2133 2993 3615 3073">
     <span class='ocr_line' id='line_1_46' title="bbox 2133 2993 3615 3073; baseline -0.001 -14"><span class='ocrx_word' id='word_1_267' title='bbox 2133 2993 2180 3052; x_wconf 76' lang='lat' dir='ltr'><strong><em>C</em></strong></span> <span class='ocrx_word' id='word_1_268' title='bbox 2279 3007 2333 3060; x_wconf 78' lang='lat'><strong>5.</strong></span> <span class='ocrx_word' id='word_1_269' title='bbox 2373 3009 2518 3058; x_wconf 81' lang='grc' dir='ltr'>’Ἃνω</span> <span class='ocrx_word' id='word_1_270' title='bbox 2547 3005 2733 3058; x_wconf 76' lang='grc' dir='ltr'>λαϐεῖν</span> <span class='ocrx_word' id='word_1_271' title='bbox 2759 3005 2850 3057; x_wconf 77' lang='grc' dir='ltr'><strong>τὸν</strong></span> <span class='ocrx_word' id='word_1_272' title='bbox 2873 3004 3026 3067; x_wconf 83' lang='grc' dir='ltr'>Θεὸν,</span> <span class='ocrx_word' id='word_1_273' title='bbox 3065 3003 3156 3055; x_wconf 74' lang='grc' dir='ltr'>καὶ</span> <span class='ocrx_word' id='word_1_274' title='bbox 3183 3001 3364 3073; x_wconf 79' lang='grc' dir='ltr'>ζητεῖν</span> <span class='ocrx_word' id='word_1_275' title='bbox 3402 3001 3615 3058; x_wconf 77' lang='grc' dir='ltr'>τοῦτον.</span> 
     </span>
    </p>
   </div>
   <div class='ocr_carea' id='block_1_44' title="bbox 607 3091 2138 3166">
    <p class='ocr_par' dir='ltr' id='par_1_44' title="bbox 607 3091 2073 3161">
     <span class='ocr_line' id='line_1_47' title="bbox 607 3091 2073 3161; baseline 0.001 -15"><span class='ocrx_word' id='word_1_276' title='bbox 607 3091 662 3146; x_wconf 88' lang='lat'><strong>6.</strong></span> <span class='ocrx_word' id='word_1_277' title='bbox 703 3091 908 3146; x_wconf 86' lang='lat' dir='ltr'><strong>Omnes</strong></span> <span class='ocrx_word' id='word_1_278' title='bbox 929 3101 1299 3157; x_wconf 83' lang='lat' dir='ltr'><strong>recesserunt,</strong></span> <span class='ocrx_word' id='word_1_279' title='bbox 1327 3094 1492 3148; x_wconf 90' lang='lat' dir='ltr'><strong>simul</strong></span> <span class='ocrx_word' id='word_1_280' title='bbox 1517 3093 1738 3149; x_wconf 90' lang='lat' dir='ltr'><strong>inutiles</strong></span> <span class='ocrx_word' id='word_1_281' title='bbox 1766 3093 1892 3148; x_wconf 83' lang='lat' dir='ltr'><strong>facti</strong></span> <span class='ocrx_word' id='word_1_282' title='bbox 1925 3104 2073 3161; x_wconf 88' lang='lat' dir='ltr'><strong>sunt,</strong></span> 
     </span>
    </p>
   </div>
   <div class='ocr_carea' id='block_1_45' title="bbox 2154 3091 3685 3166">
    <p class='ocr_par' dir='ltr' id='par_1_45' title="bbox 2284 3095 3685 3166">
     <span class='ocr_line' id='line_1_48' title="bbox 2284 3095 3685 3166; baseline -0.004 -16"><span class='ocrx_word' id='word_1_283' title='bbox 2284 3099 2336 3150; x_wconf 88' lang='grc'><strong>6.</strong></span> <span class='ocrx_word' id='word_1_284' title='bbox 2371 3099 2579 3161; x_wconf 82' lang='grc' dir='ltr'><strong>Πάντες</strong></span> <span class='ocrx_word' id='word_1_285' title='bbox 2605 3097 2942 3166; x_wconf 81' lang='grc' dir='ltr'>ἀπέστησαν,</span> <span class='ocrx_word' id='word_1_286' title='bbox 2976 3095 3092 3166; x_wconf 79' lang='grc' dir='ltr'><strong>ἅμα</strong></span> <span class='ocrx_word' id='word_1_287' title='bbox 3125 3095 3385 3166; x_wconf 83' lang='grc' dir='ltr'>ἄχρηστοι</span> <span class='ocrx_word' id='word_1_288' title='bbox 3415 3095 3685 3162; x_wconf 81' lang='grc' dir='ltr'>ἐγένοντο.</span> 
     </span>
    </p>
   </div>
   <div class='ocr_carea' id='block_1_46' title="bbox 609 3180 2140 3258">
    <p class='ocr_par' dir='ltr' id='par_1_46' title="bbox 609 3183 2108 3258">
     <span class='ocr_line' id='line_1_49' title="bbox 609 3183 2108 3258; baseline 0.005 -21"><span class='ocrx_word' id='word_1_289' title='bbox 609 3184 660 3238; x_wconf 91' lang='lat'><strong>7.</strong></span> <span class='ocrx_word' id='word_1_290' title='bbox 693 3183 812 3238; x_wconf 87' lang='lat' dir='ltr'><strong>Non</strong></span> <span class='ocrx_word' id='word_1_291' title='bbox 839 3193 922 3239; x_wconf 90' lang='lat' dir='ltr'><strong>est</strong></span> <span class='ocrx_word' id='word_1_292' title='bbox 961 3184 1167 3241; x_wconf 84' lang='lat' dir='ltr'><strong>faciens</strong></span> <span class='ocrx_word' id='word_1_293' title='bbox 1212 3185 1440 3251; x_wconf 90' lang='lat' dir='ltr'><strong>bonum,</strong></span> <span class='ocrx_word' id='word_1_294' title='bbox 1489 3203 1598 3242; x_wconf 86' lang='lat' dir='ltr'><strong>non</strong></span> <span class='ocrx_word' id='word_1_295' title='bbox 1635 3197 1924 3258; x_wconf 85' lang='lat' dir='ltr'><strong>estneque</strong></span> <span class='ocrx_word' id='word_1_296' title='bbox 1963 3204 2108 3244; x_wconf 91' lang='lat' dir='ltr'><strong>unus</strong></span> 
     </span>
    </p>
   </div>
   <div class='ocr_carea' id='block_1_47' title="bbox 2256 3180 3787 3258">
    <p class='ocr_par' dir='ltr' id='par_1_47' title="bbox 2288 3180 3787 3252">
     <span class='ocr_line' id='line_1_50' title="bbox 2288 3180 3787 3252; baseline -0.003 -14"><span class='ocrx_word' id='word_1_297' title='bbox 2288 3187 2336 3242; x_wconf 92' lang='lat'><strong>7.</strong></span> <span class='ocrx_word' id='word_1_298' title='bbox 2368 3188 2481 3240; x_wconf 81' lang='grc' dir='ltr'>Οὐκ</span> <span class='ocrx_word' id='word_1_299' title='bbox 2510 3187 2624 3240; x_wconf 77' lang='grc' dir='ltr'>ἐστι</span> <span class='ocrx_word' id='word_1_300' title='bbox 2647 3186 2813 3240; x_wconf 83' lang='grc' dir='ltr'>ποιῶν</span> <span class='ocrx_word' id='word_1_301' title='bbox 2848 3185 3070 3252; x_wconf 85' lang='grc' dir='ltr'>ἀγαθὸν,</span> <span class='ocrx_word' id='word_1_302' title='bbox 3089 3185 3187 3238; x_wconf 80' lang='grc' dir='ltr'><strong>οὐκ</strong></span> <span class='ocrx_word' id='word_1_303' title='bbox 3211 3185 3355 3237; x_wconf 79' lang='grc' dir='ltr'>ἔστιν</span> <span class='ocrx_word' id='word_1_304' title='bbox 3385 3183 3488 3247; x_wconf 74' lang='grc' dir='ltr'><strong>ἕως</strong></span> <span class='ocrx_word' id='word_1_305' title='bbox 3528 3183 3653 3246; x_wconf 82' lang='grc' dir='ltr'>ἐνὸς</span> <span class='ocrx_word' id='word_1_306' title='bbox 3681 3180 3787 3234; x_wconf 76' lang='grc' dir='ltr'>τῶν</span> 
     </span>
    </p>
   </div>
   <div class='ocr_carea' id='block_1_48' title="bbox 537 3273 2068 3344">
    <p class='ocr_par' dir='ltr' id='par_1_48' title="bbox 537 3273 1374 3344">
     <span class='ocr_line' id='line_1_51' title="bbox 537 3273 1374 3344; baseline 0 -15"><span class='ocrx_word' id='word_1_307' title='bbox 537 3289 753 3340; x_wconf 88' lang='lat' dir='ltr'><strong>eorum,</strong></span> <span class='ocrx_word' id='word_1_308' title='bbox 779 3275 926 3344; x_wconf 90' lang='lat' dir='ltr'><strong>quia</strong></span> <span class='ocrx_word' id='word_1_309' title='bbox 961 3273 1072 3332; x_wconf 87' lang='lat' dir='ltr'><strong>Deo</strong></span> <span class='ocrx_word' id='word_1_310' title='bbox 1099 3276 1374 3331; x_wconf 91' lang='lat' dir='ltr'><strong>deﬁciunt.</strong></span> 
     </span>
    </p>
   </div>
   <div class='ocr_carea' id='block_1_49' title="bbox 1556 3273 3087 3344">
    <p class='ocr_par' dir='ltr' id='par_1_49' title="bbox 2211 3274 3087 3332">
     <span class='ocr_line' id='line_1_52' title="bbox 2211 3274 3087 3332; baseline -0.005 -1"><span class='ocrx_word' id='word_1_311' title='bbox 2211 3278 2656 3332; x_wconf 82' lang='grc' dir='ltr'>ἀποστατούντων</span> <span class='ocrx_word' id='word_1_312' title='bbox 2687 3277 2790 3330; x_wconf 77' lang='grc' dir='ltr'>ἀπὸ</span> <span class='ocrx_word' id='word_1_313' title='bbox 2813 3275 2906 3329; x_wconf 81' lang='grc' dir='ltr'>τοῦ</span> <span class='ocrx_word' id='word_1_314' title='bbox 2933 3274 3087 3328; x_wconf 78' lang='grc' dir='ltr'>Θεοῦ.</span> 
     </span>
    </p>
   </div>
   <div class='ocr_carea' id='block_1_50' title="bbox 609 3363 2140 3442">
    <p class='ocr_par' dir='ltr' id='par_1_50' title="bbox 609 3363 2110 3437">
     <span class='ocr_line' id='line_1_53' title="bbox 609 3363 2110 3437; baseline 0.001 -18"><span class='ocrx_word' id='word_1_315' title='bbox 609 3365 664 3419; x_wconf 90' lang='grc'><strong>8.</strong></span> <span class='ocrx_word' id='word_1_316' title='bbox 701 3363 1047 3434; x_wconf 85' lang='lat' dir='ltr'><strong>Iniquitatem</strong></span> <span class='ocrx_word' id='word_1_317' title='bbox 1085 3373 1374 3436; x_wconf 89' lang='lat' dir='ltr'><strong>operantes</strong></span> <span class='ocrx_word' id='word_1_318' title='bbox 1406 3381 1518 3420; x_wconf 86' lang='lat' dir='ltr'><strong>non</strong></span> <span class='ocrx_word' id='word_1_319' title='bbox 1555 3377 1885 3437; x_wconf 84' lang='lat' dir='ltr'><strong>cognoscent</strong></span> <span class='ocrx_word' id='word_1_320' title='bbox 1927 3367 2110 3423; x_wconf 89' lang='lat' dir='ltr'><strong>Domi-</strong></span> 
     </span>
    </p>
   </div>
   <div class='ocr_carea' id='block_1_51' title="bbox 2255 3363 3786 3442">
    <p class='ocr_par' dir='ltr' id='par_1_51' title="bbox 2287 3363 3786 3442">
     <span class='ocr_line' id='line_1_54' title="bbox 2287 3363 3786 3442; baseline -0.006 -17"><span class='ocrx_word' id='word_1_321' title='bbox 2287 3371 2340 3425; x_wconf 94' lang='lat'><strong>8.</strong></span> <span class='ocrx_word' id='word_1_322' title='bbox 2369 3373 2434 3424; x_wconf 77' lang='lat' dir='ltr'><strong>0i</strong></span> <span class='ocrx_word' id='word_1_323' title='bbox 2478 3370 2834 3442; x_wconf 79' lang='grc' dir='ltr'>ἐργαζόμενοι</span> <span class='ocrx_word' id='word_1_324' title='bbox 2867 3369 2962 3439; x_wconf 78' lang='grc' dir='ltr'><strong>τὴν</strong></span> <span class='ocrx_word' id='word_1_325' title='bbox 3005 3369 3234 3439; x_wconf 83' lang='grc' dir='ltr'>ἀνομίαν</span> <span class='ocrx_word' id='word_1_326' title='bbox 3271 3367 3333 3420; x_wconf 85' lang='grc' dir='ltr'><strong>ού</strong></span> <span class='ocrx_word' id='word_1_327' title='bbox 3363 3365 3667 3435; x_wconf 83' lang='grc' dir='ltr'>γνώσονται</span> <span class='ocrx_word' id='word_1_328' title='bbox 3699 3363 3786 3416; x_wconf 77' lang='grc' dir='ltr'>τδν</span> 
     </span>
    </p>
   </div>
   <div class='ocr_carea' id='block_1_52' title="bbox 539 3464 2070 3534">
    <p class='ocr_par' dir='ltr' id='par_1_52' title="bbox 539 3470 692 3509">
     <span class='ocr_line' id='line_1_55' title="bbox 539 3470 692 3509; baseline 0 -1"><span class='ocrx_word' id='word_1_329' title='bbox 539 3470 692 3509; x_wconf 90' lang='lat' dir='ltr'><strong>num.</strong></span> 
     </span>
    </p>
   </div>
   <div class='ocr_carea' id='block_1_53' title="bbox 904 3464 2435 3534">
    <p class='ocr_par' dir='ltr' id='par_1_53' title="bbox 2210 3464 2435 3534">
     <span class='ocr_line' id='line_1_56' title="bbox 2210 3464 2435 3534; baseline 0 -16"><span class='ocrx_word' id='word_1_330' title='bbox 2210 3464 2435 3534; x_wconf 84' lang='grc' dir='ltr'>Κύριον.</span> 
     </span>
    </p>
   </div>
   <div class='ocr_carea' id='block_1_54' title="bbox 609 3547 2140 3618">
    <p class='ocr_par' dir='ltr' id='par_1_54' title="bbox 609 3547 1334 3618">
     <span class='ocr_line' id='line_1_57' title="bbox 609 3547 1334 3618; baseline -0.001 -15"><span class='ocrx_word' id='word_1_331' title='bbox 609 3548 667 3603; x_wconf 89' lang='grc'><strong>9.</strong></span> <span class='ocrx_word' id='word_1_332' title='bbox 697 3547 1076 3618; x_wconf 88' lang='lat' dir='ltr'><strong>Opprimentes</strong></span> <span class='ocrx_word' id='word_1_333' title='bbox 1101 3550 1334 3618; x_wconf 88' lang='lat' dir='ltr'><strong>justum.</strong></span> 
     </span>
    </p>
   </div>
   <div class='ocr_carea' id='block_1_55' title="bbox 1850 3547 3381 3618">
    <p class='ocr_par' dir='ltr' id='par_1_55' title="bbox 2283 3552 3381 3617">
     <span class='ocr_line' id='line_1_58' title="bbox 2283 3552 3381 3617; baseline -0.005 -8"><span class='ocrx_word' id='word_1_334' title='bbox 2283 3555 2337 3609; x_wconf 85' lang='lat'><strong>9.</strong></span> <span class='ocrx_word' id='word_1_335' title='bbox 2373 3559 2436 3608; x_wconf 78' lang='grc' dir='ltr'><strong>υἱ</strong></span> <span class='ocrx_word' id='word_1_336' title='bbox 2459 3555 3017 3617; x_wconf 87' lang='grc' dir='ltr'>καταδυναστεύοντες</span> <span class='ocrx_word' id='word_1_337' title='bbox 3044 3554 3134 3606; x_wconf 85' lang='grc' dir='ltr'><strong>τὸν</strong></span> <span class='ocrx_word' id='word_1_338' title='bbox 3161 3552 3381 3606; x_wconf 87' lang='grc' dir='ltr'>δίκαιον.</span> 
     </span>
    </p>
   </div>
   <div class='ocr_carea' id='block_1_56' title="bbox 608 3639 2139 3716">
    <p class='ocr_par' dir='ltr' id='par_1_56' title="bbox 608 3639 1833 3714">
     <span class='ocr_line' id='line_1_59' title="bbox 608 3639 1833 3714; baseline 0.002 -20"><span class='ocrx_word' id='word_1_339' title='bbox 608 3641 697 3696; x_wconf 87' lang='grc'><strong>10.</strong></span> <span class='ocrx_word' id='word_1_340' title='bbox 728 3639 850 3694; x_wconf 87' lang='lat' dir='ltr'><strong>Non</strong></span> <span class='ocrx_word' id='word_1_341' title='bbox 884 3655 1009 3695; x_wconf 92' lang='lat' dir='ltr'><strong>eum</strong></span> <span class='ocrx_word' id='word_1_342' title='bbox 1041 3653 1342 3711; x_wconf 89' lang='lat' dir='ltr'><strong>posuerunt</strong></span> <span class='ocrx_word' id='word_1_343' title='bbox 1376 3643 1479 3698; x_wconf 90' lang='lat' dir='ltr'><strong>sibi</strong></span> <span class='ocrx_word' id='word_1_344' title='bbox 1507 3643 1833 3714; x_wconf 88' lang='lat' dir='ltr'><strong>adjutorem.</strong></span> 
     </span>
    </p>
   </div>
   <div class='ocr_carea' id='block_1_57' title="bbox 1648 3639 3179 3716">
    <p class='ocr_par' dir='ltr' id='par_1_57' title="bbox 1648 3645 3179 3716">
     <span class='ocr_line' id='line_1_60' title="bbox 1648 3645 3179 3716; baseline 0.001 -19"><span class='ocrx_word' id='word_1_345' title='bbox 1648 3653 1833 3698; x_wconf 78' lang='lat' dir='ltr'><strong>torem.</strong></span> <span class='ocrx_word' id='word_1_346' title='bbox 2289 3647 2377 3701; x_wconf 89' lang='lat'><strong>10.</strong></span> <span class='ocrx_word' id='word_1_347' title='bbox 2414 3648 2527 3700; x_wconf 82' lang='grc' dir='ltr'>Οὐκ</span> <span class='ocrx_word' id='word_1_348' title='bbox 2555 3647 2737 3702; x_wconf 79' lang='grc' dir='ltr'>ἔθεντο</span> <span class='ocrx_word' id='word_1_349' title='bbox 2761 3647 2921 3700; x_wconf 84' lang='grc' dir='ltr'>αὑτὸν</span> <span class='ocrx_word' id='word_1_350' title='bbox 2956 3645 3179 3716; x_wconf 74' lang='grc' dir='ltr'><strong>βοηθόν.⁴</strong></span> 
     </span>
    </p>
   </div>
   <div class='ocr_carea' id='block_1_58' title="bbox 583 3731 2114 3807">
    <p class='ocr_par' dir='ltr' id='par_1_58' title="bbox 583 3731 1325 3802">
     <span class='ocr_line' id='line_1_61' title="bbox 583 3731 1325 3802; baseline 0.007 -19"><span class='ocrx_word' id='word_1_351' title='bbox 583 3731 698 3784; x_wconf 85' lang='grc'><strong>-11.</strong></span> <span class='ocrx_word' id='word_1_352' title='bbox 727 3731 804 3786; x_wconf 92' lang='lat' dir='ltr'><strong>De</strong></span> <span class='ocrx_word' id='word_1_353' title='bbox 831 3733 1036 3787; x_wconf 90' lang='lat' dir='ltr'><strong>mundo</strong></span> <span class='ocrx_word' id='word_1_354' title='bbox 1063 3733 1325 3802; x_wconf 87' lang='lat' dir='ltr'><strong>loquitur.</strong></span> 
     </span>
    </p>
   </div>
   <div class='ocr_carea' id='block_1_59' title="bbox 1526 3731 3057 3807">
    <p class='ocr_par' dir='ltr' id='par_1_59' title="bbox 2267 3735 3057 3807">
     <span class='ocr_line' id='line_1_62' title="bbox 2267 3735 3057 3807; baseline -0.013 -13"><span class='ocrx_word' id='word_1_355' title='bbox 2267 3739 2373 3804; x_wconf 70' lang='grc' dir='ltr'><strong>εΗ.</strong></span> <span class='ocrx_word' id='word_1_356' title='bbox 2409 3739 2505 3801; x_wconf 83' lang='grc' dir='ltr'><strong>Εἰς</strong></span> <span class='ocrx_word' id='word_1_357' title='bbox 2543 3738 2631 3790; x_wconf 87' lang='grc' dir='ltr'><strong>τὸν</strong></span> <span class='ocrx_word' id='word_1_358' title='bbox 2661 3737 2865 3807; x_wconf 83' lang='grc' dir='ltr'>κόσμον</span> <span class='ocrx_word' id='word_1_359' title='bbox 2891 3735 3057 3802; x_wconf 81' lang='grc' dir='ltr'>λέγει.</span> 
     </span>
    </p>
   </div>
   <div class='ocr_carea' id='block_1_60' title="bbox 615 3821 2146 3900">
    <p class='ocr_par' dir='ltr' id='par_1_60' title="bbox 615 3823 2038 3894">
     <span class='ocr_line' id='line_1_63' title="bbox 615 3823 2038 3894; baseline 0.004 -18"><span class='ocrx_word' id='word_1_360' title='bbox 615 3824 703 3878; x_wconf 73' lang='grc'><strong>12.</strong></span> <span class='ocrx_word' id='word_1_361' title='bbox 733 3823 794 3879; x_wconf 88' lang='lat' dir='ltr'><strong>In</strong></span> <span class='ocrx_word' id='word_1_362' title='bbox 826 3824 1004 3879; x_wconf 92' lang='lat' dir='ltr'><strong>medio</strong></span> <span class='ocrx_word' id='word_1_363' title='bbox 1035 3824 1280 3894; x_wconf 89' lang='lat' dir='ltr'><strong>ipsorum</strong></span> <span class='ocrx_word' id='word_1_364' title='bbox 1317 3825 1642 3890; x_wconf 89' lang='lat' dir='ltr'><strong>inambulat,</strong></span> <span class='ocrx_word' id='word_1_365' title='bbox 1669 3825 1724 3880; x_wconf 85' lang='lat' dir='ltr'><strong>et</strong></span> <span class='ocrx_word' id='word_1_366' title='bbox 1747 3825 2038 3881; x_wconf 87' lang='lat' dir='ltr'><strong>inhabitat.</strong></span> 
     </span>
    </p>
   </div>
   <div class='ocr_carea' id='block_1_61' title="bbox 2154 3821 3685 3900">
    <p class='ocr_par' dir='ltr' id='par_1_61' title="bbox 2284 3821 3685 3900">
     <span class='ocr_line' id='line_1_64' title="bbox 2284 3821 3685 3900; baseline -0.005 -16"><span class='ocrx_word' id='word_1_367' title='bbox 2284 3832 2372 3884; x_wconf 78' lang='grc'><strong>12.</strong></span> <span class='ocrx_word' id='word_1_368' title='bbox 2419 3832 2506 3882; x_wconf 91' lang='grc' dir='ltr'><strong>Ἐν</strong></span> <span class='ocrx_word' id='word_1_369' title='bbox 2543 3829 2690 3900; x_wconf 84' lang='grc' dir='ltr'>μέσῳ</span> <span class='ocrx_word' id='word_1_370' title='bbox 2715 3827 2892 3880; x_wconf 79' lang='grc' dir='ltr'>αὐτῶν</span> <span class='ocrx_word' id='word_1_371' title='bbox 2925 3825 3310 3895; x_wconf 86' lang='grc' dir='ltr'>ἐμπεριπατεῖ,</span> <span class='ocrx_word' id='word_1_372' title='bbox 3339 3839 3434 3875; x_wconf 86' lang='grc' dir='ltr'><strong>και</strong></span> <span class='ocrx_word' id='word_1_373' title='bbox 3459 3821 3685 3877; x_wconf 80' lang='grc' dir='ltr'>ενοικεῖ.</span> 
     </span>
    </p>
   </div>
   <div class='ocr_carea' id='block_1_62' title="bbox 613 3912 2144 3992">
    <p class='ocr_par' dir='ltr' id='par_1_62' title="bbox 613 3914 1840 3986">
     <span class='ocr_line' id='line_1_65' title="bbox 613 3914 1840 3986; baseline 0.002 -17"><span class='ocrx_word' id='word_1_374' title='bbox 613 3915 704 3971; x_wconf 82' lang='grc'><strong>15.</strong></span> <span class='ocrx_word' id='word_1_375' title='bbox 739 3914 859 3970; x_wconf 86' lang='lat' dir='ltr'><strong>Non</strong></span> <span class='ocrx_word' id='word_1_376' title='bbox 883 3917 1172 3986; x_wconf 87' lang='lat' dir='ltr'><strong>accepistis</strong></span> <span class='ocrx_word' id='word_1_377' title='bbox 1197 3916 1476 3982; x_wconf 70' lang='lat' dir='ltr'><strong>iustorum</strong></span> <span class='ocrx_word' id='word_1_378' title='bbox 1513 3917 1840 3972; x_wconf 86' lang='lat' dir='ltr'><strong>doctrinam.</strong></span> 
     </span>
    </p>
   </div>
   <div class='ocr_carea' id='block_1_63' title="bbox 2047 3912 3578 3992">
    <p class='ocr_par' dir='ltr' id='par_1_63' title="bbox 2286 3912 3578 3992">
     <span class='ocr_line' id='line_1_66' title="bbox 2286 3912 3578 3992; baseline -0.005 -18"><span class='ocrx_word' id='word_1_379' title='bbox 2286 3922 2373 3976; x_wconf 78' lang='lat'><strong>15.</strong></span> <span class='ocrx_word' id='word_1_380' title='bbox 2406 3922 2518 3992; x_wconf 82' lang='grc' dir='ltr'><strong>Τὴν</strong></span> <span class='ocrx_word' id='word_1_381' title='bbox 2541 3919 2761 3990; x_wconf 79' lang='grc' dir='ltr'>διδαχὴν</span> <span class='ocrx_word' id='word_1_382' title='bbox 2786 3918 2898 3970; x_wconf 85' lang='grc' dir='ltr'><strong>τῶν</strong></span> <span class='ocrx_word' id='word_1_383' title='bbox 2929 3918 3150 3970; x_wconf 84' lang='grc' dir='ltr'>δικαίων</span> <span class='ocrx_word' id='word_1_384' title='bbox 3180 3917 3280 3969; x_wconf 76' lang='grc' dir='ltr'><strong>οὐκ</strong></span> <span class='ocrx_word' id='word_1_385' title='bbox 3305 3912 3578 3981; x_wconf 83' lang='grc' dir='ltr'>ἐδέξασθε.</span> 
     </span>
    </p>
   </div>
   <div class='ocr_carea' id='block_1_64' title="bbox 612 4007 2143 4081">
    <p class='ocr_par' dir='ltr' id='par_1_64' title="bbox 612 4007 1418 4067">
     <span class='ocr_line' id='line_1_67' title="bbox 612 4007 1418 4067; baseline -0.001 -6"><span class='ocrx_word' id='word_1_386' title='bbox 612 4009 701 4062; x_wconf 74' lang='grc'><strong>14.</strong></span> <span class='ocrx_word' id='word_1_387' title='bbox 742 4007 986 4067; x_wconf 67' lang='lat' dir='ltr'><strong>.‘EIernae</strong></span> <span class='ocrx_word' id='word_1_388' title='bbox 1017 4007 1418 4064; x_wconf 85' lang='lat' dir='ltr'><strong>retributionis.</strong></span> 
     </span>
    </p>
   </div>
   <div class='ocr_carea' id='block_1_65' title="bbox 1701 4007 3232 4081">
    <p class='ocr_par' dir='ltr' id='par_1_65' title="bbox 2290 4007 3232 4081">
     <span class='ocr_line' id='line_1_68' title="bbox 2290 4007 3232 4081; baseline -0.007 -16"><span class='ocrx_word' id='word_1_389' title='bbox 2290 4012 2373 4066; x_wconf 73' lang='grc' dir='ltr'><strong>Μ.</strong></span> <span class='ocrx_word' id='word_1_390' title='bbox 2405 4011 2516 4081; x_wconf 84' lang='grc' dir='ltr'><strong>Τῆς</strong></span> <span class='ocrx_word' id='word_1_391' title='bbox 2541 4010 2759 4062; x_wconf 84' lang='grc' dir='ltr'>αἰωνίου</span> <span class='ocrx_word' id='word_1_392' title='bbox 2795 4007 3232 4078; x_wconf 82' lang='grc' dir='ltr'>μισθαποδοσίας.</span> 
     </span>
    </p>
   </div>
   <div class='ocr_carea' id='block_1_66' title="bbox 613 4096 2144 4172">
    <p class='ocr_par' dir='ltr' id='par_1_66' title="bbox 613 4099 2114 4170">
     <span class='ocr_line' id='line_1_69' title="bbox 613 4099 2114 4170; baseline 0.002 -16"><span class='ocrx_word' id='word_1_393' title='bbox 613 4101 702 4156; x_wconf 81' lang='lat'><strong>15&#39;.</strong></span> <span class='ocrx_word' id='word_1_394' title='bbox 735 4099 854 4157; x_wconf 89' lang='lat' dir='ltr'><strong>Nisi</strong></span> <span class='ocrx_word' id='word_1_395' title='bbox 881 4102 998 4170; x_wconf 90' lang='lat' dir='ltr'><strong>ipse</strong></span> <span class='ocrx_word' id='word_1_396' title='bbox 1021 4115 1117 4170; x_wconf 88' lang='lat' dir='ltr'><strong>per</strong></span> <span class='ocrx_word' id='word_1_397' title='bbox 1159 4115 1218 4155; x_wconf 91' lang='lat' dir='ltr'><strong>se</strong></span> <span class='ocrx_word' id='word_1_398' title='bbox 1243 4101 1420 4170; x_wconf 89' lang='lat' dir='ltr'><strong>ipsum</strong></span> <span class='ocrx_word' id='word_1_399' title='bbox 1449 4101 1706 4170; x_wconf 81' lang='lat' dir='ltr'><strong>largietur</strong></span> <span class='ocrx_word' id='word_1_400' title='bbox 1734 4101 1968 4156; x_wconf 88' lang='lat' dir='ltr'><strong>salutem</strong></span> <span class='ocrx_word' id='word_1_401' title='bbox 1993 4117 2114 4157; x_wconf 91' lang='lat' dir='ltr'><strong>om-</strong></span> 
     </span>
    </p>
   </div>
   <div class='ocr_carea' id='block_1_67' title="bbox 2260 4096 3791 4172">
    <p class='ocr_par' dir='ltr' id='par_1_67' title="bbox 2265 4096 3791 4172">
     <span class='ocr_line' id='line_1_70' title="bbox 2265 4096 3791 4172; baseline -0.005 -16"><span class='ocrx_word' id='word_1_402' title='bbox 2265 4103 2375 4168; x_wconf 73' lang='lat'><strong>,15.</strong></span> <span class='ocrx_word' id='word_1_403' title='bbox 2410 4104 2472 4155; x_wconf 86' lang='grc' dir='ltr'>Εί</span> <span class='ocrx_word' id='word_1_404' title='bbox 2497 4101 2572 4172; x_wconf 84' lang='grc' dir='ltr'><strong>μὴ</strong></span> <span class='ocrx_word' id='word_1_405' title='bbox 2603 4101 2764 4164; x_wconf 77' lang='grc' dir='ltr'>αὐτὸς</span> <span class='ocrx_word' id='word_1_406' title='bbox 2807 4100 2873 4163; x_wconf 77' lang='grc' dir='ltr'>δι’</span> <span class='ocrx_word' id='word_1_407' title='bbox 2912 4097 3106 4151; x_wconf 79' lang='grc' dir='ltr'>ἑαυτοῦ</span> <span class='ocrx_word' id='word_1_408' title='bbox 3156 4099 3438 4168; x_wconf 77' lang='grc' dir='ltr'>χαρίσεται</span> <span class='ocrx_word' id='word_1_409' title='bbox 3469 4096 3569 4168; x_wconf 77' lang='grc' dir='ltr'>τὴν</span> <span class='ocrx_word' id='word_1_410' title='bbox 3615 4113 3791 4167; x_wconf 79' lang='grc' dir='ltr'>σωτη-</span> 
     </span>
    </p>
   </div>
   <div class='ocr_carea' id='block_1_68' title="bbox 555 4187 2086 4268">
    <p class='ocr_par' dir='ltr' id='par_1_68' title="bbox 555 4189 2086 4264">
     <span class='ocr_line' id='line_1_71' title="bbox 555 4189 2086 4264; baseline 0.001 -15"><span class='ocrx_word' id='word_1_411' title='bbox 555 4195 722 4250; x_wconf 86' lang='lat' dir='ltr'><strong>uibus</strong></span> <span class='ocrx_word' id='word_1_412' title='bbox 761 4193 814 4248; x_wconf 90' lang='lat' dir='ltr'><strong>in</strong></span> <span class='ocrx_word' id='word_1_413' title='bbox 858 4209 984 4248; x_wconf 93' lang='lat' dir='ltr'><strong>eum</strong></span> <span class='ocrx_word' id='word_1_414' title='bbox 1029 4193 1419 4248; x_wconf 86' lang='lat' dir='ltr'><strong>credentibus:</strong></span> <span class='ocrx_word' id='word_1_415' title='bbox 1455 4189 1622 4246; x_wconf 88' lang='lat' dir='ltr'><strong>Israel</strong></span> <span class='ocrx_word' id='word_1_416' title='bbox 1671 4193 1815 4247; x_wconf 92' lang='lat' dir='ltr'><strong>enim</strong></span> <span class='ocrx_word' id='word_1_417' title='bbox 1846 4194 2086 4264; x_wconf 89' lang='lat' dir='ltr'><strong>interpre</strong></span> 
     </span>
    </p>
   </div>
   <div class='ocr_carea' id='block_1_69' title="bbox 2256 4187 3787 4268">
    <p class='ocr_par' dir='ltr' id='par_1_69' title="bbox 2256 4187 3787 4261">
     <span class='ocr_line' id='line_1_72' title="bbox 2256 4187 3787 4261; baseline -0.005 -14"><span class='ocrx_word' id='word_1_418' title='bbox 2256 4196 2336 4250; x_wconf 88' lang='grc' dir='ltr'><strong>ίαν</strong></span> <span class='ocrx_word' id='word_1_419' title='bbox 2369 4198 2480 4258; x_wconf 83' lang='grc' dir='ltr'>τοῖς</span> <span class='ocrx_word' id='word_1_420' title='bbox 2501 4197 2579 4256; x_wconf 87' lang='grc' dir='ltr'><strong>είς</strong></span> <span class='ocrx_word' id='word_1_421' title='bbox 2612 4193 2774 4245; x_wconf 77' lang='grc' dir='ltr'>αὑτὸν</span> <span class='ocrx_word' id='word_1_422' title='bbox 2808 4190 3174 4244; x_wconf 85' lang='grc' dir='ltr'>πιστεύουσιν.</span> <span class='ocrx_word' id='word_1_423' title='bbox 3218 4189 3434 4261; x_wconf 83' lang='grc' dir='ltr'>Ἰσραὴλ</span> <span class='ocrx_word' id='word_1_424' title='bbox 3461 4188 3571 4258; x_wconf 84' lang='grc' dir='ltr'>γὰρ</span> <span class='ocrx_word' id='word_1_425' title='bbox 3610 4187 3787 4260; x_wconf 80' lang='grc' dir='ltr'>ἑρμη-</span> 
     </span>
    </p>
   </div>
   <div class='ocr_carea' id='block_1_70' title="bbox 543 4281 2074 4351">
    <p class='ocr_par' dir='ltr' id='par_1_70' title="bbox 543 4284 1227 4350">
     <span class='ocr_line' id='line_1_73' title="bbox 543 4284 1227 4350; baseline -0.006 -9"><span class='ocrx_word' id='word_1_426' title='bbox 543 4295 689 4341; x_wconf 77' lang='lat' dir='ltr'><strong>tatur</strong></span> <span class='ocrx_word' id='word_1_427' title='bbox 712 4287 794 4341; x_wconf 82' lang='lat' dir='ltr'><strong>vir</strong></span> <span class='ocrx_word' id='word_1_428' title='bbox 823 4286 1000 4340; x_wconf 81' lang='lat' dir='ltr'><strong>uidens</strong></span> <span class='ocrx_word' id='word_1_429' title='bbox 1026 4284 1227 4350; x_wconf 88' lang='lat' dir='ltr'><strong>Deum,</strong></span> 
     </span>
    </p>
   </div>
   <div class='ocr_carea' id='block_1_71' title="bbox 1461 4281 2992 4351">
    <p class='ocr_par' dir='ltr' id='par_1_71' title="bbox 2213 4281 2992 4351">
     <span class='ocr_line' id='line_1_74' title="bbox 2213 4281 2992 4351; baseline -0.003 -13"><span class='ocrx_word' id='word_1_430' title='bbox 2213 4285 2426 4338; x_wconf 85' lang='grc' dir='ltr'>νεύεται</span> <span class='ocrx_word' id='word_1_431' title='bbox 2453 4284 2608 4351; x_wconf 72' lang='grc' dir='ltr'><strong>ἀνὴρ</strong></span> <span class='ocrx_word' id='word_1_432' title='bbox 2637 4281 2790 4351; x_wconf 79' lang='grc' dir='ltr'><strong>ὁρῶν</strong></span> <span class='ocrx_word' id='word_1_433' title='bbox 2824 4283 2992 4336; x_wconf 76' lang='grc' dir='ltr'>Θεόν.</span> 
     </span>
    </p>
   </div>
   <div class='ocr_carea' id='block_1_72' title="bbox 614 4373 2145 4445">
    <p class='ocr_par' dir='ltr' id='par_1_72' title="bbox 614 4378 1203 4442">
     <span class='ocr_line' id='line_1_75' title="bbox 614 4378 1203 4442; baseline -0.002 -9"><span class='ocrx_word' id='word_1_434' title='bbox 614 4379 700 4434; x_wconf 87' lang='grc'><strong>16.</strong></span> <span class='ocrx_word' id='word_1_435' title='bbox 740 4379 798 4433; x_wconf 93' lang='lat' dir='ltr'><strong>In</strong></span> <span class='ocrx_word' id='word_1_436' title='bbox 833 4394 1016 4442; x_wconf 87' lang='lat' dir='ltr'><strong>cruce,</strong></span> <span class='ocrx_word' id='word_1_437' title='bbox 1049 4378 1203 4433; x_wconf 89' lang='lat' dir='ltr'><strong>dicit.</strong></span> 
     </span>
    </p>
   </div>
   <div class='ocr_carea' id='block_1_73' title="bbox 1550 4373 3081 4445">
    <p class='ocr_par' dir='ltr' id='par_1_73' title="bbox 2289 4373 3081 4445">
     <span class='ocr_line' id='line_1_76' title="bbox 2289 4373 3081 4445; baseline -0.001 -16"><span class='ocrx_word' id='word_1_438' title='bbox 2289 4376 2374 4429; x_wconf 82' lang='lat'><strong>16.</strong></span> <span class='ocrx_word' id='word_1_439' title='bbox 2422 4377 2508 4430; x_wconf 88' lang='grc' dir='ltr'>Ἐν</span> <span class='ocrx_word' id='word_1_440' title='bbox 2543 4375 2618 4445; x_wconf 83' lang='grc' dir='ltr'>τῷ</span> <span class='ocrx_word' id='word_1_441' title='bbox 2647 4373 2884 4445; x_wconf 78' lang='grc' dir='ltr'>σταυρῷ,</span> <span class='ocrx_word' id='word_1_442' title='bbox 2915 4375 3081 4442; x_wconf 80' lang='grc' dir='ltr'>λέγει.</span> 
     </span>
    </p>
   </div>
   <div class='ocr_carea' id='block_1_74' title="bbox 611 4445 2142 4542">
    <p class='ocr_par' dir='ltr' id='par_1_74' title="bbox 611 4467 2113 4542">
     <span class='ocr_line' id='line_1_77' title="bbox 611 4467 2113 4542; baseline 0 -16"><span class='ocrx_word' id='word_1_443' title='bbox 611 4473 702 4526; x_wconf 89' lang='grc'><strong>17.</strong></span> <span class='ocrx_word' id='word_1_444' title='bbox 733 4473 1002 4542; x_wconf 83' lang='lat' dir='ltr'><strong>Pepulum</strong></span> <span class='ocrx_word' id='word_1_445' title='bbox 1040 4471 1194 4534; x_wconf 90' lang='lat' dir='ltr'><strong>dicit,</strong></span> <span class='ocrx_word' id='word_1_446' title='bbox 1239 4474 1334 4540; x_wconf 92' lang='lat' dir='ltr'><strong>qul</strong></span> <span class='ocrx_word' id='word_1_447' title='bbox 1385 4485 1452 4525; x_wconf 77' lang='lat' dir='ltr'><strong>ex</strong></span> <span class='ocrx_word' id='word_1_448' title='bbox 1501 4467 1706 4524; x_wconf 62' lang='lat' dir='ltr'><strong>Iudaeis</strong></span> <span class='ocrx_word' id='word_1_449' title='bbox 1755 4480 1809 4525; x_wconf 90' lang='lat' dir='ltr'><strong>et</strong></span> <span class='ocrx_word' id='word_1_450' title='bbox 1860 4472 2113 4541; x_wconf 79' lang='lat' dir='ltr'><strong>gentibus</strong></span> 
     </span>
    </p>
   </div>
   <div class='ocr_carea' id='block_1_75' title="bbox 2260 4445 3791 4542">
    <p class='ocr_par' dir='ltr' id='par_1_75' title="bbox 2291 4462 3791 4534">
     <span class='ocr_line' id='line_1_78' title="bbox 2291 4462 3791 4534; baseline -0.003 -14"><span class='ocrx_word' id='word_1_451' title='bbox 2291 4469 2374 4520; x_wconf 86' lang='grc'><strong>17.</strong></span> <span class='ocrx_word' id='word_1_452' title='bbox 2413 4468 2515 4519; x_wconf 87' lang='grc' dir='ltr'>Τὸν</span> <span class='ocrx_word' id='word_1_453' title='bbox 2547 4467 2673 4519; x_wconf 75' lang='grc' dir='ltr'>λαὸν</span> <span class='ocrx_word' id='word_1_454' title='bbox 2699 4464 2758 4529; x_wconf 79' lang='grc' dir='ltr'><strong>ἐξ</strong></span> <span class='ocrx_word' id='word_1_455' title='bbox 2793 4466 3078 4530; x_wconf 83' lang='grc' dir='ltr'>Ἰουδαίων,</span> <span class='ocrx_word' id='word_1_456' title='bbox 3107 4466 3199 4518; x_wconf 74' lang='grc' dir='ltr'><strong>καὶ</strong></span> <span class='ocrx_word' id='word_1_457' title='bbox 3231 4464 3290 4528; x_wconf 84' lang='grc' dir='ltr'><strong>ἐξ</strong></span> <span class='ocrx_word' id='word_1_458' title='bbox 3327 4463 3496 4518; x_wconf 81' lang='grc' dir='ltr'>ἐθνῶν</span> <span class='ocrx_word' id='word_1_459' title='bbox 3527 4462 3791 4534; x_wconf 83' lang='grc' dir='ltr'>μέλλοντα</span> 
     </span>
    </p>
   </div>
   <div class='ocr_carea' id='block_1_76' title="bbox 543 4555 2074 4631">
    <p class='ocr_par' dir='ltr' id='par_1_76' title="bbox 543 4559 2074 4631">
     <span class='ocr_line' id='line_1_79' title="bbox 543 4559 2074 4631; baseline -0.001 -15"><span class='ocrx_word' id='word_1_460' title='bbox 543 4563 854 4618; x_wconf 88' lang='lat' dir='ltr'><strong>crediturus</strong></span> <span class='ocrx_word' id='word_1_461' title='bbox 891 4571 1006 4617; x_wconf 91' lang='lat' dir='ltr'><strong>est:</strong></span> <span class='ocrx_word' id='word_1_462' title='bbox 1049 4562 1218 4616; x_wconf 85' lang='lat' dir='ltr'><strong>Jacob</strong></span> <span class='ocrx_word' id='word_1_463' title='bbox 1245 4561 1390 4616; x_wconf 91' lang='lat' dir='ltr'><strong>enim</strong></span> <span class='ocrx_word' id='word_1_464' title='bbox 1420 4560 1793 4630; x_wconf 82' lang='lat' dir='ltr'><strong>supplantator</strong></span> <span class='ocrx_word' id='word_1_465' title='bbox 1844 4559 2074 4631; x_wconf 83' lang='lat' dir='ltr'><strong>interpre</strong></span> 
     </span>
    </p>
   </div>
   <div class='ocr_carea' id='block_1_77' title="bbox 2260 4555 3791 4631">
    <p class='ocr_par' dir='ltr' id='par_1_77' title="bbox 2260 4555 3791 4627">
     <span class='ocr_line' id='line_1_80' title="bbox 2260 4555 3791 4627; baseline -0.005 -14"><span class='ocrx_word' id='word_1_466' title='bbox 2260 4560 2496 4614; x_wconf 88' lang='grc' dir='ltr'>ιστεύειν</span> <span class='ocrx_word' id='word_1_467' title='bbox 2521 4559 2687 4626; x_wconf 80' lang='grc' dir='ltr'>λέγει.</span> <span class='ocrx_word' id='word_1_468' title='bbox 2726 4555 2922 4610; x_wconf 84' lang='grc' dir='ltr'>Ἰακὼὸ</span> <span class='ocrx_word' id='word_1_469' title='bbox 2957 4556 3066 4627; x_wconf 86' lang='grc' dir='ltr'>γὰρ</span> <span class='ocrx_word' id='word_1_470' title='bbox 3097 4556 3460 4623; x_wconf 72' lang='grc' dir='ltr'>πτερνιστὴς</span> <span class='ocrx_word' id='word_1_471' title='bbox 3493 4555 3791 4626; x_wconf 77' lang='grc' dir='ltr'>ἑρμηνεύε-</span> 
     </span>
    </p>
   </div>
   <div class='ocr_carea' id='block_1_78' title="bbox 543 4642 2074 4724">
    <p class='ocr_par' dir='ltr' id='par_1_78' title="bbox 543 4649 2074 4724">
     <span class='ocr_line' id='line_1_81' title="bbox 543 4649 2074 4724; baseline -0.004 -16"><span class='ocrx_word' id='word_1_472' title='bbox 543 4663 713 4720; x_wconf 88' lang='lat' dir='ltr'><strong>tatur,</strong></span> <span class='ocrx_word' id='word_1_473' title='bbox 745 4654 936 4724; x_wconf 87' lang='lat' dir='ltr'><strong>quales</strong></span> <span class='ocrx_word' id='word_1_474' title='bbox 965 4661 1121 4708; x_wconf 88' lang='lat' dir='ltr'><strong>erant</strong></span> <span class='ocrx_word' id='word_1_475' title='bbox 1169 4651 1373 4708; x_wconf 72' lang='lat' dir='ltr'><strong>Judaei:</strong></span> <span class='ocrx_word' id='word_1_476' title='bbox 1423 4650 1590 4706; x_wconf 89' lang='lat' dir='ltr'><strong>Israel</strong></span> <span class='ocrx_word' id='word_1_477' title='bbox 1620 4659 1802 4705; x_wconf 90' lang='lat' dir='ltr'><strong>autem</strong></span> <span class='ocrx_word' id='word_1_478' title='bbox 1831 4658 2004 4719; x_wconf 81' lang='lat' dir='ltr'><strong>gentes</strong></span> <span class='ocrx_word' id='word_1_479' title='bbox 2036 4649 2074 4703; x_wconf 88' lang='lat' dir='ltr'><strong>si</strong></span> 
     </span>
    </p>
   </div>
   <div class='ocr_carea' id='block_1_79' title="bbox 2260 4642 3791 4724">
    <p class='ocr_par' dir='ltr' id='par_1_79' title="bbox 2260 4642 3791 4717">
     <span class='ocr_line' id='line_1_82' title="bbox 2260 4642 3791 4717; baseline -0.003 -17"><span class='ocrx_word' id='word_1_480' title='bbox 2260 4665 2330 4710; x_wconf 71' lang='grc' dir='ltr'><strong>αι,</strong></span> <span class='ocrx_word' id='word_1_481' title='bbox 2381 4649 2515 4717; x_wconf 79' lang='grc' dir='ltr'>ὅπερ</span> <span class='ocrx_word' id='word_1_482' title='bbox 2540 4642 2680 4716; x_wconf 79' lang='grc' dir='ltr'>ἦσαν</span> <span class='ocrx_word' id='word_1_483' title='bbox 2705 4647 2752 4697; x_wconf 83' lang='grc' dir='ltr'><strong>οἱ</strong></span> <span class='ocrx_word' id='word_1_484' title='bbox 2794 4645 3055 4710; x_wconf 87' lang='grc' dir='ltr'>Ἰουδαῖοι,</span> <span class='ocrx_word' id='word_1_485' title='bbox 3086 4647 3134 4696; x_wconf 82' lang='grc' dir='ltr'>οἱ</span> <span class='ocrx_word' id='word_1_486' title='bbox 3168 4643 3384 4714; x_wconf 81' lang='grc' dir='ltr'>Ἰσραὴλ</span> <span class='ocrx_word' id='word_1_487' title='bbox 3417 4643 3546 4696; x_wconf 74' lang='grc' dir='ltr'>θετὰ</span> <span class='ocrx_word' id='word_1_488' title='bbox 3587 4644 3791 4715; x_wconf 76' lang='grc' dir='ltr'>[Ἰσρα-</span> 
     </span>
    </p>
   </div>
   <div class='ocr_carea' id='block_1_80' title="bbox 543 4736 2074 4817">
    <p class='ocr_par' dir='ltr' id='par_1_80' title="bbox 543 4747 786 4817">
     <span class='ocr_line' id='line_1_83' title="bbox 543 4747 786 4817; baseline -0.012 -16"><span class='ocrx_word' id='word_1_489' title='bbox 543 4747 786 4817; x_wconf 84' lang='lat' dir='ltr'><strong>gniﬁcat.</strong></span> 
     </span>
    </p>
   </div>
   <div class='ocr_carea' id='block_1_81' title="bbox 1196 4736 2727 4817">
    <p class='ocr_par' dir='ltr' id='par_1_81' title="bbox 2220 4736 2727 4810">
     <span class='ocr_line' id='line_1_84' title="bbox 2220 4736 2727 4810; baseline -0.006 -18"><span class='ocrx_word' id='word_1_490' title='bbox 2220 4740 2286 4810; x_wconf 81' lang='grc' dir='ltr'>ὴλ</span> <span class='ocrx_word' id='word_1_491' title='bbox 2333 4737 2387 4790; x_wconf 80' lang='grc' dir='ltr'>δὲ</span> <span class='ocrx_word' id='word_1_492' title='bbox 2425 4736 2529 4808; x_wconf 78' lang='grc' dir='ltr'>τὰ]</span> <span class='ocrx_word' id='word_1_493' title='bbox 2565 4736 2727 4804; x_wconf 81' lang='grc' dir='ltr'>ἔθνη.</span> 
     </span>
    </p>
   </div>
   <div class='ocr_carea' id='block_1_82' title="bbox 629 4935 3790 5017">
    <p class='ocr_par' dir='ltr' id='par_1_82' title="bbox 629 4935 3790 5017">
     <span class='ocr_line' id='line_1_85' title="bbox 629 4935 3790 5017; baseline -0.003 -20"><span class='ocrx_word' id='word_1_494' title='bbox 629 4943 692 4997; x_wconf 85' lang='grc' dir='ltr'><strong><em>Ἦ</em></strong></span> <span class='ocrx_word' id='word_1_495' title='bbox 723 4944 1054 5015; x_wconf 82' lang='grc' dir='ltr'>προκειμένη</span> <span class='ocrx_word' id='word_1_496' title='bbox 1088 4945 1366 5017; x_wconf 79' lang='grc' dir='ltr'>ἐπιγραφὴ</span> <span class='ocrx_word' id='word_1_497' title='bbox 1397 4949 1670 5017; x_wconf 84' lang='grc' dir='ltr'>περιέχει·</span> <span class='ocrx_word' id='word_1_498' title='bbox 1693 4947 1797 5012; x_wconf 82' lang='grc' dir='ltr'><strong>Εἰς</strong></span> <span class='ocrx_word' id='word_1_499' title='bbox 1825 4945 1893 4998; x_wconf 85' lang='grc' dir='ltr'>τὸ</span> <span class='ocrx_word' id='word_1_500' title='bbox 1915 4943 2087 5008; x_wconf 73' lang='grc' dir='ltr'>τέλος</span> <span class='ocrx_word' id='word_1_501' title='bbox 2127 4940 2368 5009; x_wconf 67' lang='grc' dir='ltr'>ψαλμός</span> <span class='ocrx_word' id='word_1_502' title='bbox 2415 4940 2494 5006; x_wconf 77' lang='grc' dir='ltr'>τῷ</span> <span class='ocrx_word' id='word_1_503' title='bbox 2540 4941 2736 4995; x_wconf 76' lang='grc' dir='ltr'>Δίιϐίδ.</span> <span class='ocrx_word' id='word_1_504' title='bbox 2767 4941 2936 4995; x_wconf 78' lang='grc' dir='ltr'>Τοῦτο</span> <span class='ocrx_word' id='word_1_505' title='bbox 2977 4937 3068 4994; x_wconf 74' lang='grc' dir='ltr'>οὖν</span> <span class='ocrx_word' id='word_1_506' title='bbox 3113 4937 3389 5009; x_wconf 83' lang='grc' dir='ltr'>σημαίνει,</span> <span class='ocrx_word' id='word_1_507' title='bbox 3416 4937 3552 5008; x_wconf 83' lang='grc' dir='ltr'>ὅπερ</span> <span class='ocrx_word' id='word_1_508' title='bbox 3579 4935 3790 5008; x_wconf 79' lang='grc' dir='ltr'>εἴρηται</span> 
     </span>
    </p>
   </div>
   <div class='ocr_carea' id='block_1_83' title="bbox 545 5027 3788 5110">
    <p class='ocr_par' dir='ltr' id='par_1_83' title="bbox 545 5027 3788 5110">
     <span class='ocr_line' id='line_1_86' title="bbox 545 5027 3788 5110; baseline -0.003 -20"><span class='ocrx_word' id='word_1_509' title='bbox 545 5037 627 5101; x_wconf 75' lang='grc' dir='ltr'><strong>εἰς</strong></span> <span class='ocrx_word' id='word_1_510' title='bbox 656 5037 782 5101; x_wconf 80' lang='grc' dir='ltr'>τοὺς</span> <span class='ocrx_word' id='word_1_511' title='bbox 811 5037 1150 5108; x_wconf 79' lang='grc' dir='ltr'>σωζομένους</span> <span class='ocrx_word' id='word_1_512' title='bbox 1181 5039 1370 5107; x_wconf 85' lang='grc' dir='ltr'>ἁγίους</span> <span class='ocrx_word' id='word_1_513' title='bbox 1399 5043 1456 5093; x_wconf 88' lang='grc' dir='ltr'><strong>ἐν</strong></span> <span class='ocrx_word' id='word_1_514' title='bbox 1485 5042 1550 5110; x_wconf 84' lang='grc' dir='ltr'><strong>τῇ</strong></span> <span class='ocrx_word' id='word_1_515' title='bbox 1586 5037 1864 5108; x_wconf 82' lang='grc' dir='ltr'>συντελείᾳ</span> <span class='ocrx_word' id='word_1_516' title='bbox 1889 5036 1982 5090; x_wconf 79' lang='grc' dir='ltr'>τοῦ</span> <span class='ocrx_word' id='word_1_517' title='bbox 2015 5033 2225 5097; x_wconf 79' lang='grc' dir='ltr'>αἰῶνος.</span> <span class='ocrx_word' id='word_1_518' title='bbox 2251 5033 2414 5086; x_wconf 74' lang='grc' dir='ltr'>Δαϐὶδ</span> <span class='ocrx_word' id='word_1_519' title='bbox 2435 5033 2542 5101; x_wconf 81' lang='grc' dir='ltr'>γὰρ</span> <span class='ocrx_word' id='word_1_520' title='bbox 2567 5033 2925 5103; x_wconf 78' lang='grc' dir='ltr'>ἑρμηνεύεται</span> <span class='ocrx_word' id='word_1_521' title='bbox 2956 5030 3388 5100; x_wconf 79' lang='grc' dir='ltr'>πεποθημένος,</span> <span class='ocrx_word' id='word_1_522' title='bbox 3442 5027 3721 5080; x_wconf 87' lang='grc' dir='ltr'>τουτέστιν</span> <span class='ocrx_word' id='word_1_523' title='bbox 3763 5027 3788 5078; x_wconf 84' lang='grc' dir='ltr'>ὁ</span> 
     </span>
    </p>
   </div>
   <div class='ocr_carea' id='block_1_84' title="bbox 545 5118 3788 5201">
    <p class='ocr_par' dir='ltr' id='par_1_84' title="bbox 545 5118 3788 5201">
     <span class='ocr_line' id='line_1_87' title="bbox 545 5118 3788 5201; baseline -0.003 -19"><span class='ocrx_word' id='word_1_524' title='bbox 545 5129 704 5200; x_wconf 76' lang='grc' dir='ltr'>χορὸς</span> <span class='ocrx_word' id='word_1_525' title='bbox 735 5129 841 5182; x_wconf 83' lang='grc' dir='ltr'><strong>τῶν</strong></span> <span class='ocrx_word' id='word_1_526' title='bbox 871 5131 1060 5198; x_wconf 86' lang='grc' dir='ltr'>ἁγίων,</span> <span class='ocrx_word' id='word_1_527' title='bbox 1091 5130 1150 5182; x_wconf 79' lang='grc' dir='ltr'>ὃν</span> <span class='ocrx_word' id='word_1_528' title='bbox 1191 5132 1220 5182; x_wconf 89' lang='grc' dir='ltr'>ὁ</span> <span class='ocrx_word' id='word_1_529' title='bbox 1251 5129 1455 5201; x_wconf 88' lang='grc' dir='ltr'>Κύριος</span> <span class='ocrx_word' id='word_1_530' title='bbox 1483 5129 1728 5199; x_wconf 85' lang='grc' dir='ltr'>ποθήσας</span> <span class='ocrx_word' id='word_1_531' title='bbox 1752 5129 1831 5192; x_wconf 77' lang='grc' dir='ltr'><strong>είς</strong></span> <span class='ocrx_word' id='word_1_532' title='bbox 1858 5127 2010 5189; x_wconf 79' lang='grc' dir='ltr'>τέλος</span> <span class='ocrx_word' id='word_1_533' title='bbox 2037 5126 2321 5195; x_wconf 76' lang='grc' dir='ltr'>ἠγάπησεν</span> <span class='ocrx_word' id='word_1_534' title='bbox 2353 5124 2568 5188; x_wconf 78' lang='grc' dir='ltr'>αὐτοὺς,</span> <span class='ocrx_word' id='word_1_535' title='bbox 2604 5124 2698 5176; x_wconf 73' lang='grc' dir='ltr'><strong>καὶ</strong></span> <span class='ocrx_word' id='word_1_536' title='bbox 2732 5123 3046 5194; x_wconf 85' lang='grc' dir='ltr'>παρέδωκεν</span> <span class='ocrx_word' id='word_1_537' title='bbox 3075 5121 3238 5174; x_wconf 85' lang='grc' dir='ltr'>αὑτὸν</span> <span class='ocrx_word' id='word_1_538' title='bbox 3269 5123 3350 5183; x_wconf 85' lang='grc' dir='ltr'>εἰς</span> <span class='ocrx_word' id='word_1_539' title='bbox 3377 5118 3606 5172; x_wconf 81' lang='grc' dir='ltr'>θάνατον</span> <span class='ocrx_word' id='word_1_540' title='bbox 3649 5119 3788 5188; x_wconf 78' lang='grc' dir='ltr'>ὑπὲρ</span> 
     </span>
    </p>
   </div>
   <div class='ocr_carea' id='block_1_85' title="bbox 543 5223 1578 5296">
    <p class='ocr_par' dir='ltr' id='par_1_85' title="bbox 543 5223 1578 5296">
     <span class='ocr_line' id='line_1_88' title="bbox 543 5223 1578 5296; baseline -0.004 -16"><span class='ocrx_word' id='word_1_541' title='bbox 543 5225 640 5280; x_wconf 77' lang='grc' dir='ltr'>τοῦ</span> <span class='ocrx_word' id='word_1_542' title='bbox 665 5224 874 5295; x_wconf 78' lang='grc' dir='ltr'>πεποθη</span> <span class='ocrx_word' id='word_1_543' title='bbox 882 5224 1041 5295; x_wconf 81' lang='grc' dir='ltr'>μένου</span> <span class='ocrx_word' id='word_1_544' title='bbox 1062 5223 1224 5296; x_wconf 82' lang='grc' dir='ltr'>χοροῦ</span> <span class='ocrx_word' id='word_1_545' title='bbox 1246 5225 1352 5277; x_wconf 79' lang='grc' dir='ltr'>τῶν</span> <span class='ocrx_word' id='word_1_546' title='bbox 1389 5223 1578 5291; x_wconf 87' lang='grc' dir='ltr'>ἁγίων.</span> 
     </span>
    </p>
   </div>
   <div class='ocr_carea' id='block_1_86' title="bbox 619 5302 3788 5388">
    <p class='ocr_par' dir='ltr' id='par_1_86' title="bbox 619 5302 3788 5388">
     <span class='ocr_line' id='line_1_89' title="bbox 619 5302 3788 5388; baseline -0.005 -15"><span class='ocrx_word' id='word_1_547' title='bbox 619 5319 854 5385; x_wconf 84' lang='lat' dir='ltr'><strong>Titulus,</strong></span> <span class='ocrx_word' id='word_1_548' title='bbox 891 5319 984 5386; x_wconf 88' lang='lat' dir='ltr'><strong>qui</strong></span> <span class='ocrx_word' id='word_1_549' title='bbox 1017 5319 1230 5386; x_wconf 90' lang='lat' dir='ltr'><strong>psalmo</strong></span> <span class='ocrx_word' id='word_1_550' title='bbox 1262 5318 1620 5388; x_wconf 70' lang='lat' dir='ltr'><strong>praeponitur,</strong></span> <span class='ocrx_word' id='word_1_551' title='bbox 1658 5316 1902 5371; x_wconf 89' lang='lat' dir='ltr'><strong>continet</strong></span> <span class='ocrx_word' id='word_1_552' title='bbox 1931 5333 1942 5368; x_wconf 95' lang='lat'>:</span> <span class='ocrx_word' id='word_1_553' title='bbox 1978 5314 2032 5367; x_wconf 78' lang='lat' dir='ltr'><strong>in</strong></span> <span class='ocrx_word' id='word_1_554' title='bbox 2061 5313 2220 5384; x_wconf 79' lang='lat' dir='ltr'><strong>ﬁnem</strong></span> <span class='ocrx_word' id='word_1_555' title='bbox 2263 5311 2500 5382; x_wconf 79' lang='lat' dir='ltr'><strong>psalmus</strong></span> <span class='ocrx_word' id='word_1_556' title='bbox 2526 5309 2716 5363; x_wconf 77' lang='lat' dir='ltr'><strong>David.</strong></span> <span class='ocrx_word' id='word_1_557' title='bbox 2753 5305 2868 5362; x_wconf 82' lang='lat' dir='ltr'><strong>Hoc</strong></span> <span class='ocrx_word' id='word_1_558' title='bbox 2892 5314 3074 5360; x_wconf 89' lang='lat' dir='ltr'><strong>autem</strong></span> <span class='ocrx_word' id='word_1_559' title='bbox 3111 5305 3401 5376; x_wconf 84' lang='lat' dir='ltr'><strong>signiﬁcat,</strong></span> <span class='ocrx_word' id='word_1_560' title='bbox 3429 5304 3577 5372; x_wconf 91' lang='lat' dir='ltr'><strong>quod</strong></span> <span class='ocrx_word' id='word_1_561' title='bbox 3609 5302 3788 5358; x_wconf 85' lang='lat' dir='ltr'><strong>dictus</strong></span> 
     </span>
    </p>
   </div>
   <div class='ocr_carea' id='block_1_87' title="bbox 545 5399 3788 5480">
    <p class='ocr_par' dir='ltr' id='par_1_87' title="bbox 545 5399 3788 5480">
     <span class='ocr_line' id='line_1_90' title="bbox 545 5399 3788 5480; baseline -0.004 -14"><span class='ocrx_word' id='word_1_562' title='bbox 545 5419 630 5468; x_wconf 90' lang='lat' dir='ltr'><strong>est</strong></span> <span class='ocrx_word' id='word_1_563' title='bbox 657 5413 724 5466; x_wconf 92' lang='lat' dir='ltr'><strong>de</strong></span> <span class='ocrx_word' id='word_1_564' title='bbox 750 5412 976 5474; x_wconf 85' lang='lat' dir='ltr'><strong>sanctis,</strong></span> <span class='ocrx_word' id='word_1_565' title='bbox 1007 5411 1102 5480; x_wconf 91' lang='lat' dir='ltr'><strong>qui</strong></span> <span class='ocrx_word' id='word_1_566' title='bbox 1133 5410 1267 5466; x_wconf 82' lang='lat' dir='ltr'><strong>salvi</strong></span> <span class='ocrx_word' id='word_1_567' title='bbox 1301 5412 1440 5466; x_wconf 88' lang='lat' dir='ltr'><strong>ﬁunt</strong></span> <span class='ocrx_word' id='word_1_568' title='bbox 1461 5407 2022 5466; x_wconf 26' lang='lat' dir='ltr'><strong>in’consummatione</strong></span> <span class='ocrx_word' id='word_1_569' title='bbox 2055 5407 2259 5463; x_wconf 65' lang='lat' dir='ltr'><strong>saeculi.</strong></span> <span class='ocrx_word' id='word_1_570' title='bbox 2315 5405 2484 5460; x_wconf 80' lang='lat' dir='ltr'><strong>David</strong></span> <span class='ocrx_word' id='word_1_571' title='bbox 2515 5405 2660 5460; x_wconf 87' lang='lat' dir='ltr'><strong>enim</strong></span> <span class='ocrx_word' id='word_1_572' title='bbox 2703 5405 3091 5471; x_wconf 88' lang='lat' dir='ltr'><strong>interpretatur</strong></span> <span class='ocrx_word' id='word_1_573' title='bbox 3142 5399 3509 5454; x_wconf 82' lang='lat' dir='ltr'><strong>desideratus:</strong></span> <span class='ocrx_word' id='word_1_574' title='bbox 3563 5402 3667 5453; x_wconf 88' lang='lat' dir='ltr'><strong>hoc</strong></span> <span class='ocrx_word' id='word_1_575' title='bbox 3709 5406 3788 5452; x_wconf 77' lang='lat' dir='ltr'><strong>est</strong></span> 
     </span>
    </p>
   </div>
   <div class='ocr_carea' id='block_1_88' title="bbox 547 5489 3786 5572">
    <p class='ocr_par' dir='ltr' id='par_1_88' title="bbox 547 5489 3786 5572">
     <span class='ocr_line' id='line_1_91' title="bbox 547 5489 3786 5572; baseline -0.005 -13"><span class='ocrx_word' id='word_1_576' title='bbox 547 5503 750 5559; x_wconf 85' lang='lat' dir='ltr'><strong>chorus</strong></span> <span class='ocrx_word' id='word_1_577' title='bbox 774 5511 1110 5565; x_wconf 88' lang='lat' dir='ltr'><strong>sanctorum,</strong></span> <span class='ocrx_word' id='word_1_578' title='bbox 1141 5517 1306 5572; x_wconf 86' lang='lat' dir='ltr'><strong>quem</strong></span> <span class='ocrx_word' id='word_1_579' title='bbox 1335 5502 1604 5559; x_wconf 87' lang='lat' dir='ltr'><strong>Dominus</strong></span> <span class='ocrx_word' id='word_1_580' title='bbox 1621 5503 1933 5560; x_wconf 83' lang='lat' dir='ltr'><strong>desiderans</strong></span> <span class='ocrx_word' id='word_1_581' title='bbox 1959 5516 2132 5572; x_wconf 91' lang='lat' dir='ltr'><strong>usque</strong></span> <span class='ocrx_word' id='word_1_582' title='bbox 2154 5499 2211 5556; x_wconf 86' lang='lat' dir='ltr'><strong>in</strong></span> <span class='ocrx_word' id='word_1_583' title='bbox 2233 5499 2392 5554; x_wconf 86' lang='lat' dir='ltr'><strong>ﬁnem</strong></span> <span class='ocrx_word' id='word_1_584' title='bbox 2412 5497 2616 5564; x_wconf 81' lang='lat' dir='ltr'><strong>dilexit,</strong></span> <span class='ocrx_word' id='word_1_585' title='bbox 2641 5505 2696 5552; x_wconf 92' lang='lat' dir='ltr'><strong>et</strong></span> <span class='ocrx_word' id='word_1_586' title='bbox 2729 5495 2953 5550; x_wconf 88' lang='lat' dir='ltr'><strong>tradidit</strong></span> <span class='ocrx_word' id='word_1_587' title='bbox 2985 5493 3146 5548; x_wconf 88' lang='lat' dir='ltr'><strong>morti</strong></span> <span class='ocrx_word' id='word_1_588' title='bbox 3171 5508 3229 5548; x_wconf 91' lang='lat' dir='ltr'><strong>se</strong></span> <span class='ocrx_word' id='word_1_589' title='bbox 3250 5493 3428 5562; x_wconf 86' lang='lat' dir='ltr'><strong>ipsum</strong></span> <span class='ocrx_word' id='word_1_590' title='bbox 3451 5504 3554 5560; x_wconf 86' lang='lat' dir='ltr'><strong>pro</strong></span> <span class='ocrx_word' id='word_1_591' title='bbox 3577 5489 3786 5548; x_wconf 81' lang='lat' dir='ltr'><strong>deside-</strong></span> 
     </span>
    </p>
   </div>
   <div class='ocr_carea' id='block_1_89' title="bbox 547 5593 1234 5649">
    <p class='ocr_par' dir='ltr' id='par_1_89' title="bbox 547 5593 1234 5649">
     <span class='ocr_line' id='line_1_92' title="bbox 547 5593 1234 5649; baseline -0.001 -1"><span class='ocrx_word' id='word_1_592' title='bbox 547 5601 670 5648; x_wconf 87' lang='lat' dir='ltr'><strong>rato</strong></span> <span class='ocrx_word' id='word_1_593' title='bbox 697 5601 1010 5649; x_wconf 88' lang='lat' dir='ltr'><strong>sanctorum</strong></span> <span class='ocrx_word' id='word_1_594' title='bbox 1043 5593 1234 5647; x_wconf 86' lang='lat' dir='ltr'><strong>choro.</strong></span> 
     </span>
    </p>
   </div>
   <div class='ocr_carea' id='block_1_90' title="bbox 625 5736 2156 5810">
    <p class='ocr_par' dir='ltr' id='par_1_90' title="bbox 625 5747 1386 5803">
     <span class='ocr_line' id='line_1_93' title="bbox 625 5747 1386 5803; baseline 0.003 -2"><span class='ocrx_word' id='word_1_595' title='bbox 625 5748 674 5802; x_wconf 88' lang='grc'><strong>1.</strong></span> <span class='ocrx_word' id='word_1_596' title='bbox 711 5747 770 5802; x_wconf 89' lang='lat' dir='ltr'><strong>In</strong></span> <span class='ocrx_word' id='word_1_597' title='bbox 806 5747 1024 5803; x_wconf 85' lang='lat' dir='ltr'><strong>civitate</strong></span> <span class='ocrx_word' id='word_1_598' title='bbox 1049 5759 1141 5803; x_wconf 77' lang='lat' dir='ltr'><strong>tua</strong></span> <span class='ocrx_word' id='word_1_599' title='bbox 1175 5755 1386 5803; x_wconf 75' lang='lat' dir='ltr'><strong>sancta.</strong></span> 
     </span>
    </p>
   </div>
   <div class='ocr_carea' id='block_1_91' title="bbox 1636 5736 3167 5810">
    <p class='ocr_par' dir='ltr' id='par_1_91' title="bbox 2297 5736 3167 5810">
     <span class='ocr_line' id='line_1_94' title="bbox 2297 5736 3167 5810; baseline -0.008 -15"><span class='ocrx_word' id='word_1_600' title='bbox 2297 5741 2348 5796; x_wconf 83' lang='lat'><strong>1.</strong></span> <span class='ocrx_word' id='word_1_601' title='bbox 2391 5741 2477 5794; x_wconf 85' lang='grc' dir='ltr'>Ἐν</span> <span class='ocrx_word' id='word_1_602' title='bbox 2507 5741 2570 5810; x_wconf 81' lang='grc' dir='ltr'>τῇ</span> <span class='ocrx_word' id='word_1_603' title='bbox 2608 5738 2757 5793; x_wconf 80' lang='grc' dir='ltr'>πόλει</span> <span class='ocrx_word' id='word_1_604' title='bbox 2794 5755 2886 5790; x_wconf 87' lang='grc' dir='ltr'><strong>σου</strong></span> <span class='ocrx_word' id='word_1_605' title='bbox 2921 5739 2987 5809; x_wconf 82' lang='grc' dir='ltr'>τῇ</span> <span class='ocrx_word' id='word_1_606' title='bbox 3016 5736 3167 5807; x_wconf 79' lang='grc' dir='ltr'>ἁγίᾳ.</span> 
     </span>
    </p>
   </div>
  </div>
