3878 6218
169 332 281 388 895
1089 333 1178 386 DE
1218 332 1497 389 TlTULlS
1535 332 1983 388 PSALMORUM.
2016 327 2306 391 -"PSA‘L.
2349 329 2464 391 XV.
3317 340 3422 396 694

245 447 304 499 2.
339 447 408 498 ’Ἡ
436 446 520 509 τίς
549 446 964 518 κατασκηνώσει
997 451 1054 501 ἐν
1090 449 1206 517 ὄρει
1236 450 1375 524 ᾁγίῳ
1404 466 1528 516 σου;

1788 455 1836 512 Α
1929 451 1984 504 2.
2023 453 2132 507 Αιιι
2167 454 2291 522 quis
2322 453 2626 522 requiescet
2651 453 2703 506 in
2727 463 2914 509 monte
2939 463 3131 508 sancto
3159 455 3287 509 tuo?

247 537 306 592 5.
339 538 715 608 Πορευόμενος
739 539 988 610 ἄμωμος,
1029 542 1123 594 καὶ
1165 541 1530 614 ἐργαζόμενος
1557 543 1761 599 δικαιο-

1934 544 1988 599 5.
2021 545 2126 612 Qui
2156 546 2460 616 ingreditur
2487 548 2604 601 sine
2645 549 2880 610 macula,
2903 556 2955 601 et
2990 555 3247 616 operatur
3271 547 3431 617 justi-

175 630 354 701 σύν-ην

1859 637 1990 692 tiam
2015 656 2026 692 :

251 719 309 774 4.
340 719 534 773 Λαλῶν
556 721 812 791 ἀλήθειαν
840 723 897 776 ἐν
936 723 1135 795 καρδίᾳ
1165 724 1329 778 αὐτοῦ
1357 743 1371 758 ο

1935 730 1986 782 4.
2025 727 2129 794 Qui
2171 729 2413 800 loquitur
2439 729 2717 784 veritatem
2740 730 2794 782 in
2817 730 2980 784 corde
3014 745 3145 784 suo:

251 811 310 868 5.
352 814 450 874 Ὃς
479 813 580 866 οὐκ
613 814 868 868 ἐδόλωσεν
897 817 956 870 ἐν
990 816 1208 888 γλώσσῃ
1239 819 1404 872 αὑτοῦ
1429 861 1444 886 ,

1935 820 1990 874 5.
2025 819 2130 885 Qui
2165 835 2272 873 non
2303 820 2413 889 egit
2437 819 2619 874 dolum
2649 820 2704 872 in
2728 819 2909 889 lingua
2942 835 3075 876 sua:

253 904 311 958 6.
343 905 476 958 Οὑδέ
496 905 716 976 ἐποίησε
742 907 820 977 τῷ
856 907 1080 978 πλησίον
1126 909 1291 963 αὐτοῦ
1323 913 1492 965 κακόν
1517 927 1530 941 ·

1436 913 1492 965 όν
1517 927 1530 941 ·
1936 911 1988 965 6.
2023 910 2134 966 Nec
2165 910 2292 966 fecit
2323 911 2573 981 proximo
2601 926 2701 965 suo
2730 911 2967 966 malum:

243 997 301 1050 7.
333 997 444 1050 Καὶ
485 997 784 1068 ὀνειδισμὸν
837 999 936 1052 οὐκ
983 999 1175 1054 ἔλαϐεν
1222 1003 1314 1055 ἐπὶ
1360 1003 1487 1067 τοὺς
1536 1003 1766 1073 ἔγγιστα

1941 1003 1994 1055 7.
2029 1001 2095 1055 Ει
2117 1003 2474 1072 opprobrium
2503 1017 2610 1057 non
2632 1002 2841 1070 accepit
2875 1004 3131 1057 adversus
3152 1002 3429 1072 proximos

178 1090 371 1146 αὑτοῦ.

1867 1109 2019 1148 SUOS.

257 1182 314 1240 8.
364 1183 743 1250 Ἐξουδένωται
779 1183 1008 1253 ἐνώπιον
1034 1185 1198 1238 αὐτοῦ
1227 1188 1677 1258 πονηρευόμενος·

1936 1187 1990 1241 8.
2024 1184 2106 1239 Αι]
2151 1185 2386 1240 nihilum
2436 1186 2703 1242 deductus
2753 1196 2836 1241 est
2883 1187 2938 1240 in
2986 1197 3279 1242 consocctu
3314 1187 3431 1256 ejus

1866 1279 2167 1350 malignus:

257 1360 315 1416 9.
345 1359 484 1422 Τοὺς
511 1359 567 1412 δὲ
602 1359 970 1432 φοϐουμένους
998 1362 1088 1416 τὸν
1110 1363 1314 1436 Κύριον
1337 1365 1570 1431 δοξάζει.

1936 1370 1994 1426 9.
2025 1369 2304 1424 Timentes
2331 1377 2511 1424 autem
2554 1368 2846 1424 Dominum
2887 1368 3170 1440 gloriﬁcat.

259 1449 350 1504 10.
398 1452 454 1504 Ὀ
479 1451 694 1522 ὀμνύων
718 1453 796 1524 τῷ
820 1455 1048 1525 πλησίον
1075 1457 1260 1521 αὑτοῦ,
1286 1460 1378 1512 καὶ
1405 1461 1503 1513 οὐκ
1535 1459 1762 1514 ἀθετῶν·

1724 1475 1762 1514 ν·
1943 1461 2032 1515 10.
2072 1458 2177 1526 Qui
2203 1460 2351 1529 jurat
2380 1459 2630 1529 proximo
2657 1477 2776 1529 suo,
2802 1471 2855 1516 et
2894 1478 2999 1518 non
3024 1461 3255 1531 decipit:

263 1540 352 1593 11.
388 1541 460 1592 Τὸ
494 1541 755 1613 ἀργύριον
781 1545 943 1599 αὐτοῦ
987 1548 1086 1599 οὐκ
1119 1547 1315 1602 ἐδωκεν
1341 1552 1434 1604 ἐπὶ
1461 1553 1625 1622 τόκῳ·

1942 1551 2029 1604 Η.
2065 1550 2170 1617 Qui
2210 1552 2495 1621 pecuniam
2531 1568 2687 1606 suam
2717 1568 2828 1606 non
2855 1553 3001 1607 dedit
3027 1553 3094 1606 ad
3126 1568 3381 1608 usuram:

262 1632 351 1685 12.
384 1633 493 1684 Καὶ
519 1632 665 1705 δῶρα
692 1637 778 1688 ἐπ’
812 1636 1012 1700 ἀθώοις
1037 1641 1136 1694 οὐκ
1167 1640 1375 1696 ἔλαϐεν.

1942 1643 2028 1696 12.
2066 1642 2132 1696 Ει
2157 1635 2384 1696 munera
2420 1657 2580 1711 super
2614 1643 2931 1698 innocentes
2966 1660 3074 1699 non
3102 1645 3330 1714 accepit.

260 1727 347 1782 15.
392 1727 450 1780 '0
476 1727 642 1780 ποιῶν
669 1728 843 1782 ταῦτα
871 1732 929 1782 οὐ
951 1732 1341 1804 σαλευθήσεται
1370 1736 1550 1800 είςτδν
1573 1738 1762 1793 αἰῶνα.

1942 1734 2029 1788 1⁵5.
2059 1733 2162 1798 Qui
2206 1732 2336 1787 facit
2372 1734 2507 1800 hac,
2541 1749 2648 1787 non
2688 1736 2991 1790 movebitur
3023 1737 3076 1790 in
3122 1745 3405 1795 aeternum.

343 1821 778 1909 ’Στηλογραρία
830 1841 910 1906 τῷ
952 1844 1149 1898 Δαϐἱδ.
1205 1849 1436 1903 ΨΑΛΜ.
1470 1853 1583 1906 IE'.
1798 1821 1840 1847 υ

1800 1821 1840 1847 υ
1980 1848 2146 1902 Tituli
2177 1849 2449 1918 inscriptio
2479 1889 2493 1912 ,
2526 1849 2626 1916 ipsi
2665 1847 2858 1902 David.
2904 1848 3171 1904 PSALM.
3206 1851 3331 1908 XV.

262 1947 316 2001 1.
351 1947 586 2011 Φύλαξόν
620 1967 709 2018 με,
737 1951 942 2021 Κύριε·
975 1954 1058 2006 ὅτι
1095 1956 1186 2008 ἐπὶ
1217 1958 1299 2010 σοὶ
1327 1959 1550 2030 ἤλπισα.

1944 1961 1994 2014 1.
2031 1959 2306 2014 Conserva
2325 1974 2434 2021 me,
2467 1959 2729 2026 Domine;
2757 1959 3015 2028 quoniam
3049 1963 3258 2030 speravi
3291 1962 3342 2016 in
3365 1970 3435 2018 te.

262 2037 322 2090 2.
353 2034 496 2090 Εἷπα
520 2038 598 2108 τῷ
633 2041 859 2112 Κυρίῳ’
895 2044 1098 2114 Κύριός
1137 2066 1235 2117 μου
1266 2045 1316 2102 εἷ
1353 2053 1417 2105 σὺ
1439 2093 1453 2116 ,

1941 2051 1996 2106 2.
2034 2050 2155 2104 Dixi
2198 2049 2460 2104 Domino:
2504 2050 2645 2106 Deus
2671 2067 2825 2106 meus
2867 2067 2926 2106 es
2959 2061 3051 2116 tu,

263 2129 321 2183 5.
357 2131 477 2182 Ὅτι
507 2129 617 2182 τῶν
646 2127 866 2199 ἆγαθῶν
899 2153 1000 2205 μου
1027 2138 1087 2190 οὑ
1115 2141 1302 2211 χρείαν
1330 2143 1494 2213 ἔχεις.

1941 2145 1993 2198 5.
2031 2143 2300 2208 Quoniam
2331 2144 2600 2199 bonorum
2635 2160 2880 2200 meorum
2921 2160 3029 2199 non
3058 2161 3201 2217 eges.

264 2220 324 2274 4.
356 2221 480 2284 Τοῖς
505 2220 680 2289 ἁγίοις
703 2226 815 2286 τοῖς
846 2227 903 2278 ἐν
931 2230 994 2299 τῇ
1025 2232 1093 2300 γῇ
1128 2231 1315 2284 αὑτοῦ·
1349 2233 1772 2305 ἐθαυμάστωσεν

1945 2236 2001 2291 4.
2041 2234 2295 2300 Sanctis,
2345 2236 2440 2304 qui
2476 2246 2604 2290 sunt
2643 2236 2699 2290 in
2754 2245 2897 2292 terra
2930 2237 3080 2306 ejus,
3135 2238 3443 2294 mirificavit

189 2314 472 2387 ὁεΚύριος,

1873 2328 2139 2383 Dominus
2161 2368 2175 2390 ,

271 2406 332 2462 5.
365 2408 550 2462 Πάντα
568 2408 637 2462 τά
674 2409 949 2481 θελήματα
971 2412 1133 2466 αὐτοῦ
1155 2416 1211 2467 ἐν
1235 2415 1435 2479 αὐτοῖς.

1414 2436 1435 2470 ι.
1949 2421 2002 2476 5.
2033 2419 2234 2476 Omnes
2258 2423 2567 2479 voluntates
2592 2438 2721 2479 suas
2754 2423 2808 2477 in
2847 2425 2945 2479 eis.

1323 2662 1699 2719 ATHANASII
1737 2664 2317 2724 lNTERPRETATlO.

271 2879 333 2934 2.
379 2881 467 2935 Ἐν
496 2886 560 2953 τῇ
591 2883 701 2937 ἄνω
737 2884 1106 2955 Ἰερουσαλήμ.

1951 2891 2006 2946 2.
2037 2892 2096 2945 In
2128 2907 2362 2964 superna
2393 2892 2715 2950 Jerusalem.

273 2972 332 3027 5.
363 2973 736 3044 Πορευόμενος
763 2977 820 3028 ἐν
844 2975 1046 3043 πίστει..
1071 2977 1164 3030 καὶ
1190 2978 1554 3051 ἐργαζόμενος
1575 2979 1778 3036 δικαιοο

1716 2999 1778 3034 ιοο
1953 2983 2006 3038 5.
2037 2982 2348 3040 Procedens
2370 2986 2424 3040 in
2447 2985 2573 3056 ﬁde,
2605 2996 2660 3043 et
2690 3000 2922 3057 operans
2946 2987 3247 3060 justitiam:

199 3064 394 3136 σύνην.

273 3157 332 3212 ι.
381 3158 782 3231 Ἀνυποκρίτως
811 3157 1005 3224 οὕτως.

1809 3215 1846 3231 η
1957 3164 2009 3218 4.
2046 3163 2125 3219 Ita
2148 3164 2268 3221 sine
2300 3165 2664 3224 simulatione.

272 3245 330 3299 5.
379 3246 435 3299 Ὀ
464 3247 598 3318 πρὸς
619 3215 837 3312 ’πάντας
863 3215 1183 3320 ἀνθρώπους
1222 3251 1442 3324 ἀγάπην
1475 3254 1634 3325 ἔχων.

1805 3215 1848 3273 C
1956 3253 2010 3308 5.
2044 3253 2186 3326 Erga
2208 3272 2399 3313 omnes
2423 3257 2674 3323 homines
2703 3259 2910 3313 habens
2934 3258 3274 3327 cbaritatem,

273 3337 331 3390 6.
369 3337 482 3390 Οὐκ
510 3337 682 3408 ἐχάρη
717 3338 904 3400 κακῶς
939 3339 1255 3410 πασχόντων
1296 3341 1406 3395 τῶν
1445 3343 1654 3414 ἐχθρῶν
1685 3344 1782 3397 αὐ-

1953 3345 2006 3400 6.
2040 3339 2162 3405 Νὸη
2188 3350 2411 3420 gavisus
2441 3357 2526 3406 est
2546 3351 2706 3405 malis
2744 3366 2970 3406 suorum
3004 3352 3374 3418 inimicorum,

209 3449 297 3484 του
309 3471 322 3483 .

277 3523 328 3574 7.
364 3521 501 3574 Οὔτε
529 3522 805 3578 ὠνείδισεν
833 3527 1029 3590 αὐτοὺς
1057 3528 1140 3597 ἐφ’
1173 3522 1255 3592 οἷς
1282 3531 1547 3603 ἥμαρτον.

1958 3526 2014 3580 ’7.
2044 3523 2234 3596 Neque
2256 3527 2609 3596 opprobravit
2633 3529 2713 3583 eis
2747 3543 2870 3598 quae
2898 3537 3279 3601 peccaverunt.

273 3613 330 3666 8.
375 3613 790 3686 Ἀνθιστάμενος
822 3617 900 3688 τῷ
924 3619 1063 3690 Θεῷ,
1095 3619 1264 3688 λέγει.

1954 3613 2008 3669 8.
2047 3613 2159 3670 Deo
2186 3617 2472 3682 resistens,
2505 3618 2600 3673 ait.
2852 3667 2855 3672 .

278 3706 334 3759 9.
365 3706 523 3759 Αὺτῶ
557 3707 633 3777 τῷ
663 3709 945 3777 φοϐεῖσθαι
975 3713 1171 3776 αὐτοὺς
1203 3714 1386 3767 αὐτόν.

1955 3705 2008 3759 9.
2042 3704 2126 3761 Ob
2159 3706 2212 3760 id
2244 3706 2444 3775 ipsum,
2475 3707 2620 3777 quod
2644 3723 2767 3763 eum
2793 3708 3003 3764 timent.

280 3797 369 3851 10.
406 3799 495 3868 Μὴ
524 3798 870 3871 ψευδόμενος.

1956 3797 2042 3852 10.
2073 3795 2196 3850 Non
2224 3799 2515 3852 mentiens.

275 3888 364 3942 11.
394 3889 581 3956 Πνίγει
629 3891 738 3961 γὰρ
783 3893 875 3945 τὸν
925 3893 1136 3963 πτωχὸν
1164 3896 1192 3947 ὁ
1224 3895 1412 3956 τόκος·
1457 3897 1780 3968 πνιγομένου

1958 3888 2046 3943 Η.
2086 3887 2329 3942 Suﬂ'ocat
2371 3889 2516 3942 enim
2569 3905 2861 3959 pauperem
2918 3889 3136 3957 fmnus;
3197 3893 3455 3948 sutTocato

200 3979 262 4030 δὲ
287 3977 380 4030 τοῦ
413 3980 653 4050 πτωχοῦ,
690 3983 790 4053 ὁρᾷ
824 3983 1022 4046 πάντες
1051 3984 1083 4054 ὴ
1112 3985 1354 4054 ἁμαρτία
1383 3985 1472 4038 τὸν
1493 3987 1583 4038 ἐπὶ
1610 3987 1731 4040 τόκο

1928 3985 2073 4032 utem
2112 3993 2351 4048 paupere
2401 3993 2593 4034 omnes
2639 3981 2821 4034 vident
2854 3991 3138 4051 peccatum
3182 3982 3455 4038 fmneran-

208 4068 536 4122 δανείσαντα
567 4070 768 4142 [ὁρῶσι
803 4073 1003 4136 πάντες
1026 4074 1124 4146 τὴν
1156 4076 1428 4147 ἁμαρτίαν
1452 4076 1544 4130 τοῦ
1577 4078 1667 4130 ἐπὶ
1696 4094 1739 4129 τι

1938 4086 1998 4125 s:
2035 4071 2142 4125 alio
2171 4071 2335 4124 modo
2366 4070 2656 4126 manifesta
2697 4072 2863 4126 etiam
2920 4074 3144 4128 avaritia
3191 4084 3296 4138 est,
3333 4091 3469 4131 cum

200 4175 320 4212 κων
351 4159 729 4233 δανείσαντος]
753 4179 766 4192 ·
815 4163 988 4227 ἄλλως
1024 4182 1082 4217 τε
1130 4166 1225 4219 καὶ
1259 4167 1541 4234 πλεονεξία
1581 4169 1727 4240 σαφὴ

1694 4169 1779 4240 ὴς,
1887 4163 2033 4232 quis,
2067 4178 2189 4232 quae
2214 4163 2384 4229 dedit,
2420 4162 2535 4218 sola
2561 4162 2807 4232 accipere
2835 4178 2942 4217 non
2971 4163 3225 4219 sustinet.

199 4250 337 4303 ὅταν
356 4251 421 4304 ἄν
447 4268 548 4314 τις.
582 4251 617 4304 ἃ
638 4251 856 4315 δέδωκε,
890 4255 1026 4324 μόνα
1059 4255 1242 4309 λαϐεῖν
1274 4256 1372 4310 οὐκ
1405 4258 1676 4328 ἀνέχεται.

281 4343 372 4396 12.
406 4344 544 4415 Περὶ
586 4345 682 4397 τοῦ
717 4346 994 4409 παντελῶς
1031 4349 1194 4418 μηδὲν
1231 4347 1528 4420 λαμϐάνειν
1563 4349 1653 4403 τὸν
1692 4349 1784 4403 δα-

1957 4347 2043 4402 i2.
2079 4347 2236 4414 Quod
2264 4347 2642 4402 nihilomnino
2680 4347 2925 4417 accipere
2961 4355 3197 4416 oportet,
3227 4345 3319 4415 qui
3340 4360 3456 4398 mu-

202 4434 458 4496 νείζοντα
509 4435 846 4506 χαρίσματος
878 4437 1064 4491 ἕνεκεν
1103 4438 1136 4509 ἢ
1166 4440 1326 4492 τόκου
1386 4440 1538 4512 παρὰ
1572 4441 1664 4493 τοῦ
1699 4441 1733 4494 δι

1926 4454 1980 4495 ιο
2031 4441 2143 4508 dat,
2194 4441 2275 4496 vel
2322 4441 2528 4511 gratiae,
2561 4441 2645 4496 vel
2683 4438 2912 4498 faenoris
2954 4454 3119 4498 causa
3150 4438 3218 4491 ab
3243 4452 3332 4503 eo,
3365 4435 3457 4506 qui

205 4542 262 4578 νε
271 4524 541 4595 ιζομένου.

1813 4583 1857 4595 ,_
1888 4537 2188 4584 mutuatur.

290 4778 358 4829 Ἢ
388 4778 725 4848 προκειμένη
752 4779 1032 4850 ἐπιγραφὴ
1060 4779 1326 4850 περιέχει·
1366 4777 1787 4847 Στηλογραεςία
1823 4773 1902 4841 τῷ
1948 4775 2125 4829 Δαϐἰδ
2150 4794 2163 4808 ’
2207 4777 2364 4829 τοῦτο
2391 4774 2483 4829 οὖν
2517 4775 2686 4846 λέγει,
2715 4775 2815 4839 τὰς
2842 4775 2951 4829 τῶν
2987 4775 3156 4843 ἁγίων
3192 4773 3459 4834 πολιτείας

204 4871 414 4944 στήλας
435 4872 744 4944 διαγράφει.
782 4873 1012 4944 Εἴρηται
1045 4871 1137 4928 οὖν
1167 4876 1193 4926 ὁ
1224 4874 1438 4944 ψαλμὸς
1463 4873 1614 4944 παρά
1637 4870 1729 4924 τοῦ
1763 4871 1928 4925 Δαϐὶδ
1956 4871 2035 4933 είς
2054 4869 2153 4933 τὰς
2175 4869 2281 4924 τῶν
2305 4870 2476 4938 ἁγίων
2504 4871 2724 4940 ἀρετάς.

281 4963 523 5030 Titulus,
560 4965 652 5033 qui
688 4965 900 5034 psalmo
934 4965 1286 5034 prmponitur,
1316 4964 1596 5019 continet:
1638 4962 1806 5016 Tituli
1840 4961 2115 5028 inscriptio
2145 4960 2249 5030 ipsi
2296 4960 2503 5023 David;
2558 4961 2662 5014 hoc
2698 4969 2879 5014 autem
2909 4959 3198 5031 signiﬁcat,
3233 4956 3460 5012 Sancto-

204 5069 336 5111 rum
369 5054 496 5108 vitae
529 5054 863 5117 institutum,
904 5063 958 5108 et
985 5054 1458 5109 conversationem
1490 5055 1648 5123 quasi
1688 5053 1742 5106 in
1774 5053 1933 5123 cippo
1959 5052 2240 5107 describit.
2279 5051 2480 5114 Dictus
2507 5061 2592 5105 est
2637 5051 2802 5121 igitur
2836 5053 3082 5122 psalmus
3102 5050 3366 5118 a,Davide
3395 5049 3468 5104 dc-

203 5147 509 5204 virtutibus
537 5154 866 5202 sanctorum.

288 5346 342 5398 ι.
378 5345 502 5396 Ὅτι
534 5360 592 5395 σε
627 5343 828 5414 ἐθέμην
856 5341 1066 5414 βοηθὸν,
1103 5339 1334 5410 φύλαξόν
1364 5357 1450 5412 με.

1967 5343 2016 5395 1.
2052 5341 2324 5407 Quoniam
2355 5349 2406 5395 te
2434 5343 2595 5410 posui
2618 5340 2945 5411 adjutorem,
2974 5343 3186 5399 custodi
3213 5359 3320 5401 me.

280 5434 339 5488 2.
383 5433 628 5502 Ἐπέγνω
661 5435 680 5506 [
711 5435 981 5501 Ἐπέγνων
1007 5432 1018 5503 ἶ
1049 5430 1356 5504 τὴνέαυτοῢ
1386 5432 1716 5487 δεσποτείαν.

1447 5432 1716 5487 σποτείαν.
1965 5434 2020 5488 2.
2057 5433 2267 5502 Agnovi
2301 5432 2476 5502 ipsius
2509 5433 2973 5500 dominationem;

280 5528 339 5582 5.
369 5527 490 5578 Τῶν
514 5526 810 5596 χρημάτων
838 5543 938 5596 μου
969 5526 1030 5577 οὐ
1070 5526 1258 5595 χρείαν
1299 5525 1458 5595 ἔχεις.

1299 5525 1458 5595 ἔχεις.
1966 5524 2022 5576 5.
2052 5521 2265 5576 Divitiis
2292 5522 2428 5577 meis
2452 5538 2558 5577 non
2586 5523 2815 5590 indiges.

286 5617 343 5670 4.
371 5615 508 5677 Τοὺς
533 5616 720 5682 ἁγίους
749 5614 1019 5681 ἐδόξασεν.

1966 5613 2020 5669 4.
2063 5613 2294 5668 Sanctos
2327 5612 2651 5682 gloriﬁcavit
2673 5631 2686 5678 ;

287 5707 343 5761 5.
388 5707 475 5759 Ἐν
505 5709 616 5770 τοῖς
643 5707 816 5774 ἁγίοις
846 5706 1008 5760 αὐτοῦ
1037 5706 1103 5760 τὰ
1137 5706 1347 5777 αἱρετά.

1970 5706 2019 5759 5.
2065 5705 2125 5760 ln
2163 5705 2365 5760 sanctis
2395 5705 2534 5774 ejus,
2583 5721 2703 5774 quae
2751 5703 3002 5773 Optabilia
3036 5712 3178 5759 sunt.
