3878 6218
435 335 530 392 695
745 411 750 416 _
1253 335 1309 390 S.
1353 331 1722 391 ATHANASII
1761 335 1914 390 OPP.
1957 333 2134 388 PARS
2173 333 2261 388 111.
2303 365 2370 372 —
2409 329 2824 386 EXEGETICA.
3569 327 3676 384 696

501 455 556 510 6.
589 453 955 524 Multiplicata:
983 465 1110 510 sunt
1151 455 1492 508 inﬁrmitates
1523 469 1734 508 eorum.
2023 496 2032 514 ε

2023 463 2067 514 Α
2169 453 2218 504 6.
2269 449 2704 519 Ἐπ>.ηούνοησαν
2731 449 2786 500 αἱ
2825 446 3096 498 ἀσθένειαι
3121 445 3315 498 αὐτῶν.

505 545 554 598 7.
595 544 790 600 Postea
831 549 1288 602 acceleraverunt.

2191 561 2232 596 ι.
2269 543 2422 595 Μετὰ
2445 541 2614 594 ταῦτα
2642 539 2923 610 ἐτάχυναν.

502 637 556 690 8.
589 635 1084 706 Non'congregabo
1123 639 1504 694 conventicula
1546 655 1734 694 eorum
1763 641 1829 691 de
1865 653 1993 690 san-

2177 637 2230 691 8.
2273 637 2346 687 Ού
2377 635 2450 706 μὴ
2477 633 2766 700 συναγάγω
2791 632 2888 694 τὰς
2919 629 3238 699 συναγωγὰς
3263 629 3440 684 αὐτῶν
3485 628 3544 696 ἐξ
3589 629 3675 682 αξ-

431 721 686 792 guinibus
709 765 724 790 ,

2105 730 2286 798 μάτων
2309 769 2319 788 ,

501 816 555 870 9.
589 813 695 870 Nec
713 831 920 869 memor
941 831 1036 870 ero
1057 819 1338 871 nominum
1365 834 1554 872 eorum
1577 835 1674 875 per
1702 818 1836 872 labia
1851 832 1990 872 mea.

2177 820 2227 873 9.
2265 818 2384 872 Οὐδ’
2433 818 2494 870 οὐ
2537 817 2610 888 μὴ
2649 816 2870 886 μνησθῶ
2902 815 3010 868 τῶν
3051 815 3330 884 ὀνομάτων
3371 815 3543 869 αὐτῶν
3577 815 3673 870 διὰ

2097 911 2314 980 χειλέων
2343 927 2461 980 μου.

504 983 590 1040 10.
627 985 888 1041 Dominus
911 1003 1035 1056 pars
1055 988 1385 1042 hmreditatis
1405 1004 1558 1054 mea),
1581 999 1632 1044 et
1657 991 1842 1045 calicis
1865 994 1984 1050 mei.

2173 1003 2260 1055 10.
2303 1003 2508 1072 Κύριος
2541 1004 2572 1071 ἡ
2605 1001 2758 1073 μερὶς
2795 1002 2896 1070 τῆς
2925 1001 3282 1071 κληρονομιας
3323 1019 3424 1072 μου
3450 1001 3544 1054 καὶ
3571 997 3673 1052 τοῦ

2097 1095 2354 1165 ποτηρίου
2395 1111 2516 1162 μου.

501 1153 589 1206 11.
625 1152 704 1208 Tu
737 1159 926 1226 es,qui
957 1161 1212 1214 restitues
1239 1161 1604 1218 hmreditatetn
1635 1181 1809 1218 meam
1835 1169 1970 1220 mihi

2171 1183 2260 1238 11.
2295 1183 2364 1234 Σὺ
2417 1177 2468 1233 εἶ
2513 1183 2542 1232 ὁ
2581 1179 2958 1234 ἁποκαθιστῶν
3013 1182 3111 1250 τὴν
3157 1182 3516 1253 κληρονομίαν
3559 1199 3673 1250 μου

2093 1271 2235 1341 ἐμοί.

495 1329 582 1382 12.
617 1330 794 1386 Funes
817 1335 1133 1390 ceciderunt
1159 1338 1288 1390 mihi
1323 1339 1380 1394 in
1418 1343 1720 1406 przeclaris:

2181 1361 2262 1414 12.
2297 1361 2510 1430 Σχοινία
2539 1361 2812 1414 ἐπέπεσαν
2847 1381 2936 1432 μοι
2965 1367 3022 1416 ἐν
3051 1367 3162 1427 τοῖς
3187 1364 3523 1434 κρατίστοις·

497 1419 586 1474 15.
619 1421 832 1480 Etenim
860 1425 1147 1482 haareditas
1170 1445 1287 1483 mea
1321 1433 1580 1500 praeclara
1607 1443 1690 1488 est
1731 1436 1884 1490 mihi.

2167 1454 2254 1506 15.
2295 1419 2404 1506 κ’ἐιι
2451 1455 2560 1524 γὰρ
2593 1457 2625 1524 ἠ
2663 1419 2992 1526 κληρονομία
3036 1419 3434 1528 μου-κρατίστη
3471 1419 3562 1528 μοι
3611 1459 3671 1509 ἐ-

2093 1545 2226 1598 στίν.

499 1595 586 1650 14.
618 1595 940 1656 Benedicam
995 1601 1307 1670 Dominum,
1357 1608 1448 1678 qui
1497 1610 1684 1664 tribuit
1729 1613 1860 1666 mihi
1907 1613 1979 1666 in-
2055 1651 2058 1654 λ

501 1687 700 1740 lectum
729 1733 744 1740 -

427 1690 700 1742 telleetum
729 1733 744 1756 ,

471 1779 584 1836 15.
622 1781 849 1852 Insuper
873 1795 926 1838 et
960 1801 1132 1843 usaue
1158 1805 1222 1844 ao
1245 1801 1454 1844 noctem
1486 1793 1876 1862 increpuerunt
1907 1811 1992 1850 me

2171 1793 2256 1846 15.
2299 1795 2418 1848 Ἔτι
2446 1794 2502 1846 δὲ
2537 1795 2630 1848 καὶ
2655 1796 2756 1858 ἓως
2793 1797 2981 1859 νυκτὸς
3024 1799 3346 1853 ἐπαίδευσαν
3387 1818 3452 1872 με
3499 1802 3674 1856 01v:-

2295 1637 2592 1708 Εύλογήσω
2620 1640 2712 1692 τὸν
2745 1639 2949 1710 Κύριον
2977 1641 3066 1694 τὸν
3093 1645 3442 1698 συνετίσαντὰ
3469 1663 3558 1711 v.5,

425 1882 582 1924 renes
613 1873 736 1926 mei.

2095 1885 2218 1954 φροί
2243 1903 2361 1954 μου.

483 1965 588 2028 16.
625 1961 983 2022 Providebam
1055 1970 1340 2024 Dominum
1397 1975 1450 2026 in
1510 1985 1803 2046 conspectu
1867 1993 1989 2032 meo

2167 1977 2259 2030 16.
2295 1977 2678 2050 Προεωρώμην
2727 1981 2816 2032 τὸν
2873 1981 3076 2050 Κύριον
3133 1983 3359 2035 ἐνώπιόν
3413 2001 3513 2054 μου
3577 1983 3669 2036 διὰ

426 2067 661 2124 semper.

2097 2067 2294 2130 παντὸς
2319 2109 2332 2132 ,
3209 2115 3213 2122 .

500 2146 588 2200 17.
620 2147 885 2214 Quoniam
929 2168 958 2206 a
984 2156 1190 2209 acxtris
1212 2165 1288 2210 est
1317 2157 1446 2210 mihi
1479 2173 1545 2212 ne
1579 2175 1948 2216 commovear.

2163 2159 2245 2211 17.
2279 2161 2400 2212 ’Ὁτι
2432 2161 2496 2214 ὲκ
2529 2161 2717 2227 δεξιῶν
2753 2163 2851 2231 μού
2899 2165 3066 2228 ἐστιν,
3100 2165 3185 2216 ἵνα
3223 2165 3296 2236 μὴ
3325 2165 3583 2220 σαλευθῶ.

495 2239 584 2293 18.
617 2239 846 2311 Propter
871 2243 976 2300 hoc
997 2247 1240 2301 laetatum
1278 2257 1360 2302 est
1393 2265 1488 2303 cor
1513 2267 1689 2305 meum
1713 2292 1728 2317 ,

2169 2250 2254 2305 18.
2297 2253 2392 2304 Διά
2423 2251 2580 2304 τοῦτο
2613 2253 2888 2324 εὐφράνθη
2917 2256 2951 2324 ἡ
2979 2257 3174 2325 καρδία
3209 2271 3341 2326 μου,

495 2330 583 2388 19.
615 2331 680 2387 Et
703 2336 995 2392 exsultavit
1023 2338 1208 2408 lingua
1239 2355 1356 2393 mea
1381 2383 1395 2406 ,

2165 2343 2249 2398 19.
2283 2344 2392 2396 Καὶ
2427 2343 2794 2412 ἠγαλλιάσατο
2824 2347 2856 2414 ἡ
2890 2346 3110 2414 γλῶσσά
3139 2365 3236 2418 μου
3257 2389 3270 2414 ,

489 2423 578 2478 ‘20.
610 2424 838 2496 insuper
858 2437 912 2482 et
941 2443 1070 2485 caro
1107 2445 1226 2485 mea
1265 2433 1572 2502 requiescet
1603 2435 1656 2487 in
1686 2449 1780 2504 spe

2161 2434 2250 2486 “.20.
2293 2437 2411 2487 Ἔτι
2435 2436 2488 2488 δὲ
2519 2436 2612 2488 καὶ
2642 2439 2674 2506 ἡ
2709 2437 2844 2508 σάρξ,
2877 2455 2978 2505 μου
3006 2439 3412 2510 κατασκηνώσει
3441 2441 3526 2494 ἐπ’
3575 2439 3665 2494 ἐλ-

2097 2527 2198 2579 πίδ-

489 2602 579 2656 21.
613 2605 882 2671 Quoniam
911 2625 1020 2664 non
1053 2611 1395 2680 derelinques
1441 2613 1678 2666 animam
1712 2629 1888 2666 meam
1927 2614 1980 2666 in

2161 2619 2250 2674 2|.
2285 2621 2408 2672 ’Ότι
2459 2623 2558 2673 οὐκ
2603 2623 3015 2692 ἐγκαταλείψεις
3063 2623 3161 2694 τὴν
3203 2624 3378 2694 ψυχήν
3427 2641 3530 2694 μου
3580 2625 3663 2689 εἷς

419 2693 630 2746 Inferna

2089 2711 2212 2782 ᾇδου
2223 2752 2234 2773 ,

485 2785 574 2840 22.
607 2787 716 2843 Nec
749 2790 904 2846 dabis
958 2801 1205 2846 sanctum
1242 2787 1392 2846 tudm
1437 2795 1620 2847 ridere
1673 2795 1978 2861 corruptio—

2161 2803 2250 2856 22.
2287 2805 2422 2856 Οὐδὲ
2444 2805 2632 2868 δώσεις
2667 2807 2756 2860 τὸν
2785 2808 2930 2860 ὅσιόν
2959 2824 3052 2858 σου
3087 2807 3213 2860 ἰδεῖν
3237 2806 3553 2878 διαφθοράν.

419 2893 536 2931 nem
547 2920 560 2933 .

484 2972 571 3027 23.
603 2972 772 3030 Notas
801 2979 934 3030 mihi
969 2977 1142 3032 fecisti
1179 2980 1294 3032 vias
1321 2977 1462 3046 vita,

2164 2985 2252 3037 25.
2293 2985 2624 3054 Ἐγνώρ·.σάς
2649 3003 2736 3056 μοι
2766 2987 2916 3049 ὁδοὺς
2949 2986 3114 3058 ζωῆς.

1534 3179 1911 3236 ATHANASII
1945 3181 2532 3236 iNTERPRETATlO.

481 3362 533 3416 6.
573 3361 820 3431 Ipsorum
859 3365 1187 3418 tentationes
1219 3365 1591 3435 multiplicatae
1617 3375 1746 3420 sunt
2003 3376 2012 3421 t

2003 3371 2044 3426 C
2151 3363 2203 3416 6.
2241 3364 2304 3414 Οἱ
2333 3363 2628 3431 πειρασμοὶ
2660 3363 2838 3416 αὐτῶν
2871 3361 3298 3433 ἐπληθύνθησαν.

483 3453 534 3509 7.
567 3453 760 3510 Postea
791 3459 1180 3514 transiverunt.

2154 3453 2206 3508 7.
2241 3452 2394 3506 Μετὰ
2417 3451 2590 3504 ταῦτα
2618 3453 2909 3523 παρῆλθον.

482 3544 536 3600 8.
575 3545 650 3600 De
675 3547 1034 3616 daamonibus,
1055 3551 1149 3605 ait.

2153 3545 2206 3597 8.
2245 3544 2364 3596 Τῶν
2389 3543 2681 3609 δαιμόνων,
2711 3543 2877 3611 λέγει.

481 3637 535 3690 9.
568 3637 1021 3695 Adversariarum
1059 3652 1408 3712 potestatum,
1437 3643 1631 3712 inquit.

2151 3639 2202 3691 9.
2235 3638 2354 3690 Τῶν
2389 3642 2644 3692 ἐναντίων
2669 3639 2971 3710 δυνάμεων,
3011 3643 3175 3708 λέγει.

481 3728 570 3781 10.
601 3727 862 3786 Dominus
889 3748 1019 3802 pars
1061 3741 1114 3787 et
1147 3743 1366 3790 aeterna:
1395 3751 1529 3789 meae
1581 3735 1974 3798 retributionis,

2153 3733 2238 3786 10.
2277 3731 2478 3802 Κύριος
2515 3733 2670 3802 μερὶς
2715 3733 2808 3784 καὶ
2847 3733 2946 3802 τῆς
2983 3735 3206 3797 αἰωνίας
3255 3751 3354 3806 μου
3389 3735 3659 3806 μισθαπο-

409 3825 463 3870 et
483 3819 740 3888 requietis
763 3835 916 3875 meae.

2077 3826 2258 3887 δοσίας
2292 3826 2386 3876 καὶ
2421 3825 2520 3894 τῆς
2555 3825 2914 3887 ἀναπαύσεώς
2945 3843 3062 3894 μου.

481 3909 565 3965 11.
599 3908 824 3966 ΑΞΞιοι-ιιιι
857 3924 948 3968 tua
977 3915 1278 3984 refrigeria.

2147 3914 2235 3966 11.
2267 3913 2376 3974 Τὰς
2400 3914 2652 3976 αἰωνίους
2681 3931 2772 3966 σου
2803 3915 3155 3978 ἀναπαύσεις.

479 4001 564 4054 12.
598 4001 971 4074 Cogitationes
1017 4007 1173 4062 bona:
1205 4009 1338 4062 mihi
1371 4017 1634 4063 venerunt
1663 4025 1692 4062 a
1717 4007 1970 4072 Domino,

2149 4003 2235 4056 12.
2269 4004 2534 4072 Λογισμοὶ
2561 4003 2755 4071 ἁγαθοὶ
2789 4001 2951 4074 ἦλθόν
2982 4023 3072 4075 μοι
3099 4005 3224 4075 περὶ
3275 4005 3284 4071 Ι
3321 4005 3508 4079 παρὰ]
3553 4006 3651 4060 τοῦ

406 4093 602 4162 inquit.
1581 4119 1589 4162 ς

1581 4119 1589 4162 ς
2075 4095 2303 4164 Κυρίου,
2333 4093 2498 4160 λέγει.

478 4184 564 4238 15.
597 4184 898 4242 Promissio
928 4190 1076 4256 regni
1105 4191 1371 4245 caelorum
1406 4201 1608 4246 aeterna
1641 4199 1744 4246 est.

2147 4184 2232 4237 15.
2283 4185 2346 4238 Ἠ
2397 4185 2699 4254 ἐπαγγελία
2749 4187 2848 4257 τῆς
2903 4185 3177 4256 βασιλείας
3229 4185 3339 4240 τῶν
3402 4187 3651 4260 οὐρανῶν

2076 4277 2427 4348 ἀτελεύτητὸς
2455 4281 2621 4330 ἐστιν.

473 4366 562 4421 14.
595 4367 932 4438 Cognoscam
965 4370 1142 4440 ipsum
1170 4391 1182 4424 :

2147 4369 2234 4421 ‘M.
2278 4369 2680 4440 Ἑπιγνώσομαι
2715 4370 2874 4421 αὐτόν
2897 4386 2907 4398 ·

473 4457 561 4512 15.
594 4457 777 4515 Donec
827 4463 1008 4531 quievi
1055 4479 1084 4518 a
1135 4465 1428 4520 mundanis
1481 4467 1679 4534 rebus;
1734 4478 1788 4522 et
1841 4475 1970 4521 tunc

2145 4460 2233 4514 15.
2271 4461 2422 4524 Ἕως
2454 4462 2496 4514 δ’
2523 4461 2586 4514 ἂν
2605 4461 2856 4530 ἡσύχασα
2881 4463 2944 4514 ἐκ
2977 4463 3083 4515 τῶν
3113 4463 3206 4516 τοῦ
3255 4465 3461 4535 κόσμου
3507 4483 3651 4538 πρα-

400 4565 562 4604 omne
591 4553 922 4608 desiderium
948 4569 1128 4609 meum
1163 4558 1216 4610 in
1248 4557 1366 4626 ipso
1391 4557 1512 4612 fuit.

2120 4554 2301 4623 μάτων
2327 4569 2342 4584 ο
2379 4555 2470 4606 καὶ
2504 4555 2624 4606 τότε
2690 4557 2722 4624 ἡ
2765 4554 3032 4624 ἐπιθυμία
3084 4573 3184 4626 μου
3227 4559 3380 4610 πᾶσα
3423 4557 3651 4627 γέγονεν

2071 4659 2128 4696 εν
2154 4662 2320 4696 αυτω.

473 4733 559 4789 16.
595 4735 714 4790 Pra:
771 4737 944 4792 oculis
993 4753 1204 4808 semper
1235 4739 1400 4808 babui
1445 4739 1736 4796 Dominum
1785 4723 2004 4810 opitu-j

2149 4736 2235 4788 16.
2273 4735 2385 4806 Πρὸ
2415 4735 2706 4804 ὀφθαλμῶν
2749 4753 2849 4805 μου
2887 4731 3030 4806 εἶχον
3059 4738 3288 4792 πάντοτε
3322 4739 3412 4791 τὸν
3441 4739 3649 4810 Κύριον

398 4825 600 4880 lantem
643 4827 798 4881 mihi.

2075 4813 2606 4896 ἀνῖιλαμϐανὸμενόν
2643 4845 2765 4896 μου,

469 4919 558 4972 17.
598 4917 661 4972 Et
694 4919 1050 4974 deducentem
1097 4937 1182 4978 me
1231 4923 1285 4978 in
1325 4923 1440 4979 vias
1471 4923 1747 4990 dexteras,
1793 4943 1861 4980 ne
1903 4927 1971 4980 ab

2151 4917 2238 4969 17.
2269 4917 2377 4968 Καὶ
2408 4917 2703 4985 ὁδηγοῦντα
2725 4918 2802 4974 είς
2823 4917 2920 4980 τὰς
2939 4918 3092 4982 ὀδοὺς
3113 4918 3211 4982 τὰς
3232 4919 3431 4984 δεξιὰς,
3460 4922 3548 4974 ἱνα
3572 4922 3651 4994 μὴ

396 5009 474 5064 eis
499 5008 789 5062 declinem.

2075 5008 2304 5061 ὲκκλίνω
2327 5009 2418 5059 ἀπ’
2440 5007 2635 5060 αὐτῶν.

471 5101 554 5155 18.
591 5099 887 5171 Propterea
920 5104 1191 5174 spirituali
1235 5105 1434 5176 gaudio
1465 5107 1705 5177 repletus
1733 5123 1852 5162 sum
1881 5125 1893 5160 :

2151 5100 2240 5154 18.
2270 5099 2366 5152 Διὰ
2400 5099 2558 5152 τοῦτο
2586 5100 2756 5167 χαοᾶς
2780 5101 3155 5171 πνευματικῆς
3183 5102 3328 5173 ἢμην
3363 5103 3653 5174 πεπληρω-

2078 5193 2256 5264 μένος.

462 5279 551 5334 19.
591 5277 832 5333 Laudari
865 5280 1042 5349 ipsum
1075 5296 1169 5336 ore
1201 5297 1318 5338 meo
1345 5301 1358 5336 :

2149 5287 2238 5340 19.
2291 5285 2546 5349 Ἐδὸξασα
2577 5286 2738 5338 αὑτὸν
2761 5288 2815 5338 ὲν
2845 5303 2924 5356 τῳ
2957 5288 3186 5358 στόματί
3219 5306 3340 5358 μου.

461 5371 552 5426 20.
585 5371 927 5442 Exspectabo
957 5377 1416 5431 resurrectionem
1456 5388 1819 5436 mortuorum.

1618 5395 1819 5436 Jorum.
2140 5379 2232 5432 ‘20.
2267 5378 2560 5450 Προσδοκῶ
2591 5379 2883 5434 ἀνάστασιν
2909 5379 3149 5450 νεκρῶνῇ

461 5465 552 5520 21.
585 5465 702 5521 Non
727 5467 1005 5537 relinques
1039 5468 1186 5522 illam
1241 5469 1296 5523 in
1337 5473 1694 5542 receptaculis
1721 5473 1916 5530 mortis
1941 5513 1957 5538 ,

2144 5469 2234 5522 21.
2261 5469 2372 5522 Οὐκ
2407 5467 2471 5522 ἂν
2507 5469 2673 5540 ἐάσῃς
2704 5469 2872 5539 αὐτὴν
2905 5475 2984 5532 εἰς
3019 5469 3089 5521 τὰ
3121 5475 3320 5540 ταμεῖα
3343 5471 3438 5526 τοῦ
3472 5473 3635 5528 Θανά-

391 5557 484 5612 sed
516 5557 758 5612 liberans
780 5573 900 5612 eam
937 5560 1152 5614 educes.

2068 5579 2188 5626 του,
2227 5561 2360 5615 ἀλλὰ
2389 5563 2804 5633 λυτρωσάμενος
2827 5565 3121 5630 ἁναγὰγεις
3145 5567 3333 5638 αὐτήν.

460 5649 551 5704 22.
591 5648 668 5704 De
695 5649 924 5704 Domino
953 5652 1210 5721 loquitur.

2137 5655 2227 5708 9-2.
2263 5655 2394 5726 Περὶ
2421 5653 2516 5706 τοῦ
2553 5655 2758 5725 Κυρίου
2792 5654 2955 5722 λέγει.

469 5741 558 5795 3'5.
597 5741 870 5811 Praecepta
895 5753 985 5798 tua
1015 5760 1099 5800 me
1125 5747 1377 5802 docuisti.

2138 5747 2228 5804 25,
2259 5749 2368 5809 Τὰς
2399 5747 2616 5811 ἐντολάς
2649 5765 2740 5801 σου
2773 5749 3014 5816 ἐδίδαξας
3048 5767 3137 5819 με.
