3878 6218
173 343 288 400 697
1121 342 1210 399 DE
1246 343 1522 400 TITULIS
1561 343 2011 402 PSALMORUM.
2053 377 2116 385 —
2163 343 2356 398 PSAL.
2396 341 2536 398 XVI.
3350 339 3458 398 693

248 461 350 515 24.
385 459 704 533 Πληρὼσεις
731 480 799 534 με
828 462 1170 535 ευφροσύνης
1195 463 1333 534 μετὰ
1357 465 1450 517 τοῦ
1479 464 1768 536 προσώπου

1728 483 1768 517 δυ
1799 476 1846 528 Α
1955 464 2042 517 24.
2080 461 2419 533 Adimplebis
2457 477 2543 517 me
2572 461 2758 516 laetitia
2781 476 2904 515 cum
2947 459 3096 513 vultu
3128 467 3259 512 tuo:

171 567 280 609 σου
309 568 330 586 ⁸

247 644 350 699 25.
383 645 758 716 Τερπνότητες
792 650 850 700 ἑν
885 651 948 719 τῇ
984 648 1136 720 δεξιᾷ
1161 667 1252 702 σου
1287 652 1365 713 εἰς
1391 650 1562 711 τέλος.
1664 631 1666 633 ί

1957 644 2048 698 25.
2085 641 2485 698 Delectationes
2513 641 2566 694 in
2599 641 2822 694 dextera
2861 647 2951 693 tua
2987 654 3160 708 usque
3191 637 3242 691 in
3270 638 3451 692 linem.

433 804 752 872 Προσευχὴ
786 803 864 869 τῷ
896 805 1092 858 Δαϐίδ.
1133 809 1362 860 ΨΑΛΜ.
1392 809 1482 872 1c:
1484 812 1516 859 '.

2196 799 2383 854 Oratio
2417 797 2609 850 David.
2666 793 2930 848 PSALM.
2981 792 3139 847 XVI.

251 934 309 987 1.
341 935 694 998 Είσὰκουσον,
725 937 919 1009 Κύριε,
953 938 1297 1001 δικαιοσύνης
1331 955 1430 998 μου
1453 955 1466 968 ο

1953 939 2003 991 1.
2043 935 2272 998 Exaudi,
2303 932 2554 995 Domine,
2581 933 2846 1001 justitiam
2883 947 3056 985 meam
3093 949 3105 983 :

248 1026 307 1080 2.
342 1027 586 1097 Πρὸσχες
616 1032 681 1100 τῇ
709 1030 887 1100 δεήσει
925 1048 1025 1100 μου
1047 1047 1065 1061 ’

1948 1029 2002 1081 2.
2048 1026 2270 1079 Intende
2301 1024 2733 1092 deprecationem
2771 1038 2944 1075 meam
2979 1038 2992 1072 :

248 1119 305 1172 5.
352 1118 635 1173 Ἐνὼτισαι
661 1122 760 1192 τὴν
794 1124 1102 1193 προσευχήν
1131 1141 1230 1194 μου
1261 1125 1361 1176 οὐκ
1381 1125 1436 1176 ἑν
1465 1124 1666 1194 χείλεσι
1687 1123 1771 1176 δο-

1952 1121 2005 1173 5.
2039 1119 2280 1172 Auribus
2308 1117 2522 1186 percipe
2551 1117 2850 1170 orationem
2876 1129 3050 1166 meam
3083 1127 3188 1166 non
3219 1112 3271 1166 in
3297 1110 3453 1166 labiis

176 1206 341 1272 λίοις.

1879 1213 2103 1266 dolosis.

251 1300 308 1354 4.
355 1303 451 1355 Ἐκ
483 1302 774 1373 προσώπου
808 1321 900 1357 σου
934 1306 995 1358 τὸ
1025 1306 1199 1376 κρῖμα
1231 1323 1329 1376 μου
1362 1305 1595 1371 ἐξέλθοι·

1952 1307 2004 1358 4.
2036 1303 2111 1356 De
2145 1304 2292 1356 vultu
2329 1310 2424 1355 tuo
2451 1301 2716 1371 judicium
2743 1315 2919 1352 meum
2954 1298 3177 1368 prodeat
3204 1317 3215 1351 :

250 1391 306 1445 5.
352 1393 415 1444 Οἱ
448 1393 716 1463 ὀφθαλμοί
747 1411 846 1458 μου
879 1394 1134 1447 ἰδέτωσαν
1173 1396 1474 1464 εὐθύτητας
1519 1394 1769 1465 [ὀρθότη-

1368 1413 1474 1463 ,τας
1519 1394 1769 1465 [ὀρθότη-
1959 1397 2009 1451 5.
2037 1395 2191 1450 Oculi
2223 1397 2328 1449 mei
2357 1395 2572 1450 videant
2598 1394 2899 1462 aequitates.

176 1499 280 1545 τας
321 1483 442 1538 cod.
480 1483 691 1554 Burb.].

251 1573 308 1630 6.
330 1575 688 1646 Ἐδοκίμασας
713 1577 810 1648 τὴν
835 1577 1060 1648 καρδίαν
1084 1595 1208 1647 μου,
1236 1576 1522 1645 ἐπεσκέψω
1544 1575 1736 1638 νυκτός
1755 1591 1768 1604 ⁸

1694 1575 1768 1638 ὅς’
1955 1577 2007 1630 6.
2041 1575 2293 1629 Probasti
2319 1589 2414 1628 cor
2437 1589 2641 1638 meum,
2677 1581 2730 1626 et
2755 1571 2985 1626 visitasti
3024 1577 3183 1624 nocte
3213 1587 3225 1623 :

250 1663 308 1717 7.
366 1665 686 1737 Ἐπύρωσάς
721 1686 809 1739 με,
842 1669 937 1722 καὶ
963 1669 1058 1738 οὐχ
1085 1668 1280 1738 εὑρέθη
1315 1670 1371 1720 ἐν
1405 1669 1527 1738 ἐμοὶ
1555 1667 1768 1721 ἀδικία·

1954 1669 2008 1721 7.
2040 1667 2166 1737 Igne
2201 1683 2286 1720 me
2322 1665 2648 1721 examinasti
2671 1705 2685 1729 ,
2721 1673 2775 1718 et
2803 1679 2909 1717 non
2941 1672 3023 1717 est
3045 1663 3260 1716 inventa
3291 1661 3342 1713 in
3375 1677 3458 1715 me

1884 1759 2181 1821 iniquitas;

254 1842 310 1897 8.
351 1844 538 1908 Ὅπως
568 1844 632 1898 ἂν
667 1845 741 1916 μὴ
764 1846 969 1918 λαλήσῃ
999 1847 1060 1899 τὸ
1085 1847 1260 1917 στόμα
1296 1864 1396 1914 μου
1416 1845 1484 1899 τὰ
1511 1846 1645 1915 ἔργα
1665 1846 1772 1900 τῶν

1884 1775 2181 1828 tmquuas;

1952 1850 2004 1903 8.
2052 1848 2122 1903 Ut
2145 1865 2252 1902 non
2286 1849 2542 1918 loquatur
2580 1863 2643 1901 os
2671 1862 2852 1900 meum
2885 1860 3048 1914 opera
3081 1845 3385 1898 hominum.

181 1935 280 1988 ἀνθ
288 1935 511 2006 ρώπων.

255 2029 311 2082 9.
354 2027 453 2079 Διὰ
483 2029 610 2092 τοὺς
633 2029 824 2098 λόγους
856 2030 964 2083 τῶν
990 2029 1216 2100 χειλέων
1257 2046 1349 2084 σου
1384 2029 1495 2098 ἑγὼ
1534 2029 1775 2099 ἐφύλαξα

1956 2033 2010 2086 9.
2049 2031 2276 2100 Propter
2303 2031 2466 2085 verba
2491 2031 2780 2098 j‘lalnorum
2813 2038 3028 2082 tuorum
3062 2044 3162 2098 ego
3194 2026 3460 2084 custodivi

182 2118 342 2182 ὁδοὺς
376 2120 636 2192 σκληράς.

1885 2125 2002 2177 vias
2026 2123 2212 2177 duras.

253 2211 693 2284 10.Κατάρτισαι
706 2214 773 2268 τὰ
787 2214 941 2285 διαϐή
953 2215 1094 2285 ματὰ
1110 2232 1208 2285 μου
1226 2215 1283 2267 ἑν
1295 2217 1419 2278 ταῖς
1435 2214 1640 2285 τρίϐοις
1659 2231 1772 2280 σου,

1659 2231 1772 2280 σου,
1956 2216 2041 2268 10.
2073 2213 2275 2267 Perfice
2307 2229 2526 2280 gressus
2549 2228 2700 2268 meos
2725 2215 2776 2265 in
2811 2214 3018 2267 semitis
3049 2213 3175 2277 tuis,

259 2304 353 2357 11.
385 2305 504 2359 Ἵνα
535 2306 609 2376 μὴ
632 2306 931 2359 σαλευθῶσι
965 2306 1034 2360 τὰ
1060 2306 1370 2378 διαδήματὰ
1401 2323 1524 2377 μου.

1955 2309 2042 2360 il.
2073 2304 2145 2360 Ut
2174 2321 2282 2358 non
2315 2319 2637 2360 moveantur
2671 2305 2894 2376 vestigia
2935 2321 3071 2360 mea.

1293 2530 1670 2588 ATHANASII
1714 2530 2301 2587 INTERPRETATIO.

258 2724 356 2779 24.
386 2724 666 2798 Πληρωοῶ
697 2728 1056 2798 εὐφροσύνης,
1094 2729 1220 2784 ὅταν
1257 2731 1352 2784 ἴδω
1391 2731 1453 2784 τὸ
1481 2731 1774 2802 πρόσωπόν

1964 2733 2055 2786 24.
2090 2733 2361 2802 lmplebor
2387 2732 2595 2793 laetitia,
2617 2748 2740 2785 cum
2769 2729 2952 2784 videro
2996 2729 3187 2783 faciem
3218 2738 3385 2786 tuam.

191 2834 310 2871 σου.

252 2910 351 2966 25.
389 2913 548 2982 Χαρὰ
579 2915 718 2984 μετὰ
743 2914 851 2966 τῶν
878 2916 1047 2983 ἁγίων
1079 2916 1389 2979 διαπαντός.

1799 2910 1843 2967 C
1954 2913 2045 2966 25.
2084 2909 2358 2965 Gaudium
2390 2919 2651 2963 mternum
2683 2924 2803 2961 cum
2833 2907 3054 2962 sanctis.

269 3089 341 3141 *Η
374 3089 707 3162 προκειμένη
734 3088 1013 3160 ἐπιγραφὴ
1041 3088 1302 3158 περιέχει·
1335 3085 1652 3155 Προσευχὴ
1685 3085 1764 3148 τῷ
1784 3082 1962 3136 Δαϐἰδ
1982 3101 1994 3113 ·
2030 3081 2300 3145 τουτέστι,
2331 3079 2408 3150 τῷ
2433 3081 2547 3150 Υίῷ
2571 3081 2664 3132 τοῦ
2690 3078 2847 3134 Θεοῦ.
2877 3081 3189 3151 Εἰρήκαμεν
3224 3079 3322 3149 μὲν
3353 3077 3458 3148 γὰρ

185 3177 246 3234 ὲν
276 3183 394 3244 τοῖς
429 3181 772 3252 ἔμπροσθεν,
806 3183 994 3252 ὅτιπερ
1027 3179 1387 3252 ἑρμηνεύεται
1421 3180 1585 3231 Δαϐὶδ
1612 3177 1808 3240 οὕτως,
1845 3175 2187 3244 ἀγαπητὸς,
2245 3174 2320 3236 ὡς
2351 3175 2414 3226 ἑκ
2444 3173 2632 3226 τούτου
2663 3171 3033 3243 λαμϐάνεσθαι
3074 3171 3134 3223 τὸ
3180 3171 3271 3223 τοῦ
3303 3169 3462 3223 Δασιδ

187 3272 362 3346 ὄνομα
397 3278 475 3339 εἰς
499 3277 587 3328 τὸν
615 3276 707 3329 τοῦ
737 3274 871 3328 Θεοῦ
910 3277 1170 3346 μονογενῆ
1206 3275 1334 3327 Υἰόν
1355 3291 1368 3304 ⁸
1403 3276 1537 3346 ὅπερ
1573 3273 1687 3325 ἔστι
1725 3273 1818 3325 καὶ
1845 3272 1953 3324 νῶν
1995 3269 2133 3341 [νῦν]
2168 3269 2459 3322 ὑπολαϐεῖν
2485 3287 2498 3299 ·
2532 3269 2670 3338 ὅτιή
2718 3267 2988 3339 προσευχὴ
3022 3268 3053 3335 ἡ
3092 3266 3354 3337 εἰρημένη
3403 3267 3461 3317 ἑν

189 3371 264 3442 τῷ
297 3371 502 3443 ψαλμῷ
535 3372 610 3442 τῷ
635 3372 751 3443 Υίῷ
780 3371 872 3426 τοῦ
902 3371 1035 3425 Θεοῦ
1067 3373 1300 3442 εἴρηται.
1341 3371 1496 3422 Ἔστι
1526 3370 1569 3422 δ’
1596 3370 1687 3422 ὅτε
1717 3368 1811 3420 καὶ
1845 3367 2046 3436 ἑτέρως
2072 3369 2245 3420 εἰπεῖν
2277 3367 2354 3428 εἰς
2378 3363 2473 3435 τὴν
2513 3363 2877 3434 προκειμένην
2910 3362 3218 3432 ἐπιγραφὴν
3238 3401 3251 3424 ,
3276 3361 3462 3433 ἐπειδὴ

189 3469 282 3517 καὶ
312 3466 514 3535 ἑτέρως
541 3467 599 3518 τὸ
624 3467 717 3519 τοῦ
743 3467 904 3520 Δα6“ιδ
941 3466 1110 3536 ὄνομα
1146 3465 1507 3536 ἑρμηνεύεται
1555 3463 1991 3532 πεποθημένος,
2024 3463 2158 3528 ὅπερ
2191 3463 2486 3529 ἀναγκαῖον
2508 3460 2690 3511 λαϐεῖν
2720 3459 2798 3521 εἰς
2834 3458 2922 3510 τὸν
2952 3458 3060 3509 τῶν
3085 3459 3253 3524 ἁγίων
3281 3457 3460 3528 χορὸν,

189 3557 280 3610 τὸν
323 3559 431 3611 ὑπὸ
459 3557 552 3609 τοῦ
577 3557 711 3609 Θεοῦ
753 3557 1150 3626 πεποθημένον,
1186 3557 1260 3620 ὡς
1293 3557 1349 3609 δὲ
1380 3558 1574 3618 αὐτοὺς
1614 3556 1795 3624 λέγειν
1830 3556 1966 3626 πρὸς
1994 3556 2086 3606 τὸν
2119 3554 2247 3606 Υξὸν
2281 3553 2374 3606 τοῦ
2407 3553 2540 3605 Θεοῦ
2570 3553 2660 3603 τὸν
2691 3550 3122 3620 ὑποτεταγμένον
3153 3551 3388 3621 ψαλμὸν.

259 3761 480 3817 Titulus
509 3759 833 3829 praepositus
867 3761 1106 3814 continet
1138 3779 1150 3813 :
1183 3761 1356 3813 oratio
1394 3759 1603 3824 David;
1633 3761 1734 3815 hoc
1763 3769 1847 3815 est
1875 3760 1970 3814 Dei
2011 3759 2170 3813 Filio.
2198 3757 2332 3811 Nam
2361 3757 2613 3826 superius
2647 3756 2903 3819 diximus,
2933 3755 3074 3822 quod
3105 3753 3269 3807 David
3296 3755 3463 3808 inter-

193 3866 447 3928 pretatur
479 3857 586 3912 hoc
620 3857 806 3922 modo,
844 3859 1093 3910 aitectus.
1131 3855 1270 3910 llinc
1304 3867 1485 3911 autem
1514 3870 1616 3920 est,
1645 3868 1703 3912 ut
1739 3858 2041 3926 accipiatur
2071 3856 2136 3910 de
2168 3853 2452 3921 unigenito
2488 3851 2575 3904 Dci
2611 3851 2768 3914 Filio,
2801 3851 3259 3919 quemadmodum
3296 3852 3458 3904 etiam

193 3967 344 4005 nunc
377 3951 753 4019 accipiendum
787 3957 870 4003 est
903 3968 914 4002 :
950 3963 1176 4017 nempe,
1227 3949 1372 4017 quod
1404 3950 1604 4015 oratio,
1664 3966 1786 4020 quae
1817 3951 2029 4020 psalmo
2063 3947 2413 4007 continetur,
2459 3943 2602 3996 dicta
2631 3949 2714 3994 est
2746 3939 2837 3995 Dei
2869 3941 3024 3994 Filio.
3074 3939 3243 3993 Aliter
3294 3941 3457 3993 etiam

193 4048 455 4118 explicari
485 4055 662 4116 potest
699 4047 891 4101 eadem
920 4046 1226 4114 inscriptio,
1261 4049 1523 4116 quoniam
1552 4058 1604 4102 et
1644 4049 1803 4102 aliter
1836 4061 2036 4100 nomen
2064 4043 2232 4097 David
2273 4042 2680 4108 interpretatur,
2708 4051 2899 4102 nempe
2931 4031 3280 4096 desiderat-us,
3315 4033 3459 4100 quod

195 4160 421 4201 necesse
448 4155 532 4200 est
560 4145 808 4206 accipere
846 4144 912 4198 de
946 4155 1265 4201 sanctorum
1305 4146 1500 4212 choro,
1535 4147 1629 4216 qui
1656 4162 1682 4200 a
1705 4146 1827 4220 \Deo
1857 4145 2200 4201 desideratus
2233 4151 2350 4204 est,
2387 4143 2459 4194 ila
2500 4147 2558 4191 ut
2596 4137 2698 4205 ipsi
2726 4136 2792 4188 ad
2819 4133 2911 4186 Dei
2940 4130 3135 4184 Filium
3164 4129 3458 4198 psalmum,

201 4243 290 4312 ιιιὶ
340 4241 649 4312 subjicitur,
705 4241 907 4296 dicant.

261 4455 320 4508 1.
351 4452 464 4524 Τῆς
487 4453 703 4518 δικαίας
732 4471 830 4524 μου
864 4454 1147 4526 αἰτήσεως.

1960 4444 2012 4498 1.
2042 4443 2254 4498 Justam
2289 4457 2461 4496 meam
2491 4439 2929 4510 postulationem.

262 4544 321 4599 2.
354 4544 561 4615 Εὕτυχε
601 4545 759 4614 αὐτῇ.

1957 4539 2012 4591 2.
2040 4537 2316 4606 Propitius
2341 4541 2390 4590 ei
2417 4536 2519 4600 sis;

265 4637 324 4691 5.
372 4635 651 4688 Ἐνώτισαι
684 4636 780 4707 τὴν
805 4636 1111 4707 προσευχήν
1147 4651 1247 4705 μου
1271 4632 1368 4703 τὴν
1394 4629 1672 4701 ἀληθινήν.

1960 4631 2014 4683 5.
2037 4627 2246 4681 Exaudi
2269 4626 2568 4680 orationem
2593 4639 2766 4678 meam
2789 4638 2897 4676 non
2925 4622 3123 4685 ﬁctam,
3143 4619 3234 4672 scd
3255 4633 3459 4674 veram.

261 4726 320 4782 4.
360 4727 446 4779 Ἐν
475 4729 540 4798 τῇ
571 4727 797 4798 ἀληθεία
822 4743 913 4779 σου
939 4726 999 4778 τὸ
1027 4725 1238 4794 Θέλημά
1267 4740 1365 4794 μου
1391 4722 1550 4774 έστω.

1502 4741 1550 4773 ι).
1958 4719 2010 4771 4.
2043 4717 2098 4771 lu
2135 4718 2361 4770 veritate
2387 4726 2474 4768 tua
2506 4717 2756 4769 voluntas
2790 4731 2906 4766 inca
2948 4713 3033 4766 sit.

265 4819 320 4874 ὅ.
352 4821 415 4873 Οἱ
447 4820 549 4889 τῆς
583 4819 806 4889 καρδίας
852 4837 951 4889 μου
981 4818 1246 4887 ὀφθαλμοὶ
1279 4815 1478 4883 γνῶσιν
1510 4813 1783 4883 ἐχέτωσαν

1961 4809 2014 4864 5.
2048 4808 2200 4865 Oculi
2229 4809 2412 4862 cordis
2435 4808 2536 4860 mei
2570 4815 2904 4877 cognoscant
2927 4805 3256 4858 voluntatem
3289 4813 3456 4856 tuam.

195 4912 326 4984 περὶ
356 4913 416 4965 τὸ
447 4912 537 4964 σὸν
565 4912 795 4983 Θέλημα.

263 5002 318 5056 6.
351 4998 502 5064 Εἶδες
525 5001 624 5072 τὴν
651 5001 876 5073 καρδίαν
907 5018 1009 5071 μου
1037 4996 1202 5053 οὖσαν
1241 5001 1297 5051 ἐν
1334 4998 1658 5070 ἁμαρτίαις,
1689 4997 1782 5048 καὶ

1970 4991 2022 5046 6.
2059 4990 2253 5044 Vidisti
2303 5005 2398 5044 cor
2430 5006 2608 5045 meum
2638 5029 2652 5051 ,
2692 4988 2836 5057 quod
2871 4997 2988 5043 crat
3023 4989 3075 5042 in
3105 4987 3340 5056 peccatis
3362 5025 3376 5048 ,
3411 4995 3464 5039 et

198 5094 500 5166 ἐϐοήθησας
533 5111 646 5164 μοι.

1888 5099 2043 5154 Opem
2077 5084 2211 5136 mihi
2243 5084 2436 5144 tulisti,

266 5188 321 5243 7.
358 5185 722 5258 Ἐκαθὰρισὰς
753 5201 819 5256 με
839 5225 854 5249 ,
889 5184 983 5236 καὶ
1013 5184 1110 5253 οὐχ
1137 5182 1330 5255 εὑρέθη
1351 5181 1405 5234 ἐν
1435 5181 1557 5252 ἐμοὶ
1578 5177 1777 5232 ἀδικία.

1958 5175 2009 5228 7.
2044 5176 2366 5229 Emumlasti
2407 5190 2492 5228 me
2515 5215 2530 5241 ,
2560 5183 2614 5228 ct
2647 5191 2753 5228 non
2789 5184 2872 5228 cst
2900 5175 3113 5228 inventa
3150 5175 3203 5226 in
3235 5189 3318 5226 me
3360 5172 3461 5226 ini-

1883 5279 2082 5339 qmlas.

263 5357 321 5416 8.
350 5359 539 5422 Ὅπως
577 5358 642 5411 ἂν
673 5358 746 5430 μὴ
788 5358 998 5428 ποιήσω
1034 5356 1102 5409 τὰ
1138 5355 1274 5424 ἔργα
1304 5355 1413 5408 τῶν
1447 5353 1745 5426 ἀνθρώπων
1767 5395 1780 5407 .

1385 5371 1413 5408 ν
1447 5353 1745 5426 ἀνθρώπων
1767 5395 1780 5407 .
1968 5360 2021 5413 8.
2056 5358 2133 5411 Ne
2166 5358 2359 5412 faciam
2395 5373 2558 5426 opera
2591 5357 2870 5411 hominum
2903 5375 2915 5411 :

263 5450 315 5508 9.
346 5451 447 5505 Διὰ
476 5451 572 5514 τὰς
603 5449 931 5518 ἐπαγγελίας
961 5448 1058 5519 τῆς
1083 5449 1357 5518 βασιλείας
1394 5467 1488 5501 σου
1514 5447 1624 5516 ἐγὼ
1653 5448 1783 5517 ἐφύ-

1963 5452 2012 5506 9.
2053 5452 2280 5520 Propter
2311 5451 2704 5520 promissiones
2739 5450 2886 5518 regni
2938 5449 3013 5502 tui
3063 5464 3162 5516 ego
3195 5449 3459 5504 custodivi

197 5541 334 5610 λαξα
359 5542 426 5595 τέι
459 5541 858 5613 προστάγματὰ
887 5559 999 5594 σου.

770 5542 858 5594 ιτὰ
887 5559 999 5594 σου.
1888 5553 2156 5613 prmcepta
2189 5552 2301 5596 tua.

272 5635 357 5688 10.
377 5635 716 5706 Κατάρτισαι
734 5634 829 5706 τὴν
858 5635 1082 5705 καρδίαν
1107 5652 1206 5704 μοι)
1224 5635 1303 5696 εἰς
1331 5634 1398 5687 τὰ
1416 5632 1775 5703 δικαιώματα.

1691 5651 1775 5687 τα.
1959 5633 2046 5686 l0.
2086 5631 2289 5686 Perﬁce
2313 5648 2408 5686 cor
2433 5647 2610 5687 meum
2640 5633 2692 5685 in
2717 5630 3219 5701 justiﬁeationibus.

273 5727 332 5780 Η
347 5770 358 5780 .
379 5726 458 5779 Τὰ
472 5727 605 5797 ὀρθὰ
622 5726 867 5799 νοήματὰ
887 5744 986 5797 μου
1006 5727 1180 5798 ἴναζμὴ
1199 5724 1503 5779 ἀποστῶσιν
1515 5725 1608 5779 ἀπ’
1622 5725 1775 5794 ἐμοῦ.

1959 5725 2043 5780 ll.
2076 5723 2226 5781 Recti
2249 5724 2541 5796 animimei
2567 5740 2763 5781 sensus
2789 5741 2857 5780 ne
2884 5739 2916 5779 a
2937 5737 3022 5778 me
3043 5723 3340 5780 discedant.
