  <div class='ocr_page' id='page_1' title='image "/cluster/home/n/w/nwhite01/storage/ocr_20150623/27/nnc1.0046978631/363.png"; bbox 0 0 3878 6218; ppageno 0'>
   <div class='ocr_carea' id='block_1_1' title="bbox 385 325 493 386">
    <p class='ocr_par' dir='ltr' id='par_1_1' title="bbox 385 325 493 386">
     <span class='ocr_line' id='line_1_1' title="bbox 385 325 493 386; baseline -0.019 0"><span class='ocrx_word' id='word_1_1' title='bbox 385 325 493 386; x_wconf 80' lang='lat'><strong>699</strong></span> 
     </span>
    </p>
   </div>
   <div class='ocr_carea' id='block_1_2' title="bbox 461 447 2052 519">
    <p class='ocr_par' dir='ltr' id='par_1_2' title="bbox 461 447 2052 519">
     <span class='ocr_line' id='line_1_2' title="bbox 461 447 2052 519; baseline 0.008 -19"><span class='ocrx_word' id='word_1_2' title='bbox 461 449 545 500; x_wconf 78' lang='grc'><strong>12.</strong></span> <span class='ocrx_word' id='word_1_3' title='bbox 582 447 696 517; x_wconf 81' lang='lat' dir='ltr'><strong>Ego</strong></span> <span class='ocrx_word' id='word_1_4' title='bbox 741 448 1004 514; x_wconf 81' lang='lat' dir='ltr'><strong>clamavi,</strong></span> <span class='ocrx_word' id='word_1_5' title='bbox 1047 452 1306 519; x_wconf 88' lang='lat' dir='ltr'><strong>quoniam</strong></span> <span class='ocrx_word' id='word_1_6' title='bbox 1341 453 1612 508; x_wconf 78' lang='lat' dir='ltr'><strong>exaudisti</strong></span> <span class='ocrx_word' id='word_1_7' title='bbox 1645 471 1751 518; x_wconf 79' lang='lat' dir='ltr'><strong>me,</strong></span> <span class='ocrx_word' id='word_1_8' title='bbox 1789 455 1930 510; x_wconf 87' lang='lat' dir='ltr'><strong>Deus</strong></span> <span class='ocrx_word' id='word_1_9' title='bbox 1964 478 1975 512; x_wconf 93' lang='lat'><strong>:</strong></span> <span class='ocrx_word' id='word_1_10' title='bbox 2011 467 2052 519; x_wconf 83' lang='lat' dir='ltr'><strong>A</strong></span> 
     </span>
    </p>
   </div>
   <div class='ocr_carea' id='block_1_3' title="bbox 461 541 550 594">
    <p class='ocr_par' dir='ltr' id='par_1_3' title="bbox 461 541 550 594">
     <span class='ocr_line' id='line_1_3' title="bbox 461 541 550 594; baseline 0 -1"><span class='ocrx_word' id='word_1_11' title='bbox 461 541 550 594; x_wconf 98' lang='grc'><strong>15.</strong></span> 
     </span>
    </p>
   </div>
   <div class='ocr_carea' id='block_1_4' title="bbox 392 651 532 686">
    <p class='ocr_par' dir='ltr' id='par_1_4' title="bbox 392 651 532 686">
     <span class='ocr_line' id='line_1_4' title="bbox 392 651 532 686; baseline 0 0"><span class='ocrx_word' id='word_1_12' title='bbox 392 651 532 686; x_wconf 74' lang='lat' dir='ltr'><strong>Itlt&#39;n.</strong></span> 
     </span>
    </p>
   </div>
   <div class='ocr_carea' id='block_1_5' title="bbox 1219 322 3663 394">
    <p class='ocr_par' dir='ltr' id='par_1_5' title="bbox 1219 322 3663 394">
     <span class='ocr_line' id='line_1_5' title="bbox 1219 322 3663 394; baseline 0.003 -10"><span class='ocrx_word' id='word_1_13' title='bbox 1219 331 1278 384; x_wconf 90' lang='lat' dir='ltr'><strong>s.</strong></span> <span class='ocrx_word' id='word_1_14' title='bbox 1321 331 1698 388; x_wconf 79' lang='lat' dir='ltr'><strong>ATHANASII</strong></span> <span class='ocrx_word' id='word_1_15' title='bbox 1741 333 1890 389; x_wconf 88' lang='lat' dir='ltr'><strong>OPP.</strong></span> <span class='ocrx_word' id='word_1_16' title='bbox 1935 334 2115 392; x_wconf 62' lang='lat' dir='ltr'><strong>rans</strong></span> <span class='ocrx_word' id='word_1_17' title='bbox 2153 337 2240 390; x_wconf 86' lang='lat' dir='ltr'><strong>III.</strong></span> <span class='ocrx_word' id='word_1_18' title='bbox 2279 371 2347 379; x_wconf 89' lang='lat'>_</span> <span class='ocrx_word' id='word_1_19' title='bbox 2385 322 2799 394; x_wconf 43' lang='lat' dir='ltr'><strong>EXEGETICA;</strong></span> <span class='ocrx_word' id='word_1_20' title='bbox 3559 337 3663 392; x_wconf 75' lang='lat' dir='ltr'><strong>reo</strong></span> 
     </span>
    </p>
   </div>
   <div class='ocr_carea' id='block_1_6' title="bbox 581 539 1964 612">
    <p class='ocr_par' dir='ltr' id='par_1_6' title="bbox 581 539 1964 612">
     <span class='ocr_line' id='line_1_6' title="bbox 581 539 1964 612; baseline 0.008 -20"><span class='ocrx_word' id='word_1_21' title='bbox 581 539 786 594; x_wconf 87' lang='lat' dir='ltr'><strong>lnclina</strong></span> <span class='ocrx_word' id='word_1_22' title='bbox 822 557 1006 596; x_wconf 86' lang='lat' dir='ltr'><strong>aurem</strong></span> <span class='ocrx_word' id='word_1_23' title='bbox 1055 554 1202 596; x_wconf 86' lang='lat' dir='ltr'><strong>tuam</strong></span> <span class='ocrx_word' id='word_1_24' title='bbox 1235 544 1406 612; x_wconf 86' lang='lat' dir='ltr'><strong>mihi,</strong></span> <span class='ocrx_word' id='word_1_25' title='bbox 1461 555 1514 600; x_wconf 87' lang='lat' dir='ltr'><strong>et</strong></span> <span class='ocrx_word' id='word_1_26' title='bbox 1565 549 1756 600; x_wconf 78' lang='lat' dir='ltr'><strong>exaudi</strong></span> <span class='ocrx_word' id='word_1_27' title='bbox 1807 551 1964 603; x_wconf 78' lang='lat' dir='ltr'><strong>verba</strong></span> 
     </span>
    </p>
   </div>
   <div class='ocr_carea' id='block_1_7' title="bbox 2173 455 3662 532">
    <p class='ocr_par' dir='ltr' id='par_1_7' title="bbox 2173 455 3662 532">
     <span class='ocr_line' id='line_1_7' title="bbox 2173 455 3662 532; baseline -0.002 -20"><span class='ocrx_word' id='word_1_28' title='bbox 2173 461 2252 512; x_wconf 80' lang='grc'><strong>12.</strong></span> <span class='ocrx_word' id='word_1_29' title='bbox 2307 461 2446 528; x_wconf 70' lang='grc' dir='ltr'><strong>Ἐγὼ</strong></span> <span class='ocrx_word' id='word_1_30' title='bbox 2481 459 2774 532; x_wconf 73' lang='grc' dir='ltr'>ἐκέκραξα,</span> <span class='ocrx_word' id='word_1_31' title='bbox 2814 462 2894 512; x_wconf 80' lang='grc' dir='ltr'>ὅτι</span> <span class='ocrx_word' id='word_1_32' title='bbox 2929 458 3237 530; x_wconf 78' lang='grc' dir='ltr'>ὲπήκουσάς</span> <span class='ocrx_word' id='word_1_33' title='bbox 3273 475 3396 526; x_wconf 80' lang='grc' dir='ltr'>μου,</span> <span class='ocrx_word' id='word_1_34' title='bbox 3433 456 3462 507; x_wconf 85' lang='grc' dir='ltr'>ὁ</span> <span class='ocrx_word' id='word_1_35' title='bbox 3488 455 3662 519; x_wconf 66' lang='grc' dir='ltr'>Θεὸς·</span> 
     </span>
    </p>
   </div>
   <div class='ocr_carea' id='block_1_8' title="bbox 2145 549 3662 621">
    <p class='ocr_par' dir='ltr' id='par_1_8' title="bbox 2145 549 3662 621">
     <span class='ocr_line' id='line_1_8' title="bbox 2145 549 3662 621; baseline -0.001 -17"><span class='ocrx_word' id='word_1_36' title='bbox 2145 553 2230 606; x_wconf 76' lang='grc'><strong>15.</strong></span> <span class='ocrx_word' id='word_1_37' title='bbox 2273 553 2466 606; x_wconf 81' lang='grc' dir='ltr'>Κλῖνον</span> <span class='ocrx_word' id='word_1_38' title='bbox 2503 554 2564 605; x_wconf 74' lang='grc' dir='ltr'>τὸ</span> <span class='ocrx_word' id='word_1_39' title='bbox 2606 551 2700 616; x_wconf 78' lang='grc' dir='ltr'>οὖς</span> <span class='ocrx_word' id='word_1_40' title='bbox 2751 569 2842 604; x_wconf 82' lang='grc' dir='ltr'><strong>σου</strong></span> <span class='ocrx_word' id='word_1_41' title='bbox 2891 555 3053 621; x_wconf 80' lang='grc' dir='ltr'>ἐμοὶ,</span> <span class='ocrx_word' id='word_1_42' title='bbox 3089 552 3182 604; x_wconf 77' lang='grc' dir='ltr'><strong>καὶ</strong></span> <span class='ocrx_word' id='word_1_43' title='bbox 3207 549 3524 602; x_wconf 76' lang='grc' dir='ltr'><strong>εἰσάκουσον</strong></span> <span class='ocrx_word' id='word_1_44' title='bbox 3551 549 3662 603; x_wconf 75' lang='grc' dir='ltr'><strong>τῶν</strong></span> 
     </span>
    </p>
   </div>
   <div class='ocr_carea' id='block_1_9' title="bbox 2075 647 2492 716">
    <p class='ocr_par' dir='ltr' id='par_1_9' title="bbox 2075 647 2492 716">
     <span class='ocr_line' id='line_1_9' title="bbox 2075 647 2492 716; baseline 0.002 -19"><span class='ocrx_word' id='word_1_45' title='bbox 2075 647 2142 716; x_wconf 78' lang='grc' dir='ltr'><strong>ρη</strong></span> <span class='ocrx_word' id='word_1_46' title='bbox 2153 647 2336 714; x_wconf 77' lang='grc' dir='ltr'>μάτων</span> <span class='ocrx_word' id='word_1_47' title='bbox 2371 665 2492 716; x_wconf 73' lang='grc' dir='ltr'>μου.</span> 
     </span>
    </p>
   </div>
   <div class='ocr_carea' id='block_1_10' title="bbox 463 726 2005 805">
    <p class='ocr_par' dir='ltr' id='par_1_10' title="bbox 463 726 1438 794">
     <span class='ocr_line' id='line_1_10' title="bbox 463 726 1438 794; baseline 0.002 -14"><span class='ocrx_word' id='word_1_48' title='bbox 463 728 550 780; x_wconf 67' lang='lat' dir='ltr'><strong>isi.</strong></span> <span class='ocrx_word' id='word_1_49' title='bbox 583 726 809 780; x_wconf 74' lang='lat' dir='ltr'><strong>Miriﬁra</strong></span> <span class='ocrx_word' id='word_1_50' title='bbox 843 729 1250 782; x_wconf 72' lang='lat' dir='ltr'><strong>misericordias</strong></span> <span class='ocrx_word' id='word_1_51' title='bbox 1285 737 1404 782; x_wconf 87' lang='lat' dir='ltr'><strong>tuas</strong></span> <span class='ocrx_word' id='word_1_52' title='bbox 1425 771 1438 794; x_wconf 91' lang='lat'><strong>,</strong></span> 
     </span>
    </p>
   </div>
   <div class='ocr_carea' id='block_1_11' title="bbox 2151 726 3089 805">
    <p class='ocr_par' dir='ltr' id='par_1_11' title="bbox 2151 735 3089 805">
     <span class='ocr_line' id='line_1_11' title="bbox 2151 735 3089 805; baseline -0.001 -19"><span class='ocrx_word' id='word_1_53' title='bbox 2151 735 2232 788; x_wconf 76' lang='grc'><em>1-1.</em></span> <span class='ocrx_word' id='word_1_54' title='bbox 2269 735 2673 804; x_wconf 81' lang='grc' dir='ltr'>Θαυμάστωσον</span> <span class='ocrx_word' id='word_1_55' title='bbox 2701 736 2767 788; x_wconf 79' lang='grc' dir='ltr'>τὰ</span> <span class='ocrx_word' id='word_1_56' title='bbox 2805 735 2930 805; x_wconf 79' lang='grc' dir='ltr'>ἐλέη</span> <span class='ocrx_word' id='word_1_57' title='bbox 2962 752 3054 786; x_wconf 82' lang='grc' dir='ltr'>σου</span> <span class='ocrx_word' id='word_1_58' title='bbox 3075 774 3089 798; x_wconf 89' lang='grc'><strong>,</strong></span> 
     </span>
    </p>
   </div>
   <div class='ocr_carea' id='block_1_12' title="bbox 463 819 2005 890">
    <p class='ocr_par' dir='ltr' id='par_1_12' title="bbox 463 819 1574 890">
     <span class='ocr_line' id='line_1_12' title="bbox 463 819 1574 890; baseline 0.003 -18"><span class='ocrx_word' id='word_1_59' title='bbox 463 820 546 872; x_wconf 71' lang='grc'><strong>15.</strong></span> <span class='ocrx_word' id='word_1_60' title='bbox 585 819 686 885; x_wconf 85' lang='lat' dir='ltr'><strong>Qui</strong></span> <span class='ocrx_word' id='word_1_61' title='bbox 715 821 897 874; x_wconf 82' lang='lat' dir='ltr'><strong>salvos</strong></span> <span class='ocrx_word' id='word_1_62' title='bbox 927 820 1060 876; x_wconf 76' lang='lat' dir='ltr'><strong>facis</strong></span> <span class='ocrx_word' id='word_1_63' title='bbox 1095 833 1374 890; x_wconf 80' lang='lat' dir='ltr'><strong>sperantes</strong></span> <span class='ocrx_word' id='word_1_64' title='bbox 1409 824 1460 875; x_wconf 91' lang='lat' dir='ltr'><strong>in</strong></span> <span class='ocrx_word' id='word_1_65' title='bbox 1489 831 1574 877; x_wconf 89' lang='lat' dir='ltr'><strong>te:</strong></span> 
     </span>
    </p>
   </div>
   <div class='ocr_carea' id='block_1_13' title="bbox 2151 819 3292 890">
    <p class='ocr_par' dir='ltr' id='par_1_13' title="bbox 2151 823 3292 889">
     <span class='ocr_line' id='line_1_13' title="bbox 2151 823 3292 889; baseline 0 -13"><span class='ocrx_word' id='word_1_66' title='bbox 2151 823 2237 876; x_wconf 81' lang='grc'><strong>15.</strong></span> <span class='ocrx_word' id='word_1_67' title='bbox 2283 825 2339 876; x_wconf 80' lang='grc' dir='ltr'>ὐ</span> <span class='ocrx_word' id='word_1_68' title='bbox 2377 824 2562 887; x_wconf 73' lang='grc' dir='ltr'>σώζων</span> <span class='ocrx_word' id='word_1_69' title='bbox 2587 828 2712 887; x_wconf 69' lang='grc' dir='ltr'>τοὺς</span> <span class='ocrx_word' id='word_1_70' title='bbox 2743 825 3056 889; x_wconf 72' lang='grc' dir='ltr'>ἐλπίζοντας</span> <span class='ocrx_word' id='word_1_71' title='bbox 3089 824 3180 877; x_wconf 76' lang='grc' dir='ltr'>ἐπὶ</span> <span class='ocrx_word' id='word_1_72' title='bbox 3211 824 3292 876; x_wconf 82' lang='grc' dir='ltr'><strong>σέ.</strong></span> 
     </span>
    </p>
   </div>
   <div class='ocr_carea' id='block_1_14' title="bbox 464 911 2005 988">
    <p class='ocr_par' dir='ltr' id='par_1_14' title="bbox 464 911 1470 978">
     <span class='ocr_line' id='line_1_14' title="bbox 464 911 1470 978; baseline 0.005 -14"><span class='ocrx_word' id='word_1_73' title='bbox 464 911 550 964; x_wconf 82' lang='grc'><strong>16.</strong></span> <span class='ocrx_word' id='word_1_74' title='bbox 585 915 628 962; x_wconf 77' lang='grc' dir='ltr'><strong>Α</strong></span> <span class='ocrx_word' id='word_1_75' title='bbox 655 913 1038 966; x_wconf 77' lang='lat' dir='ltr'><strong>resistentibus</strong></span> <span class='ocrx_word' id='word_1_76' title='bbox 1065 914 1302 968; x_wconf 75' lang='lat' dir='ltr'><strong>dexterae</strong></span> <span class='ocrx_word' id='word_1_77' title='bbox 1331 925 1434 968; x_wconf 79' lang='lat' dir='ltr'><strong>tua:</strong></span> <span class='ocrx_word' id='word_1_78' title='bbox 1457 955 1470 978; x_wconf 90' lang='lat'><strong>,</strong></span> 
     </span>
    </p>
   </div>
   <div class='ocr_carea' id='block_1_15' title="bbox 2151 911 3344 988">
    <p class='ocr_par' dir='ltr' id='par_1_15' title="bbox 2153 917 3344 988">
     <span class='ocr_line' id='line_1_15' title="bbox 2153 917 3344 988; baseline 0 -18"><span class='ocrx_word' id='word_1_79' title='bbox 2153 919 2244 970; x_wconf 88' lang='grc'><strong>16.</strong></span> <span class='ocrx_word' id='word_1_80' title='bbox 2291 919 2384 970; x_wconf 84' lang='grc' dir='ltr'>Ἐκ</span> <span class='ocrx_word' id='word_1_81' title='bbox 2407 919 2515 970; x_wconf 84' lang='grc' dir='ltr'><strong>τῶν</strong></span> <span class='ocrx_word' id='word_1_82' title='bbox 2545 919 2952 988; x_wconf 68' lang='grc' dir='ltr'><strong>ἀνθεστηκότων</strong></span> <span class='ocrx_word' id='word_1_83' title='bbox 2988 921 3052 988; x_wconf 77' lang='grc' dir='ltr'>τῇ</span> <span class='ocrx_word' id='word_1_84' title='bbox 3079 917 3228 988; x_wconf 76' lang='grc' dir='ltr'>δεξιᾷ</span> <span class='ocrx_word' id='word_1_85' title='bbox 3249 934 3344 970; x_wconf 80' lang='grc' dir='ltr'><strong>σου</strong></span> 
     </span>
    </p>
   </div>
   <div class='ocr_carea' id='block_1_16' title="bbox 465 1004 2005 1078">
    <p class='ocr_par' dir='ltr' id='par_1_16' title="bbox 465 1004 1514 1074">
     <span class='ocr_line' id='line_1_16' title="bbox 465 1004 1514 1074; baseline 0.006 -18"><span class='ocrx_word' id='word_1_86' title='bbox 465 1004 552 1059; x_wconf 79' lang='grc'><em>17.</em></span> <span class='ocrx_word' id='word_1_87' title='bbox 586 1005 810 1058; x_wconf 82' lang='lat' dir='ltr'><strong>Custodi</strong></span> <span class='ocrx_word' id='word_1_88' title='bbox 847 1022 930 1058; x_wconf 87' lang='lat' dir='ltr'><strong>me</strong></span> <span class='ocrx_word' id='word_1_89' title='bbox 967 1015 1026 1058; x_wconf 86' lang='lat' dir='ltr'><strong>ut</strong></span> <span class='ocrx_word' id='word_1_90' title='bbox 1059 1007 1314 1074; x_wconf 87' lang='lat' dir='ltr'><strong>pupillam</strong></span> <span class='ocrx_word' id='word_1_91' title='bbox 1351 1009 1514 1062; x_wconf 86' lang='lat' dir='ltr'><strong>oculi.</strong></span> 
     </span>
    </p>
   </div>
   <div class='ocr_carea' id='block_1_17' title="bbox 2151 1004 3229 1078">
    <p class='ocr_par' dir='ltr' id='par_1_17' title="bbox 2151 1007 3229 1078">
     <span class='ocr_line' id='line_1_17' title="bbox 2151 1007 3229 1078; baseline 0 -18"><span class='ocrx_word' id='word_1_92' title='bbox 2151 1008 2232 1060; x_wconf 81' lang='lat' dir='ltr'><strong>l7.</strong></span> <span class='ocrx_word' id='word_1_93' title='bbox 2265 1007 2500 1071; x_wconf 75' lang='grc' dir='ltr'>Φύλαξόν</span> <span class='ocrx_word' id='word_1_94' title='bbox 2529 1026 2594 1077; x_wconf 86' lang='grc' dir='ltr'><strong>με</strong></span> <span class='ocrx_word' id='word_1_95' title='bbox 2624 1009 2698 1070; x_wconf 80' lang='grc' dir='ltr'><strong>ὡς</strong></span> <span class='ocrx_word' id='word_1_96' title='bbox 2732 1009 2898 1078; x_wconf 79' lang='grc' dir='ltr'>κόρην</span> <span class='ocrx_word' id='word_1_97' title='bbox 2927 1007 3229 1077; x_wconf 74' lang='grc' dir='ltr'>ὀφθαλμοῦ.</span> 
     </span>
    </p>
   </div>
   <div class='ocr_carea' id='block_1_18' title="bbox 465 1093 2005 1170">
    <p class='ocr_par' dir='ltr' id='par_1_18' title="bbox 465 1093 1824 1168">
     <span class='ocr_line' id='line_1_18' title="bbox 465 1093 1824 1168; baseline 0.007 -24"><span class='ocrx_word' id='word_1_98' title='bbox 465 1093 551 1145; x_wconf 89' lang='grc'><em>18.</em></span> <span class='ocrx_word' id='word_1_99' title='bbox 588 1093 700 1146; x_wconf 87' lang='lat' dir='ltr'><strong>Sub</strong></span> <span class='ocrx_word' id='word_1_100' title='bbox 733 1095 922 1147; x_wconf 81' lang='lat' dir='ltr'><strong>umbra</strong></span> <span class='ocrx_word' id='word_1_101' title='bbox 949 1095 1156 1148; x_wconf 82' lang='lat' dir='ltr'><strong>alarum</strong></span> <span class='ocrx_word' id='word_1_102' title='bbox 1191 1105 1408 1150; x_wconf 88' lang='lat' dir='ltr'><strong>tuarum</strong></span> <span class='ocrx_word' id='word_1_103' title='bbox 1434 1107 1680 1168; x_wconf 82' lang='lat' dir='ltr'><strong>proteges</strong></span> <span class='ocrx_word' id='word_1_104' title='bbox 1709 1115 1824 1162; x_wconf 91' lang='lat' dir='ltr'><strong>me,</strong></span> 
     </span>
    </p>
   </div>
   <div class='ocr_carea' id='block_1_19' title="bbox 2151 1093 3604 1170">
    <p class='ocr_par' dir='ltr' id='par_1_19' title="bbox 2151 1096 3604 1170">
     <span class='ocr_line' id='line_1_19' title="bbox 2151 1096 3604 1170; baseline 0.001 -22"><span class='ocrx_word' id='word_1_105' title='bbox 2151 1097 2238 1150; x_wconf 82' lang='grc'><em>18.</em></span> <span class='ocrx_word' id='word_1_106' title='bbox 2282 1099 2368 1148; x_wconf 84' lang='grc' dir='ltr'>Ἐν</span> <span class='ocrx_word' id='word_1_107' title='bbox 2397 1097 2573 1170; x_wconf 79' lang='grc' dir='ltr'>σκέπῃ</span> <span class='ocrx_word' id='word_1_108' title='bbox 2601 1097 2708 1148; x_wconf 84' lang='grc' dir='ltr'><strong>τῶν</strong></span> <span class='ocrx_word' id='word_1_109' title='bbox 2741 1098 3025 1169; x_wconf 70' lang='grc' dir='ltr'>πτερύγων</span> <span class='ocrx_word' id='word_1_110' title='bbox 3063 1115 3153 1150; x_wconf 88' lang='grc' dir='ltr'><strong>σου</strong></span> <span class='ocrx_word' id='word_1_111' title='bbox 3185 1096 3480 1159; x_wconf 79' lang='grc' dir='ltr'>σκεπάσεις</span> <span class='ocrx_word' id='word_1_112' title='bbox 3507 1115 3604 1166; x_wconf 87' lang='grc' dir='ltr'>με,</span> 
     </span>
    </p>
   </div>
   <div class='ocr_carea' id='block_1_20' title="bbox 467 1185 2005 1260">
    <p class='ocr_par' dir='ltr' id='par_1_20' title="bbox 467 1187 1729 1260">
     <span class='ocr_line' id='line_1_20' title="bbox 467 1187 1729 1260; baseline 0.003 -18"><span class='ocrx_word' id='word_1_113' title='bbox 467 1187 552 1242; x_wconf 89' lang='grc'><strong>19.</strong></span> <span class='ocrx_word' id='word_1_114' title='bbox 583 1188 626 1240; x_wconf 86' lang='grc' dir='ltr'><strong>Α</strong></span> <span class='ocrx_word' id='word_1_115' title='bbox 653 1188 792 1242; x_wconf 79' lang='lat' dir='ltr'><strong>facie</strong></span> <span class='ocrx_word' id='word_1_116' title='bbox 817 1189 1131 1258; x_wconf 89' lang='lat' dir='ltr'><strong>impiorum,</strong></span> <span class='ocrx_word' id='word_1_117' title='bbox 1167 1190 1260 1260; x_wconf 88' lang='lat' dir='ltr'><strong>qui</strong></span> <span class='ocrx_word' id='word_1_118' title='bbox 1287 1207 1374 1245; x_wconf 87' lang='lat' dir='ltr'><strong>me</strong></span> <span class='ocrx_word' id='word_1_119' title='bbox 1401 1191 1729 1246; x_wconf 74' lang='lat' dir='ltr'><strong>afﬂixerunt.</strong></span> 
     </span>
    </p>
   </div>
   <div class='ocr_carea' id='block_1_21' title="bbox 2151 1185 3662 1260">
    <p class='ocr_par' dir='ltr' id='par_1_21' title="bbox 2151 1185 3662 1258">
     <span class='ocr_line' id='line_1_21' title="bbox 2151 1185 3662 1258; baseline 0.002 -20"><span class='ocrx_word' id='word_1_120' title='bbox 2151 1185 2232 1240; x_wconf 87' lang='grc'><strong>19.</strong></span> <span class='ocrx_word' id='word_1_121' title='bbox 2283 1187 2414 1240; x_wconf 84' lang='grc' dir='ltr'>Ἀπὸ</span> <span class='ocrx_word' id='word_1_122' title='bbox 2443 1185 2734 1256; x_wconf 75' lang='grc' dir='ltr'><strong>προσώπου</strong></span> <span class='ocrx_word' id='word_1_123' title='bbox 2782 1186 2994 1240; x_wconf 80' lang='grc' dir='ltr'>ἀσεϐῶν</span> <span class='ocrx_word' id='word_1_124' title='bbox 3047 1187 3158 1240; x_wconf 83' lang='grc' dir='ltr'><strong>τῶν</strong></span> <span class='ocrx_word' id='word_1_125' title='bbox 3205 1186 3662 1258; x_wconf 82' lang='grc' dir='ltr'>ταλαιπωρησάν-</span> 
     </span>
    </p>
   </div>
   <div class='ocr_carea' id='block_1_22' title="bbox 2071 1295 2300 1347">
    <p class='ocr_par' dir='ltr' id='par_1_22' title="bbox 2071 1295 2300 1347">
     <span class='ocr_line' id='line_1_22' title="bbox 2071 1295 2300 1347; baseline -0.009 -17"><span class='ocrx_word' id='word_1_126' title='bbox 2071 1295 2178 1330; x_wconf 82' lang='grc' dir='ltr'><strong>των</strong></span> <span class='ocrx_word' id='word_1_127' title='bbox 2211 1295 2300 1347; x_wconf 87' lang='grc' dir='ltr'>με.</span> 
     </span>
    </p>
   </div>
   <div class='ocr_carea' id='block_1_23' title="bbox 459 1362 2005 1445">
    <p class='ocr_par' dir='ltr' id='par_1_23' title="bbox 459 1362 1963 1432">
     <span class='ocr_line' id='line_1_23' title="bbox 459 1362 1963 1432; baseline 0.001 -14"><span class='ocrx_word' id='word_1_128' title='bbox 459 1363 550 1418; x_wconf 76' lang='grc'><strong>29.</strong></span> <span class='ocrx_word' id='word_1_129' title='bbox 587 1362 796 1418; x_wconf 84' lang='lat' dir='ltr'><strong>Inimici</strong></span> <span class='ocrx_word' id='word_1_130' title='bbox 827 1365 932 1418; x_wconf 85' lang='lat' dir='ltr'><strong>mei</strong></span> <span class='ocrx_word' id='word_1_131' title='bbox 965 1365 1202 1420; x_wconf 89' lang='lat' dir='ltr'><strong>animam</strong></span> <span class='ocrx_word' id='word_1_132' title='bbox 1255 1382 1431 1422; x_wconf 83' lang='lat' dir='ltr'><strong>meam</strong></span> <span class='ocrx_word' id='word_1_133' title='bbox 1467 1367 1963 1432; x_wconf 88' lang='lat' dir='ltr'><strong>circumdederunt,</strong></span> 
     </span>
    </p>
   </div>
   <div class='ocr_carea' id='block_1_24' title="bbox 2151 1362 3485 1445">
    <p class='ocr_par' dir='ltr' id='par_1_24' title="bbox 2151 1370 3485 1445">
     <span class='ocr_line' id='line_1_24' title="bbox 2151 1370 3485 1445; baseline -0.001 -19"><span class='ocrx_word' id='word_1_134' title='bbox 2151 1373 2233 1426; x_wconf 76' lang='grc'><em>20.</em></span> <span class='ocrx_word' id='word_1_135' title='bbox 2270 1373 2332 1425; x_wconf 72' lang='lat' dir='ltr'><strong>Ol</strong></span> <span class='ocrx_word' id='word_1_136' title='bbox 2367 1370 2549 1442; x_wconf 76' lang='grc' dir='ltr'>ἐχθροί</span> <span class='ocrx_word' id='word_1_137' title='bbox 2587 1389 2686 1441; x_wconf 90' lang='grc' dir='ltr'><strong>μου</strong></span> <span class='ocrx_word' id='word_1_138' title='bbox 2711 1370 2810 1441; x_wconf 80' lang='grc' dir='ltr'><strong>τὴν</strong></span> <span class='ocrx_word' id='word_1_139' title='bbox 2835 1370 3011 1442; x_wconf 75' lang='grc' dir='ltr'>ψυχήν</span> <span class='ocrx_word' id='word_1_140' title='bbox 3047 1389 3146 1442; x_wconf 83' lang='grc' dir='ltr'><strong>μου</strong></span> <span class='ocrx_word' id='word_1_141' title='bbox 3177 1372 3485 1445; x_wconf 78' lang='grc' dir='ltr'><strong>περιέσχον,</strong></span> 
     </span>
    </p>
   </div>
   <div class='ocr_carea' id='block_1_25' title="bbox 463 1455 2005 1534">
    <p class='ocr_par' dir='ltr' id='par_1_25' title="bbox 463 1455 1476 1526">
     <span class='ocr_line' id='line_1_25' title="bbox 463 1455 1476 1526; baseline 0.005 -16"><span class='ocrx_word' id='word_1_142' title='bbox 463 1455 552 1510; x_wconf 84' lang='grc'><strong>21.</strong></span> <span class='ocrx_word' id='word_1_143' title='bbox 585 1455 810 1526; x_wconf 82' lang='lat' dir='ltr'><strong>Adipem</strong></span> <span class='ocrx_word' id='word_1_144' title='bbox 845 1474 1006 1512; x_wconf 90' lang='lat' dir='ltr'><strong>suum</strong></span> <span class='ocrx_word' id='word_1_145' title='bbox 1041 1459 1432 1514; x_wconf 85' lang='lat' dir='ltr'><strong>concluserunt</strong></span> <span class='ocrx_word' id='word_1_146' title='bbox 1463 1480 1476 1515; x_wconf 87' lang='lat'><strong>:</strong></span> 
     </span>
    </p>
   </div>
   <div class='ocr_carea' id='block_1_26' title="bbox 2151 1455 3150 1534">
    <p class='ocr_par' dir='ltr' id='par_1_26' title="bbox 2151 1463 3150 1534">
     <span class='ocr_line' id='line_1_26' title="bbox 2151 1463 3150 1534; baseline -0.001 -17"><span class='ocrx_word' id='word_1_147' title='bbox 2151 1464 2234 1517; x_wconf 86' lang='grc'><strong>21.</strong></span> <span class='ocrx_word' id='word_1_148' title='bbox 2269 1464 2341 1516; x_wconf 79' lang='grc' dir='ltr'>Τὸ</span> <span class='ocrx_word' id='word_1_149' title='bbox 2365 1465 2530 1534; x_wconf 82' lang='grc' dir='ltr'><strong>στέαρ</strong></span> <span class='ocrx_word' id='word_1_150' title='bbox 2559 1463 2738 1517; x_wconf 77' lang='grc' dir='ltr'>αὐτῶν</span> <span class='ocrx_word' id='word_1_151' title='bbox 2773 1463 3150 1516; x_wconf 79' lang='grc' dir='ltr'><strong>συνέκλεισαν·</strong></span> 
     </span>
    </p>
   </div>
   <div class='ocr_carea' id='block_1_27' title="bbox 463 1547 2005 1626">
    <p class='ocr_par' dir='ltr' id='par_1_27' title="bbox 463 1547 1614 1620">
     <span class='ocr_line' id='line_1_27' title="bbox 463 1547 1614 1620; baseline 0.003 -18"><span class='ocrx_word' id='word_1_152' title='bbox 463 1547 552 1602; x_wconf 80' lang='grc'><strong>22.</strong></span> <span class='ocrx_word' id='word_1_153' title='bbox 585 1547 657 1602; x_wconf 89' lang='lat' dir='ltr'><strong>Os</strong></span> <span class='ocrx_word' id='word_1_154' title='bbox 687 1564 876 1602; x_wconf 88' lang='lat' dir='ltr'><strong>eorum</strong></span> <span class='ocrx_word' id='word_1_155' title='bbox 905 1551 1144 1604; x_wconf 84' lang='lat' dir='ltr'><strong>locutum</strong></span> <span class='ocrx_word' id='word_1_156' title='bbox 1177 1560 1260 1605; x_wconf 90' lang='lat' dir='ltr'><strong>est</strong></span> <span class='ocrx_word' id='word_1_157' title='bbox 1283 1552 1614 1620; x_wconf 83' lang='lat' dir='ltr'><strong>superbiam.</strong></span> 
     </span>
    </p>
   </div>
   <div class='ocr_carea' id='block_1_28' title="bbox 2151 1547 3466 1626">
    <p class='ocr_par' dir='ltr' id='par_1_28' title="bbox 2151 1555 3466 1626">
     <span class='ocr_line' id='line_1_28' title="bbox 2151 1555 3466 1626; baseline 0 -18"><span class='ocrx_word' id='word_1_158' title='bbox 2151 1557 2234 1608; x_wconf 70' lang='grc'><strong>22.</strong></span> <span class='ocrx_word' id='word_1_159' title='bbox 2262 1557 2334 1608; x_wconf 83' lang='grc' dir='ltr'><strong>Τὸ</strong></span> <span class='ocrx_word' id='word_1_160' title='bbox 2365 1556 2537 1624; x_wconf 82' lang='grc' dir='ltr'>στόμα</span> <span class='ocrx_word' id='word_1_161' title='bbox 2577 1555 2756 1607; x_wconf 74' lang='grc' dir='ltr'>αὐτῶν</span> <span class='ocrx_word' id='word_1_162' title='bbox 2781 1556 3041 1624; x_wconf 83' lang='grc' dir='ltr'>ἐλάλησεν</span> <span class='ocrx_word' id='word_1_163' title='bbox 3069 1555 3466 1626; x_wconf 68' lang='grc' dir='ltr'>ὑπερηφανίαν.</span> 
     </span>
    </p>
   </div>
   <div class='ocr_carea' id='block_1_29' title="bbox 462 1641 2005 1714">
    <p class='ocr_par' dir='ltr' id='par_1_29' title="bbox 462 1641 1860 1711">
     <span class='ocr_line' id='line_1_29' title="bbox 462 1641 1860 1711; baseline 0.002 -17"><span class='ocrx_word' id='word_1_164' title='bbox 462 1642 552 1695; x_wconf 87' lang='grc'><strong>25.</strong></span> <span class='ocrx_word' id='word_1_165' title='bbox 587 1641 942 1711; x_wconf 85' lang='lat' dir='ltr'><strong>Projicientes</strong></span> <span class='ocrx_word' id='word_1_166' title='bbox 972 1659 1056 1696; x_wconf 89' lang='lat' dir='ltr'><strong>me</strong></span> <span class='ocrx_word' id='word_1_167' title='bbox 1079 1659 1221 1696; x_wconf 83' lang='lat' dir='ltr'><strong>llllllc</strong></span> <span class='ocrx_word' id='word_1_168' title='bbox 1245 1645 1722 1698; x_wconf 81' lang='lat' dir='ltr'><strong>circutmlederunt</strong></span> <span class='ocrx_word' id='word_1_169' title='bbox 1756 1661 1860 1698; x_wconf 88' lang='lat' dir='ltr'><strong>me.</strong></span> 
     </span>
    </p>
   </div>
   <div class='ocr_carea' id='block_1_30' title="bbox 2151 1641 3486 1714">
    <p class='ocr_par' dir='ltr' id='par_1_30' title="bbox 2151 1645 3486 1714">
     <span class='ocr_line' id='line_1_30' title="bbox 2151 1645 3486 1714; baseline -0.003 -14"><span class='ocrx_word' id='word_1_170' title='bbox 2151 1647 2232 1700; x_wconf 78' lang='grc'><strong>25.</strong></span> <span class='ocrx_word' id='word_1_171' title='bbox 2286 1646 2662 1708; x_wconf 76' lang='grc' dir='ltr'>Ἐκϐἀλλοντές</span> <span class='ocrx_word' id='word_1_172' title='bbox 2697 1663 2764 1714; x_wconf 85' lang='grc' dir='ltr'><strong>με</strong></span> <span class='ocrx_word' id='word_1_173' title='bbox 2793 1645 2887 1698; x_wconf 80' lang='grc' dir='ltr'>νῦν</span> <span class='ocrx_word' id='word_1_174' title='bbox 2921 1645 3368 1714; x_wconf 81' lang='grc' dir='ltr'>περιεκύκλωσάν</span> <span class='ocrx_word' id='word_1_175' title='bbox 3399 1661 3486 1714; x_wconf 81' lang='grc' dir='ltr'>με.</span> 
     </span>
    </p>
   </div>
   <div class='ocr_carea' id='block_1_31' title="bbox 465 1735 558 1790">
    <p class='ocr_par' dir='ltr' id='par_1_31' title="bbox 465 1735 558 1790">
     <span class='ocr_line' id='line_1_31' title="bbox 465 1735 558 1790; baseline 0.011 -2"><span class='ocrx_word' id='word_1_176' title='bbox 465 1735 558 1790; x_wconf 76' lang='grc'><strong>21.</strong></span> 
     </span>
    </p>
   </div>
   <div class='ocr_carea' id='block_1_32' title="bbox 465 1826 536 1880">
    <p class='ocr_par' dir='ltr' id='par_1_32' title="bbox 465 1826 536 1880">
     <span class='ocr_line' id='line_1_32' title="bbox 465 1826 536 1880; baseline 0.028 -2"><span class='ocrx_word' id='word_1_177' title='bbox 465 1826 536 1880; x_wconf 83' lang='grc'><strong>25</strong></span> 
     </span>
    </p>
   </div>
   <div class='ocr_carea' id='block_1_33' title="bbox 465 1915 534 1968">
    <p class='ocr_par' dir='ltr' id='par_1_33' title="bbox 465 1915 534 1968">
     <span class='ocr_line' id='line_1_33' title="bbox 465 1915 534 1968; baseline 0 0"><span class='ocrx_word' id='word_1_178' title='bbox 465 1915 534 1968; x_wconf 83' lang='grc'><strong>26</strong></span> 
     </span>
    </p>
   </div>
   <div class='ocr_carea' id='block_1_34' title="bbox 587 1737 1965 1791">
    <p class='ocr_par' dir='ltr' id='par_1_34' title="bbox 587 1737 1965 1791">
     <span class='ocr_line' id='line_1_34' title="bbox 587 1737 1965 1791; baseline 0.001 -3"><span class='ocrx_word' id='word_1_179' title='bbox 587 1737 788 1788; x_wconf 82' lang='lat' dir='ltr'><strong>Uculos</strong></span> <span class='ocrx_word' id='word_1_180' title='bbox 819 1751 948 1789; x_wconf 86' lang='lat' dir='ltr'><strong>suos</strong></span> <span class='ocrx_word' id='word_1_181' title='bbox 984 1737 1588 1790; x_wconf 85' lang='lat' dir='ltr'><strong>statueruntdeclinare</strong></span> <span class='ocrx_word' id='word_1_182' title='bbox 1637 1737 1690 1788; x_wconf 92' lang='lat' dir='ltr'><strong>in</strong></span> <span class='ocrx_word' id='word_1_183' title='bbox 1747 1746 1965 1791; x_wconf 81' lang='lat' dir='ltr'><strong>terram.</strong></span> 
     </span>
    </p>
   </div>
   <div class='ocr_carea' id='block_1_35' title="bbox 543 1815 2044 1897">
    <p class='ocr_par' dir='ltr' id='par_1_35' title="bbox 543 1815 2044 1897">
     <span class='ocr_line' id='line_1_35' title="bbox 543 1815 2044 1897; baseline 0.001 -17"><span class='ocrx_word' id='word_1_184' title='bbox 543 1869 554 1880; x_wconf 95' lang='lat'>.</span> <span class='ocrx_word' id='word_1_185' title='bbox 580 1825 947 1896; x_wconf 60' lang='lat' dir='ltr'><strong>Susceperunt</strong></span> <span class='ocrx_word' id='word_1_186' title='bbox 979 1845 1083 1890; x_wconf 86' lang='lat' dir='ltr'><strong>me,</strong></span> <span class='ocrx_word' id='word_1_187' title='bbox 1113 1829 1254 1882; x_wconf 91' lang='lat' dir='ltr'><strong>sicut</strong></span> <span class='ocrx_word' id='word_1_188' title='bbox 1275 1829 1359 1882; x_wconf 83' lang='lat' dir='ltr'><strong>leo</strong></span> <span class='ocrx_word' id='word_1_189' title='bbox 1379 1838 1599 1897; x_wconf 85' lang='lat' dir='ltr'><strong>paratus</strong></span> <span class='ocrx_word' id='word_1_190' title='bbox 1616 1829 1681 1882; x_wconf 89' lang='lat' dir='ltr'><strong>ad</strong></span> <span class='ocrx_word' id='word_1_191' title='bbox 1713 1829 1968 1896; x_wconf 63' lang='lat' dir='ltr'><strong>prtedam,</strong></span> <span class='ocrx_word' id='word_1_192' title='bbox 2005 1815 2044 1868; x_wconf 77' lang='grc' dir='ltr'><strong>Β</strong></span> 
     </span>
    </p>
   </div>
   <div class='ocr_carea' id='block_1_36' title="bbox 543 1916 1896 1974">
    <p class='ocr_par' dir='ltr' id='par_1_36' title="bbox 543 1916 1896 1974">
     <span class='ocr_line' id='line_1_36' title="bbox 543 1916 1896 1974; baseline 0.001 -4"><span class='ocrx_word' id='word_1_193' title='bbox 543 1959 555 1970; x_wconf 95' lang='grc'><strong>.</strong></span> <span class='ocrx_word' id='word_1_194' title='bbox 587 1916 651 1969; x_wconf 85' lang='lat' dir='ltr'><strong>Et</strong></span> <span class='ocrx_word' id='word_1_195' title='bbox 678 1917 818 1970; x_wconf 86' lang='lat' dir='ltr'><strong>sicut</strong></span> <span class='ocrx_word' id='word_1_196' title='bbox 850 1919 1063 1972; x_wconf 80' lang='lat' dir='ltr'><strong>catulus</strong></span> <span class='ocrx_word' id='word_1_197' title='bbox 1095 1920 1267 1974; x_wconf 86' lang='lat' dir='ltr'><strong>leonis</strong></span> <span class='ocrx_word' id='word_1_198' title='bbox 1303 1920 1555 1974; x_wconf 83' lang='lat' dir='ltr'><strong>habitans</strong></span> <span class='ocrx_word' id='word_1_199' title='bbox 1593 1920 1646 1971; x_wconf 89' lang='lat' dir='ltr'><strong>in</strong></span> <span class='ocrx_word' id='word_1_200' title='bbox 1679 1921 1896 1974; x_wconf 74' lang='lat' dir='ltr'><strong>abditis.</strong></span> 
     </span>
    </p>
   </div>
   <div class='ocr_carea' id='block_1_37' title="bbox 473 2006 1970 2078">
    <p class='ocr_par' dir='ltr' id='par_1_37' title="bbox 473 2006 1970 2078">
     <span class='ocr_line' id='line_1_37' title="bbox 473 2006 1970 2078; baseline 0.003 -20"><span class='ocrx_word' id='word_1_201' title='bbox 473 2006 562 2060; x_wconf 85' lang='grc'><em>27.</em></span> <span class='ocrx_word' id='word_1_202' title='bbox 601 2007 843 2078; x_wconf 78' lang='lat' dir='ltr'><strong>Exsurge</strong></span> <span class='ocrx_word' id='word_1_203' title='bbox 869 2049 882 2072; x_wconf 92' lang='lat'><strong>,</strong></span> <span class='ocrx_word' id='word_1_204' title='bbox 907 2007 1135 2062; x_wconf 88' lang='lat' dir='ltr'><strong>Domine</strong></span> <span class='ocrx_word' id='word_1_205' title='bbox 1156 2052 1168 2074; x_wconf 94' lang='lat'><strong>,</strong></span> <span class='ocrx_word' id='word_1_206' title='bbox 1199 2009 1432 2078; x_wconf 65' lang='lat' dir='ltr'><strong>praeveni</strong></span> <span class='ocrx_word' id='word_1_207' title='bbox 1462 2023 1576 2072; x_wconf 88' lang='lat' dir='ltr'><strong>eos,</strong></span> <span class='ocrx_word' id='word_1_208' title='bbox 1606 2017 1660 2062; x_wconf 91' lang='lat' dir='ltr'><strong>et</strong></span> <span class='ocrx_word' id='word_1_209' title='bbox 1685 2009 1970 2078; x_wconf 89' lang='lat' dir='ltr'><strong>supplanta</strong></span> 
     </span>
    </p>
   </div>
   <div class='ocr_carea' id='block_1_38' title="bbox 397 2111 530 2151">
    <p class='ocr_par' dir='ltr' id='par_1_38' title="bbox 397 2111 530 2151">
     <span class='ocr_line' id='line_1_38' title="bbox 397 2111 530 2151; baseline -0.008 0"><span class='ocrx_word' id='word_1_210' title='bbox 397 2111 490 2151; x_wconf 74' lang='lat' dir='ltr'><strong>COS</strong></span> <span class='ocrx_word' id='word_1_211' title='bbox 518 2115 530 2150; x_wconf 75' lang='grc' dir='ltr'>ἒ</span> 
     </span>
    </p>
   </div>
   <div class='ocr_carea' id='block_1_39' title="bbox 463 2185 534 2239">
    <p class='ocr_par' dir='ltr' id='par_1_39' title="bbox 463 2185 534 2239">
     <span class='ocr_line' id='line_1_39' title="bbox 463 2185 534 2239; baseline -0.014 0"><span class='ocrx_word' id='word_1_212' title='bbox 463 2185 534 2239; x_wconf 87' lang='grc'><em>28</em></span> 
     </span>
    </p>
   </div>
   <div class='ocr_carea' id='block_1_40' title="bbox 464 2279 534 2332">
    <p class='ocr_par' dir='ltr' id='par_1_40' title="bbox 464 2279 534 2332">
     <span class='ocr_line' id='line_1_40' title="bbox 464 2279 534 2332; baseline 0.014 -1"><span class='ocrx_word' id='word_1_213' title='bbox 464 2279 534 2332; x_wconf 85' lang='grc'><strong>29</strong></span> 
     </span>
    </p>
   </div>
   <div class='ocr_carea' id='block_1_41' title="bbox 466 2371 534 2423">
    <p class='ocr_par' dir='ltr' id='par_1_41' title="bbox 466 2371 534 2423">
     <span class='ocr_line' id='line_1_41' title="bbox 466 2371 534 2423; baseline 0.015 -1"><span class='ocrx_word' id='word_1_214' title='bbox 466 2371 534 2423; x_wconf 85' lang='grc'><em>50</em></span> 
     </span>
    </p>
   </div>
   <div class='ocr_carea' id='block_1_42' title="bbox 468 2461 530 2514">
    <p class='ocr_par' dir='ltr' id='par_1_42' title="bbox 468 2461 530 2514">
     <span class='ocr_line' id='line_1_42' title="bbox 468 2461 530 2514; baseline -0.016 0"><span class='ocrx_word' id='word_1_215' title='bbox 468 2461 530 2514; x_wconf 68' lang='grc' dir='ltr'>δι</span> 
     </span>
    </p>
   </div>
   <div class='ocr_carea' id='block_1_43' title="bbox 469 2553 538 2606">
    <p class='ocr_par' dir='ltr' id='par_1_43' title="bbox 469 2553 538 2606">
     <span class='ocr_line' id='line_1_43' title="bbox 469 2553 538 2606; baseline 0 0"><span class='ocrx_word' id='word_1_216' title='bbox 469 2553 538 2606; x_wconf 78' lang='grc'><strong>52</strong></span> 
     </span>
    </p>
   </div>
   <div class='ocr_carea' id='block_1_44' title="bbox 540 2185 1544 2258">
    <p class='ocr_par' dir='ltr' id='par_1_44' title="bbox 540 2185 1544 2258">
     <span class='ocr_line' id='line_1_44' title="bbox 540 2185 1544 2258; baseline 0.007 -22"><span class='ocrx_word' id='word_1_217' title='bbox 540 2225 550 2236; x_wconf 93' lang='grc'><strong>.</strong></span> <span class='ocrx_word' id='word_1_218' title='bbox 587 2185 746 2255; x_wconf 84' lang='lat' dir='ltr'><strong>Eripe</strong></span> <span class='ocrx_word' id='word_1_219' title='bbox 773 2189 1014 2243; x_wconf 90' lang='lat' dir='ltr'><strong>animam</strong></span> <span class='ocrx_word' id='word_1_220' title='bbox 1043 2204 1216 2242; x_wconf 87' lang='lat' dir='ltr'><strong>meam</strong></span> <span class='ocrx_word' id='word_1_221' title='bbox 1245 2189 1312 2243; x_wconf 89' lang='lat' dir='ltr'><strong>ab</strong></span> <span class='ocrx_word' id='word_1_222' title='bbox 1345 2189 1544 2258; x_wconf 92' lang='lat' dir='ltr'><strong>impio,</strong></span> 
     </span>
    </p>
   </div>
   <div class='ocr_carea' id='block_1_45' title="bbox 545 2279 1696 2336">
    <p class='ocr_par' dir='ltr' id='par_1_45' title="bbox 545 2279 1696 2336">
     <span class='ocr_line' id='line_1_45' title="bbox 545 2279 1696 2336; baseline 0.003 -5"><span class='ocrx_word' id='word_1_223' title='bbox 545 2322 554 2332; x_wconf 94' lang='lat'><strong>.</strong></span> <span class='ocrx_word' id='word_1_224' title='bbox 589 2279 814 2334; x_wconf 81' lang='lat' dir='ltr'><strong>Framea</strong></span> <span class='ocrx_word' id='word_1_225' title='bbox 852 2291 940 2336; x_wconf 89' lang='lat' dir='ltr'><strong>tua</strong></span> <span class='ocrx_word' id='word_1_226' title='bbox 971 2283 1038 2336; x_wconf 84' lang='lat' dir='ltr'><strong>ab</strong></span> <span class='ocrx_word' id='word_1_227' title='bbox 1063 2282 1300 2336; x_wconf 88' lang='lat' dir='ltr'><strong>inimicis</strong></span> <span class='ocrx_word' id='word_1_228' title='bbox 1330 2298 1524 2336; x_wconf 89' lang='lat' dir='ltr'><strong>manus</strong></span> <span class='ocrx_word' id='word_1_229' title='bbox 1551 2291 1696 2336; x_wconf 80' lang='lat' dir='ltr'><strong>tuae:</strong></span> 
     </span>
    </p>
   </div>
   <div class='ocr_carea' id='block_1_46' title="bbox 541 2371 1402 2442">
    <p class='ocr_par' dir='ltr' id='par_1_46' title="bbox 541 2371 1402 2442">
     <span class='ocr_line' id='line_1_46' title="bbox 541 2371 1402 2442; baseline 0.005 -18"><span class='ocrx_word' id='word_1_230' title='bbox 541 2413 554 2425; x_wconf 94' lang='lat'>.</span> <span class='ocrx_word' id='word_1_231' title='bbox 593 2371 821 2427; x_wconf 87' lang='lat' dir='ltr'><strong>Domine</strong></span> <span class='ocrx_word' id='word_1_232' title='bbox 851 2389 880 2426; x_wconf 90' lang='lat' dir='ltr'><strong>a</strong></span> <span class='ocrx_word' id='word_1_233' title='bbox 907 2375 1094 2442; x_wconf 83' lang='lat' dir='ltr'><strong>paucis</strong></span> <span class='ocrx_word' id='word_1_234' title='bbox 1129 2374 1194 2428; x_wconf 90' lang='lat' dir='ltr'><strong>de</strong></span> <span class='ocrx_word' id='word_1_235' title='bbox 1224 2383 1366 2428; x_wconf 87' lang='lat' dir='ltr'><strong>terra</strong></span> <span class='ocrx_word' id='word_1_236' title='bbox 1387 2417 1402 2442; x_wconf 86' lang='lat'><strong>,</strong></span> 
     </span>
    </p>
   </div>
   <div class='ocr_carea' id='block_1_47' title="bbox 544 2461 1398 2520">
    <p class='ocr_par' dir='ltr' id='par_1_47' title="bbox 544 2461 1398 2520">
     <span class='ocr_line' id='line_1_47' title="bbox 544 2461 1398 2520; baseline 0.007 -6"><span class='ocrx_word' id='word_1_237' title='bbox 544 2501 557 2514; x_wconf 94' lang='lat'><strong>.</strong></span> <span class='ocrx_word' id='word_1_238' title='bbox 595 2461 784 2516; x_wconf 88' lang='lat' dir='ltr'><strong>Divide</strong></span> <span class='ocrx_word' id='word_1_239' title='bbox 811 2479 904 2519; x_wconf 92' lang='lat' dir='ltr'><strong>eos</strong></span> <span class='ocrx_word' id='word_1_240' title='bbox 943 2466 996 2517; x_wconf 87' lang='lat' dir='ltr'><strong>in</strong></span> <span class='ocrx_word' id='word_1_241' title='bbox 1037 2466 1148 2519; x_wconf 83' lang='lat' dir='ltr'><strong>vita</strong></span> <span class='ocrx_word' id='word_1_242' title='bbox 1187 2481 1398 2520; x_wconf 86' lang='lat' dir='ltr'><strong>eorum.</strong></span> 
     </span>
    </p>
   </div>
   <div class='ocr_carea' id='block_1_48' title="bbox 545 2553 1974 2630">
    <p class='ocr_par' dir='ltr' id='par_1_48' title="bbox 545 2553 1974 2630">
     <span class='ocr_line' id='line_1_48' title="bbox 545 2553 1974 2630; baseline 0.006 -24"><span class='ocrx_word' id='word_1_243' title='bbox 545 2595 558 2606; x_wconf 96' lang='lat'><strong>.</strong></span> <span class='ocrx_word' id='word_1_244' title='bbox 591 2553 657 2606; x_wconf 88' lang='lat' dir='ltr'><strong>Et</strong></span> <span class='ocrx_word' id='word_1_245' title='bbox 689 2555 756 2610; x_wconf 88' lang='lat' dir='ltr'><strong>de</strong></span> <span class='ocrx_word' id='word_1_246' title='bbox 799 2557 1138 2612; x_wconf 83' lang='lat' dir='ltr'><strong>absconditis</strong></span> <span class='ocrx_word' id='word_1_247' title='bbox 1175 2560 1281 2614; x_wconf 89' lang='lat' dir='ltr'><strong>tuis</strong></span> <span class='ocrx_word' id='word_1_248' title='bbox 1315 2560 1642 2630; x_wconf 88' lang='lat' dir='ltr'><strong>adimpletus</strong></span> <span class='ocrx_word' id='word_1_249' title='bbox 1671 2569 1754 2617; x_wconf 90' lang='lat' dir='ltr'><strong>cst</strong></span> <span class='ocrx_word' id='word_1_250' title='bbox 1784 2572 1974 2616; x_wconf 79' lang='lat' dir='ltr'><strong>venter</strong></span> 
     </span>
    </p>
   </div>
   <div class='ocr_carea' id='block_1_49' title="bbox 393 2659 608 2701">
    <p class='ocr_par' dir='ltr' id='par_1_49' title="bbox 393 2659 608 2701">
     <span class='ocr_line' id='line_1_49' title="bbox 393 2659 608 2701; baseline 0.014 -3"><span class='ocrx_word' id='word_1_251' title='bbox 393 2659 584 2699; x_wconf 83' lang='lat' dir='ltr'><strong>eorum</strong></span> <span class='ocrx_word' id='word_1_252' title='bbox 595 2689 608 2701; x_wconf 91' lang='lat'><strong>.</strong></span> 
     </span>
    </p>
   </div>
   <div class='ocr_carea' id='block_1_50' title="bbox 467 2741 536 2794">
    <p class='ocr_par' dir='ltr' id='par_1_50' title="bbox 467 2741 536 2794">
     <span class='ocr_line' id='line_1_50' title="bbox 467 2741 536 2794; baseline -0.014 0"><span class='ocrx_word' id='word_1_253' title='bbox 467 2741 536 2794; x_wconf 87' lang='grc'><strong>55</strong></span> 
     </span>
    </p>
   </div>
   <div class='ocr_carea' id='block_1_51' title="bbox 541 2738 1166 2808">
    <p class='ocr_par' dir='ltr' id='par_1_51' title="bbox 541 2738 1166 2808">
     <span class='ocr_line' id='line_1_51' title="bbox 541 2738 1166 2808; baseline -0.002 -14"><span class='ocrx_word' id='word_1_254' title='bbox 541 2781 555 2794; x_wconf 96' lang='grc'><strong>.</strong></span> <span class='ocrx_word' id='word_1_255' title='bbox 596 2738 834 2796; x_wconf 89' lang='lat' dir='ltr'><strong>Saturati</strong></span> <span class='ocrx_word' id='word_1_256' title='bbox 862 2751 990 2797; x_wconf 87' lang='lat' dir='ltr'><strong>sunt</strong></span> <span class='ocrx_word' id='word_1_257' title='bbox 1021 2741 1166 2808; x_wconf 82' lang='lat' dir='ltr'><strong>ﬁliis,</strong></span> 
     </span>
    </p>
   </div>
   <div class='ocr_carea' id='block_1_52' title="bbox 471 2831 1882 2906">
    <p class='ocr_par' dir='ltr' id='par_1_52' title="bbox 471 2831 1882 2906">
     <span class='ocr_line' id='line_1_52' title="bbox 471 2831 1882 2906; baseline 0.006 -22"><span class='ocrx_word' id='word_1_258' title='bbox 471 2831 560 2884; x_wconf 73' lang='grc'><em>54.</em></span> <span class='ocrx_word' id='word_1_259' title='bbox 590 2831 656 2885; x_wconf 85' lang='lat' dir='ltr'><strong>Et</strong></span> <span class='ocrx_word' id='word_1_260' title='bbox 684 2831 1010 2888; x_wconf 83' lang='lat' dir='ltr'><strong>dimiserunt</strong></span> <span class='ocrx_word' id='word_1_261' title='bbox 1038 2833 1298 2902; x_wconf 85' lang='lat' dir='ltr'><strong>reliquias</strong></span> <span class='ocrx_word' id='word_1_262' title='bbox 1327 2849 1456 2890; x_wconf 87' lang='lat' dir='ltr'><strong>suas</strong></span> <span class='ocrx_word' id='word_1_263' title='bbox 1477 2837 1718 2906; x_wconf 79' lang='lat' dir='ltr'><strong>parvulis</strong></span> <span class='ocrx_word' id='word_1_264' title='bbox 1745 2837 1882 2892; x_wconf 90' lang='lat' dir='ltr'><strong>suis.</strong></span> 
     </span>
    </p>
   </div>
   <div class='ocr_carea' id='block_1_53' title="bbox 468 2923 538 2978">
    <p class='ocr_par' dir='ltr' id='par_1_53' title="bbox 468 2923 538 2978">
     <span class='ocr_line' id='line_1_53' title="bbox 468 2923 538 2978; baseline 0.029 -2"><span class='ocrx_word' id='word_1_265' title='bbox 468 2923 538 2978; x_wconf 79' lang='grc'><strong>55</strong></span> 
     </span>
    </p>
   </div>
   <div class='ocr_carea' id='block_1_54' title="bbox 470 3095 538 3151">
    <p class='ocr_par' dir='ltr' id='par_1_54' title="bbox 470 3095 538 3151">
     <span class='ocr_line' id='line_1_54' title="bbox 470 3095 538 3151; baseline 0 0"><span class='ocrx_word' id='word_1_266' title='bbox 470 3095 538 3151; x_wconf 85' lang='grc'><strong>56</strong></span> 
     </span>
    </p>
   </div>
   <div class='ocr_carea' id='block_1_55' title="bbox 543 2923 1974 2998">
    <p class='ocr_par' dir='ltr' id='par_1_55' title="bbox 543 2923 1974 2998">
     <span class='ocr_line' id='line_1_55' title="bbox 543 2923 1974 2998; baseline 0.004 -22"><span class='ocrx_word' id='word_1_267' title='bbox 543 2965 556 2976; x_wconf 95' lang='grc'><strong>.</strong></span> <span class='ocrx_word' id='word_1_268' title='bbox 581 2923 693 2995; x_wconf 80' lang='lat' dir='ltr'><strong>Ego</strong></span> <span class='ocrx_word' id='word_1_269' title='bbox 715 2935 896 2978; x_wconf 89' lang='lat' dir='ltr'><strong>autem</strong></span> <span class='ocrx_word' id='word_1_270' title='bbox 921 2927 970 2978; x_wconf 88' lang='lat' dir='ltr'><strong>in</strong></span> <span class='ocrx_word' id='word_1_271' title='bbox 993 2924 1207 2994; x_wconf 87' lang='lat' dir='ltr'><strong>justitia</strong></span> <span class='ocrx_word' id='word_1_272' title='bbox 1231 2926 1500 2994; x_wconf 84' lang='lat' dir='ltr'><strong>apparebo</strong></span> <span class='ocrx_word' id='word_1_273' title='bbox 1521 2930 1836 2998; x_wconf 87' lang='lat' dir='ltr'><strong>conspectui</strong></span> <span class='ocrx_word' id='word_1_274' title='bbox 1859 2939 1974 2996; x_wconf 73' lang='lat' dir='ltr'><strong>tuo,</strong></span> 
     </span>
    </p>
   </div>
   <div class='ocr_carea' id='block_1_56' title="bbox 545 3097 2040 3202">
    <p class='ocr_par' dir='ltr' id='par_1_56' title="bbox 545 3097 2040 3202">
     <span class='ocr_line' id='line_1_56' title="bbox 545 3097 2040 3202; baseline 0.005 -51"><span class='ocrx_word' id='word_1_275' title='bbox 545 3138 558 3151; x_wconf 97' lang='lat'><strong>.</strong></span> <span class='ocrx_word' id='word_1_276' title='bbox 598 3097 852 3152; x_wconf 87' lang='lat' dir='ltr'><strong>Satiabor</strong></span> <span class='ocrx_word' id='word_1_277' title='bbox 880 3115 1004 3154; x_wconf 90' lang='lat' dir='ltr'><strong>cum</strong></span> <span class='ocrx_word' id='word_1_278' title='bbox 1035 3098 1349 3169; x_wconf 83' lang='lat' dir='ltr'><strong>apparuerit</strong></span> <span class='ocrx_word' id='word_1_279' title='bbox 1379 3100 1511 3154; x_wconf 88' lang='lat' dir='ltr'><strong>mihi</strong></span> <span class='ocrx_word' id='word_1_280' title='bbox 1543 3102 1712 3171; x_wconf 83' lang='lat' dir='ltr'><strong>gloria</strong></span> <span class='ocrx_word' id='word_1_281' title='bbox 1751 3113 1860 3158; x_wconf 86' lang='lat' dir='ltr'><strong>tua.</strong></span> <span class='ocrx_word' id='word_1_282' title='bbox 1995 3147 2040 3202; x_wconf 61' lang='grc' dir='ltr'>α</span> 
     </span>
    </p>
   </div>
   <div class='ocr_carea' id='block_1_57' title="bbox 2148 1735 3660 1806">
    <p class='ocr_par' dir='ltr' id='par_1_57' title="bbox 2148 1735 3660 1806">
     <span class='ocr_line' id='line_1_57' title="bbox 2148 1735 3660 1806; baseline -0.001 -18"><span class='ocrx_word' id='word_1_283' title='bbox 2148 1735 2236 1788; x_wconf 73' lang='grc'><em>2-1.</em></span> <span class='ocrx_word' id='word_1_284' title='bbox 2263 1737 2400 1798; x_wconf 72' lang='grc' dir='ltr'>Τοὺς</span> <span class='ocrx_word' id='word_1_285' title='bbox 2421 1735 2731 1806; x_wconf 73' lang='grc' dir='ltr'>ὀφθαλμοὺς</span> <span class='ocrx_word' id='word_1_286' title='bbox 2749 1737 2924 1788; x_wconf 75' lang='grc' dir='ltr'>αὐτῶν</span> <span class='ocrx_word' id='word_1_287' title='bbox 2943 1735 3123 1788; x_wconf 72' lang='grc' dir='ltr'>ἔθεντο</span> <span class='ocrx_word' id='word_1_288' title='bbox 3147 1736 3388 1788; x_wconf 74' lang='grc' dir='ltr'>ἐκκλῖναι</span> <span class='ocrx_word' id='word_1_289' title='bbox 3407 1737 3462 1787; x_wconf 78' lang='grc' dir='ltr'>ἐν</span> <span class='ocrx_word' id='word_1_290' title='bbox 3479 1738 3542 1804; x_wconf 82' lang='grc' dir='ltr'>τῇ</span> <span class='ocrx_word' id='word_1_291' title='bbox 3565 1738 3660 1804; x_wconf 75' lang='grc' dir='ltr'><strong>τῇ.</strong></span> 
     </span>
    </p>
   </div>
   <div class='ocr_carea' id='block_1_58' title="bbox 2143 1825 3664 1896">
    <p class='ocr_par' dir='ltr' id='par_1_58' title="bbox 2143 1825 3664 1896">
     <span class='ocr_line' id='line_1_58' title="bbox 2143 1825 3664 1896; baseline -0.001 -18"><span class='ocrx_word' id='word_1_292' title='bbox 2143 1827 2232 1878; x_wconf 75' lang='grc'><strong>25.</strong></span> <span class='ocrx_word' id='word_1_293' title='bbox 2277 1825 2573 1878; x_wconf 75' lang='grc' dir='ltr'>’Υπὲλαϐὁν</span> <span class='ocrx_word' id='word_1_294' title='bbox 2609 1843 2708 1895; x_wconf 82' lang='grc' dir='ltr'>με,</span> <span class='ocrx_word' id='word_1_295' title='bbox 2743 1826 2874 1878; x_wconf 78' lang='grc' dir='ltr'>ὡσεὶ</span> <span class='ocrx_word' id='word_1_296' title='bbox 2905 1826 3038 1878; x_wconf 80' lang='grc' dir='ltr'>λέων</span> <span class='ocrx_word' id='word_1_297' title='bbox 3085 1826 3298 1896; x_wconf 74' lang='grc' dir='ltr'>ἕτοιμος</span> <span class='ocrx_word' id='word_1_298' title='bbox 3331 1827 3410 1888; x_wconf 80' lang='grc' dir='ltr'>εἰς</span> <span class='ocrx_word' id='word_1_299' title='bbox 3461 1825 3664 1895; x_wconf 79' lang='grc' dir='ltr'>θήραν,</span> 
     </span>
    </p>
   </div>
   <div class='ocr_carea' id='block_1_59' title="bbox 2144 1915 3467 1986">
    <p class='ocr_par' dir='ltr' id='par_1_59' title="bbox 2144 1915 3467 1986">
     <span class='ocr_line' id='line_1_59' title="bbox 2144 1915 3467 1986; baseline 0 -18"><span class='ocrx_word' id='word_1_300' title='bbox 2144 1915 2232 1968; x_wconf 87' lang='grc'><strong>26.</strong></span> <span class='ocrx_word' id='word_1_301' title='bbox 2273 1917 2382 1967; x_wconf 72' lang='grc' dir='ltr'>Καὶ</span> <span class='ocrx_word' id='word_1_302' title='bbox 2407 1915 2538 1967; x_wconf 76' lang='grc' dir='ltr'>ὡσεὶ</span> <span class='ocrx_word' id='word_1_303' title='bbox 2571 1916 2808 1984; x_wconf 76' lang='grc' dir='ltr'>σκύμνος</span> <span class='ocrx_word' id='word_1_304' title='bbox 2832 1917 2994 1969; x_wconf 79' lang='grc' dir='ltr'>οἰκῶν</span> <span class='ocrx_word' id='word_1_305' title='bbox 3029 1918 3084 1967; x_wconf 81' lang='grc' dir='ltr'><strong>ἐν</strong></span> <span class='ocrx_word' id='word_1_306' title='bbox 3111 1915 3467 1986; x_wconf 60' lang='grc' dir='ltr'>ἀποκρύφοις.</span> 
     </span>
    </p>
   </div>
   <div class='ocr_carea' id='block_1_60' title="bbox 2141 2003 3666 2076">
    <p class='ocr_par' dir='ltr' id='par_1_60' title="bbox 2141 2003 3666 2076">
     <span class='ocr_line' id='line_1_60' title="bbox 2141 2003 3666 2076; baseline 0.001 -20"><span class='ocrx_word' id='word_1_307' title='bbox 2141 2005 2228 2056; x_wconf 82' lang='grc'><em>27.</em></span> <span class='ocrx_word' id='word_1_308' title='bbox 2275 2004 2560 2072; x_wconf 80' lang='grc' dir='ltr'><strong>Ἀνάστηθι</strong></span> <span class='ocrx_word' id='word_1_309' title='bbox 2585 2043 2600 2067; x_wconf 92' lang='grc'><strong>,</strong></span> <span class='ocrx_word' id='word_1_310' title='bbox 2663 2005 2832 2076; x_wconf 83' lang='grc' dir='ltr'>Κύριε</span> <span class='ocrx_word' id='word_1_311' title='bbox 2859 2045 2874 2068; x_wconf 94' lang='grc'><strong>,</strong></span> <span class='ocrx_word' id='word_1_312' title='bbox 2941 2005 3252 2076; x_wconf 55' lang='grc' dir='ltr'>πρόσθασον</span> <span class='ocrx_word' id='word_1_313' title='bbox 3291 2006 3526 2072; x_wconf 77' lang='grc' dir='ltr'>αὐτοὺς,</span> <span class='ocrx_word' id='word_1_314' title='bbox 3567 2003 3666 2060; x_wconf 73' lang='grc' dir='ltr'>καὶ</span> 
     </span>
    </p>
   </div>
   <div class='ocr_carea' id='block_1_61' title="bbox 2080 2091 2692 2154">
    <p class='ocr_par' dir='ltr' id='par_1_61' title="bbox 2080 2091 2692 2154">
     <span class='ocr_line' id='line_1_61' title="bbox 2080 2091 2692 2154; baseline -0.002 -10"><span class='ocrx_word' id='word_1_315' title='bbox 2080 2091 2437 2144; x_wconf 78' lang='grc' dir='ltr'>ὑποσκέλισον</span> <span class='ocrx_word' id='word_1_316' title='bbox 2471 2091 2664 2154; x_wconf 83' lang='grc' dir='ltr'>αύτούς</span> <span class='ocrx_word' id='word_1_317' title='bbox 2681 2109 2692 2120; x_wconf 93' lang='grc'><strong>·</strong></span> 
     </span>
    </p>
   </div>
   <div class='ocr_carea' id='block_1_62' title="bbox 2146 2183 3339 2254">
    <p class='ocr_par' dir='ltr' id='par_1_62' title="bbox 2146 2183 3339 2254">
     <span class='ocr_line' id='line_1_62' title="bbox 2146 2183 3339 2254; baseline 0.002 -18"><span class='ocrx_word' id='word_1_318' title='bbox 2146 2183 2234 2236; x_wconf 81' lang='grc'><em>28.</em></span> <span class='ocrx_word' id='word_1_319' title='bbox 2281 2183 2468 2235; x_wconf 83' lang='grc' dir='ltr'>Ῥύσαι</span> <span class='ocrx_word' id='word_1_320' title='bbox 2497 2184 2593 2252; x_wconf 82' lang='grc' dir='ltr'><strong>τὴν</strong></span> <span class='ocrx_word' id='word_1_321' title='bbox 2622 2183 2799 2254; x_wconf 75' lang='grc' dir='ltr'>ψυχήν</span> <span class='ocrx_word' id='word_1_322' title='bbox 2827 2203 2926 2254; x_wconf 81' lang='grc' dir='ltr'><strong>μου</strong></span> <span class='ocrx_word' id='word_1_323' title='bbox 2951 2185 3058 2237; x_wconf 78' lang='grc' dir='ltr'><strong>ἀπὸ</strong></span> <span class='ocrx_word' id='word_1_324' title='bbox 3091 2186 3339 2250; x_wconf 72' lang='grc' dir='ltr'>ἀσεϐοῦς,</span> 
     </span>
    </p>
   </div>
   <div class='ocr_carea' id='block_1_63' title="bbox 2145 2275 3542 2348">
    <p class='ocr_par' dir='ltr' id='par_1_63' title="bbox 2145 2275 3542 2348">
     <span class='ocr_line' id='line_1_63' title="bbox 2145 2275 3542 2348; baseline 0.001 -20"><span class='ocrx_word' id='word_1_325' title='bbox 2145 2275 2234 2328; x_wconf 82' lang='grc'><strong>29.</strong></span> <span class='ocrx_word' id='word_1_326' title='bbox 2279 2275 2547 2346; x_wconf 72' lang='grc' dir='ltr'>Ῥομφαία</span> <span class='ocrx_word' id='word_1_327' title='bbox 2579 2295 2670 2329; x_wconf 75' lang='grc' dir='ltr'><strong>σου</strong></span> <span class='ocrx_word' id='word_1_328' title='bbox 2702 2277 2808 2329; x_wconf 84' lang='grc' dir='ltr'>ἀπὸ</span> <span class='ocrx_word' id='word_1_329' title='bbox 2835 2277 3044 2347; x_wconf 74' lang='grc' dir='ltr'>ἐχθρῶν</span> <span class='ocrx_word' id='word_1_330' title='bbox 3071 2279 3167 2346; x_wconf 76' lang='grc' dir='ltr'>τῆς</span> <span class='ocrx_word' id='word_1_331' title='bbox 3196 2279 3376 2348; x_wconf 80' lang='grc' dir='ltr'>χειρός</span> <span class='ocrx_word' id='word_1_332' title='bbox 3413 2295 3506 2331; x_wconf 87' lang='grc' dir='ltr'>σου</span> <span class='ocrx_word' id='word_1_333' title='bbox 3529 2296 3542 2307; x_wconf 92' lang='grc'><strong>·</strong></span> 
     </span>
    </p>
   </div>
   <div class='ocr_carea' id='block_1_64' title="bbox 2147 2367 3128 2439">
    <p class='ocr_par' dir='ltr' id='par_1_64' title="bbox 2147 2367 3128 2439">
     <span class='ocr_line' id='line_1_64' title="bbox 2147 2367 3128 2439; baseline -0.001 -19"><span class='ocrx_word' id='word_1_334' title='bbox 2147 2367 2236 2422; x_wconf 84' lang='grc'><em>50.</em></span> <span class='ocrx_word' id='word_1_335' title='bbox 2267 2367 2459 2439; x_wconf 87' lang='grc' dir='ltr'>Κύριε,</span> <span class='ocrx_word' id='word_1_336' title='bbox 2491 2369 2599 2420; x_wconf 77' lang='grc' dir='ltr'>ἀπὸ</span> <span class='ocrx_word' id='word_1_337' title='bbox 2623 2369 2816 2436; x_wconf 79' lang='grc' dir='ltr'><strong>ὀλίγων</strong></span> <span class='ocrx_word' id='word_1_338' title='bbox 2859 2369 2964 2420; x_wconf 82' lang='grc' dir='ltr'>ἀπὸ</span> <span class='ocrx_word' id='word_1_339' title='bbox 2993 2369 3128 2438; x_wconf 77' lang='grc' dir='ltr'><strong>γῆς,</strong></span> 
     </span>
    </p>
   </div>
   <div class='ocr_carea' id='block_1_65' title="bbox 2148 2460 3372 2532">
    <p class='ocr_par' dir='ltr' id='par_1_65' title="bbox 2148 2460 3372 2532">
     <span class='ocr_line' id='line_1_65' title="bbox 2148 2460 3372 2532; baseline 0.002 -20"><span class='ocrx_word' id='word_1_340' title='bbox 2148 2460 2237 2514; x_wconf 86' lang='grc'><strong>51.</strong></span> <span class='ocrx_word' id='word_1_341' title='bbox 2267 2461 2592 2532; x_wconf 84' lang='grc' dir='ltr'>Διαμὲρισον</span> <span class='ocrx_word' id='word_1_342' title='bbox 2619 2463 2816 2524; x_wconf 72' lang='grc' dir='ltr'>αὐτοὺς</span> <span class='ocrx_word' id='word_1_343' title='bbox 2839 2462 2896 2514; x_wconf 83' lang='grc' dir='ltr'>ὲν</span> <span class='ocrx_word' id='word_1_344' title='bbox 2931 2464 2996 2532; x_wconf 75' lang='grc' dir='ltr'><strong>τῇ</strong></span> <span class='ocrx_word' id='word_1_345' title='bbox 3035 2461 3144 2532; x_wconf 77' lang='grc' dir='ltr'>ζωῇ</span> <span class='ocrx_word' id='word_1_346' title='bbox 3175 2463 3372 2514; x_wconf 75' lang='grc' dir='ltr'>αὐτῶν.</span> 
     </span>
    </p>
   </div>
   <div class='ocr_carea' id='block_1_66' title="bbox 2151 2553 3666 2626">
    <p class='ocr_par' dir='ltr' id='par_1_66' title="bbox 2151 2553 3666 2626">
     <span class='ocr_line' id='line_1_66' title="bbox 2151 2553 3666 2626; baseline -0.001 -19"><span class='ocrx_word' id='word_1_347' title='bbox 2151 2555 2240 2607; x_wconf 72' lang='grc'><strong>52.</strong></span> <span class='ocrx_word' id='word_1_348' title='bbox 2275 2554 2385 2606; x_wconf 77' lang='grc' dir='ltr'>Καὶ</span> <span class='ocrx_word' id='word_1_349' title='bbox 2427 2553 2534 2604; x_wconf 91' lang='grc' dir='ltr'><strong>τῶν</strong></span> <span class='ocrx_word' id='word_1_350' title='bbox 2565 2553 2961 2624; x_wconf 77' lang='grc' dir='ltr'>κεκρυμμένων</span> <span class='ocrx_word' id='word_1_351' title='bbox 2997 2571 3090 2606; x_wconf 79' lang='grc' dir='ltr'><strong>σου</strong></span> <span class='ocrx_word' id='word_1_352' title='bbox 3119 2555 3360 2625; x_wconf 75' lang='grc' dir='ltr'><strong>ἐπλήσθη</strong></span> <span class='ocrx_word' id='word_1_353' title='bbox 3389 2557 3424 2626; x_wconf 76' lang='grc' dir='ltr'>ἡ</span> <span class='ocrx_word' id='word_1_354' title='bbox 3449 2556 3666 2625; x_wconf 75' lang='grc' dir='ltr'>γαστὴρ</span> 
     </span>
    </p>
   </div>
   <div class='ocr_carea' id='block_1_67' title="bbox 2079 2644 2291 2697">
    <p class='ocr_par' dir='ltr' id='par_1_67' title="bbox 2079 2644 2291 2697">
     <span class='ocr_line' id='line_1_67' title="bbox 2079 2644 2291 2697; baseline -0.005 0"><span class='ocrx_word' id='word_1_355' title='bbox 2079 2644 2258 2697; x_wconf 79' lang='grc' dir='ltr'>αύτῶν</span> <span class='ocrx_word' id='word_1_356' title='bbox 2278 2661 2291 2673; x_wconf 89' lang='grc'><em>’</em></span> 
     </span>
    </p>
   </div>
   <div class='ocr_carea' id='block_1_68' title="bbox 2150 2732 2903 2806">
    <p class='ocr_par' dir='ltr' id='par_1_68' title="bbox 2150 2732 2903 2806">
     <span class='ocr_line' id='line_1_68' title="bbox 2150 2732 2903 2806; baseline -0.007 -18"><span class='ocrx_word' id='word_1_357' title='bbox 2150 2735 2240 2788; x_wconf 90' lang='grc'><strong>55.</strong></span> <span class='ocrx_word' id='word_1_358' title='bbox 2285 2734 2723 2806; x_wconf 78' lang='grc' dir='ltr'>Ἐχορτὰσθησαν</span> <span class='ocrx_word' id='word_1_359' title='bbox 2754 2732 2903 2796; x_wconf 80' lang='grc' dir='ltr'>υἱῶν,</span> 
     </span>
    </p>
   </div>
   <div class='ocr_carea' id='block_1_69' title="bbox 2145 2821 3664 2896">
    <p class='ocr_par' dir='ltr' id='par_1_69' title="bbox 2145 2821 3664 2896">
     <span class='ocr_line' id='line_1_69' title="bbox 2145 2821 3664 2896; baseline -0.003 -16"><span class='ocrx_word' id='word_1_360' title='bbox 2145 2827 2234 2880; x_wconf 67' lang='grc'><strong>51.</strong></span> <span class='ocrx_word' id='word_1_361' title='bbox 2271 2828 2380 2878; x_wconf 75' lang='grc' dir='ltr'><strong>Καὶ</strong></span> <span class='ocrx_word' id='word_1_362' title='bbox 2411 2827 2630 2896; x_wconf 82' lang='grc' dir='ltr'>ἀφῆκαν</span> <span class='ocrx_word' id='word_1_363' title='bbox 2665 2825 2732 2877; x_wconf 77' lang='grc' dir='ltr'>τὰ</span> <span class='ocrx_word' id='word_1_364' title='bbox 2755 2823 3058 2878; x_wconf 65' lang='grc' dir='ltr'>κατάλοιπα</span> <span class='ocrx_word' id='word_1_365' title='bbox 3085 2827 3196 2886; x_wconf 89' lang='grc' dir='ltr'>τοῖς</span> <span class='ocrx_word' id='word_1_366' title='bbox 3229 2823 3440 2894; x_wconf 82' lang='grc' dir='ltr'>νηπίοις</span> <span class='ocrx_word' id='word_1_367' title='bbox 3461 2821 3664 2876; x_wconf 77' lang='grc' dir='ltr'>αὐτῶν.</span> 
     </span>
    </p>
   </div>
   <div class='ocr_carea' id='block_1_70' title="bbox 2149 2915 3666 2988">
    <p class='ocr_par' dir='ltr' id='par_1_70' title="bbox 2149 2915 3666 2988">
     <span class='ocr_line' id='line_1_70' title="bbox 2149 2915 3666 2988; baseline -0.003 -16"><span class='ocrx_word' id='word_1_368' title='bbox 2149 2919 2238 2972; x_wconf 79' lang='lat'><strong>&#39;55.</strong></span> <span class='ocrx_word' id='word_1_369' title='bbox 2286 2916 2427 2986; x_wconf 82' lang='grc' dir='ltr'><strong>Ἐγὼ</strong></span> <span class='ocrx_word' id='word_1_370' title='bbox 2463 2919 2520 2970; x_wconf 85' lang='grc' dir='ltr'>δὲ</span> <span class='ocrx_word' id='word_1_371' title='bbox 2557 2919 2614 2970; x_wconf 79' lang='grc' dir='ltr'>ἐν</span> <span class='ocrx_word' id='word_1_372' title='bbox 2647 2917 2962 2988; x_wconf 77' lang='grc' dir='ltr'>δικαιοσύνῃ</span> <span class='ocrx_word' id='word_1_373' title='bbox 2991 2915 3301 2988; x_wconf 75' lang='grc' dir='ltr'>ὀφθήσομαι</span> <span class='ocrx_word' id='word_1_374' title='bbox 3347 2915 3428 2985; x_wconf 80' lang='grc' dir='ltr'><strong>τῷ</strong></span> <span class='ocrx_word' id='word_1_375' title='bbox 3487 2931 3666 2985; x_wconf 77' lang='grc' dir='ltr'>προσ-</span> 
     </span>
    </p>
   </div>
   <div class='ocr_carea' id='block_1_71' title="bbox 2087 3012 2367 3084">
    <p class='ocr_par' dir='ltr' id='par_1_71' title="bbox 2087 3012 2367 3084">
     <span class='ocr_line' id='line_1_71' title="bbox 2087 3012 2367 3084; baseline -0.004 -19"><span class='ocrx_word' id='word_1_376' title='bbox 2087 3012 2130 3065; x_wconf 84' lang='grc' dir='ltr'>ώ</span> <span class='ocrx_word' id='word_1_377' title='bbox 2137 3031 2222 3084; x_wconf 71' lang='lat' dir='ltr'><strong>mp</strong></span> <span class='ocrx_word' id='word_1_378' title='bbox 2253 3029 2367 3076; x_wconf 87' lang='grc' dir='ltr'>σου,</span> 
     </span>
    </p>
   </div>
   <div class='ocr_carea' id='block_1_72' title="bbox 2151 3101 3664 3174">
    <p class='ocr_par' dir='ltr' id='par_1_72' title="bbox 2151 3101 3664 3174">
     <span class='ocr_line' id='line_1_72' title="bbox 2151 3101 3664 3174; baseline -0.001 -15"><span class='ocrx_word' id='word_1_379' title='bbox 2151 3104 2239 3159; x_wconf 89' lang='grc'><strong>56.</strong></span> <span class='ocrx_word' id='word_1_380' title='bbox 2257 3103 2714 3174; x_wconf 82' lang='grc' dir='ltr'>Χορτασθήσομαι</span> <span class='ocrx_word' id='word_1_381' title='bbox 2735 3103 2792 3155; x_wconf 84' lang='grc' dir='ltr'>ὲν</span> <span class='ocrx_word' id='word_1_382' title='bbox 2807 3101 2883 3171; x_wconf 83' lang='grc' dir='ltr'>τῷ</span> <span class='ocrx_word' id='word_1_383' title='bbox 2897 3101 3126 3172; x_wconf 77' lang='grc' dir='ltr'>ὀφθῆναί</span> <span class='ocrx_word' id='word_1_384' title='bbox 3146 3120 3234 3172; x_wconf 90' lang='grc' dir='ltr'><strong>μοι</strong></span> <span class='ocrx_word' id='word_1_385' title='bbox 3253 3103 3350 3173; x_wconf 77' lang='grc' dir='ltr'><strong>τὴν</strong></span> <span class='ocrx_word' id='word_1_386' title='bbox 3369 3101 3526 3168; x_wconf 77' lang='grc' dir='ltr'>δόξαν</span> <span class='ocrx_word' id='word_1_387' title='bbox 3545 3117 3664 3158; x_wconf 83' lang='grc' dir='ltr'>σου.</span> 
     </span>
    </p>
   </div>
   <div class='ocr_carea' id='block_1_73' title="bbox 1545 3235 2519 3295">
    <p class='ocr_par' dir='ltr' id='par_1_73' title="bbox 1545 3235 2519 3295">
     <span class='ocr_line' id='line_1_73' title="bbox 1545 3235 2519 3295; baseline -0.005 -2"><span class='ocrx_word' id='word_1_388' title='bbox 1545 3239 1912 3294; x_wconf 83' lang='lat' dir='ltr'><strong>ATHANASII</strong></span> <span class='ocrx_word' id='word_1_389' title='bbox 1949 3235 2519 3295; x_wconf 78' lang='lat' dir='ltr'><strong>INTERPBETATlO.</strong></span> 
     </span>
    </p>
   </div>
   <div class='ocr_carea' id='block_1_74' title="bbox 477 3357 1982 3434">
    <p class='ocr_par' dir='ltr' id='par_1_74' title="bbox 477 3357 1982 3434">
     <span class='ocr_line' id='line_1_74' title="bbox 477 3357 1982 3434; baseline 0.004 -24"><span class='ocrx_word' id='word_1_390' title='bbox 477 3357 564 3412; x_wconf 88' lang='grc'><strong>12.</strong></span> <span class='ocrx_word' id='word_1_391' title='bbox 595 3357 888 3428; x_wconf 90' lang='lat' dir='ltr'><strong>Propterea</strong></span> <span class='ocrx_word' id='word_1_392' title='bbox 914 3359 978 3414; x_wconf 90' lang='lat' dir='ltr'><strong>ad</strong></span> <span class='ocrx_word' id='word_1_393' title='bbox 1017 3370 1067 3414; x_wconf 90' lang='lat' dir='ltr'><strong>te</strong></span> <span class='ocrx_word' id='word_1_394' title='bbox 1107 3361 1338 3416; x_wconf 84' lang='lat' dir='ltr'><strong>clamavi</strong></span> <span class='ocrx_word' id='word_1_395' title='bbox 1391 3371 1650 3432; x_wconf 81' lang='lat' dir='ltr'><strong>expertus</strong></span> <span class='ocrx_word' id='word_1_396' title='bbox 1689 3363 1801 3432; x_wconf 88' lang='lat' dir='ltr'><strong>jam</strong></span> <span class='ocrx_word' id='word_1_397' title='bbox 1835 3363 1982 3434; x_wconf 91' lang='lat' dir='ltr'><strong>quod</strong></span> 
     </span>
    </p>
   </div>
   <div class='ocr_carea' id='block_1_75' title="bbox 407 3449 1397 3521">
    <p class='ocr_par' dir='ltr' id='par_1_75' title="bbox 407 3449 1397 3521">
     <span class='ocr_line' id='line_1_75' title="bbox 407 3449 1397 3521; baseline 0.005 -19"><span class='ocrx_word' id='word_1_398' title='bbox 407 3449 637 3504; x_wconf 82' lang='lat' dir='ltr'><strong>exaudis</strong></span> <span class='ocrx_word' id='word_1_399' title='bbox 671 3465 789 3513; x_wconf 87' lang='lat' dir='ltr'><strong>eos,</strong></span> <span class='ocrx_word' id='word_1_400' title='bbox 822 3451 916 3518; x_wconf 92' lang='lat' dir='ltr'><strong>qui</strong></span> <span class='ocrx_word' id='word_1_401' title='bbox 941 3459 990 3504; x_wconf 89' lang='lat' dir='ltr'><strong>te</strong></span> <span class='ocrx_word' id='word_1_402' title='bbox 1013 3451 1397 3521; x_wconf 88' lang='lat' dir='ltr'><strong>deprecantur.</strong></span> 
     </span>
    </p>
   </div>
   <div class='ocr_carea' id='block_1_76' title="bbox 473 3541 540 3595">
    <p class='ocr_par' dir='ltr' id='par_1_76' title="bbox 473 3541 540 3595">
     <span class='ocr_line' id='line_1_76' title="bbox 473 3541 540 3595; baseline 0 0"><span class='ocrx_word' id='word_1_403' title='bbox 473 3541 540 3595; x_wconf 87' lang='grc'><strong>15</strong></span> 
     </span>
    </p>
   </div>
   <div class='ocr_carea' id='block_1_77' title="bbox 545 3542 1978 3616">
    <p class='ocr_par' dir='ltr' id='par_1_77' title="bbox 545 3542 1978 3616">
     <span class='ocr_line' id='line_1_77' title="bbox 545 3542 1978 3616; baseline 0.003 -21"><span class='ocrx_word' id='word_1_404' title='bbox 545 3583 557 3595; x_wconf 97' lang='grc'><strong>.</strong></span> <span class='ocrx_word' id='word_1_405' title='bbox 585 3542 858 3612; x_wconf 79' lang='lat' dir='ltr'><strong>Benignus</strong></span> <span class='ocrx_word' id='word_1_406' title='bbox 886 3544 1019 3597; x_wconf 88' lang='lat' dir='ltr'><strong>mihi</strong></span> <span class='ocrx_word' id='word_1_407' title='bbox 1049 3555 1184 3608; x_wconf 88' lang='lat' dir='ltr'><strong>esto,</strong></span> <span class='ocrx_word' id='word_1_408' title='bbox 1213 3556 1268 3599; x_wconf 85' lang='lat' dir='ltr'><strong>et</strong></span> <span class='ocrx_word' id='word_1_409' title='bbox 1313 3546 1476 3616; x_wconf 90' lang='lat' dir='ltr'><strong>imple</strong></span> <span class='ocrx_word' id='word_1_410' title='bbox 1509 3561 1631 3614; x_wconf 82' lang='lat' dir='ltr'><strong>quae</strong></span> <span class='ocrx_word' id='word_1_411' title='bbox 1665 3561 1694 3599; x_wconf 90' lang='lat' dir='ltr'><strong>a</strong></span> <span class='ocrx_word' id='word_1_412' title='bbox 1723 3555 1773 3600; x_wconf 89' lang='lat' dir='ltr'><strong>te</strong></span> <span class='ocrx_word' id='word_1_413' title='bbox 1797 3560 1978 3615; x_wconf 89' lang='lat' dir='ltr'><strong>posco.</strong></span> 
     </span>
    </p>
   </div>
   <div class='ocr_carea' id='block_1_78' title="bbox 477 3635 1872 3706">
    <p class='ocr_par' dir='ltr' id='par_1_78' title="bbox 477 3635 1872 3706">
     <span class='ocr_line' id='line_1_78' title="bbox 477 3635 1872 3706; baseline 0.004 -19"><span class='ocrx_word' id='word_1_414' title='bbox 477 3635 564 3697; x_wconf 75' lang='lat' dir='ltr'><strong>M,</strong></span> <span class='ocrx_word' id='word_1_415' title='bbox 596 3635 684 3690; x_wconf 84' lang='grc'><strong>15.</strong></span> <span class='ocrx_word' id='word_1_416' title='bbox 717 3635 1002 3706; x_wconf 81' lang='lat' dir='ltr'><strong>Magniﬁca</strong></span> <span class='ocrx_word' id='word_1_417' title='bbox 1031 3637 1461 3692; x_wconf 87' lang='lat' dir='ltr'><strong>misericordiam</strong></span> <span class='ocrx_word' id='word_1_418' title='bbox 1499 3647 1648 3691; x_wconf 85' lang='lat' dir='ltr'><strong>tuam</strong></span> <span class='ocrx_word' id='word_1_419' title='bbox 1681 3638 1736 3691; x_wconf 90' lang='lat' dir='ltr'><strong>in</strong></span> <span class='ocrx_word' id='word_1_420' title='bbox 1767 3653 1872 3692; x_wconf 89' lang='lat' dir='ltr'><strong>me.</strong></span> 
     </span>
    </p>
   </div>
   <div class='ocr_carea' id='block_1_79' title="bbox 477 3723 1474 3796">
    <p class='ocr_par' dir='ltr' id='par_1_79' title="bbox 477 3723 1474 3796">
     <span class='ocr_line' id='line_1_79' title="bbox 477 3723 1474 3796; baseline 0.003 -19"><span class='ocrx_word' id='word_1_421' title='bbox 477 3723 562 3778; x_wconf 80' lang='grc'><strong>16.</strong></span> <span class='ocrx_word' id='word_1_422' title='bbox 599 3726 681 3778; x_wconf 90' lang='grc'><em>17.</em></span> <span class='ocrx_word' id='word_1_423' title='bbox 727 3724 800 3780; x_wconf 89' lang='lat' dir='ltr'><strong>De</strong></span> <span class='ocrx_word' id='word_1_424' title='bbox 825 3727 1164 3782; x_wconf 69' lang='lat' dir='ltr'><strong>daemonibus</strong></span> <span class='ocrx_word' id='word_1_425' title='bbox 1191 3727 1432 3796; x_wconf 90' lang='lat' dir='ltr'><strong>loquitur</strong></span> <span class='ocrx_word' id='word_1_426' title='bbox 1463 3745 1474 3780; x_wconf 94' lang='lat'>:</span> 
     </span>
    </p>
   </div>
   <div class='ocr_carea' id='block_1_80' title="bbox 479 3819 1698 3889">
    <p class='ocr_par' dir='ltr' id='par_1_80' title="bbox 479 3819 1698 3889">
     <span class='ocr_line' id='line_1_80' title="bbox 479 3819 1698 3889; baseline 0.002 -18"><span class='ocrx_word' id='word_1_427' title='bbox 479 3819 566 3872; x_wconf 89' lang='grc'><em>18.</em></span> <span class='ocrx_word' id='word_1_428' title='bbox 605 3819 662 3871; x_wconf 82' lang='lat' dir='ltr'><strong>In</strong></span> <span class='ocrx_word' id='word_1_429' title='bbox 687 3819 1173 3887; x_wconf 79' lang='lat' dir='ltr'><strong>justiﬁcationibus</strong></span> <span class='ocrx_word' id='word_1_430' title='bbox 1209 3821 1317 3874; x_wconf 91' lang='lat' dir='ltr'><strong>tuis</strong></span> <span class='ocrx_word' id='word_1_431' title='bbox 1355 3821 1552 3889; x_wconf 90' lang='lat' dir='ltr'><strong>adjuva</strong></span> <span class='ocrx_word' id='word_1_432' title='bbox 1585 3836 1698 3886; x_wconf 90' lang='lat' dir='ltr'><strong>me;</strong></span> 
     </span>
    </p>
   </div>
   <div class='ocr_carea' id='block_1_81' title="bbox 481 3909 1750 3980">
    <p class='ocr_par' dir='ltr' id='par_1_81' title="bbox 481 3909 1750 3980">
     <span class='ocr_line' id='line_1_81' title="bbox 481 3909 1750 3980; baseline 0.001 -17"><span class='ocrx_word' id='word_1_433' title='bbox 481 3911 568 3964; x_wconf 83' lang='grc'><strong>19.</strong></span> <span class='ocrx_word' id='word_1_434' title='bbox 607 3909 944 3976; x_wconf 79' lang='lat' dir='ltr'><strong>Daemonum,</strong></span> <span class='ocrx_word' id='word_1_435' title='bbox 986 3913 1080 3980; x_wconf 90' lang='lat' dir='ltr'><strong>qui</strong></span> <span class='ocrx_word' id='word_1_436' title='bbox 1117 3927 1342 3980; x_wconf 87' lang='lat' dir='ltr'><strong>peccare</strong></span> <span class='ocrx_word' id='word_1_437' title='bbox 1369 3927 1454 3965; x_wconf 88' lang='lat' dir='ltr'><strong>me</strong></span> <span class='ocrx_word' id='word_1_438' title='bbox 1487 3911 1750 3966; x_wconf 79' lang='lat' dir='ltr'><strong>fecerunt.</strong></span> 
     </span>
    </p>
   </div>
   <div class='ocr_carea' id='block_1_82' title="bbox 475 4001 914 4056">
    <p class='ocr_par' dir='ltr' id='par_1_82' title="bbox 475 4001 914 4056">
     <span class='ocr_line' id='line_1_82' title="bbox 475 4001 914 4056; baseline 0.005 -2"><span class='ocrx_word' id='word_1_439' title='bbox 475 4002 566 4054; x_wconf 85' lang='grc'><em>20.</em></span> <span class='ocrx_word' id='word_1_440' title='bbox 617 4001 914 4056; x_wconf 68' lang='lat' dir='ltr'><strong>Daetnones.</strong></span> 
     </span>
    </p>
   </div>
   <div class='ocr_carea' id='block_1_83' title="bbox 472 4097 534 4150">
    <p class='ocr_par' dir='ltr' id='par_1_83' title="bbox 472 4097 534 4150">
     <span class='ocr_line' id='line_1_83' title="bbox 472 4097 534 4150; baseline -0.016 0"><span class='ocrx_word' id='word_1_441' title='bbox 472 4097 534 4150; x_wconf 86' lang='grc'><strong>21</strong></span> 
     </span>
    </p>
   </div>
   <div class='ocr_carea' id='block_1_84' title="bbox 549 4095 1983 4164">
    <p class='ocr_par' dir='ltr' id='par_1_84' title="bbox 549 4095 1983 4164">
     <span class='ocr_line' id='line_1_84' title="bbox 549 4095 1983 4164; baseline 0 -12"><span class='ocrx_word' id='word_1_442' title='bbox 549 4139 562 4152; x_wconf 94' lang='grc'><strong>.</strong></span> <span class='ocrx_word' id='word_1_443' title='bbox 587 4097 900 4164; x_wconf 84' lang='lat' dir='ltr'><strong>Voluptates</strong></span> <span class='ocrx_word' id='word_1_444' title='bbox 922 4109 1050 4150; x_wconf 86' lang='lat' dir='ltr'><strong>suas</strong></span> <span class='ocrx_word' id='word_1_445' title='bbox 1067 4104 1375 4150; x_wconf 84' lang='lat' dir='ltr'><strong>statuerunt</strong></span> <span class='ocrx_word' id='word_1_446' title='bbox 1394 4095 1666 4150; x_wconf 79' lang='lat' dir='ltr'><strong>declinare</strong></span> <span class='ocrx_word' id='word_1_447' title='bbox 1683 4097 1735 4149; x_wconf 91' lang='lat' dir='ltr'><strong>in</strong></span> <span class='ocrx_word' id='word_1_448' title='bbox 1764 4105 1983 4152; x_wconf 87' lang='lat' dir='ltr'><strong>terram.</strong></span> 
     </span>
    </p>
   </div>
   <div class='ocr_carea' id='block_1_85' title="bbox 479 4189 1361 4243">
    <p class='ocr_par' dir='ltr' id='par_1_85' title="bbox 479 4189 1361 4243">
     <span class='ocr_line' id='line_1_85' title="bbox 479 4189 1361 4243; baseline -0.002 0"><span class='ocrx_word' id='word_1_449' title='bbox 479 4189 568 4243; x_wconf 85' lang='grc'><strong>22.</strong></span> <span class='ocrx_word' id='word_1_450' title='bbox 600 4189 936 4243; x_wconf 89' lang='lat' dir='ltr'><strong>Pulaverunt</strong></span> <span class='ocrx_word' id='word_1_451' title='bbox 964 4205 1022 4243; x_wconf 89' lang='lat' dir='ltr'><strong>se</strong></span> <span class='ocrx_word' id='word_1_452' title='bbox 1051 4189 1182 4243; x_wconf 90' lang='lat' dir='ltr'><strong>deos</strong></span> <span class='ocrx_word' id='word_1_453' title='bbox 1219 4205 1361 4243; x_wconf 89' lang='lat' dir='ltr'><strong>esse.</strong></span> 
     </span>
    </p>
   </div>
   <div class='ocr_carea' id='block_1_86' title="bbox 475 4280 1892 4336">
    <p class='ocr_par' dir='ltr' id='par_1_86' title="bbox 475 4280 1892 4336">
     <span class='ocr_line' id='line_1_86' title="bbox 475 4280 1892 4336; baseline -0.001 0"><span class='ocrx_word' id='word_1_454' title='bbox 475 4284 560 4336; x_wconf 85' lang='grc'><strong>25.</strong></span> <span class='ocrx_word' id='word_1_455' title='bbox 595 4283 986 4336; x_wconf 75' lang='lat' dir='ltr'><strong>Abstralientes</strong></span> <span class='ocrx_word' id='word_1_456' title='bbox 1017 4297 1102 4334; x_wconf 89' lang='lat' dir='ltr'><strong>me</strong></span> <span class='ocrx_word' id='word_1_457' title='bbox 1137 4297 1166 4334; x_wconf 92' lang='lat' dir='ltr'><strong>a</strong></span> <span class='ocrx_word' id='word_1_458' title='bbox 1199 4291 1252 4334; x_wconf 92' lang='lat' dir='ltr'><strong>te</strong></span> <span class='ocrx_word' id='word_1_459' title='bbox 1279 4280 1756 4336; x_wconf 88' lang='lat' dir='ltr'><strong>circumdederunt</strong></span> <span class='ocrx_word' id='word_1_460' title='bbox 1787 4297 1892 4336; x_wconf 89' lang='lat' dir='ltr'><strong>me.</strong></span> 
     </span>
    </p>
   </div>
   <div class='ocr_carea' id='block_1_87' title="bbox 2163 3347 3666 3424">
    <p class='ocr_par' dir='ltr' id='par_1_87' title="bbox 2163 3347 3666 3424">
     <span class='ocr_line' id='line_1_87' title="bbox 2163 3347 3666 3424; baseline -0.007 -14"><span class='ocrx_word' id='word_1_461' title='bbox 2163 3357 2246 3410; x_wconf 81' lang='grc'><strong>12.</strong></span> <span class='ocrx_word' id='word_1_462' title='bbox 2277 3355 2374 3410; x_wconf 75' lang='grc' dir='ltr'><strong>Διὰ</strong></span> <span class='ocrx_word' id='word_1_463' title='bbox 2397 3354 2556 3408; x_wconf 79' lang='grc' dir='ltr'>τοῦτο</span> <span class='ocrx_word' id='word_1_464' title='bbox 2575 3353 2774 3422; x_wconf 77' lang='grc' dir='ltr'>ἐϐόησα</span> <span class='ocrx_word' id='word_1_465' title='bbox 2793 3351 2926 3424; x_wconf 80' lang='grc' dir='ltr'>πρὸς</span> <span class='ocrx_word' id='word_1_466' title='bbox 2948 3351 3027 3412; x_wconf 84' lang='grc' dir='ltr'><strong>σὲ,</strong></span> <span class='ocrx_word' id='word_1_467' title='bbox 3053 3349 3153 3420; x_wconf 71' lang='grc' dir='ltr'>ἤδη</span> <span class='ocrx_word' id='word_1_468' title='bbox 3177 3348 3367 3420; x_wconf 81' lang='grc' dir='ltr'>πεῖράν</span> <span class='ocrx_word' id='word_1_469' title='bbox 3387 3365 3480 3400; x_wconf 87' lang='grc' dir='ltr'><strong>σου</strong></span> <span class='ocrx_word' id='word_1_470' title='bbox 3503 3347 3666 3418; x_wconf 79' lang='grc' dir='ltr'>ἔχων,</span> 
     </span>
    </p>
   </div>
   <div class='ocr_carea' id='block_1_88' title="bbox 2085 3443 3070 3512">
    <p class='ocr_par' dir='ltr' id='par_1_88' title="bbox 2085 3443 3070 3512">
     <span class='ocr_line' id='line_1_88' title="bbox 2085 3443 3070 3512; baseline -0.01 -10"><span class='ocrx_word' id='word_1_471' title='bbox 2085 3449 2164 3502; x_wconf 80' lang='grc' dir='ltr'><strong>ὅτι</strong></span> <span class='ocrx_word' id='word_1_472' title='bbox 2191 3445 2498 3508; x_wconf 83' lang='grc' dir='ltr'>εἰσακούεις</span> <span class='ocrx_word' id='word_1_473' title='bbox 2522 3443 2629 3498; x_wconf 85' lang='grc' dir='ltr'><strong>τῶν</strong></span> <span class='ocrx_word' id='word_1_474' title='bbox 2655 3443 2923 3512; x_wconf 82' lang='grc' dir='ltr'>δεομένων</span> <span class='ocrx_word' id='word_1_475' title='bbox 2959 3459 3070 3493; x_wconf 80' lang='grc' dir='ltr'>σου.</span> 
     </span>
    </p>
   </div>
   <div class='ocr_carea' id='block_1_89' title="bbox 2159 3527 3666 3606">
    <p class='ocr_par' dir='ltr' id='par_1_89' title="bbox 2159 3527 3666 3606">
     <span class='ocr_line' id='line_1_89' title="bbox 2159 3527 3666 3606; baseline -0.006 -16"><span class='ocrx_word' id='word_1_476' title='bbox 2159 3539 2244 3592; x_wconf 89' lang='grc'><strong>15.</strong></span> <span class='ocrx_word' id='word_1_477' title='bbox 2267 3537 2514 3606; x_wconf 77' lang='grc' dir='ltr'>Εὐμενής</span> <span class='ocrx_word' id='word_1_478' title='bbox 2539 3551 2624 3604; x_wconf 87' lang='grc' dir='ltr'><strong>μοι</strong></span> <span class='ocrx_word' id='word_1_479' title='bbox 2649 3532 2828 3601; x_wconf 80' lang='grc' dir='ltr'>γενοῦ,</span> <span class='ocrx_word' id='word_1_480' title='bbox 2851 3531 2946 3583; x_wconf 70' lang='grc' dir='ltr'><strong>καὶ</strong></span> <span class='ocrx_word' id='word_1_481' title='bbox 2965 3531 3249 3600; x_wconf 75' lang='grc' dir='ltr'>πλήρωσον</span> <span class='ocrx_word' id='word_1_482' title='bbox 3273 3530 3413 3599; x_wconf 71' lang='grc' dir='ltr'>ἅπερ</span> <span class='ocrx_word' id='word_1_483' title='bbox 3431 3527 3566 3582; x_wconf 76' lang='grc' dir='ltr'><strong>αξτῶ</strong></span> <span class='ocrx_word' id='word_1_484' title='bbox 3585 3545 3666 3581; x_wconf 86' lang='grc' dir='ltr'>σε.</span> 
     </span>
    </p>
   </div>
   <div class='ocr_carea' id='block_1_90' title="bbox 2161 3621 3363 3694">
    <p class='ocr_par' dir='ltr' id='par_1_90' title="bbox 2161 3621 3363 3694">
     <span class='ocr_line' id='line_1_90' title="bbox 2161 3621 3363 3694; baseline -0.009 -12"><span class='ocrx_word' id='word_1_485' title='bbox 2161 3629 2244 3682; x_wconf 69' lang='grc'><em>14.</em></span> <span class='ocrx_word' id='word_1_486' title='bbox 2283 3627 2368 3681; x_wconf 78' lang='grc'><strong>15.</strong></span> <span class='ocrx_word' id='word_1_487' title='bbox 2397 3626 2710 3694; x_wconf 77' lang='grc' dir='ltr'>Μεγαλύνον</span> <span class='ocrx_word' id='word_1_488' title='bbox 2741 3625 2800 3676; x_wconf 87' lang='grc' dir='ltr'>τὺ</span> <span class='ocrx_word' id='word_1_489' title='bbox 2830 3624 2976 3685; x_wconf 81' lang='grc' dir='ltr'>ἔλεός</span> <span class='ocrx_word' id='word_1_490' title='bbox 3013 3639 3105 3674; x_wconf 86' lang='grc' dir='ltr'><strong>σου</strong></span> <span class='ocrx_word' id='word_1_491' title='bbox 3141 3624 3220 3685; x_wconf 78' lang='grc' dir='ltr'>εἰς</span> <span class='ocrx_word' id='word_1_492' title='bbox 3245 3621 3363 3691; x_wconf 77' lang='grc' dir='ltr'>ἐμέ.</span> 
     </span>
    </p>
   </div>
   <div class='ocr_carea' id='block_1_91' title="bbox 2159 3713 3173 3786">
    <p class='ocr_par' dir='ltr' id='par_1_91' title="bbox 2159 3713 3173 3786">
     <span class='ocr_line' id='line_1_91' title="bbox 2159 3713 3173 3786; baseline -0.009 -14"><span class='ocrx_word' id='word_1_493' title='bbox 2159 3718 2245 3784; x_wconf 85' lang='grc'><strong>16,</strong></span> <span class='ocrx_word' id='word_1_494' title='bbox 2283 3719 2366 3772; x_wconf 87' lang='grc'><em>17.</em></span> <span class='ocrx_word' id='word_1_495' title='bbox 2400 3718 2533 3786; x_wconf 75' lang='grc' dir='ltr'>Περὶ</span> <span class='ocrx_word' id='word_1_496' title='bbox 2561 3715 2667 3768; x_wconf 83' lang='grc' dir='ltr'><strong>τῶν</strong></span> <span class='ocrx_word' id='word_1_497' title='bbox 2701 3714 2972 3784; x_wconf 81' lang='grc' dir='ltr'>δαιμόνων</span> <span class='ocrx_word' id='word_1_498' title='bbox 3006 3713 3173 3779; x_wconf 82' lang='grc' dir='ltr'>λέγει.</span> 
     </span>
    </p>
   </div>
   <div class='ocr_carea' id='block_1_92' title="bbox 2159 3803 3434 3878">
    <p class='ocr_par' dir='ltr' id='par_1_92' title="bbox 2159 3803 3434 3878">
     <span class='ocr_line' id='line_1_92' title="bbox 2159 3803 3434 3878; baseline -0.008 -14"><span class='ocrx_word' id='word_1_499' title='bbox 2159 3811 2248 3864; x_wconf 80' lang='grc'><em>18.</em></span> <span class='ocrx_word' id='word_1_500' title='bbox 2293 3812 2379 3863; x_wconf 90' lang='grc' dir='ltr'>Ἐν</span> <span class='ocrx_word' id='word_1_501' title='bbox 2405 3813 2516 3872; x_wconf 86' lang='grc' dir='ltr'>τοῖς</span> <span class='ocrx_word' id='word_1_502' title='bbox 2541 3807 2870 3878; x_wconf 79' lang='grc' dir='ltr'>δικαιώμασί</span> <span class='ocrx_word' id='word_1_503' title='bbox 2905 3823 2997 3857; x_wconf 78' lang='grc' dir='ltr'>σου</span> <span class='ocrx_word' id='word_1_504' title='bbox 3031 3803 3294 3874; x_wconf 74' lang='grc' dir='ltr'>βοήθησὸν</span> <span class='ocrx_word' id='word_1_505' title='bbox 3325 3819 3434 3871; x_wconf 87' lang='grc' dir='ltr'>μοι.</span> 
     </span>
    </p>
   </div>
   <div class='ocr_carea' id='block_1_93' title="bbox 2159 3890 3670 3970">
    <p class='ocr_par' dir='ltr' id='par_1_93' title="bbox 2159 3890 3670 3970">
     <span class='ocr_line' id='line_1_93' title="bbox 2159 3890 3670 3970; baseline -0.007 -16"><span class='ocrx_word' id='word_1_506' title='bbox 2159 3902 2246 3955; x_wconf 88' lang='grc'><strong>19.</strong></span> <span class='ocrx_word' id='word_1_507' title='bbox 2275 3901 2394 3952; x_wconf 86' lang='grc' dir='ltr'><strong>Τῶν</strong></span> <span class='ocrx_word' id='word_1_508' title='bbox 2420 3899 2684 3970; x_wconf 82' lang='grc' dir='ltr'>δαιμόνων</span> <span class='ocrx_word' id='word_1_509' title='bbox 2715 3897 2820 3950; x_wconf 87' lang='grc' dir='ltr'><strong>τῶν</strong></span> <span class='ocrx_word' id='word_1_510' title='bbox 2849 3895 3186 3966; x_wconf 77' lang='grc' dir='ltr'>ποιησάντων</span> <span class='ocrx_word' id='word_1_511' title='bbox 3227 3890 3540 3963; x_wconf 82' lang='grc' dir='ltr'>ἁμαρτῆσαῑ</span> <span class='ocrx_word' id='word_1_512' title='bbox 3577 3907 3670 3960; x_wconf 84' lang='grc' dir='ltr'><em>με..</em></span> 
     </span>
    </p>
   </div>
   <div class='ocr_carea' id='block_1_94' title="bbox 2155 3995 2630 4066">
    <p class='ocr_par' dir='ltr' id='par_1_94' title="bbox 2155 3995 2630 4066">
     <span class='ocr_line' id='line_1_94' title="bbox 2155 3995 2630 4066; baseline -0.006 -17"><span class='ocrx_word' id='word_1_513' title='bbox 2155 3995 2243 4050; x_wconf 82' lang='grc'><em>20.</em></span> <span class='ocrx_word' id='word_1_514' title='bbox 2279 3997 2340 4048; x_wconf 87' lang='grc' dir='ltr'><strong>Οἱ</strong></span> <span class='ocrx_word' id='word_1_515' title='bbox 2363 3995 2630 4066; x_wconf 85' lang='grc' dir='ltr'>δαίμονες.</span> 
     </span>
    </p>
   </div>
   <div class='ocr_carea' id='block_1_95' title="bbox 2161 4079 3600 4157">
    <p class='ocr_par' dir='ltr' id='par_1_95' title="bbox 2161 4079 3600 4157">
     <span class='ocr_line' id='line_1_95' title="bbox 2161 4079 3600 4157; baseline -0.008 -16"><span class='ocrx_word' id='word_1_516' title='bbox 2161 4089 2250 4141; x_wconf 77' lang='grc'><strong>21.</strong></span> <span class='ocrx_word' id='word_1_517' title='bbox 2288 4086 2399 4150; x_wconf 81' lang='grc' dir='ltr'><strong>Τὰς</strong></span> <span class='ocrx_word' id='word_1_518' title='bbox 2430 4087 2616 4157; x_wconf 76' lang='grc' dir='ltr'>ἡδονὰς</span> <span class='ocrx_word' id='word_1_519' title='bbox 2645 4079 2822 4138; x_wconf 84' lang='grc' dir='ltr'>αὐτῶν</span> <span class='ocrx_word' id='word_1_520' title='bbox 2851 4083 3030 4136; x_wconf 79' lang='grc' dir='ltr'>ἔθεντο</span> <span class='ocrx_word' id='word_1_521' title='bbox 3055 4081 3297 4134; x_wconf 74' lang='grc' dir='ltr'>ἐκκλῖναι</span> <span class='ocrx_word' id='word_1_522' title='bbox 3333 4082 3391 4132; x_wconf 79' lang='grc' dir='ltr'>ἐν</span> <span class='ocrx_word' id='word_1_523' title='bbox 3415 4081 3483 4149; x_wconf 79' lang='grc' dir='ltr'>τῇ</span> <span class='ocrx_word' id='word_1_524' title='bbox 3505 4080 3600 4148; x_wconf 75' lang='grc' dir='ltr'><strong>γῇ.</strong></span> 
     </span>
    </p>
   </div>
   <div class='ocr_carea' id='block_1_96' title="bbox 2157 4171 3216 4249">
    <p class='ocr_par' dir='ltr' id='par_1_96' title="bbox 2157 4171 3216 4249">
     <span class='ocr_line' id='line_1_96' title="bbox 2157 4171 3216 4249; baseline -0.008 -15"><span class='ocrx_word' id='word_1_525' title='bbox 2157 4179 2248 4234; x_wconf 73' lang='grc'><strong>22.</strong></span> <span class='ocrx_word' id='word_1_526' title='bbox 2291 4180 2594 4249; x_wconf 75' lang='grc' dir='ltr'>Ἡγήσαντο</span> <span class='ocrx_word' id='word_1_527' title='bbox 2624 4177 2848 4239; x_wconf 73' lang='grc' dir='ltr'>ἑαυτοὺς</span> <span class='ocrx_word' id='word_1_528' title='bbox 2877 4171 3015 4228; x_wconf 76' lang='grc' dir='ltr'>εἶναι</span> <span class='ocrx_word' id='word_1_529' title='bbox 3045 4173 3216 4236; x_wconf 87' lang='grc' dir='ltr'>θεούς.</span> 
     </span>
    </p>
   </div>
   <div class='ocr_carea' id='block_1_97' title="bbox 2157 4261 3668 4337">
    <p class='ocr_par' dir='ltr' id='par_1_97' title="bbox 2157 4261 3668 4337">
     <span class='ocr_line' id='line_1_97' title="bbox 2157 4261 3668 4337; baseline -0.009 -13"><span class='ocrx_word' id='word_1_530' title='bbox 2157 4273 2246 4324; x_wconf 88' lang='grc'><strong>25.</strong></span> <span class='ocrx_word' id='word_1_531' title='bbox 2285 4269 2723 4331; x_wconf 77' lang='grc' dir='ltr'>’Λποσπάσαντές</span> <span class='ocrx_word' id='word_1_532' title='bbox 2753 4284 2818 4337; x_wconf 86' lang='grc' dir='ltr'><strong>με</strong></span> <span class='ocrx_word' id='word_1_533' title='bbox 2841 4267 2950 4319; x_wconf 73' lang='grc' dir='ltr'>ἀπὸ</span> <span class='ocrx_word' id='word_1_534' title='bbox 2975 4263 3087 4328; x_wconf 78' lang='grc' dir='ltr'>σοῦ,</span> <span class='ocrx_word' id='word_1_535' title='bbox 3107 4261 3549 4334; x_wconf 79' lang='grc' dir='ltr'>περιεκύκλωσὰν</span> <span class='ocrx_word' id='word_1_536' title='bbox 3579 4276 3668 4330; x_wconf 80' lang='grc' dir='ltr'>με.</span> 
     </span>
    </p>
   </div>
   <div class='ocr_carea' id='block_1_98' title="bbox 2159 4351 3666 4432">
    <p class='ocr_par' dir='ltr' id='par_1_98' title="bbox 2159 4351 3666 4432">
     <span class='ocr_line' id='line_1_98' title="bbox 2159 4351 3666 4432; baseline -0.01 -15"><span class='ocrx_word' id='word_1_537' title='bbox 2159 4364 2248 4417; x_wconf 68' lang='grc'><strong>21.</strong></span> <span class='ocrx_word' id='word_1_538' title='bbox 2268 4364 2329 4414; x_wconf 87' lang='grc' dir='ltr'><strong>Ἦ</strong></span> <span class='ocrx_word' id='word_1_539' title='bbox 2349 4362 2508 4432; x_wconf 78' lang='grc' dir='ltr'>βουλὴ</span> <span class='ocrx_word' id='word_1_540' title='bbox 2525 4361 2702 4413; x_wconf 79' lang='grc' dir='ltr'>αὐτῶν</span> <span class='ocrx_word' id='word_1_541' title='bbox 2720 4361 2835 4411; x_wconf 81' lang='grc' dir='ltr'>ἐστι</span> <span class='ocrx_word' id='word_1_542' title='bbox 2852 4358 3074 4428; x_wconf 73' lang='grc' dir='ltr'>ποιῆσαί</span> <span class='ocrx_word' id='word_1_543' title='bbox 3091 4375 3156 4427; x_wconf 86' lang='grc' dir='ltr'><strong>με</strong></span> <span class='ocrx_word' id='word_1_544' title='bbox 3173 4355 3418 4408; x_wconf 72' lang='grc' dir='ltr'>ἐκκλῖναι</span> <span class='ocrx_word' id='word_1_545' title='bbox 3430 4353 3536 4407; x_wconf 82' lang='grc' dir='ltr'><strong>ἀπὸ</strong></span> <span class='ocrx_word' id='word_1_546' title='bbox 3552 4351 3666 4404; x_wconf 76' lang='grc' dir='ltr'>σού.</span> 
     </span>
    </p>
   </div>
   <div class='ocr_carea' id='block_1_99' title="bbox 2159 4445 3666 4518">
    <p class='ocr_par' dir='ltr' id='par_1_99' title="bbox 2159 4445 3666 4518">
     <span class='ocr_line' id='line_1_99' title="bbox 2159 4445 3666 4518; baseline -0.009 -10"><span class='ocrx_word' id='word_1_547' title='bbox 2159 4455 2250 4518; x_wconf 78' lang='grc'><strong>25,</strong></span> <span class='ocrx_word' id='word_1_548' title='bbox 2284 4453 2374 4508; x_wconf 88' lang='grc'><strong>26.</strong></span> <span class='ocrx_word' id='word_1_549' title='bbox 2421 4455 2507 4516; x_wconf 79' lang='grc' dir='ltr'>Ὠς</span> <span class='ocrx_word' id='word_1_550' title='bbox 2542 4452 2676 4504; x_wconf 79' lang='grc' dir='ltr'>λέων</span> <span class='ocrx_word' id='word_1_551' title='bbox 2701 4490 2714 4514; x_wconf 89' lang='grc'><strong>,</strong></span> <span class='ocrx_word' id='word_1_552' title='bbox 2755 4451 2846 4503; x_wconf 81' lang='grc' dir='ltr'><strong>καὶ</strong></span> <span class='ocrx_word' id='word_1_553' title='bbox 2876 4450 2950 4512; x_wconf 83' lang='grc' dir='ltr'>ὡς</span> <span class='ocrx_word' id='word_1_554' title='bbox 2973 4449 3210 4518; x_wconf 86' lang='grc' dir='ltr'>σκύμνος</span> <span class='ocrx_word' id='word_1_555' title='bbox 3249 4445 3486 4500; x_wconf 78' lang='grc' dir='ltr'>οἰκοῦσιν</span> <span class='ocrx_word' id='word_1_556' title='bbox 3517 4446 3574 4496; x_wconf 84' lang='grc' dir='ltr'>ὲν</span> <span class='ocrx_word' id='word_1_557' title='bbox 3603 4445 3666 4512; x_wconf 83' lang='grc' dir='ltr'>τῇ</span> 
     </span>
    </p>
   </div>
   <div class='ocr_carea' id='block_1_100' title="bbox 483 4371 1984 4436">
    <p class='ocr_par' dir='ltr' id='par_1_100' title="bbox 483 4371 1984 4436">
     <span class='ocr_line' id='line_1_100' title="bbox 483 4371 1984 4436; baseline 0 -8"><span class='ocrx_word' id='word_1_558' title='bbox 483 4375 570 4430; x_wconf 76' lang='grc'><em>2-1.</em></span> <span class='ocrx_word' id='word_1_559' title='bbox 596 4375 898 4428; x_wconf 82' lang='lat' dir='ltr'><strong>Consilium</strong></span> <span class='ocrx_word' id='word_1_560' title='bbox 921 4389 1109 4427; x_wconf 89' lang='lat' dir='ltr'><strong>eorum</strong></span> <span class='ocrx_word' id='word_1_561' title='bbox 1136 4371 1466 4436; x_wconf 83' lang='lat' dir='ltr'><strong>esteflieere,</strong></span> <span class='ocrx_word' id='word_1_562' title='bbox 1493 4381 1599 4426; x_wconf 89' lang='lat' dir='ltr'><strong>uta</strong></span> <span class='ocrx_word' id='word_1_563' title='bbox 1626 4382 1675 4427; x_wconf 91' lang='lat' dir='ltr'><strong>te</strong></span> <span class='ocrx_word' id='word_1_564' title='bbox 1695 4375 1984 4428; x_wconf 88' lang='lat' dir='ltr'><strong>declinem.</strong></span> 
     </span>
    </p>
   </div>
   <div class='ocr_carea' id='block_1_101' title="bbox 479 4465 1988 4533">
    <p class='ocr_par' dir='ltr' id='par_1_101' title="bbox 479 4465 1988 4533">
     <span class='ocr_line' id='line_1_101' title="bbox 479 4465 1988 4533; baseline -0.001 -11"><span class='ocrx_word' id='word_1_565' title='bbox 479 4469 572 4533; x_wconf 75' lang='grc'><strong>25,</strong></span> <span class='ocrx_word' id='word_1_566' title='bbox 607 4467 698 4522; x_wconf 88' lang='grc'><strong>26,</strong></span> <span class='ocrx_word' id='word_1_567' title='bbox 736 4467 892 4521; x_wconf 89' lang='lat' dir='ltr'><strong>Sicut</strong></span> <span class='ocrx_word' id='word_1_568' title='bbox 943 4467 1062 4530; x_wconf 87' lang='lat' dir='ltr'><strong>leo,</strong></span> <span class='ocrx_word' id='word_1_569' title='bbox 1114 4474 1168 4518; x_wconf 89' lang='lat' dir='ltr'><strong>et</strong></span> <span class='ocrx_word' id='word_1_570' title='bbox 1202 4465 1418 4519; x_wconf 88' lang='lat' dir='ltr'><strong>catulus</strong></span> <span class='ocrx_word' id='word_1_571' title='bbox 1453 4465 1700 4520; x_wconf 86' lang='lat' dir='ltr'><strong>habitant</strong></span> <span class='ocrx_word' id='word_1_572' title='bbox 1734 4467 1787 4519; x_wconf 90' lang='lat' dir='ltr'><strong>in</strong></span> <span class='ocrx_word' id='word_1_573' title='bbox 1824 4467 1988 4521; x_wconf 88' lang='lat' dir='ltr'><strong>corde</strong></span> 
     </span>
    </p>
   </div>
   <div class='ocr_carea' id='block_1_102' title="bbox 410 4548 2005 4619">
    <p class='ocr_par' dir='ltr' id='par_1_102' title="bbox 410 4577 552 4616">
     <span class='ocr_line' id='line_1_102' title="bbox 410 4577 552 4616; baseline -0.014 0"><span class='ocrx_word' id='word_1_574' title='bbox 410 4577 552 4616; x_wconf 74' lang='lat'><strong>“160.</strong></span> 
     </span>
    </p>
   </div>
   <div class='ocr_carea' id='block_1_103' title="bbox 2151 4548 2444 4619">
    <p class='ocr_par' dir='ltr' id='par_1_103' title="bbox 2151 4548 2444 4619">
     <span class='ocr_line' id='line_1_103' title="bbox 2151 4548 2444 4619; baseline 0 -19"><span class='ocrx_word' id='word_1_575' title='bbox 2151 4548 2290 4619; x_wconf 72' lang='grc' dir='ltr'>ιρδίᾳ</span> <span class='ocrx_word' id='word_1_576' title='bbox 2323 4563 2444 4616; x_wconf 84' lang='grc' dir='ltr'>μου.</span> 
     </span>
    </p>
   </div>
   <div class='ocr_carea' id='block_1_104' title="bbox 479 4625 2005 4721">
    <p class='ocr_par' dir='ltr' id='par_1_104' title="bbox 479 4649 1986 4721">
     <span class='ocr_line' id='line_1_104' title="bbox 479 4649 1986 4721; baseline -0.002 -13"><span class='ocrx_word' id='word_1_577' title='bbox 479 4655 571 4708; x_wconf 85' lang='grc'><em>27.</em></span> <span class='ocrx_word' id='word_1_578' title='bbox 619 4653 778 4716; x_wconf 77' lang='lat' dir='ltr'><strong>V&#39;eui,</strong></span> <span class='ocrx_word' id='word_1_579' title='bbox 839 4652 1106 4718; x_wconf 86' lang='lat' dir='ltr'><strong>Domine,</strong></span> <span class='ocrx_word' id='word_1_580' title='bbox 1153 4660 1207 4705; x_wconf 90' lang='lat' dir='ltr'><strong>ct</strong></span> <span class='ocrx_word' id='word_1_581' title='bbox 1261 4649 1508 4721; x_wconf 86' lang='lat' dir='ltr'><strong>compedi</strong></span> <span class='ocrx_word' id='word_1_582' title='bbox 1549 4665 1646 4704; x_wconf 87' lang='lat' dir='ltr'><strong>eos</strong></span> <span class='ocrx_word' id='word_1_583' title='bbox 1685 4649 1786 4704; x_wconf 90' lang='lat' dir='ltr'><strong>sub</strong></span> <span class='ocrx_word' id='word_1_584' title='bbox 1825 4651 1986 4720; x_wconf 89' lang='lat' dir='ltr'><strong>pedes</strong></span> 
     </span>
    </p>
   </div>
   <div class='ocr_carea' id='block_1_105' title="bbox 2151 4625 3667 4721">
    <p class='ocr_par' dir='ltr' id='par_1_105' title="bbox 2159 4625 3667 4706">
     <span class='ocr_line' id='line_1_105' title="bbox 2159 4625 3667 4706; baseline -0.011 -13"><span class='ocrx_word' id='word_1_585' title='bbox 2159 4641 2251 4694; x_wconf 84' lang='grc'><em>27.</em></span> <span class='ocrx_word' id='word_1_586' title='bbox 2301 4638 2470 4702; x_wconf 80' lang='grc' dir='ltr'>Ἐλθὲ,</span> <span class='ocrx_word' id='word_1_587' title='bbox 2503 4636 2696 4706; x_wconf 84' lang='grc' dir='ltr'>Κύριε,</span> <span class='ocrx_word' id='word_1_588' title='bbox 2727 4635 2820 4688; x_wconf 72' lang='grc' dir='ltr'>καὶ</span> <span class='ocrx_word' id='word_1_589' title='bbox 2849 4631 3174 4703; x_wconf 80' lang='grc' dir='ltr'>συμπόδισον</span> <span class='ocrx_word' id='word_1_590' title='bbox 3199 4631 3392 4691; x_wconf 76' lang='grc' dir='ltr'>αὐτοὺς</span> <span class='ocrx_word' id='word_1_591' title='bbox 3424 4627 3526 4678; x_wconf 77' lang='grc' dir='ltr'><strong>ὑπὸ</strong></span> <span class='ocrx_word' id='word_1_592' title='bbox 3543 4625 3667 4689; x_wconf 72' lang='grc' dir='ltr'>τοὺς</span> 
     </span>
    </p>
   </div>
   <div class='ocr_carea' id='block_1_106' title="bbox 409 4735 2005 4804">
    <p class='ocr_par' dir='ltr' id='par_1_106' title="bbox 409 4765 580 4804">
     <span class='ocr_line' id='line_1_106' title="bbox 409 4765 580 4804; baseline -0.018 -1"><span class='ocrx_word' id='word_1_593' title='bbox 409 4765 580 4804; x_wconf 67' lang='grc'><em>111808.</em></span> 
     </span>
    </p>
   </div>
   <div class='ocr_carea' id='block_1_107' title="bbox 2151 4735 2411 4804">
    <p class='ocr_par' dir='ltr' id='par_1_107' title="bbox 2151 4735 2411 4803">
     <span class='ocr_line' id='line_1_107' title="bbox 2151 4735 2411 4803; baseline -0.015 -15"><span class='ocrx_word' id='word_1_594' title='bbox 2151 4735 2259 4796; x_wconf 62' lang='grc' dir='ltr'>ἱδας</span> <span class='ocrx_word' id='word_1_595' title='bbox 2290 4749 2411 4803; x_wconf 84' lang='grc' dir='ltr'>μου.</span> 
     </span>
    </p>
   </div>
   <div class='ocr_carea' id='block_1_108' title="bbox 480 4832 2005 4916">
    <p class='ocr_par' dir='ltr' id='par_1_108' title="bbox 480 4835 1982 4905">
     <span class='ocr_line' id='line_1_108' title="bbox 480 4835 1982 4905; baseline -0.003 -13"><span class='ocrx_word' id='word_1_596' title='bbox 480 4839 670 4894; x_wconf 78' lang='grc'><em>28-51.</em></span> <span class='ocrx_word' id='word_1_597' title='bbox 709 4837 960 4902; x_wconf 87' lang='lat' dir='ltr'><strong>Domine,</strong></span> <span class='ocrx_word' id='word_1_598' title='bbox 993 4837 1244 4891; x_wconf 89' lang='lat' dir='ltr'><strong>celeriter</strong></span> <span class='ocrx_word' id='word_1_599' title='bbox 1268 4835 1494 4905; x_wconf 89' lang='lat' dir='ltr'><strong>dispelle</strong></span> <span class='ocrx_word' id='word_1_600' title='bbox 1522 4851 1618 4891; x_wconf 90' lang='lat' dir='ltr'><strong>eos</strong></span> <span class='ocrx_word' id='word_1_601' title='bbox 1646 4835 1713 4890; x_wconf 92' lang='lat' dir='ltr'><strong>ab</strong></span> <span class='ocrx_word' id='word_1_602' title='bbox 1743 4835 1982 4888; x_wconf 86' lang='lat' dir='ltr'><strong>homini-</strong></span> 
     </span>
    </p>
   </div>
   <div class='ocr_carea' id='block_1_109' title="bbox 2151 4832 3672 4916">
    <p class='ocr_par' dir='ltr' id='par_1_109' title="bbox 2163 4832 3672 4916">
     <span class='ocr_line' id='line_1_109' title="bbox 2163 4832 3672 4916; baseline -0.013 -13"><span class='ocrx_word' id='word_1_603' title='bbox 2163 4849 2346 4903; x_wconf 80' lang='grc'><em>28-51.</em></span> <span class='ocrx_word' id='word_1_604' title='bbox 2405 4845 2607 4916; x_wconf 85' lang='grc' dir='ltr'>Κύριε,</span> <span class='ocrx_word' id='word_1_605' title='bbox 2648 4845 2704 4897; x_wconf 84' lang='grc' dir='ltr'><strong>ἐν</strong></span> <span class='ocrx_word' id='word_1_606' title='bbox 2734 4843 2888 4912; x_wconf 82' lang='grc' dir='ltr'>τάχει</span> <span class='ocrx_word' id='word_1_607' title='bbox 2933 4838 3281 4894; x_wconf 74' lang='grc' dir='ltr'>διασκεδασον</span> <span class='ocrx_word' id='word_1_608' title='bbox 3329 4835 3526 4897; x_wconf 74' lang='grc' dir='ltr'>αὐτοὺς</span> <span class='ocrx_word' id='word_1_609' title='bbox 3565 4832 3672 4885; x_wconf 73' lang='grc' dir='ltr'><strong>ἀπὸ</strong></span> 
     </span>
    </p>
   </div>
   <div class='ocr_carea' id='block_1_110' title="bbox 413 4933 2005 5011">
    <p class='ocr_par' dir='ltr' id='par_1_110' title="bbox 413 4933 558 4988">
     <span class='ocr_line' id='line_1_110' title="bbox 413 4933 558 4988; baseline -0.014 0"><span class='ocrx_word' id='word_1_610' title='bbox 413 4933 514 4988; x_wconf 70' lang='lat' dir='ltr'><strong>lius</strong></span> <span class='ocrx_word' id='word_1_611' title='bbox 545 4949 558 4986; x_wconf 86' lang='lat'><strong>:</strong></span> 
     </span>
    </p>
   </div>
   <div class='ocr_carea' id='block_1_111' title="bbox 2151 4933 2557 5011">
    <p class='ocr_par' dir='ltr' id='par_1_111' title="bbox 2151 4939 2557 5011">
     <span class='ocr_line' id='line_1_111' title="bbox 2151 4939 2557 5011; baseline -0.01 -17"><span class='ocrx_word' id='word_1_612' title='bbox 2151 4941 2198 4994; x_wconf 64' lang='grc' dir='ltr'>ὃν</span> <span class='ocrx_word' id='word_1_613' title='bbox 2237 4939 2331 4993; x_wconf 87' lang='grc' dir='ltr'><strong>ἀνθ</strong></span> <span class='ocrx_word' id='word_1_614' title='bbox 2343 4941 2557 5011; x_wconf 82' lang='grc' dir='ltr'>ρώπων.</span> 
     </span>
    </p>
   </div>
   <div class='ocr_carea' id='block_1_112' title="bbox 481 5019 1558 5090">
    <p class='ocr_par' dir='ltr' id='par_1_112' title="bbox 481 5019 1558 5090">
     <span class='ocr_line' id='line_1_112' title="bbox 481 5019 1558 5090; baseline -0.007 -12"><span class='ocrx_word' id='word_1_615' title='bbox 481 5023 570 5078; x_wconf 82' lang='grc'><strong>52.</strong></span> <span class='ocrx_word' id='word_1_616' title='bbox 613 5021 893 5090; x_wconf 84' lang='lat' dir='ltr'><strong>Projectos</strong></span> <span class='ocrx_word' id='word_1_617' title='bbox 930 5021 1028 5074; x_wconf 88' lang='lat' dir='ltr'><strong>abs</strong></span> <span class='ocrx_word' id='word_1_618' title='bbox 1064 5028 1114 5074; x_wconf 88' lang='lat' dir='ltr'><strong>te</strong></span> <span class='ocrx_word' id='word_1_619' title='bbox 1139 5019 1558 5072; x_wconf 84' lang='lat' dir='ltr'><strong>devoraverunt.</strong></span> 
     </span>
    </p>
   </div>
   <div class='ocr_carea' id='block_1_113' title="bbox 482 5113 1550 5181">
    <p class='ocr_par' dir='ltr' id='par_1_113' title="bbox 482 5113 1550 5181">
     <span class='ocr_line' id='line_1_113' title="bbox 482 5113 1550 5181; baseline -0.005 -10"><span class='ocrx_word' id='word_1_620' title='bbox 482 5117 574 5181; x_wconf 83' lang='lat'><strong>&#39;55,</strong></span> <span class='ocrx_word' id='word_1_621' title='bbox 603 5115 693 5169; x_wconf 74' lang='grc'><em>54.</em></span> <span class='ocrx_word' id='word_1_622' title='bbox 721 5113 968 5169; x_wconf 82' lang='lat' dir='ltr'><strong>Saturati</strong></span> <span class='ocrx_word' id='word_1_623' title='bbox 999 5121 1122 5166; x_wconf 81' lang='lat' dir='ltr'><strong>sunt</strong></span> <span class='ocrx_word' id='word_1_624' title='bbox 1150 5152 1165 5176; x_wconf 90' lang='lat'><strong>,</strong></span> <span class='ocrx_word' id='word_1_625' title='bbox 1199 5113 1292 5167; x_wconf 90' lang='lat' dir='ltr'><strong>sed</strong></span> <span class='ocrx_word' id='word_1_626' title='bbox 1329 5113 1550 5181; x_wconf 85' lang='lat' dir='ltr'><strong>iniquis.</strong></span> 
     </span>
    </p>
   </div>
   <div class='ocr_carea' id='block_1_114' title="bbox 481 5205 1512 5276">
    <p class='ocr_par' dir='ltr' id='par_1_114' title="bbox 481 5205 1512 5276">
     <span class='ocr_line' id='line_1_114' title="bbox 481 5205 1512 5276; baseline -0.006 -12"><span class='ocrx_word' id='word_1_627' title='bbox 481 5209 570 5264; x_wconf 79' lang='grc'><strong>55.</strong></span> <span class='ocrx_word' id='word_1_628' title='bbox 611 5209 752 5262; x_wconf 88' lang='lat' dir='ltr'><strong>Cum</strong></span> <span class='ocrx_word' id='word_1_629' title='bbox 779 5207 986 5261; x_wconf 88' lang='lat' dir='ltr'><strong>venerit</strong></span> <span class='ocrx_word' id='word_1_630' title='bbox 1007 5205 1258 5276; x_wconf 88' lang='lat' dir='ltr'><strong>judicare</strong></span> <span class='ocrx_word' id='word_1_631' title='bbox 1289 5213 1512 5258; x_wconf 88' lang='lat' dir='ltr'><strong>terram.</strong></span> 
     </span>
    </p>
   </div>
   <div class='ocr_carea' id='block_1_115' title="bbox 483 5293 1986 5364">
    <p class='ocr_par' dir='ltr' id='par_1_115' title="bbox 483 5293 1986 5364">
     <span class='ocr_line' id='line_1_115' title="bbox 483 5293 1986 5364; baseline -0.006 -10"><span class='ocrx_word' id='word_1_632' title='bbox 483 5301 572 5354; x_wconf 83' lang='lat'><strong>&#39;56.</strong></span> <span class='ocrx_word' id='word_1_633' title='bbox 601 5300 772 5354; x_wconf 81' lang='lat' dir='ltr'><strong>Cibus</strong></span> <span class='ocrx_word' id='word_1_634' title='bbox 805 5314 960 5352; x_wconf 90' lang='lat' dir='ltr'><strong>meus</strong></span> <span class='ocrx_word' id='word_1_635' title='bbox 987 5338 1002 5362; x_wconf 93' lang='lat'><strong>,</strong></span> <span class='ocrx_word' id='word_1_636' title='bbox 1040 5313 1157 5349; x_wconf 88' lang='lat' dir='ltr'><strong>cum</strong></span> <span class='ocrx_word' id='word_1_637' title='bbox 1194 5296 1500 5364; x_wconf 80' lang='lat' dir='ltr'><strong>apparuerit</strong></span> <span class='ocrx_word' id='word_1_638' title='bbox 1537 5295 1664 5347; x_wconf 77' lang='lat' dir='ltr'><strong>mihi</strong></span> <span class='ocrx_word' id='word_1_639' title='bbox 1692 5293 1862 5364; x_wconf 76' lang='lat' dir='ltr'><strong>gloria</strong></span> <span class='ocrx_word' id='word_1_640' title='bbox 1894 5303 1986 5346; x_wconf 78' lang='lat' dir='ltr'><strong>tua</strong></span> 
     </span>
    </p>
   </div>
   <div class='ocr_carea' id='block_1_116' title="bbox 412 5387 1750 5458">
    <p class='ocr_par' dir='ltr' id='par_1_116' title="bbox 412 5387 1750 5458">
     <span class='ocr_line' id='line_1_116' title="bbox 412 5387 1750 5458; baseline -0.004 -12"><span class='ocrx_word' id='word_1_641' title='bbox 412 5395 464 5448; x_wconf 91' lang='lat' dir='ltr'><strong>in</strong></span> <span class='ocrx_word' id='word_1_642' title='bbox 511 5393 694 5448; x_wconf 85' lang='lat' dir='ltr'><strong>futuro</strong></span> <span class='ocrx_word' id='word_1_643' title='bbox 723 5391 946 5456; x_wconf 67' lang='lat' dir='ltr'><strong>saaculo,</strong></span> <span class='ocrx_word' id='word_1_644' title='bbox 980 5401 1063 5444; x_wconf 88' lang='lat' dir='ltr'><strong>est</strong></span> <span class='ocrx_word' id='word_1_645' title='bbox 1093 5389 1147 5442; x_wconf 90' lang='lat' dir='ltr'><strong>in</strong></span> <span class='ocrx_word' id='word_1_646' title='bbox 1176 5387 1361 5458; x_wconf 77' lang='lat' dir='ltr'><strong>gloriae</strong></span> <span class='ocrx_word' id='word_1_647' title='bbox 1387 5396 1494 5442; x_wconf 66' lang='lat' dir='ltr'><strong>tuae</strong></span> <span class='ocrx_word' id='word_1_648' title='bbox 1521 5388 1750 5442; x_wconf 81' lang='lat' dir='ltr'><strong>visione.</strong></span> 
     </span>
    </p>
   </div>
   <div class='ocr_carea' id='block_1_117' title="bbox 499 5783 544 5855">
    <p class='ocr_par' dir='ltr' id='par_1_117' title="bbox 499 5783 544 5855">
     <span class='ocr_line' id='line_1_117' title="bbox 499 5783 544 5855; baseline 0 -19"><span class='ocrx_word' id='word_1_649' title='bbox 499 5783 544 5855; x_wconf 83' lang='grc'><em>(1</em></span> 
     </span>
    </p>
   </div>
   <div class='ocr_carea' id='block_1_118' title="bbox 2169 5021 3444 5101">
    <p class='ocr_par' dir='ltr' id='par_1_118' title="bbox 2169 5021 3444 5101">
     <span class='ocr_line' id='line_1_118' title="bbox 2169 5021 3444 5101; baseline -0.01 -14"><span class='ocrx_word' id='word_1_650' title='bbox 2169 5034 2257 5088; x_wconf 83' lang='grc'><strong>52.</strong></span> <span class='ocrx_word' id='word_1_651' title='bbox 2284 5033 2420 5094; x_wconf 74' lang='grc' dir='ltr'>Τοὺς</span> <span class='ocrx_word' id='word_1_652' title='bbox 2454 5027 2856 5101; x_wconf 72' lang='grc' dir='ltr'>ὰπεῤῥιμένους</span> <span class='ocrx_word' id='word_1_653' title='bbox 2885 5025 2992 5078; x_wconf 81' lang='grc' dir='ltr'><strong>ἀπὸ</strong></span> <span class='ocrx_word' id='word_1_654' title='bbox 3029 5023 3121 5076; x_wconf 79' lang='grc' dir='ltr'>σοῦ</span> <span class='ocrx_word' id='word_1_655' title='bbox 3157 5021 3444 5086; x_wconf 79' lang='grc' dir='ltr'>κατέπιαν.</span> 
     </span>
    </p>
   </div>
   <div class='ocr_carea' id='block_1_119' title="bbox 2166 5107 3680 5192">
    <p class='ocr_par' dir='ltr' id='par_1_119' title="bbox 2166 5107 3680 5192">
     <span class='ocr_line' id='line_1_119' title="bbox 2166 5107 3680 5192; baseline -0.012 -12"><span class='ocrx_word' id='word_1_656' title='bbox 2166 5127 2254 5189; x_wconf 78' lang='grc'><strong>55,</strong></span> <span class='ocrx_word' id='word_1_657' title='bbox 2287 5125 2374 5178; x_wconf 60' lang='grc'><strong>51.</strong></span> <span class='ocrx_word' id='word_1_658' title='bbox 2419 5120 2946 5192; x_wconf 60' lang='grc' dir='ltr'>Ἐχορῖάσθησαν,</span> <span class='ocrx_word' id='word_1_659' title='bbox 2998 5113 3133 5170; x_wconf 85' lang='grc' dir='ltr'>ἀλλὰ</span> <span class='ocrx_word' id='word_1_660' title='bbox 3171 5113 3278 5166; x_wconf 85' lang='grc' dir='ltr'><strong>τῶν</strong></span> <span class='ocrx_word' id='word_1_661' title='bbox 3309 5107 3680 5181; x_wconf 83' lang='grc' dir='ltr'>ἁνομούντων.</span> 
     </span>
    </p>
   </div>
   <div class='ocr_carea' id='block_1_120' title="bbox 2165 5207 3320 5284">
    <p class='ocr_par' dir='ltr' id='par_1_120' title="bbox 2165 5207 3320 5284">
     <span class='ocr_line' id='line_1_120' title="bbox 2165 5207 3320 5284; baseline -0.012 -13"><span class='ocrx_word' id='word_1_662' title='bbox 2165 5219 2254 5272; x_wconf 75' lang='grc'><strong>55.</strong></span> <span class='ocrx_word' id='word_1_663' title='bbox 2292 5219 2454 5270; x_wconf 86' lang='grc' dir='ltr'>Ὅταν</span> <span class='ocrx_word' id='word_1_664' title='bbox 2483 5215 2610 5284; x_wconf 75' lang='grc' dir='ltr'>ἔλθῃ</span> <span class='ocrx_word' id='word_1_665' title='bbox 2644 5215 2824 5284; x_wconf 85' lang='grc' dir='ltr'>κρῖναι</span> <span class='ocrx_word' id='word_1_666' title='bbox 2852 5210 2948 5280; x_wconf 81' lang='grc' dir='ltr'>τὴν</span> <span class='ocrx_word' id='word_1_667' title='bbox 2977 5207 3320 5276; x_wconf 78' lang='grc' dir='ltr'>οἰκουμένην.</span> 
     </span>
    </p>
   </div>
   <div class='ocr_carea' id='block_1_121' title="bbox 2165 5292 3684 5376">
    <p class='ocr_par' dir='ltr' id='par_1_121' title="bbox 2165 5292 3684 5376">
     <span class='ocr_line' id='line_1_121' title="bbox 2165 5292 3684 5376; baseline -0.013 -13"><span class='ocrx_word' id='word_1_668' title='bbox 2165 5308 2254 5363; x_wconf 83' lang='grc'><strong>56.</strong></span> <span class='ocrx_word' id='word_1_669' title='bbox 2289 5309 2352 5359; x_wconf 81' lang='grc'><em>’11</em></span> <span class='ocrx_word' id='word_1_670' title='bbox 2373 5307 2544 5376; x_wconf 65' lang='grc' dir='ltr'>τροφή</span> <span class='ocrx_word' id='word_1_671' title='bbox 2589 5320 2689 5374; x_wconf 84' lang='grc' dir='ltr'><strong>μου</strong></span> <span class='ocrx_word' id='word_1_672' title='bbox 2714 5341 2728 5365; x_wconf 94' lang='grc'><strong>,</strong></span> <span class='ocrx_word' id='word_1_673' title='bbox 2761 5303 2829 5354; x_wconf 80' lang='grc' dir='ltr'><strong>ἐν</strong></span> <span class='ocrx_word' id='word_1_674' title='bbox 2848 5299 2926 5365; x_wconf 82' lang='grc' dir='ltr'>τῷ</span> <span class='ocrx_word' id='word_1_675' title='bbox 2947 5297 3203 5370; x_wconf 57' lang='grc' dir='ltr'><strong>ὀφθῆναί</strong></span> <span class='ocrx_word' id='word_1_676' title='bbox 3220 5314 3318 5366; x_wconf 84' lang='grc' dir='ltr'><strong>μοι</strong></span> <span class='ocrx_word' id='word_1_677' title='bbox 3349 5294 3462 5360; x_wconf 71' lang='grc' dir='ltr'><strong>τὴν</strong></span> <span class='ocrx_word' id='word_1_678' title='bbox 3487 5292 3684 5356; x_wconf 72' lang='grc' dir='ltr'><strong>δόξαν</strong></span> 
     </span>
    </p>
   </div>
   <div class='ocr_carea' id='block_1_122' title="bbox 2097 5387 3683 5469">
    <p class='ocr_par' dir='ltr' id='par_1_122' title="bbox 2097 5387 3683 5469">
     <span class='ocr_line' id='line_1_122' title="bbox 2097 5387 3683 5469; baseline -0.009 -16"><span class='ocrx_word' id='word_1_679' title='bbox 2097 5419 2211 5454; x_wconf 75' lang='grc' dir='ltr'>σου</span> <span class='ocrx_word' id='word_1_680' title='bbox 2239 5401 2294 5451; x_wconf 81' lang='grc' dir='ltr'><strong>ὲν</strong></span> <span class='ocrx_word' id='word_1_681' title='bbox 2323 5397 2400 5469; x_wconf 80' lang='grc' dir='ltr'>τῷ</span> <span class='ocrx_word' id='word_1_682' title='bbox 2438 5395 2682 5468; x_wconf 78' lang='grc' dir='ltr'>μέλλοντι</span> <span class='ocrx_word' id='word_1_683' title='bbox 2711 5393 2899 5456; x_wconf 82' lang='grc' dir='ltr'>αἰῶνι,</span> <span class='ocrx_word' id='word_1_684' title='bbox 2937 5391 3082 5445; x_wconf 72' lang='grc' dir='ltr'>ἐστὶν</span> <span class='ocrx_word' id='word_1_685' title='bbox 3117 5392 3194 5453; x_wconf 86' lang='grc' dir='ltr'>εἰς</span> <span class='ocrx_word' id='word_1_686' title='bbox 3227 5389 3286 5442; x_wconf 75' lang='grc' dir='ltr'>τὸ</span> <span class='ocrx_word' id='word_1_687' title='bbox 3322 5389 3452 5462; x_wconf 69' lang='grc' dir='ltr'>ὁρᾷν</span> <span class='ocrx_word' id='word_1_688' title='bbox 3482 5405 3550 5459; x_wconf 82' lang='grc' dir='ltr'><strong>με</strong></span> <span class='ocrx_word' id='word_1_689' title='bbox 3579 5387 3683 5462; x_wconf 73' lang='grc' dir='ltr'>τὴν</span> 
     </span>
    </p>
   </div>
   <div class='ocr_carea' id='block_1_123' title="bbox 2095 5493 2395 5558">
    <p class='ocr_par' dir='ltr' id='par_1_123' title="bbox 2095 5493 2395 5558">
     <span class='ocr_line' id='line_1_123' title="bbox 2095 5493 2395 5558; baseline -0.007 -12"><span class='ocrx_word' id='word_1_690' title='bbox 2095 5493 2250 5558; x_wconf 75' lang='grc' dir='ltr'>δόξαν</span> <span class='ocrx_word' id='word_1_691' title='bbox 2283 5509 2395 5544; x_wconf 86' lang='grc' dir='ltr'>σου.</span> 
     </span>
    </p>
   </div>
   <div class='ocr_carea' id='block_1_124' title="bbox 1373 5625 2716 5711">
    <p class='ocr_par' dir='ltr' id='par_1_124' title="bbox 1373 5625 2716 5711">
     <span class='ocr_line' id='line_1_124' title="bbox 1373 5625 2716 5711; baseline -0.003 -19"><span class='ocrx_word' id='word_1_692' title='bbox 1373 5633 1676 5692; x_wconf 81' lang='lat' dir='ltr'><strong>Addenda</strong></span> <span class='ocrx_word' id='word_1_693' title='bbox 1715 5639 1776 5694; x_wconf 86' lang='lat' dir='ltr'><strong>et</strong></span> <span class='ocrx_word' id='word_1_694' title='bbox 1809 5631 2182 5711; x_wconf 77' lang='lat' dir='ltr'><strong>corrigenda</strong></span> <span class='ocrx_word' id='word_1_695' title='bbox 2233 5648 2310 5690; x_wconf 78' lang='lat' dir='ltr'><strong>ex</strong></span> <span class='ocrx_word' id='word_1_696' title='bbox 2343 5629 2477 5690; x_wconf 87' lang='lat' dir='ltr'><strong>eod.</strong></span> <span class='ocrx_word' id='word_1_697' title='bbox 2515 5625 2716 5688; x_wconf 77' lang='lat' dir='ltr'><strong>Vatic.</strong></span> 
     </span>
    </p>
   </div>
   <div class='ocr_carea' id='block_1_125' title="bbox 559 5778 1761 5852">
    <p class='ocr_par' dir='ltr' id='par_1_125' title="bbox 559 5778 1761 5852">
     <span class='ocr_line' id='line_1_125' title="bbox 559 5778 1761 5852; baseline -0.004 -15"><span class='ocrx_word' id='word_1_698' title='bbox 559 5782 614 5852; x_wconf 76' lang='grc'><em>5)</em></span> <span class='ocrx_word' id='word_1_699' title='bbox 653 5783 706 5834; x_wconf 78' lang='grc' dir='ltr'><strong>Ἃ</strong></span> <span class='ocrx_word' id='word_1_700' title='bbox 736 5779 1060 5848; x_wconf 68' lang='grc' dir='ltr'><strong>ἐλάλησεν.</strong></span> <span class='ocrx_word' id='word_1_701' title='bbox 1092 5778 1211 5834; x_wconf 70' lang='lat' dir='ltr'><strong>Haec</strong></span> <span class='ocrx_word' id='word_1_702' title='bbox 1245 5779 1468 5834; x_wconf 77' lang='lat' dir='ltr'><strong>delenda</strong></span> <span class='ocrx_word' id='word_1_703' title='bbox 1493 5779 1761 5833; x_wconf 78' lang='lat' dir='ltr'><strong>videntur.</strong></span> 
     </span>
    </p>
   </div>
  </div>
