3878 6218
291 359 395 429 τιτῡι

1258 367 1346 421 DE
1387 368 1662 425 TlTULiS
1703 368 1826 423 PSA
1844 357 2246 422 LMOBUM.»
2271 359 2464 416 PSAL.
2503 356 2667 412 XV".

3443 341 3550 397 76?.

288 477 396 540 Εἰς
429 475 491 528 τὸ
521 474 694 542 τέλος
749 477 829 542 τῷ
880 479 1044 532 παιδὶ
1087 483 1307 549 Kvpiov
1338 483 1415 548 τῷ
1447 485 1644 545 Δα6)δ,
1677 482 1712 535 ἃ
1745 480 1884 534 ἐλά-

2050 503 2052 533 ε
2086 481 2272 550 'ﬁnem
2325 490 2520 544 puero,
2580 469 2795 523 Domini
2830 465 3030 529 David,
3067 476 3182 532 qua:
3214 459 3417 510 loculus
3471 465 3549 510 est

367 572 524 633 ,Ιησε
555 567 636 632 τῷ
667 571 860 637 Κυρίῳ
893 571 1033 636 τοὺς
1059 573 1279 642 λόγους
1322 573 1430 641 τῆς
1469 574 1625 642 ᾠδῆς
1657 575 1877 639 ταύτης

369 660 438 712 ἐν
463 659 651 728 ἡμέρᾳ
677 655 716 730 ᾖ
747 662 1038 728 ἑρῤύσατο
1069 664 1252 716 αὐτὸν
1281 669 1312 718 ό
1341 665 1556 733 Κύριος
1583 666 1650 716 ἑκ
1684 663 1878 732 χειρὸς

367 750 610 804 πάντων
630 752 750 804 τῶν
761 753 989 821 ἐχθρῶν
1006 755 1209 820 αὐτοῦ,
1230 758 1324 808 καὶ
1349 759 1416 809 ἐκ
1438 755 1634 825 χειρὸς
1657 755 1876 817 Σαοὺλ,

371 843 468 895 καὶ
498 839 670 896 εἶπεν
689 861 700 873 ·
743 847 914 898 ΨΑΛ.
943 849 1066 900 1Ζ’.

373 935 425 987 1.
472 936 770 1005 Ἀγαπήσω
796 954 874 1001 σε,
902 939 1155 1008 Κύριε,ἡ
1194 939 1345 1008 ἰσχύς
1378 957 1499 1008 μου.

370 1021 425 1077 2.
455 1022 658 1095 Κύριος
687 1027 972 1097 στερέωμά
1004 1044 1101 1097 μου
1125 1069 1140 1092 ,
1170 1031 1264 1080 καὶ
1292 1029 1577 1099 καταφυγή
1623 1044 1722 1098 μου
1743 1067 1757 1091 ,
1785 1027 1878 1079 καὶ

295 1111 508 1185 ῥύστης
539 1133 638 1185 μου
659 1155 674 1180 ,
823 1107 828 1110 ’

381 1203 435 1256 5.
475 1204 534 1255 Ὀ
557 1203 689 1267 Θεός
713 1223 836 1276 μου,
870 1207 1063 1280 βοηθός
1098 1227 1221 1281 μου,
1255 1211 1348 1264 καὶ
1379 1209 1550 1263 ὲλπιῶ
1572 1211 1658 1262 ἐπ’
1688 1209 1875 1261 αὐτόν·

372 1293 428 1345 4.
464 1293 904 1370 ’Υπερασπιστής
936 1317 1036 1369 μου
1057 1341 1071 1364 ,
1111 1301 1206 1355 καὶ
1239 1301 1406 1372 κέρας
1431 1301 1703 1372 σωτηρίας
1753 1317 1877 1370 μου,

290 1383 395 1437 καὶ
421 1385 604 1457 ἀντιλή
614 1406 766 1459 πτωρ
799 1408 923 1460 μου.

372 1474 426 1528 5.
464 1476 636 1529 Αἰνῶν
680 1479 1073 1551 ὲπικαλέσομαι
1105 1482 1195 1535 τὸν
1252 1482 1493 1554 Κύριον,
1543 1482 1636 1535 καὶ
1667 1483 1730 1534 ὲκ
1774 1479 1881 1532 τῶν

292 1565 512 1637 ἐχθρῶν
551 1586 650 1638 μου
685 1569 1018 1642 σωθήσομαι.

372 1656 425 1711 6.
465 1658 758 1729 Περιέσχον
787 1680 852 1730 με
888 1664 1072 1728 ὠδῖνες
1097 1666 1356 1729 θανάτου,

2048 572 2272 626 Domino
2301 567 2451 620 verba
2477 564 2670 617 cantici
2701 561 2856 628 hujus
2885 561 2939 610 in
2959 557 3060 619 die,
3089 571 3192 624 qua
3216 551 3404 620 eripuit
3433 565 3550 602 eum

2049 661 2303 714 Dominus
2339 657 2402 708 de
2435 671 2592 707 manu
2625 653 2858 704 omnium
2881 647 3214 700 inimicorum
3245 642 3378 710 ejus,
3417 648 3464 691 et
3489 638 3551 690 de

2048 765 2205 802 manu
2239 746 2403 810 Saul,
2428 755 2474 796 et
2505 744 2684 796 dixit:
2718 738 2916 793 I’SAL.
2971 736 3020 789 Χ
3041 733 3168 789 VII.

2055 926 2107 978 l.
2143 923 2372 993 Diligain
2405 932 2474 987 te,
2503 921 2748 983 Domine,
2789 918 3048 972 fortitudo
3080 931 3218 970 mea.

2047 1018 2102 1070 9..
2137 1015 2399 1069 Dominus
2455 1015 2853 1066 ﬁrmamentum
2910 1025 3090 1062 meum
3121 1048 3135 1072 ,
3185 1016 3237 1060 et
3277 1003 3551 1073 refugium

1985 1121 2188 1162 meum.
2220 1111 2275 1156 et
2297 1102 2551 1156 liberator
2584 1114 2766 1160 meus,

2054 1196 2106 1249 5.
2145 1194 2287 1247 Deus
2318 1208 2492 1252 meus,
2526 1190 2738 1260 adjutor
2769 1203 2943 1252 meus,
2972 1197 3024 1242 et
3045 1187 3270 1254 sperabo
3299 1186 3350 1239 in
3380 1198 3502 1238 eum
3534 1200 3550 1237 :

2055 1286 2110 1340 4.
2145 1283 2430 1337 Protector
2456 1296 2632 1342 meus,
2659 1285 2714 1332 et
2737 1293 2908 1332 cornu
2941 1276 3133 1332 salutis
3165 1290 3318 1340 mem,
3345 1281 3399 1327 et
3428 1286 3552 1326 sus-

1984 1385 2172 1443 ceptor
2199 1389 2373 1427 meus.

2049 1468 2103 1521 5.
2146 1465 2400 1519 Laudatis
2446 1462 2709 1516 invocabo
2752 1443 3065 1524 Dominum,
3128 1467 3179 1512 et
3223 1458 3287 1512 ab
3318 1456 3555 1511 inimicis

1986 1559 2121 1612 meis
2151 1559 2332 1612 salvus
2362 1570 2475 1609 ero.

2057 1649 2110 1702 6.
2143 1647 2634 1700 Circuu'idederunt
2669 1659 2752 1696 me
2782 1643 2996 1696 dolores
3031 1639 3276 1703 mortis,’

2002 1740 2008 1745 ’
2057 1741 2110 1794 7.
2148 1740 2213 1792 Et
2245 1746 2512 1792 torrentes
2548 1736 2852 1804 iniquitatis
2879 1734 3344 1788 C(mturbaverunt
3375 1745 3480 1784 me.

2055 1833 2107 1886 8.
2154 1831 2380 1884 Dolores
2405 1829 2602 1882 inferni
2630 1827 3106 1881 circuimiederunt
3133 1841 3218 1878 me
3244 1843 3258 1878 :

2053 1922 2108 1976 9.
2138 1921 2661 1987 Praeoccupaverunt
2690 1933 2773 1969 me
2805 1916 2982 1983 laquei
3019 1916 3230 1967 mortis.

2060 2014 2143 2068 l0.
2176 2012 2232 2066 In
2267 2011 2618 2065 tribulatione
2655 2025 2771 2061 mea
2802 2008 3046 2060 invocavi
3084 2005 3375 2058 Dominum
3409 2023 3423 2058 :

2058 2108 2146 2161 11.
2179 2106 2244 2160 Et
2273 2106 2338 2158 ad
2374 2104 2543 2157 Deum
2577 2117 2754 2156 meum
2785 2101 3033 2154 clamavi.

2056 2198 2144 2251 l2.
2187 2195 2252 2251 Et
2302 2194 2578 2249 exaudivit
2620 2193 2686 2246 de
2741 2191 2937 2260 templo
2979 2198 3168 2244 sancto
3220 2205 3320 2244 suo
3367 2204 3554 2244 vocem

1986 2304 2162 2343 meam
2190 2305 2202 2340 Ζ

1424 2385 1805 2439 ATIIANASH
1845 2380 2436 2438 INTERPRETATIO.

389 2473 454 2525 Ἡ
488 2477 820 2549 προκειμένη
849 2479 1126 2551 ἐπιγραφὴ
1149 2481 1394 2552 περιέχει
1414 2496 1427 2510 '
1468 2485 1573 2547 Εὶς
1599 2482 1664 2534 τὸ
1696 2481 1862 2547 τέλος
1889 2481 1968 2546 τῷ
1998 2480 2163 2534 παιδὶ
2189 2479 2408 2545 Kvpt’cv
2438 2475 2515 2542 τῷ
2537 2474 2744 2528 Δαϐίὸ·
2775 2473 3072 2534 τουτέστιν,
3102 2471 3136 2524 ἃ
3161 2470 3419 2541 ἐλάλησεν
3447 2469 3555 2542 (15)

299 2564 400 2618 ἐπὶ
436 2566 578 2619 τέλει
608 2569 717 2620 τῶν
754 2570 964 2623 αἰώνων
989 2572 1063 2642 τῷ
1096 2572 1395 2626 δουλεύοντι
1426 2574 1505 2643 τῷ
1528 2574 1714 2647 Κυρίῳ
1738 2574 1846 2643 λαῴ
1881 2572 2244 2643 πεποθημένῳ
2264 2588 2276 2600 ·
2312 2570 2469 2624 τοῦτο
2493 2569 2600 2638 γὰρ
2626 2566 2857 2620 ἐνταῦθα
2889 2564 3246 2636 ἑρμηνεύεται
3268 2563 3347 2626 τὸ,
3375 2562 3554 2628 Δαϐίδ.

375 1747 429 1802 7.
462 1749 569 1801 Καὶ
609 1752 896 1824 χείμαρροι
928 1757 1155 1826 ἀνομίας
1188 1757 1510 1828 ἐξετάραξάν
1541 1776 1627 1828 με.

373 1838 428 1893 8.
471 1841 667 1905 Ὠδίνες
697 1844 820 1912 ᾅδου
852 1849 1295 1916 περιεκύκλωσάν
1329 1867 1414 1920 με·
1905 1838 1948 1892 Β

373 1933 428 1986 9.
469 1935 820 2003 Προέφθασάν
861 1956 925 2006 με
963 1940 1184 2007 παγίδες
1213 1941 1466 1994 θανάτου.

375 2020 462 2075 10.
481 2025 588 2075 Καὶ
601 2024 742 2093 ἐντῷ
755 2025 1030 2079 θλίϐεσθαί
1045 2046 1109 2096 με
1123 2029 1536 2098 ἐπεκαλεσάμην
1553 2030 1642 2082 τὸν
1659 2027 1880 2098 Κύριον·

377 2110 465 2166 11.
495 2114 604 2167 Καὶ
632 2116 766 2186 πρὸς
796 2117 884 2168 τὸν
913 2101 1042 2170 Θεόν
1079 2135 1180 2187 μου
1216 2119 1504 2190 ἐκέκραξα.

378 2199 461 2254 Ν.
507 2204 778 2257 ’Ἠκουσεν
800 2207 864 2257 ἐκ
893 2206 1018 2257 ναοῦ
1047 2207 1201 2274 ἁγίου
1236 2207 1400 2260 αὐτοῦ
1433 2211 1615 2277 φωνῆς
1647 2221 1747 2276 μου
1769 2223 1780 2234 ·
1825 2253 1830 2258 .

301 2653 440 2711 Εἶτα
470 2661 551 2726 τὸ,
597 2665 664 2716 "A
694 2665 961 2734 ἑνῖάιιίησε
986 2665 1064 2731 τῷ
1087 2669 1280 2736 Κυρίῳ
1305 2669 1446 2734 τοὺς
1472 2670 1692 2738 λόγους
1721 2668 1820 2736 τῆ(
1859 2667 2019 2735 ᾠδῆς
2064 2669 2281 2733 ταύτης
2309 2667 2378 2718 ἐν
2405 2663 2594 2733 ἡμέρᾳ
2621 2657 2660 2733 ᾗ
2692 2663 2983 2730 ἐρῥύσατο
3018 2659 3205 2712 αὑτὸν
3245 2660 3458 2725 Κίιριος
3489 2658 3558 2710 ἐκ

299 2755 505 2823 χειρὸς
528 2757 767 2812 πάντων
785 2760 905 2815 τῶν
923 2763 1152 2830 ἐχθρῶν
1172 2765 1380 2826 αὐτοῦ,
1410 2783 1481 2835 φη
1493 2766 1552 2834 μί
1577 2765 1638 2834 δὴ
1665 2767 1773 2818 τῶν
1799 2764 2126 2835 ἀκαθάρτων
2163 2762 2495 2832 πνευμάτων
2527 2759 2793 2830 ἐρρύσατο
2818 2758 2997 2811 αὐτόν.
3031 2753 3162 2809 Εἶτα
3181 2774 3192 2787 ·
3217 2756 3326 2809 Καὶ
3350 2753 3560 2824 ἐχθρὸς

304 2843 398 2918 [ὲκ
428 2847 627 2918 χειρὸς]
663 2851 894 2903 Σαούλσ
940 2852 1076 2922 ὅπερ
1106 2852 1462 2922 ἑρμηνεύεται
1507 2854 1601 2905 καὶ
1632 2854 1828 2922 χειρὸς
1860 2855 1966 2907 τοῦ
2008 2854 2322 2917 διαϐόλου,
2373 2852 2465 2904 τοῦ
2501 2853 2817 2923 αἰτουμένου
2852 2850 3026 2904 πάντα
3073 2849 3354 2920 ἄνθρωπον
3383 2849 3462 2912 εἰς
3497 2849 3560 2902 τὸ

303 2940 569 3008 πειρᾶσαι
591 2957 604 2969 ·
640 2940 798 2993 τοῦτο
825 2941 933 3014 γὰρ
961 2943 1324 3013 ἑρμηνεύεται
1368 2946 1429 2996 τὸ
1484 2945 1658 2998 Σαοὺλ
1683 2985 1696 3007 ,
1735 2947 1979 3013 αὶτητός
2019 2945 2316 3016 [αἱτητής].
2380 2943 2580 3008 Καθὼς
2612 2946 2778 2998 πάλαι
2807 2943 3134 3014 ἐπειράσατο
3162 2942 3254 2995 καὶ
3287 2941 3376 2995 τὸν
3417 2940 3558 3007 Ἰὼϐ,

303 3033 548 3102 ᾐτήσατο
577 3036 834 3105 πειρᾶσαι
865 3038 957 3088 καὶ
986 3038 1112 3100 τοὺς
1141 3039 1492 3102 ἀποστόλους,
1520 3040 1594 3102 ὡς
1617 3041 1645 3092 ὁ
1673 3040 1881 3111 Κύριος
1913 3041 2044 3093 αὐτὸ
2072 3041 2228 3094 τοῦτο
2256 3040 2332 3111 τῷ
2358 3041 2550 3112 Πέτρῳ
2576 3040 2722 3108 λέγει
2745 3059 2758 3072 ·
2804 3039 3012 3108 Πέτρε,
3055 3038 3233 3106 Πέτρε
3254 3077 3268 3100 ,
3305 3036 3564 3100 ποσάκις

305 3125 578 3194 ᾐτήσατο
611 3127 764 3197 ὑμᾶς
798 3131 830 3181 ό
854 3131 1124 3196 Σατανᾶς
1149 3132 1419 3186 omnium
1447 3134 1526 3199 ὡς
1554 3136 1660 3187 τὸν
1687 3135 1894 3189 σῖτον]

385 3238 597 3296 Titulus
623 3245 942 3312 prtepositus
966 3249 1205 3301 continet
1231 3268 1243 3302 :
1269 3248 1332 3300 In
1367 3250 1522 3316 finem
1550 3267 1708 3318 puero
1731 3252 1942 3306 Domini
1967 3251 2135 3306 David
2165 3267 2182 3305 :
2207 3250 2321 3308 Hoc
2346 3260 2447 3317 est,
2479 3253 2532 3305 iu
2559 3251 2666 3305 ﬁne
2702 3250 3022 3304 szeculorum
3056 3245 3309 3302 servienti
3335 3243 3564 3297 Domino

310 3336 516 3404 populo
546 3337 878 3392 desiderato.
936 3339 1011 3394 Ita
1045 3342 1189 3396 enim
1230 3345 1315 3397 nic
1343 3344 1728 3412 interpretatur
1756 3345 1945 3400 David.
1994 3348 2197 3402 Deinde
2228 3368 2240 3402 :
2274 3343 2626 3418 quw'tocutus
2659 3355 2734 3398 est
2764 3342 2982 3397 Domino
3005 3339 3156 3392 verba
3183 3337 3373 3390 cantici
3407 3336 3563 3404 hujus

309 3425 367 3474 in
403 3423 508 3489 die,
549 3441 653 3493 qua
703 3427 897 3495 eripuit
929 3445 1046 3481 eum
1083 3429 1334 3485 Dominus
1371 3433 1434 3484 de
1469 3449 1630 3486 manu
1661 3436 1890 3488 omnium
1929 3437 2263 3490 inimicorum
2291 3442 2402 3506 ejus
2431 3477 2447 3500 ,
2478 3434 2882 3490 immundorum
2913 3476 2927 3500 ,
2964 3433 3184 3501 inquam
3213 3474 3227 3497 ,
3272 3427 3561 3498 spirituum

311 3514 565 3569 liberavit
601 3532 746 3571 eum.
783 3517 978 3574 Postea
1007 3542 1017 3574 :
1044 3532 1090 3573 et
1121 3522 1184 3573 de
1221 3539 1384 3575 manu
1411 3522 1543 3577 Saul
1567 3540 1586 3578 :
1609 3527 1753 3594 quod
1787 3527 2206 3597 interpretatur,
2249 3539 2296 3582 et
2327 3530 2388 3582 de
2416 3545 2575 3581 manu
2604 3525 2826 3587 diaboli,
2865 3524 2956 3593 qui
2985 3523 3117 3591 petit
3144 3535 3360 3574 onmem
3391 3519 3568 3573 homi-

311 3626 438 3665 nem
471 3611 536 3665 ad
577 3629 702 3666 eum
737 3616 1071 3669 tentandum.
1137 3616 1267 3671 Saul
1296 3622 1439 3672 enim
1472 3620 1854 3689 interpretatur
1885 3626 2078 3692 petitus
2122 3624 2380 3696 [petitor].
2443 3622 2909 3690 Quemadmodum
2946 3621 3073 3672 olim
3107 3617 3330 3671 tentavit
3358 3624 3410 3669 et
3439 3615 3563 3679 Job,

311 3704 572 3772 expetivit
601 3712 806 3760 tentare
851 3707 1011 3760 etiam
1049 3711 1324 3778 apostolos
1350 3753 1363 3775 ,
1396 3711 1539 3764 sicut
1569 3711 1834 3770 Dominus
1863 3718 1968 3773 hoc
2016 3718 2193 3786 ipsum
2231 3716 2394 3771 Petro
2421 3717 2554 3771 dixit
2597 3735 2610 3769 :
2657 3715 2839 3779 Pelre,
2868 3712 3055 3776 Petre,
3104 3710 3304 3779 quoties
3333 3706 3565 3761 Satanas

311 3800 560 3866 expetivit
591 3818 700 3863 vos,
732 3812 789 3854 ut
821 3803 1074 3856 cribraret
1108 3807 1243 3856 sicut
1277 3806 1513 3857 triticum
1537 3807 1615 3858 ἰι

387 3887 436 3941 1.
467 3888 635 3942 Πόθον
676 3890 976 3961 ἐνδείξομαι
1007 3893 1061 3943 ὲν
1096 3893 1216 3954 σοὶ,
1241 3892 1410 3964 Κύριε
1435 3933 1449 3958 ,
1484 3895 1511 3944 ὁ
1537 3893 1788 3964 δυναμῶν
1825 3910 1890 3963 με
1921 3899 1962 3956 C

314 3981 396 4044 εἰς
433 3983 609 4034 πᾶσαν
638 3982 926 4051 ἀρέσκειάν
953 4000 1073 4052 μου.

386 4071 440 4125 2.
473 4070 694 4144 Κύριος,
728 4074 1061 4144 διαχωρίζων
1092 4075 1185 4127 ἀπ’
1223 4074 1357 4145 ἐμοῦ
1393 4077 1571 4130 πᾶσαν
1609 4075 1895 4146 ἐπιϐουλὴν

313 4161 427 4216 τῶν
458 4163 664 4234 ἐχθρῶν
695 4183 793 4235 μου
817 4206 831 4230 ,
871 4166 930 4217 ὃν
960 4167 1160 4238 τρόπον
1188 4167 1495 4240 διαχωρίζει
1519 4169 1578 4220 τὸ
1612 4168 1896 4239 στερέωμα

315 4256 587 4327 ἀναμέσον
618 4257 808 4320 ὕδατος
834 4259 928 4309 καὶ⁹
955 4258 1123 4310 ὕδατι.

389 4349 442 4401 5.
487 4349 544 4400 Ὀ
566 4347 697 4408 Θεὸς
729 4365 829 4418 μου
857 4347 1103 4416 ἀφαιρῶν
1130 4348 1224 4400 ἀπ’
1268 4346 1401 4416 ἐμοῦ
1432 4349 1538 4401 πᾶν
1570 4348 1734 4419 βάρος
1753 4387 1766 4410 ,
1799 4349 1897 4402 καὶ

314 4439 508 4494 ἐλπιῶ
533 4441 623 4493 ἐπ’
648 4443 852 4496 αὐτόν.

388 4533 442 4586 4.
469 4534 786 4604 Σκεπαστής
809 4551 930 4602 μου,
961 4534 1054 4586 καὶ
1078 4533 1327 4604 βασιλεὺς
1350 4535 1448 4605 τῆς
1471 4535 1743 4606 σωτηρίας
1772 4552 1894 4606 μου,

315 4626 412 4679 καὶ⁸
446 4625 889 4695 ἁντιποιούμενός
919 4643 1039 4696 μου.

391 4716 444 4769 5.
476 4717 610 4786 Περὶ
641 4715 749 4771 τῶν
782 4717 1106 4788 ἀκαθάρτων
1139 4718 1461 4787 πνευμάτων
1491 4717 1658 4786 λέγει.

392 4807 446 4861 6.
476 4807 643 4880 Πέριξ
681 4809 780 4878 τῆς
812 4809 986 4879 ψυχῆς
1023 4827 1124 4878 μου
1184 4810 1515 4880 συνέστησαν
1557 4813 1610 4863 αἱ
1663 4811 1896 4864 ἐναντίαι

314 4899 597 4968 δυνάμεις.

392 4991 448 5045 7.
488 4991 574 5052 Ὠς
605 4988 848 5060 ῥεύματα
879 4989 1106 5054 ὑδάτων,
1133 4988 1305 5052 οὓτως
1329 4990 1624 5061 ὲνέρρηξάν
1648 5009 1757 5062 μοι.

392 5082 446 5136 8.
480 5082 591 5134 Καὶ
621 5071 954 5152 ἐνθυμήσεις,
1003 5083 1302 5148 σκοτειναὶ,
1330 5084 1422 5136 καὶ
1455 5083 1711 5152 ζοφώδεις
1744 5102 1898 5156 περι-

319 5170 638 5224 εκύκλωσαν
663 5171 760 5241 τὴν
789 5170 1015 5241 καρδίαν
1049 5188 1173 5241 μου.

2072 3894 2126 3946 1.
2151 3892 2416 3946 Aﬂeclum
2448 3907 2629 3946 meum
2659 3890 2942 3945 ostendam
2976 3893 3029 3944 in
3063 3900 3134 3956 te,
3172 3891 3402 3947 Domine
3427 3934 3441 3958 ,
3473 3897 3567 3964 qui

1998 3987 2143 4042 vires
2169 3985 2303 4039 mihi
2340 3985 2535 4039 tribuis
2563 3984 2627 4036 ad
2657 3999 2874 4035 onmem
2903 4000 3076 4036 meam
3102 3985 3458 4039 voluntatem.

2068 4080 2121 4132 Ξ.
2157 4078 2418 4131 Dominus
2445 4091 2702 4145 separaris
2725 4090 2753 4127 a
2780 4091 2866 4127 me
2892 4090 3080 4128 omnes
3128 4076 3353 4132 insidias
3387 4080 3569 4134 inimi-

1999 4187 2189 4227 corum
2221 4185 2492 4233 meorum,
2517 4167 2975 4237 quemadmodum
3005 4168 3404 4224 ﬁrmamentum
3433 4172 3570 4227 divi-

1998 4264 2079 4318 dit
2109 4279 2280 4333 aquas
2313 4263 2382 4316 ab
2420 4261 2600 4330 aquis.

2071 4355 2124 4408 5.
2161 4354 2306 4408 Deus
2360 4350 2801 4407 meus‘aufereus
2844 4364 2875 4402 a
2912 4365 2998 4404 me
3043 4366 3203 4406 omne
3237 4354 3486 4423 pondus,
3518 4366 3568 4410 et

2000 4445 2219 4514 sperabo
2258 4443 2312 4495 in
2347 4458 2484 4498 eum.
2569 4461 2587 4475 ο

2072 4537 2126 4588 ιι.
2155 4535 2419 4590 Defensor
2444 4551 2596 4592 meus
2621 4577 2634 4600 ,
2671 4546 2730 4591 et
2753 4554 2847 4592 rex
2885 4537 3078 4592 salutis
3110 4551 3262 4601 meae,
3292 4546 3345 4589 et
3372 4536 3567 4591 vindex

2001 4640 2174 4678 meus.

2075 4717 2127 4770 5.
2164 4715 2237 4769 De
2269 4717 2567 4770 immundis
2603 4716 2885 4785 spiritibus
2919 4718 3177 4787 loquitur.

2074 4802 2128 4854 6.
2159 4802 2316 4856 Circa
2348 4805 2586 4856 animam
2623 4820 2797 4857 meam
2840 4807 3203 4861 constiterunt
3248 4807 3571 4864 adversariae

2002 4902 2317 4961 potestates.

2077 4984 2126 5038 7.
2147 4983 2430 5052 Tanquam
2451 5001 2714 5054 aquarum
2729 4985 2947 5051 ﬂuctus,
2967 4987 3038 5041 ita
3061 4987 3113 5040 in
3133 5004 3217 5042 me
3235 4987 3565 5059 irruperunt.

2075 5077 2128 5130 8.
2165 5076 2233 5131 Et
2278 5078 2582 5132 tenebrosae
2603 5118 2617 5144 ,
2662 5085 2715 5130 et
2743 5078 3054 5147 caliginosa:
3085 5081 3442 5147 cogitationes
3473 5097 3573 5137 cor

2005 5185 2186 5223 meum
2221 5169 2712 5223 circumdederunt.

390 5264 446 5318 9.
487 5261 962 5333 Ἐκραταιώθησαν
993 5263 1130 5333 ὑπὲρ
1159 5263 1258 5335 ne
1291 5265 1346 5316 αἱ
1383 5263 1488 5318 τῶν
1519 5265 1772 5319 ἐναντίων
1799 5268 1890 5320 δυ·-

2067 5259 2118 5312 9.
2153 5259 2505 5312 lnvalueruut
2531 5273 2696 5327 super
2735 5275 2820 5314 me
2860 5260 3296 5316 adversariarum
3337 5271 3572 5332 potesta-

317 5353 388 5409 νά
394 5370 536 5424 μεων
569 5353 810 5421 παγίδες.

393 5446 481 5499 10.
513 5446 607 5505 Εἰς
641 5445 889 5515 βοήθειάν
919 5464 1039 5516 μου,

398 5537 483 5590 11.
534 5538 620 5588 Ἐν
645 5537 790 5606 πόνῳ
821 5538 918 5608 τῆς
951 5538 1177 5609 καρδίας
1209 5557 1308 5609 μου
1335 5541 1554 5613 ἐϐόησα.

395 5628 481 5680 12.
525 5628 618 5680 Ἐκ
648 5626 742 5680 τοῦ
772 5629 1000 5699 οὐρανοῦ
1022 5629 1184 5698 λέγει.

395 5719 435 5749 ²¹
475 5716 608 5773 Luc.
641 5735 774 5785 χχιι,
809 5719 896 5773 51.

1992 5361 2108 5407 tum
2141 5353 2338 5420 laquei.

2076 5444 2161 5499 10.
2201 5443 2258 5495 lu
2296 5444 2557 5498 auxilium
2595 5461 2795 5499 meum.

2074 5539 2163 5592 ll.
2202 5538 2260 5591 In
2296 5539 2479 5592 labore
2507 5539 2689 5595 cordis
2716 5538 2821 5593 mei
2858 5537 3108 5592 clamavi.

2072 5629 2157 5684 12.
2195 5628 2270 5684 De
2300 5629 2437 5684 cmlo
2463 5629 2611 5682 dicit.
