3878 6218
287 306 396 364 705
1144 317 1201 372 S.
1246 318 1622 377 ATHANAS“
1659 319 1813 377 OPP.
1856 320 2038 376 PARS
2075 320 2163 376 Ill.
2198 350 2268 362 --
2302 318 2715 376 EXECETICA.
3462 316 3576 374 784

364 428 452 482 15.
483 426 548 483 Et
576 430 787 486 clamor
819 447 974 490 meus
1023 435 1077 489 in
1108 451 1405 508 conspectu
1435 430 1597 512 ejus,
1626 443 1871 499 introibit

2047 442 2132 496 15.
2162 442 2273 495 Kal.
2299 443 2332 512 ἡ
2364 441 2579 511 κραυγή
2612 456 2713 511 μου
2746 439 2980 495 ἐνώπιον
3004 439 3169 496 αὑτοῦ
3198 438 3569 494 εἰσελεύσεται

290 518 347 576 In
375 534 539 576 aures
565 523 704 592 ejus.

1974 533 2053 595 είς
2083 530 2151 584 τὰ
2179 528 2294 583 ὦτα
2331 529 2516 583 αὐτοῦ.

366 608 453 662 14.
492 610 556 665 Ει
585 624 857 669 commota
893 625 995 680 est,
1028 627 1081 671 et
1105 623 1435 676 contremuit
1467 632 1644 689 terra;

2047 622 2136 676 14.
2175 622 2287 675 Καὶ
2317 620 2582 689 ἐσαλεύθη
2600 662 2615 687 ,
2646 620 2740 674 καὶ
2768 619 3030 691 ἔντρομος
3055 619 3287 691 ἐγενήθη
3320 622 3353 691 ἡ
3387 621 3461 692 γῆ
3482 639 3498 654 ι

367 701 456 755 15.
489 701 557 757 Ει
582 703 932 762 fundamenta
967 711 1231 765 monlium
1264 716 1584 770 conturbata
1615 726 1763 771 sunt.

2051 714 2140 769 15.
2175 713 2288 766 Καὶ
2311 714 2380 767 τὰ
2410 712 2632 782 θεμέλια
2659 712 2767 766 τῶν
2791 712 2961 783 ὀρέων
2989 712 3399 784 ἐταράχθησαν,

366 791 452 847 16.
491 792 555 847 Ει
579 805 853 850 commota
886 808 1048 864 sunt;
1085 802 1347 869 quoniam
1384 804 1559 860 iratus
1582 816 1663 861 est
1693 808 1791 862 eis.

2051 805 2138 861 16.
2176 806 2284 857 Καὶ
2310 804 2678 873 ἐσαλεύθησαν
2697 821 2710 834 ·
2739 806 2821 858 ὅτι
2843 803 3086 875 ὠργίσθη
3122 805 3323 868 αὐτοῖς.

367 881 454 935 17.
484 884 742 939 Ascendit
766 884 952 941 fumus
986 889 1039 942 in
1066 891 1151 945 ira
1184 893 1341 960 ejus;

2051 896 2139 949 17.
2183 893 2377 964 Ἀνέϐη
2410 894 2616 957 καπνὸς
2643 895 2699 947 ὲν
2726 893 2862 964 ὀργῇ
2901 891 3096 947 αὐτοῦ’

364 970 451 1025 18.
493 972 559 1026 Ει
587 974 727 1043 ignis
757 991 787 1029 a
814 977 952 1031 facie
982 980 1100 1047 ejus
1130 984 1466 1048 exardescet,

2052 986 2140 1039 18.
2163 985 2271 1038 Kal.
2290 985 2400 1056 πῦρ
2429 984 2536 1037 ἀπὸ
2563 982 2855 1055 προσώπου
2874 982 3040 1035 αὐτοῦ
3058 981 3542 1051 καταφλεγείπσεται
3558 997 3572 1011 ·

369 1063 456 1118 19.
492 1064 768 1121 Carbones
808 1072 1057 1125 succensi
1089 1082 1217 1127 sunt
1245 1075 1313 1127 ab
1345 1090 1427 1129 eo.

2055 1079 2143 1133 19.
2180 1076 2484 1147 Ἀνθρακες
2512 1075 2832 1146 ἁνήςρθησαν
2857 1076 2952 1129 ἀπ’
2977 1075 3162 1130 αὐτοῦ.

363 1156 452 1209 20.
487 1155 549 1210 Ει
575 1158 854 1215 inclinavit
883 1163 1072 1227 caelos,
1114 1173 1167 1218 et
1189 1166 1470 1223 descendit
1505 1187 1519 1223 :

2048 1168 2140 1223 20.
2176 1168 2288 1221 Kal.
2313 1166 2521 1220 ἔκλινεν
2553 1169 2836 1238 οὐρανοὺς,
2880 1169 2974 1219 καὶ
3003 1165 3208 1238 κατέϐη
3228 1182 3240 1195 ·

366 1246 453 1300 21.
488 1248 550 1302 Et
575 1250 752 1320 caligo
782 1252 884 1306 sub
920 1254 1147 1321 pedibus
1177 1257 1315 1325 ejus.

2046 1260 2136 1312 21.
2174 1259 2281 1311 Kal.
2308 1260 2505 1326 γνόφος
2534 1259 2638 1312 ὑπὸ
2664 1262 2790 1322 τοὺς
2814 1260 2978 1322 πόδας
3006 1257 3191 1311 αὑτοῦ.

361 1337 451 1392 22.
493 1337 559 1394 Ει
581 1343 830 1396 ascendit
858 1360 1022 1413 super
1047 1347 1352 1410 cherubim,
1384 1356 1437 1402 et
1461 1350 1699 1418 volavit;

2048 1349 2140 1405 22.
2172 1350 2280 1401 Kal.
2306 1349 2479 1419 ἐπέϐη
2515 1349 2608 1401 ἐπὶ
2637 1350 2923 1419 χερουϐὶμ,
2960 1349 3054 1401 καὶ
3082 1346 3354 1419 ὲπετὰσθη
3374 1364 3390 1380 ·

366 1429 458 1485 25.
491 1430 706 1487 Volavit
735 1450 900 1504 super
938 1452 1145 1505 pennas
1169 1448 1478 1494 ventorum.

2047 1443 2137 1495 25.
2175 1441 2479 1512 Ἐπετάσθη
2510 1442 2607 1494 ἐπὶ
2634 1441 2919 1513 πτερύγων
2946 1441 3183 1511 ἀνέμων.

368 1522 459 1577 24.
492 1522 561 1578 Et
592 1527 777 1595 posuit
801 1529 1053 1584 tenebras
1073 1570 1086 1593 ,
1116 1531 1402 1586 latibulum
1432 1550 1592 1589 suum
1624 1554 1635 1588 :

2046 1533 2136 1585 24.
2164 1532 2275 1585 Kal.
2304 1532 2456 1585 ἔθετο
2482 1533 2671 1594 σκότος
2695 1532 3017 1603 ἁποκρυφὴν
3044 1529 3208 1585 αὐτοῦ
3228 1545 3241 1559 ·

368 1615 459 1669 25.
502 1616 557 1670 In
589 1619 819 1675 circuitu
850 1621 968 1690 ejus
995 1624 1405 1679 tabernaculum
1439 1628 1558 1695 ejus
1580 1668 1594 1691 ,

1520 1643 1558 1681 [Β
1580 1668 1594 1691 ,
2047 1623 2136 1678 25.
2176 1624 2376 1694 Κύκλῳ
2405 1622 2570 1677 αὑτοῦ
2597 1627 2629 1694 ὴ
2658 1623 2829 1694 σκηνὴ
2853 1622 3017 1675 αὑτοῦ
3038 1663 3051 1686 ,

366 1703 458 1758 26.
493 1704 803 1764 Tenebrosa
837 1727 979 1781 aqua
1019 1714 1073 1767 in
1109 1716 1347 1771 nubibus
1382 1717 1544 1771 aeris.

2048 1716 2136 1769 26.
2168 1716 2447 1769 Σκοτεινὸν
2481 1714 2625 1787 ὕδωρ
2652 1718 2708 1768 ἐν
2733 1715 2986 1783 νεφέλαις
3013 1714 3208 1785 ἀέρων.

366 1796 456 1851 27.
486 1797 604 1854 Prae
631 1799 842 1872 fulgore
870 1805 923 1858 in
953 1817 1249 1876 conspectu
1290 1809 1410 1878 ejus
1439 1810 1610 1864 nubes
1644 1808 1875 1863 transie-

2051 1809 2140 1863 27.
2196 1809 2329 1861 Ἀπὸ
2380 1812 2477 1879 τῆς
2505 1809 2894 1879 τηλαυγήσεως
2927 1807 3157 1861 ἐνώπιον
3188 1808 3353 1863 αὐτοῦ
3391 1809 3446 1863 αί
3480 1824 3577 1863 νε·-

295 1894 454 1952 runt,

1983 1895 2140 1962 ᾳέλαι
2167 1894 2380 1963 διῆλθον
2401 1933 2414 1958 ,

362 1978 451 2033 28.
485 1976 726 2047 Grande,
768 1994 822 2039 et
857 1988 1123 2043 carbones
1148 1990 1309 2059 ignis.

2053 1988 2142 2041 28.
2182 1986 2427 2050 Χὰλαζα,
2459 1986 2554 2040 καὶ
2582 1985 2853 2057 ἄνθρακες
2883 1986 3071 2056 πυρός.

366 2070 456 2126 29.
491 2072 558 2126 Ει
591 2075 817 2130 intonuit
861 2079 928 2133 de
954 2081 1094 2134 coelo
1130 2080 1431 2137 Dominus:

2053 2078 2144 2132 29.
2175 2078 2286 2131 Kal
2310 2078 2633 2148 ἐϐρόντησεν
2660 2076 2718 2142 ἐξ
2750 2078 2979 2148 ούρανοῦ
3013 2079 3041 2129 ὁ
3075 2076 3276 2148 Κύριος
3297 2094 3311 2109 ο

368 2164 457 2220 50.
488 2165 553 2220 Et
579 2166 897 2225 Altissimus
924 2172 1071 2225 dedit
1097 2188 1287 2227 vocem
1318 2189 1473 2228 suam
1506 2193 1519 2228 :

2055 2171 2144 2224 50.
2180 2169 2288 2221 Kal.
2318 2171 2346 2220 6
2376 2168 2637 2237 ’Ύψιστος
2665 2168 2830 2221 ἕοωκε
2871 2168 3055 2239 φωνὴν
3087 2166 3252 2221 αὑτοῦ
3272 2183 3284 2197 ·

369 2258 457 2314 51.
491 2259 638 2314 Misit
674 2262 900 2329 sagittas
924 2279 1088 2330 suas;
1125 2275 1180 2318 et
1213 2266 1498 2335 dissipavit
1528 2282 1622 2321 eos
1650 2286 1660 2319 :

2054 2264 2142 2318 51.
2193 2262 2568 2330 Ἐξαπέστειλε
2599 2252 2757 2334 βέλη,
2794 2264 2888 2316 καὶ
2913 2264 3236 2334 ὲσκόρπισεν
3263 2261 3458 2325 αύτούς
3478 2276 3491 2293 ·

368 2348 456 2403 52.
492 2349 556 2405 Ει
594 2350 812 2421 fulgura
848 2355 1262 2424 multiplicavit;
1301 2365 1353 2410 et
1386 2356 1731 2411 conturbavit
1754 2370 1871 2410 eos.

2053 2354 2141 2408 52.
2178 2355 2287 2406 Kal.
2342 2354 2627 2425 ἀστραπὰς
2680 2353 2949 2424 ἐπλήθυνε
2975 2393 2990 2418 ,
3057 2354 3154 2408 καὶ
3213 2352 3574 2426 συνετάραξεν

398 2484 400 2486 τ
1983 2443 2196 2507 αύτούς.

367 2532 458 2588 55.
499 2533 566 2588 Ει
600 2546 973 2605 apparuerunt
1006 2537 1181 2593 fontes
1204 2554 1511 2609 aquarum;
1682 2584 1687 2593 .

2055 2540 2145 2592 55.
2177 2539 2289 2592 Kal.
2318 2536 2579 2609 ὤφθησαν
2605 2539 2664 2590 al.
2692 2539 2865 2609 πηγαὶ
2894 2538 3005 2591 τῶν
3043 2537 3251 2592 ὑδάτων
3271 2554 3282 2567 ·

1429 2674 1810 2732 ATHANASII
1845 2675 2431 2732 INTERPRETATIO.

375 2848 455 2908 l5.
486 2850 776 2909 Perveniat
804 2856 873 2910 ad
901 2871 1025 2911 eum
1058 2858 1386 2929 supplicatio
1418 2875 1538 2915 mea
1564 2900 1581 2928 ,
1611 2869 1665 2915 et
1701 2874 1872 2914 exau-

2053 2858 2140 2914 15.
2168 2857 2434 2911 Φθασόιτω
2462 2858 2597 2928 πρὸς
2622 2857 2780 2910 αὑτὸν
2805 2859 2835 2928 ἡ
2864 2857 2943 2909 ίκε
2954 2857 3041 2909 σία
3065 2874 3189 2927 μου,
3214 2856 3307 2911 καὶ
3328 2858 3578 2912 εἰσακου-

295 2942 435 2998 diar.

1983 2950 2272 3021 σθήσομαι.

372 3034 457 3091 14.
485 3034 786 3093 Terrestria
812 3058 827 3106 ;

1908 3097 1949 3112 Α
2062 3042 2148 3096 14.
2184 3041 2265 3095 Τὰ
2298 3041 2647 3112 καταχθόνιοι.

371 3130 460 3186 15.
484 3128 793 3186 Potestates
833 3134 1067 3189 inimici.

1905 3097 1951 3158 Ο
2054 3133 2141 3186 15.
2175 3133 2240 3184 Αἱ
2264 3097 2520 3202 away?“
2542 3131 2634 3184 τοῦ
2664 3131 2881 3202 ἐχθροῦ.

369 3220 459 3275 16.
488 3221 951 3279 Contremuerunt
980 3226 1408 3282 comminatione
1438 3228 1578 3298 ejus.

2054 3222 2140 3276 16.
2168 3224 2444 3292 Ἔντρομα
2487 3223 2806 3292 γεγένηνται
2842 3223 2929 3276 διὰ
2971 3225 3069 3295 τὴν
3103 3224 3329 3294 ἀπειλὴν
3378 3223 3568 3279 αὐτοῦ.

369 3313 458 3369 17.
496 3313 865 3382 Defecerunt,
922 3316 1203 3386 perierunt
1234 3320 1543 3386 daemones,
1618 3327 1877 3390 tanquam

2051 3319 2137 3372 17.
2181 3319 2477 3383 Ἐξέλιπον,
2504 3316 2780 3371 ἀπώλοντο
2806 3321 2853 3371 οἱ
2886 3318 3137 3388 δαίμονες
3160 3318 3235 3382 ὡς
3265 3319 3492 3382 καπνός.

299 3402 505 3458 fumus.

375 3495 461 3549 18.
517 3495 774 3554 Videntes
824 3500 970 3554 enim
1014 3501 1304 3557 Dominum
1356 3504 1411 3557 in
1461 3504 1700 3558 adventu
1736 3503 1878 3572 ejus,

2056 3502 2140 3555 18.
2194 3500 2459 3573 Ὀρῶντες
2494 3500 2601 3572 γὰρ
2636 3502 2726 3554 τὸν
2756 3500 2960 3570 Κύριον
2985 3501 3042 3554 ὲν
3068 3503 3134 3572 τῇ
3169 3501 3443 3572 παρουσίᾳ
3477 3500 3579 3554 αύ-

299 3599 627 3644 exarserunt
651 3606 683 3645 a
714 3590 853 3647 facie
881 3594 1071 3663 ipsius.

1979 3591 2097 3655 τοῦ,
2129 3592 2376 3645 ἐκαίοντο
2396 3592 2501 3644 ἀπὸ
2536 3591 2631 3644 τοῦ
2664 3589 2955 3661 προσώπου
2992 3589 3176 3644 αὐτοῦ.

371 3680 459 3736 19.
495 3681 789 3740 Sermones
822 3684 1062 3741 Domini.

2055 3684 2140 3738 19.
2179 3684 2243 3735 οἱ
2272 3683 2418 3751 λόγοι
2444 3683 2538 3736 τοῦ
2571 3684 2796 3753 Κυρίου.

370 3773 460 3829 20.
493 3773 559 3829 Ει
595 3777 814 3833 advenit
844 3781 897 3833 in
927 3790 1249 3859 terramhet
1276 3783 1552 3852 implevit,
1580 3783 1725 3852 quod
1756 3797 1883 3852 pro-

2055 3777 2144 3831 20.
2178 3775 2288 3829 Καὶ
2320 3775 2650 3846 παρεγένετο
2678 3776 2771 3828 ἐπὶ
2793 3775 2891 3845 τῆς
2918 3776 3023 3845 γῆς
3045 3815 3059 3841 ,
3094 3776 3189 3828 καὶ
3214 3774 3578 3847 πεπλήρωκεν

302 3866 547 3921 miserat.

1982 3868 2010 3920 ὃ
2045 3866 2430 3938 ἐπηγγείλατο.

372 3960 462 4014 21.
492 3960 678 4032 Caligo
713 3964 967 4020 diabolus
993 3975 1097 4021 est.
1892 3978 1895 3981 ’

1892 3978 1895 3981 ·
2053 3960 2144 4014 21.
2183 3961 2422 4027 Γνόφος
2451 3960 2479 4011 ὁ
2509 3958 2752 4020 διάϐολός
2786 3961 2949 4012 ἐστιν.

371 4051 464 4119 22,
494 4053 584 4106 25.
616 4055 911 4112 Cherubini
949 4060 1342 4130 interpretatur
1370 4061 1599 4131 cognitio
1619 4099 1633 4123 ,
1662 4070 1714 4114 et
1736 4059 1884 4113 intel‘

2053 4053 2145 4117 22,
2180 4053 2268 4106 25.
2311 4050 2594 4121 Χερουϐὶμ
2625 4052 2985 4122 ἑρμηνεύεται
3026 4052 3249 4120 γνῶσις
3295 4052 3390 4104 καὶ
3429 4051 3579 4103 σύν-

302 4141 523 4212 Iigentia
546 4163 564 4200 :
590 4162 757 4217 super
779 4150 958 4219 justos
992 4153 1157 4219 igitur
1195 4154 1328 4208 dicit
1355 4194 1369 4217 ,
1403 4154 1547 4222 quod
1602 4156 1833 4208 ascendit

2046 4158 2135 4209 ἰς’
2157 4146 2237 4208 είς
2263 4145 2389 4206 τοὺς
2412 4143 2653 4203 δ.καίους
2681 4138 2772 4195 οῦν
2802 4141 2971 4209 λέγει,
3001 4143 3082 4195 ὅτι
3104 4142 3288 4210 ἐπέϐη
3310 4159 3322 4168 ·
3351 4142 3445 4195 καὶ
3468 4141 3577 4211 γὰρ

302 4239 503 4291 etenim
536 4239 787 4296 similiter
817 4247 1187 4313 apostolorum
1230 4247 1444 4300 animas
1498 4255 1674 4300 ventos
1726 4247 1833 4302 dixi

2042 4236 2246 4305 néﬂovc
2267 4235 2364 4298 τὰς
2388 4235 2565 4304 ψυχας
2586 4234 2692 4287 τῶν
2716 4234 3027 4287 ἀποστόλων
3050 4234 3272 4304 εἴρηκεν
3292 4233 3573 4296 ὡσαύτως-

374 4331 465 4385 21.
497 4331 869 4390 Tenebrarum
903 4337 1045 4392 ﬁlios
1073 4353 1105 4391 a
1140 4353 1199 4393 se
1229 4339 1573 4397 abalienavit.

2058 4331 2147 4385 24.
2182 4330 2320 4393 Τοὺς
2347 4329 2440 4381 τοῦ
2472 4330 2694 4391 σκότους
2721 4327 3163 4399 ἀπηλλοτρίωσεν
3192 4325 3408 4380 ἑαυτοῦ.

372 4423 465 4477 25.
497 4424 711 4481 Fideles
734 4428 854 4497 ejus

1917 4454 1959 4509 υ
2060 4421 2148 4475 25.
2184 4422 2247 4474 Οἱ
2278 4420 2457 4473 πιστοὶ
2481 4419 2666 4475 αὐτοῦ.

373 4514 464 4569 26.
505 4513 698 4571 Sermo
727 4519 1109 4587 parabolarum
1141 4521 1193 4575 in
1224 4523 1525 4592 prophetis.

2058 4514 2149 4568 26.
2193 4514 2252 4566 Ὁ
2296 4513 2452 4580 λόγος
2496 4512 2604 4565 τῶν
2644 4511 2967 4581 παραϐολῶν
2999 4514 3057 4564 ὲν
3101 4512 3215 4575 τοῖς
3249 4512 3571 4583 προφήταις.

376 4608 469 4661 27.
499 4609 639 4664 Ante
662 4613 952 4667 adventum
984 4614 1155 4682 ipsius
1186 4614 1400 4671 Domini
1432 4634 1613 4674 sermo
1655 4622 1887 4691 prophe-

2058 4606 2147 4661 27.
2182 4605 2295 4675 Πρὸ
2327 4605 2429 4673 τῆς
2460 4604 2761 4675 παρουσίας
2792 4603 2956 4656 αὑτοῦ
2993 4602 3087 4655 τοῦ
3127 4602 3332 4673 Κυρίου
3355 4604 3384 4656 ὁ
3423 4602 3576 4670 λόγος

305 4705 484 4754 tarum
523 4701 901 4770 promulgatus
931 4711 1032 4757 est.

1990 4698 2095 4750 τῶν
2131 4696 2424 4768 προφητῶν
2456 4697 2859 4768 προεκήρηττεν
2890 4692 3348 4766 [προεκηρύχθη].

376 4792 467 4845 28.
498 4791 791 4849 Sermones
812 4796 1199 4863 prophetarum
1232 4799 1525 4870 signiﬁcat,
1551 4804 1644 4873 qui
1667 4805 1887 4873 quidem

2055 4789 2147 4843 28.
2210 4789 2349 4851 Τοὺς
2396 4787 2586 4855 λόγους
2620 4786 2768 4855 λέγει
2803 4787 2908 4839 τῶν
2944 4786 3272 4857 προφητῶν,
3308 4784 3574 4859 σκληροὺς

309 4883 433 4938 duri
464 4894 639 4948 erant,
669 4895 958 4941 exurentes
994 4898 1176 4943 autem
1208 4902 1534 4960 peccatores

1997 4882 2093 4951 μὲν
2127 4880 2306 4943 ὄντας,
2338 4880 2589 4940 καίοντας
2616 4879 2670 4931 δὲ
2699 4882 2823 4944 τοὺς
2849 4880 3276 4949 ἁμαρτάνοντας.

378 4974 469 5029 29.
502 4974 745 5030 intonuit
777 4975 1013 5047 Spiritus
1039 4991 1265 5037 sanctus
1286 4984 1578 5037 adventum
1608 5000 1791 5039 suum.

2062 4974 2152 5027 29.
2188 4972 2499 5042 Ἐϐρόντισε
2529 4971 2590 5024 τὸ
2618 4971 2771 5040 ἆγιον
2821 4970 3045 5043 Πνεῦμα
3075 4970 3171 5042 τὴν
3195 4970 3389 5025 ἑαυτοῦ
3425 4987 3567 5042 παρ-

1993 5065 2201 5119 ουσίαν.

381 5152 469 5207 50.
505 5154 814 5224 Apostolos.

2067 5158 2155 5211 50.
2194 5156 2331 5218 Τοὺς
2365 5155 2713 5219 ἀποστόλους.

385 5247 478 5302 51.
507 5246 797 5315 Apostolos
829 5261 1015 5306 contra
1047 5252 1347 5309 dmmones.
1602 5264 1612 5271 '

2068 5250 2154 5304 51.
2184 5249 2322 5311 Τοὺς
2350 5247 2679 5309 ἀποστόλους
2711 5246 2851 5299 κατὰ
2877 5245 2985 5298 τῶν
3015 5245 3301 5315 δαιμόνων.

384 5340 472 5393 52.
520 5338 940 5408 Multiplicarit,
1007 5344 1203 5413 inquit,
1253 5345 1585 5416 loquentibus
1641 5345 1893 5415 apostolis

2069 5342 2157 5394 52.
2183 5339 2542 5405 Ἐπλήθυνε,
2570 5338 2738 5405 λέγει,
2763 5336 2828 5389 τὸ
2852 5337 3060 5391 λαϐεῖν
3211 5334 3411 5407 λαλεῖν]
3440 5334 3576 5400 τοὺς

312 5430 475 5483 variis
507 5430 734 5498 linouis,
767 5444 921 5502 prout
955 5433 1190 5505 Spiritus
1214 5437 1376 5490 dabat
1407 5437 1580 5507 eloqui
1608 5437 1799 5490 illis“.

2046 5432 2378 5495 ποστόλους
2404 5429 2632 5497 ἑτέραις
2657 5428 2991 5499 γλώσσαις,
3023 5427 3216 5494 καθὼς
3240 5428 3306 5482 τὸ
3337 5426 3577 5497 Πνεῦμα

1996 5528 2197 5582 ἐδίδου
2225 5527 2428 5592 αὐτοῖς
2455 5528 2951 5599 ἀποφθέγγεσθαι.

385 5608 475 5672 55,
502 5608 590 5662 54.
633 5609 699 5664 Ει
723 5620 1123 5668 concurrerunt
1147 5627 1340 5669 onmes
1361 5655 1375 5681 ,
1401 5620 1455 5670 et
1484 5613 1739 5669 admirati
1768 5620 1897 5669 sunt

2071 5619 2158 5684 55,
2203 5619 2289 5673 54.
2347 5619 2455 5674 Kal.
2506 5619 2837 5692 σύνεδραμον
2871 5619 3072 5683 πάντες
3094 5657 3109 5683 ,
3142 5618 3235 5673 καὶ
3272 5616 3580 5688 ἐθαύμαζον

393 5750 438 5780 ³³
463 5748 583 5804 Act.
624 5765 681 5812 ll,
723 5748 770 5803 1.
