3878 6218
301 281 415 337 705

379 397 469 453 54.
500 398 609 452 Kal
635 398 981 470 ἀνεκαλύιρθη
1012 401 1080 453 τὰ
1111 400 1333 473 θεμέλια
1359 403 1454 471 τῆς
1481 403 1805 473 οἰκουμένης
1829 449 1839 465 ,

379 489 468 543 55.
509 489 643 541 Ἀπὸ
665 489 1034 560 ἐπιτιμήσεως
1061 507 1177 553 σου,
1201 493 1394 563 Κυριε,

381 579 470 634 56.
515 580 648 633 Ἀπὸ
673 581 1023 649 ὲμπνεύσεως
1044 582 1353 649 πνεύματος
1375 585 1543 655 ὀργῆς
1567 602 1679 637 σου.

378 672 467 724 57.
512 669 918 735 ’Ἑξαπέστειλεν
958 673 1015 738 ἐξ
1049 672 1234 742 ὕψους,
1273 676 1362 727 καὶ
1389 675 1546 726 ἔλαϐέ
1579 693 1644 745 με
1665 691 1676 704 ·

377 762 468 815 58.
500 761 872 830 Προσελάϐετό
910 780 976 832 με
1007 763 1064 829 ἐξ
1089 765 1296 816 ὑδάτων
1323 764 1550 817 πολλῶν.

375 851 465 906 59.
509 852 807 923 Ἑρῤύσατό
837 871 902 922 με
927 853 986 918 ἐξ
1027 854 1234 924 ἐχθρῶν
1261 873 1366 925 μου
1397 855 1657 919 δυνατῶν,

375 943 468 997 40.
499 946 610 997 Καὶ
638 948 701 997 ἐκ
727 945 832 998 τῶν
860 947 1160 1015 μισούντων
1199 961 1288 1018 με·

372 1032 464 1088 41.
495 1034 615 1086 ’Ότι
649 1035 1057 1106 ἐστερεώθησαν
1089 1037 1228 1107 ὑπὲρ
1257 1038 1374 1107 ἐμέ.

372 1125 465 1180 42.
502 1127 859 1196 Προέφθασάν
887 1147 954 1196 με
982 1131 1038 1181 ἐν
1064 1129 1247 1201 ἡμέρᾳ
1275 1129 1568 1193 κακώσεώς
1597 1149 1698 1201 μου
1718 1148 1731 1161 ’

372 1217 464 1272 45.
500 1220 609 1270 Kal
641 1219 857 1286 ἐγένετο
888 1219 1088 1291 Κύριος
1118 1221 1522 1293 ἁντιστήριγμὰ
1549 1241 1671 1293 μου,

370 1311 464 1364 44.
497 1312 605 1363 Καὶ
631 1312 864 1383 ἐξήγαγέ
892 1331 958 1383 με
984 1314 1064 1376 εἰς
1092 1313 1402 1384 πλατυσμόν
1425 1332 1435 1342 ·

367 1403 461 1455 45.
504 1404 750 1457 Ῥύσεταί
782 1422 869 1474 με,
903 1406 986 1457 ὅτι
1017 1405 1246 1477 ἠθέλησέ
1281 1425 1367 1476 με.

365 1494 458 1547 46.
489 1497 599 1548 Kal
636 1496 1003 1549 ἁνταποδώσει
1035 1515 1123 1568 μοι
1155 1499 1358 1569 Κύριος
1387 1501 1527 1554 κατὰ
1550 1500 1648 1571 τὴν
1680 1501 1884 1554 δικαιο-

288 1585 467 1657 σύνην
495 1605 618 1657 μου,

371 1679 460 1732 47.
498 1681 604 1732 Kal
642 1679 785 1732 κατὰ
832 1681 930 1751 τὴν
970 1681 1335 1752 καθαριότητα
1386 1683 1492 1736 τῶν
1537 1686 1733 1756 χειρῶν
1785 1703 1882 1756 μου

287 1771 667 1824 ἀνταποδῶσει
698 1789 808 1842 μοι.

366 1860 455 1913 48.
489 1861 610 1914 Ὅτι
644 1861 886 1931 ἐφύλαξα
910 1863 1007 1926 τὰς
1038 1862 1194 1925 ὁδοὺς
1227 1864 1431 1933 Κυρίου
1453 1907 1466 1930 ,

361 1952 448 2007 49.
479 1954 588 2006 Kal
614 1953 714 2006 οὐκ
741 1954 988 2024 ἡσέϐησα
1016 1955 1123 2008 ἀπὸ
1152 1955 1245 2008 τοῦ
1281 1957 1415 2009 Θεοῦ
1455 1975 1556 2027 μου

369 2041 456 2096 50.
497 2043 619 2095 Ὅτι
648 2044 824 2096 πάντα
848 2042 914 2096 τὰ
949 2045 1190 2115 κρίματα
1217 2047 1380 2099 αὐτοῦ
1411 2048 1639 2101 ἐνώπιόν
1681 2067 1781 2120 μου
1806 2065 1820 2078 ⁸

365 2133 456 2187 5|.
496 2135 604 2186 Kal
631 2134 699 2188 τὰ
726 2134 1070 2206 δικαιώματα
1103 2137 1268 2190 αὐτοῦ
1306 2139 1406 2192 οὐκ
1439 2141 1754 2210 ἀπέστησαν
1784 2143 1878 2194 ἀπ’

281 2227 453 2284 ἐμοῦ.

321 2244 453 2295 μου.

365 2320 456 2374 5‘2.
487 2321 597 2372 Kal
636 2320 828 2390 ἔσομαι
858 2321 1086 2391 ἄμωμος
1119 2323 1237 2391 μετ’
1269 2323 1454 2376 αὑτοῦ·

363 2413 454 2468 53.
487 2415 598 2469 Kal
629 2415 931 2486 φυλάξομαι
954 2416 1061 2468 ἀπὸ
1090 2415 1188 2484 τῆς
1212 2415 1440 2486 ἀνομίας
1476 2435 1598 2488 μου.

365 2508 455 2561 54.
495 2510 605 2561 Kal
634 2508 1003 2563 ἁνταποίώσει
1038 2526 1127 2580 μοι
1156 2508 1357 2580 Κύριος
1389 2511 1531 2564 κατὰ
1552 2510 1649 2580 τὴν
1675 2511 1875 2565 δικαιο-

282 2600 462 2672 σύνην
494 2619 618 2672 μου,
660 2627 678 2672 λ

1215 285 1302 339 DE
1343 285 1619 341 TITULIS
1657 284 2113 340 PSALMORUM.
2151 316 2221 323 —
2255 284 2450 339 PSAL.
2483 283 2646 337 XVII.

3472 287 3574 343 706

2069 401 2155 454 54.
2194 400 2260 454 Ει
2295 401 2527 454 revelata
2559 410 2688 454 sunt
2717 397 3069 453 fundamenta
3098 401 3247 455 orbis
3271 409 3570 456 terrarum:

2069 495 2156 547 55.
2193 494 2272 546 Ab
2305 494 2675 562 increpatione
2705 502 2828 557 tua,
2863 492 3118 557 Domine,

2067 586 2156 640 56.
2191 586 2271 638 Ab
2301 585 2662 653 inspiratione
2693 584 2917 653 spiritus
2943 585 3036 637 iraa
3063 597 3186 638 une.

2068 678 2154 731 57.
2188 675 2336 730 Misit
2367 677 2434 730 de
2465 690 2703 738 summo,
2731 684 2784 728 et
2809 676 3016 743 accepit
3048 691 3171 742 me;

2065 770 2152 824 58.
2177 768 2488 837 Assumpsit
2520 783 2606 821 me
2635 768 2702 822 dc
2728 767 2884 836 aquis
2910 768 3114 821 multis.

2067 863 2155 914 59.
2189 861 2402 929 Eripuit
2427 876 2514 914 me
2545 861 2610 914 de
2642 860 2878 913 inimicis
2909 861 3042 913 meis
3075 859 3410 924 fortissimis,

2062 955 2150 1008 40.
2181 952 2246 1004 Ει
2279 954 2345 1006 ab
2380 953 2466 1017 iis,
2507 953 2597 1021 qui
2639 953 2875 1006 oderunt
2904 968 3029 1007 me:

2060 1043 2148 1096 41.
2184 1043 2456 1108 Quoniam
2489 1041 2777 1096 confortati
2808 1052 2936 1095 sunt
2971 1059 3134 1111 super
3167 1059 3274 1096 me.

2061 1133 2148 1186 42.
2185 1132 2573 1185 Praevenerunt
2599 1146 2687 1185 me
2716 1133 2767 1183 in
2798 1133 2884 1184 die
2915 1132 3225 1185 afﬂictionis
3253 1148 3386 1186 meae
3412 1150 3425 1164 ο

2057 1225 2147 1278 45.
2183 1222 2248 1276 Et
2281 1222 2458 1276 factus
2489 1231 2574 1275 est
2611 1221 2873 1275 Dominus
2910 1232 3179 1290 protector
3215 1239 3391 1276 meus.

2061 1318 2146 1370 44.
2183 1317 2247 1370 Ει
2278 1317 2463 1370 eduxit
2494 1331 2579 1368 me
2615 1315 2667 1367 in
2697 1315 3038 1368 latitudinem
3073 1333 3085 1368 :

2062 1412 2150 1464 45.
2192 1409 2410 1464 Salvum
2446 1425 2531 1462 me
2559 1407 2740 1472 faciet,
2771 1410 3030 1479 quoniam
3059 1409 3230 1461 voluit
3261 1423 3364 1460 me.

2059 1505 2146 1557 46.
2181 1503 2246 1556 Et
2295 1501 2557 1556 retribuet
2591 1502 2724 1554 mihi
2762 1500 3028 1554 Dominus
3062 1500 3359 1554 secundum
3400 1499 3566 1567 justi-

1988 1597 2116 1650 tiam
2147 1612 2326 1650 meam
2362 1613 2373 1647 :

2060 1689 2146 1742 47.
2185 1688 2249 1741 Ει
2303 1689 2604 1743 secundum
2651 1688 2944 1758 puritatem
3000 1702 3262 1738 manuum
3316 1701 3560 1738 mearuzn

1916 1765 1956 1822 Β
1990 1780 2241 1832 retribuet
2274 1780 2431 1833 mibi.

2057 1872 2146 1926 48.
2184 1872 2325 1937 Quia
2358 1869 2628 1925 custodivi
2661 1868 2776 1921 vias
2805 1868 3020 1921 Domini
3055 1890 3065 1922 :

2056 1965 2144 2017 49.
2173 1962 2469 2031 Neeimpie
2510 1961 2653 2031 gessi
2686 1975 2714 2012 a
2751 1959 2860 2013 Deo
2897 1975 3054 2013 meo:

2057 2057 2143 2109 50.
2163 2053 2635 2120 Quoniamomnia
2651 2052 2855 2122 judicia
2873 2051 2992 2120 ejus
3016 2049 3068 2103 in
3093 2059 3384 2118 conSpectu
3405 2063 3524 2104 meo
3546 2090 3562 2103 .

2053 2147 2143 2201 5|.
2174 2145 2238 2200 Et
2259 2145 2503 2216 justitias
2533 2145 2654 2212 ejus
2687 2159 2795 2196 non
2830 2142 3000 2210 repuli
3027 2157 3056 2194 a
3091 2156 3195 2194 me.

2053 2326 2143 2380 52.
2171 2325 2236 2378 Et
2263 2340 2357 2378 ero
2393 2323 2776 2377 immaculatus
2807 2338 2928 2375 cum
2953 2336 3018 2374 eo
3047 2363 3058 2374 .

2054 2420 2143 2473 55.
2176 2418 2242 2472 Ει
2271 2417 2572 2472 observabo
2615 2432 2700 2469 me
2728 2417 2794 2468 ab
2831 2416 3114 2482 iniquitate
3145 2429 3283 2468 mea.

2050 2509 2137 2564 54.
2173 2508 2238 2560 Et
2265 2507 2526 2561 retribuet
2557 2505 2689 2558 mihi
2742 2504 3007 2560 Dominus
3051 2504 3351 2558 secundum
3395 2503 3563 2572 justi-

1979 2600 2110 2654 tiam
2150 2615 2351 2664 meam,

1421 2759 1797 2818 ATHANASII
1837 2759 2429 2815 INTERPRETATIO.

273 2927 332 2978 οἱ
366 2923 746 2987 κατοικοῦντες
762 2923 1113 2996 Ἰερουσαλὴμ
1137 2923 1488 2994 θεωροῦντες,
1521 2923 1616 2977 καὶ
1649 2922 1872 2992 βλέπον-

1979 2919 2287 2973 habitantes
2330 2917 2635 2975 Jerusalem
2691 2917 3104 2972 censiderantes
3133 2957 3148 2982 ,
3211 2923 3265 2968 et
3312 2915 3558 2970 videntes

274 3033 380 3078 τες
403 3017 528 3079 τοὺς
553 3016 884 3079 ἀποστόλους
904 3017 1196 3080 λαλοῦντας
1218 3016 1287 3068 τὰ
1310 3016 1570 3086 μεγαλεῖα
1589 3017 1682 3070 τοῦ
1707 3018 1840 3071 Θεοῦ

2030 3011 2257 3079 _)ost()los
2295 3011 2582 3078 loquentes
2632 3009 2900 3078 tuagualia
2950 3008 3104 3062 Dei”
3140 3026 3152 3062 :
3187 3008 3355 3075 fontes
3386 3008 3553 3076 enim,

272 3109 482 3175 πηγὰς
515 3109 624 3178 γὰρ
667 3110 760 3160 καὶ
804 3108 1042 3176 θεμέλια
1067 3110 1263 3172 αὐτοὺς
1289 3109 1456 3178 λέγει.

360 3201 449 3254 55.
481 3201 615 3253 Ἀπὸ
653 3203 751 3272 τῆς
779 3200 1123 3264 διδασκαλίας
1155 3217 1268 3262 σου,

355 3292 445 3345 56.
469 3293 577 3344 Kal
594 3293 701 3345 ἀπὸ
717 3293 816 3363 τῆς
833 3293 1108 3364 ἐνεργείας
1129 3292 1220 3345 τοῦ
1241 3292 1379 3345 Πνεύ
1390 3311 1556 3363 ματος
1579 3296 1670 3349 τοῦ
1693 3299 1870 3367 ἁγίου.

356 3383 446 3443 57,
483 3383 572 3436 58.
621 3383 1054 3453 Ἑϐαπτίσθησαν
1089 3381 1196 3452 γὰρ
1227 3385 1282 3435 ἐν
1309 3387 1372 3453 τῇ
1400 3385 1585 3456 ἡμέρᾳ
1614 3388 1712 3457 τῆς
1741 3390 1876 3442 Πεν-

270 3476 553 3546 τηκοστῆς
585 3475 734 3546 παρὰ
758 3474 864 3527 τῶν
899 3475 1212 3528 ἀποστόλων
1240 3474 1411 3545 ψυχαὶ
1442 3478 1516 3539 ῶς
1540 3481 1835 3549 τρισχίλιαι
1857 3499 1870 3512 ’

270 3569 369 3622 διὰ
397 3568 556 3620 τοῦτο
582 3567 726 3636 λέγει
761 3568 824 3620 ἐκ
860 3566 1149 3638 προσώπου
1178 3567 1283 3620 τῶν
1314 3573 1776 3626 πεπιστευκότων.

357 3660 449 3725 59,
483 3660 572 3714 40.
609 3661 862 3713 Τουτέστι
891 3660 1000 3714 τῶν
1025 3661 1315 3732 δαιμόνων.

353 3749 444 3802 41.
481 3749 854 3820 Ἐρῤύσθησαν
894 3749 1002 3820 γὰρ
1045 3750 1433 3820 βαπτισθέντες
1480 3753 1544 3804 ἐκ
1596 3751 1705 3806 τῶν
1741 3770 1871 3806 κατ-

271 3839 702 3907 εξουσιαζόντων
741 3840 919 3893 αὐτῶν
950 3839 1237 3910 δαιμόνων.

352 3930 445 3982 42.
483 3931 610 3983 Ὅτε
639 3930 896 3999 ἠσθένουν
922 3935 989 4001 τῇ
1020 3931 1186 4002 ψυχῇ,
1221 3930 1567 3994 συνέκλεισάν
1605 3948 1691 4001 με.

354 4022 638 4087 45,44.Διὰ
656 4021 748 4074 τοῦ
768 4021 1138 4092 βαπτίσματος
1153 4022 1346 4092 ἕστησέ
1367 4039 1431 4092 με
1447 4023 1527 4086 εἰς
1543 4022 1866 4075 ἀνάπαυσιν.

351 4116 441 4169 45.
459 4115 578 4183 Ἀφ’
595 4111 656 4168 οὗ
676 4114 1098 4185 περιεποιήσατο
1117 4131 1204 4184 με,
1227 4115 1527 4184 ρύσεταίξμε
1543 4114 1635 4167 τοῦ
1656 4115 1865 4168 λοιποῦ.

351 4205 442 4258 46.
476 4207 584 4258 Kal
612 4204 796 4257 λοιπὸν
830 4206 887 4256 ὲν
916 4203 994 4273 τῷ
1025 4203 1202 4276 καιρῷ
1235 4205 1333 4274 τῆς
1367 4204 1602 4274 κρίσεως
1632 4207 1867 4259 ἀνταπο-

269 4301 440 4357 δώσει
477 4320 585 4372 μοι.

350 4395 441 4448 47.
472 4394 630 4448 Κατὰ
661 4393 760 4464 τὴν
793 4393 1158 4464 καθαριότητα
1189 4394 1296 4446 τῶν
1323 4392 1498 4462 ἔργων
1533 4411 1652 4464 μου.

348 4488 439 4542 48.
481 4489 592 4548 Τὰς
622 4487 840 4550 ἐντολὰς
867 4485 1027 4539 αὐτοῦ
1055 4487 1193 4556 ἔχων
1227 4489 1284 4538 ἐν
1317 4489 1381 4556 τῇ
1411 4488 1610 4558 καρδίᾳ
1641 4503 1765 4557 μου.

353 4579 443 4633 49.
468 4579 655 4642 Ἑκτὸς
683 4578 846 4632 αὐτοῦ
880 4579 1049 4648 ἑτέρῳ
1071 4579 1172 4630 οὐκ
1198 4579 1518 4647 ὲλάτρευσα.

352 4670 441 4726 50.
475 4672 594 4723 Ὅτι
632 4670 783 4722 οὐδὲν
814 4667 922 4721 τῶν
946 4669 1172 4722 ἐντολῶν
1205 4669 1369 4721 αὑτοῦ
1405 4667 1714 4738 ἀπόϐλητόν
1747 4668 1865 4719 ἐστι

273 4764 412 4833 παρ’
438 4763 580 4833 ἐμοὶ,
609 4761 747 4814 ἀλλὰ
775 4761 880 4830 πρὸ
905 4760 1195 4831 ὀφθαλμῶν
1228 4777 1328 4830 μου
1361 4759 1468 4829 ἔχω
1502 4761 1661 4813 αὐτά.

350 4941 438 4995 51.
468 4942 578 4994 Kal
604 4939 671 4992 τὰ
706 4938 1048 5008 δικαιώματα
1079 4937 1237 4992 αὐτοῦ
1267 4935 1626 4999 ἀδιαλείπτως
1657 4937 1852 5007 μελέτη

278 5033 383 5104 μου
421 5035 554 5084 ἐστι.

349 5125 437 5178 5‘2.
475 5123 584 5176 Kal
609 5121 695 5174 ἀεὶ
722 5120 948 5183 ἄσπιλος
973 5118 1123 5189 αὐτῷ
1156 5117 1474 5189 τηρηθείην.

344 5216 434 5270 55.
473 5216 708 5286 Τηρήσω
735 5213 967 5284 ἐμαυτὸν
994 5212 1089 5265 τοῦ
1126 5210 1199 5282 μὴ
1225 5211 1538 5281 περιπεσεῖν
1571 5213 1693 5274 ταῖς
1725 5228 1854 5282 προ·

268 5315 456 5387 τέραις
485 5329 583 5384 μου
609 5310 942 5381 ἐπιθυμίαις.

343 5405 533 5462 54-56.
575 5405 682 5457 Kal
713 5403 769 5454 ἐν
811 5404 877 5471 τῇ
911 5399 1095 5469 δικαίᾳ
1131 5397 1292 5451 αὑτοῦ
1332 5390 1722 5468 μισθαποδοσία
1761 5413 1849 5467 μοι

265 5495 456 5566 ἀποδῷ
504 5489 578 5548 ὧν
626 5493 970 5564 εἰργασάμην
1018 5489 1246 5543 ἐνώπιον
1290 5489 1476 5554 αὑτοῦ,
1511 5492 1538 5543 ό
1573 5488 1856 5551 ἀποδιδοὺς

270 5590 489 5658 ἑκάστῳ
523 5587 663 5640 κατὰ
691 5585 758 5638 τὰ
782 5585 917 5655 ἔργα
949 5583 1136 5636 αὑτοῦ.

345 5702 391 5734 ει
423 5703 540 5757 Act.
577 5717 636 5768 ιι,
670 5700 720 5753 7.
797 5699 842 5732 ει
868 5698 997 5752 ibid.
1034 5697 1120 5750 tt.

1977 3113 2030 3156 et
2068 3102 2411 3172 fundamenta
2441 3117 2535 3156 eos
2569 3112 2746 3156 vocat.

2163 3193 2209 3246 A
2237 3194 2485 3248 doctrina
2519 3207 2630 3257 tua,

2047 3285 2136 3338 56.
2173 3283 2239 3335 Et
2270 3285 2338 3337 ab
2373 3286 2690 3352 operatione
2722 3284 2955 3354 Spiritus
2980 3283 3176 3339 sancti.

2048 3379 2138 3443 57,
2168 3379 2256 3432 58.
2290 3378 2358 3432 Ει
2391 3380 2676 3448 baptizata:
2718 3391 2847 3434 sunt
2877 3382 2928 3433 in
2975 3382 3062 3434 die
3115 3382 3458 3434 l‘entecostes
3485 3379 3555 3431 ab

1977 3473 2241 3539 apestolis
2265 3473 2464 3526 animae
2487 3474 2644 3542 quasi
2673 3474 2772 3527 tria
2798 3474 2966 3528 millia
2991 3474 3013 3504 ‘
3044 3492 3058 3529 :
3090 3482 3375 3544 propterea
3415 3473 3553 3540 haec,

1976 3564 2105 3616 dicit
2131 3578 2194 3615 ex
2229 3578 2460 3630 persona
2499 3579 2707 3626 eorum,
2739 3564 2832 3632 qui
2867 3564 3238 3619 crediderunt.

2043 3655 2132 3716 59,
2164 3656 2252 3708 40.
2285 3655 2398 3708 Hoc
2428 3665 2511 3710 est
2539 3656 2868 3709 daemonum.

2043 3748 2131 3804 41,
2171 3747 2437 3816 Baptizati
2487 3748 2630 3800 enim
2664 3748 2878 3801 liberati
2937 3756 3068 3803 sunt
3183 3747 3549 3814 daemonibus,

1972 3836 2063 3904 qui
2095 3838 2174 3889 eis
2214 3837 2663 3890 dominabantur.

2038 3927 2127 3980 49..
2149 3928 2378 3992 Quando
2395 3929 2576 3981 anima
2603 3928 2852 3983 inﬁrmus
2869 3945 3016 3982 eram
3036 3930 3546 3985 conclusentntm".

2038 4019 2129 4083 45,
2161 4018 2247 4072 44.
2293 4017 2397 4073 Per
2446 4019 2779 4087 baptismum
2807 4034 2894 4073 me
2927 4020 2979 4072 in
3012 4019 3202 4088 requie
3243 4021 3546 4074 constituzt.

2160 4109 2234 4162 Ex
2265 4125 2375 4178 quo
2408 4125 2492 4163 me
2525 4108 2837 4176 acquisivit,
2866 4110 3123 4177 deinceps
3156 4126 3241 4163 tne
3277 4111 3546 4164 liberabit.

2038 4202 2126 4256 46.
2160 4201 2226 4256 Ει
2258 4202 2476 4256 demum
2504 4202 2689 4259 iudicii
2726 4211 2968 4270 tempore
3001 4204 3263 4257 retribuet
3285 4204 3437 4256 mihi.

2038 4379 2129 4436 47.
2184 4380 2492 4435 Secundum
2541 4381 2829 4450 puritatem
2861 4395 3107 4433 mearum
3143 4381 3544 4448 operatieuum.

2039 4473 2130 4527 48.
2167 4473 2441 4543 Ριτιιερριδ
2472 4474 2591 4544 ejus
2621 4475 2828 4528 babens
2860 4474 2911 4526 in
2945 4473 3109 4526 corde
3140 4488 3282 4526 meo.

2039 4565 2127 4619 49.
2171 4565 2337 4619 Extra
2373 4581 2495 4618 cum
2531 4565 2663 4617 nulli
2701 4564 2789 4617 alii
2830 4565 3048 4617 servivi.

2038 4659 2126 4711 50.
2190 4657 2455 4722 Quoniam
2501 4657 2710 4709 nullum
2745 4671 2969 4709 suorum
3006 4668 3400 4725 praeceptorum
3452 4656 3547 4711 de-

1969 4748 2237 4816 spicatam
2277 4755 2361 4800 est
2392 4748 2534 4814 apud
2564 4763 2684 4808 me,
2742 4749 2836 4801 sed
2866 4763 2976 4816 prm
3030 4748 3205 4802 oculis
3250 4750 3386 4802 meis
3428 4751 3544 4820 ipsa

1970 4840 2163 4893 habeo.

2038 4930 2125 4984 51.
2147 4928 2652 5000 Etjustiﬁcationes
2690 4930 2812 4999 ejus
2841 4932 3064 4987 assidua
3088 4933 3370 4988 meditatio
3423 4951 3540 4989 mea

1966 5029 2114 5074 sunt.

2036 5109 2125 5164 5‘2.
2159 5107 2225 5162 Et
2262 5108 2381 5162 sine
2413 5108 2535 5162 labe
2569 5107 2669 5176 ipsi
2706 5123 2920 5178 semper
2948 5122 3197 5165 servatus
3231 5127 3374 5165 sum.

2161 5197 2479 5252 Custodiam
2512 5213 2599 5252 me
2628 5198 2830 5266 ipsum,
2867 5213 2934 5252 ne
2960 5199 3205 5253 decidant
3248 5201 3299 5252 in
3332 5201 3542 5270 priores

1964 5305 2114 5344 meas
2146 5288 2486 5358 cupiditates.

2035 5381 2221 5435 54-56.
2261 5379 2324 5432 Et
2357 5380 2412 5432 in
2440 5380 2589 5449 justa
2617 5380 2737 5448 ejus
2770 5381 3131 5435 retributione
3166 5382 3354 5437 reddet
3382 5384 3541 5449 mihi,

1961 5489 2083 5542 quae
2112 5479 2366 5541 operatus
2391 5487 2511 5526 sum
2541 5486 2724 5524 coram
2758 5474 2896 5542 ipso,
2934 5474 3027 5542 qui
3060 5474 3355 5544 unicuique
3383 5478 3515 5530 retri

1962 5564 2079 5619 buit
2109 5564 2408 5620 secundum
2437 5578 2604 5634 opera
2638 5563 2778 5633 ejus.
