3878 6218
351 263 452 321 707

413 383 504 439 55.
547 382 612 439 Ει
656 388 957 442 secundum
1021 389 1310 458 puritatem
1361 405 1622 444 manuum
1676 407 1920 446 mearum
1953 397 1996 452 Α

342 475 610 530 retribuet
639 477 796 542 mihi,

415 565 502 618 56.
549 565 604 620 lu
634 579 926 636 conspectu
957 570 1239 625 oculorum
1267 573 1408 642 ejus.

415 657 504 712 57.
546 659 682 712 Cum
715 671 906 716 sancto
945 673 1168 718 sanctus
1199 666 1310 720 eris
1339 685 1352 720 :

415 749 502 804 58.
547 751 610 804 Et
641 769 764 806 cum
793 755 909 807 viro
939 756 1226 811 innocente
1259 759 1525 814 innocens
1553 760 1666 814 eris
1699 778 1712 814 :

414 843 504 898 59.
547 843 610 898 Et
643 862 766 900 cum
797 847 970 903 electo
999 851 1204 904 electus
1239 852 1349 906 eris
1377 873 1388 906 :

413 932 502 990 60.
544 933 612 988 Et
642 953 765 990 cum
796 953 1051 1008 perverso
1079 945 1424 1010 pervertet-is.

413 1026 502 1084 6i.
547 1025 817 1093 Quoniam
837 1041 891 1084 tu
909 1035 1168 1101 populum
1192 1035 1450 1088 humilem
1473 1035 1684 1090 salvum
1723 1035 1919 1093 facies:

413 1117 502 1172 6'2.
545 1118 610 1174 Et
641 1122 833 1176 oculos
869 1127 1231 1194 superborum
1266 1128 1602 1183 humiliahis.

414 1209 503 1264 65.
545 1211 814 1276 Quoniam
867 1225 923 1268 tu
983 1217 1322 1272 illuminabis
1380 1218 1660 1272 lucernam
1723 1235 1920 1286 meam,

341 1303 588 1360 Domine.

415 1398 504 1451 64.
549 1399 694 1453 Deus
720 1415 899 1462 meus,
931 1401 1265 1456 illuminahis
1295 1403 1546 1458 tenebras
1569 1419 1741 1460 meas.

411 1489 500 1544 65.
543 1491 812 1556 Quoniam
843 1492 897 1544 in
930 1501 982 1546 te
1013 1493 1215 1562 eripiar
1242 1509 1271 1547 a
1309 1497 1611 1549 teutatioue
1641 1513 1653 1548 :

413 1582 500 1637 66.
546 1585 611 1638 Et
645 1587 696 1638 in
731 1585 841 1639 Deo
873 1602 993 1640 meo
1027 1588 1396 1655 transgrediar
1429 1604 1671 1642 murum.

412 1677 500 1731 67.
545 1675 688 1730 Deus
723 1693 876 1732 meus
911 1677 1190 1746 impolluta
1223 1679 1308 1732 via
1337 1678 1494 1748 ejus:

413 1769 502 1824 68.
547 1768 774 1838 Eloquia
805 1769 1018 1822 Domini
1057 1770 1180 1838 igne
1216 1771 1548 1826 examinata.

413 1863 502 1917 69.
543 1861 826 1916 Protector
859 1870 942 1915 est
972 1863 1216 1916 omnium
1249 1864 1586 1932 sperantium
1627 1865 1682 1918 in
1714 1879 1812 1920 se:

411 2045 500 2098 70.
542 2045 808 2111 Quoniam
839 2046 962 2114 quis
1001 2045 1142 2100 Deus
1170 2055 1365 2114 praeter
1397 2046 1691 2102 Dominum
1719 2049 1742 2100 ?

414 2135 502 2188 7i.
543 2135 652 2188 Aut
685 2134 808 2203 quis
847 2134 990 2189 Deus
1024 2142 1215 2203 prtetcr
1251 2133 1420 2188 Deum
1449 2135 1743 2188 nostrum?

409 2229 500 2282 72.
541 2226 707 2290 Deus,
740 2227 832 2296 qui
863 2228 1148 2296 praecinxit
1172 2242 1258 2280 me
1285 2228 1506 2290 virtute,

413 2319 502 2375 73.
543 2321 608 2375 Et
636 2322 816 2392 posuit
847 2321 1250 2375 immaculatam
1285 2319 1426 2375 viam
1453 2333 1629 2374 meam
1657 2335 1672 2384 ;

412 2411 498 2468 74.
542 2411 644 2479 Qui
675 2411 902 2483 perfecit
929 2413 1090 2481 pedes
1121 2428 1272 2468 meos
1302 2421 1560 2481 tanquam
1591 2425 1876 2466 cervorum
1895 2453 1912 2478 ,

410 2505 500 2560 75.
541 2504 608 2560 Et
646 2521 810 2575 super
836 2505 1050 2561 excelsa
1087 2513 1334 2559 statuens
1363 2517 1449 2558 me
1475 2521 1510 2567 ε,

411 2597 498 2652 76.
539 2597 642 2663 Qui
673 2599 828 2652 docet
859 2612 1054 2651 manus
1083 2613 1234 2650 meas
1261 2595 1328 2650 ad
1361 2597 1630 2666 prmlium.

410 2689 500 2746 77.
540 2689 606 2745 Et
643 2689 873 2760 posuisti
907 2703 1096 2742 arcum
1123 2703 1324 2742 aereum
1355 2689 1579 2744 brachia
1607 2702 1727 2742 mea
1760 2705 1774 2741 :

1199 267 1256 322 S.
1299 266 1674 322 ATIIANASll
1707 268 1857 322 OPP.
1901 268 2082 323 PARS
2119 267 2205 322 Ill.
2242 299 2311 307 —
2351 265 2764 323 EXEGETICA.

1955 1769 1998 1822 Β
2099 1760 2186 1814 68.

3513 269 3628 326 703

2229 391 2338 444 Καὶ
2383 391 2525 442 κατὰ
2557 389 2656 461 τὴν
2685 389 3060 462 καθαριότητα
3105 389 3214 444 τῶν
3259 389 3460 462 χειρῶν
3511 407 3624 462 μου

2031 481 2400 536 ἀνταποδώσει
2438 500 2548 552 μοι,

2101 573 2186 628 56.
2241 573 2504 626 Ἐνώπιον
2527 573 2634 626 τῶν
2660 573 2956 643 ὀφθαλμῶν
2985 573 3172 628 αὐτοῦ.

2101 667 2190 720 57.
2233 667 2388 719 Μετὰ
2417 668 2565 719 ὁσίου
2596 668 2740 729 ὅσιος
2765 666 2884 736 ἔσῃ,

2101 757 2188 810 58.
2229 759 2338 809 Καὶ
2371 757 2508 826 μετὰ
2537 758 2726 827 ἀνδρὸς
2759 757 2936 809 ἁθὼου
2963 756 3140 820 ἀθῶος
3163 757 3291 829 ἔσῃ·

2100 849 2186 902 59.
2231 849 2340 901 Καὶ
2373 849 2510 919 μετὰ
2539 849 2794 902 ἐκλεκτοῦ
2821 849 3076 913 ἐκλεκτὸς
3113 849 3238 921 ἔσῃ’

2097 938 2187 991 60.
2229 941 2338 991 Καὶ
2362 939 2502 1010 μετὰ
2533 940 2792 1010 στρεϐλοῢ
2817 942 3179 1014 διαστρέψεις.

2099 1029 2188 1084 6|.
2231 1031 2351 1084 ’Ὁτι
2388 1035 2451 1086 σὺ
2481 1033 2611 1086 λαὸν
2647 1035 2902 1088 ταπεινὸν
2929 1035 3144 1098 σώσεις,

2097 1121 2186 1175 62.
2231 1123 2338 1176 Καὶ
2365 1124 2672 1194 ὀφθαλμοὺς
2705 1128 3065 1198 ὑπερηφάνων
3095 1125 3472 1191 ταπεινώσεις.

2099 1213 2188 1266 65.
2234 1214 2354 1267 Ὅτι
2386 1217 2449 1268 σὺ
2480 1221 2700 1285 φωτιεῖς
2728 1219 2918 1288 λύχνον
2957 1221 3080 1284 μου,
3115 1217 3304 1290 Κύριε.

2099 1395 2188 1448 64.
2243 1397 2299 1447 '0
2329 1395 2460 1460 Θεός
2496 1415 2616 1466 μου,
2649 1401 2868 1466 φωτιεῖς
2897 1398 2958 1450 τὸ
2985 1399 3172 1460 σκὸτος
3203 1415 3324 1469 μου.

2097 1483 2186 1537 65.
2230 1484 2350 1536 Ὅτι
2384 1488 2442 1538 ἐν
2477 1487 2558 1540 σοι
2593 1488 2934 1559 ρυσθήσομαι
2969 1488 3076 1540 ἀπὸ
3107 1487 3488 1559 πειρατηρίου,

2097 1577 2186 1632 66.
2227 1579 2336 1631 Καὶ
2367 1581 2424 1630 ἐν
2453 1579 2529 1648 τῷ
2561 1579 2678 1650 Θεῷ
2707 1599 2808 1650 μου
2837 1583 3216 1652 ὑπερϐήσομαι
3245 1583 3438 1650 τεῖχος.

2099 1669 2189 1724 67.
2241 1671 2298 1722 '0
2333 1669 2464 1734 Θεός
2499 1689 2622 1741 μου,
2655 1672 2883 1744 ἄμωμος
2911 1675 2943 1743 ἡ
2979 1673 3096 1736 ὁδὸς
3117 1671 3282 1726 αὑτοῦ
3305 1689 3320 1703 ·

2229 1761 2312 1814 Τὰ
2338 1762 2492 1830 λόγια
2515 1765 2720 1834 Κυρίου
2749 1769 3142 1839 πεπυρωμένα.

2095 1853 2186 1908 69.
2239 1855 2680 1928 Ὑπερασπιστής
2721 1861 2836 1912 ὲστι
2871 1861 3088 1912 ’πάντων
3131 1861 3238 1914 τῶν
3279 1856 3608 1922 ἐλπιζόντων

2023 1944 2111 1996 ἐπ’
2138 1946 2300 1998 αὐτόν
2319 1963 2334 1976 ⁸

2095 2041 2183 2095 70.
2226 2043 2344 2096 ’Ότι
2371 2044 2454 2106 τίς
2487 2045 2620 2107 Θεὸς
2653 2045 2790 2117 πλὴν
2817 2047 2910 2099 τοῦ
2937 2049 3140 2118 Κυρίου
3164 2065 3176 2112 ;

2097 2131 2183 2186 71.
2229 2135 2300 2185 ’Ἡ
2325 2134 2406 2197 τίς
2439 2133 2570 2196 Θεὸς
2597 2135 2733 2206 πλὴν
2767 2138 2860 2190 τοῦ
2891 2139 3023 2191 Θεοῦ
3049 2139 3238 2209 ήμῶνς

2099 2225 2184 2280 72.
2237 2225 2294 2278 Ὁ
2322 2225 2453 2291 Θεὸς
2479 2229 2507 2280 ὁ
2533 2228 2912 2300 περιζωννὺων
2946 2249 3012 2300 με
3042 2231 3292 2303 δύναμιν,

2100 2317 2188 2372 75.
2225 2319 2336 2372 Καὶ
2363 2319 2514 2373 ἔθετο
2539 2322 2766 2392 ἄμωμον
2791 2324 2890 2395 τὴν
2915 2324 3032 2377 ὁδόν
3058 2342 3158 2395 μου
3179 2341 3195 2358 ο

2098 2411 2184 2464 74.
2228 2413 2706 2485 Καταρτιζόμενος
2733 2416 2862 2478 τοὺς
2893 2415 3058 2480 πόδας
3086 2433 3189 2486 μου
3216 2417 3348 2470 ὡσεὶ
3377 2415 3603 2486 ἐλάφου,

2097 2502 2186 2556 75.
2227 2504 2338 2554 Καὶ
2365 2505 2460 2557 ἐπὶ
2484 2505 2552 2556 τὰ
2577 2505 2756 2574 ὑῂλὰ
2785 2505 2948 2558 ἱστῶν
2975 2523 3042 2576 με
3062 2521 3076 2534 ·

2093 2595 2185 2650 76.
2226 2596 2500 2651 Διδάσκων
2525 2599 2710 2668 χεῖράς
2745 2617 2842 2668 μου
2873 2599 2954 2661 είς
2981 2599 3234 2670 πόλεμον.

2096 2688 2184 2741 77.
2227 2689 2335 2741 Καὶ
2363 2687 2484 2742 ἔθου
2511 2689 2662 2753 τόξον
2687 2689 2920 2759 χαλκοῦν
2951 2691 3073 2754 τοὺς
3107 2689 3396 2762 βῳχίονάς
3425 2706 3530 2760 μου
3553 2705 3566 2718 ·

1463 2822 1842 2879 ATHANASII
1887 2820 2477 2878 INTERPRETATIO.

409 2939 596 2996 57-60.
635 2938 750 2994 Hoc
781 2938 934 3002 dicit,
960 2939 1276 3008 quicunque
1325 2939 1600 3008 praesidet,
1649 2938 1815 3008 hujus
1865 2949 1920 2993 et

337 3051 521 3091 mores
555 3033 820 3096 imitatur,
847 3039 900 3083 et
925 3030 1096 3098 partis
1129 3043 1358 3084 consors
1385 3030 1512 3086 erit.

410 3214 500 3270 6L
544 3211 613 3266 Se
640 3211 706 3266 ad
741 3219 795 3266 te
819 3215 1217 3264 convertentes.

407 3305 498 3360 62.
537 3303 876 3368 Eemonum,
908 3317 1208 3372 eorumque
1240 3310 1596 3357 sectatorum.

408 3483 496 3538 65.
533 3481 732 3537 Oculos
766 3481 964 3536 mentis
993 3497 1150 3537 mete.

405 3574 496 3630 64.
535 3573 764 3629 Omnem
811 3575 1192 3644 cogitationem
1243 3587 1274 3626 a
1317 3569 1536 3626 diabolo
1565 3569 1704 3622 clam
1745 3567 1800 3620 in
1829 3579 1916 3620 me

337 3666 748 3722 disseminatam
775 3667 942 3720 veluti
969 3681 998 3719 a
1025 3675 1076 3719 te
1111 3664 1514 3734 procedentem,
1553 3661 1694 3714 hanc
1727 3665 1911 3712 notam

337 3759 472 3815 mihi
501 3758 586 3813 fac
619 3759 850 3813 alienam
880 3773 912 3812 a
941 3767 993 3813 te
1020 3771 1166 3822 esse,
1195 3763 1254 3810 ut
1280 3769 1403 3810 eam
1430 3751 1712 3824 repellam.

407 3941 495 3995 65.
535 3939 583 3994 Α
614 3939 982 4008 voluptatibus
1013 3937 1159 3992 vitae.

408 4031 498 4086 66.
541 4029 846 4084 Diabolum.

325 4141 328 4146 ·
408 4123 497 4177 67.
541 4121 762 4192 Singula
785 4121 904 4190 ejus
923 4119 1176 4174 mandata
1197 4118 1401 4173 nullam
1429 4115 1911 4186 reprehensionem

337 4215 558 4270 habent.

409 4307 497 4362 68.
540 4305 755 4366 Munda,
783 4315 836 4358 et
863 4301 1326 4373 splendidissima.

407 4395 498 4451 69.
537 4393 756 4456 Scilicet
789 4403 1183 4462 propugnator,
1219 4389 1498 4458 defensor,
1527 4399 1734 4446 custos.

413 4487 502 4553 70,
533 4487 623 4540 71.
663 4485 826 4540 Solus
857 4483 1002 4538 Deus
1029 4497 1223 4548 verus;
1259 4482 1374 4551 ipse
1401 4491 1486 4538 est
1517 4481 1660 4538 Deus
1689 4483 1744 4536 in
1775 4483 1914 4538 coelo

333 4588 390 4636 et
418 4579 470 4632 in
502 4587 666 4633 terra.

409 4671 497 4725 72.
535 4669 738 4739 Spiritu
775 4675 984 4729 sancto,
1017 4665 1166 4719 dicit.

407 4763 496 4817 75.
529 4763 884 4814 Aberrantem
917 4775 946 4812 a
977 4773 1166 4827 scopo,
1199 4757 1519 4826 praecipiens
1546 4757 1752 4828 angelis
1771 4758 1906 4822 suis,

336 4864 394 4910 ut
423 4869 508 4908 me
535 4851 954 4906 custodirent”.

409 4947 496 5000 7i.
529 4943 736 5008 Effecit,
769 4951 829 4996 ut
874 4959 972 5010 ego
1007 4951 1284 5011 serpentes
1323 4953 1376 4996 et
1414 4943 1750 5010 scorpiones,
1791 4951 1911 4996 tan-

333 5055 497 5112 quam
531 5037 695 5102 cervi,
729 5035 1105 5090 conculcarem
1135 5043 1296 5104 atque
1324 5035 1648 5090 occiderem.
1693 5089 1708 5102 ,

403 5132 492 5186 75.
531 5129 705 5199 Super
735 5135 1003 5196 praecepta
1045 5142 1164 5180 sua.

404 5225 491 5279 76.
531 5223 761 5277 Mentem
791 5235 988 5284 meam,
1037 5219 1212 5288 inquit
1249 5221 1448 5275 armari
1495 5230 1686 5278 contra
1717 5222 1910 5276 diabo-

329 5319 464 5372 lum.

405 5407 492 5462 77.
527 5405 776 5460 Validum
807 5401 1032 5457 emacisti
1084 5416 1180 5455 cor
1225 5419 1404 5458 meum
1459 5419 1526 5460 ne
1559 5421 1645 5459 me
1673 5405 1774 5460 tela
1805 5406 1908 5458 ini-

335 5499 457 5552 mici
487 5497 873 5551 interﬁcerent.

403 5652 450 5684 ’⁵
481 5650 626 5706 Psal.
669 5667 756 5716 xc,
792 5651 878 5707 Η.

2097 2935 2289 2990 57-60.
2333 2935 2502 2988 Τοῦτο
2542 2935 2708 3003 λέγει,
2737 2937 2887 3000 ὅστις
2929 2936 3261 3007 προεδρεύει,
3289 2939 3480 2991 τούτου
3507 2939 3610 2994 καὶ

2025 3031 2150 3092 τοὺς
2183 3029 2414 3099 τρόπους
2445 3029 2709 3098 μιμεῖται,
2742 3029 2837 3081 καὶ
2881 3032 2979 3100 τῆς
3011 3029 3226 3101 μερίδος
3253 3031 3477 3102 μέτοχος
3509 3049 3609 3102 τε-

2024 3121 2264 3190 νήσεται.

2095 3211 2156 3266 61
2169 3251 2181 3264 .
2224 3213 2362 3276 Τοὺς
2391 3212 2834 3282 ἐπιστρέφοντας.
3211 3281 3216 3286 _

2091 3303 2178 3356 6'2.
2221 3303 2341 3355 Τῶν
2375 3304 2664 3374 δαιμόνων,
2694 3305 2788 3357 καὶ
2825 3303 2934 3357 τῶν
2982 3303 3476 3369 ἐξακολουθούντων
3503 3307 3606 3360 αὖα

2017 3401 2150 3462 τοῖς.

2088 3493 2174 3546 65.
2217 3493 2356 3556 Τοὺς
2387 3493 2696 3564 ὀφθαλμοὺς
2721 3496 2820 3566 τῆς
2847 3497 3086 3562 διανοίας
3113 3498 3276 3551 αὐτοῦ
3311 3497 3486 3570 [μου].

2085 3581 2172 3634 64.
2217 3583 2403 3635 Πᾶσαν
2455 3583 2750 3654 ὲνῦύμησιν
2781 3587 2837 3637 ἐν
2879 3585 3002 3656 ἐμοὶ
3036 3586 3441 3656 ὑποσπαρεῖσαν
3491 3585 3606 3638 ὑπὸ

2013 3673 2108 3726 τοῦ
2135 3673 2380 3726 διαϐόλου
2413 3673 2486 3736 ὡς
2516 3673 2676 3743 δῆθεν
2709 3673 2858 3744 παρὰ
2885 3673 2980 3730 σοῦ
3003 3671 3188 3738 οὖσαν,
3220 3673 3426 3744 ταύτην
3451 3674 3602 3744 γνὼ-

2015 3762 2165 3834 ρισὸν
2197 3780 2286 3834 μοι
2313 3761 2600 3834 ἀλλοτρίαν
2635 3781 2730 3816 σου
2757 3763 3128 3836 ὑπάρχουσαν,
3153 3765 3240 3818 ἵνα
3261 3765 3465 3836 ταύτην
3489 3765 3606 3820 ἀπ-

2013 3853 2262 3926 ώσωμαι.
3160 3851 3166 3858 ’

2083 3949 2175 4004 65.
2216 3949 2336 4004 Τῶν
2369 3949 2570 4021 ἡδονῶν
2597 3949 2690 4004 τοῦ
2719 3949 2856 4020 βίου.

2083 4041 2172 4094 66.
2213 4042 2316 4094 Τὸν
2345 4041 2608 4095 διάϐολον.

2085 4131 2173 4186 67.
2215 4131 2437 4202 Μὲμψω
2471 4132 2724 4202 οὐδεμίαν
2751 4133 2861 4202 ἔχει
2895 4133 3096 4206 ἑκάστη
3125 4133 3312 4204 ἐντολὴ
3346 4135 3510 4188 αὑτοῦ
3533 4153 3546 4165 ·

2043 4347 2050 4352 -
2086 4311 2176 4365 68.
2217 4311 2470 4383 Καθαρὰ,
2503 4314 2958 4386 ὑπερέκλαμπρα.

2085 4401 2172 4455 69.
2201 4401 2344 4454 Ἀντὶ
2377 4403 2470 4455 τοῦ
2504 4403 2836 4476 ὑπὲρμαχος,
2881 4406 3210 4479 σκεπαστὴς,
3239 4407 3430 4480 φύλαξ.

2086 4490 2173 4552 70,
2209 4493 2296 4545 7i.
2343 4491 2512 4556 Μόνος
2551 4493 2683 4557 Θεὸς
2713 4496 2962 4564 ἀληθινός
2987 4515 3002 4528 ·
3037 4498 3198 4562 αὑτός
3229 4501 3344 4552 ἐστι
3371 4499 3502 4564 Θεὸς
3535 4503 3596 4554 ὲν

1943 4589 1986 4643 ι)
2014 4582 2227 4652 οὐρανῷ
2264 4583 2354 4635 καὶ
2387 4585 2478 4635 ἐπὶ
2509 4587 2629 4655 γῆς.

2087 4674 2174 4725 7:2.
2218 4675 2290 4726 Τὸ
2324 4674 2476 4742 ἅγιον
2505 4675 2724 4746 Πνεῦμα
2751 4676 2918 4745 λέγει.

2085 4763 2175 4816 75.
2203 4765 2541 4818 Ἀπόσκοπον
2583 4767 2958 4838 ἐντειλάμενος
2999 4773 3110 4834 τοῖς
3155 4771 3406 4840 ἀγγέλοις
3430 4775 3594 4828 αὐτοῦ

2014 4852 2390 4920 διαφυλάττειν
2423 4872 2510 4924 με.

2087 4943 2174 4994 74.
2219 4945 2587 5008 Καταπατεῖν,
2613 4947 2706 5000 καὶ
2739 4949 2983 5017 φονεύειν
3005 4953 3135 5012 τοὺς
3161 4953 3327 5022 ὅφεας
3349 4963 3440 5008 καὶ
3467 4959 3594 5020 τοὺς

2019 5033 2310 5102 σκορπίους
2342 5035 2564 5106 ἐποίησέ
2600 5054 2686 5105 με,
2723 5039 2798 5102 ὡς
2823 5041 2947 5102 τοὺς
2971 5041 3224 5110 ἐλάφους.

2091 5124 2176 5176 75.
2207 5125 2328 5178 Ἐπὶ
2356 5127 2453 5188 τὰς
2487 5128 2702 5191 ἐντολὰς
2731 5130 2918 5184 αὑτοῦ.

2090 5215 2174 5268 76.
2217 5217 2326 5286 Τὴν
2373 5217 2609 5272 διάνοιάν
2657 5237 2756 5290 μου
2806 5222 3298 5290 λέγειὸπλίσασθαι
3333 5226 3470 5278 κατὰ
3501 5229 3594 5281 τοῦ

2015 5305 2256 5358 διαϐόλου
2267 5349 2277 5359 .

2085 5399 2172 5450 77.
2199 5399 2307 5470 Τὴν
2331 5402 2554 5472 καρδίαν
2581 5421 2680 5474 μου
2705 5406 2965 5476 ἐποίησας
2994 5408 3240 5479 ἰσχυρὰν,
3261 5409 3344 5462 ἵνα
3367 5409 3436 5462 τὰ
3465 5409 3597 5482 βέλη

2015 5487 2106 5540 τοῦ
2139 5489 2331 5560 ἐχθροῦ
2370 5493 2445 5562 μὴ
2475 5492 2764 5548 θανατοῦσί
2809 5515 2894 5566 με.
