3878 6218
228 277 326 329 709
1114 279 1200 332 DE
1242 278 1520 336 TlTULlS
1560 275 2310 332 PSALMORUM.——PSAL.
2355 275 2520 329 XVII.
3381 275 3490 336 ἨΟ

295 391 384 446 78.
427 395 536 447 Καὶ
567 393 774 457 ἔδωκάς
811 413 900 466 μοι
929 397 1347 468 ὑπερασπισμδν
1371 399 1662 470 σωτηρίας.

1835 403 1880 456 Α
1982 395 2064 448 78.
2111 394 2174 448 Et
2208 395 2402 448 dedisti
2437 393 2569 447 mihi
2602 394 2992 462 protectionem
3027 393 3238 448 Salutis.

298 486 386 539 79.
430 488 539 540 Καὶ
569 490 600 558 ἡ
631 488 782 553 δεξιά
822 508 912 542 σου
949 491 1272 544 ἀντελάϐετό
1308 510 1429 562 μου·

1987 488 2070 539 79.
2115 486 2178 538 Et
2212 487 2431 540 dextera
2464 495 2551 539 tua
2580 488 2821 555 suscepit
2849 503 2932 539 me
2963 505 2975 540 :

293 576 382 630 80.
427 579 536 630 Καὶ
567 580 599 648 ἡ
634 579 849 632 παιδεία
880 598 974 633 σου
1005 581 1297 650 ἀνώρθωσέ
1334 600 1400 652 με
1439 585 1518 645 εἰς
1547 582 1698 644 τέλος
1721 599 1734 613 θ

1982 579 2068 632 80.
2113 577 2177 631 Et
2209 579 2496 645 disciplina
2531 588 2622 630 tua
2659 578 2894 631 correxit
2929 593 3015 632 me
3048 580 3101 632 in
3141 579 3300 631 finem
3335 595 3346 632 :

295 667 385 722 81.
427 669 539 722 Καὶ
569 673 600 741 ἡ
635 671 850 723 παιδεία
881 689 972 723 σου
1005 673 1138 742 αὐτή
1179 689 1245 742 με
1273 673 1490 737 διδάξει.

1983 672 2071 724 Si.
2113 671 2178 722 Et
2210 671 2493 736 disciplina
2530 679 2642 732 tua,
2682 671 2796 737 ipsa
2835 686 2918 723 me
2951 671 3188 724 docebit.

293 760 382 814 82.
440 763 772 826 Ἐπλάτυνας
804 764 874 816 τά
903 765 1218 834 διαϐήματά
1253 782 1354 834 μου
1392 766 1646 819 ὑποκάτω
1682 785 1808 838 μου,

1642 791 1646 814 ν
1682 785 1808 838 μου,
1981 760 2072 814 82.
2115 759 2362 813 Dilatasti
2398 775 2618 826 gressus
2648 776 2798 812 meos
2825 762 3018 814 subtus
3051 777 3173 813 me:

293 852 384 905 85.
426 855 537 906 Καὶ
571 856 670 908 οῦκ
695 855 963 926 ἠσθένησε
995 856 1064 908 τά
1093 857 1209 926 ἴχνη
1245 873 1366 925 μου.

1979 853 2067 905 85.
2113 852 2175 905 Et
2207 868 2312 905 non
2344 861 2471 906 sunt
2501 854 2771 906 inﬁrmata
2803 854 3029 921 vestigia
3064 870 3205 907 mea.

293 945 383 1000 84.
427 947 758 1011 Καταδιώξω
786 950 910 1012 τοὺς
947 949 1174 1018 ἐχθρούς
1217 965 1339 1018 μου,
1372 951 1464 1002 καὶ
1504 949 1810 1019 καταλήψο-

1980 944 2068 998 8L
2113 945 2418 1012 Persequar
2445 945 2699 1000 inimicos
2729 961 2908 1010 meos;
2947 957 3000 999 et
3026 947 3485 1016 comprehendam

223 1055 324 1110 μαι
353 1039 550 1102 αὐτούς
573 1056 586 1068 ⁶
1537 1058 1542 1066 '

539 1058 550 1101 ἶ
573 1056 586 1068 .
1537 1058 1542 1066 ι
1912 1035 2031 1089 illos
2056 1052 2070 1090 :

295 1130 386 1184 85.
428 1133 536 1184 Καὶ
568 1132 666 1185 οὐκ
691 1133 1203 1205 ἀποστραφήσομαι,
1234 1137 1337 1197 ἓως
1365 1135 1430 1188 ἂν
1460 1134 1804 1188 ἐκλείπωσιν.

1616 1152 1804 1188 πωσιν,
1981 1127 2069 1181 85.
2113 1125 2176 1179 Ει
2208 1142 2314 1179 non
2351 1136 2641 1180 convertar
2672 1127 2845 1182 donec
2875 1129 3147 1182 deficiant.

293 1223 384 1276 86.
441 1223 707 1293 Ἑκθλίψω
739 1226 955 1288 αὐτοὺς,
975 1228 1067 1278 καὶ
1096 1228 1156 1278 οὐ
1183 1226 1255 1296 μὴ
1284 1226 1545 1280 δύνωνται
1576 1227 1801 1297 στῆναι·

1757 1244 1801 1279 ι·
1984 1219 2073 1273 86.
2115 1218 2468 1287 Confringam
2498 1219 2652 1284 illos;
2685 1236 2785 1274 nec
2819 1232 3075 1289 poterunt
3109 1231 3288 1274 stare:

297 1314 386 1368 87.
432 1315 732 1368 Πεσοῦνται
766 1317 868 1368 ὑπὸ
897 1319 1024 1379 τοὺς
1061 1317 1225 1381 πόδας
1257 1335 1382 1386 μου.

1980 1309 2068 1363 87.
2107 1310 2316 1364 Cadent
2348 1311 2539 1364 subtus
2579 1311 2741 1378 pedes
2768 1328 2935 1366 meos.

297 1405 388 1461 88.
431 1408 540 1460 Καὶ
576 1406 917 1479 περιέζωσάς
945 1425 1010 1478 με
1035 1408 1263 1478 δύναμιν
1291 1411 1369 1471 είς
1396 1409 1629 1480 πόλεμον
1649 1425 1663 1438 ⁸

1979 1401 2065 1455 88.
2112 1401 2176 1454 Et
2201 1403 2533 1470 prmeinxisli
2565 1419 2648 1456 me
2683 1405 2884 1458 virtute
2923 1407 2986 1458 ad
3027 1407 3225 1459 bellum
3265 1425 3277 1460 :

293 1499 384 1552 89.
428 1501 793 1564 Συνεπόδισας
827 1502 1034 1562 πάντας
1067 1502 1192 1564 τοὺς
1225 1503 1690 1574 ἐπανισταμένους
1720 1504 1807 1555 ἐπ’

1980 1496 2068 1550 89.
2111 1495 2176 1549 Ει
2223 1497 2584 1565 supplantasti
2634 1483 2824 1553 omnes
2880 1501 3222 1568 insurgentes
3277 1501 3328 1553 in
3381 1516 3485 1565 me,

219 1587 323 1658 ἐμὲ
357 1589 613 1642 ὑποκάτω
649 1608 772 1660 μου.

710 1608 772 1646 ιυ.
1910 1589 2104 1644 subtus
2135 1603 2241 1641 me.

287 1682 378 1736 90.
423 1682 532 1734 Καὶ
558 1683 682 1746 τοὺς
713 1681 938 1754 ἐχθρούς
967 1702 1067 1754 μου
1103 1685 1306 1747 ἔδωκάς
1343 1702 1432 1755 μοι
1463 1683 1630 1739 νῶτον
1650 1701 1664 1715 °

1982 1680 2069 1733 90.
2112 1679 2176 1733 Et
2214 1679 2467 1736 inimicos
2499 1696 2648 1734 meos
2679 1682 2876 1736 dedisti
2915 1684 3044 1736 mihi
3082 1685 3345 1740 dorsum:

292 1770 382 1825 9|.
424 1772 532 1824 Καὶ
561 1775 686 1837 τοὺς
717 1774 1007 1844 μισοῦντάς
1046 1794 1112 1845 με
1142 1775 1562 1847 ἐξωλόθρευσας.

1409 1793 1562 1839 υσας.
1838 1761 1884 1817 Β
1980 1772 2069 1826 91.
2111 1770 2176 1826 Et
2209 1772 2453 1826 odientes
2487 1788 2573 1826 me
2603 1774 2935 1842 disperdisti.

291 1862 382 1918 92.
437 1865 792 1936 Ἐκέκραξαν,
824 1869 917 1920 καὶ
945 1869 1046 1920 οὐκ
1071 1864 1139 1938 ἦν
1167 1870 1194 1920 ὁ
1226 1867 1412 1930 σώζων
1432 1885 1446 1898 ο

1983 1866 2074 1921 92.
2114 1865 2522 1930 Clamaverunt,
2553 1883 2654 1920 nec
2682 1877 2797 1920 erat
2829 1869 2921 1935 qui
2959 1870 3137 1923 salvos
3171 1870 3403 1937 faceret;

289 1955 380 2011 93.
424 1957 569 2026 Πρὸς
596 1957 819 2028 Κύριον,
857 1959 951 2011 καὶ
983 1959 1083 2012 οὐκ
1113 1961 1431 2031 εἰσήκουσεν
1463 1959 1660 2012 αὐτῶν.

1583 1959 1660 2011 ὒν.
1982 1959 2070 2012 95.
2109 1957 2190 2010 Ad
2231 1957 2559 2026 Dominum;
2592 1975 2689 2013 nec
2718 1961 2994 2014 exaudivit
3023 1978 3114 2016 eos

289 2045 380 2100 94.
425 2047 533 2099 Καὶ
580 2050 824 2102 λεπτυνῶ
857 2051 1052 2113 αὐτοὺς
1096 2051 1224 2107 ὡσεὶ
1259 2050 1419 2121 χνοῦν
1462 2051 1603 2103 κατά
1639 2050 1806 2121 πρόσ-

1983 2049 2072 2102 94.
2114 2049 2179 2105 Et
2211 2051 2578 2104 comminuam
2612 2068 2708 2106 eos
2739 2061 2799 2107 ut
2826 2055 3101 2121 pulverem
3141 2067 3265 2111 ante
3293 2057 3487 2112 faciem

217 2156 368 2194 ωπον
392 2142 593 2212 ἀνέμου
614 2160 628 2174 ·
1345 2201 1348 2204 ,

564 2160 593 2194 υ
614 2160 628 2174 ·
1345 2201 1348 2204 λ
1912 2143 2054 2196 venti
2085 2162 2095 2196 :

291 2234 378 2289 95.
435 2236 521 2299 Ὠς
546 2236 715 2307 πηλὸν
740 2237 1008 2291 πλατειῶν
1037 2237 1210 2290 λεανῶ
1234 2237 1450 2301 αὐτούς.

1984 2236 2074 2289 95.
2119 2235 2190 2290 Ut
2222 2236 2396 2290 lutum
2426 2236 2728 2306 platearum
2759 2225 2950 2292 delebo
2986 2253 3101 2293 eos.

289 2328 380 2382 96.
433 2328 621 2382 Ῥῦσαί
656 2347 724 2400 με
753 2331 860 2383 ἀπὸ
889 2330 1210 2398 ἀντιλογιῶν
1243 2329 1374 2382 λαοῦ
1401 2347 1414 2361 ⁶

1985 2329 2074 2383 96.
2115 2328 2277 2399 Eripe
2307 2345 2392 2383 me
2419 2329 2485 2383 de
2517 2329 3042 2385 contradictionibus
3075 2333 3297 2402 populi:

286 2420 378 2476 97.
419 2421 798 2491 Καταστήσεις
831 2440 898 2493 με
933 2425 1013 2486 είς
1042 2422 1282 2493 κεφαλὴν
1307 2421 1495 2475 ἐθνῶν.

1981 2420 2070 2475 97.
2111 2420 2424 2477 Constitues
2455 2437 2541 2476 me
2571 2422 2624 2475 in
2659 2433 2822 2493 caput
2851 2425 3118 2494 gentium.

287 2511 378 2568 98.
420 2513 582 2576 Λαὸς,
610 2512 668 2565 ὃν
697 2514 796 2566 οὐκ
827 2513 1018 2581 ἔγνων,
1059 2512 1340 2566 ἐδούλευσέ
1376 2529 1482 2582 μοι.

1979 2512 2068 2566 98.
2116 2512 2356 2583 Populus
2393 2529 2554 2583 quem
2589 2529 2697 2568 non
2733 2517 2983 2585 cognovi,
3013 2518 3234 2571 servivit
3268 2518 3417 2572 mihi.

1341 2667 1714 2722 ATllANASll
1752 2667 2330 2725 lNTERPRETATIO.

291 2825 379 2880 78.
399 2825 645 2889 Ἓδωκάς
685 2843 774 2896 μοι
818 2826 924 2898 γὰρ
969 2828 1386 2899 ὑπερασπισμὸν
1433 2830 1522 2882 τὸν
1569 2828 1800 2900 σταυρόν

1979 2830 2065 2884 78.
2101 2829 2236 2883 Nam
2269 2830 2463 2888 dedisti
2496 2833 2627 2888 mihi
2663 2851 2880 2891 crucem
2933 2845 3083 2893 tuam
3115 2839 3168 2893 in
3198 2843 3481 2910 protectio-

219 2935 336 2971 σου.

1908 2939 2053 2978 nem.

294 3011 380 3066 79.
407 3011 463 3064 '0
499 3011 626 3074 Υἱός
654 3028 746 3063 σου
781 3011 1105 3064 ἀντελάϐετό
1143 3029 1269 3081 μου.

1982 3019 2065 3074 79.
2105 3019 2277 3074 Filius
2311 3028 2435 3075 tuus
2474 3024 2713 3091 suscepit
2742 3038 2847 3077 me.

289 3104 378 3168 80,
411 3103 498 3157 81.
542 3104 614 3156 Τὸ
643 3101 954 3176 πτωχεῦσαί
993 3119 1074 3164 σε,
1102 3102 1270 3169 λέγει,
1303 3103 1395 3154 καὶ
1429 3101 1681 3169 γενέσθαι
1709 3099 1801 3152 ἄν-

1980 3108 2069 3175 80,
2097 3110 2183 3164 81.
2241 3109 2539 3179 Pauperem
2569 3113 2757 3181 {inquit
2801 3120 2853 3167 et
2899 3114 3176 3170 hominem
3205 3125 3256 3171 te
3285 3116 3485 3172 factum

216 3191 437 3262 θρωπον
471 3193 762 3264 ἀνώρθωσέ
796 3211 884 3263 με,
927 3195 1018 3245 καὶ
1049 3191 1246 3256 διδάξει
1277 3211 1362 3263 με.

1833 3191 1872 3206 ν
1905 3215 2046 3261 esse,
2078 3202 2315 3256 correxit
2347 3217 2450 3267 me,
2491 3213 2542 3256 et
2572 3204 2787 3258 docebit
2813 3219 2918 3260 me.

290 3287 378 3341 8‘2.
408 3287 742 3350 Ἐπλάτυνας
784 3287 880 3357 τὴν
913 3285 1140 3356 καρδίαν
1179 3303 1301 3355 μου,
1332 3284 1425 3337 τοῦ
1471 3285 1800 3357 πορεύεσθαί

1975 3293 2064 3348 82.
2101 3293 2344 3348 Dilatasti
2396 3310 2492 3348 cor
2541 3311 2743 3362 meum,
2785 3305 2844 3351 ut
2877 3300 3222 3366 procederem
3277 3302 3330 3355 in
3384 3301 3487 3358 viis

220 3397 289 3449 με
322 3380 378 3432 ἐν
417 3383 535 3441 ταῖς
563 3379 701 3441 ὁδοῖς
731 3397 845 3432 σου.

503 3383 535 3441 ’ς
563 3379 701 3441 ὁδοῖς
731 3397 845 3432 σου.
1907 3383 2034 3436 tuis,

289 3470 376 3524 83.
417 3473 483 3523 Αἱ
515 3472 841 3542 ἐνθυμήσεις
873 3489 997 3542 μου.

1976 3476 2063 3530 85.
2101 3475 2470 3546 Cogitationes
2499 3494 2653 3533 mem.

291 3565 379 3622 84.
425 3566 808 3636 Περιγένωμαι
844 3566 951 3618 τῶν
985 3564 1257 3634 λογισμῶν
1291 3564 1384 3616 τοῦ
1409 3565 1604 3637 ἐχθροῦ
1639 3567 1695 3618 ἐν
1725 3565 1800 3635 τῷ

1974 3570 2064 3624 84.
2100 3570 2470 3624 Consiliorum
2522 3572 2750 3638 inimici,
2782 3587 2970 3626 eorum
3023 3574 3286 3629 malitiam
3337 3585 3485 3632 ante-

218 3659 423 3728 φθάσαι
463 3678 528 3730 με
560 3661 657 3731 τὴν
689 3659 885 3712 κακίαν
914 3659 1115 3713 αὐτῶν.

978 3659 1115 3712 ιτῶν.
1903 3663 2162 3714 vertendo
2191 3663 2365 3715 victor
2395 3679 2509 3716 ero.

287 3752 378 3806 83.
421 3753 530 3805 Καὶ
555 3753 616 3805 οὑ
644 3752 922 3823 παύσομαι
950 3751 1055 3815 ἕως
1083 3752 1149 3806 ἂν
1181 3752 1489 3805 ἀνιστῶσιν.

1975 3752 2063 3806 85.
2095 3750 2206 3805 Nec
2236 3753 2484 3815 cessabo,
2520 3754 2693 3809 donec
2717 3755 3024 3827 insurgunt.

287 3844 377 3897 86.
417 3843 602 3912 Διώξω
633 3845 849 3909 αὐτοὺς,
879 3846 972 3898 καὶ
997 3845 1098 3897 οὐκ
1123 3845 1554 3916 ἀντιστήσονται.

1492 3863 1554 3899 ιιι.
1973 3841 2061 3895 86.
2093 3841 2395 3910 Persequar
2425 3858 2538 3906 eos,
2573 3859 2672 3898 nec
2703 3847 3023 3902 consistent.

290 3935 378 3990 87.
405 3935 688 4002 Ὑποτάξω
720 3937 914 4000 αὐτοὺς
951 3936 1041 3992 ὑπ’
1073 3936 1192 4007 ἐμέ.

1974 3933 2064 3987 87.
2099 3931 2214 3986 Sub
2242 3949 2326 3987 me
2355 3949 2450 3988 eos
2482 3934 2792 4002 subjiciam.

289 4026 379 4082 88.
421 4028 767 4099 Περιέζωσάς
814 4045 880 4099 με
925 4028 1022 4097 τὴν
1051 4029 1209 4101 χάριν
1237 4028 1329 4082 τοῦ
1358 4028 1512 4097 ἁγίου
1547 4029 1795 4097 Πνεῦμα·

1979 4023 2064 4078 88.
2097 4024 2440 4079 Praaeinxisti
2477 4041 2563 4079 me
2595 4027 2771 4096 gratia
2811 4028 2984 4082 sancti
3015 4029 3253 4099 Spiritus
3283 4031 3383 4096 tui,
3423 4040 3481 4086 ut

214 4121 311 4184 τός
359 4138 454 4174 σου
498 4123 554 4173 ἐν
599 4121 734 4191 αὐτῇ
787 4118 1126 4184 ὁπλίζεσθαι,
1167 4121 1258 4173 καὶ
1296 4121 1648 4175 ἀνθίστασθαι
1681 4139 1745 4174 τα

1633 4140 1648 4174 ι
1681 4125 1801 4184 ταῖς
1903 4117 2019 4186 ipsa
2056 4127 2302 4172 armatus
2337 4117 2540 4172 diaboli
2575 4119 2790 4173 insidiis
2823 4121 3158 4177 resisterent.

220 4213 526 4284 μεθοδείαις
557 4211 650 4264 τοῦ
683 4211 952 4264 διαϐόλου.

290 4303 647 4366 89.Ἔδωκάς
699 4320 788 4374 μοι
837 4304 1084 4368 ἐξουσίαν
1129 4309 1320 4359 πατεῖν
1381 4307 1565 4359 ἐπάνω
1625 4307 1799 4374 ὄφεων

1971 4301 2057 4355 89.
2110 4301 2438 4356 Potestatem
2492 4301 2626 4354 mihi
2676 4300 2872 4356 dedisti
2899 4301 3281 4359 deambulandi
3317 4320 3479 4374 super

215 4399 311 4452 καὶ
348 4397 642 4468 σκορπίων,
670 4397 764 4449 καὶ
792 4397 884 4449 ἐπὶ
915 4399 1094 4450 πᾶσαν
1125 4397 1352 4467 δύναμιν
1381 4399 1473 4451 τοῦ
1509 4397 1722 4470 ἐχθροῦ.

1946 4399 2182 4458 ξγροιιιεε
2229 4399 2284 4444 et
2319 4391 2636 4457 scorpiones
2690 4401 2743 4446 et
2793 4408 2956 4461 super
2981 4407 3199 4448 omnem
3234 4405 3477 4464 potesta.

1829 4501 1871 4554 Ι)
1902 4491 2006 4534 tem
2038 4482 2262 4534 inimici.

287 4574 379 4630 90.
398 4575 642 4639 Ἐδωκάς
669 4595 757 4646 μοι
786 4576 980 4640 αὐτοὺς
1016 4575 1376 4647 ὑποχειρίους.

1166 4575 1376 4647 ειρίους,
1973 4571 2061 4624 90.
2099 4569 2206 4624 Eos
2239 4571 2369 4624 mihi
2397 4573 2697 4643 subjecisti.

287 4668 377 4722 9|.
420 4668 558 4730 Τοὺς
588 4667 846 4738 δαίμονας
859 4696 881 4718 ο

869 4696 881 4718 ν
1973 4664 2060 4716 9|.
2099 4663 2400 4718 Daemones.

287 4759 378 4824 92,
407 4761 497 4814 95.
539 4760 693 4812 Κατὰ
737 4760 797 4811 τὸ
841 4761 1222 4832 γεγραμμένον
1253 4761 1310 4812 ἐν
1345 4759 1694 4830 Εὑαγγελίῳ·
1741 4762 1802 4813 Τί

1973 4754 2061 4819 92,
2097 4755 2185 4807 95.
2228 4754 2698 4820 Quemadmodum
2750 4757 2804 4810 in
2863 4757 3157 4828 Evangelia
3215 4761 3473 4829 scriptum

209 4851 363 4919 ἡμῖν
389 4851 484 4904 καὶ
509 4851 626 4915 σοὶ,
671 4851 1020 4919 Ἰησοῦ,.Υἱὲ
1048 4853 1154 4907 τοῦ
1184 4853 1330 4906 Θεοῦ
1359 4851 1465 4904 τοῦ
1495 4854 1740 4920 ὑψίστοι

1944 4854 1985 4898 st
2021 4866 2031 4898 :
2067 4844 2203 4908 Quid
2232 4845 2400 4909 nobis,
2426 4857 2473 4898 et
2505 4848 2618 4910 tibi,
2645 4846 2774 4900 Jesu
2818 4845 2927 4900 Fili
2961 4847 3055 4902 Dei
3078 4849 3367 4905 altissimi?
3395 4869 3475 4906 ve-

208 4940 397 5013 ἦλθες
424 4943 536 5012 πρὸ
567 4943 772 5011 καιροῦ
804 4943 1136 4998 ἀπολέσθαι
1169 4943 1342 5011 ἡμᾶς.

1330 4981 1342 4994 ,
1904 4937 2030 4988 nisti
2057 4947 2177 4989 ante
2208 4946 2407 5005 tempus
2437 4938 2650 5006 perdere
2681 4956 2771 4992 nos
2793 4940 2858 4992 ³⁸.

290 5035 382 5089 94.
405 5035 596 5088 Ἡνίκα
630 5035 928 5106 ἐμφυσήσω
954 5037 1135 5098 αὐτοῖς
1168 5035 1388 5102 ἀφανεῖς
1418 5035 1757 5104 γενήσονται.

1970 5028 2059 5080 94.
2095 5028 2231 5080 Cum
2263 5038 2450 5082 contra
2489 5045 2582 5083 eos
2625 5031 2910 5085 insuﬂlaho
2940 5033 3298 5101 disperibunt.

284 5129 375 5181 95.
403 5127 696 5197 Ἐξαλείψω
725 5129 919 5190 αὐτοὺς
952 5129 1016 5180 ἐκ
1047 5128 1144 5197 τῆς
1173 5127 1396 5194 καρδίας
1433 5144 1554 5198 μου.

1376 5145 1396 5190 ς
1433 5144 1554 5198 μου,
2098 5117 2172 5170 Ex
2205 5119 2366 5172 corde
2390 5134 2511 5172 meo
2537 5119 2766 5174 abolebo
2792 5136 2907 5174 eos.

285 5220 378 5273 96.
403 5219 590 5272 Ῥῦσαί
627 5237 692 5289 με
738 5221 802 5273 ἐκ
832 5218 941 5271 τῶν
972 5219 1539 5290 ἀντιστρατευομένων
1586 5219 1644 5269 ἐν
1687 5219 1798 5281 τοῖς

1967 5206 2053 5260 96.
2093 5207 2256 5278 Eripe
2305 5226 2391 5263 me
2437 5227 2503 5264 ex
2547 5212 2937 5280 voluptatibus,
2966 5230 3087 5283 quae
3122 5218 3174 5270 in
3212 5219 3471 5274 membris

213 5312 437 5382 μέλεσίν
467 5327 567 5380 μου
601 5311 818 5382 ἡδονῶν.

1899 5299 2033 5352 meis
2065 5301 2296 5354 militant
2327 5311 2516 5356 contra
2551 5319 2655 5358 me.

283 5403 373 5457 97.
415 5401 844 5474 Κατακυριεύειν
875 5421 940 5473 με
969 5401 1076 5455 τῶν
1101 5402 1330 5455 ἐθνικῶν
1357 5401 1628 5472 πράξεων.

1970 5388 2058 5444 97.
2090 5391 2170 5445 Ad
2197 5392 2588 5447 dominandum
2619 5392 2928 5450 actionibus
2955 5397 3291 5465 gentilitatis.

284 5493 374 5556 98,
401 5494 488 5548 99.
530 5495 664 5566 Περὶ
691 5493 784 5547 τοῦ
809 5493 1160 5565 κηρύγματος
1187 5492 1292 5546 τῶν
1317 5491 1482 5546 ἐθνῶν
1506 5491 1670 5560 λέγει,
1697 5497 1790 5543 καῖ

1970 5485 2057 5551 98,
2084 5487 2172 5540 99.
2204 5487 2278 5542 De
2307 5489 2710 5558 praedicatione,
2747 5507 2868 5558 quae
2893 5492 3144 5561 gentibus
3199 5491 3340 5549 facta
3388 5505 3470 5551 est

205 5583 313 5652 τῆς
343 5584 587 5650 ὑπακοῆς
616 5582 815 5636 αὐτῶν.

1903 5573 2164 5644 loquitur,
2202 5586 2256 5632 et
2282 5577 2348 5633 de
2372 5592 2557 5635 earum
2586 5579 2916 5636 obedientia.

282 5695 333 5729 ⁸⁸
371 5695 558 5752 Matth.
583 5712 699 5763 vni,
732 5696 821 5752 29.
