3878 6218
429 255 525 313 711
1269 271 1326 324 S.
1366 271 1734 328 ATHA'NASII
1773 273 1923 332 OPP.

2187 279 2273 333 111.
2317 313 2386 322 -
2426 283 2837 340 EXEGETICA.
3578 293 3701 352 712

491 372 580 428 99.
619 373 680 428 1n
713 379 898 434 auditu
929 382 1078 436 auris
1113 383 1354 440 obedivit
1379 387 1534 441 mihi.

2023 414 2069 462 Α
2170 397 2256 450 09.
2299 400 2392 462 Εἰς
2419 401 2586 470 ἀκοὴν
2615 403 2776 454 ὠτιου
2813 405 3090 475 ὑπήκουσέ
3126 425 3247 478 μου.

496 463 618 518 100.
657 465 778 521 Filii
813 472 972 525 alieni
1001 475 1210 529 mentiti
1245 485 1371 530 sunt
1402 479 1538 532 mihi
1571 495 1587 534 :

2168 488 2290 540 100.
2333 490 2454 543 Υἱοὶ
2482 463 2746 562 ἀλλότριοι
2783 463 3076 561 ἐψεύισαντό
3110 463 3231 568 tier

494 555 616 610 101.
659 558 778 612 Filii
807 563 969 616 alieni
993 566 1272 621 inveterati
1310 578 1479 622 sunt:

2165 579 2285 632 101.
2331 581 2447 633 Υἱοὶ
2475 582 2742 653 ἀλλότριοι
2777 587 3213 662 ἐπαλαιὼθησαν,

493 648 615 701 102.
657 649 722 704 Et
747 654 1190 712 clamlicaveruut
1213 676 1242 714 a
1269 662 1478 714 semitis
1507 663 1640 717 suis.

2165 669 2284 722 10"2.
2327 673 2434 724 Καὶ
2466 674 2741 744 ἐχώλαναν
2765 679 2872 729 ἀπὸ
2905 681 3009 732 τῶν
3039 683 3242 753 τρίϐων
3275 685 3472 740 αὐτῶν.

495 741 614 795 105.
659 743 802 800 Vivit
829 747 1110 814 Dominus,
1141 762 1194 806 et
1226 754 1539 808 benedictus
1567 754 1710 810 Deus
1737 773 1892 812 meus
1919 777 1932 812 :

2165 757 2286 812 105.
2327 764 2401 830 Ζῇ
2431 741 2653 833 Κύριος,
2685 767 2778 818 καὶ
2805 741 3094 840 εὐλογητὸς
3126 774 3153 823 ὁ
3181 773 3314 834 Θεός
3343 792 3441 844 μου
3461 793 3475 806 ·

496 833 618 888 101.
660 838 726 890 Et
753 840 1024 894 exaltetur
1055 843 1193 898 Deus
1229 847 1422 900 salutis
1454 863 1604 900 meae.

2163 851 2284 904 101.
2329 854 2438 906 Καὶ
2468 855 2734 927 gemam.
2763 859 2789 910 ὁ
2823 833 2952 922 Θεὸς
3113 833 3388 936 σωτηρίας
3418 885 3551 940 μου,

490 927 610 981 105.
655 927 816 993 Deus,
849 933 940 1000 qui
971 935 1067 988 das
1098 937 1364 992 vindictas
1396 939 1526 991 mihi
1553 955 1568 992 :

2163 943 2284 996 103.
2337 945 2394 998 '0
2419 945 2549 1010 Θεὸς
2581 951 2608 999 ὁ
2637 949 2810 1012 διδους
2837 951 3146 1022 ἐκδικήσεις
3171 957 3313 1025 ἐμοὶ,

488 1016 608 1070 106.
656 1018 720 1071 Et
753 1023 942 1077 subdis
966 1027 1190 1092 pupulos
1221 1029 1322 1082 sub
1351 1045 1436 1082 me
1465 1048 1477 1082 :
1759 1051 1762 1054 ‘

1759 1051 1762 1054 λ
2161 1033 2282 1085 106.
2325 1035 2433 1088 Καὶ
2463 1037 2731 1101 ὑποτάξας
2759 1039 2920 1102 λαοὺς
2954 1042 3042 1093 ὑπ’
3069 1045 3187 1113 ἐμὲ,

489 1109 610 1160 107.
653 1109 934 1166 Liberator
963 1131 1116 1171 meus
1145 1119 1212 1172 de
1247 1121 1485 1174 inimicis
1516 1125 1650 1176 meis
1679 1123 1985 1177 iracundis:

2166 1124 2283 1177 107.
2338 1127 2393 1178 '0
2431 1127 2632 1199 ρύστης
2671 1149 2770 1200 μου
2799 1131 2856 1196 ἐξ
2889 1134 3097 1204 ἐχθρῶν
3135 1155 3235 1206 μου
3271 1140 3525 1210 ὀργίλων.

491 1202 610 1255 108.
655 1205 715 1258 Ει
743 1207 811 1259 ab
849 1207 1254 1277 insurgentibus
1287 1211 1338 1263 in
1373 1227 1478 1277 me,
1511 1215 1778 1267 exultabis
1809 1229 1936 1268 me:

2161 1217 2282 1268 103.
2337 1219 2466 1271 Ἀπὸ
2487 1222 2592 1274 τῶν
2617 1224 3060 1280 ἐπανισταμένων
3079 1229 3164 1283 ἐπ’
3181 1231 3278 1300 ἐμὲ
3303 1232 3545 1301 ὑψώσεις
3571 1253 3685 1308 με’

491 1293 608 1350 109.
651 1297 695 1347 Α
725 1298 840 1350 viro
869 1299 1058 1368 iniquo
1093 1303 1292 1369 eripies
1324 1319 1422 1356 me.

2163 1305 2282 1360 109.
2339 1308 2468 1360 Ἀπὸ
2497 1311 2688 1382 ἀνδρὸς
2713 1312 2894 1365 ἀδίκου
2928 1315 3087 1386 ῥῦσαί
3115 1337 3200 1388 με.

491 1385 610 1437 110.
651 1385 944 1456 Propterea
975 1393 1276 1446 conlitebor
1309 1395 1404 1446 tibi
1439 1396 1494 1447 in
1525 1397 1859 1461 nationibus,
1887 1395 1989 1451 Do-

2161 1399 2280 1451 110.
2323 1398 2422 1450 Διὰ
2453 1399 2610 1452 τοῦτο
2637 1403 3100 1475 ἐξομολογήσομαί
3129 1425 3208 1461 σοι
3237 1412 3295 1463 ἐν
3325 1411 3528 1478 ἔθνεσι,
3557 1415 3687 1470 Κύ-

416 1475 595 1542 mine;

2097 1506 2197 1558 ριε,

488 1566 609 1620 111.
653 1566 718 1620 Et
749 1571 952 1624 nomini
989 1581 1080 1624 tuo
1115 1575 1382 1641 psalmum
1411 1578 1612 1632 dicam.

1584 1599 1612 1632 l.
2160 1584 2279 1635 111.
2323 1585 2431 1636 Καὶ
2457 1585 2533 1654 τῷ
2565 1587 2788 1658 ὀνόματί
2819 1607 2912 1642 σου
2945 1591 3115 1660 ψαλῶ.

481 1657 603 1709 11:2.
638 1657 987 1726 Maguiﬁcans
1019 1666 1224 1720 salutes
1265 1669 1405 1736 regis
1435 1670 1553 1736 ejus
1590 1689 1602 1723 :

2159 1675 2280 1727 112.
2321 1675 2651 1742 Μεγαλύνων
2670 1678 2766 1740 τὰς
2793 1681 3062 1749 σωτηρίας
3081 1683 3172 1734 τοῦ
3195 1684 3458 1752 βασιλέως
3475 1689 3677 1746 αὐτοῦ.

483 1752 603 1806 115.
637 1751 702 1805 Et
728 1755 934 1810 faciens
969 1758 1398 1814 misericordiam
1430 1763 1638 1816 cln'isto
1667 1779 1768 1820 suo
1791 1765 1980 1835 David,

2161 1765 2283 1818 115.
2326 1767 2434 1818 Καὶ
2463 1767 2629 1820 ποιῶν
2659 1768 2804 1831 ἕλεος
2835 1771 2911 1840 τῷ
2945 1773 3148 1842 χριστῷ
3179 1775 3339 1827 αὑτοῦ
3371 1777 3448 1846 τῷ
3477 1779 3675 1843 Δαεῖὶδ,

487 1843 607 1898 114.
643 1843 704 1897 Ει
735 1847 930 1900 semini
959 1849 1077 1916 ejus
1110 1866 1283 1918 usque
1315 1851 1366 1902 in
1395 1854 1678 1907 szeculum.

2161 1856 2280 1910 11-1.
2321 1859 2430 1910 Καὶ
2455 1859 2531 1928 τῷ
2563 1861 2834 1930 σπέρματι
2867 1863 3030 1914 αὑτοῦ
3061 1865 3164 1926 ἕως
3189 1866 3399 1930 αἰῶνος.

797 1956 864 2010 In
893 1959 1046 2027 ﬁnem
1101 1962 1336 2028 psalmus
1395 1963 1585 2018 David.

2403 1978 2506 2041 Εἰς
2523 1977 2586 2028 τὸ
2611 1977 2779 2042 τέλος
2801 1980 3038 2046 ιτδίιλμὸς
3063 1977 3142 2044 τῷ
3163 1981 3337 2034 Δίιϐίδ

934 2050 1194 2106 ΡδΑιΜ.
1251 2054 1300 2106 Χ
1319 2054 1387 2106 γι
1401 2053 1462 2109 ΙΙ

2687 2072 2897 2123 ΨΛΛΜ
2904 2111 2915 2122 .
2944 2073 3058 2123 IH'.

487 2137 534 2190 1'.
571 2137 704 2192 Cceli
731 2151 988 2194 enarrant
1031 2144 1259 2212 gloriam
1307 2144 1402 2198 Dei
1434 2165 1446 2199 :

2163 2152 2210 2207 1.
2253 2155 2314 2205 Οἱ
2353 2155 2570 2223 οὐρανοὶ
2601 2157 2907 2227 διηγοῦνται
2939 2159 3092 2226 δόξαν
3117 2161 3270 2213 Θεοῦ·

479 2228 535 2282 2.
585 2228 648 2283 Et
677 2245 838 2300 opera
885 2248 1146 2288 manuum
1185 2236 1304 2304 ejus
1349 2238 1634 2292 annuntiat
1673 2242 1986 2296 lirmamen-

2151 2242 2205 2298 ‘2.
2250 2245 2470 2310 Ποίησιν
2513 2246 2568 2298 δὲ
2613 2249 2810 2320 χειρῶν
2858 2251 3019 2304 αὐτοῦ
3070 2252 3388 2322 ἀναγγέλλει
3429 2255 3490 2307 τὸ
3543 2271 3643 2309 στε

411 2325 548 2372 tum.

2087 2333 2295 2403 ρέωμα.

484 2413 535 2466 5.
569 2411 694 2467 Dies
717 2413 822 2468 diei
865 2425 1078 2469 eructat
1111 2417 1340 2472 verbum
1369 2438 1384 2473 :

2149 2429 2201 2482 5.
2257 2431 2467 2501 Ἡμέρα
2491 2436 2555 2504 τῇ
2587 2435 2767 2506 ἡμέρα
2797 2436 3080 2505 ἐρεύγεται
3117 2441 3266 2509 ῥῆμα
3286 2457 3297 2469 ·

483 2502 536 2556 4.
581 2502 648 2556 Ει
679 2520 784 2558 nox
825 2507 968 2560 nocti
1005 2507 1211 2561 indicat
1237 2510 1545 2564 scientiam.

2149 2519 2202 2573 4.
2245 2521 2356 2592 Καὶ
2385 2522 2479 2586 νὺξ
2505 2528 2657 2578 νυκτὶ
2689 2527 3010 2595 ἀναγγέλλει
3045 2531 3263 2596 γνῶσιν.

481 2595 536 2650 5.
573 2593 688 2650 Non
733 2606 861 2650 sunt
911 2599 1136 2667 loquela:
1185 2617 1360 2671 neque
1387 2617 1685 2672 sermones,
1725 2621 1964 2672 quorum

2159 2610 2212 2664 5.
2253 2613 2366 2664 Οὐκ
2392 2615 2496 2666 εἰσὶ
2529 2616 2707 2671 λαλιαὶ
2729 2620 2846 2673 ούδέ
2870 2620 3034 2689 λόγοι,
3061 2615 3269 2692 ὧνρὺχὶ
3289 2624 3578 2680 ἀκούονται
3607 2631 3669 2682 σε

411 2702 518 2742 non
544 2691 833 2744 audiantur
861 2707 1020 2746 voces
1051 2708 1238 2747 eorum
1265 2713 1278 2747 :

968 2707 1020 2746 es
1051 2708 1238 2747 eorum
1265 2713 1278 2747 :
2089 2701 2263 2772 φωναὶ
2295 2705 2499 2758 αὐτῶν·

1539 2850 1910 2907 ATIIANASII
1949 2855 2525 2918 INTERPRETATIO.

483 3000 607 3066 100,
639 3001 758 3058 101.
789 3000 960 3056 Judaei
983 3005 1324 3059 desciverunt
1351 3022 1382 3059 ιι
1405 3008 1539 3068 Deo,
1567 3017 1621 3061 et
1643 3007 1801 3064 deleti
1827 3021 1974 3066 sunt.

2159 3015 2430 3078 100,101.
2473 3019 2532 3070 Οί
2575 3020 2811 3074 Ἰουδαῖοι
2862 3023 3176 3095 ἀπέστησαν
3223 3025 3328 3080 ἀπὸ
3371 3047 3464 3083 του
3495 3031 3664 3102 Θεοῦ,

2089 3106 2181 3157 καὶ
2214 3108 2292 3168 εἰς
2321 3109 2622 3179 ἀφανισμὸν
2645 3112 2920 3180 γεγόνασι.
3191 3151 3206 3166 .

481 3179 602 3234 102.
638 3177 1017 3234 Claudieantes
1043 3196 1072 3234 a
1102 3181 1302 3236 divinis
1331 3186 1633 3254 praeceptis.

2159 3197 2280 3250 102.
2323 3200 2672 3265 Χωλάναντες
2695 3204 2800 3256 ἀπὸ
2825 3205 2932 3256 τῶν
2961 3207 3188 3262 ἐντολῶν
3217 3211 3308 3263 τοῦ
3341 3213 3495 3270 Θεοῦ.

483 3270 605 3324 105.
641 3269 754 3324 Etsi
787 3279 1004 3338 propter
1051 3286 1150 3324 nos
1196 3280 1442 3326 mortuus
1481 3283 1586 3338 est,
1616 3275 1744 3330 vivit
1773 3287 1975 3344 tamen,
2007 3326 2014 3365 γ

2157 3288 2275 3342 ιοδ.
2319 3291 2380 3342 EE
2410 3293 2501 3343 και
2525 3293 2758 3346 ἀπέθανε
2791 3295 2860 3347 δι’
2891 3299 3055 3366 ἡμᾶς,
3091 3300 3224 3354 ἀλλὰ
3253 3302 3344 3374 ζῇ,
3375 3269 3664 3364 καὶ.ῗεῦλο-

409 3370 463 3416 et
497 3363 810 3415 benedictus
838 3371 920 3415 est
950 3362 1002 3414 in
1038 3371 1322 3416 mternum.

1211 3379 1322 3416 um.
2012 3362 2048 3372 ν
2081 3378 2246 3447 γητός
2281 3382 2393 3432 ἐστι
2427 3381 2492 3432 δι’
2522 3382 2734 3446 αἰῶνος.

479 3453 600 3506 101.
639 3452 704 3505 Et
723 3463 1035 3506 assumatur
1065 3454 1116 3506 in
1144 3455 1340 3508 caelum
1366 3455 1530 3518 Deus,
1555 3460 1646 3525 qui
1674 3458 1847 3512 salvat
1871 3477 1975 3514 me.

1883 3477 1975 3514 me.
2153 3472 2270 3524 10.1.
2311 3472 2418 3524 Καὶ
2450 3473 2810 3544 ἀναληφθήτω
2835 3479 2862 3528 ὁ
2893 3478 3026 3541 Θεὸς
3053 3481 3082 3530 ὁ
3111 3479 3296 3545 σώζων
3329 3501 3414 3553 με.

482 3543 602 3597 105.
641 3541 778 3608 Vim,
815 3553 867 3597 et
900 3545 1192 3613 potentiam
1223 3547 1466 3614 praebens
1492 3549 1621 3601 mibi
1655 3560 1844 3604 contra
1879 3554 1976 3606 ad-

2149 3563 2271 3616 105.
2313 3565 2550 3636 Δύναμιν
2593 3568 2686 3620 καὶ
2731 3569 2975 3632 ἐξουσίαν
3018 3573 3192 3636 διδούς
3241 3593 3330 3645 μοι
3365 3583 3506 3632 κατά
3541 3581 3658 3636 τῶν

408 3636 680 3704 versarias
707 3645 1018 3704 potestates.

2079 3656 2333 3708 ἐναντίων
2365 3657 2665 3728 δυνάμεων.

483 3727 604 3780 106.
644 3727 1000 3782 Adversarias
1033 3739 1346 3798 potestates.

2151 3749 2268 3803 106.
2311 3751 2421 3813 Τάς
2447 3753 2690 3815 ἐναντίας
2718 3753 2995 3824 δυνάμεις.

477 3817 599 3870 107.
645 3816 718 3870 De
749 3818 880 3886 ipsis
909 3819 1208 3886 spiritibus.

2147 3842 2270 3895 107.
2311 3841 2429 3893 Τῶν
2463 3843 2639 3896 αὐτῶν
2667 3847 3009 3915 πνευμάτων.

477 3907 600 3962 108.
639 3909 680 3960 Α
711 3911 1154 3979 cogitationibus,
1187 3913 1382 3980 inquit.

2149 3933 2268 3986 108.
2311 3933 2430 3986 Τῶν
2465 3935 2760 4004 λογισμῶν,
2795 3937 2961 4004 λέγει.

477 4001 600 4055 109.
641 4001 686 4054 Α
717 4000 938 4056 Satana.

2147 4023 2266 4076 109.
2307 4023 2411 4075 Τοῦ
2443 4000 2671 4078 ama.

479 4091 599 4152 110,
632 4091 750 4143 111.
785 4091 1122 4146 Gloriﬁcabo
1157 4101 1230 4146 te.

2147 4113 2418 4174 110,111.
2460 4115 2677 4176 Δοξάσω
2711 4133 2789 4168 σε.

479 4181 599 4235 112.
655 4183 930 4237 Enarrans
965 4186 1357 4251 promissiones
1405 4188 1614 4256 populi.

2149 4203 2265 4255 11‘2.
2307 4205 2668 4274 Διηγούμενος
2703 4209 2798 4270 τὰς
2829 4211 3157 4278 ἐπαγγελίας
3183 4214 3278 4266 τοῦ
3309 4215 3462 4270 λαοῦ.

478 4275 602 4336 115,
659 4273 778 4328 114.
837 4273 1063 4344 Populo,
1097 4277 1291 4346 inquit,
1345 4281 1545 4346 populo
1599 4281 1905 4336 desiderato
1941 4299 1970 4337 a

2146 4291 2266 4350 115,
2302 4293 2422 4345 11-1.
2465 4294 2553 4362 Τῷ
2569 4294 2700 4364 λαῷ,
2723 4296 2868 4362 λέγει
2889 4314 2902 4326 ⁸
2933 4299 3010 4368 τῷ
3031 4299 3142 4369 λαῷ
3169 4302 3248 4370 τῷ
3279 4303 3649 4376 πεποθημενῳ

405 4363 654 4428 Domino,
683 4377 736 4420 et
768 4366 884 4436 ejus
923 4368 1351 4435 operationibus,
1387 4369 1550 4422 David
1586 4371 1730 4424 enim
1764 4373 1936 4426 deside

2116 4381 2176 4433 πὸ
2209 4383 2432 4453 Κυρίου,
2460 4387 2552 4436 καὶ
2577 4389 2688 4448 τοῖς
2715 4387 2894 4458 ἔργοις
2923 4391 3108 4444 αὑτοῦ.
3139 4394 3300 4446 Δαϐὶδ
3327 4395 3438 4466 γάρ
3459 4411 3647 4450 πεπο-

405 4465 550 4508 ratus
579 4456 1000 4525 interpretatur:
1049 4473 1235 4511 semen
1280 4467 1458 4512 autem
1492 4460 1610 4528 ejus
1639 4471 1764 4515 sunt
1807 4479 1936 4532 oper

2116 4471 2322 4540 ημένος
2355 4475 2710 4544 ἑρμηνεύεται
2728 4495 2740 4507 ο
2772 4480 2989 4552 σπέρμα
3022 4483 3076 4534 δέ
3103 4486 3266 4537 αὐτοῦ
3293 4487 3359 4539 τά
3387 4489 3523 4558 ἔργα
3549 4491 3647 4542 αὺ-

399 4546 520 4614 ejus
549 4545 717 4614 justa.

2070 4560 2163 4611 τοῦ
2195 4561 2262 4613 τὰ
2285 4561 2464 4615 δίκαια
2491 4565 2741 4637 ὑπάρχει.

484 4663 546 4714 Ἡ
581 4663 911 4734 προκειμένη
937 4663 1210 4734 ἐπιγραφὴ
1245 4663 1388 4734 ήδιά
1417 4666 1516 4735 τῆς
1543 4667 1914 4739 κινναϐάρεως
1952 4675 2224 4746 περιέχει·
2261 4680 2365 4742 Εἰς
2402 4681 2467 4730 τὸ
2503 4680 2677 4747 τέλος
2713 4683 2790 4746 τῷ
2817 4685 3008 4742 Δαϐίδ.
3043 4688 3176 4758 Περὶ
3209 4691 3307 4760 τῆς
3339 4695 3643 4764 παρουσίας

399 4748 492 4805 οὖν
519 4751 610 4804 τοῦ
639 4753 836 4822 Κυρίου
870 4753 1016 4819 λέγει
1045 4754 1134 4806 τὸν
1159 4753 1370 4825 ψαλμὸν
1395 4757 1424 4807 ὁ
1449 4756 1632 4818 Δαὸὶδ,
1665 4759 1757 4810 καὶ
1780 4761 1878 4830 τῆς
1905 4765 2210 4829 συντελείας
2243 4767 2336 4819 τοῦ
2369 4771 2584 4834 αἰῶνος.

469 4845 682 4899 Titulus
715 4845 992 4899 cinnabari
1045 4847 1336 4916 inscriptus
1367 4851 1608 4905 continet
1641 4871 1652 4905 :
1689 4850 1754 4904 In
1799 4855 1956 4922 ﬁnem
1989 4856 2180 4912 David.
2214 4859 2371 4914 Canit
2401 4864 2563 4931 igitur
2600 4865 2744 4920 hunc
2786 4870 3054 4936 psalmum
3102 4871 3270 4930 David
3301 4876 3368 4932 de
3401 4879 3638 4937 adventu

403 4941 640 5006 Domini,
668 4949 718 4994 et
744 4939 810 4994 de
835 4944 1306 4997 consummatione
1337 4945 1540 5000 saeculi.

475 5033 528 5084 1.
559 5030 802 5098 Apostoli
842 5031 1124 5098 passiones
1165 5032 1306 5100 ejus.
1997 5047 2006 5100 ι

1997 5047 2038 5100 D
2135 5045 2185 5097 1.
2228 5046 2289 5096 Οἱ
2319 5047 2603 5101 ἀπόστολοι
2630 5052 2696 5103 τὶ
2723 5053 3020 5126 παθήματα
3049 5060 3232 5118 αὑτοῦ.

469 5122 526 5176 2.
563 5120 886 5174 Sanctorum
932 5121 1336 5176 ﬁrmamentum
1369 5125 1658 5178 annuntiat
1695 5126 1964 5195 justiﬁca-

2138 5137 2189 5188 ‘2.
2233 5135 2308 5190 Τά
2355 5137 2695 5210 δικαιώματα
2729 5146 3043 5216 ἀναγγέλλει
3091 5156 3148 5207 τὸ
3201 5159 3486 5230 στερέωμα
3525 5162 3634 5217 τῶν

401 5215 576 5270 tiones
603 5211 740 5280 ejus.

727 5251 740 5264 .
2067 5227 2255 5294 ἁγίων.

471 5305 524 5359 5.
559 5305 801 5374 Apostoli
837 5305 1052 5359 laudem
1084 5305 1301 5374 populo.

2137 5319 2188 5370 5.
2232 5319 2293 5369 Ui
2325 5320 2609 5375 ἀπόστολοι
2644 5325 2719 5394 τῷ
2747 5328 2858 5398 λαῷ
2883 5333 2974 5385 τὸν
3007 5331 3171 5388 αἶνον.

470 5399 526 5452 4.
571 5397 854 5468 Propheta:
896 5397 1118 5452 Iudaeis.

2136 5408 2189 5460 4.
2232 5411 2292 5460 Oi
2326 5413 2598 5482 προφῆται
2627 5421 2734 5479 τοῖς
2778 5421 3064 5488 Ἰουδαίοις.

467 5491 523 5548 5.
575 5490 694 5545 Non
751 5501 836 5547 est
885 5493 1280 5562 qualiscunque
1331 5492 1584 5560 loquela,
1631 5501 1724 5546 aut
1787 5509 1966 5548 sermo

2143 5499 2192 5551 5.
2237 5501 2347 5552 Οὐκ
2381 5501 2526 5555 ἐστιν
2557 5505 2908 5575 οίαδηποτοῦν
2930 5513 3104 5588 λαλιὰ,
3131 5517 3162 5586 ἦ
3191 5519 3346 5586 λόγος
3373 5523 3477 5576 τῶν
3499 5525 3626 5577 ἀπη-

401 5583 789 5651 apostolorum,
826 5599 918 5638 seu
959 5585 1368 5654 prepbetarum,
1414 5601 1646 5653 quorum
1696 5587 1928 5652 prmdica

2098 5589 2287 5652 τόλων,
2329 5592 2360 5661 ἣ
2402 5595 2507 5647 τῶν
2555 5601 2865 5668 προφητῶν,
2899 5597 2972 5656 ὧν
3018 5605 3144 5677 ἄχρι
3193 5609 3287 5662 τοῦ
3335 5613 3492 5684 δεῦρο
3531 5617 3629 5672 οὐκ

400 5680 574 5730 tiones
599 5689 768 5744 usque
797 5690 942 5730 nunc
975 5677 1043 5730 ab
1080 5675 1395 5731 hominibus
1421 5691 1534 5730 non
1571 5676 1884 5732 audiuntur.

2066 5682 2347 5736 ἀκούονται
2374 5685 2444 5740 τὰ
2468 5689 2797 5762 κηρύγματα
2823 5694 2927 5746 ὑπὸ
2957 5696 3064 5752 τῶν
3097 5698 3415 5758 ἀνθρώπων.
