3878 6218
233 259 340 315 7’3
1105 253 1195 312 DE
1234 254 1513 313 TlTULIS
1545 246 1998 311 PSALMORUM.
2037 283 2107 293 ——
2140 244 2336 307 PSAL.
2380 240 2565 304 XVIII.
3383 246 3492 307 7M

301 370 359 427 ϐ.
400 370 494 433 Εἰς
525 368 706 423 πᾶσαν
736 370 834 439 τὴν
860 367 964 438 γῆν
991 369 1215 438 ἐξῆλθεν
1242 372 1270 423 6
1291 369 1523 438 φθόγγος
1560 368 1738 421 αὐτῶν
1757 383 1772 397 ο

1842 378 1885 431 Α
1984 368 2038 422 6.
2097 367 2154 421 ln
2180 381 2397 421 omnem
2425 374 2629 421 terram
2659 362 2830 418 exivit
2864 377 3036 420 sonus
3072 378 3306 421 eorum:

304 461 356 516 7.
400 460 506 514 Καὶ
536 462 615 524 εἰς
646 459 715 512 τὰ
765 460 977 532 πέρατα
1022 461 1122 531 τῆς
1153 460 1475 532 οἰκουμένης
1505 461 1573 515 τὰ
1597 462 1815 531 ῥήματα

1721 478 1815 514 πιτα
1983 460 2033 512 7.
2098 460 2163 515 Et
2194 460 2249 514 in
2280 458 2416 514 ﬁnes
2449 459 2601 514 orbis
2635 468 2793 515 terra:
2838 458 3004 513 verba
3038 445 3252 514 eorum.

273 571 435 607 υτων.

228 573 267 609 α
301 645 356 699 8.
413 646 500 698 Ἐν
526 644 606 715 τῷ
633 644 768 716 ἡλίῳ
794 644 945 698 ἔθετο
977 646 1038 699 τὸ
1068 645 1333 716 σκήνωμα
1362 646 1526 697 αυτοῦ
1546 658 1561 673 ·

1992 632 2045 687 8.
2086 631 2142 686 In
2171 632 2286 688 sole
2320 634 2507 703 posuit
2548 633 2961 687 tabernaculum
2993 648 3153 687 suum
3190 653 3202 686 :

304 741 357 793 9.
401 740 513 791 Kal.
559 738 719 801 αὐτὸς
768 739 843 802 ὡς
886 740 1117 809 νυμφίος
1152 738 1581 808 ἐκπορευόμενος
1615 739 1677 789 ἐκ
1712 754 1818 789 πα-

1990 724 2043 779 9.
2093 724 2160 777 Ει
2197 725 2313 794 ipse
2357 736 2617 794 tanquam
2664 738 2902 793 sponsus
2942 725 3243 794 procedens
3274 724 3343 780 de
3372 724 3494 779 tha-

231 829 362 882 σ’τοῦ
390 829 578 892 αὐτου,

1920 817 2068 870 lamo
2108 832 2210 872 suo
2230 857 2249 880 ,

308 920 395 975 10.
451 918 862 988 Ἀγαλλιάσεται
890 919 967 983 ὡς
994 918 1157 988 γίγας
1181 919 1406 991 δραμεῖν
1434 918 1551 971 ὁδὸν
1580 916 1745 973 αὑτοῦ
1766 935 1780 948 ο

1991 910 2078 963 10.
2159 909 2465 965 Exsultarit
2518 920 2577 964 ut
2637 910 2790 982 gigas
2846 910 2914 964 ad
2967 910 3292 965 currendam
3346 910 3491 965 viam

605 1045 622 1061 ι
1921 1016 2077 1054 suam
2113 1020 2125 1053 Ζ

305 1083 391 1137 11.
446 1082 565 1135 Ἀπ’
599 1082 767 1151 ἄκρου
799 1079 893 1134 τοῦ
920 1080 1208 1152 οὖρανοῧή
1252 1080 1430 1145 ἔξοδος
1464 1080 1654 1144 αὐτοῦ,

1476 1080 1654 1144 ιύτοῦ,
1992 1094 2074 1147 ll.
2109 1092 2153 1145 A
2184 1108 2398 1147 summo
2429 1097 2567 1147 caelo
2601 1093 2839 1163 egressio
2871 1092 3007 1162 eius.

306 1174 392 1227 12.
432 1174 541 1226 Καὶ
552 1173 610 1226 τὸ
627 1172 865 1240 κατάντη
873 1190 947 1242 μα
965 1172 1130 1225 αὐτοῦ
1147 1172 1250 1236 ἕως
1265 1174 1435 1242 ἄκρου
1456 1172 1549 1223 τοῦ
1567 1169 1815 1242 οὐρανοῦ’

1993 1186 2057 1238 12
2089 1184 2155 1238 Ει
2178 1200 2441 1239 occursus
2467 1184 2586 1254 ejus
2619 1200 2793 1254 usque
2824 1185 2890 1239 ad
2923 1197 3199 1240 summum
3238 1186 3364 1242 cmii
3405 1203 3417 1240 :

305 1266 391 1319 15.
436 1265 546 1318 Καὶ
588 1265 689 1318 οὐκ
728 1264 873 1317 ἔστιν
916 1265 973 1328 ὃς
1006 1264 1450 1336 ἁποκρυϐήσεται
1475 1264 1572 1334 τῆς
1611 1264 1819 1335 θέρμης

1754 1280 1819 1335 ης
1994 1273 2080 1328 15.
2111 1273 2219 1329 Nec
2243 1284 2325 1329 est
2349 1274 2443 1344 qui
2467 1292 2524 1329 se
2547 1274 2849 1330 abscondat
2875 1292 2906 1330 a
2929 1279 3111 1331 calore
3138 1277 3282 1347 ejus.

231 1375 422 1411 αυτου.

311 1447 397 1503 id.
449 1449 506 1501 v0
524 1448 685 1519 νόμος
702 1446 908 1517 Κυρίου
932 1445 1182 1517 ἄμωμος,
1208 1446 1551 1517 ἐπιστρέφων
1571 1445 1747 1518 ψυχάς
1766 1463 1778 1476 ο

1988 1451 2071 1506 14.
2104 1448 2212 1505 Lex
2243 1450 2458 1505 Domini
2490 1450 2867 1517 immaculata,
2892 1461 3217 1507 convertens
3239 1451 3490 1507 animas:

308 1543 394 1597 15.
449 1543 513 1595 Ἠ
558 1540 831 1614 μαρτυρία
874 1540 1079 1611 Κυρίου
1138 1540 1338 1612 πιστὴ,
1389 1539 1684 1608 σοφίζουσα
1726 1541 1821 1611 νή-

1994 1546 2083 1599 15.
2158 1543 2559 1598 Testimonium
2613 1543 2833 1599 Domini
2906 1545 3102 1612 lidclc,
3171 1545 3493 1616 sapientiam

230 1653 362 1690 πια.
1920 1642 2185 1706 praestans
2216 1633 2480 1702 parvulis.

308 1726 396 1781 16.
438 1724 520 1779 Τὰ
566 1725 908 1796 δικαιώματα
956 1722 1162 1794 Κυρίου
1213 1722 1418 1787 εὐθέα,
1462 1722 1820 1793 εὐφραίνοντα

1990 1724 2079 1779 16.
2135 1724 2368 1778 Iustitiae
2414 1722 2630 1778 Domini
2669 1723 3238 1787 rectmylzctiﬁcantes
3281 1721 3492 1779 corda:

231 1818 463 1872 καρδίαν
496 1834 511 1848 ·

272 1818 513 1961 αῗξῗαῖΗ
536 1905 720 1974 ἐντολὴ
742 1906 946 1976 Κυρίου
970 1904 1265 1975 τηλαυγὴς,
1286 1904 1593 1973 φωτίζουσα
1618 1903 1803 1974 ὀφθαλ-

1998 1904 2083 1957 17.
2116 1904 2448 1974 Praeceptum
2481 1904 2698 1961 Domini
2721 1906 2987 1970 lucidum,
3012 1906 3331 1962 illuminans
3359 1922 3494 1963 ocu-

282 1999 393 2052 ούε.
1924 1995 2027 2051 los.

282 2018 341 2052 ομ
380 2039 393 2051 .

234 2016 279 2072 μ
310 2017 394 2146 1;.
423 2091 481 2145 '0
520 2089 681 2159 φόϐος
714 2087 917 2157 Κυρίου
953 2089 1115 2157 ἁγνὸς
1137 2127 1151 2153 ,
1201 2086 1469 2158 διαμένων
1524 2087 1603 2149 εἰς
1648 2085 1765 2139 αίῶι

1960 2016 2027 2051 )5.

1996 2087 2084 2142 18.
2126 2086 2313 2141 Timor
2344 2087 2557 2142 Domini
2584 2098 2825 2153 sanctus,
2858 2104 3188 2159 permanens
3225 2090 3283 2145 in
3313 2103 3491 2146 samu-

232 2184 289 2235 33
301 2181 429 2244 Iwo;
447 2198 460 2213 ·

1923 2179 2035 2233 lum
2074 2180 2260 2234 saeculi
2290 2193 2303 2231 :

312 2273 396 2326 19.
438 2274 516 2325 Τὰ
544 2270 786 2343 κρίματα
809 2271 1013 2344 Κυρίου
1040 2269 1291 2340 ἀληθινὰ,
1316 2269 1706 2340 δεδικαιωμένα
1729 2271 1821 2323 ἐπὶ

2000 2271 2085 2324 19.
2141 2268 2356 2324 Judieia
2404 2268 2621 2324 Domini
2664 2284 2817 2335 vera,
2853 2269 3156 2340 iustiﬁcata
3190 2270 3247 2325 in
3292 2278 3496 2326 semet-

230 2364 301 2419 τὸ
332 2363 494 2419 αὑτὸ-

1922 2362 2042 2433 ipsa
2078 2378 2092 2415 :

311 2456 397 2509 20.
427 2455 766 2527 Ἐπιθυμητὰ
797 2456 936 2527 ὑπὲρ
970 2453 1194 2527 χρυσίον
1228 2454 1320 2507 καὶ¹
1350 2452 1495 2506 λίθον
1523 2452 1699 2523 τίμιον
1723 2470 1820 2505 πο-

1997 2452 2088 2507 20.
2122 2451 2513 2508 Desiderabilia
2551 2467 2715 2523 super
2750 2466 2970 2519 aurum,
3014 2463 3069 2509 et
3108 2452 3344 2523 lapidem
3372 2468 3496 2525 pre-

232 2544 375 2599 λύν·

1925 2545 2127 2599 tiosum
2157 2545 2389 2597 multum
2421 2559 2435 2597 :

313 2638 401 2693 21.
444 2640 554 2692 Καὶ
583 2637 894 2709 γλυκύτερα
931 2638 1072 2711 ὑπὲρ
1102 2637 1222 2709 μέλι
1258 2636 1353 2690 καὶ
1385 2636 1595 2708 κηρίον.

1582 2677 1595 2690 .
1980 2637 2083 2690 ει.
2117 2635 2185 2689 Ει
2212 2636 2452 2691 dulciora
2492 2651 2652 2707 super
2690 2638 2799 2693 mel
2829 2648 2883 2694 et
2906 2637 3112 2694 favum.

314 2734 401 2787 22.
443 2736 552 2787 Καὶ
578 2735 685 2805 γὰρ
707 2736 736 2788 6
763 2733 945 2797 δοῦλός
978 2750 1072 2787 σου
1102 2733 1363 2803 φυλάσσει
1401 2732 1569 2786 αὑτά⁶

1996 2730 2087 2783 2%.
2140 2728 2357 2783 Etenim
2390 2744 2583 2785 servus
2617 2739 2744 2787 tuus
2777 2733 3016 2787 custodit
3049 2747 3113 2787 ea
3141 2750 3155 2788 :

1370 2911 1748 2967 ATHANASII
1791 2911 2375 2969 INTERPRETATIO.

315 3094 368 3149 6.
408 3094 501 3156 Εἰς
547 3093 653 3145 πᾶν
693 3091 843 3155 ἔθνος
878 3091 972 3144 καὶ
1010 3091 1169 3160 γένος
1200 3090 1410 3161 διεδόθη
1440 3091 1472 3161 ἡ
1505 3090 1825 3144 διδασκαλία

2000 3093 2051 3146 6.
2110 3091 2167 3145 In
2202 3106 2393 3147 omnes
2419 3100 2627 3162 gentes,
2657 3109 2720 3148 ac
2747 3093 2999 3150 nationes
3032 3110 3223 3152 eorum
3257 3097 3500 3155 doctrina

234 3186 446 3244 αὐτῶν.

1927 3184 2286 3239 disseminata
2318 3193 2420 3239 est.

316 3278 367 3333 7.
409 3277 520 3331 Καὶ
562 3276 827 3346 περιῆλθε
871 3275 940 3330 τὰ
991 3276 1213 3347 ῥήματα
1275 3272 1473 3340 αὐτῶν,
1506 3273 1634 3327 ἔνθα
1678 3276 1823 3330 ἐστὶν

1999 3277 2050 3331 7.
2110 3276 2175 3331 Et
2207 3277 2370 3332 verba
2415 3292 2605 3332 eorum
2642 3288 3008 3347 pervenerunt
3059 3281 3503 3355 ubicunquater-

233 3373 527 3443 ἅνθρωπος
565 3370 655 3423 ἐπὶ
684 3369 785 3439 τῆς
820 3370 941 3439 γῆς.

1924 3387 2108 3425 rarum
2144 3373 2391 3427 homines
2434 3381 2580 3427 sunt.

314 3462 368 3516 8.
397 3462 485 3514 Ἐν
513 3459 592 3529 τῷ
615 3459 727 3530 Υἱῷ
756 3458 908 3511 ἔθετο
933 3459 1060 3523 τοὺς
1085 3458 1329 3524 πιστούς.

1265 3458 1329 3524 ἲς.
1993 3466 2047 3519 8.
2084 3464 2299 3520 Fideles
2337 3466 2391 3518 in
2422 3465 2559 3520 Filio
2591 3466 2796 3535 posuit.

312 3558 365 3613 9.
393 3557 450 3610 '0
480 3556 641 3620 αὐτὸς
672 3556 875 3627 Κύριος
903 3557 968 3608 ὲκ
995 3553 1088 3606 τοῦ
1119 3550 1347 3623 οὐρανοῦ
1377 3552 1687 3623 ἐρχόμενος.

1518 3568 1687 3621 μενος.
1992 3555 2047 3610 9.
2092 3556 2211 3624 Ipse
2242 3556 2507 3612 Dominus
2558 3573 2588 3611 e
2629 3558 2770 3611 coelo
2804 3557 3049 3613 veniens.

317 3648 404 3702 10.
444 3649 555 3719 Τὴν
589 3647 887 3719 παρουσίαν
913 3645 1073 3700 αὐτοῦ
1105 3643 1380 3715 σημαίνει.

2008 3646 2094 3699 10.
2136 3648 2440 3701 Adventum
2477 3663 2638 3701 suum
2688 3648 2978 3717 significat.

316 3742 549 3796 11.”οτε
582 3740 790 3793 ἔκλινεν
813 3740 1095 3810 οὐρανοὺς,
1127 3737 1221 3791 καὶ
1255 3736 1481 3808 κατέϐη.

2003 3741 2086 3792 ll.
2122 3740 2352 3805 Quando
2388 3739 2670 3795 inclinavit
2708 3740 2899 3803 cmlos,
2934 3750 2988 3794 et
3012 3741 3309 3800 descendit.

318 3833 405 3887 12.
447 3832 557 3903 Τὴν
590 3832 772 3885 ἄνοδον
802 3830 968 3885 αὑτοῦ
1001 3831 1169 3899 λέγει.

2004 3835 2090 3888 12.
2141 3835 2531 3888 Ascensionem
2568 3848 2723 3888 suam
2764 3835 3056 3904 significat.

317 3924 403 3979 15.
444 3924 556 3994 Τὴν
592 3924 774 3978 πίστιν
811 3923 996 3978 αὑτοῦ.

927 3923 996 3978 )5.
2002 3926 2088 3980 15.
2124 3925 2168 3977 Α
2201 3924 2304 3979 ﬁde
2338 3940 2458 3979 sua.

319 4014 403 4069 14.
430 4013 490 4067 '0
532 4014 659 4075 Υἱὸς
691 4013 784 4067 τοῦ
827 4014 964 4066 Θεοῦ
1010 4010 1415 4082 ἀναμάρτητος,
1444 4011 1521 4073 ὡς
1550 4009 1682 4074 Θεὸς
1711 4010 1828 4061 ἐπι-

1998 4016 2085 4068 14.
2143 4015 2312 4070 Filius
2346 4014 2439 4068 Dei
2468 4013 2858 4084 impcccabilis,
2906 4022 2966 4067 ut
2995 4014 3135 4069 Deus
3179 4023 3506 4072 convertens

241 4107 497 4176 στρέφων
528 4108 591 4159 ἐκ
624 4106 848 4169 σκότους
880 4106 977 4167 τὰς
1007 4104 1183 4174 ψυχὰς
1208 4103 1315 4156 τῶν
1344 4102 1643 4175 ἀνθρώπων
1670 4105 1772 4166 είςι

1990 4107 2227 4162 tenebris
2266 4106 2480 4161 animas
2518 4106 2801 4159 hominum
2844 4106 2896 4158 in
2929 4106 3311 4161 admirabilem
3351 4124 3505 4165 suam

238 4199 364 4270 φῶς
396 4199 560 4252 αὑτοῦ
595 4199 655 4251 τὸ
683 4197 1015 4268 θαυμαστόν.

595 4199 655 4251 τὸ
683 4197 1015 4268 θαυμαστόν.
1928 4201 2126 4254 lucem.

320 4294 407 4347 15.
429 4292 555 4346 Ὅτε
579 4290 959 4361 ἐμαρτύρησεν
989 4290 1046 4340 ἐν
1077 4285 1155 4356 τῷ
1184 4286 1298 4357 ὄρει
1320 4287 1347 4337 6
1370 4286 1561 4355 Πατὴρ
1586 4284 1712 4355 περὶ
1738 4283 1825 4337 τοῦ

2003 4291 2087 4346 15.
2151 4290 2381 4356 Quando
2405 4289 2566 4345 Pater
2597 4289 2650 4343 in
2694 4299 2876 4345 monte
2915 4290 3294 4347 testimonium
3327 4291 3508 4361 perhi-

240 4383 379 4438 Υἱοῦ
416 4382 604 4445 αὐτοῦ,
641 4383 723 4434 ὃτι
758 4380 920 4443 αὐτὸς
954 4382 1099 4431 ἐστιν
1125 4378 1152 4429 6
1181 4376 1471 4447 μονογενὴς
1494 4375 1657 4429 αὐτοῦ
1675 4375 1769 4428 Υἱδ

1977 4383 2045 4438 uit
2088 4383 2154 4438 dc
2183 4382 2320 4437 Filio
2353 4399 2474 4447 suo,
2510 4382 2654 4453 quod
2700 4382 2818 4453 ipse
2855 4391 2940 4438 est
2990 4382 3163 4438 Filius
3208 4399 3346 4441 suus
3385 4385 3508 4440 uni-

240 4475 343 4530 καὶ
370 4473 706 4528 ἐπιστώσατο
736 4474 861 4535 τοὺς
898 4468 1144 4541 μαθητὰς
1178 4467 1365 4520 αὑτοῦ.

1856 4447 1901 4501 D
1932 4477 2166 4548 genitus,
2193 4485 2248 4530 et
2281 4447 2578 4546 discipulos
2612 4447 2739 4543 ejus
2772 4477 2825 4529 in
2860 4475 2963 4531 ﬁde
2997 4476 3365 4532 conﬁrmavit.

325 4566 408 4619 16.
453 4566 495 4618 Τ
497 4567 533 4619 ἰι
568 4563 927 4632 δικαιώματα
959 4561 1177 4629 Κυρίου
1198 4559 1348 4612 οὐδὲν
1375 4557 1585 4627 ἔχουσιν
1617 4558 1826 4620 ἑαυτοῖς

2008 4561 2093 4613 16.
2155 4559 2397 4615 Justiliw
2446 4560 2663 4614 Domini
2708 4559 2845 4613 nihil
2907 4576 3256 4630 pcrversum~
3288 4561 3509 4627 habent,

242 4657 461 4712 σκολιὸν
486 4657 608 4709 οὐδὲ
635 4673 693 4708 στ
705 4652 1092 4726 ραγγαλιῶδες,
1124 4650 1258 4703 ἀλλὰ
1288 4648 1464 4702 πάντα
1494 4646 1648 4719 ὀρθά.

1431 4666 1464 4701 α
1494 4646 1648 4719 ὀρθά.
1936 4653 2074 4707 nihil
2100 4652 2415 4715 distortum,
2449 4652 2541 4706 sed
2576 4653 2762 4705 omnia
2796 4660 2961 4707 recta.

326 4754 410 4807 17.
437 4753 499 4805 Ἦ
547 4750 732 4820 ἐντολὴ
766 4749 971 4820 Κυρίου
1020 4746 1254 4818 καθαρὰ,
1290 4742 1514 4813 ἰωμένη,
1555 4742 1649 4794 καὶ
1694 4740 1831 4811 λαμ-

2011 4744 2099 4800 17.
2150 4744 2354 4799 Purum
2386 4753 2471 4799 est
2501 4744 2820 4798 mandatum
2848 4742 3066 4799 Domini
3100 4758 3324 4805 sanans,
3354 4751 3407 4796 et
3447 4742 3508 4796 il-

243 4846 531 4919 πρύνουσα
562 4844 687 4905 τοὺς
710 4841 1022 4911 ὀφθαλμοὺς
1048 4837 1156 4891 τῶν
1183 4835 1441 4907 καρδιῶν.

1096 4837 1156 4889 ὒν
1183 4835 1441 4907 καρδιῶν.
1938 4836 2178 4891 lustrans
2203 4836 2394 4890 oculos
2425 4835 2627 4890 cordis.

326 4936 410 4991 l8.
430 4934 599 4988 Ἔνθα
632 4934 662 4987 6
690 4931 851 5002 φόϐος
882 4929 1109 5001 Κυρίου,
1138 4926 1300 4996 ἁγνὸς
1335 4926 1539 4986 ἐκεῖνος
1564 4924 1593 4976 6
1623 4921 1829 4993 ἄνθρω-

2011 4930 2097 4985 18.
2157 4926 2259 4985 Ubi
2308 4936 2394 4983 est
2446 4928 2611 4982 timor
2644 4927 2880 4994 Domini,
2917 4942 3089 4998 purus
3131 4936 3317 4982 manet
3346 4926 3512 4983 homo

244 5043 353 5089 πος
383 5024 627 5095 διαμένει
652 5022 748 5076 καὶ
770 5023 830 5074 ἐν
854 5019 933 5090 τῷ
951 5018 1045 5071 νῦν
1075 5018 1170 5071 καί
1197 5019 1255 5070 ἐν
1274 5015 1353 5085 τῷ
1380 5013 1627 5086 μέλλοντι
1650 5012 1825 5066 αἰῶνι·
1936 5022 2045 5086 ille,
2072 5028 2127 5077 et
2152 5021 2205 5073 in
2233 5020 2489 5090 praesenti
2518 5029 2573 5075 et
2602 5020 2657 5074 in
2691 5018 2879 5076 futuro
2903 5021 3122 5076 sacculo.

325 5118 409 5175 19.
450 5117 533 5169 Τὰ
561 5112 907 5184 θεσπίσματα
936 5109 1034 5165 τοῦ
1066 5107 1272 5181 Κυρίου
1302 5104 1506 5175 ἀψευδῆ
1543 5121 1829 5175 μεμαρτυ-

2074 5124 2096 5163 ι.
2149 5107 2382 5163 Oracula
2408 5107 2625 5162 Domini
2658 5109 2778 5164 sine
2808 5110 3095 5165 mendacio
3121 5117 3175 5164 et
3200 5107 3513 5167 testiﬁcata.
3603 5130 3605 5132 ·

248 5210 485 5283 ρημένα,
514 5210 595 5262 ὅτι
644 5207 775 5261 αὐτὸ
818 5204 976 5259 τοῦτό
1018 5204 1167 5256 ἐστιν
1197 5201 1225 5254 ὃ
1257 5198 1499 5267 λέγουσι,
1553 5197 1645 5250 καὶ
1681 5197 1779 5250 οὐδὲ

1981 5201 2079 5257 uod
2108 5202 2211 5255 hoc
2249 5200 2425 5270 ipsum
2451 5208 2557 5263 est,
2587 5200 2735 5270 quod
2760 5201 3070 5268 enuntiant,
3100 5209 3157 5254 et
3178 5200 3312 5254 nihil
3342 5198 3512 5262 aliud,

245 5304 470 5374 ἕτερον’
501 5301 613 5355 εἴτε
640 5300 768 5371 περὶ
800 5299 900 5369 τῆς
932 5294 1374 5367 μισθαποδοσίας,
1407 5291 1517 5345 εἴτε
1555 5291 1684 5362 περὶ
1714 5307 1776 5363 κρ

1986 5310 2049 5349 ve
2096 5294 2165 5347 de
2190 5291 2458 5347 mercedis
2484 5293 2867 5358 retributione,
2920 5297 3034 5348 sive
3073 5291 3141 5346 de
3183 5290 3393 5361 judicio
3448 5292 3511 5343 lo-

246 5411 390 5459 σεως
415 5392 750 5465 διηγοῦνται.

664 5409 750 5447 ται.
1936 5396 2195 5456 quantur.

321 5487 409 5542 20.
454 5488 579 5550 Τοῖς
603 5482 922 5555 ἐκζητοῦσιν
948 5479 1137 5535 ταῦτα.

2011 5472 2099 5526 εο.
2150 5469 2575 5541 Exquirentihus
2603 5471 2737 5527 haec.

321 5576 410 5632 2i.
450 5577 575 5640 Τοῖς
602 5574 874 5629 συνιοῦσιν
905 5571 1063 5628 αὐτὰ.

2013 5564 2106 5618 21.
2166 5560 2601 5632 lntelligentibus
2635 5563 2778 5632 ipsa.

322 5669 413 5724 22.
438 5670 499 5724 '0
526 5667 708 5730 δοῦλός
742 5684 834 5720 σου
864 5664 1125 5737 ὑπάρχων
1154 5662 1414 5733 φυλάσσει
1448 5658 1607 5716 αὐτὰ.

2014 5655 2107 5710 22.
2163 5654 2267 5721 Qui
2301 5667 2493 5709 servus
2524 5661 2653 5711 tuus
2681 5664 2782 5723 est,
2815 5652 3050 5710 custodit
3084 5668 3168 5708 ea.

495 5786 771 5846 Parnoc.
825 5783 944 5844 Gn.
1005 5782 1269 5842 XXVII.
3117 5770 3196 5830 23
