3878 6218
392 268 499 320 Ἧδ
1224 262 1281 317 S.
1319 260 1693 318 ATHANASII
1731 258 1879 315 OPP.
1919 258 2104 314 PARS
2144 258 2229 314 Ill.
2269 286 2339 300 --
2374 256 2795 312 EXEGETICA.
3535 255 3646 311 716

463 389 554 446 25.
606 387 663 444 ln
697 384 1068 444 custodiendis
1096 385 1206 441 illis
1228 385 1520 441 retributio
1550 384 1742 439 multa.
1983 416 1994 445 λ

1984 390 2030 445 Α
2124 382 2212 437 25.
2242 382 2328 434 Ἐν
2352 380 2429 451 τῷ
2453 380 2746 449 φυλάσσειν
2774 377 2912 433 αὐτὰ
2940 376 3293 439 άνταπόδοσις
3323 375 3515 449 πολλή.

457 480 550 536 24.
592 478 799 535 Delicta
844 478 966 548 quis
1000 476 1291 545 intelligit?

2130 474 2219 527 24.
2260 473 2687 543 Παραπτώματα
2715 472 2797 534 τίς
2830 472 3082 541 συνήσει;

453 573 553 627 25.
589 572 672 627 Ab
696 570 926 627 occultis
954 568 1091 624 meis
1116 568 1320 622 munda
1351 582 1439 622 me
1467 585 1480 622 :

2130 564 2221 618 25.
2249 564 2343 615 Ἐκ
2373 564 2481 614 τῶν
2513 560 2759 631 κρυφίων
2788 576 2887 629 μου
2922 558 3217 629 καθάρισόν
3253 574 3318 628 με
3339 575 3351 590 ·

460 664 549 716 26.
586 663 653 716 Et
681 663 748 716 ab
778 660 970 715 alienis
1003 675 1165 730 parce
1204 674 1366 713 servo
1398 668 1512 713 tuo.

2131 656 2220 709 26.
2262 655 2370 708 Kal.
2400 654 2506 707 ἀπὸ
2534 653 2826 725 ἀλλοτρίων
2856 654 3037 720 φεῖσαι
3065 650 3156 703 τοῦ
3194 650 3377 704 δούλου
3416 667 3525 706 σου.

462 753 552 806 27.
590 751 648 804 Si
686 750 792 804 mei
821 765 930 805 non
966 748 1169 804 fuerint
1195 749 1482 815 dominati,
1517 754 1648 801 tunc
1695 746 1963 800 immacu-

2133 747 2223 801 27.
2251 746 2372 799 Ἐὰν
2402 747 2475 817 μή
2503 763 2602 816 μου
2630 744 3115 815 κατακυριεύσωσι,
3133 744 3255 795 τότε
3275 743 3504 815 ἄμωμος
3525 743 3648 796 ἔσο-

396 844 536 895 latus
564 856 659 896 ero
691 859 704 894 :
1624 885 1631 893 .

631 856 659 895 0
691 859 704 894 :
1624 885 1631 893 .
2068 857 2162 910 μαι

460 934 550 988 28.
587 932 655 986 Et
688 932 1028 988 emundabor
1066 948 1098 986 a
1133 931 1333 987 delicto
1366 931 1627 985 maximo.

2132 931 2223 985 28.
2262 932 2371 983 Kal
2400 929 2872 1000 καθαρισθήσομαι
2901 928 3007 981 ἀπὸ
3039 926 3313 998 ἁμαρτίας
3341 926 3605 997 μεγάλης.

463 1024 553 1079 29.
596 1022 662 1079 Et
690 1033 851 1078 erunt
891 1032 953 1078 ut
984 1025 1357 1095 eomplaceant
1400 1024 1617 1093 eloquia
1663 1022 1778 1077 oris
1810 1020 1961 1076 mei:

2135 1024 2225 1077 29.
2266 1022 2376 1076 Kal.
2410 1022 2619 1076 ἔσονται
2646 1023 2725 1084 εἰς
2754 1020 3000 1074 εὐδοκίαν
3029 1020 3096 1071 τὰ
3119 1020 3275 1088 λόγια
3307 1018 3402 1070 τοῦ
3439 1020 3645 1089 στόμα-

2066 1115 2157 1179 τος
2187 1133 2284 1184 μου

471 1206 559 1261 50.
626 1205 693 1260 Et
724 1205 1006 1260 meditatio
1054 1204 1238 1260 cordis
1284 1206 1394 1260 mei
1445 1206 1499 1260 in
1546 1216 1839 1277 conspectu
1872 1215 1966 1264 tuo

2137 1206 2224 1259 50.
2265 1205 2373 1259 Καὶ
2418 1207 2450 1275 ἡ
2500 1203 2696 1275 μελέτη
2743 1205 2841 1273 τῆς
2883 1202 3109 1273 καρδίας
3152 1220 3252 1273 μου
3282 1202 3512 1257 ἐνώπιόν
3549 1216 3652 1253 σου

398 1314 629 1367 semper.

2067 1298 2374 1361 διαπαντός.
2962 1349 2966 1359 η

470 1393 557 1446 51.
613 1390 843 1445 Domine
873 1389 1090 1460 adjutor
1116 1404 1293 1453 meus,
1332 1399 1388 1445 et
1418 1390 1729 1461 redemptor
1786 1408 1963 1448 meus.

1824 1408 1963 1448 reus.
2135 1395 2221 1448 51.
2266 1394 2436 1465 Κύριε
2474 1391 2631 1463 βοηθέ
2668 1409 2788 1463 μου,
2824 1393 2917 1445 καὶ
2949 1376 3197 1462 λυτρωτά
3235 1407 3355 1461 μου.

558 1527 626 1581 In
653 1527 829 1596 ﬁnem,
880 1525 1114 1595 psalmus
1155 1525 1345 1581 David.
1386 1524 1595 1581 PSAL.
1647 1525 1805 1581 XIX.

2170 1531 2273 1594 Εἰς
2305 1528 2370 1581 τὸ
2402 1528 2593 1593 τέλος,
2623 1525 2864 1596 ψαλμὸς
2885 1524 2965 1591 τῷ
2995 1524 3189 1579 Δαϐίδ.
3221 1526 3394 1578 ΨΑΑ.
3422 1524 3532 1578 ΙΘν.

472 1663 523 1713 1.
561 1658 829 1713 Exaudiat
870 1667 920 1713 te
953 1656 1218 1713 Dominus
1262 1658 1317 1712 in
1346 1658 1433 1713 die
1472 1659 1845 1715 tribulationis
1876 1676 1892 1713 :

2138 1660 2190 1713 1.
2219 1658 2542 1712 Ἐπακούσαι
2573 1677 2664 1712 σου
2691 1658 2895 1731 Κύριος
2918 1661 2973 1711 ἐν
2998 1660 3181 1730 ἡμέρᾳ
3211 1657 3443 1727 θλίψεως
3462 1672 3475 1685 ·

469 1749 523 1803 2.
557 1749 811 1820 Protegat
843 1756 896 1804 te
926 1763 1125 1802 nomen
1185 1747 1279 1802 Dei
1309 1746 1495 1803 Jacob.
1997 1744 2000 1798 ξ

2137 1752 2190 1805 2.
2218 1752 2619 1824 ’Υπερασπίσαι
2659 1769 2749 1804 σου
2784 1752 2843 1804 τὸ
2866 1752 3035 1823 ὄνομα
3063 1751 3156 1805 τοῦ
3187 1750 3322 1804 Θεοῦ
3360 1748 3572 1803 Ἰακὼὁ.

471 1843 524 1896 5.
558 1840 733 1897 Mittat
766 1841 862 1895 tibi
896 1841 1161 1895 auxilium
1192 1842 1259 1896 de
1290 1852 1480 1897 sancto
1508 1861 1520 1895 :

2140 1847 2191 1901 5.
2221 1845 2624 1910 Ἐξαποστείλαι
2655 1863 2735 1897 σοι
2768 1844 3014 1916 βοήθειαν
3045 1844 3104 1908 ἐξ
3136 1843 3321 1913 ἁγίου·

469 1934 526 1988 4.
556 1932 625 1987 Ει
658 1933 725 1988 de
752 1933 884 1987 Sion
916 1942 1133 1988 tueatur
1175 1943 1246 1988 te.

2141 1939 2193 1991 4.
2236 1939 2345 1991 Kal.
2376 1939 2441 1990 ἐκ
2474 1936 2612 1990 Σιὼν
2640 1937 2976 1991 ἀντιλάϐοι-τό
3008 1950 3120 1989 σου⁶

472 2028 525 2081 5.
558 2025 765 2081 Memor
788 2025 858 2080 sit
885 2026 1064 2080 omnis
1094 2025 1348 2079 sacriﬁcii
1377 2026 1452 2079 tui
1483 2042 1496 2079 :

2144 2032 2196 2085 5.
2238 2030 2519 2100 Μνησθείη
2558 2030 2738 2099 πάσης
2771 2029 2960 2092 θυσίας
2995 2047 3085 2082 σου
3107 2046 3119 2059 ·

467 2117 521 2171 6.
561 2115 626 2170 Et
658 2114 1037 2169 holocaustum
1070 2123 1223 2169 tuum
1252 2114 1451 2183 pingue
1480 2112 1595 2167 ﬁat.

2144 2121 2195 2175 6.
2238 2122 2348 2174 Καὶ
2372 2121 2433 2173 τὸ
2456 2119 2812 2189 ὀλοκαύτωμά
2834 2137 2927 2171 σου
2956 2118 3217 2171 πιανάτω.

476 2208 531 2265 7.
566 2208 794 2263 Tribuat
828 2208 924 2262 tibi
963 2207 1259 2263 secundum
1302 2221 1397 2260 eor
1425 2214 1575 2259 tuum
1612 2226 1626 2260 :

2145 2214 2198 2266 7.
2237 2212 2355 2283 Δῴη
2394 2230 2472 2265 σοι
2505 2211 2707 2282 Κύριος
2740 2210 2880 2264 κατά
2904 2212 3000 2281 τὴν
3030 2210 3254 2282 καρδίαν
3284 2226 3375 2261 σου

466 2302 522 2355 8.
558 2300 622 2355 Et
648 2314 810 2355 omne
839 2298 1126 2356 consilium
1152 2308 1307 2353 tuum
1344 2297 1648 2352 conﬁrmet.

2142 2308 2194 2361 8.
2239 2307 2348 2358 Καὶ
2376 2306 2553 2358 πᾶσαν
2584 2304 2682 2374 τὴν
2713 2304 2907 2375 βουλήν
2940 2321 3033 2357 σου
3064 2301 3365 2373 πληρώσαι.

475 2390 529 2445 9.
566 2390 895 2446 Laetabimur
937 2392 990 2443 in
1023 2388 1246 2444 salutari
1280 2396 1374 2441 tuo
1403 2404 1417 2440 :

2141 2398 2195 2453 9.
2224 2394 2692 2465 Ἀγαλλιασὸμεθα
2723 2395 2815 2448 ἐπὶ
2842 2394 2919 2465 τῷ
2952 2394 3203 2465 σωτηρίῳ
3238 2410 3328 2446 σου
3350 2408 3363 2421 ·

438 2520 441 2523 ι
475 2482 562 2537 10.
596 2482 669 2538 Ει·
692 2483 744 2537 in
772 2482 993 2538 nomine
1020 2482 1114 2537 Dei
1140 2482 1313 2539 nostri
1342 2478 1827 2551 magniﬁcabimur.

2142 2487 2227 2542 10.
2262 2489 2370 2540 Καὶ
2406 2488 2463 2540 ὲν
2503 2486 2726 2557 ὀνόματι
2771 2470 2975 2557 Κυρίου
3006 2485 3139 2538 Θεοῦ
3178 2484 3336 2556 ἡμῶν
3386 2482 3653 2554 μεγαλυνο

2074 2579 2370 2652 θησόμεθα.

1521 2745 1901 2802 ATHANASH
1942 2744 2531 2801 INTERPRETATIO.

475 2932 569 2988 25.
635 2930 698 2985 In
761 2925 1042 2984 servandis
1098 2924 1207 2978 illis
1257 2921 1489 2992 quisque
1556 2929 1805 2977 nostrum
1868 2933 1965 2991 pro

2141 2916 2233 2973 25.
2259 2918 2346 2970 Ἐν
2372 2916 2449 2987 τῷ
2482 2918 2702 2988 κρατεῖν
2732 2915 2871 2969 αὐτὰ
2898 2913 3126 2970 ἕκαστον
3157 2913 3334 2986 ἡμῶν,
3362 2912 3653 2967 ἀνταπόδο-

407 3024 655 3082 mereede
686 3022 849 3077 habet
878 3019 1043 3074 vitam
1078 3025 1356 3072 aeternam.

1355 3059 1356 3063 η
2074 3026 2158 3063 σιν
2193 3009 2304 3079 ἔχει
2338 3008 2482 3079 ζωὴν
2512 3007 2886 3078 ἀτελεύτητον.

478 3118 573 3172 24.
619 3113 817 3170 Cordis
856 3109 1231 3181 cogitationes.
1996 3135 2009 3188 γ

1996 3132 2039 3191 C
2141 3099 2231 3152 24.
2272 3100 2409 3162 Τοὺς
2434 3101 2491 3152 ἐν
2520 3101 2587 3169 τῇ
2618 3099 2813 3171 καρδίᾳ
2838 3097 3149 3169 λογισμούς.

469 3208 566 3262 25.
602 3204 678 3261 De
704 3203 897 3259 iisdem
935 3198 1354 3269 cogitationibus
1388 3197 1655 3267 loquitur.

1570 3213 1655 3252 ur.
2140 3190 2230 3245 25.
2274 3190 2393 3243 Τῶν
2428 3191 2606 3244 αὐτῶν
2631 3191 2903 3261 λογισμῶν
2934 3192 3099 3259 λέγει.

466 3299 563 3355 26.
614 3296 697 3351 Ab
730 3293 1041 3349 incursibus
1068 3291 1278 3346 inimici
1303 3290 1472 3346 libera
1504 3304 1611 3344 me.

2141 3282 2231 3338 26.
2275 3281 2395 3335 Τῶν
2427 3282 2683 3339 εἰσϐολῶν
2709 3284 2802 3336 τοῦ
2832 3283 3026 3355 ἐχθροῦ
3059 3283 3220 3355 ῥῦσαί
3251 3301 3341 3355 με.

459 3389 567 3445 27.
625 3385 1029 3457 Cogitationes,
1063 3383 1159 3439 ait.

2138 3376 2227 3429 27.
2272 3378 2334 3429 Οί
2358 3377 2628 3449 λογισμοὶ,
2659 3376 2823 3445 λέγει.

458 3480 567 3534 :28.
598 3477 665 3531 Et
691 3493 722 3530 a
752 3474 951 3531 diaboli
978 3471 1347 3529 dominatione
1375 3469 1724 3526 sublevabor.

2138 3466 2230 3521 28.
2270 3468 2381 3519 Kal.
2409 3467 2844 3538 κουφισθήσομαι
2875 3467 2974 3538 τῆς
2997 3467 3314 3531 δυναστείας
3339 3466 3433 3520 τοῦ
3467 3467 3654 3521 διαϐό⁴

2073 3556 2189 3611 λου.

476 3656 566 3712 29.
614 3654 800 3709 Oratio
832 3667 975 3716 mea,
1011 3650 1208 3720 inquit.

2143 3647 2232 3700 29.
2262 3645 2327 3699 Ἡ
2353 3646 2482 3717 εὐχή
2521 3664 2642 3717 μου,
2674 3647 2843 3716 λέγει.

476 3750 565 3804 50.
614 3746 682 3801 Et
730 3744 1060 3800 desiderium
1093 3740 1275 3796 cordis
1321 3739 1431 3795 mei
1486 3737 1543 3792 in
1588 3735 1706 3807 lege
1742 3744 1835 3791 tua
1882 3736 1971 3790 die

2143 3738 2232 3792 50.
2274 3739 2385 3791 Καὶ
2414 3741 2448 3809 ἡ
2474 3739 2737 3809 ἐπιθυμία
2769 3740 2868 3810 τῆς
2906 3738 3127 3811 καρδίας
3168 3754 3268 3809 μου
3293 3737 3363 3811 [ὲν
3388 3736 3466 3808 τῷ
3498 3735 3654 3807 νόμῳ

404 3854 469 3896 ac
495 3846 673 3894 nocte.

2076 3847 2167 3883 σου
2200 3830 2410 3901 ἡμέρας
2439 3831 2532 3883 καὶ
2565 3832 2774 3894 νυκτός.

472 3931 559 3986 51.
594 3930 842 3992 Domine,
884 3927 978 3996 qui
1012 3922 1259 3980 defendis
1301 3932 1355 3976 et
1398 3920 1599 3976 liberas
1647 3935 1733 3975 me
1768 3933 1801 3973 a
1853 3918 1969 3973 dia-

2144 3923 2231 3975 51.
2273 3922 2465 3992 Κύριε,
2484 3924 2511 3975 ὁ
2531 3923 2917 3993 ἀνθιστάμενος
2946 3924 3039 3976 καὶ
3063 3922 3422 3994 λυτρούμενός
3450 3939 3519 3993 με
3539 3921 3654 3976 ἀπὸ

397 4023 549 4091 .bolo,
577 4030 631 4079 et
662 4018 925 4076 ministris
949 4017 1089 4088 ejus.

2079 4014 2172 4067 τοῦ
2194 4014 2458 4082 διαϐόλου,
2489 4016 2580 4069 καὶ
2606 4016 2712 4068 τῶν
2739 4016 3026 4088 ὑπουργῶν
3058 4014 3242 4069 αὐτοῦ.

486 4158 552 4212 Ἡ
584 4155 913 4229 προκειμένη
942 4154 1217 4225 ἐπιγραφὴ
1244 4152 1484 4223 περιέχει
1509 4168 1523 4183 ·
1556 4154 1659 4218 Εἰς
1695 4152 1760 4205 τὸ
1785 4151 1975 4218 τέλος,
2000 4154 2239 4224 ψαλμὸς
2260 4152 2338 4219 τῷ
2366 4154 2560 4207 Δαϐίδ.
2595 4153 2764 4207 Τοῦτο
2794 4153 2961 4221 λέγει,
2991 4153 3019 4206 δ
3051 4154 3178 4225 περὶ
3206 4154 3307 4225 τῆς
3336 4154 3652 4219 συντελείας

404 4248 496 4304 τοῦ
526 4248 721 4311 αἰῶνος
754 4246 989 4317 εἴρηται.

474 4338 687 4394 Titulus
729 4336 1051 4407 praepositus
1080 4336 1320 4390 continet
1351 4352 1363 4387 :
1404 4332 1468 4385 1η
1510 4334 1689 4401 ﬁnem,
1717 4334 1955 4401 psalmus
1992 4333 2189 4388 David.
2221 4333 2335 4391 Hoc
2365 4346 2547 4391 autem
2580 4334 2869 4406 signiﬁcat,
2901 4333 3047 4405 quod
3074 4331 3141 4387 de
3171 4333 3648 4388 consummatione

396 4429 587 4488 saeculi
614 4428 859 4499 psalmus
883 4426 1060 4481 dictus
1097 4433 1201 4479 est.

474 4547 527 4611 1,
557 4544 612 4598 2.
666 4542 785 4613 lpse
811 4542 955 4597 enim
990 4542 1164 4596 dixit:
1198 4540 1394 4595 Invoca
1424 4559 1502 4595 me
1537 4543 1593 4595 in
1619 4543 1704 4595 die
1742 4542 1966 4596 tribula—
1998 4546 2005 4600 l

2144 4545 2195 4607 1,
2219 4543 2272 4597 2.
2314 4543 2488 4606 Αὐτὸς
2512 4542 2617 4613 γὰρ
2642 4537 2793 4595 εἶπεν
2814 4558 2827 4573 ·
2865 4540 3254 4595 Ἐπικάλεσαί
3271 4558 3346 4610 με
3364 4542 3433 4594 ἐν
3458 4541 3652 4611 ἡμέρᾳ

400 4638 563 4694 tionis
598 4647 724 4701 luce,
755 4647 804 4689 et
841 4651 1022 4689 eruunt
1054 4646 1120 4697 te,
1153 4643 1201 4687 et
1242 4633 1563 4704 gloriﬁcabis
1590 4652 1666 4688 me
1689 4635 1755 4687 ’⁷.

2117 4635 2332 4703 λὶψεώς
2369 4650 2505 4699 σου,
2532 4634 2630 4686 καὶ
2657 4634 2975 4704 ἐξελοῦμαί
2999 4651 3091 4701 σε,
3122 4635 3218 4689 καί
3246 4632 3527 4701 δοξάσεις
3544 4650 3648 4704 με.

473 4731 526 4782 5.
558 4727 757 4782 Filium
784 4727 926 4796 ejus.

2143 4728 2195 4780 5.
2239 4727 2340 4779 Τὸν
2368 4726 2493 4778 Υἱὺν
2532 4725 2716 4780 αὑτοῦ.

464 4819 595 4875 LE
639 4820 778 4873 coelo
838 4818 1127 4888 signiﬁcat.
1187 4817 1317 4872 Sion
1372 4818 1518 4872 enim
1577 4817 1963 4888 interpretatur

2139 4816 2193 4869 4.
2226 4817 2318 4869 Ἐκ
2348 4815 2442 4868 τοῦ
2486 4816 2543 4868 οὐ
2556 4814 2712 4885 ρανοῦ
2761 4815 2927 4883 λέγει.
2975 4814 3126 4869 Σιὼν
3153 4816 3260 4886 γὰρ
3287 4817 3651 4889 ἑρμηνεύεται

394 4922 576 4977 locus,
608 4911 699 4965 ubi
739 4919 823 4965 est
855 4911 1290 4966 tabernaculum.

2069 4908 2251 4973 τόπος,
2288 4909 2434 4971 ὅπως
2465 4907 2644 4979 [ὅπου]
2676 4909 2708 4977 ἡ
2750 4909 2940 4978 σκηνή.

470 5003 524 5057 5.
562 5001 771 5067 Sancti,
802 5002 999 5072 inquit.

2142 5000 2194 5053 5.
2223 4999 2426 5067 Ἀγίας,
2452 4999 2618 5067 λέγει.

469 5096 523 5146 6.
561 5093 871 5147 Sanetiﬁcet
908 5095 1167 5161 animam,
1211 5104 1263 5149 et
1295 5110 1492 5166 corpus
1522 5104 1697 5152 tuum.

2143 5091 2196 5145 6.
2224 5091 2465 5158 Ἀγιάσει
2501 5090 2771 5161 [ἁγιάσαι]
2798 5108 2891 5144 σου
2915 5090 3011 5161 τὴν
3041 5090 3237 5163 ψυχὴν,
3268 5091 3436 5144 καὶτὸ
3465 5090 3645 5162 σῶμα.

469 5187 526 5242 7.
560 5187 736 5241 Bonas
769 5196 894 5242 tuas
936 5188 1249 5258 petitiones.

2147 5184 2197 5239 7.
2239 5177 2321 5235 Τὰ
2353 5185 2628 5255 αἰτήματὰ
2656 5202 2747 5237 σου
2777 5186 2845 5238 τὰ
2879 5184 3076 5253 ἀγαθά.

462 5278 523 5332 8.
560 5276 909 5347 Propositum
951 5286 1106 5332 tuum
1150 5279 1203 5332 in
1236 5279 1434 5348 ipsum.

2144 5277 2196 5329 8.
2240 5274 2349 5345 Τὴν
2382 5275 2639 5345 πρόθεσίν
2672 5294 2761 5328 σου
2793 5276 2889 5347 τὴν
2916 5278 2995 5339 εἰς
3024 5276 3203 5330 αὐτόν.

463 5372 522 5425 9.
550 5368 612 5424 ‘ln
638 5372 758 5440 ejus
792 5386 890 5440 pro
916 5370 1074 5426 nobis
1111 5370 1365 5427 adventu.

2144 5367 2196 5419 9.
2230 5367 2316 5419 Ἐν
2346 5370 2411 5437 τῇ
2448 5367 2719 5438 παρουσίᾳ
2746 5370 2811 5439 τῇ
2849 5369 2987 5439 ὑπὲρ
3013 5367 3190 5437 ἡμῶν.

468 5462 556 5517 10.
598 5462 981 5518 Gloriabimur.

2144 5457 2227 5511 10.
2260 5459 2681 5530 Καυχησόμεθα.

470 5639 514 5671 ³⁷
560 5637 704 5696 Psal.
739 5656 883 5709 uix,
917 5641 998 5695 15.
