3878 6218
260 193 391 248 ’117
1206 200 1295 255 DE
1334 202 1608 260 TITULIS
1648 206 2095 267 PSALMORUM.
2147 245 2217 254 —
2255 211 2453 267 PSAL.
2493 205 2611 263 XX.
3418 236 3527 291 713

340 313 432 367 11.
462 314 754 385 Πληρώσαι
784 316 989 388 Κύριος
1020 318 1195 371 πάντα
1224 320 1293 372 τὰ
1325 323 1600 392 αἰτήματά
1636 341 1749 378 σου.

1886 335 1938 392 Α
2034 330 2122 384 11.
2154 330 2377 402 lmpleat
2405 335 2669 395 Dominus
2703 354 2891 397 omnes
2929 344 3215 413 petitiones
3245 357 3386 405 tuas.

341 403 431 456 12.
468 404 583 457 Νῦν
630 405 835 475 ἔγνων,
886 408 966 460 ὅτι
1015 408 1186 463 ἔσωσε
1239 412 1445 482 Κύριος
1488 414 1578 468 τὲν
1622 418 1846 488 Χριστὸν

2027 422 2113 476 12.
2146 421 2300 480 Nune
2333 430 2582 499 cognovi,
2605 432 2863 501 quoniam
2888 436 3097 490 salvum
3123 436 3250 494 fecit.
3266 439 3530 500 Dominus

264 512 463 548 αυτου·

1953 512 2232 569 Christum
2257 533 2415 572 suum
2449 538 2460 573 :

342 586 431 639 15.
480 588 873 643 Ἐπακούσεται
916 591 1081 645 αὐτοῦ
1116 591 1174 656 ἐξ
1219 594 1448 665 οὐρανοῦ
1483 597 1636 665 ἁγίου
1668 601 1851 654 αὐτοῦ·

1724 602 1851 654 ποῦ·
2024 606 2111 681 15.
2148 607 2410 665 Exaudiet
2436 613 2587 667 illum
2621 613 2687 669 de
2720 615 2859 670 coelo
2893 628 3083 673 sancto
3119 635 3255 675 suo:

341 677 432 730 14.
476 679 564 731 Ἐν
594 679 929 744 δυναστείαις
956 684 987 753 ἡ
1021 684 1263 754 σωτηρία
1288 687 1385 756 τῆς
1410 688 1586 752 δεξιᾶς
1619 691 1804 744 αὐτοῦ.

1663 691 1804 744 ὐτοῦ.
2026 678 2111 750 11.
2142 699 2201 751 In
2233 703 2587 766 potestatibus
2616 704 2766 759 salus
2795 706 3028 761 dexterae
3058 710 3194 777 ejus.

341 768 411 822 15
469 763 576 823 Οὐ-
746 773 767 786 ”
1152 770 1178 791 ⁷
1382 779 1402 794 ”

419 810 431 821 .
558 789 629 823 τοι
656 774 713 823 ἐν
743 790 970 844 αρμασι,
1003 776 1095 826 καὶ
1124 794 1267 828 ουτοι
1296 779 1352 829 ὲν
1384 797 1586 843 ιπποις·

1549 797 1586 843 ς·
2026 786 2115 840 13.
2146 786 2209 840 lli
2246 789 2298 841 in
2330 793 2601 856 curribus,
2631 803 2683 847 et
2710 794 2763 847 hi
2797 796 2851 849 in
2884 798 3039 866 equis
3068 817 3080 851 :

343 860 433 914 16.
476 861 665 932 Ἡμεῖς
692 863 749 917 δὲ
780 866 838 918 ἐν
869 865 1090 935 ὀνόματι
1119 868 1322 940 Κυρίου
1369 870 1502 923 Θεοῦ
1548 873 1701 942 ἡμῶν
1730 875 1851 927 ἐπι-

2026 880 2115 932 16.
2146 879 2255 937 Nos
2292 893 2471 938 autem
2507 885 2563 939 in
2595 888 2814 943 nomine
2855 888 3069 945 Domini
3108 890 3202 948 Dei
3237 894 3405 948 nostri
3442 894 3525 948 in-

268 952 637 1023 καλεσόμεθα.

1953 974 2288 1029 vocabimus.

342 1046 430 1099 17.
462 1047 625 1099 Αὐτοὶ
654 1047 1132 1119 συνεποδίσθησαν,
1162 1051 1252 1103 καὶ
1279 1049 1493 1104 ἔπεσον·

2028 1065 2111 1118 17.
2146 1065 2251 1134 Ipsi
2282 1068 2499 1137 obligati
2534 1080 2680 1136 sunt,
2718 1082 2771 1125 et
2802 1072 3113 1127 ceciderunt
3141 1092 3154 1129 :

342 1136 429 1190 18.
468 1138 658 1206 Ἡμεῖς
696 1138 751 1190 δὲ
779 1138 1103 1208 ἀνέστημεν,
1136 1141 1230 1192 καὶ
1255 1139 1673 1213 ἀνωρθώθημεν.

2026 1156 2112 1209 18.
2147 1155 2256 1212 Nos
2285 1167 2462 1213 autem
2493 1164 2851 1223 surreximus.
2883 1174 2936 1218 et
2960 1166 3122 1220 erecti
3147 1182 3355 1227 sumus.

342 1230 430 1283 19.
465 1228 657 1300 Κύριε,
690 1231 862 1282 σῶσον
890 1231 982 1283 τὸν
1016 1230 1256 1299 βασιλέα’

2024 1244 2112 1299 19.
2144 1244 2392 1312 Domine,
2420 1250 2627 1303 salvum
2656 1252 2741 1305 fac
2772 1268 2951 1323 regem
2981 1271 2993 1307 :

340 1319 429 1373 20.
466 1321 576 1373 Καὶ
611 1321 915 1374 ἐπάκουσον
952 1322 1129 1391 ἡμῶν,
1172 1323 1230 1375 ἐν
1338 1325 1403 1377 ἂν
1449 1325 1629 1398 ἡμέρᾳ
1661 1326 1853 1379 ἐπικα-

2025 1336 2114 1389 20.
2144 1338 2209 1392 Et
2231 1340 2425 1394 exaudi
2449 1356 2548 1395 nos
2572 1343 2625 1395 in
2649 1342 2754 1406 die,
2784 1359 2891 1412 qua
2917 1344 3351 1403 invocaverimus
3379 1359 3449 1405 te.

268 1406 558 1478 λεσώμεθά
586 1427 664 1462 σε.

388 1525 494 1586 Εἰς
524 1523 588 1575 τὸ
622 1522 817 1588 τέλος,
843 1525 1085 1594 ψαλμὸς
1115 1524 1193 1591 τῷ
1225 1525 1420 1579 Δαϐίδ.
1460 1528 1632 1580 ΨΑΛ.
1663 1532 1745 1581 Κτ.

2165 1536 2229 1591 In
2261 1540 2438 1606 finem,
2469 1541 2703 1609 psalmus
2737 1541 2930 1598 David.
2964 1543 3160 1599 PSAL.
3192 1545 3317 1599 XX.

342 1614 393 1665 1.
427 1613 619 1684 Κύριε,
656 1616 713 1666 ἐν
745 1618 809 1686 τῇ
858 1616 1081 1687 δυνάμει
1109 1634 1201 1670 σου
1239 1616 1667 1689 εὐφρανθήσεται
1697 1619 1725 1670 ὁ
1761 1618 1854 1688 βα-

1714 1619 1725 1670 5
1761 1618 1854 1688 βα·
2025 1627 2074 1680 1.
2106 1626 2350 1691 Domine,
2378 1630 2432 1683 in
2464 1630 2662 1685 virtute
2691 1641 2781 1686 tua
2811 1632 3079 1687 laetabitur
3106 1650 3198 1688 rex
3233 1648 3245 1686 :

273 1704 474 1767 σιλεύς·
1873 1691 1921 1751 Β

342 1796 397 1849 2.
427 1797 534 1849 Καὶ
558 1798 647 1849 ἐπὶ
675 1797 749 1866 τῷ
785 1799 1033 1868 σωτηρίῳ
1080 1816 1171 1852 σου
1201 1799 1582 1866 ἀγαλλιάσεται
1612 1801 1839 1870 σφόδρα.

2019 1805 2073 1858 2.
2105 1804 2169 1859 Et
2200 1821 2363 1875 super
2390 1808 2626 1861 salutare
2654 1816 2803 1862 tuum
2839 1810 3131 1865 exsultabit
3153 1812 3518 1868 vehementer.

340 1888 391 1941 5.
420 1887 529 1957 Τὴν
558 1888 852 1957 ἐπιθυμίαν
874 1892 970 1959 τῆς
998 1889 1221 1960 καρδίας
1248 1890 1409 1941 αὐτοῦ
1442 1890 1646 1953 ἔδωκας
1673 1892 1838 1960 αὐτῷ·

1684 1892 1838 1960 κύτῷ·
2020 1895 2071 1948 5.
2107 1895 2442 1950 Desiilerium
2478 1898 2659 1952 cordis
2693 1899 2811 1967 ejus
2848 1901 3083 1955 tribuisti
3120 1900 3169 1954 ei
3203 1917 3215 1952 :

341 1979 394 2032 4.
431 1979 538 2031 Καὶ
578 1979 675 2050 τὴν
708 1979 922 2048 θέλησιν
951 1980 1057 2033 τῶν
1095 1980 1314 2050 χειλέων
1353 1981 1517 2033 αὐτοῦ
1548 1983 1647 2034 οὐκ
1690 1983 1841 2035 ἐστέ-

2020 1987 2072 2042 4.
2109 1987 2175 2041 Et
2203 1988 2480 2044 voluntate
2503 1990 2768 2045 labiorum
2796 1990 2913 2060 ejus
2945 2007 3052 2046 non
3077 1993 3341 2048 fraudasti
3368 2008 3515 2049 eum.

274 2087 445 2142 ρησας
473 2070 655 2122 αὐτόν.

342 2162 395 2215 5.
438 2162 557 2215 ’Ότι
605 2162 953 2234 προέφθασας
1001 2162 1163 2215 αὑτὸν
1204 2163 1261 2215 ἐν
1302 2162 1572 2229 εὐλογίαις
1619 2167 1847 2235 χρηστό-

2017 2160 2068 2214 5.
2103 2160 2373 2226 Quoniam
2421 2165 2728 2233 praevenisti
2776 2180 2898 2219 eum
2949 2164 3004 2219 in
3051 2166 3515 2223 benedictionibus

268 2269 431 2324 τητος
449 2271 461 2282 ·
1947 2252 2250 2308 dulcedinis
2281 2273 2293 2307 :

341 2345 394 2398 6.
426 2344 663 2414 Ἔθηκας
709 2346 797 2398 ἐπὶ
833 2346 932 2417 τὴν
975 2345 1212 2415 κεφαλὴν
1265 2343 1427 2398 αὐτοῦ
1477 2343 1735 2413 στέφανον
1781 2348 1844 2399 ὲκ

2015 2343 2067 2395 6.
2117 2342 2355 2399 Posuisti
2406 2346 2461 2400 in
2526 2346 2698 2417 capite
2744 2347 2862 2417 ejus
2909 2363 3167 2403 coronam
3222 2349 3290 2406 de
3337 2350 3513 2421 lapide

267 2435 416 2489 λίθου
444 2436 645 2505 τιμίου.
1942 2435 2201 2503 pretioso.

339 2527 392 2581 7.
425 2527 575 2597 Ζωὴν
598 2527 836 2598 ᾐτήσατὸ
871 2545 949 2592 σε,
986 2528 1079 2580 καὶ
1110 2526 1313 2588 ἔδωκας
1338 2526 1483 2596 αὐτῷ
2020 2527 2069 2582 7.
2100 2526 2277 2581 Vitam
2308 2528 2461 2597 petiit
2489 2544 2519 2583 a
2546 2536 2619 2593 te,
2647 2538 2700 2584 et
2731 2530 2965 2586 tribuisti
2992 2531 3043 2587 ei

338 2618 391 2673 8.
422 2620 754 2690 Μακρὸτητα
798 2619 1017 2690 ἡμερῶν
1065 2619 1145 2681 είς
1191 2617 1382 2681 αίῶνα,
1418 2618 1512 2671 καὶ
1553 2617 1631 2680 είς
1669 2616 1838 2670 αίῶνα

2017 2617 2069 2670 8.
2102 2615 2518 2687 Longitudinem
2561 2620 2771 2675 dierum
2818 2622 2872 2676 in
2907 2622 3186 2689 saeculum,
3214 2630 3269 2677 et
3317 2623 3372 2677 in
3410 2637 3509 2677 sas-

267 2710 481 2772 αἰῶνος·

1947 2707 2127 2764 culum
2158 2708 2336 2762 saeculi
2373 2724 2385 2760 :

337 2803 391 2856 9.
422 2802 648 2874 Μεγάλη
676 2804 709 2873 ἡ
736 2802 861 2869 δόξα
885 2800 1048 2857 αὐτοῦ
1081 2804 1138 2856 ἐν
1164 2800 1241 2873 τῷ
1270 2802 1518 2873 σωτηρίῳ
1544 2812 1657 2854 σουδ

2017 2794 2070 2850 9.
2099 2793 2287 2864 Magna
2312 2806 2397 2853 est
2430 2798 2599 2870 gloria
2628 2800 2747 2870 ejus
2775 2801 2829 2856 in
2868 2802 3093 2858 salutari
3124 2812 3215 2859 tuo
3242 2820 3255 2856 ε

1397 2956 1766 3011 ATHANASII
1800 2955 2389 3013 INTERPRETATIO.

336 3113 421 3169 11.
455 3114 536 3168 Τὰ
564 3114 765 3186 ἀρεστὰ
790 3115 955 3186 αὐτῷ,
986 3117 1079 3169 καὶ
1113 3115 1193 3167 σοι
1223 3115 1585 3187 συμφέροντα.

2016 3120 2103 3175 11.
2148 3120 2281 3185 Qua:
2319 3118 2419 3187 ipsi
2450 3126 2578 3172 sunt
2603 3116 2820 3187 placita,
2848 3126 2902 3172 et
2930 3115 3023 3171 tibi
3063 3116 3233 3171 utilia.

336 3210 424 3263 12.
454 3210 557 3261 Τὸν
585 3208 710 3262 λαὸν
737 3210 898 3261 αὐτοῦ
925 3210 1088 3277 λέγει.

2012 3212 2100 3265 12.
2134 3210 2401 3281 Populum
2432 3210 2550 3279 ejus
2579 3210 2866 3279 signiﬁcat.

335 3300 422 3355 15.
454 3301 670 3369 Γνωστὴ
706 3299 854 3353 ἔσται
884 3303 915 3370 ἡ
945 3298 1093 3369 φωνὴ
1122 3297 1313 3353 ἑαυτοῦ
1345 3300 1495 3371 παρὰ
1518 3298 1595 3368 τῷ
1623 3300 1759 3370 Θεῷ.

1623 3300 1759 3370 Θεῷ.
2012 3305 2097 3359 15.
2138 3302 2319 3373 Ipsius
2351 3318 2457 3357 vox
2484 3310 2611 3355 nota
2642 3302 2748 3355 erit
2780 3302 2924 3372 apud
2960 3301 3150 3357 Deum.

333 3393 422 3447 14.
453 3392 572 3445 Τῶν
601 3393 789 3459 ἁγίων,
817 3391 986 3459 λέγει.
1860 3451 1864 3479 1

1860 3434 1903 3493 C
2012 3396 2098 3450 M.
2132 3396 2479 3459 Sanctorum,
2525 3393 2719 3463 inquit.

332 3484 421 3549 15,
449 3484 535 3538 16.
580 3484 766 3554 Ἡμεῖς
793 3483 849 3535 δὲ
877 3482 983 3554 [ἐν]
1018 3481 1095 3553 τῷ
1123 3482 1343 3552 ὀνόματι
1387 3482 1560 3552 Ἰησοῦ
1591 3482 1836 3536 ἐπικαλε-

2011 3486 2100 3549 15,
2140 3486 2224 3541 16.
2281 3484 2393 3540 Nos
2439 3493 2620 3539 autem
2677 3484 2731 3538 in
2786 3486 3009 3541 nomine
3056 3484 3184 3541 Jesu
3227 3484 3504 3541 invocabi‘.

258 3575 485 3646 σόμεθα.

1940 3594 2082 3633 mus.

332 3666 420 3718 17.
450 3666 512 3718 Οἱ
544 3666 815 3735 δαίμονες.

2010 3669 2097 3722 17.
2154 3666 2455 3721 Daemones.

330 3757 416 3810 18.
463 3757 635 3827 Ἰησοῦ
669 3755 762 3808 τοῦ
792 3754 924 3808 Θεοῦ
960 3752 1115 3824 ἡμῶν
1144 3753 1506 3824 διεγείραντος
1538 3752 1704 3823 ἡμᾶς,
1738 3751 1830 3805 καὶ

2005 3758 2092 3811 18.
2132 3757 2265 3812 Jesu
2310 3755 2421 3811 Deo
2457 3765 2645 3812 nostro
2673 3756 2973 3813 suseitante
3005 3772 3126 3823 nos,
3166 3766 3222 3812 et
3252 3767 3496 3812 sanante.

258 3850 385 3901 iacet
394 3849 574 3918 μένου.

327 3938 415 3991 19.
450 3938 551 3989 Τὸν
577 3937 705 3989 λαὸν
734 3936 902 4004 λέγει.

2006 3926 2092 3979 19.
2125 3923 2390 3993 Populum
2436 3923 2728 3993 signiﬁcat.

322 4027 412 4081 20.
464 4028 549 4080 Ἐν
576 4024 937 4097 οἱῳδηποτοῦν
964 4024 1141 4095 καιρῷ
1167 4024 1443 4095 δεηθῶμέν
1474 4040 1586 4077 σου.

2004 4017 2094 4071 20.
2142 4015 2481 4083 Quocunque
2510 4024 2752 4083 tempore
2782 4023 2831 4068 te
2857 4016 3232 4083 deprecemur.

334 4139 401 4193 'H
430 4140 760 4211 προκειμένη
795 4138 1068 4209 ἐπιγραφὴ
1097 4139 1356 4210 περιέχει·
1392 4141 1496 4204 Εἰς
1523 4138 1588 4191 τὸ
1615 4136 1806 4202 τέλος,
1837 4131 2075 4203 ψαλμὸς
2104 4130 2181 4195 τῷ
2207 4128 2401 4182 Δτιϐίδ.
2422 4127 2729 4192 Τουτέστιν,
2764 4130 2843 4191 εἰς
2877 4130 2938 4182 τὸ
2968 4130 3117 4193 τέλος
3148 4130 3257 4183 τῶν
3289 4130 3499 4185 αἰώνων

246 4234 280 4285 ὁ
316 4233 528 4303 ψαλμὸς
556 4236 766 4304 εἴρηται
791 4234 867 4303 τῷ
898 4232 1007 4303 Υίῷ
1036 4233 1125 4285 τοῦ
1150 4233 1304 4291 Θεοῦ.
1337 4234 1429 4284 καὶ
1459 4231 1533 4301 τῷ
1562 4231 1675 4301 λαῷ
1700 4230 1776 4301 τῷ
1806 4231 1944 4295 ἁγίῳ
1966 4227 2147 4281 αὐτοῦ.
2184 4224 2359 4279 Δαϐὶδ
2393 4224 2501 4294 γὰρ
2534 4222 2658 4294 [εἰς]
2686 4223 2969 4293 ἀμφότερα
2995 4224 3372 4294 ἑρμηνεύεται,
3405 4228 3499 4280 καὶ

247 4326 331 4386 εἰς
357 4324 449 4376 τὸν
473 4323 565 4376 τοῦ
595 4324 728 4376 Θεοῦ
760 4326 886 4377 Υἱὸν
918 4326 1024 4379 τὸν
1050 4326 1375 4395 ἀγαπητὸν,
1411 4328 1504 4378 καὶ
1540 4328 1619 4389 είς
1650 4326 1740 4378 τὸν
1770 4324 1896 4378 λαὸν
1920 4328 2009 4376 τὸν
2037 4322 2188 4390 ἅγιον
2213 4320 2318 4373 τὸν
2344 4317 2760 4388 πεποθημένον
2784 4320 2886 4373 ὑπὸ
2915 4320 3141 4389 Κυρίου.

322 4418 538 4474 Titulus
565 4423 889 4490 prmpositus
912 4424 1153 4478 continet
1186 4443 1198 4477 :
1233 4422 1299 4476 In
1332 4424 1508 4492 ﬁnem,
1539 4424 1777 4491 psalmus
1809 4422 2003 4476 David.
2034 4420 2147 4474 Hoc
2174 4426 2276 4483 est,
2310 4420 2456 4488 quod
2484 4419 2539 4473 in
2570 4418 2675 4472 ﬁne
2700 4415 3021 4472 saeculorum
3046 4413 3288 4482 psalmus
3315 4413 3495 4469 dictus

244 4519 331 4564 est
358 4508 452 4563 Dei
482 4510 640 4571 Filio,
676 4520 730 4565 et
760 4514 958 4581 pepulo
986 4524 1176 4569 sancto
1207 4516 1346 4584 ejus.
1377 4514 1548 4568 David
1594 4517 1739 4568 enim
1778 4513 1844 4569 de
1891 4523 2122 4581 utroque
2164 4510 2572 4579 interpretatur,
2606 4509 2751 4563 etde
2794 4506 2932 4561 Filio
2976 4504 3070 4558 Dei
3098 4503 3309 4570 dilecto,
3339 4513 3393 4559 et
3426 4504 3493 4559 de

245 4602 451 4672 populo
481 4611 670 4656 saneto
699 4602 996 4657 desiderato
1026 4620 1055 4659 a
1084 4604 1335 4660 Domino.

317 4699 370 4752 1.
413 4698 471 4750 '0
503 4698 627 4762 λαὸς
656 4700 684 4751 ὁ
716 4699 919 4764 πιστός.

1850 4704 1894 4757 D
1996 4700 2046 4753 1.
2078 4698 2317 4767 Populus
2360 4696 2547 4751 ﬁdelis.

314 4791 368 4845 2.
398 4790 487 4861 Τῷ
516 4790 732 4862 σταυρῷ
758 4809 872 4845 σου.

1992 4790 2048 4845 2.
2102 4788 2275 4859 Super
2307 4803 2527 4844 crucem
2560 4796 2729 4842 tuam.

307 4881 361 4935 5.
395 4879 475 4933 Τὰ
506 4882 783 4951 αἰτήματα
816 4881 980 4934 αὐτοῦ
1009 4885 1078 4935 τὰ
1101 4884 1299 4951 ἀγαθά.

1228 4884 1299 4937 ὶά.
1992 4880 2044 4934 5.
2086 4879 2381 4933 Petitiones
2411 4878 2530 4948 ejus
2568 4877 2759 4931 bonas.

306 4972 361 5025 4.
392 4972 703 5043 Δεδώρησαι
729 4972 837 5042 γὰρ
870 4972 1016 5043 αὐτῷ
1057 4974 1349 5045 προθύμως
1389 4972 1613 5044 μελετῷ
1642 4973 1701 5025 ὲν
1740 4969 1817 5040 τῷ

1988 4971 2041 5025 4.
2078 4969 2213 5025 Nam
2241 4971 2291 5024 ei
2320 4967 2535 5024 donasti
2574 4976 2827 5037 prompte
2860 4965 3112 5023 meditari
3140 4966 3197 5021 in
3229 4966 3347 5037 lege
3370 4973 3487 5031 tua,

235 5062 387 5131 νόμῳ
412 5079 531 5127 σου,
561 5062 653 5114 καὶ
680 5063 1027 5131 ἁναγγέλλειν
1059 5065 1155 5136 τὴν
1190 5064 1391 5117 αἵνεσίν
1427 5081 1543 5116 σου.

1230 5064 1391 5117 ἵνεσίν
1427 5081 1543 5116 σου.
1915 5070 1970 5118 et
1995 5061 2318 5123 annuntiare
2340 5060 2553 5114 laudem
2588 5068 2756 5112 tuam.

311 5152 363 5205 5.
394 5153 514 5205 Ὅτι
536 5153 886 5223 ιηύτρέπισας
927 5155 1071 5225 αὐτῷ
1101 5155 1346 5223 εὐλογίας
1382 5157 1437 5208 ὲν
1474 5157 1539 5224 τῇ
1569 5153 1814 5225 βασιλείᾳ

1988 5151 2040 5205 5.
2104 5149 2374 5216 Quoniam
2427 5152 2747 5219 praeparasti
2776 5148 2907 5218 ipsi
2967 5148 3377 5204 benedictiones
3433 5147 3483 5201 in

236 5260 354 5297 σου.

1919 5257 2085 5313 regno
2114 5252 2226 5295 tuo.

308 5334 362 5387 6.
398 5335 499 5388 Τὸν
524 5335 727 5407 Κύριον
762 5337 926 5405 λέγει’
960 5338 1157 5401 παντὸς
1182 5338 1287 5409 γὰρ
1328 5336 1520 5391 πιστοῦ
1548 5335 1754 5408 κεφαλὴ
1784 5336 1812 5389 ὀ

1989 5332 2041 5385 6.
2092 5330 2381 5387 Dominum
2433 5328 2703 5399 signiﬁcat
2751 5336 3115 5384 :cunctorum
3156 5329 3301 5383 enim
3348 5324 3481 5383 ﬁdo-

234 5424 363 5489 Υἱός
391 5428 557 5480 ἐστιν.

1917 5423 2051 5479 lium
2083 5432 2244 5492 caput
2268 5431 2352 5476 est
2384 5420 2577 5475 Filius.

304 5518 361 5580 7,
390 5518 443 5573 8.
474 5521 584 5591 Τὴν
612 5521 826 5579 αἰώνιον
855 5520 999 5593 ζωὴν
1031 5521 1197 5589 λέγει.

1994 5514 2046 5579 7,
2077 5513 2132 5568 8.
2176 5512 2355 5566 Vitam
2387 5521 2645 5567 aeternam
2670 5510 2819 5566 dicit.

306 5607 358 5662 9.
392 5610 549 5677 Μέγα
574 5610 634 5663 τὸ
665 5610 925 5681 καύχημα
954 5612 1114 5665 αὐτοῦ
1145 5614 1200 5665 ὲν
1225 5611 1299 5677 τῷ
1336 5610 1551 5679 σταυρῷ
1587 5628 1704 5665 σου.

1977 5606 2028 5659 9.
2080 5603 2269 5673 Magna
2302 5610 2384 5657 est
2409 5601 2660 5672 gloriatio
2700 5602 2819 5670 ejus
2847 5603 2899 5655 in
2938 5614 3101 5656 cruce
3131 5605 3243 5653 tua.
