3878 6218
388 205 492 265 719

1223 201 1280 257 S.
1321 201 1691 257 ATHANAS'H
1730 200 1879 256 OPP.
1921 199 2101 256 PARS
2138 198 2226 254 lll.
2271 223 2327 239 -ι-
2377 196 2793 254 EXEGETICA.

3554 197 3669 251 720

454 321 543 377 10.
567 318 829 385 Gloriam,
853 328 908 375 et
940 335 1197 391 magnum
1228 320 1479 376 decorem
1511 322 1755 391 impones
1787 336 1951 391 super
1978 325 2012 381 Α

2123 319 2210 374 10.
2267 318 2435 384 Δόξαν
2495 321 2588 372 καὶ
2664 316 3138 389 μεγαλοπρέπειαν
3206 314 3485 388 ἐπιθήσεις
3568 320 3669 370 ἐπ’

387 430 533 470 eum.

457 503 543 557 11.
574 500 842 569 Quoniam
878 501 1033 557 dabis
1064 516 1188 557 eum
1226 501 1281 555 iu
1310 498 1742 557 benedictionem
1776 502 1831 556 in
1860 517 1964 558 sae-

387 592 570 647 culum
605 590 789 646 saeculi
828 606 841 641 :

459 684 546 738 12.
585 682 909 737 Lartilicabis
943 697 1066 735 eum
1095 682 1148 735 in
1184 682 1380 748 gaudio
1403 698 1528 737 cum
1557 684 1709 738 vultu
1741 691 1856 738 tuo.

460 777 545 830 1‘5.
583 776 849 841 Quoniam
880 791 975 829 rex
1002 785 1183 843 sperat
1210 775 1264 827 in
1298 774 1530 829 Domino
1556 792 1569 828 :

460 867 549 920 14.
576 868 641 920 Et
686 867 741 920 in
788 865 1164 921 misericordia
1196 865 1461 920 Altissimi
1496 880 1607 919 non
1656 879 1965 920 commove-

388 960 553 1016 bitur.

462 1052 550 1106 15.
581 1050 890 1105 inveniatur
916 1065 1112 1105 manus
1145 1059 1234 1104 tua
1264 1049 1519 1103 omnibus
1548 1049 1785 1104 inimicis
1814 1050 1959 1105 tuis:

459 1144 548 1199 16.
585 1142 811 1198 Dextera
840 1152 931 1196 tua
958 1142 1198 1196 inveniat
1223 1157 1412 1197 omnes
1441 1143 1534 1211 qui
1568 1152 1618 1196 te
1639 1143 1891 1195 oderunt.

463 1236 550 1290 17.
585 1235 761 1289 Pones
812 1250 940 1300 eos,
992 1242 1051 1287 ut
1090 1235 1364 1287 clibanum
1422 1234 1564 1305 ignis
1616 1234 1671 1287 iu
1725 1242 1966 1303 tempore

389 1327 573 1380 vultus
607 1324 707 1378 tui.

462 1418 550 1473 18.
583 1417 847 1471 Dominus
881 1414 935 1469 in
969 1415 1049 1469 ira
1096 1430 1194 1470 sua
1240 1416 1590 1471 conturbabit
1633 1431 1746 1481 eos,
1777 1424 1830 1469 et
1867 1415 1965 1470 de-

390 1508 599 1563 vorabit
626 1522 720 1560 cos
748 1504 908 1574 ignis.

461 1602 546 1655 19.
580 1599 838 1655 Fructum
868 1614 1055 1654 eorum
1092 1599 1158 1652 de
1189 1605 1331 1652 terra
1358 1598 1549 1667 perdes
1576 1616 1591 1665 ;

460 1691 549 1746 20.
579 1691 645 1746 Et
670 1708 851 1746 semen
882 1706 1070 1745 eorum
1106 1706 1133 1743 a
1167 1690 1290 1745 ﬁliis
1333 1691 1632 1745 hominum.

462 1780 549 1835 21.
582 1780 852 1847 Quoniam
882 1780 1288 1836 declinaverunt
1310 1780 1365 1833 in
1395 1788 1446 1834 te
1474 1780 1616 1834 mala
1649 1798 1662 1833 :

461 1872 553 1927 22.
584 1873 972 1943 Cogitaverunt
1019 1872 1286 1936 consilia,
1332 1887 1455 1941 quae
1505 1887 1613 1927 non
1672 1879 1966 1942 potuerunt

392 1966 633 2020 stabilire
658 1981 671 2017 :

462 2059 551 2112 25.
580 2056 850 2123 Quoniam
885 2070 1052 2126 pones
1082 2071 1175 2111 eos
1198 2055 1455 2110 dorsum:

460 2150 550 2202 24.
581 2147 637 2202 1η
667 2148 909 2218 reliquiis
942 2147 1051 2202 tuis
1073 2147 1404 2217 praeparabis
1430 2146 1641 2202 vultum
1665 2162 1876 2202 eorum.

460 2325 553 2379 25.
578 2323 855 2389 Exaltare,
885 2322 1132 2387 Domine,
1158 2324 1211 2377 in
1235 2323 1433 2379 virtute
1455 2333 1567 2380 tua.

462 2417 551 2473 26.
575 2418 929 2473 Cantabimus
957 2426 1010 2471 et
1035 2417 1330 2486 psallemus
1358 2419 1587 2473 virtutes
1612 2427 1753 2473 tuas.

2067 410 2251 466 αὐτόν.

2136 504 2225 556 11.
2261 503 2382 556 Ὅτι
2415 499 2607 564 δώσεις
2632 498 2778 570 αύτῷ
2802 500 3051 569 εὐλογίαν
3079 503 3158 564 είς
3180 501 3353 554 αἰῶνα
3383 501 3608 565 αἰῶνος·

2138 684 2223 738 12.
2240 686 2541 756 Εὑφρανεῖς
2561 687 2721 740 αὐτὸν
2735 688 2790 739 ἐν
2804 687 2946 757 χαρᾷ
2966 684 3103 755 μετὰ
3114 683 3208 736 τοῦ
3224 680 3518 755 προσώπου
3540 697 3627 735 σου

2137 778 2223 831 15.
2259 779 2381 831 Ὀτι
2407 780 2434 832 ὁ
2460 780 2712 849 βασιλεὺς
2740 779 2948 841 ἐλπίζει
2983 779 3075 831 ἐπὶ
3098 776 3326 849 Κύριον·

2137 869 2223 923 14.
2257 871 2366 923 Καὶ
2399 872 2455 923 ἐν
2480 871 2558 941 τῷ
2588 871 2726 924 ἐλέει
2756 870 2851 924 τοῦ
2897 870 3151 939 Ὑψίστου
3184 870 3244 922 οὐ
3280 868 3354 941 μὴ
3398 867 3659 937 σαλευθῇ.

2136 1043 2222 1097 1-3.
2249 1043 2510 1115 Εὑρεθείη
2543 1047 2575 1114 ή
2606 1044 2726 1115 χείρ
2754 1062 2846 1098 σου
2873 1047 3004 1098 πᾶσι
3032 1048 3143 1107 τοῖς
3171 1043 3383 1113 ἐχθροῖς
3412 1061 3506 1096 σου
3528 1061 3541 1073 ·

2136 1135 2222 1188 16.
2261 1136 2327 1187 Ἡ
2356 1134 2503 1199 δεξιά
2533 1153 2625 1188 σου
2655 1136 2803 1207 εὖροι
2834 1137 3041 1199 πάντας
3071 1138 3195 1199 τοὺς
3238 1135 3531 1206 μισοῦντας
3573 1150 3659 1188 σε.

2137 1227 2225 1280 17.
2260 1228 2383 1279 Ὅτι
2416 1228 2605 1297 θήσεις
2638 1229 2832 1291 αὐτοὺς
2860 1229 2935 1291 ώς
2966 1228 3215 1281 κλίϐανον
3244 1227 3412 1297 πυρὸς
3438 1229 3516 1289 εἰς
3541 1243 3662 1279 και-

2068 1318 2160 1389 ρὸν
2192 1319 2282 1372 τοῦ
2312 1324 2605 1391 προσώπου
2644 1339 2759 1373 σου.

2139 1413 2225 1467 18.
2252 1414 2453 1485 Κύριος
2482 1417 2538 1467 ὲν
2571 1416 2705 1486 ὀργῇ
2738 1414 2901 1467 αὑτοῦ
2949 1413 3270 1486 συνταράξει
3303 1412 3524 1478 αὐτοὺς,
3561 1412 3661 1465 καὶ

2068 1504 2442 1573 καταφάγεται
2470 1507 2667 1569 αὐτοὺς
2692 1506 2821 1577 πῦρ.

2136 1600 2223 1654 19.
2253 1599 2355 1652 Τὸν
2383 1600 2594 1670 καρπὸν
2623 1598 2799 1652 αὐτῶν
2832 1598 2938 1651 ἀπὸ
2961 1600 3058 1668 τῆς
3085 1598 3187 1666 γῆς
3217 1596 3457 1659 ἀπολεῖς,

1998 1678 2042 1733 Β
2142 1692 2231 1746 20.
2262 1692 2371 1744 Καὶ
2400 1693 2459 1744 τὸ
2488 1693 2707 1763 σπέρμα
2737 1692 2915 1744 αὐτῶν
2936 1690 3041 1744 ἀπὸ
3069 1690 3199 1744 υἱῶν
3222 1688 3547 1761 ἀνθρώπων.

2143 1781 2233 1834 21.
2266 1782 2387 1835 Ὅτι
2412 1781 2626 1835 ἔκλιναν
2653 1784 2731 1846 είς
2760 1783 2819 1835 σὲ
2850 1782 3015 1836 κακά·

2140 1871 2229 1924 22.
2276 1872 2651 1941 Διελογίσαντο
2701 1873 2915 1943 βουλὰς,
2958 1867 3045 1936 αἷς
3088 1871 3165 1945 [in
3195 1889 3363 1943 marg.
3398 1873 3517 1926 cod.
3560 1872 3656 1942 ἃς]

2070 1960 2130 2013 οὑ
2169 1960 2241 2031 μὴ
2268 1960 2527 2014 δύνωνται
2556 1962 2742 2032 στῆναι
2768 1961 3028 2035 [στῆσαι]

2138 2052 2228 2106 25.
2263 2054 2383 2106 Ὅτι
2407 2053 2592 2125 θήσεις
2615 2056 2810 2119 αὐτοὺς
2843 2056 3011 2109 νῶτον

2137 2143 2227 2197 24.
2268 2145 2355 2197 Ἐν
2398 2147 2511 2209 τοῖς
2544 2146 2875 2217 περιλοίποις
2906 2165 2999 2201 σου
3042 2149 3350 2220 ὲτοιμάσεις
3382 2146 3444 2201 τὸ
3484 2144 3658 2220 πρόσ-

2071 2250 2218 2286 ωπον
2249 2233 2450 2288 αὐτῶν.

2139 2326 2227 2380 25.
2275 2327 2566 2399 ’Υψώθητι,
2595 2327 2785 2401 Κύριε,
2819 2331 2877 2384 ἐν
2904 2334 2969 2402 τῇ
3004 2331 3229 2403 δυνάμει
3258 2350 3372 2385 σου.

2142 2418 2231 2474 26.
2265 2420 2501 2491 ’ᾼσομεν
2529 2421 2623 2473 καὶ
2648 2420 2921 2493 ψαλοῦμεν
2945 2422 3043 2485 τὰς
3071 2423 3387 2487 δυναστείας
3425 2439 3543 2479 σου.

1515 2596 1893 2652 ATHANASI!
1932 2596 2525 2655 INTERPRETATlO.

466 2755 555 2810 10.
592 2753 652 2809 1n
692 2768 862 2825 regno
900 2766 1016 2811 tuo.

466 2845 555 2899 11.
607 2843 805 2900 Dicens
847 2845 916 2901 ad
958 2858 1126 2900 eum:

394 2939 497 2993 mei
524 2937 588 2990 '°.

463 3030 547 3086 12.
584 3029 786 3086 Videns
816 3028 1013 3085 faciem
1061 3036 1214 3083 tuam
1245 3027 1301 3083 in
1345 3042 1514 3100 regno
1553 3036 1646 3085 tuo
1673 3027 1963 3083 laetabitur.

1204 2842 1329 2899 Veni
1349 2884 1365 2911 ,
1418 2842 1718 2897 benedictus
1788 2843 1969 2897 Patris

466 3209 556 3266 13.
596 3207 837 3278 Populus
880 3205 1075 3261 ﬁdelis.

464 3300 553 3353 14.
585 3298 721 3353 Cum
753 3297 895 3353 Deus
940 3296 1057 3365 ipse
1081 3294 1312 3361 venerit,
1363 3293 1797 3349 conﬁrmabitur.

466 3391 552 3445 15.
597 3388 770 3443 Filius
794 3398 920 3443 tuus
951 3385 1258 3456 confringet
1284 3386 1536 3440 inimicos
1580 3394 1722 3439 tuos.

464 3480 551 3538 16.
603 3482 723 3551 Ipse
749 3480 1059 3548 unigenitus
1086 3477 1260 3532 Filius
1294 3486 1445 3543 tuus,
1487 3478 1582 3546 qui
1612 3476 1751 3531 sedit
1774 3490 1804 3528 a
1834 3474 1967 3529 dex-

396 3578 493 3632 tris
527 3576 654 3641 tuis,
686 3588 779 3644 pcr
801 3587 963 3643 quem
1006 3570 1182 3625 fecisti
1218 3571 1421 3636 omnia,
1453 3570 1620 3624 veluti
1652 3584 1747 3638 per
1779 3569 1965 3623 dexte-

395 3684 513 3724 ram
537 3666 824 3723 concludet
853 3679 948 3719 eos
995 3679 1186 3719 omnes
1229 3663 1285 3717 in
1314 3663 1642 3733 supplicium
1677 3672 1963 3716 aeternum.

462 3853 549 3908 17.
605 3849 744 3918 Quia
799 3849 855 3902 in
909 3845 1233 3902 saeculorum
1292 3845 1764 3899 consummatione
1812 3842 1967 3898 dabis

390 3964 490 4005 805
523 3947 577 4000 in
604 3947 784 4014 ignem
815 3949 1107 3996 zeternum.

462 4040 549 4093 18.
609 4038 762 4090 Alios
791 4034 1012 4104 quidem
1059 4032 1115 4085 in
1159 4030 1367 4094 ﬂetum,
1408 4039 1463 4085 et
1496 4030 1781 4084 stridorem
1832 4029 1967 4084 den-

393 4141 530 4187 tium
564 4128 778 4183 tradet:
812 4125 949 4180 alios
968 4124 1413 4193 auteminignem
1446 4123 1961 4192 inexslinguibilem.

468 4226 558 4279 19.
611 4225 668 4276 lu
702 4229 962 4275 teternum
987 4218 1290 4271 doctrinam
1320 4230 1511 4268 eorum
1545 4214 1845 4283 disperdes.

464 4315 555 4371 20.
618 4312 1043 4367 Adinvcntiones
1069 4322 1258 4362 eorum
1301 4307 1541 4376 iniquas.

459 4408 549 4462 2|.
613 4405 716 4458 Alii
775 4403 993 4473 quidem
1030 4400 1373 4469 insurgentes
1427 4399 1481 4452 in
1533 4406 1585 4451 te
1634 4398 1688 4452 in
1728 4397 1963 4452 adventu

397 4513 523 4563 tuo;
554 4498 643 4551 alii
682 4504 863 4550 autem
893 4492 1209 4548 resistentes
1238 4489 1453 4544 veritati
1485 4499 1609 4544 tuae.

462 4591 551 4644 22.
606 4588 857 4656 Pugnare
884 4592 1075 4639 contra
1111 4589 1164 4635 te
1190 4582 1502 4634 voluerunt.

464 4681 554 4744 23,
592 4678 684 4732 24.
744 4675 1015 4743 Quoniam
1045 4687 1216 4743 pones
1267 4685 1362 4725 eos
1394 4669 1448 4722 iu
1479 4666 1805 4737 supplicium
1834 4680 1958 4721 cum

395 4773 492 4835 iis,
527 4754 621 4838 qui
668 4768 967 4836 perierunt.

467 4860 558 4914 25.
606 4857 922 4912 Glorilicare
965 4852 1191 4907 Domine
1235 4850 1291 4905 in
1338 4849 1576 4919 potentia
1624 4847 1962 4903 fortitudinis
1999 4865 2005 4871 ·

397 4961 503 5005 tuae
537 4956 782 5016 tempore
819 4941 1031 5012 iudicii.

463 5039 555 5095 26.
610 5038 667 5091 ln
706 5034 1010 5106 praepositis
1040 5032 1266 5103 psalmis
1298 5030 1582 5087 laudantes
1610 5031 1959 5085 narrabimus

395 5132 594 5208 iudicia
629 5126 892 5185 tremendi
921 5126 999 5181 tui
1025 5124 1326 5179 tribunalis.

466 5307 513 5340 "
546 5304 734 5360 Matth.
776 5318 906 5368 xxv,
941 5301 1031 5356 54.

2152 2753 2239 2809 10.
2285 2755 2370 2807 Ἐν
2396 2757 2462 2826 τῇ
2492 2754 2739 2825 βασιλείᾳ.
2766 2772 2881 2809 σου.

2149 2844 2235 2899 11.
2270 2846 2457 2913 Λέγων
2504 2845 2640 2917 πρὸς
2672 2846 2865 2899 αὐτόν·
2924 2846 3125 2915 Δεῦρο,
3175 2850 3209 2901 d
3244 2847 3653 2918 εὐλογημένος

1998 2920 2041 2977 C
2072 2936 2179 2989 τοῦ
2204 2937 2434 3005 Πατρός
2452 2955 2592 3005 μου.

2140 3030 2229 3083 12.
2262 3030 2494 3101 Θεωρῶν
2536 3030 2595 3082 τὸ
2642 3028 2932 3100 πρόσωπόν
2971 3045 3064 3082 σου
3092 3030 3150 3082 ὲν
3180 3032 3244 3101 τῇ
3279 3028 3524 3107 βασιλείᾳ
3554 3049 3653 3086 σου

2070 3121 2527 3193 εὐφρανθήσεται.

2141 3215 2228 3267 15.
2280 3214 2336 3266 '0
2364 3214 2551 3277 πιστὸς
2575 3214 2723 3277 λαός.

2141 3306 2229 3358 14.
2269 3305 2355 3357 Ἐν
2396 3305 2473 3376 τῷ
2514 3305 2603 3358 τὸν
2645 3305 2776 3357 Θεὸν
2816 3303 2988 3356 ἐλθεῖν
3029 3303 3223 3368 αὐτὸν,
3258 3306 3654 3377 ἐστηριγμένος

2068 3398 2242 3452 ἔσται.

2140 3488 2228 3542 15.
2266 3487 2324 3541 '0
2353 3486 2479 3550 Υἱός
2508 3503 2601 3539 σου
2627 3486 2904 3557 συντρίψει
2930 3485 3056 3548 τοὺς
3078 3482 3304 3555 ἐχθρούς
3331 3500 3443 3537 σου.

2141 3577 2227 3631 16.
2272 3578 2329 3630 Ὀ
2366 3577 2525 3639 αὐτὸς
2569 3578 2857 3645 μονογενὴς
2892 3575 3018 3635 Υἱός
3048 3590 3140 3627 σου
3178 3577 3206 3627 ὁ
3239 3576 3304 3627 ὲκ
3331 3572 3521 3641 δεξιῶν
3549 3593 3651 3632 σου

2070 3667 2373 3738 καθήμενος
2395 3709 2409 3732 ,
2438 3667 2503 3719 δι’
2530 3663 2589 3721 οὗ
2620 3668 2879 3736 ἐποίησας
2911 3667 2977 3719 τὰ
3012 3667 3188 3720 πάντα
3207 3707 3221 3729 ,
3256 3668 3331 3729 ώς
3358 3667 3444 3719 δία
3467 3668 3651 3735 δεξιᾶς

2070 3760 2375 3826 συγκλείσει
2403 3761 2609 3821 πάντας
2640 3760 2835 3821 αὐτοὺς
2863 3760 2943 3821 είς
2974 3759 3196 3813 αἰωνίαν
3226 3758 3463 3814 κόλασιν.

2143 3851 2228 3903 17.
2262 3851 2382 3901 Ὅτι
2414 3852 2471 3903 ἐν
2502 3852 2566 3919 τῇ
2612 3850 2887 3919 συντελείᾳ.
2914 3849 3007 3902 τοῦ
3040 3850 3232 3914 αἰῶνος
3260 3850 3450 3916 δώσεις
3481 3852 3650 3919 αὐτὸς

2070 3940 2312 4015 [αὐτούς]
2348 3944 2427 4004 είς
2453 3942 2513 3994 τὸ
2541 3942 2651 4012 πῦρ
2675 3943 2734 3994 τὸ
2760 3942 2993 3994 αἰώνιον.

2140 4033 2225 4086 18.
2254 4033 2392 4095 Τοὺς
2436 4034 2532 4103 μὲν
2562 4031 2670 4103 γὰρ
2699 4036 2777 4095 είς
2807 4034 2897 4084 τὸν
2941 4033 3216 4103 κλαυθμὸν
3261 4035 3355 4087 καὶ
3403 4034 3649 4107 βρυγμδν

2069 4126 2177 4179 τῶν
2201 4125 2425 4177 ὀδόντων
2453 4124 2697 4196 παραδῷ,
2731 4127 2856 4187 τοὺς
2883 4125 2938 4176 δὲ
2972 4125 3219 4195 ἀσϐέστῳ
3243 4126 3394 4198 πυρί.

2146 4216 2230 4269 19.
2259 4215 2368 4283 Τὴν
2392 4214 2735 4267 διδασκαλίαν
2759 4212 2933 4265 αὐτῶν
2964 4214 3207 4280 ἀφανιεῖς
3231 4216 3307 4275 εἰς
3332 4213 3422 4267 τὸν
3447 4213 3641 4269 αἰῶνα.

2138 4305 2225 4358 20.
2260 4307 2340 4359 Τὰ
2364 4304 2769 4375 ἐπιτηδεύματα
2798 4303 2975 4355 αὐτῶν
3008 4304 3075 4355 τά
3099 4303 3265 4372 ὄνομα
3297 4303 3394 4373 (1).

2134 4397 2223 4451 2|.
2249 4397 2310 4449 Οἱ
2351 4397 2447 4466 μὲν
2480 4394 2863 4448 ἑπανίστανταί
2894 4391 3325 4464 [ἐπανιστάντες]
3372 4392 3447 4463 (2)
3476 4410 3555 4447 σοι
3581 4395 3646 4446 ὲν

2067 4490 2133 4559 τῇ
2155 4487 2424 4557 παρουσίᾳ
2442 4503 2553 4538 σου·
2577 4487 2623 4538 οἱ
2646 4486 2701 4537 δὲ
2719 4485 2814 4537 ἀνθ
2824 4486 3097 4553 ιστάμενοι
3115 4492 3172 4539 εν
3187 4487 3253 4555 τῇ
3273 4484 3499 4556 ἀληθεία
3521 4501 3640 4538 σου.

2135 4576 2225 4630 22.
2273 4576 2520 4644 Ἀντᾶραι
2545 4575 2812 4645 ἠθέλησαν
2841 4574 2982 4627 κατὰ
3008 4572 3120 4627 σοῦ.

2135 4668 2227 4729 25,
2252 4666 2341 4720 24.
2376 4668 2495 4720 ’Ὀτι
2530 4665 2715 4737 θήσεις
2748 4666 2942 4729 αὐτοὺς
2970 4667 3050 4728 εἰς
3075 4663 3341 4736 τιμωρίαν
3365 4664 3503 4735 μετὰ
3529 4664 3643 4720 τῶν

2067 4757 2268 4811 ἀπολλυ
2277 4756 2470 4827 μένων.

2130 4846 2220 4899 25.
2250 4845 2565 4916 Δοξάσθητι,
2590 4844 2866 4921 Κύριεδὲν
2890 4844 2967 4915 τῷ
2993 4843 3184 4917 κράτει
3208 4844 3306 4915 τῆς
3336 4842 3517 4915 ἰσχύος
3544 4861 3640 4898 σου

2066 4940 2124 4991 ὲν
2147 4936 2225 5008 τῷ
2255 4936 2429 5007 καιρῷ
2461 4937 2559 5007 τῆς
2581 4936 2834 5006 κρίσεως.

2135 5028 2225 5081 26.
2275 5027 2660 5098 Ἀνυμνοῦντες
2718 5030 2775 5079 ὲν
2820 5030 2932 5090 τοῖς
2978 5026 3357 5098 προκειμένοις
3403 5027 3636 5099 ψαλμοῖς

2066 5116 2434 5190 διηγησόμεθα
2467 5117 2536 5171 τὰ
2566 5120 2822 5190 κριτήρια
2854 5118 2946 5171 τοῦ
2976 5118 3205 5191 φοϐεροῦ
3247 5136 3340 5172 σου
3370 5119 3632 5191 βήματος.

1344 5456 1645 5518 Addenda
1686 5461 1742 5513 et
1777 5447 2152 5529 corrigenda
2191 5463 2267 5507 ex
2302 5446 2439 5508 cod.
2477 5442 2675 5504 Vatic.

463 5626 541 5697 ιι)
576 5626 790 5693 ’Δνομαη

2140 5608 2214 5677 (2)
2262 5605 2686 5668 Ἐπαναστάντες
