3878 6218
154 424 254 476 ἸΞΙ

1064 425 1155 482 DE
1201 428 1482 485 TlTULlS
1520 429 1972 492 PSALMORUM.
2012 468 2084 480 --
2120 438 2315 495 PSAL.
2355 438 2498 496 XXI.

3300 445 3409 501 733

154 548 256 611 Είς
280 544 348 599 τὸ
386 543 577 609 τέλος,
606 546 758 613 υπὲρ
787 544 895 614 τῆς
928 546 1307 617 ἀντιλήψεως
1338 548 1446 619 τῆς
1470 550 1727 621 ἑωθινῆς,

1878 574 1907 611 n
1934 557 2091 626 ﬁnem
2108 598 2122 624 ,
2148 574 2244 629 pro
2271 558 2597 628 susceptione
2625 566 2911 626 matutina,
2937 558 3172 629 psalmus
3214 560 3408 619 David.

475 639 718 713 φατιμις
738 636 819 703 τῷ
843 639 1038 693 Aucte.
1076 643 1245 696 ΨΑΛ.
1274 641 1404 698 ΚΑ’.

224 726 279 781 1.
314 726 374 781 '0
396 725 548 793 Θεὸς,
574 731 601 782 6
627 728 759 793 Θεός
794 747 918 801 μου,
951 732 1184 803 πρόσχες
1212 748 1322 804 μοι·
1352 734 1439 788 ἵνα
1463 734 1516 789 τί
1540 736 1735 805 ἐγκατ-

153 819 337 883 έλιπές
368 838 433 890 με
452 839 468 889 ;

221 912 275 965 ‘2.
309 913 544 985 Μακρὰν
583 914 692 967 ἀπὸ
736 914 836 986 τῆς
883 916 1157 987 σωτηρίας
1208 934 1307 989 μου
1341 919 1389 971 οἱ
1431 918 1578 987 λόγοι
1623 919 1731 975 τῶν

152 1008 621 1076 παραπτωμάτων
653 1024 775 1077 μου.

220 1099 274 1152 5.
319 1100 376 1150 'U
406 1098 537 1160 0-6;
568 1116 667 1169 μου
686 1137 700 1162 ,
743 1099 1080 1170 κεκράξομαι
1114 1099 1345 1173 ἡμέρας,
1370 1102 1464 1155 καὶ
1492 1102 1592 1156 οὐκ
1624 1104 1734 1156 τίσ-

150 1188 381 1260 ακούσῃ,

219 1281 273 1335 4.
308 1282 420 1333 Καὶ
450 1281 660 1344 νυκτὸς,
690 1284 783 1333 καὶ
812 1282 909 1333 οὐκ
940 1282 1017 1344 εἰς
1050 1280 1232 1334 ἄνοιαν
1266 1283 1407 1353 ἐμοί.

217 1369 270 1426 5.
304 1374 379 1424 Σὺ
412 1372 469 1424 δὲ
504 1374 560 1424 ὲν
586 1372 722 1443 ἁγίῳ
745 1376 1038 1437 κατοικεῖς,
1063 1375 1092 1425 6
1115 1373 1333 1436 ἔπαινος
1357 1374 1452 1427 τοῦ
1490 1375 1727 1447 Ἰσραήλ.

219 1463 272 1518 ϐ.
321 1465 448 1517 Ἐπὶ
474 1465 556 1518 σοὶ
583 1466 819 1535 ἤλπισαν
845 1466 892 1517 οἱ
927 1465 1160 1534 πατέρες
1194 1464 1374 1536 ἡμῶν,

219 1554 271 1611 7.
308 1555 603 1619 Ἥλπισαν,
647 1556 738 1608 καὶ
764 1556 976 1628 ἑρῤύσω
1009 1555 1205 1618 αὐτούς

216 1648 271 1703 8.
305 1649 356 1701 Π
364 1649 453 1719 ρδς
482 1648 543 1701 σὲ
570 1648 890 1719 ὲκέκραξαν,
917 1648 1009 1701 καὶ
1038 1646 1337 1717 ἐσώθησαν,

217 1741 269 1797 9.
315 1742 441 1794 Ἐπὶ
472 1743 553 1793 σοὶ
578 1741 831 1810 ἤλπισαν,
868 1742 963 1793 καὶ
995 1741 1053 1793 οὐ
1093 1738 1563 1812 κατῃσχύνθησαν.

216 1832 303 1889 10.
356 1832 494 1900 Ἐγὼ
519 1834 575 1885 δέ
607 1836 719 1903 εἰμι
748 1831 984 1902 σκώληξ,
1011 1832 1103 1885 καὶ⁴
1130 1832 1229 1884 οὐκ
1258 1830 1560 1902 ἅνθρωπος,

217 1927 306 1979 11.
346 1925 589 1987 Ὅνειδος
617 1923 940 1994 ἀνθρώπων,
972 1923 1066 1976 καὶ
1090 1922 1342 1993 ὲξουθένη
1352 1940 1427 1993 μα
1452 1921 1531 1994 [in
1558 1939 1727 1995 marg.
1761 1915 1804 1971 Β

151 2018 261 2073 cod.
287 2017 549 2084 ὲξουδένω
558 2015 654 2087 μα]
688 2015 841 2070 λαοῦ.

214 2109 301 2163 19..
331 2108 542 2171 Πάντες
575 2109 625 2161 οἱ
659 2106 987 2177 θεωροῦντές
1015 2124 1080 2178 με
1104 2105 1539 2178 ὲξεμυκτήρισάν
1573 2122 1661 2178 με’

213 2201 300 2255 15.
347 2200 735 2271 Ἐλάλησανὲν
765 2199 1018 2269 χείλεσιν,
1046 2200 1301 2270 ἐκίνησαν
1325 2198 1586 2271 κεφαλήν.

211 2290 301 2345 14.
333 2290 603 2343 ’Ἡλπισεν
635 2290 726 2343 ἐπὶ
754 2289 978 2361 Κύριον,
1012 2288 1267 2359 ῥυσάσθω
1298 2289 1481 2343 αὐτόν’

212 2376 298 2433 15.
333 2378 571 2431 Σωσάτω
596 2377 776 2441 αὐτὸν,
801 2378 881 2430 ὅτι
903 2376 1043 2431 θέλει
1075 2378 1255 2433 αὐτόν.

210 2470 298 2525 16.
333 2470 459 2524 Ὀτι
495 2473 559 2525 σὺ
587 2466 638 2524 εἶ
658 2473 687 2524 6
713 2470 995 2535 ὲκσπάσας
1032 2489 1096 2544 με
1124 2474 1188 2525 ὲκ
1215 2472 1473 2545 γαστρός·

2429 648 2633 705 PSAL.
2670 648 2830 707 XXI.

1910 739 1962 793 1.
1997 737 2161 807 Deus,
2191 740 2335 798 Deus
2365 757 2541 807 meus,
2568 742 2776 812 respice
2802 743 2857 797 in
2875 757 2981 811 me,
3010 760 3180 814 quare
3208 760 3294 800 me
3313 745 3408 800 de-

1837 831 2103 901 reliquisti
2128 834 2151 887 ?

1907 924 1957 978 2.
1997 923 2180 996 Longe
2208 942 2238 980 a
2262 939 2433 982 salute
2456 942 2573 981 mea
2601 928 2763 982 verba
2788 927 3106 984 delictorum
3136 942 3403 982 meorum.

1906 1101 1958 1155 5.
1987 1101 2129 1156 Deus
2151 1118 2324 1169 meus,
2350 1102 2594 1159 clamabo
2607 1116 2704 1172 per
2723 1101 2887 1169 diem,
2914 1110 2969 1157 et
2989 1117 3098 1157 non
3124 1100 3402 1167 exaudies,

1906 1287 1961 1341 4.
1992 1286 2058 1340 Et
2089 1296 2264 1350 nocte,
2304 1295 2359 1341 et
2388 1303 2492 1341 non
2523 1287 2590 1341 ad
2615 1287 2980 1357 insipientiam
3008 1288 3160 1342 mihi.

1908 1380 1960 1434 5.
1992 1379 2070 1433 Tu
2107 1389 2284 1433 autem
2318 1382 2370 1434 in
2402 1389 2591 1435 sancto
2622 1381 2857 1445 habitas,
2885 1381 3005 1436 laus
3026 1380 3211 1438 lsrael.

1906 1469 1958 1523 6.
2011 1468 2068 1521 ln
2102 1479 2153 1523 te
2186 1480 2543 1538 speraverth
2575 1480 2754 1539 patres
2791 1473 2984 1538 noswi,

1910 1558 1960 1611 7.
2015 1557 2405 1628 Speraverunt,
2437 1570 2485 1614 et
2520 1561 2760 1615 liberasti
2791 1576 2922 1616 eos:

1905 1650 1959 1704 8.
2018 1650 2098 1704 Ad
2127 1659 2179 1704 te
2210 1651 2603 1718 clamaverunt,
2640 1661 2693 1707 et
2724 1654 2859 1707 salvi
2890 1653 3018 1709 facti
3048 1661 3200 1719 sunt,

1907 1743 1959 1797 9.
2012 1740 2071 1795 In
2103 1751 2154 1796 te
2194 1753 2573 1811 speraverunt,
2617 1752 2670 1797 et
2700 1760 2808 1797 non
2839 1754 2968 1799 sunt
3004 1744 3239 1801 confusi.

1910 1833 1996 1887 l0.
2040 1831 2153 1902 Ego
2180 1843 2360 1887 autem
2393 1849 2514 1887 sum
2553 1836 2776 1899 vermis,
2821 1845 2876 1890 et
2921 1852 3031 1890 non
3060 1837 3263 1902 homo;

1905 1923 1992 1979 11.
2040 1920 2405 1993 Opprobrium
2434 1924 2745 1993 hominum,
2775 1936 2826 1981 et
2854 1927 3086 1996 abjectio
3122 1925 3315 1995 plebis.

1906 2103 1995 2158 12.
2047 2102 2250 2157 Omnes
2284 2103 2528 2158 videntes
2558 2118 2669 2167 me,
2717 2103 3032 2159 deriserunt
3059 2117 3147 2157 me
3178 2120 3193 2157 :

1906 2195 1993 2250 15.
2039 2194 2232 2251 Loculi
2279 2203 2407 2251 sunt
2442 2196 2623 2259 labiis,
2654 2206 2709 2250 et
2741 2203 3029 2250 moverunt
3056 2202 3240 2265 caput.

1905 2288 1992 2343 14.
2048 2289 2300 2357 Speravit
2327 2289 2380 2342 in
2415 2287 2672 2355 Domino,
2703 2288 2898 2358 eripiat
2922 2302 3086 2341 eum:

1906 2379 1996 2433 15.
2052 2377 2275 2433 Salvum
2306 2378 2470 2433 faciat
2500 2394 2644 2445 eum,
2675 2380 2937 2447 quoniam
2969 2377 3086 2431 vult
3111 2391 3259 2431 eum.

1906 2472 1993 2527 16.
2044 2471 2313 2538 Quoniam
2339 2482 2395 2525 tu
2427 2485 2507 2537 es,
2537 2471 2631 2541 qui
2663 2471 2950 2525 extraxisti
2976 2486 3058 2524 me
3088 2470 3155 2524 de
3178 2476 3403 2523 ventre:

1277 2591 1659 2649 ATHANASII
1700 2591 2285 2650 INTERPRETATIO.

217 2684 283 2741 'H
318 2686 659 2757 προκειμένη
704 2688 981 2759 επιγραφὴ
1016 2688 1257 2759 περιέχει
1286 2689 1394 2760 (1)·
1422 2692 1528 2755 Εἰς
1559 2691 1623 2745 τὸ
1658 2690 1854 2757 τέλος,
1882 2689 2035 2759 ὑπὲρ
2063 2687 2169 2757 τῆς
2213 2685 2588 2755 ἀντιλήψεως
2612 2682 2720 2752 τῆς
2753 2679 3022 2749 ἑωθινῆς,
3058 2678 3298 2749 ψαλμός
3324 2675 3402 2743 τῷ

143 2778 334 2834 Δαϐίδ.
356 2779 526 2833 Τοῦτο
557 2776 649 2833 οὖν
681 2780 850 2847 λέγει,
883 2780 963 2832 ὅτι
983 2779 1193 2851 ψαλμὸς
1207 2781 1420 2854 εἴρηται
1448 2782 1553 2836 ὑπὸ
1594 2783 1687 2837 τοῦ
1717 2784 1879 2837 Δαϐὶδ
1907 2785 2035 2856 περ).
2067 2783 2168 2853 τῆς
2211 2780 2544 2851 ἀντιλήψεως
2567 2779 2665 2849 τῆς
2685 2776 2982 2847 γενομένης
3017 2774 3146 2843 ἡμῖν
3179 2771 3282 2826 ὑπὸ
3306 2771 3400 2825 τοῦ

143 2872 268 2925 Θεοῦ
284 2874 317 2944 ἡ
326 2872 447 2944 μῶν
463 2872 659 2945 Ἰησοῦ,
680 2873 842 2943 ἡνίκα
859 2872 1128 2927 ἀνέτειλεν
1150 2877 1282 2945 ἡμῖν
1312 2875 1428 2945 φῶς
1453 2876 1541 2929 διὰ
1558 2877 1649 2931 τοῦ
1674 2878 1868 2932 ἑαυτοῦ
1890 2878 2098 2942 πάθους
2122 2879 2236 2940 τοῖς
2265 2875 2598 2946 καθημένοις
2614 2875 2671 2925 ὲν
2691 2873 2874 2926 σκότει
2895 2874 2988 2925 καὶ
3002 2872 3127 2941 σκιᾷ
3145 2870 3398 2924 Θανάτου.

204 2986 425 3043 Titulus
457 2988 779 3058 praepositus
818 2987 1058 3041 continet
1088 3002 1100 3037 :
1135 2986 1203 3041 In
1229 2988 1408 3056 ﬁnem,
1439 3006 1534 3059 pro
1566 2992 1890 3059 susceptione
1920 2990 2205 3053 matutina,
2250 2992 2486 3055 psalmus
2517 2983 2709 3038 David.
2743 2979 2857 3034 Hoc
2889 2987 3068 3034 autem
3101 2977 3400 3048 signiﬁcat,

142 3080 281 3149 quod
315 3080 568 3149 psalmus
599 3080 776 3136 dictus
805 3089 887 3136 est
912 3098 942 3136 a
970 3080 1174 3136 Davide
1204 3083 1271 3137 de
1305 3084 1670 3155 susceptione,
1707 3100 1829 3154 quae
1868 3084 2010 3138 facta
2038 3092 2122 3138 est
2164 3083 2320 3137 nobis
2349 3098 2381 3135 a
2410 3080 2522 3135 Deo
2551 3087 2743 3134 nostro
2768 3076 2919 3143 Jesu,
2960 3090 3083 3130 cum
3118 3074 3274 3131 nobis
3306 3088 3398 3131 se.

142 3170 399 3226 dentibus
430 3172 483 3225 in
517 3174 755 3229 tenebris
784 3183 837 3228 et
866 3177 1060 3230 umbra
1090 3177 1303 3243 mortis,
1334 3193 1430 3248 per
1459 3178 1629 3248 ipsius
1657 3180 1965 3250 passionem
2000 3179 2093 3232 lux
2126 3186 2243 3232 orta
2275 3188 2357 3231 est
2379 3178 2445 3230 '9.

210 3266 260 3319 1.
308 3266 407 3318 Ἐκ
437 3266 727 3337 προσώπου
762 3269 854 3322 τοῦ
890 3269 1016 3323 λαοῦ
1051 3270 1218 3339 λέγει.

208 3357 262 3411 2.
297 3358 405 3411 Διά
437 3358 506 3412 τὰ
533 3361 957 3432 παραπτώματά
993 3378 1094 3434 μου
1121 3364 1436 3436 ὲμακρύνθη
1471 3366 1505 3436 ἡ
1544 3382 1721 3437 σωτη-

147 3448 234 3517 ρία
262 3467 394 3519 μου.

210 3541 262 3594 5.
306 3542 403 3593 Ἐν
429 3544 496 3612 τῇ
523 3542 670 3614 ἀρχῇ
693 3543 801 3597 τῶν
833 3545 1146 3618 προφητῶν.

210 3636 263 3685 4.
308 3631 440 3683 Ἐπὶ
488 3634 767 3704 συντελείᾳ
795 3634 904 3690 τῶν
948 3634 1158 3690 αἰώνων
1182 3636 1471 3709 βοήσομαι,
1500 3638 1594 3690 καὶ
1623 3638 1725 3691 οὐκ

144 3724 219 3785 είς
246 3726 429 3794 μάτην
462 3742 550 3795 μοι
579 3728 889 3797 γενήσεται.

207 3815 259 3868 5.
302 3817 396 3869 Ἐν
421 3816 499 3887 τῷ
516 3817 691 3888 Πατρὶ
706 3822 998 3885 κατοικεῖς,
1020 3821 1049 3873 6
1071 3820 1287 3885 ἔπαινος
1305 3819 1381 3894 (2)
1402 3821 1510 3875 τῶν
1532 3822 1720 3891 ἁγίων.

211 3903 329 3958 6-9.
360 3903 521 3970 Νῶε,
569 3905 727 3972 Λὼτ,
765 3907 983 3974 Ἰακὼϐ,
1018 3912 1289 3982 Μωῦσῆς,
1328 3910 1532 3983 Ἰησοῦς
1571 3914 1600 3965 ὁ
1630 3911 1722 3965 τοῦ

145 3992 321 4063 Ναυῆ,
358 3995 457 4048 καὶ
489 3998 537 4048 οἱ
567 3998 785 4068 Κριταί.

213 4085 301 4149 10,
341 4085 431 4139 11.
459 4087 536 4155 (5)
580 4088 673 4140 Ἐκ
697 4088 789 4141 τοῦ
820 4089 1113 4160 προσώπου
1135 4092 1227 4145 τοῦ
1255 4093 1460 4165 Κυρίου
1495 4093 1641 4163 λέγει
1663 4094 1725 4147 τὸ

145 4176 233 4230 ἐπὶ
270 4178 381 4249 γῆς
432 4178 663 4250 ὀφθῆναι
710 4181 786 4253 (4)
824 4182 1313 4253 ἀναστρεφόμενον,
1360 4186 1453 4238 καὶ
1500 4186 1593 4238 ἐπὶ
1630 4185 1722 4249 ξύ-

144 4268 231 4324 λου
288 4272 369 4344 (5)
424 4271 519 4326 τοῦ
584 4274 817 4345 σταυροῦ
877 4275 1040 4329 αὐτὸν
1098 4276 1348 4329 τεθνάναι
1406 4278 1723 4346 ἐμπαγέντα

145 4363 218 4434 τῷ
245 4364 323 4437 (6)
358 4365 501 4438 ξύλῳ
531 4367 635 4420 ὑπὸ
654 4367 763 4421 τῶν
793 4368 957 4439 ἥλων,
992 4370 1085 4421 καὶ
1110 4370 1396 4439 γενόμενον
1432 4370 1504 4441 (7)
1533 4370 1723 4441 δέλεαρ

144 4456 219 4526 τῷ
246 4457 502 4528 διαϐόλῳ.

214 4551 302 4614 12,
330 4551 422 4605 15.
450 4549 525 4621 (8)
559 4552 747 4614 Ὀντος
791 4550 899 4621 γὰρ
936 4552 1099 4605 αὐτοῦ
1133 4552 1225 4605 ἐπὶ
1264 4551 1357 4605 τοῦ
1388 4553 1639 4624 σταυροῦ,
1671 4554 1721 4606 οί

1752 3280 1793 3335 C
1895 3273 1949 3326 1.
2002 3272 2081 3326 Ex
2120 3286 2353 3342 persona
2380 3269 2563 3340 populi
2600 3238 2887 3337 loquitur;

1890 3364 1946 3418 2.
2006 3361 2235 3433 Propter
2262 3361 2461 3417 delicta
2490 3374 2610 3415 mea
2639 3349 2801 3429 longe
2830 3357 2973 3413 facta
3004 3364 3091 3413 est
3120 3371 3152 3410 a
3183 3369 3272 3410 me
3298 3367 3394 3411 sa-

1823 3456 1909 3511 lus
1952 3469 2094 3510 mea.

1898 3548 1951 3601 5.
2005 3545 2063 3599 1η
2092 3545 2363 3615 principio
2390 3543 2805 3613 prOphetarum.

1895 3639 1948 3692 4.
2004 3639 2062 3691 ln
2108 3635 2585 3691 consummatione
2627 3635 2950 3688 saeculorum
2980 3631 3247 3697 clamabo,
3298 3644 3396 3686 ne.

1823 3744 1929 3799 que
1962 3727 2014 3781 id
2058 3726 2193 3780 mihi
2239 3726 2610 3779 frustraneum
2649 3725 2775 3777 erit.

1896 3822 1947 3875 5.
1985 3820 2042 3874 ln
2072 3820 2232 3875 Patre
2262 3818 2496 3883 habitas,
2538 3818 2658 3872 laus
2707 3826 3042 3873 sanctorum.

1896 3932 2015 3987 6-9.
2046 3930 2181 3995 Noe,
2200 3929 2321 3989 Lot.
2354 3927 2541 3994 Jacob,
2564 3928 2797 3999 Moyses,
2828 3928 2991 3989 Jesus
3014 3926 3182 3995 Nave,
3211 3938 3266 3982 et
3290 3926 3388 3981 Ju-

1823 4025 1991 4080 dices.

1896 4116 1983 4181 10,
2022 4116 2108 4170 11.
2138 4115 2215 4169 Ex
2246 4131 2475 4186 persona
2508 4114 2724 4169 Domini
2767 4115 2918 4178 dicit,
2959 4112 3231 4183 quomodo
3263 4127 3394 4167 con-

1824 4214 2073 4262 versatus
2126 4206 2181 4260 in
2254 4207 2417 4263 terris
2470 4206 2743 4276 apparuit,
2804 4215 2857 4261 et
2910 4205 2965 4258 in
3011 4203 3191 4257 crucis
3244 4202 3394 4272 ligno

1826 4309 2074 4353 mortuus
2107 4307 2189 4353 est
2218 4298 2384 4354 clavis
2430 4299 2576 4368 ligno
2617 4297 2829 4361 afﬁxus,
2857 4305 2911 4350 et
2942 4312 3064 4351 esca
3098 4293 3274 4349 factus
3310 4303 3395 4348 est

1824 4392 2064 4446 diabolo.
2098 4390 2406 4462 [Tanquam
2442 4392 2642 4445 vermis
2674 4390 2742 4445 ad
2782 4389 3102 4461 capiendum
3138 4385 3394 4457 piscem.)

1897 4545 1983 4608 12,
2026 4544 2112 4598 15.
2168 4545 2306 4599 Cum
2336 4546 2481 4599 enim
2525 4546 2581 4599 in
2616 4561 2778 4601 cruce
2816 4554 2977 4609 esset,
3005 4552 3394 4613 praetereuntes

149 4618 657 4713 παραπορευόμενοι
696 4618 1077 4713 ἐϐλασφήμουν
1132 4642 1289 4696 αὐτὸν
1322 4618 1569 4711 λέγοντες
1592 4659 1606 4672 ’
1650 4646 1720 4696 El

1883 4636 2272 4705 aspliemabant
2319 4653 2444 4691 eum
2500 4638 2788 4692 dicentes:
2846 4636 2907 4691 Si
2953 4634 3129 4689 Filius
3179 4634 3275 4687 Dei
3315 4651 3390 4700 es,

155 4731 285 4798 Υἱὸς
331 4728 389 4785 εἷ
428 4732 536 4786 τοῦ
586 4733 753 4794 Θεοῦ,
802 4733 1085 4800 κατάϐηθι
1125 4734 1243 4787 ἀπὸ
1287 4733 1395 4787 τοῦ
1431 4735 1714 4803 σταυροῦ,

147 4824 417 4887 κινοῦντες
439 4825 537 4889 τὰς
568 4825 807 4895 κεφαλὰς
829 4827 1011 4895 ἔλεγον
1035 4828 1225 4880 ταῦτα.

216 4914 305 4977 14,
347 4914 435 4968 15.
470 4915 692 4983 Ἔλεγον
729 4917 778 4967 οἱ
813 4916 1118 4987 ἀρχιερεῖς·
1165 4915 1454 4971 Πέποιθεν
1484 4916 1582 4970 ἐπὶ
1610 4917 1719 4971 τὸν

149 5007 322 5059 Θεόν·
349 5007 638 5076 ῥυσάσθω
668 5011 855 5063 αὐτόν
881 5010 976 5080 (9).
1559 5017 1572 5029 ⁸

157 5121 163 5127 ·
216 5097 305 5152 16.
345 5099 403 5152 Ὀ
448 5101 863 5172 ἐσταυρωμένος
905 5101 1052 5172 λέγει
1095 5103 1174 5174 τῷ
1222 5103 1430 5177 Πατρί·
1478 5105 1575 5158 Ἐκ
1620 5122 1717 5174 γα-

148 5189 330 5257 στρὸς
351 5191 465 5259 πρὸ
495 5192 834 5263 Ἑωσφόρου
854 5194 1186 5265 ἐγέννησάς
1199 5214 1275 5266 με
1304 5197 1436 5268 (10).

218 5302 264 5334 ²¹
296 5301 403 5359 Isa.
434 5320 510 5371 rx,
538 5305 593 5360 2.
668 5306 787 5339 ³⁰οδο
815 5306 1002 5362 Matth.
1030 5324 1200 5375 xxv",
1228 5310 1317 5364 40.
1394 5308 1435 5339 ⁸¹
1471 5309 1600 5364 ibid.
1628 5309 1716 5363 45.

1828 4728 2078 4782 descende
2117 4730 2180 4783 de
2226 4746 2378 4784 cruce
2433 4731 2585 4798 ’°—"°,
2628 4739 2908 4786 moventes
2949 4730 3124 4799 capita
3147 4744 3244 4784 sua
3280 4728 3395 4781 haec

1823 4822 2093 4877 dicebant.

1889 4915 1976 4980 14,
2012 4914 2097 4968 15.
2153 4913 2414 4967 Dicebant
2448 4912 2721 4982 principes
2756 4914 3099 4967 sacerdotum
3152 4928 3165 4966 :
3212 4910 3394 4981 Conﬁ-

1831 5009 1908 5062 dit
1945 5010 1998 5061 in
2034 5008 2144 5061 Deo
2171 5024 2188 5061 :
2221 5008 2399 5061 liberet
2430 5023 2548 5061 eum
2576 5007 2643 5061 ιι.
3016 5060 3019 5063 ,

1903 5099 1992 5153 16.
2042 5100 2345 5153 Crucilixus
2388 5100 2518 5153 dicit
2547 5098 2691 5152 Patri
2721 5116 2733 5152 :
2774 5095 2859 5149 Ex
2889 5105 3036 5150 utero
3063 5101 3185 5147 ante
3215 5093 3270 5145 ιιι

1827 5210 1945 5247 rum
1970 5195 2196 5263 genuisti
2228 5210 2307 5246 me
2331 5192 2396 5245 θ’.

1794 5310 1837 5339 δ’
1864 5306 2145 5369 Psal.c1x,
2174 5306 2225 5359 5.

1093 5420 1401 5484 Addenda
1461 5432 1519 5484 et
1570 5422 1941 5501 corrigenda
1981 5438 2059 5481 ex
2103 5421 2243 5480 cod.
2280 5418 2478 5478 Vatic.

245 5536 296 5672 1)
331 5539 638 5624 Ἐπιγραφὴ
663 5543 695 5624 η
717 5541 802 5595 διὰ
828 5542 929 5612 τῆς
957 5541 1325 5614 κινναϐάρεως
1358 5543 1620 5616 περιέχει.

245 5605 277 5659 Ξ
336 5610 392 5663 ’0
419 5615 604 5664 ὲπανω
629 5629 736 5665 των
770 5613 956 5672 ἁγίων.
1423 5670 1430 5672 _

240 5605 296 5681 ἓ)
322 5610 392 5681 _’_0
419 5605 604 5681 ἐπάνω
628 5605 736 5665 τῶν
770 5605 956 5681 ἁγίων.
1189 5605 1199 5614 ’
1309 5605 1317 5606 ί
1422 5670 1430 5676 .

240 5676 296 5744 5)
322 5678 384 5733 Ν.
422 5680 511 5744 10,
544 5682 628 5743 lt,
657 5684 708 5735 in
736 5676 855 5740 cod.
882 5701 938 5739 n.
972 5684 1039 5741 10
1066 5694 1277 5742 tantum

241 5746 298 5823 ιε)
327 5751 494 5823 μιν
513 5752 770 5823 eam.

221 5817 302 5883 (5')
328 5820 429 5874 Τοῦ
464 5817 642 5888 gnos.

1891 5540 1966 5612 (6)
2000 5536 2103 5593 Οὗν
2137 5540 2232 5611 τῷ.

1898 5605 1975 5680 (7)
2012 5614 2122 5665 Καὶ
2148 5605 2459 5681 γενόμενον,
2489 5618 2618 5681 etc.,
2654 5609 2851 5681 desimt
2880 5607 2931 5662 in
2962 5605 3086 5662 cod.

1894 5679 1970 5750 (’8)
2005 5681 2065 5735 Ν.
2101 5679 2301 5745 12,15“,
2333 5680 2386 5732 in
2413 5680 2532 5734 cod.
2562 5697 2616 5733 η.
2650 5679 2829 5734 11-15.

1916 5752 1969 5823 9)
1996 5752 2203 5814 Αὺτὼν,
2239 5754 2286 5804 εξ
2320 5750 2459 5803 θέλει
2487 5751 2669 5806 αὐτόν.

1916 5756 1969 5823 9)
1996 5756 2203 5814 Αὺτὼν,
2239 5756 2286 5804 εξ
2320 5756 2459 5803 θέλει
2487 5770 2495 5804 t

1895 5756 2015 5895 (11)),
2036 5823 2373 5894 Γεγέννηκάς
2408 5838 2495 5892 με.
