3878 6218
479 427 588 486 725

551 564 639 622 17.
693 563 829 636 Spes
856 579 975 621 mea
1002 571 1072 622 ab
1100 569 1362 626 uberibus
1401 573 1594 628 matris
1619 589 1755 630 mea:
1781 595 1795 630 :

551 655 638 710 18.
693 653 750 709 ln
781 663 832 710 te
859 655 1134 725 proiectus
1173 672 1294 712 sum
1324 673 1390 712 ex
1423 669 1578 716 utero
1607 679 1621 716 :

547 746 635 800 19.
689 743 766 800 De
793 755 980 802 ventre
1007 749 1198 812 matris
1225 763 1380 816 meae,
1407 749 1550 806 Deus
1575 767 1730 818 meus
1753 769 1812 809 es
1843 763 1898 810 tu
1922 773 1936 808 :

544 834 634 888 20.
680 835 758 890 Ne
805 836 1127 894 discesseris
1178 853 1210 894 a
1263 854 1370 904 me,
1427 841 1686 910 quoniam
1759 845 2046 900 tribulatio

477 926 726 996 proxima
748 935 856 994 est,

547 1015 636 1071 21.
681 1018 947 1084 Quoniam
971 1036 1078 1076 non
1109 1030 1212 1087 est,
1241 1022 1336 1092 qui
1369 1021 1590 1093 adjuvet
1619 1039 1725 1079 me.

547 1109 636 1166 22.
687 1109 1179 1170 Circumdederunt
1211 1129 1300 1169 me
1329 1115 1486 1168 vituli
1519 1116 1700 1182 multi,

544 1199 636 1255 25.
698 1200 864 1256 Tauri
893 1203 1123 1274 pingues
1155 1205 1486 1260 obsederunt
1509 1221 1597 1262 me
1625 1225 1640 1260 :

550 1291 644 1347 24.
691 1295 1031 1363 Aperuerunt
1061 1313 1224 1368 super
1271 1313 1356 1354 me
1384 1315 1447 1353 os
1479 1315 1662 1365 suum,

544 1383 638 1440 25.
691 1383 844 1440 Sicut
873 1388 958 1442 leo
989 1389 1226 1458 rapiens,
1252 1399 1306 1446 et
1348 1392 1592 1462 rugiens.

544 1473 636 1528 26.
690 1473 845 1528 Sicut
880 1490 1022 1546 aqua
1041 1477 1248 1532 elTusus
1277 1493 1419 1543 sum,

544 1563 636 1618 27.
694 1563 760 1618 Et
788 1565 1036 1635 dispersa
1065 1577 1195 1622 sunt
1229 1569 1414 1622 omnia
1434 1583 1562 1624 ossa
1592 1583 1738 1624 mea.

546 1655 637 1710 28.
684 1655 912 1714 Factum
940 1667 1023 1713 est
1060 1674 1155 1714 eor
1181 1676 1364 1716 meum
1400 1669 1660 1732 tanquam
1717 1675 1840 1716 cera
1873 1660 2048 1731 lique-

477 1759 634 1800 scens
665 1745 720 1799 in
752 1747 930 1802 medio
952 1749 1158 1803 ventris
1187 1750 1318 1804 mei.

543 1838 636 1894 29.
693 1841 850 1894 Aruit
877 1849 1136 1910 tanquam
1167 1849 1306 1896 testa
1337 1843 1509 1896 virtus
1533 1856 1650 1896 mea
1679 1859 1696 1894 :

539 1927 630 1986 50.
675 1927 742 1982 Et
762 1929 943 2000 lingua
973 1945 1098 1994 mea
1116 1929 1343 1984 adhaesit
1367 1929 1616 1984 faucibus
1651 1929 1828 1985 meis:

545 2017 634 2072 51.
689 2017 756 2073 Et
779 2020 832 2074 in
859 2021 1135 2090 pulverem
1167 2022 1358 2076 mortis
1390 2023 1660 2076 deduxisti
1693 2037 1800 2076 me.

549 2111 638 2166 32.
690 2110 962 2178 Quoniam
1001 2113 1411 2168 circumderunt
1438 2127 1524 2167 me
1571 2129 1736 2168 canes
1767 2111 1922 2168 multi
1953 2132 1966 2166 :

537 2203 630 2260 55.
681 2204 992 2264 Concilium
1027 2205 1445 2276 malignantium
1473 2203 1688 2260 obsedit
1719 2219 1826 2266 me.

1319 431 1378 489 S.
1417 433 1791 492 ATHANASII
1827 436 1980 494 οΡΡς.
2019 438 2202 499 PARS
2238 443 2326 500 Ill.
2365 476 2436 488 —-
2475 446 2884 504 EXEGETICA.

3615 453 3732 510 72-1»

2073 563 2122 620 Α
2218 560 2306 616 17.
2353 561 2414 614 Ἢ
2441 563 2594 628 ἐλπίς
2629 583 2728 634 μου
2755 565 2862 618 ἀπὸ
2893 566 3111 636 μαστῶν
3137 567 3232 638 τῆς
3258 569 3462 638 μητρός
3495 583 3620 639 pou-

2223 651 2310 704 18.
2346 651 2473 705 Ἐπὶ
2503 654 2560 705 σὲ
2587 657 2889 726 ὲπεῤῥίφην
2915 657 2980 709 ὲκ
3013 658 3250 728 μήτραςο

2223 742 2308 795 19.
2348 744 2478 796 Ἀπὸ
2505 747 2740 816 γαστρὸς
2767 747 2970 818 μητρός
3006 766 3104 818 μου
3129 749 3260 812 Θεός
3290 767 3391 820 μου
3415 744 3470 802 εἴ
3496 747 3588 802 σύ⁹

2222 833 2312 889 20.
2340 835 2430 906 Μὴ
2459 837 2700 908 ἀποστῇς
2733 839 2826 891 ἀπ’
2853 839 3007 908 ἐμοῦ,
3041 841 3122 893 ὅτι
3157 840 3331 905 θλίψις
3357 841 3552 910 ἐγγὺς,

2222 1017 2312 1070 21.
2349 1018 2472 1074 ’Ότι
2497 1019 2595 1072 οὐκ
2621 1020 2766 1072 ἔστιν
2789 1022 2816 1074 ὁ
2846 1019 3054 1091 βοηθῶν
3089 1039 3198 1093 μοι.

2221 1109 2310 1162 22,
2343 1107 2795 1179 Περιεκύκλωσάν
2827 1129 2895 1182 με
2925 1113 3112 1182 μόσχοι
3146 1114 3352 1180 πολλοὶ,

2223 1199 2312 1252 25.
2349 1199 2550 1269 Ταῦροι
2581 1201 2760 1264 πίονες
2784 1203 3068 1272 περιέσχον
3106 1221 3192 1273 με·

2209 1290 2309 1344 24.
2347 1291 2600 1354 Ἥνοιξαν
2625 1292 2710 1345 ἐπ’
2738 1293 2837 1362 ἐμὲ
2866 1294 2926 1346 τὸ
2955 1295 3124 1364 στόμα
3159 1296 3356 1360 αὐτῶν,

2218 1381 2308 1436 25.
2347 1382 2435 1444 Ὠς
2461 1383 2596 1434 λέων
2629 1383 2906 1452 ἁρπάζων,
2939 1385 3032 1438 καὶ
3065 1386 3395 1457 ὡρυόμενος.

2219 1473 2309 1525 26.
2350 1473 2490 1524 Ὠσεὶ
2516 1473 2656 1544 ὓδωρ
2681 1473 2960 1546 ἐξεχύθην,

2220 1564 2309 1617 27.
2339 1565 2448 1618 Καὶ
2480 1566 2862 1636 διεσκορπίσοη
2899 1567 3075 1621 πάντα
3107 1568 3173 1622 τὰ
3202 1571 3334 1622 ὀστᾶ
3369 1586 3491 1640 μου.

2219 1655 2308 1708 28.
2355 1656 2616 1726 Ἐγενήίὶη
2649 1659 2680 1726 ἡ
2723 1657 2918 1728 καρδία
2949 1675 3048 1728 μου
3075 1659 3206 1713 ὡσεὶ
3233 1661 3400 1730 κηρὸς
3425 1659 3736 1732 τηκόμενος

2150 1747 2208 1798 ὲν
2241 1745 2392 1816 μέσῳ
2419 1747 2520 1815 τῆς
2547 1747 2752 1808 κοιλίας
2783 1763 2905 1817 μου·

2222 1835 2313 1890 29.
2352 1835 2649 1906 Ἐξηράνοη
2674 1836 2748 1898 ὡς
2773 1837 3035 1907 ὄστρακον
3067 1837 3098 1906 ἡ
3133 1836 3283 1905 ἰσχύς
3319 1855 3440 1906 μου,

2219 1925 2308 1980 50.
2335 1927 2444 1978 Καὶ
2469 1928 2502 1995 ἡ
2533 1925 2754 1994 γλῶσσὰ
2783 1943 2883 1995 μου
2907 1927 3226 1996 κεκόλληται
3247 1928 3324 1998 τῷ
3345 1927 3576 1998 λάρυγγί
3601 1943 3732 2000 μου·

2219 2019 2308 2071 51.
2337 2018 2446 2070 Καὶ
2477 2018 2556 2079 είς
2585 2017 2711 2087 χοῦν
2743 2018 2969 2071 θανάτου
2997 2020 3306 2089 κατήγαγές
3333 2037 3419 2090 με.

2219 2108 2306 2162 52.
2338 2108 2459 2160 Ὅτι
2491 2108 2805 2162 ἐκύκλωσαν
2837 2127 2902 2178 με
2929 2113 3088 2172 κύνες
3115 2109 3316 2162 πολλοί·
3421 2177 3426 2180 _

2219 2196 2307 2250 55.
2337 2196 2632 2267 Συναγωγὴ
2663 2198 3106 2268 πονηρευομένων
3137 2197 3423 2273 περιέσχον
3457 2213 3546 2266 με.

1594 2379 1968 2438 ATHA‘NASII
2008 2378 2602 2436 INTERPRETATIO.

545 2559 631 2614 l7.
697 2557 821 2630 Spes
853 2576 968 2614 mea
1017 2561 1081 2615 ab
1109 2561 1354 2633 gtberi‘bus
1395 2561 1582 2616 matris
1632 2576 1806 2628 meae:
1857 2561 2046 2616 Mariae

2215 2561 2302 2614 17.
2341 2561 2416 2632 (1)
2449 2561 2584 2614 Ἓπὶ
2611 2560 2686 2614 σὲ
2706 2559 3034 2628 excf-1515.ch
3059 2558 3126 2611 ἐκ
3153 2559 3376 2626 μητρός
3395 2576 3408 2588 ·
3437 2557 3626 2628 Μαρίᾳ
3649 2558 3728 2629 (2)

471 2647 667 2711 matris
691 2647 932 2714 Domini,
965 2657 1060 2702 aut
1101 2650 1368 2720 signiﬁcat
1411 2649 1672 2716 facientes
1714 2649 2046 2703 voluntatem

2181 2653 2236 2707 οὖ
2263 2652 2468 2724 Κυρίου
2507 2652 2654 2720 λέγει
2681 2653 2806 2714 τοὺς
2843 2651 3129 2714 ποιοῦντας
3153 2653 3214 2703 τὸ
3237 2649 3446 2720 θέλημα
3485 2653 3578 2703 τοῦ
3613 2651 3730 2706 Πα-

473 2737 652 2794 Patris
679 2743 822 2808 ejus,
859 2739 954 2809 qui
989 2740 1042 2793 in
1075 2741 1229 2794 cmlis
1277 2750 1382 2807 est,
1434 2741 1538 2795 hoc
1592 2749 1672 2796 est
1720 2741 2042 2809 discipulos,

473 2829 578 2886 hoc
602 2832 805 2898 modo:
846 2832 982 2902 Spes
1011 2839 1103 2886 tua
1135 2833 1190 2886 in
1219 2847 1306 2887 me
1345 2847 1412 2886 cx
1453 2831 1702 2888 doctrinm
1743 2833 2046 2904 discipulo-

472 2935 596 2976 rum
639 2938 883 2978 meorum
914 2931 1018 2978 est.

2141 2743 2270 2813 τρὸς
2303 2741 2487 2806 αὐτοῦ,
2523 2741 2618 2795 τοῦ
2645 2744 2701 2794 ὲν
2723 2741 2986 2812 οὐρανοῖς,
3017 2740 3262 2793 τουτέστι
3295 2741 3420 2802 τοὺς
3455 2740 3728 2810 μαθητάς.

2156 2835 2220 2886 Ἥ
2259 2835 2410 2897 ἐλπίς
2450 2851 2541 2888 σου
2581 2834 2656 2903 (5)
2697 2834 2729 2904 ἡ
2765 2835 2843 2895 είς
2880 2831 2978 2902 ἐμὲ
3020 2833 3082 2884 ὲκ
3122 2835 3219 2902 τῆς
3244 2831 3464 2908 διδαχῆς
3483 2832 3590 2884 τῶν
3627 2849 3732 2902 μα-

2152 2923 2329 2993 θητῶν
2379 2927 2478 2997 μού
2524 2927 2690 2978 ἐστιν.
2723 2922 2824 2994 [Ἡ
2869 2923 3021 2986 ἐλπίς
3060 2940 3160 2993 μου
3210 2923 3315 2975 ἀπὸ
3361 2921 3578 2992 μαστῶν
3629 2925 3733 2990 τῆς

475 3013 681 3084 μητρός
717 3031 848 3085 μου·
883 3014 1100 3086 Μαρίας
1142 3013 1235 3068 τοῦ
1279 3015 1486 3087 Κυρίου
1509 3055 1524 3080 ,
1549 3017 1584 3088 ἢ
1614 3017 1760 3086 λέγει
1803 3016 1930 3080 τοὺς
1963 3013 2244 3079 ποιοῦντας
2277 3017 2337 3069 τὸ
2373 3018 2582 3088 Θέλημα
2632 3017 2725 3069 τοῦ
2777 3015 2986 3088 Πατρὸς
3031 3015 3216 3078 αὑτοῦ,
3245 3014 3338 3067 τοῦ
3375 3017 3430 3069 ὲν
3451 2999 3734 3088 οὐρανοῖςξ

471 3103 716 3157 τουτέστι
751 3105 880 3168 τοὺς
921 3105 1185 3177 μαθητὰς,
1225 3108 1426 3172 οὕτως’
1475 3109 1536 3161 Ἦ
1579 3107 1732 3171 ἐλπίς
1769 3125 1862 3162 σου
1896 3109 1928 3180 ἡ
1958 3108 2038 3171 είς
2077 3107 2179 3178 ἐμὲ
2213 3109 2276 3161 ἐκ
2304 3113 2402 3179 τῆς
2423 3109 2640 3179 διδαχῆς
2671 3109 2778 3162 τῶν
2805 3107 3060 3178 μαθητῶν
3087 3107 3186 3178 μού
3227 3107 3421 3179 senm]

551 3195 640 3250 18.
686 3195 825 3250 Illud
855 3207 1034 3252 autem
1063 3217 1076 3252 :
1129 3199 1196 3254 In
1232 3209 1279 3254 te
1321 3201 1586 3270 projectus
1620 3217 1738 3254 sum
1765 3217 1828 3254 ex
1873 3213 2042 3266 utero,

473 3288 695 3356 quando
735 3287 975 3354 Gabriel,
1003 3306 1126 3344 cum
1156 3301 1300 3348 esset
1343 3293 1460 3364 ipse
1508 3293 1562 3348 in
1593 3302 1750 3348 utero
1785 3291 2042 3362 Virginis,

473 3379 541 3434 de
571 3393 638 3433 eo
663 3379 821 3444 dixit,
855 3382 1001 3449 quod
1035 3381 1206 3438 Filius
1253 3383 1342 3438 Dei
1377 3394 1480 3439 est.

2213 3200 2298 3254 18.
2345 3200 2418 3252 Τὸ
2453 3201 2542 3264 δὲ,
2587 3200 2716 3253 Ἐπί
2765 3199 2840 3252 σὲ
2883 3201 3213 3268 ἐπείρίρην
3255 3199 3333 3268 (1)
3375 3201 3444 3252 ἐκ
3473 3201 3732 3269 μήτρας,

2142 3291 2270 3344 ὅταν
2297 3292 2324 3343 ὁ
2353 3290 2608 3361 Γαϐριὴλ,
2645 3291 2795 3354 ὄντος
2827 3289 2988 3344 αὑτοῦ
3020 3293 3076 3342 ἐν
3119 3293 3300 3361 μήτρᾳ.
3330 3292 3426 3361 τῆς
3453 3293 3732 3363 Παρῗὲνου

2145 3383 2296 3448 ἔλεγε
2322 3382 2448 3452 περὶ
2480 3381 2666 3446 αὐτοῦ,
2701 3383 2780 3434 ὅτι
2804 3383 2931 3445 Υἱὸς
2967 3381 3060 3435 τοῦ
3095 3383 3226 3434 Θεοῦ
3263 3383 3430 3434 ἐστιν.

555 3469 644 3525 19.
677 3469 742 3523 Ει
791 3471 846 3524 in
873 3479 1060 3526 ventre
1091 3489 1216 3527 eum
1272 3490 1444 3530 essem
1495 3475 1638 3546 eius,
1693 3489 1856 3544 quam
1909 3473 2089 3558 milti‘

2217 3471 2304 3525 19.
2359 3473 2468 3524 Kal
2513 3473 2568 3524 ἐν
2619 3474 2682 3541 τῇ
2739 3473 2935 3542 γαστρί
2991 3489 3056 3542 με
3103 3471 3249 3534 ὄντα,
3295 3469 3362 3544 ἧς
3419 3471 3734 3544 ἠϐουλήθην

474 3571 706 3618 matrem
724 3577 846 3618 esse
872 3565 1116 3631 voluisti,
1148 3569 1402 3637 spectasti
1435 3585 1523 3624 me
1567 3578 1622 3624 tu
1650 3567 1818 3634 solus,
1845 3566 2004 3621 Pater
2029 3585 2042 3620 :

474 3669 602 3724 quis
643 3667 786 3708 sum.

539 3745 628 3799 20.
687 3741 770 3797 Ne
806 3740 1114 3796 discesseris.
1147 3755 1180 3792 a
1213 3755 1329 3794 me:
1367 3755 1470 3811 ego
1503 3741 1646 3797 enim
1675 3744 1730 3799 in
1769 3755 1839 3810 te,
1864 3747 2046 3813 Pater,

475 3845 534 3892 et
564 3847 620 3892 tu
661 3835 717 3889 in
749 3849 858 3890 me.
896 3833 1168 3888 Passurus
1209 3847 1354 3898 sum,
1410 3835 1558 3904 quod
1609 3839 1750 3906 apud
1797 3839 2048 3898 homines

474 3938 557 3984 est
597 3925 900 3990 tribulatio,
947 3939 1057 3978 non
1104 3924 1246 3993 apud
1275 3939 1382 3978 me.

549 4020 640 4076 21.
693 4018 812 4088 lpse
843 3997 988 4072 enim
1019 4016 1122 4072 sibi
1153 4016 1256 4084 ipsi
1300 4017 1616 4086 auxiliatur,
1655 4030 1842 4092 utpote
1873 4024 2049 4078 omni-

473 4119 694 4182 potens,
729 4119 783 4172 et
821 4125 1002 4164 rerum
1051 4109 1300 4162 omnium
1349 4109 1626 4168 dominus.

543 4203 740 4270 22-25..
785 4201 858 4256 De
881 4199 1084 4256 Judaeis
1117 4201 1381 4270 loquitur,
1423 4205 1642 4272 quando
1673 4205 2049 4264 circumdede-

476 4305 608 4350 runt
639 4310 787 4359 eum,
803 4302 856 4348 et
878 4293 1219 4347 clamabant:
1245 4292 1410 4360 Tolle,
1432 4295 1576 4358 tolle,
1594 4297 1839 4365 cruciﬁge
1855 4297 2046 4350 eum”.

543 4387 636 4448 ‘26,
676 4385 765 4450 27.
815 4383 952 4439 Ossa
983 4399 1080 4438 sua
1111 4383 1426 4438 Judaaomm
1459 4386 1719 4454 populum
1751 4387 1902 4442 dicit.

543 4477 634 4532 28.
689 4476 798 4532 Cor
829 4492 990 4531 suum
1027 4491 1217 4530 rursus
1259 4478 1520 4546 populum
1548 4477 1860 4532 .ludmorum
1893 4479 2046 4546 dicit,

473 4571 602 4640 quia
631 4569 752 4638 ejus
785 4569 1002 4638 eIOquia
1027 4569 1082 4622 in
1119 4569 1377 4624 cordibus
1407 4584 1597 4624 eorum
1625 4579 1800 4625 erant.

543 4662 634 4717 29.
677 4661 898 4716 Iudaeos
938 4661 1226 4731 signiﬁcat.

543 4753 634 4808 50.
690 4753 894 4808 Deiecit
939 4754 1084 4807 enim
1123 4769 1186 4806 ex
1221 4766 1316 4806 ore
1363 4752 1610 4821 ipsorum
1662 4751 1784 4806 fons
1823 4753 1968 4818 vitae,
1997 4759 2051 4807 et

477 4855 762 4917 propterea
793 4843 1018 4900 adhaesit
1049 4845 1101 4897 in
1146 4841 1292 4898 sitim
1341 4843 1574 4912 p0pulus
1607 4841 1942 4898 Iudaeorum.

545 5023 636 5078 51.
689 5021 768 5076 Ad
798 5021 1014 5075 Judazos
1045 5035 1132 5074 me
1163 5017 1385 5074 misisti.

541 5115 633 5177 52,
673 5115 762 5168 55.
815 5112 986 5168 Judaei
1013 5111 1163 5166 enim
1199 5111 1801 5168 eireumdcderuntme.

545 5269 594 5306 “
615 5267 770 5326 Joan.
799 5284 914 5332 sit,
952 5271 1036 5326 l5.

2149 3561 2504 3634 [ηϐουλήοης]
2561 3562 2764 3634 μητρός
2815 3579 2946 3633 μου,
2993 3563 3248 3617 τεθέασαι
3297 3581 3365 3634 με
3421 3565 3484 3616 σὺ
3529 3563 3730 3634 μόνος,

2147 3655 2348 3727 Πάτερ·
2381 3655 2442 3708 τὸ
2471 3655 2552 3718 τίς
2583 3657 2720 3724 εἰμι.

2217 3747 2304 3800 20.
2339 3748 2458 3799 Οὐκ
2487 3745 2761 3814 ἀποστῇς
2791 3745 2864 3815 (3)
2897 3745 2996 3798 ἀπ’
3047 3743 3193 3814 ἐμοῦ
3217 3762 3228 3774 ·
3261 3743 3370 3812 ἐγὼ
3398 3743 3506 3815 γὰρ
3537 3746 3595 3796 ἐν
3625 3747 3734 3810 σοὶ,

2149 3839 2353 3908 Πάτερ,
2387 3839 2482 3890 καὶ
2513 3839 2575 3892 σὺ
2609 3839 2664 3890 ἐν
2699 3838 2842 3908 ἐμοί.
2877 3839 3113 3907 Πάσχειν
3147 3837 3342 3908 μέλλω,
3375 3837 3402 3889 ὂ
3434 3837 3588 3908 παρὰ
3615 3841 3736 3902 τοῖς

2148 3928 2454 4000 ἀνθρώποις
2484 3931 2598 3982 ἐστι
2627 3930 2821 3999 ϐλίψις,
2852 3931 2910 3982 οὐ
2941 3929 3048 4000 γὰρ
3081 3929 3259 4000 [παρ’]
3291 3930 3366 4000 (6)
3397 3931 3536 4001 ἐμοί.

2218 4021 2308 4073 21.
2343 4020 2516 4082 Αὐτὸς
2555 4020 2662 4092 γὰρ
2709 4021 2886 4092 ἑαυτῷ
2917 4021 3122 4091 βοηϐῶν
3157 4023 3253 4092 (7),
3284 4023 3360 4086 ὼς
3399 4022 3732 4077 παντοὸύνα-

2153 4129 2250 4182 μος
2289 4113 2383 4164 καὶ
2405 4110 2778 4182 ἐξουσιαστής.

2217 4201 2404 4256 22-25.
2437 4203 2570 4272 Περὶ
2609 4202 2718 4254 τῶν
2759 4203 3026 4256 Ἰουδαίων
3073 4203 3256 4272 λέγει,
3289 4206 3376 4257 ὅτε
3411 4205 3730 4259 ἐκύκλωσαν

2153 4292 2336 4356 αὑτὸν,
2355 4293 2450 4346 καὶ
2477 4291 2728 4363 ἔκραζον·
2747 4287 2945 4360 Ἆρον,
2966 4288 3133 4362 ἆρον,
3149 4297 3504 4362 σταύρωσσν
3517 4299 3730 4351 αὐτόν.

2219 4383 2308 4448 26,
2339 4383 2430 4436 27.
2466 4385 2626 4438 Ὀστᾶ
2651 4383 2841 4438 ἑαυτοῦ
2863 4385 2950 4438 τὸν
2973 4385 3097 4438 λαὸν
3123 4385 3230 4438 τῶν
3265 4385 3528 4440 Ἰουδαίων
3557 4385 3728 4455 λέγει.

2219 4469 2308 4522 28.
2337 4471 2580 4542 Καρδίαν
2609 4472 2798 4524 ἑαυτοῦ
2825 4475 2915 4526 τὸν
2955 4463 3081 4527 λα’ὸν
3123 4475 3282 4528 πάλιν
3313 4474 3421 4528 τῶν
3460 4476 3732 4531 Ἰουδαίων

2150 4562 2319 4630 λέγει,
2343 4563 2432 4616 διὰ
2455 4565 2521 4616 τὰ
2537 4564 2692 4632 λόγια
2719 4565 2884 4617 αὐτοῦ
2903 4569 2959 4620 ἐν
2975 4571 3093 4630 ταῖς
3111 4567 3354 4640 καρδίαις
3371 4567 3548 4622 αὐτῶν
3565 4563 3728 4622 εἶναι.

2221 4655 2308 4708 29.
2339 4657 2475 4718 Τοὺς
2512 4657 2798 4719 Ἰουδαίους
2829 4659 2899 4728 (8)
2931 4659 3094 4728 λέγει.

2223 4748 2311 4802 50.
2353 4747 2594 4814 Ἐξέλιπε
2626 4747 2734 4820 γὰρ
2778 4751 2842 4802 ἐκ
2884 4751 2975 4803 τοῦ
3011 4752 3274 4821 στόματος
3307 4751 3486 4804 αὐτῶν
3580 4754 3732 4826 πηγὴ

2083 4833 2127 4887 D
2155 4843 2254 4909 τῆς
2286 4840 2432 4909 ζωῆς
2452 4881 2464 4902 ,
2501 4841 2595 4893 καὶ
2631 4839 2715 4893 διὰ
2751 4839 2910 4893 τοῦτο
2941 4841 3202 4913 ἐκολλήθη
3236 4843 3314 4905 εἰς
3357 4841 3514 4911 δίψαν
3545 4845 3572 4896 ό
3603 4843 3732 4908 λαὸς

2155 4932 2263 4985 τῶν
2305 4933 2591 4986 Ἰουδαίων.

2226 5025 2315 5078 51.
2347 5023 2490 5094 Πρὸς
2521 5025 2646 5088 τοὺς
2693 5025 2978 5088 Ἰουδαίους
3004 5043 3068 5096 με
3103 5024 3442 5089 ἀπέστειλας.

2228 5115 2316 5180 52,
2345 5115 2434 5170 55.
2465 5117 2528 5168 Οἱ
2559 5115 2667 5185 γὰρ
2707 5115 2943 5170 Ἰουδαῖοι
2973 5115 3286 5172 ἐκύκλωσάν
3317 5133 3406 5187 με.

1425 5425 1732 5490 Addenda
1766 5433 1826 5490 et
1871 5424 2248 5506 corrigenda
2284 5441 2362 5485 ex
2387 5421 2530 5486 cod.
2571 5419 2772 5482 Vatic.

543 5610 622 5682 (1)
652 5611 716 5667 Ν.
747 5612 832 5674 17.
863 5613 918 5670 in
953 5613 1074 5670 cod.
1101 5631 1156 5670 η.
1189 5613 1390 5680 17,18.

549 5685 568 5755 (
571 5684 628 5755 2)
663 5683 912 5755 Μκητέρα.

549 5749 626 5823 (3)
661 5749 788 5806 Οὗν.

547 5821 625 5888 (4)
659 5823 854 5879 Ἐστίν.
887 5823 960 5880 To
982 5823 1039 5880 δέ
1059 5841 1072 5855 ·
1119 5825 1240 5880 Ἐπὶ
1271 5827 1330 5882 σὲ
1359 5825 1638 5898 ὲπιρίφην,
1670 5837 1771 5884 etc.

2225 5613 2300 5678 (5)
2327 5614 2440 5666 Οὐκ
2473 5612 2538 5666 ἂν
2563 5612 2817 5682 ἀπέστης.

2223 5685 2297 5752 (6)
2326 5683 2522 5754 Γάρνὲν
2547 5683 2673 5754 έμῇ·

2225 5757 2300 5824 (7)
2327 5753 2538 5822 Βοηθῶ.

2227 5819 2303 5896 (8)
2337 5819 2472 5888 Τοῦς
2505 5823 2702 5886 αὐτοὺς
2745 5819 2895 5874 Ἰουδ.
