3878 6218
221 344 343 404 725

300 465 395 522 54.
431 464 662 536 Ὠρυξαν
695 461 880 533 χεῖράς
916 479 1015 533 μου
1050 462 1142 515 καὶ
1171 463 1336 526 πόδας
1370 478 1493 533 μουο

305 555 397 612 55.
446 554 847 626 Ἐξηρίθμησαν
880 554 1057 608 πάντα
1087 554 1155 607 τὰ
1179 556 1311 608 ὀστᾶ
1336 572 1456 624 μου.

310 646 401 702 56.
425 646 587 699 Αὐτοὶ
616 646 673 699 δὲ
702 645 1054 716 κατενόησαν,
1080 647 1174 699 καὶ
1195 645 1403 699 ὲπεῖδόν
1428 664 1515 717 με.

312 823 403 877 57.
436 824 818 894 Διεμερίσαντο
838 824 907 877 τὰ
944 824 1131 894 ἱμάτιά
1163 841 1262 895 μου
1299 826 1538 889 ἑαυτοῖς⁹

311 913 402 969 58.
440 916 549 967 Καὶ
579 916 671 967 ἐπὶ
696 916 787 968 τὸν
822 916 1112 986 ἱματισμόν
1145 934 1245 986 μου
1273 916 1460 969 ἔϐαλον
1494 916 1709 989 κλῆρον.

315 1004 405 1061 59.
436 1006 508 1059 Σὺ
541 1006 619 1071 δὲ,
648 1007 841 1078 Κύριε,
873 1008 947 1079 μὴ
993 1008 1273 1081 μακρύνῃς
1306 1008 1403 1081 τὴν
1438 1008 1689 1080 βοήθειάν
1723 1025 1816 1062 σου

237 1096 344 1149 ἀπ’
370 1096 525 1165 ἐμοῦ.

316 1186 407 1241 40.
436 1189 531 1250 Εἰς
558 1187 656 1258 τὴν
689 1189 970 1262 ἀντίληψιν
1009 1208 1108 1262 μου
1145 1191 1396 1262 πρόσχες.

318 1277 409 1334 41.
455 1279 640 1333 Ῥῦσαι
665 1281 770 1333 ἀπὸ
792 1282 1061 1352 ῥομφαίας
1087 1282 1183 1353 τὴν
1207 1282 1381 1353 ψυχήν
1419 1300 1540 1353 μου,

319 1369 411 1426 42.
439 1372 548 1423 Καὶ
569 1372 634 1423 ὲκ
664 1373 842 1443 χειρὸς
875 1374 1033 1436 κυνὸς
1063 1373 1159 1443 τὴν
1190 1374 1448 1444 μονογενῆ
1482 1390 1604 1443 μου.

320 1462 409 1515 45.
444 1461 624 1514 Σῶσόν
652 1480 718 1533 με
749 1464 813 1517 ὲκ
844 1464 1105 1534 στόματος
1136 1464 1365 1528 λέοντος,

318 1550 411 1605 44.
450 1552 559 1605 Καὶ
593 1552 698 1605 ἀπὸ
732 1555 975 1624 κεράτων
1004 1554 1389 1625 μονοκερώτων
1422 1555 1519 1625 τὴν
1558 1570 1822 1607 ταπεινω-

247 1646 340 1695 σιν
372 1658 491 1697 μου.

324 1658 340 1692 ρ
411 1658 491 1697 ου.

324 1658 414 1786 ιιὲ
440 1737 779 1807 Διηγήσομαι
807 1738 867 1790 τὸ
896 1738 1066 1807 ὄνομά
1097 1755 1189 1791 σου
1217 1740 1329 1800 τοῖς
1360 1737 1603 1807 ἀδελφοῖς
1632 1751 1754 1807 μου’

326 1823 416 1878 46.
459 1826 545 1879 Ἐν
579 1828 726 1899 μέσῳ
755 1829 1048 1900 ἐκκλησίας
1073 1831 1300 1901 ὑμνήσω
1332 1847 1412 1885 σε.

326 1914 417 1970 47.
453 1918 518 1971 Οἱ
549 1919 866 1987 φοϐούιιενοι
890 1921 979 1975 τὸν
1007 1920 1229 1993 Κύριον,
1256 1920 1504 1975 αἰνέσατε
1537 1920 1716 1973 αὑτόν.

1142 346 1231 401 DE
1271 345 1549 403 TITULIS
1588 345 2041 403 PSALMORUM.
2084 375 2154 386 —
2187 345 2379 401 PSAL.
2417 345 2559 402 XXI.

3368 346 3470 400 726

1835 467 1883 524 Α
1978 463 2065 517 54.
2116 462 2390 519 Foderunt
2420 478 2615 519 manus
2638 476 2808 527 meas,
2844 468 2899 515 et
2924 459 3089 529 pedes
3113 475 3263 515 meos
3294 480 3309 515 :

1979 553 2069 607 55.
2120 552 2612 609 Dinumeraverunt
2642 553 2823 606 omnia
2854 565 2978 605 ossa
3017 563 3157 603 mea.

1976 644 2064 698 56.
2122 643 2229 716 Ipsi
2276 661 2404 700 vero
2446 644 2951 707 consideraverunt,
3009 649 3063 696 et
3124 639 3477 710 inspexerunt

1911 749 2018 789 me.

1979 823 2069 877 57.
2122 820 2434 875 Diviserunt
2473 819 2577 874 sibi
2604 822 2927 876 vestimenta
2960 834 3078 873 mea
3108 838 3121 873 :

1976 913 2067 967 58.
2117 911 2184 967 Ει
2211 927 2373 981 super
2398 920 2605 967 vestem
2630 928 2805 967 meam
2828 913 3095 968 miserunt
3120 919 3341 965 sortem.

1988 1005 2076 1059 59.
2131 1001 2209 1056 Tu
2240 1011 2443 1069 autem,
2476 1002 2722 1069 Domine,
2756 1018 2825 1058 ne
2847 999 3187 1074 clongaveris
3213 996 3479 1054 auxilium

1916 1110 2069 1155 tuum
2096 1113 2124 1151 a
2154 1112 2241 1150 me
2278 1115 2290 1150 Ξ

1984 1193 2072 1246 40.
2127 1189 2207 1243 Ad
2244 1185 2615 1243 defensionem
2652 1200 2827 1239 meam
2864 1185 3138 1254 eonspiee.

1992 1283 2080 1336 41.
2124 1280 2268 1334 Erue
2290 1295 2319 1333 a
2351 1278 2576 1341 framea,
2605 1276 2768 1343 Deus,
2793 1276 3031 1330 animam
3064 1289 3264 1338 meam,

1993 1373 2081 1426 42.
2136 1370 2201 1424 Ει
2224 1371 2289 1425 de
2317 1385 2481 1423 manu
2500 1368 2651 1422 canis
2676 1366 2895 1421 unicam
2913 1380 3111 1419 meam.
3210 1362 3215 1365 ⁷

1991 1463 2080 1516 45.
2135 1460 2293 1515 Salva
2319 1475 2405 1513 me
2435 1474 2498 1512 ex
2532 1472 2625 1511 ore
2650 1456 2850 1522 leonis,

1995 1554 2084 1609 44.
2134 1553 2202 1607 Ει
2268 1568 2296 1606 a
2366 1550 2626 1606 cornibus
2704 1548 3051 1603 unicornium
3126 1544 3485 1600 humilitatem

1924 1661 2121 1702 meam.

1997 1738 2085 1792 45.
2139 1734 2385 1789 Narrabo
2417 1747 2615 1787 nomen
2638 1740 2789 1785 tuum
2816 1728 3075 1784 fratribus
3105 1727 3281 1784 meis:

1851 1820 1893 1875 Β
1991 1830 2081 1884 46.
2130 1831 2191 1883 In
2233 1826 2413 1881 medio
2444 1824 2686 1880 ecclesiae
2718 1822 2949 1878 laudabo
2985 1831 3053 1876 te.

1996 1920 2085 1974 47.
2137 1918 2240 1984 Qui
2272 1917 2476 1972 timetis
2510 1914 2826 1980 Dominum,
2868 1910 3083 1967 laudate
3113 1924 3261 1966 eum.

1374 2137 1750 2194 ATHANASII
1788 2135 2374 2194 INTERPRETATIO.

328 2333 419 2390 54.
447 2334 586 2397 Τοὺς
616 2334 777 2405 ἥλους
814 2334 941 2400 τοὺς
966 2334 1071 2390 ὑπὸ
1102 2334 1179 2408 (1)
1216 2335 1323 2389 τῶν
1381 2334 1557 2389 ποδῶν
1598 2334 1691 2387 καὶ
1724 2335 1830 2389 τῶν

254 2426 459 2498 χειρῶν
485 2426 649 2481 αὑτοῦ
684 2427 849 2496 λέγει.

332 2517 423 2573 55.
455 2517 545 2587 Τῷ
570 2518 710 2571 κατὰ
737 2519 953 2572 πάντων
983 2518 1092 2572 τῶν
1143 2517 1318 2590 μελῶν
1363 2520 1729 2589 προσαγαγεῖν
1756 2518 1831 2591 (2)

254 2609 461 2671 αὐτοὺς
499 2610 769 2681 τιμωρίας
801 2610 951 2681 αὑτῷ
973 2627 987 2641 ο
1024 2610 1447 2681 ὲφραγγέλωσαν
1495 2610 1602 2682 γὰρ
1649 2611 1830 2674 αὑτὸν,

253 2700 359 2755 καὶ
410 2700 753 2772 ὲρῤἀπισαν,
798 2702 892 2755 καὶ¹
941 2702 1309 2771 ἐκολάφισαν,
1367 2702 1461 2755 καὶ
1510 2698 1608 2755 εἶθ’
1660 2701 1832 2765 οὕτως

256 2792 427 2847 ὲσταύ
437 2811 638 2863 ρωσαν.

331 2886 422 2942 56.
457 2888 585 2941 Ὅτε
618 2886 710 2940 ἐπὶ
751 2885 844 2940 τοῦ
894 2885 1126 2957 σταυροῦ
1152 2885 1387 2957 ὁρῶντες
1421 2885 1580 2940 αὑτὸν
1612 2884 1794 2953 ελεγον
1814 2902 1828 2915 ν

260 2976 424 3030 Οὺάί
453 2978 528 3047 (5)
573 2977 802 3043 ἄλλους
843 2976 1111 3041 ἔσωσεν,
1171 2975 1389 3029 ἑαυτὸν
1442 2977 1513 3029 οὐ
1583 2973 1832 3029 δύναται

258 3065 481 3125 σῶσαι.

333 3153 425 3219 57,
456 3152 543 3207 58.
576 3155 639 3207 Οί
671 3153 1078 3227 σταυρώσαντες
1108 3155 1269 3208 αὑτὸν
1297 3154 1653 3225 στρατιῶται.

337 3244 430 3310 '59,
461 3245 550 3300 40.
583 3246 804 3315 Πρῶτον
830 3247 927 3317 μὲν
947 3249 974 3299 ὁ
1003 3248 1287 3319 προφήτης
1316 3246 1461 3315 λέγει
1490 3246 1625 3319 πρὸς
1639 3246 1797 3299 αὑτὸν
1818 3285 1833 3307 ,

1999 2330 2088 2385 54.
2139 2328 2328 2383 Claves
2360 2329 2414 2381 in
2449 2326 2696 2398 pedibus,
2743 2334 2799 2383 et
2845 2325 3098 2383 manibus
3141 2323 3260 2395 ejus
3289 2322 3494 2394 signiti-

1929 2434 1989 2474 ca
1998 2428 2036 2473 ι.

2007 2508 2095 2563 55.
2138 2507 2240 2563 Per
2293 2507 2476 2563 omnia
2536 2507 2709 2578 ipsius
2774 2508 3017 2564 membra
3064 2507 3400 2564 admovendo
3444 2506 3498 2560 ei

1929 2598 2225 2653 cruciatus.
2289 2597 2474 2668 Ipsum
2522 2599 2668 2654 enim
2732 2598 3167 2670 ﬂagellaverunt,
3226 2608 3278 2654 et
3324 2598 3498 2667 alapis

1932 2699 2339 2760 percusserunt,
2382 2700 2437 2746 et
2460 2692 2895 2761 colaphizarunt,
2958 2701 3121 2762 atque
3172 2692 3246 2746 ita
3301 2689 3498 2745 deinde

1933 2780 2324 2835 cruciﬁxerunt

2003 2873 2093 2929 56.
2135 2872 2364 2939 Quando
2417 2890 2473 2928 in
2523 2889 2687 2930 cruce
2734 2890 2859 2930 eum
2899 2876 3141 2931 videntes
3192 2876 3494 2931 dixerunt:

1942 2961 2100 3016 Vah!
2129 2962 2261 3018 alios
2295 2964 2467 3020 salvos
2509 2967 2656 3034 fecit,
2689 2966 2917 3036 seipsum
2953 2983 3051 3021 non
3084 2976 3250 3036 potest
3295 2965 3500 3020 salvum

1934 3054 2104 3123 facere
2137 3054 2202 3109 ⁸⁸.

2008 3147 2098 3211 57,
2130 3146 2219 3200 58.
2257 3144 2474 3210 Milites,
2510 3145 2602 3214 qui
2627 3160 2751 3199 eum
2777 3146 3190 3200 crucilixerunt.

2011 3238 2101 3304 59,
2132 3236 2220 3291 40.
2253 3235 2497 3291 Primum
2527 3237 2744 3307 quidem
2773 3236 3033 3306 propheta
3070 3235 3138 3289 ad
3162 3250 3285 3290 eum
3325 3234 3456 3290 dicit
3486 3253 3499 3288 :

260 3336 348 3390 ὅτι
406 3337 521 3402 Σὺ,
593 3338 799 3404 Κύριε,
841 3336 1011 3390 ταῦτα
1054 3338 1127 3409 (4)
1178 3338 1466 3408 ὑπομένων
1510 3337 1599 3407 ὑφ’
1644 3335 1832 3409 [ὑπὲρ]

1963 3335 2040 3402 Γιι,
2074 3336 2314 3402 Domine,
2345 3336 2460 3391 bare
2483 3337 2692 3406 patiens
2713 3352 2812 3406 pro
2832 3337 3013 3400 nobis,
3043 3336 3263 3390 imitans
3289 3349 3411 3400 nos,
3442 3349 3505 3387 ne

262 3426 447 3498 ἡμῶν,
486 3429 814 3499 μιμούμενος
854 3432 997 3501 ἡμᾶς
1016 3472 1029 3494 ,
1061 3429 1190 3501 [μὴ]
1212 3431 1525 3500 μακρύνῃς
1551 3429 1667 3498 τὴν
1687 3429 1838 3496 ,ϐοή-

265 3520 437 3579 θειάν
464 3533 578 3573 σου
610 3520 709 3574 ἀπ’
743 3522 908 3590 ἐμοῦ,
938 3522 1032 3574 τοῦ
1071 3522 1199 3575 λαοῦ
1232 3521 1341 3575 τῶν
1381 3522 1667 3586 Ἰουδαίων,
1699 3522 1835 3574 ἀλλ’

264 3612 357 3675 είς
388 3610 721 3678 ἀντίληψιν
766 3612 935 3680 ἡμῶν
969 3612 1376 3682 εὐδοκίμησον
1422 3614 1518 3685 (5).
1576 3615 1731 3666 Ἔστι
1780 3614 1837 3666 δὲ

265 3702 365 3755 καὶ
407 3703 470 3755 ἐκ
508 3702 798 3774 προσώπου
822 3703 984 3757 αὑτοῦ
1014 3704 1107 3757 τοῦ
1141 3705 1343 3776 Κυρίου
1367 3704 1619 3773 λέγεσθαι
1642 3705 1833 3767 ταῦτα,

266 3794 619 3849 ὑποτύπωσιν
661 3797 793 3865 ἡμῖν
831 3795 1006 3857 διδοὺς
1043 3795 1104 3849 τὸ
1132 3795 1392 3861 τοιούτοις
1423 3796 1601 3864 λόγοις
1636 3796 1836 3866 κεχρῆ-

269 3885 396 3939 σθαι
428 3888 484 3938 ὲν
518 3886 692 3957 καιρῷ
725 3887 1044 3958 μαρτυρίου.

341 3978 431 4043 41,
460 3979 548 4032 45.
574 3979 746 4041 Αὑτὸς
772 3979 1129 4049 προσεύχεται
1155 3976 1269 4042 νῦν,
1296 3978 1427 4042 Θεὸς
1451 3978 1545 4045 ὢν,
1577 3978 1838 4050 ρυσθῆναι

265 4071 379 4126 ἀπὸ
420 4069 514 4123 τοῦ
564 4070 829 4135 διαϐόλου,
875 4071 961 4124 ἵνα
994 4072 1080 4136 σὺ,
1120 4071 1404 4141 ἄνθρωπος
1448 4069 1543 4135 ὣν,
1584 4071 1658 4142 μὴ
1703 4071 1839 4141 ἀμε-

264 4162 439 4235 λήσῃς
473 4162 572 4233 (6)·

344 4257 433 4311 44.
464 4257 538 4310 Τὸ
580 4254 749 4327 κέρας
794 4255 887 4308 τοῦ
928 4256 1295 4326 μονοκέρωτος
1335 4254 1533 4326 ὑψηλόν
1578 4256 1714 4317 ἑστι,
1748 4254 1840 4307 καὶ

266 4348 644 4421 ἁναιρετικόνο
687 4348 815 4418 περὶ
857 4343 950 4400 οὖν
992 4348 1091 4417 τῆς
1143 4349 1369 4419 καρδίας
1422 4346 1530 4401 τῶν
1575 4346 1839 4400 Ἰουδαίων

265 4444 368 4514 τῆς
401 4440 577 4503 δολίας
608 4440 702 4493 καὶ
737 4439 944 4509 ὑψηλῆς
970 4438 1137 4508 λέγει.

345 4533 434 4588 45.
477 4533 552 4602 (7)
594 4531 677 4597 Τῷ
714 4530 863 4597 λαῷ,
890 4531 1070 4598 λέγει,
1121 4530 1481 4599 διηγήσομαι
1531 4530 1599 4583 τὸ
1654 4530 1841 4599 ὄνομά

1936 3426 2257 3496 elongaveris
2302 3428 2566 3481 auxilium
2609 3442 2757 3480 tuum
2808 3444 2839 3480 a
2896 3444 2993 3494 me,
3032 3427 3137 3481 hoc
3175 3437 3259 3482 est
3303 3424 3505 3496 populo

1936 3516 2182 3581 Judaico,
2213 3519 2302 3571 sed
2348 3519 2667 3587 complaceal
2710 3520 2804 3571 tibi
2851 3520 2906 3573 in
2957 3518 3223 3572 auxilium
3266 3526 3507 3571 nostrum

1936 3611 2128 3662 venire.
2162 3608 2404 3664 Possunt
2437 3610 2601 3664 etiam
2649 3610 2764 3664 haec
2805 3610 2913 3664 dici
2956 3626 3023 3663 ex
3052 3623 3287 3678 persona
3334 3607 3507 3677 ipsius

1937 3696 2180 3766 Domini,
2216 3701 2311 3769 qui
2341 3701 2649 3769 exemplum
2676 3701 2832 3755 nobis
2865 3701 3096 3770 praebuit
3121 3701 3208 3754 his
3241 3698 3509 3755 sermoni-

1938 3792 2041 3846 bus
2070 3792 2256 3845 utendi
2293 3801 2534 3860 tempore
2558 3792 2828 3861 martyrii.

2006 3968 2193 4022 41ι45.
2251 3966 2370 4037 Ipse
2400 3984 2548 4022 nunc
2591 3976 2735 4033 orat,
2770 3983 2893 4022 eum
2928 3967 3073 4025 Deus
3130 3966 3224 4031 sit,
3269 3974 3329 4019 ut
3367 3964 3509 4018 libe-

1940 4068 2091 4114 retur
2122 4075 2154 4114 a
2178 4060 2396 4116 diabolo
2430 4079 2442 4114 :
2487 4076 2556 4115 ne
2589 4070 2646 4115 tu
2681 4074 2805 4115 cum
2835 4060 2911 4114 sis
2938 4060 3125 4124 homo,
3172 4056 3509 4126 negligenter

1939 4166 2090 4221 agas.

2006 4242 2097 4297 44.
2151 4242 2335 4297 Cornu
2366 4243 2646 4296 unicornis
2689 4243 2955 4297 elevatum
3006 4251 3110 4308 est,
3160 4252 3213 4296 et
3262 4239 3510 4295 mortife-

1938 4352 2061 4391 rum
2097 4355 2109 4390 :
2145 4336 2213 4390 de
2241 4337 2404 4392 corde
2426 4337 2590 4407 igitur
2621 4335 2928 4391 Judaeorum
2958 4335 3149 4391 doloso
3186 4345 3239 4389 et
3276 4333 3512 4403 superbo

1940 4429 2200 4498 loquitur.
2230 4462 2233 4471 ~

2011 4520 2102 4574 45.
2150 4516 2378 4586 Populo,
2407 4514 2605 4583 inquit,
2636 4513 2865 4567 narrabo
2890 4529 3078 4567 nomen
3107 4520 3253 4566 tuum
3270 4529 3291 4578 ;
3319 4526 3511 4582 quem-

266 4638 425 4677 σου·
475 4601 551 4682 ὡς
588 4619 804 4691 εἴρηκεν
842 4622 899 4672 ὲν
948 4620 1296 4691 Εὐαγγελίῳ·
1343 4619 1726 4688 Ἐφανέρωσα
1771 4621 1833 4675 τὸ

1963 4608 2236 4665 idmodum
2268 4605 2407 4659 dixit
2441 4606 2497 4658 in
2542 4603 2836 4674 Evangelia
2871 4621 2884 4657 :
2928 4601 3270 4673 Manifestavi
3324 4617 3519 4658 nomen

266 4711 460 4781 ὄνομά
487 4727 603 4765 σου
635 4711 759 4776 τοῖς
789 4710 1138 4779 ἀνθρώποις.

341 4805 431 4858 46.
462 4804 537 4873 (8)
569 4804 706 4875 Περὶ
736 4802 844 4856 τῶν
875 4802 1043 4871 ἁγίων
1071 4802 1236 4871 λέγει.

342 4894 431 4948 47.
466 4895 541 4967 (9)
575 4894 714 4956 Τοὺς
738 4892 961 4955 πιστοὺς
992 4891 1158 4959 λέγει.

346 5074 604 5131 “Matth.
640 5089 810 5138 xxvu,
837 5072 928 5128 42.
1003 5070 1049 5103 ⁸⁵
1082 5067 1239 5124 Joan.
1275 5082 1408 5131 xvu,
1439 5065 1490 5120 6.

1948 4713 2096 4754 tuum
2125 4698 2419 4752 hominibus
2448 4695 2512 4745 ⁸⁸.

2014 4793 2103 4845 46.
2160 4788 2236 4843 De
2270 4789 2475 4843 sanctis
2517 4787 2780 4856 loquitur.

2017 4882 2106 4936 47.
2156 4879 2365 4935 Fideles
2391 4879 2682 4949 signiﬁcat.

1218 5272 1541 5338 'Addenda
1571 5276 1629 5335 et
1659 5270 2031 5350 corrigenda
2063 5286 2139 5329 ex
2179 5282 2318 5328 eoa.
2351 5267 2553 5327 Vatle.

375 5470 422 5524 l)
467 5470 608 5522 Ἐπι.

375 5471 395 5524 l
467 5471 608 5522 Ἐπι.

345 5471 426 5610 (2)
456 5535 630 5610 Αὑτοῦ
665 5538 959 5609 προσάγειν
983 5537 1103 5590 αὐτ.

369 5609 426 5678 5)
460 5609 612 5678 Οὐχί.

369 5616 426 5678 5)
460 5616 612 5678 Οὐχί.

344 5616 421 5752 ίὲ)
462 5678 526 5752 L0.
544 5676 737 5752 595W-

350 5746 430 5821 (5)
462 5746 785 5803 Εὑδόκπσον.

2018 5453 2093 5524 (6)
2131 5453 2395 5525 Ἀμελεῖς.

2016 5523 2093 5595 (7)
2128 5523 2340 5595 ίηοοᾱ.
2366 5542 2422 5579 n.
2453 5523 2542 5595 45,
2577 5524 2667 5579 46.

2040 5593 2094 5653 8)
2129 5594 2186 5648 ln
2217 5595 2337 5649 cod.
2369 5610 2423 5647 η.
2450 5593 2537 5647 47.

2040 5595 2094 5653 8)
2129 5595 2186 5648 ln
2217 5595 2337 5649 cod.
2369 5610 2423 5647 η.
2450 5595 2528 5646 47.

2017 5595 2175 5736 (9)111
2206 5664 2326 5722 cod.
2357 5680 2412 5719 η.
2444 5662 2528 5718 48,
