3878 6218
410 327 504 384 H7

476 441 568 496 48.
599 437 928 496 Universum
969 453 1154 494 semen
1187 436 1378 504 Jacob,
1415 440 1716 510 gloriﬁcate
1746 457 1894 500 eum.

473 532 564 586 4!).
600 529 810 585 Timeat
841 545 968 585 eum
1003 545 1164 584 omne
1190 544 1376 585 semen
1410 530 1576 586 Israel
1605 549 1619 585 :

473 625 563 680 50.
599 623 863 690 Quoniam
891 637 1002 676 non
1032 623 1256 692 sprevit,
1287 638 1466 693 neque
1490 623 1732 680 otl‘ensus
1758 636 1840 681 est
1871 625 1968 680 de-

405 718 714 788 precatione
741 715 1016 785 pauperis,

477 808 563 863 51.
596 806 704 862 Nec
727 806 919 862 avertit
941 805 1135 861 faciem
1165 821 1320 860 suam
1349 819 1381 860 a
1406 822 1492 862 me
1517 824 1531 860 :

473 901 563 958 52.
600 899 665 954 Et
693 915 816 957 cum
844 899 1135 954 clamarem
1167 899 1235 955 ad
1259 915 1408 967 eum,
1435 899 1714 957 exaudivit
1740 914 1848 956 me.

474 1077 564 1134 53.
597 1077 754 1147 Apud
787 1089 837 1132 te
864 1078 982 1133 laus
1011 1093 1132 1132 mea
1159 1096 1173 1132 :

473 1169 561 1224 5i.
597 1168 652 1222 lu
685 1171 916 1225 ecclesia
954 1185 1151 1237 magna
1186 1168 1487 1224 conﬁtebor
1521 1168 1615 1223 tibi
1645 1187 1656 1222 :

468 1262 556 1316 55.
593 1261 729 1316 Vota
782 1278 898 1316 mea
945 1261 1172 1315 reddam
1216 1262 1270 1315 in
1319 1271 1613 1331 conspectu
1658 1263 1964 1317 timentium

403 1352 483 1425 [in
508 1362 798 1422 conspectu
829 1352 1045 1407 Domini
1072 1353 1315 1407 omnium
1342 1352 1673 1424 timentium]
1698 1370 1842 1408 eum.

470 1443 557 1498 56.
591 1444 764 1499 Edent
790 1459 1076 1514 pauperes,
1106 1454 1158 1498 et
1188 1445 1579 1500 saturabuutur
1605 1462 1617 1497 :

471 1535 558 1589 57.
597 1534 662 1588 Ει
693 1534 991 1588 laudabunt
1019 1532 1332 1597 Dominum,
1363 1533 1456 1601 qui
1490 1533 1775 1602 requirunt
1797 1548 1958 1588 eum:

465 1626 554 1681 58.
590 1625 786 1682 Vivent
814 1625 977 1680 corda
1011 1639 1202 1680 eorum
1227 1625 1280 1678 in
1311 1624 1568 1678 saeculum
1597 1624 1802 1679 saeculi.

470 1721 558 1775 59.
597 1718 1054 1786 Reminiseentur,
1083 1727 1138 1774 et
1161 1728 1545 1774 convertentur
1569 1719 1636 1773 ad
1671 1717 1960 1773 Dominum

397 1812 639 1866 universi
665 1811 798 1865 ﬁnes
823 1820 981 1864 terrae
1011 1827 1024 1862 :

465 1902 552 1957 60.
588 1901 654 1956 Et
700 1901 1005 1957 adorabunt
1035 1901 1087 1955 in
1113 1908 1405 1970 conspectu
1431 1899 1550 1968 ejus
1578 1899 1847 1953 universa:
1875 1896 1956 1950 fa-

396 1996 560 2052 miliae
590 1995 852 2066 gentium.

467 2088 555 2142 61.
587 2087 659 2158 (a)
691 2088 953 2152 Quoniam
983 2086 1196 2140 Domini
1225 2093 1308 2140 est
1341 2099 1592 2153 regnum,

461 2181 552 2233 62.
583 2179 646 2234 Et
678 2180 794 2249 ipse
817 2179 1132 2233 dominatur
1165 2177 1428 2248 gentium.

467 2272 556 2327 65.
589 2270 1050 2326 Manducaverunt
1072 2311 1088 2336 ,
1136 2281 1190 2327 et
1219 2273 1586 2327 adoraverunt
1613 2279 1802 2322 omnes
1837 2265 1959 2333 pin~

391 2377 526 2434 gues
557 2371 713 2418 terra:
739 2380 754 2417 :

461 2476 539 2550 (a)
577 2477 727 2533 Vers.
755 2477 843 2541 61,
877 2475 944 2534 6‘2.
971 2486 1165 2534 desunt
1193 2491 1248 2530 tn
1272 2476 1392 2531 cod.
1421 2475 1704 2530 Barberin.

1252 323 1311 381 S.
1351 323 1728 383 ATHANASII
1766 327 1915 385 OPP.
1957 330 2139 387 PARS
2177 332 2267 388 111.
2295 363 2364 373 —-
2405 333 2814 394 EXEGETICA.

3537 341 3649 398 728

2004 459 2052 514 Α
2146 447 2236 502 48.
2277 449 2455 501 ’Δπαν
2481 448 2543 500 τὸ
2578 448 2800 519 σπέρμα
2837 447 3053 513 Ἰακὼϐ,
3080 449 3334 514 δοξάσατε
3369 452 3554 509 αὐτόν.

2143 536 2232 594 49.
2246 538 2540 608 Φοϐηθήτω
2559 538 2622 608 δὴ
2641 537 2909 591 άπάὑτοῦ
2930 537 3072 591 ἆπαν
3087 539 3147 592 τὸ
3163 539 3382 610 σπέρμα
3397 542 3645 615 Ἰσραήλ*

2143 629 2231 683 50.
2276 628 2398 684 ’Ὀτι
2434 631 2534 684 οὐκ
2580 630 2970 698 ἐξουδένωσεν,
3014 632 3135 686 οὐδὲ
3175 631 3529 707 προσώχθησε
3570 637 3643 708 τῇ

2068 718 2249 790 δεήσει
2281 721 2374 772 τοῦ
2403 721 2639 791 πτωχοῦ,

2142 808 2230 862 51.
2272 810 2406 863 Ούὸἐ
2437 811 2743 882 ἀπέστρεψε
2768 811 2830 864 τὸ
2858 811 3146 884 πρόσωπον
3168 813 3331 866 αὑτοῦ
3360 813 3453 866 ἀπ’
3476 815 3638 885 ἐμοῦο

2142 897 2229 951 52.
2273 900 2384 952 Καὶ
2436 901 2493 952 ἐν
2546 900 2624 971 τῷ
2661 903 2992 972 κεκραγέναι
3035 919 3102 974 με
3148 902 3286 974 πρὸς
3326 904 3486 957 αὐτὸν
3521 907 3640 958 εισ-

2067 989 2268 1060 ήκουσέ
2301 1008 2423 1060 μου.

2138 1081 2226 1136 55.
2270 1083 2427 1153 Παρὰ
2463 1083 2555 1136 σού
2581 1085 2608 1137 ὁ
2635 1084 2851 1149 ἔπαινός
2885 1104 3003 1156 μου·

2143 1175 2228 1230 54.
2283 1178 2370 1229 Ἐν
2400 1179 2665 1250 ἐκκλησίᾳ
2697 1181 2908 1253 μεγάλῃ
2940 1182 3401 1254 ἐξομολογήσομαί
3431 1201 3542 1236 σοι·

2271 1268 2380 1331 Τὰς
2427 1269 2593 1338 εὐχάς
2640 1289 2739 1340 μου
2787 1276 3053 1328 ἀποδώσω
3107 1275 3334 1328 ἐνώπιον
3375 1276 3483 1328 τῶν
3520 1273 3610 1347 [ἐν

2065 1354 2232 1408 dimov
2256 1356 2333 1426 τῷ
2366 1359 2554 1428 Κυρίῳ
2580 1361 2796 1414 πάντων
2824 1364 2952 1435 τῶν]
2973 1365 3316 1435 φοϐουμένων
3342 1365 3524 1418 αὐτόν.

2133 1443 2219 1496 56.
2259 1446 2525 1512 Φὰγονται
2560 1449 2809 1520 πένητες,
2847 1452 2940 1504 καὶ
2981 1452 3488 1522 ἐμπλησθήσονται’

2131 1535 2220 1588 57.
2264 1538 2372 1590 Καὶ
2401 1539 2672 1592 αξνέσουσι
2704 1543 2906 1612 Κύριον
2932 1545 2980 1596 οἱ
3003 1543 3354 1612 ἐκζητοῦντες
3388 1541 3551 1596 αὐτόν
3571 1560 3585 1574 ·

2134 1628 2220 1681 58.
2267 1631 2533 1700 Ζὴσονται
2569 1634 2624 1685 αἱ
2659 1634 2873 1704 καρδίαι
2898 1636 3074 1686 αὐτῶν
3104 1638 3181 1698 εἰς
3210 1635 3378 1687 αξῶνα
3409 1635 3627 1698 αἰῶνος.

2133 1719 2218 1773 59.
2262 1721 2713 1792 Μνησθήσονται,
2788 1725 2883 1777 καὶ
2947 1727 3441 1794 ἐπιστραφησονται
3495 1725 3637 1795 πρὸς

1992 1806 2032 1860 Β
2062 1811 2264 1881 Κύριον
2295 1813 2471 1866 πάντα
2504 1814 2571 1866 τὰ
2606 1815 2814 1886 πέρατα
2847 1819 2946 1887 τῆς
2973 1817 3104 1885 γῆς’

2128 1903 2216 1960 60.
2254 1905 2364 1958 Καὶ
2397 1911 2864 1978 προσκυνήσουσιν
2909 1907 3135 1961 ἐνώπιον
3166 1905 3332 1960 αὐτοῦ
3373 1908 3544 1960 πᾶσαι
3575 1905 3636 1961 al

2067 1997 2290 2067 πατριαὶ
2322 1998 2429 2050 τῶν
2461 1998 2648 2052 ἐθνῶν.

2134 2087 2225 2142 61.
2272 2090 2390 2142 ’Ότι
2419 2090 2512 2142 τοῦ
2538 2092 2739 2161 Κυρίου
2771 2093 2802 2160 ἡ
2831 2090 3094 2160 βασιλεία,

2132 2177 2218 2235 62.
2258 2180 2366 2245 Καὶ
2394 2181 2554 2244 αὐτὸς
2577 2181 2823 2244 δεσπόζει
2853 2181 2958 2234 τῶν
2982 2181 3172 2236 ἐθνῶν.

2133 2271 2222 2324 65.
2265 2273 2502 2342 Ἐφαγον
2521 2313 2535 2338 ,
2569 2273 2662 2325 καὶ
2693 2271 3102 2343 προσεκύνησαν
3140 2272 3340 2336 πάντες
3367 2273 3418 2325 οί
3449 2273 3636 2336 πίονες

2064 2375 2162 2430 της
2189 2376 2310 2431 γης

1523 2583 1897 2644 ATHANASII
1933 2577 2515 2638 INTERPRETATIO.

459 2707 551 2775 48,
576 2706 664 2761 49.
701 2706 1012 2773 Personam,
1046 2723 1166 2778 quze
1190 2722 1354 2778 supra
1376 2715 1517 2772 orat,
1553 2707 1743 2761 timeat
1770 2705 1959 2772 utique

391 2815 553 2855 omne
583 2816 752 2870 genus
784 2815 1006 2859 eorum.
1039 2800 1133 2870 qui
1179 2799 1342 2854 corde
1375 2798 1563 2853 mundi
1598 2806 1744 2852 sunt.
1793 2793 1958 2848 Israel

391 2891 536 2948 enim
571 2893 953 2962 interpretatur
977 2908 1120 2945 mens
1145 2891 1320 2945 uidens
1344 2889 1531 2945 Deum.

459 3070 548 3136 50,
579 3069 668 3126 51.
699 3068 964 3137 Quoniam
997 3084 1106 3124 non
1144 3067 1389 3138 despexit
1433 3066 1713 3122 hominum
1761 3080 1953 3138 genus,

388 3176 492 3216 nec
519 3161 762 3231 permisit
793 3175 887 3215 eos
909 3160 1105 3229 perire,
1140 3160 1485 3217 abominatus
1517 3160 1586 3214 ob
1615 3174 1804 3214 eorum
1832 3173 1958 3229 pec-

388 3263 528 3320 cata,
561 3268 733 3323 neque
761 3252 814 3306 in
846 3253 1002 3308 linem
1029 3251 1231 3307 oblitus
1259 3259 1341 3306 est
1367 3249 1604 3321 ﬁgmenti
1635 3249 1741 3305 sui.

457 3425 550 3488 5‘2.
579 3425 643 3480 Et
668 3425 795 3480 dum
837 3440 960 3478 eum
1009 3425 1340 3491 invocarem,
1373 3434 1432 3479 ut
1463 3425 1576 3494 ipse
1609 3425 1662 3478 in
1691 3425 1953 3480 auxilium

387 3534 569 3574 meum
599 3519 799 3572 veniret
822 3559 839 3582 ,η
870 3517 1145 3571 exaudivit
1177 3532 1295 3582 me;
1346 3527 1399 3572 et
1434 3532 1542 3571 non
1586 3519 1760 3574 solum
1783 3520 1952 3587 venit,

387 3600 481 3666 sed
517 3611 676 3666 etiam
709 3625 902 3678 passus
929 3617 1011 3664 est
1041 3624 1136 3678 pro
1170 3623 1275 3662 me.

457 3703 547 3757 55.
581 3701 693 3756 lloc
728 3711 841 3765 est,
877 3703 1017 3770 quod
1068 3702 1121 3754 in
1167 3701 1458 3770 Evangelia
1482 3700 1618 3755 dixit
1643 3700 1906 3758 Dominus
1934 3718 1948 3756 :

386 3793 482 3850 Est
520 3793 678 3848 Pater
705 3810 868 3858 meus,
901 3793 989 3861 qui
1016 3791 1280 3860 gloriﬁcat
1312 3792 1476 3846 me".

455 3885 544 3942 54.
569 3883 680 3940 Hoc
708 3886 1006 3954 adimplens
1041 3886 1093 3938 in
1119 3884 1414 3953 Evangelio
1443 3884 1579 3939 dixit
1609 3902 1622 3938 :
1655 3883 1954 3954 Conﬁtebor

382 3976 498 4043 tibi,
532 3976 696 4031 Pater
728 3975 945 4031 Domine
972 3977 1146 4030 cuelict
1181 3987 1334 4030 terra:
1351 3975 1413 4037 ⁸⁷,

454 4149 544 4204 55.
577 4147 708 4215 Quae
738 4150 960 4232 promisi
992 4163 1086 4217 per
1116 4147 1432 4218 prophetas,
1461 4147 1716 4218 impteoo.

2123 2695 2211 2760 48,
2243 2693 2333 2748 49.
2375 2693 2507 2745 Ἀπὸ
2537 2690 2828 2762 προσώπου
2858 2687 2954 2743 τοῦ
2979 2689 3237 2760 ἀνωτέρω
3262 2692 3636 2762 προσευχομέ-

2055 2803 2144 2839 νου
2179 2782 2470 2855 φοϐηθήτω
2518 2781 2583 2852 δὴ
2622 2781 2765 2834 ἆπαν
2813 2780 2873 2833 τὸ
2917 2780 3071 2849 γένος
3114 2779 3223 2833 τῶν
3265 2780 3522 2853 καθαρῶν
3564 2785 3632 2854 τῇ

2054 2876 2270 2949 καρδίᾳ’
2323 2873 2543 2946 Ἰσραὴλ
2585 2873 2693 2945 γὰρ
2745 2872 3103 2945 ἑρμηνεύεται
3143 2872 3292 2940 νοῦς
3331 2872 3485 2942 ὀρῶν
3527 2873 3634 2928 τὸν

1982 3000 2024 3057 C
2058 2972 2222 3026 Θεόν.

2129 3064 2217 3127 50,
2245 3061 2333 3115 51.
2365 3063 2486 3114 Ὅτι
2519 3060 2619 3114 οὐκ
2657 3057 3002 3130 ἁπεφρόνησε
3031 3058 3102 3129 (1)
3141 3056 3234 3111 τοῦ
3291 3058 3480 3127 γένους
3521 3058 3636 3113 τῶν

2055 3154 2391 3226 ἀνθρώπων,
2423 3153 2516 3206 καὶ
2555 3153 2654 3204 οὐκ
2687 3150 2868 3203 είάσεν
2907 3149 3100 3212 αὐτοὺς
3148 3150 3477 3203 ἀπόλλυσθαι
3514 3151 3633 3220 βδε-

2054 3244 2382 3314 λυσσόμενος
2411 3242 2503 3294 ἐπὶ
2527 3243 2643 3303 ταῖς
2672 3241 2966 3310 ἁμαρτίαις
2994 3239 3193 3307 αὐτῶν,
3222 3240 3340 3292 ούδέ
3367 3242 3446 3302 εἰς
3478 3241 3633 3304 τέλος

2053 3337 2147 3392 τοῦ
2183 3336 2498 3405 πλάσματος
2532 3333 2694 3386 αὑτοῦ
2729 3332 3039 3386 ἐπελάθετο.

2121 3429 2207 3483 52.
2240 3428 2348 3479 Καὶ
2383 3427 2441 3478 ἐν
2481 3424 2558 3495 τῷ
2585 3424 2769 3476 καλεῖν
2801 3425 2960 3477 αὐτὸν
2996 3424 3170 3477 ἐλθεῖν
3199 3424 3361 3477 αὐτὸν
3390 3426 3472 3488 εἰς
3506 3424 3630 3496 βοη-

2054 3521 2201 3573 θειάν
2233 3535 2364 3588 μου,
2398 3517 2684 3587 εἰσήκουσέ
2734 3533 2868 3587 μου·
2906 3517 2998 3570 καὶ
3037 3518 3098 3569 οὐ
3146 3516 3305 3587 μόνον
3347 3517 3626 3588 ἐλήλυθεν,

2052 3608 2186 3664 ἀλλὰ
2218 3609 2313 3662 καὶ
2343 3606 2608 3660 πέπονθεν
2636 3606 2774 3677 ὑπὲρ
2803 3605 2957 3676 ἐμοῦ.

2123 3702 2208 3755 55.
2241 3699 2411 3752 Τοῦτό
2445 3701 2591 3752 ἐστιν
2621 3699 2759 3771 ὅπερ
2791 3698 2975 3766 ἔλεγεν
3011 3698 3068 3750 ἐν
3102 3698 3422 3770 Εὐαγγελίῳ
3454 3701 3483 3753 ὁ
3510 3701 3627 3754 Κύ-

2054 3809 2165 3863 ριος
2184 3809 2198 3822 ·
2232 3794 2443 3845 Ἔστιν
2468 3793 2500 3844 ό
2512 3789 2732 3858 ,Πατήρ
2757 3807 2876 3858 μου
2908 3791 2941 3843 ό
2965 3786 3225 3852 δοξάζων
3245 3807 3323 3858 με

2115 3885 2202 3940 54.
2234 3882 2404 3936 Τοῦτο
2430 3883 2651 3954 πληρῶν
2682 3884 2737 3935 ἐν
2770 3881 3089 3952 Εὑαγγελίῳ
3118 3880 3302 3950 ἔλεγεν
3323 3899 3337 3912 ο
3382 3882 3625 3952 Ἐξομο-

2049 3974 2388 4044 λογὴσομαι
2419 3989 2537 4039 σοι,
2569 3974 2746 4040 Κύριε
2771 3971 2961 4041 Πάτερ
2984 3971 3090 4025 τοῦ
3115 3974 3374 4042 οὐρανοῦ
3395 3974 3626 4044 καὶτῆς

2051 4086 2210 4214 Τηῖξό.
2238 4162 2415 4232 ’Ἀπερ
2456 4157 2867 4230 ἐπηγγειλάμην
2885 4155 2972 4210 δια
3002 4155 3110 4209 τῶν
3134 4157 3450 4229 προφητῶν,
3485 4157 3618 4230 πλη-

2052 4251 2232 4322 ρώσω.

450 4324 540 4380 56.
571 4323 992 4383 Justiiicationes
1022 4323 1279 4391 Domini,
1320 4333 1375 4379 et
1412 4323 1780 4394 implebuntur
1823 4323 1947 4395 Spi-
1979 4339 1996 4394 ι

2124 4343 2214 4398 56.
2249 4343 2330 4397 Τὰ
2351 4342 2693 4413 δικαιώματα
2717 4342 2812 4396 τοῦ
2835 4340 3063 4412 Κυρίου,
3089 4340 3183 4394 καὶ
3208 4339 3623 4412 ἐμπλησθήσον-

377 4417 486 4474 ritu
520 4427 726 4474 sancto.

451 4509 539 4564 57.
571 4508 808 4582 llyumos
836 4507 1116 4579 speciosos
1148 4506 1215 4563 de
1245 4522 1311 4564 eo
1354 4509 1651 4565 cantabunt
1695 4511 1946 4569 Oblectati

377 4602 498 4672 ejus
523 4603 942 4671 pulchritudine.

447 4696 536 4752 58.
578 4695 758 4750 Letale
809 4703 1086 4765 peccatum
1124 4694 1178 4748 in
1214 4694 1348 4764 ipsis
1379 4710 1488 4750 non
1519 4694 1843 4768 admittent.)

446 4789 534 4846 59.
569 4787 1014 4842 Recordabuntur
1047 4787 1184 4854 ejus,
1212 4787 1305 4858 qui
1334 4786 1481 4856 ipsos
1505 4784 1650 4840 fecit.

444 4879 534 4935 60.
571 4879 768 4935 Tribus
803 4889 976 4940 terrae.

445 4969 532 5031 61,
559 4969 647 5026 62.
680 4969 797 5039 lpse
823 4972 966 5024 enim
1002 4974 1088 5024 est
1114 4985 1208 5024 rex
1238 4987 1446 5041 regum,
1474 4980 1526 5026 et
1560 4973 1824 5027 Dominus
1849 4969 1946 5025 do-

375 5063 698 5118 tninantium
720 5102 734 5126 ,
772 5072 825 5117 et
853 5065 1000 5117 solus
1031 5064 1295 5118 Dominus
1324 5065 1489 5118 totius
1522 5063 1746 5117 humani
1783 5076 1944 5131 gene-

373 5156 471 5217 ris,
507 5162 691 5224 utpote
723 5157 814 5222 qui
847 5156 995 5210 solus
1027 5156 1248 5226 proprio
1281 5156 1544 5226 sanguine
1569 5170 1665 5210 eos
1691 5153 1939 5210 redemit.

441 5327 528 5381 65.
565 5327 1036 5399 Parucnpaveruut
1068 5345 1295 5401 gratiam
1332 5329 1423 5384 Dei
1455 5330 1638 5385 animo
1669 5345 1936 5401 po.en.es.

332 5473 334 5476 Ι
435 5509 484 5545 ⁵⁸
507 5510 666 5568 Joan.
693 5527 814 5576 vtn,
849 5512 936 5566 54.
1014 5512 1054 5543 ⁸⁷
1084 5509 1274 5566 Matth.
1302 5525 1355 5575 x,
1385 5511 1516 5602 25.“

2047 4454 2137 4491 ται
2158 4435 2295 4490 Πνεύ
2305 4453 2467 4507 ματος
2487 4434 2668 4503 ἁγίου.

2118 4533 2206 4588 57.
2239 4533 2477 4602 Ὕμνους
2503 4531 2833 4602 ὼραιότητος
2863 4530 3087 4583 εἴπωσιν
3119 4528 3198 4591 είς
3225 4526 3386 4580 αὑτὸν
3420 4528 3469 4580 oi
3497 4542 3620 4598 τερ-

2048 4625 2272 4695 πόμενοι
2300 4623 2394 4676 τοῦ
2429 4623 2658 4686 κάλλους
2691 4622 2850 4675 αὐτόν
2875 4620 2972 4689 (2).

2115 4715 2204 4770 58.
2247 4713 2542 4784 Ἀμαρτίαν
2575 4713 2948 4784 θανατηφόρον
2977 4711 3037 4764 οὐ
3070 4710 3308 4776 δέξονται
3335 4713 3393 4764 ἐν
3417 4712 3618 4777 αὐτοῖς.

2116 4807 2206 4862 59.
2236 4806 2651 4876 Μνησθήσονται
2683 4805 2776 4858 τοῦ
2811 4804 3165 4875 πεποιηκότος
3189 4802 3406 4868 αὐτούς.

2113 4895 2201 4951 60.
2234 4900 2298 4950 Αἱ
2332 4898 2493 4967 φυλαὶ
2525 4899 2622 4968 τῆς
2646 4897 2768 4968 γῆς.

2115 4986 2216 5050 61,
2248 4987 2333 5040 6‘2.
2365 4987 2534 5050 Αὐτὸς
2576 4989 2682 5058 γάρ
2722 4989 2836 5039 ἐστι
2873 4985 3122 5056 βασιλεὺς
3153 4985 3264 5038 τῶν
3312 4986 3620 5056 βασιλευόν·

2049 5096 2178 5143 των,
2216 5080 2309 5132 καὶ
2338 5079 2540 5150 Κύριος
2572 5079 2678 5132 τῶν
2706 5079 3084 5150 κυριευόντων,
3113 5079 3207 5132 καὶ
3239 5079 3398 5149 μόνος
3421 5079 3620 5132 Δεσπό-

2049 5189 2147 5242 της
2179 5171 2374 5234 παντὸς
2401 5169 2493 5223 τοῦ
2526 5171 2714 5239 γένους
2745 5170 2856 5223 τῶν
2881 5169 3200 5242 ἀνθρώπων,
3230 5170 3302 5235 ὡς
3333 5171 3492 5241 μόνος
3519 5169 3617 5224 αὖ·

2046 5259 2170 5319 τοὺς
2196 5257 2531 5328 ἐξαγοράσας
2553 5258 2630 5328 τῷ
2662 5259 2774 5328 ἰδίῳ
2805 5259 3014 5330 αἵματι.

2119 5348 2545 5403 65.-Μετέλα6ον
2576 5351 2675 5420 τῆς
2702 5351 2922 5421 χάριτος
2948 5351 3041 5405 τοῦ
3066 5351 3200 5406 Θεοῦ
3230 5352 3279 5406 ot
3306 5351 3523 5407 δυνατοὶ
3548 5353 3618 5425 τῇ

1326 5627 1632 5690 Addenda
1678 5633 1738 5688 et
1771 5623 2143 5706 corrigenda
2175 5640 2254 5684 ex
2284 5623 2423 5684 eod.
2463 5625 2654 5687 Vatic.

442 5750 512 5822 ﬂ)
547 5757 620 5806 Ου
652 5751 1022 5822 κατεφρόνησε
1042 5780 1056 5799 ι

2129 5747 2202 5822 (2)
2237 5749 2431 5807 Αὑτοῦ.
