3878 6218
122 317 229 375 729
1038 323 1128 379 DE
1168 324 1448 383 TITULIS
1487 326 1944 385 PSALMOBUM.
1989 360 2053 371 —
2093 329 2293 386 PSAL.
2331 328 2501 386 XXII.
3275 329 3380 383 τεο

192 437 284 493 65.
315 437 577 494 Ἐνώπιον
600 440 766 496 αὐτοῦ
795 441 1198 515 προπεσοὼται
1223 443 1425 509 πάντες
1453 447 1503 499 oi
1531 462 1701 500 κατα-

1871 444 1958 500 64.
1995 445 2051 500 1η
2083 455 2383 518 conspectu
2410 445 2533 518 ejus
2559 444 2753 502 cadent
2774 443 3001 508 Yomnes,
3029 441 3125 499 oui
3148 446 3379 499 descen-

117 527 400 596 ϐαίνοντες
430 534 509 591 ei:
537 532 663 602 γῆν.

1807 536 1944 593 dunt
1969 537 2022 590 in
2055 545 2278 592 terram.

194 621 286 677 65.
317 623 427 676 Καὶ
453 625 486 694 ἡ
513 624 659 696 ψυχή
699 643 799 697 μου
827 625 974 698 αὕτῷ
1001 627 1065 699 ζῇ
1086 667 1102 691 ν

1875 627 1963 680 65.
1999 625 2064 679 Et
2087 629 2270 681 anima
2305 642 2426 682 mea
2459 626 2536 680 illi
2560 626 2711 692 vivit,

192 710 282 769 66.
314 716 424 768 Καὶ
448 715 507 768 τὸ
542 717 763 787 σπέρμα
801 736 900 789 μου
933 718 1209 772 δουλεύσει
1240 719 1409 791 αὐτῷ.

1351 719 1409 791 ᾧ.
1879 718 1966 772 66.
1999 717 2066 772 Et
2092 735 2276 773 semen
2308 735 2489 774 meum
2519 718 2718 774 serviet
2748 715 2882 787 ipsi.|

192 805 282 859 07.
329 805 786 878 Ἀναγγελήσεται
819 809 895 880 τῷ
926 811 1110 881 Κυρίῳ
1143 811 1308 880 γενεὰ
1335 814 1367 882 ἠ
1403 812 1700 885 ἐρχομένη·

1878 810 1967 866 67.
2001 810 2430 864 Annuntiabitur
2457 810 2691 865 Domino
2718 808 2996 880 generatio
3021 817 3287 863 ventura:

193 898 282 952 68.
312 899 420 952 Καὶ
449 899 808 968 άναγγελοῦσι
834 900 932 971 τὴν
954 903 1298 972 δικαιοσύνην
1327 903 1491 956 αὐτοῦ

1413 903 1491 956 τοῦ
1877 899 1967 953 68.
1997 899 2065 953 Et
2093 900 2504 954 annuntiabunt
2528 899 2796 968 justitiam
2825 900 2944 968 ejus

191 987 282 1045 69.
311 989 444 1060 Δαῷ
466 989 544 1060 τῷ
569 990 953 1061 τεχθησομένῳ
980 1030 993 1054 ,
1024 992 1082 1046 ὃν
1123 993 1380 1061 ἐποίησεν
1419 997 1448 1046 ὁ
1477 993 1702 1067 Κύριος.

1874 991 1964 1047 69.
2000 991 2238 1060 Populo,
2273 992 2365 1059 qui
2409 1001 2695 1053 nascetur,
2732 1005 2891 1059 quem
2939 988 3064 1044 fecit
3095 987 3377 1042 Dominus.

446 1082 691 1150 Ψαλμύς
713 1081 793 1147 τῷ
810 1082 1016 1157 ἱΔαϐίδ.
1047 1087 1218 1138 ΨΑΛ.
1251 1088 1383 1140 KB'.

2127 1084 2375 1138 Psalmus
2405 1084 2594 1138 David.
2632 1082 2836 1138 PSAL.
2863 1081 3056 1136 XXII.

192 1168 245 1225 Ι.
281 1170 489 1241 Κύριος
520 1173 794 1242 ποιμαίνει
835 1193 900 1244 με
923 1215 936 1238 ,
974 1177 1067 1228 καὶ
1094 1176 1244 1230 οὐδέν
1273 1195 1340 1248 με
1379 1179 1700 1251 ὑστερήσει·

1692 1198 1700 1212 -
1875 1176 1926 1229 l.
1961 1175 2229 1231 Dominus
2258 1177 2435 1246 pascit
2465 1191 2572 1240 me,
2605 1185 2657 1230 et
2690 1176 2820 1228 nihil
2847 1177 2977 1228 mihi
3009 1174 3223 1229 deerit.

191 1261 245 1314 2.
277 1263 374 1325 Εἰς
404 1263 568 1317 τόπον
594 1264 756 1333 χλόης
787 1267 903 1318 ἐκεῖ
933 1283 999 1336 με
1033 1271 1476 1336 κατεσκήνωσεν·

1871 1269 1926 1323 2.
1961 1269 2018 1321 In
2054 1270 2172 1324 loco
2211 1285 2426 1338 pascua:
2463 1270 2536 1322 ibi
2569 1285 2654 1322 me
2682 1269 2966 1323 collocavit
2997 1285 3011 1321 :

188 1353 244 1408 5.
285 1355 410 1407 Ἐπὶ
442 1355 634 1418 ὓδατος
668 1357 1026 1421 ἀναπαύσεως
1052 1359 1311 1430 ἐξέθρεψέ
1351 1379 1440 1432 με.

1877 1361 1930 1413 ’5.
1969 1360 2144 1429 Super
2175 1375 2370 1429 aquam
2406 1359 2719 1414 refectionis
2749 1359 3001 1413 educavit
3033 1372 3139 1414 me.

187 1443 244 1498 4.
277 1445 390 1512 Τὴν
415 1445 593 1517 ψυχήν
627 1463 728 1516 μου
757 1448 1091 1519 ἐπέστρεψεν
1111 1467 1124 1480 ο

1875 1452 1929 1504 4.
1963 1452 2214 1504 Animam
2245 1467 2418 1504 meam
2445 1452 2710 1506 convertit
2738 1469 2750 1504 :

187 1536 242 1590 5.
292 1536 557 1608 Ὠδήγησέ
588 1556 654 1608 με
686 1540 775 1590 ἐπὶ
807 1539 1026 1609 τρίϐους
1053 1541 1425 1614 δικαιοσύνης,

1871 1544 1924 1597 5.
1960 1542 2194 1596 Deduxit
2225 1559 2308 1596 me
2335 1558 2500 1612 super
2529 1544 2755 1596 semitas
2783 1540 3031 1611 justitiaa,

188 1624 242 1678 6.
282 1626 507 1679 Ἕνεκεν
535 1627 629 1679 τοῦ
659 1629 920 1698 ὀνόματος
952 1631 1138 1684 αὑτοῦ.

1074 1631 1138 1684 νῦ.
1873 1634 1925 1690 6.
1957 1634 2179 1702 PI'Opter
2205 1649 2399 1686 nomen
2428 1649 2605 1690 suum.

188 1715 245 1770 7.
287 1717 410 1770 Ἐὰν
440 1718 549 1790 γάρ
585 1721 678 1772 καὶ
706 1721 1038 1790 πορευθῶ-έν
1074 1723 1221 1793 μέσῳ
1256 1727 1414 1788 σκιᾶς
1447 1725 1701 1790 θανάτου,

1879 1721 1928 1776 7.
1968 1721 2104 1776 Nam
2134 1724 2235 1777 etsi
2269 1724 2624 1778 ambulavero
2645 1724 2698 1776 in
2729 1722 2909 1777 medio
2937 1722 3141 1777 umbra:
3167 1722 3379 1788 mortis,

189 1804 243 1859 8.
283 1806 357 1857 Οὐ
389 1807 767 1878 φοὸηθήσομαι
791 1810 956 1872 κακά,
985 1811 1065 1863 ὅτι
1099 1813 1162 1866 σὺ
1189 1817 1307 1882 μετ’
1334 1814 1467 1885 ἐμοῦ
1495 1811 1563 1867 εἷ.

1737 1827 1778 1880 Β
1879 1813 1934 1868 8.
1972 1812 2086 1868 Νοη
2122 1815 2325 1868 timebo
2351 1815 2528 1880 mala;
2559 1814 2820 1883 quoniam
2849 1826 2903 1867 tu
2939 1829 3150 1867 mecum
3178 1829 3258 1868 es.

190 1895 244 1950 9.
290 1896 354 1948 Ἦ
391 1896 585 1966 ῥάϐδος
621 1916 714 1952 σου
758 1900 853 1954 καὶ
885 1902 918 1971 ἡ
963 1899 1237 1973 βακτηρία
1271 1920 1396 1969 σου,
1440 1898 1603 1958 αὗταί
1637 1923 1704 1975 με

1880 1904 1935 1959 9.
1968 1903 2132 1976 Virga
2170 1914 2286 1970 tua,
2321 1914 2376 1959 et
2408 1905 2640 1961 baculus
2671 1913 2818 1980 tuus,
2847 1906 2963 1975 ipsa
2991 1920 3074 1958 me
3104 1905 3383 1960 consulatu

121 1987 502 2057 παρεκάλεσαν

422 2005 502 2040 ταν
1808 2004 1953 2052 sunt.

190 2077 280 2130 10.
324 2079 657 2150 Ἠτοίμασας
685 2081 914 2136 ἐνώπιόν
948 2101 1050 2154 μου
1079 2084 1359 2156 τράπεζαν
1395 2086 1703 2153 ἐξεναντίας

1881 2089 1968 2143 10.
2009 2089 2221 2145 Parastl
2262 2090 2315 2144 in
2357 2098 2652 2161 conspectu
2691 2105 2813 2146 meo
2841 2104 3088 2144 mensam
3123 2089 3383 2143 adversus

119 2167 224 2222 τῶν
253 2168 545 2224 Θλισόντων
573 2189 641 2242 με
665 2189 678 2203 ·

1807 2193 1926 2245 eos,
1957 2180 2049 2249 qui
2082 2181 2343 2234 tribulant
2371 2196 2493 2234 me:

189 2259 282 2314 11.
327 2262 616 2328 Ἐλίπανας
643 2266 700 2317 ὲν
725 2264 893 2335 ἐλαίῳ
922 2266 1018 2339 τὴν
1047 2268 1294 2341 κεφαλήν
1327 2286 1430 2340 μου

1881 2268 1969 2322 Η.
2009 2267 2372 2338 lmpinguasti
2406 2270 2462 2323 in
2496 2269 2618 2325 oleo
2645 2277 2811 2340 caput
2840 2284 3065 2325 meum:

1249 2401 1628 2456 ATHANASII
1666 2397 2160 2456 INTEBPRETAT
2165 2398 2254 2456 10.

185 2515 282 2569 64.
319 2515 527 2580 Πάντες
552 2515 601 2569 οἱ
636 2516 704 2569 τὰ
731 2517 897 2588 γήινα
934 2517 1276 2589 φρονοῦντες.
1549 2575 1554 2580 _

1549 2575 1554 2580 _
1877 2515 1966 2570 6i.
2003 2513 2226 2582 Omnes,
2259 2531 2354 2584 qui
2382 2522 2598 2569 terrena
2627 2512 2885 2584 cogitant.

181 2600 276 2656 65.
310 2601 467 2672 Αὐτῴ
503 2575 601 2673 μὲν
629 2603 662 2674 ἠ
691 2575 838 2675 alii,
879 2575 990 2676 μοὶὶ
1013 2606 1124 2676 (1)-
1173 2575 1252 2678 τιῖᾶ
1290 2607 1348 2661 δὲ
1397 2575 1586 2682 κόσμιρ
1617 2625 1707 2663 τε-

1882 2608 1971 2662 65.
2006 2607 2114 2678 lpsi
2141 2575 2359 2678 quidem
2392 2607 2575 2661 anima
2600 2575 2744 2673 mea,
2785 2603 2992 2661 mundo
3026 2612 3207 2660 autem
3233 2619 3384 2660 mor-

118 2691 432 2747 Θανάτωται
452 2711 466 2724 ο

1805 2711 1897 2757 tua
1932 2709 2018 2756 est
2049 2719 2063 2756 :
2087 2707 2090 2710 ‘

187 2785 282 2840 66.
317 2787 426 2838 Kal.
458 2785 608 2840 πᾶσά
637 2803 738 2857 μου
767 2787 1066 2860 ὲνθύμησις
1095 2789 1502 2862 ὑποταγήσεται
1531 2789 1706 2861 αὐτῷ.

1634 2789 1706 2861 νῷ.
1878 2791 1967 2847 66.
2006 2791 2072 2846 Ει
2105 2793 2282 2848 omnis
2313 2807 2434 2847 mea
2467 2793 2724 2864 cogitatio
2755 2792 3014 2849 subdetur
3039 2791 3165 2862 ipsi.

313 2879 486 2950 Δεκτὴ
519 2879 671 2934 ἔσται
705 2880 783 2951 τῷ
817 2881 1025 2952 Κυρίῳ.
1385 2913 1389 2918 -
1733 2931 1774 2988 C

181 2967 274 3021 68.
314 2969 625 3041 Κηρύξουσι
654 2970 753 3032 τὰς
783 2970 1002 3033 ἐντολὰς
1033 2970 1219 3024 αὐτοῦ.

1734 2967 1774 2988 ν
1880 2974 1966 3030 68.
2001 2973 2383 3030 Pradicabunt
2413 2982 2677 3046 prmcepta
2712 2975 2854 3044 ejus.

184 3058 278 3113 69.
320 3060 760 3129 Τεχθησομένῳ,
793 3061 961 3128 λέγει,
987 3062 1044 3112 ὲν
1066 3060 1142 3130 τῷ
1171 3060 1526 3133 βαπτίσματι.

1519 3103 1526 3118 .
1884 3067 1975 3121 69.
2013 3065 2117 3132 Qui
2150 3077 2415 3132 nascetur,
2445 3068 2642 3138 inquit,
2673 3067 2729 3120 in
2760 3065 3050 3136 baptismo.

192 3170 263 3224 Ἦ
293 3171 626 3242 προκειμένη
664 3172 943 3243 ἐπιγραφὴ
975 3173 1219 3244 περιέχει
1251 3174 1361 3246 (9)“
1402 3175 1648 3246 Ψαλμύς
1684 3177 1766 3244 τῷ
1789 3181 1990 3247 Δαϐὶδ,
2033 3184 2281 3237 τουτέστι
2307 3182 2552 3252 ’ψαλμὸς
2582 3181 2661 3248 τῷ
2701 3181 2970 3251 γεγονότι
3009 3176 3241 3247 ποιμένι
3270 3174 3389 3229 τῶν

119 3265 452 3336 προϐάτων.
479 3267 648 3336 Δῆλον
676 3267 804 3340 γὰρ,
833 3269 913 3322 ὅτι
935 3270 962 3320 ὀ
988 3269 1154 3321 Δαόὶδ
1181 3275 1386 3341 ποιμὴν
1406 3267 1474 3343 ἦν
1502 3273 1810 3343 προϐάτων.
1839 3278 2074 3350 Ψαλμὸς
2105 3277 2199 3334 οὖν
2219 3279 2298 3352 τῷ
2322 3279 2505 3346 Δαϐὶδ,
2529 3278 2673 3348 λέγω
2695 3278 2752 3331 δὲ
2775 3276 2854 3349 τῷ
2874 3275 2990 3347 Υίῷ
3013 3274 3106 3328 τοῦ
3136 3272 3293 3338 Θεοῦ,
3313 3271 3390 3343 τῷ

119 3358 268 3429 καλῷ
303 3359 527 3428 Ποιμένι
548 3374 561 3388 ’
597 3359 676 3411 διὸ
701 3360 894 3428 ἐπάγει
923 3360 1059 3430 πρὸς
1087 3361 1248 3414 αὐτὸν
1280 3363 1452 3431 λέγων
1471 3379 1484 3392 '

188 3453 411 3509 Titulus
447 3455 769 3523 praepositus
801 3456 1042 3509 continet
1069 3471 1082 3507 :
1113 3455 1364 3511 Psalmus
1395 3458 1585 3524 David,
1612 3462 1718 3518 hoc
1746 3473 1852 3532 est,
1881 3466 2124 3536 psalmus
2156 3468 2227 3533 ei,
2255 3468 2346 3538 qui
2389 3467 2494 3538 fuit
2532 3476 2717 3534 pastor
2737 3467 2932 3523 ovium.
2965 3463 3244 3535 Siquidem
3273 3475 3388 3516 ma-

121 3546 386 3628 nifestum
417 3554 523 3614 est,
549 3547 695 3617 quod
725 3547 894 3602 David
921 3556 1039 3602 erat
1069 3559 1257 3618 pastor
1289 3552 1494 3607 ovium.
1531 3553 1785 3614 Psalmus
1827 3559 1994 3630 igitur
2036 3560 2230 3628 David,
2259 3560 2378 3628 Dei,
2407 3561 2654 3632 inquam,
2682 3558 2840 3624 Filio,
2867 3558 2961 3626 arui
2990 3555 3182 3614 Pastor
3214 3555 3391 3610 bonus

123 3639 222 3692 fuit
250 3661 262 3695 :
300 3639 424 3694 ideo
451 3640 635 3694 subdit
664 3640 730 3694 ad
759 3655 883 3694 eum
914 3641 1101 3696 dicens
1131 3656 1144 3693 :

1879 2882 1968 2937 67.
2003 2881 2239 2953 Accepta
2270 2884 2370 2938 erit
2404 2883 2654 2938 Domino.

192 3753 243 3807 l.
283 3751 346 3803 '0
377 3751 582 3822 ποιμὴν
610 3751 638 3804 ὁ
674 3751 837 3814 καλὸς
856 3793 871 3818 ,
914 3750 1014 3823 τὴν
1041 3751 1220 3824 ψυχὴν
1261 3752 1425 3806 αὑτοῦ
1454 3755 1716 3825 τεθεικὼς

1890 3763 1962 3820 1.’
1996 3762 2179 3818 Bonus
2209 3772 2420 3832 pastor,
2465 3759 2558 3832 qui
2602 3761 2784 3831 posuit
2812 3760 3050 3817 animam
3096 3777 3252 3818 suam
3293 3778 3391 3834 pro

123 3844 262 3916 ὑπὲρ
290 3842 452 3914 ἡμῶν
485 3843 584 3912 (5).
1373 3846 1380 3852 “

485 3843 584 3912 (⁵)’
1373 3846 1380 3852 ’
1813 3857 1992 3914 nobis.

189 3934 245 3988 2.
293 3934 384 3986 Ἐν
414 3935 481 4004 τῇ
519 3932 816 4005 Ἐκκλησία
843 3931 936 3986 τοῦ
966 3932 1126 4000 Θεοῦ,
1151 3933 1279 3990 ἔνθα
1300 3937 1349 3990 οἱ
1377 3937 1520 4007 ἅγιοι
1547 3939 1712 3994 αὐτοῦ

1641 3939 1712 3994 τοῦ
1885 3949 1939 4002 2.
1975 3948 2034 4002 In
2064 3945 2304 4002 Ecclesia
2340 3945 2455 4014 Dei,
2484 3944 2577 3999 ubi
2606 3944 2780 4000 sancti
2807 3945 2928 4017 ejus
2958 3944 3172 4002 ﬂorent.

123 4025 284 4082 ἀνθοὖ
295 4041 402 4079 σιν.

192 4119 248 4173 5.
298 4118 389 4170 Ἐν
419 4119 483 4188 τῇ
511 4117 693 4189 χάριτι
715 4116 809 4170 τοῦ
837 4118 1154 4189 Πνεῦματος
1181 4119 1357 4189 ἁγίου.

1204 4120 1357 4189 ιγίου.
1889 4129 1942 4182 ’5.
1975 4125 2033 4181 In
2063 4127 2237 4196 gratia
2272 4123 2512 4194 Spiritus
2539 4123 2735 4177 sancti.

196 4211 271 4278 4;
326 4211 380 4265 5.
432 4210 526 4262 Ἐκ
574 4209 676 4280 τῆς
728 4211 1104 4282 αἰχμαλωσίας
1149 4211 1244 4264 τοῦ
1294 4212 1542 4266 διαδόλου
1594 4213 1716 4268 ἐπι-

1889 4221 1946 4286 4,
1985 4219 2037 4273 ii.
2085 4217 2128 4272 Ε
2169 4217 2369 4272 diaboli
2410 4215 2720 4286 captivitate
2751 4213 2990 4268 animam
3027 4228 3201 4268 meam
3235 4213 3303 4269 ad
3337 4229 3390 4269 se

128 4303 372 4375 στρέιῖμας
389 4302 488 4374 τὴν
515 4301 694 4374 ψυχήν
724 4321 825 4374 μου
847 4302 920 4375 (4)
950 4304 1088 4376 πρὸς
1114 4305 1308 4366 ἑαυτὸν
1342 4305 1656 4378 ὡδήγησεν(

1399 4305 1717 4378 δήγησενῶ)
1823 4319 2150 4367 convertens
2183 4309 2408 4364 deduxit
2434 4313 2489 4363 in
2516 4316 2780 4378 praecepta
2809 4320 2930 4373 sua,

127 4395 220 4451 ἐπὶ
246 4395 354 4457 τὰς
382 4394 597 4457 ἐντολάς
629 4394 816 4459 αὐτοῦ,

195 4490 248 4540 6.
286 4485 462 4558 ’Υπὲρ
494 4484 880 4557 τοῦιόνόματος
910 4490 1098 4542 αὐτοῦ.

965 4490 1098 4542 ϋτοῠ.
1745 4471 1787 4525 ι)
1887 4485 1939 4540 6.
1972 4483 2081 4538 Pro
2109 4482 2328 4537 nomine
2357 4481 2496 4551 ejus.

201 4577 254 4630 7.
287 4577 387 4639 Εἰς
414 4575 475 4628 τὸ
499 4577 879 4648 τιμωρηθῆναί
906 4598 973 4650 με
999 4580 1140 4651 ὑπὲρ
1171 4580 1286 4635 σοῦ.

1893 4575 1944 4630 7.
1975 4574 2112 4628 Cum
2144 4588 2242 4643 ego
2266 4578 2538 4627 tormenta
2570 4584 2668 4639 pro
2700 4575 2752 4622 te
2784 4564 3115 4621 sustinuero.

193 4669 248 4722 8.
286 4669 364 4722 Οὐ
399 4669 620 4740 πτοήσει
653 4687 719 4740 με
749 4673 898 4724 πᾶσα
921 4674 1163 4745 τιμωρία
1188 4715 1202 4739 ,
1234 4674 1316 4726 ὅτι
1352 4674 1416 4728 σὺ
1448 4672 1715 4744 ὲνισχύεις

1893 4669 1945 4719 8.
1976 4665 2169 4720 Nullus
2202 4679 2289 4719 me
2314 4663 2592 4718 cruciatus
2619 4659 2858 4724 terrebit,
2886 4655 3144 4728 quoniam
3168 4663 3226 4710 tu
3253 4654 3395 4710 vires

132 4775 198 4830 με
230 4758 528 4828 ὑπομένειν
557 4759 778 4824 ταύτας.
1268 4753 1270 4756 ’

1268 4753 1270 4756 ’
1825 4757 1959 4812 mihi
1990 4757 2218 4826 praebes,
2250 4763 2311 4808 ut
2341 4754 2464 4808 illos
2496 4750 2786 4821 perferam.

199 4849 256 4904 9.
296 4851 358 4903 Ὀ
397 4850 527 4914 Υἱός
561 4867 654 4904 σου
699 4852 796 4906 καὶ
832 4852 894 4906 τὸ
921 4854 1146 4925 Πνεῦμά
1193 4871 1287 4908 σου
1334 4854 1397 4907 τὸ
1433 4853 1586 4923 ἅγιον
1613 4856 1715 4908 έπ-

1895 4849 1950 4903 9.
1993 4846 2166 4901 Filius
2202 4855 2361 4911 tuus,
2397 4852 2451 4898 et
2482 4842 2720 4913 Spiritus
2755 4849 2981 4896 sanctus
3010 4845 3138 4893 tuus
3168 4851 3397 4892 conver‘

130 4941 402 5012 ἐστρεφάν
434 4961 522 5013 με.

1823 4949 2003 4994 terunt
2032 4954 2137 4993 me.

202 5033 291 5088 10.
326 5035 436 5103 Τὴν
469 5034 792 5106 ἐπουράνιον
833 5035 980 5104 λέγει
1010 5037 1291 5110 τράπεζαν
1325 5038 1388 5091 τὸ
1421 5039 1720 5109 μυστήριον

1897 5033 1984 5086 to.
2019 5032 2306 5087 L'ualesuam
2345 5044 2591 5085 mensam
2619 5035 2776 5082 vocat
2816 5025 3135 5100 mysterium
3169 5024 3395 5078 immor-

129 5125 192 5178 τὸ
220 5125 512 5178 ἀθάνατον.

411 5142 512 5178 εον.
1819 5125 1942 5180 tale.

207 5217 302 5270 Η.
339 5217 412 5270 Τὸ
445 5215 622 5270 ἔλαιον
656 5216 806 5286 λέγει
849 5218 948 5289 τῆς
986 5218 1210 5291 χάριτος
1236 5218 1331 5272 τοῦ
1362 5217 1518 5288 ἁγίου
1553 5216 1722 5271 Πνεύ-

1553 5216 1722 5271 Πνεύ-
1895 5213 1981 5269 11.
2011 5213 2202 5270 Oleum
2236 5213 2369 5270 dicit
2396 5213 2585 5284 gratiae
2611 5209 2850 5281 Spiritus
2879 5211 3073 5265 sancti.

136 5321 330 5378 ματος.
482 5318 488 5324 ·

1098 5422 1408 5485 Addenda
1451 5431 1517 5485 et
1549 5417 1924 5499 corrigenda
1970 5433 2048 5477 ex
2077 5413 2216 5476 cod.
2248 5411 2448 5472 Vatia.

210 5563 293 5653 Si?
339 5565 405 5653 ῙΞΞ
432 5565 717 5653 ξῐνιὲκή.μου
748 5560 888 5653 ξῦι,
942 5651 952 5653 _
1209 5635 1222 5653 .
1275 5652 1304 5653 ,,
1901 5560 2070 5653 ἐξ)
2096 5557 2150 5653 ἑ·
2192 5553 2955 5653 ἷΞέιῖᾖῗ;’.ῗὲνψὲΞῘ¹1τμ⁰⁰·

211 5624 293 5777 ξε)
340 5635 401 5689 Ἡ
423 5624 637 5703 δίάττῆξ
669 5624 1038 5706 κινναϐάρεως
1067 5635 1333 5708 περιέχει.
2003 5632 2066 5687 Ν.
2099 5631 2151 5687 5.
2192 5624 2454 5698 Ὡδήγήσέ
2491 5624 2627 5696 με’...
2663 5624 2854 5678 αὑτοῦ.

235 5706 295 5773 5)
335 5705 557 5776 Τίθησιν
588 5705 728 5777 ὑπὲρ
756 5705 1060 5777 προϐάτων.

432 5721 557 5776 ησιν
588 5721 728 5778 οπερ
756 5721 1060 5778 προοατων.
