3878 6218
448 308 544 360 751
1306 303 1364 359 S.
1406 301 1777 358 ATHANASH
1816 299 1965 356 OPP.
2009 300 2184 356 PARS
2220 299 2309 355 Ill.
2350 330 2420 341 —
2458 297 2867 354 EXEGETICA.
3603 296 3714 349 752

522 422 608 475 12.
647 417 713 474 Et
733 419 874 474 calix
898 425 1027 474 tuus
1051 417 1354 483 inebrians,
1379 432 1544 486 quam
1578 416 1874 485 prreclarus
1901 425 2022 470 est:

2201 413 2290 466 12.
2322 414 2432 464 Kal
2455 412 2515 464 τὸ
2547 411 2808 482 ποτήριόν
2846 424 2940 462 σου
2974 407 3245 478 μεθύσκον
3278 424 3366 478 με,
3402 409 3535 462 ὡσεὶ
3565 413 3710 482 κρά-

2133 505 2154 557 ί
2163 519 2302 555 ιστον
2319 518 2332 530 ο

523 599 610 652 15.
649 597 713 651 Ει
741 595 1121 652 misericordia
1147 605 1237 650 tua
1270 596 1635 665 subsequetur
1659 609 1745 648 me
1769 593 2024 648 omnibus

2196 595 2284 648 15.
2315 595 2424 647 Kal
2470 592 2530 645 τὸ
2577 592 2723 655 ἔλεός
2768 607 2861 644 σου
2907 589 3230 655 καταδιώξει
3279 609 3348 662 με
3389 592 3568 654 πάσας
3608 593 3710 658 τὰς

445 693 637 747 diebus
663 692 786 745 vitae
819 706 953 744 mea;
980 707 994 742 :

2126 686 2338 757 ἡμέρας
2366 684 2461 752 τῆς
2496 682 2642 752 ζωῆς
2675 698 2808 752 μου·

521 782 607 836 14.
645 781 707 834 Et
737 791 796 834 ut
823 781 1122 835 inhabilem
1158 781 1212 834 in
1243 779 1410 834 domo
1446 778 1662 834 Domini
1693 780 1746 833 in
1767 779 2024 849 {longitu-

2197 776 2286 830 14.
2318 775 2427 828 Kal
2454 775 2515 827 τὸ
2537 777 2811 828 κατοικεῖν
2833 791 2899 844 με
2926 775 2984 827 ἐν
3013 773 3146 844 οἴκῳ
3169 775 3376 848 Κυρίου
3400 777 3478 838 εἰς
3507 774 3715 847 μακρό-

444 873 628 929 dinem
658 873 894 930 dierum.

2123 885 2260 940 τητα
2289 868 2529 938 ἡμερῶν.

443 986 634 1044 Prima
681 986 930 1050 Sabbali,
990 985 1227 1056 psalmus
1281 985 1473 1040 David.
1531 984 1731 1039 PSAL.
1791 983 1967 1038 XXII

2178 980 2380 1049 ἀλμύς
2406 979 2485 1044 τῷ
2510 979 2687 1032 Δαϐὶδ
2714 977 2824 1045 τῆς
2841 977 2982 1047 μιᾶς
3009 978 3332 1032 Σαϐϐάτου.
3367 980 3543 1032 ΨΑΛ.
3566 979 3709 1032 K1".

517 1081 570 1134 1.
604 1078 822 1132 Domini
852 1087 935 1131 est
969 1089 1130 1141 terra,
1162 1086 1215 1131 et
1248 1077 1524 1146 plenitudo
1552 1077 1692 1146 ejus,

2195 1074 2246 1126 1.
2283 1073 2388 1125 Τοῦ
2420 1074 2620 1142 Κυρίου
2712 1072 2805 1141 γῆ,
2835 1071 2928 1123 καὶ
2955 1071 3016 1122 τὸ
3048 1072 3322 1143 πλήρωμα
3355 1072 3528 1140 αὐτῆς
3547 1113 3560 1138 ,

515 1171 571 1224 2.
603 1169 764 1224 Orbis
792 1179 1089 1237 terrarum,
1108 1179 1162 1223 et
1186 1169 1448 1230 universi,
1469 1170 1562 1238 qui
1587 1168 1835 1224 habitant
1855 1168 1911 1223 in
1935 1184 2022 1225 eo.

2195 1163 2250 1217 2.
2281 1165 2342 1216 Ἡ
2359 1165 2651 1234 οἰκουμένη
2671 1164 2765 1216 καὶ
2786 1163 2984 1227 πάντες
3001 1163 3050 1216 οἱ
3069 1163 3452 1225 κατοικοῦντες
3467 1165 3526 1217 ὲν
3542 1163 3711 1234 αὐτῇ.

517 1261 571 1313 5.
608 1259 745 1325 Quia
783 1262 898 1329 ipse
928 1276 1093 1329 super
1129 1260 1300 1313 maria
1332 1258 1582 1313 fundavit
1612 1275 1738 1313 eum
1770 1278 1782 1314 :

2193 1255 2247 1310 5.
2278 1255 2449 1318 Αὐτὸς
2474 1256 2582 1325 γὰρ
2615 1256 2706 1308 ἐπὶ
2733 1255 3016 1308 θαλασσῶν
3045 1255 3401 1325 ἐθεμελίωσεν
3428 1255 3623 1326 αὐτὴν,

514 1351 571 1404 4.
605 1350 671 1404 Ει
702 1368 868 1420 super
901 1352 1126 1406 ﬂumina
1154 1352 1480 1420 prarparavit
1509 1367 1656 1406 eum.

2191 1345 2246 1400 4.
2284 1348 2391 1399 Kal
2418 1348 2508 1399 ἐπὶ
2531 1347 2791 1417 ποταμῶν
2820 1348 3115 1417 ἡτοίμασεν
3144 1348 3335 1418 αὐτήν.

515 1441 569 1496 5.
606 1441 738 1508 Quis
766 1445 1022 1497 ascendet
1049 1445 1101 1496 in
1131 1457 1372 1496 momem
1410 1441 1674 1496 Domini?

2194 1438 2248 1493 5.
2277 1438 2372 1500 Τίς
2396 1437 2722 1508 ἀναϐήσεται
2757 1441 2836 1500 εἰς
2863 1437 2925 1491 τὸ
2949 1437 3072 1508 ὅρος
3093 1437 3186 1490 τοῦ
3221 1439 3461 1508 Κυρίου;

517 1531 569 1586 6.
606 1536 714 1590 Aut
745 1535 870 1601 quis
899 1533 1065 1587 stabit
1096 1534 1148 1586 in
1184 1533 1306 1586 loco
1333 1543 1525 1587 sancto
1559 1532 1718 1601 ejus?

2195 1526 2248 1581 6.
2285 1527 2356 1578 Ἢ
2381 1526 2463 1588 τίς
2497 1527 2750 1595 στήσεται
2779 1528 2835 1580 ἐν
2859 1527 3008 1596 τόπῳ
3039 1527 3179 1596 ἁγίῳ
3205 1526 3403 1593 αύτοῦς

520 1621 570 1679 7.
605 1623 874 1679 lnnocens
909 1625 1184 1688 manibus,
1213 1634 1266 1680 et
1291 1627 1496 1678 mundo
1520 1625 1682 1680 corde
1708 1641 1721 1677 :

2195 1622 2247 1675 7.
2291 1621 2490 1684 ἈΘῶος
2518 1623 2693 1694 χερσὶ,
2723 1623 2818 1674 καὶ
2846 1623 3083 1694 καθαρὸς
3117 1626 3182 1694 τῇ
3219 1623 3439 1692 καρδία,

513 1714 570 1772 8.
604 1715 709 1782 Qui
743 1732 848 1770 non
878 1719 1086 1785 accepit
1119 1718 1173 1770 in
1201 1732 1344 1770 vano
1371 1717 1610 1770 animam
1641 1732 1800 1771 suam
1829 1731 1841 1747 ·

2200 1713 2254 1769 8.
2286 1716 2382 1778 Ὃς
2411 1715 2512 1766 οὐκ
2537 1715 2725 1766 ἕλαὸεν
2754 1715 2846 1766 ἐπὶ
2882 1715 3096 1785 ματαίῳ
3128 1717 3227 1786 τὴν
3257 1715 3437 1784 ψυχὴν
3463 1712 3658 1778 αὑτοῦ,

515 1807 570 1862 9.
605 1807 715 1862 Nec
739 1807 944 1876 juravit
975 1809 1030 1860 in
1059 1807 1183 1862 dolo
1209 1807 1461 1876 proximo
1491 1823 1593 1861 suo
1622 1826 1634 1860 :

2198 1807 2253 1862 9.
2288 1807 2397 1858 Kal
2422 1806 2519 1857 οὐκ
2547 1804 2758 1876 ὤμοσεν
2792 1807 2883 1858 ἐπὶ
2915 1806 3050 1876 δόλῳ
3079 1807 3154 1875 τῷ
3189 1807 3414 1878 πλησίον
3447 1803 3617 1858 αὑτοῦ
3639 1821 3654 1834 ·

513 1897 604 1952 10.
640 1897 739 1952 Hie
768 1900 999 1966 accipiet
1030 1899 1466 1952 benedictionem
1504 1914 1534 1951 a
1560 1897 1815 1964 Domino,

2201 1899 2285 1952 10.
2321 1899 2399 1968 (a)
2436 1891 2604 1961 Οὗτος
2629 1898 2856 1968 λήψεται
2885 1899 3130 1967 εὐλογίαν
3159 1899 3308 1970 παρὰ
3335 1899 3563 1968 Κυρίου,

515 1988 602 2043 11.
635 1989 700 2042 Ει
734 1979 1167 2044 misericordiam
1207 2005 1236 2042 a
1266 1989 1376 2044 Deo
1407 1990 1633 2044 salutari
1671 2005 1794 2046 suo.

2201 1991 2286 2045 11.
2314 1993 2423 2044 Kal
2455 1991 2822 2062 ἐλεημοσύνην
2853 1991 3003 2061 παρὰ
3025 1990 3160 2045 Θεοῦ
3195 1993 3438 2062 σωτῆρος
3466 1991 3659 2048 αὐτοῦ.

509 2078 598 2132 12.
635 2077 761 2133 Ηωο
788 2089 871 2133 est
894 2081 1169 2150 generatio
1189 2081 1549 2149 quaerentium
1577 2096 1702 2135 eum
1729 2096 1744 2133 :

2206 2083 2288 2137 12.
2324 2082 2471 2152 Αὕτη
2502 2085 2534 2153 ὴ
2567 2082 2729 2151 γενεὰ
2755 2083 3057 2153 ζητούντων
3082 2083 3174 2135 τὸν
3200 2083 3423 2154 Κύριον,

513 2171 600 2224 15.
639 2167 1008 2235 Quaarentium
1040 2171 1234 2225 faciem
1264 2170 1360 2225 Dei
1392 2169 1582 2226 Jacob.

2205 2173 2290 2228 15.
2326 2174 2640 2244 Ζητούντων
2670 2176 2730 2227 τὸ
2758 2175 3047 2245 πρόσωπον
3075 2173 3168 2227 τοῦ
3199 2173 3334 2226 Θεοῦ
3372 2171 3591 2228 Ἰακώϐ.

517 2262 602 2316 14.
636 2260 877 2315 Attollite
907 2273 1110 2331 portas,
1139 2263 1440 2332 principes,
1467 2271 1679 2319 vestras
1706 2278 1723 2315 :

2207 2268 2292 2321 14.
2323 2270 2523 2340 ’Ἄρατε
2552 2269 2746 2332 πύλας,
2769 2270 2818 2321 οἱ
2845 2268 3124 2338 ἄρχοντες,
3154 2267 3311 2337 ὑμῶν
3329 2283 3344 2298 ·

515 2351 602 2406 15.
636 2351 703 2406 Et
729 2352 1042 2420 elevamini,
1070 2362 1241 2423 porta:
1269 2354 1554 2408 :eternales
1582 2370 1596 2406 :

2206 2359 2294 2412 15.
2327 2360 2435 2412 Kal
2468 2359 2764 2431 ὲπὰρΟητε,
2799 2359 2964 2412 πύλαι
2994 2357 3233 2411 αἱὼνιοι·

511 2442 600 2498 16.
629 2444 695 2498 Ει
723 2445 972 2500 introibit
997 2461 1088 2500 rex
1127 2447 1331 2515 gloriae.

2205 2448 2293 2502 16.
2327 2450 2437 2501 Kal
2468 2449 2829 2501 εἰσελεύσεται
2855 2449 2883 2499 ὁ
2913 2447 3165 2518 βασιλεὺς
3188 2448 3289 2518 τῆς
3318 2448 3496 2520 δόξης.

515 2534 603 2588 17.
635 2534 768 2602 Quis
797 2546 882 2591 est
913 2537 1014 2590 iste
1041 2551 1138 2591 rex
1169 2537 1390 2608 gloriae?

2203 2538 2290 2592 17.
2325 2539 2422 2600 Τίς
2447 2539 2593 2590 ἐστιν
2626 2532 2778 2601 οὗτος
2806 2541 2834 2590 ὁ
2865 2537 3118 2608 βασιλεὺς
3141 2538 3242 2608 τῆς
3266 2538 3457 2609 δόξης;

514 2625 603 2681 18.
640 2626 907 2683 Dominus
940 2628 1120 2695 fortis,
1151 2640 1204 2683 et
1231 2638 1452 2698 potens,

2203 2630 2289 2684 18.
2321 2629 2522 2700 Κύριος
2547 2630 2806 2701 κραταιὸς
2834 2631 2928 2683 κα¹ι
2950 2631 3172 2694 δυνατὸς
3195 2671 3210 2698 ,

516 2717 606 2772 19.
646 2717 910 2775 Dominus
941 2730 1135 2790 potens
1169 2723 1222 2774 in
1255 2722 1462 2791 praelia.

2199 2721 2285 2777 19.
2317 2721 2519 2794 Κύριος
2546 2722 2766 2786 δυνατὸς
2795 2724 2851 2775 ὲν
2881 2723 3119 2794 πολέμῳ.

510 2809 588 2886 (a)
630 2803 798 2886 Οῇτος
846 2811 1072 2886 λήψεται
1109 2813 1364 2886 ἐὐλογίαν
1409 2812 1561 2886 παρὰ
1599 2813 1734 2886 Θεοῦ
1766 2813 2016 2886 Σωτῆρος
2085 2813 2282 2876 αὐτοῦ,
2342 2815 2436 2867 καὶ
2496 2814 2848 2884 ἐλεηθήσεται
2879 2815 2983 2868 ὑπὸ
3010 2815 3103 2866 τοῦ
3143 2812 3278 2886 Θεοῦ
3314 2811 3407 2866 τοῦ
3443 2811 3706 2886 σώζοντος

439 2879 624 2955 αὐτόν.
661 2881 794 2955 Hic_
822 2879 1041 2950 accipiet
1101 2879 1511 2955 bcittettt'clionen't
1537 2901 1569 2937 a
1622 2883 1732 2937 Deo
1782 2879 2059 2938 Saluatore
2085 2902 2204 2951 suo,
2226 2895 2274 2938 et
2302 2879 2722 2938 misericordiam
2772 2895 3170 2955 consequetura
3204 2884 3336 2952 Deo,
3376 2884 3466 2955 qui
3499 2884 3706 2940 salvum

444 2950 572 3014 facit
597 2967 740 3007 eum.
776 2951 834 3004 In
861 2968 1032 3023 marg.
1069 2954 1192 3007 cod.
1224 2952 1508 3007 Barberin.

1564 3065 1942 3120 ATHANASll
1983 3065 2576 3120 lNTERPRETATlO.

516 3179 606 3236 12.
624 3180 990 3238 Immortalem
1022 3195 1206 3255 potum
1231 3188 1401 3242 divini
1431 3189 1714 3260 sanguinis
1737 3190 2025 3260 signilicat.

2206 3191 2290 3243 19..
2323 3189 2432 3260 Τὴν
2471 3187 2735 3242 ἀθάνατον
2768 3189 2926 3242 πόσιν
2957 3189 3050 3242 τοῦ
3083 3187 3229 3242 θείου
3273 3188 3506 3259 αἵματος
3531 3186 3689 3256 λέγει

519 3272 605 3326 15.
644 3273 1017 3330 Indesinenler
1045 3278 1174 3330 mihi
1213 3280 1334 3334 erit.

2202 3283 2286 3336 15.
2329 3281 2706 3344 ’Λδιαλείπτως
2740 3298 2826 3350 μοι
2858 3281 2930 3351 (Ι)
2960 3281 3130 3336 ἔσται.

513 3364 603 3416 11.
639 3362 696 3418 In
733 3381 967 3435 superna
1003 3368 1326 3426 Jerusalem.

2202 3375 2285 3427 M.
2323 3375 2416 3436 Εἰς
2439 3373 2535 3444 τὴν
2560 3374 2669 3426 ἅνω
2710 3373 3082 3444 Ἰερουσαλήμ.

523 3473 590 3528 Ἦ
619 3481 949 3552 προκειμένη
977 3483 1255 3553 ὲπιγραῳὴ
1283 3485 1524 3555 περιέχει
1555 3486 1632 3557 (2)
1655 3505 1666 3516 ·
1691 3488 1937 3556 Ψαλμὸς
1961 3487 2040 3552 τῷ
2065 3488 2241 3540 Δαὸὶδ
2258 3487 2367 3556 τῆς
2383 3487 2526 3556 μιᾶς
2546 3485 2868 3541 Σαϐϐάτου.
2895 3486 3066 3540 Τοῦτο
3087 3487 3361 3557 σημαίνει,
3386 3487 3467 3539 ὃτι
3487 3485 3708 3556 εἴρηται

439 3569 470 3621 ὁ
497 3567 712 3639 ψαλμὸς
740 3572 889 3642 παρὰ
911 3575 1001 3626 τοῦ
1029 3577 1192 3629 Δα6“ιδ
1216 3580 1342 3648 περὶ
1372 3580 1468 3648 τῆς
1501 3582 1850 3644 ἀναστάσεως
1881 3582 1972 3633 τοῦ
2006 3582 2228 3652 Κυρίου.

513 3662 725 3717 Titulus
758 3668 1083 3734 pra-positus
1114 3672 1359 3724 continet
1391 3687 1402 3721 :
1438 3671 1684 3725 Psalmus
1719 3673 1886 3726 David
1912 3675 2084 3744 prima
2107 3673 2482 3729 Sabbatorum.
2505 3669 2617 3726 lloc
2635 3679 2814 3725 autem
2841 3671 3133 3742 signiﬁcat,
3160 3671 3305 3742 quod
3328 3671 3571 3741 psalmus
3623 3672 3708 3725 di-

439 3767 562 3812 ctus
597 3767 680 3812 est
708 3775 738 3813 a
771 3761 969 3816 Davide
999 3763 1066 3817 de
1097 3767 1496 3820 resurrectione
1523 3766 1758 3822 Domini.

511 3853 562 3905 1.
601 3853 659 3904 lu
690 3854 960 3924 principio
987 3858 1132 3912 enim
1167 3858 1293 3914 fecit
1330 3871 1555 3915 terram.

2196 3864 2243 3916 1.
2284 3863 2370 3914 Ἐν
2400 3863 2538 3932 ἀρχῇ
2566 3861 2675 3932 γὰρ
2706 3860 2931 3928 ἐποίησε
2958 3855 3054 3928 τὴν
3085 3855 3189 3925 γῆν
3215 3853 3311 3925 (5).

509 3942 565 3995 2.
601 3942 797 3998 Omnia
825 3955 1028 4012 autem,
1061 3965 1184 4018 quae
1212 3951 1264 4004 in
1292 3966 1357 4006 ea
1385 3961 1534 4020 sunt,
1566 3962 1620 4008 et
1650 3956 1744 4024 qui
1777 3954 2023 4009 habitant

2190 3955 2242 4006 2.
2277 3954 2460 4007 Πάντα
2504 3953 2559 4004 δὲ
2591 3952 2658 4004 τὰ
2692 3953 2748 4003 ἐν
2783 3951 2921 4019 αὐτῇ
2955 3947 3115 4012 αὐτὸς
3151 3947 3406 4015 ἐποίησε,
3443 3946 3539 3999 καὶ
3579 3947 3707 4010 τοὺς

437 4031 494 4088 in
530 4049 614 4096 ea.
649 4035 762 4103 ipse
795 4035 937 4094 fecit.

2123 4045 2465 4106 ἐνοικοῦντας
2495 4046 2553 4095 ὲν
2582 4044 2739 4113 αὐτῇ.

509 4122 564 4178 5.
603 4124 769 4180 Terra
798 4128 944 4182 enim
973 4145 1040 4184 ex
1073 4147 1216 4202 aqua
1245 4133 1407 4204 jussu
1433 4139 1552 4206 ejus
1586 4138 1862 4193 consistit.

2193 4137 2243 4189 5.
2277 4136 2350 4204 Γῆ
2377 4135 2484 4206 γὰρ
2510 4133 2568 4198 ἐξ
2608 4133 2797 4198 ὕδατός
2826 4135 2942 4185 ἐστι
2977 4129 3287 4184 συνεστῶσα
3314 4130 3379 4199 τῇ
3406 4125 3571 4180 αὑτοῦ
3605 4143 3706 4180 κε-

2122 4228 2319 4280 λεύσει.
3609 4226 3618 4232 ·

507 4301 564 4361 ι.
606 4303 674 4360 Ut
707 4323 802 4377 per
825 4325 950 4364 eum
982 4311 1206 4368 ﬂumina
1233 4317 1549 4372 transirent.

2191 4319 2242 4370 4.
2276 4318 2368 4381 Εἰς
2400 4318 2459 4370 τὸ
2488 4316 2744 4369 διοδεύειν
2767 4315 2894 4380 τοὺς
2925 4330 3204 4384 ποταμούς
3230 4315 3286 4365 ὲν
3309 4312 3470 4384 αὐτῇ.

507 4394 561 4450 5.
597 4395 656 4450 ln
689 4400 967 4456 cmlestem
997 4405 1296 4470 civitatem,
1328 4408 1524 4477 inquit.

2190 4412 2242 4465 5.
2277 4413 2370 4473 Εἰς
2397 4412 2494 4481 τὴν
2526 4410 2847 4480 ἐπουράνιον
2881 4410 3055 4473 πόλιν,
3091 4409 3255 4476 λέγει.

506 4486 560 4542 6.
595 4487 728 4554 Quis
753 4491 950 4561 dignus
976 4497 1193 4550 internis
1224 4500 1635 4554 mansionibus?

2188 4504 2240 4556 6.
2277 4505 2372 4566 Τίς
2403 4504 2552 4569 ἄξιος
2575 4503 2650 4573 (li)
2678 4503 2782 4554 τῶν
2813 4503 3047 4555 αἰωνίων
3079 4500 3292 4572 μονῶν;

511 4577 562 4634 7.
597 4579 825 4637 Omnem
871 4601 900 4639 a
947 4601 1005 4640 se
1046 4589 1308 4655 abjieiens
1343 4592 1717 4662 iniquitatem,
1752 4603 1803 4647 et
1833 4595 2013 4648 omnia

2191 4594 2243 4647 7.
2283 4594 2340 4644 Ὀ
2367 4595 2545 4645 πᾶσαν
2575 4592 2786 4644 ἀδικίαν
2819 4592 3172 4663 ἀπορρίπτων
3216 4588 3309 4656 ἀφ’
3346 4585 3540 4641 ἑαυτοῦ
3560 4629 3575 4656 ,
3606 4589 3706 4644 καὶ

437 4671 504 4724 ad
530 4670 624 4727 Dei
651 4676 983 4731 voluntatem
1013 4677 1239 4734 faciens.

2120 4684 2297 4734 πάντα
2328 4683 2494 4733 ποιῶν
2523 4683 2690 4754 εἱς-τὸ
2711 4681 2804 4734 τοῦ
2834 4682 2966 4734 Θεοῦ
2999 4681 3261 4752 βούλημα.

508 4763 562 4820 8.
595 4765 725 4832 Qua:
756 4769 808 4821 in
846 4771 1050 4824 mundo
1085 4781 1232 4838 sunt,
1262 4789 1370 4826 non
1403 4774 1608 4832 dilexit.

2185 4778 2239 4831 8.
2275 4778 2386 4828 Ούκ
2413 4779 2668 4847 ἠγάπησε
2701 4777 2767 4830 τὰ
2799 4776 2957 4847 ἐντῷ
2989 4776 3197 4845 κόσμῳ.

505 4857 558 4912 9.
589 4857 774 4929 Neque
803 4861 1085 4931 pcjeravit,
1117 4881 1292 4934 neque
1329 4869 1587 4923 mentitus
1615 4877 1718 4922 esl.

1690 4877 1718 4922 l.
2187 4868 2239 4920 9.
2271 4868 2384 4920 Ούκ
2406 4869 2770 4939 ἐπιώρκησεν,
2799 4869 2917 4920 οὐδὲ
2942 4867 3221 4936 ἐψεύσατο.

506 4950 595 5017 10,
632 4951 717 5004 11.
751 4952 928 5019 Nunc,
955 4964 1009 5010 et
1037 4957 1090 5010 in
1123 4956 1308 5013 futuro
1341 4961 1560 5018 sazculo.

2187 4960 2270 5021 10,
2304 4960 2388 5011 11.
2436 4961 2522 5012 Ἐν
2553 4960 2631 5030 τῷ
2666 4960 2760 5013 νῦν
2795 4959 2871 5028 (5)
2903 4961 2996 5012 καὶ
3029 4961 3086 5010 ὲν
3115 4959 3193 5028 τῷ
3225 4958 3470 5028 μέλλοντι
3518 4959 3701 5016 αἰῶνι.

506 5041 593 5096 12,
628 5041 976 5114 Diligentium
1008 5046 1319 5104 Dominum.

2187 5049 2274 5102 12.
2318 5048 2680 5116 Ἀγαπώντων
2706 5049 2796 5100 τὸν
2825 5048 3048 5120 Κύριον.

505 5131 593 5186 15.
635 5134 1068 5190 Desiderantium
1103 5139 1282 5208 ipsum
1313 5139 1516 5194 videre.

2048 5133 2088 5186 D
2192 5140 2277 5194 15.
2317 5140 2756 5210 Ἐπιθυμούντων
2791 5142 2951 5192 αὑτὸν
2985 5140 3303 5194 θεάσασθαι.

505 5227 694 5284 14-19.
737 5226 814 5282 De
839 5227 1106 5285 descensu
1139 5231 1400 5300 loquitur,
1437 5246 1601 5302 quem
1634 5231 1762 5287 feeit
1789 5231 1842 5286 in
1875 5231 2010 5286 infe-

2189 5229 2380 5284 M-l9.
2407 5231 2543 5301 Περὶ
2570 5231 2669 5300 τῆς
2699 5229 3054 5294 καταϐάσεως
3079 5230 3257 5298 λέγει,
3292 5224 3360 5302 ἦς
3401 5233 3698 5303 ἐποιήσατο

433 5317 608 5374 riorcs
640 5327 823 5388 partes
851 5328 1030 5387 terrae,
1054 5329 1108 5376 et
1137 5321 1392 5392 spoliavit
1417 5319 1707 5377 infernum.

2166 5341 2180 5375 ι
2211 5323 2284 5392 (6)
2299 5322 2581 5376 κατώτερα
2601 5321 2742 5394 μέρη
2760 5322 2858 5392 τῆς
2882 5322 3005 5392 γῆς,
3019 5323 3112 5376 καὶ
3126 5307 3420 5376 ὲσκύλευσὲ
3436 5323 3528 5377 τὸν
3543 5323 3697 5394 ᾅδην.

1382 5414 1686 5480 Addenda
1735 5422 1796 5480 et
1830 5414 2204 5494 corrigenda
2254 5434 2332 5477 ex
2367 5415 2505 5477 cod.
2543 5415 2742 5477 Valic.

612 5513 977 5593 '_.l_l_6t_a)_lst1fcdv
1013 5532 1168 5593 per.“

2198 5517 2274 5586 (5)
2309 5515 2636 5593 N._10._Kal
2667 5519 2724 5593 ἐν
2748 5515 2826 5593 τῷ
2847 5515 2962 5593 νύν3
2989 5524 3093 5571 etc.
3121 5513 3197 5593 N._
3218 5516 3305 5593 11.
3336 5517 3444 5571 Kal
3473 5514 3701 5593 ἐλεηθῄ-

525 5587 581 5656 2)
619 5586 684 5639 Ἦ
709 5589 797 5641 διὰ
821 5587 918 5657 τῆς
949 5585 1318 5658 κινναϐάρεως
1351 5603 1496 5658 περι.
2129 5585 2277 5658 σεται
2305 5586 2409 5658 υπὸ
2441 5585 2533 5658 τοῦ
2566 5587 2698 5641 Θεοῦ
2725 5586 2819 5641 τοῦ
2851 5585 3112 5651 σώζοντος
3138 5587 3320 5644 αὐτόν.

523 5658 578 5728 5)
613 5658 720 5724 Γῆν
750 5661 845 5713 καὶ
876 5658 1075 5728 πάντα.
1186 5657 1193 5658 ί
2198 5657 2274 5728 (6)
2310 5657 2404 5724 Εἰς
2429 5657 2514 5712 τά.

504 5727 582 5800 (1)
614 5729 730 5795 Πᾶς
754 5727 1090 5800 ἀξιούμενος.
