3878 6218
245 352 258 363 ’
367 338 476 397 755
1213 347 1272 404 S.
1312 347 1690 406 ATHANASII
1728 348 1880 408 OPP.
1918 351 2096 406 PARS
2135 350 2220 406 ill.
2259 383 2330 394 —
2362 349 2773 408 EXEGETICA.
3518 351 3626 407 733

435 457 526 517 10.
557 456 626 514 Et
654 467 708 514 te
739 461 973 515 sustinui
1005 469 1116 516 tota
1145 463 1252 518 die.
1961 518 1966 529 η

1961 473 2007 529 Α
2107 464 2194 518 10.
2227 464 2336 518 Καί
2361 481 2422 517 σε
2453 464 2720 536 ὑπέμεινα
2747 465 2878 534 ὅλην
2898 465 2999 535 τὴν
3029 463 3262 536 ἡμέραν.

438 549 526 604 11.
558 549 929 606 Reminiscere
957 552 1374 609 miserationum
1410 563 1652 621 tuarum,
1689 556 1939 624 Domine,

1820 558 1939 624 line,
2119 556 2203 609 11.
2234 555 2521 627 Μνὴσθητι
2551 556 2657 610 τῶν
2681 555 2981 626 οἰκτιρμῶν
3012 572 3128 619 σου,
3157 554 3351 627 Κύριε,

437 643 528 700 12.
548 644 611 698 Et
629 647 1125 701 miscricordiarum
1143 658 1379 713 tuarum,
1396 667 1517 720 qua:
1533 667 1561 704 a
1581 653 1776 707 saeculo
1793 661 1940 709 sunt.

2125 647 2207 702 l2.
2244 647 2352 700 Καὶ
2378 646 2446 700 τὰ
2475 646 2598 716 ὲλέη
2627 663 2744 710 σου,
2775 647 2857 698 ὅτι
2885 645 2993 698 ἀπὸ
3021 644 3116 696 τοῦ
3146 644 3341 706 αἰῶνός
3369 643 3531 696 εἰσιν.

452 739 541 792 15.
571 737 771 794 Delicta
801 739 1108 807 juventutis
1141 757 1274 796 mea:
1296 782 1310 807 ,
1341 751 1393 796 et
1427 743 1763 813 ignorantias
1796 761 1944 800 ineas

2118 739 2204 792 15.
2251 737 2552 810 Ἀμαρτὶας
2583 737 2840 808 νεότητὸκς
2881 753 3005 807 μου,
3035 736 3130 790 καὶ
3161 735 3382 804 ἀγνοίας
3408 749 3511 804 μου
3548 731 3625 805 μὴ

367 845 436 883 ne
464 830 774 882 memineris
803 843 817 882 :

803 843 817 882 :
2047 827 2290 900 μνησῦᾖς
2307 843 2318 855 ·

440 919 842 975 “Secundum
859 921 1284 978 miscricordiam
1299 937 1446 980 tuam
1463 937 1734 986 memento
1745 933 1848 988 mei
1864 940 1940 1000 tu,

1804 933 1940 1000 είιιι,
2118 921 2204 972 14.
2243 919 2397 972 Κατὰ
2423 918 2483 971 τὸ
2509 918 2655 981 ἔλεός
2688 935 2782 970 σου
2817 915 3085 988 μνήσθητί
3119 933 3218 986 μου
3248 915 3335 977 σὺ,

440 1011 527 1066 15.
559 1010 785 1080 Propter
809 1015 1103 1067 bonitatem
1137 1026 1309 1079 tuam,
1345 1018 1590 1076 Domine.

2121 1013 2209 1066 15.
2242 1014 2470 1065 ’Ἕνεκεν
2503 1013 2602 1082 τῆς
2630 1011 2999 1082 χρηστότητος
3029 1027 3144 1074 σου,
3175 1007 3368 1078 Κύριε.

439 1102 525 1155 16.
564 1101 749 1156 Dulcis
781 1114 833 1158 et
860 1116 1038 1159 rectus
1074 1105 1357 1171 Dominus,

2121 1105 2204 1158 16.
2241 1104 2488 1174 Χρηστὸς
2519 1103 2610 1155 καὶ
2641 1102 2800 1166 εὐθὺς
2832 1104 2860 1154 ὁ
2894 1101 3127 1172 Κύριος⁶

439 1194 528 1248 17.
549 1195 775 1263 Propter
801 1197 902 1248 hoc
932 1197 1100 1265 legem
1131 1200 1280 1252 daliit
1303 1201 1742 1271 delinquentibus
1763 1207 1815 1258 in
1837 1206 1943 1261 via.

2125 1199 2211 1252 17.
2244 1197 2344 1250 Διὰ
2376 1197 2533 1250 τοῦτο
2574 1195 2926 1266 νομοθετήσει
2971 1195 3382 1266 ἁμαρτάνοντας
3407 1193 3466 1243 ὲν
3497 1187 3623 1259 ὁδῷ.

441 1285 528 1338 18.
559 1285 763 1356 Diriget
789 1298 1105 1342 mansuetos
1137 1291 1188 1342 in
1219 1290 1446 1358 judicio,

2121 1293 2207 1347 18.
2249 1291 2534 1360 Ὀδηγήσει
2567 1291 2762 1358 πραεῖς
2792 1291 2848 1341 ἐν
2879 1288 3079 1359 κρίσει,

441 1377 529 1430 19.
566 1376 786 1431 Docoliit
819 1381 979 1430 mites
1005 1380 1119 1433 vias
1147 1397 1299 1438 suas.

2120 1384 2207 1436 19.
2242 1381 2451 1444 Διδάξει
2488 1382 2679 1450 πραεῖς
2713 1379 2862 1442 ὁδοὺς
2891 1379 3076 1434 αὑτοῦ.

441 1467 532 1522 20.
565 1465 843 1522 Universae
873 1470 968 1523 vite
1001 1469 1214 1524 Domini
1249 1473 1622 1529 miseric0rdia
1647 1484 1700 1531 et
1725 1480 1946 1547 veritas,

1914 1497 1946 1547 ι,
2117 1473 2206 1528 20.
2241 1475 2416 1526 Πᾶσαι
2448 1473 2503 1523 αἱ
2535 1471 2646 1522 ὁδοὶ
2675 1471 2877 1542 Κυρίου
2904 1470 3049 1534 ἔλεος
3075 1473 3169 1524 καὶ
3194 1471 3445 1541 ἀλήθεια,

441 1559 530 1612 21.
565 1559 992 1630 Requirentibus
1018 1571 1401 1618 testamentum
1429 1567 1569 1637 ejus,
1609 1578 1664 1623 et
1700 1571 1948 1625 testimo-

2117 1566 2206 1619 21.
2244 1566 2369 1627 Τοῖς
2410 1560 2698 1634 ἐπιζητοῦσι
2742 1563 2840 1631 τὴν
2873 1561 3138 1634 διαθήκην
3177 1562 3379 1629 αὑτοῦ,
3430 1562 3529 1615 καὶ
3559 1561 3632 1614 τὰ

375 1651 462 1704 nia
495 1654 634 1719 ejus.

2053 1657 2327 1731 μαρτύρια
2360 1656 2542 1710 αὑτοῦ.

441 1743 532 1797 22.
565 1742 792 1812 Propter
822 1759 1020 1800 nomen
1053 1755 1228 1812 tuum,
1267 1749 1512 1812 Domine,

1977 1807 2018 1820 __
2119 1749 2210 1802 22.
2240 1749 2465 1802 Ἕνεκεν
2495 1749 2588 1802 τοῦ
2615 1749 2875 1820 ὀνόματος
2900 1766 3014 1811 σου,
3043 1747 3234 1818 Κύριε,

440 1835 511 1888 25
559 1835 620 1887 Ει
659 1837 953 1904 propitiare
984 1850 1203 1905 peccato
1233 1856 1386 1902 meo;
1417 1841 1644 1894 multum
1675 1851 1758 1896 est
1776 1845 1941 1898 enim.

2115 1841 2206 1894 25.
2238 1841 2346 1893 Καὶ
2376 1841 2619 1911 ἱλάσθητι
2647 1807 2719 1913 τῇ.
2745 1807 3146 1912 ἁμαρτίᾳ-μουί
3169 1837 3336 1908 πολλὴ
3357 1836 3464 1906 γάρ
3487 1838 3627 1889 ἐστι.

439 1926 526 1980 24.
568 1927 703 1991 Quis
731 1935 811 1980 cst
840 1928 1024 1990 homo,
1051 1929 1142 1998 qui
1174 1930 1323 1982 timet
1356 1928 1690 1985 Dominum?

2118 1932 2208 1986 24.
2238 1934 2334 1996 Τίς
2369 1935 2515 1985 ἐστιν
2548 1934 2830 2003 ἄνθρωπος
2857 1936 2884 1986 ὀ
2903 1932 3237 2002 φοϐούμενος
3263 1931 3354 1982 τὸν
3389 1928 3627 2002 Κύριον;

437 2017 529 2072 25.
563 2018 756 2089 Lugent
787 2030 987 2073 statuet
1018 2021 1065 2072 ei
1105 2021 1157 2072 in
1192 2023 1296 2080 via,
1331 2039 1493 2092 quam
1530 2024 1708 2092 elegit.

2123 2025 2214 2079 25.
2245 2024 2615 2096 Νομοθετήσει
2648 2025 2794 2096 αὑτῷ
2824 2028 2880 2078 ἐν
2907 2025 3029 2095 ὁδῷ,
3121 2023 3430 2095 ᾑρετίσατο.

443 2106 531 2161 26.
564 2107 756 2162 Anima
787 2110 906 2177 ejus
933 2111 983 2162 in
1020 2111 1176 2165 bonis
1208 2111 1581 2166 demorabitur
1611 2131 1625 2167 :

2121 2117 2212 2171 26.
2251 2118 2314 2170 'H
2347 2117 2491 2188 ψυχὴ
2522 2117 2686 2170 αὑτοῦ
2721 2120 2778 2170 ὲν
2812 2118 3035 2186 ἀγαθοῖς
3065 2116 3484 2186 αὑλισθήσεται·

442 2197 534 2252 27.
573 2198 636 2252 Et
663 2216 846 2254 semen
877 2202 996 2269 ejus
1025 2203 1360 2257 Inureditaltit
1391 2214 1612 2258 terram.

2121 2209 2213 2263 27.
2251 2210 2362 2262 Καὶ
2386 2210 2446 2262 τὸ
2482 2209 2704 2280 σπέρμα
2736 2209 2900 2262 αὑτοῦ
2931 2208 3329 2279 κληρονομήσει
3358 2205 3484 2273 γῆν.

443 2289 535 2347 28.
568 2289 1004 2348 Firmamentum
1035 2303 1120 2349 est
1143 2292 1409 2351 Dominus
1441 2296 1758 2352 timentibus
1783 2311 1904 2351 eum
1934 2315 1948 2352 :

2127 2298 2218 2354 28.
2253 2299 2596 2372 Κραταίωμα
2630 2300 2834 2370 Κύριος
2863 2300 2972 2353 τῶν
2996 2297 3344 2370 φοϐουμένων
3368 2293 3531 2350 αὑτόν
3563 2309 3579 2326 ·

1500 2450 1881 2508 ATHANASII
1919 2439 2534 2511 lNTERPRETATlO.‘

448 2605 537 2662 10.
570 2605 801 2674 Quando
824 2621 945 2663 sum
987 2606 1042 2662 in
1072 2606 1214 2674 luce,
1245 2617 1500 2678 exspecto
1543 2617 1617 2673 te,
1645 2617 1701 2664 et
1723 2609 1958 2679 promis-

2135 2611 2224 2666 10.
2265 2611 2457 2664 Ἦνίκα
2487 2610 2603 2682 εἰμὶ
2629 2612 2687 2664 ἐν
2720 2609 2797 2681 τῷ
2826 2609 2994 2680 φωτὶ,
3025 2606 3398 2678 ἀπεκδέχομαί
3423 2623 3504 2672 σε,
3535 2606 3635 2660 καὶ

377 2698 588 2757 sionem
620 2707 789 2752 tuam.

2058 2700 2157 2772 τὴν
2184 2701 2515 2769 ἐπαγγελίαν
2545 2717 2658 2754 σου.

449 2791 536 2856 11,
576 2789 662 2847 12.
698 2789 1022 2857 Recordare,
1058 2789 1306 2853 Domine,
1335 2789 1595 2859 quoniam
1642 2790 1958 2846 misericors

2133 2791 2220 2855 1l,
2258 2791 2343 2843 12.
2379 2789 2697 2861 Μνήσθητι,
2741 2789 2915 2858 Κύριε
2937 2827 2952 2852 ,
2987 2789 3067 2842 ὅτι
3110 2787 3408 2858 οἰκτίρμων
3437 2781 3510 2852 εἴ,
3539 2788 3637 2840 καὶ

377 2897 458 2944 es,
490 2891 545 2936 et
588 2882 732 2952 quod
776 2897 806 2935 a
839 2882 1041 2936 saeculo
1071 2882 1405 2937 consuevisti
1453 2883 1700 2937 misereri
1742 2897 1908 2936 eorun

2105 2899 2139 2933 τι
2180 2882 2274 2934 ἀπ’
2308 2881 2505 2945 αἰῶνος
2535 2879 2692 2934 εἴωθε
2739 2880 2815 2952 (1)
2849 2879 3016 2934 ὲλεεῖν
3043 2880 3166 2944 τοὺς
3193 2879 3636 2950 προσ-πίπτοντός

377 2973 470 3043 qui
503 2973 598 3028 tibi
631 2988 688 3027 se
718 2981 1089 3042 prosternunt.
1981 3019 2022 3043 η
2059 2989 2160 3025 σοι.

449 3063 538 3118 15.
587 3061 919 3118 Obliviscere
968 3063 1214 3118 omnium
1262 3072 1610 3133 peccatorum
1671 3079 1950 3128 meorum,

2126 3063 2212 3115 1'5.
2247 3060 2435 3132 Λήθην
2464 3062 2680 3115 πάντων
2708 3059 2932 3131 ποίησον
2957 3058 3065 3112 τῶν
3088 3059 3371 3131 ἁμαρτιῶν
3407 3076 3531 3130 μου,
3556 3050 3637 3113 ὧν

379 3169 501 3225 quae
524 3155 761 3225 juvenis,
797 3163 851 3210 et
879 3155 1189 3224 ignorantia
1219 3155 1417 3210 ductus
1451 3155 1728 3211 commisi.

2055 3152 2358 3223 πεποίημαι
2391 3152 2508 3216 νέος
2532 3151 2627 3217 ὢν,
2662 3153 2754 3205 καὶ
2781 3151 2972 3222 ἀγνοίᾳ
2997 3151 3293 3222 φερόμενος

450 3245 538 3312 14,
569 3247 658 3300 15.
693 3245 919 3316 Propter
947 3245 1236 3302 bonitatem
1265 3256 1443 3310 tuam,
1469 3245 1713 3300 Domine.
1752 3245 1955 3312 Quent-

2131 3246 2218 3312 11,
2252 3247 2336 3300 15.
2379 3247 2631 3300 Ἕνεκεν
2664 3245 2775 3314 τῆς
2797 3246 3208 3315 χρηστότητός
3239 3259 3357 3297 σου
3379 3282 3395 3308 ,
3435 3243 3632 3311 Κύριε.

379 3338 671 3392 admodum
703 3354 902 3407 magna
935 3348 1020 3393 est
1054 3347 1148 3392 tua
1181 3338 1578 3403 misericordia,
1629 3338 1703 3392 ita
1731 3340 1833 3391 mei
1869 3355 1910 3392 τι

2106 3338 2266 3409 ὶσπερ
2298 3337 2439 3408 μέγα
2472 3354 2564 3390 σου
2590 3338 2650 3390 τὸ
2678 3337 2823 3400 ἔλεός
2850 3338 3017 3397 ἐστιν,
3043 3334 3218 3398 οὑτως
3249 3352 3348 3406 μου
3378 3333 3637 3405 μνησθεὶς

379 3428 634 3483 cordatus
659 3429 884 3496 dignum
910 3428 997 3483 fac
1023 3443 1110 3482 me
1137 3429 1516 3483 misericordia
1550 3438 1661 3490 tua,
1692 3429 1910 3498 quoniat

2106 3430 2284 3496 ξίωσόν
2317 3447 2383 3500 με
2415 3429 2507 3482 τοῦ
2545 3429 2726 3493 ἐλέους
2761 3447 2853 3482 σου
2874 3469 2888 3493 ,
2923 3429 3109 3482 ἕνεκεν
3143 3427 3237 3480 τοῦ
3273 3423 3412 3480 εἷναί
3451 3443 3510 3478 σε
3544 3426 3637 3478 εὑ-

381 3530 436 3576 tu
467 3520 642 3576 facilis
677 3536 736 3576 es
775 3521 843 3576 ad
885 3520 1302 3590 excipiendum,
1343 3530 1396 3576 et
1427 3522 1685 3576 omnibus
1725 3521 1912 3591 teipsut

2106 3523 2304 3594 ἀραχον
2335 3521 2755 3594 [εὑπαράδοχον]
2787 3522 2884 3594 (α),
2931 3522 3023 3574 καὶ
3057 3523 3224 3574 πᾶσιν
3257 3519 3448 3574 ἑαυτὸν
3495 3535 3637 3589 παρ-

380 3612 610 3684 praebes.

2059 3614 2149 3685 έχε
2160 3631 2225 3668 ιν.

451 3703 537 3758 16.
570 3702 836 3769 Quoniam
860 3702 1040 3758 bonus
1069 3702 1173 3770 est,
1202 3710 1256 3757 et
1288 3702 1626 3767 misericors,

2133 3706 2220 3760 16.
2259 3705 2476 3776 Ἐπειδὴ
2507 3704 2710 3774 ἀγαθός
2737 3705 2854 3758 ἐστι
2889 3705 2983 3758 καὶ
3013 3705 3134 3776 ὲλεή
3147 3721 3280 3774 μων,

451 3793 538 3848 17.
567 3792 859 3864 Propterea
890 3803 1204 3864 peccatores
1234 3794 1301 3848 ad
1331 3808 1390 3848 se
1419 3797 1710 3851 convertit.

2131 3798 2218 3851 17.
2254 3798 2353 3850 Διὰ
2376 3797 2532 3851 τοῦτο
2559 3799 2682 3861 τοὺς
2707 3797 3120 3869 ἁμαρτάνοντας
3150 3794 3468 3867 ἐπιστρέφει
3500 3793 3635 3864 πρὸς

1696 3950 1701 3960 Ι
2062 3890 2244 3944 αὑτόν.
2324 3936 2334 3950 κ

455 3974 542 4042 18,
574 3974 662 4030 19.
703 3973 940 4029 Deducet
971 3975 1024 4028 in
1049 3973 1328 4032 veritatem
1360 3987 1456 4028 eos
1477 4015 1493 4039 ,
1526 3974 1621 4044 qui
1657 3974 1706 4030 ei
1741 3990 1848 4030 non
1883 3991 1961 4032 re-

2136 3983 2224 4048 18,
2266 3983 2352 4036 19.
2391 3983 2678 4055 Ὀδηγήσει
2716 3983 2797 4046 είς
2822 3982 3080 4052 ἀλήθειαν
3113 3983 3238 4044 τοὺς
3271 3981 3344 4051 μὴ
3385 3978 3635 4032 ἀνθιστα-

382 4067 605 4132 sistunt,
635 4075 689 4121 et
715 4066 933 4121 docebit
960 4081 1074 4130 eos,
1099 4066 1192 4143 qui
1223 4066 1273 4120 ei
1303 4065 1637 4134 auscultant,
1683 4068 1913 4136 quomod

2103 4073 2257 4137 ένους
2272 4073 2440 4144 αὐτῷ,
2459 4076 2552 4128 καὶ
2572 4075 2770 4140 διδάξει
2785 4077 2909 4138 τοὺς
2932 4073 3305 4136 ὑπακούοντας
3326 4069 3495 4142 αὐτῷ,
3522 4070 3634 4131 πῶς

383 4157 696 4230 Ρθτνθηίθηί
725 4158 778 4210 ίη
815 4171 1039 4225 regnum
1069 4157 1358 4210 εωῖοτυῖη·
2063 4167 2288 4219 ἔλθωσιν
2314 4169 2392 4230 εἰς
2418 4168 2516 4238 τὴν
2548 4168 2823 4239 βασιλείαν
2847 4168 2955 4221 τῶν
2981 4167 3247 4239 οὐρανῶν.

452 4249 543 4317 20,
573 4249 662 4303 21.
691 4248 887 4302 Omnia
927 4247 1182 4301 mandata
1211 4247 1424 4302 Domini
1467 4248 1842 4304 misericordia
1864 4291 1878 4315 ,
1909 4259 1964 4305 et

2125 4259 2215 4323 20,
2253 4260 2343 4313 21.
2374 4261 2553 4314 Πᾶσαι
2590 4263 2644 4313 αἱ
2683 4260 2893 4314 ἐντολαὶ
2922 4259 3127 4331 Κυρίου
3168 4255 3503 4328 ἐλεημοσύνη
3543 4251 3636 4307 καὶ

383 4341 518 4396 ﬁdes
557 4350 685 4396 sunt
727 4339 1038 4395 volentibus
1085 4339 1308 4409 implere
1345 4337 1512 4394 Vetus
1555 4339 1914 4396 Testamentul

2112 4349 2245 4413 ίστις
2279 4352 2386 4403 εἰσὶ
2414 4355 2524 4415 τοῖς
2551 4351 2760 4404 Θέλουσι
2803 4351 3089 4422 πληρῶσαι
3117 4350 3216 4419 τὴν
3248 4347 3490 4400 Παλαιὰν
3515 4348 3639 4398 Δια-

383 4433 682 4490 secundum
714 4448 812 4500 ea,
837 4448 960 4503 quae
994 4449 1023 4486 a
1058 4431 1308 4497 Domino,
1336 4439 1390 4488 et
1424 4433 1492 4487 ab
1526 4433 1660 4505 ipsis
1698 4435 1906 4505 apostol

2106 4443 2239 4513 ήκην
2266 4443 2408 4496 κατὰ
2439 4444 2514 4513 (2)
2547 4443 2652 4496 ὑπὸ
2680 4442 2773 4496 τοῦ
2809 4443 3013 4514 Κυρίου
3054 4440 3381 4511 λαληθέντα,
3411 4438 3504 4491 καὶ
3532 4437 3637 4490 τῶν

383 4527 524 4582 dicta
556 4533 705 4581 sunt.

2065 4536 2375 4588 ἀποστόλων
2403 4536 2600 4589 αὐτῶν.

451 4619 542 4684 22,
573 4618 664 4674 25.
699 4619 888 4689 Agnus
919 4620 1011 4675 Dei
1046 4620 1338 4686 exsistcns,
1370 4630 1424 4676 et
1450 4621 1646 4676 tollens
1674 4630 1958 4692 peccatum

2132 4627 2224 4685 22.
2248 4627 2336 4680 25.
2370 4627 2446 4697 (5)
2483 4629 2541 4680 'O
2567 4628 2825 4700 ὑπάρχων
2859 4625 3055 4696 ’Λμνὸς
3103 4623 3198 4678 τοῦ
3233 4622 3391 4689 Θεοῦ,
3416 4623 3444 4675 ὁ
3469 4620 3642 4693 αἴρων

383 4726 603 4773 meum;
633 4712 863 4766 multum
896 4713 1042 4766 enim
1075 4721 1178 4767 est.

2061 4720 2160 4791 τὴν
2185 4720 2458 4791 ἁμαρτίαν
2491 4738 2591 4790 μου
2618 4737 2632 4749 ·
2663 4719 2832 4790 πολλὴ
2863 4719 2972 4790 γάρ
3001 4720 3166 4771 ἐστιν.

467 4803 546 4859 21.
574 4803 709 4871 Quis
737 4814 820 4860 est
850 4807 972 4869 ille,
1003 4807 1097 4876 qui
1145 4806 1348 4877 COgitet
1383 4805 1551 4861 Deum
1597 4805 1958 4874 inspectorem

2130 4810 2223 4864 24.
2257 4811 2351 4872 Τίς
2399 4812 2544 4863 ἐστιν
2589 4813 2793 4874 ἐκεῖνος
2832 4812 2859 4863 ὁ
2903 4809 3098 4862 ἐννοῶν
3143 4806 3218 4876 (ι)
3273 4805 3466 4876 ἔφορον
3500 4803 3641 4873 ἔχειν

383 4895 586 4952 habere
608 4896 631 4950 ?

2062 4902 2154 4955 τὸν
2175 4903 2337 4968 Θεόν;

455 4988 546 5042 25.
581 4987 805 5043 Erudiet
833 5005 956 5042 eum
990 4991 1043 5044 in
1072 4991 1355 5061 praeceptis
1387 4992 1524 5046 suis.

2135 4993 2226 5046 25.
2244 4994 2586 5064 Στοιχειώσει
2613 4993 2774 5047 αὑτὸν
2802 4994 2858 5045 ἐν
2882 4995 3000 5055 ταῖς
3023 4991 3260 5053 ἐντολαῖς
3275 4987 3465 5043 αὑτοῦ.

457 5081 548 5136 26.
585 5079 642 5134 In
676 5082 812 5136 locis
841 5083 1246 5151 supercaelestis
1279 5083 1539 5138 civitatis.

2135 5084 2170 5136 2
2193 5089 2224 5136 ἱ.
2265 5086 2354 5137 Ἐν
2379 5085 2564 5148 τόποις
2594 5085 2695 5155 τῆς
2722 5085 3040 5156 ἐπουρανίου
3066 5082 3291 5145 πόλεως.

456 5173 550 5228 27.
585 5173 887 5244 Super-nam
924 5183 1124 5227 terram
1153 5174 1441 5244 signiﬁcat.

1316 5175 1441 5228 icat.
2144 5175 2233 5228 27.
2265 5175 2374 5245 Τὴν
2407 5177 2518 5229 ἄνω
2544 5176 2690 5245 λέγει
2723 5177 2847 5245 γῆν.

457 5263 548 5319 28.
580 5266 886 5321 Auxiliator
909 5275 992 5322 est
1017 5266 1281 5321 Dominus
1307 5267 1612 5322 timentium
1639 5283 1786 5321 eum.

2139 5268 2226 5321 28.
2247 5269 2448 5340 Βοηθός
2462 5273 2575 5323 ἐστι
2593 5271 2794 5341 Κύριος
2809 5270 2836 5322 ὁ
2854 5269 2959 5323 τῶν
2979 5268 3052 5339 (5)
3077 5266 3240 5336 φοῦου
3248 5264 3425 5336 μένων
3455 5262 3639 5318 αὐτόν.

1341 5399 1646 5462 Addenda
1677 5407 1739 5463 et
1781 5400 2156 5479 corrigenda
2193 5422 2270 5464 ex
2307 5409 2449 5468 cod.
2485 5409 2688 5470 Vatic.

576 5523 811 5600 Εῖωθας.
2073 5525 2344 5600 coiit-9505,
2378 5523 2508 5599 ἆρον
2535 5531 2654 5600 τήν.

467 5595 686 5670 Δᾈς-αλ
715 5595 802 5649 τά.
892 5665 914 5670 _
982 5666 992 5670 _
1045 5665 1056 5670 _
1185 5663 1196 5670 _
1424 5666 1436 5670 _
1477 5664 1517 5670 __
1615 5663 1627 5670 _
1713 5663 1728 5670 _
1799 5663 1809 5670 _
2145 5599 2220 5664 (4)
2264 5599 2320 5651 Ὀ
2348 5595 2713 5670 ἐννοούμενος.
2741 5599 2758 5670 λ¹

460 5665 536 5736 ('5)
570 5663 793 5718 Ἕνεκεν
825 5665 918 5719 τοῦ
971 5663 1227 5737 ὀνόματός
1265 5680 1387 5728 σου,
1415 5666 1444 5718 ὁ
1477 5663 1671 5734 Ἀμνὺς
1705 5663 1968 5734 ὑπάρχων
2141 5673 2214 5745 (ὅ)
2247 5670 2472 5742 Βοήοεια
2503 5663 2649 5740 λέγει
2672 5668 2874 5742 Κύριος
2903 5667 3034 5732 τῶν,
3063 5675 3170 5722 etc.

471 5777 546 5849 (α)
586 5778 896 5850 chendum
927 5782 1109 5852 potius
1157 5779 1484 5850 εὐπάροκον.
1518 5777 1676 5832 Ευιτ.
