3878 6218
75 271 199 329 75]
1007 267 1095 322 DE
1134 265 1897 355 TITULIS‘PSALMORUM.
1938 295 2005 306 —
2044 261 2240 316 PSAL.
2282 260 2449 314 XXV.
3234 260 3341 319 738

164 386 257 443 29.
291 386 403 440 Καὶ
428 390 461 458 ὴ
484 386 716 457 διαθήκη
750 385 913 440 αὑτοῦ
946 386 1174 457 δηλώσει
1203 389 1408 451 αὐτοῖς.
1692 440 1695 447 ,

1692 396 1738 450 Α
1834 386 1924 440 29.
1962 383 2026 437 Et
2057 390 2439 438 testamentum
2473 381 2646 450 ipsius
2674 378 3048 435 manifestabit
3072 378 3201 435 illis.

162 476 255 532 50.
287 477 350 530 Οἱ
378 475 644 546 ὀφθαλμοί
676 493 775 546 μου
806 475 1096 541 διαπαντὸς
1125 477 1259 549 πρὸς
1280 479 1371 531 τὸν
1404 478 1628 549 Κύριον,

1412 478 1628 549 Κύριον,
1836 475 1925 530 50.
1953 474 2108 529 Oculi
2141 472 2247 527 mei
2279 487 2494 541 semper
2524 472 2590 525 ad
2626 469 2943 535 Dominum,

164 565 259 620 51.
292 567 413 619 Ὀτι
436 568 595 631 αὐτὸς
618 569 883 621 ὲκσπάσει
900 571 964 623 ἐκ
980 570 1204 638 παγίδος
1218 572 1345 635 τοὺς
1362 573 1525 635 πόδας
1544 589 1662 643 μου.

1838 569 1924 621 51.
1962 567 2227 632 Quoniam
2271 567 2386 636 ipse
2416 566 2611 619 evellet
2640 564 2707 619 de
2744 564 2939 633 laqueo
2966 563 3131 633 pedes
3168 578 3341 621 meos.

167 658 261 713 52.
305 658 622 727 Ἐπίὸλεψον
646 659 731 710 ἐπ’
753 660 874 730 ἐμὲ,
900 662 994 713 καὶ
1028 660 1251 732 ἐλέησόν
1285 680 1353 732 με
1382 679 1397 692 ο

1836 658 1924 711 52.
1960 657 2185 727 Respice
2216 658 2268 710 in
2298 672 2403 721 me,
2436 666 2491 709 et
2524 657 2783 710 miserere
2812 656 2953 710 mei:

163 747 257 802 55.
292 749 412 800 Ὅτι
453 748 746 819 μονογενὴς
780 750 874 801 καὶ
898 751 1111 821 πτωχός
1140 753 1255 822 εἰμι
1283 750 1413 820 ἐγώ.

1836 749 1924 803 55.
1963 748 2099 813 Quia
2132 748 2330 803 unicus
2359 756 2413 800 et
2448 762 2652 816 pauper
2682 761 2804 799 sum
2836 762 2957 817 ego.

166 840 259 894 54.
293 842 358 893 Αἱ
396 840 603 909 θλίψεις
627 842 725 911 τῆς
759 842 985 913 καρδίας
1016 859 1117 912 μου
1145 844 1591 913 ὲπληθύνθησαν’

1838 840 1926 894 54.
1960 839 2362 893 Tribulationcs
2384 840 2566 893 cordis
2590 840 2694 893 mei
2721 840 3094 908 multiplicatae.
3121 849 3281 895 sunt:

160 932 255 989 55.
301 934 396 985 Ἐκ
430 933 537 985 τῶν
571 932 825 1002 ἀναγκῶν
863 951 962 1004 μου
989 935 1225 1004 ὲξάγαγέ
1261 954 1351 1007 με.

1838 933 1926 985 55.
1963 931 2033 985 De
2059 931 2476 984 necessitatibus
2508 932 2644 985 meis
2681 946 2811 985 erue
2841 948 2944 987 me.

162 1026 256 1082 56.
298 1028 402 1079 Ἴδε
430 1026 525 1098 τὴν
558 1028 886 1081 ταπείνωσίν
916 1047 1017 1098 μου
1047 1030 1253 1082 καὶτὸν
1283 1030 1449 1082 κόπον
1482 1046 1584 1099 μου
1621 1046 1635 1061 ·

1839 1022 1925 1075 56.
1962 1022 2098 1076 Vide
2146 1023 2503 1076 humilitatem
2554 1038 2729 1077 meam
2756 1033 2810 1078 ct
2845 1025 3086 1080 laborem
3121 1043 3341 1084 meum:

164 1120 256 1172 57.
294 1120 403 1172 Καὶ
438 1120 573 1188 ἆερες
596 1121 773 1184 πάσας
799 1121 895 1184 τὰς
929 1121 1201 1193 ἁμαρτίας
1238 1138 1361 1191 μου.

1838 1115 1927 1169 57.
1960 1114 2024 1168 Ει
2056 1115 2266 1167 dimitte
2308 1116 2560 1170 universa
2587 1117 2784 1171 delicta
2816 1134 2956 1172 mea.

163 1212 255 1266 58.
296 1212 398 1265 Ἴδε
425 1215 550 1276 τοὺς
577 1214 803 1285 ἐχθρούς
833 1232 956 1285 μου,
983 1216 1065 1267 ὅτι
1110 1213 1526 1285 ὲπληθύνθησαν
1546 1231 1558 1243 ·

1840 1207 1928 1262 58.
1967 1205 2196 1276 Respice
2228 1206 2484 1262 inimicos
2510 1224 2683 1273 meos,
2711 1211 2971 1280 quoniam
3001 1213 3345 1283 multiplicati

1770 1307 1900 1358 sunt
1927 1317 1939 1352 :

165 1386 256 1441 59.
289 1388 399 1439 Καὶ
438 1390 589 1457 μῖσος
615 1387 794 1442 ἄδικον
817 1387 1087 1460 ὲμίσησάν
1118 1404 1208 1458 με.

1836 1392 1924 1444 59.
1961 1390 2027 1445 Et
2060 1392 2186 1446 odio
2221 1391 2411 1464 iniquo
2444 1394 2678 1448 oderunt
2710 1409 2816 1449 me.

163 1478 255 1533 40.
292 1478 531 1544 Φύλαξον
560 1480 656 1549 τὴν
684 1480 863 1551 ψυχήν
895 1498 1018 1551 μου,
1045 1480 1136 1533 καὶ
1177 1478 1338 1549 ῥῦσαί
1369 1494 1457 1549 με’

1838 1482 1928 1536 40.
1965 1482 2189 1539 Custodi
2222 1487 2461 1540 animam
2486 1503 2685 1550 meam,
2716 1498 2770 1542 et
2794 1504 2922 1543 erue
2945 1503 3064 1544 me:

163 1571 257 1625 41.
292 1570 384 1642 Μὴ
412 1571 882 1642 καταισχυνθείην,
916 1572 997 1624 ὃτι
1029 1572 1233 1643 ἦλπισα
1264 1572 1356 1623 ἐπὶ
1396 1570 1479 1623 σέ.

1836 1575 1927 1628 41.
1964 1574 2083 1629 Νοη
2117 1578 2463 1643 erubescam,
2501 1581 2763 1649 quoniam
2793 1585 3005 1651 speravi
3042 1582 3095 1636 in
3128 1589 3202 1639 te.

165 1663 261 1719 42.
302 1664 534 1716 Ἀκακοι
574 1665 667 1717 καὶ
700 1663 876 1727 εὑθεῖς
924 1662 1220 1717 ὲκολλῶντό
1268 1679 1381 1732 μοι,
1441 1662 1522 1714 ὅτι
1565 1661 1668 1713 ὑπ-

1836 1665 1927 1719 42.
1959 1664 2276 1722 lnnocentes
2296 1678 2347 1723 et
2369 1670 2500 1723 recti
2528 1671 2877 1727 adhaeserunt
2895 1674 3050 1741 mihi,
3071 1676 3199 1746 quia
3227 1692 3346 1732 sus.

83 1754 297 1826 ἐμεινά
319 1773 399 1821 σε,
418 1754 612 1825 Κύριε.

481 1754 612 1825 ὄριε.
1702 1743 1742 1798 Β
1774 1754 1913 1808 tinui
1941 1764 2012 1810 te.

162 1848 258 1903 45.
292 1850 601 1919 Δύτρωσαι,
628 1849 657 1901 ὁ
687 1847 837 1913 Θεὸς,
864 1845 953 1901 τὸν
995 1846 1213 1919 Ἰσραὴλ
1243 1846 1306 1900 ὲκ
1328 1844 1519 1899 πασῶν
1557 1844 1666 1897 τῶν

1844 1845 1935 1901 45.
1972 1844 2189 1914 Libera,
2228 1846 2391 1915 Deus,
2417 1847 2584 1904 Israel
2627 1864 2691 1904 ex
2735 1852 2992 1907 omnibus
3039 1853 3346 1911 tribulatio-

84 1939 335 2011 θλίψεων
371 1938 557 1995 αὐτοῦ.

1776 1937 1939 1991 nibus
1965 1938 2102 1993 suis.

414 2070 657 2143 Ψαλμὸς
684 2069 765 2137 τῷ
793 2068 989 2126 Δαϐίδ.
1020 2071 1196 2123 ΨΑΑ.
1224 2072 1357 2126 KE'.

2119 2067 2368 2123 Psalmus
2395 2069 2588 2125 David.
2625 2072 2830 2130 I'SAL.
2860 2075 2966 2129 ΧΧ
2984 2076 3042 2133 ι’.

165 2186 222 2239 1.
252 2184 454 2257 Κρῖνόν
482 2202 596 2256 μοι,
624 2183 816 2256 Κύριε,
839 2184 921 2237 ὄτι
949 2182 1060 2251 ἐγὼ
1091 2184 1149 2236 ὲν
1177 2183 1384 2255 ἀκικκίιξ⁴
1414 2200 1515 2254 μου
1545 2184 1671 2236 ἐπο-

1849 2179 1898 2233 1.
1930 2178 2118 2235 Judica
2148 2197 2255 2248 me,
2280 2181 2547 2251 Domine;
2575 2189 2833 2256 quoniam
2866 2204 2967 2260 ego
2995 2190 3050 2245 in
3084 2189 3347 2247 innocen-

89 2277 304 2350 ρεύθην
328 2293 344 2308 ο

1775 2274 1850 2328 tia
1885 2291 2003 2330 mea
2029 2276 2311 2347 ingressus
2340 2293 2461 2333 sum
2489 2295 2504 2331 :

1239 2475 1613 2532 ATHANASII
1652 2475 2242 2535 INTERPREI‘ATIO.

160 2660 261 2716 29.
290 2660 502 2728 Διδάξει
523 2660 737 2726 αὐτούς.

1848 2668 1938 2724 29.
1970 2670 2193 2727 Docebit
2217 2687 2335 2729 eos.

163 2756 262 2811 50.
296 2756 411 2824 Τῆς
439 2755 664 2827 καρδίας
696 2772 796 2826 μου
827 2754 989 2825 λέγει.

1853 2757 1942 2812 50.
1978 2761 2172 2817 Cordis
2204 2764 2333 2831 mei,
2365 2763 2561 2833 inquit.

166 2847 265 2902 51.
311 2846 443 2898 Ἀπὸ
478 2845 882 2917 ἁμαρτιῶν

784 2846 882 2917 (1)·
1855 2847 1943 2905 51.
1981 2853 2027 2905 Α
2057 2856 2311 2923 peccatis.

164 2936 263 2993 33.
296 2938 537 3008 Πρὸσχες
560 2936 619 2989 τὸ
643 2936 865 3001 ἀσθενές
889 2954 1011 3007 μον,
1042 2937 1138 2992 xui.
1166 2937 1388 3010 ἐλέησόν
1419 2955 1508 3010 με.

1857 2940 1945 2994 52.
1976 2942 2207 2996 Attende
2235 2943 2602 2999 inﬁrmitatem
2632 2958 2831 3011 meam,
2855 2951 2910 2999 et
2939 2942 3195 2999 miserere
3218 2945 3346 3003 mei.

167 3028 262 3082 55.
297 3028 479 3099 Μηδὲν
515 3028 589 3099 (2)
616 3027 776 3099 ἔχων.

1705 3077 1748 3136 c
1854 3034 1943 3088 55.
1975 3032 2122 3136 ἕὶιιὶι
2162 3034 2388 3089 habens.

162 3120 259 3175 ‘54.
295 3122 361 3173 Ai
393 3122 656 3192 ἁμαρτίαι
690 3139 811 3192 μου.

1707 3120 1748 3136 “¹’
1855 3125 1944 3177 54.
1975 3123 2205 3179 Peccata
2242 3141 2382 3180 mea.

178 3212 264 3268 15.
306 3213 438 3265 Ἀπὸ
464 3214 747 3285 ἁμαρτιῶν
788 3214 885 3285 (5).

788 3214 885 3285 (5).
1852 3214 1943 3268 55.
1976 3214 2020 3266 Α
2050 3217 2307 3283 peccatis.

162 3302 242 3360 56
270 3344 286 3367 ,
318 3304 409 3357 57.
440 3304 650 3364 Ἐπιδε,
681 3305 761 3357 ὅτι
792 3304 921 3375 χοῦς
956 3307 1092 3376 εἰμι,
1122 3305 1216 3359 καὶ
1242 3304 1478 3378 πρόσχες
1496 3306 1556 3360 τὸ
1587 3306 1671 3360 δυ-

1852 3306 1943 3370 56,
1974 3308 2062 3360 57.
2089 3306 2294 3376 Inspice
2320 3307 2575 3377 quouiam
2610 3308 2787 3377 pulvis
2813 3325 2956 3376 sum,
2990 3318 3043 3365 et
3070 3311 3350 3368 considera

91 3394 263 3449 νατὸν
293 3393 401 3446 τῶν
438 3394 771 3464 ἐπιθεμένων
804 3413 893 3465 μοι
921 3396 1190 3467 πολεμίων
1212 3396 1309 3468 (4),
1349 3398 1442 3451 καὶ
1466 3398 1622 3463 σπλατ

1822 3408 2073 3453 olenttam
2096 3400 2434 3453 inimicorum
2455 3400 2773 3453 irruentium
2793 3400 2846 3453 in
2871 3417 2976 3465 me,
2995 3409 3047 3455 et
3063 3403 3353 3460 miseratus

94 3484 341 3556 χνισθεὶς
374 3486 513 3554 ἄφες
541 3487 720 3550 πάσας
745 3488 843 3549 τὰς
877 3489 1152 3560 ἁμαρτίας
1187 3507 1309 3561 μου.

1087 3506 1152 3551 ας
1187 3507 1309 3561 μου.
1783 3491 1992 3545 dimitte
2021 3492 2198 3544 omnia
2226 3504 2444 3561 pet-cata
2479 3506 2615 3544 mea.

169 3574 265 3631 58.
301 3576 439 3639 Τοὺς
463 3576 719 3645 δαίμονας
749 3577 916 3645 λέγει.

1852 3582 1941 3635 58.
1980 3582 2254 3635 Daemones
2291 3582 2581 3650 signiﬁcat.

166 3668 263 3724 59.
303 3669 484 3737 Μηδὲν
511 3669 831 3739 ἀδικηθέντα
859 3668 934 3739 (5)
966 3670 1055 3723 ὑπ’
1081 3669 1238 3741 ἐμοῦ.

1853 3672 1942 3727 59.
1980 3671 2133 3725 Nulla
2162 3674 2305 3725 enim
2342 3673 2538 3740 injuria
2577 3687 2605 3725 a
2640 3688 2723 3725 me
2750 3671 2926 3727 τιστιςιί
2957 3682 3106 3728 sunt.

167 3759 265 3814 40.
304 3762 399 3812 Ἐκ
425 3760 530 3813 τῶν
558 3761 815 3821 ἐναντίων
838 3760 1141 3830 δυνάμεων.

1854 3764 1941 3817 40.
1970 3764 2010 3815 Α
2047 3765 2336 3818 contrariis
2371 3764 2733 3832 potestatibus

176 3853 269 3906 41.
302 3854 394 3922 Μὴ
423 3852 801 3924 ἁλλοτριώσεις
839 3870 906 3923 με
938 3852 1163 3919 ἑαυτοῦ,
1194 3854 1275 3907 ὅτι
1318 3852 1523 3925 ἤλπισα
1549 3895 1565 3919 ,
1599 3854 1681 3907 ὃτι

1856 3856 1944 3909 41.
1971 3854 2053 3909 Me
2086 3872 2113 3907 a
2143 3865 2192 3908 te
2227 3856 2345 3923 ipso
2372 3870 2477 3907 non
2510 3856 2791 3918 alienabis,
2824 3856 3083 3927 quoniam
3117 3862 3351 3928 speravi,

101 3944 375 4018 προσδέξη
404 3963 493 4015 με.

1786 3948 1931 4018 quod
1965 3962 2049 4001 me
2079 3946 2338 4013 exeipics.

172 4038 266 4092 49..
303 4036 493 4105 X191;
530 4035 881 4108 ὲπληρούμην
913 4036 1259 4108 μεμνημένος
1293 4035 1401 4089 τῶν
1442 4037 1685 4104 ἐπαγγε-

1858 4039 1946 4091 42.
1972 4038 2180 4092 Gaudio
2212 4038 2465 4107 impletus
2503 4052 2647 4101 sum,
2675 4037 3100 4106 promissionum
3134 4047 3352 4096 tuarum

105 4130 240 4185 λιῶν
275 4147 393 4183 σου.

1787 4129 2125 4184 recordatus.

175 4218 268 4277 43.
284 4222 389 4275 Τὸν
411 4220 555 4287 νοῦν,
570 4220 738 4289 λέγει,
759 4218 849 4272 τὸν
875 4218 1085 4291 ὁρῶντα
1108 4218 1198 4272 τὸν
1216 4219 1347 4272 Θεὸν
1381 4219 1678 4274 λύτοωεαι.

1669 4260 1678 4274 ,
1713 4194 1758 4248 Ῐ)
1856 4220 1944 4273 45.
1974 4220 2227 4283 Mentem,
2259 4216 2451 4287 inquit,
2480 4232 2603 4286 quae
2628 4216 2771 4272 videt
2799 4216 2988 4286 Deum,
3012 4219 3200 4277 libera.

188 4387 254 4439 Ἢ
288 4384 621 4456 προκειμένη
652 4382 927 4452 ἐπιγραφὴ
952 4380 1193 4450 περιέχει
1218 4396 1229 4406 ·
1270 4378 1341 4449 (6)
1375 4381 1620 4448 Ψαλμὸς
1652 4380 1731 4446 τῷ
1759 4380 1953 4445 Δαϐὶδ,
1996 4380 2260 4443 τουτέστι,
2305 4380 2547 4448 Ψαλμὸς
2580 4380 2658 4445 τῷ
2698 4379 2806 4445 Υίῷ
2830 4381 2935 4434 τοῦ
2985 4382 3152 4435 Θεοῦ.
3194 4382 3359 4438 Δαδὶδ

108 4482 217 4553 γὰρ
242 4480 600 4551 ἑρμηνεύεται
623 4477 827 4542 ἱκανὸς
860 4477 1028 4545 χειρὶ.
1064 4477 1198 4548 ὅπερ
1233 4477 1380 4529 ἐστὶν
1415 4480 1447 4529 ὀ
1475 4475 1605 4540 Υἱὸς
1629 4474 1734 4530 τοῦ
1768 4477 1936 4539 Θεοῦ,
1970 4476 2044 4542 (7)
2076 4476 2214 4529 καθὰ
2236 4478 2265 4528 ὁ
2289 4478 2573 4545 προφήτης
2610 4473 2860 4546 Ἑζεκιὴλ
2886 4475 3162 4530 δείκνυται
3184 4477 3357 4547 λέγων

180 4614 398 4669 Titulus
420 4614 740 4683 prchositus
766 4613 1045 4666 continet:
1072 4611 1320 4665 Psalmus
1349 4611 1535 4674 David,
1569 4614 1670 4667 hoc
1706 4622 1789 4667 est
1815 4632 1828 4667 :
1867 4614 2113 4666 Psalmus
2152 4612 2296 4666 Filio
2325 4614 2436 4666 Dei.
2466 4613 2633 4665 David
2669 4613 2813 4666 enim
2851 4613 3240 4682 interpretatur
3264 4632 3358 4684 po-

114 4724 222 4767 'ens
258 4728 439 4772 manu,
468 4713 609 4779 quod
646 4718 729 4765 est
758 4707 930 4763 Filius
960 4708 1072 4770 Dei,
1101 4710 1563 4777 quemadmodum
1601 4712 1863 4780 propheta
1906 4709 2161 4764 Ezechiel
2197 4709 2463 4770 ostendit,
2497 4710 2684 4763 dicens
2712 4710 2765 4762 in
2798 4709 3006 4763 visione
3030 4709 3354 4766 cherubim:

177 4807 229 4861 1.
263 4807 522 4876 Θέλησον,
547 4807 720 4879 Κύριε
754 4806 850 4875 (8),
882 4805 1239 4859 καταδικάσαι
1268 4807 1410 4877 ἐμοὶ,
1448 4806 1543 4859 καὶ
1571 4808 1684 4869 τοῖς

1851 4806 1902 4858 1.
1933 4804 2111 4869 Veiis,
2144 4804 2392 4867 Domine,
2420 4804 2667 4872 judicare
2714 4806 2854 4859 inter
2901 4820 2990 4859 me
3033 4815 3086 4859 et
3130 4804 3360 4878 Babylo-

109 4898 495 4959 Βαϐυλωνίοις,
525 4898 605 4950 ὅτι
635 4895 746 4965 ἐγὼ
773 4897 869 4968 μὲν
894 4896 1043 4966 πάσῃ
1070 4896 1275 4966 ἀκακία
1298 4895 1573 4967 κέχρημαι
1596 4896 1640 4947 εί

1827 4894 1928 4956 ios,
1961 4895 2219 4963 quoniam
2268 4910 2365 4963 ego
2401 4894 2619 4963 quidem
2651 4894 2704 4947 in
2735 4910 2830 4948 eos
2861 4896 3008 4948 omni
3046 4895 3356 4951 innocentia

115 4994 333 5056 αὐτοὺς,
368 4988 595 5063 [αὐτοὶ]
627 4990 683 5042 δὲ
707 4991 788 5051 εἰς
812 4989 911 5059 ἐμὲ
934 4989 1145 5059 πονηρά
1177 4987 1514 5060 [πονηρίᾳ

1790 5003 1924 5042 usus
1948 5002 2068 5041 sum
2096 5004 2111 5052 ;
2151 4986 2251 5057 ipsi
2281 4998 2459 5041 autem
2486 4987 2540 5041 in
2566 5002 2652 5041 me
2676 4988 2824 5041 omni
2858 4988 3119 5059 nequitia.

1064 5164 1365 5227 Addenda
1391 5171 1453 5226 et
1510 5162 1880 5243 corrigenda
1915 5182 1995 5226 ex
2032 5165 2170 5226 cod.
2204 5165 2407 5227 Vatic.

464 5359 649 5430 πάσης
676 5358 971 5431 ἁμαρτίας.
2072 5355 2157 5432 at;
2189 5354 2681 5432 τῆς-κινναϐάρεως
2718 5372 2843 5424 περ.
3274 5426 3280 5432 ο

188 5424 265 5498 (2)
295 5429 530 5498 Μηδένα.
604 5424 614 5430 ·
717 5424 810 5498 ·

1865 5426 1942 5498 (7)
1983 5425 2156 5498 Ψοῦ
2183 5424 2318 5498 βέοῦ
2341 5425 2486 5498 me.
2522 5432 2627 5498 εἱς-

190 5492 247 5571 (5
312 5492 409 5551 Ἐκ
436 5498 545 5551 τῶν
576 5498 673 5551 dvo
720 5496 815 5551 ιῶν
850 5514 973 5567 μου.

192 5492 267 5623 αξ
298 5568 577 5623 Πολέμων.
609 5515 802 5623 καῖ-ὠς
830 5568 1029 5623 σπλαγ.

1825 5492 1938 5622 038)
1980 5494 2229 5566 Ἐλέησόν
2263 5512 2330 5566 με
2362 5494 2533 5563 λέγει,
2565 5493 2790 5565 Κύριος.
2814 5492 3043 5563 Reliqua
3067 5494 3265 5551 desunt
3298 5499 3356 5553 In

192 5567 267 5638 (ὁ)
298 5568 577 5638 Πολέμων,
609 5567 703 5620 καὶ
726 5567 802 5631 ὡς
830 5568 1029 5636 σπλαγ.
1789 5567 1910 5623 cod.

194 5637 269 5693 (5‘)
314 5637 706 5697 ’Δδικηθέντες.
