3878 6218
541 230 645 292 739
1385 234 1443 287 S.
1483 232 1852 288 ATliANASll
1887 232 2038 289 OPP.
2078 234 2262 290 PARS
2302 235 2390 290 ΠΙ.
2435 264 2508 276 -
2541 232 2962 290 EXEGETICA.
3685 235 3806 292 750

600 354 659 410 2.
689 353 750 408 Et
781 355 837 409 in
866 354 1100 410 Domino
1131 369 1378 424 sperans,
1412 371 1518 409 non
1555 355 1894 410 inlirmabor.

2279 360 2332 413 2.
2365 359 2472 412 Καὶ
2497 359 2588 410 ἐπὶ
2617 357 2694 428 τῷ
2721 358 2914 429 Κυρίῳ
2935 355 3195 422 ἐλπίζων,
3230 355 3290 408 οὔ
3321 353 3396 425 μὴ
3425 354 3749 428 ἀσθενήσω.

602 447 658 504 5.
687 447 860 502 Proba
892 463 998 512 me,
1030 447 1282 514 Domine,
1310 458 1364 502 et
1397 455 1544 500 tenta
1576 463 1696 502 me:

2273 453 2325 505 5.
2363 451 2663 520 Δοκίμασόν
2693 468 2781 520 με,
2821 449 3014 519 Κύριε,
3045 449 3138 501 καὶ
3170 448 3430 518 πείρασόν
3460 465 3525 517 με
3547 465 3560 480 ·

600 542 655 598 4.
686 539 796 596 Ure
819 555 977 596 renes
1006 555 1178 604 meos,
1204 550 1259 594 et
1282 555 1378 593 cor
1408 555 1612 594 meum.
2095 539 2098 542 ’

2280 543 2333 595 -1.
2371 541 2630 612 ΙΙύρωσον
2677 542 2801 604 τοὺς
2845 539 3076 610 νεφρούς
3129 557 3228 610 μου
3271 539 3364 591 καὶ
3405 538 3503 608 τὴν
3556 538 3799 612 καρδίαν

2215 652 2318 704 μου
2349 652 2362 665 ·

603 713 655 768 5.
685 712 954 779 Quoniam
998 712 1375 767 misericordia
1429 724 1522 768 tua
1570 724 1694 768 ante
1721 715 1912 770 oculos
1957 731 2108 770 meos

2281 727 2333 780 5.
2365 727 2486 779 ’Ότι
2519 726 2580 778 τὸ
2606 725 2752 788 ἔλεός
2785 741 2876 777 σου
2901 724 3189 778 κατέναντι
3221 723 3328 775 τῶν
3357 723 3656 793 ὀφθαλμῶν
3689 719 3796 792 μού

538 812 616 856 est
636 821 648 855 :

2211 821 2369 882 ἐστι,

603 891 654 947 6.
683 891 749 946 Ει
773 894 1072 962 complacui
1103 896 1158 948 in
1181 895 1405 948 veritate
1438 903 1550 948 tua.

2281 912 2335 964 6.
2366 911 2477 964 Καὶ
2503 909 2844 979 εὐηρέστησα
2877 909 2935 960 ἐν
2956 909 3020 977 τῇ
3051 906 3278 977 ἀληθείᾳ
3313 923 3429 959 σου.

2284 1001 2335 1054 7.
2367 1001 2480 1053 Οὐκ
2505 999 2733 1052 ἐκάθισα
2761 998 2896 1068 μετά
2925 997 3203 1067 συνεδρίου
3239 997 3603 1066 ματαιότητος
3624 1012 3642 1028 ο

2281 1092 2334 1146 8.
2367 1093 2475 1144 Καὶ
2505 1091 2642 1161 μετά
2678 1088 3138 1160 παρανομούντων
3165 1088 3225 1140 οὐ
3257 1088 3332 1157 μὴ
3359 1088 3609 1144 εἰσέλθω.

2283 1185 2338 1238 9.
2381 1185 2649 1254 Ἐμίσησα
2684 1182 2979 1251 ἐκκλησίαν
3001 1181 3450 1251 πονηρευομένων
3469 1195 3484 1210 ο

2283 1276 2369 1330 10.
2406 1277 2515 1328 Kai.
2563 1275 2699 1345 μετά
2727 1274 2938 1326 ἀσεϐῶν
2964 1275 3025 1326 οὐ
3064 1274 3138 1344 μὴ
3170 1273 3400 1326 καθίσω.

2281 1367 2368 1421 11.
2405 1367 2646 1436 Νίψομαι
2679 1367 2736 1416 ἐν
2761 1365 2958 1427 ἀθώοις
2984 1364 3082 1427 τὰς
3111 1365 3296 1434 χεῖράς
3323 1381 3426 1434 μου
3451 1381 3464 1394 ο

2286 1459 2373 1512 12.
2405 1459 2512 1510 Ka‘v.
2538 1456 2800 1510 κυκλώσω
2826 1458 2886 1509 τὸ
2912 1457 3296 1528 θυσιαστήριον
3324 1473 3439 1518 σου,
3466 1456 3640 1528 Κύριε
3667 1495 3684 1523 ,

2285 1549 2369 1604 15.
2404 1550 2510 1602 Τοῦ
2546 1549 2776 1602 ἀκοῦσαι
2808 1549 2989 1620 φωνῆς
3023 1548 3167 1618 [Τοῦ
3195 1547 3424 1601 ἀκοῦσαί
3464 1566 3532 1618 με
3582 1547 3800 1618 φωνὴν]

2213 1635 2468 1698 αἰνέσεως
2499 1654 2613 1698 σου,

603 981 656 1034 ’1.
693 981 806 1036 Non
842 985 955 1037 sedi
983 999 1106 1037 cum
1139 984 1370 1037 concilio
1396 983 1653 1037 vanitatis
1681 1003 1694 1037 :

601 1075 655 1127 8.
689 1073 751 1126 Et
789 1089 911 1128 cum
948 1075 1132 1142 iniqua
1166 1076 1480 1142 gerentibus
1511 1091 1619 1128 non
1651 1076 1891 1130 introibo
1921 1097 1931 1130 :

602 1165 655 1219 9.
682 1165 836 1218 ()divi
865 1167 1152 1219 ecclesiam
1185 1165 1629 1236 malignantium.

605 1254 694 1308 10.
733 1254 950 1309 Etcum
990 1257 1172 1324 impiis
1204 1272 1310 1310 non
1345 1257 1567 1310 sedebo.

607 1344 693 1398 11.
724 1344 940 1399 Lavabo
971 1347 1110 1400 inter
1136 1347 1450 1400 innocentes
1476 1362 1674 1402 manus
1708 1362 1894 1401 meas:

609 1437 697 1490 12.
735 1437 800 1491 Et
823 1439 1168 1492 circumdabo
1205 1439 1372 1492 altare
1400 1447 1578 1500 tuum,
1609 1438 1860 1504 Domine,

607 1527 694 1581 15.
726 1525 794 1582 Ut
820 1526 902 1598 [ut
937 1526 1054 1599 ego]
1090 1529 1306 1582 audiam
1333 1544 1518 1582 vocem
1544 1529 1743 1593 laudis,

605 1721 704 1778 i4:
724 1725 790 1778 Et
821 1741 1067 1780 enarrem
1099 1729 1352 1782 universa
1391 1729 1664 1782 mirabilia
1698 1741 1808 1782 tua.

2140 1719 2183 1772 Β
2285 1727 2370 1780 14.
2405 1727 2512 1778 Ka‘t
2545 1727 2907 1798 διηγήσασθαι
2936 1729 3112 1781 πάντα
3137 1728 3203 1781 τὰ
3233 1726 3515 1798 θαυμάσια
3540 1744 3658 1782 σου.

609 1815 695 1870 15.
735 1814 979 1878 Domine,
1008 1817 1170 1871 dilexi
1199 1819 1447 1872 decorem
1479 1819 1674 1872 domus
1713 1829 1839 1884 tute,

2289 1818 2376 1870 15.
2408 1817 2604 1888 Κύριε,
2635 1821 2897 1889 ἠγάπησα
2923 1820 3254 1888 εὐπρέπειαν
3280 1821 3427 1872 οἴκου
3457 1836 3575 1884 σου,

606 1904 692 1959 16.
731 1904 794 1957 Ει
824 1905 1002 1960 locum
1037 1908 1389 1962 habitationis
1427 1909 1611 1976 gloria:
1649 1919 1774 1963 tua}.

2287 1910 2376 1963 16.
2409 1911 2518 1962 Ka‘t
2541 1911 2704 1962 τόπον
2735 1910 3088 1981 σκηνώματος
3122 1912 3281 1982 δόξης
3304 1929 3419 1967 σου.

608 1995 696 2048 17.
735 1993 810 2050 Ne
833 1997 1028 2064 perdas
1054 2013 1177 2052 cum
1204 1999 1404 2066 impiis,
1439 1998 1602 2064 Deus,
1632 2001 1869 2052 animam
1898 2015 2110 2053 meam:

2291 2001 2378 2056 17.
2410 2001 2500 2071 Μὴ
2531 2002 2902 2072 συναπολέσης
2929 2001 3067 2072 μετά
3091 2003 3302 2056 ἀσεϐῶν
3325 2004 3419 2074 τὴν
3439 2003 3620 2074 ψυχήν
3650 2021 3760 2074 μου
3784 2044 3798 2067 ,

609 2088 694 2140 18.
733 2087 798 2140 Ει
825 2105 948 2143 cum
982 2091 1112 2144 viris
1135 2091 1460 2160 sanguinum
1486 2091 1648 2144 vitam
1678 2107 1852 2145 meam
1881 2110 1894 2147 :

2293 2091 2380 2145 18.
2411 2092 2522 2144 Kal
2555 2092 2693 2162 μετὰ
2741 2093 2948 2164 ἀνδρῶν
2983 2093 3232 2164 αἱμάτων
3261 2095 3358 2164 τὴν
3388 2093 3534 2163 ζωήν
3583 2111 3687 2164 μου
3715 2112 3728 2123 ·

1659 2225 2034 2280 ATllANASll
2075 2221 2662 2280 lN'l'EliPllETATlO.

537 2335 594 2387 ἐν
617 2338 682 2407 τῇ
707 2336 940 2408 ὀπτασίᾳ
970 2338 1074 2391 τῶν
1096 2339 1360 2411 χερουόίμ
1379 2356 1391 2372 θ
1411 2340 1501 2406 Ὠς
1529 2341 1697 2409 φωνὴ
1725 2341 1800 2412 (1)
1831 2338 2232 2409 παρεμϐολῆς.
2259 2336 2468 2392 Οὐκοῦν
2485 2337 2562 2406 τῷ
2586 2338 2756 2389 εἰπεῖν
2783 2337 2964 2401 αὐτὸν,
2982 2337 3078 2400 Ὠς
3104 2335 3270 2405 φωνὴ
3299 2335 3508 2389 ἱκανοῦ
3531 2335 3632 2405 (a),
3657 2338 3800 2405 ἀκη-

537 2426 718 2479 κοέναι
748 2429 844 2498 τήν
882 2429 1061 2500 φωνὴν
1093 2432 1280 2501 εἴρηκε
1310 2431 1402 2484 τοῦ
1427 2432 1560 2485 Θεοῦ
1591 2433 1786 2501 Λόγου.
1827 2433 2051 2498 Ἱκανὸς
2079 2432 2187 2501 γὰρ
2216 2431 2364 2500 χειρὶ
2392 2431 2420 2482 ὁ
2447 2430 2580 2493 Θεὸς
2606 2430 2779 2498 Λόγος
2799 2430 2863 2483 ἂν
2889 2431 2994 2500 εἴη.
3025 2431 3340 2500 Εἱρήκαμεν
3360 2429 3488 2498 γὰρ,
3518 2429 3600 2482 ὅτι
3635 2433 3795 2483 Ψαλ-

534 2515 647 2586 μὸς
674 2517 754 2583 τῷ
793 2519 902 2584 Υἱῷ
931 2522 1035 2575 τοῦ
1069 2523 1236 2587 Θεοῦ,
1266 2524 1454 2594 ἐπειδὴ
1487 2524 1651 2577 Δαϐὶδ
1685 2524 2046 2598 ἑρμηνεύεται
2080 2523 2289 2588 ἱκανὸς
2319 2522 2505 2590 χειρὶ,
2543 2523 2681 2593 ὅπερ
2713 2524 2862 2575 ἐστὶν
2889 2524 2916 2576 ὁ
2947 2521 3078 2584 Θεὸς
3118 2521 3322 2589 Λόγος,
3375 2518 3517 2572 καθὰ
3558 2521 3668 2573 ὑπὸ
3695 2521 3791 2574 τοῦ

539 2609 818 2680 προφήτου
865 2608 1124 2682 Ἰεζεκιήλ
1151 2612 1576 2684 μεμαθήκαμεν.

543 2722 612 2778 Ut
637 2739 734 2777 vos:
762 2727 1007 2794 potentis.
1037 2725 1283 2782 Profecto
1314 2728 1544 2783 dicendo
1571 2729 1768 2798 ipsum,
1804 2725 1870 2781 Ut
1894 2739 1992 2780 vox
2011 2727 2262 2795 potentis,
2291 2741 2478 2782 vocem
2513 2725 2808 2791 audivisse,
2846 2724 2984 2778 dixit
3040 2724 3132 2779 Dei
3172 2724 3353 2780 Verbi.
3396 2726 3594 2782 Potens
3645 2745 3794 2786 enim

538 2831 700 2868 manu
727 2815 870 2870 Deus
893 2814 1130 2870 Verbum
1157 2818 1458 2887 utiqueest.
1480 2818 1944 2887 Diximusitaque,
1971 2816 2111 2884 quod
2127 2815 2374 2870 Psalmus
2403 2815 2546 2870 Filio
2569 2815 2696 2879 Dei;
2724 2816 2982 2884 quoniam
3006 2813 3174 2870 David
3199 2816 3586 2885 interpretatur
3611 2832 3793 2886 potens

539 2925 722 2973 manu,
748 2908 894 2978 quod
922 2918 1007 2964 est
1029 2907 1173 2964 Deus
1191 2907 1451 2978 Verbum,
1469 2909 1927 2982 quemadmodum
1959 2924 1990 2963 a
2020 2908 2280 2978 prepbeta
2312 2894 2593 2963 Ezechiele
2619 2905 2929 2962 didicimus.

600 3023 656 3076 2.
679 3021 864 3078 Habeo
905 3023 1051 3078 enim
1085 3024 1484 3081 confortantem
1525 3042 1610 3081 me
1642 3025 1835 3092 Deum,
1871 3025 1925 3078 in
1954 3039 2115 3094 quem

2287 3024 2343 3078 2.
2377 3024 2526 3093 Ἐχω
2547 3022 2655 3092 γὰρ
2684 3021 2774 3074 τὸν
2799 3019 3199 3092 ἐνδυναμοῦντά
3229 3039 3294 3092 με
3329 3021 3460 3075 Θεὸν
3493 3023 3594 3094 (2),
3623 3026 3707 3088 εἰς
3737 3024 3791 3076 ὃν

541 3129 724 3183 spero.

2221 3115 2441 3180 ἐλπίζω.

610 3206 663 3270 ὅ,
686 3205 739 3258 4.
761 3203 831 3259 Ut
852 3205 1100 3261 cordium
1122 3207 1370 3278 cognitor
1397 3207 1540 3262 nosti
1568 3207 1752 3262 omnia
1781 3223 1900 3277 quae
1925 3207 1981 3261 in
2006 3221 2112 3271 me,

2289 3207 2342 3272 5,
2373 3207 2425 3259 4.
2472 3205 2556 3269 Ὠς
2586 3202 3022 3276 καρδιογνώστης
3055 3199 3203 3266 οἶδας
3233 3203 3409 3257 πάντα
3440 3205 3508 3257 τὰ
3541 3206 3598 3256 ὲν
3645 3207 3789 3276 ἐμοὶ,

542 3297 823 3366 quomodo
850 3307 978 3353 sunt
1008 3301 1151 3354 circa
1180 3309 1252 3354 te.

1199 3315 1252 3354 ,e.
2217 3299 2337 3361 ’πῶς
2366 3301 2469 3350 εἰσι
2496 3297 2622 3369 περὶ
2653 3298 2730 3351 σέ.

612 3388 664 3442 5.
699 3387 967 3454 Quoniam
1002 3390 1377 3446 misericordia
1408 3399 1524 3456 tua,
1557 3407 1722 3462 quam
1756 3391 1889 3444 mihi
1918 3405 2120 3460 przece-

2291 3391 2343 3445 5.
2379 3391 2502 3443 Ὅτι
2532 3391 2592 3442 τὸ
2624 3389 2768 3452 ἔλεός
2808 3405 2922 3454 σου,
2959 3388 2986 3441 ὃ
3023 3387 3357 3459 προσέταξάς
3390 3405 3479 3458 μοι
3507 3391 3686 3441 ποιεῖν
3721 3390 3793 3450 εἰς

539 3480 688 3550 pisti,
723 3489 784 3533 ut
810 3481 1170 3550 indigentibus
1198 3482 1451 3550 facerem,
1483 3494 1606 3538 ante
1626 3483 1813 3538 oculos
1845 3498 1992 3537 meos
2012 3497 2070 3536 es

2083 3491 2114 3536 ι.
2219 3481 2347 3542 τοὺς
2372 3480 2561 3550 χρείαν
2597 3479 2839 3550 ἔχοντας,
2867 3478 2971 3550 πρὸ
3003 3478 3295 3548 ὀφθαλμῶν
3325 3479 3424 3548 μού
3447 3481 3614 3532 ἐστιν.

609 3573 662 3625 6.
695 3571 762 3626 Ει
784 3573 838 3627 in
869 3574 974 3629 hoc
1006 3573 1256 3630 faciendo
1287 3575 1463 3631 ﬁdelis
1499 3584 1750 3646 repertus
1778 3591 1900 3630 sum
1927 3589 2114 3630 coram

2292 3571 2344 3624 6.
2374 3572 2484 3624 Καὶ
2510 3573 2566 3624 ἐν
2588 3570 2664 3641 τῷ
2694 3573 2866 3622 ποιεῖν
2903 3587 2969 3640 με
2991 3569 3152 3622 τοῦτο
3197 3570 3387 3633 πιστὸς
3440 3571 3679 3642 εὑρέθην
3713 3571 3792 3622 ἐν·

545 3671 616 3716 te.

2220 3661 2391 3716 ώπιόν
2425 3679 2539 3714 σου.

614 3753 665 3807 7.
693 3750 812 3806 Νοη
841 3751 1090 3822 acquievi
1116 3753 1429 3822 iniquorum
1463 3755 2018 3810 murmurationibus.

2295 3755 2349 3809 7.
2387 3756 2460 3807 Οὐ
2496 3753 2990 3823 συνανεπαυσάμην
3013 3754 3343 3823 γογγυσμοίς
3374 3753 3449 3822 (⁸5)
3485 3757 3763 3824 πονηροῖς.

615 3843 669 3898 8.
696 3844 884 3912 Neque
914 3859 1038 3898 eum
1074 3845 1154 3898 eis
1181 3845 1532 3900 consociatus
1567 3855 1712 3900 Stim.

1523 3862 1532 3899 ι
1567 3855 1712 3900 S’um.
2293 3847 2346 3902 8.
2374 3848 2507 3900 Οὐδὲ
2533 3847 2832 3918 συνεθέμην
2855 3847 3054 3908 αὐτοῖς.

616 3934 669 3989 9.
701 3933 1122 4000 Multitudinem,
1157 3936 1368 4004 inquit,
1401 3937 1528 3991 odio
1572 3937 1738 3992 habui
1785 3951 1997 4002 eorum,
2023 3936 2119 4007 qui

2289 3939 2341 3993 9.
2373 3939 2583 4008 Πλῆθος
2607 3979 2621 4002 ,
2659 3939 2840 4005 λέγει,
2887 3937 3123 4008 ἐμίσησα
3166 3937 3613 4008 ἐπανισταμένων
3658 3937 3794 3989 κατά

543 4029 833 4093 insurgunt
861 4027 914 4080 in
945 4042 1092 4088 eum,
1123 4029 1216 4096 qui
1248 4027 1378 4084 fecit
1407 4043 1519 4084 eos.

1407 4043 1519 4084 eos.
2219 4031 2313 4084 τοῦ
2351 4033 2675 4100 ποιήσαντος
2702 4029 2917 4092 αὐτούς.

625 4117 711 4172 10.
744 4116 859 4171 Non
886 4119 1234 4173 consiliabor.

2294 4122 2381 4176 10.
2415 4123 2491 4174 Οὐ
2525 4122 2600 4192 (4)
2631 4122 2704 4192 μὴ
2735 4119 3089 4190 συνεδρεύσω.

609 4211 698 4265 11.
727 4210 936 4264 Anima:
963 4227 1156 4265 manus
1189 4210 1486 4278 significat.

2295 4215 2380 4267 11.
2419 4214 2529 4275 Τάς
2553 4215 2652 4283 τῆς
2675 4213 2853 4283 ψυχῆς
2891 4213 2964 4281 (5)
3001 4213 3186 4282 χεῖρας
3205 4209 3373 4276 λέγει.

610 4299 698 4352 12.
734 4299 798 4353 Ει
830 4299 923 4352 tibi
952 4299 1292 4354 ministratio.

2144 4355 2185 4374 λ
2296 4305 2382 4358 12.
2418 4305 2527 4358 Καὶ
2551 4305 2923 4374 λειτουργήσω
2945 4320 3043 4358 σοι.

611 4391 699 4453 15,
752 4391 838 4444 14.
891 4391 1198 4445 Lectionem
1239 4391 1549 4462 signiﬁcat:
1585 4392 1654 4447 Et
1705 4392 1808 4464 [ut]
1865 4409 2102 4446 enarrem

2419 4355 2650 4464 11.Τὴν
2693 4355 2999 4464 ἀνάγνωσιν
3033 4355 3179 4462 λέγει
3203 4411 3218 4425 ο
3254 4391 3365 4448 Καὶ
3396 4391 3474 4463 (6)
3504 4389 3791 4459 διηγήσα-

541 4483 720 4536 omnia
750 4482 1024 4534 mirabilia
1057 4493 1168 4536 tua.

2213 4490 2354 4542 σθαι
2387 4487 2586 4541 πάντα
2620 4487 2692 4540 τὰ
2723 4485 3024 4556 θαυμάσιὰ
3055 4501 3190 4540 σου.

612 4572 699 4625 15.
740 4570 1002 4639 Populum
1033 4571 1243 4626 fidelem
1257 4612 1270 4626 .

2289 4581 2376 4636 15.
2413 4582 2516 4634 Τὸν
2541 4581 2666 4633 λαὸν
2697 4580 2790 4631 τὸν
2813 4579 3021 4631 πιστόν.

613 4661 700 4715 16.
739 4660 838 4716 Ubi
869 4663 1166 4717 inliabitas.

2289 4674 2378 4728 16.
2409 4674 2576 4728 Ἔνθα
2599 4674 2895 4734 κατοικεῖς.

611 4756 695 4810 17.
726 4755 803 4811 Ne
827 4772 912 4812 me
941 4759 1242 4812 constituas
1271 4773 1303 4811 a
1336 4757 1576 4812 simstris
1599 4757 1726 4812 tuis.

2291 4765 2380 4818 17.
2410 4764 2503 4835 Μή
2530 4766 2734 4834 στήσῃς
2760 4779 2826 4833 με
2857 4761 2916 4828 ἐξ
2937 4759 3242 4834 ἀριστερῶν
3270 4775 3384 4812 σου.

612 4847 698 4902 18.
730 4846 1151 4904 Homicidarum.

2293 4856 2379 4910 18.
2418 4855 2933 4927 Ἀνθρωποκτόνων.

1485 4984 1788 5044 Addenda
1821 4993 1883 5046 et
1915 4987 2290 5063 corrigenda
2347 5010 2424 5052 ex
2472 4993 2608 5053 cod.
2642 4991 2846 5052 Vatic.

598 5106 682 5190 (1)
715 5105 816 5190 ,Ὧς
844 5106 994 5190 φωνὴ
1021 5106 1204 5190 ἱκανοῦ
1225 5109 1282 5161 ὲν
1308 5106 1743 5190 τῷηπορεύεσθαι
1777 5107 1917 5190 agri
1945 5109 2099 5188 φωνή
2391 5114 2646 5190 Χριστόν.

532 5177 624 5254 τοῦ
639 5176 850 5254 -Λᾷγ-ου,
891 5176 992 5254 ὠςς
1013 5177 1174 5254 φωνή-
1198 5176 1574 5254 παρεμϐολῆς,
1596 5188 1744 5254 _etc.,
1789 5179 1977 5254 εἴρηκε
2003 5176 2099 5254 τοῦ
2392 5176 2713 5254 Λογισμοῖς.

533 5246 668 5334 ac?
702 5247 894 5334 Aézov;
923 5247 1130 5334 υιξκςδγ
1153 5250 1181 5299 δ
1199 5246 1392 5334 sua:
1586 5251 1613 5334 εδ
1634 5247 1766 5308 θεὸς
1796 5246 1968 5334 Assio:
1989 5248 2097 5334 είηε
2283 5246 2357 5334 (ι)
2387 5246 2494 5334 ἱερά
2521 5246 2659 5334 μέτει
2677 5246 2912 5307 θάσεδῶν
2934 5251 3018 5317 οὐ,
3048 5259 3155 5307 etc.

533 5317 714 5399 Αρτὺν⁸
751 5318 908 5399 (ζον-ι.
933 5317 1144 5399 asseu-
1167 5317 1952 5399 o§v‘cev‘d‘alﬁbvnapeqaépat
1991 5335 2003 5346 °
2041 5319 2103 5399 τὸ
2391 5317 2586 5399 foli];
2621 5342 2720 5399 μου

532 5385 644 5454 γὰρ
667 5385 842 5440 εἰπεῖν
866 5385 1099 5440 ἐνταῦθα
1117 5387 1328 5457 ψαλμὺς
1353 5387 1432 5458 τῷ
1449 5385 1635 5440 ίΔαὸίδ.
1654 5385 1972 5458 Εἰρήκαμεν
1994 5387 2063 5454 γὰ

534 5455 769 5527 ψαλμός,
793 5466 899 5512 etc.

1591 5385 1972 5458 δ-Ειρήκαμεν
1994 5387 2102 5458 γὰρ
2281 5385 2357 5464 (6)
2391 5385 2520 5458 Καίζ
2545 5385 2652 5449 etc.
2691 5394 2879 5446 desunt
2907 5392 2962 5444 in
3001 5391 3122 5444 cod.

605 5567 681 5648 (ιι)
713 5569 794 5632 Σ.,
823 5569 910 5648 6.,
944 5569 1137 5640 βροντὴ
1173 5569 1306 5648 Θεοῦ
1348 5571 1556 5624 ἱκανοῦ.
1593 5569 1667 5636 0',
1707 5570 1856 5641 φωνὴ
1893 5569 2025 5622 Θεοῦ
2063 5587 2136 5622 σαι

2252 5609 2264 5624 .
2297 5571 2398 5636 Ἀ..
2437 5571 2642 5626 ἱκανοῦ.
2685 5571 2909 5626 Hexaol.
2937 5569 3087 5641 Orig.
3115 5585 3202 5640 ap.
3239 5567 3533 5624 Montl'auc.
3555 5566 3666 5622 Vox
3701 5564 3782 5618 Dei

537 5641 925 5704 amnipotentis,
960 5657 1099 5695 vers.
1140 5643 1284 5702 vulg.
