3878 6218
75 258 237 320 ἳιλι
997 265 1002 268 ’
1039 264 1129 320 DE
1167 263 1444 321 TlTULlS
1480 263 1606 320 PSA

1873 267 1926 323 il.
1967 301 2035 310 —-—
2074 268 2268 324 PSAL.
2308 269 2498 327 XXVI.
3263 276 3404 334 ’742

189 376 300 432 19.
334 370 436 433 Ὧν
469 379 530 431 ὲν
558 376 749 448 χερσὶν
772 377 830 432 αἱ
859 378 1107 449 ἀνομίαι·

1758 385 1806 441 Α
1906 383 1990 435 l9.
2019 384 2075 437 In
2111 400 2343 454 quorum
2373 387 2628 443 manibus
2658 388 2975 460 iniquitates
3003 397 3159 456 sunt;

186 470 298 525 29.
341 471 406 524 Ἡ
438 470 589 536 δεξιὰ
611 469 793 524 αὐτῶν
821 471 1066 543 ἐπλήσθη
1099 470 1304 541 δώρων.

1897 472 1985 525 20.
2022 474 2249 530 Dextera
2280 492 2471 532 corum
2501 481 2703 549 repleta
2731 493 2814 535 est
2845 483 3185 538 muneribus.

187 562 298 618 ἓξ..
341 563 486 632 Ἐγὼ
517 563 573 616 δὲ
601 565 659 616 ὲν
685 563 891 634 ἁκακίᾳ
914 581 1017 633 μου
1045 563 1350 634 ἐπορεύθην
1371 579 1384 595 ⁸

1895 563 1983 616 Ἣ.
2016 563 2128 634 Ego
2153 576 2331 621 autem
2357 569 2410 622 in
2435 570 2745 625 innocentia
2778 588 2899 626 mea
2926 574 3207 644 ingressus
3239 587 3398 630 sum:

198 654 306 708 22.
338 654 629 724 Λύτρωσαί
662 671 750 724 με,
781 654 974 726 Κύριε,
1009 656 1104 708 καὶ
1133 655 1352 724 ἐλέησόν
1384 673 1471 726 με.

1384 673 1471 726 με.
1894 655 1982 707 22.
2022 657 2247 712 lledime
2277 675 2383 723 me,
2410 670 2463 714 et
2487 662 2746 716 miserere
2775 665 2903 717 mei.

188 745 296 800 25.
344 746 402 798 '0
436 745 574 809 ποῦς
609 765 708 817 μου
748 748 880 816 ἔστη
917 747 974 799 ὲν
999 746 1290 816 εὐθύτητι·

1895 744 1982 797 25.
2020 745 2122 799 Pes
2148 764 2302 802 meus
2325 751 2472 803 stetit
2507 752 2558 804 in
2593 752 2831 808 directo:

185 835 294 891 24.
340 836 429 890 Ἐν
466 837 788 908 ἐκκλησίαις
819 837 1100 908 εὐλογήσω
1135 855 1216 901 σε,
1251 836 1443 909 Κύριε.

1894 837 1981 888 2t.
2020 837 2077 890 In
2110 837 2368 895 Ecclesiis
2395 841 2707 897 benedicam
2732 855 2804 910 te,
2833 845 3082 900 Domine.

98 990 388 1058 Ψαλμὸς
415 991 495 1056 τῷ
515 989 712 1056 Δαϐίδ,
742 991 855 1062 πρὸ
879 992 982 1046 τοῦ
1000 991 1342 1062 χρισθῆναι.
1384 997 1550 1049 ΨΑΛ.
1571 999 1629 1048 Κί

1862 995 2070 1049 ’δαίηιιιδ
2097 997 2288 1062 David,
2319 1001 2625 1068 priusquam
2654 1001 2917 1057 liniretur.
2944 1001 3147 1058 PSAL.
3177 1001 3283 1058 XX
3299 1001 3393 1058 VI.

196 1146 259 1202 1.
290 1147 495 1218 Κύριος
518 1150 797 1222 φωτισμός
835 1169 933 1223 μου
969 1152 1063 1205 καὶ
1093 1154 1276 1225 σωτήρ
1305 1171 1429 1224 μου,
1463 1154 1584 1206 τίνα
1618 1171 1714 1224 φο-

1889 1149 1940 1202 l.
1975 1149 2238 1208 Dominus
2279 1153 2611 1210 illuminatio
2645 1172 2765 1213 mea
2789 1169 2841 1213 et
2877 1159 3026 1215 salus
3057 1174 3200 1228 mea,
3231 1175 3392 1228 quem

97 1239 482 1312 ϐηθήσομαις

1818 1243 2056 1297 timebo?

191 1334 259 1387 2.
295 1334 500 1405 Κύριος
530 1336 942 1409 ὑπερασπιστὴς
967 1337 1066 1408 τῆς
1095 1335 1242 1408 ζωῆς
1276 1355 1399 1409 μου,
1431 1338 1540 1391 ἀπὸ
1564 1338 1710 1402 τίνος

1882 1335 1936 1388 ‘2.
1988 1335 2255 1391 Dominus
2295 1343 2574 1405 protector
2617 1336 2740 1392 vitae
2789 1353 3002 1404 mete,a
3054 1356 3164 1410 quo
3220 1344 3390 1412 trepi-

93 1421 170 1476 δε
182 1423 384 1477 ιλιάσω
404 1441 420 1488 ;

1811 1426 1996 1481 dabo?

191 1516 255 1570 3.
297 1517 388 1569 ‘Ev
420 1515 498 1587 τῷ
527 1515 764 1585 ἐγγίζειν
798 1520 884 1572 ἐπ’
907 1520 1006 1591 ἐμὲ
1035 1519 1358 1584 κακοῦντας,
1385 1519 1478 1574 τοῦ
1516 1523 1709 1589 φαγεῖν

1881 1519 1934 1572 '5.
1968 1516 2107 1571 Dum
2159 1513 2598 1584 appr0pinquant
2649 1529 2813 1584 super
2857 1532 2946 1572 me
2993 1531 3277 1588 nocentes,
3332 1533 3390 1579 ut

92 1606 224 1670 τὰς
257 1607 469 1677 σάρκας
493 1626 595 1677 μου
619 1625 633 1639 ’

1808 1611 1972 1665 edant
1993 1623 2187 1662 carnes
2219 1621 2403 1670 meas;

187 1699 252 1752 4.
283 1701 349 1753 0i
376 1701 648 1764 θλίϐοντές
691 1720 759 1772 με
790 1703 883 1755 καὶ
905 1704 954 1756 οί
995 1703 1176 1776 ἐχθροί
1207 1723 1328 1775 μου,
1357 1705 1512 1757 αὐτοὶ
1537 1701 1704 1773 ἡσθέ-

1882 1701 1932 1753 4.
1967 1698 2070 1764 Qui
2119 1696 2382 1750 tribulam
2430 1709 2517 1748 me
2561 1693 2767 1751 inimici
2813 1698 2941 1763 mei,
2979 1699 3079 1768 ipsi
3133 1701 3388 1758 inﬁrmati

95 1806 181 1860 νη
193 1806 300 1842 σαν
324 1791 419 1842 καὶ
443 1789 663 1843 ἔπεσαν.

1810 1803 1938 1849 sunt
1958 1803 2013 1845 et
2045 1790 2380 1845 ceciderunt.

193 1881 252 1935 5.
300 1880 426 1934 Ἐὰν
470 1881 849 1953 παρατάξηται
883 1883 1092 1954 ἐπ’ὲμὲ
1120 1884 1461 1956 παρεμϐολὴ,
1499 1887 1560 1940 οὐ
1610 1907 1707 1960 φο-

1879 1884 1930 1938 5.
1967 1882 2022 1936 Si
2059 1882 2364 1935 consistant
2386 1879 2676 1933 adversum
2710 1895 2797 1934 me
2838 1889 3020 1937 castra
3045 1923 3058 1949 ,
3090 1900 3198 1939 non
3226 1887 3385 1941 tirno-

96 1970 427 2042 ϐηθήσεται
456 1975 489 2044 ἡ
522 1973 722 2043 καρδία
747 1991 876 2044 μου·

747 1991 876 2044 μου·
1818 1976 1900 2032 bit
1923 1991 2019 2028 cor
2046 1988 2226 2027 meum
2251 1990 2264 2025 :

191 2062 251 2118 6.
298 2065 423 2118 Ἐὰν
454 2066 732 2137 ἐπαναστῇ
760 2067 847 2119 ἐπ’
884 2067 984 2138 ἐμὲ
1020 2067 1275 2138 πόλεμος,
1311 2071 1369 2122 ἐν
1391 2070 1564 2142 ταύτῃ
1597 2072 1707 2140 ἐγὼ

1877 2068 1930 2122 6.
1966 2066 2023 2119 Si
2054 2070 2313 2134 exsurgat
2344 2062 2632 2117 adversum
2668 2079 2754 2118 me
2786 2065 3052 2134 praelium,
3086 2067 3263 2123 inboc
3287 2084 3384 2141 ego

97 2156 335 2220 ἐλπίζω
371 2156 643 2231 [ὲλπιῶ].
1589 2214 1592 2217 ,

533 2158 582 2210 ὦ
599 2159 643 2231 ].
1589 2214 1592 2217 ,
1815 2161 2064 2230 sperabo.

186 2246 249 2301 7.
279 2249 423 2302 Μίαν
457 2251 747 2322 ᾐτησάμην
782 2252 932 2324 παρὰ
968 2253 1197 2325 Κυρίου,
1226 2254 1431 2327 ταύτην
1462 2254 1702 2328 ζητήσω,

1634 2275 1702 2320 κω,
1882 2253 1935 2306 7.
1970 2252 2146 2306 Unam
2181 2248 2311 2318 petii
2345 2263 2374 2302 a
2410 2246 2661 2311 Domino,
2691 2247 2832 2301 banc
2865 2248 3165 2317 requiram,

180 2338 247 2394 8.
284 2341 391 2393 T05
421 2345 696 2395 κατοικεῖν
745 2361 812 2414 με
855 2346 914 2399 ὲν
969 2345 1103 2416 οἴκῳ
1145 2347 1350 2417 Κυρίου
1389 2349 1565 2412 πάσας
1605 2347 1705 2411 τὰς

1880 2348 1932 2399 8.
1966 2343 2037 2398 Ut
2070 2343 2366 2397 inhabilem
2399 2341 2454 2394 in
2479 2341 2644 2395 domo
2670 2339 2886 2394 Domini
2909 2343 3167 2398 omnibus
3193 2344 3381 2400 diebus

99 2432 340 2502 ἡμέρας
364 2433 463 2504 τῆς
489 2432 632 2504 ζωῆς
665 2451 765 2504 μου
791 2475 810 2501 ν
1071 2503 1075 2506 ,

578 2434 632 2504 ἧς
665 2451 765 2504 μου
791 2475 810 2501 ν
1071 2503 1075 2506 _
1807 2439 1930 2492 vita:
1956 2453 2109 2501 meae,

1251 2543 1634 2600 ATHANASII
1671 2538 2258 2599 INTERPRETATIO.

182 2636 278 2692 19.
311 2635 433 2689 Τῶν
451 2636 538 2690 διὰ
564 2637 792 2692 πλοῦτον
821 2639 1202 2694 ἐκκλινάντων.

1885 2639 1970 2694 19.
2004 2636 2086 2692 Ob
2112 2637 2336 2714 divitias
2352 2636 2741 2691 declinantinm
2772 2637 2830 2710 [α
2861 2638 2969 2709 lege
3001 2638 3139 2712 tua].

177 2727 281 2783 20.
312 2729 559 2799 Ἔτοιμοι
589 2725 728 2801 ἦσαν
755 2729 844 2783 ἀεὶ
876 2734 1144 2784 συναινεῖν
1181 2733 1238 2784 ἐν
1274 2749 1422 2804 πασῃ
1446 2731 1651 2804 ἀδικίᾳ.

1874 2731 1964 2783 20.
1988 2729 2234 2800 Prompti
2259 2743 2473 2799 semper
2494 2740 2652 2784 erant
2674 2729 2740 2784 ad
2762 2733 3210 2786 consentiendum
3231 2733 3378 2790 omni

1808 2821 2110 2891 injustitiae.

175 2903 280 2960 21.
304 2903 418 2958 Οὐκ
446 2905 505 2959 ὲν
532 2905 687 2977 δόλῳ,
721 2905 819 2959 οὐκ
848 2907 907 2958 ὲν
933 2906 1292 2978 μνησικακίᾳ.

1871 2914 1960 2966 21.
2000 2911 2188 2981 Neque
2229 2912 2284 2965 in
2326 2910 2474 2978 dolo,
2499 2925 2675 2981 neque
2719 2910 2774 2965 in
2814 2912 3192 2970 recordatione
3232 2914 3361 2986 inju-

1804 3018 2034 3057 narum.

176 3092 278 3148 ἓξ.
309 3093 417 3147 Καὶ
444 3091 539 3146 τοῦ
566 3092 660 3146 νῦν
694 3092 890 3156 αίῶνος
908 3093 1000 3146 τοῦ
1036 3093 1277 3165 πονηροῦ
1305 3093 1582 3165 λύτρωσαί
1607 3112 1696 3166 με,

1868 3094 1958 3150 29..
1989 3094 2052 3149 Et
2093 3108 2122 3147 a
2156 3091 2411 3161 prasenti
2456 3091 2656 3145 sarculo
2709 3093 2856 3146 malo
2896 3093 3067 3150 libera
3093 3111 3201 3161 me,
3231 3105 3284 3151 et
3319 3097 3372 3152 in

101 3187 211 3240 καὶ
243 3188 301 3239 ὲν
330 3189 394 3258 τῇ
431 3185 698 3258 μελλούσῃ
731 3186 912 3257 κρίσει
938 3185 1157 3258 ἐλέησόν
1189 3203 1256 3255 με
1281 3187 1378 3256 (1).

1138 3205 1157 3240 ν
1189 3203 1256 3255 με
1281 3187 1378 3256 (1).
1727 3196 1769 3253 c
1803 3187 1990 3242 futuro
2011 3186 2222 3255 judicio
2253 3184 2514 3239 miserere
2541 3183 2669 3237 mei.

196 3301 266 3353 Ἠ
301 3299 632 3370 προκειμένη
658 3299 938 3370 ἐπιγραφὴ
971 3298 1212 3369 περιέχει
1243 3298 1339 3368 (2)°
1376 3296 1622 3367 Ψαλμός
1653 3297 1729 3370 (5)
1761 3299 1840 3366 τῷ
1875 3300 2070 3363 Δαϐὶδ,
2108 3299 2221 3368 πρὸ
2255 3298 2360 3352 τοῦ
2383 3297 2721 3367 χρισθῆναι.
2749 3298 2863 3370 Πρὸ
2901 3297 2995 3352 τοῦ
3028 3302 3374 3372 φωτίσματος

103 3397 192 3458 εἰς
233 3395 361 3456 τοὺς
382 3393 819 3464 κατηχουμένους
842 3395 1056 3464 εἴρηται
1084 3396 1112 3446 ὁ
1138 3393 1348 3463 ψαλμὸς
1367 3392 1442 3463 (4)
1465 3393 1544 3463 τῷ
1572 3393 1736 3446 Δαϐὶδ
1761 3396 1936 3448 εἰπεῖν
1962 3394 2038 3465 τῷ
2061 3394 2225 3446 Δαϐὶδ
2259 3389 2415 3465 [εἷπε
2443 3394 2520 3464 τῷ
2542 3393 2758 3465 Δαόίδ],
2787 3395 3030 3448 τουτέστι
3057 3397 3180 3463 τοῖς
3203 3397 3372 3462 ἑξουο

105 3488 486 3558 θενημένοις·
517 3487 674 3541 τοῦτο
701 3489 808 3558 γὰρ
838 3487 1198 3558 ἑρμηνεύεται
1228 3487 1288 3540 τὸ
1314 3487 1408 3540 τοῦ
1431 3488 1594 3540 Δαὸὶδ
1621 3488 1810 3559 ὄνομα,
1841 3489 2234 3556 ἐξουθένημα.
2260 3487 2491 3556 Λέγεται
2517 3488 2572 3540 δὲ
2603 3489 2696 3540 καὶ
2727 3488 2932 3554 ἱκανὸς
2961 3490 3129 3559 χειρὶ,
3154 3491 3246 3544 καὶ
3270 3505 3359 3544 πε-

105 3584 480 3653 ποθημένος,
514 3585 609 3636 καὶ
633 3583 849 3636 τοῦτον
868 3584 1158 3650 ὲπόθησα,
1184 3583 1278 3635 καὶ
1308 3578 1486 3647 οὗτος
1513 3583 1841 3650 ἀγαπητὸς,
1876 3581 1972 3634 καὶ
2004 3581 2110 3634 τὸν
2132 3578 2551 3648 πεποθημένον
2576 3577 2638 3649 [ὁ
2671 3580 2878 3650 πεποοη
2889 3581 3046 3649 μένος
3075 3581 3120 3652 j,
3152 3583 3245 3635 καὶ
3265 3583 3370 3650 μό-

104 3696 242 3746 νος.
271 3678 474 3732 Λοιπὸν
507 3679 644 3745 πρὸς
676 3679 775 3749 τὴν
798 3677 1120 3732 ἀκολουθίαν
1153 3676 1247 3730 τοῦ
1286 3676 1502 3748 ψαλμοῦ
1533 3676 1630 3748 τὴν
1658 3677 1955 3748 ἑρμηνείαν
1981 3676 2074 3729 τοῦ
2105 3674 2319 3746 ψαλμοῦ
2355 3672 2700 3743 λαμϐάνομεν
2747 3672 2874 3744 [τοῦ
2905 3675 3169 3744 ὀνόματος
3210 3673 3370 3728 Δαϐὶδ

105 3769 178 3825 λα
185 3770 362 3840 μϐάνο
369 3787 468 3840 μεν
480 3768 500 3840 ]
511 3809 524 3822 .

175 3859 400 3916 Titulus
436 3860 763 3930 prapositus
784 3866 1031 3915 continet
1059 3877 1071 3912 :
1102 3857 1350 3911 Psatmus
1381 3857 1549 3910 David
1582 3865 1865 3927 antequam
1924 3857 2188 3910 (iniretur.
2220 3856 2472 3910 Psalmus
2503 3855 2672 3909 David
2701 3855 2884 3910 dictus
2916 3865 3000 3911 est
3029 3858 3083 3910 in
3111 3860 3373 3915 catechu-

106 3969 307 4009 menos
335 3961 461 4007 ante
504 3953 960 4006 illuminationem
994 3950 1219 4019 (nempe
1242 3960 1364 4003 ante
1391 3951 1769 4019 baptismum).
1811 3949 1974 4010 Dixit,
2008 3947 2198 4012 David,
2232 3947 2336 4001 hoc
2381 3957 2463 4001 cst
2512 3949 2842 4015 contemptis.
2887 3947 2962 4002 Ita
3009 3950 3153 4002 enim
3203 3952 3371 4005 inter-

105 4056 360 4118 pretatur
384 4045 550 4099 David
583 4059 802 4108 nomen,
839 4043 1172 4111 contemptio.
1207 4024 1512 4110 Expon'itur
1534 4041 1696 4094 etiam
1729 4049 1784 4094 et
1816 4056 1976 4092 nzanu
2014 4047 2215 4107 potens,
2250 4047 2303 4091 et
2336 4037 2688 4099 desideratus,
2716 4047 2769 4091 ct
2809 4037 2946 4091 hunc
2975 4039 3287 4104 desideravi,
3315 4050 3370 4096 et

105 4141 196 4193 hic
217 4139 469 4200 dilectus,
497 4144 553 4189 et
591 4133 944 4200 desideratus,
977 4140 1032 4186 et
1055 4130 1218 4184 solus.
1257 4131 1524 4184 Caeterum
1554 4136 1957 4199 consequenter
2000 4127 2067 4181 ad
2092 4126 2369 4181 Psalmum
2402 4126 2904 4182 interpretationem
2932 4128 3172 4182 nominis
3199 4130 3368 4185 David

107 4231 444 4302 accipimus.

180 4325 238 4378 ‘l.
274 4321 482 4392 Κύριος
507 4318 777 4389 φωτίζων,
821 4317 917 4371 καὶ
968 4315 1154 4381 σώζων
1212 4333 1279 4387 με
1323 4317 1388 4369 ἐκ
1437 4317 1688 4383 πάντων,

1867 4316 1919 4370 1.
1947 4313 2214 4368 Dominus
2240 4314 2576 4379 illuminans,
2595 4324 2646 4369 et
2661 4330 2728 4370 ex
2747 4314 3002 4371 omnibus
3018 4314 3236 4374 salvans
3256 4333 3369 4389 me,

105 4416 250 4470 τινα
275 4411 692 4482 φοϐηθήσομαι
715 4426 734 4473 ἱ

685 4428 692 4461 ι
715 4426 734 4473 ;
1791 4416 1941 4471 quem
1978 4400 2167 4452 timebo
2191 4403 2216 4455 ?

175 4507 236 4561 2.
265 4505 473 4575 Κύριος
517 4502 773 4572 πρόνοιαν
815 4500 1047 4552 ποιεῖται
1085 4497 1186 4567 τῆς
1228 4498 1372 4569 ζωῆς
1418 4515 1540 4568 μου,
1573 4498 1691 4552 ἀπὸ

1860 4490 1914 4544 2.
1949 4488 2214 4545 Dominus
2254 4503 2442 4544 curam
2476 4487 2615 4558 gerit
2663 4487 2786 4543 vitae
2820 4503 2975 4553 meas,
3006 4506 3038 4543 a
3072 4505 3174 4561 qua
3203 4492 3367 4561 trepi-

103 4602 281 4666 τινος
300 4595 586 4651 δειλιάσω
612 4611 631 4658 ;

444 4595 586 4649 τάσω
612 4611 631 4658 ;
1793 4583 1928 4636 dabo
1949 4583 1975 4636 Ρ

175 4693 235 4747 5.
273 4691 414 4752 Τοὺς
436 4688 696 4757 δαίμονας
719 4685 887 4752 λεγει.

882 4725 887 4737 ,
1862 4673 1916 4728 5.
1957 4672 2238 4726 Daemones
2265 4668 2413 4722 dicit.

179 4783 235 4836 4.
265 4783 344 4849 (5)
377 4778 490 4841 Τὰς
509 4776 678 4839 αὐτὰς
709 4773 956 4837 ἐναντίας
977 4773 1237 4843 δυνάμεις
1268 4770 1435 4840 λέγει.

1424 4812 1435 4826 ,
1866 4765 1919 4818 εί.
1954 4765 2105 4832 Ipsas
2135 4760 2438 4816 contrarias
2471 4767 2767 4827 potestates
2801 4759 2955 4814 dicit.

181 4875 238 4936 5,
270 4873 324 4926 6.
365 4870 492 4924 Ἐὰν
534 4869 812 4937 ἐπαναστῇ
862 4869 950 4920 ἐπ’
989 4867 1090 4937 ἐμὲ
1137 4865 1369 4934 πόλεμος
1420 4861 1612 4934 ὁρατὸς
1653 4862 1687 4934 ἦ

1866 4856 1920 4919 5,
1951 4855 2003 4908 6.
2035 4852 2092 4908 Si
2127 4861 2378 4921 exsurgat
2409 4851 2652 4904 adversus
2678 4867 2755 4903 me
2781 4851 3018 4919 prwlium
3041 4853 3252 4910 visibile
3270 4863 3362 4910 aut

107 4969 359 5040 ἀόρατος,
383 4965 441 5016 ὲν
469 4964 535 5033 τῇ
571 4960 750 5014 πίστει
790 4957 884 5011 τοῦ
924 4959 1128 5030 Κυρίου
1163 4956 1272 5026 ἐγὼ
1317 4955 1523 5020 ἐλπίζω
1559 4973 1638 5027 τρι

1830 4947 2086 5012 ivisibile,
2122 4946 2176 4998 in
2201 4945 2303 4998 lide
2327 4942 2542 4996 Domini
2572 4958 2672 5012 ego
2704 4958 2898 5010 spero,
2929 4945 2982 4998 in
3020 4944 3201 5016 fugam
3233 4948 3361 5004 illud

107 5058 344 5113 ποῦσθαι
367 5054 551 5108 αὐτόν.

528 5071 551 5106 ι.
1793 5040 2059 5095 converti.

177 5150 233 5204 7.
263 5146 410 5201 Μίαν
437 5145 650 5214 αἴτησιν
675 5139 962 5212 ᾐτησάμην
993 5139 1144 5209 παρὰ
1169 5137 1398 5209 Κυρίου.

1865 5131 1916 5184 7.
1947 5129 2123 5184 Unam
2157 5129 2574 5200 postulationem
2605 5130 2872 5199 postulavi
2903 5147 2933 5186 a
2968 5131 3217 5188 Domino.

178 5240 233 5294 8.
267 5239 363 5301 Εἰς
393 5237 494 5306 τὴν
517 5233 838 5304 ἐπουράνιον
866 5230 1031 5284 αὑτοῦ
1069 5229 1366 5300 βασιλείαν.

1094 5229 1366 5282 νασιλείαν.
1862 5222 1916 5276 8.
1952 5221 2010 5275 In
2043 5221 2251 5276 caelesti
2284 5221 2404 5290 ejus
2438 5235 2625 5291 regno.

1060 5323 1362 5384 Addenda
1411 5325 1472 5381 et
1521 5317 1899 5397 corrigenda
1929 5331 2008 5375 ex
2038 5315 2175 5376 cod.
2209 5313 2411 5374 Vatic.

181 5453 258 5524 (Ι)
281 5450 345 5506 Ν.
377 5453 465 5506 25.
507 5449 938 5524 Τεβεμελίωμαι,
1001 5447 1170 5515 λέγει,
1212 5448 1305 5499 ἐπὶ
1348 5444 1427 5498 σέ.
1481 5442 1547 5499 Ν.
1579 5443 1670 5499 24.
1783 5486 1785 5488 -
2057 5437 2301 5524 ψαλξόςε
2322 5438 2396 5490 Τὸ
2424 5437 2480 5490 δὲ
2501 5439 2692 5524 ςίπξῖνη
2709 5436 2994 5524 τῷβαδίξξ
3029 5447 3132 5524 etc.

235 5507 345 5583 τοῖς
368 5523 577 5583 πιστοῖς
606 5507 754 5582 λαοῖς
775 5507 983 5582 δὸξάσω
1015 5507 1095 5570 σε’.
1159 5507 1164 5510 γ
1829 5509 1929 5583 ,(5)
1959 5507 2024 5562 Ν.
2056 5507 2378 5583 4.]ομοίιρς
2401 5509 2528 5579 περὶ
2554 5507 2732 5561 αὐτῶν
2758 5507 2924 5575 λέγει.
2951 5507 3017 5563 Ν.
3045 5510 3097 5562 5.
3128 5507 3240 5571 Τὰς
3259 5510 3357 5566 αδ-

241 5575 259 5665 )
280 5575 607 5665 τῆς
632 5575 1000 5665 κινναϐάρεως
1029 5604 1152 5658 περ.

1038 5604 1152 5658 περ.
1781 5575 2014 5642 τάς,ἐιο
2042 5619 2056 5644 ,
2094 5575 2159 5632 Ν.
2192 5575 2243 5631 6.
2293 5579 2436 5644 Ἐάν,
2469 5575 2569 5633 etc.

241 5595 259 5665 )
303 5595 366 5644 Ἦ
396 5595 491 5644 διὰ.
505 5595 607 5662 τῆς
632 5595 914 5658 κινναὸάρε

180 5595 258 5734 g)
283 5661 509 5734 Ψαλμός
536 5663 680 5716 deest
712 5662 765 5712 in
800 5659 914 5712 cod.
