3878 6218
240 312 362 368 745
1130 313 1218 370 DE
1257 316 1532 376 TITULIS
1564 319 2012 379 PSALMORUM.
2058 353 2128 362 —
2164 321 2358 377 PSAL.
2399 322 2642 395 Χχγιι.ε
3396 325 3499 386 746

316 429 407 484 29.
437 430 545 483 Καὶ
582 429 846 501 όδὴγησόν
876 447 943 500 με
981 430 1039 483 ὲν
1083 433 1254 504 τρίϐῳ
1293 435 1478 508 εὐθείᾳ
1527 437 1688 490 ’ἑνεκα
1740 439 1815 510 (a)

1989 440 2076 493 29.
2114 440 2177 494 Et
2200 442 2370 512 dirige
2397 457 2483 496 me
2517 443 2571 496 in
2602 442 2848 497 semitam
2881 454 3107 510 rectam,
3140 451 3361 513 propter
3386 442 3494 496 iui-

239 521 354 575 τῶν
382 520 593 591 ἐχθρῶν
625 539 751 592 μου.

1920 525 2094 578 micos
2118 540 2289 578 meos.

314 612 404 666 50.
434 611 523 681 Μὴ
558 611 815 682 παραδῷς
846 630 913 682 με
939 615 1018 677 είς
1039 613 1215 686 ψυχάς
1243 616 1535 672 θλιϐόντων
1576 635 1643 688 με
1665 634 1679 649 ·

1990 615 2075 668 50.
2106 614 2181 669 Ne
2202 616 2490 671 tradideris
2518 632 2607 671 me
2634 618 2687 671 in
2712 618 2924 673 animas
2953 618 3332 674 tribulantium
3360 634 3448 673 me
3477 639 3487 672 :

315 703 404 757 3|.
441 702 564 754 Ὅτι
590 702 961 774 ἐπανέστησάν
991 722 1081 775 μοι
1106 708 1379 779 μάρτυρες
1408 709 1605 777 ἄδικοι,

1991 708 2079 759 51.
2109 707 2378 773 Quoniam
2415 709 2833 764 insurrexerunt
2875 711 2928 764 in
2965 727 3052 766 me
3085 722 3250 768 testes
3276 713 3448 782 iniqui
3477 731 3487 765 :

316 790 407 845 52.
438 792 547 845 Καὶ
574 791 840 861 ἐψεύσατο
862 795 895 864 ἡ
918 795 1101 848 ἁδικία
1133 798 1325 867 ἑαυτῇ.

1991 799 2079 851 52.
2115 798 2179 851 Et
2204 799 2427 855 memita
2454 809 2537 853 est
2572 800 2833 869 iniquitas
2871 802 2996 857 sibi.

316 884 407 937 55.
439 884 684 938 Πιστεύω
701 884 794 937 τοῦ
829 887 955 939 ἰδεῖν
980 886 1051 939 τὰ
1073 887 1253 955 ἀγαθὰ
1273 889 1478 961 Κυρίου
1504 892 1561 942 ὲν
1586 894 1657 963 γῇ
1686 890 1819 955 ζών-

1984 892 2071 945 55,
2104 892 2277 946 Credo
2299 893 2482 945 videre
2509 892 2648 946 bona
2677 893 2891 947 Domini
2923 896 2975 947 in
3006 903 3149 949 terra
3168 896 3489 953 viventium.

235 990 376 1027 των.

317 1065 410 1120 54.
453 1066 774 1137 ’Υπόμεινον
794 1067 885 1120 τὸν
911 1067 1118 1138 Κύριον

1991 1069 2078 1123 ⁸54.
2100 1070 2363 1139 Exspecta
2387 1072 2676 1127 Dominum
2702 1092 2715 1128 :

320 1158 412 1211 55.
455 1158 750 1229 Ἀνδρίζου,
786 1159 879 1211 καὶ
899 1159 1277 1230 κραταιούσθω
1297 1163 1331 1232 ἡ
1363 1162 1557 1233 καρδία
1584 1180 1700 1228 σου,
1726 1164 1819 1217 καὶ

1988 1162 2075 1215 55.
2107 1161 2346 1217 Viriliter
2371 1180 2489 1235 age,
2517 1176 2570 1220 et
2596 1165 2934 1222 confortetur
2963 1183 3059 1223 cor
3080 1179 3254 1235 tuum,
3283 1181 3337 1226 et
3363 1186 3487 1228 sus-

238 1247 541 1318 ὐπύμεινον
568 1249 658 1301 τὸν
692 1250 919 1317 Κύριον.

839 1266 919 1302 ον.
1920 1250 2028 1307 tine
2056 1251 2369 1308 Dominum.

563 1360 807 1428 Ψαλμός
830 1360 910 1426 τῷ
940 1361 1137 1415 Δαϐίδ.
1170 1365 1346 1418 ΨΑΛ.
1381 1366 1510 1418 KZ'.

2197 1365 2446 1420 Psalmus
2482 1366 2670 1421 David.
2728 1367 2933 1425 PSAL.
2968 1370 3216 1426 XXVII.

320 1452 373 1505 1.
410 1449 555 1522 Πρὸς
577 1451 658 1515 σὲ,
690 1451 881 1523 Κύριε,
914 1454 1273 1525 κεκράξομαι,
1305 1457 1333 1507 6
1367 1456 1497 1519 Θεός
1532 1473 1633 1526 μου
1660 1470 1675 1487 ⁸

1990 1459 2041 1513 1.
2067 1458 2146 1511 Ad
2174 1467 2246 1525 te,
2272 1459 2521 1528 Domine,
2549 1463 2819 1531 clamabo,
2848 1463 2987 1519 Deus
3013 1481 3167 1520 meus
3194 1483 3206 1519 :

311 1543 370 1596 2.
401 1543 492 1614 Μὴ
520 1546 955 1615 παρασιωπήσῃς
984 1546 1082 1597 ἀπ’
1113 1544 1271 1616 ἐμοῦ.

999 1546 1082 1597 lm’
1113 1544 1271 1616 ἐμοῦ.
1988 1551 2043 1604 2.
2077 1549 2155 1605 Nc
2175 1551 2337 1606 sileas
2363 1567 2393 1606 a
2424 1569 2530 1606 me.

316 1637 370 1690 5.
398 1638 623 1706 Μήποτε
650 1638 1086 1712 παρασιωπήσῃς
1106 1639 1202 1691 ἀπ’
1229 1637 1386 1708 ἐμοῦ,
1423 1638 1518 1691 καὶ
1548 1637 1819 1711 ὁμοιωθή-

1990 1642 2043 1695 5.
2075 1641 2149 1697 Ne
2178 1643 2395 1711 quando
2424 1653 2605 1699 taceas
2627 1661 2656 1698 a
2680 1660 2788 1710 me,
2820 1655 2875 1700 et
2898 1647 3243 1702 assimilabor
3271 1648 3493 1704 descen-

242 1745 418 1797 σομαι
444 1730 556 1791 τοῖς
580 1728 1001 1783 καταϐαίνουσιν
1032 1731 1111 1793 είς
1136 1729 1359 1783 λάκκον.

956 1748 1001 1783 ιν
1032 1731 1111 1793 είς
1136 1729 1359 1783 λάκκον.
1855 1781 1898 1834 Β
1923 1732 2176 1789 dentibus
2204 1735 2257 1788 in
2284 1736 2481 1789 lacum.

323 1819 377 1873 4.
418 1820 771 1885 Είσάκουσον,
828 1820 1037 1892 Κύριε.
1076 1821 1177 1891 τῆς
1224 1821 1409 1891 φωνῆς
1459 1821 1557 1892 τῆς
1590 1821 1825 1891 δεήσεώς

1991 1824 2043 1878 4.
2075 1824 2317 1889 Exaudi,
2346 1823 2605 1889 Domine,
2646 1840 2831 1879 vocem
2875 1825 3275 1896 deprecationis
3327 1844 3490 1895 mete,

248 1928 380 1982 μου,
410 1912 468 1963 ἐν
491 1911 568 1981 τῷ
600 1912 814 1965 δέεσθαί
839 1931 905 1983 με
933 1912 1067 1985 πρὸς
1094 1913 1174 1976 σὲ,

839 1931 905 1983 με
933 1912 1067 1985 πρὸς
1094 1913 1174 1976 σὲ,
1921 1918 2049 1972 dum
2074 1933 2171 1973 oro
2196 1918 2261 1973 ad
2287 1927 2358 1982 te,

324 2005 377 2057 5.
407 2004 497 2057 Ἐν
529 2003 608 2075 τῷ
637 2004 814 2077 αἴρειν
845 2021 913 2074 με
947 2004 1133 2075 χεῖράς
1171 2019 1273 2073 μου
1322 2002 1459 2074 πρὸς
1494 2001 1620 2055 ναὸν
1670 2000 1823 2068 ἅγιόν

1991 2010 2044 2063 5.
2072 2008 2209 2063 Dum
2239 2009 2439 2066 extollo
2469 2024 2663 2065 manus
2690 2025 2839 2065 meas
2861 2010 2927 2065 ad
2956 2011 3217 2081 templum
3242 2019 3488 2066 sanctum

248 2112 371 2149 σου.

1923 2109 2096 2155 tuum.

317 2188 372 2239 6.
402 2185 495 2257 Μὴ
519 2186 849 2259 συνελκύσῃς
878 2204 944 2257 με
978 2186 1116 2258 μετὰ
1153 2186 1493 2258 ἁμαρτωλῶν
1530 2184 1660 2256 [Μὴ
1694 2202 1819 2238 συν-

1999 2185 2049 2240 6.
2081 2184 2157 2240 Ne
2180 2185 2343 2240 simul
2375 2185 2561 2239 trahas
2590 2200 2676 2239 me
2711 2201 2834 2239 cum
2870 2186 3248 2255 peccatoribus
3282 2187 3385 2261 [Ne
3417 2190 3494 2244 si-

242 2276 491 2349 ελκύσῃς
530 2278 667 2348 μετὰ
688 2278 799 2330 τῶν
826 2278 1164 2350 ἁμαρτωλῶν
1192 2280 1290 2350 τὴν
1310 2279 1485 2350 ψυχήν
1511 2277 1637 2349 μου]
1666 2294 1680 2306 ·

1927 2278 2037 2332 mul
2067 2277 2253 2332 trahas
2285 2292 2408 2331 cum
2440 2276 2816 2346 peccatoribus
2847 2278 3086 2331 animam
3123 2278 3323 2351 meam]
3351 2299 3364 2334 :

320 2369 372 2419 7.
404 2369 518 2421 Kal.
565 2369 703 2439 μετὰ
734 2369 1115 2441 ἐργαζομένων
1145 2370 1358 2424 ἀδικίαν
1404 2370 1480 2441 μὴ
1529 2368 1823 2423 συναπολέ-

1999 2367 2051 2422 7.
2083 2366 2296 2423 Etcum
2318 2368 2667 2438 operantibus
2698 2366 3042 2439 iniquitatem
3068 2384 3135 2424 ne
3154 2371 3349 2439 perdas
3371 2386 3487 2425 me:

241 2476 351 2529 σῃς
374 2475 475 2529 με·

322 2592 404 2664 (a)
436 2592 504 2649 V.
532 2594 623 2649 30.
659 2595 885 2662 Ἕνεκα,
918 2605 1050 2665 etc.,
1078 2612 1203 2667 usq.
1235 2596 1301 2651 ad
1336 2595 1624 2649 θλιϐόντων
1657 2612 1745 2665 με.

1368 2746 1748 2805 ATHANASII
1789 2745 2371 2802 INTERPRETATIO.

316 2914 413 2970 29.
442 2913 556 2966 Καὶ
594 2910 688 2963 τὸν
732 2908 930 2981 Ἰωσὴφ
984 2906 1335 2977 πλανώμενον
1374 2906 1635 2978 ὁδήγησον
1665 2905 1758 2975 (1).

1996 2903 2086 2958 29.
2118 2903 2185 2957 Et
2206 2910 2467 2971 tanquam
2501 2900 2701 2971 Joseph
2728 2912 2999 2957 errantem
3023 2902 3076 2956 in
3103 2902 3191 2957 via
3216 2903 3408 2973 dirige.

315 3004 411 3058 50.
440 3002 536 3055 Διὰ
561 3001 687 3064 τοὺς
715 2998 939 3070 ἐχθρούς
963 3016 1063 3069 μου
1089 2998 1164 3069 μὴ
1200 2997 1367 3070 ἐάσῃς
1400 3015 1490 3067 με.

1995 2994 2083 3049 50.
2119 2993 2347 3063 Propter
2374 2993 2624 3047 inimicos
2660 3007 2810 3048 meos
2842 3007 2911 3047 ne
2937 2993 3181 3047 dimittas
3206 3008 3311 3047 me.

322 3098 418 3152 51.
447 3094 761 3149 Διδάσκαλοι
783 3091 1096 3161 αίρετικῶν.

1994 3088 2083 3142 51.
2119 3086 2359 3156 Magistri
2388 3085 2784 3140 haereticorum.

321 3186 414 3242 232.
445 3186 555 3239 Καὶ
583 3184 774 3253 ψεῦδός
798 3186 943 3236 ἐστιν
965 3186 999 3254 ἡ
1025 3180 1345 3235 διδασκαλία
1365 3181 1566 3247 αὐτῶν,
1603 3183 1667 3251 ἢν
1696 3182 1819 3234 ἐαυ-
1849 3237 1852 3263 ‹

1993 3179 2082 3233 52.
2114 3178 2180 3233 Et
2220 3178 2454 3232 mendax
2494 3186 2578 3233 est
2626 3177 2868 3231 doctrina
2919 3191 3133 3240 eorum,
3172 3178 3338 3246 Quam
3386 3178 3489 3234 sibi

238 3281 366 3339 τοῖς
390 3275 638 3346 ἐφεῦρον,
665 3274 759 3327 καὶ
787 3274 907 3343 οὐχὶ
940 3273 1092 3344 παρὰ
1120 3272 1237 3326 σοῦ.

1855 3269 1894 3279 "
1922 3269 2026 3340 ipsi
2052 3270 2396 3332 invenerunt,
2425 3282 2531 3322 non
2559 3276 2739 3323 autem
2772 3278 3099 3337 acceperunt
3127 3283 3157 3322 a
3185 3278 3256 3323 te.

317 3369 412 3423 55.
453 3369 520 3420 Ἀ
541 3365 907 3435 ἐπηγγείλατο
933 3367 1045 3428 τοῖς
1081 3364 1372 3433 ἀγαπῶσιν
1397 3364 1581 3418 αὐτόν.

1480 3364 1581 3417 τόν.
1990 3360 2079 3415 55.
2113 3358 2245 3425 Quae
2271 3359 2525 3427 promisit
2547 3358 2899 3428 diligentibus
2933 3374 3011 3413 se.

319 3459 413 3514 34.
454 3460 518 3512 Ὃ
562 3458 670 3529 γὰρ
705 3458 1033 3527 ὑπομείνας
1074 3459 1161 3521 είς
1194 3458 1389 3524 τέλος,
1418 3453 1596 3521 οὗτος
1629 3455 1824 3524 σωθή-

1991 3448 2079 3502 54.
2104 3447 2209 3512 Qui
2230 3448 2367 3501 enim
2392 3450 2736 3517 permanserit
2754 3466 2915 3519 usque
2936 3451 2989 3504 in
3015 3452 3193 3520 ﬁnem.
3212 3453 3297 3506 hic
3316 3453 3489 3506 salvus

245 3566 450 3604 σεται.

1920 3542 2040 3594 erit.

322 3640 413 3695 55.
450 3639 542 3710 Μὴ
583 3638 878 3703 ὲκλυέσθω,
907 3638 1043 3691 ἀλλὰ
1069 3638 1422 3709 δυναμούσθω
1450 3638 1524 3707 (2)
1552 3640 1585 3707 ἡ
1627 3638 1821 3707 καρδία

1995 3633 2085 3687 55.
2111 3631 2189 3686 Ne
2218 3632 2567 3699 dissolvatur,
2598 3633 2693 3687 sed
2736 3632 3074 3688 confortetur
3105 3651 3200 3690 cor
3229 3646 3405 3702 tuum,
3442 3647 3488 3690 et

242 3750 347 3785 σου
367 3748 380 3761 ·
413 3732 512 3784 καὶ
542 3732 867 3800 ὑπόμεινον
891 3730 997 3782 τὸν
1022 3731 1259 3798 Κύριον.

922 3730 997 3782 ’ὸν
1022 3731 1259 3798 Κύριον.
1925 3725 2130 3778 sustine
2154 3725 2453 3778 Dominum.

329 3864 394 3916 Ἦ
426 3867 757 3935 προκειμένη
790 3865 1068 3933 ἐπιγραφὴ
1119 3863 1392 3933 περιέχει’
1431 3861 1741 3933 [Ψαλμὸς]
1776 3861 1856 3927 τῷ
1903 3860 2111 3914 Δαϐίδ*
2147 3861 2345 3915 ὡσανεὶ
2392 3860 2666 3933 προσευχὴ
2709 3860 2803 3916 τοῦ
2832 3860 2980 3927 λαοῦ,
3010 3862 3103 3916 τοῦ
3152 3866 3341 3919 ἑαυτὸν
3384 3884 3490 3936 χω-

244 3962 513 4030 ρήσαντος
533 3958 625 4011 τοῦ
656 3959 883 4027 κόσμου.
910 3958 1071 4011 Δαϐὶδ
1093 3958 1199 4027 γὰρ
1220 3957 1575 4028 ὲρμηνευέται
1595 3957 1781 4026 μόνος
1813 3957 1906 4027 (5).

323 4052 539 4105 Titulus
564 4052 887 4120 praepositus
917 4051 1195 4105 continet:
1228 4049 1480 4104 Psatmus
1506 4049 1678 4104 David
1702 4065 1722 4104 :
1755 4051 1922 4105 veluti
1961 4047 2137 4105 oratio
2182 4045 2368 4115 populi
2401 4046 2641 4115 seipsum
2680 4045 2985 4115 separantis
3012 4060 3042 4099 a
3065 4046 3289 4103 mundo.
3318 4046 3487 4103 David

238 4143 396 4197 enim
425 4142 809 4210 interpretatur
838 4139 1002 4193 solus.

318 4282 374 4334 1.
404 4266 650 4345 Στενάξω
681 4278 817 4350 πρὸς
850 4278 932 4331 σέ.

1995 4277 2046 4331 1.
2080 4277 2431 4347 lngemiscam
2468 4280 2533 4332 ad
2560 4288 2627 4334 te.

314 4371 375 4425 2.
411 4371 503 4440 Μὴ
527 4369 879 4442 παρακούσῃς
920 4384 1043 4449 μου.

1990 4370 2045 4423 2.
2078 4369 2155 4424 Ne
2174 4386 2259 4425 me
2289 4371 2590 4427 inauditum
2615 4380 2923 4442 praetereas.

318 4464 375 4517 5.
405 4463 631 4530 Μήποτε
680 4460 1033 4530 ἀφρόντιστον
1084 4477 1149 4529 με
1200 4462 1401 4533 ἐάσῃς,
1432 4460 1526 4512 καὶ
1573 4456 1815 4522 ἐξισωοῶ

1992 4462 2043 4516 5.
2075 4462 2371 4532 Nequando
2397 4479 2483 4519 me
2513 4466 2817 4535 neglectum
2849 4464 3111 4529 dimittas,
3146 4474 3199 4519 et
3231 4466 3489 4536 adaequer

238 4558 361 4616 τοῖς
387 4555 597 4615 ἑαυτοῖς
620 4551 1032 4623 ἐπιρρίπτουσιν
1067 4554 1125 4603 ὲν
1152 4554 1447 4624 ἁμαρτίαις
1478 4552 1575 4621 (Il).

1238 4555 1447 4624 αρτίαις
1478 4552 1575 4621 (Il).
1850 4560 1892 4612 ι)
1921 4553 2326 4623 projicientibus
2356 4570 2415 4609 se
2442 4555 2494 4608 in
2528 4566 2769 4624 peccata.

321 4646 377 4699 4.
403 4644 808 4705 Είσάκουσον.
834 4644 1032 4710 Κύριε,
1056 4643 1163 4711 τῆς
1189 4645 1391 4714 φωνῆς
1420 4644 1529 4714 τῆς
1551 4644 1815 4710 δεήσεώς

1988 4644 2041 4697 4.
2061 4644 2293 4710 Exaudi,
2317 4644 2557 4711 Domine,
2582 4662 2754 4699 vocem
2778 4644 3161 4713 deprecationis
3185 4661 3331 4709 mea,
3358 4644 3485 4698 dum

232 4757 365 4809 μου
396 4740 455 4790 ὲν
483 4735 562 4806 τῷ
588 4737 917 4808 προσφέρειν
949 4736 1118 4805 αὐτὴν
1155 4737 1382 4790 ἐνώπιόν
1416 4754 1529 4789 σου.

1061 4736 1118 4805 ὴν
1155 4737 1382 4790 ἐνώπιόν
1416 4754 1529 4789 σου.
1918 4749 2036 4789 eam
2063 4735 2275 4803 profero
2303 4750 2485 4789 coram
2521 4744 2592 4790 te.

320 4827 375 4880 5.
420 4828 507 4880 Ἐν
530 4825 608 4895 τῷ
640 4827 814 4896 αίρειν
850 4842 917 4896 με
950 4826 1047 4896 τὴν
1074 4826 1313 4881 διάνοιάν
1346 4842 1448 4896 μου
1486 4827 1566 4888 είς
1594 4825 1686 4880 τὸν
1724 4825 1816 4877 ού-

1724 4825 1816 4877 οὐ·
1988 4824 2041 4877 5.
2078 4825 2217 4879 Dum
2248 4823 2448 4879 extollo
2476 4832 2710 4879 mentem
2740 4838 2918 4878 meam
2947 4824 3000 4878 in
3032 4823 3251 4879 coelum.

284 4919 434 4974 ανόν.

284 4941 434 4974 ανον.

243 4941 278 4994 ρ
316 5011 372 5063 6.
408 5011 483 5080 (5)
507 5011 601 5082 Μὴ
627 5011 865 5082 παράδος
896 5028 962 5081 με
1002 5009 1078 5081 τῷ
1107 5010 1337 5081 διαϐόλῳ
1381 5012 1474 5063 καὶ
1507 5011 1617 5073 τοῖς
1648 5009 1774 5077 ἀγγὲ

1988 5001 2041 5055 6.
2076 5001 2154 5057 Ne
2183 5002 2367 5057 tradas
2396 5017 2483 5056 me
2512 5001 2728 5057 diabolo
2757 5010 2810 5055 et
2842 5004 3048 5073 angelis
3070 5003 3188 5073 ejus
3220 5004 3272 5056 in
3301 5003 3477 5073 ignem

240 5099 363 5161 λοις
392 5099 555 5152 αὑτοῦ
583 5099 661 5170 τῷ
681 5102 883 5173 αἰωνίῳ
912 5102 1065 5173 πυρί.
1915 5101 2217 5163 αξιειηιιῐη..

1198 5278 1503 5339 Addenda
1527 5285 1588 5340 et
1626 5276 2000 5356 corrigenda
2044 5294 2122 5339 ex
2152 5277 2289 5339 cod.
2330 5275 2526 5337 Vatic.

340 5466 392 5535 1)
427 5466 543 5538 Ὡς,
568 5475 697 5531 etc.,
719 5465 1031 5538 ᾡδήγησας.

881 5485 1031 5538 ησας.
1909 5466 2276 5538 χωρήσαντος,
2293 5474 2412 5538 pete.

340 5483 392 5535 1)
432 5483 537 5530 11;,
568 5483 697 5531 etc.,
719 5483 1031 5538 ωοηγησας.
1909 5483 2276 5603 χωρησαντος,
2307 5483 2413 5519 etc.

334 5538 392 5600 2)
421 5536 903 5608 ΔἘνδυναμούιειθω.
1667 5607 1672 5608 ν
2084 5536 2351 5608 Ἑαυτοὺς
2375 5576 2430 5608 ,λ
2458 5574 2470 5587 .
2500 5536 2579 5598 εἰς
2597 5535 2894 5608 νάμαρτίαν.

374 5612 388 5673 )
418 5600 732 5679 ᾚνπιγραξρῂ
761 5606 921 5679 ista:
961 5608 1059 5678 τῆς
1103 5608 1471 5679 κινναϐάρεως
1520 5607 1799 5679 περιέχει)
1946 5600 2054 5679 *(5)
2084 5603 2229 5679 N.__6,
2254 5606 2307 5659 7.
2344 5605 2433 5675 Μὴ
2464 5600 2702 5679 παράδος
2721 5600 2792 5675 ’με
2813 5602 3061 5679 μετὰτοῦ
3086 5600 3357 5679 διαϐόλου,
3378 5603 3475 5658 καὶ

224 5678 333 5735 ιιὈῦ
366 5674 756 5743 Δαϐὶδ,⁷ὦς⁷ἂ“ν
862 5674 1138 5748 προσευχὴ
1166 5678 1259 5730 τοῦ
1302 5674 1431 5731 λαοῦ
1470 5679 1562 5732 τοῦ
1596 5674 1797 5734 ’ἑαυτοῦ
1904 5674 2012 5729 τῶν
2034 5674 2299 5745 ἀγγέλων,
2333 5674 2437 5732 etc.
2472 5674 2617 5745 N.78,
2656 5677 2707 5731 9.
2731 5674 2754 5732 ί.
2890 5676 2981 5729 καὶ
3016 5674 3343 5747 μηνιαστῶν.

559 5771 830 5833 Ρηιιοι.
876 5771 989 5831 Gn.
1040 5769 1301 5831 XXVII.
3077 5766 3153 5830 2’s
