3878 6218
446 285 550 353 ἶ57
1257 284 1315 340 S.
1356 281 1723 339 ATIIANASII
1763 283 1909 340 OPP.
1948 284 2128 344 PARS
2165 286 2255 341 ΙΙΙ.
2293 317 2363 326 -
2402 284 2826 341 EXEGETICA.
3624 280 3744 342 748j

514 403 573 462 8..
596 401 700 471 Qui
728 402 1023 474 loquuntur
1053 416 1242 473 pacem
1272 417 1397 458 cum
1428 403 1679 473 proximo
1702 420 1838 461 suo:
2044 458 2045 463 η

2200 405 2239 458 3.
2275 403 2394 457 Τῶν
2425 402 2728 457 λαλούντων
2756 402 2983 473 εἰρήνην
3012 400 3155 471 μετὰ
3182 400 3291 456 τῶν
3338 400 3598 473 πλησίων
3630 401 3731 456 αὐ-

2126 514 2234 550 των
2242 514 2256 528 ⁸

517 583 571 640 9.
602 582 740 638 Mala
762 592 941 639 autem
979 583 1032 638 in
1065 583 1323 640 cordibus
1343 598 1558 640 eorum.

2194 588 2249 643 9.
2276 586 2437 641 Κακὰ
2464 587 2521 640 δὲ
2554 589 2612 640 ὲν
2637 587 2757 649 ταῖς
2783 585 3031 657 καρδίαις
3051 585 3250 639 αὐτῶν.

516 676 603 731 10.
630 676 705 731 Da
738 677 865 742 illis,
893 676 1141 743 Domine,
1167 676 1468 732 secundum
1502 692 1667 747 opera
1698 693 1916 745 eorum,

2196 678 2283 733 10.
2312 678 2410 742 Δὸς
2440 678 2641 744 αὐτοῖς,
2664 678 2860 749 Κύριε,
2897 678 3041 731 κατὰ
3066 678 3135 731 τὰ
3157 678 3295 749 ἔργα
3316 677 3522 742 αὐτῶν,

520 768 608 822 11.
655 767 723 823 Et
772 768 1071 824 secundum
1121 768 1421 838 nequitiam
1456 768 1904 826 adinventionum
1938 772 2019 841 ip-

2196 770 2282 825 11.
2319 770 2428 825 Kal
2466 770 2607 823 κατὰ
2656 768 2753 839 τὴν
2806 769 3071 840 πονηρίαν
3109 768 3215 823 τῶν
3257 767 3727 839 ἐπιτηδευμάτων

445 876 659 917 eorum.

2124 862 2325 918 αὐτῶν.

517 952 607 1009 12.
639 951 951 1008 Secundum
978 966 1143 1022 opera
1162 968 1429 1009 manuum
1455 969 1648 1009 eorum
1675 954 1853 1010 tribue
1878 953 2013 1010 illis:

2192 954 2279 1007 12.
2314 952 2472 1007 Κατὰ
2500 951 2569 1005 τὰ
2597 950 2734 1023 ἔργα
2756 950 2863 1003 τῶν
2885 949 3085 1021 χειρῶν
3113 949 3292 1005 αὐτῶν
3322 950 3411 1013 δὸς
3437 949 3637 1012 αὐτοῖς
3659 962 3678 980 ο

516 1044 605 1099 15.
636 1041 821 1099 Redde
856 1044 1267 1100 retributionem
1294 1060 1485 1099 eorum
1519 1045 1674 1116 ipsis.

2194 1047 2282 1103 15.
2325 1045 2544 1108 Ἀπόδος
2563 1045 2623 1097 τὸ
2646 1043 2996 1112 ἀνταπόδομα
3024 1043 3202 1097 αὐτῶν
3227 1044 3433 1106 αὐτοῖς.

516 1134 605 1188 11.
640 1132 911 1200 Quoniam
940 1148 1051 1189 non
1090 1134 1478 1191 intellexerunt
1507 1152 1673 1207 opera
1704 1136 1943 1202 Domini,

1906 1139 1943 1202 i,
2192 1137 2279 1190 M.
2309 1138 2431 1190 Ὅτι
2460 1136 2521 1190 οὐ
2549 1136 2789 1205 συνῆκαν
2818 1136 2897 1198 είς
2923 1137 2994 1189 τὰ
3018 1136 3153 1207 ἔργα
3187 1137 3395 1209 Κυρίου
3417 1176 3431 1200 ,

500 1226 605 1282 15.
640 1226 705 1283 Et
729 1228 784 1281 in
814 1242 981 1297 opera
1010 1243 1272 1283 manuum
1297 1230 1411 1299 ejus
1445 1248 1457 1283 :

2192 1228 2280 1282 15.
2315 1229 2425 1282 Kal
2454 1229 2533 1291 είς
2560 1228 2630 1282 τὰ
2657 1228 2793 1297 ἔργα
2820 1229 2928 1284 τῶν
2957 1228 3157 1299 χειρῶν
3197 1226 3383 1283 αὐτοῦ.

517 1317 607 1373 16.
633 1317 888 1375 Destrues
917 1319 1060 1387 illos,
1087 1329 1142 1374 et
1176 1335 1286 1375 non
1320 1320 1613 1376 aediﬁcabis
1648 1335 1765 1376 eos.

2194 1319 2281 1373 16.
2316 1320 2580 1384 Καθελεῖς
2614 1321 2829 1387 αὐτοὺς,
2866 1322 2962 1375 καὶ
2984 1322 3045 1373 οὐ
3082 1321 3157 1392 μὴ
3198 1321 3579 1391 οίκοδομήσεις
3608 1319 3719 1371 αὐ-

2121 1430 2267 1476 τους.

517 1500 607 1556 17.
649 1501 971 1559 Benedictus
1003 1501 1287 1569 Dominus,
1316 1504 1576 1573 quoniam
1615 1504 1893 1560 exaudivit
1920 1519 2018 1560 vo-

2193 1507 2279 1559 17.
2306 1506 2608 1576 Εὐλογητὸς
2620 1506 2844 1579 Κύριος,
2866 1508 2948 1562 ὅτι
2977 1508 3263 1579 είσήκουσε
3281 1509 3378 1579 τῆς
3396 1508 3584 1579 φωνῆς
3605 1509 3715 1579 τῆς

410 1626 420 1639 τ
446 1606 564 1647 cem
597 1592 995 1663 deprecationis
1019 1609 1170 1650 mere.

979 1609 995 1650 ὅ
1019 1609 1170 1650 mere.
2119 1599 2358 1670 δεήσεώς
2390 1617 2510 1671 μου.

493 1681 604 1737 ’18.
635 1682 898 1739 Dominus
926 1683 1144 1755 adjutor
1170 1700 1326 1741 meus
1350 1694 1404 1741 et
1437 1695 1711 1757 protector
1737 1704 1912 1745 meus.

2192 1691 2280 1745 18.
2320 1691 2524 1759 Κύριος
2558 1690 2750 1762 βοηθός
2776 1707 2877 1762 μου
2906 1692 3000 1745 καὶ¹
3030 1692 3442 1764 ὑπερασπιστής
3478 1710 3602 1764 μου.

519 1773 607 1831 19.
642 1772 699 1827 In
729 1775 847 1845 ipso
874 1777 1111 1846 speravit
1137 1792 1233 1833 cor
1267 1793 1472 1846 meum,
1507 1790 1562 1835 et
1592 1781 1815 1852 adjutus
1847 1798 1968 1838 sum
2005 1804 2017 1839 :

2196 1780 2282 1836 19.
2326 1782 2442 1834 Ἐπ’
2468 1760 2618 1851 αὐτῷ
2642 1760 2875 1851 -ήλπι-σεν
2896 1783 2930 1853 ή
2961 1760 3157 1852 καρδία
3190 1799 3314 1853 μου,
3350 1760 3445 1836 καὶ
3473 1760 3721 1855 560$!)-

2126 1871 2259 1944 θην·

511 1957 606 2014 20.
637 1958 705 2013 Et
735 1959 980 2017 reﬂoruit
1008 1976 1139 2018 caro
1169 1977 1290 2019 mea
1326 1982 1339 2017 :

2190 1962 2280 2017 20.
2312 1964 2421 2016 Kal
2442 1962 2700 2019 ἀνέθαλεν
2733 1964 2766 2035 ἡ
2803 1962 2939 2033 σάρξ
2974 1982 3077 2034 μου
3098 1981 3111 1996 ·

474 2049 706 2106 "2l.‘Et
737 2066 805 2107 ex
833 2052 1115 2109 voluntate
1149 2069 1269 2110 mea
1296 2055 1599 2112 conﬁtebor
1631 2057 1703 2112 ei.

2189 2058 2283 2112 21.
2313 2058 2425 2111 Kal
2450 2058 2513 2109 ὲκ
2540 2056 2844 2127 θελήματός
2885 2074 2985 2127 μου
3036 2056 3502 2129 ὲξομολογήσομαι
3534 2059 3714 2130 αὐτῷ.

513 2142 606 2199 22.
637 2142 903 2201 Dominus
937 2143 1202 2202 fortitudo
1228 2147 1404 2217 plebis
1439 2163 1553 2204 suae
1581 2168 1596 2216 ;

2189 2152 2281 2205 22.
2308 2150 2513 2220 Κύριος
2538 2150 2863 2222 κραταίωμα
2891 2148 2985 2203 τοῦ
3020 2149 3151 2203 λαοῦ
3180 2150 3347 2203 αὑτοῦ
3368 2167 3382 2179 ·

478 2248 483 2253 ·
512 2234 607 2291 25.
634 2234 701 2291 Et
727 2245 1002 2307 protector
1021 2239 1385 2298 salvationum
1414 2240 1620 2297 Christi
1648 2242 1735 2299 sui
1767 2252 1869 2299 est.

2189 2243 2279 2298 2'5.
2316 2244 2426 2297 Kal
2455 2242 2869 2313 ὑπερασπιστὴς
2902 2241 3011 2294 τῶν
3029 2241 3312 2312 σωτηρίων
3346 2241 3439 2295 τοῦ
3464 2242 3713 2314 Χριστοῦ

2123 2334 2286 2389 αὐτοῦ
2311 2337 2479 2388 ἐστιν.

506 2417 607 2473 ⁷24.
635 2417 857 2473 Salvum
884 2417 976 2474 fac
1008 2420 1266 2491 populum
1285 2430 1465 2487 tuum,
1494 2421 1741 2488 Domine,
1768 2434 1823 2478 et
1852 2424 2018 2481 bene-

2191 2426 2282 2481 24.
2313 2426 2493 2479 Σῶσον
2516 2426 2607 2479 τὸν
2632 2424 2759 2479 λαόν
2794 2441 2909 2490 σου,
2933 2425 3027 2479 καὶ
3056 2424 3352 2497 εὐλτόγησον
3378 2426 3477 2498 τὴν
3506 2425 3684 2499 κληρο
3701 2457 3713 2468 -

444 2506 533 2563 die
570 2508 874 2564 haereditati
908 2521 1037 2565 tuae.

933 2525 1037 2565 uas.
2128 2519 2315 2590 νομίαν
2347 2534 2462 2573 σου.

514 2597 605 2654 25.
637 2597 704 2655 Ει
732 2614 858 2671 rege
897 2614 1012 2667 eos,
1038 2608 1093 2658 et
1128 2601 1327 2659 extolle
1374 2601 1497 2660 illos
1540 2618 1718 2676 usque
1762 2605 1821 2660 in
1852 2614 2012 2662 αξιοι-ς

2191 2609 2283 2664 25.
2314 2611 2424 2664 Καὶ
2444 2610 2706 2682 ποίμανον
2740 2610 2959 2677 αὐτοὺς,
2985 2608 3083 2664 καὶ
3112 2608 3316 2683 ἔπαρον
3341 2610 3542 2675 αὐτοὺς
3600 2611 3709 2675 ἕως

429 2705 601 2748 ιιιιιω.

2122 2699 2218 2755 τοῦ
2249 2700 2465 2766 αίῶνος.

1560 2869 1936 2927 ATHANASII
1974 2870 2563 2932 INTERPRETATIO.

516 3046 574 3113 7,
621 3047 675 3103 9.
730 3046 870 3103 Cum
928 3047 1303 3118 daemonibus,
1352 3058 1411 3106 et
1453 3051 1789 3122 hypocritis,
1831 3060 1887 3108 ct
1928 3052 2047 3106 in“

2190 3054 2301 3122 7,9.
2332 3053 2453 3110 Τῶν
2466 3054 2754 3127 δαιμόνων,
2773 3058 2867 3112 καὶ
2888 3058 3219 3130 ὑποκριτῶν,
3240 3057 3337 3112 καὶ
3360 3057 3704 3129 μανιαστῶν.

445 3152 622 3195 131113.

518 3229 606 3286 10.
635 3226 1103 3295 Quemadmodum
1146 3226 1389 3298 duplices
1416 3237 1567 3294 sunt,
1595 3229 1662 3285 da
1700 3230 1808 3289 illis
1835 3232 2015 3305 dupli-

2189 3231 2279 3287 10.
2309 3230 2385 3303 (1)
2414 3230 2613 3297 Καθώς
2651 3234 2756 3287 εἰσι
2798 3234 2991 3301 δισσοὶ,
3018 3230 3106 3299 δὸς
3135 3235 3319 3300 αὐτοῖς
3359 3235 3542 3290 δισσὸν
3573 3236 3708 3291 σύν-

446 3337 566 3379 cem
592 3321 961 3378 amictionem.

831 3336 961 3376 lem.
2122 3336 2362 3391 τριμμα.

517 3415 607 3471 11.
636 3414 947 3469 Secundum
986 3413 1283 3482 injustitias
1307 3427 1515 3468 eorum.

2194 3413 2283 3467 11.
2311 3405 2509 3478 Καῖως
2527 3417 2624 3478 τὰς
2648 3414 2859 3479 ἀδικίας
2883 3415 3080 3470 αὐτῶν.

520 3505 727 3573 12,15.
761 3504 1238 3572 Quemadmodum
1276 3513 1679 3561 consueverunt
1728 3508 1871 3563 mala
1907 3510 2019 3565 sin-

2196 3504 2284 3569 12,
2316 3506 2403 3560 15.
2433 3506 2629 3571 Καθὼς
2670 3507 2882 3579 πονηρὰ
2923 3509 3177 3563 εἰώθασιν
3226 3510 3440 3581 ἑκάστῳ
3476 3510 3704 3575 διδόναι,

436 3599 592 3673 gulis
614 3599 769 3667 dare,
798 3598 873 3653 ita
896 3598 965 3653 da
995 3598 1149 3667 ipsis.

1103 3613 1149 3653 ε,
2122 3593 2295 3658 οὕτως
2315 3594 2403 3659 δὸς
2431 3597 2634 3659 αὐτοῖς.

518 3692 608 3757 14,
646 3691 736 3746 15.
766 3689 1039 3757 Quoniam
1070 3704 1172 3746 nec
1201 3705 1366 3763 opera
1386 3692 1605 3749 Domini
1641 3694 1782 3751 scire
1806 3695 2016 3761 volunt,

2194 3688 2282 3753 M,
2320 3688 2406 3743 15.
2442 3690 2562 3743 Ὅτι
2585 3690 2722 3761 ἔργα
2746 3691 2951 3763 Κυρίου
2978 3691 3175 3747 είδὲναι
3197 3695 3257 3747 οὐ
3289 3694 3553 3759 θέλουσιν,
3578 3694 3708 3750 οὐδὲ

449 3799 552 3841 nec
570 3784 780 3855 judicia
799 3782 941 3854 ejus.

2121 3777 2191 3831 τὰ
2224 3778 2569 3849 δικαιώματα
2598 3780 2783 3834 αὑτοῦ.

512 3877 610 3931 :16.
656 3875 936 3934 Percuties
971 3889 1091 3943 eos,
1139 3884 1195 3932 et
1244 3892 1355 3933 non
1398 3879 1663 3945 sanabis;
1718 3896 1828 3935 non
1875 3894 2019 3935 enim

2196 3870 2287 3924 16.
2344 3870 2612 3936 Πατάξεις
2655 3872 2873 3938 αὐτοὺς,
2915 3875 3011 3928 καὶ
3071 3876 3132 3927 οὑ
3183 3875 3257 3945 μὴ
3286 3877 3445 3948 ίάσῃ·
3487 3877 3549 3929 οὐ
3588 3876 3705 3948 γὰρ

448 3967 817 4040 pmnitebunt.

2128 3963 2554 4033 μετανοήσουσιν

515 4062 609 4115 17.
641 4062 955 4117 Benedictus
994 4061 1277 4131 Dominus,
1304 4064 1555 4133 quoniam
1581 4064 1823 4135 implevit
1851 4079 2023 4119 vocem

2195 4052 2283 4107 17.
2311 4054 2651 4124 Εὐλογητὸς
2668 4056 2902 4125 Κύριος,
2928 4056 3017 4111 ὅτι
3035 4057 3319 4128 ἐπλήρωσε
3348 4057 3465 4127 τὴν
3490 4058 3707 4127 φωνὴν

451 4152 831 4231 deprecationis
860 4168 1010 4209 mete.

2124 4143 2235 4213 τῆς
2265 4144 2530 4212 δεήσεώς
2552 4164 2691 4216 μου.

522 4242 611 4298 18.
648 4242 913 4300 Dominus
946 4252 1239 4316 protegens
1278 4259 1388 4310 me,
1415 4254 1469 4300 et
1499 4245 1785 4315 insurgens
1824 4244 1879 4299 in
1920 4244 2026 4298 ini-

2196 4234 2283 4289 18.
2316 4234 2519 4306 Κύριος
2567 4236 2783 4290 σκέπων
2840 4254 2929 4308 με,
2966 4238 3060 4291 καὶ
3113 4238 3541 4309 ὲπανιστάμενος
3584 4241 3707 4298 τοῖς

449 4333 625 4389 micos
651 4347 826 4389 meos.

2129 4325 2343 4397 ἐχθροῖς
2366 4343 2488 4396 μου.

523 4422 610 4477 19.
638 4420 703 4476 Ei
734 4422 976 4492 seipsum
1027 4422 1252 4478 tradidit
1280 4436 1377 4479 cor
1405 4438 1610 4488 meum,
1653 4431 1709 4478 et
1736 4420 2017 4477 conforta-

2196 4416 2283 4471 19.
2306 4416 2462 4487 Αὐτῷ
2492 4416 2689 4482 ἑαυτὴν
2723 4416 2983 4483 ἐξέδωκεν
3015 4419 3049 4488 ἡ
3079 4418 3274 4490 καρδία
3303 4436 3429 4490 μου,
3467 4420 3564 4475 καὶ
3620 4421 3705 4476 ὲν-

452 4526 569 4569 tum
599 4522 683 4569 est
708 4514 778 4568 ab
801 4530 887 4569 eo.

2126 4508 2445 4578 εδυναμώθη
2476 4509 2565 4563 ὑπ’
2587 4509 2771 4565 αὑτοῦ.

520 4604 610 4660 20.
643 4604 702 4659 In
731 4606 1153 4662 resurrectione.

2194 4598 2285 4654 20.
2332 4600 2420 4652 Ἐν
2447 4603 2514 4671 τῇ
2538 4601 2852 4657 ἀναστάσει.

519 4698 611 4752 21.
646 4696 901 4768 Prompte
948 4700 1045 4755 tibi
1092 4702 1347 4768 serviam,
1392 4710 1447 4757 et
1496 4700 1708 4755 tradam
1754 4699 2022 4770 meipsum

2193 4691 2284 4744 2i.
2344 4691 2648 4764 Προθύμως
2686 4693 2953 4749 δουλεύσω
3005 4712 3124 4762 σοι,
3184 4696 3281 4750 καὶ
3334 4694 3563 4749 ἐκδώσω
3614 4712 3700 4751 σοι

450 4788 573 4846 tibi.

2125 4781 2358 4851 ἐμαυτόν
2384 4782 2484 4853 ('5).

518 4880 611 4935 22.
648 4881 914 4935 Dominus
938 4881 1114 4937 virtus
1140 4878 1322 4949 populi
1350 4879 1458 4933 sui.

2200 4872 2292 4928 22.
2325 4873 2529 4945 Κύριος
2565 4875 2791 4946 δύναμις
2824 4877 2917 4931 τοῦ
2952 4877 3080 4931 λαοῦ
3110 4877 3296 4934 αὐτοῦ.

515 4972 611 5027 25.
647 4971 971 5027 Sanctorum
994 4971 1113 5025 Filii
1134 4971 1216 5027 sui
1238 4979 1510 5040 protector
1534 4980 1640 5026 est.

2199 4963 2289 5017 22.
2325 4964 2445 5017 Τῶν
2468 4966 2637 5034 ἁγίων
2652 4966 2743 5019 τοῦ
2767 4968 2896 5020 Υἱοῦ
2910 4967 3073 5023 αὐτοῦ
3094 4970 3505 5042 ὑπερασπιστής
3527 4972 3695 5024 ἐστιν.

520 5063 610 5116 24.
641 5061 708 5116 Et
739 5077 886 5115 nunc
910 5070 965 5116 et
990 5062 1043 5114 in
1080 5059 1265 5115 futuro
1293 5060 1517 5115 saeculo.

2197 5053 2285 5106 24.
2324 5055 2434 5107 Kal
2472 5057 2528 5109 ὲν
2564 5056 2641 5127 τῷ
2669 5058 2762 5111 νῦν
2796 5060 2889 5111 καὶ
2928 5061 2984 5111 ἐν
3013 5059 3090 5130 τῷ
3122 5060 3368 5131 μέλλοντι
3392 5062 3568 5116 αἰῶνι.

518 5155 611 5211 25.
630 5153 886 5211 Glorilica
917 5168 1013 5209 eos
1050 5154 1105 5206 in
1130 5167 1296 5224 regno
1328 5160 1445 5207 tuo.

2199 5144 2287 5199 25.
2319 5146 2551 5211 Δόξασον
2582 5150 2777 5213 αὐτοὺς
2805 5152 2863 5204 ἐν
2894 5153 2960 5223 τῇ
2994 5150 3243 5225 βασιλείᾳ
3275 5169 3389 5207 σου.

1402 5346 1711 5409 Addenda
1748 5355 1810 5409 et
1839 5349 2215 5429 corrigenda
2252 5367 2331 5412 ex
2362 5349 2501 5412 cod.
2540 5350 2742 5411 Vatic.

528 5540 687 5621 (QN.
719 5542 810 5621 10.
837 5540 1111 5621 Κακὲεδὸς-
1131 5544 1187 5621 ἒν
1209 5544 1327 5621 ταῖς
1342 5542 1809 5621 ξωρδίαιςάὺτῶν.
2189 5547 2266 5621 (2)
2312 5548 2489 5621 Ἰάσῃς
2519 5548 2718 5611 αὐτούς
2747 5564 2759 5577 ·
2785 5549 2845 5599 οὐ
2874 5546 2983 5621 γᾲρ
3015 5562 3133 5619 μετ.

454 5611 814 5690 Καθῶς-είσι,
844 5622 946 5667 etc.
990 5612 1178 5690 N.-l2.
1218 5615 1374 5669 Κατὰ
1423 5611 1527 5675 τάς
1585 5614 1719 5683 (ηοη
1765 5611 2003 5680 καθώς).
2189 5619 2264 5689 (5)
2296 5611 2575 5673 Δουλὲύσω
2612 5636 2692 5672 σοι
2726 5611 2981 5690 ἐμαυτόν.

448 5682 513 5737 Ν.
549 5684 636 5741 15.
668 5681 863 5747 Καθὼς
884 5683 1117 5753 πονηρά,
1135 5691 1239 5742 etc.
1598 5681 1602 5683 ’
2106 5723 2115 5726 Α
