3878 6218
197 321 290 377 719
1017 313 1106 368 DE
1154 312 1426 369 TITULIS
1465 309 1924 368 PSALMORUM.
1961 339 2030 350 —-—
2069 306 2262 363 PSAL.
2306 294 2547 360 XXVIII.
3299 300 3404 358 750

399 419 638 490 feninae
678 431 758 498 τῷ
785 432 985 498 Δαϐὶδ,
1012 433 1226 498 ἐξόδου
1253 432 1510 503 σκηνῆς.

817 529 991 580 ΨΑΛ.
1025 530 1162 581 KII’.

263 621 310 676 1.
349 619 628 688 Ἐνέγκατε
654 617 734 688 τῷ
761 619 971 690 Κυρίῳ,
995 620 1100 672 υἱοὶ
1133 618 1268 671 Θεοῦ
1287 636 1300 650 ⁸

175 698 184 728 ⁸
261 715 312 768 2.
352 711 734 782 Ἐνέγκατετῷ
771 711 962 782 Κυρίῳ
1001 713 1149 776 υἱοὺς
1173 712 1363 783 κριίυν.

261 808 308 862 5.
343 806 622 874 Ἐνέγκατε
649 805 726 874 τῷ
757 802 947 872 Κυρίῳ
976 802 1131 868 δόξαν
1167 806 1260 857 καὶ
1282 805 1447 876 τιμήν
1470 823 1483 835 θ

260 899 310 952 4.
354 900 635 968 Ἐνέγκατε
661 898 738 969 τῷ
763 898 951 968 Κυρίῳ
980 897 1138 964 δόξαν
1160 899 1382 969 ὀνόματι
1412 898 1600 952 αὑτοῦ·

260 991 311 1046 5.
334 991 749 1063 Προσκυνήσατε
785 990 862 1059 τῷ
881 990 1068 1060 Κυρίῳ
1099 991 1158 1042 ὲν
1191 989 1326 1060 αὐλῇ
1369 989 1504 1062 ἁγίᾳ
1558 988 1742 1046 αὑτοῦ.

259 1082 310 1135 6.
339 1081 486 1153 Φωνὴ
520 1082 725 1152 Κυρίου
753 1079 976 1134 ἐπὶτῶν
1010 1080 1216 1135 ὑδάτων
1236 1099 1252 1114 ο

262 1175 309 1230 7.
351 1175 406 1228 ὐ
440 1175 570 1238 Θεὸς
603 1173 704 1243 τῆς
723 1173 879 1242 δόξης
913 1171 1207 1243 ἐϐρόντησε
1227 1189 1240 1200 ·

259 1266 307 1321 8.
334 1265 531 1337 Κύριος
558 1266 651 1317 ἐπὶ
684 1264 890 1318 ὑδάτων
921 1262 1150 1317 πολλῶν.

261 1356 309 1411 9.
336 1354 484 1426 Φωνὴ
516 1355 724 1426 Κυρίου
747 1356 804 1408 ὲν
831 1353 975 1424 ίσχύῖ
996 1369 1016 1384 ο

260 1449 340 1504 10.
367 1446 516 1518 Φωνὴ
544 1449 748 1518 Κυρίου
782 1448 840 1500 ὲν
869 1447 1328 1517 μεγαλοπρεπειᾳ.

259 1539 339 1596 11.
370 1538 521 1608 Φωνὴ
545 1538 753 1608 Κυρίου
789 1537 1161 1608 συντρίϐοντος
1185 1537 1278 1589 κέδ
1288 1553 1410 1607 ρους
1428 1553 1444 1570 ο

262 1630 340 1683 12.
370 1630 477 1684 Καὶ
494 1628 772 1699 συντρίψει
789 1627 990 1697 Κύριος
1006 1628 1104 1692 τὰς
1136 1627 1231 1680 κέδ
1242 1644 1367 1698 ρους
1388 1625 1481 1679 τοῦ
1495 1625 1745 1679 Λιϐάνουο

263 1722 342 1775 15.
372 1722 480 1775 Καὶ⁵
507 1721 764 1775 λεπτυνεῖ
802 1719 970 1784 αὑτὰς
1000 1719 1076 1782 ὡς
1119 1718 1210 1772 τὸν
1241 1718 1442 1790 μόσχον
1473 1716 1566 1770 τοῦ
1595 1715 1748 1789 [τὸν]

199 1811 412 1866 Λιϐάνου
432 1827 446 1843 ·

261 1903 340 1958 14.
373 1904 479 1958 Καὶ
498 1907 527 1958 ὁ
560 1904 916 1976 ὴγαπημένος
941 1903 1018 1967 ὡς
1046 1901 1162 1967 υἱὸς
1195 1902 1601 1974 μονοκερώτων.

261 1992 340 2046 15.
372 1994 522 2064 Φωνὴ
549 1994 759 2065 Κυρίου
787 1994 1170 2057 διακόπτοντος
1196 1993 1369 2062 φλόγα
1388 1993 1579 2063 πυρός.

259 2083 338 2140 16.
366 2085 517 2157 Φωνὴ
544 2086 752 2157 Κυρίου
780 2085 1116 2149 συσσείοντος
1154 2084 1358 2156 ἔρημον
1377 2101 1392 2116 ο

1769 441 1816 492 Α

2062 425 2309 480 Psalmus
2340 423 2534 485 David,
2566 422 2738 475 exitus
2763 437 2790 474 ε
2821 419 3180 476 tabernaculo.

2363 513 2569 568 PSAL.
2601 510 2888 566 XXVIII.

1916 608 1968 660 1.
2008 606 2206 662 Aﬁerte
2233 605 2483 672 Domino,
2511 606 2605 659 ﬁlii
2633 604 2767 673 Dei;

1913 699 1967 752 2.
1997 699 2196 753 Aﬁerte
2226 697 2457 753 Domino
2482 699 2626 753 ﬁlios
2653 698 2906 752 arietum.

1917 791 1971 844 3.
2007 790 2208 844 Alferte
2236 789 2464 845 Domino
2491 790 2718 859 gloriam
2743 799 2797 844 et
2825 790 3081 845 honorem
3112 807 3128 845 :

1917 882 1970 935 4.
2001 880 2198 936 Aﬁerte
2221 880 2452 936 Domino
2479 882 2707 951 gloriam
2738 882 2947 936 nomini
2979 882 3128 951 ejus:

1919 977 1975 1029 5.
2003 975 2238 1030 Adorate
2262 973 2552 1029 Dominum
2583 977 2639 1028 in
2669 975 2809 1030 atrio
2839 981 3030 1032 sancto
3057 976 3196 1046 ejus.
3345 1007 3406 1034 κ

1919 1066 1973 1119 6.
2001 1063 2118 1119 Vox
2145 1065 2364 1119 Domini
2391 1080 2556 1133 super
2578 1079 2751 1133 aquas
2777 1083 2790 1118 :

1919 1158 1970 1208 '7.
2005 1156 2148 1211 Deus
2178 1156 2477 1226 majestatis
2502 1155 2780 1221 intonuit;

1919 1249 1971 1303 8.
2004 1247 2268 1303 Dominus
2297 1263 2461 1317 super
2485 1263 2657 1316 aquas
2686 1248 2909 1303 multas.

1923 1338 1978 1392 9.
2012 1335 2130 1391 Vox
2163 1337 2379 1391 Domini
2408 1338 2462 1390 in
2493 1336 2695 1391 virtute
2728 1354 2743 1394 :

1921 1429 2008 1484 10.
2043 1428 2155 1483 Vox
2187 1428 2404 1482 Domini
2441 1428 2496 1481 in
2537 1427 2957 1498 magniﬁcentia.

1920 1523 2007 1576 11.
2046 1520 2155 1576 Vox
2188 1521 2403 1575 Domini
2435 1521 2826 1591 confringentis
2853 1520 3047 1575 cedros
3075 1537 3094 1574 ς

1923 1615 2010 1668 12.
2044 1613 2108 1667 Et
2137 1613 2442 1684 confringet
2471 1613 2735 1668 Dominus
2769 1613 2959 1666 cedros
2984 1611 3174 1666 Libani
3201 1631 3216 1667 :

1923 1704 2011 1761 15.
2037 1703 2104 1759 Et
2135 1706 2467 1760 comminuet
2492 1720 2584 1760 eas
2629 1713 2888 1774 tanquam
2917 1701 3371 1761 vituium'Libani
3396 1723 3412 1760 :

1921 1901 2010 1955 14.
2041 1899 2110 1955 Et
2131 1901 2358 1956 dilectus
2382 1901 2839 1970 quemadmodum
2869 1901 3012 1957 ﬁlius
3041 1905 3412 1958 unicornium.

1923 1993 2012 2046 15.
2042 1993 2158 2048 Vox
2187 1992 2404 2048 Domini
2425 1994 2801 2048 intercidentis
2827 1993 3102 2048 ﬂammam
3134 1995 3294 2066 ignis.

1923 2083 2010 2137 16.
2042 2081 2160 2138 Vox
2191 2082 2407 2139 Domini
2430 2084 2794 2140 concutientis
2821 2086 3095 2142 desertum
3125 2105 3138 2141 :

1297 2199 1674 2256 ATllANASll
1710 2199 2300 2258 INTERPRETATIO.

266 2333 326 2388 Ἦ
354 2335 688 2406 προκειμένη
724 2335 1002 2406 ἐπιγραφὴ
1041 2336 1283 2406 περιέχει
1315 2335 1390 2407 (1)
1409 2353 1421 2366 ο
1459 2334 1702 2405 Ψαλμὸς
1730 2333 1808 2399 τῷ
1835 2335 2034 2401 Δαϐίδ,
2063 2334 2276 2400 ἐξόδου
2306 2335 2545 2405 σκηνῆς
2566 2355 2579 2367 ·
2604 2337 2904 2400 τουτέστιν,
2937 2339 2965 2390 ό
2995 2336 3209 2408 ψαλμὺς
3229 2337 3306 2410 τῷ
3341 2339 3417 2414 (2)

197 2429 340 2483 Δαδὶδ
361 2430 596 2503 εἴρηται,
619 2429 746 2502 περὶ
770 2423 845 2484 ὧν
883 2430 1084 2499 ὀφείλει
1107 2431 1336 2494 ἕκαστος
1351 2431 1682 2502 προσφέρειν
1701 2429 1840 2502 Θεῷ,
1871 2430 1930 2483 τὸ
1955 2431 2157 2500 ἀγαθὸν
2178 2430 2309 2503 [τῶν
2335 2431 2576 2504 ἀγαθῶν]
2597 2433 2662 2488 ὲκ
2691 2433 2790 2504 τῆς
2818 2433 3040 2505 καρδίας
3058 2434 3244 2500 αὑτοῦ,
3275 2435 3420 2509 ἔργῳ

197 2524 280 2577 καὶ
298 2523 431 2594 λόγῳ
450 2541 464 2556 ο
499 2526 570 2577 ὲκ
605 2524 715 2596 γὰρ
746 2524 846 2594 τῆς
878 2524 1105 2596 καρδίας
1135 2525 1524 2595 ἐκπορεύονται
1551 2527 1752 2581 πάντα.
1785 2525 1885 2580 Διὰ
1902 2511 2074 2580 ’τοῦτο
2099 2523 2251 2582 εἶπεν
2278 2544 2291 2557 ’
2342 2527 2587 2593 Ἐξόδου
2605 2527 2862 2598 σκηνῆς,
2897 2528 3039 2598 λέγω
3073 2529 3138 2601 δὴ
3155 2530 3227 2585 τὰ
3256 2533 3412 2588 ὲκπο-

199 2619 448 2690 ρευόμενα
467 2621 533 2673 ὲκ
562 2619 660 2689 τῆς
685 2619 928 2690 καρδίας.

263 2735 470 2793 Titulus
485 2737 818 2808 praepositus
830 2739 1072 2793 continet
1097 2759 1110 2794 :
1141 2738 1392 2794 Psalmus
1419 2739 1611 2805 David,
1635 2741 1808 2794 exitus
1829 2757 1858 2796 ε
1874 2739 2210 2796 tabernaculo
2237 2757 2258 2795 :
2279 2755 2475 2812 nempe
2497 2739 2748 2798 Psalmus
2771 2755 2801 2794 a
2817 2740 3020 2796 Davide
3046 2726 3224 2796 dictus
3246 2745 3332 2796 est
3354 2739 3424 2795 de

196 2833 256 2889 iis
290 2850 405 2906 qua:
447 2835 686 2906 quisque
721 2838 881 2893 debet
925 2838 1121 2894 oﬁ‘erre
1167 2839 1300 2906 Deo,
1337 2841 1478 2894 bona
1521 2855 1585 2895 ex
1647 2839 1814 2895 corde
1857 2854 1982 2907 suo,
2019 2853 2181 2910 opere
2211 2845 2267 2894 et
2293 2854 2585 2905 sermone;
2611 2855 2679 2895 ex
2702 2838 2866 2895 corde
2888 2837 3041 2911 enim
3075 2837 3256 2892 omnia
3297 2852 3425 2892 uro-

196 2931 396 2991 cedunt.
430 2937 559 2995 Ideo
586 2939 763 3007 inquit
790 2953 804 2991 :
841 2937 1032 2992 Exitus
1055 2953 1083 2991 ε
1113 2935 1473 3002 tabernaculo,
1496 2949 1688 3005 nempe
1716 2934 1970 2991 exeuntia
1999 2950 2068 2991 ex
2101 2936 2291 2992 corde.

258 3050 306 3104 1.
333 3050 405 3120 (ὅ)
430 3053 576 3115 Τοὺς
605 3049 933 3114 ἀποστόλους
959 3050 1131 3118 λέγει.

256 3138 307 3195 2.
331 3142 466 3206 Τοὺς
499 3140 752 3212 μαθητὰς
771 3140 878 3195 τῶν
905 3140 1239 3194 ἀποστόλων.

257 3231 308 3285 3.
332 3232 434 3285 Τδν
453 3232 513 3298 ἐξ
559 3231 827 3286 Ἰουδαίων
858 3231 950 3286 καὶ
989 3231 1048 3297 ἐξ
1086 3231 1256 3286 ἐθνῶν
1285 3232 1437 3286 λαόν.

259 3321 307 3376 4.
338 3323 472 3387 Τοὺς
505 3321 906 3386 πιστεύσαντας
935 3321 1015 3393 τῷ
1043 3321 1255 3394 Κυρίῳ,
1297 3323 1390 3376 καὶ
1431 3322 1756 3388 ἐλπίσαντας

197 3414 268 3484 τῷ
293 3416 510 3487 ὀνόματι
535 3415 728 3470 αὑτοῦ.

259 3508 310 3562 5.
345 3509 432 3562 Ἐν
460 3511 525 3580 τῇ
556 3507 670 3561 ἄνω
702 3507 1073 3578 Ἰερουσαλήμ.

260 3597 310 3651 6.
337 3597 408 3650 Τὸ
432 3599 696 3668 κήρυγμα
717 3598 796 3659 είς
820 3597 891 3649 τὰ
917 3595 1065 3666 ἔθνη.

260 3687 310 3740 7.
346 3688 418 3742 Τὸ
439 3687 669 3758 Πνεῦμα
687 3687 747 3740 τὸ
771 3687 925 3756 ἅγιον
952 3686 1049 3759 τὴν
1075 3686 1269 3740 ἑαυτοῦ
1299 3687 1607 3758 παρουσίαν
1659 3688 1755 3740 ἐπὶ

196 3778 312 3841 τοὺς
331 3779 682 3842 ἀποστόλους.

258 3870 310 3925 8.
357 3872 591 3942 Ὁμοίως
616 3873 676 3924 ὲν
705 3873 816 3934 τοῖς
853 3870 1029 3924 ἔθνεσι
1049 3872 1110 3925 τὸ
1134 3873 1398 3943 κήρυγμα
1422 3871 1612 3928 αὐτοῦ.

256 3960 310 4014 9.
340 3963 412 4015 Τὸ
433 3964 697 4034 κήρυγμα
720 3961 882 4014 αὐτοῦ
905 3960 1072 4014 ποιῶν
1098 3961 1173 4030 (1)
1203 3961 1480 4032 δυνάμεις.

262 4053 346 4107 10.
379 4054 451 4107 Τὸ
469 4055 642 4124 δνομα
669 4052 874 4124 Κυρίου
899 4052 1334 4124 ὲνδοξαξόμενον.

264 4143 344 4198 11.
378 4146 518 4209 Τοὺς
549 4144 808 4215 δαίμονας
834 4143 1004 4212 λέγει.

263 4237 347 4292 12.
371 4238 511 4301 Τοὺς
535 4236 887 4300 διδασκάλους
922 4235 1032 4291 τῶν
1082 4235 1351 4290 Ἰουδαίων
1371 4236 1542 4306 λέγει.

264 4329 346 4384 15.
383 4330 572 4392 Οὕτως
610 4327 886 4400 συντρίψει
911 4329 1037 4391 τοὺς
1057 4329 1324 4399 ἄρχοντας
1353 4327 1450 4381 καὶ
1497 4328 1589 4382 τὸν
1630 4328 1758 4382 λαὸν

1782 3062 1825 3122 ο
1928 3049 1981 3104 1.
2021 3048 2314 3119 Apostolus
2336 3049 2630 3119 signiﬁcat.

1932 3141 1988 3196 2.
2017 3140 2324 3212 Discipulos
2348 3143 2742 3212 apostolorum.

1934 3233 1987 3288 '5.
2015 3230 2281 3302 POpulum
2303 3247 2370 3288 ex
2390 3231 2593 3290 Iudaeis
2619 3243 2673 3290 et
2701 3234 2973 3304 gentibus.

1934 3323 1989 3378 4.
2032 3322 2332 3382 Credentes
2375 3323 2649 3390 Domino,
2682 3335 2737 3381 et
2782 3327 2838 3381 in
2889 3325 3008 3404 ejus
3040 3325 3260 3382 nomine
3304 3339 3427 3396 spe-

1863 3421 2067 3468 rantes.
2917 3402 2949 3470 ἔ

1937 3505 1992 3560 5.
2019 3505 2074 3558 ln
2107 3520 2341 3574 superna
2371 3506 2694 3562 Jerusalem.

1937 3596 1990 3650 6.
2017 3597 2339 3651 Praedicatio
2372 3596 2427 3650 in
2457 3598 2732 3666 gentibus.

1938 3685 1989 3740 7.
2039 3686 2274 3756 Spiritus
2312 3694 2536 3743 sanctus
2582 3687 2668 3743 sui
2712 3687 2884 3758 ipsius
2926 3688 3218 3743 adventum
3268 3703 3434 3759 super

1866 3778 2170 3849 apostolos.

1937 3871 1990 3926 8.
2022 3872 2150 3925 Item
2181 3871 2298 3940 ejus
2324 3867 2639 3940 praedicatio
2671 3867 2728 3921 in
2761 3869 3034 3937 gentibus.

1937 3960 1990 4015 9.
2020 3960 2151 4029 Ejus
2172 3959 2486 4030 praedicatio
2515 3957 2725 4012 faciens
2756 3958 3004 4016 virtutes.

1938 4051 2027 4107 10.
2052 4050 2256 4106 Nomen
2293 4049 2508 4105 Domini
2535 4048 2918 4118 gloriﬁcatum.

1946 4145 2030 4200 11.
2071 4143 2355 4198 Daemones
2375 4141 2666 4212 signiﬁcat.

1943 4235 2034 4290 12.
2076 4233 2360 4304 Signiﬁcat
2381 4235 2671 4303 magistros
2695 4233 3031 4290 Judmorum.

1939 4324 2026 4378 15.
2077 4322 2154 4378 lta
2187 4322 2491 4392 confringet
2532 4325 2806 4396 principes
2855 4337 2909 4381 et
2953 4327 3180 4397 populos
3223 4327 3441 4385 Judaeu-

198 4419 300 4473 τῶν
337 4420 628 4483 Ἰουδαίων,
666 4419 968 4490 ὼς.μόσχον
990 4419 1048 4473 ὃν
1074 4419 1334 4491 ἐποίησαν
1359 4421 1418 4472 ὲν
1439 4422 1505 4490 τῇ
1546 4421 1644 4491 ἐρή
1655 4438 1753 4491 μῳΙ

1939 4431 2012 4478 m,
2042 4423 2102 4468 ut
2130 4415 2382 4480 vitulum,
2433 4430 2596 4484 quem
2637 4417 2690 4470 in
2723 4433 2905 4472 eremo
2938 4417 3196 4487 fecerant,
3229 4421 3441 4492 Moyses

199 4510 254 4564 ὃν
281 4511 535 4565 ἐλέπτυνε
555 4511 821 4582 Μωῡσῆς.

266 4600 349 4654 14.
378 4602 489 4654 Καὶ
517 4602 546 4652 ὁ
589 4599 714 4662 λαὸς
746 4601 775 4651 ό
801 4597 990 4659 πιστὸς
1036 4597 1149 4666 ἔχει
1194 4596 1334 4650 κατὰ
1378 4597 1472 4649 τοῦ
1502 4596 1759 4668 μετώπου

199 4691 355 4745 αὐτοῦ
379 4693 547 4764 κέρας
575 4689 798 4762 ὑψηλὸν,
823 4689 899 4754 ὡς
920 4689 1034 4754 υίὸς
1061 4689 1468 4760 μονοκερώτων.

268 4781 352 4838 15.
383 4782 514 4837 Ὅτε
546 4777 668 4834 εἷπε
704 4779 783 4850 τῷ
829 4779 1033 4851 λῃστῇο
1060 4779 1197 4833 Μετ’
1227 4779 1373 4846 ἐμοῦ
1412 4778 1527 4847 ἔσῃ
1566 4779 1636 4831 ἐν
1681 4777 1762 4844 τῷ

201 4875 555 4941 παραδείσῳ.

267 4963 350 5017 16.
388 4966 664 5036 Ἀκίνητον
689 4964 816 5019 ὄντα
841 4964 932 5017 τὸν
959 4963 1160 5034 κόσμον
1186 4966 1283 5035 τῆς
1315 4962 1760 5034 είδωλολατρειας

205 5057 504 5126 μετήγαγεν
526 5059 606 5120 είς
645 5057 826 5110 πίστιν
847 5058 875 5110 ὁ
904 5055 1061 5124 λόγος
1081 5055 1260 5109 αὐτῶν
1295 5055 1399 5125 (5).

265 5232 310 5264 ⁵³
331 5233 464 5289 Luc.
496 5250 654 5303 χχιιι,
694 5233 784 5290 45.

1871 4505 2216 4560 comminuit.

1941 4595 2030 4651 14.
2062 4594 2128 4648 Et
2154 4597 2388 4665 populus
2419 4599 2592 4655 ﬁdelis
2629 4602 2790 4656 habet
2832 4602 2887 4656 in
2918 4602 3096 4659 fronte
3140 4619 3237 4661 sua
3268 4619 3442 4660 cornu

1869 4685 2160 4752 elevatum,
2191 4696 2250 4740 ut
2280 4687 2425 4744 ﬁlius
2461 4690 2827 4747 unicornium.

1942 4777 2029 4831 15.
2073 4775 2304 4843 Quando
2342 4780 2480 4835 dixit
2512 4783 2746 4840 latroni:
2789 4783 2962 4839 Hodie
3012 4801 3218 4841 mecum
3249 4787 3356 4842 eris
3391 4788 3446 4841 in

1870 4867 2123 4936 paradiso
2148 4869 2217 4926 ⁵⁸.

1945 4959 2032 5013 16.
2065 4958 2347 5025 Mundum,
2383 4962 2480 5031 qui
2507 4963 2575 5018 ab
2605 4962 2914 5024 idololatria
2939 4971 3186 5025 amoveri
3213 4985 3320 5026 non
3349 4985 3448 5042 po-

1875 5057 2034 5114 terat,
2072 5064 2255 5106 sermo
2277 5053 2656 5123 apostolorum
2684 5056 2927 5126 tnaduxit
2956 5059 3012 5114 in
3034 5059 3218 5117 ﬁdem.

1144 5390 1448 5455 Addenda
1488 5397 1550 5455 et
1593 5387 1965 5469 corrigenda
1997 5406 2075 5450 ex
2108 5389 2247 5451 cod.
2294 5389 2497 5451 Vatic.

268 5557 342 5628 (1)
386 5558 452 5612 Ἦ
476 5560 560 5616 διὰ
579 5561 677 5632 τῆς
713 5560 1082 5631 κινναϐάρεως
1115 5576 1241 5631 περ.

268 5627 344 5699 (2)
373 5629 498 5699 105-

267 5697 343 5770 (3)
369 5697 436 5754 N.
471 5702 515 5756 1.
547 5703 609 5758 Οἱ
631 5700 877 5770 ἄγγελοι.

1941 5554 2016 5622 (4)
2046 5551 2291 5622 Ποιοῦνᾴ

1940 5626 2016 5693 (ὅ)
2052 5624 2246 5678 Αὑτοῦ.
