3878 6218
448 319 557 377 751
1319 315 1376 371 S.
1420 314 1790 370 ATIIANASII
1826 312 1974 368 OPP.
2020 310 2200 366 PARS
2241 310 2328 367 lll.
2369 338 2437 351 -
2466 310 2877 368 EXEGETICA.
3598 310 3710 365 7ἕῖ

526 432 613 487 17.
652 429 1101 485 Etcommovebit
1129 429 1391 486 Dominus
1424 431 1696 485 desertum
1737 427 1932 482 Gades.
2048 470 2057 486 Α

2048 431 2095 486 Α
2197 425 2283 476 17.
2316 426 2425 477 Και
2465 423 2733 476 συσσείσει
2762 421 2966 493 Κύριος
2994 421 3092 490 τὴν
3127 420 3331 490 ἔρημον
3351 420 3556 491 Κάδης.

533 524 620 577 18.
652 521 765 575 Vox
801 522 1012 575 Domini
1041 523 1394 592 praeparantis
1426 536 1617 577 cervos
1644 541 1655 575 :

2200 515 2285 568 18.
2313 514 2466 585 Φωνὴ
2497 515 2701 586 Κυρίου
2736 511 3171 583 καταρτιζομένη
3209 511 3437 580 ἐλάφους
3458 528 3474 544 ο

530 614 614 669 19.
647 614 711 666 Ει
738 614 997 667 revelabit
1018 614 1311 668 condensa.

2200 608 2284 661 19.
2321 608 2429 659 Kal.
2463 605 2803 675 ἀποκαλύψει
2834 605 3090 676 δρυμούς.

526 704 617 756 20.
650 702 713 756 Et
745 704 797 755 in
828 704 1027 773 templo
1050 703 1168 773 ejus
1203 719 1394 758 onmes
1425 704 1609 758 dicent
1634 704 1885 775 gloriam.

2199 700 2291 755 20.
2314 700 2424 751 Καὶ
2454 701 2509 753 έν
2531 698 2607 769 τῷ
2634 698 2746 769 ναῷ
2778 696 2942 750 αὐτοῦ
2970 698 3076 761 πᾶς
3108 714 3189 760 τις
3208 696 3354 765 λέγει
3379 694 3556 760 δόξαν.

526 795 615 847 21.
650 794 916 850 Dominus
949 796 1213 850 diluvium
1250 796 1556 851 inhabitare
1578 795 1777 851 faciet:

2199 790 2287 847 2|.
2309 790 2510 860 Κύριος
2530 790 2620 842 τὸν
2647 787 3028 859 κατακλυσμὸν
3053 790 3346 840 κατοικιεῖ·

524 885 616 938 22.
648 884 712 938 Et
744 886 951 940 sedebit
985 885 1249 942 Dominus
1280 902 1375 939 rex
1406 887 1459 941 in
1490 894 1773 940 aeternum.

2202 883 2291 936 22.
2324 884 2432 936 Καὶ
2464 882 2732 936 καθιεῖται
2758 879 2959 951 Κύριος
2983 879 3234 950 βασιλεὺς
3263 881 3345 943 εἰς
3387 879 3479 932 τὸν
3510 878 3704 932 αἰῶνι..

523 974 616 1028 25.
660 973 921 1029 Dominus
947 976 1199 1030 virtutem
1223 975 1421 1044 populo
1455 989 1555 1029 suo
1579 975 1754 1037 dabit,

2196 976 2291 1030 25.
2322 974 2525 1045 Κύριος
2549 975 2700 1044 ἰσχὺν
2733 972 2810 1042 τῷ
2841 972 2956 1042 λαῷ
2994 972 3157 1024 αὑτοῦ
3187 971 3383 1034 δώσει,

526 1068 617 1121 24.
650 1067 913 1123 Dominus
946 1068 1227 1123 benedicet
1257 1067 1456 1136 populo
1487 1080 1588 1120 suo
1618 1066 1672 1118 in
1706 1080 1858 1136 pace.

2196 1066 2287 1121 24.
2319 1066 2522 1138 Κύριος
2552 1065 2833 1135 εύλογήσει
2865 1064 2955 1115 τὸν
2989 1063 3114 1116 λαὸν
3135 1064 3299 1116 αὐτοῦ
3328 1065 3385 1115 ὲν
3419 1063 3630 1135 εἰρήνῃ.

524 1179 590 1234 1η
616 1180 792 1249 ﬁnem.
831 1178 1080 1233 Psalmus
1107 1179 1300 1232 cantici
1329 1179 1385 1230 in
1407 1176 1739 1231 dedicatione
1766 1178 1953 1231 domus

2190 1181 2297 1247 Εἰς
2328 1179 2393 1232 τὸ
2425 1178 2622 1244 τέλος,
2661 1175 2904 1245 ψαλμός
2928 1174 3088 1243 ᾠδῆς
3109 1175 3215 1228 τοῦ
3244 1171 3634 1243 ἐγκαινισμοῦ

906 1272 1095 1325 David.
1129 1269 1332 1325 PSAL.
1361 1268 1582 1323 XXIX.

2460 1269 2567 1321 τοῦ
2589 1267 2759 1320 οἴκου
2782 1266 2977 1319 Δαϐίδ.
3022 1268 3196 1321 ΨΑΛ.
3222 1268 3350 1319 KQ’.

531 1390 582 1442 1.
612 1387 873 1441 Exaltabo
908 1394 981 1452 te,
1006 1384 1254 1450 Domine,
1284 1362 1549 1453 quoniam.
1576 1383 1863 1452 suscepisti
1896 1397 1983 1436 me
2009 1400 2023 1436 :

1896 1397 1983 1436 me
2009 1400 2023 1436 :
2203 1382 2252 1436 1.
2298 1379 2526 1450 ’Υψώσω
2567 1398 2647 1445 σε,
2677 1379 2873 1452 Κύριε,
2906 1379 2988 1431 ὅτι
3017 1377 3283 1441 ὑπέλαϐές
3313 1394 3381 1448 με
3408 1394 3420 1407 ο

524 1480 581 1535 9..
611 1478 720 1533 Nec
752 1477 1031 1534 delectasti
1065 1474 1315 1529 inimicos
1343 1489 1492 1528 meos
1528 1489 1692 1542 super
1720 1489 1825 1527 me.

2199 1475 2250 1527 2.
2285 1475 2394 1526 Καὶ
2423 1472 2521 1526 οὐκ
2550 1472 2825 1543 εὔφρανας
2851 1472 2977 1535 τοὺς
2996 1470 3223 1541 ἐχθρούς
3254 1487 3356 1541 μου
3384 1471 3471 1522 ἐπ’
3507 1469 3627 1540 ὲμέ.

529 1571 583 1624 5.
615 1570 840 1624 Domine
889 1568 1033 1623 Deus
1078 1581 1254 1633 meus,
1285 1566 1515 1620 clamavi
1555 1564 1622 1619 ad
1654 1573 1724 1631 te,
1771 1574 1826 1619 et
1869 1579 2028 1619 sana-

2200 1565 2254 1618 5.
2283 1563 2455 1635 Κύριε
2476 1566 2504 1616 ὁ
2532 1562 2662 1626 Θεὸς
2689 1580 2811 1633 μου,
2848 1560 3122 1633 ἐκέκραξα
3146 1561 3282 1631 πρὸς
3313 1560 3395 1626 σὲ,
3436 1560 3530 1613 καὶ
3567 1560 3707 1613 ἰάσω

459 1662 528 1715 sti
556 1677 664 1715 me.

2134 1674 2220 1728 με.

530 1756 582 1809 4.
616 1754 865 1818 Domine,
895 1750 1128 1809 eduxisti
1162 1751 1229 1805 ab
1258 1748 1473 1804 inferno
1503 1748 1739 1803 animam
1772 1762 1945 1801 meam
1977 1766 1988 1799 :
2059 1776 2061 1827 ἶ

2059 1774 2102 1830 Β
2199 1748 2254 1802 4.
2282 1747 2476 1817 Κύριε,
2505 1746 2779 1817 ἀνήγαγες
2804 1743 2864 1809 ἐξ
2890 1745 3015 1816 ᾇδου
3053 1743 3149 1814 τὴν
3170 1743 3346 1813 ψυχήν
3382 1759 3487 1811 μου
3509 1758 3521 1771 ·

530 1846 582 1899 5.
624 1844 852 1900 Salvasti
880 1860 967 1899 me
997 1860 1025 1898 a
1065 1842 1522 1899 descendentibus
1546 1841 1598 1895 in
1633 1841 1833 1895 lacum.

2200 1838 2251 1891 5.
2287 1838 2535 1901 Ἔσωσάς
2563 1854 2629 1907 με
2646 1839 2753 1889 ἀπὸ
2780 1836 2889 1889 τῶν
2915 1835 3347 1889 καταϐαινόντων
3364 1835 3443 1897 εἰς
3476 1833 3706 1888 λάκκον.

532 1936 584 1989 6.
621 1935 835 1989 Psallite
862 1934 1111 1994 Domino,
1144 1933 1316 1986 sancti
1352 1932 1515 2001 ejus;

2198 1929 2252 1983 6.
2292 1930 2513 1982 Ψάλατε
2540 1928 2619 1998 τῷ
2651 1928 2862 1999 Κυρίῳ,
2902 1930 2950 1980 οἱ
2980 1928 3113 1980 ὅσιοι
3147 1925 3312 1980 αὑτοῦ
3335 1942 3346 1954 ·

531 2023 581 2077 7.
615 2023 677 2078 Et
716 2022 1047 2079 conﬁtemini
1090 2022 1367 2076 memoriae
1406 2017 1777 2092 [memoriam]
1830 2018 2027 2072 sancti-

2195 2022 2249 2074 7.
2282 2023 2391 2075 Ka‘t
2416 2019 2821 2090 ἐξομολογεῖσθε
2844 2022 2907 2091 τῇ
2938 2020 3125 2090 μνήμῃ
3158 2017 3287 2090 [τὴν
3317 2015 3573 2089 μνήμην]
3605 2014 3711 2086 τῆς

452 2115 586 2169 talis
618 2115 741 2186 ejus
771 2134 783 2169 ς

2125 2112 2433 2183 ἁγιωσύνης
2468 2112 2656 2167 αὐτοῦ.
3026 2100 3028 2104 ’

1576 2268 1948 2326 ATHANASII
1986 2267 2573 2325 INTERPRETATIO.

524 2438 617 2492 ‘17.
671 2435 847 2492 Cades
903 2434 1291 2503 interpretatur
1349 2408 1701 2485 illuminata
1765 2428 2031 2482 mundum

2224 2427 2309 2481 17.
2339 2426 2527 2497 Κάδης
2551 2424 2909 2498 ἑρμηνεύεται
2932 2424 3336 2493 διηλλαγμένη
3356 2423 3432 2495 (1)
3453 2441 3467 2455 ⁸
3494 2425 3585 2478 τὸν
3616 2425 3707 2479 κό-

456 2530 624 2599 igitur
652 2528 1139 2600 signiﬁcat,quem
1177 2525 1455 2579 transtulit
1505 2523 1560 2576 in
1608 2522 1693 2577 sui
1720 2521 1894 2590 ipsius
1940 2536 1987 2576 ο(

2172 2535 2266 2590 μον
2295 2514 2387 2572 οὖν
2417 2518 2597 2587 λέγει,
2627 2518 2684 2571 ὃν
2721 2516 3013 2588 μετέϐαλεν
3042 2518 3119 2579 εἰς
3150 2517 3444 2583 ἐπίγνωσιν
3482 2518 3703 2572 ἑαυτοῦ.

458 2621 779 2690 gnitionetn.

533 2709 621 2764 18,
652 2709 967 2779 Αροςιοιοε,
2202 2694 2290 2749 18.
2314 2695 2452 2758 Τοὺς
2470 2694 2819 2759 ἀποστόλους.

532 2802 620 2856 19.
656 2802 856 2858 Gentes
883 2802 1176 2872 signiﬁcat.

2198 2785 2287 2837 19.
2319 2783 2402 2836 Τὰ
2443 2784 2569 2855 ἔθνη
2604 2784 2770 2851 λέγει.

525 2893 617 2947 20.
656 2892 722 2947 Et
748 2908 939 2949 omnes
968 2894 1022 2947 in
1053 2894 1173 2963 ejus
1206 2894 1407 2964 templo
1429 2892 1814 2967 gloriﬁcabunt
1837 2905 1985 2946 eum.

2195 2874 2284 2928 20.
2310 2876 2418 2929 Καὶ
2445 2876 2644 2938 πάντες
2665 2878 2722 2929 ὲν
2745 2876 2824 2945 τῷ
2852 2874 2964 2947 ναῷ
2989 2874 3151 2930 αὑτοῦ
3171 2874 3483 2944 δοξάσουσιν
3520 2877 3706 2936 αὐτόν.

526 2986 617 3039 21.
648 2983 987 3054 Baptismum
1020 2986 1311 3056 signiﬁcat.

2198 2967 2288 3021 2|.
2326 2968 2398 3019 Τὸ
2423 2967 2705 3038 βάπτισμα
2742 2968 2914 3036 λέγει.

526 3078 615 3130 22.
651 3077 705 3130 In
730 3078 869 3131 caelo
892 3087 945 3132 et
974 3078 1027 3132 in
1054 3087 1223 3133 terra.
1274 3108 1277 3111 -

2144 3062 2145 3065 “
2197 3058 2289 3112 22.
2339 3060 2426 3111 Ἐν
2450 3058 2526 3128 τῷ
2554 3059 2767 3130 οὐρανῷ
2798 3060 2891 3113 καὶ
2915 3061 2972 3112 ὲν
3000 3063 3066 3131 τῇ
3095 3064 3187 3132 γῇ.

524 3169 615 3221 25.
645 3167 909 3235 Spiritum
937 3180 1187 3224 sanctum
1218 3170 1506 3241 signiﬁcat.

2200 3149 2290 3204 23.
2328 3149 2401 3201 Τὸ
2428 3149 2651 3219 Πνεῦμα
2685 3150 2745 3202 τὸ
2773 3151 2925 3219 ἅγιον
2948 3150 3116 3219 λέγει.

524 3256 614 3309 24.
654 3255 814 3312 Pater
849 3258 902 3311 in
931 3243 1070 3314 Filio
1101 3275 1202 3314 suo
1230 3240 1480 3314 ﬁdelibus
1513 3256 1816 3313 benedicet.

2201 3240 2292 3293 24.
2337 3241 2395 3293 '0
2418 3240 2605 3311 Πατὴρ
2633 3244 2689 3294 ἐν
2721 3241 2796 3311 τῷ
2826 3242 2939 3312 Υἱῴ
2964 3241 3127 3295 αὐτοῦ
3145 3241 3427 3313 εὐλογήσει
3456 3244 3587 3306 τοὺς
3620 3260 3719 3297 πι-

2136 3330 2317 3394 στούς.

538 3471 603 3523 Ἦ
654 3473 988 3543 προκειμένη
1044 3475 1323 3545 ἐπιγραφὴ
1384 3474 1661 3545 περιέχει·
1713 3475 1818 3538 Εἰς
1843 3471 1908 3525 τὸ
1942 3471 2135 3537 τέλος,
2194 3469 2437 3539 ψαλμός
2478 3468 2639 3539 ᾠδῆς
2683 3470 2789 3523 τοῦ
2840 3470 3229 3541 ἐγκαινισμοῦ
3258 3470 3365 3525 τοῦ
3393 3472 3565 3527 οἴκου
3598 3471 3717 3529 τοῦ

454 3565 650 3620 Δαϐίδ.
690 3565 858 3619 Τοῦτο
881 3563 973 3620 οὖν
997 3568 1142 3637 λέγει
1169 3586 1181 3602 ·
1226 3571 1285 3623 Ὀ
1313 3570 1523 3640 ψαλμὸς
1558 3571 1656 3640 τῆς
1691 3570 1834 3640 ᾠδῆς
1871 3567 2075 3639 ταύτης
2100 3568 2333 3637 εἴρηται,
2369 3567 2556 3642 ἐπειδὴ
2583 3568 2661 3629 εἰς
2693 3567 2754 3619 τὸ
2779 3567 2929 3632 τέλος
2956 3569 3052 3621 τοῦ
3094 3568 3286 3632 αἰῶνος
3331 3572 3711 3642 καινοποιήσει

453 3662 581 3724 τοὺς
609 3662 831 3724 πιστοὺς
864 3662 1071 3727 πάντας
1089 3667 1117 3717 ὁ
1140 3664 1364 3736 Κύριος,
1401 3666 1637 3728 ἀναστὰς
1668 3666 1732 3717 ἐκ
1757 3662 1968 3735 νεκρῶν
1988 3679 2002 3693 °
2033 3659 2179 3725 οἶκος
2208 3662 2317 3733 γὰρ
2343 3660 2506 3714 αὐτοῦ
2540 3664 2699 3731 ἡμεῖς
2716 3664 2901 3732 ἐσμεν,
2940 3662 3119 3726 καθὼς
3158 3662 3306 3717 εἶπεν
3328 3680 3341 3692 ·
3376 3666 3711 3732 Ἐνοικήσω

454 3753 524 3804 ἐν
546 3748 706 3815 αὐτῷ
738 3750 837 3803 καὶ
868 3752 1349 3824 ἐμπεριπατήσω,
1373 3758 1466 3810 καὶ
1493 3758 1572 3810 ὅτι
1601 3756 1698 3828 τὴν
1731 3753 2004 3825 βασιλείαν
2028 3753 2189 3807 αὐτοῦ
2224 3754 2433 3821 εἰσάγει
2462 3752 2658 3817 αὐτούς
2698 3753 2796 3823 (2).

527 3867 742 3922 Titulus
769 3873 1089 3937 praepositus
1117 3874 1388 3928 continet:
1410 3873 1476 3926 In
1507 3875 1660 3942 ﬁnem
1682 3872 1918 3941 psalmus
1940 3871 2135 3924 cantici
2166 3872 2221 3923 in
2242 3868 2717 3933 dedicatione/seu
2741 3871 3114 3937 renovatione,
3142 3873 3329 3926 domus
3363 3873 3557 3927 David.
3582 3871 3711 3931 Hoc

456 3962 621 4032 igitur
660 3968 967 4039 signiﬁcat:
1002 3964 1252 4020 Psalmus
1292 3966 1489 4020 cantici
1530 3967 1693 4035 hujus
1736 3968 1915 4020 dictus
1957 3973 2059 4029 est,
2096 3964 2225 4033 quia
2257 3964 2310 4016 in
2344 3964 2525 4017 saeculi
2556 3963 2662 4017 {ine
2692 3962 2957 4018 Dominus
3006 3967 3286 4019 renovabit
3325 3982 3516 4022 omnes
3562 3966 3706 4023 ﬁ'de-

454 4058 554 4122 les,
598 4061 941 4115 exsuscitans
986 4073 1081 4113 eos
1108 4075 1137 4112 a
1174 4061 1423 4114 mortuis.
1457 4059 1659 4115 Domus
1694 4061 1839 4114 enim
1870 4060 1989 4126 ejus
2034 4074 2133 4111 nos
2174 4074 2387 4122 sumus,
2440 4058 2902 4128 quemadmodum
2932 4060 3110 4115 dixit:
3159 4060 3477 4116 Inhabitabo
3514 4065 3569 4118 in
3616 4082 3704 4132 eo,

451 4165 498 4206 et
523 4156 859 4209 inambulabo
882 4156 951 4221 ⁵⁸,
979 4164 1034 4211 et
1070 4156 1330 4225 quoniam
1364 4156 1419 4209 in
1445 4171 1672 4225 regnum
1702 4172 1859 4211 suum
1895 4154 2211 4209 introducet
2236 4169 2355 4208 eos.

523 4271 575 4323 1.
609 4269 933 4325 Gloriﬁcabo
953 4279 1024 4334 te,
1048 4267 1297 4333 Domine,
1328 4271 1590 4339 quoniam
1615 4271 1984 4325 restaurabor.
2043 4273 2054 4327 l

2043 4273 2087 4327 D
2186 4268 2239 4322 1.
2272 4268 2489 4333 Δοξάσω
2524 4287 2603 4332 σε,
2635 4270 2830 4342 Κύριε,
2870 4272 2951 4324 ὅτι
2990 4272 3390 4332 ἁνακαλέςομαι
3426 4274 3523 4343 (5).

404 4354 411 4361 ’
520 4365 573 4418 ‘2.
611 4364 928 4419 Contrarias
958 4372 1277 4432 potestates.

2190 4358 2244 4412 2.
2279 4359 2388 4422 Τὰς
2410 4361 2657 4424 ἐναντίας
2686 4362 2961 4432 δυνάμεις.

522 4455 574 4506 5.
610 4452 687 4507 Ex
718 4452 883 4507 corde
912 4467 1031 4506 meo
1058 4452 1309 4507 clamavi.

2193 4451 2246 4504 5.
2296 4452 2389 4504 Ἐκ
2414 4453 2515 4522 τῆς
2546 4454 2773 4524 καρδίας
2797 4472 2896 4524 μου
2925 4453 3216 4525 ἐκέκραξα.

518 4544 573 4596 4.
600 4542 643 4595 Ε
683 4552 929 4612 peccato.

2196 4545 2229 4598 4
2290 4546 2383 4599 Ἐκ
2403 4548 2502 4617 τῆς
2530 4550 2806 4619 ἁμαρτίας
2834 4550 2927 4619 (4).

524 4634 575 4686 5.
605 4633 651 4685 Α
683 4633 1044 4688 daemonibus.

2194 4636 2246 4689 5.
2283 4638 2401 4690 Τῶν
2430 4639 2716 4709 δαιμόνων.

519 4721 571 4774 6.
607 4720 789 4775 Mundi
816 4722 998 4778 corde.

2192 4726 2243 4780 6.
2283 4730 2344 4781 Ol
2382 4730 2456 4799 (5)
2489 4730 2720 4800 καθαροὶ
2752 4734 2817 4802 τῇ
2851 4732 3066 4803 καρδίᾳ.

521 4813 572 4866 7.
596 4812 733 4867 Cum
764 4828 859 4868 vos
894 4812 1108 4868 Domini
1133 4812 1507 4876 memineritis,
1534 4812 1834 4883 gloriﬁcate
1857 4830 2004 4869 eum.

2194 4818 2247 4872 7.
2293 4820 2379 4871 Ἐν
2404 4819 2479 4889 τῷ
2521 4822 2877 4892 μνημονεύειν
2898 4823 3042 4895 ὑμᾶς
3067 4823 3159 4876 τοῦ
3182 4824 3408 4896 Κυρίου,
3438 4824 3710 4890 δοξάσατε

2124 4907 2307 4964 αὐτόν.

520 5064 565 5095 ⁶²
593 5059 636 5115 ll
668 5061 794 5117 Cor.
838 5078 912 5130 vr,
947 5062 1035 5117 16.

1394 5218 1694 5279 Addenda
1742 5225 1801 5281 et
1831 5219 2203 5297 corrigenda
2237 5238 2315 5282 ex
2363 5222 2504 5283 cod.
2538 5222 2737 5285 Vatic.

519 5384 591 5467 (1)
627 5383 1203 5467 ’.ῌγδιηιλλαγμένηςω
1622 5455 1647 5467 _
1698 5457 1709 5467 Δ
1768 5456 1845 5467 _._
1944 5466 1947 5467 ν
2115 5390 2992 5467 λείαναὐτοῦεἰσαγάγειαῦτούς.

520 5457 594 5522 (2)
634 5455 831 5528 Ἦᾴδιὰλ
851 5454 957 5528 τῆς
985 5454 1355 5528 κινναϐάρεως
1383 5471 1530 5528 ἔπερ.
1578 5455 1657 5525 τῷ
1684 5456 1867 5519 Δαϐἰδ,
1901 5466 2006 5511 etc.

1450 5471 1530 5521 ερ.
1578 5455 1657 5525 τῷ
1684 5456 1867 5519 Δαόἰδ,
1901 5466 2006 5511 etc.
2190 5463 2265 5528 (5)
2298 5462 2415 5513 Ὅτι
2438 5463 2536 5516 ἀν.
2569 5454 2833 5517 (lesunttn
2857 5454 2977 5518 cod.

520 5466 594 5522 (ιι)
634 5466 698 5507 ‘ﬂ
736 5466 823 5508 δια
851 5473 949 5525 της
985 5466 1355 5525 κινναϋᾱρεως
1407 5471 1530 5521 περ.
1578 5466 1657 5525 τῳ
1684 5466 1867 5519 Δαόἱδ,
1901 5466 2006 5511 etc.
2190 5466 2244 5528 (5
2298 5466 2415 5513 Ὅτι
2438 5466 2536 5516 ἀν.
2569 5470 2764 5517 desunt

447 5525 670 5606 Εἴρηται
709 5524 873 5609 δὲὶείς
898 5526 1204 5609 ιξξχτέλοςη
1229 5526 1751 5609 θιακέκαινοποίησε
1801 5528 2008 5591 πάντας
2292 5531 2615 5609 εξᾼμαρτίας.
2650 5549 2772 5609 μου.

444 5590 579 5685 τρῦε
602 5595 824 5685 πιστούς
851 5596 879 5646 ὁ
904 5594 1129 5685 βύῖριος,
1158 5602 1263 5685 (lite.
1286 5635 1301 5658 ,
1334 5590 1478 5685 οἶκος
1507 5595 1613 5677 γὰρ
1655 5590 1975 5685 1500130920“

1571 5612 1613 5666 ερ
1655 5590 1883 5685 τούτουη)
1897 5590 2003 5649 ctc.
2187 5590 2263 5655 ἰδ’)
2292 5590 2513 5657 Ψάλατε
2546 5590 2625 5671 τῷ
2650 5590 2869 5677 Κυρίω,
2902 5604 2971 5667 οἱ,
3000 5614 3102 5659 etc.

474 5665 751 5734 Ενοικήσω
779 5665 836 5719 ὲν
859 5664 1057 5731 αὐτοῖς,
1090 5664 1198 5730 καί,
1224 5673 1351 5731 ctc.,
1388 5666 1479 5717 καὶ
1515 5664 1595 5717 ὅτι
1627 5667 1706 5728 εἰς
1735 5667 1833 5738 τὴν
1857 5665 2007 5735 βασι-
