  <div class='ocr_page' id='page_1' title='image "/cluster/home/n/w/nwhite01/storage/ocr_20150623/27/nnc1.0046978631/390.png"; bbox 0 0 3878 6218; ppageno 0'>
   <div class='ocr_carea' id='block_1_1' title="bbox 192 326 3463 417">
    <p class='ocr_par' dir='ltr' id='par_1_1' title="bbox 192 326 3463 417">
     <span class='ocr_line' id='line_1_1' title="bbox 192 326 3463 417; baseline -0.009 -2"><span class='ocrx_word' id='word_1_1' title='bbox 192 360 318 417; x_wconf 74' lang='grc'><strong>755</strong></span> <span class='ocrx_word' id='word_1_2' title='bbox 1096 345 1188 401; x_wconf 85' lang='lat' dir='ltr'><strong>DE</strong></span> <span class='ocrx_word' id='word_1_3' title='bbox 1224 344 1503 403; x_wconf 87' lang='lat' dir='ltr'><strong>TlTULlS</strong></span> <span class='ocrx_word' id='word_1_4' title='bbox 1541 341 1995 399; x_wconf 80' lang='lat' dir='ltr'><strong>PSALMORUM.</strong></span> <span class='ocrx_word' id='word_1_5' title='bbox 2040 372 2107 381; x_wconf 90' lang='lat'>—</span> <span class='ocrx_word' id='word_1_6' title='bbox 2150 337 2348 394; x_wconf 87' lang='lat' dir='ltr'><strong>PSAL.</strong></span> <span class='ocrx_word' id='word_1_7' title='bbox 2389 333 2581 389; x_wconf 77' lang='lat' dir='ltr'><strong>XXIX.</strong></span> <span class='ocrx_word' id='word_1_8' title='bbox 3358 326 3463 384; x_wconf 71' lang='grc'><strong>754</strong></span> 
     </span>
    </p>
   </div>
   <div class='ocr_carea' id='block_1_2' title="bbox 279 442 1810 538">
    <p class='ocr_par' dir='ltr' id='par_1_2' title="bbox 279 458 1260 538">
     <span class='ocr_line' id='line_1_2' title="bbox 279 458 1260 538; baseline -0.015 -12"><span class='ocrx_word' id='word_1_9' title='bbox 279 470 336 527; x_wconf 85' lang='lat'><strong>8.</strong></span> <span class='ocrx_word' id='word_1_10' title='bbox 363 470 485 522; x_wconf 82' lang='grc' dir='ltr'><strong>Ὅτι</strong></span> <span class='ocrx_word' id='word_1_11' title='bbox 516 465 656 538; x_wconf 82' lang='grc' dir='ltr'>ὀργὴ</span> <span class='ocrx_word' id='word_1_12' title='bbox 681 467 737 518; x_wconf 82' lang='grc' dir='ltr'>ἐν</span> <span class='ocrx_word' id='word_1_13' title='bbox 758 462 835 532; x_wconf 80' lang='grc' dir='ltr'><strong>τῷ</strong></span> <span class='ocrx_word' id='word_1_14' title='bbox 866 458 1022 532; x_wconf 84' lang='grc' dir='ltr'>θυμῷ</span> <span class='ocrx_word' id='word_1_15' title='bbox 1060 458 1224 512; x_wconf 80' lang='grc' dir='ltr'>αὐτοῦ</span> <span class='ocrx_word' id='word_1_16' title='bbox 1246 497 1260 523; x_wconf 87' lang='grc'><em>,</em></span> 
     </span>
    </p>
   </div>
   <div class='ocr_carea' id='block_1_3' title="bbox 1589 442 3120 538">
    <p class='ocr_par' dir='ltr' id='par_1_3' title="bbox 1818 442 3120 519">
     <span class='ocr_line' id='line_1_3' title="bbox 1818 442 3120 519; baseline -0.012 -6"><span class='ocrx_word' id='word_1_17' title='bbox 1818 460 1863 514; x_wconf 79' lang='grc' dir='ltr'><strong>Α</strong></span> <span class='ocrx_word' id='word_1_18' title='bbox 1960 455 2015 509; x_wconf 89' lang='grc'><strong>8.</strong></span> <span class='ocrx_word' id='word_1_19' title='bbox 2055 452 2327 519; x_wconf 83' lang='lat' dir='ltr'><strong>Quoniam</strong></span> <span class='ocrx_word' id='word_1_20' title='bbox 2361 450 2443 502; x_wconf 89' lang='lat' dir='ltr'><strong>ira</strong></span> <span class='ocrx_word' id='word_1_21' title='bbox 2474 448 2527 501; x_wconf 93' lang='lat' dir='ltr'><strong>in</strong></span> <span class='ocrx_word' id='word_1_22' title='bbox 2560 442 2935 516; x_wconf 81' lang='lat' dir='ltr'><strong>indignatione</strong></span> <span class='ocrx_word' id='word_1_23' title='bbox 2961 442 3077 513; x_wconf 86' lang='lat' dir='ltr'><strong>ejus</strong></span> <span class='ocrx_word' id='word_1_24' title='bbox 3104 460 3120 508; x_wconf 91' lang='lat'><strong>;</strong></span> 
     </span>
    </p>
   </div>
   <div class='ocr_carea' id='block_1_4' title="bbox 278 537 1809 627">
    <p class='ocr_par' dir='ltr' id='par_1_4' title="bbox 278 537 1329 627">
     <span class='ocr_line' id='line_1_4' title="bbox 278 537 1329 627; baseline -0.01 -13"><span class='ocrx_word' id='word_1_25' title='bbox 278 560 334 615; x_wconf 89' lang='lat'><strong>9.</strong></span> <span class='ocrx_word' id='word_1_26' title='bbox 366 559 476 612; x_wconf 80' lang='lat' dir='ltr'><strong>Kal.</strong></span> <span class='ocrx_word' id='word_1_27' title='bbox 509 537 624 627; x_wconf 75' lang='grc' dir='ltr'><strong>ζῴὴ</strong></span> <span class='ocrx_word' id='word_1_28' title='bbox 659 557 717 607; x_wconf 82' lang='grc' dir='ltr'>ὲν</span> <span class='ocrx_word' id='word_1_29' title='bbox 748 553 826 624; x_wconf 80' lang='grc' dir='ltr'><strong>τῷ</strong></span> <span class='ocrx_word' id='word_1_30' title='bbox 855 551 1121 621; x_wconf 81' lang='grc' dir='ltr'><strong>θελήματι</strong></span> <span class='ocrx_word' id='word_1_31' title='bbox 1144 548 1329 604; x_wconf 80' lang='grc' dir='ltr'>αὐτοῦ.</span> 
     </span>
    </p>
   </div>
   <div class='ocr_carea' id='block_1_5' title="bbox 1288 537 2819 627">
    <p class='ocr_par' dir='ltr' id='par_1_5' title="bbox 1288 537 2819 605">
     <span class='ocr_line' id='line_1_5' title="bbox 1288 537 2819 605; baseline -0.008 -3"><span class='ocrx_word' id='word_1_32' title='bbox 1288 548 1329 604; x_wconf 79' lang='grc'><strong>5.</strong></span> <span class='ocrx_word' id='word_1_33' title='bbox 1961 547 2011 601; x_wconf 82' lang='lat'><strong>9.</strong></span> <span class='ocrx_word' id='word_1_34' title='bbox 2046 545 2112 599; x_wconf 87' lang='lat' dir='ltr'><strong>Et</strong></span> <span class='ocrx_word' id='word_1_35' title='bbox 2136 544 2245 597; x_wconf 91' lang='lat' dir='ltr'><strong>vita</strong></span> <span class='ocrx_word' id='word_1_36' title='bbox 2273 542 2328 595; x_wconf 92' lang='lat' dir='ltr'><strong>in</strong></span> <span class='ocrx_word' id='word_1_37' title='bbox 2360 540 2639 594; x_wconf 75' lang='lat' dir='ltr'><strong>voluntate</strong></span> <span class='ocrx_word' id='word_1_38' title='bbox 2665 537 2782 605; x_wconf 86' lang='lat' dir='ltr'><strong>ejus</strong></span> <span class='ocrx_word' id='word_1_39' title='bbox 2807 552 2819 589; x_wconf 92' lang='lat'><strong>:</strong></span> 
     </span>
    </p>
   </div>
   <div class='ocr_carea' id='block_1_6' title="bbox 284 627 1815 716">
    <p class='ocr_par' dir='ltr' id='par_1_6' title="bbox 284 640 1491 716">
     <span class='ocr_line' id='line_1_6' title="bbox 284 640 1491 716; baseline -0.007 -14"><span class='ocrx_word' id='word_1_40' title='bbox 284 648 374 702; x_wconf 87' lang='grc'><strong>10.</strong></span> <span class='ocrx_word' id='word_1_41' title='bbox 407 646 482 700; x_wconf 84' lang='grc' dir='ltr'><strong>Τὸ</strong></span> <span class='ocrx_word' id='word_1_42' title='bbox 504 645 745 716; x_wconf 77' lang='grc' dir='ltr'>ἑσπέρας</span> <span class='ocrx_word' id='word_1_43' title='bbox 775 643 1160 714; x_wconf 81' lang='grc' dir='ltr'>αὐλισθήσεται</span> <span class='ocrx_word' id='word_1_44' title='bbox 1192 640 1491 710; x_wconf 83' lang='grc' dir='ltr'>κλαυθμὸς,</span> 
     </span>
    </p>
   </div>
   <div class='ocr_carea' id='block_1_7' title="bbox 1584 627 3115 716">
    <p class='ocr_par' dir='ltr' id='par_1_7' title="bbox 1967 627 3115 704">
     <span class='ocr_line' id='line_1_7' title="bbox 1967 627 3115 704; baseline -0.012 -11"><span class='ocrx_word' id='word_1_45' title='bbox 1967 640 2055 693; x_wconf 91' lang='grc'><strong>10.</strong></span> <span class='ocrx_word' id='word_1_46' title='bbox 2088 638 2170 690; x_wconf 86' lang='lat' dir='ltr'><strong>Ad</strong></span> <span class='ocrx_word' id='word_1_47' title='bbox 2203 647 2493 704; x_wconf 84' lang='lat' dir='ltr'><strong>vesperum</strong></span> <span class='ocrx_word' id='word_1_48' title='bbox 2521 628 2898 685; x_wconf 82' lang='lat' dir='ltr'><strong>demorabitur</strong></span> <span class='ocrx_word' id='word_1_49' title='bbox 2923 627 3079 681; x_wconf 89' lang='lat' dir='ltr'><strong>ﬁetus</strong></span> <span class='ocrx_word' id='word_1_50' title='bbox 3104 643 3115 679; x_wconf 93' lang='lat'><strong>:</strong></span> 
     </span>
    </p>
   </div>
   <div class='ocr_carea' id='block_1_8' title="bbox 282 719 1813 806">
    <p class='ocr_par' dir='ltr' id='par_1_8' title="bbox 282 732 1252 806">
     <span class='ocr_line' id='line_1_8' title="bbox 282 732 1252 806; baseline -0.009 -13"><span class='ocrx_word' id='word_1_51' title='bbox 282 740 372 793; x_wconf 90' lang='grc'><strong>11.</strong></span> <span class='ocrx_word' id='word_1_52' title='bbox 410 740 519 791; x_wconf 70' lang='grc' dir='ltr'><strong>Καὶ</strong></span> <span class='ocrx_word' id='word_1_53' title='bbox 551 740 632 800; x_wconf 89' lang='grc' dir='ltr'><strong>εἰς</strong></span> <span class='ocrx_word' id='word_1_54' title='bbox 662 736 720 788; x_wconf 85' lang='grc' dir='ltr'><strong>τὸ</strong></span> <span class='ocrx_word' id='word_1_55' title='bbox 746 734 891 806; x_wconf 71' lang='grc' dir='ltr'>πρωὶ</span> <span class='ocrx_word' id='word_1_56' title='bbox 912 732 1252 801; x_wconf 81' lang='grc' dir='ltr'><strong>ἀγαλλίασις.</strong></span> 
     </span>
    </p>
   </div>
   <div class='ocr_carea' id='block_1_9' title="bbox 1305 719 2836 806">
    <p class='ocr_par' dir='ltr' id='par_1_9' title="bbox 1962 719 2836 785">
     <span class='ocr_line' id='line_1_9' title="bbox 1962 719 2836 785; baseline -0.016 0"><span class='ocrx_word' id='word_1_57' title='bbox 1962 733 2049 785; x_wconf 89' lang='grc'><strong>11.</strong></span> <span class='ocrx_word' id='word_1_58' title='bbox 2085 729 2150 783; x_wconf 83' lang='grc' dir='ltr'>Ει</span> <span class='ocrx_word' id='word_1_59' title='bbox 2180 728 2243 782; x_wconf 92' lang='lat' dir='ltr'><strong>ad</strong></span> <span class='ocrx_word' id='word_1_60' title='bbox 2276 723 2606 780; x_wconf 89' lang='lat' dir='ltr'><strong>matutinum</strong></span> <span class='ocrx_word' id='word_1_61' title='bbox 2633 719 2836 774; x_wconf 66' lang='lat' dir='ltr'><strong>laetitia.</strong></span> 
     </span>
    </p>
   </div>
   <div class='ocr_carea' id='block_1_10' title="bbox 285 788 1816 898">
    <p class='ocr_par' dir='ltr' id='par_1_10' title="bbox 285 788 1790 898">
     <span class='ocr_line' id='line_1_10' title="bbox 285 788 1790 898; baseline -0.009 -13"><span class='ocrx_word' id='word_1_62' title='bbox 285 832 373 885; x_wconf 83' lang='grc'><strong>12.</strong></span> <span class='ocrx_word' id='word_1_63' title='bbox 413 788 645 898; x_wconf 25' lang='grc' dir='ltr'>Ἐγιῦ*</span> <span class='ocrx_word' id='word_1_64' title='bbox 666 788 801 880; x_wconf 63' lang='grc' dir='ltr'>εἶπα</span> <span class='ocrx_word' id='word_1_65' title='bbox 842 829 900 881; x_wconf 85' lang='grc' dir='ltr'><strong>ὲν</strong></span> <span class='ocrx_word' id='word_1_66' title='bbox 931 788 996 897; x_wconf 61' lang='lat' dir='ltr'><strong>“cij</strong></span> <span class='ocrx_word' id='word_1_67' title='bbox 1030 788 1256 895; x_wconf 59' lang='grc' dir='ltr'>εὐθηνίοι</span> <span class='ocrx_word' id='word_1_68' title='bbox 1304 839 1435 895; x_wconf 91' lang='grc' dir='ltr'>μου·</span> <span class='ocrx_word' id='word_1_69' title='bbox 1482 823 1556 874; x_wconf 76' lang='grc' dir='ltr'><strong>Οὐ</strong></span> <span class='ocrx_word' id='word_1_70' title='bbox 1590 820 1664 892; x_wconf 85' lang='grc' dir='ltr'><strong>μὴ</strong></span> <span class='ocrx_word' id='word_1_71' title='bbox 1694 837 1790 872; x_wconf 92' lang='grc' dir='ltr'>σα-</span> 
     </span>
    </p>
   </div>
   <div class='ocr_carea' id='block_1_11' title="bbox 1929 788 3460 898">
    <p class='ocr_par' dir='ltr' id='par_1_11' title="bbox 1964 788 3460 888">
     <span class='ocr_line' id='line_1_11' title="bbox 1964 788 3460 888; baseline -0.009 -13"><span class='ocrx_word' id='word_1_72' title='bbox 1964 822 2052 876; x_wconf 83' lang='grc'><strong>12.</strong></span> <span class='ocrx_word' id='word_1_73' title='bbox 2101 819 2214 888; x_wconf 77' lang='lat' dir='ltr'><strong>Ego</strong></span> <span class='ocrx_word' id='word_1_74' title='bbox 2272 826 2453 871; x_wconf 91' lang='lat' dir='ltr'><strong>autem</strong></span> <span class='ocrx_word' id='word_1_75' title='bbox 2495 813 2610 867; x_wconf 83' lang='lat' dir='ltr'><strong>dixi</strong></span> <span class='ocrx_word' id='word_1_76' title='bbox 2658 811 2715 865; x_wconf 90' lang='lat' dir='ltr'><strong>in</strong></span> <span class='ocrx_word' id='word_1_77' title='bbox 2760 808 3094 864; x_wconf 81' lang='lat' dir='ltr'><strong>abundantia</strong></span> <span class='ocrx_word' id='word_1_78' title='bbox 3146 821 3267 887; x_wconf 75' lang='lat' dir='ltr'><strong>mea</strong></span> <span class='ocrx_word' id='word_1_79' title='bbox 3300 788 3460 861; x_wconf 44' lang='lat' dir='ltr'><strong>{Non</strong></span> 
     </span>
    </p>
   </div>
   <div class='ocr_carea' id='block_1_12' title="bbox 194 911 1725 983">
    <p class='ocr_par' dir='ltr' id='par_1_12' title="bbox 194 920 823 983">
     <span class='ocr_line' id='line_1_12' title="bbox 194 920 823 983; baseline -0.005 -7"><span class='ocrx_word' id='word_1_80' title='bbox 194 920 389 976; x_wconf 82' lang='grc' dir='ltr'>λευθῶ</span> <span class='ocrx_word' id='word_1_81' title='bbox 417 923 497 983; x_wconf 84' lang='grc' dir='ltr'><strong>εἰς</strong></span> <span class='ocrx_word' id='word_1_82' title='bbox 514 921 606 973; x_wconf 82' lang='grc' dir='ltr'><strong>τὸν</strong></span> <span class='ocrx_word' id='word_1_83' title='bbox 629 920 823 973; x_wconf 84' lang='grc' dir='ltr'>αἰῶνα.</span> 
     </span>
    </p>
   </div>
   <div class='ocr_carea' id='block_1_13' title="bbox 1018 911 2549 983">
    <p class='ocr_par' dir='ltr' id='par_1_13' title="bbox 1892 911 2549 970">
     <span class='ocr_line' id='line_1_13' title="bbox 1892 911 2549 970; baseline -0.018 0"><span class='ocrx_word' id='word_1_84' title='bbox 1892 918 2154 970; x_wconf 83' lang='lat' dir='ltr'><strong>movehor</strong></span> <span class='ocrx_word' id='word_1_85' title='bbox 2185 911 2239 963; x_wconf 92' lang='lat' dir='ltr'><strong>in</strong></span> <span class='ocrx_word' id='word_1_86' title='bbox 2267 916 2549 962; x_wconf 81' lang='lat' dir='ltr'><strong>aeternum.</strong></span> 
     </span>
    </p>
   </div>
   <div class='ocr_carea' id='block_1_14' title="bbox 282 977 1813 1080">
    <p class='ocr_par' dir='ltr' id='par_1_14' title="bbox 282 977 1791 1080">
     <span class='ocr_line' id='line_1_14' title="bbox 282 977 1791 1080; baseline -0.009 -16"><span class='ocrx_word' id='word_1_87' title='bbox 282 1010 374 1064; x_wconf 79' lang='grc'><strong>15.</strong></span> <span class='ocrx_word' id='word_1_88' title='bbox 413 977 608 1080; x_wconf 65' lang='grc' dir='ltr'>Κυριε,</span> <span class='ocrx_word' id='word_1_89' title='bbox 634 1013 691 1062; x_wconf 83' lang='grc' dir='ltr'><strong>ὲν</strong></span> <span class='ocrx_word' id='word_1_90' title='bbox 718 1008 797 1079; x_wconf 80' lang='grc' dir='ltr'>τῷ</span> <span class='ocrx_word' id='word_1_91' title='bbox 830 1007 1095 1078; x_wconf 87' lang='grc' dir='ltr'>θελήματί</span> <span class='ocrx_word' id='word_1_92' title='bbox 1128 1023 1221 1058; x_wconf 91' lang='grc' dir='ltr'><strong>σου</strong></span> <span class='ocrx_word' id='word_1_93' title='bbox 1252 1003 1525 1075; x_wconf 82' lang='grc' dir='ltr'>παρέσχου</span> <span class='ocrx_word' id='word_1_94' title='bbox 1567 1000 1791 1072; x_wconf 81' lang='grc' dir='ltr'>τῷκὰλ-</span> 
     </span>
    </p>
   </div>
   <div class='ocr_carea' id='block_1_15' title="bbox 1929 977 3460 1080">
    <p class='ocr_par' dir='ltr' id='par_1_15' title="bbox 1964 977 3460 1068">
     <span class='ocr_line' id='line_1_15' title="bbox 1964 977 3460 1068; baseline -0.011 -8"><span class='ocrx_word' id='word_1_95' title='bbox 1964 1007 2053 1060; x_wconf 79' lang='grc'><strong>15.</strong></span> <span class='ocrx_word' id='word_1_96' title='bbox 2088 1002 2339 1068; x_wconf 88' lang='lat' dir='ltr'><strong>Domine,</strong></span> <span class='ocrx_word' id='word_1_97' title='bbox 2392 1001 2447 1054; x_wconf 92' lang='lat' dir='ltr'><strong>in</strong></span> <span class='ocrx_word' id='word_1_98' title='bbox 2498 996 2779 1053; x_wconf 74' lang='lat' dir='ltr'><strong>voluntate</strong></span> <span class='ocrx_word' id='word_1_99' title='bbox 2825 1002 2917 1048; x_wconf 89' lang='lat' dir='ltr'><strong>tua</strong></span> <span class='ocrx_word' id='word_1_100' title='bbox 2949 977 3251 1063; x_wconf 22' lang='lat' dir='ltr'><strong>praestitisti.</strong></span> <span class='ocrx_word' id='word_1_101' title='bbox 3280 990 3460 1045; x_wconf 88' lang='lat' dir='ltr'><strong>decori</strong></span> 
     </span>
    </p>
   </div>
   <div class='ocr_carea' id='block_1_16' title="bbox 202 1098 1733 1171">
    <p class='ocr_par' dir='ltr' id='par_1_16' title="bbox 202 1100 728 1171">
     <span class='ocr_line' id='line_1_16' title="bbox 202 1100 728 1171; baseline -0.004 -18"><span class='ocrx_word' id='word_1_102' title='bbox 202 1101 297 1153; x_wconf 83' lang='grc' dir='ltr'><strong>λει</strong></span> <span class='ocrx_word' id='word_1_103' title='bbox 329 1117 431 1170; x_wconf 90' lang='grc' dir='ltr'><strong>μου</strong></span> <span class='ocrx_word' id='word_1_104' title='bbox 464 1100 728 1171; x_wconf 80' lang='grc' dir='ltr'>δύναμιν·</span> 
     </span>
    </p>
   </div>
   <div class='ocr_carea' id='block_1_17' title="bbox 809 1098 2340 1171">
    <p class='ocr_par' dir='ltr' id='par_1_17' title="bbox 1894 1098 2340 1154">
     <span class='ocr_line' id='line_1_17' title="bbox 1894 1098 2340 1154; baseline -0.018 1"><span class='ocrx_word' id='word_1_105' title='bbox 1894 1114 2015 1154; x_wconf 89' lang='lat' dir='ltr'><strong>meo</strong></span> <span class='ocrx_word' id='word_1_106' title='bbox 2044 1098 2297 1151; x_wconf 82' lang='lat' dir='ltr'><strong>virtutem</strong></span> <span class='ocrx_word' id='word_1_107' title='bbox 2328 1110 2340 1147; x_wconf 91' lang='lat'>:</span> 
     </span>
    </p>
   </div>
   <div class='ocr_carea' id='block_1_18' title="bbox 286 1174 1817 1263">
    <p class='ocr_par' dir='ltr' id='par_1_18' title="bbox 286 1184 1794 1263">
     <span class='ocr_line' id='line_1_18' title="bbox 286 1184 1794 1263; baseline -0.007 -18"><span class='ocrx_word' id='word_1_108' title='bbox 286 1191 375 1245; x_wconf 74' lang='lat' dir='ltr'><strong>M.</strong></span> <span class='ocrx_word' id='word_1_109' title='bbox 420 1189 797 1263; x_wconf 72' lang='grc' dir='ltr'>Ἀπέστρεψας</span> <span class='ocrx_word' id='word_1_110' title='bbox 833 1189 891 1241; x_wconf 81' lang='grc' dir='ltr'>δὲ</span> <span class='ocrx_word' id='word_1_111' title='bbox 924 1187 983 1241; x_wconf 83' lang='grc' dir='ltr'><strong>τὸ</strong></span> <span class='ocrx_word' id='word_1_112' title='bbox 1012 1185 1301 1257; x_wconf 83' lang='grc' dir='ltr'>πρόσωπόν</span> <span class='ocrx_word' id='word_1_113' title='bbox 1337 1201 1451 1249; x_wconf 90' lang='grc' dir='ltr'>σου,</span> <span class='ocrx_word' id='word_1_114' title='bbox 1484 1184 1578 1237; x_wconf 71' lang='grc' dir='ltr'><strong>καὶ</strong></span> <span class='ocrx_word' id='word_1_115' title='bbox 1608 1184 1794 1255; x_wconf 75' lang='grc' dir='ltr'>ἐγενή-</span> 
     </span>
    </p>
   </div>
   <div class='ocr_carea' id='block_1_19' title="bbox 1931 1174 3462 1263">
    <p class='ocr_par' dir='ltr' id='par_1_19' title="bbox 1965 1174 3462 1245">
     <span class='ocr_line' id='line_1_19' title="bbox 1965 1174 3462 1245; baseline -0.011 0"><span class='ocrx_word' id='word_1_116' title='bbox 1965 1192 2053 1245; x_wconf 72' lang='grc'><strong>14.</strong></span> <span class='ocrx_word' id='word_1_117' title='bbox 2108 1185 2371 1243; x_wconf 82' lang='lat' dir='ltr'><strong>Averlisti</strong></span> <span class='ocrx_word' id='word_1_118' title='bbox 2418 1183 2615 1239; x_wconf 83' lang='lat' dir='ltr'><strong>faciem</strong></span> <span class='ocrx_word' id='word_1_119' title='bbox 2646 1191 2796 1236; x_wconf 89' lang='lat' dir='ltr'><strong>tuam</strong></span> <span class='ocrx_word' id='word_1_120' title='bbox 2837 1194 2867 1232; x_wconf 87' lang='lat' dir='ltr'><strong>a</strong></span> <span class='ocrx_word' id='word_1_121' title='bbox 2901 1192 3008 1243; x_wconf 91' lang='lat' dir='ltr'><strong>me,</strong></span> <span class='ocrx_word' id='word_1_122' title='bbox 3039 1183 3093 1232; x_wconf 88' lang='lat' dir='ltr'><strong>et</strong></span> <span class='ocrx_word' id='word_1_123' title='bbox 3135 1174 3312 1231; x_wconf 84' lang='lat' dir='ltr'><strong>factus</strong></span> <span class='ocrx_word' id='word_1_124' title='bbox 3340 1190 3462 1230; x_wconf 89' lang='lat' dir='ltr'><strong>sum</strong></span> 
     </span>
    </p>
   </div>
   <div class='ocr_carea' id='block_1_20' title="bbox 205 1281 1736 1354">
    <p class='ocr_par' dir='ltr' id='par_1_20' title="bbox 205 1282 773 1354">
     <span class='ocr_line' id='line_1_20' title="bbox 205 1282 773 1354; baseline 0.002 -20"><span class='ocrx_word' id='word_1_125' title='bbox 205 1284 316 1354; x_wconf 84' lang='grc' dir='ltr'>θην</span> <span class='ocrx_word' id='word_1_126' title='bbox 347 1282 773 1353; x_wconf 83' lang='grc' dir='ltr'>τεταραγμένος.</span> 
     </span>
    </p>
   </div>
   <div class='ocr_carea' id='block_1_21' title="bbox 741 1281 2272 1354">
    <p class='ocr_par' dir='ltr' id='par_1_21' title="bbox 741 1281 2272 1344">
     <span class='ocr_line' id='line_1_21' title="bbox 741 1281 2272 1344; baseline -0.008 0"><span class='ocrx_word' id='word_1_127' title='bbox 741 1299 773 1344; x_wconf 77' lang='grc' dir='ltr'><strong>ῖ-</strong></span> <span class='ocrx_word' id='word_1_128' title='bbox 1892 1281 2272 1340; x_wconf 83' lang='lat' dir='ltr'><strong>conturbatus.</strong></span> 
     </span>
    </p>
   </div>
   <div class='ocr_carea' id='block_1_22' title="bbox 290 1363 1821 1448">
    <p class='ocr_par' dir='ltr' id='par_1_22' title="bbox 290 1372 1301 1448">
     <span class='ocr_line' id='line_1_22' title="bbox 290 1372 1301 1448; baseline -0.008 -17"><span class='ocrx_word' id='word_1_129' title='bbox 290 1377 378 1431; x_wconf 80' lang='grc'><strong>15.</strong></span> <span class='ocrx_word' id='word_1_130' title='bbox 411 1376 555 1448; x_wconf 82' lang='grc' dir='ltr'>Πρὸς</span> <span class='ocrx_word' id='word_1_131' title='bbox 586 1376 667 1439; x_wconf 84' lang='grc' dir='ltr'><strong>σὲ,</strong></span> <span class='ocrx_word' id='word_1_132' title='bbox 704 1374 899 1445; x_wconf 84' lang='grc' dir='ltr'>Κύριε,</span> <span class='ocrx_word' id='word_1_133' title='bbox 926 1372 1301 1443; x_wconf 79' lang='grc' dir='ltr'>κεκράξομαι·</span> 
     </span>
    </p>
   </div>
   <div class='ocr_carea' id='block_1_23' title="bbox 1331 1363 2862 1448">
    <p class='ocr_par' dir='ltr' id='par_1_23' title="bbox 1964 1363 2862 1435">
     <span class='ocr_line' id='line_1_23' title="bbox 1964 1363 2862 1435; baseline -0.016 -5"><span class='ocrx_word' id='word_1_134' title='bbox 1964 1376 2050 1430; x_wconf 84' lang='grc'><strong>15.</strong></span> <span class='ocrx_word' id='word_1_135' title='bbox 2082 1372 2163 1427; x_wconf 83' lang='lat' dir='ltr'><strong>Ad</strong></span> <span class='ocrx_word' id='word_1_136' title='bbox 2190 1380 2262 1435; x_wconf 90' lang='lat' dir='ltr'><strong>te,</strong></span> <span class='ocrx_word' id='word_1_137' title='bbox 2297 1367 2543 1432; x_wconf 86' lang='lat' dir='ltr'><strong>Domine,</strong></span> <span class='ocrx_word' id='word_1_138' title='bbox 2571 1363 2819 1420; x_wconf 84' lang='lat' dir='ltr'><strong>clamabo</strong></span> <span class='ocrx_word' id='word_1_139' title='bbox 2849 1380 2862 1416; x_wconf 95' lang='lat'>:</span> 
     </span>
    </p>
   </div>
   <div class='ocr_carea' id='block_1_24' title="bbox 284 1452 1815 1539">
    <p class='ocr_par' dir='ltr' id='par_1_24' title="bbox 284 1465 1473 1539">
     <span class='ocr_line' id='line_1_24' title="bbox 284 1465 1473 1539; baseline -0.006 -16"><span class='ocrx_word' id='word_1_140' title='bbox 284 1471 377 1523; x_wconf 82' lang='grc'><strong>16.</strong></span> <span class='ocrx_word' id='word_1_141' title='bbox 406 1470 517 1522; x_wconf 77' lang='grc' dir='ltr'>Καὶ</span> <span class='ocrx_word' id='word_1_142' title='bbox 539 1469 674 1539; x_wconf 84' lang='grc' dir='ltr'>πρὸς</span> <span class='ocrx_word' id='word_1_143' title='bbox 707 1468 797 1520; x_wconf 83' lang='grc' dir='ltr'><strong>τὸν</strong></span> <span class='ocrx_word' id='word_1_144' title='bbox 822 1466 955 1519; x_wconf 78' lang='grc' dir='ltr'>Θεόν</span> <span class='ocrx_word' id='word_1_145' title='bbox 992 1483 1093 1536; x_wconf 87' lang='grc' dir='ltr'><strong>μου</strong></span> <span class='ocrx_word' id='word_1_146' title='bbox 1116 1465 1473 1535; x_wconf 80' lang='grc' dir='ltr'>δεηθήσομαι.</span> 
     </span>
    </p>
   </div>
   <div class='ocr_carea' id='block_1_25' title="bbox 1515 1452 3046 1539">
    <p class='ocr_par' dir='ltr' id='par_1_25' title="bbox 1966 1452 3046 1523">
     <span class='ocr_line' id='line_1_25' title="bbox 1966 1452 3046 1523; baseline -0.014 -3"><span class='ocrx_word' id='word_1_147' title='bbox 1966 1465 2054 1520; x_wconf 87' lang='grc'><strong>16.</strong></span> <span class='ocrx_word' id='word_1_148' title='bbox 2086 1463 2153 1517; x_wconf 87' lang='lat' dir='ltr'><strong>Et</strong></span> <span class='ocrx_word' id='word_1_149' title='bbox 2184 1462 2250 1516; x_wconf 90' lang='lat' dir='ltr'><strong>ad</strong></span> <span class='ocrx_word' id='word_1_150' title='bbox 2281 1460 2454 1514; x_wconf 90' lang='lat' dir='ltr'><strong>Deum</strong></span> <span class='ocrx_word' id='word_1_151' title='bbox 2479 1470 2661 1511; x_wconf 88' lang='lat' dir='ltr'><strong>meum</strong></span> <span class='ocrx_word' id='word_1_152' title='bbox 2692 1452 3046 1523; x_wconf 88' lang='lat' dir='ltr'><strong>deprecabor.</strong></span> 
     </span>
    </p>
   </div>
   <div class='ocr_carea' id='block_1_26' title="bbox 288 1538 1819 1630">
    <p class='ocr_par' dir='ltr' id='par_1_26' title="bbox 288 1538 1796 1630">
     <span class='ocr_line' id='line_1_26' title="bbox 288 1538 1796 1630; baseline -0.007 -16"><span class='ocrx_word' id='word_1_153' title='bbox 288 1562 377 1616; x_wconf 85' lang='grc'><strong>17.</strong></span> <span class='ocrx_word' id='word_1_154' title='bbox 413 1562 509 1625; x_wconf 87' lang='grc' dir='ltr'>Τίς</span> <span class='ocrx_word' id='word_1_155' title='bbox 538 1538 776 1630; x_wconf 59' lang='grc' dir='ltr'>ὠφέλεια</span> <span class='ocrx_word' id='word_1_156' title='bbox 803 1560 861 1612; x_wconf 84' lang='grc' dir='ltr'>ὲν</span> <span class='ocrx_word' id='word_1_157' title='bbox 886 1558 963 1629; x_wconf 82' lang='grc' dir='ltr'>τῷ</span> <span class='ocrx_word' id='word_1_158' title='bbox 984 1558 1175 1630; x_wconf 83' lang='grc' dir='ltr'>αἵματί</span> <span class='ocrx_word' id='word_1_159' title='bbox 1213 1574 1335 1627; x_wconf 85' lang='grc' dir='ltr'>μου,</span> <span class='ocrx_word' id='word_1_160' title='bbox 1360 1557 1417 1607; x_wconf 82' lang='grc' dir='ltr'>ὲν</span> <span class='ocrx_word' id='word_1_161' title='bbox 1432 1552 1511 1623; x_wconf 81' lang='grc' dir='ltr'><strong>τῷ</strong></span> <span class='ocrx_word' id='word_1_162' title='bbox 1538 1550 1796 1605; x_wconf 77' lang='grc' dir='ltr'>καταϐαί-</span> 
     </span>
    </p>
   </div>
   <div class='ocr_carea' id='block_1_27' title="bbox 1936 1538 3467 1630">
    <p class='ocr_par' dir='ltr' id='par_1_27' title="bbox 1965 1538 3467 1623">
     <span class='ocr_line' id='line_1_27' title="bbox 1965 1538 3467 1623; baseline -0.014 -10"><span class='ocrx_word' id='word_1_163' title='bbox 1965 1558 2053 1613; x_wconf 83' lang='grc'><strong>17.</strong></span> <span class='ocrx_word' id='word_1_164' title='bbox 2079 1556 2212 1623; x_wconf 81' lang='lat' dir='ltr'><strong>Quae</strong></span> <span class='ocrx_word' id='word_1_165' title='bbox 2243 1552 2453 1607; x_wconf 89' lang='lat' dir='ltr'><strong>utilitas</strong></span> <span class='ocrx_word' id='word_1_166' title='bbox 2486 1550 2540 1603; x_wconf 89' lang='lat' dir='ltr'><strong>in</strong></span> <span class='ocrx_word' id='word_1_167' title='bbox 2576 1547 2841 1617; x_wconf 81' lang='lat' dir='ltr'><strong>sanguine</strong></span> <span class='ocrx_word' id='word_1_168' title='bbox 2871 1560 3012 1612; x_wconf 88' lang='lat' dir='ltr'><strong>meo,</strong></span> <span class='ocrx_word' id='word_1_169' title='bbox 3039 1543 3167 1599; x_wconf 92' lang='lat' dir='ltr'><strong>dum</strong></span> <span class='ocrx_word' id='word_1_170' title='bbox 3198 1538 3467 1596; x_wconf 86' lang='lat' dir='ltr'><strong>descendo</strong></span> 
     </span>
    </p>
   </div>
   <div class='ocr_carea' id='block_1_28' title="bbox 206 1642 1737 1722">
    <p class='ocr_par' dir='ltr' id='par_1_28' title="bbox 206 1650 896 1722">
     <span class='ocr_line' id='line_1_28' title="bbox 206 1650 896 1722; baseline -0.004 -17"><span class='ocrx_word' id='word_1_171' title='bbox 206 1670 333 1706; x_wconf 79' lang='grc' dir='ltr'>νειν</span> <span class='ocrx_word' id='word_1_172' title='bbox 366 1670 432 1722; x_wconf 84' lang='grc' dir='ltr'><strong>με</strong></span> <span class='ocrx_word' id='word_1_173' title='bbox 465 1654 544 1714; x_wconf 88' lang='grc' dir='ltr'><strong>εἰς</strong></span> <span class='ocrx_word' id='word_1_174' title='bbox 563 1650 896 1721; x_wconf 74' lang='grc' dir='ltr'>διαφθοράν;</span> 
     </span>
    </p>
   </div>
   <div class='ocr_carea' id='block_1_29' title="bbox 906 1642 2437 1722">
    <p class='ocr_par' dir='ltr' id='par_1_29' title="bbox 1896 1642 2437 1718">
     <span class='ocr_line' id='line_1_29' title="bbox 1896 1642 2437 1718; baseline -0.02 -12"><span class='ocrx_word' id='word_1_175' title='bbox 1896 1653 1949 1706; x_wconf 92' lang='lat' dir='ltr'><strong>in</strong></span> <span class='ocrx_word' id='word_1_176' title='bbox 1982 1645 2391 1718; x_wconf 86' lang='lat' dir='ltr'><strong>corruptionem</strong></span> <span class='ocrx_word' id='word_1_177' title='bbox 2415 1642 2437 1695; x_wconf 75' lang='lat' dir='ltr'><strong>‘l</strong></span> 
     </span>
    </p>
   </div>
   <div class='ocr_carea' id='block_1_30' title="bbox 289 1726 1820 1814">
    <p class='ocr_par' dir='ltr' id='par_1_30' title="bbox 289 1737 1288 1814">
     <span class='ocr_line' id='line_1_30' title="bbox 289 1737 1288 1814; baseline -0.006 -16"><span class='ocrx_word' id='word_1_178' title='bbox 289 1744 382 1800; x_wconf 87' lang='grc'><strong>18.</strong></span> <span class='ocrx_word' id='word_1_179' title='bbox 410 1743 501 1814; x_wconf 85' lang='grc' dir='ltr'><strong>Μὴ</strong></span> <span class='ocrx_word' id='word_1_180' title='bbox 530 1740 984 1813; x_wconf 81' lang='grc' dir='ltr'>ὲξομολογήσεταί</span> <span class='ocrx_word' id='word_1_181' title='bbox 1013 1758 1094 1793; x_wconf 92' lang='grc' dir='ltr'><strong>σοι</strong></span> <span class='ocrx_word' id='word_1_182' title='bbox 1124 1737 1250 1809; x_wconf 81' lang='grc' dir='ltr'>χοῦς</span> <span class='ocrx_word' id='word_1_183' title='bbox 1275 1756 1288 1768; x_wconf 73' lang='grc' dir='ltr'><strong>ο</strong></span> 
     </span>
    </p>
   </div>
   <div class='ocr_carea' id='block_1_31' title="bbox 1572 1726 3103 1814">
    <p class='ocr_par' dir='ltr' id='par_1_31' title="bbox 1825 1726 3103 1814">
     <span class='ocr_line' id='line_1_31' title="bbox 1825 1726 3103 1814; baseline -0.014 -15"><span class='ocrx_word' id='word_1_184' title='bbox 1825 1801 1870 1814; x_wconf 72' lang='lat'>_</span> <span class='ocrx_word' id='word_1_185' title='bbox 1970 1742 2057 1797; x_wconf 93' lang='grc'><strong>18.</strong></span> <span class='ocrx_word' id='word_1_186' title='bbox 2084 1736 2341 1808; x_wconf 84' lang='lat' dir='ltr'><strong>Nunquid</strong></span> <span class='ocrx_word' id='word_1_187' title='bbox 2376 1732 2724 1789; x_wconf 89' lang='lat' dir='ltr'><strong>conﬁtebitur</strong></span> <span class='ocrx_word' id='word_1_188' title='bbox 2752 1728 2850 1784; x_wconf 85' lang='lat' dir='ltr'><strong>tibi</strong></span> <span class='ocrx_word' id='word_1_189' title='bbox 2883 1726 3060 1798; x_wconf 86' lang='lat' dir='ltr'><strong>pulvis</strong></span> <span class='ocrx_word' id='word_1_190' title='bbox 3090 1745 3103 1792; x_wconf 94' lang='lat'>;</span> 
     </span>
    </p>
   </div>
   <div class='ocr_carea' id='block_1_32' title="bbox 290 1801 1821 1903">
    <p class='ocr_par' dir='ltr' id='par_1_32' title="bbox 290 1801 1418 1903">
     <span class='ocr_line' id='line_1_32' title="bbox 290 1801 1418 1903; baseline -0.006 -15"><span class='ocrx_word' id='word_1_191' title='bbox 290 1835 380 1890; x_wconf 79' lang='grc'><strong>19.</strong></span> <span class='ocrx_word' id='word_1_192' title='bbox 414 1801 934 1903; x_wconf 32' lang='grc' dir='ltr'>Ἠτάν-αγγελέῖ-τὴν</span> <span class='ocrx_word' id='word_1_193' title='bbox 959 1801 1215 1902; x_wconf 55' lang='grc' dir='ltr'>ἀλήθειάν</span> <span class='ocrx_word' id='word_1_194' title='bbox 1234 1801 1340 1881; x_wconf 76' lang='grc' dir='ltr'><strong>σου</strong></span> <span class='ocrx_word' id='word_1_195' title='bbox 1368 1834 1418 1892; x_wconf 83' lang='grc'><strong>;⁵</strong></span> 
     </span>
    </p>
   </div>
   <div class='ocr_carea' id='block_1_33' title="bbox 1589 1801 3120 1903">
    <p class='ocr_par' dir='ltr' id='par_1_33' title="bbox 1825 1801 3120 1887">
     <span class='ocr_line' id='line_1_33' title="bbox 1825 1801 3120 1887; baseline -0.017 3"><span class='ocrx_word' id='word_1_196' title='bbox 1825 1801 1873 1859; x_wconf 81' lang='grc' dir='ltr'><strong>Β</strong></span> <span class='ocrx_word' id='word_1_197' title='bbox 1974 1833 2061 1887; x_wconf 86' lang='grc'><strong>19.</strong></span> <span class='ocrx_word' id='word_1_198' title='bbox 2103 1801 2591 1884; x_wconf 49' lang='grc' dir='ltr'><strong>Αυῑ-θηηυηιὶοὒὶῐ</strong></span> <span class='ocrx_word' id='word_1_199' title='bbox 2612 1822 2896 1877; x_wconf 84' lang='lat' dir='ltr'><strong>veritatem</strong></span> <span class='ocrx_word' id='word_1_200' title='bbox 2932 1817 3120 1873; x_wconf 89' lang='lat' dir='ltr'><strong>tuam?</strong></span> 
     </span>
    </p>
   </div>
   <div class='ocr_carea' id='block_1_34' title="bbox 290 1905 1821 1995">
    <p class='ocr_par' dir='ltr' id='par_1_34' title="bbox 290 1920 1361 1995">
     <span class='ocr_line' id='line_1_34' title="bbox 290 1920 1361 1995; baseline -0.007 -16"><span class='ocrx_word' id='word_1_201' title='bbox 290 1925 384 1980; x_wconf 87' lang='grc'><strong>20.</strong></span> <span class='ocrx_word' id='word_1_202' title='bbox 423 1927 661 1977; x_wconf 80' lang='grc' dir='ltr'>Ἤκουσε</span> <span class='ocrx_word' id='word_1_203' title='bbox 685 1924 911 1995; x_wconf 80' lang='grc' dir='ltr'>Κύριος,</span> <span class='ocrx_word' id='word_1_204' title='bbox 948 1924 1044 1976; x_wconf 78' lang='grc' dir='ltr'><strong>καὶ</strong></span> <span class='ocrx_word' id='word_1_205' title='bbox 1066 1920 1264 1991; x_wconf 77' lang='grc' dir='ltr'>ὴλέησέ</span> <span class='ocrx_word' id='word_1_206' title='bbox 1295 1936 1361 1991; x_wconf 86' lang='grc' dir='ltr'><strong>με</strong></span> 
     </span>
    </p>
   </div>
   <div class='ocr_carea' id='block_1_35' title="bbox 1759 1905 3290 1995">
    <p class='ocr_par' dir='ltr' id='par_1_35' title="bbox 1973 1905 3290 1980">
     <span class='ocr_line' id='line_1_35' title="bbox 1973 1905 3290 1980; baseline -0.013 -3"><span class='ocrx_word' id='word_1_207' title='bbox 1973 1921 2064 1978; x_wconf 87' lang='grc'><strong>20.</strong></span> <span class='ocrx_word' id='word_1_208' title='bbox 2106 1919 2328 1975; x_wconf 86' lang='lat' dir='ltr'><strong>Audivit</strong></span> <span class='ocrx_word' id='word_1_209' title='bbox 2361 1916 2648 1980; x_wconf 88' lang='lat' dir='ltr'><strong>Dominus,</strong></span> <span class='ocrx_word' id='word_1_210' title='bbox 2675 1920 2728 1968; x_wconf 89' lang='lat' dir='ltr'><strong>et</strong></span> <span class='ocrx_word' id='word_1_211' title='bbox 2759 1912 3016 1966; x_wconf 83' lang='lat' dir='ltr'><strong>misertus</strong></span> <span class='ocrx_word' id='word_1_212' title='bbox 3043 1916 3127 1963; x_wconf 89' lang='lat' dir='ltr'><strong>est</strong></span> <span class='ocrx_word' id='word_1_213' title='bbox 3147 1905 3290 1961; x_wconf 87' lang='lat' dir='ltr'><strong>mei:</strong></span> 
     </span>
    </p>
   </div>
   <div class='ocr_carea' id='block_1_36' title="bbox 288 2003 1819 2087">
    <p class='ocr_par' dir='ltr' id='par_1_36' title="bbox 288 2014 1245 2087">
     <span class='ocr_line' id='line_1_36' title="bbox 288 2014 1245 2087; baseline -0.007 -16"><span class='ocrx_word' id='word_1_214' title='bbox 288 2017 379 2071; x_wconf 88' lang='grc'><strong>21.</strong></span> <span class='ocrx_word' id='word_1_215' title='bbox 414 2016 618 2087; x_wconf 80' lang='grc' dir='ltr'>Κύριος</span> <span class='ocrx_word' id='word_1_216' title='bbox 645 2015 876 2087; x_wconf 80' lang='grc' dir='ltr'>ἐγενήθη</span> <span class='ocrx_word' id='word_1_217' title='bbox 902 2014 1093 2085; x_wconf 85' lang='grc' dir='ltr'>βοηθός</span> <span class='ocrx_word' id='word_1_218' title='bbox 1122 2029 1245 2083; x_wconf 87' lang='grc' dir='ltr'>μου.</span> 
     </span>
    </p>
   </div>
   <div class='ocr_carea' id='block_1_37' title="bbox 1584 2003 3115 2087">
    <p class='ocr_par' dir='ltr' id='par_1_37' title="bbox 1974 2003 3115 2073">
     <span class='ocr_line' id='line_1_37' title="bbox 1974 2003 3115 2073; baseline -0.011 -5"><span class='ocrx_word' id='word_1_219' title='bbox 1974 2014 2064 2068; x_wconf 89' lang='grc'><strong>21.</strong></span> <span class='ocrx_word' id='word_1_220' title='bbox 2098 2012 2363 2066; x_wconf 88' lang='lat' dir='ltr'><strong>Dominus</strong></span> <span class='ocrx_word' id='word_1_221' title='bbox 2384 2008 2562 2063; x_wconf 83' lang='lat' dir='ltr'><strong>factus</strong></span> <span class='ocrx_word' id='word_1_222' title='bbox 2591 2013 2676 2060; x_wconf 88' lang='lat' dir='ltr'><strong>est</strong></span> <span class='ocrx_word' id='word_1_223' title='bbox 2699 2003 2914 2073; x_wconf 87' lang='lat' dir='ltr'><strong>adjutor</strong></span> <span class='ocrx_word' id='word_1_224' title='bbox 2944 2015 3115 2055; x_wconf 89' lang='lat' dir='ltr'><strong>meus.</strong></span> 
     </span>
    </p>
   </div>
   <div class='ocr_carea' id='block_1_38' title="bbox 289 2088 1820 2178">
    <p class='ocr_par' dir='ltr' id='par_1_38' title="bbox 289 2098 1730 2178">
     <span class='ocr_line' id='line_1_38' title="bbox 289 2098 1730 2178; baseline -0.008 -16"><span class='ocrx_word' id='word_1_225' title='bbox 289 2108 382 2162; x_wconf 88' lang='grc'><strong>22.</strong></span> <span class='ocrx_word' id='word_1_226' title='bbox 415 2108 724 2178; x_wconf 69' lang='grc' dir='ltr'>Ἔστρεψας</span> <span class='ocrx_word' id='word_1_227' title='bbox 748 2108 838 2161; x_wconf 76' lang='grc' dir='ltr'>τὸν</span> <span class='ocrx_word' id='word_1_228' title='bbox 871 2107 1100 2160; x_wconf 77' lang='grc' dir='ltr'>κοπετὸν</span> <span class='ocrx_word' id='word_1_229' title='bbox 1135 2121 1234 2175; x_wconf 88' lang='grc' dir='ltr'><strong>μου</strong></span> <span class='ocrx_word' id='word_1_230' title='bbox 1263 2104 1343 2166; x_wconf 89' lang='grc' dir='ltr'><strong>εἰς</strong></span> <span class='ocrx_word' id='word_1_231' title='bbox 1375 2100 1550 2172; x_wconf 81' lang='grc' dir='ltr'>χαρὰν</span> <span class='ocrx_word' id='word_1_232' title='bbox 1576 2098 1730 2169; x_wconf 77' lang='grc' dir='ltr'>ἐμοί·</span> 
     </span>
    </p>
   </div>
   <div class='ocr_carea' id='block_1_39' title="bbox 1940 2088 3471 2178">
    <p class='ocr_par' dir='ltr' id='par_1_39' title="bbox 1979 2088 3471 2170">
     <span class='ocr_line' id='line_1_39' title="bbox 1979 2088 3471 2170; baseline -0.013 -9"><span class='ocrx_word' id='word_1_233' title='bbox 1979 2106 2070 2160; x_wconf 86' lang='grc'><strong>22.</strong></span> <span class='ocrx_word' id='word_1_234' title='bbox 2090 2101 2420 2159; x_wconf 89' lang='lat' dir='ltr'><strong>Convertisti</strong></span> <span class='ocrx_word' id='word_1_235' title='bbox 2443 2100 2724 2170; x_wconf 84' lang='lat' dir='ltr'><strong>planctum</strong></span> <span class='ocrx_word' id='word_1_236' title='bbox 2753 2108 2935 2149; x_wconf 90' lang='lat' dir='ltr'><strong>meum</strong></span> <span class='ocrx_word' id='word_1_237' title='bbox 2958 2093 3012 2146; x_wconf 93' lang='lat' dir='ltr'><strong>in</strong></span> <span class='ocrx_word' id='word_1_238' title='bbox 3040 2088 3294 2162; x_wconf 83' lang='lat' dir='ltr'><strong>gaudium</strong></span> <span class='ocrx_word' id='word_1_239' title='bbox 3314 2088 3471 2142; x_wconf 88' lang='lat' dir='ltr'><strong>mihi.</strong></span> 
     </span>
    </p>
   </div>
   <div class='ocr_carea' id='block_1_40' title="bbox 289 2177 1820 2271">
    <p class='ocr_par' dir='ltr' id='par_1_40' title="bbox 289 2177 1798 2271">
     <span class='ocr_line' id='line_1_40' title="bbox 289 2177 1798 2271; baseline -0.009 -17"><span class='ocrx_word' id='word_1_240' title='bbox 289 2200 383 2254; x_wconf 76' lang='grc'><strong>23.</strong></span> <span class='ocrx_word' id='word_1_241' title='bbox 419 2177 721 2271; x_wconf 75' lang='grc' dir='ltr'>Διὲρῤηξας</span> <span class='ocrx_word' id='word_1_242' title='bbox 759 2199 850 2252; x_wconf 82' lang='grc' dir='ltr'><strong>τὸν</strong></span> <span class='ocrx_word' id='word_1_243' title='bbox 902 2200 1102 2252; x_wconf 86' lang='grc' dir='ltr'>σάκκον</span> <span class='ocrx_word' id='word_1_244' title='bbox 1155 2213 1278 2268; x_wconf 89' lang='grc' dir='ltr'>μου,</span> <span class='ocrx_word' id='word_1_245' title='bbox 1323 2195 1418 2248; x_wconf 73' lang='grc' dir='ltr'><strong>καὶ</strong></span> <span class='ocrx_word' id='word_1_246' title='bbox 1457 2189 1798 2262; x_wconf 78' lang='grc' dir='ltr'>περιέζωσάς</span> 
     </span>
    </p>
   </div>
   <div class='ocr_carea' id='block_1_41' title="bbox 1940 2177 3471 2271">
    <p class='ocr_par' dir='ltr' id='par_1_41' title="bbox 1975 2177 3471 2249">
     <span class='ocr_line' id='line_1_41' title="bbox 1975 2177 3471 2249; baseline -0.011 0"><span class='ocrx_word' id='word_1_247' title='bbox 1975 2196 2067 2249; x_wconf 76' lang='grc'><strong>25.</strong></span> <span class='ocrx_word' id='word_1_248' title='bbox 2101 2190 2432 2249; x_wconf 88' lang='lat' dir='ltr'><strong>Conscidisti</strong></span> <span class='ocrx_word' id='word_1_249' title='bbox 2484 2203 2703 2243; x_wconf 90' lang='lat' dir='ltr'><strong>saccum</strong></span> <span class='ocrx_word' id='word_1_250' title='bbox 2732 2200 2935 2248; x_wconf 90' lang='lat' dir='ltr'><strong>meum,</strong></span> <span class='ocrx_word' id='word_1_251' title='bbox 2967 2190 3022 2237; x_wconf 91' lang='lat' dir='ltr'><strong>et</strong></span> <span class='ocrx_word' id='word_1_252' title='bbox 3066 2177 3471 2237; x_wconf 84' lang='lat' dir='ltr'><strong>circumdedisti</strong></span> 
     </span>
    </p>
   </div>
   <div class='ocr_carea' id='block_1_42' title="bbox 216 2285 1747 2363">
    <p class='ocr_par' dir='ltr' id='par_1_42' title="bbox 216 2292 670 2363">
     <span class='ocr_line' id='line_1_42' title="bbox 216 2292 670 2363; baseline 0 -18"><span class='ocrx_word' id='word_1_253' title='bbox 216 2309 292 2362; x_wconf 84' lang='grc' dir='ltr'><strong>με</strong></span> <span class='ocrx_word' id='word_1_254' title='bbox 332 2292 670 2363; x_wconf 82' lang='grc' dir='ltr'>εὐφροσύνην</span> 
     </span>
    </p>
   </div>
   <div class='ocr_carea' id='block_1_43' title="bbox 712 2285 2243 2363">
    <p class='ocr_par' dir='ltr' id='par_1_43' title="bbox 1905 2285 2243 2343">
     <span class='ocr_line' id='line_1_43' title="bbox 1905 2285 2243 2343; baseline -0.018 0"><span class='ocrx_word' id='word_1_255' title='bbox 1905 2303 1993 2343; x_wconf 88' lang='lat' dir='ltr'><strong>me</strong></span> <span class='ocrx_word' id='word_1_256' title='bbox 2020 2285 2202 2341; x_wconf 63' lang='lat' dir='ltr'><strong>laetitia</strong></span> <span class='ocrx_word' id='word_1_257' title='bbox 2230 2302 2243 2338; x_wconf 89' lang='lat'><strong>:</strong></span> 
     </span>
    </p>
   </div>
   <div class='ocr_carea' id='block_1_44' title="bbox 288 2369 1819 2462">
    <p class='ocr_par' dir='ltr' id='par_1_44' title="bbox 288 2382 1795 2462">
     <span class='ocr_line' id='line_1_44' title="bbox 288 2382 1795 2462; baseline -0.004 -21"><span class='ocrx_word' id='word_1_258' title='bbox 288 2389 383 2442; x_wconf 69' lang='grc'><strong>24.</strong></span> <span class='ocrx_word' id='word_1_259' title='bbox 412 2389 598 2452; x_wconf 83' lang='grc' dir='ltr'><strong>Ὅπως</strong></span> <span class='ocrx_word' id='word_1_260' title='bbox 633 2390 701 2443; x_wconf 86' lang='grc' dir='ltr'><strong>ἂν</strong></span> <span class='ocrx_word' id='word_1_261' title='bbox 722 2388 867 2460; x_wconf 55' lang='lat' dir='ltr'><strong>eam</strong></span> <span class='ocrx_word' id='word_1_262' title='bbox 900 2406 980 2442; x_wconf 89' lang='grc' dir='ltr'><strong>σοι</strong></span> <span class='ocrx_word' id='word_1_263' title='bbox 1004 2391 1038 2462; x_wconf 83' lang='grc' dir='ltr'>ἡ</span> <span class='ocrx_word' id='word_1_264' title='bbox 1068 2388 1193 2454; x_wconf 77' lang='grc' dir='ltr'>δόξα</span> <span class='ocrx_word' id='word_1_265' title='bbox 1221 2405 1347 2461; x_wconf 88' lang='grc' dir='ltr'>μου,</span> <span class='ocrx_word' id='word_1_266' title='bbox 1377 2387 1471 2440; x_wconf 71' lang='grc' dir='ltr'>καὶ</span> <span class='ocrx_word' id='word_1_267' title='bbox 1498 2384 1559 2437; x_wconf 83' lang='grc' dir='ltr'><strong>οὐ</strong></span> <span class='ocrx_word' id='word_1_268' title='bbox 1599 2382 1674 2455; x_wconf 83' lang='grc' dir='ltr'>μὴ</span> <span class='ocrx_word' id='word_1_269' title='bbox 1697 2400 1795 2436; x_wconf 87' lang='grc' dir='ltr'>κα-</span> 
     </span>
    </p>
   </div>
   <div class='ocr_carea' id='block_1_45' title="bbox 1939 2369 3470 2462">
    <p class='ocr_par' dir='ltr' id='par_1_45' title="bbox 1976 2369 3470 2440">
     <span class='ocr_line' id='line_1_45' title="bbox 1976 2369 3470 2440; baseline -0.011 -8"><span class='ocrx_word' id='word_1_270' title='bbox 1976 2378 2065 2432; x_wconf 76' lang='grc'><strong>24.</strong></span> <span class='ocrx_word' id='word_1_271' title='bbox 2119 2374 2192 2431; x_wconf 87' lang='lat' dir='ltr'><strong>Ut</strong></span> <span class='ocrx_word' id='word_1_272' title='bbox 2237 2380 2420 2430; x_wconf 87' lang='lat' dir='ltr'><strong>cantet</strong></span> <span class='ocrx_word' id='word_1_273' title='bbox 2482 2371 2575 2427; x_wconf 89' lang='lat' dir='ltr'><strong>tibi</strong></span> <span class='ocrx_word' id='word_1_274' title='bbox 2620 2369 2790 2440; x_wconf 83' lang='lat' dir='ltr'><strong>gloria</strong></span> <span class='ocrx_word' id='word_1_275' title='bbox 2838 2384 2995 2431; x_wconf 86' lang='lat' dir='ltr'><strong>mea,</strong></span> <span class='ocrx_word' id='word_1_276' title='bbox 3050 2374 3105 2420; x_wconf 89' lang='lat' dir='ltr'><strong>et</strong></span> <span class='ocrx_word' id='word_1_277' title='bbox 3160 2380 3264 2418; x_wconf 92' lang='lat' dir='ltr'><strong>non</strong></span> <span class='ocrx_word' id='word_1_278' title='bbox 3319 2376 3470 2418; x_wconf 85' lang='lat' dir='ltr'><strong>com-</strong></span> 
     </span>
    </p>
   </div>
   <div class='ocr_carea' id='block_1_46' title="bbox 209 2479 1740 2548">
    <p class='ocr_par' dir='ltr' id='par_1_46' title="bbox 209 2479 475 2548">
     <span class='ocr_line' id='line_1_46' title="bbox 209 2479 475 2548; baseline -0.008 -15"><span class='ocrx_word' id='word_1_279' title='bbox 209 2479 441 2548; x_wconf 86' lang='grc' dir='ltr'>τανυγῶ</span> <span class='ocrx_word' id='word_1_280' title='bbox 462 2497 475 2510; x_wconf 68' lang='grc'><strong><em>⁸</em></strong></span> 
     </span>
    </p>
   </div>
   <div class='ocr_carea' id='block_1_47' title="bbox 622 2479 2153 2548">
    <p class='ocr_par' dir='ltr' id='par_1_47' title="bbox 1904 2484 2153 2541">
     <span class='ocr_line' id='line_1_47' title="bbox 1904 2484 2153 2541; baseline -0.016 -15"><span class='ocrx_word' id='word_1_281' title='bbox 1904 2484 2153 2541; x_wconf 81' lang='lat' dir='ltr'><strong>pungar:</strong></span> 
     </span>
    </p>
   </div>
   <div class='ocr_carea' id='block_1_48' title="bbox 289 2544 1820 2646">
    <p class='ocr_par' dir='ltr' id='par_1_48' title="bbox 289 2544 1799 2646">
     <span class='ocr_line' id='line_1_48' title="bbox 289 2544 1799 2646; baseline -0.004 -19"><span class='ocrx_word' id='word_1_282' title='bbox 289 2544 384 2627; x_wconf 72' lang='grc'><strong>25.</strong></span> <span class='ocrx_word' id='word_1_283' title='bbox 418 2573 589 2645; x_wconf 84' lang='grc' dir='ltr'>Κύριε</span> <span class='ocrx_word' id='word_1_284' title='bbox 610 2575 637 2628; x_wconf 84' lang='grc' dir='ltr'>ὁ</span> <span class='ocrx_word' id='word_1_285' title='bbox 666 2573 799 2639; x_wconf 82' lang='grc' dir='ltr'>Θεός</span> <span class='ocrx_word' id='word_1_286' title='bbox 828 2590 951 2646; x_wconf 89' lang='grc' dir='ltr'>μου,</span> <span class='ocrx_word' id='word_1_287' title='bbox 984 2575 1063 2638; x_wconf 88' lang='grc' dir='ltr'><strong>εἰς</strong></span> <span class='ocrx_word' id='word_1_288' title='bbox 1090 2574 1180 2629; x_wconf 84' lang='grc' dir='ltr'><strong>τὸν</strong></span> <span class='ocrx_word' id='word_1_289' title='bbox 1209 2572 1379 2628; x_wconf 82' lang='grc' dir='ltr'>αἰῶνα</span> <span class='ocrx_word' id='word_1_290' title='bbox 1410 2568 1799 2642; x_wconf 75' lang='grc' dir='ltr'>ἑξομολογήσο-</span> 
     </span>
    </p>
   </div>
   <div class='ocr_carea' id='block_1_49' title="bbox 1948 2544 3479 2646">
    <p class='ocr_par' dir='ltr' id='par_1_49' title="bbox 1979 2544 3479 2621">
     <span class='ocr_line' id='line_1_49' title="bbox 1979 2544 3479 2621; baseline -0.013 -5"><span class='ocrx_word' id='word_1_291' title='bbox 1979 2562 2071 2616; x_wconf 84' lang='grc'><strong>25.</strong></span> <span class='ocrx_word' id='word_1_292' title='bbox 2121 2558 2353 2616; x_wconf 90' lang='lat' dir='ltr'><strong>Domine</strong></span> <span class='ocrx_word' id='word_1_293' title='bbox 2382 2557 2525 2614; x_wconf 89' lang='lat' dir='ltr'><strong>Deus</strong></span> <span class='ocrx_word' id='word_1_294' title='bbox 2548 2569 2726 2621; x_wconf 85' lang='lat' dir='ltr'><strong>meus,</strong></span> <span class='ocrx_word' id='word_1_295' title='bbox 2771 2555 2828 2607; x_wconf 89' lang='lat' dir='ltr'><strong>in</strong></span> <span class='ocrx_word' id='word_1_296' title='bbox 2872 2560 3134 2606; x_wconf 61' lang='lat' dir='ltr'><strong>aeternum</strong></span> <span class='ocrx_word' id='word_1_297' title='bbox 3171 2544 3479 2603; x_wconf 79' lang='lat' dir='ltr'><strong>conﬁtebor</strong></span> 
     </span>
    </p>
   </div>
   <div class='ocr_carea' id='block_1_50' title="bbox 214 2655 1745 2736">
    <p class='ocr_par' dir='ltr' id='par_1_50' title="bbox 214 2665 447 2736">
     <span class='ocr_line' id='line_1_50' title="bbox 214 2665 447 2736; baseline 0.004 -17"><span class='ocrx_word' id='word_1_298' title='bbox 214 2665 322 2736; x_wconf 80' lang='grc' dir='ltr'><strong>μαί</strong></span> <span class='ocrx_word' id='word_1_299' title='bbox 347 2683 447 2720; x_wconf 88' lang='grc' dir='ltr'>σοι.</span> 
     </span>
    </p>
   </div>
   <div class='ocr_carea' id='block_1_51' title="bbox 492 2655 2023 2736">
    <p class='ocr_par' dir='ltr' id='par_1_51' title="bbox 1904 2655 2023 2711">
     <span class='ocr_line' id='line_1_51' title="bbox 1904 2655 2023 2711; baseline -0.017 0"><span class='ocrx_word' id='word_1_300' title='bbox 1904 2655 2023 2711; x_wconf 85' lang='lat' dir='ltr'><strong>tibi.</strong></span> 
     </span>
    </p>
   </div>
   <div class='ocr_carea' id='block_1_52' title="bbox 1355 2810 2350 2878">
    <p class='ocr_par' dir='ltr' id='par_1_52' title="bbox 1355 2810 2350 2878">
     <span class='ocr_line' id='line_1_52' title="bbox 1355 2810 2350 2878; baseline -0.013 0"><span class='ocrx_word' id='word_1_301' title='bbox 1355 2815 1730 2878; x_wconf 81' lang='lat' dir='ltr'><strong>ATHANASII</strong></span> <span class='ocrx_word' id='word_1_302' title='bbox 1770 2810 2350 2871; x_wconf 81' lang='lat' dir='ltr'><strong>INTERPRETATIO.</strong></span> 
     </span>
    </p>
   </div>
   <div class='ocr_carea' id='block_1_53' title="bbox 297 2956 1828 3056">
    <p class='ocr_par' dir='ltr' id='par_1_53' title="bbox 297 2977 1799 3056">
     <span class='ocr_line' id='line_1_53' title="bbox 297 2977 1799 3056; baseline -0.004 -19"><span class='ocrx_word' id='word_1_303' title='bbox 297 2984 349 3037; x_wconf 90' lang='lat'><strong>8.</strong></span> <span class='ocrx_word' id='word_1_304' title='bbox 388 2985 474 3037; x_wconf 84' lang='grc' dir='ltr'>Ἐν</span> <span class='ocrx_word' id='word_1_305' title='bbox 498 2986 563 3055; x_wconf 78' lang='grc' dir='ltr'>τῇ</span> <span class='ocrx_word' id='word_1_306' title='bbox 591 2985 958 3056; x_wconf 74' lang='grc' dir='ltr'>ἀγανακτήσει</span> <span class='ocrx_word' id='word_1_307' title='bbox 987 2983 1150 3037; x_wconf 76' lang='grc' dir='ltr'>αὐτοῦ</span> <span class='ocrx_word' id='word_1_308' title='bbox 1182 2981 1319 3055; x_wconf 83' lang='grc' dir='ltr'>ὀργὴ</span> <span class='ocrx_word' id='word_1_309' title='bbox 1349 2981 1658 3054; x_wconf 74' lang='grc' dir='ltr'>ἐπέρχεται,</span> <span class='ocrx_word' id='word_1_310' title='bbox 1678 2977 1799 3032; x_wconf 89' lang='grc' dir='ltr'>καθ’</span> 
     </span>
    </p>
   </div>
   <div class='ocr_carea' id='block_1_54' title="bbox 1945 2956 3476 3056">
    <p class='ocr_par' dir='ltr' id='par_1_54' title="bbox 1980 2956 3476 3043">
     <span class='ocr_line' id='line_1_54' title="bbox 1980 2956 3476 3043; baseline -0.017 -13"><span class='ocrx_word' id='word_1_311' title='bbox 1980 2974 2034 3031; x_wconf 89' lang='grc'><strong>8.</strong></span> <span class='ocrx_word' id='word_1_312' title='bbox 2058 2974 2119 3029; x_wconf 90' lang='lat' dir='ltr'><strong>ln</strong></span> <span class='ocrx_word' id='word_1_313' title='bbox 2150 2971 2519 3043; x_wconf 78' lang='lat' dir='ltr'><strong>indignatione</strong></span> <span class='ocrx_word' id='word_1_314' title='bbox 2556 2970 2675 3040; x_wconf 87' lang='lat' dir='ltr'><strong>ejus</strong></span> <span class='ocrx_word' id='word_1_315' title='bbox 2714 2967 2796 3021; x_wconf 86' lang='lat' dir='ltr'><strong>ira</strong></span> <span class='ocrx_word' id='word_1_316' title='bbox 2832 2962 3049 3020; x_wconf 80' lang='lat' dir='ltr'><strong>advenit</strong></span> <span class='ocrx_word' id='word_1_317' title='bbox 3089 2960 3141 3015; x_wconf 92' lang='lat' dir='ltr'><strong>in</strong></span> <span class='ocrx_word' id='word_1_318' title='bbox 3177 2956 3297 3012; x_wconf 90' lang='lat' dir='ltr'><strong>illos</strong></span> <span class='ocrx_word' id='word_1_319' title='bbox 3343 2966 3476 3006; x_wconf 86' lang='lat' dir='ltr'><strong>con-</strong></span> 
     </span>
    </p>
   </div>
   <div class='ocr_carea' id='block_1_55' title="bbox 217 3064 1748 3143">
    <p class='ocr_par' dir='ltr' id='par_1_55' title="bbox 217 3070 650 3143">
     <span class='ocr_line' id='line_1_55' title="bbox 217 3070 650 3143; baseline -0.005 -14"><span class='ocrx_word' id='word_1_320' title='bbox 217 3070 300 3129; x_wconf 78' lang='grc' dir='ltr'>ὦν</span> <span class='ocrx_word' id='word_1_321' title='bbox 331 3078 650 3143; x_wconf 81' lang='grc' dir='ltr'>ἀγανακτεῖ.</span> 
     </span>
    </p>
   </div>
   <div class='ocr_carea' id='block_1_56' title="bbox 986 3064 2517 3143">
    <p class='ocr_par' dir='ltr' id='par_1_56' title="bbox 1908 3064 2517 3136">
     <span class='ocr_line' id='line_1_56' title="bbox 1908 3064 2517 3136; baseline -0.01 -15"><span class='ocrx_word' id='word_1_322' title='bbox 1908 3075 1991 3121; x_wconf 88' lang='lat' dir='ltr'><strong>tra</strong></span> <span class='ocrx_word' id='word_1_323' title='bbox 2017 3081 2159 3136; x_wconf 91' lang='lat' dir='ltr'><strong>quos</strong></span> <span class='ocrx_word' id='word_1_324' title='bbox 2186 3064 2517 3134; x_wconf 83' lang='lat' dir='ltr'><strong>indignatur.</strong></span> 
     </span>
    </p>
   </div>
   <div class='ocr_carea' id='block_1_57' title="bbox 296 3151 1827 3227">
    <p class='ocr_par' dir='ltr' id='par_1_57' title="bbox 296 3164 1127 3227">
     <span class='ocr_line' id='line_1_57' title="bbox 296 3164 1127 3227; baseline -0.002 -6"><span class='ocrx_word' id='word_1_325' title='bbox 296 3167 354 3221; x_wconf 91' lang='lat'><strong>9.</strong></span> <span class='ocrx_word' id='word_1_326' title='bbox 398 3167 486 3218; x_wconf 91' lang='grc' dir='ltr'>Ἐν</span> <span class='ocrx_word' id='word_1_327' title='bbox 508 3168 629 3227; x_wconf 85' lang='grc' dir='ltr'>ταῖς</span> <span class='ocrx_word' id='word_1_328' title='bbox 662 3164 904 3227; x_wconf 75' lang='grc' dir='ltr'>ἐντολαῖς</span> <span class='ocrx_word' id='word_1_329' title='bbox 938 3165 1127 3219; x_wconf 79' lang='grc' dir='ltr'>αὐτοῦ.</span> 
     </span>
    </p>
   </div>
   <div class='ocr_carea' id='block_1_58' title="bbox 1083 3151 2614 3227">
    <p class='ocr_par' dir='ltr' id='par_1_58' title="bbox 1083 3151 2614 3227">
     <span class='ocr_line' id='line_1_58' title="bbox 1083 3151 2614 3227; baseline -0.008 -8"><span class='ocrx_word' id='word_1_330' title='bbox 1083 3165 1127 3219; x_wconf 80' lang='lat'><strong>3.</strong></span> <span class='ocrx_word' id='word_1_331' title='bbox 1979 3158 2034 3213; x_wconf 90' lang='lat'><strong>9.</strong></span> <span class='ocrx_word' id='word_1_332' title='bbox 2076 3158 2135 3211; x_wconf 85' lang='lat' dir='ltr'><strong>In</strong></span> <span class='ocrx_word' id='word_1_333' title='bbox 2157 3155 2441 3227; x_wconf 53' lang='lat' dir='ltr'><strong>praeceptis</strong></span> <span class='ocrx_word' id='word_1_334' title='bbox 2475 3151 2614 3223; x_wconf 86' lang='lat' dir='ltr'><strong>ejus.</strong></span> 
     </span>
    </p>
   </div>
   <div class='ocr_carea' id='block_1_59' title="bbox 297 3244 1828 3328">
    <p class='ocr_par' dir='ltr' id='par_1_59' title="bbox 297 3256 1269 3328">
     <span class='ocr_line' id='line_1_59' title="bbox 297 3256 1269 3328; baseline 0 -17"><span class='ocrx_word' id='word_1_335' title='bbox 297 3256 387 3311; x_wconf 84' lang='grc'><strong>10.</strong></span> <span class='ocrx_word' id='word_1_336' title='bbox 434 3256 520 3310; x_wconf 87' lang='grc' dir='ltr'>Ἐν</span> <span class='ocrx_word' id='word_1_337' title='bbox 549 3260 616 3328; x_wconf 80' lang='grc' dir='ltr'>τῇ</span> <span class='ocrx_word' id='word_1_338' title='bbox 640 3256 882 3328; x_wconf 81' lang='grc' dir='ltr'>ἁμαρτίᾳ</span> <span class='ocrx_word' id='word_1_339' title='bbox 912 3256 1107 3319; x_wconf 83' lang='grc' dir='ltr'>πένθος</span> <span class='ocrx_word' id='word_1_340' title='bbox 1133 3256 1269 3311; x_wconf 73' lang='grc' dir='ltr'>ἐστί.</span> 
     </span>
    </p>
   </div>
   <div class='ocr_carea' id='block_1_60' title="bbox 1218 3244 2749 3328">
    <p class='ocr_par' dir='ltr' id='par_1_60' title="bbox 1218 3244 2749 3328">
     <span class='ocr_line' id='line_1_60' title="bbox 1218 3244 2749 3328; baseline -0.008 -20"><span class='ocrx_word' id='word_1_341' title='bbox 1218 3256 1269 3311; x_wconf 85' lang='lat' dir='ltr'><strong>:i.</strong></span> <span class='ocrx_word' id='word_1_342' title='bbox 1832 3296 1878 3328; x_wconf 58' lang='grc' dir='ltr'><strong>ρ</strong></span> <span class='ocrx_word' id='word_1_343' title='bbox 1983 3246 2072 3303; x_wconf 88' lang='grc'><strong>10.</strong></span> <span class='ocrx_word' id='word_1_344' title='bbox 2096 3245 2155 3300; x_wconf 90' lang='lat' dir='ltr'><strong>In</strong></span> <span class='ocrx_word' id='word_1_345' title='bbox 2186 3254 2410 3316; x_wconf 88' lang='lat' dir='ltr'><strong>peccato</strong></span> <span class='ocrx_word' id='word_1_346' title='bbox 2438 3244 2617 3298; x_wconf 90' lang='lat' dir='ltr'><strong>luctus</strong></span> <span class='ocrx_word' id='word_1_347' title='bbox 2646 3247 2749 3296; x_wconf 87' lang='lat' dir='ltr'><strong>est.</strong></span> 
     </span>
    </p>
   </div>
   <div class='ocr_carea' id='block_1_61' title="bbox 295 3324 1826 3416">
    <p class='ocr_par' dir='ltr' id='par_1_61' title="bbox 295 3324 1658 3416">
     <span class='ocr_line' id='line_1_61' title="bbox 295 3324 1658 3416; baseline -0.002 -18"><span class='ocrx_word' id='word_1_348' title='bbox 295 3346 388 3399; x_wconf 84' lang='grc'><strong>11.</strong></span> <span class='ocrx_word' id='word_1_349' title='bbox 422 3347 532 3400; x_wconf 74' lang='grc' dir='ltr'><strong>Καὶ</strong></span> <span class='ocrx_word' id='word_1_350' title='bbox 558 3324 615 3399; x_wconf 68' lang='grc' dir='ltr'>ἐν</span> <span class='ocrx_word' id='word_1_351' title='bbox 638 3324 961 3416; x_wconf 33' lang='grc' dir='ltr'>τοῖς-ἔργοις</span> <span class='ocrx_word' id='word_1_352' title='bbox 988 3344 1081 3397; x_wconf 82' lang='grc' dir='ltr'>τοῦ</span> <span class='ocrx_word' id='word_1_353' title='bbox 1113 3344 1290 3414; x_wconf 85' lang='grc' dir='ltr'>φωτὸς</span> <span class='ocrx_word' id='word_1_354' title='bbox 1320 3342 1658 3412; x_wconf 85' lang='grc' dir='ltr'>ἀγαλλίασις.</span> 
     </span>
    </p>
   </div>
   <div class='ocr_carea' id='block_1_62' title="bbox 1523 3324 3054 3416">
    <p class='ocr_par' dir='ltr' id='par_1_62' title="bbox 1523 3324 3054 3415">
     <span class='ocr_line' id='line_1_62' title="bbox 1523 3324 3054 3415; baseline -0.014 -19"><span class='ocrx_word' id='word_1_355' title='bbox 1523 3360 1658 3405; x_wconf 76' lang='grc' dir='ltr'>ασις.</span> <span class='ocrx_word' id='word_1_356' title='bbox 1832 3324 1879 3358; x_wconf 63' lang='grc'><strong>¹⁴</strong></span> <span class='ocrx_word' id='word_1_357' title='bbox 1980 3338 2072 3415; x_wconf 80' lang='grc'><strong>11.</strong></span> <span class='ocrx_word' id='word_1_358' title='bbox 2109 3336 2177 3391; x_wconf 88' lang='grc' dir='ltr'>Ει</span> <span class='ocrx_word' id='word_1_359' title='bbox 2203 3336 2258 3391; x_wconf 90' lang='lat' dir='ltr'><strong>in</strong></span> <span class='ocrx_word' id='word_1_360' title='bbox 2299 3334 2555 3405; x_wconf 88' lang='lat' dir='ltr'><strong>operibus</strong></span> <span class='ocrx_word' id='word_1_361' title='bbox 2580 3331 2719 3386; x_wconf 84' lang='lat' dir='ltr'><strong>lueis</strong></span> <span class='ocrx_word' id='word_1_362' title='bbox 2745 3324 3054 3382; x_wconf 81' lang='lat' dir='ltr'><strong>exsultatio.</strong></span> 
     </span>
    </p>
   </div>
   <div class='ocr_carea' id='block_1_63' title="bbox 300 3410 1831 3509">
    <p class='ocr_par' dir='ltr' id='par_1_63' title="bbox 300 3410 1801 3509">
     <span class='ocr_line' id='line_1_63' title="bbox 300 3410 1801 3509; baseline -0.005 -17"><span class='ocrx_word' id='word_1_363' title='bbox 300 3439 391 3493; x_wconf 89' lang='grc'><strong>12.</strong></span> <span class='ocrx_word' id='word_1_364' title='bbox 436 3436 575 3507; x_wconf 82' lang='grc' dir='ltr'><strong>Ἐγὼ</strong></span> <span class='ocrx_word' id='word_1_365' title='bbox 603 3438 679 3502; x_wconf 78' lang='grc' dir='ltr'><strong>δὲ,</strong></span> <span class='ocrx_word' id='word_1_366' title='bbox 705 3410 833 3491; x_wconf 76' lang='grc' dir='ltr'>ὅταν</span> <span class='ocrx_word' id='word_1_367' title='bbox 857 3410 1136 3509; x_wconf 20' lang='grc' dir='ltr'>ᾑῆμαρτονξ</span> <span class='ocrx_word' id='word_1_368' title='bbox 1158 3410 1464 3505; x_wconf 31' lang='grc' dir='ltr'>ἔλεγον-Οὐ</span> <span class='ocrx_word' id='word_1_369' title='bbox 1503 3435 1577 3506; x_wconf 82' lang='grc' dir='ltr'><strong>μὴ</strong></span> <span class='ocrx_word' id='word_1_370' title='bbox 1602 3432 1801 3504; x_wconf 73' lang='grc' dir='ltr'>ἐπέλθῃ</span> 
     </span>
    </p>
   </div>
   <div class='ocr_carea' id='block_1_64' title="bbox 1946 3410 3477 3509">
    <p class='ocr_par' dir='ltr' id='par_1_64' title="bbox 1983 3410 3477 3497">
     <span class='ocr_line' id='line_1_64' title="bbox 1983 3410 3477 3497; baseline -0.013 -14"><span class='ocrx_word' id='word_1_371' title='bbox 1983 3410 2069 3485; x_wconf 78' lang='grc'><strong>12.</strong></span> <span class='ocrx_word' id='word_1_372' title='bbox 2105 3428 2216 3497; x_wconf 76' lang='lat' dir='ltr'><strong>Ego</strong></span> <span class='ocrx_word' id='word_1_373' title='bbox 2246 3436 2427 3482; x_wconf 89' lang='lat' dir='ltr'><strong>autem</strong></span> <span class='ocrx_word' id='word_1_374' title='bbox 2473 3440 2598 3480; x_wconf 92' lang='lat' dir='ltr'><strong>cum</strong></span> <span class='ocrx_word' id='word_1_375' title='bbox 2646 3420 2908 3493; x_wconf 86' lang='lat' dir='ltr'><strong>peccavi,</strong></span> <span class='ocrx_word' id='word_1_376' title='bbox 2956 3417 3113 3470; x_wconf 79' lang='lat' dir='ltr'><strong>dixi:</strong></span> <span class='ocrx_word' id='word_1_377' title='bbox 3160 3411 3276 3467; x_wconf 80' lang='lat' dir='ltr'><strong>Non</strong></span> <span class='ocrx_word' id='word_1_378' title='bbox 3315 3410 3477 3465; x_wconf 87' lang='lat' dir='ltr'><strong>adve-</strong></span> 
     </span>
    </p>
   </div>
   <div class='ocr_carea' id='block_1_65' title="bbox 219 3519 1750 3599">
    <p class='ocr_par' dir='ltr' id='par_1_65' title="bbox 219 3528 644 3599">
     <span class='ocr_line' id='line_1_65' title="bbox 219 3528 644 3599; baseline -0.002 -17"><span class='ocrx_word' id='word_1_379' title='bbox 219 3530 315 3583; x_wconf 78' lang='grc' dir='ltr'><strong>ὲπ’</strong></span> <span class='ocrx_word' id='word_1_380' title='bbox 344 3528 444 3599; x_wconf 77' lang='grc' dir='ltr'>ἐμὲ</span> <span class='ocrx_word' id='word_1_381' title='bbox 480 3528 644 3581; x_wconf 85' lang='grc' dir='ltr'>κακά.</span> 
     </span>
    </p>
   </div>
   <div class='ocr_carea' id='block_1_66' title="bbox 923 3519 2454 3599">
    <p class='ocr_par' dir='ltr' id='par_1_66' title="bbox 1909 3519 2454 3577">
     <span class='ocr_line' id='line_1_66' title="bbox 1909 3519 2454 3577; baseline -0.011 0"><span class='ocrx_word' id='word_1_382' title='bbox 1909 3522 2066 3577; x_wconf 89' lang='lat' dir='ltr'><strong>nient</strong></span> <span class='ocrx_word' id='word_1_383' title='bbox 2094 3520 2148 3574; x_wconf 92' lang='lat' dir='ltr'><strong>in</strong></span> <span class='ocrx_word' id='word_1_384' title='bbox 2178 3534 2266 3574; x_wconf 89' lang='lat' dir='ltr'><strong>me</strong></span> <span class='ocrx_word' id='word_1_385' title='bbox 2291 3519 2454 3573; x_wconf 87' lang='lat' dir='ltr'><strong>mala.</strong></span> 
     </span>
    </p>
   </div>
   <div class='ocr_carea' id='block_1_67' title="bbox 302 3592 1833 3689">
    <p class='ocr_par' dir='ltr' id='par_1_67' title="bbox 302 3592 1803 3689">
     <span class='ocr_line' id='line_1_67' title="bbox 302 3592 1803 3689; baseline 0.023 -14"><span class='ocrx_word' id='word_1_386' title='bbox 302 3592 389 3675; x_wconf 53' lang='lat'><strong>15.</strong></span> <span class='ocrx_word' id='word_1_387' title='bbox 422 3621 493 3673; x_wconf 79' lang='grc' dir='ltr'><strong>Σὺ</strong></span> <span class='ocrx_word' id='word_1_388' title='bbox 518 3620 595 3684; x_wconf 85' lang='grc' dir='ltr'><strong>δὲ,</strong></span> <span class='ocrx_word' id='word_1_389' title='bbox 620 3618 725 3689; x_wconf 77' lang='grc' dir='ltr'><strong>πρὸ</strong></span> <span class='ocrx_word' id='word_1_390' title='bbox 753 3616 846 3671; x_wconf 71' lang='grc' dir='ltr'>τοῦ</span> <span class='ocrx_word' id='word_1_391' title='bbox 896 3616 1161 3687; x_wconf 78' lang='grc' dir='ltr'>ἁμαρτεῖν</span> <span class='ocrx_word' id='word_1_392' title='bbox 1191 3631 1279 3685; x_wconf 70' lang='grc' dir='ltr'>μεν</span> <span class='ocrx_word' id='word_1_393' title='bbox 1320 3613 1527 3676; x_wconf 64' lang='grc' dir='ltr'><strong>ἔδωκας</strong></span> <span class='ocrx_word' id='word_1_394' title='bbox 1559 3614 1624 3683; x_wconf 72' lang='grc' dir='ltr'>τῇ</span> <span class='ocrx_word' id='word_1_395' title='bbox 1658 3611 1803 3681; x_wconf 59' lang='grc' dir='ltr'>ψυχῇ</span> 
     </span>
    </p>
   </div>
   <div class='ocr_carea' id='block_1_68' title="bbox 1946 3592 3477 3689">
    <p class='ocr_par' dir='ltr' id='par_1_68' title="bbox 1984 3592 3477 3677">
     <span class='ocr_line' id='line_1_68' title="bbox 1984 3592 3477 3677; baseline -0.015 -12"><span class='ocrx_word' id='word_1_396' title='bbox 1984 3613 2072 3667; x_wconf 81' lang='grc'><strong>15.</strong></span> <span class='ocrx_word' id='word_1_397' title='bbox 2105 3610 2188 3665; x_wconf 89' lang='lat' dir='ltr'><strong>Tu</strong></span> <span class='ocrx_word' id='word_1_398' title='bbox 2227 3618 2434 3672; x_wconf 90' lang='lat' dir='ltr'><strong>autem,</strong></span> <span class='ocrx_word' id='word_1_399' title='bbox 2476 3607 2798 3677; x_wconf 86' lang='lat' dir='ltr'><strong>priusquam</strong></span> <span class='ocrx_word' id='word_1_400' title='bbox 2834 3613 3137 3672; x_wconf 86' lang='lat' dir='ltr'><strong>peccarem,</strong></span> <span class='ocrx_word' id='word_1_401' title='bbox 3173 3592 3364 3649; x_wconf 87' lang='lat' dir='ltr'><strong>dedisti</strong></span> <span class='ocrx_word' id='word_1_402' title='bbox 3412 3606 3477 3646; x_wconf 81' lang='lat' dir='ltr'><strong>a-</strong></span> 
     </span>
    </p>
   </div>
   <div class='ocr_carea' id='block_1_69' title="bbox 226 3700 1757 3784">
    <p class='ocr_par' dir='ltr' id='par_1_69' title="bbox 226 3710 803 3784">
     <span class='ocr_line' id='line_1_69' title="bbox 226 3710 803 3784; baseline -0.01 -19"><span class='ocrx_word' id='word_1_403' title='bbox 226 3728 335 3784; x_wconf 87' lang='grc' dir='ltr'><strong>μου</strong></span> <span class='ocrx_word' id='word_1_404' title='bbox 364 3711 462 3782; x_wconf 87' lang='grc' dir='ltr'>τὴν</span> <span class='ocrx_word' id='word_1_405' title='bbox 490 3710 649 3780; x_wconf 84' lang='grc' dir='ltr'>χάριν</span> <span class='ocrx_word' id='word_1_406' title='bbox 688 3725 803 3761; x_wconf 86' lang='grc' dir='ltr'>σου.</span> 
     </span>
    </p>
   </div>
   <div class='ocr_carea' id='block_1_70' title="bbox 1172 3700 2703 3784">
    <p class='ocr_par' dir='ltr' id='par_1_70' title="bbox 1912 3700 2703 3772">
     <span class='ocr_line' id='line_1_70' title="bbox 1912 3700 2703 3772; baseline -0.009 -13"><span class='ocrx_word' id='word_1_407' title='bbox 1912 3705 2075 3759; x_wconf 72' lang='lat' dir='ltr'><strong>nimae</strong></span> <span class='ocrx_word' id='word_1_408' title='bbox 2103 3717 2241 3757; x_wconf 77' lang='lat' dir='ltr'><strong>meae</strong></span> <span class='ocrx_word' id='word_1_409' title='bbox 2272 3700 2503 3772; x_wconf 85' lang='lat' dir='ltr'><strong>gratiam</strong></span> <span class='ocrx_word' id='word_1_410' title='bbox 2532 3710 2703 3754; x_wconf 91' lang='lat' dir='ltr'><strong>tuam.</strong></span> 
     </span>
    </p>
   </div>
   <div class='ocr_carea' id='block_1_71' title="bbox 302 3786 1833 3873">
    <p class='ocr_par' dir='ltr' id='par_1_71' title="bbox 302 3795 1803 3873">
     <span class='ocr_line' id='line_1_71' title="bbox 302 3795 1803 3873; baseline -0.007 -17"><span class='ocrx_word' id='word_1_411' title='bbox 302 3803 390 3857; x_wconf 75' lang='lat' dir='ltr'><strong>M.</strong></span> <span class='ocrx_word' id='word_1_412' title='bbox 422 3802 682 3873; x_wconf 87' lang='grc' dir='ltr'>Ὕστερον</span> <span class='ocrx_word' id='word_1_413' title='bbox 704 3801 759 3854; x_wconf 86' lang='grc' dir='ltr'><strong>δὲ</strong></span> <span class='ocrx_word' id='word_1_414' title='bbox 787 3798 1165 3870; x_wconf 81' lang='grc' dir='ltr'>ἡμαρτηκότος</span> <span class='ocrx_word' id='word_1_415' title='bbox 1198 3814 1319 3867; x_wconf 89' lang='grc' dir='ltr'>μου,</span> <span class='ocrx_word' id='word_1_416' title='bbox 1337 3795 1692 3866; x_wconf 66' lang='grc' dir='ltr'>ἀπεστράφης</span> <span class='ocrx_word' id='word_1_417' title='bbox 1716 3812 1803 3864; x_wconf 87' lang='grc' dir='ltr'>με,</span> 
     </span>
    </p>
   </div>
   <div class='ocr_carea' id='block_1_72' title="bbox 1945 3786 3476 3873">
    <p class='ocr_par' dir='ltr' id='par_1_72' title="bbox 1982 3786 3476 3861">
     <span class='ocr_line' id='line_1_72' title="bbox 1982 3786 3476 3861; baseline -0.016 -12"><span class='ocrx_word' id='word_1_418' title='bbox 1982 3796 2070 3850; x_wconf 77' lang='grc'><strong>14.</strong></span> <span class='ocrx_word' id='word_1_419' title='bbox 2103 3794 2300 3850; x_wconf 89' lang='lat' dir='ltr'><strong>Postea</strong></span> <span class='ocrx_word' id='word_1_420' title='bbox 2332 3800 2511 3846; x_wconf 88' lang='lat' dir='ltr'><strong>autem</strong></span> <span class='ocrx_word' id='word_1_421' title='bbox 2543 3797 2804 3861; x_wconf 87' lang='lat' dir='ltr'><strong>peccante</strong></span> <span class='ocrx_word' id='word_1_422' title='bbox 2833 3801 2941 3851; x_wconf 86' lang='lat' dir='ltr'><strong>me,</strong></span> <span class='ocrx_word' id='word_1_423' title='bbox 2972 3786 3253 3837; x_wconf 85' lang='lat' dir='ltr'><strong>aversatus</strong></span> <span class='ocrx_word' id='word_1_424' title='bbox 3281 3791 3341 3829; x_wconf 89' lang='lat' dir='ltr'><strong>es</strong></span> <span class='ocrx_word' id='word_1_425' title='bbox 3369 3788 3476 3835; x_wconf 87' lang='lat' dir='ltr'><strong>me,</strong></span> 
     </span>
    </p>
   </div>
   <div class='ocr_carea' id='block_1_73' title="bbox 222 3863 1753 3962">
    <p class='ocr_par' dir='ltr' id='par_1_73' title="bbox 222 3863 1753 3962">
     <span class='ocr_line' id='line_1_73' title="bbox 222 3863 1753 3962; baseline -0.009 -13"><span class='ocrx_word' id='word_1_426' title='bbox 222 3897 324 3950; x_wconf 81' lang='grc' dir='ltr'><strong>καί</strong></span> <span class='ocrx_word' id='word_1_427' title='bbox 352 3897 408 3947; x_wconf 78' lang='grc' dir='ltr'><strong>ἐν</strong></span> <span class='ocrx_word' id='word_1_428' title='bbox 436 3863 605 3962; x_wconf 68' lang='grc' dir='ltr'>ἀγῶνί</span> <span class='ocrx_word' id='word_1_429' title='bbox 636 3863 1106 3962; x_wconf 42' lang='grc' dir='ltr'>πολλῷ-ἐγενόμην</span> <span class='ocrx_word' id='word_1_430' title='bbox 1153 3863 1257 3959; x_wconf 81' lang='grc' dir='ltr'>μνη</span> <span class='ocrx_word' id='word_1_431' title='bbox 1268 3863 1522 3959; x_wconf 69' lang='grc' dir='ltr'><strong>μονεύων⁷</strong></span> <span class='ocrx_word' id='word_1_432' title='bbox 1539 3863 1753 3957; x_wconf 32' lang='grc' dir='ltr'>τῆς-ήμλ</span> 
     </span>
    </p>
   </div>
   <div class='ocr_carea' id='block_1_74' title="bbox 1946 3863 3477 3962">
    <p class='ocr_par' dir='ltr' id='par_1_74' title="bbox 1946 3863 3477 3957">
     <span class='ocr_line' id='line_1_74' title="bbox 1946 3863 3477 3957; baseline -0.019 -13"><span class='ocrx_word' id='word_1_433' title='bbox 1946 3899 1966 3945; x_wconf 87' lang='grc' dir='ltr'><strong>ι</strong></span> <span class='ocrx_word' id='word_1_434' title='bbox 2007 3888 2062 3942; x_wconf 89' lang='lat' dir='ltr'><strong>in</strong></span> <span class='ocrx_word' id='word_1_435' title='bbox 2086 3899 2292 3957; x_wconf 78' lang='lat' dir='ltr'><strong>angore</strong></span> <span class='ocrx_word' id='word_1_436' title='bbox 2318 3884 2491 3939; x_wconf 90' lang='lat' dir='ltr'><strong>multo</strong></span> <span class='ocrx_word' id='word_1_437' title='bbox 2521 3882 2599 3937; x_wconf 85' lang='lat' dir='ltr'><strong>fui</strong></span> <span class='ocrx_word' id='word_1_438' title='bbox 2629 3888 2853 3953; x_wconf 88' lang='lat' dir='ltr'><strong>propter</strong></span> <span class='ocrx_word' id='word_1_439' title='bbox 2896 3869 3328 3930; x_wconf 87' lang='lat' dir='ltr'><strong>recordationem</strong></span> <span class='ocrx_word' id='word_1_440' title='bbox 3373 3863 3477 3918; x_wconf 89' lang='lat' dir='ltr'><strong>dici</strong></span> 
     </span>
    </p>
   </div>
   <div class='ocr_carea' id='block_1_75' title="bbox 228 3977 1759 4057">
    <p class='ocr_par' dir='ltr' id='par_1_75' title="bbox 228 3986 734 4057">
     <span class='ocr_line' id='line_1_75' title="bbox 228 3986 734 4057; baseline -0.002 -18"><span class='ocrx_word' id='word_1_441' title='bbox 228 4004 334 4057; x_wconf 83' lang='grc' dir='ltr'><strong>ρας</strong></span> <span class='ocrx_word' id='word_1_442' title='bbox 365 3987 461 4055; x_wconf 77' lang='grc' dir='ltr'>τῆς</span> <span class='ocrx_word' id='word_1_443' title='bbox 482 3986 734 4057; x_wconf 85' lang='grc' dir='ltr'>κρίσεως.</span> 
     </span>
    </p>
   </div>
   <div class='ocr_carea' id='block_1_76' title="bbox 589 3977 2120 4057">
    <p class='ocr_par' dir='ltr' id='par_1_76' title="bbox 589 3977 2120 4050">
     <span class='ocr_line' id='line_1_76' title="bbox 589 3977 2120 4050; baseline -0.005 -13"><span class='ocrx_word' id='word_1_444' title='bbox 589 4001 734 4047; x_wconf 72' lang='grc' dir='ltr'>ςεως.</span> <span class='ocrx_word' id='word_1_445' title='bbox 1907 3977 2120 4050; x_wconf 88' lang='lat' dir='ltr'><strong>judicii.</strong></span> 
     </span>
    </p>
   </div>
   <div class='ocr_carea' id='block_1_77' title="bbox 303 4052 1834 4148">
    <p class='ocr_par' dir='ltr' id='par_1_77' title="bbox 303 4052 1478 4148">
     <span class='ocr_line' id='line_1_77' title="bbox 303 4052 1478 4148; baseline -0.007 -17"><span class='ocrx_word' id='word_1_446' title='bbox 303 4077 394 4133; x_wconf 81' lang='grc'><strong>15.</strong></span> <span class='ocrx_word' id='word_1_447' title='bbox 598 4076 658 4128; x_wconf 82' lang='grc' dir='ltr'><strong>σὲ</strong></span> <span class='ocrx_word' id='word_1_448' title='bbox 686 4075 778 4127; x_wconf 85' lang='grc' dir='ltr'><strong>τὸν</strong></span> <span class='ocrx_word' id='word_1_449' title='bbox 807 4074 1034 4144; x_wconf 77' lang='grc' dir='ltr'>ποιητήν</span> <span class='ocrx_word' id='word_1_450' title='bbox 1066 4088 1167 4143; x_wconf 90' lang='grc' dir='ltr'><strong>μου</strong></span> <span class='ocrx_word' id='word_1_451' title='bbox 1195 4070 1478 4141; x_wconf 85' lang='grc' dir='ltr'>βοήσομαι.</span> 
     </span>
    </p>
   </div>
   <div class='ocr_carea' id='block_1_78' title="bbox 1540 4052 3071 4148">
    <p class='ocr_par' dir='ltr' id='par_1_78' title="bbox 1984 4052 3071 4122">
     <span class='ocr_line' id='line_1_78' title="bbox 1984 4052 3071 4122; baseline -0.016 -1"><span class='ocrx_word' id='word_1_452' title='bbox 1984 4067 2073 4122; x_wconf 84' lang='grc'><strong>15.</strong></span> <span class='ocrx_word' id='word_1_453' title='bbox 2099 4066 2182 4122; x_wconf 83' lang='lat' dir='ltr'><strong>Ad</strong></span> <span class='ocrx_word' id='word_1_454' title='bbox 2214 4074 2269 4120; x_wconf 90' lang='lat' dir='ltr'><strong>te</strong></span> <span class='ocrx_word' id='word_1_455' title='bbox 2293 4063 2556 4119; x_wconf 87' lang='lat' dir='ltr'><strong>factorem</strong></span> <span class='ocrx_word' id='word_1_456' title='bbox 2596 4071 2777 4113; x_wconf 91' lang='lat' dir='ltr'><strong>meum</strong></span> <span class='ocrx_word' id='word_1_457' title='bbox 2805 4052 3071 4109; x_wconf 86' lang='lat' dir='ltr'><strong>clamabo.</strong></span> 
     </span>
    </p>
   </div>
   <div class='ocr_carea' id='block_1_79' title="bbox 300 4140 1831 4237">
    <p class='ocr_par' dir='ltr' id='par_1_79' title="bbox 300 4140 1664 4237">
     <span class='ocr_line' id='line_1_79' title="bbox 300 4140 1664 4237; baseline -0.007 -15"><span class='ocrx_word' id='word_1_458' title='bbox 300 4169 393 4222; x_wconf 87' lang='grc'><strong>16.</strong></span> <span class='ocrx_word' id='word_1_459' title='bbox 434 4140 541 4221; x_wconf 60' lang='grc' dir='ltr'>Καὶ</span> <span class='ocrx_word' id='word_1_460' title='bbox 576 4166 713 4237; x_wconf 86' lang='grc' dir='ltr'>πρὸς</span> <span class='ocrx_word' id='word_1_461' title='bbox 748 4164 806 4217; x_wconf 84' lang='grc' dir='ltr'><strong>σὲ</strong></span> <span class='ocrx_word' id='word_1_462' title='bbox 840 4140 931 4217; x_wconf 79' lang='grc' dir='ltr'><strong>τὸν</strong></span> <span class='ocrx_word' id='word_1_463' title='bbox 957 4140 1147 4234; x_wconf 51' lang='grc' dir='ltr'>ἐέρορόν</span> <span class='ocrx_word' id='word_1_464' title='bbox 1180 4140 1280 4233; x_wconf 86' lang='grc' dir='ltr'><strong>μου</strong></span> <span class='ocrx_word' id='word_1_465' title='bbox 1311 4160 1664 4231; x_wconf 78' lang='grc' dir='ltr'>δεηθήσομαι.</span> 
     </span>
    </p>
   </div>
   <div class='ocr_carea' id='block_1_80' title="bbox 1802 4140 3333 4237">
    <p class='ocr_par' dir='ltr' id='par_1_80' title="bbox 1984 4140 3333 4223">
     <span class='ocr_line' id='line_1_80' title="bbox 1984 4140 3333 4223; baseline -0.015 -10"><span class='ocrx_word' id='word_1_466' title='bbox 1984 4158 2069 4213; x_wconf 89' lang='grc'><strong>16.</strong></span> <span class='ocrx_word' id='word_1_467' title='bbox 2101 4158 2168 4212; x_wconf 84' lang='grc' dir='ltr'>Ει</span> <span class='ocrx_word' id='word_1_468' title='bbox 2196 4156 2263 4212; x_wconf 92' lang='lat' dir='ltr'><strong>ad</strong></span> <span class='ocrx_word' id='word_1_469' title='bbox 2290 4164 2344 4211; x_wconf 91' lang='lat' dir='ltr'><strong>te</strong></span> <span class='ocrx_word' id='word_1_470' title='bbox 2374 4154 2736 4223; x_wconf 86' lang='lat' dir='ltr'><strong>inspectorem</strong></span> <span class='ocrx_word' id='word_1_471' title='bbox 2774 4159 2956 4200; x_wconf 90' lang='lat' dir='ltr'><strong>meum</strong></span> <span class='ocrx_word' id='word_1_472' title='bbox 2989 4140 3333 4212; x_wconf 89' lang='lat' dir='ltr'><strong>deprecabor.</strong></span> 
     </span>
    </p>
   </div>
   <div class='ocr_carea' id='block_1_81' title="bbox 300 4232 1831 4327">
    <p class='ocr_par' dir='ltr' id='par_1_81' title="bbox 300 4232 1805 4327">
     <span class='ocr_line' id='line_1_81' title="bbox 300 4232 1805 4327; baseline -0.007 -16"><span class='ocrx_word' id='word_1_473' title='bbox 300 4259 391 4312; x_wconf 85' lang='grc'><strong>17.</strong></span> <span class='ocrx_word' id='word_1_474' title='bbox 421 4232 643 4326; x_wconf 76' lang='grc' dir='ltr'>Ἔλεγον</span> <span class='ocrx_word' id='word_1_475' title='bbox 675 4254 897 4327; x_wconf 76' lang='grc' dir='ltr'>ἐμαυτῷ</span> <span class='ocrx_word' id='word_1_476' title='bbox 916 4268 931 4285; x_wconf 81' lang='grc'><strong><em>⁸</em></strong></span> <span class='ocrx_word' id='word_1_477' title='bbox 960 4232 1317 4322; x_wconf 16' lang='grc' dir='ltr'>Τίςήώφέλεια</span> <span class='ocrx_word' id='word_1_478' title='bbox 1343 4253 1409 4321; x_wconf 82' lang='grc' dir='ltr'>τῇ</span> <span class='ocrx_word' id='word_1_479' title='bbox 1440 4250 1584 4321; x_wconf 72' lang='grc' dir='ltr'>ψυχῇ</span> <span class='ocrx_word' id='word_1_480' title='bbox 1618 4268 1717 4320; x_wconf 87' lang='grc' dir='ltr'><strong>μου</strong></span> <span class='ocrx_word' id='word_1_481' title='bbox 1749 4251 1805 4301; x_wconf 79' lang='grc' dir='ltr'><strong>ἐν</strong></span> 
     </span>
    </p>
   </div>
   <div class='ocr_carea' id='block_1_82' title="bbox 1947 4232 3478 4327">
    <p class='ocr_par' dir='ltr' id='par_1_82' title="bbox 1984 4232 3478 4311">
     <span class='ocr_line' id='line_1_82' title="bbox 1984 4232 3478 4311; baseline -0.015 -5"><span class='ocrx_word' id='word_1_482' title='bbox 1984 4252 2075 4306; x_wconf 87' lang='grc'><strong>17.</strong></span> <span class='ocrx_word' id='word_1_483' title='bbox 2112 4250 2370 4305; x_wconf 90' lang='lat' dir='ltr'><strong>Dicebam</strong></span> <span class='ocrx_word' id='word_1_484' title='bbox 2401 4239 2759 4311; x_wconf 87' lang='lat' dir='ltr'><strong>mihimetipsi</strong></span> <span class='ocrx_word' id='word_1_485' title='bbox 2791 4256 2806 4293; x_wconf 71' lang='grc' dir='ltr'>ε</span> <span class='ocrx_word' id='word_1_486' title='bbox 2853 4235 2984 4303; x_wconf 83' lang='lat' dir='ltr'><strong>Quae</strong></span> <span class='ocrx_word' id='word_1_487' title='bbox 3011 4234 3220 4289; x_wconf 90' lang='lat' dir='ltr'><strong>utilitas</strong></span> <span class='ocrx_word' id='word_1_488' title='bbox 3257 4232 3313 4285; x_wconf 91' lang='lat' dir='ltr'><strong>in</strong></span> <span class='ocrx_word' id='word_1_489' title='bbox 3352 4244 3478 4300; x_wconf 87' lang='lat' dir='ltr'><strong>pec-</strong></span> 
     </span>
    </p>
   </div>
   <div class='ocr_carea' id='block_1_83' title="bbox 223 4337 1754 4422">
    <p class='ocr_par' dir='ltr' id='par_1_83' title="bbox 223 4350 807 4422">
     <span class='ocr_line' id='line_1_83' title="bbox 223 4350 807 4422; baseline -0.009 -17"><span class='ocrx_word' id='word_1_490' title='bbox 223 4350 307 4422; x_wconf 78' lang='grc' dir='ltr'>τῷ</span> <span class='ocrx_word' id='word_1_491' title='bbox 335 4350 670 4421; x_wconf 81' lang='grc' dir='ltr'>ἁμαρτάνειν</span> <span class='ocrx_word' id='word_1_492' title='bbox 695 4365 763 4419; x_wconf 90' lang='grc' dir='ltr'><strong>με</strong></span> <span class='ocrx_word' id='word_1_493' title='bbox 792 4365 807 4412; x_wconf 90' lang='grc'><strong>;</strong></span> 
     </span>
    </p>
   </div>
   <div class='ocr_carea' id='block_1_84' title="bbox 993 4337 2524 4422">
    <p class='ocr_par' dir='ltr' id='par_1_84' title="bbox 1912 4337 2524 4399">
     <span class='ocr_line' id='line_1_84' title="bbox 1912 4337 2524 4399; baseline -0.015 1"><span class='ocrx_word' id='word_1_494' title='bbox 1912 4344 2088 4399; x_wconf 87' lang='lat' dir='ltr'><strong>cando</strong></span> <span class='ocrx_word' id='word_1_495' title='bbox 2116 4342 2313 4398; x_wconf 68' lang='lat' dir='ltr'><strong>anima:</strong></span> <span class='ocrx_word' id='word_1_496' title='bbox 2342 4354 2477 4394; x_wconf 74' lang='lat' dir='ltr'><strong>meae</strong></span> <span class='ocrx_word' id='word_1_497' title='bbox 2502 4337 2524 4391; x_wconf 71' lang='grc' dir='ltr'><strong>ἰ</strong></span> 
     </span>
    </p>
   </div>
   <div class='ocr_carea' id='block_1_85' title="bbox 304 4412 1835 4510">
    <p class='ocr_par' dir='ltr' id='par_1_85' title="bbox 304 4412 1806 4510">
     <span class='ocr_line' id='line_1_85' title="bbox 304 4412 1806 4510; baseline -0.01 -13"><span class='ocrx_word' id='word_1_498' title='bbox 304 4412 511 4506; x_wconf 51' lang='lat'><strong>18,19.</strong></span> <span class='ocrx_word' id='word_1_499' title='bbox 551 4442 622 4493; x_wconf 89' lang='grc' dir='ltr'><em>Ἢ</em></span> <span class='ocrx_word' id='word_1_500' title='bbox 687 4412 823 4510; x_wconf 79' lang='grc' dir='ltr'>μετὰ</span> <span class='ocrx_word' id='word_1_501' title='bbox 870 4438 928 4491; x_wconf 83' lang='grc' dir='ltr'><strong>τὸ</strong></span> <span class='ocrx_word' id='word_1_502' title='bbox 978 4436 1270 4491; x_wconf 86' lang='grc' dir='ltr'>ἀποθανεῖν</span> <span class='ocrx_word' id='word_1_503' title='bbox 1314 4430 1806 4505; x_wconf 78' lang='grc' dir='ltr'>ἐξομολογήσασθαί</span> 
     </span>
    </p>
   </div>
   <div class='ocr_carea' id='block_1_86' title="bbox 1957 4412 3488 4510">
    <p class='ocr_par' dir='ltr' id='par_1_86' title="bbox 1988 4412 3488 4502">
     <span class='ocr_line' id='line_1_86' title="bbox 1988 4412 3488 4502; baseline -0.019 -11"><span class='ocrx_word' id='word_1_504' title='bbox 1988 4435 2076 4502; x_wconf 88' lang='grc'><strong>18,</strong></span> <span class='ocrx_word' id='word_1_505' title='bbox 2130 4432 2217 4489; x_wconf 87' lang='grc'><strong>19.</strong></span> <span class='ocrx_word' id='word_1_506' title='bbox 2253 4434 2338 4486; x_wconf 88' lang='lat' dir='ltr'><strong>An</strong></span> <span class='ocrx_word' id='word_1_507' title='bbox 2385 4438 2677 4501; x_wconf 90' lang='lat' dir='ltr'><strong>postquam</strong></span> <span class='ocrx_word' id='word_1_508' title='bbox 2733 4431 2983 4479; x_wconf 89' lang='lat' dir='ltr'><strong>mortuus</strong></span> <span class='ocrx_word' id='word_1_509' title='bbox 3038 4418 3190 4473; x_wconf 79' lang='lat' dir='ltr'><strong>fuero</strong></span> <span class='ocrx_word' id='word_1_510' title='bbox 3231 4412 3488 4469; x_wconf 82' lang='lat' dir='ltr'><strong>conﬁteri.</strong></span> 
     </span>
    </p>
   </div>
   <div class='ocr_carea' id='block_1_87' title="bbox 229 4521 1760 4605">
    <p class='ocr_par' dir='ltr' id='par_1_87' title="bbox 229 4534 611 4605">
     <span class='ocr_line' id='line_1_87' title="bbox 229 4534 611 4605; baseline -0.013 -16"><span class='ocrx_word' id='word_1_511' title='bbox 229 4554 315 4589; x_wconf 88' lang='grc' dir='ltr'><strong>σοι</strong></span> <span class='ocrx_word' id='word_1_512' title='bbox 344 4534 573 4605; x_wconf 77' lang='grc' dir='ltr'>δύναμαι</span> <span class='ocrx_word' id='word_1_513' title='bbox 595 4550 611 4599; x_wconf 90' lang='grc'>;</span> 
     </span>
    </p>
   </div>
   <div class='ocr_carea' id='block_1_88' title="bbox 775 4521 2306 4605">
    <p class='ocr_par' dir='ltr' id='par_1_88' title="bbox 1913 4521 2306 4595">
     <span class='ocr_line' id='line_1_88' title="bbox 1913 4521 2306 4595; baseline -0.013 -17"><span class='ocrx_word' id='word_1_514' title='bbox 1913 4525 2011 4581; x_wconf 92' lang='lat' dir='ltr'><strong>tibi</strong></span> <span class='ocrx_word' id='word_1_515' title='bbox 2039 4521 2306 4595; x_wconf 84' lang='lat' dir='ltr'><strong>possum?</strong></span> 
     </span>
    </p>
   </div>
   <div class='ocr_carea' id='block_1_89' title="bbox 300 4599 1831 4707">
    <p class='ocr_par' dir='ltr' id='par_1_89' title="bbox 300 4599 1803 4691">
     <span class='ocr_line' id='line_1_89' title="bbox 300 4599 1803 4691; baseline -0.01 -13"><span class='ocrx_word' id='word_1_516' title='bbox 300 4626 392 4687; x_wconf 89' lang='grc'><strong>20,</strong></span> <span class='ocrx_word' id='word_1_517' title='bbox 417 4599 506 4677; x_wconf 31' lang='grc'><strong>21..</strong></span> <span class='ocrx_word' id='word_1_518' title='bbox 534 4622 752 4691; x_wconf 82' lang='grc' dir='ltr'>Κύριος</span> <span class='ocrx_word' id='word_1_519' title='bbox 783 4618 1036 4691; x_wconf 75' lang='grc' dir='ltr'>ἐγενήθη</span> <span class='ocrx_word' id='word_1_520' title='bbox 1069 4618 1295 4687; x_wconf 80' lang='grc' dir='ltr'>,ϐοηθός</span> <span class='ocrx_word' id='word_1_521' title='bbox 1312 4633 1450 4686; x_wconf 82' lang='grc' dir='ltr'>μου,</span> <span class='ocrx_word' id='word_1_522' title='bbox 1481 4612 1653 4667; x_wconf 80' lang='grc' dir='ltr'><strong>ταῦτὰ</strong></span> <span class='ocrx_word' id='word_1_523' title='bbox 1706 4629 1803 4683; x_wconf 85' lang='grc' dir='ltr'><strong>μου</strong></span> 
     </span>
    </p>
   </div>
   <div class='ocr_carea' id='block_1_90' title="bbox 1948 4599 3479 4707">
    <p class='ocr_par' dir='ltr' id='par_1_90' title="bbox 1982 4599 3479 4681">
     <span class='ocr_line' id='line_1_90' title="bbox 1982 4599 3479 4681; baseline -0.016 -12"><span class='ocrx_word' id='word_1_524' title='bbox 1982 4616 2075 4681; x_wconf 85' lang='grc'><strong>20,</strong></span> <span class='ocrx_word' id='word_1_525' title='bbox 2108 4613 2198 4668; x_wconf 91' lang='grc'><strong>21.</strong></span> <span class='ocrx_word' id='word_1_526' title='bbox 2228 4610 2305 4665; x_wconf 86' lang='lat' dir='ltr'><strong>Ita</strong></span> <span class='ocrx_word' id='word_1_527' title='bbox 2350 4625 2436 4665; x_wconf 89' lang='lat' dir='ltr'><strong>me</strong></span> <span class='ocrx_word' id='word_1_528' title='bbox 2469 4609 2795 4679; x_wconf 88' lang='lat' dir='ltr'><strong>deprecante</strong></span> <span class='ocrx_word' id='word_1_529' title='bbox 2819 4650 2833 4673; x_wconf 93' lang='lat'><strong>,</strong></span> <span class='ocrx_word' id='word_1_530' title='bbox 2888 4603 3141 4657; x_wconf 81' lang='lat' dir='ltr'><strong>Dominus</strong></span> <span class='ocrx_word' id='word_1_531' title='bbox 3182 4599 3351 4669; x_wconf 74' lang='lat' dir='ltr'><strong>{actus</strong></span> <span class='ocrx_word' id='word_1_532' title='bbox 3400 4603 3479 4647; x_wconf 78' lang='lat' dir='ltr'><strong>est</strong></span> 
     </span>
    </p>
   </div>
   <div class='ocr_carea' id='block_1_91' title="bbox 228 4710 1759 4789">
    <p class='ocr_par' dir='ltr' id='par_1_91' title="bbox 228 4714 793 4789">
     <span class='ocr_line' id='line_1_91' title="bbox 228 4714 793 4789; baseline -0.005 -18"><span class='ocrx_word' id='word_1_533' title='bbox 228 4714 672 4789; x_wconf 83' lang='grc' dir='ltr'>προσευχομένου</span> <span class='ocrx_word' id='word_1_534' title='bbox 695 4714 793 4784; x_wconf 88' lang='grc'><strong>(1).</strong></span> 
     </span>
    </p>
   </div>
   <div class='ocr_carea' id='block_1_92' title="bbox 786 4710 2317 4789">
    <p class='ocr_par' dir='ltr' id='par_1_92' title="bbox 786 4710 2317 4777">
     <span class='ocr_line' id='line_1_92' title="bbox 786 4710 2317 4777; baseline -0.014 2"><span class='ocrx_word' id='word_1_535' title='bbox 786 4751 793 4768; x_wconf 75' lang='grc' dir='ltr'>ι</span> <span class='ocrx_word' id='word_1_536' title='bbox 1913 4710 2129 4777; x_wconf 85' lang='lat' dir='ltr'><strong>adjutor</strong></span> <span class='ocrx_word' id='word_1_537' title='bbox 2154 4721 2317 4759; x_wconf 80' lang='lat' dir='ltr'><strong>meus.</strong></span> 
     </span>
    </p>
   </div>
   <div class='ocr_carea' id='block_1_93' title="bbox 300 4791 1831 4876">
    <p class='ocr_par' dir='ltr' id='par_1_93' title="bbox 300 4803 1295 4876">
     <span class='ocr_line' id='line_1_93' title="bbox 300 4803 1295 4876; baseline -0.008 -15"><span class='ocrx_word' id='word_1_538' title='bbox 300 4808 393 4861; x_wconf 87' lang='grc'><strong>22.</strong></span> <span class='ocrx_word' id='word_1_539' title='bbox 424 4808 496 4860; x_wconf 84' lang='grc' dir='ltr'><strong>Τὸ</strong></span> <span class='ocrx_word' id='word_1_540' title='bbox 522 4806 714 4869; x_wconf 89' lang='grc' dir='ltr'>πένθος</span> <span class='ocrx_word' id='word_1_541' title='bbox 737 4806 835 4876; x_wconf 82' lang='grc' dir='ltr'>τῆς</span> <span class='ocrx_word' id='word_1_542' title='bbox 858 4803 1133 4876; x_wconf 85' lang='grc' dir='ltr'>ἁμαρτίας</span> <span class='ocrx_word' id='word_1_543' title='bbox 1172 4819 1295 4872; x_wconf 91' lang='grc' dir='ltr'>μου.</span> 
     </span>
    </p>
   </div>
   <div class='ocr_carea' id='block_1_94' title="bbox 1219 4791 2750 4876">
    <p class='ocr_par' dir='ltr' id='par_1_94' title="bbox 1219 4791 2750 4864">
     <span class='ocr_line' id='line_1_94' title="bbox 1219 4791 2750 4864; baseline -0.007 -10"><span class='ocrx_word' id='word_1_544' title='bbox 1219 4819 1295 4854; x_wconf 82' lang='grc' dir='ltr'><strong>ου.</strong></span> <span class='ocrx_word' id='word_1_545' title='bbox 1983 4800 2074 4854; x_wconf 88' lang='grc'><strong>22.</strong></span> <span class='ocrx_word' id='word_1_546' title='bbox 2114 4798 2345 4852; x_wconf 89' lang='lat' dir='ltr'><strong>Luctum</strong></span> <span class='ocrx_word' id='word_1_547' title='bbox 2376 4793 2583 4864; x_wconf 88' lang='lat' dir='ltr'><strong>peccati</strong></span> <span class='ocrx_word' id='word_1_548' title='bbox 2622 4791 2750 4845; x_wconf 87' lang='lat' dir='ltr'><strong>mei.</strong></span> 
     </span>
    </p>
   </div>
   <div class='ocr_carea' id='block_1_95' title="bbox 300 4874 1831 4969">
    <p class='ocr_par' dir='ltr' id='par_1_95' title="bbox 300 4874 1811 4969">
     <span class='ocr_line' id='line_1_95' title="bbox 300 4874 1811 4969; baseline -0.009 -16"><span class='ocrx_word' id='word_1_549' title='bbox 300 4900 392 4953; x_wconf 82' lang='grc'><strong>25.</strong></span> <span class='ocrx_word' id='word_1_550' title='bbox 433 4898 542 4969; x_wconf 82' lang='grc' dir='ltr'><strong>Τὴν</strong></span> <span class='ocrx_word' id='word_1_551' title='bbox 573 4874 849 4969; x_wconf 85' lang='grc' dir='ltr'>ἁμαρτίαν</span> <span class='ocrx_word' id='word_1_552' title='bbox 878 4874 1318 4967; x_wconf 79' lang='grc' dir='ltr'>μουδιέρρηξας,</span> <span class='ocrx_word' id='word_1_553' title='bbox 1345 4890 1440 4944; x_wconf 76' lang='grc' dir='ltr'><strong>καὶ</strong></span> <span class='ocrx_word' id='word_1_554' title='bbox 1474 4888 1811 4959; x_wconf 74' lang='grc' dir='ltr'>περιέζωσάς</span> 
     </span>
    </p>
   </div>
   <div class='ocr_carea' id='block_1_96' title="bbox 1948 4874 3479 4969">
    <p class='ocr_par' dir='ltr' id='par_1_96' title="bbox 1980 4874 3479 4947">
     <span class='ocr_line' id='line_1_96' title="bbox 1980 4874 3479 4947; baseline -0.012 -1"><span class='ocrx_word' id='word_1_555' title='bbox 1980 4892 2070 4947; x_wconf 82' lang='lat'><strong>2&#39;5.</strong></span> <span class='ocrx_word' id='word_1_556' title='bbox 2102 4889 2391 4944; x_wconf 88' lang='lat' dir='ltr'><strong>Peccatum</strong></span> <span class='ocrx_word' id='word_1_557' title='bbox 2418 4902 2597 4943; x_wconf 88' lang='lat' dir='ltr'><strong>meum</strong></span> <span class='ocrx_word' id='word_1_558' title='bbox 2623 4883 2965 4947; x_wconf 86' lang='lat' dir='ltr'><strong>conscidisti,</strong></span> <span class='ocrx_word' id='word_1_559' title='bbox 2998 4889 3051 4935; x_wconf 86' lang='lat' dir='ltr'><strong>et</strong></span> <span class='ocrx_word' id='word_1_560' title='bbox 3076 4874 3479 4933; x_wconf 86' lang='lat' dir='ltr'><strong>circumdedisti</strong></span> 
     </span>
    </p>
   </div>
   <div class='ocr_carea' id='block_1_97' title="bbox 231 4980 1762 5065">
    <p class='ocr_par' dir='ltr' id='par_1_97' title="bbox 231 4992 755 5065">
     <span class='ocr_line' id='line_1_97' title="bbox 231 4992 755 5065; baseline 0 -19"><span class='ocrx_word' id='word_1_561' title='bbox 231 5011 303 5065; x_wconf 85' lang='grc' dir='ltr'><strong>με</strong></span> <span class='ocrx_word' id='word_1_562' title='bbox 327 4992 427 5064; x_wconf 85' lang='grc' dir='ltr'>τὴν</span> <span class='ocrx_word' id='word_1_563' title='bbox 454 4993 609 5063; x_wconf 82' lang='grc' dir='ltr'>χάριν</span> <span class='ocrx_word' id='word_1_564' title='bbox 641 5008 755 5046; x_wconf 93' lang='grc' dir='ltr'>σου.</span> 
     </span>
    </p>
   </div>
   <div class='ocr_carea' id='block_1_98' title="bbox 815 4980 2346 5065">
    <p class='ocr_par' dir='ltr' id='par_1_98' title="bbox 1915 4980 2346 5052">
     <span class='ocr_line' id='line_1_98' title="bbox 1915 4980 2346 5052; baseline -0.012 -15"><span class='ocrx_word' id='word_1_565' title='bbox 1915 4997 2002 5037; x_wconf 92' lang='lat' dir='ltr'><strong>me</strong></span> <span class='ocrx_word' id='word_1_566' title='bbox 2032 4980 2204 5052; x_wconf 85' lang='lat' dir='ltr'><strong>gratia</strong></span> <span class='ocrx_word' id='word_1_567' title='bbox 2235 4989 2346 5033; x_wconf 89' lang='lat' dir='ltr'><strong>tua.</strong></span> 
     </span>
    </p>
   </div>
   <div class='ocr_carea' id='block_1_99' title="bbox 298 5068 1829 5154">
    <p class='ocr_par' dir='ltr' id='par_1_99' title="bbox 298 5072 1808 5154">
     <span class='ocr_line' id='line_1_99' title="bbox 298 5072 1808 5154; baseline -0.008 -17"><span class='ocrx_word' id='word_1_568' title='bbox 298 5084 390 5137; x_wconf 71' lang='grc'><strong>24.</strong></span> <span class='ocrx_word' id='word_1_569' title='bbox 429 5084 614 5146; x_wconf 85' lang='grc' dir='ltr'>Ὅπως</span> <span class='ocrx_word' id='word_1_570' title='bbox 637 5084 703 5137; x_wconf 84' lang='grc' dir='ltr'>ἂν</span> <span class='ocrx_word' id='word_1_571' title='bbox 738 5082 885 5154; x_wconf 77' lang='grc' dir='ltr'><strong>ψάλῃ</strong></span> <span class='ocrx_word' id='word_1_572' title='bbox 923 5100 1003 5136; x_wconf 89' lang='grc' dir='ltr'><strong>σοι</strong></span> <span class='ocrx_word' id='word_1_573' title='bbox 1031 5082 1065 5152; x_wconf 81' lang='grc' dir='ltr'><strong>ἡ</strong></span> <span class='ocrx_word' id='word_1_574' title='bbox 1101 5078 1297 5150; x_wconf 87' lang='grc' dir='ltr'>καρδία</span> <span class='ocrx_word' id='word_1_575' title='bbox 1330 5093 1454 5147; x_wconf 86' lang='grc' dir='ltr'>μου,</span> <span class='ocrx_word' id='word_1_576' title='bbox 1507 5072 1602 5128; x_wconf 72' lang='grc' dir='ltr'><strong>καὶ</strong></span> <span class='ocrx_word' id='word_1_577' title='bbox 1632 5072 1693 5126; x_wconf 79' lang='grc' dir='ltr'><strong>οὐ</strong></span> <span class='ocrx_word' id='word_1_578' title='bbox 1734 5072 1808 5143; x_wconf 84' lang='grc' dir='ltr'>μὴ</span> 
     </span>
    </p>
   </div>
   <div class='ocr_carea' id='block_1_100' title="bbox 1952 5068 3483 5154">
    <p class='ocr_par' dir='ltr' id='par_1_100' title="bbox 1983 5068 3483 5127">
     <span class='ocr_line' id='line_1_100' title="bbox 1983 5068 3483 5127; baseline -0.01 -1"><span class='ocrx_word' id='word_1_579' title='bbox 1983 5071 2074 5126; x_wconf 71' lang='grc'><strong>24.</strong></span> <span class='ocrx_word' id='word_1_580' title='bbox 2117 5068 2192 5126; x_wconf 88' lang='lat' dir='ltr'><strong>Ut</strong></span> <span class='ocrx_word' id='word_1_581' title='bbox 2236 5077 2422 5124; x_wconf 75' lang='lat' dir='ltr'><strong>cantet</strong></span> <span class='ocrx_word' id='word_1_582' title='bbox 2466 5069 2561 5124; x_wconf 89' lang='lat' dir='ltr'><strong>tibi</strong></span> <span class='ocrx_word' id='word_1_583' title='bbox 2593 5083 2687 5123; x_wconf 88' lang='lat' dir='ltr'><strong>cor</strong></span> <span class='ocrx_word' id='word_1_584' title='bbox 2738 5081 2943 5127; x_wconf 81' lang='lat' dir='ltr'><strong>meum,</strong></span> <span class='ocrx_word' id='word_1_585' title='bbox 2980 5072 3037 5118; x_wconf 90' lang='lat' dir='ltr'><strong>ct</strong></span> <span class='ocrx_word' id='word_1_586' title='bbox 3079 5077 3188 5116; x_wconf 89' lang='lat' dir='ltr'><strong>non</strong></span> <span class='ocrx_word' id='word_1_587' title='bbox 3236 5074 3325 5114; x_wconf 91' lang='lat' dir='ltr'><strong>me</strong></span> <span class='ocrx_word' id='word_1_588' title='bbox 3367 5073 3483 5127; x_wconf 76' lang='lat' dir='ltr'><strong>poe-</strong></span> 
     </span>
    </p>
   </div>
   <div class='ocr_carea' id='block_1_101' title="bbox 231 5162 1762 5248">
    <p class='ocr_par' dir='ltr' id='par_1_101' title="bbox 231 5174 617 5248">
     <span class='ocr_line' id='line_1_101' title="bbox 231 5174 617 5248; baseline 0 -20"><span class='ocrx_word' id='word_1_589' title='bbox 231 5174 617 5248; x_wconf 81' lang='grc' dir='ltr'>μεταμεληθῶ.</span> 
     </span>
    </p>
   </div>
   <div class='ocr_carea' id='block_1_102' title="bbox 596 5162 2127 5248">
    <p class='ocr_par' dir='ltr' id='par_1_102' title="bbox 596 5162 2127 5228">
     <span class='ocr_line' id='line_1_102' title="bbox 596 5162 2127 5228; baseline -0.008 0"><span class='ocrx_word' id='word_1_590' title='bbox 596 5206 617 5228; x_wconf 61' lang='grc' dir='ltr'><strong>η.</strong></span> <span class='ocrx_word' id='word_1_591' title='bbox 1916 5162 2127 5218; x_wconf 83' lang='lat' dir='ltr'><strong>nitebit.</strong></span> 
     </span>
    </p>
   </div>
   <div class='ocr_carea' id='block_1_103' title="bbox 301 5237 1832 5335">
    <p class='ocr_par' dir='ltr' id='par_1_103' title="bbox 301 5237 1803 5335">
     <span class='ocr_line' id='line_1_103' title="bbox 301 5237 1803 5335; baseline -0.009 -17"><span class='ocrx_word' id='word_1_592' title='bbox 301 5237 394 5318; x_wconf 60' lang='lat'><strong>25:</strong></span> <span class='ocrx_word' id='word_1_593' title='bbox 428 5237 541 5317; x_wconf 75' lang='grc' dir='ltr'>Οὐκ</span> <span class='ocrx_word' id='word_1_594' title='bbox 577 5265 634 5316; x_wconf 81' lang='grc' dir='ltr'>ὲν</span> <span class='ocrx_word' id='word_1_595' title='bbox 681 5262 859 5334; x_wconf 88' lang='grc' dir='ltr'>καιρῷ</span> <span class='ocrx_word' id='word_1_596' title='bbox 904 5262 978 5335; x_wconf 81' lang='grc' dir='ltr'><strong>μὴ</strong></span> <span class='ocrx_word' id='word_1_597' title='bbox 1028 5259 1282 5316; x_wconf 82' lang='grc' dir='ltr'>δουλὼσω</span> <span class='ocrx_word' id='word_1_598' title='bbox 1310 5258 1386 5330; x_wconf 90' lang='grc'><strong>(2)</strong></span> <span class='ocrx_word' id='word_1_599' title='bbox 1423 5274 1504 5310; x_wconf 84' lang='grc' dir='ltr'><strong>σοι</strong></span> <span class='ocrx_word' id='word_1_600' title='bbox 1548 5253 1803 5325; x_wconf 79' lang='grc' dir='ltr'>ἐμαυτὸν,</span> 
     </span>
    </p>
   </div>
   <div class='ocr_carea' id='block_1_104' title="bbox 1948 5237 3479 5335">
    <p class='ocr_par' dir='ltr' id='par_1_104' title="bbox 1983 5237 3479 5317">
     <span class='ocr_line' id='line_1_104' title="bbox 1983 5237 3479 5317; baseline -0.013 -11"><span class='ocrx_word' id='word_1_601' title='bbox 1983 5252 2075 5306; x_wconf 85' lang='grc'><strong>25.</strong></span> <span class='ocrx_word' id='word_1_602' title='bbox 2112 5248 2231 5305; x_wconf 87' lang='lat' dir='ltr'><strong>Non</strong></span> <span class='ocrx_word' id='word_1_603' title='bbox 2269 5248 2336 5305; x_wconf 84' lang='lat' dir='ltr'><strong>ad</strong></span> <span class='ocrx_word' id='word_1_604' title='bbox 2388 5255 2602 5317; x_wconf 83' lang='lat' dir='ltr'><strong>tempus</strong></span> <span class='ocrx_word' id='word_1_605' title='bbox 2634 5260 2722 5300; x_wconf 92' lang='lat' dir='ltr'><strong>me</strong></span> <span class='ocrx_word' id='word_1_606' title='bbox 2771 5245 2885 5314; x_wconf 88' lang='lat' dir='ltr'><strong>ipse</strong></span> <span class='ocrx_word' id='word_1_607' title='bbox 2932 5241 3030 5297; x_wconf 91' lang='lat' dir='ltr'><strong>tibi</strong></span> <span class='ocrx_word' id='word_1_608' title='bbox 3072 5241 3127 5296; x_wconf 91' lang='lat' dir='ltr'><strong>in</strong></span> <span class='ocrx_word' id='word_1_609' title='bbox 3163 5237 3479 5296; x_wconf 82' lang='lat' dir='ltr'><strong>servitutem</strong></span> 
     </span>
    </p>
   </div>
   <div class='ocr_carea' id='block_1_105' title="bbox 224 5340 1755 5420">
    <p class='ocr_par' dir='ltr' id='par_1_105' title="bbox 224 5357 818 5420">
     <span class='ocr_line' id='line_1_105' title="bbox 224 5357 818 5420; baseline -0.01 -3"><span class='ocrx_word' id='word_1_610' title='bbox 224 5359 349 5416; x_wconf 80' lang='grc' dir='ltr'>ἀλλ’</span> <span class='ocrx_word' id='word_1_611' title='bbox 389 5360 469 5420; x_wconf 88' lang='grc' dir='ltr'><strong>εἰς</strong></span> <span class='ocrx_word' id='word_1_612' title='bbox 506 5358 595 5412; x_wconf 84' lang='grc' dir='ltr'><strong>τὸν</strong></span> <span class='ocrx_word' id='word_1_613' title='bbox 626 5357 818 5411; x_wconf 83' lang='grc' dir='ltr'>αἰῶνα.</span> 
     </span>
    </p>
   </div>
   <div class='ocr_carea' id='block_1_106' title="bbox 1178 5340 2709 5420">
    <p class='ocr_par' dir='ltr' id='par_1_106' title="bbox 1916 5340 2709 5411">
     <span class='ocr_line' id='line_1_106' title="bbox 1916 5340 2709 5411; baseline -0.008 -13"><span class='ocrx_word' id='word_1_614' title='bbox 1916 5342 2187 5411; x_wconf 84' lang='lat' dir='ltr'><strong>addicam,</strong></span> <span class='ocrx_word' id='word_1_615' title='bbox 2221 5341 2313 5397; x_wconf 89' lang='lat' dir='ltr'><strong>sed</strong></span> <span class='ocrx_word' id='word_1_616' title='bbox 2341 5340 2394 5394; x_wconf 91' lang='lat' dir='ltr'><strong>in</strong></span> <span class='ocrx_word' id='word_1_617' title='bbox 2429 5347 2709 5394; x_wconf 68' lang='lat' dir='ltr'><strong>aaternum.</strong></span> 
     </span>
    </p>
   </div>
   <div class='ocr_carea' id='block_1_107' title="bbox 1190 5538 2538 5629">
    <p class='ocr_par' dir='ltr' id='par_1_107' title="bbox 1190 5538 2538 5629">
     <span class='ocr_line' id='line_1_107' title="bbox 1190 5538 2538 5629; baseline -0.01 -16"><span class='ocrx_word' id='word_1_618' title='bbox 1190 5550 1494 5613; x_wconf 84' lang='lat' dir='ltr'><strong>Addenda</strong></span> <span class='ocrx_word' id='word_1_619' title='bbox 1524 5556 1585 5611; x_wconf 87' lang='lat' dir='ltr'><strong>ct</strong></span> <span class='ocrx_word' id='word_1_620' title='bbox 1623 5544 2001 5629; x_wconf 79' lang='lat' dir='ltr'><strong>corrigenda</strong></span> <span class='ocrx_word' id='word_1_621' title='bbox 2055 5560 2133 5605; x_wconf 83' lang='lat' dir='ltr'><strong>ex</strong></span> <span class='ocrx_word' id='word_1_622' title='bbox 2164 5540 2301 5603; x_wconf 89' lang='lat' dir='ltr'><strong>cod.</strong></span> <span class='ocrx_word' id='word_1_623' title='bbox 2337 5538 2538 5602; x_wconf 87' lang='lat' dir='ltr'><strong>Vatic.</strong></span> 
     </span>
    </p>
   </div>
   <div class='ocr_carea' id='block_1_108' title="bbox 301 5733 1832 5824">
    <p class='ocr_par' dir='ltr' id='par_1_108' title="bbox 301 5740 1547 5824">
     <span class='ocr_line' id='line_1_108' title="bbox 301 5740 1547 5824; baseline -0.005 -22"><span class='ocrx_word' id='word_1_624' title='bbox 301 5744 381 5824; x_wconf 81' lang='lat' dir='ltr'><strong>(l)</strong></span> <span class='ocrx_word' id='word_1_625' title='bbox 411 5747 597 5803; x_wconf 78' lang='grc' dir='ltr'>Ταῦτά</span> <span class='ocrx_word' id='word_1_626' title='bbox 633 5764 733 5819; x_wconf 80' lang='grc' dir='ltr'><strong>μου</strong></span> <span class='ocrx_word' id='word_1_627' title='bbox 776 5760 928 5817; x_wconf 79' lang='grc' dir='ltr'>προσ.</span> <span class='ocrx_word' id='word_1_628' title='bbox 958 5744 1070 5801; x_wconf 67' lang='grc' dir='ltr'><strong>1ὶὶΒο</strong></span> <span class='ocrx_word' id='word_1_629' title='bbox 1102 5752 1313 5800; x_wconf 84' lang='lat' dir='ltr'><strong>tantum</strong></span> <span class='ocrx_word' id='word_1_630' title='bbox 1346 5742 1399 5797; x_wconf 91' lang='lat' dir='ltr'><strong>in</strong></span> <span class='ocrx_word' id='word_1_631' title='bbox 1426 5740 1547 5797; x_wconf 86' lang='lat' dir='ltr'><strong>cod.</strong></span> 
     </span>
    </p>
   </div>
   <div class='ocr_carea' id='block_1_109' title="bbox 1060 5733 2591 5824">
    <p class='ocr_par' dir='ltr' id='par_1_109' title="bbox 1060 5733 2591 5808">
     <span class='ocr_line' id='line_1_109' title="bbox 1060 5733 2591 5808; baseline -0.008 -9"><span class='ocrx_word' id='word_1_632' title='bbox 1060 5761 1070 5799; x_wconf 85' lang='lat'><em>:</em></span> <span class='ocrx_word' id='word_1_633' title='bbox 1102 5752 1313 5800; x_wconf 84' lang='lat' dir='ltr'><strong>tantum</strong></span> <span class='ocrx_word' id='word_1_634' title='bbox 1346 5742 1399 5797; x_wconf 88' lang='lat' dir='ltr'><strong>in</strong></span> <span class='ocrx_word' id='word_1_635' title='bbox 1426 5740 1547 5797; x_wconf 88' lang='lat' dir='ltr'><strong>cod.</strong></span> <span class='ocrx_word' id='word_1_636' title='bbox 1979 5736 2056 5808; x_wconf 82' lang='lat'><strong>(2)</strong></span> <span class='ocrx_word' id='word_1_637' title='bbox 2087 5733 2278 5805; x_wconf 75' lang='grc' dir='ltr'>Καιρῷ</span> <span class='ocrx_word' id='word_1_638' title='bbox 2314 5751 2420 5788; x_wconf 81' lang='grc' dir='ltr'>τινι</span> <span class='ocrx_word' id='word_1_639' title='bbox 2449 5734 2591 5787; x_wconf 87' lang='grc' dir='ltr'>δουλ.</span> 
     </span>
    </p>
   </div>
  </div>
