3878 6218
778 186 814 225 4

378 272 489 336 753
1231 283 1287 335 S.
1327 275 1704 337 ATHANASII
1746 276 1894 340 011).
1929 284 2107 340 PARS
2147 284 2239 341 lll.
2264 314 2331 325 —
2360 283 2772 340 EXEGETICA.
3516 286 3641 340 756

598 394 661 448 In
696 396 875 465 ﬁnem,
900 398 1137 467 psalmus
1168 398 1338 452 David
1369 418 1463 469 pro
1490 404 1712 455 exstasi.
1978 408 2027 464 Α
2123 448 2129 457 .

2024 452 2027 462 .
2123 405 2228 469 Εἰς
2260 403 2325 457 τὸ
2357 402 2560 469 τέλος,
2592 403 2834 472 ψαλμός
2872 401 2953 456 τῶ
2992 404 3169 457 datm
3190 402 3555 469 ἐκστάσεως.

955 489 1157 543 PSAL.
1194 478 1347 543 XXX
1359 530 1375 546 .

2698 500 2870 550 ΨΑΛ.
2901 502 2981 550 A'.

454 602 505 655 1.
555 601 610 655 ln
665 610 748 668 te,
797 601 1044 667 Domine,
1096 604 1330 673 speravi,
1389 620 1497 659 non
1545 605 1848 663 confundar
1894 608 1948 663 in

2124 607 2177 661 1.
2224 607 2347 661 Ἐπὶ
2367 607 2472 673 σοὶ,
2490 605 2683 677 Κύριε,
2708 606 2933 675 ἤλπισα,
2973 605 3045 676 μὴ
3074 606 3524 677 καταισχυνθείην
3550 608 3638 669 είς

379 705 643 746 θξςθιηιιιη
676 713 689 747 :
2050 698 2143 751 τὸν
2181 698 2381 752 αἰῶνα·

456 786 511 839 2.
548 786 603 837 In
623 786 834 855 justitia
864 796 955 840 tua
980 786 1146 841 libera
1178 803 1284 853 me,
1311 800 1365 843 et
1391 790 1539 859 eripe
1564 805 1668 845 me.

2122 788 2179 842 2.
2229 790 2317 841 ’Ev
2350 790 2417 859 τῇ
2444 787 2756 857 δικαιοσύνῃ
2794 805 2887 840 σου
2912 788 3075 859 ρῦσαί
3100 806 3187 859 με,
3206 788 3299 841 καὶ
3326 786 3508 853 ἐξελοῦ
3536 806 3633 859 με.

452 876 504 929 5.
535 876 740 931 lnclina
771 878 835 932 ad
868 894 953 932 me
987 894 1174 933 aurem
1205 888 1354 934 tuam
1387 900 1399 933 :

2124 882 2177 935 5.
2213 882 2407 934 Κλῖνον
2435 881 2570 951 πρός
2606 898 2672 951 με
2702 881 2764 933 τὸ
2793 878 2886 945 οὖς
2912 899 3004 934 σου
3030 900 3043 913 ·

456 966 511 1017 4.
533 966 790 1021 Accelera
815 976 874 1021 ut
902 984 1064 1022 eruas
1097 984 1205 1022 me.

2123 973 2179 1026 4.
2215 973 2455 1042 Τάχυνον
2476 970 2571 1025 τοῦ
2606 971 2881 1035 ἐξελέσθαι
2915 989 3001 1042 με.

455 1057 510 1111 5.
546 1056 676 1111 Esto
703 1058 836 1112 mihi
867 1060 920 1111 in
952 1058 1121 1113 Deum
1154 1066 1537 1128 protectorem,

2123 1064 2180 1117 5.
2212 1063 2375 1116 Γενοῢ
2411 1080 2500 1133 μοι
2523 1065 2601 1127 είς
2624 1065 2755 1117 Θεὸν
2787 1066 3218 1135 ὑπερασπιστὴν,

456 1147 513 1203 6.
548 1147 612 1202 Et
648 1150 701 1202 in
727 1149 951 1203 domum
994 1148 1213 1219 refugii,
1244 1160 1303 1205 ut
1341 1152 1551 1205 salvum
1585 1167 1670 1207 me
1703 1151 1892 1208 facias.

1888 1195 1892 1207 .
2129 1155 2185 1210 6.
2220 1156 2330 1209 Καὶ
2364 1156 2443 1217 είς
2472 1150 2619 1208 οἷκον
2652 1156 2974 1223 καταφυγῆς
3001 1155 3095 1207 τοῦ
3126 1156 3297 1208 σῶσαί
3329 1173 3419 1227 με.

462 1237 513 1291 7.
556 1236 828 1303 Quoniam
876 1237 1142 1293 fortitudo
1186 1255 1305 1293 mea
1352 1251 1407 1295 et
1460 1241 1730 1312 refugium
1772 1258 1953 1298 meum

2129 1248 2181 1301 7.
2215 1248 2339 1299 ’Ότι
2370 1247 2694 1317 κραταίωμά
2725 1265 2851 1318 μου,
2887 1248 2979 1301 καὶ
3004 1249 3291 1317 καταφυγή
3325 1238 3428 1317 μου
3470 1242 3522 1300 εἴ
3542 1244 3635 1300 σύ·

388 1346 448 1384 es
478 1339 534 1384 tu
561 1350 577 1386 :
1752 1334 1759 1339 ’

459 1423 512 1476 8.
552 1421 618 1476 Et
658 1431 879 1493 propter
909 1439 1106 1479 nomen
1147 1433 1300 1479 tuum
1332 1424 1570 1481 deduces
1606 1441 1713 1491 me,
1743 1434 1797 1481 et
1824 1442 1958 1481 enu-

2128 1425 2181 1479 8.
2214 1424 2323 1477 Kal.
2354 1422 2540 1476 ἕνεκεν
2560 1420 2657 1475 τοῦ
2682 1422 2943 1493 ὀνόματός
2971 1438 3065 1475 σου
3087 1421 3372 1492 ὁδηγήσεις
3406 1438 3472 1491 με
3494 1461 3508 1485 ,
3538 1418 3641 1473 καὶ

393 1512 524 1567 tries
551 1529 659 1567 me.

2058 1516 2371 1587 διαθρέψεις
2405 1532 2494 1586 με.

461 1604 514 1659 9.
547 1603 761 1661 Educes
791 1620 878 1660 me
903 1604 970 1661 de
995 1606 1189 1661 laoueo
1214 1605 1338 1670 hoc,
1364 1621 1525 1676 quem
1557 1607 1959 1663 absconderunt

2130 1608 2182 1662 9.
2221 1607 2461 1675 Ἐξάξεις
2490 1626 2555 1680 με
2586 1608 2650 1661 ἐκ
2676 1606 2904 1675 παγίδος
2922 1605 3145 1677 ταύτης.
3163 1596 3231 1676 ἧς
3254 1602 3495 1674 ἔκρυψὰν
3525 1620 3638 1673 μοι·

392 1698 524 1752 mihi
552 1716 565 1752 :

464 1789 551 1843 10.
581 1788 849 1855 Quoniam
875 1797 932 1843 tu
964 1805 1023 1844 es
1050 1797 1329 1859 protector
1360 1804 1537 1857 meus,
1567 1788 1819 1847 Domine.
1986 1782 1995 1836 1

1986 1782 2029 1836 Β
2128 1792 2216 1847 10.
2251 1793 2375 1845 Ὀτι
2410 1791 2472 1843 σὺ
2505 1785 2557 1843 εἶ
2586 1792 2614 1843 6
2638 1790 3050 1859 ὑπερασπιστὴς
3084 1788 3218 1858 μουί,
3257 1785 3454 1855 Κύριε.

465 1879 553 1934 11.
585 1878 645 1933 lu
672 1896 867 1935 manus
890 1889 1011 1936 tuas
1043 1882 1435 1936 commendabo
1465 1882 1714 1950 spiritum
1738 1898 1916 1936 meum
1942 1902 1954 1935 :

2134 1886 2224 1939 11.
2261 1885 2355 1946 Εἰς
2387 1882 2577 1954 χεῖράς
2613 1898 2705 1934 σου
2730 1880 3119 1949 παραθήσομαι
3158 1879 3220 1931 τὸ
3247 1877 3466 1946 πνεῦμά
3495 1894 3597 1947 μου
3624 1894 3638 1908 ·

465 1971 553 2024 12.
580 1968 876 2025 Redemisti
914 1988 1019 2036 me,
1050 1972 1276 2027 Domine
1301 1972 1444 2027 Deus
1466 1974 1732 2028 veritatis.

2134 1975 2223 2029 12.
2269 1972 2591 2044 Ἐλυτρώσω
2625 1989 2712 2042 με,
2750 1971 2921 2041 Κύριε
2950 1972 2978 2023 ὁ
3008 1970 3141 2033 Θεὸς
3163 1972 3261 2039 τῆς
3289 1968 3563 2038 ἀληθείας.

464 2062 551 2116 15.
584 2061 757 2117 Odisti
799 2062 1031 2134 [omnes]
1061 2064 1411 2117 observantes
1463 2064 1731 2119 vanitates
1773 2079 1959 2134 snper-

2135 2066 2221 2121 15.
2268 2066 2567 2136 Ἐμίσησας
2589 2065 2713 2129 τοὺς
2732 2062 2973 2135 [πάντας
2999 2060 3160 2132 τοὺς]
3181 2061 3645 2129 διαφυλάσσοντας

394 2164 587 2207 ναουθ.
1326 2180 1334 2189 ’

1326 2180 1334 2189 ’
2068 2158 2437 2229 ματαιότητας
2466 2156 2739 2226 διακενῆς.

468 2244 557 2299 14.
588 2243 700 2313 Ego
730 2253 908 2299 autem
941 2244 993 2300 in
1025 2244 1257 2302 Domino
1290 2247 1499 2317 speravi
1528 2265 1541 2301 :

2137 2249 2227 2303 14.
2268 2247 2408 2315 Ἐγὼ
2438 2248 2493 2300 δὲ
2521 2247 2613 2299 ἐπὶ
2636 2246 2715 2316 τῷ
2735 2246 2926 2315 Κυρίῳ
2949 2244 3154 2314 ἦλπισα.
3174 2257 3189 2271 ·

468 2336 557 2390 15.
588 2335 909 2404 Exsultabo,
934 2348 987 2392 et
1017 2339 1239 2393 letabor
1264 2340 1317 2392 in
1351 2338 1728 2395 misericordia
1760 2348 1875 2395 tua.

2139 2340 2227 2395 15.
2263 2338 2685 2409 Ἀγαλλιάσομαι
2709 2337 2802 2390 καὶ
2830 2336 3275 2407 εὐφρανθήσομαι
3295 2333 3387 2385 ἐπὶ
3403 2330 3480 2401 τῷ
3501 2329 3645 2383 ἐλέει

2070 2447 2183 2483 σου.

475 2515 559 2570 16.
594 2514 862 2583 Quoniam
896 2516 1181 2586 respexisti
1215 2516 1577 2572 humilitatem
1616 2532 1791 2573 meam
1824 2536 1838 2572 :

2138 2519 2227 2574 16.
2265 2520 2386 2573 Ὀτι
2405 2520 2614 2582 ἐπεῖδες
2627 2519 2720 2571 ἐπὶ
2738 2517 2853 2589 [ἐπί
2869 2515 3041 2589 deest]
3056 2517 3153 2587 τὴν
3173 2511 3500 2569 ταπείνωσίν
3516 2527 3639 2581 μου’

475 2606 557 2661 l7.
589 2606 819 2662 Salvasti
857 2608 923 2661 de
952 2608 1371 2662 necessitatibus
1410 2610 1649 2662 animam
1675 2624 1853 2663 meam
1881 2626 1895 2662 :

2143 2610 2233 2663 17.
2264 2610 2514 2672 Ἐσωσας
2546 2612 2611 2662 ὲκ
2644 2609 2751 2661 τῶν
2774 2608 3027 2676 ἀναγκῶν
3056 2608 3153 2678 τὴν
3185 2606 3362 2675 ψυχήν
3399 2620 3499 2673 μου
3519 2617 3531 2630 ·

470 2699 557 2754 18.
573 2698 639 2752 Ει
656 2714 764 2753 non
790 2698 1102 2754 conclusisti
1121 2714 1206 2753 me
1222 2699 1276 2752 in
1296 2698 1545 2753 manibus
1570 2699 1918 2752 inimicorum
1947 2717 1960 2751 :

2143 2701 2232 2755 18.
2267 2700 2378 2754 Καὶ
2410 2701 2469 2753 οὐ
2507 2700 2854 2763 ωνέκλεισάς
2889 2717 2955 2770 με
2982 2701 3061 2762 εἰς
3091 2701 3277 2771 χεῖρας
3304 2694 3534 2767 ἐχθρῶν.

1521 2810 1901 2865 ATHANASII
1938 2810 2522 2869 INTERPRETATIO.

478 2926 543 2981 Ἦ
576 2927 909 2998 προκειμένη
946 2926 1227 2999 ἐπιγραφὴ
1261 2926 1505 3000 περιέχει
1525 2944 1539 2959 ·
1578 2927 1823 2997 Ψαλμὸς
1855 2928 1930 3000 (1)
1961 2928 2041 2995 τῷ
2062 2931 2262 2999 Δαϐὶδ,
2295 2931 2642 2997 ἐκστάσεως
2668 2970 2682 2995 ,
2714 2932 2959 2985 τουτέστι
2991 2930 3082 2984 τὸν
3124 2928 3595 2999 ψαλμὸν-εἴρηκεν
3620 2928 3655 2979 6

396 3014 562 3075 Δαόὶδ
590 3022 669 3083 είς
698 3020 823 3083 τοὺς
860 3020 1079 3083 τελείως
1095 3021 1392 3091 ἐκστάντας
1422 3020 1529 3073 ἀπὸ
1552 3021 1649 3091 τῆς
1668 3020 1965 3092 ἁμαρτίας,
1997 3023 2092 3076 καὶ
2126 3024 2560 3095 ἐπιστρέψαντας
2590 3023 2683 3075 ἐπὶ
2711 3024 2803 3077 τὸν
2835 3023 3059 3095 Κύριον.

474 3133 689 3190 Titulus
718 3136 1045 3204 praepositus
1076 3135 1321 3190 continet
1347 3153 1361 3189 :
1392 3135 1639 3189 Psalmus
1668 3135 1839 3189 David
1862 3152 1957 3205 pro
1982 3138 2207 3205 exstasi,
2225 3153 2318 3193 seu
2354 3153 2455 3207 pro
2477 3139 2745 3206 discessu,
2770 3138 2874 3193 hoc
2893 3146 2997 3201 est,
3025 3136 3294 3207 psalmum
3318 3134 3451 3189 dixit
3476 3133 3651 3187 David

399 3229 467 3283 de
492 3227 892 3283 discedentibus
917 3229 1142 3283 omnino
1174 3245 1203 3283 a
1245 3231 1501 3299 peccatis,
1532 3238 1587 3284 et
1617 3245 1675 3284 se
1705 3231 1771 3285 ad
1800 3231 2089 3287 Dominum
2121 3234 2588 3289 convertentibus.

467 3349 523 3403 1.
549 3346 777 3402 Omnem
818 3364 993 3404 meam
1024 3349 1442 3405 sollicitudinem
1478 3349 1686 3405 habens
1714 3350 1769 3404 in
1799 3359 1872 3406 te.
1988 3363 1998 3412 ι

1988 3357 2033 3418 C
2134 3353 2187 3407 1.
2217 3352 2328 3424 Τὴν
2352 3353 2620 3424 μέριμνάν
2660 3368 2761 3422 μου
2795 3351 2977 3403 πᾶσαν
2999 3349 3093 3402 ἐπὶ
3115 3348 3173 3400 σὲ
3207 3347 3344 3417 ἔχων
3367 3345 3467 3418 (2).

466 3430 524 3493 2.
551 3434 629 3494 Ne
659 3440 925 3508 reprobus
956 3439 1105 3504 tiam,
1135 3438 1385 3495 Domine.

2141 3444 2195 3497 2.
2226 3443 2312 3515 Μὴ
2332 3445 2588 3514 ἀδόκιμος
2605 3442 2871 3512 γένωμαι,
2906 3440 3099 3510 Κύριε.

465 3532 519 3585 5.
556 3531 827 3601 Benignas
856 3546 1017 3585 aures
1045 3530 1180 3585 mihi
1214 3531 1415 3601 praebe.

2141 3537 2195 3590 5.
2228 3536 2445 3606 Εὐμενῆ
2482 3552 2572 3605 μοι
2603 3534 2671 3587 τὰ
2700 3529 2813 3586 ὦτα
2838 3532 2913 3603 (5)
2942 3532 3246 3603 παράσχου.

471 3622 524 3674 4.
558 3621 625 3674 Et
660 3621 856 3677 festina
889 3624 955 3677 ad
991 3640 1078 3679 me
1112 3624 1472 3701 liberandum.

2140 3628 2194 3681 4.
2224 3628 2333 3681 Καὶ
2363 3626 2593 3680 σπεῦσον
2631 3625 2723 3677 τοῦ
2764 3624 3040 3690 ἐξελέσθαι
3068 3640 3154 3691 με.

471 3714 527 3769 5.
560 3713 693 3768 Esto
723 3715 852 3768 mihi
884 3716 939 3768 in
980 3715 1150 3768 Deum
1182 3716 1536 3785 opitulantem
1565 3714 1722 3769 mihi.

2144 3719 2195 3771 5.
2222 3718 2414 3771 Γενοῦ
2432 3735 2533 3785 μοι
2563 3720 2653 3782 εἱς
2676 3716 2823 3769 Θεὸν
2851 3714 3296 3783 ἀντιποιούμενόν
3329 3730 3451 3783 μου.

472 3804 527 3859 6.
556 3804 659 3871 Qui
689 3806 834 3859 enim
865 3805 929 3859 ad
957 3814 1007 3859 te
1038 3806 1184 3860 venit
1209 3820 1315 3859 non
1347 3805 1615 3873 ejicietur.

2142 3809 2194 3862 6.
2241 3809 2297 3860 Ὀ
2327 3808 2435 3882 γᾴρ
2457 3807 2751 3878 ἐρχόμενος
2778 3804 2913 3876 πρὸς
2934 3805 2993 3855 σὲ
3030 3804 3090 3857 οὐ
3134 3803 3208 3873 μὴ
3248 3802 3437 3873 ἐξέλθῃ
3470 3801 3595 3866 ἔξω.

474 3888 527 3949 7.
560 3895 831 3961 Quoniam
860 3896 1034 3951 virtus
1074 3910 1195 3950 mea
1242 3904 1297 3949 et
1328 3895 1729 3948 munimentum
1784 3904 1965 3948 meum

1793 3904 1965 3948 meum
2140 3900 2196 3951 7.
2220 3900 2341 3952 ’Ότι
2379 3897 2527 3968 ἰσχύς
2565 3914 2665 3967 μου
2700 3897 2796 3949 καὶ
2825 3896 3003 3965 τεῖχός
3032 3912 3129 3965 μου
3160 3890 3208 3945 εἷ
3238 3893 3324 3947 σύ.

404 3994 465 4035 es
496 3989 575 4035 tu.

475 4073 528 4127 8.
560 4071 625 4127 Et
654 4081 876 4143 propter
918 4088 1115 4130 nomen
1162 4084 1315 4130 tuum
1364 4075 1539 4131 deduc
1570 4089 1677 4140 me,
1710 4081 1763 4129 et
1791 4074 1970 4129 enutri

2144 4073 2195 4127 8.
2224 4071 2335 4126 Καὶ
2354 4071 2443 4124 διὰ
2465 4067 2558 4123 τοῦ
2592 4068 2853 4138 ὀνόματός
2889 4084 2978 4119 σου
3009 4064 3084 4135 (4)
3115 4063 3379 4134 ὀδήγησόν
3428 4080 3518 4133 με,
3554 4061 3646 4116 καὶ

401 4179 491 4219 me
519 4166 573 4219 in
599 4165 1086 4234 justiﬁeationibus
1115 4169 1243 4223 tuis.

2072 4164 2362 4234 διὰθρεψόν
2398 4179 2465 4232 με
2499 4164 2556 4213 ὲν
2589 4163 2706 4222 τοῖς
2732 4157 3064 4224 δικαιώμασί
3097 4174 3196 4227 μου
3230 4157 3324 4225 (5).

474 4248 529 4312 9.
563 4256 641 4310 Ex
673 4268 897 4327 peccato
925 4259 1265 4313 inhabitante
1295 4260 1349 4313 in
1379 4259 1542 4313 corde
1580 4274 1725 4313 meo.

2144 4256 2197 4309 9.
2226 4255 2338 4324 Τῆς
2359 4253 2676 4322 ὲνοικούσης
2709 4251 2767 4303 ὲν
2803 4252 2869 4319 τῇ
2909 4248 3103 4318 καρδίᾳ
3128 4266 3228 4317 μου
3264 4246 3557 4319 ἁμαρτίας.

472 4350 563 4404 10.
595 4349 865 4415 Quoniam
898 4360 954 4405 tu
982 4367 1041 4407 es
1068 4362 1345 4422 protector
1372 4368 1546 4417 meus,
1580 4351 1827 4407 Domine.

1781 4366 1827 4405 ε.
2148 4347 2232 4401 10.
2259 4347 2384 4398 Ὅτι
2416 4346 2480 4397 σὺ
2503 4339 2554 4396 εἷ
2575 4346 2602 4396 ὁ
2626 4343 2939 4413 σκεπαστὴς
2971 4358 3094 4411 μου,
3118 4339 3312 4410 Κύριε.

475 4436 563 4495 11.
593 4440 849 4495 Animam
878 4457 1080 4507 meam,
1112 4442 1310 4511 inquit.

2142 4438 2227 4490 11.
2262 4437 2373 4507 Τὴν
2392 4436 2572 4506 ψυχήν
2604 4452 2725 4505 μου,
2748 4433 2914 4502 λέγει.

476 4532 566 4587 12.
600 4531 895 4588 Redemisti
941 4549 1029 4588 me
1060 4550 1125 4588 ex
1171 4534 1433 4589 servitute
1466 4533 1734 4589 mendacii
1763 4541 1842 4597 ιιι,
1879 4527 1972 4601 qui

2147 4529 2234 4581 12.
2282 4526 2603 4596 Ἐλυτρώσω
2631 4543 2697 4595 με
2731 4524 2831 4594 τῆς
2864 4523 3106 4585 δουλείας
3136 4520 3230 4574 τοῦ
3251 4520 3479 4591 ψεύδους
3500 4522 3528 4573 6
3552 4518 3652 4574 τοῦ

403 4638 465 4678 es
493 4620 637 4677 Deus
663 4624 849 4693 populi
888 4624 1153 4679 veritatis.

2074 4621 2205 4675 λαοῦ
2243 4620 2344 4689 τῆς
2372 4619 2627 4688 ἀληθείας
2651 4619 2800 4680 Θεός.

475 4712 565 4767 15.
594 4713 765 4768 Odisti
797 4725 1180 4783 permanentes
1208 4715 1261 4769 in
1290 4725 1531 4785 peccato.
2005 4750 2006 4754 η

2005 4701 2050 4757 D
2151 4711 2235 4764 13.
2282 4709 2582 4779 Ἐμίσησας
2608 4710 2731 4771 τοὺς
2752 4708 3107 4777 ἐπιμένοντας
3130 4707 3194 4776 τῇ
3216 4704 3477 4775 ἁμαρτίᾳ.

476 4804 564 4857 14.
599 4802 977 4860 Constituente
1002 4817 1155 4861 extra
1186 4823 1451 4863 errorem.

2155 4801 2242 4853 14.
2272 4800 2363 4870 Τῷ
2392 4800 2564 4862 ὲκτῶς
2603 4800 2680 4867 (6)
2716 4799 2921 4868 πλάνης
2953 4798 3264 4866 παρέχοντι.

478 4894 567 4950 15.
598 4895 737 4950 Cum
771 4899 1205 4954 misericordiam
1241 4918 1271 4955 a
1320 4912 1373 4956 te
1422 4908 1748 4955 consecutus
1794 4898 1969 4963 fuero,

2155 4891 2241 4945 15.
2285 4892 2373 4943 Ἐν
2397 4890 2475 4960 τῷ
2498 4889 2761 4942 ὲλεείσθαί
2787 4907 2853 4959 με
2881 4889 2984 4942 ὑπὸ
3013 4889 3104 4941 σοῦ
3124 4885 3653 4959 ἀγαλλιάσομαι,κα.ὶ

407 4988 690 5043 exsultabo
729 4997 785 5043 et
813 4989 1039 5045 laetabor
1074 4992 1129 5045 in
1155 4994 1318 5048 corde
1352 5010 1493 5049 meo.
1748 5032 1749 5035 η

1748 5032 1749 5035 η
2084 4983 2535 5054 εὐφρανθήσομαι
2568 4982 2626 5033 ὲν
2651 4983 2716 5051 τῇ
2740 4981 2936 5051 καρδίᾳ
2964 4997 3063 5049 μου

476 5080 566 5133 16.
590 5079 863 5147 Quoniam
891 5082 1323 5141 animadvertisti
1353 5087 1719 5141 infirmitatem
1750 5095 1943 5137 meam.

1821 5095 1943 5136 iam.
2153 5073 2240 5131 16.
2271 5076 2395 5127 Ὀτι
2425 5073 2724 5145 προσέσχες
2750 5075 2815 5141 τῇ
2841 5072 3093 5142 ἀσθενείᾳ
3126 5088 3248 5141 μου.
3350 5085 3352 5087 ‘

477 5172 566 5226 17.
602 5170 680 5224 Ex
713 5173 971 5241 peccatis.

2154 5168 2241 5220 17.
2290 5168 2383 5218 Ἐκ
2405 5164 2511 5217 τῶν
2540 5163 2841 5234 ἁμαρτιῶν.

480 5264 568 5318 18.
601 5263 834 5318 Diaboli.
1009 5255 1013 5258 ⁷

2153 5259 2240 5311 18.
2275 5256 2381 5309 Τοῦ
2406 5255 2671 5308 διαϐόλου.

1362 5372 1666 5437 Addenda
1726 5384 1784 5436 et
1821 5374 2192 5455 corrigenda
2225 5390 2303 5433 ex
2335 5371 2474 5432 cod.
2508 5370 2707 5430 Vatic.

481 5482 659 5557 (1)_'H
682 5485 770 5539 διὰ
791 5485 891 5556 τῆς
918 5484 1282 5555 κινναϐάρεως
1314 5483 1555 5554 περιέχει
1575 5498 1587 5511 ·
1620 5484 1699 5546 εἰς
1736 5483 1796 5536 τὸ
1828 5484 1977 5546 τέλος
2255 5472 2396 5557 ξῇῼτεὶ
2430 5490 2543 5557 σου.

407 5543 768 5622 ψαιμά;,ριρ.
850 5543 887 5556 ’⁷
1150 5543 1161 5555 ’
1264 5543 1277 5546 ⁷
1388 5543 1398 5554 ’
1472 5543 1503 5552 ’⁷
1681 5543 1692 5546 ⁷

1150 5543 1161 5555 ’
1264 5543 1277 5546 ⁷
1388 5543 1398 5554 ’
1472 5543 1503 5552 ’⁷
1681 5543 1692 5546 ⁷
1959 5543 1971 5546 ⁷
2253 5546 2332 5622 Τὸ
2360 5543 2527 5612 ὄνομά
2555 5559 2664 5597 σου.

489 5616 715 5735 (ιιι
733 5623 1613 5735 .312?uis-.53},effera.in
1639 5624 1746 5735 if”
1905 5622 1969 5679 Ν·

905 5634 1006 5678 etc.
1048 5624 1149 5703 ἐπὶ
1180 5624 1236 5675 σὲ
1269 5624 1469 5707 ἐθέμην
1490 5665 1503 5685 ,
1540 5623 1613 5704 μῂ
1639 5624 1746 5688 ἀδ.,
1772 5632 1877 5679 etc.
1905 5622 1969 5679 Ν.
2149 5617 2225 5701 (ᾗ)

897 5714 977 5735 τοι,
1012 5695 1167 5735 (Sinni
1203 5713 1263 5735 ηε
1316 5696 1402 5735 ναι
1436 5694 1611 5735 δεδι...
1646 5713 1721 5735 τις-
2159 5687 2233 5735 ιϐι
2292 5686 2328 5735 L
2358 5681 2428 5735 ,τό

412 5696 469 5751 9.
498 5686 603 5746 ⁷Ἐν
631 5694 706 5762 τῷ
735 5686 855 5764 Υἱῷ
888 5714 977 5747 σου
1010 5695 1167 5765 ῥῦσαί
1201 5713 1289 5765 με,
1316 5686 1613 5761 κὰὶέξελοῦ
1643 5686 1742 5761 με.
2159 5687 2233 5756 (6)
2276 5686 2479 5745 ὐκτόςι
