3878 6218
154 304 270 361 757
1060 309 1150 366 DE
1192 312 1469 370 TITULIS
1511 317 1958 376 PSALMORUM.
2017 351 2085 364 --
2122 321 2318 379 PSAL.
2355 322 2525 382 XXX.
3310 329 3434 388 758.

231 419 317 477 19.
348 422 628 495 Ἔστησας
649 425 711 479 ἐν
743 426 1044 502 εὐρυχώρῳ
1075 432 1203 497 τοὺς
1234 434 1403 499 πόδας
1443 453 1566 508 μου.

1776 447 1819 502 Α
1928 440 2016 496 19.
2050 439 2301 498 Statuisti
2338 442 2391 497 in
2430 442 2554 497 loco
2581 441 2822 513 spatioso
2848 443 3015 514 ped‘es
3035 458 3209 500 meos.

228 514 317 569 20.
367 516 621 588 Ἐλέησόν
650 536 773 590 μου,
804 520 1001 593 Κύριε,
1028 524 1110 577 ὅτι
1145 524 1432 597 θλίϐομαι·

1914 531 2004 584 20.
2036 531 2293 588 Miserere
2323 533 2451 599 mei,
2488 533 2737 594 Domine.
2768 535 3026 605 quoniam
3055 536 3316 592 tribulor:

226 609 321 664 21.
369 612 678 683 Ἐταράχθη
710 612 771 667 ἐν
802 613 959 687 θυμῷ
988 618 1017 670 ὁ
1045 617 1326 690 ὀφθαλμός
1351 638 1453 691 μου
1478 662 1493 689 ,

1915 625 2004 679 21.
2039 625 2411 682 Conturbatus
2439 634 2522 682 est
2552 627 2607 681 in
2638 627 2719 682 ira
2746 628 2940 685 oculus
2966 643 3144 697 meus,

225 701 317 755 22.
361 700 424 754 Ἢ
460 701 604 772 ψυχή
636 720 759 774 μου,
795 705 943 775 καὶὴ
977 709 1190 780 γαστήρ
1222 726 1346 780 μου.

1915 717 2007 770 22.
2040 717 2239 773 Anima
2270 733 2411 784 mea,
2449 727 2504 773 et
2536 730 2725 774 venter
2750 735 2926 776 meus.

224 793 318 848 25.
351 795 475 848 Ὅτι
504 794 751 859 ἐξέλιπεν
776 796 834 850 ἐν
864 797 1025 870 ὀδύνῃ
1057 801 1091 871 ἡ
1116 799 1228 871 ζωή
1266 818 1389 871 μου*

1915 809 2009 866 25.
2046 808 2317 875 Quoniam
2347 811 2545 867 defecit
2570 811 2626 866 in
2655 812 2842 868 dolore
2874 814 2981 868 vita
3012 828 3131 869 mea
3157 831 3172 879 ;

223 885 316 938 24.
340 885 450 939 Καὶ
476 886 543 939 τὰ
562 885 654 958 ἐτη
683 904 786 958 μου
818 889 876 943 ἐν
910 893 1253 961 στεναγμοῖς.

1914 902 2005 956 24.
2034 901 2103 956 Et
2134 903 2263 958 anni
2296 904 2403 959 mei
2434 904 2488 958 in
2517 905 2826 975 gemitibus.

219 975 317 1029 25.
369 975 695 1049 Ἦσθένησεν
716 980 775 1034 ἐν
802 981 1051 1053 πτωχείᾳ
1083 985 1117 1053 ἡ
1156 983 1309 1053 ἰσχύς
1347 1001 1470 1055 μου·

1920 994 2013 1048 25.
2045 994 2323 1050 Inﬁrmata
2357 1004 2440 1052 est
2473 996 2526 1050 in
2551 1004 2871 1068 paupertate
2895 997 3070 1051 virtus
3097 1011 3217 1051 mea
3244 1013 3258 1050 :

222 1068 315 1123 26.
364 1071 477 1125 Καὶ
504 1071 570 1126 τὰ
593 1073 727 1127 ὀστᾶ
750 1091 852 1145 μου
883 1074 1289 1146 ἐταράχθησαν.

1922 1084 2014 1138 26.
2048 1083 2116 1139 Ει
2141 1101 2264 1141 ossa
2297 1101 2416 1141 mea
2447 1088 2769 1142 conturbata
2803 1095 2948 1142 sunt.

226 1160 320 1213 27.
371 1162 533 1235 Παρὰ
574 1164 784 1231 πάντας
844 1167 976 1231 τοὺς
1026 1166 1256 1237 ἐχθρούς
1319 1184 1421 1237 μου
1483 1167 1747 1240 ἐγενήθην

1922 1177 2016 1231 27.
2060 1176 2238 1249 Super
2276 1194 2469 1234 omnes
2499 1178 2753 1234 inimicos
2779 1193 2931 1235 meos
2962 1176 3137 1234 factus
3165 1192 3285 1234 sum
3321 1192 3420 1249 op-

154 1250 386 1317 ὄνειδος

1849 1269 2131 1338 probrium
2158 1288 2171 1324 :

228 1344 323 1399 28.
352 1343 465 1399 Καὶ
496 1346 609 1409 τοῖς
640 1345 848 1415 γείτοσι
883 1364 985 1418 μου
1021 1350 1246 1423 σφόδρα,

1170 1368 1246 1418 να,
1925 1359 2016 1416 28.
2050 1359 2115 1414 Et
2136 1361 2333 1417 vicinis
2363 1362 2502 1417 meis
2525 1362 2701 1426 valde,

223 1435 321 1493 29.
354 1436 466 1490 Καὶ
491 1436 654 1505 φόϐος
679 1440 793 1500 τοῖς
816 1443 1076 1507 γνωστοῖς
1100 1460 1223 1513 μου.

1114 1460 1223 1495 ιου.
1919 1451 2011 1507 29.
2036 1451 2104 1507 Et
2127 1453 2294 1509 timor
2319 1454 2464 1510 notis
2489 1455 2645 1511 meis.

226 1524 322 1581 50.
355 1526 419 1579 Oi
453 1525 783 1597 θεωροῦντες
814 1546 881 1598 με
910 1528 1014 1593 ἔξω
1044 1530 1242 1600 ἔφυγον
1276 1533 1372 1586 ἀπ’
1405 1533 1561 1603 ἐμοῦο

1928 1544 2019 1598 50.
2052 1545 2157 1611 Qui
2181 1545 2437 1600 videbant
2468 1560 2556 1599 me
2585 1543 2735 1600 foras
2761 1544 3017 1615 fugerunt
3042 1561 3074 1601 a
3107 1560 3196 1601 me
3223 1564 3236 1600 :

226 1616 322 1673 ’51.
382 1616 720 1690 Ἐπελήσθην
746 1620 880 1674 ὡσεὶ
904 1622 1098 1693 νεκρὸς
1128 1623 1238 1677 ἀπὸ
1265 1624 1514 1695 καρδίας

1923 1638 2014 1693 51.
2070 1636 2342 1692 Oblivioni
2401 1636 2564 1692 datus
2620 1651 2741 1691 sum
2792 1646 3050 1707 tanquam
3102 1645 3350 1693 mortuus
3392 1650 3423 1692 a

1854 1728 2021 1785 corde
2046 1746 2062 1782 ι

226 1795 322 1851 52.
357 1796 653 1869 Ἐγενήθην
676 1797 809 1852 ὡσεὶ
832 1800 1025 1864 σκεῦος
1057 1801 1357 1866 ἀπολωλός.

1778 1787 1821 1841 Β
1923 1820 2013 1876 52.
2050 1819 2250 1875 Factus
2277 1835 2397 1876 sum
2431 1828 2692 1891 tanquam
2725 1836 2823 1877 vas
2854 1821 3146 1892 perditum.

228 1889 324 1943 55.
358 1888 482 1943 Ὅτι
508 1891 718 1961 ἤκουσα
744 1890 910 1962 ψόγον
959 1893 1170 1947 πολλῶν
1209 1894 1620 1966 παροικούντων
1654 1913 1748 1949 κυ-

1922 1912 2011 1966 55.
2069 1911 2339 1979 Quoniam
2395 1888 2578 1968 audivi
2622 1888 3078 1984 vituperationem
3127 1912 3425 1967 multorum

161 1978 376 2033 κλόθεν·

1853 2003 2322 2059 commorantium
2355 2003 2411 2057 in
2437 2004 2672 2060 circuitu
2703 2023 2716 2058 :

230 2073 326 2129 54.
373 2073 462 2128 Ἐν
514 2070 591 2143 τῷ
644 2073 1070 2144 ἐπισυναχθῆναι
1116 2074 1312 2140 αὐτοὺς
1364 2075 1481 2147 ἅμα
1511 2077 1598 2130 ἐπ’
1626 2078 1746 2150 ἐμὲ,

1925 2096 2014 2150 51.
2034 2094 2093 2149 ln
2112 2110 2177 2151 eo
2194 2096 2322 2150 dum
2341 2096 2698 2152 convenirent
2715 2097 2818 2168 ipsi
2836 2096 2999 2153 simul
3016 2096 3301 2152 adversum
3315 2109 3426 2163 me,

229 2165 326 2221 55.
358 2165 465 2219 Τοῦ
499 2164 684 2219 λαϐεῖν
709 2163 807 2235 τὴν
827 2164 1002 2236 ψυχήν
1037 2182 1139 2237 μου
1169 2166 1573 2223 ἐϐουλεύσαντο.

1928 2186 2017 2241 55.
2040 2186 2300 2258 Accipere
2336 2189 2576 2243 animam
2606 2204 2785 2245 meam
2817 2189 3093 2245 consiliati
3117 2198 3263 2245 sunt.

224 2257 320 2312 56.
369 2255 512 2326 Ἐγὼ
536 2256 593 2310 δὲ
620 2256 713 2309 ἐπὶ
752 2256 855 2321 σοὶ,
884 2256 1079 2329 Κύριε,
1106 2257 1328 2327 ἤλπισα.

1927 2277 2017 2332 56.
2054 2255 2373 2349 Ego'autem
2409 2282 2462 2335 in
2486 2287 2561 2349 te,
2587 2280 2839 2346 Domine,
2866 2280 3100 2351 speravi.

228 2351 325 2406 57.
359 2347 525 2405 Εἷπα·
555 2350 628 2404 Σὺ
653 2344 709 2402 εἴ
730 2349 759 2401 ὁ
779 2349 910 2413 Θεός
941 2364 1062 2421 μου·

1932 2369 2023 2425 57.
2056 2344 2200 2439 Dixi,
2231 2370 2373 2428 Deus
2400 2344 2556 2430 meus
2584 2388 2644 2430 es
2681 2382 2736 2429 tu
2767 2389 2784 2429 :
2822 2344 2838 2444 1

227 2442 326 2498 58.
369 2442 458 2497 Ἐν
482 2444 602 2506 ταῖς
631 2440 789 2513 χερσί
819 2458 912 2496 σου
948 2442 997 2495 οἱ
1025 2441 1219 2513 κλῆροι
1255 2461 1379 2514 μου.

1927 2460 2018 2518 58.
2046 2460 2105 2516 In
2137 2464 2394 2521 manibus
2432 2464 2542 2520 tuis
2569 2474 2743 2522 sortes
2771 2440 2926 2522 meae.

228 2534 324 2589 59.
365 2533 559 2587 Ῥῦσαί
594 2550 662 2605 με
694 2534 760 2587 ἐκ
788 2533 970 2605 χειρὸς
999 2533 1210 2606 ἐχθρῶν
1245 2552 1369 2606 μου,

1932 2551 2022 2607 59.
2051 2552 2214 2623 Eripe
2236 2570 2324 2610 me
2354 2555 2421 2611 de
2450 2570 2613 2611 manu
2647 2556 2996 2613 inimicorum
3029 2569 3300 2621 meorum,

230 2626 328 2681 40.
363 2625 477 2681 Καὶ
498 2626 561 2679 ἐκ
588 2623 697 2679 τῶν
726 2624 1172 2680 καταδιωκόντων
1203 2643 1291 2697 με.

1268 2668 1291 2680 η·
1929 2643 2019 2699 40.
2060 2643 2126 2699 Ει
2156 2662 2187 2700 a
2217 2648 2669 2719 persequentibus
2695 2664 2799 2703 me.

1296 2786 1668 2846 ATHANASII
1711 2791 2300 2861 lNTERPRETATlO.

232 2922 328 2979 19.
376 2921 464 2975 Ἔν
490 2922 610 2986 ταῖς
644 2922 883 2988 ἐντολαῖς
911 2941 1024 2979 σου.

1773 2943 1816 3001 C
1919 2941 2007 2996 19.
2035 2940 2094 2996 ln
2125 2943 2399 3000 mandatis
2430 2943 2558 3001 tuis.

231 3015 332 3070 20.
364 3015 487 3071 Ὀτι
513 3016 572 3070 ἐν
608 3017 722 3080 τοῖς
765 3016 1097 3087 προλαϐοῦσι
1144 3016 1357 3089 χρόνοις
1390 3035 1478 3088 μοι
1509 3020 1753 3091 ἤμαρτόν

1929 3032 2020 3090 20.
2064 3033 2335 3101 Quoniam
2371 3037 2662 3108 praeteritis
2691 3035 3031 3107 temporibus
3065 3033 3162 3090 tibi
3188 3032 3423 3105 peccavi.

168 3125 273 3163 σοι.

231 3199 335 3255 21.
378 3197 516 3252 Ὑπὸ
537 3196 631 3252 τοῦ
654 3198 903 3254 διαϐόλου
932 3202 967 3271 ἡ
996 3200 1206 3256 διάνοια
1236 3219 1357 3272 μου.

1165 3201 1206 3256 κά
1236 3219 1357 3272 μουο
1928 3212 2016 3269 21.
2045 3215 2090 3267 Α
2120 3215 2337 3270 diabolo
2374 3230 2528 3272 mens
2554 3230 2696 3271 mea.

231 3289 334 3346 22.
368 3290 480 3344 Καὶ
505 3292 539 3361 ὴ
576 3290 810 3363 γαστὴρ,
834 3291 1004 3360 λέγει,
1022 3293 1120 3363 τῆς
1145 3294 1321 3365 ψυχῆς
1347 3310 1467 3365 μουο
1503 3294 1643 3364 λέγω
1668 3296 1754 3369 δὴ,

1931 3305 2022 3359 22.
2058 3304 2125 3360 Et
2167 3314 2376 3373 venter,
2403 3308 2499 3372 ait,
2530 3307 2725 3363 animae
2759 3322 2895 3363 meae
2933 3323 2949 3361 :
2996 3304 3138 3371 libi,
3183 3303 3448 3375 inquam,

165 3381 303 3436 ἔνθα
331 3380 622 3435 συνέλαϐον
644 3382 743 3454 τὴν
771 3383 1065 3454 ἁμαρτίαν.

892 3383 1065 3454 ρτίαν.
1860 3397 2086 3467 concepi
2117 3406 2423 3467 peccatum.

232 3471 332 3527 25.
377 3472 465 3525 Ἔν
496 3472 766 3544 ἁμαρτίᾳ,
796 3472 965 3541 λέγει,

1929 3490 2020 3543 25.
2054 3487 2112 3543 In
2143 3502 2389 3559 peccato,
2419 3490 2570 3545 dicit.

232 3561 333 3618 24.
380 3562 438 3617 '0
464 3564 571 3627 πᾶς
595 3563 786 3634 χρόνος
818 3581 920 3634 μου
948 3563 1283 3636 βαρούμενος
1317 3565 1421 3619 ὑπὸ
1455 3565 1755 3636 ἁμαρτιῶν.

1931 3579 2021 3633 21.
2058 3577 2232 3634 Omne
2262 3595 2444 3634 meum
2476 3587 2689 3649 tempus
2718 3587 2999 3650 gravatum
3032 3592 3060 3631 a
3087 3575 3368 3647 peccatis...

232 3652 337 3707 25.
384 3652 474 3706 Ἐν
501 3652 824 3724 ἀϐοηθησίᾳ.

1933 3669 2024 3723 25.
2058 3667 2115 3723 In
2144 3670 2333 3725 auxilii
2365 3670 2570 3739 inopia.

233 3743 333 3798 26.
361 3744 768 3817 Συμπέφυρμαι
794 3746 861 3816 τῇ
887 3745 1150 3816 ἁμαρτίᾳ.

1931 3762 2022 3817 26.
2056 3761 2348 3831 Subjectus
2379 3770 2433 3817 et
2467 3761 2792 3817 commistus
2819 3776 2940 3815 sum
2973 3768 3217 3829 peccato.

234 3840 337 3894 27.
371 3839 448 3911 (1)
475 3839 705 3903 Πάντες,
749 3838 921 3907 λέγει,
949 3841 998 3892 οἱ
1030 3836 1213 3908 ἐχθροί
1258 3854 1380 3907 μου,
1405 3836 1682 3889 τουτέστιν
1710 3834 1759 3889 oi

1934 3852 2025 3907 27.
2052 3849 2277 3917 Omnes,
2324 3852 2521 3922 inquit,
2560 3849 2768 3905 inimici
2802 3852 2931 3916 mei,
2982 3851 3085 3904 hoc
3121 3857 3204 3903 est
3232 3852 3433 3904 daemo-

166 3932 429 4004 δαίμονες
469 3930 607 4002 μετὰ
630 3930 693 3983 τὸ
722 3929 1038 4002 ἁμαρτῆσαί
1077 3946 1164 3999 με,
1210 3929 1522 3993 ὀνειδίζουσί
1545 3945 1631 3998 με.

1875 3957 1981 4006 nes,
2020 3952 2310 4013 postquam
2359 3958 2462 4014 ego
2493 3943 2733 4013 peccavi,
2778 3957 2866 3997 me
2889 3942 3105 4011 probris
3134 3941 3406 3997 afﬁciunt.

239 4025 341 4080 28.
373 4027 436 4078 Οἱ
468 4025 526 4077 ἐν
552 4024 676 4094 ἐμοὶ
711 4022 983 4094 μένοντες.

1933 4031 2023 4085 28.
2052 4031 2154 4097 Qui
2192 4032 2246 4087 in
2281 4048 2367 4087 me
2392 4042 2633 4101 manent,

237 4116 337 4171 29.
381 4116 443 4169 Οἱ
477 4117 533 4170 δέ
557 4116 760 4185 γνῶσιν
817 4116 1032 4187 ἔχοντες
1061 4113 1296 4184 ὁρῶντές
1331 4129 1395 4183 με
1448 4110 1756 4181 φοϐοῦνται,

1933 4122 2025 4177 29.
2061 4121 2162 4189 Qui
2195 4131 2375 4179 autem
2408 4134 2768 4195 cognoscunt,
2798 4124 3051 4178 videntes
3084 4139 3172 4179 me
3221 4124 3429 4187 timent,

175 4208 248 4279 μὴ
280 4208 340 4261 δὲ
366 4208 519 4261 αὐτοὶ
548 4208 720 4271 οὓτως
738 4207 1066 4279 ἡττηθῶσιν.

1786 4280 1824 4287 _
1864 4230 1934 4268 ne
1960 4215 2065 4284 ipsi
2097 4215 2430 4287 quandoque
2445 4217 2699 4273 similiter
2724 4218 3099 4272 succumbant.

243 4299 336 4354 50.
373 4300 437 4353 Οἱ
459 4298 679 4368 ἄγγελοί
704 4317 797 4353 σου
821 4300 1116 4368 ἀφίσταντο
1148 4296 1242 4350 ἀπ’
1276 4294 1430 4366 ἐμοῦ.

1419 4336 1430 4347 -
1786 4280 1838 4339 Ῑ)
1930 4280 2018 4361 59.
2045 4280 2235 4378 Angeli
2266 4280 2355 4364 tui.
2385 4325 2415 4365 a
2443 4325 2528 4364 me
2562 4310 2950 4366 discesserunt.

240 4392 333 4447 51.
370 4391 517 4445 Ὠσεὶ
544 4390 617 4462 (2)
668 4392 863 4463 νεκρὸς
918 4389 1055 4461 λήθη
1105 4389 1313 4458 γίνεται
1369 4386 1475 4441 ἀπὺ
1532 4382 1755 4453 καρδίας

1932 4399 2023 4454 51.
2051 4399 2211 4456 Sicut
2240 4412 2492 4458 mortuus
2522 4403 2783 4458 oblivioni
2816 4400 3123 4457 traditur-in
3157 4400 3321 4457 corde
3349 4398 3432 4455 vin

172 4482 281 4537 τῶν
308 4482 550 4547 ζώντων,
591 4482 763 4545 οὕτως
790 4480 945 4550 κάγὼ
976 4481 1261 4551 ἐγενόμην.

1863 4493 2130 4559 ventium,
2160 4495 2235 4549 ita
2260 4503 2314 4550 et
2334 4510 2436 4567 ego
2469 4495 2645 4551 factus
2680 4511 2821 4551 sum.

246 4580 339 4635 52.
377 4580 681 4650 Ἀχρηστον
704 4578 873 4646 λέγει.

1933 4585 2021 4639 52.
2059 4586 2274 4652 Inutile,
2305 4588 2500 4658 inquit.

244 4671 337 4725 55.
376 4669 454 4741 (5)
478 4670 601 4723 Ὅτι
625 4668 811 4723 ἀκούω
840 4668 948 4723 τῶν
973 4668 1242 4740 δαιμόνων
1273 4666 1636 4732 ὀνειδιζόντων
1690 4688 1755 4741 με

1938 4677 2027 4731 55.
2055 4677 2330 4743 Quoniam
2376 4682 2540 4735 audio
2576 4682 2851 4738 daemones
2881 4680 3273 4751 opprobrantes
3302 4678 3437 4733 mihi

174 4760 233 4811 ἐν
256 4759 323 4829 τῇ
355 4756 553 4829 καρδίᾳ
582 4774 705 4827 μου.
1616 4784 1632 4803 .

1616 4784 1632 4803 ι
1863 4768 1919 4822 in
1945 4770 2109 4824 corde
2138 4786 2280 4826 meo.

250 4848 344 4908 54.
386 4846 476 4901 55.
542 4847 665 4900 Ἐπὶ
717 4848 780 4901 τὸ
835 4849 968 4902 αὐτὸ
994 4847 1250 4917 γεγόνασι
1289 4847 1383 4900 τοῦ
1429 4850 1759 4920 αἰχμαλωτί-

1935 4859 2029 4927 54,
2058 4861 2148 4916 55.
2173 4862 2311 4917 Cum
2342 4862 2507 4918 simul
2534 4865 2845 4935 congregati
2875 4872 3023 4931 sunt,
3055 4873 3116 4919 ut
3148 4879 3233 4918 me
3264 4863 3437 4933 capti-

176 4953 269 4992 σαι
303 4954 393 5008 με.

1864 4965 1991 5004 vum
2021 4952 2299 5007 ducerent.

247 5028 337 5095 56,
368 5031 459 5085 57.
503 5031 645 5101 Ἐγὼ
670 5031 728 5085 δὲ
760 5032 853 5085 ἐπὶ
892 5032 976 5085 σοὶ
1028 5031 1254 5103 ἤλπισα,
1279 5034 1361 5086 ὅτι
1391 5032 1449 5099 ἐξ
1468 5033 1645 5086 αὐτῶν
1668 5034 1760 5086 λυ-

1932 5040 2022 5105 56,
2053 5042 2141 5097 57.
2183 5041 2295 5113 Ego
2322 5054 2500 5098 autem
2534 5044 2588 5097 in
2621 5053 2694 5108 te,
2729 5042 2979 5107 Domine,
3024 5060 3259 5113 speravr,
3293 5044 3439 5113 quod

182 5118 363 5193 τρώσῃ
404 5140 472 5191 με
500 5121 599 5191 Li)-
626 5124 691 5176 σὺ
719 5122 827 5193 γὰρ
852 5118 949 5176 εἷὸ
977 5123 1109 5187 Θεός
1132 5140 1254 5193 μου.

1868 5149 1955 5187 me
1979 5134 2048 5189 ab
2074 5135 2181 5190 illis
2213 5136 2470 5191 liberabis
2496 5154 2509 5194 :
2535 5148 2590 5191 tu
2623 5136 2767 5191 enim
2793 5151 2853 5191 es
2878 5134 3023 5191 Deus
3052 5153 3223 5192 meus.

250 5209 342 5263 58.
388 5212 476 5263 Ἐν
501 5214 619 5275 ταῖς
648 5213 802 5283 χερσί
837 5230 930 5266 σου
958 5212 1130 5283 ἔθηκα
1150 5213 1247 5285 τὴν
1270 5213 1445 5283 ψυχήν
1476 5231 1597 5284 μου.

1941 5223 2030 5280 58.
2062 5224 2119 5278 ln
2151 5226 2404 5281 manibus
2434 5227 2543 5281 tuis
2569 5226 2725 5295 posui
2757 5225 2994 5278 animam
3025 5241 3221 5279 meam.

250 5300 339 5366 59,
369 5302 458 5358 40.
486 5303 607 5357 Τῶν
633 5305 891 5358 ἐναντίων
920 5304 1219 5376 δυνάμεων,
1250 5306 1418 5374 λέγει.

1942 5311 2031 5377 59,
2063 5311 2153 5366 40.
2183 5313 2229 5366 Α
2259 5314 2551 5369 contrariis
2581 5313 2943 5384 potestatibus
3001 5313 3196 5381 inquit.

582 5476 589 5487 ,
1136 5422 1445 5483 Addenda
1477 5428 1537 5485 et
1570 5426 1951 5504 corrigenda
2000 5447 2077 5491 ex
2109 5431 2248 5494 cod.
2287 5432 2486 5494 Vatic.

259 5518 336 5602 β)
368 5517 541 5603 ΝΞἸ,
570 5522 669 5603 ἓβε·
693 5523 782 5603 ‘29-
816 5522 1066 5603 ᾼὲγειωὶ
1095 5520 1278 5603 ἐχθροί
1313 5539 1434 5603 μου,
1465 5532 1595 5603 θέρη
1620 5524 1763 5603 over
1943 5530 2130 5603 (5)__N.
2163 5533 2261 5603 55.
2284 5532 2507 5594 Ἀκούω,
2532 5542 2659 5601 etc.,
2692 5548 2777 5603 με.
2808 5529 2871 5585 Ν.
2903 5530 2990 5595 54,
3028 5528 3115 5583 Ἐν
3144 5530 3209 5600 τῇ
3246 5524 3443 5603 καρδία

185 5586 389 5671 ergogo:
422 5609 533 5661 μοι,
569 5595 617 5647 οἱ
654 5596 710 5647 ἐν
738 5593 879 5664 ἐμοί,
905 5586 1037 5659 etc.,
1071 5586 1264 5664 μῆκαὶ
1285 5586 1435 5646 αὐτοὶ
1465 5594 1633 5657 οὓτως
1665 5596 1765 5665 ἡτ-
1878 5586 2095 5671 prosim
2122 5602 2209 5655 55.
2254 5586 2521 5666 Ἐπί,ειο’.

188 5658 469 5798 τηῗὲῖςσιές
509 5734 537 5785 ὁ
771 5658 782 5664 ’
866 5658 874 5661 ’
1026 5658 1029 5659 ν
1072 5658 1082 5664 ’
1133 5658 1144 5663 ⁷
1687 5658 1697 5665 ’
1878 5658 1890 5671 ’
1950 5672 2027 5743 (4)
2055 5658 2490 5745 Λυτρώσειςμε.
