3878 6218
392 355 497 416 739
1234 356 1290 412 S.
1339 353 1713 412 ATHANASH
1752 355 1902 414 OPP.
1945 355 2126 412 PARS
2159 356 2248 412 Ill.
2288 388 2355 399 —
2397 353 2811 411 EXEGE'IICA.

461 479 551 534 4|.
579 477 793 533 lllustra
831 475 1025 534 faciem
1061 484 1208 531 tuam
1239 492 1402 546 super
1441 492 1660 532 servum
1691 486 1840 531 tuum
1872 496 1883 529 :

3543 359 3669 412 ‘760

1991 487 2037 538 Α
2134 497 2224 552 41.
2297 495 2591 564 Ἐπίφανον
2643 493 2705 546 τὸ
2754 493 3043 565 πρόσωπόν
3091 509 3185 545 σου
3255 492 3348 546 ἐπὶ
3392 492 3485 548 τὸν
3521 495 3666 550 δοῦ-

2061 589 2150 642 λόν
2176 607 2268 641 σου
2283 605 2295 618 ·

2135 678 2225 731 4‘2.
2253 676 2434 730 Σῶσόν
2464 694 2530 748 με
2569 678 2626 730 ὲν
2654 675 2732 747 τῷ
2764 675 2902 728 ὲλὲει
2923 693 3038 730 σου.

2133 770 2224 824 45.
2266 768 2461 840 Κύριε,
2523 769 2598 840 μὴ
2653 768 3128 839 καταισχυνθείην.
3187 769 3268 822 ὃτι
3313 770 3662 825 ἑπεκαλεσά-

2141 877 2169 912 ν
2203 877 2283 912 σε.

2141 878 2169 912 ν
2203 878 2283 912 σε.

2062 878 2223 1007 μη44.
2251 949 2683 1023 Αίσχυνθείησαν
2710 951 2948 1016 ἀσεϐεῖς,
2984 965 3076 1005 και
3133 953 3532 1024 καταχθείησαν
3562 956 3658 1017 είς

2055 1045 2204 1116 ᾅδου.

2126 1136 2216 1190 45.
2258 1135 2468 1189 Ἀλαλα
2495 1135 2777 1207 γενηθήτω
2802 1135 2872 1188 τὰ
2905 1135 3057 1206 χείλη
3085 1134 3155 1188 τὰ
3194 1135 3366 1200 δόλια,

2126 1226 2216 1280 46.
2243 1227 2323 1279 Τὰ
2357 1226 2621 1279 λαλοῦντα
2649 1225 2789 1280 κατά
2841 1226 2935 1278 τοῦ
2965 1227 3172 1279 δικαίου
3207 1229 3457 1298 ἀνομίαν,

2125 1319 2214 1372 47.
2251 1320 2340 1372 Ἐν
2366 1319 2714 1390 ὑπερηφανίᾳ
2755 1319 2850 1372 καὶ
2878 1317 3245 1385 ἐξουδενώσει.

2125 1409 2215 1465 48.
2255 1410 2345 1475 Ὠς
2389 1410 2525 1462 πολὺ
2578 1409 2640 1462 τὸ
2695 1409 2898 1479 πλῆθος
2951 1411 3049 1482 τῆς
3091 1411 3459 1484 χρηστότητός
3515 1430 3650 1480 σου,

2051 1505 2243 1575 Κύριε·

2061 1585 2070 1591 ”
2123 1599 2211 1652 49.
2251 1596 2361 1662 Ἧς
2387 1599 2630 1670 ἔκρυψας
2657 1598 2768 1660 τοῖς
2801 1595 3153 1668 φοϐουμένοις
3183 1614 3264 1655 σε.

2120 1691 2208 1745 50.
2243 1691 2573 1760 Ἐξειργάσω
2597 1693 2708 1750 τοῖς
2735 1688 3042 1752 ἐλπίζουσιν
3069 1689 3162 1742 ἐπὶ
3197 1689 3276 1757 σὲ,

2123 1783 2210 1836 51.
2257 1781 2527 1835 Ἐναντίον
2555 1781 2664 1834 τῶν
2694 1779 2824 1833 υἱῶν
2851 1779 2959 1834 τῶν
2987 1779 3082 1833 ἀνθ
3093 1779 3308 1851 ρώπων.

2128 1874 2216 1928 52.
2246 1871 2636 1944 Κατακρύψεις
2659 1873 2858 1934 αὐτοὺς
2887 1872 2942 1926 ἐν
2985 1872 3290 1944 ἀποκρύφῳ
3335 1872 3432 1926 τοῦ
3463 1891 3642 1945 προσ-

2057 1970 2205 2022 ώπου
2235 1983 2349 2028 σου,

2123 2062 2211 2115 55.
2256 2059 2388 2112 Ἀπὸ
2418 2058 2494 2129 (α)
2524 2059 2766 2129 ταραχῆς
2791 2057 3115 2129 ἀνθρώπων·

2122 2154 2210 2206 54.
2252 2151 2555 2215 Σκεπάσεις
2599 2152 2797 2216 αὐτοὺς
2845 2153 2903 2204 ὲν
2956 2153 3127 2223 σκηνῇ
3177 2150 3286 2204 ἀπὸ
3322 2149 3639 2220 ἀντιλογίας

2059 2245 2330 2309 ίλωσσῶν.

2115 2337 2201 2390 55.
2231 2336 2538 2408 Εὐλογητὸς
2563 2336 2781 2406 Κύριος,
2833 2337 2916 2389 ὅτι
2964 2335 3356 2406 ὲθαυμάστωσε
3387 2333 3452 2388 τὸ
3483 2334 3638 2399 ἔλεος

2043 2428 2205 2482 αὐτοῦ
2229 2431 2286 2482 ὲν
2310 2429 2462 2482 πόλει
2491 2430 2772 2500 περιοχῆς.

2113 2522 2202 2576 56.
2238 2521 2377 2590 Ἐγὼ
2397 2522 2453 2574 δὲ
2480 2518 2610 2574 εἶπα
2632 2524 2690 2574 ὲν
2714 2525 2778 2592 τῇ
2804 2509 3054 2575 ἐκστάσει
3083 2537 3207 2592 μον

2112 2613 2201 2668 57.
2234 2614 2609 2685 Ἀπέῤῥιμμαι
2634 2613 2742 2667 ἀπὸ
2758 2613 3049 2683 προσώπου
3076 2614 3182 2666 τῶν
3197 2610 3494 2682 ὀφθαλμῶν
3514 2628 3634 2662 σου.

2124 2703 2212 2758 58.
2239 2705 2338 2758 Διὰ
2358 2703 2516 2756 τοῦτο
2549 2705 2873 2770 εἰσήκουσας
2899 2705 3000 2774 τῆς
3049 2705 3236 2774 φωνῆς
3263 2703 3364 2774 τῆς
3388 2700 3631 2773 δεήσεώς

2057 2813 2180 2866 μου,
2205 2797 2261 2849 ἐν
2286 2795 2364 2864 τῷ
2397 2796 2724 2866 κεκραγέναι
2757 2814 2823 2866 με
2857 2795 2993 2866 πρὸς
3017 2795 3096 2850 σέ.

2125 2883 2214 2938 59.
2284 2883 2630 2954 Ἀγαπήσατε
2698 2884 2788 2937 τὸν
2842 2884 3075 2957 Κύριον,
3134 2884 3335 2948 πάντες
3392 2884 3445 2937 oi
3497 2883 3640 2936 ὅσιος

2054 2974 2241 3027 αὐτοῦ·

448 3041 524 3114 (α)
577 3044 642 3101 ν.
704 3049 792 3104 55.
844 3051 996 3118 Ἀπό,
1051 3064 1191 3121 etc”,
1247 3058 1464 3122 αὐτούς.
1500 3059 1567 3113 ν.
1620 3061 1707 3116 54.
1772 3062 1861 3115 Ἐν
1903 3081 1956 3117 ca

2131 3076 2238 3120 etc.

1495 3173 1870 3231 ATllANASll
1907 3178 2488 3234 INTERPRETATIO.

446 3270 538 3336 41,
569 3273 659 3329 42.
692 3273 865 3332 Visita
899 3294 988 3334 me
1013 3297 1227 3339 servum
1277 3295 1452 3353 tuum,
1492 3299 1546 3344 et
1584 3291 1732 3345 salva
1765 3307 1853 3347 me
1889 3294 1942 3346 in

2121 3294 2210 3359 4|,
2239 3295 2328 3348 42.
2370 3295 2704 3368 Ἐπισκοπὴν
2757 3295 2984 3366 ποίησόν
3018 3312 3120 3366 μου
3158 3293 3254 3350 τοῦ
3283 3293 3474 3348 δούλου
3517 3309 3640 3354 σου,

377 3361 751 3420 misericordia
775 3374 888 3422 tua.

2117 3387 2142 3438 .i.
2172 3386 2344 3438 σῶσόν
2377 3405 2444 3456 με
2467 3389 2526 3440 ὲν
2553 3387 2630 3458 τῷ
2661 3361 2798 3440 ἐλέει
2824 3361 2938 3443 σου.

445 3453 537 3508 45.
578 3454 657 3510 Ne
691 3457 962 3528 despicias
992 3477 1099 3518 me.

2117 3477 2206 3530 45.
2241 3477 2333 3547 Μὴ
2356 3453 2676 3550 παρακούῃς
2702 3495 2803 3548 μου
2839 3477 2936 3548 (1).

446 3547 537 3599 44.
565 3545 870 3606 Daemones.

2120 3569 2212 3625 44.
2253 3545 2617 3640 Οίήδαίρονες.

442 3639 532 3693 45.
571 3641 874 3710 Aggressus
901 3645 1312 3702 immundorum
1348 3651 1663 3718 spirituum.

2117 3661 2210 3714 45.
2239 3661 2306 3713 Αί
2347 3639 2587 3713 εἰσϐολαὶ
2619 3661 2697 3730 (2)
2745 3661 2856 3714 τῶν
2907 3661 3232 3732 ἀκαθάρτων
3285 3660 3632 3731 πνευμάτων.

440 3732 533 3786 46.
563 3731 768 3789 Contra
799 3735 970 3792 Deum
1005 3748 1061 3792 et
1094 3754 1282 3796 servos
1309 3743 1449 3810 ejus.

2123 3751 2210 3804 46.
2245 3752 2402 3804 Κατὰ
2429 3751 2522 3804 τοῦ
2550 3751 2686 3804 Θεοῦ
2723 3753 2816 3806 καὶ
2846 3753 2953 3806 τῶν
2977 3753 3162 3806 αὑτοῦ.

446 3824 538 3880 47.
574 3825 634 3879 ln
661 3827 924 3896 jactantia
945 3839 1000 3885 et
1027 3831 1404 3900 despicientia.

2117 3843 2206 3897 47.
2246 3843 2333 3894 Ἐν
2354 3841 2642 3913 ἀλαζονείᾳ
2671 3846 2764 3896 καὶ
2794 3845 3083 3916 ὑπεροψίᾳ.

444 3917 536 3984 48,
572 3919 663 3974 49.
705 3919 984 3977 Bonorum
1030 3932 1249 3980 tuorum
1271 3965 1286 3991 ,
1318 3944 1441 3998 quae
1472 3935 1791 4001 praeparasti
1826 3952 1948 3990 san-

2119 3933 2208 3999 48,
2236 3933 2324 3988 49.
2354 3932 2474 3987 Τῶν
2501 3933 2721 4002 ἀγαθῶν
2748 3951 2864 4000 σου,
2893 3929 2967 3989 ὧν
2991 3935 3294 4006 ἡτοίμασας
3327 3942 3438 4004 τοῖς
3461 3942 3639 4010 ἁγίοις

376 4012 480 4066 clis
515 4012 643 4067 tuis.
1048 4079 1051 4083 ,

2117 4040 2165 4076 υ.
2676 4024 2685 4029 ’

447 4101 536 4157 50.
571 4102 1027 4174 lncomparabilia
1061 4111 1267 4178 parasti
1293 4115 1638 4181 sperantibus
1667 4119 1722 4172 in
1752 4128 1821 4173 te.

2121 4115 2211 4169 50.
2244 4114 2574 4187 Ἀσύγκριτα
2605 4117 2943 4189 ηὐτρέπισας
2964 4119 3077 4180 τοῖς
3101 4118 3406 4183 ἐλπίζουσιν
3430 4124 3522 4176 ἐπὶ
3553 4125 3633 4178 σέ.

447 4194 538 4248 51.
571 4193 629 4248 ln
659 4208 957 4266 conspectu
999 4214 1190 4254 eorum
1222 4203 1317 4271 qui
1347 4218 1378 4256 a
1409 4204 1648 4261 sinistris
1704 4209 1946 4264 stabunt.

2122 4206 2210 4258 5|.
2255 4205 2515 4260 Ἐνώπιον
2541 4207 2649 4260 τῶν
2679 4208 2737 4270 ἐξ
2767 4207 3070 4278 ἀριστερῶν
3100 4208 3348 4263 ἑστώτων

450 4286 540 4340 52.
567 4286 856 4343 Custodies
886 4305 983 4344 eos
1012 4293 1067 4344 in
1098 4291 1239 4347 Filio
1267 4305 1381 4349 tuo.

2121 4297 2208 4349 5‘2.
2242 4298 2499 4362 Φυλάξεις
2533 4301 2728 4363 αὐτοὺς
2762 4302 2818 4352 ὲν
2844 4299 2923 4370 τῷ
2949 4300 3060 4369 1⁸ἱῷ
3085 4318 3198 4353 σου.

443 4377 533 4432 55.
555 4378 600 4431 A
622 4386 892 4448 potestate
919 4381 1203 4438 hominum
1232 4387 1471 4454 eripiens
1495 4389 1668 4458 gratia
1707 4399 1822 4444 tua.

2119 4387 2207 4442 55.
2241 4390 2316 4457 (5)
2385 4390 2515 4442 Ἀπὸ
2582 4392 2899 4456 δυναστείας
2962 4378 3263 4462 ἀνθρώπων
3327 4395 3634 4466 ῥυσάμενος

2051 4484 2114 4550 τῇ
2147 4481 2329 4551 χάριτί
2356 4497 2469 4534 σου.

2121 4571 2209 4624 54.
2266 4571 2528 4636 Φυλάξεις
2585 4574 2784 4637 αὐτοὺς
2813 4575 2871 4626 ὲν
2898 4577 2963 4646 τῇ
3013 4579 3205 4648 σκηνῇ,
3261 4577 3327 4629 ἣν
3376 4577 3574 4648 ἔπηξεν
3607 4583 3634 4632 ὁ

1979 4634 2022 4687 D
2053 4662 2254 4734 Κύριος
2287 4665 2344 4715 ὲν
2368 4634 2480 4727 xci;
2504 4634 2771 4735 οὐρανοῖς.

2117 4755 2208 4809 55.
2252 4754 2550 4824 Ἐπλήθυνε
2581 4755 2642 4807 τὸ
2684 4755 2830 4819 ἔλεος
2883 4755 3046 4809 αὑτοῦ
3099 4757 3194 4812 ἐπὶ
3240 4759 3332 4812 τὸν
3385 4758 3513 4813 λαὸν
3541 4761 3634 4816 τὸν

2048 4849 2250 4900 πιστόν.
3275 4871 3278 4874 ·

457 655 550 712 42.
585 654 810 712 Salvum
841 672 927 712 me
946 655 1032 711 fac
1054 657 1108 710 in
1133 655 1506 710 misericordia
1539 665 1646 710 tua.

460 750 551 805 45.
577 749 826 815 Domine,
851 764 958 804 non
984 747 1310 816 confundar,
1329 749 1587 819 quoniam
1612 750 1861 806 invocavi
1884 763 1954 808 te.

458 942 548 999 44.
572 942 911 1000 Erubescant
931 942 1105 1014 impii,
1131 951 1184 997 et
1209 941 1548 997 deducantur
1567 942 1623 997 in
1648 943 1953 1000 infernum:

457 1114 550 1170 45.
581 1115 728 1170 Muta
754 1116 888 1172 ﬁant
911 1118 1053 1172 labia
1084 1119 1296 1183 dolosa,

454 1206 544 1260 46.
575 1205 708 1272 Quae
731 1209 1032 1278 loquuntur
1054 1211 1318 1270 adversus
1349 1214 1558 1285 justum
1589 1215 1954 1286 iniquitatem,

453 1294 545 1347 47.
577 1295 633 1348 ln
658 1299 912 1366 superbia
941 1309 996 1353 et
1027 1309 1364 1370 contemptu.

453 1384 544 1440 48.
576 1384 750 1452 Quam
786 1405 983 1462 magna
1017 1394 1309 1448 multitudo
1355 1393 1659 1450 dulcedinis
1689 1403 1813 1461 tua},
1847 1393 1950 1451 Do-

386 1490 536 1531 mine
564 1496 578 1531 Ζ

453 1567 547 1623 49.
583 1567 760 1634 Quam
789 1570 1128 1626 abscondisti
1159 1573 1477 1632 timentibus
1507 1585 1558 1632 te
1583 1597 1596 1632 :

454 1657 545 1714 50.
573 1659 859 1716 Perfecisti
886 1663 986 1729 eis,
1015 1664 1108 1732 qui
1137 1677 1359 1734 sperant
1387 1670 1440 1722 in
1470 1678 1542 1735 te,

454 1751 545 1806 51.
579 1751 636 1807 In
665 1767 961 1824 conspectu
1000 1759 1234 1814 ﬁliorum
1263 1762 1569 1818 hominum.

450 1841 541 1898 52.
571 1821 888 1906 Abscondes
920 1865 1016 1907 eos
1050 1853 1104 1907 in
1132 1855 1453 1910 abscondito
1487 1856 1644 1911 faciei
1670 1863 1796 1925 tuae,
1981 1821 2024 1876 Β

448 2021 537 2076 55.
564 2023 609 2075 Α
640 2026 1054 2082 conturbatione
1085 2029 1364 2085 hominum
1396 2051 1410 2085 :

452 2111 542 2166 54.
575 2112 834 2186 Proteges
868 2133 964 2172 eos
986 2119 1040 2172 iu
1072 2121 1426 2177 tabernaculo
1450 2139 1480 2176 a
1514 2124 1951 2181 contradictione

377 2200 711 2274 linguarum.

451 2295 540 2350 55.
592 2296 917 2358 Benedictus
967 2303 1272 2372 Dominus,
1325 2309 1588 2377 quoniam
1639 2309 1951 2364 miriﬁcavit

379 2386 814 2447 misericordiam
850 2410 1006 2450 suam
1041 2398 1336 2455 incivitate
1363 2403 1590 2456 munita.

448 2479 536 2533 56.
566 2479 681 2553 Ego
708 2493 890 2541 autem
920 2488 1031 2542 dixi
1064 2489 1117 2543 in
1153 2507 1378 2546 excessu
1411 2495 1611 2548 mentis
1644 2509 1778 2549 meae
1807 2512 1820 2549 :

445 2573 536 2627 57.
564 2573 846 2646 Projectus
880 2595 1001 2634 sum
1034 2597 1064 2636 a
1095 2582 1231 2638 facie
1260 2585 1542 2640 oculorum
1571 2579 1812 2642 tuorum.

447 2663 536 2719 58.
571 2664 698 2722 Ideo
745 2673 1020 2730 exaudisti
1071 2690 1258 2730 vocem
1307 2679 1573 2735 orationis
1614 2697 1768 2747 meae,
1815 2682 1946 2736 dum

376 2750 672 2810 clamarem
707 2759 772 2812 ad
799 2767 872 2814 te.

447 2843 537 2900 59.
572 2845 790 2920 Diligite
817 2849 1133 2923 Dominum,
1159 2871 1351 2912 omnes
1378 2860 1553 2915 sancti
1585 2861 1735 2932 ejus:

445 4557 534 4613 54.
563 4557 852 4640 Custodies
879 4576 977 4617 eos
1002 4562 1056 4616 in
1091 4564 1464 4632 tabernaculo,
1499 4569 1641 4636 quod
1677 4569 1949 4640 compegit

376 4650 638 4706 Dominus
673 4652 727 4705 in
759 4653 934 4708 ccelis.

577 4742 958 4813 Multiplicavit
989 4749 1422 4804 misericordiam
1467 4767 1622 4805 suam
1655 4767 1816 4821 super
1849 4770 1948 4824 po-

375 4835 562 4904 pulum
587 4835 840 4889 ﬁdelem.‘

443 4925 535 4990 56,
569 4925 659 4981 57.
690 4924 802 4994 Ego
825 4935 1007 4981 autem
1037 4927 1147 4981 dixi
1180 4929 1234 4982 in
1260 4939 1484 4997 peccato
1510 4949 1654 4988 meo.

2117 4941 2206 5004 56,
2241 4941 2328 4995 57.
2377 4939 2516 5008 Ἐγὼ
2538 4941 2593 4994 δὲ
2618 4937 2749 4993 εἶπα
2775 4943 2830 4995 ὲν
2857 4946 2922 5011 τῇ
2953 4943 3192 5014 ἁμαρτίᾳ
3223 4961 3342 5012 μου.

445 5016 535 5071 58.
572 5017 711 5084 Quia
746 5017 1033 5074 confessus
1057 5035 1178 5074 sum
1206 5021 1297 5074 tibi
1328 5033 1547 5090 peccata
1595 5041 1714 5081 mea
1740 5027 1794 5080 in
1839 5027 1943 5080 liu-

2123 5032 2210 5086 58.
2239 5033 2338 5086 Διά
2365 5034 2426 5085 τὸ
2459 5033 2954 5104 ἐξομολογήσασοαί
2989 5053 3066 5085 σοι
3092 5035 3190 5096 τὰς
3220 5036 3495 5105 ἁμαρτίας
3526 5055 3628 5106 μου

376 5110 605 5165 militate
659 5113 843 5167 cordis
903 5113 1053 5180 mei,
1107 5114 1378 5169 exaudiin
1437 5117 1697 5185 gemitum
1751 5121 1946 5174 animae

2154 5122 2480 5176 ταπεινώσει
2525 5123 2624 5194 τῆς
2685 5125 2912 5193 καρδίας
2965 5143 3096 5192 μου,
3158 5127 3482 5196 εἰσήκουσας
3534 5128 3629 5180 τοῦ

375 5219 527 5256 meas.
2052 5214 2252 5284 δερμοῦ
2277 5214 2352 5283 (4)
2375 5215 2472 5284 τῆς
2504 5215 2684 5286 ψυχῆς
2715 5235 2833 5284 μου.

441 5293 532 5349 59.
583 5294 786 5353 Omnes
851 5298 944 5369 qui
991 5299 1184 5354 odistis
1227 5299 1472 5370 improba
1500 5342 1515 5366 ,
1557 5301 1768 5372 diligite
1841 5302 1947 5357 Do-

374 5397 603 5440 militi“).

2125 5305 2212 5358 59.
2248 5306 2454 5369 Πάντες
2495 5307 2545 5358 oi
2584 5308 2869 5376 μισοῦντες
2908 5309 3120 5381 πονηρὰ
3165 5310 3262 5381 (5),
3301 5309 3630 5381 ἀγαπήσατε

2053 5393 2145 5448 τὸν
2176 5395 2400 5466 Κύριον.

1327 5506 1636 5568 Addenda
1675 5516 1735 5569 et
1766 5507 2140 5588 corrigenda
2176 5529 2252 5570 ex
2289 5511 2432 5572 cod.
2469 5512 2672 5575 Vatic.

471 5621 523 5698 1)
549 5621 741 5698 Κὲρεετ
777 5628 849 5698 μὴ
887 5624 1238 5698 παρεικούσης
1268 5643 1390 5697 μους

469 5691 525 5754 ‘2)
568 5691 849 5755 Ἐκϐολαί,
863 5704 966 5747 etc.

444 5759 525 5832 (ὅ)
553 5760 616 5817 Ν.
643 5761 918 5838 55.-Ἀπό,
948 5775 1075 5833 ctc.,
1108 5766 1359 5837 φυλάξεις
1401 5768 1610 5832 αὐτούς.
1649 5769 1712 5825 Ν.
1759 5771 1844 5826 54.
1867 5771 1950 5824 Ἑν

2057 5633 2142 5700 τῇ,
2176 5641 2278 5683 etc.

2129 5700 2204 5765 (4)
2245 5702 2274 5749 ’i
2287 5700 2360 5751 l6u
2371 5701 2505 5770 ρμοῦ
2516 5741 2526 5750 .

2130 5771 2206 5841 (5)
2239 5773 2354 5825 Πᾶν
2390 5771 2632 5842 πονηρὸν.

3671 646 3683 687 1
