3878 6218
117 347 226 403 761
1021 333 1112 387 DE
1151 329 1434 388 TlTULlS
1476 323 1934 383 PSALMOBUM.
1972 351 2046 365 —
2081 319 2280 378 PSAL.
2333 317 2526 374 XK-XI.
2731 315 2749 342 '
3305 309 3409 365 762

203 465 298 519 60.
322 461 445 515 Ὅτι
476 456 734 530 ἀληθείας
762 453 983 525 ἐκζητεῖ
1011 452 1236 524 Κύριος.
1709 467 1712 470 ’

1709 467 1712 470 ’
1762 457 1809 507 Α
1909 442 1998 497 60.
2026 440 2298 508 Quoniam
2326 438 2587 493 veritates
2619 433 2850 504 requirit
2877 431 3175 496 Dominus;

204 557 296 610 61.
359 553 470 606 Καὶ
518 547 910 606 ἀνταποδίδωσι
964 549 1076 609 τοῖς
1133 541 1411 616 περισσῶς
1479 538 1726 592 ποιοῦσιν

1909 535 2000 589 61.
2041 535 2108 588 Et
2165 531 2419 587 retribuit
2459 527 2802 583 abundanter
2851 522 3174 578 facientibus
3221 531 3411 588 super-

121 643 539 718 ὑπερηφανίαν.

468 660 539 695 ιν.
1834 628 1999 681 biam.

334 707 710 807 ”Ανδρίζεσθε,
743 731 836 785 καὶ
864 726 1248 801 κραταιούσθω
1276 727 1309 795 ἡ
1335 723 1532 795 καρδία
1556 719 1732 792 ὑμῶν,

1907 718 1997 771 62.
2034 715 2280 770 Viriliter
2328 712 2505 782 agite,
2553 718 2608 764 et
2645 707 2985 763 conl'ortelur
3021 719 3118 759 cor
3146 710 3412 766 vestrum,

203 830 294 885 65.
321 829 532 890 Πάντες
556 827 605 879 οἱ
635 823 945 886 ἐλπίζοντες
974 821 1068 873 ἐπὶ
1088 818 1312 890 Κύριον.

1906 810 1995 864 65.
2033 807 2239 862 Omnes
2268 805 2360 874 qui
2391 803 2624 872 speratis
2653 802 2705 854 in
2735 799 2987 855 Domino-

247 879 610 990 ιέιῐίμὸςΐτῷ
653 879 849 969 Δαϐίδ·
892 879 1226 976 οῖυνέσεωξι.
1263 911 1435 964 ΨΑΛ.
1463 905 1595 975 ΛΑ’.

1963 897 2214 953 Psalmus
2239 894 2410 947 David
2436 910 2454 958 ;
2477 893 2794 945 intellectus.
2822 886 3022 942 PSAL.
3055 879 3270 938 XXXI.

208 1011 263 1066 1.
287 979 592 1080 Μακάριοι,
621 1000 696 1061 ὧν
739 1005 1018 1075 ἀφέθησαν
1049 1003 1105 1055 αί
1130 1000 1376 1071 ἀνομίαι⁶

1910 995 1963 1077 4-.
1998 990 2174 1053 Beati,
2209 1002 2443 1059 quorum
2474 985 2717 1038 remissa:
2747 993 2876 1036 sunt
2903 979 3258 1048 iniquitates;

287 1062 400 1152 ίίαὶ
426 1062 500 1166 (έν
526 1062 988 1166 ἐπεκαλύιρθησαν
1017 1094 1074 1146 αἱ
1099 1062 1384 1163 ἁμαρτίαι.

1908 1062 1966 1139 ξ.
1996 1082 2062 1137 Ει
2093 1096 2328 1149 quorum
2362 1088 2501 1132 tecta
2535 1084 2664 1130 sunt
2694 1081 2939 1142 peccata.

210 1193 264 1245 5.
327 1159 612 1260 Μακάριος
649 1159 809 1258 ἀνὴρ,
962 1186 1023 1238 ού
1079 1159 1152 1255 μη
1197 1159 1482 1252 λογίσηται
1534 1179 1739 1250 Κύριος

1911 1177 1966 1230 5.
2003 1175 2205 1228 Beatus
2235 1171 2340 1236 vir,
2371 1170 2461 1225 cui
2501 1183 2612 1222 non
2651 1163 2942 1235 imputabit
2978 1159 3243 1214 Dominus
3284 1171 3414 1228 pec—

137 1282 447 1353 ἁμαρτίαν·
840 1303 842 1309 ·

840 1303 842 1309 ·
1839 1275 2021 1322 catum
2053 1283 2067 1330 ;

209 1375 266 1429 4.
303 1372 440 1427 Ούδέ
471 1373 618 1424 ἐστιν
644 1373 702 1423 ἐν
727 1370 804 1442 τῷ
831 1370 1058 1440 στόματι
1099 1365 1262 1420 αὑτοῦ
1297 1365 1464 1428 δόλος.

1255 1366 1262 1416 i
1297 1365 1464 1428 δόλος.
1909 1361 1964 1414 4.
1997 1357 2104 1412 Nec
2131 1363 2215 1411 est
2247 1354 2301 1408 in
2333 1367 2427 1407 ore
2455 1350 2576 1420 ejus
2606 1348 2786 1403 dolus.

206 1468 259 1522 5.
295 1467 422 1518 Ὀτι
450 1465 702 1535 ἐσίγησα,
731 1460 1044 1531 ὲπαλαιώθη
1077 1458 1146 1512 τὰ
1167 1459 1300 1511 ὀστᾶ
1331 1474 1456 1527 μου,

1905 1453 1958 1506 5.
1994 1449 2265 1516 Quoniam
2293 1445 2461 1509 tacui,
2503 1444 2943 1497 inveteraverunt
2971 1448 3096 1491 ossa
3120 1447 3262 1497 mea,

202 1561 256 1614 6.
312 1558 446 1612 Ἀπὸ
477 1557 571 1612 τοῦ
600 1534 823 1628 κράζειν
861 1571 926 1625 με
951 1553 1078 1623 ὅλην
1102 1551 1202 1620 τὴν
1232 1549 1469 1620 ἡμέραν.

1232 1549 1469 1620 ἡμέραν.
1914 1543 1970 1596 6.
2013 1542 2148 1594 Dum
2178 1539 2472 1593 clamarem
2507 1544 2619 1588 tota
2654 1534 2759 1587 die.

212 1654 269 1706 7.
301 1653 426 1704 Ὅτι
485 1627 700 1721 ἡμέροις
737 1647 832 1700 καὶ
866 1644 1060 1707 νυκτὸς
1121 1640 1394 1713 ἐϐαρύνθη
1450 1639 1537 1690 ἐπ’
1578 1635 1738 1707 ὲμὲὴ

1916 1635 1968 1688 7.
2005 1631 2282 1698 Quoniam
2314 1629 2405 1683 die
2448 1643 2513 1682 ac
2560 1635 2720 1680 nocte
2747 1632 2966 1694 gravata
3009 1627 3092 1676 est
3127 1632 3292 1688 super
3335 1629 3419 1669 me

133 1745 266 1818 χείρ
295 1761 409 1797 σου·

1775 1792 1816 1818 n
1841 1741 2040 1782 manus
2065 1733 2155 1778 tua
2187 1743 2198 1776 :

215 1792 269 1890 8r.
311 1792 621 1906 Ἐστράφην
646 1832 727 1894 είς
768 1825 1170 1898 ταλαιπωρίαν,
1205 1825 1263 1876 ἐν
1309 1821 1389 1894 τῷ
1423 1821 1742 1892 ἐμπαγῆναι

1921 1819 1974 1872 8.
2024 1816 2340 1871 Conversus
2387 1822 2512 1863 sum
2545 1805 2600 1859 in
2647 1818 2913 1867 aerumna,
2966 1801 3095 1856 dum
3133 1799 3421 1871 conﬁgitur

141 1949 237 2003 μοι
258 1929 525 1986 ἄκανθαν.

1845 1916 1981 1972 mihi
2012 1915 2189 1984 spina.

215 2025 268 2079 9.
300 2021 410 2092 Τὴν
431 2018 662 2089 ἀνομίαν
697 2033 800 2088 μου
839 2013 1134 2085 ἐγνώρισαο

1911 2009 1967 2065 9.
1996 2006 2265 2060 Delictum
2300 2016 2481 2056 meum
2506 1997 2785 2070 cognitum
2819 1994 2922 2050 feci
2949 2013 2961 2048 :

214 2112 307 2166 10.
330 2081 442 2164 Ιξαὶ
475 2081 998 2188 την-ἁμαρτίανμού
1032 2107 1132 2158 οὐκ
1156 2103 1422 2172 ἐκάλυψα.

1922 2096 2011 2152 10.
2043 2093 2109 2147 Ει
2139 2091 2470 2159 injuStitiam
2509 2103 2686 2142 meam
2721 2101 2830 2140 non
2868 2081 3149 2138 abscondi.

220 2204 308 2259 11.
362 2170 542 2256 Εἷπαί
571 2170 946 2271 ’.Εξαέορεύσω
996 2201 1116 2251 κατ’
1163 2197 1300 2267 ἐμοῦ
1341 2170 1452 2266 -τὴν
1509 2193 1738 2264 ἀνομίαν

1919 2189 2006 2242 ii.
2042 2185 2202 2239 Dixi:
2255 2180 2572 2237 Conlitebor
2619 2179 2909 2234 adversum
2958 2189 3047 2228 me
3097 2170 3420 2242 iniustitiam

135 2317 249 2372 μου
285 2297 364 2370 τῷ
390 2297 601 2367 Κυρίῳ·

1844 2295 2022 2336 meam
2055 2277 2291 2330 Domino
2320 2293 2332 2328 :

213 2392 304 2445 12.
334 2352 447 2444 kal.
473 2352 537 2443 σὺ
555 2352 779 2458 ἀφῆκας
802 2384 901 2456 τὴν
926 2382 1182 2437 ἀσέϐειαν
1212 2381 1313 2450 τῆς
1355 2377 1581 2449 καρδίας
1611 2394 1733 2446 μου·

1721 2394 1733 2407 ο
1919 2373 2005 2425 12.
2043 2369 2108 2423 Et
2143 2378 2198 2422 tu
2232 2363 2496 2422 remisisti
2527 2359 2864 2430 impietatem
2893 2355 3073 2411 cordis
3107 2352 3252 2420 mei;

216 2484 306 2537 l5.
353 2481 525 2554 ’Υπὲρ
555 2447 772 2550 ταύτης*
806 2447 1166 2548 προσεύξεται
1201 2447 1338 2544 πρὸς
1369 2447 1562 2533 σὲ-πᾶς
1593 2469 1738 2532 ὅσιος

1919 2463 2008 2516 1⁸5.
2041 2460 2144 2514 Pro
2169 2459 2272 2512 hac
2301 2456 2482 2511 orabit
2504 2454 2574 2509 ad
2609 2464 2660 2508 te
2706 2451 2887 2506 omnis
2929 2457 3152 2506 sanctus
3197 2447 3253 2500 in
3289 2453 3425 2499 tem-

127 2576 204 2629 ὲν
229 2572 408 2644 καιρῷ
438 2570 671 2641 εὐθέτῳ

1810 2559 1815 2564 ’
1846 2569 1980 2626 pore
2013 2559 2324 2622 opportuno
2350 2566 2363 2602 :

1279 2647 1659 2707 ATHANASII
1700 2639 2298 2704 INTERPBETATIO.

216 2759 310 2814 60.
351 2755 556 2826 ’Δγαθᾶ
584 2755 742 2826 ἔργα.

1918 2740 2008 2796 60.
2036 2737 2187 2792 Bona
2217 2750 2404 2806 opera.

216 2851 308 2905 6L
348 2850 473 2912 Τοῖς
530 2846 778 2900 ποιοῦσιν
808 2843 1104 2916 ἁμαρτίαν,
1149 2839 1320 2908 λέγει.

1917 2832 2008 2887 6i.
2038 2830 2390 2885 Facientibus
2424 2836 2734 2897 peccatum,
2763 2827 2916 2883 dicit.

219 2941 310 2996 6-2.
355 2912 941 3012 Μὴὲκλύσθωσανίί)
973 2932 1128 3004 ὑμῶν
1175 2933 1231 2986 αἱ
1287 2931 1532 3005 καρδίαι,
1605 2927 1743 2983 ἀλλὰ

1918 2925 2006 2979 62.
2061 2923 2138 2979 Ne
2179 2924 2551 2979 dissolvantur
2595 2921 2763 2978 corda
2811 2929 2990 2975 vestra
3019 2959 3035 2986 ,
3087 2915 3180 2972 sed
3227 2912 3428 2970 contir-

127 3033 630 3106 δυναμούσθωσαν.

562 3049 630 3086 ιν.
1849 3027 2093 3073 mentur.

217 3101 310 3182 65‘.
338 3127 546 3190 Πάντες
575 3125 624 3177 oi
661 3123 759 3194 τὴν
788 3121 981 3175 ἐλπίδα
1014 3120 1230 3192 ἔχοντες
1251 3117 1345 3170 ἐπὶ
1369 3115 1599 3187 Κύριον.

1932 3109 2020 3164 65.
2059 3105 2286 3172 Omnes,
2316 3104 2412 3176 qui
2441 3121 2593 3174 spem
2623 3105 2836 3160 habetis
2863 3103 2915 3158 in
2948 3101 3199 3156 Domino.

228 3221 295 3273 Ἢ
319 3216 654 3290 προκειμένη
681 3191 961 3285 ἐπιγραφὴ
991 3212 1233 3287 περιέχει
1256 3209 1332 3281 (2)
1355 3226 1368 3238 °
1395 3204 1671 3280 [Ψαλμὸς
1696 3202 1776 3269 τῷ
1799 3201 1999 3273 Δαϐὶδ]
2021 3201 2130 3255 τοῦ
2161 3198 2340 3254 Δαϐὶδ
2369 3199 2702 3264 συνέσεως.
2730 3197 2900 3250 Τοῦτο
2920 3192 3012 3250 οὖν
3044 3193 3316 3265 σημαίνει,
3352 3191 3432 3244 ὅτι

129 3317 198 3372 οἱ
230 3283 617 3386 ἡμαρτηκότες
643 3283 736 3374 ἐἰς
783 3283 996 3362 σύνεσιν
1023 3283 1305 3379 ἐρχόμενοι
1349 3301 1760 3373 ἐπιστρέφουσι.
1793 3296 1956 3351 Δαϐὶδ
1994 3294 2103 3366 γὰρ
2128 3292 2492 3366 ἑρμηνεύεται
2531 3289 2929 3359 ἐξουδένωμα,
2955 3289 3092 3358 ὅπερ
3114 3285 3261 3339 ἐστὶν
3279 3283 3354 3356 (5)
3385 3283 3437 3336 οἱ

130 3413 180 3482 ἡ
195 3405 561 3479 μαρτηκότες.

229 3472 452 3556 Titulus
483 3497 812 3569 praepositus
835 3493 1086 3550 continet
1116 3510 1128 3547 :
1165 3490 1422 3546 Psalmus
1459 3486 1654 3554 David,
1687 3483 2008 3539 intellectus.
2039 3479 2156 3538 Hoc
2178 3482 2347 3551 igitur
2377 3481 2670 3550 significat,
2719 3479 2864 3550 quod
2895 3485 3210 3548 peccatores
3244 3473 3300 3528 in
3349 3472 3440 3527 in-

136 3599 430 3657 tellectum
460 3595 743 3650 venientes
769 3596 1186 3647 convertuntur.
1211 3586 1386 3642 David
1419 3585 1567 3641 enim
1597 3585 1992 3651 interpretatur
2021 3577 2364 3647 contemptio,
2393 3577 2586 3647 quales
2618 3585 2747 3631 sunt
2775 3584 3114 3645 peccatores.

231 3692 285 3756 1,
315 3691 372 3743 2.
407 3689 546 3752 Τοὺς
574 3689 631 3742 ὲν
650 3686 728 3758 τῷ
758 3685 1094 3757 βαπτίσματι
1123 3683 1296 3752 λέγει.

1774 3687 1817 3745 c
1915 3677 1969 3740 1,
1992 3675 2047 3729 2.
2078 3675 2184 3729 Eos
2207 3673 2360 3737 dicit,
2390 3672 2487 3742 qui
2516 3671 2779 3742 baptizati
2814 3678 2964 3726 sunt.

227 3782 289 3837 5.
337 3780 428 3832 Ἐν
461 3777 644 3848 ἡμέρᾳ
684 3774 939 3847 κρίσεως.

908 3791 939 3836 ;.
1922 3769 1977 3823 5.
2014 3767 2073 3821 In
2113 3768 2201 3822 die
2224 3766 2439 3837 judicii.

229 3874 286 3926 4.
314 3870 527 3932 Ψεῦδος
560 3869 729 3936 λέγει.

1923 3859 1976 3912 ι.
2007 3857 2373 3923 Mendacium,
2409 3856 2606 3926 inquit.

224 3964 281 4027 5,
323 3964 378 4018 6.
410 3962 488 4032 (4)
540 3962 664 4014 Ὅτι
691 3959 920 4030 ὲσίγησα
947 3958 1056 4011 ἀπὸ
1079 3957 1172 4010 τοῦ
1208 3954 1466 4026 εὔχεσθαί
1502 3969 1568 4024 με
1600 3950 1752 4005 ἀδια-

1931 3951 1986 4016 5,
2028 3951 2081 4004 6.
2135 3949 2408 4016 Quoniam
2469 3949 2594 4004 silui
2641 3947 2914 4002 desistens
2961 3947 3028 4002 ab
3072 3946 3438 4006 indesinenter

138 4055 413 4120 λείπτως,
439 4055 534 4108 καὶ
570 4051 878 4124 ἠφανίσθην
909 4051 1017 4104 ἀπὸ
1052 4050 1151 4120 τῆς
1177 4047 1471 4120 ἁμαρτίας.

1859 4042 2090 4104 orando,
2123 4039 2244 4095 ideo
2264 4048 2624 4108 consumptus
2646 4053 2766 4092 sum
2792 4052 2821 4091 a
2854 4047 3096 4106 peccato.

229 4148 279 4199 7.
331 4147 444 4198 Καὶ
471 4143 657 4196 λοιπὸν
689 4141 881 4204 νυκτὸς
909 4141 1004 4193 καὶ
1049 4139 1264 4209 ἡμέρας
1290 4134 1529 4206 ὠργίςου
1563 4149 1674 4202 μοι.

1932 4134 1985 4186 7.
2009 4133 2076 4187 Ει
2105 4133 2366 4201 deinceps
2397 4131 2487 4186 die
2519 4145 2584 4185 ac
2614 4137 2775 4184 nocte
2799 4129 2972 4184 iratus
2996 4146 3055 4184 es
3085 4128 3239 4183 mihi.

224 4237 280 4291 8.
322 4234 664 4303 Ἐστράφην
713 4235 802 4298 εἰς
832 4229 1256 4298 ταλαιπωρίαν·-
1294 4229 1375 4290 είς
1416 4225 1515 4296 τὴν
1574 4227 1754 4294 ἀμαρ-

1933 4224 1986 4278 8.
2016 4222 2310 4278 Conversus
2337 4239 2453 4276 sum
2479 4223 2536 4275 in
2581 4237 2819 4276 arrumna
2848 4237 2865 4275 :
2896 4221 2948 4273 in
2986 4231 3229 4289 peccato,
3265 4234 3296 4272 a
3329 4233 3438 4288 quo

143 4331 312 4394 τίαν,
369 4327 431 4391 ἐξ
489 4322 554 4398 ἧς
589 4324 664 4399 (5)
707 4323 923 4396 ἐρῤύσω
964 4338 1066 4394 με·
1118 4320 1213 4375 καὶ
1241 4316 1610 4388 ἐκολλήθησαν
1665 4332 1674 4385 ι

1861 4331 1948 4370 me
1972 4315 2242 4380 libcrasti,
2275 4322 2329 4369 et
2364 4313 2747 4385 conglutinata
2775 4320 2901 4367 sunt
2926 4311 3058 4366 mibi
3089 4318 3326 4382 peccata.

147 4423 449 4495 ἁμαρτίαι.

225 4493 290 4580 9,
340 4515 427 4570 Η.
488 4508 633 4567 Εἴπα
687 4509 1022 4582 ἐπιστρέψας
1078 4509 1215 4578 πρὸς
1276 4506 1356 4558 σέο
1401 4501 1756 4573 Ἐξομολογή-

1931 4500 1986 4564 9,
2024 4499 2110 4552 Η.
2164 4498 2286 4553 Dixi
2337 4515 2636 4555 conversus
2669 4499 2734 4553 ad
2783 4506 2853 4565 te,
2881 4495 3194 4553 Conﬁtebor
3225 4495 3322 4550 tibi
3353 4493 3437 4548 di-

151 4608 326 4680 σομαί
352 4608 430 4678 (6)
463 4623 545 4659 σοι
583 4604 782 4673 λέγων·
836 4600 1050 4668 Πάτερ,
1085 4599 1354 4668 ἥμαρτον
1381 4599 1467 4661 είς
1496 4595 1602 4648 τὸν
1651 4613 1681 4646 o

1907 4607 1994 4648 ens
2021 4610 2036 4648 :
2067 4593 2254 4658 Pater,
2279 4595 2488 4660 peccavi
2515 4595 2572 4646 in
2599 4592 2784 4646 malum
2814 4603 2863 4644 et
2885 4607 3066 4645 coram
3095 4599 3176 4643 te:
3196 4589 3316 4659 jam
3337 4605 3438 4642 non

137 4699 370 4771 ρανὸν,
406 4697 504 4751 καὶ
532 4694 789 4749 ἐνώπιόν
826 4708 963 4747 σου·
993 4692 1105 4744 οὐκ
1144 4692 1232 4743 ἔτι
1258 4687 1374 4758 εἰμὶ
1417 4685 1586 4750 ἄξιος
1610 4694 1668 4737 κ.

1308 4687 1374 4758 μὶ
1417 4685 1586 4750 ἄξιος
1610 4687 1758 4752 κλη-
1862 4702 1981 4740 sum
2013 4687 2208 4756 dignus
2239 4687 2416 4739 vocari
2459 4685 2604 4755 ﬁlius
2630 4695 2748 4740 tuus
2772 4684 2839 4738 ⁵⁸.

147 4792 337 4862 θῆναι
367 4790 497 4854 υἱός
536 4804 672 4842 σου.

228 4883 321 4935 12.
357 4881 432 4933 Σὺ
455 4879 511 4932 δὲ
537 4879 696 4949 μόνον
726 4873 965 4938 ἀκούσας
983 4872 1058 4945 (7)
1084 4871 1256 4926 ταῦτα
1276 4869 1545 4936 λέγοντος,
1573 4861 1752 4929 εἶπαςο

1935 4865 2021 4919 12.
2092 4865 2172 4920 Tu
2223 4875 2406 4920 autem
2466 4864 2642 4944 solum
2696 4865 2926 4919 audiens
2987 4863 3105 4918 haec
3149 4861 3415 4916 dicentem

153 4971 354 5038 Οὗτος
386 4975 419 5025 ὁ
445 4971 576 5037 υἱός
602 4987 722 5039 μου
751 4965 963 5036 νεκρὸς
1003 4961 1104 5036 ἦν,
1160 4961 1261 5016 καὶ
1291 4958 1604 5027 ἀνέζησεν
1640 4958 1684 5011 ἀ.

1912 4960 2048 5013 ιχὶειί
2075 4978 2088 5014 :
2124 4959 2228 5012 Hic
2258 4959 2403 5029 ﬁlius
2430 4975 2574 5012 meus
2597 4966 2836 5010 mortuus
2861 4965 2973 5009 erat
3000 4965 3048 5009 et
3081 4955 3296 5018 revixit;
3326 4967 3443 5022 per—

151 5063 406 5128 ολωλὼς
429 5060 527 5132 ἦν,
563 5061 660 5115 καὶ
689 5057 928 5126 εὑρέθη.

1794 5051 1838 5106 D
1867 5050 2025 5112 ierat,
2057 5060 2106 5102 et
2131 5051 2370 5105 inventus
2393 5062 2468 5106 est
2491 5051 2558 5104 ⁵⁵.

233 5153 324 5206 15.
375 5151 487 5204 Καὶ
537 5147 724 5202 λοιπὸν
773 5144 974 5207 πάντες
1017 5143 1066 5196 oi
1107 5138 1329 5210 ἄγγελοί
1387 5154 1481 5190 σου
1543 5133 1760 5206 χαίρον-

2081 5140 2148 5195 Ει
2191 5143 2420 5212 proinde
2465 5159 2658 5197 omnes
2706 5142 2884 5212 angeli
2929 5141 3006 5196 tui
3051 5139 3352 5211 gaudentes
3397 5145 3446 5191 te

154 5255 255 5303 τες
285 5237 359 5310 (8)
410 5237 670 5302 ὲδὸξασάν
701 5232 861 5288 σελδι’
897 5232 1019 5303 ἐμέ.

1870 5230 2310 5300 gloriﬁcaverunt
2334 5245 2552 5305 propter
2575 5249 2680 5289 me.

232 5334 286 5370 ⁸³
318 5332 450 5389 Luc.
476 5348 566 5400 xv,
597 5330 688 5385 21.
763 5329 808 5360 "
847 5326 982 5381 ibid.
1015 5324 1106 5381 52.

1124 5411 1439 5477 Addenda
1476 5415 1540 5473 et
1588 5407 1965 5488 corrigenda
1999 5435 2080 5478 ex
2109 5419 2254 5480 cod.
2289 5417 2493 5480 Vatic.

237 5525 318 5615 ιε)
1019 5605 1063 5615 _-
1927 5514 2008 5615 iii
2035 5517 2158 5615 Ἐξ
2176 5513 2694 5615 maiestati"
2720 5513 2969 5586 ἀνομεανν
2996 5507 3055 5580 ἐξ
3078 5503 3169 5586 ἦς’
3199 5514 3306 5562 θίε·

450 5597 539 5682 διὰ
563 5598 662 5668 τῆς
693 5589 1063 5662 κινναϐάρεως
1093 5585 1359 5674 περιέχει.

1093 5603 1160 5640 πε
1171 5585 1359 5674 ριέχει.
2043 5585 2602 5682 ἰξςωμρλογησὰμην.

241 5655 522 5738 ίόἕεεςίν-
605 5655 754 5738 ξ’
925 5655 936 5662 ’
1055 5730 1064 5738 .
1154 5655 1180 5738 ,ν
1477 5720 1525 5738 ν.
1921 5655 2337 5738 -ίῖὶἪκωοῖας-

242 5716 319 5807 {ii
345 5716 565 5803 {3,6,
605 5736 656 5790 7.
697 5734 842 5791 Ὅτι.
869 5771 882 5789 .
910 5769 925 5788 .
965 5730 1098 5785 καῖ’
1137 5724 1301 5795 deest:
1330 5722 1384 5779 in
1431 5720 1548 5780 cod.
1586 5717 1697 5791 ὡργ

166 5807 267 5874 ζου
302 5823 411 5872 μοι.

1213 5724 1301 5795 est:
1330 5722 1384 5779 in
1431 5720 1548 5780 cod.
1586 5716 1754 5791 ὠργί-
2058 5716 2312 5797 ’Ἄγγελοί
2343 5727 2744 5798 σοι-[χαίροντες.
