  <div class='ocr_page' id='page_1' title='image "/cluster/home/n/w/nwhite01/storage/ocr_20150623/27/nnc1.0046978631/395.png"; bbox 0 0 3878 6218; ppageno 0'>
   <div class='ocr_carea' id='block_1_1' title="bbox 426 309 3718 374">
    <p class='ocr_par' dir='ltr' id='par_1_1' title="bbox 426 309 3718 374">
     <span class='ocr_line' id='line_1_1' title="bbox 426 309 3718 374; baseline -0.002 -6"><span class='ocrx_word' id='word_1_1' title='bbox 426 312 532 368; x_wconf 76' lang='grc'><strong>783</strong></span> <span class='ocrx_word' id='word_1_2' title='bbox 1284 316 1342 370; x_wconf 93' lang='lat' dir='ltr'><strong>S.</strong></span> <span class='ocrx_word' id='word_1_3' title='bbox 1383 314 1754 372; x_wconf 77' lang='lat' dir='ltr'><strong>ATHANASII</strong></span> <span class='ocrx_word' id='word_1_4' title='bbox 1787 318 1937 373; x_wconf 83' lang='lat' dir='ltr'><strong>OPP.</strong></span> <span class='ocrx_word' id='word_1_5' title='bbox 1979 318 2160 373; x_wconf 77' lang='lat' dir='ltr'><strong>PARS</strong></span> <span class='ocrx_word' id='word_1_6' title='bbox 2203 318 2295 374; x_wconf 83' lang='lat' dir='ltr'><strong>ill.</strong></span> <span class='ocrx_word' id='word_1_7' title='bbox 2329 348 2394 360; x_wconf 91' lang='lat'><strong>-—</strong></span> <span class='ocrx_word' id='word_1_8' title='bbox 2435 311 2847 372; x_wconf 81' lang='lat' dir='ltr'><strong>EXEGETICA.</strong></span> <span class='ocrx_word' id='word_1_9' title='bbox 3591 309 3718 362; x_wconf 60' lang='lat'><strong>761</strong></span> 
     </span>
    </p>
   </div>
   <div class='ocr_carea' id='block_1_2' title="bbox 495 417 2026 503">
    <p class='ocr_par' dir='ltr' id='par_1_2' title="bbox 495 417 2026 503">
     <span class='ocr_line' id='line_1_2' title="bbox 495 417 2026 503; baseline 0.004 -21"><span class='ocrx_word' id='word_1_10' title='bbox 495 429 582 483; x_wconf 73' lang='grc'><strong>14.</strong></span> <span class='ocrx_word' id='word_1_11' title='bbox 618 417 1007 485; x_wconf 66' lang='lat' dir='ltr'><strong>verumtamen</strong></span> <span class='ocrx_word' id='word_1_12' title='bbox 1048 431 1101 484; x_wconf 90' lang='lat' dir='ltr'><strong>in</strong></span> <span class='ocrx_word' id='word_1_13' title='bbox 1133 431 1340 486; x_wconf 83' lang='lat' dir='ltr'><strong>diluvio</strong></span> <span class='ocrx_word' id='word_1_14' title='bbox 1372 449 1658 503; x_wconf 37' lang='lat' dir='ltr'><strong>raquarum</strong></span> <span class='ocrx_word' id='word_1_15' title='bbox 1695 436 1990 488; x_wconf 89' lang='lat' dir='ltr'><strong>multarum</strong></span> <span class='ocrx_word' id='word_1_16' title='bbox 2024 486 2026 493; x_wconf 84' lang='grc'><strong>,</strong></span> 
     </span>
    </p>
   </div>
   <div class='ocr_carea' id='block_1_3' title="bbox 2184 417 3715 503">
    <p class='ocr_par' dir='ltr' id='par_1_3' title="bbox 2184 418 3715 501">
     <span class='ocr_line' id='line_1_3' title="bbox 2184 418 3715 501; baseline -0.01 -15"><span class='ocrx_word' id='word_1_17' title='bbox 2184 434 2254 486; x_wconf 69' lang='grc' dir='ltr'><strong>ιι.</strong></span> <span class='ocrx_word' id='word_1_18' title='bbox 2283 432 2430 501; x_wconf 87' lang='grc' dir='ltr'>Πλὴν</span> <span class='ocrx_word' id='word_1_19' title='bbox 2487 432 2544 482; x_wconf 84' lang='grc' dir='ltr'><strong>ὲν</strong></span> <span class='ocrx_word' id='word_1_20' title='bbox 2601 423 2968 496; x_wconf 83' lang='grc' dir='ltr'>κατακλυσμῷ</span> <span class='ocrx_word' id='word_1_21' title='bbox 3011 421 3219 476; x_wconf 81' lang='grc' dir='ltr'><strong>ὑδάτων</strong></span> <span class='ocrx_word' id='word_1_22' title='bbox 3281 418 3510 484; x_wconf 84' lang='grc' dir='ltr'><strong>πολλῶν,</strong></span> <span class='ocrx_word' id='word_1_23' title='bbox 3553 420 3715 491; x_wconf 67' lang='grc' dir='ltr'>πρὸς</span> 
     </span>
    </p>
   </div>
   <div class='ocr_carea' id='block_1_4' title="bbox 421 520 1952 592">
    <p class='ocr_par' dir='ltr' id='par_1_4' title="bbox 421 521 1288 592">
     <span class='ocr_line' id='line_1_4' title="bbox 421 521 1288 592; baseline 0 -16"><span class='ocrx_word' id='word_1_24' title='bbox 421 521 490 576; x_wconf 89' lang='lat' dir='ltr'><strong>ad</strong></span> <span class='ocrx_word' id='word_1_25' title='bbox 517 537 641 577; x_wconf 91' lang='lat' dir='ltr'><strong>eum</strong></span> <span class='ocrx_word' id='word_1_26' title='bbox 672 538 780 576; x_wconf 92' lang='lat' dir='ltr'><strong>non</strong></span> <span class='ocrx_word' id='word_1_27' title='bbox 811 523 1288 592; x_wconf 84' lang='lat' dir='ltr'><strong>approximabunt.</strong></span> 
     </span>
    </p>
   </div>
   <div class='ocr_carea' id='block_1_5' title="bbox 1149 520 2680 592">
    <p class='ocr_par' dir='ltr' id='par_1_5' title="bbox 1149 520 2680 589">
     <span class='ocr_line' id='line_1_5' title="bbox 1149 520 2680 589; baseline -0.002 -12"><span class='ocrx_word' id='word_1_28' title='bbox 1149 533 1288 577; x_wconf 76' lang='lat' dir='ltr'><strong>Junt.</strong></span> <span class='ocrx_word' id='word_1_29' title='bbox 2098 525 2258 578; x_wconf 77' lang='grc' dir='ltr'>αὑτὸν</span> <span class='ocrx_word' id='word_1_30' title='bbox 2293 525 2393 576; x_wconf 76' lang='grc' dir='ltr'><strong>οὐκ</strong></span> <span class='ocrx_word' id='word_1_31' title='bbox 2418 520 2680 589; x_wconf 83' lang='grc' dir='ltr'>ὲγγιοῦσι.</span> 
     </span>
    </p>
   </div>
   <div class='ocr_carea' id='block_1_6' title="bbox 495 607 2026 687">
    <p class='ocr_par' dir='ltr' id='par_1_6' title="bbox 495 611 1996 687">
     <span class='ocr_line' id='line_1_6' title="bbox 495 611 1996 687; baseline 0.005 -22"><span class='ocrx_word' id='word_1_32' title='bbox 495 613 583 669; x_wconf 84' lang='lat'><strong>15.</strong></span> <span class='ocrx_word' id='word_1_33' title='bbox 618 611 698 666; x_wconf 88' lang='lat' dir='ltr'><strong>Tu</strong></span> <span class='ocrx_word' id='word_1_34' title='bbox 751 629 929 668; x_wconf 91' lang='lat' dir='ltr'><strong>meum</strong></span> <span class='ocrx_word' id='word_1_35' title='bbox 979 629 1039 669; x_wconf 91' lang='lat' dir='ltr'><strong>es</strong></span> <span class='ocrx_word' id='word_1_36' title='bbox 1086 614 1355 684; x_wconf 81' lang='lat' dir='ltr'><strong>refugium</strong></span> <span class='ocrx_word' id='word_1_37' title='bbox 1384 633 1412 670; x_wconf 91' lang='lat' dir='ltr'><strong>a</strong></span> <span class='ocrx_word' id='word_1_38' title='bbox 1455 617 1824 684; x_wconf 87' lang='lat' dir='ltr'><strong>tribulatione,</strong></span> <span class='ocrx_word' id='word_1_39' title='bbox 1876 635 1996 687; x_wconf 68' lang='lat' dir='ltr'><strong>quae</strong></span> 
     </span>
    </p>
   </div>
   <div class='ocr_carea' id='block_1_7' title="bbox 2180 607 3711 687">
    <p class='ocr_par' dir='ltr' id='par_1_7' title="bbox 2180 607 3711 686">
     <span class='ocr_line' id='line_1_7' title="bbox 2180 607 3711 686; baseline -0.007 -17"><span class='ocrx_word' id='word_1_40' title='bbox 2180 617 2236 670; x_wconf 83' lang='lat' dir='ltr'><strong>l5</strong></span> <span class='ocrx_word' id='word_1_41' title='bbox 2283 616 2352 668; x_wconf 90' lang='grc' dir='ltr'>Σύ</span> <span class='ocrx_word' id='word_1_42' title='bbox 2378 633 2478 686; x_wconf 90' lang='grc' dir='ltr'><strong>μου</strong></span> <span class='ocrx_word' id='word_1_43' title='bbox 2509 611 2559 667; x_wconf 76' lang='grc' dir='ltr'>εἴ</span> <span class='ocrx_word' id='word_1_44' title='bbox 2581 613 2868 683; x_wconf 84' lang='grc' dir='ltr'>καταφυγὴ</span> <span class='ocrx_word' id='word_1_45' title='bbox 2902 611 3008 664; x_wconf 86' lang='grc' dir='ltr'>ἀπὸ</span> <span class='ocrx_word' id='word_1_46' title='bbox 3034 609 3263 678; x_wconf 67' lang='grc' dir='ltr'>θλίψεως</span> <span class='ocrx_word' id='word_1_47' title='bbox 3287 608 3384 679; x_wconf 82' lang='grc' dir='ltr'><strong>τῆς</strong></span> <span class='ocrx_word' id='word_1_48' title='bbox 3406 607 3711 680; x_wconf 77' lang='grc' dir='ltr'>περιεχού-</span> 
     </span>
    </p>
   </div>
   <div class='ocr_carea' id='block_1_8' title="bbox 418 703 1949 776">
    <p class='ocr_par' dir='ltr' id='par_1_8' title="bbox 418 703 920 758">
     <span class='ocr_line' id='line_1_8' title="bbox 418 703 920 758; baseline -0.004 0"><span class='ocrx_word' id='word_1_49' title='bbox 418 703 782 758; x_wconf 85' lang='lat' dir='ltr'><strong>circumdedit</strong></span> <span class='ocrx_word' id='word_1_50' title='bbox 813 720 920 758; x_wconf 93' lang='lat' dir='ltr'><strong>me.</strong></span> 
     </span>
    </p>
   </div>
   <div class='ocr_carea' id='block_1_9' title="bbox 789 703 2320 776">
    <p class='ocr_par' dir='ltr' id='par_1_9' title="bbox 813 720 2320 776">
     <span class='ocr_line' id='line_1_9' title="bbox 813 720 2320 776; baseline 0.002 -19"><span class='ocrx_word' id='word_1_51' title='bbox 813 720 920 758; x_wconf 93' lang='lat' dir='ltr'><strong>me.</strong></span> <span class='ocrx_word' id='word_1_52' title='bbox 2101 725 2197 776; x_wconf 85' lang='grc' dir='ltr'><strong>σης</strong></span> <span class='ocrx_word' id='word_1_53' title='bbox 2234 724 2320 776; x_wconf 89' lang='grc' dir='ltr'><strong>με.</strong></span> 
     </span>
    </p>
   </div>
   <div class='ocr_carea' id='block_1_10' title="bbox 493 791 2024 868">
    <p class='ocr_par' dir='ltr' id='par_1_10' title="bbox 493 795 1996 862">
     <span class='ocr_line' id='line_1_10' title="bbox 493 795 1996 862; baseline 0.005 -14"><span class='ocrx_word' id='word_1_54' title='bbox 493 795 581 849; x_wconf 88' lang='lat'><strong>16.</strong></span> <span class='ocrx_word' id='word_1_55' title='bbox 606 795 911 851; x_wconf 82' lang='lat' dir='ltr'><strong>Exsultatio</strong></span> <span class='ocrx_word' id='word_1_56' title='bbox 941 812 1082 862; x_wconf 89' lang='lat' dir='ltr'><strong>mea,</strong></span> <span class='ocrx_word' id='word_1_57' title='bbox 1129 814 1262 854; x_wconf 89' lang='lat' dir='ltr'><strong>erue</strong></span> <span class='ocrx_word' id='word_1_58' title='bbox 1313 815 1401 854; x_wconf 92' lang='lat' dir='ltr'><strong>me</strong></span> <span class='ocrx_word' id='word_1_59' title='bbox 1447 815 1475 854; x_wconf 91' lang='lat' dir='ltr'><strong>a</strong></span> <span class='ocrx_word' id='word_1_60' title='bbox 1523 800 1996 856; x_wconf 88' lang='lat' dir='ltr'><strong>circumdantibus</strong></span> 
     </span>
    </p>
   </div>
   <div class='ocr_carea' id='block_1_11' title="bbox 2172 791 3703 868">
    <p class='ocr_par' dir='ltr' id='par_1_11' title="bbox 2172 791 3703 868">
     <span class='ocr_line' id='line_1_11' title="bbox 2172 791 3703 868; baseline -0.005 -16"><span class='ocrx_word' id='word_1_61' title='bbox 2172 799 2255 852; x_wconf 85' lang='lat'><strong>16.</strong></span> <span class='ocrx_word' id='word_1_62' title='bbox 2320 797 2394 850; x_wconf 86' lang='grc' dir='ltr'><strong>Τὸ</strong></span> <span class='ocrx_word' id='word_1_63' title='bbox 2445 796 2754 868; x_wconf 77' lang='grc' dir='ltr'>ἀγαλλίαμά</span> <span class='ocrx_word' id='word_1_64' title='bbox 2807 813 2930 867; x_wconf 88' lang='grc' dir='ltr'>μου,</span> <span class='ocrx_word' id='word_1_65' title='bbox 2977 793 3251 865; x_wconf 82' lang='grc' dir='ltr'>λύτρωσαί</span> <span class='ocrx_word' id='word_1_66' title='bbox 3307 809 3375 864; x_wconf 94' lang='grc' dir='ltr'><strong>με</strong></span> <span class='ocrx_word' id='word_1_67' title='bbox 3432 791 3540 846; x_wconf 80' lang='grc' dir='ltr'><strong>ἀπὸ</strong></span> <span class='ocrx_word' id='word_1_68' title='bbox 3575 791 3703 844; x_wconf 84' lang='grc' dir='ltr'><strong>τῶν</strong></span> 
     </span>
    </p>
   </div>
   <div class='ocr_carea' id='block_1_12' title="bbox 423 891 2619 959">
    <p class='ocr_par' dir='ltr' id='par_1_12' title="bbox 423 891 2619 959">
     <span class='ocr_line' id='line_1_12' title="bbox 423 891 2619 959; baseline 0.002 -21"><span class='ocrx_word' id='word_1_69' title='bbox 423 901 528 940; x_wconf 90' lang='lat' dir='ltr'><strong>me.</strong></span> <span class='ocrx_word' id='word_1_70' title='bbox 2096 891 2494 945; x_wconf 77' lang='grc' dir='ltr'>κυκλωσάντων</span> <span class='ocrx_word' id='word_1_71' title='bbox 2533 907 2619 959; x_wconf 87' lang='grc' dir='ltr'><strong>με.</strong></span> 
     </span>
    </p>
   </div>
   <div class='ocr_carea' id='block_1_13' title="bbox 491 969 2022 1049">
    <p class='ocr_par' dir='ltr' id='par_1_13' title="bbox 491 974 1992 1043">
     <span class='ocr_line' id='line_1_13' title="bbox 491 974 1992 1043; baseline 0.005 -13"><span class='ocrx_word' id='word_1_72' title='bbox 491 975 578 1030; x_wconf 89' lang='grc'><strong>17.</strong></span> <span class='ocrx_word' id='word_1_73' title='bbox 613 974 956 1032; x_wconf 85' lang='lat' dir='ltr'><strong>Intellectum</strong></span> <span class='ocrx_word' id='word_1_74' title='bbox 1009 980 1107 1032; x_wconf 91' lang='lat' dir='ltr'><strong>tibi</strong></span> <span class='ocrx_word' id='word_1_75' title='bbox 1143 980 1306 1043; x_wconf 85' lang='lat' dir='ltr'><strong>dabo,</strong></span> <span class='ocrx_word' id='word_1_76' title='bbox 1337 989 1392 1035; x_wconf 82' lang='lat' dir='ltr'><strong>et</strong></span> <span class='ocrx_word' id='word_1_77' title='bbox 1440 981 1706 1036; x_wconf 87' lang='lat' dir='ltr'><strong>instruam</strong></span> <span class='ocrx_word' id='word_1_78' title='bbox 1742 991 1791 1037; x_wconf 88' lang='lat' dir='ltr'><strong>te</strong></span> <span class='ocrx_word' id='word_1_79' title='bbox 1820 983 1872 1036; x_wconf 89' lang='lat' dir='ltr'><strong>in</strong></span> <span class='ocrx_word' id='word_1_80' title='bbox 1907 983 1992 1037; x_wconf 77' lang='lat' dir='ltr'><strong>via</strong></span> 
     </span>
    </p>
   </div>
   <div class='ocr_carea' id='block_1_14' title="bbox 2165 969 3696 1049">
    <p class='ocr_par' dir='ltr' id='par_1_14' title="bbox 2168 969 3696 1049">
     <span class='ocr_line' id='line_1_14' title="bbox 2168 969 3696 1049; baseline -0.005 -13"><span class='ocrx_word' id='word_1_81' title='bbox 2168 984 2256 1036; x_wconf 88' lang='lat'><strong>17.</strong></span> <span class='ocrx_word' id='word_1_82' title='bbox 2291 981 2526 1035; x_wconf 87' lang='grc' dir='ltr'>Συνετιῶ</span> <span class='ocrx_word' id='word_1_83' title='bbox 2580 998 2662 1044; x_wconf 89' lang='grc' dir='ltr'><strong>σε,</strong></span> <span class='ocrx_word' id='word_1_84' title='bbox 2697 979 2792 1034; x_wconf 71' lang='grc' dir='ltr'><strong>καὶ</strong></span> <span class='ocrx_word' id='word_1_85' title='bbox 2822 976 3071 1049; x_wconf 87' lang='grc' dir='ltr'>συμ6ι6ῶ</span> <span class='ocrx_word' id='word_1_86' title='bbox 3102 994 3161 1029; x_wconf 90' lang='grc' dir='ltr'><strong>σε</strong></span> <span class='ocrx_word' id='word_1_87' title='bbox 3187 978 3244 1030; x_wconf 85' lang='grc' dir='ltr'><strong>έν</strong></span> <span class='ocrx_word' id='word_1_88' title='bbox 3283 976 3388 1047; x_wconf 81' lang='grc' dir='ltr'>ὁδῷ</span> <span class='ocrx_word' id='word_1_89' title='bbox 3420 974 3618 1046; x_wconf 76' lang='grc' dir='ltr'>ταύτῃ,</span> <span class='ocrx_word' id='word_1_90' title='bbox 3648 969 3696 1046; x_wconf 82' lang='grc' dir='ltr'>ᾗ</span> 
     </span>
    </p>
   </div>
   <div class='ocr_carea' id='block_1_15' title="bbox 421 1064 1952 1148">
    <p class='ocr_par' dir='ltr' id='par_1_15' title="bbox 421 1064 1029 1148">
     <span class='ocr_line' id='line_1_15' title="bbox 421 1064 1029 1148; baseline 0.01 -30"><span class='ocrx_word' id='word_1_91' title='bbox 421 1064 544 1148; x_wconf 79' lang='lat' dir='ltr'><strong>hac,</strong></span> <span class='ocrx_word' id='word_1_92' title='bbox 578 1083 686 1136; x_wconf 91' lang='lat' dir='ltr'><strong>qua</strong></span> <span class='ocrx_word' id='word_1_93' title='bbox 717 1069 987 1138; x_wconf 82' lang='lat' dir='ltr'><strong>gradieris</strong></span> <span class='ocrx_word' id='word_1_94' title='bbox 1016 1088 1029 1123; x_wconf 90' lang='lat'>:</span> 
     </span>
    </p>
   </div>
   <div class='ocr_carea' id='block_1_16' title="bbox 826 1064 2357 1148">
    <p class='ocr_par' dir='ltr' id='par_1_16' title="bbox 826 1069 2357 1148">
     <span class='ocr_line' id='line_1_16' title="bbox 826 1069 2357 1148; baseline 0.005 -27"><span class='ocrx_word' id='word_1_95' title='bbox 826 1069 987 1124; x_wconf 78' lang='lat' dir='ltr'><strong>dieris</strong></span> <span class='ocrx_word' id='word_1_96' title='bbox 1016 1088 1029 1123; x_wconf 90' lang='lat'>:</span> <span class='ocrx_word' id='word_1_97' title='bbox 2096 1076 2357 1148; x_wconf 78' lang='grc' dir='ltr'><strong>πορεύσῃ·</strong></span> 
     </span>
    </p>
   </div>
   <div class='ocr_carea' id='block_1_17' title="bbox 493 1158 2024 1236">
    <p class='ocr_par' dir='ltr' id='par_1_17' title="bbox 493 1158 1581 1230">
     <span class='ocr_line' id='line_1_17' title="bbox 493 1158 1581 1230; baseline 0.006 -19"><span class='ocrx_word' id='word_1_98' title='bbox 493 1158 583 1211; x_wconf 90' lang='grc'><strong>18.</strong></span> <span class='ocrx_word' id='word_1_99' title='bbox 617 1159 877 1214; x_wconf 89' lang='lat' dir='ltr'><strong>Firmabo</strong></span> <span class='ocrx_word' id='word_1_100' title='bbox 907 1177 1074 1230; x_wconf 82' lang='lat' dir='ltr'><strong>super</strong></span> <span class='ocrx_word' id='word_1_101' title='bbox 1111 1170 1162 1215; x_wconf 91' lang='lat' dir='ltr'><strong>te</strong></span> <span class='ocrx_word' id='word_1_102' title='bbox 1193 1163 1382 1216; x_wconf 90' lang='lat' dir='ltr'><strong>oculos</strong></span> <span class='ocrx_word' id='word_1_103' title='bbox 1410 1179 1581 1217; x_wconf 81' lang='lat' dir='ltr'><strong>meos.</strong></span> 
     </span>
    </p>
   </div>
   <div class='ocr_carea' id='block_1_18' title="bbox 1946 1158 3477 1236">
    <p class='ocr_par' dir='ltr' id='par_1_18' title="bbox 2169 1159 3477 1236">
     <span class='ocr_line' id='line_1_18' title="bbox 2169 1159 3477 1236; baseline -0.008 -15"><span class='ocrx_word' id='word_1_104' title='bbox 2169 1167 2258 1221; x_wconf 91' lang='lat'><strong>18.</strong></span> <span class='ocrx_word' id='word_1_105' title='bbox 2309 1163 2644 1236; x_wconf 80' lang='grc' dir='ltr'>Ἐπιστηριῶ</span> <span class='ocrx_word' id='word_1_106' title='bbox 2668 1163 2760 1217; x_wconf 73' lang='grc' dir='ltr'>ἐπὶ</span> <span class='ocrx_word' id='word_1_107' title='bbox 2793 1163 2852 1216; x_wconf 79' lang='grc' dir='ltr'><strong>σὲ</strong></span> <span class='ocrx_word' id='word_1_108' title='bbox 2871 1162 2996 1226; x_wconf 81' lang='grc' dir='ltr'>τοὺς</span> <span class='ocrx_word' id='word_1_109' title='bbox 3017 1159 3330 1231; x_wconf 83' lang='grc' dir='ltr'>ὀφθαλμούς</span> <span class='ocrx_word' id='word_1_110' title='bbox 3358 1176 3477 1230; x_wconf 91' lang='grc' dir='ltr'>μου.</span> 
     </span>
    </p>
   </div>
   <div class='ocr_carea' id='block_1_19' title="bbox 489 1247 2020 1330">
    <p class='ocr_par' dir='ltr' id='par_1_19' title="bbox 489 1247 1993 1321">
     <span class='ocr_line' id='line_1_19' title="bbox 489 1247 1993 1321; baseline 0.003 -21"><span class='ocrx_word' id='word_1_111' title='bbox 489 1247 578 1302; x_wconf 97' lang='grc'><strong>19.</strong></span> <span class='ocrx_word' id='word_1_112' title='bbox 609 1247 788 1305; x_wconf 89' lang='lat' dir='ltr'><strong>Nolite</strong></span> <span class='ocrx_word' id='word_1_113' title='bbox 817 1251 936 1304; x_wconf 85' lang='lat' dir='ltr'><strong>ﬁeri</strong></span> <span class='ocrx_word' id='word_1_114' title='bbox 969 1252 1113 1305; x_wconf 92' lang='lat' dir='ltr'><strong>sicut</strong></span> <span class='ocrx_word' id='word_1_115' title='bbox 1142 1266 1317 1320; x_wconf 88' lang='lat' dir='ltr'><strong>equus</strong></span> <span class='ocrx_word' id='word_1_116' title='bbox 1348 1260 1403 1304; x_wconf 90' lang='lat' dir='ltr'><strong>et</strong></span> <span class='ocrx_word' id='word_1_117' title='bbox 1429 1253 1632 1319; x_wconf 84' lang='lat' dir='ltr'><strong>mulus,</strong></span> <span class='ocrx_word' id='word_1_118' title='bbox 1658 1253 1858 1321; x_wconf 83' lang='lat' dir='ltr'><strong>quibus</strong></span> <span class='ocrx_word' id='word_1_119' title='bbox 1888 1267 1993 1305; x_wconf 92' lang='lat' dir='ltr'><strong>non</strong></span> 
     </span>
    </p>
   </div>
   <div class='ocr_carea' id='block_1_20' title="bbox 2161 1247 3692 1330">
    <p class='ocr_par' dir='ltr' id='par_1_20' title="bbox 2168 1247 3692 1330">
     <span class='ocr_line' id='line_1_20' title="bbox 2168 1247 3692 1330; baseline -0.007 -17"><span class='ocrx_word' id='word_1_120' title='bbox 2168 1260 2253 1313; x_wconf 88' lang='lat'><strong>19.</strong></span> <span class='ocrx_word' id='word_1_121' title='bbox 2279 1258 2371 1330; x_wconf 79' lang='grc' dir='ltr'><strong>Μὴ</strong></span> <span class='ocrx_word' id='word_1_122' title='bbox 2395 1257 2608 1325; x_wconf 81' lang='grc' dir='ltr'>γίνεσθε</span> <span class='ocrx_word' id='word_1_123' title='bbox 2634 1256 2710 1320; x_wconf 87' lang='grc' dir='ltr'>ὼς</span> <span class='ocrx_word' id='word_1_124' title='bbox 2733 1257 2900 1318; x_wconf 80' lang='grc' dir='ltr'>ἵππος</span> <span class='ocrx_word' id='word_1_125' title='bbox 2940 1255 3034 1308; x_wconf 72' lang='grc' dir='ltr'>καὶ</span> <span class='ocrx_word' id='word_1_126' title='bbox 3062 1253 3305 1325; x_wconf 80' lang='grc' dir='ltr'><strong>ἡμίονος,</strong></span> <span class='ocrx_word' id='word_1_127' title='bbox 3331 1247 3414 1315; x_wconf 79' lang='grc' dir='ltr'>οἷς</span> <span class='ocrx_word' id='word_1_128' title='bbox 3438 1253 3537 1304; x_wconf 81' lang='grc' dir='ltr'><strong>οὐκ</strong></span> <span class='ocrx_word' id='word_1_129' title='bbox 3564 1251 3692 1304; x_wconf 74' lang='grc' dir='ltr'>ἐστι</span> 
     </span>
    </p>
   </div>
   <div class='ocr_carea' id='block_1_21' title="bbox 419 1341 1950 1413">
    <p class='ocr_par' dir='ltr' id='par_1_21' title="bbox 419 1341 862 1397">
     <span class='ocr_line' id='line_1_21' title="bbox 419 1341 862 1397; baseline 0.011 -6"><span class='ocrx_word' id='word_1_130' title='bbox 419 1347 503 1394; x_wconf 88' lang='lat' dir='ltr'><strong>est</strong></span> <span class='ocrx_word' id='word_1_131' title='bbox 535 1341 862 1397; x_wconf 88' lang='lat' dir='ltr'><strong>intellectus.</strong></span> 
     </span>
    </p>
   </div>
   <div class='ocr_carea' id='block_1_22' title="bbox 801 1341 2332 1413">
    <p class='ocr_par' dir='ltr' id='par_1_22' title="bbox 801 1350 2332 1413">
     <span class='ocr_line' id='line_1_22' title="bbox 801 1350 2332 1413; baseline 0.005 -17"><span class='ocrx_word' id='word_1_132' title='bbox 801 1359 862 1397; x_wconf 83' lang='lat' dir='ltr'><strong>IS.</strong></span> <span class='ocrx_word' id='word_1_133' title='bbox 2099 1350 2332 1413; x_wconf 88' lang='grc' dir='ltr'>σύνεσις.</span> 
     </span>
    </p>
   </div>
   <div class='ocr_carea' id='block_1_23' title="bbox 494 1429 2025 1512">
    <p class='ocr_par' dir='ltr' id='par_1_23' title="bbox 494 1429 1996 1505">
     <span class='ocr_line' id='line_1_23' title="bbox 494 1429 1996 1505; baseline 0.005 -23"><span class='ocrx_word' id='word_1_134' title='bbox 494 1429 586 1483; x_wconf 92' lang='grc'><strong>20.</strong></span> <span class='ocrx_word' id='word_1_135' title='bbox 619 1429 677 1484; x_wconf 85' lang='grc' dir='ltr'><strong>1η</strong></span> <span class='ocrx_word' id='word_1_136' title='bbox 716 1449 875 1487; x_wconf 91' lang='lat' dir='ltr'><strong>camo</strong></span> <span class='ocrx_word' id='word_1_137' title='bbox 908 1444 963 1490; x_wconf 87' lang='lat' dir='ltr'><strong>et</strong></span> <span class='ocrx_word' id='word_1_138' title='bbox 986 1436 1142 1492; x_wconf 82' lang='lat' dir='ltr'><strong>freno</strong></span> <span class='ocrx_word' id='word_1_139' title='bbox 1173 1438 1422 1494; x_wconf 78' lang='lat' dir='ltr'><strong>maxillas</strong></span> <span class='ocrx_word' id='word_1_140' title='bbox 1459 1453 1649 1493; x_wconf 91' lang='lat' dir='ltr'><strong>eorum</strong></span> <span class='ocrx_word' id='word_1_141' title='bbox 1683 1437 1996 1505; x_wconf 83' lang='lat' dir='ltr'><strong>constringe</strong></span> 
     </span>
    </p>
   </div>
   <div class='ocr_carea' id='block_1_24' title="bbox 2162 1429 3693 1512">
    <p class='ocr_par' dir='ltr' id='par_1_24' title="bbox 2165 1429 3693 1512">
     <span class='ocr_line' id='line_1_24' title="bbox 2165 1429 3693 1512; baseline -0.004 -18"><span class='ocrx_word' id='word_1_142' title='bbox 2165 1441 2256 1495; x_wconf 90' lang='lat'><strong>20.</strong></span> <span class='ocrx_word' id='word_1_143' title='bbox 2312 1443 2400 1494; x_wconf 89' lang='grc' dir='ltr'>Ἐν</span> <span class='ocrx_word' id='word_1_144' title='bbox 2428 1439 2590 1512; x_wconf 85' lang='grc' dir='ltr'>κημῷ</span> <span class='ocrx_word' id='word_1_145' title='bbox 2619 1439 2712 1493; x_wconf 71' lang='grc' dir='ltr'>καὶ</span> <span class='ocrx_word' id='word_1_146' title='bbox 2742 1436 2942 1509; x_wconf 83' lang='grc' dir='ltr'>χαλινῷ</span> <span class='ocrx_word' id='word_1_147' title='bbox 2965 1436 3065 1499; x_wconf 85' lang='grc' dir='ltr'>τὰς</span> <span class='ocrx_word' id='word_1_148' title='bbox 3099 1429 3354 1504; x_wconf 77' lang='grc' dir='ltr'>σιαγόνας</span> <span class='ocrx_word' id='word_1_149' title='bbox 3374 1434 3551 1488; x_wconf 82' lang='grc' dir='ltr'>αὐτῶν</span> <span class='ocrx_word' id='word_1_150' title='bbox 3583 1434 3693 1503; x_wconf 79' lang='grc' dir='ltr'><strong>ἆγ-</strong></span> 
     </span>
    </p>
   </div>
   <div class='ocr_carea' id='block_1_25' title="bbox 425 1517 1956 1606">
    <p class='ocr_par' dir='ltr' id='par_1_25' title="bbox 425 1517 836 1594">
     <span class='ocr_line' id='line_1_25' title="bbox 425 1517 836 1594; baseline 0.01 -20"><span class='ocrx_word' id='word_1_151' title='bbox 425 1517 836 1594; x_wconf 84' lang='lat' dir='ltr'><strong>[constringes],</strong></span> 
     </span>
    </p>
   </div>
   <div class='ocr_carea' id='block_1_26' title="bbox 1636 1517 3167 1606">
    <p class='ocr_par' dir='ltr' id='par_1_26' title="bbox 2098 1528 3167 1606">
     <span class='ocr_line' id='line_1_26' title="bbox 2098 1528 3167 1606; baseline -0.007 -18"><span class='ocrx_word' id='word_1_152' title='bbox 2098 1531 2216 1599; x_wconf 81' lang='grc' dir='ltr'>ξαις</span> <span class='ocrx_word' id='word_1_153' title='bbox 2245 1534 2450 1606; x_wconf 72' lang='grc' dir='ltr'>[ἄγξαι,</span> <span class='ocrx_word' id='word_1_154' title='bbox 2487 1535 2541 1588; x_wconf 93' lang='lat' dir='ltr'><strong>in</strong></span> <span class='ocrx_word' id='word_1_155' title='bbox 2575 1548 2749 1602; x_wconf 79' lang='lat' dir='ltr'><strong>marg.</strong></span> <span class='ocrx_word' id='word_1_156' title='bbox 2781 1531 2904 1586; x_wconf 87' lang='lat' dir='ltr'><strong>cod.</strong></span> <span class='ocrx_word' id='word_1_157' title='bbox 2938 1528 3167 1601; x_wconf 71' lang='grc' dir='ltr'>ἄγξεις],</span> 
     </span>
    </p>
   </div>
   <div class='ocr_carea' id='block_1_27' title="bbox 493 1612 2024 1695">
    <p class='ocr_par' dir='ltr' id='par_1_27' title="bbox 493 1612 1474 1687">
     <span class='ocr_line' id='line_1_27' title="bbox 493 1612 1474 1687; baseline 0.007 -22"><span class='ocrx_word' id='word_1_158' title='bbox 493 1612 581 1667; x_wconf 83' lang='grc'><strong>21.</strong></span> <span class='ocrx_word' id='word_1_159' title='bbox 611 1614 712 1680; x_wconf 85' lang='lat' dir='ltr'><strong>Qui</strong></span> <span class='ocrx_word' id='word_1_160' title='bbox 743 1631 850 1670; x_wconf 90' lang='lat' dir='ltr'><strong>non</strong></span> <span class='ocrx_word' id='word_1_161' title='bbox 881 1619 1262 1687; x_wconf 79' lang='lat' dir='ltr'><strong>approximant</strong></span> <span class='ocrx_word' id='word_1_162' title='bbox 1297 1619 1363 1673; x_wconf 90' lang='lat' dir='ltr'><strong>ad</strong></span> <span class='ocrx_word' id='word_1_163' title='bbox 1404 1627 1474 1673; x_wconf 92' lang='lat' dir='ltr'><strong>te.</strong></span> 
     </span>
    </p>
   </div>
   <div class='ocr_carea' id='block_1_28' title="bbox 1588 1612 3119 1695">
    <p class='ocr_par' dir='ltr' id='par_1_28' title="bbox 2166 1620 3119 1695">
     <span class='ocr_line' id='line_1_28' title="bbox 2166 1620 3119 1695; baseline -0.006 -17"><span class='ocrx_word' id='word_1_164' title='bbox 2166 1625 2254 1678; x_wconf 87' lang='lat'><strong>21.</strong></span> <span class='ocrx_word' id='word_1_165' title='bbox 2281 1625 2401 1677; x_wconf 85' lang='grc' dir='ltr'><strong>Τῶν</strong></span> <span class='ocrx_word' id='word_1_166' title='bbox 2433 1624 2505 1695; x_wconf 79' lang='grc' dir='ltr'><strong>μὴ</strong></span> <span class='ocrx_word' id='word_1_167' title='bbox 2527 1622 2856 1692; x_wconf 74' lang='grc' dir='ltr'><strong>ἐγγιζόντων</strong></span> <span class='ocrx_word' id='word_1_168' title='bbox 2880 1622 3017 1691; x_wconf 84' lang='grc' dir='ltr'>πρὸς</span> <span class='ocrx_word' id='word_1_169' title='bbox 3041 1620 3119 1673; x_wconf 88' lang='grc' dir='ltr'><strong>σέ.</strong></span> 
     </span>
    </p>
   </div>
   <div class='ocr_carea' id='block_1_29' title="bbox 491 1705 2022 1786">
    <p class='ocr_par' dir='ltr' id='par_1_29' title="bbox 491 1705 1408 1780">
     <span class='ocr_line' id='line_1_29' title="bbox 491 1705 1408 1780; baseline 0.009 -21"><span class='ocrx_word' id='word_1_170' title='bbox 491 1705 584 1762; x_wconf 82' lang='grc'><strong>22.</strong></span> <span class='ocrx_word' id='word_1_171' title='bbox 619 1707 787 1762; x_wconf 84' lang='lat' dir='ltr'><strong>Multa</strong></span> <span class='ocrx_word' id='word_1_172' title='bbox 821 1709 1032 1780; x_wconf 84' lang='lat' dir='ltr'><strong>ﬂagella</strong></span> <span class='ocrx_word' id='word_1_173' title='bbox 1067 1713 1408 1780; x_wconf 78' lang='lat' dir='ltr'><strong>peccatoris:</strong></span> 
     </span>
    </p>
   </div>
   <div class='ocr_carea' id='block_1_30' title="bbox 1862 1705 3393 1786">
    <p class='ocr_par' dir='ltr' id='par_1_30' title="bbox 2029 1711 3393 1786">
     <span class='ocr_line' id='line_1_30' title="bbox 2029 1711 3393 1786; baseline -0.005 -15"><span class='ocrx_word' id='word_1_174' title='bbox 2029 1781 2068 1786; x_wconf 24' lang='lat'><strong>_‘</strong></span> <span class='ocrx_word' id='word_1_175' title='bbox 2165 1717 2254 1770; x_wconf 82' lang='lat'><strong>22.</strong></span> <span class='ocrx_word' id='word_1_176' title='bbox 2293 1715 2490 1768; x_wconf 64' lang='grc' dir='ltr'><strong>Πολλαλ⁵</strong></span> <span class='ocrx_word' id='word_1_177' title='bbox 2513 1717 2568 1768; x_wconf 85' lang='grc' dir='ltr'>αἱ</span> <span class='ocrx_word' id='word_1_178' title='bbox 2597 1714 2859 1785; x_wconf 82' lang='grc' dir='ltr'>μάστιγες</span> <span class='ocrx_word' id='word_1_179' title='bbox 2901 1711 2996 1766; x_wconf 82' lang='grc' dir='ltr'>τοῦ</span> <span class='ocrx_word' id='word_1_180' title='bbox 3045 1711 3393 1782; x_wconf 79' lang='grc' dir='ltr'>άμαρτωλοῦ·</span> 
     </span>
    </p>
   </div>
   <div class='ocr_carea' id='block_1_31' title="bbox 495 1784 2026 1874">
    <p class='ocr_par' dir='ltr' id='par_1_31' title="bbox 495 1795 1995 1866">
     <span class='ocr_line' id='line_1_31' title="bbox 495 1795 1995 1866; baseline 0.003 -18"><span class='ocrx_word' id='word_1_181' title='bbox 495 1795 586 1850; x_wconf 84' lang='grc'><strong>25.</strong></span> <span class='ocrx_word' id='word_1_182' title='bbox 620 1795 942 1866; x_wconf 85' lang='lat' dir='ltr'><strong>Sperantem</strong></span> <span class='ocrx_word' id='word_1_183' title='bbox 993 1809 1176 1854; x_wconf 86' lang='lat' dir='ltr'><strong>autem</strong></span> <span class='ocrx_word' id='word_1_184' title='bbox 1233 1803 1286 1856; x_wconf 93' lang='lat' dir='ltr'><strong>in</strong></span> <span class='ocrx_word' id='word_1_185' title='bbox 1337 1801 1572 1856; x_wconf 86' lang='lat' dir='ltr'><strong>Domino</strong></span> <span class='ocrx_word' id='word_1_186' title='bbox 1619 1797 1995 1855; x_wconf 82' lang='lat' dir='ltr'><strong>misericordia</strong></span> 
     </span>
    </p>
   </div>
   <div class='ocr_carea' id='block_1_32' title="bbox 2095 1784 3626 1874">
    <p class='ocr_par' dir='ltr' id='par_1_32' title="bbox 2165 1784 3626 1874">
     <span class='ocr_line' id='line_1_32' title="bbox 2165 1784 3626 1874; baseline -0.001 -15"><span class='ocrx_word' id='word_1_187' title='bbox 2165 1806 2258 1861; x_wconf 82' lang='lat'><strong>25.</strong></span> <span class='ocrx_word' id='word_1_188' title='bbox 2286 1807 2390 1859; x_wconf 83' lang='grc' dir='ltr'><strong>Τὸν</strong></span> <span class='ocrx_word' id='word_1_189' title='bbox 2414 1806 2470 1859; x_wconf 81' lang='grc' dir='ltr'>δὲ</span> <span class='ocrx_word' id='word_1_190' title='bbox 2497 1784 2787 1868; x_wconf 79' lang='grc' dir='ltr'>ἐλπίζοντα</span> <span class='ocrx_word' id='word_1_191' title='bbox 2817 1805 2909 1856; x_wconf 73' lang='grc' dir='ltr'><strong>ἐπὶ</strong></span> <span class='ocrx_word' id='word_1_192' title='bbox 2929 1803 3134 1874; x_wconf 86' lang='grc' dir='ltr'>Κύριον</span> <span class='ocrx_word' id='word_1_193' title='bbox 3160 1801 3626 1866; x_wconf 82' lang='grc' dir='ltr'>ἕλεοςκυκλὼσει.</span> 
     </span>
    </p>
   </div>
   <div class='ocr_carea' id='block_1_33' title="bbox 423 1886 806 1944">
    <p class='ocr_par' dir='ltr' id='par_1_33' title="bbox 423 1886 806 1944">
     <span class='ocr_line' id='line_1_33' title="bbox 423 1886 806 1944; baseline 0.005 -2"><span class='ocrx_word' id='word_1_194' title='bbox 423 1886 806 1944; x_wconf 81' lang='lat' dir='ltr'><strong>circumdabit.</strong></span> 
     </span>
    </p>
   </div>
   <div class='ocr_carea' id='block_1_34' title="bbox 497 1976 2028 2055">
    <p class='ocr_par' dir='ltr' id='par_1_34' title="bbox 497 1981 1970 2055">
     <span class='ocr_line' id='line_1_34' title="bbox 497 1981 1970 2055; baseline 0.001 -18"><span class='ocrx_word' id='word_1_195' title='bbox 497 1983 586 2038; x_wconf 67' lang='lat'><strong>24.</strong></span> <span class='ocrx_word' id='word_1_196' title='bbox 617 1983 903 2040; x_wconf 66' lang='lat' dir='ltr'><strong>Laetamini</strong></span> <span class='ocrx_word' id='word_1_197' title='bbox 933 1985 990 2038; x_wconf 91' lang='lat' dir='ltr'><strong>in</strong></span> <span class='ocrx_word' id='word_1_198' title='bbox 1023 1981 1276 2049; x_wconf 80' lang='lat' dir='ltr'><strong>Domino,</strong></span> <span class='ocrx_word' id='word_1_199' title='bbox 1306 1990 1361 2038; x_wconf 85' lang='lat' dir='ltr'><strong>et</strong></span> <span class='ocrx_word' id='word_1_200' title='bbox 1391 1983 1684 2052; x_wconf 83' lang='lat' dir='ltr'><strong>exsultate,</strong></span> <span class='ocrx_word' id='word_1_201' title='bbox 1708 1984 1842 2055; x_wconf 85' lang='lat' dir='ltr'><strong>justi</strong></span> <span class='ocrx_word' id='word_1_202' title='bbox 1868 2002 1883 2051; x_wconf 88' lang='lat'><strong>;</strong></span> <span class='ocrx_word' id='word_1_203' title='bbox 1955 2007 1970 2030; x_wconf 77' lang='grc' dir='ltr'><strong><em>ο</em></strong></span> 
     </span>
    </p>
   </div>
   <div class='ocr_carea' id='block_1_35' title="bbox 2162 1976 3693 2055">
    <p class='ocr_par' dir='ltr' id='par_1_35' title="bbox 2166 1976 3693 2052">
     <span class='ocr_line' id='line_1_35' title="bbox 2166 1976 3693 2052; baseline -0.005 -16"><span class='ocrx_word' id='word_1_204' title='bbox 2166 1982 2256 2036; x_wconf 72' lang='grc'><strong>24.</strong></span> <span class='ocrx_word' id='word_1_205' title='bbox 2315 1981 2670 2052; x_wconf 77' lang='grc' dir='ltr'><strong>Εὐφράνθητε</strong></span> <span class='ocrx_word' id='word_1_206' title='bbox 2736 1981 2830 2035; x_wconf 75' lang='grc' dir='ltr'><strong>ἐπὶ</strong></span> <span class='ocrx_word' id='word_1_207' title='bbox 2889 1980 3130 2044; x_wconf 86' lang='grc' dir='ltr'>Κύριον.</span> <span class='ocrx_word' id='word_1_208' title='bbox 3187 1980 3282 2031; x_wconf 74' lang='grc' dir='ltr'>καὶ</span> <span class='ocrx_word' id='word_1_209' title='bbox 3327 1976 3693 2044; x_wconf 59' lang='grc' dir='ltr'>ἀγαλλιᾶσθε,</span> 
     </span>
    </p>
   </div>
   <div class='ocr_carea' id='block_1_36' title="bbox 2095 2078 2330 2131">
    <p class='ocr_par' dir='ltr' id='par_1_36' title="bbox 2095 2078 2330 2131">
     <span class='ocr_line' id='line_1_36' title="bbox 2095 2078 2330 2131; baseline 0 -1"><span class='ocrx_word' id='word_1_210' title='bbox 2095 2078 2330 2131; x_wconf 86' lang='grc' dir='ltr'>δίκαιοι·</span> 
     </span>
    </p>
   </div>
   <div class='ocr_carea' id='block_1_37' title="bbox 483 2160 2014 2238">
    <p class='ocr_par' dir='ltr' id='par_1_37' title="bbox 483 2165 1637 2238">
     <span class='ocr_line' id='line_1_37' title="bbox 483 2165 1637 2238; baseline -0.001 -18"><span class='ocrx_word' id='word_1_211' title='bbox 483 2166 574 2221; x_wconf 82' lang='lat'><strong>25.</strong></span> <span class='ocrx_word' id='word_1_212' title='bbox 610 2165 676 2222; x_wconf 87' lang='lat' dir='ltr'><strong>Et</strong></span> <span class='ocrx_word' id='word_1_213' title='bbox 697 2165 1031 2238; x_wconf 76' lang='lat' dir='ltr'><strong>gloriamini,</strong></span> <span class='ocrx_word' id='word_1_214' title='bbox 1065 2182 1258 2222; x_wconf 90' lang='lat' dir='ltr'><strong>omnes</strong></span> <span class='ocrx_word' id='word_1_215' title='bbox 1284 2167 1416 2222; x_wconf 90' lang='lat' dir='ltr'><strong>recti</strong></span> <span class='ocrx_word' id='word_1_216' title='bbox 1448 2167 1637 2222; x_wconf 90' lang='lat' dir='ltr'><strong>corde.</strong></span> 
     </span>
    </p>
   </div>
   <div class='ocr_carea' id='block_1_38' title="bbox 2042 2160 3573 2238">
    <p class='ocr_par' dir='ltr' id='par_1_38' title="bbox 2168 2160 3573 2237">
     <span class='ocr_line' id='line_1_38' title="bbox 2168 2160 3573 2237; baseline -0.007 -14"><span class='ocrx_word' id='word_1_217' title='bbox 2168 2169 2258 2223; x_wconf 84' lang='lat'><strong>25.</strong></span> <span class='ocrx_word' id='word_1_218' title='bbox 2290 2169 2403 2222; x_wconf 78' lang='lat' dir='ltr'><strong>Kal.</strong></span> <span class='ocrx_word' id='word_1_219' title='bbox 2432 2165 2731 2237; x_wconf 85' lang='grc' dir='ltr'>καυχᾶσθε,</span> <span class='ocrx_word' id='word_1_220' title='bbox 2761 2165 2962 2229; x_wconf 85' lang='grc' dir='ltr'>πάντες</span> <span class='ocrx_word' id='word_1_221' title='bbox 2987 2163 3036 2218; x_wconf 79' lang='grc' dir='ltr'>οἱ</span> <span class='ocrx_word' id='word_1_222' title='bbox 3066 2163 3245 2228; x_wconf 78' lang='grc' dir='ltr'>εὐθεῖς</span> <span class='ocrx_word' id='word_1_223' title='bbox 3266 2165 3331 2234; x_wconf 84' lang='grc' dir='ltr'>τῇ</span> <span class='ocrx_word' id='word_1_224' title='bbox 3352 2160 3573 2232; x_wconf 74' lang='grc' dir='ltr'>καρδίᾳ.</span> 
     </span>
    </p>
   </div>
   <div class='ocr_carea' id='block_1_39' title="bbox 469 2272 2000 2354">
    <p class='ocr_par' dir='ltr' id='par_1_39' title="bbox 469 2276 1942 2350">
     <span class='ocr_line' id='line_1_39' title="bbox 469 2276 1942 2350; baseline 0 -18"><span class='ocrx_word' id='word_1_225' title='bbox 469 2276 724 2333; x_wconf 77' lang='lat' dir='ltr'><strong>Psalmus</strong></span> <span class='ocrx_word' id='word_1_226' title='bbox 754 2277 946 2335; x_wconf 83' lang='lat' dir='ltr'><strong>David.</strong></span> <span class='ocrx_word' id='word_1_227' title='bbox 976 2278 1102 2334; x_wconf 84' lang='lat' dir='ltr'><strong>Sine</strong></span> <span class='ocrx_word' id='word_1_228' title='bbox 1130 2280 1471 2349; x_wconf 76' lang='lat' dir='ltr'><strong>inscriptione</strong></span> <span class='ocrx_word' id='word_1_229' title='bbox 1496 2281 1637 2350; x_wconf 86' lang='lat' dir='ltr'><strong>apud</strong></span> <span class='ocrx_word' id='word_1_230' title='bbox 1671 2277 1942 2335; x_wconf 68' lang='lat' dir='ltr'><strong>Hebrum.</strong></span> 
     </span>
    </p>
   </div>
   <div class='ocr_carea' id='block_1_40' title="bbox 2157 2272 3688 2354">
    <p class='ocr_par' dir='ltr' id='par_1_40' title="bbox 2157 2272 3688 2354">
     <span class='ocr_line' id='line_1_40' title="bbox 2157 2272 3688 2354; baseline -0.008 -17"><span class='ocrx_word' id='word_1_231' title='bbox 2157 2282 2353 2354; x_wconf 75' lang='grc' dir='ltr'>ἀλμὸς</span> <span class='ocrx_word' id='word_1_232' title='bbox 2383 2281 2460 2346; x_wconf 87' lang='grc' dir='ltr'>τῷ</span> <span class='ocrx_word' id='word_1_233' title='bbox 2488 2279 2684 2335; x_wconf 80' lang='grc' dir='ltr'>Δαϐίδ.</span> <span class='ocrx_word' id='word_1_234' title='bbox 2721 2280 3152 2347; x_wconf 68' lang='grc' dir='ltr'>Ἀνεπίγραερος</span> <span class='ocrx_word' id='word_1_235' title='bbox 3197 2277 3332 2345; x_wconf 82' lang='grc' dir='ltr'>παρ’</span> <span class='ocrx_word' id='word_1_236' title='bbox 3379 2272 3688 2342; x_wconf 79' lang='grc' dir='ltr'>Ἑϐραίοις.</span> 
     </span>
    </p>
   </div>
   <div class='ocr_carea' id='block_1_41' title="bbox 975 2368 2506 2425">
    <p class='ocr_par' dir='ltr' id='par_1_41' title="bbox 975 2368 1471 2425">
     <span class='ocr_line' id='line_1_41' title="bbox 975 2368 1471 2425; baseline -0.002 -2"><span class='ocrx_word' id='word_1_237' title='bbox 975 2368 1185 2425; x_wconf 78' lang='lat' dir='ltr'><strong>PSAL.</strong></span> <span class='ocrx_word' id='word_1_238' title='bbox 1218 2368 1471 2423; x_wconf 82' lang='lat' dir='ltr'><strong>XXXII.</strong></span> 
     </span>
    </p>
   </div>
   <div class='ocr_carea' id='block_1_42' title="bbox 1517 2368 3048 2425">
    <p class='ocr_par' dir='ltr' id='par_1_42' title="bbox 2711 2373 3048 2424">
     <span class='ocr_line' id='line_1_42' title="bbox 2711 2373 3048 2424; baseline 0 0"><span class='ocrx_word' id='word_1_239' title='bbox 2711 2373 2886 2424; x_wconf 85' lang='grc' dir='ltr'><strong>ΨΑΛ.</strong></span> <span class='ocrx_word' id='word_1_240' title='bbox 2915 2373 3048 2424; x_wconf 86' lang='lat' dir='ltr'><strong>AB’.</strong></span> 
     </span>
    </p>
   </div>
   <div class='ocr_carea' id='block_1_43' title="bbox 494 2456 2025 2534">
    <p class='ocr_par' dir='ltr' id='par_1_43' title="bbox 494 2456 1450 2532">
     <span class='ocr_line' id='line_1_43' title="bbox 494 2456 1450 2532; baseline 0.006 -22"><span class='ocrx_word' id='word_1_241' title='bbox 494 2457 547 2511; x_wconf 85' lang='lat'><strong>1.</strong></span> <span class='ocrx_word' id='word_1_242' title='bbox 580 2456 883 2526; x_wconf 80' lang='lat' dir='ltr'><strong>Exsultate,</strong></span> <span class='ocrx_word' id='word_1_243' title='bbox 909 2461 1065 2532; x_wconf 82' lang='lat' dir='ltr'><strong>justi,</strong></span> <span class='ocrx_word' id='word_1_244' title='bbox 1097 2462 1152 2516; x_wconf 93' lang='lat' dir='ltr'><strong>in</strong></span> <span class='ocrx_word' id='word_1_245' title='bbox 1182 2461 1450 2517; x_wconf 89' lang='lat' dir='ltr'><strong>Domino:</strong></span> 
     </span>
    </p>
   </div>
   <div class='ocr_carea' id='block_1_44' title="bbox 1689 2456 3220 2534">
    <p class='ocr_par' dir='ltr' id='par_1_44' title="bbox 2173 2461 3220 2534">
     <span class='ocr_line' id='line_1_44' title="bbox 2173 2461 3220 2534; baseline -0.008 -15"><span class='ocrx_word' id='word_1_246' title='bbox 2173 2467 2224 2520; x_wconf 93' lang='lat'><strong>1.</strong></span> <span class='ocrx_word' id='word_1_247' title='bbox 2263 2463 2638 2534; x_wconf 82' lang='grc' dir='ltr'>Ἀγαλλιᾶσθε,</span> <span class='ocrx_word' id='word_1_248' title='bbox 2668 2464 2889 2530; x_wconf 86' lang='grc' dir='ltr'>δίκαιοι,</span> <span class='ocrx_word' id='word_1_249' title='bbox 2923 2465 2982 2516; x_wconf 81' lang='grc' dir='ltr'>ὲν</span> <span class='ocrx_word' id='word_1_250' title='bbox 3011 2461 3220 2533; x_wconf 84' lang='grc' dir='ltr'>Κυρίῳ·</span> 
     </span>
    </p>
   </div>
   <div class='ocr_carea' id='block_1_45' title="bbox 493 2551 2024 2628">
    <p class='ocr_par' dir='ltr' id='par_1_45' title="bbox 493 2551 1340 2614">
     <span class='ocr_line' id='line_1_45' title="bbox 493 2551 1340 2614; baseline 0.007 -9"><span class='ocrx_word' id='word_1_251' title='bbox 493 2551 530 2604; x_wconf 88' lang='grc'><strong>2</strong></span> <span class='ocrx_word' id='word_1_252' title='bbox 582 2551 779 2609; x_wconf 82' lang='lat' dir='ltr'><strong>Rectos</strong></span> <span class='ocrx_word' id='word_1_253' title='bbox 808 2555 966 2610; x_wconf 85' lang='lat' dir='ltr'><strong>decet</strong></span> <span class='ocrx_word' id='word_1_254' title='bbox 989 2555 1340 2614; x_wconf 88' lang='lat' dir='ltr'><strong>collaudatio.</strong></span> 
     </span>
    </p>
   </div>
   <div class='ocr_carea' id='block_1_46' title="bbox 1555 2551 3086 2628">
    <p class='ocr_par' dir='ltr' id='par_1_46' title="bbox 2173 2556 3086 2628">
     <span class='ocr_line' id='line_1_46' title="bbox 2173 2556 3086 2628; baseline -0.004 -16"><span class='ocrx_word' id='word_1_255' title='bbox 2173 2559 2227 2612; x_wconf 90' lang='lat'><strong>2.</strong></span> <span class='ocrx_word' id='word_1_256' title='bbox 2257 2557 2381 2622; x_wconf 89' lang='grc' dir='ltr'>Τοῖς</span> <span class='ocrx_word' id='word_1_257' title='bbox 2414 2558 2594 2612; x_wconf 84' lang='grc' dir='ltr'>εύθέσι</span> <span class='ocrx_word' id='word_1_258' title='bbox 2631 2558 2831 2628; x_wconf 82' lang='grc' dir='ltr'>πρέπει</span> <span class='ocrx_word' id='word_1_259' title='bbox 2861 2556 3086 2620; x_wconf 78' lang='grc' dir='ltr'>αῖνεσις.</span> 
     </span>
    </p>
   </div>
   <div class='ocr_carea' id='block_1_47' title="bbox 496 2644 2027 2720">
    <p class='ocr_par' dir='ltr' id='par_1_47' title="bbox 496 2644 1554 2706">
     <span class='ocr_line' id='line_1_47' title="bbox 496 2644 1554 2706; baseline 0.005 -8"><span class='ocrx_word' id='word_1_260' title='bbox 496 2644 549 2698; x_wconf 76' lang='grc'><strong>5.</strong></span> <span class='ocrx_word' id='word_1_261' title='bbox 579 2645 929 2702; x_wconf 83' lang='lat' dir='ltr'><strong>Conﬁtemini</strong></span> <span class='ocrx_word' id='word_1_262' title='bbox 959 2648 1192 2704; x_wconf 89' lang='lat' dir='ltr'><strong>Domino</strong></span> <span class='ocrx_word' id='word_1_263' title='bbox 1218 2650 1272 2704; x_wconf 90' lang='lat' dir='ltr'><strong>iu</strong></span> <span class='ocrx_word' id='word_1_264' title='bbox 1302 2649 1511 2706; x_wconf 86' lang='lat' dir='ltr'><strong>cithara</strong></span> <span class='ocrx_word' id='word_1_265' title='bbox 1539 2689 1554 2703; x_wconf 95' lang='lat'><strong>.</strong></span> 
     </span>
    </p>
   </div>
   <div class='ocr_carea' id='block_1_48' title="bbox 1827 2644 3358 2720">
    <p class='ocr_par' dir='ltr' id='par_1_48' title="bbox 2173 2645 3358 2720">
     <span class='ocr_line' id='line_1_48' title="bbox 2173 2645 3358 2720; baseline -0.007 -15"><span class='ocrx_word' id='word_1_266' title='bbox 2173 2649 2227 2705; x_wconf 79' lang='lat'><strong>5.</strong></span> <span class='ocrx_word' id='word_1_267' title='bbox 2276 2648 2715 2720; x_wconf 81' lang='grc' dir='ltr'>Ἐξομολογεῖσθε</span> <span class='ocrx_word' id='word_1_268' title='bbox 2738 2646 2816 2718; x_wconf 84' lang='grc' dir='ltr'>τῷ</span> <span class='ocrx_word' id='word_1_269' title='bbox 2839 2647 3030 2718; x_wconf 84' lang='grc' dir='ltr'>Κυρίῳ</span> <span class='ocrx_word' id='word_1_270' title='bbox 3057 2646 3116 2700; x_wconf 83' lang='grc' dir='ltr'>ὲν</span> <span class='ocrx_word' id='word_1_271' title='bbox 3137 2645 3358 2716; x_wconf 70' lang='grc' dir='ltr'>κιθάρα·</span> 
     </span>
    </p>
   </div>
   <div class='ocr_carea' id='block_1_49' title="bbox 1554 2765 2558 2824">
    <p class='ocr_par' dir='ltr' id='par_1_49' title="bbox 1554 2765 2558 2824">
     <span class='ocr_line' id='line_1_49' title="bbox 1554 2765 2558 2824; baseline 0.001 -2"><span class='ocrx_word' id='word_1_272' title='bbox 1554 2765 1939 2822; x_wconf 80' lang='lat' dir='ltr'><strong>ATHANASII</strong></span> <span class='ocrx_word' id='word_1_273' title='bbox 1975 2766 2558 2824; x_wconf 75' lang='lat' dir='ltr'><strong>INTERPRETATIO.</strong></span> 
     </span>
    </p>
   </div>
   <div class='ocr_carea' id='block_1_50' title="bbox 504 2877 2035 2954">
    <p class='ocr_par' dir='ltr' id='par_1_50' title="bbox 504 2877 1738 2952">
     <span class='ocr_line' id='line_1_50' title="bbox 504 2877 1738 2952; baseline 0.001 -19"><span class='ocrx_word' id='word_1_274' title='bbox 504 2877 592 2935; x_wconf 70' lang='lat' dir='ltr'><strong>ﬂ.</strong></span> <span class='ocrx_word' id='word_1_275' title='bbox 629 2878 914 2952; x_wconf 84' lang='lat' dir='ltr'><strong>Lacrymis</strong></span> <span class='ocrx_word' id='word_1_276' title='bbox 936 2879 1052 2936; x_wconf 86' lang='lat' dir='ltr'><strong>suis</strong></span> <span class='ocrx_word' id='word_1_277' title='bbox 1081 2879 1330 2935; x_wconf 79' lang='lat' dir='ltr'><strong>delentur</strong></span> <span class='ocrx_word' id='word_1_278' title='bbox 1359 2889 1581 2952; x_wconf 86' lang='lat' dir='ltr'><strong>peccata</strong></span> <span class='ocrx_word' id='word_1_279' title='bbox 1616 2897 1738 2936; x_wconf 89' lang='lat' dir='ltr'><strong>sua.</strong></span> 
     </span>
    </p>
   </div>
   <div class='ocr_carea' id='block_1_51' title="bbox 2158 2877 3689 2954">
    <p class='ocr_par' dir='ltr' id='par_1_51' title="bbox 2172 2877 3689 2954">
     <span class='ocr_line' id='line_1_51' title="bbox 2172 2877 3689 2954; baseline -0.003 -18"><span class='ocrx_word' id='word_1_280' title='bbox 2172 2883 2260 2939; x_wconf 71' lang='grc'><strong>14.</strong></span> <span class='ocrx_word' id='word_1_281' title='bbox 2329 2882 2430 2936; x_wconf 90' lang='grc' dir='ltr'><strong>Διά</strong></span> <span class='ocrx_word' id='word_1_282' title='bbox 2487 2882 2596 2937; x_wconf 86' lang='grc' dir='ltr'><strong>τῶν</strong></span> <span class='ocrx_word' id='word_1_283' title='bbox 2647 2880 2899 2954; x_wconf 85' lang='grc' dir='ltr'>δακρύων</span> <span class='ocrx_word' id='word_1_284' title='bbox 2957 2879 3122 2934; x_wconf 81' lang='grc' dir='ltr'>αύτοῦ</span> <span class='ocrx_word' id='word_1_285' title='bbox 3191 2877 3566 2947; x_wconf 79' lang='grc' dir='ltr'>ὲξαλείφονται</span> <span class='ocrx_word' id='word_1_286' title='bbox 3630 2877 3689 2931; x_wconf 74' lang='grc' dir='ltr'>αἱ</span> 
     </span>
    </p>
   </div>
   <div class='ocr_carea' id='block_1_52' title="bbox 2297 2977 2580 3030">
    <p class='ocr_par' dir='ltr' id='par_1_52' title="bbox 2297 2977 2580 3030">
     <span class='ocr_line' id='line_1_52' title="bbox 2297 2977 2580 3030; baseline 0.007 -2"><span class='ocrx_word' id='word_1_287' title='bbox 2297 2978 2369 3030; x_wconf 86' lang='grc' dir='ltr'><strong>ίαι</strong></span> <span class='ocrx_word' id='word_1_288' title='bbox 2395 2977 2580 3030; x_wconf 81' lang='grc' dir='ltr'>αὐτοῦ.</span> 
     </span>
    </p>
   </div>
   <div class='ocr_carea' id='block_1_53' title="bbox 497 2978 2028 3139">
    <p class='ocr_par' dir='ltr' id='par_1_53' title="bbox 497 3057 2028 3130">
     <span class='ocr_line' id='line_1_53' title="bbox 497 3057 2028 3130; baseline -0.006 -14"><span class='ocrx_word' id='word_1_289' title='bbox 497 3061 585 3116; x_wconf 85' lang='grc'><strong>15.</strong></span> <span class='ocrx_word' id='word_1_290' title='bbox 618 3062 745 3117; x_wconf 69' lang='lat' dir='ltr'><strong>llaec</strong></span> <span class='ocrx_word' id='word_1_291' title='bbox 773 3061 975 3117; x_wconf 89' lang='lat' dir='ltr'><strong>clamat</strong></span> <span class='ocrx_word' id='word_1_292' title='bbox 998 3077 1056 3116; x_wconf 91' lang='lat' dir='ltr'><strong>se</strong></span> <span class='ocrx_word' id='word_1_293' title='bbox 1089 3068 1415 3115; x_wconf 84' lang='lat' dir='ltr'><strong>convertens</strong></span> <span class='ocrx_word' id='word_1_294' title='bbox 1446 3073 1570 3113; x_wconf 90' lang='lat' dir='ltr'><strong>cum</strong></span> <span class='ocrx_word' id='word_1_295' title='bbox 1599 3057 1880 3130; x_wconf 85' lang='lat' dir='ltr'><strong>lacrymis.</strong></span> <span class='ocrx_word' id='word_1_296' title='bbox 2025 3080 2028 3107; x_wconf 78' lang='grc' dir='ltr'><strong>ι</strong></span> 
     </span>
    </p>
   </div>
   <div class='ocr_carea' id='block_1_54' title="bbox 1982 2978 3513 3139">
    <p class='ocr_par' dir='ltr' id='par_1_54' title="bbox 2025 2978 3513 3139">
     <span class='ocr_line' id='line_1_54' title="bbox 2106 2978 2580 3049; baseline -0.004 -17"><span class='ocrx_word' id='word_1_297' title='bbox 2106 2978 2369 3049; x_wconf 83' lang='grc' dir='ltr'>ἁμαρτίαι</span> <span class='ocrx_word' id='word_1_298' title='bbox 2395 2978 2580 3031; x_wconf 81' lang='grc' dir='ltr'>αὐτοῦ.</span> 
     </span>
     <span class='ocr_line' id='line_1_55' title="bbox 2025 3062 3513 3139; baseline -0.003 -19"><span class='ocrx_word' id='word_1_299' title='bbox 2025 3062 2066 3120; x_wconf 90' lang='lat' dir='ltr'>C</span> <span class='ocrx_word' id='word_1_300' title='bbox 2174 3068 2262 3122; x_wconf 93' lang='lat'><strong>15.</strong></span> <span class='ocrx_word' id='word_1_301' title='bbox 2290 3068 2475 3122; x_wconf 78' lang='grc' dir='ltr'>Ταῦτα</span> <span class='ocrx_word' id='word_1_302' title='bbox 2511 3067 2607 3139; x_wconf 81' lang='grc' dir='ltr'><strong>βοᾷ</strong></span> <span class='ocrx_word' id='word_1_303' title='bbox 2642 3069 2670 3122; x_wconf 88' lang='grc' dir='ltr'>ὁ</span> <span class='ocrx_word' id='word_1_304' title='bbox 2700 3065 3044 3139; x_wconf 78' lang='grc' dir='ltr'>ἐπιστρέφων</span> <span class='ocrx_word' id='word_1_305' title='bbox 3077 3064 3215 3138; x_wconf 78' lang='grc' dir='ltr'>μετὰ</span> <span class='ocrx_word' id='word_1_306' title='bbox 3242 3062 3513 3134; x_wconf 83' lang='grc' dir='ltr'>δακρύων;</span> 
     </span>
    </p>
   </div>
   <div class='ocr_carea' id='block_1_55' title="bbox 497 3153 2028 3230">
    <p class='ocr_par' dir='ltr' id='par_1_55' title="bbox 497 3153 1333 3224">
     <span class='ocr_line' id='line_1_56' title="bbox 497 3153 1333 3224; baseline -0.002 -15"><span class='ocrx_word' id='word_1_307' title='bbox 497 3153 585 3209; x_wconf 84' lang='grc'><strong>16.</strong></span> <span class='ocrx_word' id='word_1_308' title='bbox 611 3153 653 3207; x_wconf 86' lang='grc' dir='ltr'><strong>Α</strong></span> <span class='ocrx_word' id='word_1_309' title='bbox 681 3155 920 3224; x_wconf 88' lang='lat' dir='ltr'><strong>peccatis</strong></span> <span class='ocrx_word' id='word_1_310' title='bbox 948 3153 1105 3221; x_wconf 86' lang='lat' dir='ltr'><strong>meis,</strong></span> <span class='ocrx_word' id='word_1_311' title='bbox 1137 3153 1333 3222; x_wconf 89' lang='lat' dir='ltr'><strong>inquit.</strong></span> 
     </span>
    </p>
   </div>
   <div class='ocr_carea' id='block_1_56' title="bbox 1548 3153 3079 3230">
    <p class='ocr_par' dir='ltr' id='par_1_56' title="bbox 2175 3157 3079 3230">
     <span class='ocr_line' id='line_1_57' title="bbox 2175 3157 3079 3230; baseline 0 -18"><span class='ocrx_word' id='word_1_312' title='bbox 2175 3158 2261 3212; x_wconf 88' lang='grc'><strong>16.</strong></span> <span class='ocrx_word' id='word_1_313' title='bbox 2294 3158 2416 3212; x_wconf 87' lang='grc' dir='ltr'>Τῶν</span> <span class='ocrx_word' id='word_1_314' title='bbox 2443 3157 2727 3230; x_wconf 85' lang='grc' dir='ltr'>ἁμαρτιῶν</span> <span class='ocrx_word' id='word_1_315' title='bbox 2765 3176 2887 3230; x_wconf 91' lang='grc' dir='ltr'>μου,</span> <span class='ocrx_word' id='word_1_316' title='bbox 2911 3159 3079 3226; x_wconf 76' lang='grc' dir='ltr'>λέγει.</span> 
     </span>
    </p>
   </div>
   <div class='ocr_carea' id='block_1_57' title="bbox 495 3242 2026 3321">
    <p class='ocr_par' dir='ltr' id='par_1_57' title="bbox 495 3243 2001 3317">
     <span class='ocr_line' id='line_1_58' title="bbox 495 3243 2001 3317; baseline 0 -19"><span class='ocrx_word' id='word_1_317' title='bbox 495 3245 585 3300; x_wconf 88' lang='grc'><strong>17.</strong></span> <span class='ocrx_word' id='word_1_318' title='bbox 625 3245 892 3301; x_wconf 88' lang='lat' dir='ltr'><strong>Dominus</strong></span> <span class='ocrx_word' id='word_1_319' title='bbox 918 3245 987 3300; x_wconf 85' lang='lat' dir='ltr'><strong>ad</strong></span> <span class='ocrx_word' id='word_1_320' title='bbox 1011 3261 1134 3300; x_wconf 91' lang='lat' dir='ltr'><strong>eum</strong></span> <span class='ocrx_word' id='word_1_321' title='bbox 1168 3245 1342 3301; x_wconf 90' lang='lat' dir='ltr'><strong>dicit:</strong></span> <span class='ocrx_word' id='word_1_322' title='bbox 1377 3247 1492 3317; x_wconf 84' lang='lat' dir='ltr'><strong>Ego</strong></span> <span class='ocrx_word' id='word_1_323' title='bbox 1534 3253 1586 3300; x_wconf 87' lang='lat' dir='ltr'><strong>te</strong></span> <span class='ocrx_word' id='word_1_324' title='bbox 1617 3243 1845 3310; x_wconf 89' lang='lat' dir='ltr'><strong>docebo,</strong></span> <span class='ocrx_word' id='word_1_325' title='bbox 1892 3258 2001 3314; x_wconf 89' lang='lat' dir='ltr'><strong>qua</strong></span> 
     </span>
    </p>
   </div>
   <div class='ocr_carea' id='block_1_58' title="bbox 2157 3242 3688 3321">
    <p class='ocr_par' dir='ltr' id='par_1_58' title="bbox 2176 3242 3688 3321">
     <span class='ocr_line' id='line_1_59' title="bbox 2176 3242 3688 3321; baseline -0.002 -18"><span class='ocrx_word' id='word_1_326' title='bbox 2176 3249 2266 3303; x_wconf 84' lang='lat'><strong>17.</strong></span> <span class='ocrx_word' id='word_1_327' title='bbox 2313 3249 2371 3303; x_wconf 81' lang='grc' dir='ltr'><strong>Ὀ</strong></span> <span class='ocrx_word' id='word_1_328' title='bbox 2395 3250 2452 3303; x_wconf 85' lang='grc' dir='ltr'>δὲ</span> <span class='ocrx_word' id='word_1_329' title='bbox 2499 3248 2704 3320; x_wconf 89' lang='grc' dir='ltr'>Κύριος</span> <span class='ocrx_word' id='word_1_330' title='bbox 2751 3250 2889 3321; x_wconf 84' lang='grc' dir='ltr'>πρὸς</span> <span class='ocrx_word' id='word_1_331' title='bbox 2923 3249 3086 3303; x_wconf 76' lang='grc' dir='ltr'>αὐτὸν</span> <span class='ocrx_word' id='word_1_332' title='bbox 3129 3247 3298 3318; x_wconf 86' lang='grc' dir='ltr'>λέγει·</span> <span class='ocrx_word' id='word_1_333' title='bbox 3353 3245 3495 3316; x_wconf 84' lang='grc' dir='ltr'><strong>Ἐγὼ</strong></span> <span class='ocrx_word' id='word_1_334' title='bbox 3527 3242 3688 3300; x_wconf 74' lang='lat' dir='ltr'><strong>crth-</strong></span> 
     </span>
    </p>
   </div>
   <div class='ocr_carea' id='block_1_59' title="bbox 430 3335 1961 3414">
    <p class='ocr_par' dir='ltr' id='par_1_59' title="bbox 430 3335 1088 3402">
     <span class='ocr_line' id='line_1_60' title="bbox 430 3335 1088 3402; baseline 0.003 -12"><span class='ocrx_word' id='word_1_335' title='bbox 430 3335 516 3390; x_wconf 78' lang='lat' dir='ltr'><strong>via</strong></span> <span class='ocrx_word' id='word_1_336' title='bbox 545 3336 786 3391; x_wconf 89' lang='lat' dir='ltr'><strong>incedes.</strong></span> <span class='ocrx_word' id='word_1_337' title='bbox 1082 3397 1088 3402; x_wconf 61' lang='grc'><strong>,</strong></span> 
     </span>
    </p>
   </div>
   <div class='ocr_carea' id='block_1_60' title="bbox 1689 3335 3220 3414">
    <p class='ocr_par' dir='ltr' id='par_1_60' title="bbox 2099 3339 3220 3414">
     <span class='ocr_line' id='line_1_61' title="bbox 2099 3339 3220 3414; baseline -0.003 -19"><span class='ocrx_word' id='word_1_338' title='bbox 2099 3341 2285 3396; x_wconf 89' lang='grc' dir='ltr'>δάσκω</span> <span class='ocrx_word' id='word_1_339' title='bbox 2313 3341 2556 3414; x_wconf 81' lang='grc' dir='ltr'><strong>[διδάξω]</strong></span> <span class='ocrx_word' id='word_1_340' title='bbox 2589 3342 2647 3395; x_wconf 85' lang='grc' dir='ltr'>ὲν</span> <span class='ocrx_word' id='word_1_341' title='bbox 2679 3341 2810 3412; x_wconf 78' lang='grc' dir='ltr'>ποίᾳ</span> <span class='ocrx_word' id='word_1_342' title='bbox 2835 3339 2938 3412; x_wconf 81' lang='grc' dir='ltr'>ὁδῷ</span> <span class='ocrx_word' id='word_1_343' title='bbox 2961 3341 3220 3414; x_wconf 79' lang='grc' dir='ltr'>πορεύσῃ.</span> 
     </span>
    </p>
   </div>
   <div class='ocr_carea' id='block_1_61' title="bbox 501 3425 2032 3504">
    <p class='ocr_par' dir='ltr' id='par_1_61' title="bbox 501 3425 1314 3483">
     <span class='ocr_line' id='line_1_62' title="bbox 501 3425 1314 3483; baseline 0 -2"><span class='ocrx_word' id='word_1_344' title='bbox 501 3427 589 3482; x_wconf 91' lang='grc'><strong>18.</strong></span> <span class='ocrx_word' id='word_1_345' title='bbox 615 3427 684 3481; x_wconf 87' lang='grc' dir='ltr'>Ει</span> <span class='ocrx_word' id='word_1_346' title='bbox 717 3425 772 3481; x_wconf 94' lang='lat' dir='ltr'><strong>in</strong></span> <span class='ocrx_word' id='word_1_347' title='bbox 812 3442 875 3482; x_wconf 87' lang='lat' dir='ltr'><strong>ea</strong></span> <span class='ocrx_word' id='word_1_348' title='bbox 907 3426 1209 3483; x_wconf 83' lang='lat' dir='ltr'><strong>custodiam</strong></span> <span class='ocrx_word' id='word_1_349' title='bbox 1243 3437 1314 3481; x_wconf 89' lang='lat' dir='ltr'><strong>te.</strong></span> 
     </span>
    </p>
   </div>
   <div class='ocr_carea' id='block_1_62' title="bbox 1488 3425 3019 3504">
    <p class='ocr_par' dir='ltr' id='par_1_62' title="bbox 2171 3432 3019 3504">
     <span class='ocr_line' id='line_1_63' title="bbox 2171 3432 3019 3504; baseline 0 -17"><span class='ocrx_word' id='word_1_350' title='bbox 2171 3433 2260 3487; x_wconf 92' lang='lat'><strong>18.</strong></span> <span class='ocrx_word' id='word_1_351' title='bbox 2286 3433 2398 3486; x_wconf 75' lang='grc' dir='ltr'>Καὶ</span> <span class='ocrx_word' id='word_1_352' title='bbox 2424 3432 2642 3503; x_wconf 83' lang='grc' dir='ltr'>φυλάξω</span> <span class='ocrx_word' id='word_1_353' title='bbox 2681 3450 2741 3486; x_wconf 84' lang='grc' dir='ltr'><strong>σε</strong></span> <span class='ocrx_word' id='word_1_354' title='bbox 2774 3435 2831 3486; x_wconf 81' lang='grc' dir='ltr'>ὲν</span> <span class='ocrx_word' id='word_1_355' title='bbox 2861 3433 3019 3504; x_wconf 81' lang='grc' dir='ltr'>αὐτῇ.</span> 
     </span>
    </p>
   </div>
   <div class='ocr_carea' id='block_1_63' title="bbox 503 3516 2034 3597">
    <p class='ocr_par' dir='ltr' id='par_1_63' title="bbox 503 3516 2000 3589">
     <span class='ocr_line' id='line_1_64' title="bbox 503 3516 2000 3589; baseline 0.001 -19"><span class='ocrx_word' id='word_1_356' title='bbox 503 3518 591 3572; x_wconf 87' lang='grc'><strong>19.</strong></span> <span class='ocrx_word' id='word_1_357' title='bbox 630 3517 697 3571; x_wconf 88' lang='lat' dir='ltr'><strong>Et</strong></span> <span class='ocrx_word' id='word_1_358' title='bbox 729 3518 964 3588; x_wconf 89' lang='lat' dir='ltr'><strong>amplius</strong></span> <span class='ocrx_word' id='word_1_359' title='bbox 1010 3532 1079 3570; x_wconf 89' lang='lat' dir='ltr'><strong>ne</strong></span> <span class='ocrx_word' id='word_1_360' title='bbox 1121 3532 1307 3587; x_wconf 90' lang='lat' dir='ltr'><strong>pecca,</strong></span> <span class='ocrx_word' id='word_1_361' title='bbox 1359 3526 1617 3589; x_wconf 88' lang='lat' dir='ltr'><strong>tanquam</strong></span> <span class='ocrx_word' id='word_1_362' title='bbox 1664 3516 2000 3573; x_wconf 87' lang='lat' dir='ltr'><strong>intellectum</strong></span> 
     </span>
    </p>
   </div>
   <div class='ocr_carea' id='block_1_64' title="bbox 2042 3516 3573 3597">
    <p class='ocr_par' dir='ltr' id='par_1_64' title="bbox 2172 3519 3573 3597">
     <span class='ocr_line' id='line_1_65' title="bbox 2172 3519 3573 3597; baseline -0.005 -19"><span class='ocrx_word' id='word_1_363' title='bbox 2172 3525 2258 3580; x_wconf 90' lang='lat'><strong>19.</strong></span> <span class='ocrx_word' id='word_1_364' title='bbox 2285 3525 2395 3580; x_wconf 72' lang='grc' dir='ltr'>Καὶ</span> <span class='ocrx_word' id='word_1_365' title='bbox 2425 3525 2619 3597; x_wconf 85' lang='grc' dir='ltr'>μηκέτι</span> <span class='ocrx_word' id='word_1_366' title='bbox 2642 3524 2943 3596; x_wconf 85' lang='grc' dir='ltr'>ἁμάρτανε,</span> <span class='ocrx_word' id='word_1_367' title='bbox 2971 3525 3046 3589; x_wconf 83' lang='grc' dir='ltr'>ὡς</span> <span class='ocrx_word' id='word_1_368' title='bbox 3071 3524 3145 3596; x_wconf 84' lang='grc' dir='ltr'>μὴ</span> <span class='ocrx_word' id='word_1_369' title='bbox 3177 3522 3314 3594; x_wconf 81' lang='grc' dir='ltr'>ἔχων</span> <span class='ocrx_word' id='word_1_370' title='bbox 3342 3519 3573 3575; x_wconf 89' lang='grc' dir='ltr'>σύνεσιν.</span> 
     </span>
    </p>
   </div>
   <div class='ocr_carea' id='block_1_65' title="bbox 430 3607 814 3663">
    <p class='ocr_par' dir='ltr' id='par_1_65' title="bbox 430 3607 814 3663">
     <span class='ocr_line' id='line_1_66' title="bbox 430 3607 814 3663; baseline -0.008 0"><span class='ocrx_word' id='word_1_371' title='bbox 430 3624 543 3663; x_wconf 88' lang='lat' dir='ltr'><strong>non</strong></span> <span class='ocrx_word' id='word_1_372' title='bbox 578 3607 814 3662; x_wconf 89' lang='lat' dir='ltr'><strong>habens.</strong></span> 
     </span>
    </p>
   </div>
   <div class='ocr_carea' id='block_1_66' title="bbox 503 3694 2034 3775">
    <p class='ocr_par' dir='ltr' id='par_1_66' title="bbox 503 3698 2000 3772">
     <span class='ocr_line' id='line_1_67' title="bbox 503 3698 2000 3772; baseline 0 -18"><span class='ocrx_word' id='word_1_373' title='bbox 503 3699 598 3754; x_wconf 86' lang='lat'><strong>20.</strong></span> <span class='ocrx_word' id='word_1_374' title='bbox 635 3698 740 3754; x_wconf 90' lang='lat' dir='ltr'><strong>Sed</strong></span> <span class='ocrx_word' id='word_1_375' title='bbox 771 3699 989 3769; x_wconf 90' lang='lat' dir='ltr'><strong>corpori</strong></span> <span class='ocrx_word' id='word_1_376' title='bbox 1019 3707 1112 3754; x_wconf 89' lang='lat' dir='ltr'><strong>tuo</strong></span> <span class='ocrx_word' id='word_1_377' title='bbox 1158 3709 1212 3755; x_wconf 87' lang='lat' dir='ltr'><strong>et</strong></span> <span class='ocrx_word' id='word_1_378' title='bbox 1254 3701 1450 3755; x_wconf 69' lang='lat' dir='ltr'><strong>animae</strong></span> <span class='ocrx_word' id='word_1_379' title='bbox 1479 3700 1632 3756; x_wconf 87' lang='lat' dir='ltr'><strong>frena</strong></span> <span class='ocrx_word' id='word_1_380' title='bbox 1661 3700 1912 3772; x_wconf 81' lang='lat' dir='ltr'><strong>injiciens</strong></span> <span class='ocrx_word' id='word_1_381' title='bbox 1945 3699 2000 3754; x_wconf 91' lang='lat' dir='ltr'><strong>in</strong></span> 
     </span>
    </p>
   </div>
   <div class='ocr_carea' id='block_1_67' title="bbox 2158 3694 3689 3775">
    <p class='ocr_par' dir='ltr' id='par_1_67' title="bbox 2170 3694 3689 3775">
     <span class='ocr_line' id='line_1_68' title="bbox 2170 3694 3689 3775; baseline -0.005 -19"><span class='ocrx_word' id='word_1_382' title='bbox 2170 3701 2260 3758; x_wconf 87' lang='lat'><strong>20.</strong></span> <span class='ocrx_word' id='word_1_383' title='bbox 2309 3701 2470 3756; x_wconf 78' lang='grc' dir='ltr'>Ἀλλὰ</span> <span class='ocrx_word' id='word_1_384' title='bbox 2491 3702 2552 3757; x_wconf 86' lang='grc' dir='ltr'>τὺ</span> <span class='ocrx_word' id='word_1_385' title='bbox 2590 3703 2750 3775; x_wconf 88' lang='grc' dir='ltr'>σῶμά</span> <span class='ocrx_word' id='word_1_386' title='bbox 2774 3720 2868 3756; x_wconf 94' lang='grc' dir='ltr'><strong>σου</strong></span> <span class='ocrx_word' id='word_1_387' title='bbox 2898 3701 2991 3755; x_wconf 71' lang='grc' dir='ltr'><strong>καὶ</strong></span> <span class='ocrx_word' id='word_1_388' title='bbox 3017 3701 3114 3774; x_wconf 81' lang='grc' dir='ltr'>τὴν</span> <span class='ocrx_word' id='word_1_389' title='bbox 3143 3700 3322 3770; x_wconf 74' lang='grc' dir='ltr'>ψυχὴν</span> <span class='ocrx_word' id='word_1_390' title='bbox 3351 3696 3429 3770; x_wconf 89' lang='grc'><strong>(1)</strong></span> <span class='ocrx_word' id='word_1_391' title='bbox 3460 3694 3655 3768; x_wconf 83' lang='grc' dir='ltr'>χαλινα</span> <span class='ocrx_word' id='word_1_392' title='bbox 3686 3722 3689 3736; x_wconf 73' lang='grc' dir='ltr'><strong>ε</strong></span> 
     </span>
    </p>
   </div>
   <div class='ocr_carea' id='block_1_68' title="bbox 434 3793 1965 3866">
    <p class='ocr_par' dir='ltr' id='par_1_68' title="bbox 434 3793 1718 3860">
     <span class='ocr_line' id='line_1_69' title="bbox 434 3793 1718 3860; baseline 0.001 -12"><span class='ocrx_word' id='word_1_393' title='bbox 434 3793 750 3848; x_wconf 77' lang='lat' dir='ltr'><strong>servitutem</strong></span> <span class='ocrx_word' id='word_1_394' title='bbox 780 3793 984 3860; x_wconf 79' lang='lat' dir='ltr'><strong>redige,</strong></span> <span class='ocrx_word' id='word_1_395' title='bbox 1013 3808 1138 3847; x_wconf 92' lang='lat' dir='ltr'><strong>cum</strong></span> <span class='ocrx_word' id='word_1_396' title='bbox 1171 3793 1268 3847; x_wconf 89' lang='lat' dir='ltr'><strong>tibi</strong></span> <span class='ocrx_word' id='word_1_397' title='bbox 1298 3809 1405 3847; x_wconf 92' lang='lat' dir='ltr'><strong>non</strong></span> <span class='ocrx_word' id='word_1_398' title='bbox 1435 3793 1718 3849; x_wconf 90' lang='lat' dir='ltr'><strong>obcdiunt.</strong></span> 
     </span>
    </p>
   </div>
   <div class='ocr_carea' id='block_1_69' title="bbox 1826 3793 3357 3866">
    <p class='ocr_par' dir='ltr' id='par_1_69' title="bbox 2102 3793 3357 3866">
     <span class='ocr_line' id='line_1_70' title="bbox 2102 3793 3357 3866; baseline 0 -20"><span class='ocrx_word' id='word_1_399' title='bbox 2102 3793 2298 3863; x_wconf 83' lang='grc' dir='ltr'>γωγῶν</span> <span class='ocrx_word' id='word_1_400' title='bbox 2322 3794 2673 3862; x_wconf 81' lang='grc' dir='ltr'>δουλαγώγει,</span> <span class='ocrx_word' id='word_1_401' title='bbox 2701 3797 2828 3848; x_wconf 83' lang='grc' dir='ltr'>ὅταν</span> <span class='ocrx_word' id='word_1_402' title='bbox 2852 3794 2925 3866; x_wconf 82' lang='grc' dir='ltr'>μὴ</span> <span class='ocrx_word' id='word_1_403' title='bbox 2947 3793 3219 3846; x_wconf 83' lang='grc' dir='ltr'>πείθονταί</span> <span class='ocrx_word' id='word_1_404' title='bbox 3257 3809 3357 3846; x_wconf 90' lang='grc' dir='ltr'>σοι.</span> 
     </span>
    </p>
   </div>
   <div class='ocr_carea' id='block_1_70' title="bbox 500 3883 2031 3956">
    <p class='ocr_par' dir='ltr' id='par_1_70' title="bbox 500 3883 1432 3954">
     <span class='ocr_line' id='line_1_71' title="bbox 500 3883 1432 3954; baseline 0.001 -16"><span class='ocrx_word' id='word_1_405' title='bbox 500 3885 590 3939; x_wconf 90' lang='grc'><strong>21.</strong></span> <span class='ocrx_word' id='word_1_406' title='bbox 623 3883 728 3950; x_wconf 84' lang='lat' dir='ltr'><strong>Qui</strong></span> <span class='ocrx_word' id='word_1_407' title='bbox 759 3884 857 3938; x_wconf 91' lang='lat' dir='ltr'><strong>tibi</strong></span> <span class='ocrx_word' id='word_1_408' title='bbox 894 3899 1001 3938; x_wconf 91' lang='lat' dir='ltr'><strong>non</strong></span> <span class='ocrx_word' id='word_1_409' title='bbox 1033 3885 1432 3954; x_wconf 81' lang='lat' dir='ltr'><strong>obtemperant.</strong></span> 
     </span>
    </p>
   </div>
   <div class='ocr_carea' id='block_1_71' title="bbox 1580 3883 3111 3956">
    <p class='ocr_par' dir='ltr' id='par_1_71' title="bbox 2172 3885 3111 3956">
     <span class='ocr_line' id='line_1_72' title="bbox 2172 3885 3111 3956; baseline 0 -18"><span class='ocrx_word' id='word_1_410' title='bbox 2172 3885 2262 3938; x_wconf 70' lang='grc'><strong>21.</strong></span> <span class='ocrx_word' id='word_1_411' title='bbox 2289 3885 2409 3938; x_wconf 85' lang='grc' dir='ltr'><strong>Τῶν</strong></span> <span class='ocrx_word' id='word_1_412' title='bbox 2441 3885 2516 3956; x_wconf 85' lang='grc' dir='ltr'>μὴ</span> <span class='ocrx_word' id='word_1_413' title='bbox 2539 3886 2614 3956; x_wconf 88' lang='lat'><strong>(2)</strong></span> <span class='ocrx_word' id='word_1_414' title='bbox 2647 3885 2979 3956; x_wconf 77' lang='grc' dir='ltr'>πειθομένων</span> <span class='ocrx_word' id='word_1_415' title='bbox 3012 3901 3111 3938; x_wconf 90' lang='grc' dir='ltr'>σοι.</span> 
     </span>
    </p>
   </div>
   <div class='ocr_carea' id='block_1_72' title="bbox 504 3972 2035 4048">
    <p class='ocr_par' dir='ltr' id='par_1_72' title="bbox 504 3977 1372 4048">
     <span class='ocr_line' id='line_1_73' title="bbox 504 3977 1372 4048; baseline 0.001 -17"><span class='ocrx_word' id='word_1_416' title='bbox 504 3978 595 4032; x_wconf 86' lang='grc'><strong>22.</strong></span> <span class='ocrx_word' id='word_1_417' title='bbox 630 3977 797 4032; x_wconf 86' lang='lat' dir='ltr'><strong>Multa</strong></span> <span class='ocrx_word' id='word_1_418' title='bbox 824 3985 979 4032; x_wconf 90' lang='lat' dir='ltr'><strong>erant</strong></span> <span class='ocrx_word' id='word_1_419' title='bbox 1013 3977 1221 4048; x_wconf 80' lang='lat' dir='ltr'><strong>ﬂagella</strong></span> <span class='ocrx_word' id='word_1_420' title='bbox 1259 3988 1372 4044; x_wconf 89' lang='lat' dir='ltr'><strong>tua,</strong></span> 
     </span>
    </p>
   </div>
   <div class='ocr_carea' id='block_1_73' title="bbox 1636 3972 3167 4048">
    <p class='ocr_par' dir='ltr' id='par_1_73' title="bbox 2171 3972 3167 4047">
     <span class='ocr_line' id='line_1_74' title="bbox 2171 3972 3167 4047; baseline -0.003 -19"><span class='ocrx_word' id='word_1_421' title='bbox 2171 3975 2262 4028; x_wconf 88' lang='lat'><strong>22.</strong></span> <span class='ocrx_word' id='word_1_422' title='bbox 2290 3975 2486 4029; x_wconf 86' lang='grc' dir='ltr'>Πολλαί</span> <span class='ocrx_word' id='word_1_423' title='bbox 2514 3992 2605 4028; x_wconf 90' lang='grc' dir='ltr'><strong>σου</strong></span> <span class='ocrx_word' id='word_1_424' title='bbox 2634 3972 2774 4047; x_wconf 77' lang='grc' dir='ltr'>ἦσαν</span> <span class='ocrx_word' id='word_1_425' title='bbox 2800 3978 2856 4029; x_wconf 82' lang='grc' dir='ltr'>αἱ</span> <span class='ocrx_word' id='word_1_426' title='bbox 2887 3975 3167 4046; x_wconf 84' lang='grc' dir='ltr'>μάστιγες.</span> 
     </span>
    </p>
   </div>
   <div class='ocr_carea' id='block_1_74' title="bbox 501 4064 2032 4140">
    <p class='ocr_par' dir='ltr' id='par_1_74' title="bbox 501 4067 2001 4138">
     <span class='ocr_line' id='line_1_75' title="bbox 501 4067 2001 4138; baseline -0.001 -16"><span class='ocrx_word' id='word_1_427' title='bbox 501 4069 594 4123; x_wconf 77' lang='grc'><strong>25.</strong></span> <span class='ocrx_word' id='word_1_428' title='bbox 623 4067 728 4123; x_wconf 89' lang='lat' dir='ltr'><strong>Sed</strong></span> <span class='ocrx_word' id='word_1_429' title='bbox 775 4069 1036 4138; x_wconf 81' lang='lat' dir='ltr'><strong>quoniam</strong></span> <span class='ocrx_word' id='word_1_430' title='bbox 1073 4069 1306 4138; x_wconf 90' lang='lat' dir='ltr'><strong>sperasti</strong></span> <span class='ocrx_word' id='word_1_431' title='bbox 1337 4068 1392 4121; x_wconf 88' lang='lat' dir='ltr'><strong>in</strong></span> <span class='ocrx_word' id='word_1_432' title='bbox 1439 4067 1817 4126; x_wconf 90' lang='lat' dir='ltr'><strong>misericordia</strong></span> <span class='ocrx_word' id='word_1_433' title='bbox 1859 4083 2001 4136; x_wconf 87' lang='lat' dir='ltr'><strong>mea,</strong></span> 
     </span>
    </p>
   </div>
   <div class='ocr_carea' id='block_1_75' title="bbox 2158 4064 3689 4140">
    <p class='ocr_par' dir='ltr' id='par_1_75' title="bbox 2171 4064 3689 4140">
     <span class='ocr_line' id='line_1_76' title="bbox 2171 4064 3689 4140; baseline -0.003 -20"><span class='ocrx_word' id='word_1_434' title='bbox 2171 4066 2263 4121; x_wconf 81' lang='lat'><strong>2&#39;5.</strong></span> <span class='ocrx_word' id='word_1_435' title='bbox 2305 4067 2444 4120; x_wconf 90' lang='grc' dir='ltr'>Ἀλλ’</span> <span class='ocrx_word' id='word_1_436' title='bbox 2469 4068 2656 4138; x_wconf 77' lang='grc' dir='ltr'>ἐπειδὴ</span> <span class='ocrx_word' id='word_1_437' title='bbox 2710 4069 2943 4139; x_wconf 76' lang='grc' dir='ltr'>ἧλπισας</span> <span class='ocrx_word' id='word_1_438' title='bbox 2977 4068 3052 4140; x_wconf 84' lang='lat'><strong>(5)</strong></span> <span class='ocrx_word' id='word_1_439' title='bbox 3104 4067 3198 4120; x_wconf 72' lang='grc' dir='ltr'>ἐπὶ</span> <span class='ocrx_word' id='word_1_440' title='bbox 3242 4066 3304 4120; x_wconf 80' lang='grc' dir='ltr'>τὺ</span> <span class='ocrx_word' id='word_1_441' title='bbox 3349 4064 3498 4128; x_wconf 75' lang='grc' dir='ltr'>ἔλεός</span> <span class='ocrx_word' id='word_1_442' title='bbox 3561 4080 3689 4134; x_wconf 84' lang='grc' dir='ltr'>μου,</span> 
     </span>
    </p>
   </div>
   <div class='ocr_carea' id='block_1_76' title="bbox 434 4157 1965 4230">
    <p class='ocr_par' dir='ltr' id='par_1_76' title="bbox 434 4158 1078 4228">
     <span class='ocr_line' id='line_1_77' title="bbox 434 4158 1078 4228; baseline 0 -14"><span class='ocrx_word' id='word_1_443' title='bbox 434 4159 505 4214; x_wconf 90' lang='lat' dir='ltr'><strong>ab</strong></span> <span class='ocrx_word' id='word_1_444' title='bbox 538 4158 670 4228; x_wconf 91' lang='lat' dir='ltr'><strong>ipsis</strong></span> <span class='ocrx_word' id='word_1_445' title='bbox 696 4158 958 4214; x_wconf 89' lang='lat' dir='ltr'><strong>liberatus</strong></span> <span class='ocrx_word' id='word_1_446' title='bbox 987 4173 1078 4214; x_wconf 66' lang='lat' dir='ltr'><strong>esp</strong></span> 
     </span>
    </p>
   </div>
   <div class='ocr_carea' id='block_1_77' title="bbox 1198 4157 2729 4230">
    <p class='ocr_par' dir='ltr' id='par_1_77' title="bbox 2108 4157 2729 4230">
     <span class='ocr_line' id='line_1_78' title="bbox 2108 4157 2729 4230; baseline 0.005 -20"><span class='ocrx_word' id='word_1_447' title='bbox 2108 4157 2382 4230; x_wconf 77' lang='grc' dir='ltr'>ὲῤῥύσθης</span> <span class='ocrx_word' id='word_1_448' title='bbox 2409 4159 2503 4210; x_wconf 86' lang='grc' dir='ltr'>ἀπ’</span> <span class='ocrx_word' id='word_1_449' title='bbox 2529 4158 2729 4215; x_wconf 80' lang='grc' dir='ltr'>αὐτῶν.</span> 
     </span>
    </p>
   </div>
   <div class='ocr_carea' id='block_1_78' title="bbox 506 4249 2037 4326">
    <p class='ocr_par' dir='ltr' id='par_1_78' title="bbox 506 4249 1561 4308">
     <span class='ocr_line' id='line_1_79' title="bbox 506 4249 1561 4308; baseline 0 -4"><span class='ocrx_word' id='word_1_450' title='bbox 506 4251 601 4308; x_wconf 70' lang='grc'><strong>24.</strong></span> <span class='ocrx_word' id='word_1_451' title='bbox 631 4249 858 4305; x_wconf 69' lang='grc' dir='ltr'>Ᾱῐιετηιι</span> <span class='ocrx_word' id='word_1_452' title='bbox 884 4251 1070 4304; x_wconf 68' lang='grc' dir='ltr'><strong>Ιωιίιίε</strong></span> <span class='ocrx_word' id='word_1_453' title='bbox 1099 4257 1151 4305; x_wconf 86' lang='lat' dir='ltr'><strong>et</strong></span> <span class='ocrx_word' id='word_1_454' title='bbox 1178 4250 1561 4304; x_wconf 69' lang='lat' dir='ltr'><strong>exsultatione.</strong></span> 
     </span>
    </p>
   </div>
   <div class='ocr_carea' id='block_1_79' title="bbox 1856 4249 3387 4326">
    <p class='ocr_par' dir='ltr' id='par_1_79' title="bbox 2177 4250 3387 4326">
     <span class='ocr_line' id='line_1_80' title="bbox 2177 4250 3387 4326; baseline -0.002 -22"><span class='ocrx_word' id='word_1_455' title='bbox 2177 4252 2266 4305; x_wconf 73' lang='grc'><strong>24.</strong></span> <span class='ocrx_word' id='word_1_456' title='bbox 2299 4253 2653 4326; x_wconf 79' lang='grc' dir='ltr'>Εὐφροσύνην</span> <span class='ocrx_word' id='word_1_457' title='bbox 2678 4254 2893 4308; x_wconf 73' lang='grc' dir='ltr'>αἰώνιον</span> <span class='ocrx_word' id='word_1_458' title='bbox 2923 4253 3017 4306; x_wconf 71' lang='grc' dir='ltr'>καὶ</span> <span class='ocrx_word' id='word_1_459' title='bbox 3052 4250 3387 4320; x_wconf 84' lang='grc' dir='ltr'>ἀγαλλίασιν.</span> 
     </span>
    </p>
   </div>
   <div class='ocr_carea' id='block_1_80' title="bbox 509 4338 2040 4422">
    <p class='ocr_par' dir='ltr' id='par_1_80' title="bbox 509 4339 1957 4422">
     <span class='ocr_line' id='line_1_81' title="bbox 509 4339 1957 4422; baseline -0.001 -27"><span class='ocrx_word' id='word_1_460' title='bbox 509 4341 599 4422; x_wconf 74' lang='lat'><strong>25.</strong></span> <span class='ocrx_word' id='word_1_461' title='bbox 637 4339 741 4405; x_wconf 84' lang='lat' dir='ltr'><strong>Qui</strong></span> <span class='ocrx_word' id='word_1_462' title='bbox 766 4341 902 4394; x_wconf 82' lang='lat' dir='ltr'><strong>enim</strong></span> <span class='ocrx_word' id='word_1_463' title='bbox 928 4341 1222 4411; x_wconf 79' lang='lat' dir='ltr'><strong>gloriatur,</strong></span> <span class='ocrx_word' id='word_1_464' title='bbox 1258 4342 1312 4393; x_wconf 84' lang='lat' dir='ltr'><strong>in</strong></span> <span class='ocrx_word' id='word_1_465' title='bbox 1345 4340 1572 4393; x_wconf 85' lang='lat' dir='ltr'><strong>Domino</strong></span> <span class='ocrx_word' id='word_1_466' title='bbox 1604 4340 1864 4410; x_wconf 78' lang='lat' dir='ltr'><strong>glorietur</strong></span> <span class='ocrx_word' id='word_1_467' title='bbox 1888 4340 1957 4394; x_wconf 80' lang='grc'><strong>⁸⁸.</strong></span> 
     </span>
    </p>
   </div>
   <div class='ocr_carea' id='block_1_81' title="bbox 2083 4338 3614 4422">
    <p class='ocr_par' dir='ltr' id='par_1_81' title="bbox 2181 4338 3614 4414">
     <span class='ocr_line' id='line_1_82' title="bbox 2181 4338 3614 4414; baseline -0.003 -21"><span class='ocrx_word' id='word_1_468' title='bbox 2181 4340 2270 4395; x_wconf 87' lang='lat'><strong>25.</strong></span> <span class='ocrx_word' id='word_1_469' title='bbox 2313 4343 2376 4394; x_wconf 92' lang='lat'><strong>&#39;0</strong></span> <span class='ocrx_word' id='word_1_470' title='bbox 2409 4344 2518 4413; x_wconf 76' lang='grc' dir='ltr'><strong>γὰρ</strong></span> <span class='ocrx_word' id='word_1_471' title='bbox 2542 4344 2926 4414; x_wconf 77' lang='grc' dir='ltr'>καυχώμενος</span> <span class='ocrx_word' id='word_1_472' title='bbox 2949 4345 3018 4397; x_wconf 78' lang='grc' dir='ltr'><strong>ἐν</strong></span> <span class='ocrx_word' id='word_1_473' title='bbox 3051 4344 3243 4410; x_wconf 78' lang='grc' dir='ltr'>Κυρίῳ</span> <span class='ocrx_word' id='word_1_474' title='bbox 3270 4338 3614 4408; x_wconf 80' lang='grc' dir='ltr'>καυχάσθω.</span> 
     </span>
    </p>
   </div>
   <div class='ocr_carea' id='block_1_82' title="bbox 518 4432 3694 4510">
    <p class='ocr_par' dir='ltr' id='par_1_82' title="bbox 518 4432 3694 4510">
     <span class='ocr_line' id='line_1_83' title="bbox 518 4432 3694 4510; baseline -0.002 -19"><span class='ocrx_word' id='word_1_475' title='bbox 518 4439 583 4491; x_wconf 87' lang='grc' dir='ltr'><em>Ἦ</em></span> <span class='ocrx_word' id='word_1_476' title='bbox 614 4435 946 4508; x_wconf 81' lang='grc' dir='ltr'>προκειμένη</span> <span class='ocrx_word' id='word_1_477' title='bbox 979 4435 1256 4506; x_wconf 80' lang='grc' dir='ltr'>ἐπιγραφὴ</span> <span class='ocrx_word' id='word_1_478' title='bbox 1291 4434 1520 4506; x_wconf 84' lang='grc' dir='ltr'>παρέχει</span> <span class='ocrx_word' id='word_1_479' title='bbox 1555 4433 1824 4506; x_wconf 81' lang='grc' dir='ltr'>[περιέχει</span> <span class='ocrx_word' id='word_1_480' title='bbox 1847 4450 1860 4463; x_wconf 89' lang='grc'><strong>·</strong></span> <span class='ocrx_word' id='word_1_481' title='bbox 1893 4434 2162 4506; x_wconf 81' lang='grc' dir='ltr'>Ψαλμὸς]</span> <span class='ocrx_word' id='word_1_482' title='bbox 2193 4435 2267 4506; x_wconf 80' lang='lat'><strong>(-1)</strong></span> <span class='ocrx_word' id='word_1_483' title='bbox 2299 4435 2380 4502; x_wconf 85' lang='grc' dir='ltr'>τῷ</span> <span class='ocrx_word' id='word_1_484' title='bbox 2407 4438 2601 4492; x_wconf 77' lang='grc' dir='ltr'>Δαϐἰδ.</span> <span class='ocrx_word' id='word_1_485' title='bbox 2633 4439 2796 4494; x_wconf 68' lang='grc' dir='ltr'>Δαὸὶδ</span> <span class='ocrx_word' id='word_1_486' title='bbox 2822 4440 2934 4510; x_wconf 79' lang='grc' dir='ltr'><strong>γὰρ</strong></span> <span class='ocrx_word' id='word_1_487' title='bbox 2965 4437 3325 4510; x_wconf 77' lang='grc' dir='ltr'>ἑρμηνεύεται</span> <span class='ocrx_word' id='word_1_488' title='bbox 3351 4432 3694 4500; x_wconf 80' lang='grc' dir='ltr'>πεποθημέ-</span> 
     </span>
    </p>
   </div>
   <div class='ocr_carea' id='block_1_83' title="bbox 435 4525 3695 4603">
    <p class='ocr_par' dir='ltr' id='par_1_83' title="bbox 435 4525 3695 4603">
     <span class='ocr_line' id='line_1_84' title="bbox 435 4525 3695 4603; baseline -0.002 -20"><span class='ocrx_word' id='word_1_489' title='bbox 435 4548 562 4595; x_wconf 76' lang='grc' dir='ltr'>νος,</span> <span class='ocrx_word' id='word_1_490' title='bbox 594 4529 728 4600; x_wconf 78' lang='grc' dir='ltr'>ὅπερ</span> <span class='ocrx_word' id='word_1_491' title='bbox 755 4527 870 4580; x_wconf 74' lang='grc' dir='ltr'>ἐστὶ</span> <span class='ocrx_word' id='word_1_492' title='bbox 894 4527 1076 4580; x_wconf 78' lang='grc' dir='ltr'>λαϐεῖν</span> <span class='ocrx_word' id='word_1_493' title='bbox 1110 4529 1189 4590; x_wconf 79' lang='grc' dir='ltr'>εἰς</span> <span class='ocrx_word' id='word_1_494' title='bbox 1229 4527 1318 4580; x_wconf 80' lang='grc' dir='ltr'><strong>τὸν</strong></span> <span class='ocrx_word' id='word_1_495' title='bbox 1348 4527 1505 4597; x_wconf 81' lang='grc' dir='ltr'>χορὸν</span> <span class='ocrx_word' id='word_1_496' title='bbox 1543 4527 1649 4579; x_wconf 87' lang='grc' dir='ltr'><strong>τῶν</strong></span> <span class='ocrx_word' id='word_1_497' title='bbox 1675 4526 1866 4594; x_wconf 79' lang='grc' dir='ltr'>ἁγίων,</span> <span class='ocrx_word' id='word_1_498' title='bbox 1901 4529 1980 4579; x_wconf 85' lang='grc' dir='ltr'><strong>ὅτι</strong></span> <span class='ocrx_word' id='word_1_499' title='bbox 2003 4527 2381 4597; x_wconf 83' lang='grc' dir='ltr'>πεποθημένος</span> <span class='ocrx_word' id='word_1_500' title='bbox 2401 4530 2548 4583; x_wconf 73' lang='grc' dir='ltr'>ἐστὶν</span> <span class='ocrx_word' id='word_1_501' title='bbox 2576 4531 2682 4584; x_wconf 85' lang='grc' dir='ltr'><strong>ὑπὸ</strong></span> <span class='ocrx_word' id='word_1_502' title='bbox 2704 4529 2795 4584; x_wconf 77' lang='grc' dir='ltr'>τοῦ</span> <span class='ocrx_word' id='word_1_503' title='bbox 2819 4531 3044 4603; x_wconf 87' lang='grc' dir='ltr'>Κυρίου.</span> <span class='ocrx_word' id='word_1_504' title='bbox 3082 4530 3162 4596; x_wconf 79' lang='grc' dir='ltr'>Τῷ</span> <span class='ocrx_word' id='word_1_505' title='bbox 3183 4526 3274 4582; x_wconf 77' lang='grc' dir='ltr'><strong>οὖν</strong></span> <span class='ocrx_word' id='word_1_506' title='bbox 3297 4525 3695 4595; x_wconf 76' lang='grc' dir='ltr'>πεποθημένῳ</span> 
     </span>
    </p>
   </div>
   <div class='ocr_carea' id='block_1_84' title="bbox 437 4615 3533 4697">
    <p class='ocr_par' dir='ltr' id='par_1_84' title="bbox 437 4615 3533 4697">
     <span class='ocr_line' id='line_1_85' title="bbox 437 4615 3533 4697; baseline 0 -23"><span class='ocrx_word' id='word_1_507' title='bbox 437 4619 584 4691; x_wconf 86' lang='grc' dir='ltr'>χορῷ</span> <span class='ocrx_word' id='word_1_508' title='bbox 608 4621 820 4692; x_wconf 75' lang='grc' dir='ltr'>εἴρηται</span> <span class='ocrx_word' id='word_1_509' title='bbox 841 4621 868 4672; x_wconf 87' lang='grc' dir='ltr'>ὁ</span> <span class='ocrx_word' id='word_1_510' title='bbox 894 4619 1127 4689; x_wconf 75' lang='grc' dir='ltr'>ψαλμὺς,</span> <span class='ocrx_word' id='word_1_511' title='bbox 1156 4618 1401 4671; x_wconf 81' lang='grc' dir='ltr'>τουτέστι</span> <span class='ocrx_word' id='word_1_512' title='bbox 1434 4621 1547 4681; x_wconf 89' lang='grc' dir='ltr'>τοῖς</span> <span class='ocrx_word' id='word_1_513' title='bbox 1574 4615 1692 4671; x_wconf 79' lang='grc' dir='ltr'>οὖσι</span> <span class='ocrx_word' id='word_1_514' title='bbox 1714 4621 1854 4674; x_wconf 74' lang='grc' dir='ltr'>κατὰ</span> <span class='ocrx_word' id='word_1_515' title='bbox 1877 4619 1970 4672; x_wconf 82' lang='grc' dir='ltr'><strong>τὸν</strong></span> <span class='ocrx_word' id='word_1_516' title='bbox 2008 4620 2170 4675; x_wconf 74' lang='grc' dir='ltr'>Δαὸὶδ</span> <span class='ocrx_word' id='word_1_517' title='bbox 2200 4625 2265 4694; x_wconf 84' lang='grc' dir='ltr'>τῇ</span> <span class='ocrx_word' id='word_1_518' title='bbox 2298 4624 2565 4697; x_wconf 63' lang='grc' dir='ltr'>ἑρμηνείᾳ.</span> <span class='ocrx_word' id='word_1_519' title='bbox 2586 4623 2679 4676; x_wconf 80' lang='grc' dir='ltr'>τοῦ</span> <span class='ocrx_word' id='word_1_520' title='bbox 2707 4623 2969 4694; x_wconf 85' lang='grc' dir='ltr'>ὀνόματος</span> <span class='ocrx_word' id='word_1_521' title='bbox 3006 4625 3099 4676; x_wconf 80' lang='grc' dir='ltr'><strong>καὶ</strong></span> <span class='ocrx_word' id='word_1_522' title='bbox 3127 4623 3244 4685; x_wconf 89' lang='grc' dir='ltr'>ταῖς</span> <span class='ocrx_word' id='word_1_523' title='bbox 3272 4622 3533 4684; x_wconf 77' lang='grc' dir='ltr'>ἐντολαῖς.</span> 
     </span>
    </p>
   </div>
   <div class='ocr_carea' id='block_1_85' title="bbox 508 4710 3698 4786">
    <p class='ocr_par' dir='ltr' id='par_1_85' title="bbox 508 4710 3698 4786">
     <span class='ocr_line' id='line_1_86' title="bbox 508 4710 3698 4786; baseline 0 -20"><span class='ocrx_word' id='word_1_524' title='bbox 508 4710 721 4769; x_wconf 88' lang='lat' dir='ltr'><strong>Titulus</strong></span> <span class='ocrx_word' id='word_1_525' title='bbox 743 4712 1067 4784; x_wconf 67' lang='lat' dir='ltr'><strong>prmpositus</strong></span> <span class='ocrx_word' id='word_1_526' title='bbox 1094 4711 1336 4765; x_wconf 87' lang='lat' dir='ltr'><strong>continet</strong></span> <span class='ocrx_word' id='word_1_527' title='bbox 1369 4728 1383 4765; x_wconf 92' lang='lat'>:</span> <span class='ocrx_word' id='word_1_528' title='bbox 1415 4710 1662 4765; x_wconf 75' lang='lat' dir='ltr'><strong>Psatmus</strong></span> <span class='ocrx_word' id='word_1_529' title='bbox 1693 4712 1878 4768; x_wconf 86' lang='lat' dir='ltr'><strong>David.</strong></span> <span class='ocrx_word' id='word_1_530' title='bbox 1914 4715 2082 4767; x_wconf 81' lang='lat' dir='ltr'><strong>David</strong></span> <span class='ocrx_word' id='word_1_531' title='bbox 2108 4715 2256 4769; x_wconf 89' lang='lat' dir='ltr'><strong>enim</strong></span> <span class='ocrx_word' id='word_1_532' title='bbox 2293 4717 2686 4786; x_wconf 87' lang='lat' dir='ltr'><strong>interpretatur</strong></span> <span class='ocrx_word' id='word_1_533' title='bbox 2731 4716 3084 4783; x_wconf 80' lang='lat' dir='ltr'><strong>desideratus,</strong></span> <span class='ocrx_word' id='word_1_534' title='bbox 3128 4715 3271 4784; x_wconf 87' lang='lat' dir='ltr'><strong>quod</strong></span> <span class='ocrx_word' id='word_1_535' title='bbox 3299 4715 3546 4784; x_wconf 84' lang='lat' dir='ltr'><strong>accipere</strong></span> <span class='ocrx_word' id='word_1_536' title='bbox 3566 4713 3698 4767; x_wconf 75' lang='lat' dir='ltr'><strong>licet</strong></span> 
     </span>
    </p>
   </div>
   <div class='ocr_carea' id='block_1_86' title="bbox 439 4805 3697 4882">
    <p class='ocr_par' dir='ltr' id='par_1_86' title="bbox 439 4805 3697 4882">
     <span class='ocr_line' id='line_1_87' title="bbox 439 4805 3697 4882; baseline -0.001 -16"><span class='ocrx_word' id='word_1_537' title='bbox 439 4812 508 4866; x_wconf 89' lang='lat' dir='ltr'><strong>dc</strong></span> <span class='ocrx_word' id='word_1_538' title='bbox 531 4809 701 4864; x_wconf 91' lang='lat' dir='ltr'><strong>choro</strong></span> <span class='ocrx_word' id='word_1_539' title='bbox 730 4817 1073 4871; x_wconf 84' lang='lat' dir='ltr'><strong>sanctorum,</strong></span> <span class='ocrx_word' id='word_1_540' title='bbox 1104 4807 1366 4876; x_wconf 89' lang='lat' dir='ltr'><strong>quoniam</strong></span> <span class='ocrx_word' id='word_1_541' title='bbox 1395 4805 1737 4862; x_wconf 87' lang='lat' dir='ltr'><strong>desideratus</strong></span> <span class='ocrx_word' id='word_1_542' title='bbox 1768 4816 1852 4862; x_wconf 87' lang='lat' dir='ltr'><strong>est</strong></span> <span class='ocrx_word' id='word_1_543' title='bbox 1886 4823 1917 4862; x_wconf 91' lang='lat' dir='ltr'><strong>a</strong></span> <span class='ocrx_word' id='word_1_544' title='bbox 1947 4807 2204 4865; x_wconf 90' lang='lat' dir='ltr'><strong>Domino.</strong></span> <span class='ocrx_word' id='word_1_545' title='bbox 2231 4811 2277 4864; x_wconf 82' lang='lat' dir='ltr'><strong>A</strong></span> <span class='ocrx_word' id='word_1_546' title='bbox 2308 4813 2479 4867; x_wconf 90' lang='lat' dir='ltr'><strong>choro</strong></span> <span class='ocrx_word' id='word_1_547' title='bbox 2505 4813 2670 4882; x_wconf 82' lang='lat' dir='ltr'><strong>igitur</strong></span> <span class='ocrx_word' id='word_1_548' title='bbox 2712 4824 3025 4866; x_wconf 90' lang='lat' dir='ltr'><strong>sanctorum</strong></span> <span class='ocrx_word' id='word_1_549' title='bbox 3068 4812 3365 4866; x_wconf 85' lang='lat' dir='ltr'><strong>desiderato</strong></span> <span class='ocrx_word' id='word_1_550' title='bbox 3406 4811 3588 4864; x_wconf 85' lang='lat' dir='ltr'><strong>dictus</strong></span> <span class='ocrx_word' id='word_1_551' title='bbox 3613 4821 3697 4863; x_wconf 86' lang='lat' dir='ltr'><strong>est</strong></span> 
     </span>
    </p>
   </div>
   <div class='ocr_carea' id='block_1_87' title="bbox 438 4901 3700 4977">
    <p class='ocr_par' dir='ltr' id='par_1_87' title="bbox 438 4901 3700 4977">
     <span class='ocr_line' id='line_1_88' title="bbox 438 4901 3700 4977; baseline -0 -18"><span class='ocrx_word' id='word_1_552' title='bbox 438 4905 684 4976; x_wconf 87' lang='lat' dir='ltr'><strong>psalmus</strong></span> <span class='ocrx_word' id='word_1_553' title='bbox 711 4923 724 4958; x_wconf 91' lang='lat'><strong>:</strong></span> <span class='ocrx_word' id='word_1_554' title='bbox 759 4905 863 4958; x_wconf 91' lang='lat' dir='ltr'><strong>hoc</strong></span> <span class='ocrx_word' id='word_1_555' title='bbox 885 4912 989 4969; x_wconf 91' lang='lat' dir='ltr'><strong>est,</strong></span> <span class='ocrx_word' id='word_1_556' title='bbox 1017 4904 1086 4958; x_wconf 90' lang='lat' dir='ltr'><strong>ab</strong></span> <span class='ocrx_word' id='word_1_557' title='bbox 1116 4902 1184 4958; x_wconf 90' lang='lat' dir='ltr'><strong>iis</strong></span> <span class='ocrx_word' id='word_1_558' title='bbox 1217 4901 1312 4973; x_wconf 86' lang='lat' dir='ltr'><strong>qui</strong></span> <span class='ocrx_word' id='word_1_559' title='bbox 1357 4901 1549 4971; x_wconf 82' lang='lat' dir='ltr'><strong>David,</strong></span> <span class='ocrx_word' id='word_1_560' title='bbox 1581 4903 1736 4973; x_wconf 83' lang='lat' dir='ltr'><strong>juxta</strong></span> <span class='ocrx_word' id='word_1_561' title='bbox 1769 4904 2011 4960; x_wconf 89' lang='lat' dir='ltr'><strong>nominis</strong></span> <span class='ocrx_word' id='word_1_562' title='bbox 2056 4906 2558 4977; x_wconf 84' lang='lat' dir='ltr'><strong>interpretationem</strong></span> <span class='ocrx_word' id='word_1_563' title='bbox 2608 4915 2662 4961; x_wconf 92' lang='lat' dir='ltr'><strong>et</strong></span> <span class='ocrx_word' id='word_1_564' title='bbox 2691 4908 3073 4962; x_wconf 87' lang='lat' dir='ltr'><strong>mandatorum</strong></span> <span class='ocrx_word' id='word_1_565' title='bbox 3094 4905 3523 4968; x_wconf 86' lang='lat' dir='ltr'><strong>observantiam,</strong></span> <span class='ocrx_word' id='word_1_566' title='bbox 3559 4905 3700 4959; x_wconf 83' lang='lat' dir='ltr'><strong>assi-</strong></span> 
     </span>
    </p>
   </div>
   <div class='ocr_carea' id='block_1_88' title="bbox 439 5002 721 5056">
    <p class='ocr_par' dir='ltr' id='par_1_88' title="bbox 439 5002 721 5056">
     <span class='ocr_line' id='line_1_89' title="bbox 439 5002 721 5056; baseline 0 0"><span class='ocrx_word' id='word_1_567' title='bbox 439 5002 721 5056; x_wconf 89' lang='lat' dir='ltr'><strong>milantur.</strong></span> 
     </span>
    </p>
   </div>
   <div class='ocr_carea' id='block_1_89' title="bbox 503 5095 2034 5172">
    <p class='ocr_par' dir='ltr' id='par_1_89' title="bbox 503 5095 1440 5167">
     <span class='ocr_line' id='line_1_90' title="bbox 503 5095 1440 5167; baseline 0.003 -18"><span class='ocrx_word' id='word_1_568' title='bbox 503 5097 554 5150; x_wconf 82' lang='lat'><strong>1.</strong></span> <span class='ocrx_word' id='word_1_569' title='bbox 586 5095 828 5151; x_wconf 89' lang='lat' dir='ltr'><strong>Gaudete</strong></span> <span class='ocrx_word' id='word_1_570' title='bbox 858 5113 1071 5167; x_wconf 87' lang='lat' dir='ltr'><strong>semper</strong></span> <span class='ocrx_word' id='word_1_571' title='bbox 1097 5096 1150 5152; x_wconf 91' lang='lat' dir='ltr'><strong>in</strong></span> <span class='ocrx_word' id='word_1_572' title='bbox 1187 5097 1440 5152; x_wconf 90' lang='lat' dir='ltr'><strong>Domino.</strong></span> 
     </span>
    </p>
   </div>
   <div class='ocr_carea' id='block_1_90' title="bbox 1574 5095 3105 5172">
    <p class='ocr_par' dir='ltr' id='par_1_90' title="bbox 2040 5097 3105 5172">
     <span class='ocr_line' id='line_1_91' title="bbox 2040 5097 3105 5172; baseline -0.008 -14"><span class='ocrx_word' id='word_1_573' title='bbox 2040 5102 2085 5158; x_wconf 87' lang='lat' dir='ltr'><strong>D</strong></span> <span class='ocrx_word' id='word_1_574' title='bbox 2189 5102 2241 5155; x_wconf 94' lang='lat'><strong>1.</strong></span> <span class='ocrx_word' id='word_1_575' title='bbox 2288 5101 2520 5172; x_wconf 82' lang='grc' dir='ltr'>Χαίρετε</span> <span class='ocrx_word' id='word_1_576' title='bbox 2555 5099 2784 5153; x_wconf 87' lang='grc' dir='ltr'>πάντοτε</span> <span class='ocrx_word' id='word_1_577' title='bbox 2816 5101 2872 5152; x_wconf 81' lang='grc' dir='ltr'>ὲν</span> <span class='ocrx_word' id='word_1_578' title='bbox 2896 5097 3105 5168; x_wconf 78' lang='grc' dir='ltr'>Κυρίῳ.</span> 
     </span>
    </p>
   </div>
   <div class='ocr_carea' id='block_1_91' title="bbox 500 5185 2031 5262">
    <p class='ocr_par' dir='ltr' id='par_1_91' title="bbox 500 5186 1534 5243">
     <span class='ocr_line' id='line_1_92' title="bbox 500 5186 1534 5243; baseline 0.002 -3"><span class='ocrx_word' id='word_1_579' title='bbox 500 5187 554 5241; x_wconf 88' lang='grc'><strong>2.</strong></span> <span class='ocrx_word' id='word_1_580' title='bbox 583 5186 780 5241; x_wconf 81' lang='lat' dir='ltr'><strong>Rectos</strong></span> <span class='ocrx_word' id='word_1_581' title='bbox 806 5188 960 5243; x_wconf 89' lang='lat' dir='ltr'><strong>decet</strong></span> <span class='ocrx_word' id='word_1_582' title='bbox 980 5189 1201 5242; x_wconf 89' lang='lat' dir='ltr'><strong>laudare</strong></span> <span class='ocrx_word' id='word_1_583' title='bbox 1224 5187 1534 5242; x_wconf 91' lang='lat' dir='ltr'><strong>Dominum.</strong></span> 
     </span>
    </p>
   </div>
   <div class='ocr_carea' id='block_1_92' title="bbox 1861 5185 3392 5262">
    <p class='ocr_par' dir='ltr' id='par_1_92' title="bbox 2187 5185 3392 5262">
     <span class='ocr_line' id='line_1_93' title="bbox 2187 5185 3392 5262; baseline -0.008 -15"><span class='ocrx_word' id='word_1_584' title='bbox 2187 5194 2242 5248; x_wconf 88' lang='lat'><strong>2.</strong></span> <span class='ocrx_word' id='word_1_585' title='bbox 2277 5195 2400 5257; x_wconf 82' lang='grc' dir='ltr'>Τοῖς</span> <span class='ocrx_word' id='word_1_586' title='bbox 2426 5193 2606 5244; x_wconf 83' lang='grc' dir='ltr'>εὐθέσι</span> <span class='ocrx_word' id='word_1_587' title='bbox 2639 5191 2834 5262; x_wconf 87' lang='grc' dir='ltr'>πρέπει</span> <span class='ocrx_word' id='word_1_588' title='bbox 2860 5192 3028 5242; x_wconf 82' lang='grc' dir='ltr'>αἰνεῖν</span> <span class='ocrx_word' id='word_1_589' title='bbox 3057 5187 3146 5240; x_wconf 77' lang='grc' dir='ltr'><strong>τὸν</strong></span> <span class='ocrx_word' id='word_1_590' title='bbox 3170 5185 3392 5257; x_wconf 86' lang='grc' dir='ltr'>Κύριον.</span> 
     </span>
    </p>
   </div>
   <div class='ocr_carea' id='block_1_93' title="bbox 511 5277 2042 5354">
    <p class='ocr_par' dir='ltr' id='par_1_93' title="bbox 511 5280 2012 5354">
     <span class='ocr_line' id='line_1_94' title="bbox 511 5280 2012 5354; baseline 0.002 -19"><span class='ocrx_word' id='word_1_591' title='bbox 511 5282 565 5335; x_wconf 79' lang='lat'><strong>5.</strong></span> <span class='ocrx_word' id='word_1_592' title='bbox 591 5280 983 5337; x_wconf 73' lang='lat' dir='ltr'><strong>Mortiﬁcantes</strong></span> <span class='ocrx_word' id='word_1_593' title='bbox 1016 5281 1378 5353; x_wconf 88' lang='lat' dir='ltr'><strong>vosmetipsos</strong></span> <span class='ocrx_word' id='word_1_594' title='bbox 1411 5283 1636 5350; x_wconf 89' lang='lat' dir='ltr'><strong>mundo,</strong></span> <span class='ocrx_word' id='word_1_595' title='bbox 1672 5282 1744 5337; x_wconf 90' lang='lat' dir='ltr'><strong>ita</strong></span> <span class='ocrx_word' id='word_1_596' title='bbox 1792 5282 2012 5354; x_wconf 82' lang='lat' dir='ltr'><strong>hymnis</strong></span> 
     </span>
    </p>
   </div>
   <div class='ocr_carea' id='block_1_94' title="bbox 2168 5277 3699 5354">
    <p class='ocr_par' dir='ltr' id='par_1_94' title="bbox 2188 5277 3699 5354">
     <span class='ocr_line' id='line_1_95' title="bbox 2188 5277 3699 5354; baseline -0.007 -15"><span class='ocrx_word' id='word_1_597' title='bbox 2188 5285 2240 5339; x_wconf 81' lang='grc'><strong>’5.</strong></span> <span class='ocrx_word' id='word_1_598' title='bbox 2277 5283 2665 5354; x_wconf 83' lang='grc' dir='ltr'>Νεκρώσαντες</span> <span class='ocrx_word' id='word_1_599' title='bbox 2692 5281 2916 5345; x_wconf 75' lang='grc' dir='ltr'>ἑαυτοὺς</span> <span class='ocrx_word' id='word_1_600' title='bbox 2949 5280 3026 5352; x_wconf 81' lang='grc' dir='ltr'>τῷ</span> <span class='ocrx_word' id='word_1_601' title='bbox 3080 5281 3289 5350; x_wconf 82' lang='grc' dir='ltr'>κόσμῳ,</span> <span class='ocrx_word' id='word_1_602' title='bbox 3318 5279 3492 5342; x_wconf 77' lang='grc' dir='ltr'>οὕτως</span> <span class='ocrx_word' id='word_1_603' title='bbox 3521 5277 3699 5349; x_wconf 79' lang='grc' dir='ltr'>ὑμνή-</span> 
     </span>
    </p>
   </div>
   <div class='ocr_carea' id='block_1_95' title="bbox 438 5372 1969 5448">
    <p class='ocr_par' dir='ltr' id='par_1_95' title="bbox 438 5372 911 5448">
     <span class='ocr_line' id='line_1_96' title="bbox 438 5372 911 5448; baseline 0.008 -23"><span class='ocrx_word' id='word_1_604' title='bbox 438 5372 733 5448; x_wconf 76' lang='lat' dir='ltr'><strong>laudabilis</strong></span> <span class='ocrx_word' id='word_1_605' title='bbox 762 5390 911 5429; x_wconf 90' lang='lat' dir='ltr'><strong>eum.</strong></span> 
     </span>
    </p>
   </div>
   <div class='ocr_carea' id='block_1_96' title="bbox 922 5372 2453 5448">
    <p class='ocr_par' dir='ltr' id='par_1_96' title="bbox 2119 5375 2453 5429">
     <span class='ocr_line' id='line_1_97' title="bbox 2119 5375 2453 5429; baseline 0 -1"><span class='ocrx_word' id='word_1_606' title='bbox 2119 5393 2238 5429; x_wconf 91' lang='grc' dir='ltr'>σετε</span> <span class='ocrx_word' id='word_1_607' title='bbox 2273 5375 2453 5429; x_wconf 82' lang='grc' dir='ltr'>αὐτόν.</span> 
     </span>
    </p>
   </div>
   <div class='ocr_carea' id='block_1_97' title="bbox 508 5465 2734 5616">
    <p class='ocr_par' dir='ltr' id='par_1_97' title="bbox 508 5465 2734 5616">
     <span class='ocr_line' id='line_1_98' title="bbox 508 5465 2734 5616; baseline -0.001 -17"><span class='ocrx_word' id='word_1_608' title='bbox 508 5467 554 5499; x_wconf 62' lang='lat' dir='ltr'><strong>u</strong></span> <span class='ocrx_word' id='word_1_609' title='bbox 586 5465 605 5520; x_wconf 66' lang='grc'>1</span> <span class='ocrx_word' id='word_1_610' title='bbox 641 5466 767 5522; x_wconf 42' lang='lat' dir='ltr'><strong>cor.</strong></span> <span class='ocrx_word' id='word_1_611' title='bbox 796 5483 836 5534; x_wconf 56' lang='lat' dir='ltr'><strong>l’</strong></span> <span class='ocrx_word' id='word_1_612' title='bbox 859 5467 947 5522; x_wconf 49' lang='grc' dir='ltr'><strong>Μ’</strong></span> <span class='ocrx_word' id='word_1_613' title='bbox 1395 5536 1698 5600; x_wconf 83' lang='lat' dir='ltr'><strong>Addenda</strong></span> <span class='ocrx_word' id='word_1_614' title='bbox 1735 5543 1795 5601; x_wconf 84' lang='lat' dir='ltr'><strong>et</strong></span> <span class='ocrx_word' id='word_1_615' title='bbox 1842 5536 2214 5616; x_wconf 81' lang='lat' dir='ltr'><strong>corrigenda</strong></span> <span class='ocrx_word' id='word_1_616' title='bbox 2249 5551 2328 5596; x_wconf 79' lang='lat' dir='ltr'><strong>ex</strong></span> <span class='ocrx_word' id='word_1_617' title='bbox 2358 5535 2501 5598; x_wconf 92' lang='lat' dir='ltr'><strong>cod.</strong></span> <span class='ocrx_word' id='word_1_618' title='bbox 2533 5534 2734 5597; x_wconf 83' lang='lat' dir='ltr'><strong>Vatic.</strong></span> 
     </span>
    </p>
   </div>
   <div class='ocr_carea' id='block_1_98' title="bbox 511 5659 2042 5736">
    <p class='ocr_par' dir='ltr' id='par_1_98' title="bbox 511 5664 1186 5736">
     <span class='ocr_line' id='line_1_99' title="bbox 511 5664 1186 5736; baseline 0.003 -2"><span class='ocrx_word' id='word_1_619' title='bbox 511 5664 586 5736; x_wconf 73' lang='grc' dir='ltr'>(υ</span> <span class='ocrx_word' id='word_1_620' title='bbox 626 5664 820 5736; x_wconf 55' lang='grc' dir='ltr'>Ψυχὴν</span> <span class='ocrx_word' id='word_1_621' title='bbox 848 5681 960 5736; x_wconf 52' lang='grc' dir='ltr'>τους</span> <span class='ocrx_word' id='word_1_622' title='bbox 1177 5734 1186 5736; x_wconf 94' lang='lat'>_</span> 
     </span>
    </p>
   </div>
   <div class='ocr_carea' id='block_1_99' title="bbox 1057 5659 2588 5736">
    <p class='ocr_par' dir='ltr' id='par_1_99' title="bbox 1177 5659 2588 5736">
     <span class='ocr_line' id='line_1_100' title="bbox 1177 5659 2588 5736; baseline 0 0"><span class='ocrx_word' id='word_1_623' title='bbox 1177 5734 1186 5736; x_wconf 95' lang='lat'><em>_</em></span> <span class='ocrx_word' id='word_1_624' title='bbox 2307 5661 2588 5736; x_wconf 52' lang='grc' dir='ltr'><strong>Ἱῐλτῗιῗενξ</strong></span> 
     </span>
    </p>
   </div>
   <div class='ocr_carea' id='block_1_100' title="bbox 511 5730 2042 5805">
    <p class='ocr_par' dir='ltr' id='par_1_100' title="bbox 511 5730 1942 5805">
     <span class='ocr_line' id='line_1_101' title="bbox 511 5730 1942 5805; baseline 0.001 -19"><span class='ocrx_word' id='word_1_625' title='bbox 511 5730 588 5805; x_wconf 84' lang='grc'><strong>(2)</strong></span> <span class='ocrx_word' id='word_1_626' title='bbox 638 5730 1094 5805; x_wconf 80' lang='grc' dir='ltr'>Τῶν’μελλόντων</span> <span class='ocrx_word' id='word_1_627' title='bbox 1122 5734 1216 5804; x_wconf 79' lang='grc' dir='ltr'>μή,</span> <span class='ocrx_word' id='word_1_628' title='bbox 1251 5740 1356 5789; x_wconf 87' lang='lat' dir='ltr'><strong>etc.</strong></span> <span class='ocrx_word' id='word_1_629' title='bbox 1701 5779 1710 5786; x_wconf 98' lang='lat'><strong>.</strong></span> <span class='ocrx_word' id='word_1_630' title='bbox 1738 5777 1750 5786; x_wconf 94' lang='lat'><strong>.</strong></span> <span class='ocrx_word' id='word_1_631' title='bbox 1886 5779 1894 5788; x_wconf 94' lang='lat'><strong>.</strong></span> <span class='ocrx_word' id='word_1_632' title='bbox 1934 5775 1942 5786; x_wconf 93' lang='lat'><strong>.</strong></span> 
     </span>
    </p>
   </div>
   <div class='ocr_carea' id='block_1_101' title="bbox 2091 5730 3622 5805">
    <p class='ocr_par' dir='ltr' id='par_1_101' title="bbox 2209 5730 3622 5804">
     <span class='ocr_line' id='line_1_102' title="bbox 2209 5730 3622 5804; baseline 0.005 -22"><span class='ocrx_word' id='word_1_633' title='bbox 2209 5731 2285 5802; x_wconf 63' lang='grc' dir='ltr'><strong>(αἱ)</strong></span> <span class='ocrx_word' id='word_1_634' title='bbox 2322 5731 2383 5783; x_wconf 86' lang='lat' dir='ltr'><strong>&#39;ll</strong></span> <span class='ocrx_word' id='word_1_635' title='bbox 2429 5731 2512 5784; x_wconf 74' lang='grc' dir='ltr'>διὰ</span> <span class='ocrx_word' id='word_1_636' title='bbox 2545 5733 2643 5801; x_wconf 79' lang='grc' dir='ltr'>τῆς</span> <span class='ocrx_word' id='word_1_637' title='bbox 2671 5731 3038 5802; x_wconf 71' lang='grc' dir='ltr'>κινναϐάρεως</span> <span class='ocrx_word' id='word_1_638' title='bbox 3084 5732 3354 5803; x_wconf 80' lang='grc' dir='ltr'>περιέχει·</span> <span class='ocrx_word' id='word_1_639' title='bbox 3388 5730 3484 5804; x_wconf 77' lang='grc' dir='ltr'><strong>τῷ,</strong></span> <span class='ocrx_word' id='word_1_640' title='bbox 3518 5741 3622 5789; x_wconf 84' lang='lat' dir='ltr'><strong>etc.</strong></span> 
     </span>
    </p>
   </div>
  </div>
