3878 6218
134 320 258 376 765
1047 317 1135 371 DE
1175 314 1449 371 TITULIS
1486 315 1934 374 PSALMORUM.
1961 347 2028 358 -—
2053 315 2249 373 PSAL.
2291 315 2506 371 XXXII.
3316 311 3419 367 766

214 444 271 494 4.
315 438 403 493 Ἐν
428 436 718 509 ψαλτηριῳ
745 434 1057 506 δεκαχόρδῳ
1084 434 1290 504 ψάλατε
1315 431 1484 504 αὐτῷ.

220 530 276 584 5.
316 530 519 600 ’ᾼσατε
545 526 696 596 αὐτῷ
725 522 877 598 ᾆσμα
899 524 1108 577 καινόν’

215 619 273 674 6.
309 618 506 681 Καλῶς
527 617 736 686 ψάλατε
772 615 921 685 αὐτῷ
946 617 1004 667 ἐν
1032 610 1354 684 ἀλαλαγμῷ.

217 714 276 767 7.
304 714 424 764 Ὀτι
453 710 617 773 εὐθὺς
655 710 684 761 ὁ
715 709 872 776 λόγος
911 705 1004 760 τοῦ
1031 706 1262 776 Κυρίουο

217 803 276 858 8.
305 803 415 856 Kal.
435 802 614 854 πάντα
640 800 708 854 τὰ
738 799 872 869 ἔργα
904 797 1069 851 αὐτοῦ
1105 800 1162 850 ἐν
1186 795 1386 849 πίστει.

213 895 269 950 9.
311 895 526 964 Ἀγαπᾷ
547 891 919 962 ἐλεημοσύνην
947 889 1040 942 καὶ
1069 889 1249 960 κρίσιν
1281 891 1308 940 ὁ
1341 887 1562 958 Κύριος·

222 987 315 1040 10.
345 987 454 1040 Τοῦ
484 986 667 1048 ἐλέους
693 985 898 1054 Κυρίου
919 983 1133 1054 πλήρης
1159 983 1190 1050 ἡ
1217 980 1309 1049 γῆ.

221 1079 318 1132 41.
347 1079 438 1148 Τῷ
459 1078 604 1148 λόγῳ
633 1076 838 1148 Κυρίου
873 1078 922 1128 οἱ
953 1073 1172 1145 οὐρανοὶ⁸
1202 1071 1634 1143 ἐστερεώθησαν·

225 1169 317 1223 12.
358 1169 469 1222 Kal.
501 1168 580 1238 τῷ
610 1166 890 1236 Πνεύματι
922 1164 1014 1218 τοῦ
1047 1163 1312 1234 στόματος
1344 1161 1508 1214 αὐτοῦ
1539 1157 1743 1230 πᾶσαὴ

145 1258 386 1329 δύναμις
411 1257 614 1311 αὐτῶν.

229 1352 324 1405 15.
361 1350 619 1418 Συνάγων
643 1349 780 1404 ὡσεὶ,
807 1347 974 1402 ἀσκὸν
1014 1347 1182 1399 ὕδατα
1210 1345 1502 1416 θαλάσσης

229 1443 321 1495 14.
354 1441 537 1504 Τιθεὶς
571 1443 631 1494 ἐν
663 1441 959 1510 θησαυροῖς
992 1439 1283 1500 ἀϐύσσους.

228 1535 320 1588 15.
356 1533 653 1603 Φοϐηθήτω
701 1531 792 1585 τὸν
817 1531 1020 1602 Κύριον
1043 1532 1195 1584 πᾶσα
1225 1530 1258 1599 ἡ
1287 1530 1380 1598 γῆ’

225 1623 318 1677 16.
355 1625 474 1676 Ἀπ’
503 1622 668 1676 αὐτοῦ
713 1623 771 1676 δὲ
807 1622 1222 1693 σαλευθήτωσαν
1277 1619 1475 1682 πάντες
1524 1617 1573 1670 οί
1616 1635 1748 1672 κατ-

146 1711 433 1776 οικοῦντες
461 1712 562 1784 τὴν
593 1711 941 1782 οἰκουμένην.

231 1806 322 1860 17.
353 1806 475 1858 Ὅτι
502 1803 666 1866 αὐτὸς
691 1798 835 1866 εἶπε,
863 1803 956 1855 καὶ
981 1800 1366 1871 ἐγεννήθησαν⁹

229 1895 320 1949 18.
352 1895 524 1958 Αὐτὸς
545 1894 866 1956 ἐνετείλατο,
886 1893 979 1947 καὶ
1013 1891 1360 1960 ἐκτίσθησαν.

234 1988 324 2043 19.
352 1989 558 2058 Κύριος
588 1985 928 2050 διασκεδάζει
959 1983 1151 2056 βουλὰς
1177 1981 1366 2036 ἐθνῶνο

230 2080 325 2134 20.
377 2078 585 2131 Ἀθετεῖ
611 2078 667 2130 δὲ
707 2077 1001 2147 λογισμοὺς
1032 2073 1207 2128 λαῶν’

233 2172 328 2224 21.
356 2170 467 2224 Καὶ
498 2169 682 2224 ἀθετεῖ
715 2168 909 2239 βουλὰς
942 2168 1237 2238 ἀρχόντων.

227 2262 324 2316 22.
362 2261 429 2314 Ἦ
451 2261 508 2314 δὲ
549 2259 712 2331 βουλὴ
743 2258 836 2312 τοῦ
864 2256 1072 2329 Κυρίου
1116 2257 1196 2318 είς
1232 2251 1324 2306 τὸν
1351 2249 1521 2305 αἰῶνα
1550 2249 1702 2320 μένει
1722 2266 1736 2282 ο

1760 445 1804 497 Α
1904 435 1958 488 4.
1998 432 2052 487 In
2079 432 2337 503 psalterio
2363 432 2549 486 d'ecem
2580 445 2646 484 cn
2661 429 2922 485 ordarum
2958 427 3174 500 psallite
3208 428 3307 484 illi.

1917 526 1969 579 5.
2001 523 2229 578 Cantate
2257 524 2304 578 ei
2339 523 2612 577 canticum
2649 537 2889 576 novum:

1918 619 1971 669 6.
2009 617 2151 671 Bene
2180 617 2393 685 psallite
2420 617 2468 670 ei
2504 616 2558 668 in
2586 614 2998 669 vociferatione.

1916 709 1967 765 7.
2001 708 2138 774 Quia
2165 719 2369 762 rectum
2399 718 2484 762 est
2511 707 2741 761 verbum
2776 707 2993 760 Domini
3019 726 3031 761 :

1914 799 1970 855 8.
2001 798 2068 852 Et
2096 799 2277 852 omnia
2321 813 2485 866 opera
2520 797 2641 865 ejus
2669 797 2725 852 in
2760 797 2882 850 fide.

1919 890 1972 945 9.
2012 888 2195 958 Diligit
2223 887 2656 943 misericordiam
2684 897 2736 940 et
2759 886 3024 954 judicium
3052 885 3348 938 Dominus:

1916 980 2004 1035 10.
2039 978 2415 1033 Misericordia
2445 977 2660 1031 Domini
2693 977 2850 1046 plena
2886 985 2967 1029 est
2997 987 3160 1028 terra.

1919 1073 2010 1126 1|.
2044 1071 2226 1126 Verbo
2259 1070 2474 1124 Domini
2508 1070 2629 1124 (τα)ιὶ
2656 1069 2855 1122 firmati
2890 1077 3056 1123 sunt:

1920 1166 2005 1221 12.
2040 1165 2107 1219 Et
2140 1163 2347 1234 Spiritu
2381 1163 2494 1217 oris
2531 1162 2652 1231 ejus
2679 1160 2862 1214 omnis
2893 1160 3067 1213 virtus
3092 1169 3306 1212 eorum.

1920 1341 2008 1394 15.
2035 1339 2390 1407 Congrcgans
2423 1336 2566 1390 sicut
2591 1343 2768 1388 utrem
2803 1348 2976 1404 aquas
3002 1331 3171 1387 maris
3195 1348 3210 1384 :

1920 1433 2009 1486 14.
2040 1430 2258 1484 Ponens
2285 1429 2339 1482 in
2369 1427 2646 1482 thesauris
2678 1426 2926 1496 abyssos.

1924 1525 2016 1578 15.
2043 1523 2257 1576 Timeat
2281 1520 2573 1574 Dominum
2603 1518 2785 1572 omnis
2817 1525 2960 1569 terra
2991 1532 3006 1580 ;

1924 1615 2012 1669 16.
2045 1615 2127 1668 Ab
2152 1629 2216 1668 eo
2249 1621 2429 1667 autem
2481 1618 2932 1666 commoveantur
2977 1620 3172 1660 omnes
3214 1601 3430 1672 inhabi-

1854 1710 2033 1756 tantes
2063 1703 2274 1755 orbem.

1923 1793 2013 1848 17.
2041 1791 2312 1858 Quoniam
2338 1791 2454 1861 ipse
2486 1789 2646 1856 dixit,
2679 1797 2732 1844 et
2768 1797 3025 1857 generata
3055 1793 3218 1840 sunt:

1923 1883 2010 1938 18.
2040 1882 2158 1952 Ipse
2186 1881 2488 1944 mandavit,
2517 1889 2574 1936 et
2602 1888 2784 1934 creata
2811 1886 2958 1933 sunt.

1926 1977 2014 2032 19.
2051 1976 2317 2030 Dominus
2351 1975 2582 2043 dissipat
2602 1972 2835 2028 consilia
2875 1970 3114 2039 gentium
3143 1988 3158 2024 :

1919 2070 2012 2125 20.
2046 2069 2322 2138 Reprobat
2348 2074 2527 2120 autem
2562 2064 2924 2134 cogitationes
2956 2061 3323 2132 populorum:

1917 2163 2007 2216 2|.
2040 2161 2107 2215 Et
2135 2159 2391 2230 reprobat
2419 2157 2647 2211 consilia
2673 2155 3002 2224 principum.

1916 2251 2008 2305 22.
2040 2249 2344 2305 Consilium
2381 2255 2568 2301 autem
2595 2244 2812 2299 Domini
2843 2244 2897 2297 in
2924 2253 3184 2298 aeternum
3216 2248 3429 2296 manet:

1281 2428 1662 2486 ATIIANASH
1698 2425 2280 2485 lNTERPRETATlO.

227 2593 289 2648 ιι.
321 2591 419 2646 Διά
449 2591 558 2646 τῶν
593 2591 728 2645 δέκα
752 2589 980 2645 ἐντολῶν
1013 2587 1275 2655 δοξάσατε
1301 2586 1482 2641 αὐτόν.

231 2771 289 2827 5.
317 2764 508 2842 ’ᾼσμα
538 2769 686 2838 λέγει
716 2767 973 2840 καθαρόν.

231 2863 291 2920 6.
330 2865 425 2918 Ἐκ
446 2865 546 2934 τῆς
567 2862 792 2934 καρδίας
819 2860 994 2932 ὑμῶν.

233 2956 290 3009 7.
338 2955 568 3026 Ἀληθὴς
599 2956 632 3026 ἡ
661 2953 965 3022 ἐπαγγελία
996 2952 1074 3023 (1)
1114 2950 1301 3006 αὐτοῦ.

236 3046 294 3102 8.
332 3046 401 3097 Ἃ
436 3043 512 3116 (2)
544 3046 766 3108 ποιεῖτε,
802 3045 860 3096 ἐν
895 3041 1074 3095 πίστει
1107 3044 1330 3094 ποιεῖτε.

233 3138 291 3191 9.
362 3133 726 3205 Ἐλεημοσύνη
792 3135 889 3187 καὶ
947 3133 1131 3197 πίστις
1209 3149 1311 3202 μου
1377 3127 1752 3184 ἐκλιπέτωσάν

160 3246 255 3285 σοι
291 3227 392 3299 (3).

236 3323 326 3378 10.
358 3319 645 3374 Ἥπλωται
677 3318 738 3373 τὺ
762 3316 909 3382 ἔλεός
950 3333 1069 3380 σου,
1100 3315 1298 3386 Κύριε,
1328 3313 1420 3366 ἐπὶ
1455 3311 1532 3385 (1)
1568 3313 1749 3366 πᾶσαν

155 3412 344 3484 ψυχὴν
368 3410 680 3482 ἀνθρώπου.

238 3503 326 3556 11.
361 3502 438 3571 (ὅ)
460 3501 593 3572 Περὶ
624 3499 732 3552 τῶν
776 3496 1093 3552 ἀποστόλων
1121 3496 1290 3565 λέγει.

240 3593 333 3647 12.
380 3594 492 3646 Kal.
541 3593 624 3645 ὅτι
657 3591 990 3662 ἐνεφύσησεν
1023 3590 1103 3653 εἰς
1151 3589 1212 3641 τὸ
1263 3588 1551 3660 πρόσωπον
1579 3585 1756 3641 αὐτῶν

159 3685 365 3754 λέγων·
389 3682 607 3736 Λάϐετε
637 3681 879 3750 Πνεῦμα
901 3680 1090 3748 ἅγιον.
1109 3679 1189 3731 ὃτι
1216 3678 1414 3748 ἀνέστη
1439 3679 1504 3729 ἐκ
1524 3676 1752 3747 νεκρῶν·

1934 2583 1990 2637 4.
2022 2582 2126 2637 Per
2156 2580 2562 2638 observantiam
2588 2579 2776 2636 decem
2809 2588 3204 2650 praceptorum
3232 2577 3436 2650 gloriﬁ-

1854 2684 1977 2730 cate
1999 2689 2146 2729 eum.

1917 2767 1973 2823 5.
2007 2765 2316 2826 Canticum,
2346 2757 2548 2826 inquit,
2583 2755 2870 2811 mundum.

1921 2859 1974 2913 6.
2012 2856 2091 2910 Ex
2119 2854 2280 2910 corde
2309 2859 2510 2905 vestro.

1936 2947 1988 3000 7.
2023 2945 2163 3000 Vera
2187 2939 2476 3012 promissio
2505 2937 2645 3006 ejus.

1928 3039 1982 3091 8.
2017 3035 2149 3102 Quae
2183 3032 2384 3094 facitis,
2414 3028 2575 3083 facite
2597 3026 2651 3080 in
2689 3023 2809 3079 fide.

1927 3127 1980 3181 9.
2020 3121 2387 3180 Misericordia
2425 3126 2479 3174 et
2508 3116 2640 3170 ﬁdes
2671 3127 2949 3185 nunquam
2985 3111 3080 3167 tibi
3110 3110 3380 3167 deficiant.

1930 3301 2016 3357 10.
2051 3298 2227 3370 Super
2252 3313 2469 3354 omnem
2510 3294 2752 3351 hominis
2800 3291 3041 3347 animam
3074 3303 3315 3360 expansa
3357 3297 3439 3345 est

1779 3401 1824 3463 C
1854 3392 2227 3449 misericordia
2259 3399 2369 3456 tua,
2403 3389 2654 3443 Domine.

1932 3485 2020 3540 11.
2052 3483 2126 3538 De
2158 3481 2421 3552 apostolis
2452 3479 2716 3548 loquitur.

1928 3575 2016 3628 12.
2047 3572 2114 3627 Ει
2143 3573 2288 3642 quod
2320 3570 2613 3626 insufﬂavit
2648 3569 2703 3621 in
2750 3566 2943 3622 faciem
2980 3579 3170 3620 eorum
3215 3563 3438 3618 dicens:

1856 3665 2091 3736 Accipite
2143 3665 2409 3734 Spiritum
2467 3670 2704 3715 sanctum
2731 3661 2818 3725 ⁸⁸,
2879 3674 3003 3713 cum
3066 3655 3366 3711 resurrexit
3409 3667 3439 3704 a

161 3744 268 3838 τάξ
297 3774 406 3844 γὰρ
429 3773 707 3842 δυνάμεις,
739 3744 809 3834 ἃς
838 3744 1054 3823 ἐποίουν
1090 3770 1135 3821 oi
1177 3744 1465 3821 ἀπόστολοι
1504 3765 1582 3838 τῷ
1617 3744 1750 3838 ἀγίῳ

1902 3760 2117 3813 iortuis.
2158 3757 2372 3812 Etenim
2404 3753 2691 3816 miracula,
2724 3768 2846 3820 qua:
2874 3751 3148 3805 faciebant
3181 3744 3437 3816 apostoli,

166 3835 450 3937 Πνεύμάτι
511 3835 830 3928 ἐπετέλουν,
889 3855 934 3931 ᾧ
981 3861 1170 3915 ἔλαϐον
1221 3863 1286 3913 ἐκ
1338 3858 1435 3913 τοῦ
1493 3835 1750 3930 στόματος

1902 3866 1956 3904 er
1988 3849 2250 3920 Spiritum
2285 3853 2535 3901 sanctum
2568 3843 2856 3908 faciebant,
2891 3857 3050 3896 auem
3080 3855 3147 3894 ex
3175 3852 3270 3892 ore
3308 3835 3427 3906 ejus

167 3957 362 4014 αὐτοῦ.

244 4053 333 4107 15.
391 4050 702 4122 Συνήγαγον
749 4047 819 4101 τὰ
879 4045 1008 4116 ἔθνη
1069 4042 1164 4097 τοῦ
1218 4043 1428 4114 κόσμου
1495 4059 1760 4112 νενεκρω-

171 4145 317 4217 μένα
343 4143 420 4214 (6)
461 4143 537 4206 ὡς
564 4141 753 4195 ἀσκόν.

246 4235 336 4289 14.
376 4235 464 4287 Ἐν
495 4237 604 4296 τοῖς
631 4230 948 4292 ἀποστόλοις
989 4229 1058 4282 τὰ
1105 4225 1449 4297 δικαιώματα
1500 4223 1688 4278 αὐτοῦ.

247 4328 337 4381 15.
381 4325 466 4386 Ὡς
493 4325 666 4377 εἰδυῖα
696 4323 860 4377 αὐτὸν
888 4322 1087 4391 ἐαυτῆς
1119 4319 1472 4389 δημιουργόν.

250 4413 342 4468 16.
371 4411 725 4466 Μετατεθῶσι
753 4411 952 4473 πάντες
989 4412 1068 4474 είς
1091 4409 1180 4462 τὸν
1211 4407 1436 4480 Κύριον.

247 4504 340 4558 17.
379 4504 466 4555 Ἐν
498 4503 576 4574 τῷ
607 4502 962 4572 βαπτίσματι.

246 4597 337 4650 18.
378 4597 710 4649 Ἀνεκαίνισε
739 4594 849 4665 γὰρ
878 4593 1093 4656 αὐτούς.

246 4689 337 4744 19.
375 4689 486 4753 Τὰς
511 4689 781 4761 προτέρας
834 4686 1164 4758 ἀπορρίπτει
1214 4682 1320 4737 ἀπὸ
1368 4683 1475 4736 τῶν
1526 4678 1762 4752 καρδιῶν

172 4779 384 4834 αὐτῶν.

245 4870 341 4926 20.
376 4871 488 4923 Καὶ
518 4869 789 4941 ἀλλοτριοῖ
817 4867 1116 4940 προτέρους
1144 4866 1322 4920 αὐτῶν
1349 4863 1662 4934 λογισμούς.

249 4964 344 5018 21.
380 4962 490 5016 Καὶ
512 4963 609 5025 τὰς
641 4961 834 5031 βουλάς
857 4960 965 5014 τῶν
991 4961 1261 5030 δαιμόνων
1293 4956 1649 5020 διασκεδάζει.

247 5055 342 5108 22.
382 5055 446 5107 Ἡ
478 5053 666 5124 διδαχὴ
691 5052 878 5106 αὑτοῦ.

249 5241 299 5272 ⁵⁸
337 5237 498 5294 Joan.
532 5255 626 5304 xx,
655 5237 746 5293 22.

1859 3947 2210 4010 acceperunt.

1933 4031 2018 4086 15.
2055 4030 2254 4085 Gentes
2283 4028 2474 4084 mundi
2507 4036 2752 4082 mortuas
2793 4035 3020 4098 peccato
3071 4032 3439 4092 congregave-

1859 4131 1990 4180 runt
2019 4123 2166 4177 velut
2195 4131 2395 4176 utrem.

1935 4213 2024 4267 14.
2066 4213 2124 4266 ln
2151 4211 2414 4280 apostolis
2443 4207 2867 4280 justificationes
2893 4203 3033 4273 ejus.

1924 4304 2016 4358 .15.
2053 4301 2124 4357 Ut
2158 4318 2280 4373 quae
2306 4303 2407 4357 scit
2433 4317 2557 4356 eum
2589 4307 2895 4355 creatorem
2939 4307 3101 4349 suum
3134 4289 3330 4345 fuisse.

1935 4394 2021 4448 16.
2053 4392 2475 4447 Transferantur
2506 4407 2696 4448 omnes
2731 4391 2783 4445 in
2810 4388 3119 4443 Dominum.

1936 4485 2024 4539 17.
2055 4483 2112 4538 lu
2142 4483 2431 4552 baptismo.

1936 4576 2024 4630 18.
2049 4574 2156 4629 Eos
2185 4575 2329 4628 enim
2363 4570 2671 4627 renovavit.

1937 4666 2025 4720 19.
2063 4665 2255 4719 Priora
2279 4664 2500 4735 projicit
2530 4659 2762 4718 consilia
2789 4672 2818 4711 e
2844 4653 3102 4710 cordibus
3135 4665 3347 4706 eorum.

1936 4859 2023 4914 20.
2052 4859 2118 4913 Ει
2150 4859 2404 4913 immutat
2428 4854 2730 4911 anteriores
2756 4865 2945 4906 eorum
2981 4841 3339 4916 cogitationes

1934 4953 2024 5006 21.
2058 4951 2125 5004 Et
2152 4951 2376 5005 consilia
2407 4950 2714 5004 dzemouum
2739 4945 2986 5014 dissipat.

1929 5043 2019 5099 22.
2058 5041 2313 5097 Doctrina
2340 5040 2480 5110 ejus.

1161 5330 1465 5394 Addenda
1493 5337 1554 5393 et
1595 5327 1969 5408 corrigenda
1999 5345 2078 5390 ex
2108 5325 2248 5388 cod.
2281 5323 2484 5385 Vatic.

257 5495 339 5564 (1)
372 5495 696 5564 Εὐαγγελια.

253 5565 331 5633 (2)
355 5567 462 5618 Καὶ
486 5567 659 5619 πάντα
689 5566 742 5623 ἄ.
775 5573 880 5619 ctc.

250 5637 332 5706 (3)
359 5637 519 5704 Μὴ...
540 5655 620 5695 σε,
643 5653 748 5688 non
779 5653 881 5687 σοι.

251 5705 333 5770 (4)
364 5707 552 5771 Ἔλεος
581 5707 784 5776 Κυρίου
811 5708 923 5770 ἐπί,
947 5713 1051 5760 etc.

1943 5492 2020 5555 (5)
2042 5487 2522 5562 N.11._llspi,etc._,
2543 5485 2630 5562 ὅτε
2654 5481 2925 5552 ἀνέστηέκ
2946 5470 3433 5546 νεκρῶν,τᾶςειε.,

1870 5563 2176 5621 ἐπετέλουν.
2199 5554 2263 5627 ᾧ,
2282 5554 2412 5619 etc.,
2445 5554 2630 5608 αὑτοῦ.

1940 5633 2015 5703 (6)
2052 5617 2427 5701 Συνήγαγεν...
2457 5621 2772 5693 νεκοωμένα
2801 5617 2950 5680 ὡσεί,
2979 5626 3080 5670 etc.
