3878 6218
432 323 538 388 767
1287 325 1348 384 S.
1390 326 1758 382 ATHA'NASII
1799 326 1951 382 OPP.

2215 326 2300 381 111.
2339 356 2404 369 -
2451 325 2868 384 EXEGETICA.
3616 313 3729 379 768

502 441 590 496 25.
621 441 989 512 Cogitationes
1022 443 1204 500 cordis
1233 445 1352 515 ejus
1400 447 1454 500 in
1503 447 1910 517 generationem
1957 457 2010 502 et

2200 446 2273 500 15.
2310 446 2576 516 Λογισμοὶ
2628 446 2725 516 τῆς
2771 444 3000 517 καρδίας
3036 443 3202 499 αὐτοῦ
3241 444 3322 508 είς
3368 443 3569 512 γενεὰν
3623 449 3731 499 καὶ

429 534 861 605 generationem.

797 549 836 586 [ιι
848 574 861 585 .
2114 537 2328 606 γενεάν.

501 625 592 678 24.
629 624 792 678 Beata
826 639 980 695 gens,
1017 625 1176 692 cujus
1203 633 1287 680 est
1310 624 1574 681 Dominus
1606 625 1748 682 Deus
1777 627 1928 694 ejus:

2193 629 2266 682 Μ.
2291 628 2579 699 Μακάρων
2599 628 2660 680 τὸ
2679 628 2850 693 ἔθνος,
2873 622 2933 682 οὗ
2954 628 3066 680 ἐστι
3089 628 3296 697 Κύριος
3311 629 3338 680 ὁ
3355 627 3486 689 Θεὸς
3502 625 3688 680 αὐτοῦ
3708 643 3724 657 ·

501 718 594 772 25.
632 717 909 788 Populus,
963 732 1124 788 quem
1178 719 1340 789 elegit
1390 721 1443 773 in
1502 721 1866 775 haereditatem
1909 722 2010 777 sibi

2192 718 2272 771 25.
2300 717 2464 781 Λαὸς,
2485 717 2544 770 ὃν
2571 716 2854 784 ἐξελέξατο
2876 719 2954 780 είς
2977 716 3338 788 κληρονομίαν
3357 715 3534 786 ἑαυτῷ
3558 716 3723 787 [ἑαυ-

436 809 661 882 [suam].

2113 809 2253 880 τοῦ].

501 901 591 954 26.
620 899 696 954 De
722 898 860 953 casio
889 899 1127 967 respexit
1155 897 1457 962 Dominus;

2184 901 2274 953 26.
2321 899 2410 966 Ἐξ
2440 901 2670 972 οὐρανοῦ
2708 901 3004 970 ἐπέϐλεψεν
3033 902 3061 953 ὁ
3086 900 3289 970 Κύριος
3309 916 3322 930 ·

501 992 592 1045 27.
626 992 774 1044 Vidit
802 1005 993 1044 omnes
1021 990 1162 1042 filios
1193 990 1499 1042 hominum.

2183 991 2273 1044 27.
2306 987 2428 1043 Εἷδε
2459 992 2666 1055 πάντας
2700 994 2828 1054 τοὺς
2855 992 3005 1055 υἱοὺς
3027 991 3135 1043 τῶν
3166 989 3486 1062 ἀνθρώπων.

501 1081 593 1134 28.
627 1080 703 1134 De
733 1089 1036 1150 praeparato
1061 1081 1373 1133 habitaculo
1397 1096 1520 1143 suo,

2175 1082 2267 1138 28.
2321 1082 2409 1147 Ἐξ
2447 1083 2665 1152 ἑτοίμου
2695 1084 3118 1155 κατοικητηρίου
3152 1082 3339 1145 αὑτοῦ,

498 1173 590 1226 29.
623 1172 882 1241 Respexit
909 1187 1072 1242 super
1107 1187 1300 1226 omnes
1349 1173 1439 1240 qui
1475 1172 1725 1225 habitant
1749 1182 1974 1239 terram,

2190 1174 2266 1228 29.
2303 1174 2626 1244 Ἐπέϐλεψεν
2665 1177 2756 1228 ἐπὶ
2785 1175 2990 1238 πάντας
3024 1175 3151 1238 τοὺς
3181 1171 3575 1235 κατοικοῦντας
3609 1173 3721 1242 τὴν

2112 1260 2235 1327 τῆν’

503 1345 591 1399 50.
624 1345 727 1412 Qui
758 1347 914 1400 ﬁnxit
941 1348 1256 1416 singilmtlm
1293 1346 1459 1402 corda
1489 1362 1714 1414 eorum;

2179 1347 2267 1401 50.
2317 1349 2374 1402 '0
2403 1349 2611 1411 πλάσας
2641 1349 2783 1403 κατὰ
2817 1349 2982 1419 μόνας
3010 1347 3110 1410 τὰς
3136 1348 3364 1419 καρδίας
3397 1347 3586 1400 αὐτῶν
3609 1365 3622 1376 ·

502 1438 591 1491 51.
619 1437 724 1503 Qui
759 1439 1009 1508 intelligit
1034 1441 1216 1493 omnia
1246 1456 1409 1508 opera
1445 1455 1656 1493 eorum.

2187 1442 2277 1494 51.
2329 1442 2384 1495 Ὀ
2417 1443 2617 1504 συνιεὶς
2648 1445 2728 1505 είς
2761 1444 2940 1496 πάντα
2988 1443 3056 1495 τὰ
3086 1441 3224 1511 ἔργα
3254 1441 3451 1494 αὐτῶν.

501 1528 594 1580 52.
625 1527 742 1582 Non
772 1530 1014 1582 salvatur
1046 1546 1140 1583 rex
1171 1517 1266 1598 per
1297 1531 1518 1584 multam
1546 1532 1838 1586 virtutem:

2184 1533 2273 1588 52.
2307 1535 2381 1586 Οὐ
2419 1533 2651 1596 σώζεται
2687 1535 2941 1604 βασιλεὺς
2973 1534 3062 1587 διὰ
3096 1533 3295 1604 πολλὴν
3343 1532 3596 1602 δύναμιν·

502 1617 590 1670 55.
623 1617 687 1671 Et
712 1619 863 1687 gigas
887 1634 994 1672 non
1023 1619 1323 1672 salvabitur
1346 1620 1401 1672 in
1430 1619 1773 1674 multitudine
1797 1619 2012 1674 virtutis

2182 1625 2261 1678 55.
2307 1625 2414 1677 Καὶ
2467 1626 2628 1693 γίγας
2675 1627 2736 1679 οὐ
2788 1625 3092 1696 σωθήσεται
3150 1625 3209 1676 ἐν
3255 1623 3449 1692 πλήθει
3513 1621 3713 1694 ἰσχύος

433 1721 546 1762 suae
572 1724 585 1759 Ξ

2113 1715 2299 1770 αὐτοῦ.

504 1799 593 1854 54.
627 1797 815 1852 Fallax
841 1795 1108 1867 equus'ad
1147 1797 1410 1850 salutem:

2045 1813 2089 1872 Β
2185 1803 2273 1856 54.
2308 1803 2525 1874 Ψευδὴς
2554 1803 2720 1866 ἵππος
2748 1805 2827 1866 είς
2860 1803 3170 1874 σωτηρίαν·

502 1889 1008 1945 55.1n‘abundantia
1025 1898 1205 1942 autem
1221 1890 1436 1943 virtutis
1450 1905 1561 1944 suae
1577 1904 1684 1944 non
1701 1891 2015 1946 salvabitur.

2190 1893 2278 1947 55.
2324 1895 2412 1946 Ἐν
2442 1895 2498 1947 δὲ
2525 1895 2716 1966 πλήθει
2741 1894 3027 1964 δυνάμεως
3055 1890 3222 1946 αὑτοῦ
3263 1892 3326 1945 οὐ
3373 1891 3716 1962 σωθήσεται.

504 1982 593 2038 56.
627 1981 765 2036 Ecce
794 1983 938 2036 oculi
968 1980 1186 2035 Domini
1219 1996 1384 2052 super
1419 1991 1723 2038 metuentes
1749 1999 1910 2041 eum:

2189 1983 2274 2039 56.
2313 1985 2442 2037 Ἰδοὺ
2460 1987 2507 2038 οἱ
2541 1985 2810 2056 ὀφθαλμοὶ
2838 1985 3044 2057 Κυρίου
3070 1986 3162 2038 ἐπὶ
3185 1985 3310 2048 τοὺς
3337 1983 3720 2054 φοϐουμένους

2113 2076 2274 2129 αὐτόν
2298 2091 2312 2106 ⁸

503 2159 594 2214 57.
633 2159 925 2230 Sperantes
953 2176 1117 2231 super
1149 2162 1522 2219 misericordia
1551 2163 1707 2232 ejus;

2188 2169 2270 2222 57.
2304 2169 2450 2233 Τοὺς
2483 2169 2800 2234 ἐλπίζοντας
2833 2168 2913 2240 [in
2939 2184 3115 2238 marg.
3140 2167 3264 2223 eod.
3300 2165 3579 2238 γράφεται
3611 2164 3719 2218 καὶ

2114 2260 2228 2321 τοῖς
2256 2257 2589 2330 ἐλπίζουσιν]
2619 2259 2711 2311 ἐπὶ
2739 2259 2801 2311 τὸ
2830 2259 2978 2320 ἕλεος
3021 2256 3186 2311 αὐτοῦ
3207 2274 3222 2289 ·

505 2342 593 2398 58.
625 2341 696 2399 Ut
727 2353 884 2398 eruat
914 2360 944 2398 a
972 2354 1145 2400 morte
1173 2347 1383 2403 animas
1408 2363 1594 2403 eorum
1619 2367 1636 2416 ;

2187 2348 2276 2402 58.
2318 2348 2611 2401 Ῥύσασθαι
2642 2350 2707 2402 ἐκ
2741 2349 2969 2402 θανάτου
2997 2348 3095 2411 τὰς
3120 2346 3298 2419 ψυχὰς
3327 2347 3506 2402 αὐτῶν
3527 2365 3542 2380 ο

501 2433 591 2486 59.
622 2432 690 2487 Ει
719 2434 829 2487 alat
859 2449 954 2489 eos
987 2434 1040 2488 in
1074 2433 1238 2491 fame.

2192 2441 2281 2496 59.
2306 2442 2415 2493 Καὶ
2438 2441 2724 2513 διαθρέψαι
2758 2441 2956 2504 αὐτοὺς
2978 2442 3034 2494 ἑν
3062 2440 3227 2511 λιμῷ.

501 2524 591 2580 40.
621 2525 818 2580 Anima
845 2534 1026 2581 autem
1055 2536 1243 2583 nostra
1277 2529 1510 2584 sustinet
1543 2529 1869 2586 Dominum:

2189 2531 2282 2587 40.
2325 2533 2392 2586 Ἡ
2419 2532 2476 2585 δὲ
2503 2531 2648 2604 ψυχὴ
2677 2531 2836 2604 ἡμῶν
2858 2532 3121 2603 ὑπομένει
3146 2530 3225 2600 τῷ
3243 2530 3433 2601 Κυρίῳ
3450 2543 3465 2559 ⁸

501 2616 592 2670 41.
623 2615 893 2682 Quoniam
923 2618 1138 2689 adjutor
1162 2631 1216 2674 et
1236 2629 1511 2690 protector
1533 2631 1720 2678 noster
1752 2632 1866 2679 est:

2191 2623 2280 2677 4-1.
2315 2624 2440 2676 Ὅτι
2472 2623 2664 2696 βοηθὸς
2699 2624 2793 2676 καὶ
2822 2621 3232 2696 ὑπερασπιστὴς
3264 2621 3420 2693 ἡμῶν
3448 2621 3632 2673 ἐστιν·

503 2707 596 2762 42.
633 2708 770 2773 Quia
797 2709 851 2763 in
880 2725 947 2765 eo
979 2711 1252 2766 laetabitur
1277 2727 1373 2768 cor
1400 2722 1687 2782 nostrum;

2190 2713 2282 2767 42.
2313 2715 2435 2768 ’Ὀτι
2460 2715 2518 2766 ἐν
2553 2712 2704 2783 αὐτῷ
2731 2711 3228 2786 εὐφρανθήσεταική
3275 2708 3468 2780 καρδία
3503 2707 3664 2778 ἡμῶν
3686 2722 3703 2736 ο

502 2799 590 2854 45.
625 2799 692 2854 Ει
712 2800 769 2854 in
797 2801 1018 2858 nomine
1045 2813 1235 2859 sancto
1265 2805 1385 2874 ejus
1411 2807 1770 2876 speravimus.

2191 2805 2282 2859 45.
2313 2805 2424 2859 Καὶ
2447 2806 2505 2857 ἐν
2527 2803 2607 2875 τῷ
2638 2806 2860 2876 ὀνόματι
2892 2803 2971 2874 τῷ
3016 2802 3155 2872 ἁγίῳ
3179 2799 3342 2854 αὐτοῦ
3368 2799 3706 2870 ἠλπίσαμεν.

1559 2939 1936 2996 ATHANASII
1976 2939 2562 2996 INTERPRETATIO.

500 3049 592 3104 25.
623 3049 958 3109 llluminatio
987 3054 1129 3126 ejus.

2044 3063 2086 3120 C
2189 3060 2279 3113 25.
2333 3059 2391 3111 'U
2418 3057 2700 3127 φωτισμὸς
2737 3053 2922 3110 αὐτοῦ.

509 3142 602 3196 24.
635 3143 961 3200 Sanctorum
986 3156 1198 3218 gentem
1228 3159 1281 3204 et
1295 3148 1555 3219 populum
1582 3147 1701 3217 ejus
1727 3147 2017 3217 signiﬁcat.

2189 3150 2280 3203 24.
2298 3150 2373 3221 (1)
2391 3149 2464 3201 Τὸ
2485 3147 2594 3201 τῶν
2615 3147 2784 3216 ἁγίων
2808 3146 2958 3208 ἔθνος
2979 3143 3072 3197 καὶ
3093 3141 3185 3197 τὸν
3205 3140 3368 3195 αὑτοῦ
3388 3140 3517 3194 λαὸν
3530 3138 3706 3208 λέγει.

509 3234 600 3288 25.
636 3233 1000 3305 Complacuit,
1037 3239 1233 3310 inquit.
1268 3241 1479 3296 salvum
1517 3239 1714 3296 facere.

1614 3255 1714 3295 ere.
2185 3240 2276 3296 25.
2315 3241 2590 3310 Εὑδόκησε
2622 3238 2715 3292 τοῦ
2749 3238 2943 3301 σῶσαι,
2975 3236 3145 3305 λέγει.

505 3325 600 3380 26.
633 3325 858 3399 Semper
880 3330 1025 3384 enim
1057 3332 1312 3388 homines
1339 3334 1598 3403 respexit.

2189 3333 2280 3387 26.
2320 3332 2430 3384 ’Ae).
2463 3331 2572 3403 γὰρ
2595 3330 2790 3383 ἔϐλεπε
2815 3329 2944 3391 τοὺς
2974 3326 3312 3397 ἀνθρώπους.

508 3415 599 3482 27,
653 3415 744 3471 29.
788 3417 1022 3476 Intuitus
1073 3432 1157 3477 est
1201 3438 1233 3478 e
1273 3423 1412 3478 cmlo
1454 3430 1646 3478 saneto
1694 3437 1796 3478 suo
1837 3421 2018 3475 homi-

2191 3425 2378 3479 27-29.
2419 3423 2662 3476 Ἐπεῑδεν
2695 3424 2758 3474 ἑκ
2803 3420 2896 3474 τοῦ
2941 3419 3169 3489 οὐρανοῦ
3209 3419 3304 3470 τοῦ
3341 3418 3494 3488 ἁγίου
3536 3415 3709 3470 αὑτοῦ

443 3522 574 3560 num
603 3522 808 3577 genus,
849 3517 904 3564 et
939 3509 1020 3566 eis
1053 3513 1311 3570 omnibus
1368 3515 1648 3570 consuluit
1689 3523 1851 3584 atque
1897 3528 1974 3582 pri

2178 3541 2181 3563 ι
2209 3517 2364 3584 γένος
2395 3514 2503 3568 τῶν
2527 3513 2622 3569 ἀνθ
2631 3513 2849 3586 ρώπων,
2876 3513 2972 3566 καὶ
2997 3513 3256 3583 πρόνοιαν
3285 3509 3464 3564 αὐτῶν
3486 3509 3709 3561 πάντων

444 3597 596 3653 vidit.

2122 3607 2438 3676 πεποίηται.
2994 3668 3007 3687 ι

507 3687 597 3743 50.
631 3687 684 3742 In
713 3688 1004 3759 baptismo.

2193 3698 2281 3752 50.
2329 3698 2418 3750 Ἐν
2441 3695 2518 3767 τῷ
2553 3695 2911 3766 βαπτίσματι.

515 3781 604 3835 51.
638 3779 842 3835 Gaudet
871 3790 1133 3850 praeterea
1161 3796 1349 3836 eorum
1376 3782 1652 3850 operibus.

2190 3789 2278 3841 5|.
2308 3787 2503 3858 Χαίρει
2529 3787 2603 3857 (2)
2639 3787 2823 3839 λοιπὸν
2852 3788 2910 3839 ἐν
2941 3787 3051 3848 τοῖς
3079 3783 3262 3856 ἔργοις
3291 3781 3489 3835 αὐτῶν.

514 3870 602 3925 52.
637 3869 695 3924 In
725 3871 813 3926 die
834 3870 1054 3940 judicii.

2194 3879 2282 3932 52.
2328 3879 2416 3931 Ἐν
2445 3882 2511 3948 τῇ
2545 3879 2729 3950 ἡμέρᾳ
2747 3879 2846 3948 τῆς
2891 3878 3143 3948 κρίσεως.

512 3963 600 4017 55.
641 3961 800 4019 Salus
829 3979 858 4017 a
891 3964 1116 4018 Domino
1162 3973 1218 4018 et
1251 3964 1306 4018 in
1347 3963 1601 4034 praesenti
1643 3964 1792 4020 et'in
1841 3963 2024 4021 futuro

2193 3971 2282 4024 55.
2319 3970 2477 4040 Παρὰ
2505 3969 2710 4040 Κυρίου
2740 3971 2773 4040 ἡ
2806 3969 3049 4039 σωτηρία
3077 3968 3171 4020 καὶ
3199 3968 3258 4020 ἐν
3297 3965 3376 4036 τῷ
3419 3964 3510 4018 νῦν
3547 3964 3707 4017 αίῶνι

446 4057 646 4111 sarculo
680 4056 975 4127 unicuique
1005 4057 1184 4112 datur.

2125 4063 2219 4115 καὶ
2246 4064 2302 4114 ἑν
2330 4060 2407 4130 τῷ
2444 4060 2689 4131 μέλλοντι
2727 4060 2942 4130 ἑκάστῳ
2973 4060 3191 4112 δίδοται.

517 4151 606 4204 54.
638 4149 757 4205 Non
783 4158 963 4205 autem
991 4159 1043 4204 ul
1073 4150 1126 4204 in
1146 4151 1398 4221 prmsenti
1420 4167 1618 4222 equum
1644 4152 1870 4220 habens,
1897 4161 2025 4206 tunc

2197 4155 2284 4208 54.
2313 4155 2446 4207 Οὐδὲ
2473 4155 2502 4205 ὁ
2529 4155 2694 4216 ἵππος
2720 4153 2795 4224 (5)
2846 4152 2984 4222 ἔχων
3030 4155 3088 4207 ἐν
3117 4152 3193 4222 τῷ
3230 4151 3325 4204 νῦν
3373 4149 3529 4203 αἰῶνι
3581 4150 3708 4202 τότε

447 4240 646 4311 poterit
668 4240 722 4294 in
755 4255 821 4296 eo
849 4238 1127 4310 aufugere.

2123 4245 2407 4316 δυνήσεται
2445 4246 2502 4297 ἑν
2533 4244 2678 4314 αὐτῷ
2704 4244 2943 4312 φεύγειν.

516 4331 605 4386 55.
636 4329 755 4385 Νοη
775 4330 922 4385 enim
941 4330 1207 4402 cujusque
1229 4331 1468 4401 potentia
1492 4330 1723 4387 salvabit
1742 4347 1866 4386 eum
1891 4340 2022 4386 tem-

2197 4336 2284 4389 55.
2315 4337 2388 4389 Οὐ
2419 4335 2528 4404 γάρ
2556 4338 2588 4406 ἡ
2621 4335 2907 4390 δυναστεία
2939 4334 3167 4387 ἑκάστου
3199 4331 3358 4396 σώζει
3383 4327 3594 4402 [σώσει]
3619 4329 3709 4381 αὐ-

445 4437 576 4494 pore
603 4421 815 4493 judicii.

2056 4404 2101 4458 Β
2127 4429 2216 4479 τὸν
2251 4429 2308 4480 ἐν
2333 4426 2410 4498 τῷ
2446 4404 2624 4498 καιρῷ
2653 4427 2753 4496 τῆς
2779 4426 3031 4498 κρίσεως.

516 4513 607 4580 56,
636 4513 724 4568 57.
763 4513 1067 4568 Delectatur
1098 4509 1244 4564 enim
1277 4508 1617 4580 subjeclione
1641 4519 1693 4564 et
1716 4526 1830 4580 spe,
1858 4527 2022 4581 quam

2193 4516 2282 4583 56,
2311 4519 2400 4572 57.
2445 4517 2668 4588 Ἐρᾶται
2698 4519 2790 4570 ἐπὶ
2818 4520 2884 4588 τῇ
2915 4517 3160 4586 ὑποταγῇ
3188 4514 3282 4569 καί¹
3313 4517 3377 4585 τῇ
3405 4505 3603 4580 ἑλπίδι.
3638 4515 3705 4585 ἣν

445 4609 502 4663 in
530 4623 596 4663 eo
626 4607 850 4662 habent.

2124 4609 2336 4681 ἔχουσιν
2366 4610 2446 4672 είς
2471 4610 2648 4664 αὐτόν.

519 4699 606 4754 58.
637 4698 683 4751 Α
709 4707 886 4751 morte
915 4703 1137 4750 :eterna.

2256 4705 2282 4753 ἱ.
2315 4701 2421 4754 Τοῦ
2453 4702 2672 4755 αἰωνίου
2705 4700 2959 4755 θανάτου.
3775 4765 3787 4776 ⁸

509 4791 598 4846 59.
631 4788 751 4844 Νοη
796 4788 996 4843 famem
1035 4785 1190 4856 panis
1229 4783 1526 4855 signiﬁcat,
1561 4785 1654 4840 sed
1697 4782 1895 4840 famem
1921 4802 2016 4841 au-

2199 4792 2286 4846 59.
2331 4793 2404 4845 Οὐ
2439 4791 2586 4860 λέγει
2612 4792 2768 4863 λιμὸν
2795 4793 2984 4865 ἄρτου,
3019 4790 3155 4845 ἀλλὰ
3177 4791 3333 4861 λιμὸν
3352 4789 3446 4843 τοῦ
3475 4790 3708 4845 ἀκοῦσαι

445 4883 630 4940 diendi
657 4881 886 4937 verbum
921 4879 1155 4936 Domini.

1129 4883 1155 4933 ἱ·
2128 4889 2279 4957 λόγον
2325 4887 2531 4958 Κυρίου
2564 4885 2660 4957 (4).

514 4979 605 5034 40.
635 4977 833 5034 Anima
853 4982 1041 5032 nostra
1061 4982 1340 5045 exspectat
1360 4987 1572 5042 semper
1589 4970 2016 5028 misericordiam

2196 4978 2283 5033 40.
2325 4979 2390 5030 Ἦ
2421 4978 2567 5049 ψυχὴ
2603 4977 2762 5048 ἡμῶν
2789 4977 3074 5049 περιμένει
3113 4977 3341 5031 πάντοτε
3365 4976 3426 5029 τὸ
3456 4977 3589 5047 παρ’
3610 4974 3709 5029 αὐ-

447 5072 515 5127 ab
540 5085 626 5126 eo.

2125 5065 2220 5119 τοῦ
2255 5067 2415 5130 ἕλεος.

508 5161 598 5216 41.
631 5157 900 5227 Quoniam
929 5159 1043 5228 ipse
1068 5172 1283 5226 semper
1309 5171 1456 5212 cura:
1491 5170 1592 5212 nos
1625 5155 1807 5210 habet.

2197 5158 2285 5210 41.
2321 5159 2444 5211 Ὅτι
2477 5157 2638 5220 αὐτὸς
2665 5159 2752 5210 ἀεὶ
2784 5158 3038 5228 φροντίδα
3060 5156 3216 5229 ἡμῶν
3253 5159 3505 5211 ποιεῖται.

517 5255 606 5310 42.
633 5251 980 5307 lnhabitante
1013 5249 1132 5319 ipso
1157 5251 1211 5303 in
1238 5250 1416 5305 nobis.

2197 5248 2288 5302 42.
2314 5249 2797 5320 Κατασκηνοῦντος
2824 5248 2988 5302 αὑτοῦ
3024 5252 3080 5303 ἐν
3111 5251 3263 5322 ἡμῖν.

512 5348 602 5401 45.
635 5344 905 5412 Quoniam
936 5351 1130 5413 potens
1151 5349 1235 5398 est
1258 5341 1466 5397 salvare
1490 5358 1610 5396 nos.

1546 5358 1610 5396 )s.
2200 5341 2288 5394 4-5.
2318 5342 2437 5394 Ὅτι
2463 5341 2684 5394 δύναται
2711 5341 2880 5394 σῶσαι
2911 5343 2941 5412 ή
2953 5343 3077 5412 μᾶς.

1412 5459 1720 5520 Addenda
1757 5465 1818 5519 et
1855 5457 2232 5535 corrigenda
2263 5474 2342 5519 ex
2371 5455 2515 5516 eod.
2548 5455 2750 5518 Vatic.

529 5567 609 5640 (1)
632 5565 870 5640 Τρ-τῷν,
898 5573 1029 5640 ete.,
1069 5561 1236 5640 λέγει.
1266 5561 1330 5619 Ν.
1362 5564 1451 5630 26,
1485 5564 1574 5619 27.
1619 5563 1726 5618 Ἀεὶ
1752 5567 1879 5634 γάρ,
1917 5573 2018 5619 etc.

1131 5582 1236 5633 γει.
1266 5561 1330 5619 Ν.
1362 5564 1451 5630 26,
1485 5564 1574 5619 27.
1619 5563 1726 5618 Ἀεὶ
1752 5567 1879 5634 γάρ,
1917 5573 2018 5619 etc.
2304 5561 2436 5640 (ξύδέ
2477 5561 2659 5640 ϊτὶπον.

459 5631 750 5693 Ν.’28.29.
797 5636 1037 5688 Ἐπείδεν
1069 5631 1154 5689 ἑκ.
1182 5645 1286 5692 etc.
1831 5631 1839 5634 “

1138 5631 1154 5689 ζ
1182 5645 1286 5692 etc.
1831 5631 1839 5634 “
2209 5631 2283 5701 (4)
2318 5632 2487 5700 Λόγον
2517 5631 2669 5685 Θεοῦ.

535 5707 612 5779 (2)
641 5708 833 5778 Χαίρει
869 5706 974 5776 γάρ
995 5745 1008 5771 ,
1041 5716 1145 5761 etc.
