3878 6218
433 323 532 376 771
1279 323 1337 379 S.
1379 322 1747 379 ATHANASII
1782 320 1933 377 OPP.
1974 318 2156 375 PARS
2194 317 2284 374 111.
2324 351 2388 360 -
2422 317 2835 374 ΕΧΕΟΕΤΙΟΑ.
3595 322 3711 377 772

498 438 584 493 15.
614 434 1103 491 Castrame'tabitur
1152 437 1378 507 angelus
1419 439 1635 493 Domini
1670 440 1724 493 in
1776 438 2004 494 circuitu

2183 435 2268 488 15.
2297 432 2647 504 Παρεμϐαλεῖ
2673 432 2899 501 ἄγγελος
2925 432 3132 503 Κυρίου
3162 432 3345 503 κύκλῳ
3370 433 3481 488 τῶν
3506 434 3712 505 φοϐουε

436 524 746 583 timentium
778 542 923 591 eum,
953 536 1005 582 et
1034 526 1226 595 eripiet
1254 543 1370 583 eos.

2162 523 2297 575 ,évwv
2324 523 2505 586 αὐτὸν,
2533 523 2627 575 καὶ
2654 522 2873 593 ῥύσεται
2898 522 3118 587 αὐτούς,

510 617 597 672 14.
630 617 853 672 Gustate
901 626 957 672 et
1003 618 1207 686 videte,
1258 620 1517 689 quoniam
1568 623 1754 679 suavis
1800 630 1885 679 est
1915 621 2004 678 Do

2193 614 2279 669 14.
2312 613 2583 667 Γεύσασοε
2617 613 2710 667 καὶ
2745 612 2903 678 ἴδετε,
2932 615 3015 667 ὅτι
3048 615 3282 685 χρηστὸς
3307 617 3336 668 ὁ
3362 615 3607 686 Κύριος·

442 726 625 763 minus
651 727 665 763 :

513 800 601 853 15.
634 797 833 851 Beatus
861 794 965 862 vir,
991 796 1085 865 qui
1113 807 1294 865 sperat
1324 796 1379 851 in
1406 813 1494 853 eo.

2191 772 2277 826 15.
2313 772 2597 841 Μακάριος
2624 771 2781 842 ἀνὴρ,
2809 770 2869 834 ὃς
2896 770 3104 835 ἐλπίζει
3138 772 3225 824 ἐπ’
3258 773 3464 829 αὐτόν.Ἰ

506 889 595 944 16.
629 888 836 942 Timete
864 887 1182 953 Dominum,
1217 904 1409 944 omnes
1437 890 1609 943 sancti
1636 890 1756 959 ejus
1782 908 1797 945 :

2194 864 2279 917 16.
2302 863 2577 935 Φοϐήθητε
2606 864 2695 915 τὸν
2719 862 2921 933 Κύριον
2947 864 3145 926 πάντες
3165 864 3213 915 οἱ
3245 864 3389 931 ἆγιοι
3420 864 3590 917 αὑτοῦ
3610 880 3628 894 ’

510 981 599 1034 17.
634 980 903 1045 Quoniam
934 994 1041 1031 non
1075 987 1160 1033 est
1197 980 1380 1048 inopia
1406 954 1734 1037 timentibus
1763 996 1918 1036 eum.

2190 956 2275 1009 17.
2292 956 2414 1007 Ὅτι
2431 956 2529 1007 οὐκ
2550 956 2692 1007 ἐστιν
2711 956 2992 1027 ὑστέρημα
3007 959 3118 1018 τοῖς
3135 954 3492 1025 φοϐουμένοις
3510 956 3708 1009 αὐτόν.

2196 1046 2279 1101 18.
2322 1045 2571 1098 Πλούσιοι
2602 1044 2951 1115 ἐπτώχευσαν
2989 1047 3080 1099 καὶ
3107 1046 3397 1099 ἐπείνασαν
3416 1062 3433 1076 ο

2188 1137 2276 1193 19.
2318 1138 2379 1189 Οί
2410 1136 2467 1189 δὲ
2497 1136 2852 1206 ἐκζητοῦντες
2885 1138 2975 1190 τὸν
3009 1137 3211 1211 Κύριον
3253 1138 3354 1191 οὐκ
3390 1136 3712 1206 ἐλαττωθή-

2116 1243 2299 1281 σονται
2335 1225 2533 1287 παντὸς
2561 1225 2785 1293 ἀγαθοῦ.

515 1074 603 1126 18.
638 1072 845 1126 Divites
876 1081 1146 1140 eguerunt
1179 1079 1233 1125 et
1263 1072 1577 1126 esurierunt
1610 1091 1622 1125 :

510 1166 602 1220 19.
639 1164 986 1234 lnquirenles
1015 1174 1199 1219 autem
1238 1162 1530 1217 Dominum
1570 1179 1676 1219 non
1706 1163 2022 1218 minuentur

436 1258 588 1310 omni
624 1258 789 1309 bono.

506 1347 598 1400 20.
633 1345 845 1413 Venite,
876 1346 992 1408 ﬁlii,
1022 1344 1207 1398 audite
1235 1360 1319 1396 me
1346 1362 1359 1397 :

2162 1258 2299 1280 Ινϋαῦ
2341 1258 2531 1287 ΙθαΙϋυδ
2561 1258 2785 1293 Ἆιύυυ-Ιο

2188 1317 2277 1372 20.
2320 1317 2504 1382 Δεῦτε,
2538 1317 2723 1382 τέκνα,
2764 1317 3033 1371 ἀκούσατέ
3074 1335 3210 1389 μουο

2183 1409 2273 1463 21.
2313 1407 2477 1461 Φόϐον
2509 1409 2713 1480 Κυρίου
2746 1410 2941 1476 διδάξω
2976 1411 3137 1479 ὑμᾶς.

2184 1500 2274 1554 22.
2316 1502 2411 1563 Τίς
2444 1504 2589 1553 ἐστιν
2618 1502 2901 1570 ἄνθρωπος
2925 1504 2953 1554 ὁ
2987 1503 3157 1556 Θέλων
3188 1504 3355 1575 ζωὴν,

512 1441 604 1495 21.
643 1439 918 1494 Timorem
960 1439 1172 1492 Domini
1207 1438 1413 1491 docebo
1441 1451 1561 1491 vos.

506 1529 597 1584 22.
633 1528 766 1594 Quis
796 1538 878 1583 est
906 1530 1071 1581 homo
1105 1527 1196 1595 qui
1238 1527 1355 1579 vult
1387 1526 1553 1579 vitam
1575 1567 1591 1593 ,

510 1620 601 1673 25.
638 1592 880 1688 Diligens
910 1619 1028 1672 dies
1058 1592 1243 1671 videre
1269 1618 1486 1670 bonos?
1578 1592 1583 1593 ί

2182 1592 2271 1644 25.
2305 1592 2558 1658 ’Λγαπῶν
2589 1592 2802 1662 ἡμέρας
2836 1592 2963 1646 ἰδεῖν
2994 1593 3205 1661 ἀγαθάς
3230 1610 3244 1659 ἲ

506 1712 598 1765 24.
636 1682 871 1765 Proliibe
899 1710 1143 1778 linguam
1182 1717 1326 1761 tuam
1358 1724 1389 1761 a
1427 1708 1571 1761 malo
1602 1726 1616 1762 :

2185 1682 2273 1736 21.
2316 1683 2528 1736 Παῦσον
2561 1683 2656 1754 τὴν
2686 1683 2935 1751 γλῶσσάν
2966 1703 3059 1738 σου
3092 1686 3203 1738 ἀπὸ
3235 1685 3407 1740 κακοῦ
3432 1705 3445 1717 ·

503 1805 595 1859 25.
631 1803 697 1858 Et
721 1804 865 1857 labia
895 1775 1079 1858 tua—ne
1112 1805 1407 1872 IOquantur
1438 1803 1643 1855 dolum.
1842 1782 1847 1786 ⁵

2183 1775 2272 1829 25.
2316 1776 2425 1827 Καὶ
2457 1776 2608 1847 χείλη
2641 1795 2731 1829 σου
2757 1777 2851 1830 τοῦ
2886 1779 2959 1849 μὴ
2984 1777 3212 1849 λαλῆσαι
3245 1779 3417 1833 δόλον.

506 1893 600 1948 26.
634 1893 853 1948 Diverte
881 1908 911 1947 a
947 1893 1116 1956 malo,
1141 1866 1199 1946 et
1225 1891 1311 1945 fac
1340 1893 1544 1945 bonum
1576 1909 1589 1944 :

2190 1866 2277 1919 26.
2298 1868 2581 1920 Ἔκκλινον
2614 1868 2723 1920 ἀπὸ
2748 1869 2939 1933 κακοῦ,
2971 1870 3066 1923 καὶ
3094 1870 3318 1940 ποίησον
3350 1870 3550 1939 ἀγαθόν
3572 1888 3590 1903 ⁰

507 1987 596 2040 27.
637 1985 855 2056 lnquire
890 2000 1099 2055 pacem,
1132 1993 1184 2038 et
1213 1998 1538 2054 persequere
1568 1998 1708 2037 eam.

2186 1958 2276 2011 27.
2317 1960 2560 2030 Ζήτησον
2589 1961 2830 2032 εἰρήνην,
2862 1963 2956 2016 καὶ
2982 1962 3168 2027 δίωξον
3194 1964 3387 2033 αὑτήν.

504 2075 595 2131 28.
635 2048 792 2129 0an
822 2048 1120 2146 [Quoniam
1155 2048 1322 2144 oc—uli]
1356 2048 1569 2125 Domini
1600 2087 1764 2142 super
1791 2072 2004 2142 justos;

2192 2048 2279 2102 28.
2306 2049 2603 2120 Ὀφοαλμοὶ
2632 2050 2735 2121 [ὅτι
2768 2052 3058 2125 ὀφθαλμοὶ]
3090 2054 3295 2125 Κυρίου
3317 2056 3411 2109 ἐπὶ
3430 2056 3703 2121 δικαίους’

504 2167 595 2221 29.
639 2164 705 2220 Et
736 2181 894 2220 aures
924 2165 1045 2234 ejus
1071 2166 1123 2217 in
1153 2180 1341 2233 preces
1371 2179 1584 2217 eorum.

2186 2138 2275 2194 29.
2317 2141 2426 2193 Καὶ
2457 2136 2570 2195 ὦτα
2598 2142 2760 2196 αὑτοῦ
2790 2146 2869 2207 εἰς
2899 2145 3080 2216 δέησιν
3110 2146 3311 2201 αὐτῶν.

506 2253 597 2307 50.
639 2251 830 2307 Vultus
861 2231 1041 2306 autem
1078 2231 1294 2306 Domini
1338 2267 1501 2321 super
1530 2251 1792 2307 facientes
1824 2253 1966 2307 mala
1993 2271 2004 2315 :

2184 2231 2272 2285 50.
2311 2232 2608 2302 Πρόσωπον
2642 2234 2700 2286 δὲ
2730 2235 2938 2306 Κυρίου
2968 2237 3061 2288 ἐπὶ
3087 2237 3375 2303 ποιοῦντας
3403 2239 3549 2293 κακά
3567 2255 3585 2269 '

506 2348 594 2401 51.
633 2346 702 2401 Ut
722 2348 912 2417 perdat
938 2348 1005 2401 de
1034 2356 1178 2401 terra
1216 2320 1532 2400 memoriam
1566 2363 1779 2400 eorum.

2184 2320 2273 2374 51.
2316 2322 2421 2375 Τοῦ
2446 2324 2723 2396 ὲξολοθρεῦ
2732 2343 2821 2379 σαι
2844 2329 2907 2381 ὲκ
2928 2328 3031 2399 γῆς
3050 2329 3112 2381 τὸ
3129 2330 3468 2399 μνημόσυνον
3488 2330 3696 2386 αὐτῶν.

500 2435 589 2490 52.
621 2412 1008 2525 Clamaverunt
1036 2435 1193 2507 justi,
1225 2446 1278 2491 et
1304 2436 1566 2491 Dominus
1589 2437 1868 2491 exaudivit
1890 2452 2004 2503 eos,

2186 2412 2275 2465 52.
2303 2413 2636 2486 Ἐκέκραξαν
2665 2417 2715 2470 οἱ
2738 2416 2957 2486 δίκαιοι,
2986 2420 3080 2474 καὶ
3102 2420 3132 2473 ὁ
3153 2420 3355 2492 Κύριος
3374 2422 3700 2493 εἰσήκουσεν

2115 2519 2318 2571 αυτων,

1562 2634 1939 2693 ATHANASII
1978 2638 2566 2702 INTERPRETATIO.

498 2746 588 2802 15.
619 2745 692 2802 Ut
722 2762 886 2818 super
918 2748 1095 2805 tribus
1123 2749 1308 2821 pueris
1334 2752 1387 2805 in
1422 2753 1638 2809 camino
1666 2756 1831 2826 ignis.

2186 2766 2273 2821 15.
2328 2767 2416 2831 Ὠς
2436 2768 2529 2822 ἐπὶ
2555 2767 2663 2823 τῶν
2685 2768 2861 2840 τριῶν,
2874 2769 3079 2825 παίδων
3106 2768 3204 2841 τὴν
3230 2768 3306 2841 (1)
3345 2768 3573 2843 κάμινον
3597 2768 3698 2825 τοῦ

508 2920 596 2975 14.
629 2920 940 2977 lmmortale
966 2924 1193 2992 donum,
1219 2924 1372 2980 dicit.

2162 2876 2190 2909 υ
2296 2898 2310 2912 .

2312 2948 2424 3018 Τῆς
2445 2948 2713 3003 ἀθανάτου
2747 2950 2986 3022 δωρεᾶς,
3011 2950 3180 3019 λέγει.

499 3011 588 3064 15.
620 3009 777 3077 Quod
798 3013 941 3065 enim
962 3016 1192 3083 quisque
1215 3016 1283 3069 ab
1306 3032 1371 3072 eo
1391 3027 1573 3088 sperat
1586 3019 1852 3089 obtinere,
1882 3022 2004 3078 illud

2185 3037 2272 3091 15.
2303 3009 2512 3109 Ὃτγάρ
2534 3056 2615 3103 τις
2646 3009 2856 3103 ὲλπίζεί
2889 3009 3223 3111 κομίσασθαι
3253 3038 3330 3111 (2)
3363 3040 3457 3093 ἀπ’
3501 3038 3699 3107 αὑτοῦ,

432 3103 686 3204 θοίξξρίῆξν
708 3113 771 3202 ἐι
797 3103 1033 3203 {mplius
1058 3106 1309 3204 ἤεοίρίθῑ·
1350 3198 1362 3204 _
1395 3198 1404 3204 .
1525 3200 1535 3204 _
2111 3130 2272 3184 τοῦτο
2297 3103 2527 3201 λήψεται
2545 3171 2561 3198 ,
2596 3132 2691 3185 καὶ
2718 3103 3104 3204 περισσότερον
3135 3103 3384 3203 λήψεται.

503 3193 590 3245 16.
620 3191 722 3258 Qui
752 3193 896 3247 enim
922 3196 1096 3249 sancti
1123 3212 1242 3251 esse
1277 3198 1462 3263 vultis,
1500 3200 1688 3255 timete
1716 3216 1869 3256 eum.

2185 3220 2275 3276 16.
2308 3191 2461 3274 "Dom
2493 3191 2640 3291 afro;
2673 3191 2856 3277 Θέλετε
2887 3191 3049 3291 εἷναί,
3082 3191 3335 3295 φοϐείσθε
3361 3228 3545 3282 αὐτόν.

502 3284 590 3335 17.
632 3282 902 3348 Quoniam
955 3285 1163 3340 nullum
1222 3288 1425 3343 bonum
1482 3290 1637 3345 deest
1694 3292 2004 3349 timentibus

2186 3311 2273 3366 17.
2289 3311 2413 3364 Ὀτι
2430 3282 2578 3367 οὐδέν
2595 3314 2797 3378 ἀγαθὸν
2813 3282 3115 3379 λείπει
3132 3316 3486 3387 φοϐουμένοις
3506 3318 3695 3374 αὐτόν.

432 3388 583 3428 eum.

506 3464 593 3518 18.
638 3463 1026 3522 Deﬁcientibus
1050 3468 1273 3535 divitiis,
1312 3470 1367 3523 in
1408 3471 1609 3540 quibus
1634 3482 2009 3541 speraverunt.

429 3553 655 3624 Proprie
684 3566 865 3610 autem
896 3557 1210 3614 Judaeorum
1244 3562 1506 3630 populum
1543 3562 1837 3632 signiﬁcat.

504 3646 592 3699 19.
628 3645 836 3701 Divitiae
868 3650 1013 3704 enim
1041 3666 1230 3705 eorum
1284 3662 1413 3707 sunt
1462 3653 1747 3717 Dominus,
1780 3655 1876 3724 qui
1910 3656 1981 3709 bo

2184 3493 2272 3548 18.
2300 3494 2679 3564 Ἐκλείψαντος
2705 3493 2800 3547 τοῦ
2830 3494 3060 3549 πλούτου
3092 3496 3190 3565 (5),
3225 3498 3310 3565 ἐφ’
3328 3490 3373 3565 ᾧ
3398 3495 3693 3567 ὲπεποίθη·

2116 3600 2233 3638 σαν.
2265 3585 2481 3656 Κυρίως
2508 3586 2584 3653 (4)
2616 3586 2672 3638 δὲ
2696 3585 2787 3640 τὸν
2813 3586 2920 3639 τῶν
2955 3586 3225 3641 Ἰουδαίων
3258 3589 3392 3657 φησὶ
3422 3587 3572 3641 λαόν.

663 3674 836 3748 (ιη-ωας
862 3674 1013 3748 enim
1041 3674 1230 3748 curutu
1284 3674 1413 3748 sunt
1462 3674 1747 3717 uuullllus,
1780 3674 1876 3748 qut
1911 3674 1981 3709 υΟ
2186 3675 2272 3729 19.
2306 3676 2361 3727 ὀ
2389 3674 2496 3745 γὰρ
2526 3674 2752 3737 πλοῦτος
2786 3676 2965 3730 αὐτῶν
2992 3676 3197 3748 Κύριός
3237 3678 3405 3741 ἐστιν,
3434 3680 3463 3731 ὁ
3491 3677 3698 3745 ἀγαθὸς

428 3752 535 3789 nus
569 3747 621 3790 ct
662 3739 978 3796 indeliciens
1012 3750 1130 3810 est,
1179 3743 1235 3797 in
1263 3745 1419 3814 cujus
1450 3761 1615 3800 manu
1643 3747 1827 3800 omnia
1853 3760 2004 3815 sunt;

2162 3768 2204 3820 ti.
2235 3739 2583 3829 ἀνέκλειπτος
2616 3767 2715 3836 (5),
2748 3760 2809 3819 οὗ
2842 3768 2900 3820 ὲν
2928 3771 2993 3839 τῇ
3022 3739 3166 3840 χειρὶ
3200 3768 3272 3823 τά
3297 3739 3478 3825 πάντα
3508 3739 3695 3824 birth;

431 3830 546 3896 ipse
571 3830 715 3882 enim
743 3846 806 3884 ea
835 3830 986 3887 fecit.

2162 3860 2273 3923 ὒτδς
2301 3860 2409 3929 γὰρ
2443 3830 2698 3929 ὲποίηοεν
2726 3859 2886 3912 αὐτά.

500 3918 690 3974 20-25.
730 3920 1058 3980 Desiderans
1088 3935 1289 3981 aeterne
1332 3927 1544 3995 vivere,
1594 3936 1650 3983 et
1677 3928 1795 3984 dies
1836 3928 2004 3984 inter-

2180 3918 2480 4019 2οζ25.’(6)
2518 3918 2599 4001 '0'
2622 3950 2679 4000 ὲν
2721 3949 2985 4020 ἐπιθυμίᾳ
3020 3948 3157 4021 ἔχων
3205 3950 3395 4014 ἀῖδίως
3442 3951 3561 4022 ζῇν,
3596 3950 3697 4006 καὶ

429 4012 719 4111 ωίξιξὶὺίξοδ
758 4030 1010 4111 (ιυῆιῖιςεηε
1041 4018 1244 4071 νίάθτθ·
2113 4040 2207 4103 τὰς
2235 4012 2573 4111 ἡμέρα’ς’τὰς
2601 4012 2989 4110 ἀτελευτήτους
3025 4012 3202 4111 (inniti;
3240 4012 3389 4095 [δεῖν.

502 4102 591 4155 24.
628 4105 674 4155 Α
697 4107 965 4160 convicio.

2176 4102 2417 4178 eum
2444 4125 2730 4197 λοιδορίας.

498 4193 587 4247 25.
628 4192 861 4249 Prohibe
886 4212 915 4249 a
947 4197 1251 4253 mendacio.

2182 4216 2272 4270 25.
2306 4216 2562 4269 Κὼλυσον
2590 4192 2668 4287 (7)
2694 4219 2800 4270 άπὸ
2822 4219 3070 4287 ψεύδους.

498 4284 589 4337 26.
625 4286 707 4339 Ab
741 4288 889 4340 omni
914 4299 1157 4356 peccato.

2183 4306 2273 4359 26.
2294 4306 2425 4358 Ἀπὸ
2452 4273 2632 4377 πάσης
2651 4273 2957 4377 άμαρέίας.

496 4375 588 4428 27.
628 4375 944 4442 Dominum,
970 4393 1019 4433 et
1051 4395 1281 4449 sequere
1310 4395 1455 4435 eum.

2182 4396 2272 4449 27.
2308 4396 2410 4449 Τὸν
2444 4375 2667 4467 Κύριον,
2696 4375 2790 4450 κα).
2818 4398 3099 4451 ἀκολούθει
3129 4400 3298 4470 αύτῷ.

498 4466 600 4532 28,
633 4468 723 4522 29.
761 4468 973 4524 Gaudet
1000 4471 1191 4525 videns
1225 4486 1319 4525 eos
1353 4482 1573 4542 propter
1595 4489 1757 4543 opera
1789 4488 2003 4541 eorum,

2183 4488 2275 4551 28,
2309 4488 2397 4543 29.
2435 4466 2630 4558 Xaipat
2668 4487 2809 4561 ὀρῶν
2849 4490 3045 4552 αὐτοὺς
3082 4490 3173 4543 διὰ
3212 4466 3281 4543 τά
3320 4491 3459 4562 ἔργα
3490 4494 3695 4558 αὐτῶν,

424 4569 478 4614 et
508 4560 807 4615 delectatur
858 4563 1090 4617 audiens
1142 4563 1579 4632 deprecationem
1608 4582 1797 4620 eorum
1824 4608 1838 4633 ,
1866 4582 2004 4637 quo-

2162 4581 2205 4632 xl.
2228 4580 2486 4650 τέρπεται
2517 4582 2733 4634 ἀκούων
2767 4583 2866 4651 τῆς
2891 4584 3127 4652 δεήσεως
3149 4583 3346 4647 αὐτῶν,
3365 4584 3447 4637 ὃτι
3473 4585 3541 4639 τὰ
3563 4587 3695 4658 ἀρε-

426 4652 597 4715 niam,
629 4669 749 4721 qua:
774 4654 969 4722 placita
998 4656 1048 4709 ei
1075 4665 1223 4723 sunt,
1252 4657 1320 4711 ab
1348 4673 1413 4711 eo
1441 4667 1651 4726 petunt.

2162 4671 2215 4723 τὰ.
2242 4670 2389 4740 αὐτῷ
2420 4672 2694 4724 αἰτοῦνται
2730 4676 2859 4743 παρ’
2892 4674 2985 4726 τοῦ
3025 4675 3121 4744 (8).

500 4741 588 4794 50.
628 4740 888 4796 Irascitur
920 4753 1135 4812 autem,
1182 4756 1345 4815 atque
1390 4746 1707 4816 indignatur
1736 4761 1901 4817 super
1926 4745 2004 4802 fa-

461 4832 631 4885 ientes
664 4833 824 4885 mala.

2183 4761 2271 4814 50.
2308 4762 2585 4829 Θυμοῦται
2608 4763 2686 4828 δὲ,
2710 4740 3112 4835 καὶ-ὀργίζεται
3143 4767 3234 4819 ἐπὶ
3256 4769 3380 4832 τοὺς
3403 4770 3698 4834 ποιοῦντας

425 4842 631 4887 olentes
664 4842 824 4887 mala.

2162 4854 2276 4906 ικά.

496 4922 584 4975 51.
612 4922 678 4975 Ει
714 4940 780 4977 ex
812 4924 915 4977 hac
945 4932 1087 4976 terra
1122 4929 1177 4976 et
1200 4916 1404 4976 futura.

2183 4945 2270 4998 51.
2310 4946 2418 4998 Καὶ
2450 4949 2513 4999 ἐκ
2540 4947 2742 5018 ταύτης
2757 4948 2852 5017 τῆς
2888 4950 2989 5019 γῆς
3012 4951 3104 5002 καὶ
3132 4950 3233 5020 τῆς
3263 4950 3587 5023 μελλούσης.

500 5013 588 5068 52.
621 5014 774 5068 Sicut
800 5015 855 5068 in
888 5022 1203 5083 tempestate
1245 5015 1413 5068 maris
1451 5015 1704 5086 discipuli
1745 5018 2004 5075 clamave-

2179 5038 2268 5091 52.
2305 5038 2570 5110 Καθάπερ
2598 5042 2655 5093 ἐν
2696 5013 2774 5111 τῷ
2800 5013 3027 5095 κλύδωνι
3062 5045 3159 5112 τῆς
3190 5013 3469 5115 δαλάσσης
3593 5064 3698 5117 μα-

428 5112 551 5157 runt
580 5112 633 5158 et
669 5119 737 5159 ex
765 5112 914 5159 omni
939 5115 1073 5159 testu
1102 5112 1341 5157 animam
1372 5120 1403 5158 a
1437 5119 1667 5175 corpore
1692 5120 2000 5177 separatam

2162 5131 2290 5198 ιταὶ,
2351 5132 2444 5183 καὶ
2498 5136 2559 5185 εκ
2596 5134 2798 5198 παντὸς
2839 5133 2934 5188 τοῦ
2979 5135 3246 5201 κλύδωνος
3283 5112 3462 5209 ψυχήν
3502 5112 3697 5209 σώμα-

1376 5268 1685 5333 Addenda
1715 5280 1775 5334 et
1811 5278 2187 5356 corrigenda
2228 5302 2307 5345 ex
2341 5285 2482 5346 cod.
2517 5286 2721 5348 Vatic.

496 5408 575 5544 (1)
609 5411 703 5473 Εἰς
732 5411 852 5481 τήν.
1312 5480 1326 5500 ς
1398 5482 1409 5498 ν
1486 5480 1511 5491 _
1594 5482 1616 5501 η
2182 5422 2253 5493 (6)
2277 5423 2337 5477 Ν.
2370 5425 2462 5486 20,
2492 5426 2581 5480 21.
2606 5428 2665 5479 Ol
2692 5428 2973 5498 ἐρχόμενοι
3016 5432 3107 5484 ἐπὶ
3156 5433 3215 5486 τὸ
3242 5432 3573 5505 διδαχθῆναι,
3607 5434 3697 5489 ἔλ-

519 5480 575 5541 2)
605 5480 951 5544 Κομίσασθαι
972 5478 1173 5544 ἀγαθὸν
1200 5496 1310 5544 παρ
1353 5498 1535 5544 aureo,
1562 5502 1704 5541 ουτω
1748 5495 1859 5544 (διο>
2106 5493 2248 5544 θετε.
2282 5494 2376 5544 καὶ
2429 5496 2716 5544 ἀκούσατέ.
2755 5498 2818 5544 N-
2861 5500 2947 5544 92,
2982 5502 3069 5544 ~21
3105 5503 3199 5544 τί.-
3229 5506 3377 5544 ιηφω
3404 5504 3697 5544 avenam”

605 5478 951 5579 Κομίσασίξαι
972 5478 1173 5546 ἀγαθὸν
1200 5480 1326 5549 παρ’
1353 5480 1535 5547 αὑτοῦ,
1562 5482 1704 5541 οὕτω
1748 5495 1859 5552 etc,
2106 5478 2259 5579 ρετεξ,
2282 5494 2376 5579 Xa}
2429 5478 2736 5579 ὸίικούαοιτιέ.ι
3228 5478 3697 5579 {ei}?

498 5550 574 5615 (5)
613 5550 799 5601 Αὐτῶν
833 5550 923 5603 πλ.
1843 5550 1849 5552 ⁷

498 5616 573 5659 Ιλὶ
616 5620 835 5659 Kun/mn
862 5631 909 5659 ρΙ
946 5620 1150 5659 rnlinlm
1185 5621 1375 5659 {ineunt
1414 5622 1466 5659 in
1500 5625 1597 5659 nml

2162 5566 2211 5614 ὲν
2237 5550 2528 5635 ἐπιθυμία,
2565 5578 2668 5619 etc.

2182 5633 2253 5659 1"}\
2296 5635 2396 5659 ιΐμὶ
2432 5636 2499 5659 ρ).
2530 5637 2677 5659 -.-Ῐῖη
2716 5656 2795 5659 ,κν
2885 5640 2896 5657 1

601 5620 835 5709 Ἰξυρίςυς
862 5631 913 5706 ει
946 5620 1153 5709 reliqua
1185 5621 1379 5677 desunt
1414 5622 1467 5677 in
1500 5625 1619 5680 cod.

2180 5633 2253 5709 (7)
2295 5620 2499 5709 nar—1a;
2518 5620 2682 5709 ’χείλη
2710 5656 2801 5693 σου
2831 5640 3091 5702 κώλυσον.

500 5690 574 5755 (3)
601 5688 970 5758 Ἀνεκλειπής,
998 5699 1101 5745 etc.

2179 5688 2251 5773 (8}
2292 5704 2485 5762 Αὐτοῦ.
