3878 6218
468 286 575 339 775
1317 282 1373 337 S.
1414 280 1788 335 ATHANASII
1829 281 1977 336 OPP.
2022 281 2203 336 PARS
2238 281 2327 336 111.
2362 312 2431 323 -—
2463 277 2873 335 EXEGETICA.
3642 278 3751 332 776

540 401 595 453 4.
630 396 859 453 Eﬂ'unde
912 398 1196 463 frameam,
1239 406 1294 452 et
1328 397 1595 453 conclude
1642 400 1907 454 adversus
1950 414 2045 453 eos

2225 397 2516 467 ι.”Εκχεον
2552 394 2848 465 ῥομφαίαν,
2896 391 2990 445 καὶ
3042 390 3365 459 σύγκλεισον
3426 388 3756 456 ἐξεναντίας

467 492 562 560 qui
594 499 996 561 persequuntur
1028 504 1134 543 me.

2157 487 2265 541 τῶν
2289 485 2737 540 καταδιωκόντων
2769 500 2854 553 με.

544 581 596 637 5.
631 582 727 637 Dic
761 583 958 649 animae
989 597 1123 637 meae
1149 602 1160 637 :
1189 580 1348 638 Salus
1379 592 1470 637 tua
1495 597 1596 652 ego
1621 597 1765 638 sum.

2230 580 2283 635 5.
2319 575 2485 631 Εἶπον
2510 579 2576 647 τῇ
2609 576 2754 645 ψυχῇ
2793 592 2894 645 μου
2914 591 2926 603 ·
2958 571 3209 644 Σωτηρία
3241 571 3331 625 σού
3359 572 3475 641 εἰμι
3501 569 3645 638 ἐγώ.

543 672 596 726 6.
637 672 1055 728 Confundantur
1100 682 1154 728 et
1189 681 1543 728 revereantur
1587 680 1895 743 quaerentes
1928 670 2050 726 ani-

2231 672 2285 726 6.
2320 669 2775 741 Αίσχυνθήτωσαν
2809 667 2903 719 καὶ
2924 666 3349 736 ὲντραπήτωσαν
3372 664 3420 716 ot
3450 662 3755 732 ζητοῦντες

472 780 618 819 mam
652 781 849 820 meam.

2157 764 2255 835 τὴν
2279 762 2456 833 ψυχήν
2494 779 2617 832 μου.

542 856 597 911 7.
631 856 962 910 Avertantur
997 865 1296 913 retrorsum
1342 864 1397 911 et
1442 854 1850 911 confundantur
1898 852 2049 924 cogi-

2232 856 2282 907 7.
2316 856 2849 926 Ἀποστραφήτωσαν
2871 857 2952 919 είς
2968 854 3036 908 τὰ
3060 854 3256 921 ὀπίσω,
3286 855 3383 908 καὶ
3413 871 3758 924 καταισχυν-

471 955 651 1001 tantes
679 947 813 1000 mihi
844 948 1009 1003 mala.
1054 939 1061 947 ’

2158 948 2409 1019 θήτωσαν
2439 950 2488 1001 οί
2527 948 2863 1019 λογιζόμενοί
2905 965 2994 1018 μοι
3026 947 3193 1001 κακά.

543 1037 597 1091 8.
639 1037 799 1092 Fiant
826 1046 1090 1107 tanquam
1124 1037 1303 1107 pulvis
1339 1044 1465 1091 ante
1494 1035 1688 1090 faciem
1721 1034 1904 1089 venti:

2226 1039 2279 1093 8.
2299 1039 2691 1111 Γενηθήτωσαν
2721 1039 2853 1092 ὡσεὶ
2869 1039 3027 1110 χνοῦς
3044 1040 3182 1092 κατὰ
3200 1037 3490 1111 πρόσωπον
3506 1038 3724 1109 ἀνέμου
3739 1052 3754 1067 ·

543 1129 595 1182 9.
634 1127 700 1182 Ει
729 1130 953 1199 angelus
988 1129 1206 1183 Domini
1237 1137 1523 1182 coarctans
1549 1142 1664 1181 eos.

2224 1129 2276 1184 9.
2314 1130 2423 1184 Καὶ
2452 1130 2682 1198 ἄγγελος
2716 1130 2922 1200 Κυρίου
2955 1129 3220 1184 ἐκθλίὸων
3249 1129 3447 1193 αὐτούς

541 1218 627 1272 10.
664 1219 786 1274 Fiat
811 1222 898 1274 via
930 1221 1150 1275 illorum
1182 1221 1416 1274 tenebrae
1446 1229 1500 1273 et
1532 1217 1802 1271 lubricum
1833 1234 1847 1270 :

2228 1221 2313 1274 10.
2356 1221 2645 1292 Γενηθήτω
2668 1223 2701 1293 ἡ
2722 1221 2841 1285 όδὸς
2874 1221 3053 1276 αὐτῶν
3091 1223 3283 1287 σκότος
3313 1222 3407 1275 καὶ
3432 1220 3717 1291 ὀλίσθημα
3738 1235 3753 1248 ’

541 1311 630 1366 11.
665 1312 731 1365 Et
759 1314 984 1383 angelus
1023 1313 1240 1367 Domini
1274 1326 1609 1383 persequens
1643 1325 1761 1364 eos.

2227 1310 2315 1363 11.
2356 1311 2466 1363 Καὶ
2497 1311 2727 1379 ἄγγελος
2756 1311 2964 1381 Κυρίου
2998 1310 3351 1365 καταδιώκων
3379 1308 3598 1372 αὐτούς.

543 1402 629 1456 12.
672 1402 942 1469 Quoniam
968 1405 1140 1475 gratis
1160 1405 1572 1460 absconderunt
1600 1402 1736 1455 mihi
1764 1400 2046 1455 interitum

2228 1398 2313 1451 12.
2331 1400 2453 1453 Ὅτι
2470 1400 2679 1471 δωρεὰν
2704 1400 2945 1470 ἔκρυψάν
2970 1418 3059 1472 μοι
3081 1400 3377 1472 διαφθορὰν
3399 1399 3625 1468 παγίδος
3643 1398 3757 1452 αὐ-

470 1491 650 1561 laquei
681 1493 765 1547 sui
793 1511 808 1547 :

751 1493 765 1546 i
793 1511 808 1547 :
2155 1486 2282 1540 τῶν.

547 1585 630 1637 15.
671 1584 1021 1653 Supervaeue
1058 1585 1529 1654 exprobraverunt
1569 1583 1806 1638 animam
1851 1595 2044 1635 meam.

1851 1595 2044 1635 meam.
2228 1579 2317 1632 13.
2356 1578 2549 1648 Μάτην
2576 1578 2857 1633 ώνείδισαν
2890 1579 2985 1650 τὴν
3017 1579 3195 1651 ψυχήν
3228 1596 3351 1650 μου.

539 1673 627 1727 14.
663 1672 854 1727 Veniat
885 1674 961 1727 illi
990 1675 1241 1743 laqueus,
1276 1690 1439 1744 quem
1466 1675 1680 1742 ignorat
1716 1691 1729 1725 :

2227 1671 2314 1724 M.
2345 1671 2573 1724 Ἐλθὲτω
2611 1671 2758 1742 αὐτῷ
2786 1673 2970 1740 παγὶς,
2998 1672 3063 1741 ἢν
3092 1673 3153 1724 οὐ
3181 1670 3438 1740 γινώσκει
3456 1684 3476 1703 ⁸

542 1764 629 1818 15.
666 1764 731 1818 Et
747 1767 943 1834 captio,
975 1782 1138 1835 quam
1155 1767 1458 1831 abscondit,
1488 1764 1857 1836 apprehendat
1876 1777 2037 1818 eum:
2072 1770 2073 1817 ξ

2095 1768 2115 1820 ς
2216 1760 2302 1814 15.
2343 1762 2453 1813 Καὶ
2481 1763 2513 1830 ἡ
2546 1761 2709 1833 θήρα,
2739 1762 2805 1831 ἢν
2838 1760 3062 1831 ἔκρυψε,
3086 1758 3394 1812 ωλλαὸἑτω
3423 1756 3589 1810 αὐτόν
3612 1773 3626 1786 ·

541 1857 626 1908 16.
657 1855 721 1909 Et
746 1856 800 1910 in
827 1857 1077 1926 laqueum
1109 1860 1268 1913 cadat
1300 1860 1355 1913 in
1387 1859 1590 1927 ipsum.

2215 1850 2297 1906 16.
2341 1853 2451 1905 Kal.
2489 1853 2547 1904 ἐν
2574 1855 2640 1923 τῇ
2677 1852 2865 1921 παγίδι
2898 1853 3143 1904 πεσεῖται
3176 1852 3233 1903 ἐν
3270 1851 3428 1920 αὐτῇ.

540 1947 627 1998 17.
657 1945 850 1999 Anima
883 1958 1063 2000 autem
1095 1964 1213 2003 mea
1242 1948 1536 2003 exsultabit
1567 1947 1623 2001 in
1658 1944 1891 1999 Domino
1917 1963 1929 1997 :

2216 1942 2305 1995 ‘17.
2336 1943 2401 1995 Ἡ
2424 1942 2479 1993 δὲ
2511 1942 2655 2012 ψυχή
2688 1959 2787 2012 μου
2824 1941 3215 2009 ἁγαλλιάσεται
3242 1939 3335 1992 ἐπὶ
3358 1938 3436 2009 τῷ
3466 1936 3706 2009 Κυρίῳο

536 2038 622 2090 18.
660 2037 723 2091 Et
750 2039 1103 2094 delectabitur
1129 2056 1291 2110 super
1321 2042 1547 2094 salutari
1585 2055 1710 2095 suo.

2216 2032 2304 2087 18.
2346 2033 2723 2105 Τερφθήσεται
2752 2035 2843 2086 ἐπὶ
2875 2033 2953 2102 τῷ
2985 2032 3239 2103 σωτηρίῳ
3264 2031 3447 2085 αὑτοῦ.

543 2128 629 2181 19.
677 2126 872 2183 Omnia
914 2144 1041 2184 ossa
1083 2146 1205 2185 mea
1250 2130 1746 2196 dicentzDomine,
1788 2126 2037 2191 Domine,

2216 2123 2304 2177 19.
2344 2125 2530 2179 Πάντα
2560 2125 2629 2178 τά
2659 2125 2790 2179 ὀστᾶ
2816 2142 2916 2195 μου
2950 2123 3134 2195 ἐροῦσι
3154 2141 3167 2154 ·
3198 2122 3391 2194 Κύριε,
3427 2121 3624 2193 Κύριε,
3652 2121 3746 2185 τίς

470 2220 593 2290 quis
622 2220 816 2275 similis
856 2221 952 2274 tibi
983 2222 1005 2274 ?

983 2222 1005 2274 ?
2146 2217 2331 2287 ὅμοιός
2364 2234 2445 2269 σοι
2469 2234 2483 2282 ;

541 2309 630 2363 20.
660 2309 909 2381 Eripiens
931 2313 1144 2381 inopem
1174 2312 1240 2365 de
1268 2325 1432 2365 manu
1468 2309 1757 2365 fortiorum
1784 2307 1943 2377 ejus;

2219 2307 2309 2361 20.
2331 2306 2619 2376 Ῥυόμενος
2636 2306 2849 2375 πτωχὸν
2865 2307 2929 2358 ὲκ
2945 2304 3126 2376 χειρὸς
3146 2304 3518 2377 στερεωτέρων
3541 2300 3742 2358 αὑτοῦ·

537 2400 721 2457 21.Ει
787 2417 1021 2474 egenum
1071 2412 1123 2458 et
1183 2418 1479 2474 pauperem
1551 2418 1583 2458 a
1652 2397 2043 2471 diripientibus

2218 2399 2308 2452 21.
2349 2398 2459 2452 Καὶ
2487 2398 2701 2469 πτωχὸν
2738 2398 2829 2451 καὶ
2864 2398 3072 2469 πένητα
3104 2396 3212 2449 ἀπὸ
3252 2395 3361 2449 τῶν
3398 2393 3741 2467 διαρπαζόν-

468 2508 618 2549 eum.

2152 2509 2259 2544 των
2288 2491 2468 2545 αὐτόν.

1585 2664 1964 2721 ATHANASII
2003 2664 2601 2721 INTERPRETATIO.

536 2784 603 2852 4,
634 2783 686 2841 5.
721 2782 791 2839 Et
828 2784 1002 2855 gratia
1050 2783 1287 2854 Spiritus
1327 2784 1501 2840 sancti
1544 2783 1895 2838 circumdans
1926 2783 2048 2837 ani-

2220 2782 2275 2846 4,
2306 2781 2356 2835 5.
2402 2781 2510 2835 Kal.
2552 2784 2616 2850 τῇ
2660 2779 2841 2849 χάριτι
2864 2777 2957 2829 τοῦ
2986 2777 3142 2844 ἁγίου
3172 2775 3246 2847 (1)
3271 2774 3589 2845 Πνεύματος
3634 2791 3737 2826 κυ-

469 2892 617 2930 mam
666 2890 841 2931 meam
867 2914 882 2940 ,
927 2875 1015 2930 dic
1057 2875 1207 2945 ipsi:
1244 2872 1323 2929 Ne
1370 2874 1584 2941 timeas,
1614 2874 1760 2928 salus
1816 2882 1909 2927 tua
1951 2888 2000 2943 eg

2209 2874 2364 2935 .tbaa;
2386 2873 2483 2942 τὴν
2514 2872 2692 2942 ψυχήν
2730 2888 2852 2940 μου,
2884 2871 3011 2924 εἰπὲ
3046 2870 3183 2939 αὐτῇ
3205 2885 3217 2897 ·
3252 2867 3345 2939 Μὴ
3388 2866 3574 2936 φοϐοῦ,
3618 2883 3740 2920 σω-

469 2984 609 3022 sum.
2149 2964 2319 3030 τηρία
2349 2964 2463 3016 σού
2489 2965 2605 3030 εὶμι
2642 2960 2777 3030 ἐγώ.

540 3057 593 3112 6.
631 3059 807 3128 Atque
838 3058 912 3112 ita
948 3057 1165 3113 demum
1196 3057 1589 3126 confundantur
1616 3064 1666 3109 et
1706 3062 2040 3109 revereantur

2219 3054 2274 3108 6.
2307 3056 2417 3107 Καὶ
2450 3054 2592 3107 οὕτω
2623 3054 2808 3106 λοιπὸν
2838 3051 3346 3121 αὶσχυνθήτωσαν
3397 3050 3497 3104 καὶ
3518 3052 3737 3118 ἐντρα-

468 3158 766 3219 potestates
800 3149 1030 3204 inimici.

2074 3136 2115 3193 C
2148 3144 2435 3210 πήτωσαν
2461 3145 2517 3197 al
2551 3145 2806 3214 δυνάμεις
2832 3142 2927 3195 τοῦ
2958 3142 3176 3213 ἐχθροῦ.

543 3240 592 3293 7.
626 3239 890 3295 Similiter
912 3242 1115 3295 eaedem
1151 3248 1466 3309 potestates.

2221 3236 2271 3289 7.
2290 3236 2520 3305 Ὁμοίως
2550 3237 2605 3289 αἱ
2639 3235 2800 3287 αὐτα).
2828 3233 3109 3303 δυνάμεις.

540 3332 592 3385 8.
631 3331 957 3386 Exsufllabit
998 3333 1271 3387 daemones
1312 3347 1381 3385 ex
1421 3331 1585 3386 corde
1634 3345 1755 3385 meo
1806 3328 2047 3398 Spiritus

2221 3327 2273 3381 8.
2292 3326 2618 3396 Ἐκφυσήσει
2649 3326 2773 3387 τοὺς
2795 3323 3050 3395 δαίμονας
3079 3325 3143 3376 ὲκ
3172 3322 3272 3393 τῆς
3296 3320 3519 3382 καρδίας
3544 3337 3651 3389 μου
3674 3320 3743 3373 τὸ

468 3431 693 3475 sanctus
730 3430 876 3475 tuus.

2148 3414 2373 3484 Πνεῦμά
2407 3432 2500 3468 σου
2536 3414 2596 3465 τὸ
2626 3413 2798 3481 ἆγιον.

539 3513 591 3568 9.
624 3512 690 3567 Et
716 3512 1042 3568 illuminatio
1074 3522 1165 3568 tua
1196 3514 1471 3584 expellens
1506 3528 1603 3567 eos
1623 3527 1684 3567 ex
1714 3523 1877 3566 corue
1902 3524 2043 3563 meo.

2216 3505 2270 3560 9.
2307 3505 2415 3557 Kal.
2443 3507 2470 3557 ὁ
2497 3505 2772 3575 φωτισμός
2795 3520 2887 3557 σου
2919 3502 3129 3555 διώκων
3157 3502 3353 3565 αὐτοὺς
3380 3502 3443 3554 ἐκ
3468 3501 3564 3571 τῆς
3592 3518 3745 3573 καρ-

2147 3593 2265 3656 δίας
2296 3611 2418 3663 μου.

520 3684 625 3738 10.
658 3683 855 3755 Inopes
885 3687 1096 3741 consilii
1128 3703 1237 3758 pra:
1266 3689 1461 3743 timore
1493 3690 1805 3744 concidant.

2218 3687 2305 3740 10.
2326 3687 2412 3737 Ἐν
2436 3685 2642 3756 ἀπορίᾳ
2668 3684 2818 3747 ὄντες
2845 3683 2953 3737 ἀπὸ
2981 3680 3073 3735 τοῦ
3095 3681 3261 3752 φόϐου
3284 3681 3361 3752 (Ξ)
3389 3680 3736 3735 πεσέτωσαν.

540 3776 626 3830 11.
659 3776 724 3829 Et
750 3778 922 3847 gratia
952 3787 1043 3832 tua
1070 3777 1426 3848 persequetur
1452 3796 1566 3835 eos.

2216 3776 2302 3828 11.
2338 3775 2447 3826 Kal.
2486 3776 2518 3844 ἡ
2552 3775 2709 3844 χάρις
2740 3791 2832 3826 σου
2866 3772 3044 3836 διώξει
3078 3771 3291 3833 αὐτούς.

540 3869 626 3921 12.
661 3868 797 3923 Cum
834 3871 979 3923 nulla
1007 3885 1092 3925 res
1122 3871 1257 3924 mihi
1283 3882 1430 3927 esset
1470 3889 1596 3927 cum
1626 3874 1778 3943 ipsis,
1814 3876 2046 3933 munda-

2217 3864 2302 3917 12.
2339 3864 2503 3917 Οὐδὲν
2531 3864 2748 3933 ἔχοντός
2771 3880 2869 3933 μου
2895 3863 3031 3933 πρὸς
3052 3862 3250 3924 αὐτοὺς
3270 3859 3473 3929 ἔθηκαν
3489 3857 3583 3920 τὰς
3606 3856 3740 3927 ήδοι-

468 3969 569 4009 nas
598 3957 902 4025 voluptates
932 3957 986 4009 in
1025 3958 1188 4012 corde
1223 3975 1341 4013 meo
1371 3974 1689 4029 posuerunt.

1624 3974 1689 4017 ‘ll.
2144 3956 2238 4019 νὰς
2262 3955 2356 4009 τοῦ
2393 3956 2595 4026 κόσμου
2626 3956 2684 4008 ὲν
2712 3958 2775 4026 τῇ
2808 3955 3003 4027 καρδίᾳ
3037 3971 3155 4024 μου.

541 4047 625 4100 15.
661 4046 1003 4113 Alllixerunt,
1038 4049 1233 4119 inquit,
1271 4052 1513 4106 animam
1538 4069 1736 4108 meam.

2216 4046 2589 4115 15.Ἔθλιψαν,
2616 4045 2786 4114 λέγει,
2820 4046 2918 4117 τὴν
2941 4044 3118 4115 ψυχήν
3149 4062 3275 4115 μου.

540 4140 625 4192 14.
663 4138 851 4195 Veniat
879 4140 1096 4196 diabolo
1134 4143 1250 4198 dies
1271 4144 1487 4214 judicii,
1515 4146 1663 4215 quod
1696 4162 1807 4202 non
1851 4162 2055 4218 exspe-.

2216 4138 2553 4193 14.Ἐλθὲτω
2593 4137 2671 4206 τῷ
2715 4137 2947 4208 διαϐόλῳ
2996 4138 3029 4207 ἡ
3077 4136 3258 4208 ἡμέρα
3306 4136 3404 4205 τῆς
3454 4134 3731 4206 κρίσεως,

463 4238 597 4285 ctat.
1904 4250 1907 4255 λ

1904 4250 1907 4255 λ
2142 4232 2277 4304 ὅπερ
2315 4231 2391 4301 (5)
2431 4231 2491 4282 οὐ
2531 4231 2821 4301 προσδοκᾷ.

537 4321 623 4374 15.
655 4320 721 4376 Ει
747 4337 915 4386 mors,
953 4339 1116 4393 quam
1151 4324 1267 4394 ipse
1294 4324 1521 4379 invenit.

2215 4323 2303 4377 15.
2338 4324 2448 4375 Καὶ
2477 4325 2504 4375 ό
2536 4322 2783 4387 θάνατος,
2815 4323 2873 4377 ὃν
2902 4321 3064 4385 αὐτὸς
3094 4320 3323 4392 ἐφεῦρεν
3352 4321 3450 4389 (4).

542 4414 625 4468 16.
660 4415 726 4467 Et
754 4415 808 4469 in
834 4416 1134 4485 gehennam
1168 4418 1309 4487 ignis
1338 4419 1654 4487 Drojieietur
1684 4420 1738 4474 in
1761 4420 1959 4491 ipsam.

2215 4416 2303 4470 16.
2339 4416 2450 4469 Καὶ
2479 4417 2535 4468 ἐν
2567 4418 2633 4484 τῇ
2669 4416 2858 4486 γεέννῃ
2892 4415 2982 4468 τοῦ
3019 4415 3185 4486 πυρὸς
3216 4413 3545 4484 βληθήσεται
3570 4410 3646 4482 (5)
3668 4412 3730 4464 ὲν

2071 4496 2119 4553 Ῑ)
2142 4505 2305 4559 αὐτῆ.

540 4573 627 4629 17.
653 4573 919 4629 Gaudebit
944 4576 998 4629 in
1023 4575 1254 4632 Domino
1290 4577 1343 4632 in
1369 4586 1654 4634 mternum.

2071 4508 2119 4553 υ
2142 4508 2305 4575 αὐτῇ.

2213 4595 2300 4649 17.
2334 4595 2648 4664 Χαρήσεται
2680 4595 2772 4647 ἐπὶ
2804 4595 2880 4663 τῷ
2902 4596 3089 4665 Κυρίῳ
3115 4594 3316 4657 ἀϊδίως.

536 4666 622 4720 18.
653 4665 710 4720 1η
737 4668 959 4737 judiciis
984 4669 1122 4738 ejus.

2215 4685 2300 4737 18.
2320 4686 2407 4736 Ἐν
2436 4689 2548 4749 τοῖς
2582 4685 2944 4757 δικαιώμασιν
2981 4685 3165 4739 αὑτοῦ.

538 4758 625 4810 19.
657 4757 847 4812 Omnis
875 4761 1045 4814 virtus
1074 4777 1213 4825 mea,
1244 4762 1437 4832 inquit.

2210 4775 2297 4829 19.
2336 4776 2552 4845 Πᾶσαή
2587 4776 2737 4845 ἰσχύς
2768 4794 2891 4847 μου,
2926 4776 3092 4844 λέγει.

534 4846 626 4901 20.
659 4846 926 4938 Humilem
947 4852 1132 4917 corde,
1162 4854 1359 4924 inquit,
1393 4853 1629 4923 eripiens
1674 4867 1704 4907 a
1745 4855 2028 4924 spiritibus

2205 4865 2293 4918 20.
2331 4865 2433 4917 Τὸν
2461 4866 2671 4935 πτωχὸν
2711 4869 2776 4937 τῇ
2828 4867 3041 4938 καρδίᾳ,
3069 4868 3304 4936 διαλέγει
3331 4865 3428 4938 (6),
3464 4866 3726 4937 ῥυόμενος

464 4936 783 4991 immundis.

2141 4956 2246 5010 ὶπὸ
2271 4954 2379 5008 τῶν
2409 4957 2734 5027 ἀκαθάρτων
2768 4936 3115 5029 πνευμάτων.

537 5030 624 5084 2|.
657 5031 737 5084 Ab
766 5031 1001 5088 inimicis
1023 5033 1325 5091 visibilibus
1355 5046 1408 5092 et
1440 5037 1801 5095 invisibilibus
1828 5042 2025 5099 liberat

2203 5048 2293 5101 21.
2312 5049 2406 5099 Ἐκ
2433 5047 2542 5100 τῶν
2574 5048 2783 5119 ὁρατῶν
2811 5050 2906 5103 καὶ
2931 5049 3175 5121 ἀοράτων
3196 5048 3406 5120 ἐχθρῶν
3428 5051 3620 5120 ῥύεται
3646 5048 3723 5119 (Τ)

455 5134 585 5186 eos,
604 5127 657 5175 et
677 5124 729 5175 in
760 5122 1031 5191 prresenti,
1060 5133 1112 5179 et
1146 5125 1199 5179 in
1226 5124 1409 5181 futuro
1444 5129 1665 5182 saeculo.

2137 5138 2353 5202 αὐτοὺς,
2386 5139 2480 5191 καὶ
2508 5139 2566 5192 ὲν
2595 5138 2672 5209 τῷ
2702 5140 2819 5206 νῦν,
2850 5141 2943 5194 καὶ
2965 5141 3023 5195 ἐν
3044 5141 3121 5213 τῷ
3150 5140 3400 5213 μέλλοντι
3431 5139 3609 5195 αἰῶνι.

1409 5304 1717 5372 Addenda
1747 5315 1807 5371 et
1850 5311 2229 5393 corrigenda
2265 5340 2344 5386 ex
2377 5328 2518 5388 cod.
2553 5324 2753 5386 Vatic.

557 5462 604 5533 1)
628 5463 808 5531 Ἀγίου
833 5482 948 5521 σου.

622 5534 811 5623 ἐξόδου
840 5552 955 5588 σου.

2209 5488 2284 5559 (5)
2323 5490 2718 5562 Βληθήσονται.)

2208 5560 2284 5623 (6)
2323 5561 2502 5617 Λέγει.

550 5603 604 5701 ‘22
622 5604 798 5701 ’ξὲξῗοπ
1864 5666 1872 5675 .
2208 5602 2285 5701 Z7}
2309 5602 2575 5687 eoat...

529 5673 604 5733 (4)
632 5673 917 5743 Ἐερηῦρεν.
