3878 6218
195 312 302 364 777
1064 305 1176 370 "DE
1210 315 1487 373 TlTULlS
1525 314 1975 374 PSALMORUM.
2010 346 2079 355 —
2119 314 2315 374 PSAL.
2358 315 2594 373 XXXIV.
3370 320 3472 379 778

266 424 360 478 22.
390 423 749 489 Ἀναστάντες
774 444 863 497 μοι
894 429 1170 503 μάρτυρες
1190 431 1390 498 ἄδικοι,
1417 432 1453 486 ἃ
1474 433 1576 486 οὐκ
1598 432 1789 500 ἐγίνω-

1961 429 2053 483 22.
2091 429 2388 500 surgentes
2418 430 2554 484 mihi
2582 438 2750 486 testes
2770 429 2964 502 iniqui,
2984 445 3108 501 quae
3131 430 3472 505 ignorabam,

196 530 352 575 σκον,
384 512 614 583 ἠρώτων
658 532 724 585 με
749 532 761 545 ·

1898 521 2308 590 interrogabant
2341 537 2428 576 me
2456 540 2468 575 :

267 605 358 658 25.
391 606 835 661 Ἀνταπεδίδοσάν
871 627 961 679 μοι
994 611 1208 683 πονηρὰ
1236 613 1357 666 ἀντὶ
1382 613 1622 681 ἀγαθῶν·

1968 612 2059 667 25.
2086 612 2477 667 Retribuebant
2507 612 2642 667 mihi
2667 612 2804 666 mala
2835 627 2935 682 pro
2965 613 3125 671 bonis
3152 634 3167 682 ;

268 697 361 749 24.
402 698 513 749 Καὶ
542 699 802 754 ἀτεκνίαν
829 704 894 771 τῇ
924 701 1069 772 ψυχῇ
1103 719 1227 770 μου.

1968 706 2058 759 24.
2101 704 2166 759 Et
2196 706 2536 761 sterilitatem
2570 706 2767 760 anima:
2791 722 2945 761 mea.

268 790 362 843 25.
398 789 538 857 Ἐγὼ
572 790 629 842 δέ
659 792 720 845 ἐν
750 792 830 862 τῷ
851 794 1049 856 αὐτοὺς
1073 792 1426 865 παρενοχλεῖν
1449 812 1560 866 μοι,
1583 795 1793 849 ἐνεδυό-ι

1970 796 2060 850 25.
2092 796 2204 866 Ego
2243 806 2449 861 autem,
2492 813 2618 852 cum
2670 799 2775 867 ipsi
2822 798 3039 854 molesti
3086 810 3274 856 essent
3322 802 3479 872 mihi,

197 899 309 953 μην
347 882 552 937 σάκκον
574 898 587 911 ⁶

1898 882 2165 942 induebar
2194 884 2371 940 cilicio
2404 905 2418 939 :
3362 901 3364 903 ‘

263 975 357 1028 26.
399 974 508 1028 Καὶ
535 975 855 1029 ἐταπείνουν
884 978 943 1030 ἐν
970 977 1195 1047 νηστείᾳ
1216 977 1314 1049 τὴν
1337 978 1517 1049 ψυχήν
1547 996 1648 1048 μου
1669 996 1682 1009 ·

1971 974 2061 1029 26.
2099 977 2165 1029 Et
2188 976 2542 1033 humiliabam
2568 979 2622 1032 in
2650 980 2863 1049 jejunio
2885 983 3125 1038 animam
3152 1000 3331 1040 meam
3357 1005 3372 1043 :

267 1064 363 1117 27.
403 1067 513 1118 Kal.
544 1067 578 1136 ἡ
614 1068 888 1139 προσευχή
923 1085 1025 1139 μου
1060 1070 1141 1132 είς
1170 1070 1369 1125 κόλπον
1397 1088 1500 1141 μου
1520 1072 1796 1141 ἀποστρα-

1788 1100 1796 1109 -
1967 1066 2055 1120 27.
2083 1065 2150 1121 Et
2173 1068 2350 1122 oratio
2377 1084 2498 1124 mea
2527 1070 2585 1124 in
2624 1071 2746 1126 sinu
2782 1088 2908 1128 meo
2947 1084 3319 1134 convcrtetur.

194 1158 461 1227 φήσεται.

269 1249 361 1303 28.
395 1250 482 1313 Ὡς
513 1250 761 1321 πλησίον,
794 1253 871 1316 ὡς
915 1253 1128 1324 ἀδελφῷ
1164 1254 1440 1327 ἡμετέρῳ,
1482 1254 1657 1319 οὕτως
1694 1256 1793 1325 (εὐ-

1973 1254 2061 1308 28.
2099 1254 2268 1321 Quasi
2286 1257 2561 1326 proximo,
2596 1261 2753 1330 quasi
2785 1260 2942 1318 fratri
2971 1276 3185 1336 nostro,
3216 1270 3301 1326 sic
3326 1285 3479 1327 com-

193 1340 486 1413 ηρέστουψ

1903 1346 2183 1416 placebam
2212 1368 2225 1403 :

270 1431 364 1485 29.
394 1432 481 1495 Ὡς
514 1433 727 1488 πενθῶν
755 1435 867 1491 ’καὶ
920 1438 1333 1508 σκυθρωπάζων
1369 1439 1542 1504 οὕτως
1581 1444 1798 1495 ἐταπει-

1973 1438 2062 1493 29.
2086 1438 2257 1509 Quasi
2284 1440 2477 1511 lugens
2503 1453 2557 1498 et
2583 1447 2966 1515 contristatus,
3005 1450 3090 1505 sic
3132 1453 3482 1513 humiliabar.

196 1522 295 1577 νού
305 1540 415 1593 μην
423 1565 436 1577 .

271 1615 366 1670 50.
409 1616 520 1669 Καὶ
548 1618 670 1671 κατ’
703 1618 838 1689 ἐμοῦ
869 1621 1276 1694 εὐφράνθησαν,
1311 1626 1406 1677 καὶ
1428 1626 1792 1697 συνήχθησαν·

1979 1624 2065 1679 50.
2099 1625 2167 1680 Et
2194 1628 2485 1686 adversum
2514 1650 2600 1690 me
2627 1637 2790 1692 laetati
2814 1654 2963 1706 sunt,
3000 1653 3054 1698 et
3076 1660 3485 1706 convenerunt:

271 1706 364 1760 51.
410 1707 761 1781 Συνήχθησαν
788 1713 874 1764 ἐπ’
895 1714 997 1783 ἐμὲ
1026 1714 1310 1784 μάστιγες,
1348 1719 1442 1771 καὶ
1474 1719 1576 1772 οὐκ
1602 1719 1794 1789 ἔγνων.

1974 1714 2062 1817 51.
2099 1716 2442 1791 Congregata
2478 1735 2609 1780 sunt
2650 1742 2816 1798 super
2849 1748 2939 1787 me
2973 1733 3207 1805 ﬂagella,
3240 1749 3295 1794 et
3333 1742 3484 1811 igno-

1953 1822 2035 1854 ινι-

1899 1820 2035 1861 ravr.

278 1885 371 1941 52.
414 1888 829 1961 Διεσχίσθησαν,
866 1893 960 1945 καὶ
990 1893 1051 1945 οὐ
1088 1895 1503 1968 κατενύγησαν*

1976 1899 2064 1953 52.
2095 1899 2352 1973 Dissipati
2384 1916 2533 1974 sunt,
2560 1924 2662 1965 nec
2691 1918 3004 1983 compuncti
3039 1937 3053 1974 :

268 1977 360 2032 55.
394 1979 723 2050 Ἐπείρασάν
742 2000 831 2053 με,
849 1983 1290 2058 ἐξεμυκτήρισάν
1315 2006 1383 2059 με
1405 1992 1799 2063 μυκτηρισμῷ.

1976 1989 2065 2043 55.
2096 1989 2467 2050 Tentaverunt
2500 2012 2608 2065 me,
2638 2000 3115 2062 subsannaverunt
3145 2025 3231 2065 me
3263 2013 3485 2073 subsan-

1905 2082 2146 2138 natione.

274 2156 368 2210 54.
387 2156 660 2228 Ἔὸρυξαν
689 2160 776 2212 ἐπ’
812 2160 913 2232 ἐμὲ
940 2162 1069 2227 τοὺς
1095 2163 1315 2230 ὀδόντας
1348 2166 1547 2220 αὐτῶν.

1971 2172 2062 2227 54.
2092 2174 2471 2237 Frenduerunt
2503 2199 2666 2255 super
2694 2203 2781 2243 me
2815 2191 3071 2250 dentibus
3098 2198 3236 2253 suis.

278 2245 370 2299 55.
413 2247 609 2318 Κύριε,
646 2249 777 2303 πότε
806 2250 1021 2323 meum

1434 2348 1442 2349 ί
1504 2348 1511 2349 7
1604 2348 1623 2349 ﬂ
1975 2263 2063 2318 55.
2100 2265 2351 2336 Domine,
2384 2245 2606 2343 quando
2639 2280 2899 2349 respicies
2928 2245 2953 2336 ί

277 2330 371 2387 56.
399 2334 876 2410 Ἀποκατάστησον
925 2341 1023 2412 τὴν
1067 2342 1247 2417 ψυχήν
1283 2363 1385 2417 μου
1422 2348 1529 2402 ἀπὸ
1563 2348 1665 2419 τῆς
1701 2367 1802 2403 κα-

1974 2354 2061 2408 56.
2098 2355 2346 2418 Restitue
2400 2367 2636 2422 animam
2689 2386 2865 2426 meam
2917 2390 2946 2429 a
3000 2379 3336 2450 malignitate
3391 2398 3483 2439 eo-

202 2426 472 2497 κουργίας
506 2429 689 2484 αὐτῶν
710 2448 724 2462 ⁸

534 2429 689 2484 εὐτῶν
710 2448 724 2462 ο
1902 2460 2022 2498 rum
2053 2466 2065 2501 :

1329 2594 1707 2653 ATHANASII
1750 2588 2345 2664 lNTEliPRETATlO.

274 2745 373 2799 22.
390 2745 745 2810 Ἀναστάντες
793 2747 1045 2819 λογισμοὶ
1090 2751 1148 2802 ἐν
1192 2753 1260 2821 τῇ
1311 2753 1512 2823 καρδίᾳ
1546 2770 1668 2824 μου,
1705 2753 1805 2817 τὰς

1980 2759 2069 2814 22.
2098 2760 2399 2834 Surgentes
2438 2772 2797 2843 cogitationes
2844 2781 2896 2834 in
2940 2784 3104 2839 corde
3146 2803 3286 2855 meo,
3334 2794 3485 2849 volu-

207 2835 402 2906 ἡδονὰς
430 2836 524 2889 τοῦ
556 2837 695 2907 βίου,
723 2837 790 2902 ἃς
818 2840 916 2893 οὐκ
946 2840 1156 2911 ἤθελον,
1193 2842 1445 2896 ἐνέϐαλόν
1476 2862 1587 2914 μοι.

1912 2860 2088 2920 ptates
2110 2854 2252 2920 vitae,
2288 2874 2426 2927 quas
2452 2864 2726 2933 nolebam,
2762 2869 3067 2939 injecerunt
3089 2878 3243 2934 mihi.

272 2930 369 2993 25,
403 2930 492 2983 24.
539 2928 653 2983 Καὶ
697 2931 759 2984 τὸ
810 2933 1018 3005 σπαρέν
1052 2951 1141 3023 μοί
1173 2934 1327 3006 παρὰ
1367 2936 1461 2989 τοῦ
1492 2938 1699 3007 Κυρίου
1727 2941 1802 3011 (1)

274 3020 514 3047 ιηεηημ.
610 3022 675 3047 -.1.
726 3023 777 3047 υ
826 3024 1029 3047 1__.__~___
1077 3026 1327 3047 .t___m-_.
1567 3029 1633 3047 η..
1784 3034 1796 3047 .

1979 2942 2071 3046 25,
2105 2944 2193 2998 24.
2227 2946 2384 3012 Quod
2416 2962 2534 3008 erat
2570 2956 2623 3009 in
2658 2928 2745 3012 me
2782 2928 2964 3017 satum
2994 2980 3023 3019 a
3058 2928 3316 3041 Domino,
3354 2991 3485 3047 sup-

204 3020 536 3090 ἐλάμϐανον,
608 3022 677 3075 τὰ
723 3023 779 3076 δέ
823 3024 1029 3078 ἑαυτῶν
1076 3013 1363 3083 ὑπετίθουν
1420 3046 1521 3098 μου
1563 3029 1658 3101 (2),
1712 3050 1735 3084 :1

1953 3035 2105 3091 ositis
2148 3039 2283 3094 mihi
2324 3043 2460 3111 suis,
2503 3047 2866 3120 abstulerunt,
2914 3014 3322 3136 effeceruntque
3364 3013 3484 3125 θυῖον

205 3115 453 3184 ἄκαρπον
482 3114 701 3167 ἐποίουν
724 3115 822 3185 τὴν
846 3115 1024 3186 ψυχήν
1058 3134 1183 3186 μου.

1179 3159 1183 3171 ,
1831 3114 1873 3136 ν
1909 3139 2054 3179 mam
2086 3144 2262 3184 meam
2293 3133 2710 3194 infructiferam.

277 3206 371 3269 25,
406 3206 497 3259 26.
533 3205 676 3273 Ἐγὼ
714 3206 794 3271 δέ,
832 3209 889 3259 ἐν
920 3207 997 3279 τῷ
1031 3210 1157 3272 τοὺς
1192 3210 1476 3281 ἀκάρπους
1507 3211 1798 3284 λογισμους

1979 3217 2072 3280 25.
2100 3219 2188 3275 26.
2216 3221 2330 3293 Ego
2372 3236 2577 3296 autem,
2612 3247 2737 3287 cum
2783 3238 2995 3292 steriles
3044 3243 3403 3312 cogitationes
3431 3248 3485 3302 in

208 3296 271 3366 τῇ
325 3295 524 3366 καρδίᾳ
578 3313 677 3365 μου
728 3296 1008 3365 ἐπιμένειν
1063 3297 1161 3369 (5),
1212 3298 1473 3352 ἐπένθουν
1524 3301 1667 3370 μετὰ
1709 3301 1738 3354 δ

1960 3313 2070 3368 πάθ
2104 3331 2225 3371 meo
2248 3334 2655 3391 permanerent,
2693 3328 2945 3398 lugebam
2978 3348 3101 3387 cum
3142 3336 3398 3409 lacrymis
3436 3352 3491 3397 et

205 3386 394 3458 κρύων
439 3387 535 3439 καὶ
589 3388 855 3458 νηστειῶν
904 3389 1361 3461 προσευχόμενος,
1390 3391 1443 3444 εἴ
1468 3409 1584 3455 πως
1611 3394 1640 3444 ὁ
1670 3393 1736 3446 Θε

211 3494 311 3498 --.η
333 3478 574 3498 ᾲῌΛΑΙ,η-
610 3478 722 3498 1\_,l
749 3496 792 3498 -κ
866 3496 921 3498 ,,_

2258 3386 2261 3387 ,
2643 3386 2652 3391 -
2753 3386 2782 3398 υ
3092 3386 3099 3387 ί
3144 3386 3397 3409 ""J"""
3438 3386 3489 3397 ν·

1958 3408 2132 3477 juniis
2160 3428 2348 3483 orans,
2369 3418 2414 3471 si
2446 3422 2667 3488 quando
2709 3422 2852 3480 Deus
2887 3431 3229 3498 compatiens
3257 3436 3489 3493 misere-

205 3478 577 3548 συμπαθήσας
607 3478 821 3549 ἐλεήσει
860 3496 949 3549 με.

1908 3510 2059 3556 retur
2084 3506 2210 3558 mei.
2653 3515 2657 3520 ‘

279 3570 371 3623 27.
408 3572 519 3623 Καὶ
563 3573 595 3641 ἡ
645 3572 861 3643 αἵτησίς
897 3590 999 3643 μου
1028 3574 1448 3630 είσακουσθεῖσα
1476 3578 1695 3648 ποιήσει
1732 3595 1800 3649 με

279 3664 495 3689 πει-ευρ..
526 3665 660 3689 K--...
701 3665 1006 3689 r---.._-_.'_..-_
1028 3685 1045 3689 _

1977 3594 2065 3648 27.
2101 3595 2169 3649 Et
2199 3597 2387 3665 petitio
2427 3615 2547 3655 mea
2588 3605 2841 3661 exaudita
2890 3608 3055 3665 faciet
3090 3628 3177 3667 me
3206 3618 3493 3689 concipere

204 3664 495 3719 συλλαϐεῖν
524 3665 663 3733 ἔργα
697 3665 1065 3737 δικαιοσύνης.

820 3665 1065 3737 ιοσύνης.
1909 3700 2074 3755 opera
2099 3686 2351 3755 iustitia}.

278 3756 372 3819 28,
403 3756 492 3811 29.
528 3757 618 3821 Ὠς
658 3757 781 3810 τινὰ
830 3757 937 3812 τῶν
982 3758 1153 3826 φίλων
1187 3776 1309 3829 μου,
1341 3759 1373 3829 ἢ
1408 3758 1516 3811 τῶν
1555 3758 1805 3828 ἀδελφῶν

1957 3776 2068 3841 '28,
2097 3776 2186 3830 29.
2221 3776 2397 3832 Veluti
2446 3778 2681 3849 aliquem
2725 3797 2793 3836 ex
2845 3786 3037 3844 amicis
3084 3794 3256 3862 meis,
3303 3797 3390 3851 vel
3420 3813 3488 3853 ex

205 3866 310 3919 μου
345 3848 581 3914 πενθῶν,
616 3848 790 3913 οὕτως
816 3850 1054 3919 ἐμαυτὸν
1090 3851 1349 3904 ἐπένθουν
1377 3851 1466 3903 διὰ
1494 3852 1592 3922 τὴν
1619 3854 1734 3904 οίκο

1960 3867 2171 3921 atribus
2198 3869 2333 3923 meis
2367 3848 2611 3939 plorans,
2642 3872 2715 3926 ita
2758 3889 2847 3928 me
2876 3879 3222 3945 deplorabam
3243 3848 3490 3955 'propter

204 3957 309 3993 σαν
358 3940 433 4009 (4)
483 3941 539 3993 ἐν
586 3941 710 4010 ἐμοὶ
777 3941 1073 4011 ἁμαρτίαν,
1104 3942 1198 3994 καὶ
1240 3942 1413 4003 οὕτως
1443 3943 1531 3994 διὰ
1567 3943 1676 3994 τῶν
1707 3943 1735 3993 δ

1959 3956 2222 4011 [habitans
2261 3959 2318 4010 in
2364 3972 2451 4012 me
2490 3970 2798 4028 peccatum,
2834 3974 2885 4018 et
2928 3968 3002 4021 ita
3049 3940 3305 4043 lacrymis
3352 3940 3490 4034 meis

205 4034 395 4104 κρύων
421 4050 521 4103 μου
552 4033 900 4104 εὐηρέστουν.

803 4051 900 4086 ων.
1907 4048 2334 4116 cornplacebam.

278 4124 373 4179 50.
392 4126 620 4177 Ἐκεῖνοι
656 4125 733 4189 δὲ,
769 4126 845 4188 ὡς
875 4121 1013 4178 εἶδόν
1042 4143 1109 4195 με
1140 4125 1461 4190 πενθοῦντα,
1506 4126 1803 4196 συναχθένο

1977 4132 2065 4188 50.
2096 4134 2175 4188 llli
2219 4146 2399 4191 autem
2448 4148 2508 4193 ut
2546 4155 2632 4195 me
2668 4153 2969 4212 gementem
3011 4150 3284 4221 viderunt,
3322 4157 3486 4213 simul

204 4235 296 4282 τες
312 4218 696 4289 εὐφραίνονται
714 4217 1148 4290 [εὐφράνθησαν]
1173 4220 1249 4290 (5)
1282 4220 1375 4271 ἐπὶ
1389 4222 1453 4289 τῇ
1476 4219 1651 4288 θλίψει
1672 4237 1735 4289 μο

1672 4237 1795 4289 μου.
1908 4229 2221 4297 congregati
2257 4230 2417 4284 laetati
2442 4242 2569 4287 sunt
2594 4234 2650 4288 in
2680 4235 3035 4295 tribulatione
3058 4259 3199 4299 mea.

278 4312 369 4364 51.
421 4310 805 4380 Συναχθέντων
856 4311 1036 4363 αὐτῶν
1088 4310 1174 4363 ἐπ’
1205 4312 1306 4382 ἐμὲ
1333 4350 1349 4375 ,
1395 4312 1571 4364 οὐδενὶ
1619 4311 1800 4365 αὐτῶν

1977 4320 2066 4375 51.
2102 4320 2460 4394 Congregatis
2490 4325 2624 4390 ipsis
2667 4328 2723 4382 in
2758 4344 2865 4397 me,
2901 4334 3036 4387 nulli
3068 4351 3261 4392 eorum
3307 4342 3488 4397 adhae-

205 4400 552 4472 ἐκολλώμην.
1527 4480 1530 4482 γ

1527 4480 1530 4482 γ
1832 4437 1876 4491 D
1907 4412 2112 4464 rebam.

275 4495 370 4549 52.
410 4495 745 4550 Ἀπέκοπτον
795 4497 995 4560 αὐτοὺς
1049 4499 1114 4550 ἐκ
1146 4498 1244 4569 τῆς
1278 4498 1507 4568 καρδίας
1549 4515 1650 4568 μου
1700 4496 1798 4569 (6),

1976 4502 2063 4557 52.
2096 4502 2496 4558 Abscindebam
2532 4520 2628 4562 eos
2651 4522 2715 4562 ex
2749 4511 2915 4566 corde
2951 4528 3098 4583 meo,
3122 4529 3177 4570 et
3203 4525 3275 4571 ita
3306 4524 3487 4576 neuti-

207 4589 304 4641 καὶ
336 4587 492 4640 οὐδὲν
525 4588 698 4652 οὕτως
728 4588 1019 4641 ἐπαύοντο.

949 4606 1019 4641 co.
1905 4608 2070 4663 quam
2106 4595 2480 4662 quiescebant.

279 4676 711 4748 55.Ὲπείραξόν
743 4694 810 4749 με
837 4676 933 4747 (Ἰ),
979 4677 1076 4730 καὶ
1113 4676 1443 4741 κατέπαιζον
1490 4678 1590 4747 τῆς
1634 4677 1796 4732 ἀσθε-

1975 4686 2063 4740 55.
2109 4686 2416 4742 Tentabant
2476 4704 2585 4757 me,
2644 4700 2698 4746 et
2756 4692 3057 4753 irridebant
3110 4698 3484 4763 inﬁrmitatem

205 4786 265 4823 νε
274 4786 359 4833 ιας
401 4786 526 4840 μου.

1906 4795 2105 4834 meam.

279 4861 372 4925 54,
392 4860 480 4915 55.
497 4859 800 4932 Βρόχοντες
816 4859 918 4914 ἀπ’
945 4860 1094 4930 ἐμοῦ
1123 4860 1235 4933 [ἐπ’
1250 4858 1372 4932 ἐμὲ]
1393 4859 1468 4931 (8)
1481 4859 1621 4926 τοὺς
1632 4860 1801 4967 ἀδραν-

1978 4869 2068 4936 54,
2099 4869 2187 4924 55.
2222 4871 2569 4929 Frendebant
2612 4893 2770 4947 super
2809 4899 2891 4937 me
2924 4884 3168 4942 dentibus
3209 4892 3342 4961 suis,
3387 4911 3488 4967 ego

204 4969 317 5017 τας
345 4950 579 5005 αὐτῶνο
634 4950 747 5019 ἐγὼ
791 4950 847 5003 δὲ
889 4951 1109 5020 ἔλεγον·
1144 4952 1321 5020 Κύριε
1365 4950 1465 5022 (9),
1512 4951 1656 5004 πότε
1695 4950 1735 5003 ὲ;

1721 4966 1801 5002 ππ·
1911 4968 2092 5017 autem
2124 4961 2368 5017 dicebam
2404 4983 2417 5018 :
2444 4964 2683 5034 Domine,
2725 4975 2934 5040 quando
2956 4981 3197 5048 respicies
3225 4982 3252 5035 Ρ

203 5042 359 5112 ὄντος

282 5134 374 5189 56.
409 5134 700 5207 Λύτρωσαι
729 5135 843 5204 τὴν
868 5135 1081 5205 ψυχήν
1106 5153 1227 5204 μου
1261 5136 1379 5190 ἀπὸ
1402 5135 1511 5204 τῆς
1548 5153 1796 5203 κακουρ-

1980 5163 2069 5220 56.
2097 5163 2294 5220 Libera
2340 5168 2577 5222 animam
2622 5187 2793 5226 meam
2846 5193 2877 5229 a
2921 5182 3249 5252 malignitate
3284 5204 3485 5249 eorum.

202 5226 344 5298 τίας
381 5226 601 5283 αὐτῶν.

1176 5320 1481 5383 Addenda
1514 5326 1576 5382 et
1622 5321 2000 5402 corrigenda
2031 5339 2107 5382 ex
2155 5322 2291 5383 cod.
2330 5323 2532 5385 Vatic.

399 5446 554 5522 βεοῦ.
1970 5446 2047 5517 (6)
2074 5447 2163 5499 Ἐν
2189 5449 2254 5518 τῇ
2286 5447 2484 5519 καρδίᾳ
2522 5466 2644 5519 μου,
2680 5453 2772 5506 καὶ
2798 5453 2916 5507 οὐδὲ
2958 5454 3133 5522 οὕτως
3175 5462 3277 5517 οὐκ
3320 5465 3489 5520 ἔπαιε..

283 5519 362 5589 (2)
401 5519 527 5571 Μοι.
1898 5534 2038 5571 οντο.

279 5589 359 5667 (5)
384 5588 695 5667 Ἑπιμένειν
722 5590 781 5640 ἐν
812 5590 878 5659 τῇ
913 5588 1110 5661 καρδίᾳ
1138 5604 1261 5659 μου.
1846 5640 1849 5643 _
2086 5587 2171 5667 bis
2201 5586 2301 5667 {ir},
2335 5586 2448 5667 Dial.

281 5657 361 5725 (4)
390 5657 753 5712 Ἑνοίκοῦσαν.
853 5657 876 5659 ’ί
990 5657 998 5661 ⁷
1086 5657 1095 5659 ἡ
1142 5657 1149 5659 “
1969 5657 2046 5727 (8)
2086 5659 2220 5710 Κατ’
2252 5657 2405 5727 ἐμοῦ.

280 5729 361 5800 (5)
399 5729 784 5799 Εὑφραίνοντο.
1965 5730 2042 5798 (9)
2082 5727 2276 5797 Κύριε,
2299 5728 2535 5798 πρόσχες
2569 5748 2684 5802 μοι.

451 5823 725 5885 ΡΔΤιιοι..
757 5824 871 5885 Gn.
914 5822 1175 5884 XXVII.
1482 5842 1489 5845 '

3154 5834 3237 5899 25
