3878 6218
410 310 516 368 7.79
1219 309 1281 364 S.
1324 310 1694 367 ATHANASII
1731 313 1882 370 OPP.
1926 314 1941 368 l

2188 315 2234 368 il.
2277 346 2344 356 _
2381 279 2793 370 EX'EGETICA.
3598 316 3719 372 τεο

477 422 569 479 57.
599 423 643 478 Α
672 423 923 480 leonibus
949 439 1169 480 unicam
1195 440 1394 481 meam.

2019 437 2062 492 Α
2165 431 2254 484 57,
2288 429 2427 482 Ἀπὸ
2453 429 2681 483 λεόντων
2713 429 2811 498 τὴν
2845 430 3110 500 μονογενῆ
3141 447 3261 500 μου.

474 516 565 570 58.
597 514 908 571 Conﬁtebor
928 515 1025 570 tibi
1056 517 1109 570 in
1132 509 1366 573 ecclesia
1394 533 1592 589 magna
1613 561 1630 573 .

2167 521 2256 576 38.
2283 520 2775 591 Ἐξομολογήσομαί
2809 537 2892 572 σοι
2925 523 2984 572 ἐν
3009 522 3274 593 ἐκκλησίᾳ
3303 520 3500 593 πολλῇ·

478 609 568 663 59.
593 606 649 662 ln
671 607 872 678 populo
899 608 1050 678 gravi
1075 608 1312 664 laudabo
1336 618 1410 666 te.

2165 613 2252 668 59.
2285 614 2372 666 Ἐν
2405 613 2518 684 λαῷ
2551 613 2708 682 βαρεῖ
2740 613 2941 666 αἰνέσω
2969 630 3047 668 σε.

477 701 566 754 40.
598 700 716 756 Non
766 702 1208 773 supergaudeant
1263 703 1420 771 mihi,
1479 703 1574 774 qui
1631 702 1992 758 adversantur

2182 705 2254 759 l0.
2297 705 2388 776 Μὴ
2421 704 2814 774 ἐπιχαρείησάν
2849 723 2940 776 μοι
2968 708 3016 758 οἱ
3051 705 3428 777 ἐχθραίνοντες
3458 723 3554 775 μοι
3578 703 3713 758 ἀδί-

405 792 544 848 mihi
572 792 757 864 inique
786 811 800 848 :

692 808 757 848 ue
786 811 800 848 :
2092 813 2223 861 κως·

477 884 566 940 41.
597 883 702 952 Qui
727 885 963 941 oderunt
1001 900 1089 940 me
1128 884 1298 956 gratis
1335 903 1350 952 ;
1400 892 1456 940 et
1493 894 1745 940 annuunt
1789 884 1986 941 oculis.

2179 889 2220 942 il
2235 930 2249 946 .
2277 889 2338 942 Oi
2377 887 2658 960 μισοῦντές
2679 907 2744 960 με
2765 889 2992 958 δωρεάν,
3009 889 3105 942 καὶ
3128 888 3464 954 διανευοντες
3484 888 3710 958 ὀφθαλ-

2097 995 2234 1048 μοις.

473 1061 564 1117 42.
595 1061 866 1129 Quoniam
901 1065 1283 1134 mihiquidem
1317 1065 1544 1136 pacilice
1572 1064 1940 1135 loquebantur
1969 1083 1984 1132 ;

1716 1064 1940 1118 ebantur
1969 1083 1984 1132 ;
2164 1069 2253 1124 4‘2.
2271 1071 2393 1123 Ὅτι
2425 1072 2548 1140 ἐμοὶ
2588 1070 2686 1140 μὲν
2711 1069 2963 1140 εἰρηνικά
2991 1067 3213 1122 ἐλάλουν
3235 1086 3247 1099 ·

472 1154 563 1208 45.
598 1153 665 1209 Ει
691 1157 745 1209 in
778 1157 1062 1212 iracundia
1093 1157 1250 1213 dolos
1285 1159 1616 1228 cogitabant.

2162 1158 2250 1212 45.
2294 1158 2404 1211 Καὶ
2437 1159 2522 1210 ἐπ’
2553 1159 2722 1230 ὀργὴν
2755 1159 2939 1221 δόλους
2962 1158 3337 1227 διελογίζοντο.

466 1245 559 1300 44.
602 1247 978 1305 Dilataverunt
1011 1264 1176 1319 super
1207 1265 1294 1304 me
1323 1265 1386 1304 os
1416 1265 1578 1305 suum
1615 1269 1628 1303 :

2161 1251 2246 1304 44.
2284 1250 2620 1304 Ἐπλάτυναν
2649 1252 2736 1304 ἐπ’
2762 1251 2862 1321 ἐμὲ
2894 1251 2956 1304 τὸ
2990 1251 3164 1322 στόμα
3189 1251 3368 1306 αὐτῶν
3387 1268 3400 1282 ·

472 1336 562 1390 45.
602 1335 888 1404 Dixerunt,
917 1355 1079 1409 euge,
1100 1355 1238 1411 euge
1274 1359 1288 1394 :
1321 1340 1579 1395 viderunt
1605 1340 1751 1396 oculi
1785 1341 1980 1396 nostri.

2157 1343 2246 1396 45.
2289 1338 2456 1397 Εἶπον
2476 1361 2488 1374 ο
2531 1339 2693 1412 Εὖγε,
2729 1339 2855 1412 εὖγε
2877 1362 2890 1375 ο
2925 1340 3064 1398 είδον
3089 1347 3137 1397 οἱ
3166 1344 3432 1415 ὀφθαλμοὶ
3459 1343 3653 1415 ἡμῶν.

473 1426 564 1480 46.
598 1426 815 1497 Vidisti,
840 1429 1090 1497 Domine,
1116 1447 1186 1486 ne
1213 1432 1378 1488 sileas
1411 1450 1426 1486 :

2156 1433 2251 1493 46.
2286 1431 2458 1499 Εἶδες,
2495 1435 2688 1506 Κύριε,
2720 1437 2794 1508 μὴ
2834 1438 3306 1509 παρασιωπήσῃς·

473 1519 562 1573 47.
595 1519 840 1587 Domine,
874 1539 944 1577 ne
972 1523 1222 1580 discedas
1248 1542 1277 1579 a
1307 1542 1412 1580 me.

2158 1526 2247 1580 47.
2290 1526 2485 1595 Κύριε,
2515 1527 2587 1598 μὴ
2619 1529 2862 1598 ἀποστῇς
2891 1530 2987 1581 ἀπ’
3017 1528 3173 1599 ἐμοῦ.

470 1613 561 1667 48.
595 1613 862 1686 Exsurge,
890 1613 1138 1684 Domine,
1174 1627 1228 1673 et
1248 1619 1469 1673 intende
1494 1619 1702 1688 judicio
1728 1633 1875 1682 meo,

2161 1619 2246 1673 48.
2275 1617 2459 1687 Ἑξεγέ
2471 1619 2647 1692 ρθητι,
2685 1621 2880 1692 Κύριε,
2899 1622 2994 1675 καὶ
3014 1622 3249 1693 πρόσχες
3263 1624 3327 1694 τῇ
3349 1622 3525 1694 κρίσει
3549 1641 3692 1694 μου,

470 1705 558 1760 49.
595 1705 738 1763 Deus
786 1723 963 1777 meus,
1015 1720 1069 1766 et
1121 1710 1388 1768 Dominus
1441 1727 1599 1768 meus
1644 1713 1702 1766 in
1757 1726 1980 1766 causam

2165 1710 2246 1765 49.
2273 1712 2330 1764 '0
2349 1711 2480 1775 Θεὸς
2505 1729 2630 1781 μου,
2665 1712 2759 1767 καὶ
2793 1714 2823 1765 ὁ
2873 1713 3079 1786 Κύριός
3129 1732 3230 1786 μου
3271 1717 3351 1777 είς
3385 1715 3485 1784 τὴν
3515 1714 3696 1788 δίκην

399 1815 600 1854 meam.

2014 1782 2058 1837 Β
2092 1820 2211 1873 μου.

472 1892 560 1947 50.
589 1890 782 1947 Judica
809 1905 917 1955 me,
937 1887 1186 1955 Domine,
1207 1890 1507 1945 secundum
1522 1890 1790 1960 justitiam
1806 1899 1980 1953 tuam,

2163 1896 2248 1953 50.
2287 1897 2490 1968 Κρῖνόν
2524 1915 2613 1968 με,
2649 1898 2847 1971 Κύριε,
2874 1898 3020 1952 κατά
3047 1898 3146 1970 τὴν
3178 1900 3521 1972 δικαιοσύνην
3558 1917 3694 1966 σου,

398 1979 628 2038 Domine
652 1981 794 2038 Deus
825 1997 1004 2047 meus,
1029 1989 1082 2036 et
1101 1997 1207 2035 non
1238 1983 1671 2053 supergaudeant
1697 1983 1828 2036 mihi
1853 2000 1869 2036 :

2083 1989 2259 2060 Κύριε
2292 1992 2320 2043 ὁ
2351 1991 2483 2053 Θεός
2513 2008 2635 2061 μου,
2661 1991 2851 2064 καὶμὴ
2882 1993 3276 2064 ἐπιχαρείησάν
3313 2011 3421 2064 μοι.

470 2073 558 2128 51.
591 2071 710 2127 Non
729 2071 916 2128 dicant
946 2071 1002 2125 in
1022 2072 1283 2127 cordibus
1314 2073 1429 2153 suis
1458 2092 1470 2127 :
1503 2072 1673 2144 Euge,
1709 2087 1844 2142 euge
1866 2071 1985 2124 ani-

2159 2081 2243 2134 51.
2295 2082 2369 2152 (a)
2419 2083 2512 2152 Μὴ
2560 2082 2810 2136 εῖποισαν
2855 2085 2914 2136 ἐν
2973 2084 3226 2154 καρδίαις
3256 2083 3468 2137 αὐτῶν·
3505 2078 3690 2152 Εὖγε,

397 2181 502 2221 mae
533 2175 739 2220 nostra:
773 2184 786 2218 :

2082 2168 2209 2241 εὖγε
2240 2176 2302 2244 τῇ
2330 2175 2474 2246 ψυχῇ
2506 2175 2697 2246 ἡμῶν·
2738 2239 2746 2246 .

465 2258 554 2312 52.
588 2256 698 2312 Nec
731 2257 917 2313 dicant
949 2275 964 2312 :
999 2257 1384 2313 devoravimus
1407 2271 1556 2322 eum,

2154 2265 2242 2319 52.
2279 2266 2430 2337 Μηδὲ
2461 2268 2664 2321 εἴποιεν
2687 2283 2699 2297 ·
2726 2266 3073 2338 Κατεπίομεν
3106 2266 3288 2321 αὐτόν.

467 2350 555 2405 55.
590 2348 932 2405 Erubescant
964 2356 1020 2404 et
1049 2357 1404 2404 revereantur
1435 2347 1622 2413 simul,
1671 2345 1765 2416 qui
1795 2354 1982 2416 gratu-

2160 2355 2246 2410 55.
2282 2356 2711 2429 Δίοχυνθείησαν
2739 2359 2834 2412 καὶ
2877 2359 3286 2432 ἐκτραπείησαν
3329 2357 3447 2429 ἅμα
3474 2359 3523 2411 οἱ
3555 2361 3691 2412 ἐπι-

395 2441 582 2496 lantur
613 2440 776 2496 malis
804 2441 941 2496 meis
976 2458 990 2494 :

2089 2447 2371 2518 χαίροντες
2398 2449 2512 2511 τοῖς
2539 2450 2731 2512 κακοῖς
2762 2465 2864 2518 μου
2883 2464 2908 2478 ο·

465 2535 556 2589 54.
584 2532 883 2589 lnduantur
926 2533 1253 2588 confusione
1283 2540 1336 2588 et
1369 2531 1695 2596 reverentia,
1739 2529 1835 2601 qui
1867 2545 1982 2584 ma-

2159 2539 2246 2594 54.
2280 2539 2720 2595 Ἑνδυσάσθωσαν
2742 2541 3006 2612 αἰσχύνην
3036 2541 3131 2595 καὶ
3161 2540 3428 2612 ἐντροπὴν
3476 2541 3523 2594 οἱ
3581 2557 3688 2610 με-

395 2643 500 2698 gna
530 2627 828 2697 loquuntur
855 2641 1019 2695 super
1049 2640 1135 2679 me
1163 2643 1175 2678 :

2087 2628 2327 2700 γαλορῤη
2337 2629 2622 2699 μογοῦντες
2657 2633 2743 2684 ἐπ’
2772 2631 2890 2702 ἐμέ.
3154 2687 3155 2690 η

465 2717 556 2772 55.
590 2704 876 2773 Eisultent
924 2724 978 2770 et
1025 2715 1299 2780 lmtentur,
1337 2713 1432 2785 qui
1479 2713 1670 2768 voiunt
1698 2713 1975 2785 justitiam

2157 2719 2245 2774 55.
2277 2720 2756 2789 Ἀγαλλιάσθωσαν
2787 2722 2884 2776 καὶ
2927 2722 3387 2795 εὐφρανθὴτωσαν
3417 2723 3465 2775 οί
3494 2720 3688 2774 θέλον-

393 2825 573 2864 meam
604 2827 618 2863 :
2085 2827 2177 2874 τες
2205 2811 2302 2883 τὴν
2329 2813 2677 2886 δικαιοσύνην
2705 2832 2836 2887 μου·

468 2899 542 2971 (a)
577 2898 640 2952 ν.
677 2897 995 2977 51,.Κρριε,
1019 2909 1153 2977 _elc.,
1180 2917 1278 2977 μοι
1303 2901 1351 2952 oi
1378 2899 1560 2970 ἐχθροί
1599 2917 1720 2971 μου.
1768 2897 1835 2952 ν.
1885 2897 1974 2962 5‘2,
2010 2897 2162 2968 Μηδὲ
2189 2902 2394 2959 εἴποιεν
2421 2906 2477 2958 ἐν
2508 2903 2708 2977 καρδίᾳ
2741 2902 2945 2970 αὐτῶν,
2987 2913 3091 2960 etc.
3144 2904 3210 2962 ν.
3269 2904 3359 2968 55,
3394 2903 3545 2975 Μηδὲ
3599 2905 3686 2957 εί-

393 2969 570 3033 ποιεν,
605 2981 711 3025 etc.
748 2969 813 3022 ν.
849 2969 938 3037 54,
968 2969 1437 3041 Αίσχυνθείησαν,
1460 2969 1563 3026 etc.

1534 3123 1907 3179 ATHANASII
1941 3121 2534 3181 l-NTERPRETATIO.

462 3281 550 3336 57.
585 3281 668 3336 Ab
711 3280 1042 3336 adversariis
1086 3281 1452 3350 potestatibus
1490 3280 1832 3351 rapientibus
1858 3279 1971 3335 ani-

2155 3280 2243 3334 57.
2263 3279 2396 3333 Ἀπὸ
2430 3277 2538 3332 τῶν
2565 3278 2824 3333 ἐναντίων
2859 3278 3145 3350 δυνάμεων
3172 3278 3285 3334 τῶν
3316 3280 3686 3352 ἁρπαζόντων

391 3390 536 3429 mam
563 3388 737 3428 meam
771 3371 1095 3427 desolatam.

2080 3373 2178 3444 τὴν
2210 3373 2388 3444 ψυχήν
2417 3388 2518 3443 μου
2550 3371 2649 3442 τὴν
2692 3372 3086 3444 μεμονωμένην
3111 3373 3209 3443 (1).

461 3465 548 3520 58.
583 3467 725 3519 Inter
770 3471 993 3519 sanctos
1045 3473 1170 3518 tuos
1209 3462 1449 3517 narrabo
1499 3462 1786 3530 auxilium,
1831 3461 1978 3533 quod

2150 3464 2239 3518 58.
2271 3465 2393 3516 Ἐπὶ
2425 3463 2533 3516 τῶν
2560 3463 2729 3531 ἁγίων
2759 3480 2852 3516 σου
2881 3463 3216 3534 διηγήσομαι
3249 3464 3348 3535 τὴν
3387 3466 3537 3537 παρὰ
3573 3468 3681 3524 σοῦ

391 3557 528 3610 mihi
557 3571 586 3610 a
615 3565 666 3610 te
697 3554 922 3609 allatum
953 3561 1057 3610 est.

2083 3572 2173 3625 μοι
2199 3554 2571 3624 γεγενημένην
2596 3552 2670 3623 (‘2)
2703 3552 2977 3624 βοήθειαν.

460 3648 549 3702 59.
578 3646 644 3701 Et
676 3648 732 3703 in
756 3645 959 3718 populo
981 3645 1155 3700 multo
1178 3644 1414 3701 laudabo
1439 3654 1513 3700 te.

2151 3647 2240 3702 59.
2277 3647 2388 3699 Καὶ
2417 3647 2509 3698 ἐπὶ
2540 3644 2670 3697 λαοῦ
2705 3645 2902 3698 πολλοῦ
2937 3645 3137 3699 αἰνέσω
3177 3663 3256 3699 σε.

451 3738 543 3803 40,
570 3738 660 3792 41.
694 3737 1008 3809 importune
1033 3752 1124 3793 me
1155 3737 1284 3792 odio
1309 3737 1592 3802 habentes,
1628 3748 1682 3792 et
1707 3737 1978 3792 meditan-

2148 3736 2240 3800 40,
2271 3736 2360 3790 41.
2393 3737 2456 3790 Οἱ
2483 3735 2767 3806 μισοῦντές
2793 3752 2859 3806 με
2890 3735 3137 3806 ἀκαίρως
3164 3736 3258 3788 καὶ
3291 3734 3677 3806 βουλευόμενοι

393 3840 473 3886 tes
501 3847 586 3886 me
611 3830 941 3885 interﬁcere.

881 3845 941 3884 'e.
2077 3828 2285 3883 ἀνελεῖν
2321 3845 2409 3900 με.

457 3919 548 3987 42,
585 3919 674 3975 45.
704 3918 886 3974 Veluti
940 3919 1353 3975 mussitationes
1401 3920 1618 3987 pietatis
1674 3921 1976 3974 subeuntes

2147 3921 2239 3985 42,
2271 3920 2468 3982 45.Ὢς
2523 3919 2830 3990 γογγυσμοὶ
2856 3919 2932 3991 (5)
2983 3919 3301 3984 θεοσεϐείας
3351 3924 3678 3995 ὑπεισερχό-

388 4015 669 4068 tentabant
692 4028 780 4066 me
807 4013 1089 4066 devorare.

2079 4029 2231 4082 μενοι
2256 4011 2573 4082 ἐπεχείρουν
2607 4014 2946 4080 καταφαγεῖν
2978 4028 3065 4081 με.

457 4104 546 4159 44.
577 4102 905 4170 Quaerebam
935 4118 1022 4156 me
1051 4101 1339 4171 deglutire.

2147 4102 2238 4157 44.
2275 4103 2580 4155 Καταπιεῖν
2611 4121 2677 4173 με
2708 4101 2954 4173 ἐζήτουν.

457 4196 549 4251 45.
582 4187 859 4266 Ειρἰυηι
895 4213 908 4248 :
941 4195 1023 4248 Ah
1055 4195 1068 4248 !
1113 4194 1211 4247 ubi
1245 4193 1526 4249 cadentem
1553 4207 1676 4247 eum
1700 4193 1971 4248 ridemus.

2148 4192 2236 4248 45.
2271 4194 2381 4246 Καὶ
2409 4193 2658 4261 λέγουσι⁹
2688 4193 2797 4246 Nai.
2825 4194 2912 4248 ναὶ
2937 4194 3155 4265 ὁρῶμεν
3184 4197 3348 4252 αὐτὸν
3379 4199 3671 4256 πίπτοντα.

458 4288 550 4353 46,
580 4287 669 4341 47.
720 4285 934 4350 Vidisti,
970 4284 1214 4353 Domine,
1253 4298 1322 4339 ne
1348 4285 1498 4339 sinas
1529 4298 1614 4337 me
1648 4284 1855 4338 auxilio
1880 4294 1974 4338 tuo

2147 4287 2236 4354 46,
2269 4289 2358 4343 47.
2396 4284 2594 4354 Εἶδες,
2628 4287 2830 4356 Κύριε,
2862 4289 2936 4359 μὴ
2971 4289 3139 4360 ἐάσῃς
3174 4307 3242 4360 με
3271 4292 3593 4362 ἀϐοήθητον.

385 4382 630 4438 destitui.
725 4429 728 4432 .
2187 4407 2190 4409 .

456 4475 546 4542 48,
582 4475 672 4529 49.
700 4474 776 4529 Ita
810 4475 1104 4546 prmscribe
1134 4474 1272 4529 mihi
1302 4474 1468 4528 vitam
1505 4487 1688 4527 meam
1719 4471 1973 4526 institue-

2145 4466 2238 4530 48,
2268 4466 2356 4522 49.
2401 4468 2478 4539 (4)
2532 4468 2719 4533 Οὕτως
2765 4471 2946 4540 ὃρισόν
2997 4488 3086 4541 μοι
3144 4471 3544 4539 πολιτευεσθαι,
3593 4476 3673 4540 ὡς

385 4583 465 4628 re,
502 4567 966 4635 quemadmodum
992 4567 1090 4621 tibi
1120 4575 1205 4622 est
1225 4566 1648 4636 beneplacitum.

1153 4575 1205 4622 st
1225 4566 1648 4636 beneplacitum.
2074 4560 2223 4615 ἔστιν
2253 4578 2336 4615 σοι
2368 4563 2684 4633 εὐάρεστον.

452 4657 541 4711 50.
582 4656 810 4712 Domine
846 4656 989 4714 Deus
1007 4673 1183 4724 meus,
1207 4666 1266 4712 tu
1288 4659 1395 4713 mei
1435 4657 1743 4722 dominare,
1784 4665 1837 4709 et
1862 4669 1970 4710 non

2147 4652 2238 4708 50.
2272 4653 2445 4726 Κύριε
2475 4655 2504 4706 ὁ
2539 4655 2672 4718 Θεός
2699 4673 2823 4726 μου,
2861 4658 2924 4710 σύ
2973 4675 3074 4728 μου
3117 4657 3428 4728 κυρίευσον,
3455 4660 3553 4712 καὶ
3591 4661 3671 4733 μὴ

387 4749 474 4803 isti
507 4749 767 4804 satellites
799 4749 1030 4804 inimici.
1423 4755 1426 4758 ’

2077 4736 2224 4795 οὗτοι
2257 4744 2305 4796 οἱ
2339 4743 2434 4796 τοῦ
2467 4743 2664 4816 ἐχθροῦ
2699 4745 3005 4817 δορυφόροι.

459 4840 546 4894 51.
581 4839 660 4895 Ne
692 4841 964 4910 gaudeant
994 4841 1162 4898 corda
1185 4855 1376 4897 eorum
1417 4840 1483 4895 de
1506 4839 1662 4910 lapsu
1697 4854 1839 4894 meo.

2147 4837 2238 4892 5|.
2257 4837 2607 4909 Μὴ’χαρῶσιν
2624 4840 2678 4892 αἱ
2696 4840 2915 4911 καρδίαι
2933 4842 3111 4896 αὐτῶν
3124 4844 3218 4897 ἐπὶ
3231 4847 3295 4916 τῇ
3315 4845 3521 4898 πτώσει
3540 4862 3665 4916 μου.

458 4932 548 4986 52.
577 4931 766 5001 Neque
799 4933 1120 5004 glorientur,
1151 4932 1346 4988 lucrati
1375 4930 1580 4986 fuimus
1603 4945 1751 4984 eum.

2149 4931 2238 4985 52.
2261 4932 2414 5004 Μηδὲ
2441 4936 2829 5005 καυχήσονται,
2860 4937 2942 4988 ὅτι
2970 4937 3362 5008 ἐκερδήσαμεν.

456 5024 544 5078 55.
574 5022 651 5077 De
686 5022 878 5078 iisdem
912 5023 1210 5078 immundis
1232 5021 1516 5092 spiritibus
1543 5021 1802 5090 loquitur.

2148 5023 2238 5077 55.
2260 5023 2396 5095 Περὶ
2422 5025 2530 5076 τῶν
2555 5025 2734 5079 αὐτῶν
2755 5026 3080 5098 ἀκαθάρτων
3104 5029 3430 5098 πνευμάτων
3456 5027 3626 5096 λέγει.

457 5116 549 5172 54.
585 5115 876 5172 Edicentes
898 5133 985 5171 me
1013 5115 1414 5170 interfecturos.

2147 5115 2236 5170 54.
2279 5117 2340 5170 Οἱ
2369 5117 2829 5188 ἐπαγγελλόμενοί
2865 5135 2932 5189 με
2963 5120 3195 5174 ἀνελεῖν.

456 5208 544 5263 55.
577 5207 653 5263 De
678 5223 785 5274 me,
804 5209 950 5278 quod
969 5223 996 5262 a
1019 5208 1310 5263 contrariis
1338 5206 1696 5278 potestatibus
1712 5205 1972 5259 liberatus

2145 5208 2235 5263 55.
2255 5208 2572 5272 Ῥυσθέντος
2621 5227 2723 5281 μου
2764 5211 2872 5264 ἀπὸ
2926 5212 3034 5265 τῶν
3081 5213 3337 5266 ἐναντίων
3378 5213 3664 5283 δυνάμεων

389 5302 509 5369 sim,
541 5311 743 5357 sancta:
780 5310 886 5356 tuae
912 5301 1146 5354 virtutes
1169 5299 1465 5354 exsultent.

2075 5297 2528 5366 ἀγαλλιάσθωσαν
2560 5302 2614 5354 αἱ
2648 5300 2801 5369 ἆγιαί
2837 5319 2931 5355 σου
2962 5303 3243 5374 δυνάμεις.

1341 5419 1646 5482 Addenda
1692 5427 1751 5480 et
1783 5418 2162 5497 corrigenda
2193 5436 2274 5480 ex
2317 5419 2456 5481 cod.
2492 5419 2700 5481 Vatic.

448 5527 528 5597 (1)
565 5526 1008 5597 Μεμαινομένην.
1587 5587 1594 5596 ι
2067 5521 2289 5597 τδῄίδεῖν
2311 5522 2663 5597 τὴν-ἀδικίαν
2674 5541 2796 5597 μου.
2827 5525 3123 5597 N._49."Hv
3142 5523 3416 5597 ἔχω-πρὸς
3439 5524 3538 5597 τὰς
3561 5525 3657 5578 τοῦ

448 5591 528 5664 (2)
567 5591 884 5667 Γενομένην.
946 5591 956 5596 ⁷
1093 5666 1104 5667 7
1151 5666 1154 5667 ν
1587 5591 1594 5596 ’
2068 5591 2262 5667 ἐχθροῦ
2284 5591 2580 5667 δυνάμεις.
2715 5595 2803 5650 50.
2840 5594 3046 5667 Οὕτως,
3078 5591 3424 5667 etcf-51.
3458 5596 3650 5667 Κύριε.

449 5663 528 5736 (5)
567 5663 896 5738 Λογισμοϊ...
933 5666 1257 5720 καταϐαλεῖν
1289 5683 1377 5738 με.
2068 5664 2135 5714 Ν.
2161 5663 2250 5716 52.
2280 5663 2451 5733 Μηδέ
2483 5666 2867 5734 καυχήσονται,
2894 5666 2976 5718 ὅτι
3005 5665 3304 5736 ἐκέρδτσάν
3337 5683 3424 5736 με.
3455 5666 3522 5719 Ν.
3548 5663 3652 5722 55.

450 5735 526 5772 [Δὶ
567 5737 610 5772 Ν
665 5738 730 5772 ΑΒ
794 5739 882 5772 FL-
921 5739 1052 5772 αι’μρλ
1108 5735 1264 5772 μητρί-ι
1313 5736 1504 5772 εηηφλυ
1540 5735 1811 5772 πάντων...
1881 5750 1958 5772 cn-
2069 5733 2158 5772 RH!
2192 5734 2555 5772 vanv-ﬁnnue-nv
2597 5736 2650 5772 ni
2709 5744 2794 5772 om
2850 5737 2896 5772 Ν
2951 5736 3013 5772 Kl
3071 5703 3201 5772 Πειέ
3230 5737 3339 5772 ινιῗιυ
3397 5746 3482 5772 om

450 5733 526 5806 (4)
565 5737 632 5790 Ν.
657 5733 751 5793 48.
791 5739 882 5800 Εἰς
921 5739 1052 5793 αὐτὸ
1108 5735 1264 5791 τοῦτο
1290 5733 1504 5792 ’ἑαυτὸν
1540 5735 1843 5804 διήγειρον,
1880 5750 1958 5798 εις
2068 5733 2158 5793 Μὴ
2192 5734 2560 5798 καυχήσονται
2592 5733 2676 5796 at,
2709 5744 2813 5791 etc.
2850 5737 2919 5792 N.
2949 5736 3035 5791 54.
3071 5733 3205 5794 Περὶ
3230 5733 3361 5797 τῶν,
3397 5746 3504 5788 etc.
