3878 6218
218 340 315 395 781
1097 338 1183 394 DE
1220 338 1499 395 TITULIS
1534 337 1988 394 PSALMORUM.
2030 368 2099 378 --
2135 339 2329 392 PSAL.
2376 340 2595 393 XXXV.
3366 345 3473 398 732

290 455 377 510 56.
405 454 517 507 Καὶ
541 453 855 509 εἰπάτωσαν
874 456 1162 522 διαπαντός
1180 476 1193 488 ’
1225 458 1617 530 μεγαλυνθήτω
1639 460 1667 512 ὁ
1687 457 1799 511 Κύ-

1968 456 2054 511 56.
2101 455 2165 510 Et
2213 456 2397 511 dicant
2449 472 2708 527 semper:
2754 455 3127 527 Magnificelur
3184 459 3478 532 Dominus,

216 566 356 624 ριος.

286 641 377 693 57.
412 641 473 692 OE
503 639 749 702 θέλοντες
777 638 875 711 τὴν
897 640 1121 712 εἰρήνην
1154 640 1248 694 τοῦ
1283 642 1469 696 δούλου
1504 642 1691 695 αὐτοῦ.

1443 661 1469 695 υ
1504 642 1691 695 αὐτοῦ,
1978 635 2065 688 57.
2096 634 2199 699 Qui
2230 634 2420 689 volunt
2444 648 2633 704 pacem
2664 634 2807 689 servi
2833 633 2974 704 ejus.

289 734 379 787 58.
411 734 577 803 Καὶή
610 732 832 801 γλῶσσά
868 751 969 804 μου
997 734 1285 805 μελετήσει
1313 735 1410 806 τὴν
1453 735 1801 805 δικαιοσύνην

1974 726 2063 780 58.
2100 725 2165 779 Et
2199 726 2379 796 lingua
2432 742 2551 779 mea
2601 726 2951 781 meditabitur
2972 726 3239 797 justitiam
3288 740 3476 786 tuam:

216 840 351 878 σου·

287 917 377 972 59.
414 916 584 987 Ὅλην
608 917 707 989 τὴν
739 917 954 988 ἡμέραν
987 916 1079 969 τὸν
1108 916 1329 970 ἔπαινόν
1365 935 1477 971 σου.

1257 918 1329 970 νόν
1365 935 1477 971 σου.
1973 914 2062 968 59.
2097 911 2234 967 Tota
2263 913 2350 967 die
2374 911 2587 966 laudem
2615 920 2788 966 tuam.

340 1034 446 1099 Εἰς
478 1031 545 1085 τὸ
577 1032 781 1098 τέλος·
808 1030 895 1155 ἓξ»
926 1031 1338 1156 {#82112},va
1368 1032 1448 1097 τῷ
1477 1032 1675 1085 Δαϐίδ.

862 1114 1036 1156 Α...
1194 1142 1207 1153 .

1945 1043 1971 1078 n
1997 1027 2155 1095 ﬁnem
2180 1040 2198 1078 :
2225 1040 2369 1079 servo
2398 1023 2609 1077 Domini
2639 1023 2832 1078 David.
2870 1023 3217 1080 PSALMUS
3244 1024 3398 1079 XXX
3420 1026 3476 1081 V.

862 1114 1207 1156 AAM.AE.

291 1194 344 1249 1.
385 1193 553 1263 Φησὶν
573 1196 600 1246 ὁ
627 1194 945 1263 παράνομος
975 1191 1069 1244 τοῦ
1105 1192 1439 1262 ἁμαρτάνειν
1471 1193 1527 1244 ὲν
1560 1190 1773 1262 έαυτῷο

1976 1204 2030 1259 1.
2061 1201 2201 1257 Dicit
2223 1201 2480 1271 injustus,
2518 1208 2577 1253 ut
2607 1199 2887 1269 delinquat
2916 1199 2969 1253 in
3005 1201 3333 1270 semetipso;

288 1285 341 1338 2.
383 1286 496 1337 Οὐκ
532 1284 648 1337 ἔστι
680 1283 842 1354 φόϐος
881 1283 1016 1337 Θεοῦ
1050 1282 1314 1335 ἀπέναντι
1361 1283 1469 1336 τῶν
1507 1280 1804 1353 ὀφθαλμῶν

1643 1280 1804 1353 Apfw
1973 1296 2028 1351 2.
2057 1294 2177 1350 Non
2209 1303 2292 1350 est
2323 1295 2490 1348 timor
2525 1293 2616 1348 Dei
2653 1300 2780 1348 ante
2806 1293 2992 1348 oculos
3017 1292 3174 1362 ejus:

213 1396 503 1523 “J5?J"Ott
528 1469 787 1522 ὲὸόλωσεν
821 1466 1051 1521 ἐνώπιον
1074 1467 1241 1523 αὑτοῦ
1263 1485 1277 1499 ⁸
1977 1451 2030 1504 5ο
2061 1449 2328 1516 Quoniam
2357 1450 2543 1505 ἀοίοδθ
2571 1449 2681 1520 θεῖε
2709 1450 2763 1503 in
2795 1459 3090 1519 θοηερθθῑυ
3114 1449 3233 1520 eius
3257 1468 3272 1516 ἶ

286 1560 342 1613 ’1,
376 1559 481 1613 Τοῦ
512 1550 692 1631 εὑρεῖν
725 1561 822 1632 τὴν
849 1560 1076 1631 ἀνομίαν
1102 1559 1291 1625 αὐτοῦ,
1327 1559 1423 1613 καὶ
1459 1558 1706 1630 μισῆσαι.

1978 1541 2032 1595 4.
2069 1540 2137 1596 Ut
2183 1541 2452 1596 inveniret
2499 1541 2843 1611 iniquitatem
2892 1555 3087 1604 suam,
3130 1550 3184 1595 et
3220 1540 3347 1595 odio
3390 1540 3485 1595 ha-

1906 1632 2079 1687 heret.

289 1736 347 1790 5.
380 1736 460 1789 Τά
557 1752 701 1805 ματα
722 1735 814 1789 τοῦ
837 1737 1103 1808 στόματος
1119 1736 1283 1790 αὐτοῦ
1305 1736 1503 1807 ἀνομία
1518 1735 1613 1789 καὶ
1633 1733 1803 1797 δόλοςο

1596 1733 1803 1797 ιδόλοςο
1841 1807 1844 1808 ν
1980 1724 2035 1778 5.
2063 1722 2241 1777 Verba
2272 1722 2387 1777 oris
2414 1736 2535 1791 ejus
2566 1721 2828 1791 iniquitas
2852 1730 2907 1776 et
2930 1722 3089 1779 dolus
3114 1742 3127 1778 :

292 1828 348 1882 6.
380 1829 493 1881 Οὐκ
513 1826 787 1899 ἠϐουλήθη
825 1807 1063 1881 συνιέναι
1091 1829 1183 1882 τοῦ
1218 1826 1506 1899 ἀγαθῦναι.

1836 1807 1883 1866 Β
1982 1816 2035 1869 6.
2067 1813 2252 1869 Noluit
2287 1812 2591 1883 intelligere
2625 1820 2686 1866 ut
2715 1812 2851 1867 bene
2881 1824 3097 1883 ageret:

292 1917 347 1970 7.
392 1918 644 1989 Ἀνομίαν
668 1919 1006 1990 διελογίσατο
1037 1921 1129 1973 ὲπὶ
1154 1921 1254 1990 τῆς
1278 1920 1466 1990 κοίτης
1499 1918 1664 1971 αὐτοῦ
1686 1934 1700 1947 ·

1980 1908 2032 1962 7.
2064 1908 2410 1977 lniquitatem
2443 1906 2737 1961 meditatus
2758 1914 2842 1960 est
2870 1906 2923 1959 in
2956 1907 3121 1961 cubili
3153 1920 3292 1962 suo:

293 2009 349 2065 8.
383 2011 635 2082 Παρέστη
659 2010 810 2082 πάσῃ
843 2011 949 2083 ὁδῷ
974 2014 1075 2065 οὐκ
1102 2011 1281 2082 ἀγαθῇ
1307 2028 1320 2040 '

1978 2002 2031 2056 8.
2064 2001 2252 2057 Astitit
2282 2001 2433 2055 omni
2459 2000 2558 2054 viae
2584 2014 2695 2053 non
2726 2000 2916 2054 bonae:

290 2102 346 2156 9.
380 2103 564 2174 Κακία
595 2104 653 2157 δὲ
680 2105 738 2156 οὐ
774 2103 1140 2174 προσώχθισε.

1975 2093 2030 2148 9.
2063 2092 2323 2147 Malitiam
2356 2102 2537 2146 autem
2566 2106 2676 2146 non
2709 2091 2900 2147 odivit.

295 2193 385 2248 10.
413 2194 607 2267 Κύριε.
641 2197 699 2249 ὲν
731 2195 808 2266 τῷ
835 2195 1051 2268 οὐρανῷ
1076 2197 1137 2249 τὸ
1169 2196 1317 2259 ἔλεός
1358 2212 1452 2249 σου
1473 2211 1488 2226 υ

1981 2186 2068 2241 10.
2105 2186 2357 2251 Domine,
2395 2186 2452 2238 in
2477 2186 2616 2239 cteln
2644 2184 3018 2238 misericordia
3050 2192 3162 2238 tua.

297 2285 387 2338 11.
419 2287 528 2339 Καὶ
552 2290 585 2358 ἡ
616 2287 848 2359 ἀλήθειά
878 2305 972 2341 σου
1002 2288 1106 2351 ἓως
1128 2287 1237 2340 τῶν
1265 2286 1525 2355 νεφελῶν.

1515 2326 1525 2340 ,
1984 2278 2073 2332 il.
2110 2276 2177 2330 Et
2201 2276 2404 2331 veritas
2433 2285 2524 2331 tua
2548 2290 2723 2345 usque
2756 2275 2822 2329 ad
2852 2276 3046 2329 nubes.

296 2376 387 2435 12.
434 2380 498 2432 Ἡ
522 2380 836 2451 δικαιοσύνη
870 2398 963 2434 σου
991 2381 1067 2433 ὼε
1087 2380 1187 2433 ὅου
1221 2379 1357 2433 Θεοῦ
1382 2396 1395 2408 ·

1988 2370 2078 2425 12.
2111 2368 2332 2425 Iustitia
2366 2375 2463 2423 tua
2488 2368 2632 2423 sicut
2657 2375 2873 2423 montes
2899 2367 3028 2423 Dei:

1368 2552 1744 2610 ATHANASII
1783 2546 2370 2605 INTEBPRETATIO.

300 2711 390 2765 56.
422 2712 533 2765 Καὶ
569 2710 850 2775 δοξάσωσι
880 2711 939 2764 τὸ
969 2710 1140 2781 ὄνομά
1171 2728 1263 2763 σου
1297 2710 1361 2763 δι’
1398 2710 1519 2781 ἐμέ.

1992 2704 2081 2759 56.
2120 2703 2187 2757 Ει
2210 2711 2429 2773 propter
2456 2718 2543 2759 me
2564 2703 2869 2774 gloriﬁcent
2895 2718 3089 2759 nomen
3125 2716 3298 2761 tuum.

299 2801 389 2855 57.
423 2804 485 2854 Οί
521 2802 665 2870 ἆγιοι
691 2801 782 2855 τοῦ
815 2801 949 2855 Θεοῦ
977 2801 1219 2869 ἄγγελοι.

1121 2801 1219 2853 λοι.
1989 2796 2077 2849 57.
2118 2795 2301 2849 Sancti
2328 2796 2503 2865 angeli
2538 2795 2652 2850 Dei.

301 2894 391 2948 58.
421 2895 529 2946 Καὶ
551 2894 734 2948 λοιπὸν
758 2894 954 2965 μελετή
965 2910 1039 2946 σω
1060 2895 1118 2946 ἐν
1139 2896 1250 2956 τοῖς
1273 2892 1662 2963 προστάγμασί
1692 2910 1809 2945 σου.

1798 2932 1809 2945 .
1990 2889 2079 2943 58.
2120 2887 2185 2940 Et
2213 2888 2441 2957 posthac
2464 2890 2517 2939 in
2556 2887 2839 2956 praeceptis
2868 2888 2981 2942 tuis
3004 2890 3329 2945 meditabor.

302 2986 394 3039 59.
439 2987 527 3040 Ἐν
558 2986 637 3056 τῷ
664 2988 802 3056 φωτὶ
829 2986 1121 3048 ἀπαύστως
1152 2984 1451 3054 ἀνυμνήσω
1478 3000 1563 3038 σε.

1514 3001 1563 3038 ε.
1993 2982 2082 3036 59.
2113 2981 2451 3036 lncessanter
2479 2981 2713 3036 laudabo
2740 2993 2790 3037 te
2820 2982 2875 3035 in
2905 2982 3045 3036 luce.

310 3145 381 3197 Ἥ
402 3142 737 3215 προκειμένη
758 3141 1035 3214 ἐπιγραφὴ
1062 3140 1309 3212 περιέχει
1351 3138 1427 3211 (1)
1454 3156 1466 3168 ·
1500 3140 1607 3203 Εἰς
1644 3138 1711 3191 τὸ
1736 3138 1914 3203 τέλος
1940 3135 2019 3201 τῷ
2052 3136 2251 3204 δούλῳ
2277 3135 2501 3205 Κυρίου
2534 3136 2615 3203 τῷ
2636 3137 2833 3191 Δαϐίδ.
2866 3136 3036 3191 Τοῦτο
3064 3134 3156 3191 οῦν
3194 3138 3363 3207 λέγει,
3415 3140 3498 3194 ὅτι

226 3242 258 3294 ὁ
284 3239 500 3310 ψαλμὸς
529 3232 681 3300 οὗτος
714 3237 928 3308 εἴρηται
960 3237 1055 3289 ἐπὶ
1092 3234 1369 3304 συντελείᾳ
1401 3235 1509 3286 τῶν
1535 3233 1747 3286 αἰώνων
1768 3232 1845 3302 τῷ
1866 3231 1980 3303 λαῷ
2007 3231 2084 3302 τῷ
2116 3230 2420 3285 ϐουλεύοντι
2453 3232 2532 3303 τῷ
2565 3232 2756 3305 Κυρίῳ
2778 3233 2857 3304 τῷ
2883 3233 3246 3305 πεποθημένῳ
3284 3237 3375 3288 ὑπ’
3400 3237 3499 3289 αὑ·-

228 3335 325 3387 τοῦ
346 3352 359 3364 ·
390 3332 528 3402 πρὸς
560 3332 655 3402 μὲν
693 3332 792 3402 τὴν
826 3329 919 3383 τοῦ
955 3329 1201 3383 διαϐόλου
1233 3328 1499 3399 πονηρίαν
1529 3328 1605 3397 (2)
1636 3328 1777 3399 [mi]
1809 3328 2176 3381 ἐπανάστασιν
2216 3327 2357 3381 κατά
2390 3327 2483 3380 τοῦ
2511 3328 2704 3396 γένους
2737 3328 2846 3381 τῶν
2892 3329 3212 3400 ἀνθρώπων,
3252 3332 3390 3403 πρὸς
3444 3334 3498 3386 δὲ

228 3433 332 3503 τὴν
362 3430 457 3483 τοῦ
490 3428 624 3483 Θεοῦ
650 3427 962 3498 ἀγαθότητα
984 3428 1078 3479 καὶ
1111 3425 1522 3497 φιλανθρωπίαν
1555 3424 1617 3477 τὸ
1643 3424 1759 3487 πῶς
1787 3426 1953 3478 πᾶσιν
1978 3423 2289 3495 ἀνθρώποις
2331 3424 2600 3487 πλουσίως
2633 3424 2814 3494 ὲκχέει
2843 3424 2933 3477 τὸν
2972 3424 3165 3478 ἑαυτοῦ
3213 3426 3358 3481 ἔλεον
3407 3431 3499 3483 καὶ

230 3528 329 3599 τὴν
358 3528 517 3598 χάριν
549 3525 645 3595 (5).

305 3646 522 3701 Titulus
568 3645 896 3716 praepositus
943 3645 1231 3699 continet:
1264 3642 1332 3698 In
1355 3644 1513 3713 ﬁnem
1539 3660 1685 3698 servo
1715 3644 1932 3699 Domini
1970 3646 2166 3701 David.
2203 3646 2318 3702 Hoc
2364 3647 2532 3717 igitur
2578 3646 2869 3718 signiﬁcat,
2909 3646 3055 3717 quod
3108 3648 3353 3717 psalmus
3400 3648 3518 3705 iste'

230 3738 414 3793 dictus
441 3747 525 3793 est
557 3740 611 3791 in
640 3738 1113 3793 consummatione
1144 3738 1471 3793 szeculorum
1494 3740 1725 3809 populo,
1760 3741 1855 3810 qui
1890 3743 2061 3796 servit
2094 3742 2347 3806 Domino,
2372 3750 2425 3797 et
2460 3742 2530 3797 ab
2561 3757 2627 3795 eo
2666 3742 3008 3797 desideratus
3036 3751 3121 3797 est
3148 3759 3162 3795 :
3204 3742 3271 3796 de
3305 3747 3499 3814 nequi-

228 3833 309 3888 tia
339 3830 561 3901 quidem
603 3842 657 3884 et
682 3830 1085 3885 insurrectione
1129 3830 1333 3885 diaboli
1377 3832 1639 3887 adversus
1680 3848 1851 3898 genus
1891 3833 2225 3901 humanum;
2255 3834 2323 3889 de
2355 3834 2601 3888 bonitate
2636 3844 2817 3887 autem
2867 3832 2981 3895 Dei,
3006 3842 3058 3886 et
3093 3848 3219 3901 erga
3251 3834 3501 3891 homines

228 3927 635 3994 benevolentia,
671 3927 947 3997 quomodo
982 3927 1037 3980 in
1073 3927 1387 3982 universum
1424 3928 1725 3983 humanum
1760 3944 1933 3999 genus
1960 3931 2180 3984 divitias
2207 3931 2601 3985 misericordia:
2631 3939 2685 3984 et
2722 3928 2911 3997 gratiae
2934 3944 3047 3983 sua:
3078 3927 3324 3983 effundit.

302 4025 358 4080 1.
397 4024 593 4091 Φησὶν
612 4025 641 4076 ὁ
668 4022 1007 4094 ἁμαρτάνειν
1038 4022 1207 4075 θέλων
1232 4024 1289 4076 ὲν
1316 4024 1518 4094 έαυτῷο

1847 4029 1890 4087 C
1998 4027 2049 4079 1.
2080 4026 2221 4078 Dicit
2248 4041 2473 4097 peccare
2505 4026 2696 4081 volens
2722 4025 2776 4079 in
2813 4025 3141 4093 semetipso:

300 4118 358 4172 2.
392 4118 505 4171 Οὐκ
540 4115 654 4168 ἔστι
684 4115 863 4186 κρίσις
891 4114 1025 4167 Θεοῦ
1054 4116 1113 4168 ἐν
1141 4114 1218 4185 τῷ
1248 4115 1495 4186 μέλλοντι
1532 4115 1706 4170 αἰῶνι.

1987 4119 2041 4173 2.
2075 4117 2193 4173 Non
2223 4126 2307 4173 est
2335 4118 2579 4174 divinum
2599 4117 2867 4187 judicium
2896 4116 2950 4169 in
2977 4113 3163 4169 futuro
3189 4117 3411 4171 saeculo.

302 4210 357 4274 '5,
389 4210 446 4265 4.
482 4208 653 4263 Τοῦτο
680 4208 737 4261 δὲ
766 4207 909 4276 λέγει
940 4208 969 4259 ὁ
1009 4206 1251 4271 τοιοῦτος
1273 4245 1287 4271 ,
1331 4209 1414 4261 ὅτι
1454 4209 1515 4261 οὑ
1555 4208 1817 4279 προέθετο

1991 4210 2045 4272 5,
2082 4210 2137 4263 4.
2174 4208 2288 4265 Hoc
2314 4219 2493 4265 autem
2527 4210 2573 4265 is
2600 4209 2754 4275 dicit,
2788 4208 3045 4278 quoniam
3074 4222 3181 4261 non
3213 4209 3498 4277 proposuit

229 4302 328 4357 τοῦ
361 4302 438 4374 (4)
468 4300 766 4370 ἐπιγνῶναι
788 4300 888 4370 τὴν
935 4298 1126 4353 ἑαυτοῦ
1166 4298 1441 4371 ἁμαρτίαν
1470 4301 1564 4353 καὶ
1611 4300 1760 4353 παίσι

1538 4301 1564 4352 ι
1611 4300 1815 4354 παίσα-
1920 4317 2217 4373 agnoscere
2251 4312 2531 4373 peccatum
2558 4317 2720 4357 suum
2746 4309 2801 4356 et
2829 4300 3069 4370 abigere.

231 4395 385 4448 σθαι.

299 4480 353 4535 5.
398 4478 462 4534 Ἠ
487 4480 784 4551 ὲνθύμησις
801 4481 902 4551 τῆς
932 4479 1161 4553 καρδίας
1192 4478 1385 4536 αὐτοῦ.

1192 4478 1385 4536 αὑτοῦ.
1990 4485 2042 4539 5.
2070 4482 2341 4554 Cogitatio
2366 4484 2544 4539 cordis
2572 4482 2711 4554 ejus.

303 4573 358 4626 6.
390 4573 503 4626 Οὐκ
528 4572 791 4644 ἠθέλησεν
814 4572 1129 4641 ἐπιγνῶναι,
1155 4573 1249 4625 καὶ
1266 4572 1487 4643 ποιῆσαι
1504 4573 1564 4626 τὸ
1581 4574 1807 4643 ἀγαθόν.

1597 4574 1807 4643 ῑιγαθόν.
1988 4577 2041 4629 6.
2078 4576 2255 4630 Noluit
2282 4590 2577 4645 agnoscere
2604 4584 2657 4629 et
2689 4573 2868 4629 facere
2901 4573 3128 4627 bonum.

304 4662 358 4716 7.
405 4662 541 4715 Ἀλλ’
574 4666 607 4733 ἡ
656 4663 963 4725 ἀνάπαυσις
1011 4662 1111 4732 τῆς
1156 4660 1338 4731 ψυχῆς
1386 4663 1549 4715 αὑτοῦ
1611 4665 1811 4735 ἀνομία

1672 4666 1811 4735 νομία
1988 4666 2040 4719 7.
2074 4664 2179 4721 Sed
2208 4666 2423 4735 requies
2452 4664 2649 4719 anima:
2670 4664 2789 4733 ejus
2815 4664 3076 4733 iniquitas
3101 4669 3203 4717 est.

227 4754 490 4823 τυγχάνει
519 4754 619 4826 (5).
2500 4764 2517 4781 ⁸

301 4846 357 4911 8,
395 4846 449 4902 9.
486 4846 563 4917 (6)
593 4846 715 4899 Οὐδ’
746 4845 1019 4915 ἐνέμεινεν
1039 4848 1097 4901 ὲν
1139 4848 1237 4919 μιᾷ
1270 4848 1441 4918 κακίᾳ
1466 4888 1480 4912 ,
1514 4847 1652 4901 ἀλλὰ
1694 4847 1813 4900 δια-

1987 4843 2039 4909 8,
2063 4842 2116 4898 9.
2146 4841 2330 4912 Neque
2358 4842 2412 4897 in
2438 4858 2546 4898 una
2571 4843 2770 4898 mansit
2795 4842 3106 4913 iniquitate,
3136 4842 3228 4899 sed
3254 4842 3494 4898 diversas

227 4938 431 5009 φόρους
452 4939 745 5007 ἐπενόησεν
780 4938 975 5010 ἐαυτῷ.
1058 4966 1059 4969 η

872 4938 975 5010 ιτῷ.
1058 4966 1059 4969 η
1922 4937 2026 4990 sibi
2057 4936 2403 5006 excogitavit.

304 5030 396 5085 10.
440 5032 528 5083 Ἐν
557 5033 667 5094 τοῖς
693 5030 761 5083 τὰ
793 5031 1019 5102 οὐράνια
1048 5030 1304 5101 φρονοῦσι
1330 5029 1389 5083 τὸ
1415 5028 1561 5094 ἔλεός
1588 5046 1702 5083 σου.

1990 5030 2077 5083 10.
2106 5028 2164 5083 1η
2195 5030 2561 5099 cogitantibus
2588 5027 2832 5084 caelestia
2856 5027 3230 5084 misericordia
3263 5036 3374 5081 tua.

305 5124 396 5177 11.
429 5124 549 5177 Τῶν
577 5124 755 5177 αὐτῶν
778 5124 969 5192 ἁγίων,
998 5124 1173 5191 λέγει.

1994 5123 2081 5175 11.
2117 5119 2303 5191 Usque
2333 5121 2398 5175 ad
2437 5122 2587 5191 ipsos
2616 5130 2859 5185 sanctos,
2895 5121 3047 5176 dicit.

304 5218 393 5271 12.
431 5218 492 5268 Οἱ
525 5217 723 5269 δίκαιοι
753 5215 851 5287 (7).

753 5215 851 5287 (7).
1845 5210 1890 5264 D
1996 5214 2083 5267 i2.
2114 5211 2274 5267 Justi.

1187 5392 1493 5456 Addenda
1529 5399 1591 5455 et
1619 5392 1999 5471 corrigenda
2037 5409 2116 5453 ex
2167 5391 2305 5452 cod.
2342 5390 2547 5450 Vatic.

302 5557 379 5631 (1)
406 5557 477 5631 :11
504 5557 726 5631 stega;
754 5556 1127 5629 κινναϐάρεως
1165 5573 1291 5628 περ.
2100 5553 2402 5631 -Ὺπὰρ-χηει.

403 5628 653 5700 nev-qin
676 5619 832 5700 ἐπαν.
991 5619 1003 5629 ’
1111 5619 1117 5620 ⁷
1240 5619 1251 5628 ’
1921 5692 1968 5700 __
2267 5619 2541 5700 Τέρπεται
2562 5623 2835 5700 ἐπιμένων
2866 5623 3014 5697 πάσῃ
3043 5620 3146 5693 ὀδῷ
3166 5619 3267 5675 οὐκ
3296 5620 3503 5700 ἀγαθῇ.

361 5692 377 5764 )
406 5698 515 5770 [iw
538 5692 739 5751 ’ἑαυτοῦ
773 5699 951 5770 χάριν.
1127 5767 1134 5770 Α
1286 5767 1294 5770 _
1417 5766 1430 5770 _
2286 5736 2300 5748 .
2320 5692 2625 5770 ,εποίησεν
2653 5692 2851 5767 ἑαυτῷ.

324 5768 381 5839 4)
410 5764 517 5821 Τοῦ
549 5770 685 5824 deest
709 5764 911 5823 in'co'd.
932 5808 945 5823 .
970 5808 983 5822 .
1012 5809 1025 5824 .
1055 5767 1148 5821 καὶ
1189 5766 1519 5819 παύσασθαι.

1013 5809 1025 5824 .
1055 5767 1148 5821 καὶ
1189 5766 1519 5819 παύσασθαι.
1991 5764 2069 5829 (7)
2104 5766 2167 5817 Οἱ
2204 5765 2401 5819 δίκαιοί
2432 5764 2544 5819 σου.
