3878 6218
383 294 484 350 785
1233 300 1290 356 S.
1343 299 1720 357 ATHANASII
1758 297 1908 357 OPP.
1944 297 2124 354 PARS
2160 294 2247 354 III.
2278 328 2347 338 --
2380 293 2796 352 EXEGETlCA.
3555 295 3675 354 784

365 476 394 500 .
456 417 543 472 15.
571 413 782 473 Judicia
814 425 905 473 tua
930 419 1163 489 abyssus
1194 421 1386 480 multa.

1991 426 2038 483 Α
2137 420 2224 475 15.
2254 419 2334 472 Τὰ
2362 416 2606 490 κρίματὰ
2630 435 2724 470 σου
2759 415 2997 480 ἄϐυσσος
3030 416 3223 487 πολλή.

455 509 542 562 14.
580 507 841 566 Homines
862 519 915 565 et
939 512 1184 580 jumenta
1213 512 1476 576 salvabis,
1515 511 1763 568 Domine.

2135 511 2221 565 14.
2270 509 2614 582 ’Λνθρὼπους
2640 511 2734 564 καὶ
2772 510 2945 580 κτήνη
2971 508 3188 574 σώσεις,
3217 508 3411 580 Κύριε.

451 601 539 655 15.
579 601 1051 669 Quemadmodum
1093 605 1467 676 multiplicasti
1517 605 1956 661 miscricordiam

1834 605 1956 660 liam
2136 603 2223 658 15.
2261 605 2348 668 Ὠς
2382 601 2688 674 έπλήθυνας
2718 600 2776 655 τὸ
2807 601 2954 665 ἔλεός
2993 617 3110 666 σου,
3133 603 3162 656 ὁ
3194 602 3365 667 Θεόςῑ

384 699 557 753 tuam.
596 691 739 748 Deus
760 694 773 747 !

457 783 540 837 16.
569 782 690 838 Filii
726 792 909 840 autem
935 785 1222 840 hominum
1247 786 1302 840 in
1327 785 1569 858 tegmine
1598 786 1811 842 alarum
1839 795 1960 842 tua-

2137 781 2220 836 16.
2251 783 2314 834 Οί
2339 782 2396 834 δὲ
2444 783 2549 834 υἱοὶ
2591 779 2897 853 ἀνθρώπων
2928 782 2985 833 ὲν
3024 781 3206 854 σκέπῃ
3225 780 3334 836 τῶν
3365 784 3668 854 πτερύγων

380 886 502 925 rum
531 873 832 941 sperabunt
858 891 871 926 :

2065 893 2157 928 σου
2184 873 2372 928 ὲλπιοῦ
2381 891 2454 928 σι.

449 962 536 1016 17.
569 963 989 1018 lnebriabuntur
1010 964 1079 1020 ab
1102 965 1350 1021 ubertate
1378 965 1576 1022 domus
1605 974 1745 1021 tua}:

2133 966 2218 1020 17.
2248 965 2696 1037 Μεθυσθήσονται
2728 964 2838 1019 ἀπὸ
2862 965 3118 1036 πιότητος
3156 964 3308 1018 οίκου
3341 982 3434 1018 σου
3455 980 3466 994 ·

450 1056 538 1110 18.
576 1054 642 1109 Ει
676 1065 918 1111 torrente
955 1057 1249 1127 voluptatis
1285 1065 1392 1112 tuae
1420 1057 1637 1127 potabis
1670 1071 1787 1112 eos.
1966 1125 1969 1130 ι

2133 1057 2220 1111 18.
2247 1058 2358 1111 Καὶ
2390 1057 2481 1110 τὸν
2521 1058 2858 1130 χειμάρρουν
2909 1058 3009 1128 τῆς
3049 1057 3264 1128 τρυφῆς
3305 1075 3396 1110 σου
3445 1061 3664 1121 ποτιεῖς

1963 1205 1971 1222 ι
2061 1166 2284 1214 αυτους.

449 1231 536 1288 19.
560 1230 834 1298 Quoniam
869 1232 1011 1303 apud
1042 1239 1095 1287 te
1129 1231 1254 1288 fons
1275 1233 1437 1288 vitae:
1963 1229 1969 1237 ’

1963 1229 1969 1237 ’
2127 1242 2215 1296 19.
2251 1242 2376 1294 Ὅτι
2406 1241 2556 1312 παρὰ
2597 1241 2682 1295 σο).
2715 1241 2870 1313 πηγὴ
2907 1241 3053 1313 ζωῆς
3079 1258 3091 1274 ·

447 1319 539 1380 20.
580 1323 637 1377 ln
663 1324 869 1378 lumine
902 1334 996 1378 tuo
1022 1324 1330 1380 videbimus
1354 1324 1540 1379 lumen

2129 1335 2220 1390 20.
2263 1336 2350 1388 Ἐν
2373 1334 2452 1406 τῷ
2477 1334 2616 1404 φωτί
2647 1351 2741 1386 σου
2776 1333 3019 1405 ὀψόμεθα
3047 1333 3181 1402 φῶς.

447 1417 538 1470 21.
570 1416 851 1472 Praetende
876 1416 1315 1473 misericordiam
1361 1425 1512 1471 tuam
1543 1415 1843 1472 scientibus
1872 1425 1953 1484 te;

2127 1425 2216 1478 21.
2249 1424 2585 1496 Παράτεινον
2610 1424 2671 1476 τὸ
2705 1423 2851 1487 ἔλεός
2888 1439 2981 1476 σου
3019 1425 3130 1486 τοῖς
3152 1422 3480 1491 γινώσκουσί
3507 1439 3596 1476 σε’

445 1509 536 1563 22.
566 1508 633 1564 Et
656 1509 932 1580 justitiam
981 1520 1127 1564 tuam
1160 1510 1267 1574 his,
1295 1509 1388 1578 qui
1432 1517 1582 1564 recto
1616 1518 1744 1564 sunt
1770 1509 1952 1564 corde.

2128 1513 2219 1568 22.
2255 1514 2363 1566 Καὶ
2389 1513 2487 1585 τὴν
2520 1513 2866 1583 δικαιοσύνην
2897 1530 2989 1566 σου
3009 1517 3121 1576 τοῖς
3142 1513 3324 1566 εὐθέσι
3341 1517 3408 1585 τῇ
3425 1513 3654 1584 καρδίᾳ.

447 1600 537 1653 25.
569 1598 686 1655 Non
713 1599 894 1654 veniat
921 1601 1056 1653 mihi
1078 1615 1173 1669 pes
1206 1600 1509 1669 superbiae:
1614 1642 1616 1644 .

2127 1605 2214 1659 25.
2244 1604 2562 1676 Μὴέλθέτω
2595 1621 2685 1675 μοι
2718 1603 2854 1667 ποῦς
2879 1605 3287 1675 ὑπερηφανίας·

447 1690 539 1744 24.
573 1687 641 1744 Ει
671 1705 870 1745 manus
900 1689 1204 1760 peccatoris
1237 1703 1347 1743 non
1382 1695 1599 1743 moveat
1621 1703 1725 1742 me.

2125 1696 2217 1750 24.
2250 1697 2361 1748 Καὶ
2391 1696 2513 1766 χεὶρ
2543 1692 2872 1765 ἅμαρτωλοῦ
2916 1695 2991 1766 μὴ
3019 1695 3281 1748 σαλεύσαι
3322 1712 3409 1765 με.

444 1783 536 1836 25.
567 1781 645 1837 lbi
672 1781 990 1838 ceciderunt
1023 1796 1235 1845 omnes,
1282 1781 1376 1851 qui
1414 1790 1709 1850 operantur
1755 1777 1959 1848 iniqui-

2131 1788 2223 1842 25.
2271 1788 2419 1843 Ἐκεῖ
2451 1787 2646 1840 ἔπεσον
2683 1787 2885 1851 πάντες
2915 1789 2964 1840 οἱ
2998 1787 3358 1858 ἐργαζόμενοι
3393 1787 3489 1858 τὴν
3518 1787 3650 1839 ἀνο-

379 1884 543 1930 tatem
567 1894 580 1929 :

2067 1877 2195 1948 μίαν
2215 1894 2227 1908 ·

443 1967 533 2021 26.
572 1966 792 2037 Expulsi
817 1977 964 2032 sunt,
996 1982 1098 2021 nec
1124 1975 1413 2036 potuerunt
1435 1977 1596 2023 stare.

2132 1966 2221 2021 26.
2267 1965 2631 2037 Ἐξώσθησαν,
2662 1967 2756 2020 καὶ
2793 1966 2853 2018 οὐ
2888 1965 2962 2037 μὴ
2989 1965 3252 2020 δύνωνται
3286 1966 3472 2037 στῆναι

433 2054 442 2063 ’
583 2060 836 2117 Psalmus
859 2059 1049 2114 David.
1079 2058 1414 2115 PSALMUS
1440 2059 1711 2116 XXXVI.

2335 2059 2580 2128 Ψαλμὸς
2618 2057 2698 2124 τῷ
2725 2059 2924 2114 Δαϐίδ.
2971 2062 3195 2113 ‘FAAM.
3231 2062 3373 2125 Αιῖν.

447 2153 501 2208 1.
527 2150 650 2207 Noli
671 2153 916 2206 :emulari
943 2153 998 2205 in
1032 2153 1458 2223 malignantibus
1484 2172 1498 2220 ;

2138 2149 2189 2203 1.
2219 2148 2311 2219 Μὴ
2346 2147 2660 2221 παραζῆλου
2687 2150 2744 2202 ἐν
2777 2149 3235 2220 πονηρευομένοις
3254 2165 3265 2176 ·

443 2243 498 2298 2.
534 2241 720 2313 Neque
745 2243 1007 2299 zelaveris
1039 2243 1301 2299 facientes
1327 2244 1693 2315 iniquitatem.

2129 2241 2184 2294 2.
2222 2240 2372 2310 Μηδὲ
2393 2239 2553 2311 ζήλου
2575 2241 2703 2304 τοὺς
2734 2241 3021 2305 ποιοῦντας
3055 2241 3151 2310 τὴν
3180 2241 3425 2311 ἀνομίαν.

444 2334 500 2389 5.
533 2333 804 2400 Quoniam
841 2342 1100 2405 tanquam
1136 2333 1322 2390 fenum
1368 2336 1628 2390 velociter
1658 2341 1948 2390 arescent:

1937 2357 1948 2390 :
2127 2335 2182 2389 5.
2221 2334 2341 2386 Ὅτι
2373 2333 2504 2386 ὡσεὶ
2537 2332 2728 2405 χόρτος
2759 2335 2896 2405 ταχὺ
2918 2332 3460 2406 ἀποξηρανθήσονται

1495 2454 1578 2508 ΑἹ
1595 2449 1872 2509 ﬂANASll
1910 2450 2509 2508 INTERPRETATIO.

447 2549 534 2623 15.
558 2567 770 2625 Judicia
798 2578 891 2624 tua
924 2568 1211 2624 immensa.

2130 2568 2216 2622 15.
2254 2567 2335 2619 Τὰ
2359 2566 2708 2637 δικαιώματά
2733 2583 2826 2619 σου
2858 2566 3165 2636 ἁμέτρητα.

447 2661 536 2716 14.
573 2660 888 2716 [incedentes
910 2662 1189 2715 voluntate
1218 2669 1332 2715 tua.

2132 2659 2217 2712 M.
2253 2660 2393 2722 Τοὺς
2412 2659 2822 2730 πορευομένους
2850 2658 2928 2730 τῷ
2955 2659 3116 2729 βουλή
3127 2659 3256 2729 ματί
3285 2675 3377 2712 σου

443 2753 532 2808 15.
549 2752 1018 2819 Quemadmodum
1039 2751 1406 2822 multiplicasti
1424 2765 1596 2821 genus
1625 2751 1948 2815 humanum,

2128 2751 2215 2804 15.
2252 2751 2339 2814 Ὠς
2363 2750 2668 2821 ἐπλήθυνας
2700 2750 2761 2802 τὸ
2789 2750 2948 2818 γένος
2983 2749 3090 2802 τῶν
3119 2749 3444 2820 ἀνθρώπων,
3471 2749 3641 2813 οὕτως

373 2844 450 2902 La
468 2856 520 2900 et
537 2845 961 2901 misericordiam
985 2853 1131 2899 tuam
1147 2845 1201 2899 in
1219 2858 1409 2900 omnes
1427 2844 1675 2900 homines
1693 2842 1904 2899 eﬂ‘udist

1870 2842 1952 2899 sti.
1982 2889 2024 2947 C
2061 2843 2155 2897 καὶ
2183 2842 2244 2895 τὸ
2271 2841 2418 2906 ἔλεός
2453 2859 2546 2894 σου
2576 2843 2670 2895 ἐπὶ
2693 2842 2901 2904 πάντας
2933 2843 3132 2906 αὐτοὺς
3159 2842 3401 2914 ἐξέχεας.

445 2937 536 2990 16.
566 2935 682 2991 Sub
712 2946 808 2991 tuo
831 2937 1055 2990 auxilio.

1983 2931 2024 2947 ν
2128 2932 2216 2987 16.
2255 2932 2392 3012 Ὑπὸ
2417 2939 2517 3004 τὴν
2553 2934 2651 3002 σὴν
2689 2931 2967 3004 βοήθειαν.

447 3027 537 3084 17.
570 3028 615 3081 Α
649 3029 820 3099 gratia
853 3039 967 3082 tua.

2134 3022 2222 3076 17.
2261 3021 2394 3075 Ἀπὸ
2429 3022 2529 3093 τῆς
2565 3023 2786 3094 χάριτός
2822 3040 2937 3077 σου.

445 3119 534 3174 18.
566 3119 771 3173 Sancto
799 3128 892 3173 tuo
921 3117 1144 3189 Spiritu.

2134 3113 2222 3168 18.
2249 3113 2323 3167 Τὸ
2356 3111 2582 3184 Πνεῦμά
2613 3132 2706 3167 σου
2741 3115 2802 3168 τὸ
2823 3115 2997 3184 ἅγιον.

445 3212 535 3268 19.
568 3213 838 3278 Quoniam
866 3212 1008 3281 apud
1039 3220 1092 3265 te
1116 3209 1332 3264 Patrem
1366 3207 1536 3263 Filius
1559 3215 1660 3266 est.

2138 3205 2221 3262 19.
2259 3206 2381 3258 ’Ότι
2412 3206 2564 3277 παρὰ
2591 3208 2673 3260 σοὶ
2702 3206 2785 3279 τῷ¹
2809 3208 2986 3278 Ila-cpi.
3005 3209 3034 3260 ὁ
3071 3209 3219 3273 Υἱός.

445 3302 538 3358 20.
566 3305 626 3357 In
657 3304 774 3373 ipso
805 3302 941 3356 Filio
972 3311 1065 3357 tuo
1092 3301 1400 3356 videbimus
1432 3301 1632 3354 lucem.
1676 3289 1681 3298 ’
1777 3291 1782 3295 ’

2133 3298 2223 3353 20.
2272 3299 2357 3350 Ἐν
2380 3299 2527 3368 αὐτῷ
2547 3299 2624 3369 τῷ
2648 3299 2763 3369 Υἱῷ
2801 3317 2892 3352 σου
2932 3299 3174 3370 ὀψόμεθα
3209 3299 3343 3370 (ριῖις.

447 3397 538 3449 21.
571 3395 934 3450 Credentibus
965 3395 1019 3448 in
1043 3403 1123 3449 te.

2131 3390 2222 3446 2|.
2252 3391 2378 3456 Τοῖς
2415 3391 2761 3445 πιστεύουσιν
2787 3393 2868 3455 εἰς
2898 3391 2975 3444 σέ.

444 3486 538 3541 22.
573 3486 634 3541 Et
652 3487 856 3558 justam
880 3496 1028 3541 tuam
1054 3484 1468 3540 retributionem
1488 3482 1544 3536 in
1565 3481 1954 3552 sempiternum

2129 3482 2220 3536 22.
2251 3483 2360 3536 Καὶ
2389 3483 2485 3554 τὴν
2514 3483 2728 3536 δικαίαν
2757 3501 2850 3536 σου
2885 3483 3307 3553 μισθαποδοσίαν
3354 3484 3645 3555 ἀτελευτή-

377 3579 520 3634 dona
547 3579 767 3634 mundis
795 3580 982 3634 corde.

2059 3590 2170 3637 τως
2200 3572 2443 3644 δώρησαι
2476 3578 2591 3637 τοῖς
2621 3575 2882 3646 καθαροῖς
2918 3579 2984 3646 τῇ
3014 3577 3229 3648 καρδία.

447 3673 540 3728 25.
570 3671 788 3728 Nullum
814 3682 1099 3743 peccatum
1133 3687 1220 3728 me
1245 3671 1575 3742 supplantat.

2133 3665 2223 3720 25.
2252 3665 2344 3736 Μὴ
2376 3668 2666 3736 πτερνήσει
2698 3666 3024 3739 [πτερνήσῃ]
3052 3686 3118 3739 με
3151 3672 3301 3722 πᾶσα
3334 3671 3598 3741 ἁμαρτία.

448 3765 540 3818 24.
573 3764 690 3818 Νοη
720 3764 980 3833 glorietur
1007 3764 1073 3819 de
1104 3779 1188 3819 me
1221 3764 1460 3834 potentia
1486 3761 1713 3817 inimici.

2134 3757 2224 3810 24.
2253 3759 2345 3828 Μὴ
2372 3760 2623 3830 καυχήσῃ
2656 3777 2756 3830 μου
2790 3761 2864 3830 (1)
2900 3762 3188 3816 δυναστεία
3217 3763 3311 3816 τοῦ
3336 3764 3556 3835 ἐχθροῦ.

441 3857 534 3919 25,
565 3857 654 3912 26.
687 3857 904 3911 Cadunt
933 3857 1122 3926 utique
1147 3857 1445 3926 gaudentes
1482 3857 1535 3909 in
1566 3862 1810 3924 peccato.

2133 3849 2225 3913 25,
2251 3849 2340 3902 26.
2361 3851 2467 3902 Ναὶ
2498 3851 2755 3905 πίπτουσι
2780 3854 2854 3921 (2)
2877 3854 3158 3923 χαίροντες
3178 3857 3270 3909 ἐττί
3284 3861 3351 3928 τῇ
3379 3857 3643 3927 ἁμαρτίᾳ.

456 3947 523 4000 Ἡ
554 3946 888 4017 προκειμένη
915 3947 1195 4016 ἐπιγραφὴ
1246 3944 1488 4016 περιέχει
1535 3943 1608 4013 (5)
1637 3960 1650 3973 ’
1694 3941 1776 4007 Τῷ
1828 3936 2026 3993 Δαϐἰδ.
2066 3935 2540 4008 Ἕρμηνεύεταιδὲ
2579 3946 2996 4011 πεποθιιιμέννος
3019 3947 3114 3998 καὶ
3137 3946 3644 4017 ἐξοιυοενιημένοςο

375 4043 509 4115 ὅπερ
545 4041 639 4094 ἐπὶ
675 4039 766 4094 τοῦ
789 4039 1054 4111 παρόντος
1076 4039 1329 4111 ληπτέον,
1361 4039 1448 4092 διὰ
1477 4038 1536 4092 τὸ
1568 4035 1818 4107 εἰρῆσθαι
1849 4033 1938 4086 τὸν
1971 4029 2187 4101 ψαλμὸν
2213 4034 2291 4094 είς
2321 4033 2447 4094 τοὺς
2476 4034 2718 4098 δικαίους
2738 4038 2863 4099 τοὺς
2893 4039 3312 4111 πεποθημένους
3339 4042 3444 4093 ὑπὸ
3472 4041 3607 4096 Θεοῦ
3630 4059 3644 4073 ⁸

373 4138 501 4198 τοὺς
531 4133 605 4204 (4)
636 4134 850 4196 ἀσεϐεῖς
874 4133 1000 4195 τοὺς
1031 4130 1512 4202 ἐξουθενημένους.
1541 4129 1855 4198 Γέγραπται
1892 4124 2000 4196 γάρ
2021 4141 2033 4153 ο
2071 4123 2514 4193 Ἐξουδένωσας
2544 4127 2776 4196 πάντας
2810 4132 2951 4198 τοὺς
2971 4133 3476 4201 ἀποστατοῦντας
3526 4136 3646 4191 ἀπὸ

372 4228 494 4283 τῶν
520 4225 927 4296 δικαιωμάτων
949 4239 1087 4289 σου,
1119 4223 1208 4276 ὅτι
1234 4223 1446 4277 ἄδικον
1471 4222 1535 4275 τὸ
1569 4222 1881 4288 ἐνθύμημα
1912 4218 2129 4274 αὐτῶν.

442 4316 659 4371 Titulus
710 4313 1037 4384 praepositus
1084 4311 1365 4366 continet:
1399 4309 1651 4365 Psalmus
1688 4309 1883 4365 David.
1938 4309 2104 4365 David
2156 4318 2339 4365 autem
2396 4310 2786 4382 interpretatur
2835 4314 3166 4371 desideratus
3203 4328 3256 4372 ct
3280 4328 3648 4389 contemptus;

375 4412 520 4485 quod
557 4412 611 4465 in
642 4409 896 4480 praesenti
924 4409 999 4462 ita
1034 4406 1415 4477 accipiendum
1449 4414 1550 4472 est,
1575 4415 1862 4477 propterea
1892 4407 2038 4476 quod
2063 4408 2311 4476 psalmus
2335 4407 2517 4463 dictus
2551 4418 2634 4463 est
2667 4410 2724 4463 in
2769 4410 2953 4480 justos
2981 4430 3008 4464 ιι
3034 4412 3145 4467 Deo
3177 4414 3518 4471 desideratos
3546 4436 3560 4470 :
3590 4418 3645 4471 in

375 4507 574 4578 impios
600 4521 630 4558 a
663 4503 776 4558 Deo
815 4507 1178 4570 contemptos.
1211 4497 1490 4570 Scriptum
1525 4508 1611 4554 est
1652 4500 1797 4555 enim
1828 4518 1840 4556 :
1873 4500 2130 4570 Sprevisti
2162 4515 2341 4555 omnes
2390 4500 2713 4556 discedentes
2760 4520 2794 4556 a
2832 4505 3058 4573 judiciis
3103 4509 3230 4574 tuis,
3270 4511 3398 4578 quia
3442 4511 3646 4580 injusta

375 4598 626 4670 cogitatio
651 4612 833 4651 eorum
858 4593 926 4648 ⁵⁸.

446 4693 498 4748 1.
534 4688 656 4745 Noli
683 4687 978 4745 assimilari
1001 4686 1442 4759 malignantibuo.

1988 4689 2033 4744 D
2133 4687 2184 4740 1.
2217 4686 2309 4758 Μὴ
2339 4687 2523 4758 ὁμοίου
2550 4689 2673 4754 τοῖς
2704 4691 3239 4760 ποιηρευομένοις·

450 4785 506 4840 2.
538 4781 724 4853 Neque
753 4791 804 4837 te
826 4780 1227 4851 comparaveris
1252 4779 1318 4833 ad
1340 4778 1557 4833 illorum
1582 4777 1846 4834 actiones.

2132 4781 2186 4834 2.
2214 4781 2365 4852 Μηδὲ
2392 4780 2664 4846 ἐξισοῦται
2688 4782 2764 4854 (5)
2790 4782 2990 4854 [ὲξισοῦ
3009 4784 3091 4858 σε]
3107 4788 3224 4850 ταῖς
3253 4787 3478 4842 ἐκείνων
3508 4790 3646 4864 πρά-

2095 4890 2196 4928 εσι.

451 4961 781 5029 5.Quoniam
815 4971 1072 5031 tanquam
1104 4960 1280 5030 fenum
1307 4967 1471 5016 decor
1498 4958 1807 5015 divitiarum
1840 4974 1961 5015 sua-

2112 4891 2196 4928 ;σι.

2132 4967 2184 5021 5.
2220 4964 2343 5021 ’Ότι
2371 4965 2446 5038 (6,
2474 4967 2606 5021 ὡσεὶ
2644 4969 2835 5041 χόρτος
2875 4971 2909 5044 ἡ
2941 4972 3248 5044 εὐπρέπεια
3288 4974 3396 5030 τῶν
3425 4977 3643 5050 χρημά-

376 5070 500 5116 rum
510 5094 525 5108 .

2061 5077 2168 5113 των
2195 5061 2392 5114 αὐτῶν.

447 5186 495 5219 ⁸⁸
523 5183 726 5242 Psalm.
759 5199 951 5252 cxvm,
987 5185 1110 5242 118.

1331 5300 1640 5364 Addenda
1673 5306 1734 5363 et
1781 5301 2156 5382 corrigenda
2190 5322 2268 5366 ex
2302 5306 2441 5368 cod.
2476 5307 2682 5370 Vatic.

563 5427 882 5502 Κατισχῦσῃ
916 5445 1036 5499 μου.
1083 5497 1094 5502 _
1186 5497 1199 5502 _
1257 5497 1269 5502 _
1379 5497 1405 5502 μ
1439 5497 1457 5502 _
1537 5497 1603 5502 Μ
1814 5500 1822 5502 ᾗ
1933 5500 1940 5502 _
2143 5429 2220 5502 (4)
2253 5431 2361 5502 Καὶ
2390 5432 2469 5502 είς
2495 5430 2642 5496 τούς,
2671 5439 2776 5489 etc.

457 5497 536 5571 (2)
581 5497 1002 5571 Ἀνατρέπονται
1034 5497 1144 5569 γὰρ
1178 5497 1283 5550 ὑπὸ
1313 5497 1406 5571 τοῦ
1435 5497 1704 5563 διαϐόλου,
1741 5500 1836 5552 κα)¹
1885 5500 1959 5571 μὴ
2252 5500 2493 5571 ίἙξισοῦ.

378 5566 903 5643 δυναμένῳ-στῆναι,
941 5566 1203 5643 πίπτουσι
1237 5568 1540 5643 χαίροντες,
1576 5577 1681 5623 etc.
1712 5638 1736 5643 _
1795 5642 1799 5643 ν
2247 5570 2308 5623 Ν.
2353 5572 2407 5635 5,
2538 5573 2730 5627 Ὅτι...
2773 5570 2954 5625 αὐτῶν
3006 5571 3142 5643 ταχὺ
3209 5569 3640 5643 μαρανθήσεται,

382 5637 754 5762 Τιὲδέαὲἷδδὲἓι
935 5637 1345 5761 ζὲζτναϐάοεως
1368 5640 1609 5710 περιέχει
1632 5657 1643 5670 ·
1668 5638 1745 5711 τῷ
1777 5639 1958 5694 Δαϐίδ.
2069 5637 2162 5695 κα)
2185 5637 2249 5696 ἑκ
2277 5643 2375 5714 τῆς
2401 5642 2560 5715 δόξης
2599 5643 2691 5696 τοῦ
2722 5643 2953 5697 πλούτου
2985 5637 3164 5698 adibit
3194 5637 3331 5714 ταχὺ
3372 5637 3499 5708 ἁπζ,
3537 5653 3642 5700 etc.
