3878 6218
214 300 324 360 785
1096 304 1185 360 DE
1225 305 1505 407 ΤιΤυιιε
1536 309 1989 369 PSALMORUM.
2026 343 2098 357 --
2121 312 2319 370 PSAL.
2354 312 2595 371 XXXVI.
3371 321 3479 381 786

287 420 338 476 ἆ.
365 422 476 477 Καὶ
502 421 637 477 ὡσεὶ
658 423 866 496 λάχανα
892 425 1056 497 χλόης
1077 429 1215 498 ταχὺ
1254 430 1677 488 ἀποπεσοῦνται.

1964 436 2018 490 4.
2052 434 2119 491 Ει
2162 436 2626 509 quemadmodum
2669 436 2821 495 olera
2862 438 3163 497 herbarum
3187 442 3296 499 cito
3324 444 3475 499 deci-

1458 543 1463 549 '
1896 526 2047 582 dent.
3472 524 3489 537 ’

286 599 337 654 5.
372 599 632 655 Ἐλπισον
662 602 755 656 ἐπὶ
779 603 1004 676 Κύριον,
1033 607 1128 659 καὶ
1155 606 1295 661 ποίει
1325 610 1670 682 χρηστότητα
1690 629 1704 642 ·

1588 628 1670 682 ιτα
1690 629 1704 642 ·
1966 620 2020 673 5.
2055 618 2221 690 Spera
2246 620 2301 676 in
2326 621 2579 688 Domino,
2603 631 2656 678 et
2680 622 2767 680 fac
2786 624 3119 694 bonitatem;

286 691 340 747 6.
367 694 477 745 Kal.
508 697 849 767 κατασκήνου
878 696 974 767 τὴν
996 698 1135 766 γῆνα·

1968 712 2021 767 6.
2058 712 2125 768 Et
2150 714 2397 769 inhabita
2428 724 2631 770 terram
2653 734 2667 784 ;

284 784 338 839 7.
369 785 480 838 Καὶ
509 788 855 860 ποιμανθήσῃ
891 789 984 842 ἐπὶ
1006 789 1086 860 τῷ
1120 790 1333 861 πλούτῳ
1356 793 1548 863 αὐτῆς.

1356 793 1548 863 αὐτῆς.
1968 802 2021 857 7.
2052 802 2120 858 Et
2148 806 2391 873 pasceris
2417 806 2473 860 in
2498 807 2701 863 divitiis
2732 808 2870 877 ejus.

279 878 333 931 8.
366 878 801 951 Κατατρύφησον
852 882 944 936 τοῦ
1001 885 1228 956 Κυρίου,
1281 887 1375 940 καὶ
1418 887 1579 942 δώσει
1609 888 1795 943 σοιητὰ

1966 896 2018 949 8.
2058 895 2338 953 Delectare
2375 898 2433 952 in
2472 897 2728 966 Domino,
2759 908 2823 956 et
2858 902 3010 959 dabit
3047 904 3142 960 tibi
3186 906 3477 977 petitiones

210 970 493 1040 αἰτήματα
519 972 620 1042 τῆς
644 972 875 1043 καρδίας
900 992 1017 1029 σου.

675 972 875 1043 ιαρδίας
900 992 1017 1029 σου.
1899 988 2081 1044 cordis
2109 990 2206 1044 tui.

282 1060 352 1154 £3;
383 1060 756 1130 ’Δποκάλυψον
781 1064 918 1135 πρὸς
945 1065 1153 1138 Κύριον
1180 1069 1278 1140 τὴν
1302 1070 1419 1123 ὁδόν
1454 1088 1567 1136 σου,

1501 1089 1567 1136 δυ,
1970 1080 2022 1135 9.
2057 1080 2258 1138 Revela
2281 1084 2347 1139 ad
2370 1082 2663 1141 Dominum
2686 1087 2829 1141 viam
2852 1095 3032 1154 tuam,

286 1144 376 1199 10.
417 1147 527 1199 Καὶ
560 1147 778 1202 ἕλπισον
813 1152 900 1205 ἐπ’
923 1154 1106 1219 αὑτὸν,
1141 1158 1235 1210 καὶ
1260 1158 1421 1223 αὑτὸς
1448 1162 1683 1232 ποιήσει.

282 1239 372 1294 11.
409 1241 737 1306 Καὶὲξοίσει
769 1245 846 1308 ὡς
867 1246 981 1315 φῶς
1009 1247 1105 1319 τὴν
1132 1250 1475 1323 δικαιοσύνην
1500 1272 1591 1307 σου
1611 1270 1625 1284 ⁸

283 1333 373 1388 12.
411 1335 521 1389 Καὶ
544 1337 607 1390 τὸ
639 1339 813 1409 κρῖμά
833 1357 926 1394 σου
958 1342 1031 1406 ὡς
1065 1344 1437 1417 μεσημϐρίαν.

1965 1172 2055 1226 10.
2086 1172 2152 1228 Ει
2174 1190 2329 1243 spera
2356 1176 2410 1229 in
2442 1192 2529 1241 eo,
2551 1186 2606 1232 et
2634 1178 2751 1247 ipse
2772 1178 2967 1235 faciet:

1973 1266 2061 1319 11.
2098 1265 2165 1320 Ει
2191 1268 2385 1323 educet
2418 1269 2577 1339 quasi
2610 1270 2794 1325 lumen
2813 1272 3085 1341 justitiam
3110 1280 3281 1328 tuam.

1965 1356 2053 1410 12.
2091 1357 2157 1413 Ει
2179 1360 2447 1429 judicium
2479 1371 2633 1415 tuum
2670 1371 2926 1432 tanquam
2953 1366 3254 1420 meridiem.

283 1425 374 1479 15.
420 1427 756 1500 ’Υποτάγηθι
788 1431 866 1500 τῷ
888 1433 1099 1505 Κυρίῳ,
1124 1437 1217 1488 καὶ
1247 1437 1521 1491 ἱκέτευσον
1554 1441 1735 1496 αὑτόν.

1628 1441 1735 1496 τόν.
1964 1447 2050 1500 15.
2082 1425 2345 1505 διῶόίιυε
2379 1459 2497 1505 esto
2519 1425 2862 1520 Domino,-et
2884 1469 2978 1508 ora
3011 1469 3158 1509 eum.

284 1518 376 1572 M.
410 1520 502 1591 Μὴ
542 1521 859 1593 παραζήλου
902 1526 961 1578 ἐν
1002 1526 1081 1595 τῷ
1116 1530 1562 1603 κατευοδουμένῳ
1612 1534 1669 1586 ἐν
1723 1553 1737 1586 η

206 1607 317 1663 ὁδῶ
340 1608 505 1662 αὑτοῦ
523 1629 535 1640 ·

1969 1538 2054 1593 id.
2089 1539 2209 1595 Noli
2259 1543 2506 1597 aamulari
2551 1544 2608 1597 in
2652 1558 2719 1599 eo
2768 1546 2862 1614 qui
2915 1556 3271 1616 prosperatur
3310 1546 3364 1600 in
3390 1545 3472 1600 via

286 1627 317 1677 ρ
340 1627 505 1662 αυτου
523 1629 535 1640 ·

1890 1652 2018 1693 sua:

1966 1680 2020 1705 “’

1966 1727 2057 1781 15.
2083 1726 2141 1780 In
2174 1727 2396 1783 homine
2428 1727 2664 1784 faciente
2688 1731 3022 1800 injustitias.‘

1965 1818 2051 1873 16.
2086 1818 2282 1873 Desine
2307 1821 2375 1874 ab
2407 1820 2508 1888 ira,
2540 1830 2595 1875 et
2623 1822 2936 1893 derelinque
2959 1823 3199 1877 furorem
3227 1841 3241 1877 :

276 1699 369 1782 15.
411 1701 499 1755 Ἐν
533 1702 1072 1777 ἀνθρώταρποιοῦντι
1119 1713 1481 1782 παρανομίαν.

284 1777 374 1845 16.
410 1791 622 1846 Παῦσαι
638 1774 757 1848 ήάπὸ
776 1774 966 1868 όργῆς,
993 1800 1088 1852 καὶ
1122 1774 1454 1869 ἐγκατάλιπε
1481 1804 1651 1874 θυμόν
1672 1824 1684 1836 ’
1820 1774 1869 1836 Β

279 1881 374 1936 17.
404 1884 497 1955 Μὴ
538 1885 873 1958 παραζήλου,
905 1888 1045 1943 ὥστε
1073 1894 1468 1964 πονηρεύεσθαι
1494 1912 1508 1926 ο

1452 1914 1468 1948 ι
1494 1912 1508 1926 °
1969 1912 2055 1965 l7.
2088 1909 2210 1965 Noli
2238 1913 2509 1979 aemulari,
2546 1922 2603 1968 ut
2632 1881 2978 1985 maligneris;

282 1974 378 2030 18.
413 1975 534 2029 Ὅτι
563 1978 613 2029 οἱ
635 1980 1060 2051 πονηρευόμενοι
1083 1982 1627 2057 ὲξολοθρευθήσονται
1647 2007 1660 2019 ο

1965 2002 2052 2056 18.
2084 2001 2373 2069 Quoniam,
2399 2003 2493 2074 qui
2518 2006 2909 2076 malignantur,
2933 2006 3469 2063 exterminabuntur:

279 2067 370 2121 19.
402 2069 466 2122 Οί
493 2068 552 2121 δὲ
575 2070 939 2140 ὑπομένοντες
968 2073 1058 2127 τὸν
1094 2075 1321 2146 Κύριον,
1360 2079 1513 2132 αὑτοὶ
1534 2081 1792 2153 κληρονο-

1968 2067 2434 2152 19.,Sustinentes
2462 2067 3003 2166 autevaominum,
3037 2098 3143 2168 ipsi
3180 2097 3464 2154 haeredita-

211 2159 452 2230 μήσουσι
481 2160 584 2232 τὴν
620 2161 746 2231 γῆν.

1895 2183 2032 2238 bunt
2068 2192 2287 2238 terram.

276 2249 373 2305 20.
406 2252 516 2305 Καὶ
537 2251 617 2304 ἔτι
638 2252 836 2322 ὀλίγον,
859 2255 952 2307 καὶ
972 2257 1033 2308 οὑ
1055 2257 1127 2328 μὴ
1155 2259 1372 2330 ὑπάρξῃ
1396 2263 1423 2314 ὁ
1446 2262 1786 2335 ἁμαρτωλός·

1969 2273 2060 2333 20.
2086 2273 2153 2328 Et
2180 2276 2361 2331 adhuc
2393 2276 2674 2346 pusillum,
2700 2287 2754 2333 et
2786 2294 2893 2335 non
2917 2279 3021 2333 erit
3055 2286 3325 2347 peccator.

278 2342 525 2401 2,1.,Καὶ
541 2342 798 2415 ζητήσεις
820 2345 909 2398 τὸν
926 2346 1090 2399 τόπον
1107 2348 1291 2413 αὑτοῦ,
1312 2353 1405 2405 καὶ
1426 2353 1486 2406 οὑ
1510 2355 1583 2425 μὴ
1602 2355 1786 2429 εὕρῃς.

1758 2375 1786 2419 .'.
1972 2364 2063 2420 21.
2094 2365 2160 2419 Et
2185 2381 2398 2435 quaeres
2429 2369 2609 2423 locum
2640 2369 2779 2439 ejus.
2804 2378 2858 2425 et
2880 2384 2988 2423 non
3025 2370 3289 2424 invenies.

278 2438 377 2493 22.
406 2439 470 2491 ΟΞ
494 2438 551 2492 δὲ
584 2442 781 2511 πραεῖς
811 2441 1278 2512 κληρονομήσουσι
1305 2445 1408 2516 γῆν
1433 2461 1446 2474 ’

1968 2455 2058 2509 22.
2089 2456 2355 2513 Mansueti
2382 2468 2563 2514 autem
2595 2438 2991 2516 litereditabunt
3020 2472 3220 2515 terram
3246 2480 3258 2515 :

276 2528 375 2585 25.
404 2529 515 2583 Καὶ
542 2533 1054 2603 κατατρυφήσουσιν
1088 2535 1180 2587 ἐπὶ
1210 2534 1403 2605 πλήθει
1427 2538 1667 2609 εἰρήνης.

1971 2543 2061 2598 25.
2094 2544 2159 2598 Et
2187 2545 2608 2603 delectabuntur
2641 2549 2697 2607 in
2730 2549 3078 2605 multitudine
3103 2551 3274 2626 pacis.

1346 2689 1727 2751 ATHANASII
1764 2692 2347 2756 INTERPRETATIO.

276 2840 337 2898 4.
370 2840 520 2913 Ταχὺ
547 2841 950 2897 ὰωπεσοῦνται
980 2843 1197 2915 θανάτῳ
1232 2846 1649 2917 παραδοθέντες.

1350 2846 1649 2911 αδοθέντες.
1821 2859 1863 2916 C
1968 2856 2023 2909 4.
2057 2855 2179 2913 Cito
2205 2859 2454 2915 decident
2478 2862 2643 2916 morti
2671 2862 2876 2917 traditi.

278 2934 337 2988 5.
370 2934 480 2987 Καὶ
515 2935 659 2988 ποίει
686 2937 794 2990 πᾶν
817 2937 977 3008 ἔργον
1006 2938 1231 3006 ἀγαθόν.

1975 2947 2027 3002 5.
2062 2948 2134 3003 Ει
2165 2949 2249 3006 fac
2270 2968 2433 3007 omne
2459 2968 2608 3023 opus
2632 2954 2861 3010 bonum.

273 3026 335 3088 6,
370 3026 421 3080 7.
456 3027 564 3080 Καὶ
617 3028 756 3081 οἴκει
810 3031 904 3082 ἐπὶ
955 3030 1054 3100 τῆς
1089 3032 1194 3101 γῆς
1238 3035 1656 3105 ποιμαινόμενος
1690 3036 1795 3097 ὑπὸ

1970 3040 2025 3105 6,
2050 3040 2101 3094 7.
2132 3040 2197 3097 Ει
2226 3042 2409 3099 habita
2451 3046 2507 3098 in
2546 3055 2690 3100 terra
2724 3046 2962 3102 nutritus
2983 3061 3014 3100 a
3034 3044 3266 3101 Domino
3292 3064 3305 3099 :
3335 3045 3474 3099 divi-

204 3120 424 3191 Κυρίου
445 3136 459 3149 ο
500 3120 729 3184 πλοῦτος
778 3122 886 3193 γὰρ
915 3124 1012 3194 τῆς
1044 3124 1146 3194 γῆς
1175 3126 1203 3178 ὁ
1242 3126 1447 3197 Κύριος
1477 3129 1734 3200 ὑπάρχει,

1944 3147 1990 3186 te
2015 3133 2160 3187 enim
2196 3143 2355 3191 terra;
2386 3135 2655 3193 Dominus
2695 3146 2844 3203 sunt,
2878 3139 3062 3194 ditans
3087 3154 3207 3195 eam
3236 3139 3473 3195 diversis

205 3212 463 3266 πλουτῶν
493 3214 664 3285 αὑτὴν
692 3214 1180 3287 ἄνθεσιδιαφόροις
1210 3218 1303 3273 καὶ
1340 3218 1578 3291 δένδρεσι
1602 3238 1736 3273 παντ

1382 3219 1578 3291 ἑνδρεσι
1602 3238 1797 3273 παντο·
1900 3222 2127 3281 ﬂoribus
2143 3235 2201 3284 et
2226 3228 2375 3288 omni
2402 3244 2600 3301 genere
2631 3230 2913 3285 arborum.

205 3304 427 3360 δαπέσι.

278 3399 337 3453 8.
390 3398 699 3470 ’Δγόιπησον
722 3402 813 3454 τὸν
844 3401 1048 3474 Κύριον
1082 3400 1141 3465 ἐξ
1173 3402 1300 3473 ὅλης
1320 3403 1499 3474 ψυχῆς
1524 3446 1549 3467 ,λ
1575 3403 1654 3476 (1)
1704 3407 1797 3458 καὶ

1972 3405 2026 3459 8.
2054 3404 2225 3478 Dilige
2264 3406 2557 3464 Dominum
2598 3417 2815 3469 extota
2852 3375 3065 3476 anima,
3093 3415 3148 3463 et
3186 3406 3345 3464 faciet
3372 3424 3475 3464 evo-

205 3490 278 3544 τὰ
315 3488 603 3563 θελήματά
634 3510 724 3545 σου
760 3494 1000 3564 ποιήσει.

771 3494 1000 3564 ποιήσει.
1901 3497 2137 3554 luntates
2163 3508 2302 3555 tuas.

279 3582 339 3637 9.
390 3583 817 3653 Ἀποκάλυψον
846 3587 997 3653 πρὸς
1023 3587 1241 3655 Κύριον
1256 3586 1355 3657 τὴν
1376 3586 1607 3658 καρδίαν
1636 3605 1751 3652 σου,

1456 3586 1607 3658 ρδίαν
1636 3605 1751 3652 σου,
1976 3592 2029 3647 9.
2062 3590 2251 3645 Revela
2280 3595 2347 3644 ad
2385 3592 2666 3647 Dominum
2690 3610 2785 3651 cor
2807 3602 2983 3661 tuum,

282 3676 376 3729 10.
413 3677 525 3729 Καὶ
550 3677 713 3740 αὑτὸς
739 3677 994 3750 ὁδηγήσει
1030 3696 1087 3731 σε
1118 3680 1197 3742 εἰς
1231 3680 1337 3735 πᾶν
1373 3678 1532 3751 ἔργον
1568 3681 1793 3748 ἀγαθόν.

1976 3683 2064 3739 HL
2098 3683 2165 3737 Et
2191 3685 2305 3753 ipse
2327 3684 2556 3740 deducet
2584 3694 2635 3741 te
2660 3686 2715 3740 in
2750 3702 2912 3741 omne
2944 3702 3080 3755 opus
3109 3684 3334 3741 bonum.

284 3769 380 3823 11.
412 3768 698 3843 Καθαρὰν,
739 3770 908 3838 λέγει.

1974 3776 2061 3828 11.
2088 3774 2368 3841 Mundam,
2396 3776 2593 3846 inquit.

286 3864 380 3918 12.
416 3865 867 3936 Πεφωτισμένην.

1976 3869 2064 3922 12.
2094 3868 2462 3927 lUuminatum
2495 3867 2652 3923 dicit.

284 3954 485 4009 15-15.
513 3956 863 4010 Ταπείνωσον
898 3958 1125 4013 σεαυτὸν
1159 3956 1237 4028 (2.)
1269 3957 1375 4010 ὑπὸ
1404 3956 1500 4027 τὴν
1529 3955 1798 4027 κραταιὰν

1975 3960 2166 4014 15-15.
2214 3959 2450 4014 Humilia
2478 3960 2715 4029 teipsum
2737 3962 2840 4016 sub
2872 3962 3076 4031 potenti
3107 3961 3243 4031 .ejus
3270 3976 3473 4015 manu:

213 4047 386 4107 αὑτοῦ
414 4049 575 4119 χεῖρα
596 4063 611 4078 ·
640 4047 737 4118 μὴ,
761 4046 857 4102 ἐὰν
884 4048 997 4119 ἴδῃς
1036 4050 1160 4111 τοὺς
1191 4049 1606 4119 ἁμαρτάνοντας
1634 4047 1744 4099 εὑθι

1946 4066 1991 4115 e,
2045 4052 2103 4108 si.
2135 4052 2336 4107 videris
2373 4062 2687 4122 peccatores
2737 4068 2994 4122 prospere
3041 4062 3281 4124 agentes,
3331 4054 3477 4108 indi-

213 4138 464 4203 νοῦντας,
499 4138 761 4210 ὀργισθῇς
785 4140 841 4191 ὲν
872 4143 939 4211 τῇ
972 4139 1167 4211 καρδίᾳ
1209 4156 1304 4192 σου
1347 4138 1412 4192 δι’
1462 4140 1679 4201 αὑτοὺς,
1708 4157 1741 4191 κ

1944 4142 2088 4197 neris
2111 4155 2333 4212 propter
2364 4142 2539 4198 eosin
2569 4141 2733 4199 corde
2757 4150 2874 4209 tuo,
2908 4152 2963 4199 et
2993 4145 3126 4199 velis
3158 4145 3319 4199 talem
3338 4144 3475 4211 ﬁeri,

214 4224 458 4298 θελήσῃς
488 4225 741 4293 γενέσθαι
766 4226 1003 4290 τοιοῦτος
1026 4229 1207 4290 ὁποῖος
1237 4228 1501 4290 κάκεῖνος.

849 4226 1003 4290 οὗτος
1026 4229 1207 4290 ὁποῖος
1237 4228 1501 4290 κάκεῖνος.
1835 4222 1880 4276 Ῑ)
1908 4233 2100 4303 quales.
2128 4235 2202 4289 illi
2230 4244 2377 4290 sunt.

289 4316 383 4371 16.
425 4316 593 4387 Ὀργὴ
622 4318 732 4388 γὰρ
754 4317 947 4388 ἀνδρὸς
972 4318 1319 4389 δικαιοσύνην
1344 4317 1478 4370 Θεοῦ
1512 4318 1610 4370 οὐκ
1632 4319 1801 4388 ἁπερ-

1979 4325 2068 4379 16.
2102 4324 2184 4381 lra
2228 4328 2374 4383 enim
2421 4328 2665 4387 hominis
2698 4329 2969 4401 justitiam
2996 4328 3103 4384 Dei.
3134 4342 3245 4385 non
3283 4342 3479 4397 opera-

215 4407 449 4477 γάζεται
472 4408 569 4477 ('5).

481 4408 569 4477 βλ
1905 4426 2012 4471 tur.

290 4501 385 4573 17.
413 4499 506 4572 Μὴ
544 4500 711 4571 μιμοῦ
743 4502 811 4554 τὸν
834 4502 1021 4555 κακόν.

1980 4508 2069 4577 1⁸1.
2099 4507 2178 4563 Ne
2200 4509 2431 4566 imiteris
2458 4512 2683 4566 malum.

287 4592 381 4646 18.
413 4592 536 4646 Ὅτι
559 4594 607 4645 οἱ
637 4592 916 4657 ποιοῦντες
937 4595 997 4647 τὸ
1025 4595 1192 4648 κακὸν
1237 4594 1794 4667 ἑξολοθρευθήσονται.

1978 4602 2061 4656 18.
2102 4601 2373 4668 Quoniam
2412 4601 2674 4659 facientes
2718 4602 2924 4656 malum
2968 4601 3478 4655 extermiitaountur.

289 4684 381 4741 19.
415 4685 478 4737 Οἱ
524 4684 583 4738 δὲ
624 4684 1047 4754 ἀπεκδεχόμενοι
1081 4685 1173 4740 τοῦ
1212 4687 1420 4758 Κυρίου
1464 4687 1560 4759 τὴν
1596 4690 1798 4759 ἐπιφά-

1977 4694 2067 4748 19.
2095 4692 2492 4763 Exspectantes
2538 4704 2719 4749 autem
2766 4692 2986 4750 Domini
3030 4693 3341 4760 adventum,
3366 4691 3480 4762 ipsi

217 4793 395 4843 νειαν,
428 4776 584 4830 αὑτοὶ
620 4776 1093 4849 κληρονομήσουσι
1121 4778 1219 4850 τὴν
1252 4778 1524 4849 βασιλείαν
1565 4780 1673 4835 τῶν
1705 4782 1748 4834 oi

1389 4778 1524 4833 telam
1565 4780 1673 4835 τῶν
1705 4781 1798 4834 ού·
1907 4785 2311 4841 haereditabunt
2340 4801 2568 4854 regnum
2594 4786 2881 4842 caelorum.
2916 4834 2920 4839 .

219 4887 422 4943 ρανων.

286 4961 381 5017 20.
419 4961 629 5030 Ὀλίγον
668 4962 775 5033 γάρ
808 4964 945 5023 ἐστι,
978 4963 1073 5015 καὶ
1105 4964 1436 5034 παρέρχεται
1460 4966 1488 5017 ὁ
1518 4965 1738 5035 κόσμος.

1974 4960 2065 5016 20.
2096 4960 2357 5015 Pusﬂlum
2386 4962 2533 5016 enim
2556 4969 2659 5025 est,
2687 4970 2742 5016 et
2767 4963 3005 5018 mundus
3035 4964 3346 5033 pertransit.

287 5054 380 5109 21.
412 5055 770 5127 Παραδίδοται
801 5054 910 5125 γὰρ
945 5054 1175 5117 ἕκαστος
1217 5054 1325 5108 τῶν
1374 5056 1798 5127 ἁμαρτανόντων

1974 5052 2067 5105 21.
2094 5050 2306 5123 Singuli
2328 5052 2475 5108 enim
2501 5062 2817 5123 peccatores
2837 5061 3057 5110 aeternae
3074 5054 3347 5125 punitioni
3372 5061 3502 5109 trag.

214 5147 283 5215 τῇ
309 5144 504 5215 αἰωνίᾳ.
536 5145 755 5198 κολάσει
790 5145 886 5215 (4).

598 5145 755 5198 κλάσει
1906 5145 2129 5199 duntur.

287 5234 380 5291 22.
405 5235 517 5306 Τὴν
546 5235 659 5289 ἄνω
696 5235 1049 5306 Ἰερουσαλὴμ
1075 5234 1244 5304 λέγει.

1980 5233 2071 5291 22.
2110 5233 2413 5305 Supernam
2435 5235 2736 5292 .erusalem
2762 5236 3050 5308 significat.

290 5328 381 5382 25.
414 5328 512 5391 Εἰς
542 5326 634 5379 τὸν
672 5326 845 5381 αἰῶνα
874 5325 967 5380 τοῦ
994 5326 1208 5389 αἰῶνος.

1151 5344 1208 5389 ις.
1982 5327 2072 5380 25.
2104 5325 2161 5381 In
2186 5328 2447 5383 saeculum
2476 5329 2682 5384 saeculi.

1172 5481 1480 5543 Addenda
1527 5486 1591 5543 et
1619 5481 1995 5562 corrigenda
2040 5501 2118 5544 ex
2153 5483 2291 5545 cod.
2328 5484 2531 5546 Vatic.

389 5585 585 5660 ξιξυχῇς
616 5603 731 5660 σ-ου,
762 5588 855 5660 καὶ
881 5586 947 5639 τά
985 5585 1383 5660 εῑῄνριηάεδιιηι
1505 5586 1637 5660 cod_._
1713 5656 1725 5660 Δ
1751 5657 1764 5660 _

1080 5585 1153 5639 εἰ.
1172 5586 1383 5660 _desunt
1505 5586 1637 5660 c0d_._
1713 5656 1725 5660 _
1751 5657 1764 5660 _
1980 5589 2058 5660 ('5)
2086 5589 2161 5642 Οὑ
2197 5589 2611 5660 κατεργάζεται.

295 5653 458 5732 ['2_)_1_‘l.
485 5653 582 5710 ⁷13.
633 5657 1016 5732 Ἰξαξτείνωσονῌ
1036 5655 1304 5732 ἑαυτὸν...
1354 5658 1566 5732 χεῖραη-
1592 5653 1660 5709 Ν.
1706 5656 1793 5726 14,
2087 5660 2181 5723 Εἰς
2208 5660 2307 5732 τὴν
2332 5653 2545 5715 bdva
2582 5660 2819 5715 κόλασιν,

221 5724 305 5780 15.
338 5727 497 5798 Μὴ...
553 5725 807 5795 γενέσθαι
860 5725 1134 5793 τοσοῦτος,
1185 5724 1668 5782 ὁποῖοι”κᾶκεῖνοι.
