3878 6218
386 277 487 334 737
1226 288 1285 343 S.
1328 288 1702 347 ATHANASII
1741 292 1892 348 OPP.
1934 291 2119 349 PARS
2153 293 2244 347 III.
2279 323 2350 334 —
2384 286 2799 346 EXEGETICA.
3543 285 3669 343 788

450 398 540 450 2t.
577 397 899 456 Observabit
923 413 1178 473 peccator
1201 406 1413 475 justum
1441 427 1454 462 :

1984 416 2032 474 Α
2129 411 2706 481 24.,Παρατηρήσεται
2744 411 2774 462 ὁ
2805 406 3128 480 ἁμαρτωλὸς
3155 407 3244 463 τὸν
3268 407 3508 464 δίκαιον·

457 489 548 543 25.
581 488 648 544 Ει
677 492 926 548 stridebit
953 511 1117 565 super
1147 513 1272 552 eum
1300 501 1555 558 dentibus
1585 503 1743 567 suis.,

2137 503 2228 557 25.
2260 503 2370 554 Καὶ
2405 500 2590 572 βρύξει
2616 503 2702 554 ἐπ’
2735 501 2897 554 αὐτὸν
2918 500 3045 563 τοὺς
3078 499 3298 563 ὀδόντας
3326 498 3514 555 αὑτοῦ.

456 581 544 634 26.
574 581 836 642 Dominus
872 597 1050 642 autem
1080 590 1329 645 irridebit
1358 609 1482 646 eum
1507 613 1520 647 :

2136 592 2226 647 26.
2271 593 2328 645 '0
2357 592 2413 646 δὲ
2434 591 2638 663 Κύριος
2671 590 3026 659 ὲκγελὰσεται
3064 589 3257 644 αὐτόν·

458 671 547 726 27.
573 672 842 740 Quoniam
872 680 1153 748 prospicit,
1179 684 1322 752 quod
1353 685 1535 739 veniet
1559 686 1675 741 dies
1703 686 1845 757 ejus.

2134 685 2224 740 2⁵1.
2255 685 2378 735 Ὅτι
2403 681 2717 754 προϐλέπει,
2744 682 2825 734 ὅτι
2851 680 2971 751 ἥξει
3000 682 3032 749 ἡ
3069 681 3256 751 ἡμέρα
3289 678 3477 734 αὐτοῦ.

458 763 547 818 28.
582 765 834 823 Gladium
862 772 1288 841 evaginaverunt
1319 789 1668 847 peccatores;

2138 779 2227 833 28.
2266 777 2563 848 Ῥομφαίαν
2591 775 2900 829 ἐσπάσαντο
2925 775 2976 827 οἱ
3002 773 3317 845 ἁμαρτωλοί
3333 789 3347 803 ⁸

460 855 549 910 29.
584 857 935 917 lntenderunt
975 880 1165 921 arcum
1201 883 1360 923 suum
1401 868 1610 940 [suum,
1645 887 1762 927 rem
1815 889 1966 928 ama-

2139 871 2227 924 29.
2272 869 2568 923 Ἑνέτειναν
2603 867 2754 933 τόξον
2801 866 2980 922 αὐτῶν
3015 864 3218 938 [αὐτῶν
3278 867 3514 937 πρᾶγμα
3562 881 3664 918 πιρ-

389 946 532 1018 ram]
557 966 569 1013 ;

2070 961 2234 1034 κρόν]
2251 980 2265 996 ·

457 962 505 999 m
557 966 569 1013 ;

457 961 547 1088 50].
581 1033 649 1090 Ut
681 1035 940 1106 dejiciant
965 1056 1257 1111 pauperem
1287 1053 1342 1099 et
1372 1045 1591 1117 inopem
1620 1066 1636 1114 ;

2112 981 2140 1014 ο
2174 981 2201 1013 ν
2251 980 2266 996 ο

2070 981 2120 1034 κ.
2263 1053 2369 1107 Τοῦ
2397 1052 2722 1106 καταϐαλεῖν
2752 1050 2966 1122 πτωχὸν
2984 1052 3078 1104 καὶ
3106 1050 3316 1121 πένητα
3335 1065 3350 1080 ο

462 1128 550 1182 51.
591 1129 656 1183 Ut
682 1132 956 1187 trucident
987 1144 1166 1190 rectos
1194 1137 1378 1191 corde.

2138 1146 2226 1199 51.
2259 1146 2365 1198 Τοῦ
2399 1144 2598 1214 σφάξαι
2627 1145 2754 1207 τοὺς
2779 1144 2955 1206 εὐθεῖς
2981 1145 3046 1213 τῇ
3080 1143 3295 1214 καρδίᾳ.

459 1220 548 1273 52.
581 1221 806 1280 Gladius
839 1239 1031 1280 eorum
1058 1227 1223 1282 intret
1250 1228 1306 1282 in
1324 1245 1420 1284 cor
1446 1229 1660 1304 [corda]
1683 1247 1963 1304 ipsorum;

2137 1238 2225 1293 52.
2269 1238 2332 1290 Ἠ
2365 1237 2606 1308 ῥομφαία
2631 1235 2810 1289 αὐτῶν
2850 1235 3086 1288 εἰσέλθοι
3140 1237 3221 1298 εἰς
3270 1233 3370 1302 τὴν
3421 1232 3662 1303 καρδίαν

2071 1330 2185 1404 [είς
2214 1329 2477 1400 καρδίας]
2509 1330 2687 1383 αὐτῶν
2709 1347 2724 1360 ⁸

460 1401 550 1455 55.
583 1401 649 1457 Ει
681 1420 843 1460 arcus
864 1421 1057 1462 eorum
1086 1410 1524 1483 confringantur.

2073 1401 2091 1404 _
2139 1424 2228 1478 55.
2261 1422 2371 1476 Καὶ
2401 1421 2472 1474 τὰ
2493 1422 2621 1486 τόξα
2655 1420 2836 1475 αὐτῶν
2865 1419 3196 1492 συντριϐείη.

458 1489 550 1545 54.
585 1491 776 1587 Melius
801 1505 885 1551 est
913 1499 1186 1555 modicum
1205 1502 1377 1572 justo,
1409 1520 1574 1576 super
1604 1506 1822 1563 divitias
1844 1523 1969 1579 pec—

2139 1515 2226 1570 54.
2260 1517 2304 1567 Κ
2317 1517 2530 1587 ρείσσον
2548 1513 2724 1582 ὀλίγον
2741 1513 2818 1584 τῷ
2837 1489 3030 1584 δικαίῴ
3060 1489 3201 1583 ὑπὲρ
3218 1512 3448 1566 πλοῦτον
3469 1514 3667 1585 ἁμαρ-

390 1589 637 1636 catorum
668 1585 869 1642 multas
895 1605 910 1642 :

2069 1609 2255 1662 τωλῶν
2283 1608 2469 1661 πολύν.

460 1672 552 1726 55.
583 1673 856 1739 Quoniam
886 1680 1110 1738 brachia
1135 1700 1488 1754 peccatorum
1523 1698 1896 1745 conterentur.

2143 1700 2232 1753 55.
2263 1700 2384 1751 ’Ότι
2420 1697 2702 1770 βραχίονες
2720 1697 3062 1768 ἁμαρτωλῶν
3096 1697 3581 1770 συντριϐήσονται·

464 1763 552 1817 56.
585 1765 881 1824 Conﬁrmat
905 1783 1085 1829 autem
1113 1777 1292 1846 justos
1325 1778 1608 1835 Dominus.

2000 1769 2044 1824 Β
2142 1790 2232 1843 56.
2274 1763 2655 1859 Ὑποστηρ-ίζει
2685 1788 2742 1841 δὲ
2763 1763 2900 1852 ieci);
2927 1789 3172 1852 δικαίους
3200 1763 3240 1842 ὁ.
3255 1763 3477 1860 Κύριος.

461 1855 552 1909 57.
587 1855 747 1913 Novit
772 1860 1036 1921 Dominus
1060 1869 1177 1923 vias
1209 1869 1687 1926 immaculatorum
1721 1891 1735 1926 :

2143 1883 2232 1937 57.
2270 1855 2530 1934 Γινώσκεί
2562 1881 2766 1951 Κύριος
2797 1880 2900 1945 τὰς
2932 1883 3085 1946 ὁδοὺς
3115 1882 3226 1937 τῶν
3258 1855 3537 1954 (inibatur

456 1946 545 2042 58.
575 1947 642 2003 Et
672 1951 957 2012 hereditas
993 1973 1182 2014 eorum
1209 1962 1264 2015 in
1292 1972 1551 2016 aeternum
1581 1964 1708 2018 erit.

2143 1971 2230 2024 58.
2266 1971 2376 2023 Καὶ
2408 1973 2440 2042 ἡ
2472 1946 2804 2042 κληρονομία
2833 1974 3012 2026 αὐτῶν
3045 1975 3128 2037 είς
3153 1973 3246 2028 τὸν
3269 1946 3441 2027 ait-“bunt
3472 1975 3657 2030 ἔσται.

456 2035 548 2091 59.
581 2037 699 2095 Νοη
730 2044 1132 2104 confundentur
1157 2052 1210 2105 in
1241 2061 1482 2123 tempore
1508 2055 1654 2110 malo
1680 2073 1695 2108 :

2144 2062 2230 2118 59.
2263 2063 2336 2114 Οὐ
2377 2035 2933 2133 καταισᾷίυνθίήσονται
2962 2066 3020 2116 ὲν
3249 2065 3502 2137 πονηρῷ·

460 2127 550 2182 40.
582 2127 650 2185 Ει
681 2133 736 2187 in
768 2136 962 2192 diebus
988 2138 1148 2196 famis
1177 2145 1592 2202 saturabuntur.

2146 2155 2234 2207 40.
2270 2156 2380 2208 Καὶ
2415 2157 2472 2206 ἐν
2503 2127 2745 2226 ἡμέραις
2769 2154 2927 2224 λιμοῦ
2956 2127 3438 2228 χορτασθῆσονται,

582 2220 720 2288 Quia
749 2239 1066 2296 peccatores
1099 2235 1395 2302 peribunt:

2143 2246 2231 2299 41.
2264 2246 2384 2299 ’Ὁτι
2407 2247 2456 2298 οἱ
2481 2219 2794 2317 ἁμαρτωλοὶ
2817 2219 3145 2300 ἁπολοῦνται
3165 2264 3179 2280 ο

463 2312 554 2366 42.
588 2315 799 2374 Inimici
829 2336 958 2378 vero
982 2322 1199 2380 Domini
1229 2343 1357 2383 mox
1384 2338 1443 2384 ut
1470 2331 1814 2387 honoriﬁcati
1847 2330 1955 2385 fue-

2143 2338 2232 2392 ta.
2269 2339 2332 2390 οι
2365 2337 2422 2391 δὲ
2449 2312 2634 2408 ἐχθροὶ
2661 2336 2754 2390 τοῦ
2783 2338 3026 2409 Κυρίου,
3071 2340 3188 2411 ειμα
3210 2341 3296 2412 ,τῷ
3328 2341 3663 2416 δοξασθῆναι

392 2405 501 2457 rint
524 2405 626 2475 ipsi
661 2418 716 2464 et
743 2413 987 2482 exaltati,

2075 2431 2272 2492 αὐτοὺς
2296 2429 2389 2482 καὶ
2418 2430 2698 2500 ὑψωθῆναι
2720 2473 2733 2495 ,

460 2498 550 2554 45.
580 2499 898 2564 Deﬁcientes
932 2513 1391 2578 quemadmodum
1425 2523 1613 2574 lumus
1644 2517 1920 2574 deﬁcient.

1841 2527 1920 2574 nt.
2145 2521 2234 2575 45.
2285 2498 2656 2585 Ἐκλείποντες
2694 2522 2828 2576 ὡσεὶ
2858 2526 3063 2588 καπνὸς
3100 2525 3368 2590 ἐξέλιπον.

460 2590 550 2644 44.
585 2591 862 2651 Mutuatur
889 2614 1161 2672 peccator,
1189 2616 1243 2660 et
1269 2623 1376 2661 non
1403 2611 1574 2664 solvet
1602 2628 1616 2664 :

2146 2612 2234 2665 4-4.
2265 2613 2572 2676 Δανείζεται
2592 2617 2620 2668 ὁ
2646 2615 2987 2686 ἁμαρτωλὸς,
3012 2619 3106 2671 καὶ
3132 2621 3232 2671 οὐκ
3260 2620 3541 2673 ἀποτίσει·

464 2681 551 2735 45.
587 2681 774 2742 Justus
799 2699 980 2746 autem
1014 2696 1326 2764 miseretur,
1353 2710 1406 2754 et
1435 2702 1654 2760 tribuet.

2145 2705 2237 2760 45.
2289 2707 2346 2758 Ὀ
2370 2706 2426 2758 δὲ
2457 2705 2666 2770 δίκαιος
2685 2681 2966 2782 οἰκτείρει,
2999 2709 3092 2763 καὶ
3130 2711 3365 2767 δίδωσιν.

1515 2835 1893 2895 ATHANASII
1931 2838 2522 2896 INTERPRETATIO.

464 2937 558 2992 24.
585 2938 850 2998 Diabolus
879 2950 934 2999 et
960 2945 1082 3015 ejus
1111 2947 1352 3004 ministri
1385 2949 1679 3008 observant
1701 2953 1908 3011 ﬁdeles.

2141 2957 2232 3010 24.
2273 2957 2333 3010 Ὁ
2361 2956 2607 3020 διάϐολος
2638 2958 2732 3010 καὶ
2773 2959 2823 3011 οἱ
2861 2957 3028 3012 αὐτοῦ
3061 2960 3502 3031 παρατηροῦνται
3526 2968 3665 3030 τοὺς

2075 3061 2268 3098 πιστου
2277 3063 2322 3108 ς.

465 3124 556 3178 25.
587 3124 847 3190 Quaereris
869 3127 1047 3197 ipsum
1070 3131 1318 3200 perdere.

2145 3136 2236 3192 25.
2267 3134 2454 3206 Ζητῶν
2487 3135 2646 3189 αὑτὸν
2671 3136 2966 3191 ἀναλῶσαι.

464 3217 556 3270 26.
592 3217 729 3272 Eum
783 3220 1061 3276 inﬁrmum
1107 3225 1380 3294 ostendet;
1403 3235 1458 3283 et
1487 3226 1609 3299 ejus
1635 3228 1971 3286 voluntatem

2144 3227 2234 3280 26.
2279 3228 2503 3299 Ἀσθενῆ
2539 3229 2705 3284 αὐτὸν
2736 3229 3041 3298 ἀναδείξει,
3077 3231 3157 3304 (1)
3197 3232 3288 3287 καὶ
3321 3234 3423 3307 τὴν
3458 3235 3668 3314 βουλὴν

393 3307 604 3363 irritam
637 3309 819 3367 faciet.

2074 3319 2238 3375 αὑτοῦ
2264 3319 2586 3391 ματαιὼσει.

459 3405 552 3459 27.
590 3405 715 3462 Dies
738 3410 1042 3478 punitionis
1068 3413 1212 3484 ejus.

2145 3411 2237 3466 27.
2285 3413 2351 3464 Ἠ
2387 3412 2571 3484 ἡμέρα
2597 3415 2698 3483 τῆς
2722 3412 2999 3477 κολάσεως
3026 3411 3210 3471 αὐτοῦ.

463 3496 555 3550 28.
590 3497 874 3556 Daemones
903 3513 1208 3572 peccatum.

2145 3503 2236 3556 28.
2264 3504 2326 3557 OE
2356 3503 2612 3574 δαίμονες
2642 3503 2742 3575 τὴν
2771 3504 3069 3575 ἁμαρτίαν.

463 3589 555 3645 29.
585 3591 773 3648 Mundi
805 3596 1150 3666 cupiditates.

2141 3596 2232 3651 29.
2262 3596 2374 3660 Τὰς
2395 3595 2692 3667 ἐπιθυμίας
2717 3596 2812 3650 τοῦ
2845 3596 3073 3669 κόσμου.

460 3683 551 3738 50.
580 3683 821 3740 Justum.

2145 3687 2234 3742 50.
2265 3689 2368 3742 Τὸν
2393 3688 2619 3742 δίκαιον.

465 3775 556 3828 51.
591 3776 842 3836 Sanctos.

2146 3778 2235 3833 51.
2271 3781 2410 3843 Τοὺς
2447 3781 2657 3850 ἁγίους.

462 3869 554 3924 52.
588 3872 863 3929 Conversa
892 3884 974 3930 est
1000 3875 1264 3948 iniquitas
1291 3895 1482 3935 eorum
1511 3880 1566 3935 in
1592 3881 1760 3952 ipsos.

2145 3868 2234 3922 52.
2279 3869 2642 3940 Ἐπέστρεψεν
2666 3870 2700 3938 ἠ
2729 3869 2898 3922 κακία
2920 3869 3100 3923 αὐτῶν
3129 3870 3217 3924 ἐπ’
3244 3872 3462 3938 αὐτούς.

465 3962 556 4017 55.
589 3963 762 4035 Ignita
795 3966 1104 4022 daemonum
1135 3969 1244 4024 tela
1277 3971 1570 4041 signiﬁcat.

2143 3961 2234 4014 55.
2269 3961 2350 4012 Τὰ
2377 3959 2748 4031 πεπυρωμένα
2770 3960 2898 4031 βέλη
2937 3961 3046 4016 τῶν
3069 3962 3342 4034 δαιμόνων
3378 3963 3549 4035 λέγει.

462 4056 553 4110 54.
581 4056 832 4127 Amplius
865 4067 948 4114 est
986 4059 1138 4130 justo
1171 4063 1399 4130 paulum
1447 4063 1837 4118 misericordia:
1867 4063 1969 4119 Do-

2145 4051 2235 4105 54.
2266 4052 2469 4115 Μεῖζόν
2500 4055 2647 4106 ἐστιν
2683 4055 2878 4125 μικρὸν
2903 4054 3050 4119 ἔλεος
3079 4056 3175 4110 τοῦ
3227 4058 3436 4129 Κυρίου
3479 4059 3558 4130 τῷ
3583 4059 3664 4115 δι-

394 4150 550 4214 mini,
581 4166 744 4220 quam
771 4168 964 4208 omnes
993 4154 1184 4208 mundi
1215 4155 1440 4209 divitiae.

2077 4142 2218 4213 καίῳ
2252 4144 2394 4215 ὑπὲρ
2432 4144 2610 4199 πάντα
2643 4147 2733 4200 τὸν
2760 4145 2990 4200 πλοῦτον
3019 4148 3114 4200 τοῦ
3144 4150 3371 4221 κόσμου.

466 4245 558 4300 55.
584 4243 856 4310 Quoniam
891 4247 1072 4302 omnis
1103 4263 1294 4302 eorum
1323 4248 1565 4317 potentia
1600 4249 1817 4317 peribit.

2148 4235 2238 4290 55.
2271 4237 2394 4290 ’Ότι
2432 4240 2582 4292 πᾶσα
2610 4241 2642 4309 ἡ
2667 4239 2957 4292 δυναστεία
2989 4240 3169 4294 αὐτῶν
3211 4243 3512 4297 ἀπολεῖται.

461 4335 550 4389 56.
587 4335 850 4393 Immotos
882 4354 977 4393 eos
1006 4337 1248 4393 custodit
1276 4339 1330 4392 in
1358 4348 1642 4393 aeternum.

2145 4330 2233 4384 56.
2255 4330 2604 4395 Ἀσαλεύτους
2624 4332 2818 4394 αὐτοὺς
2828 4332 3173 4402 διαφυλάττει
3190 4336 3270 4398 είς
3286 4337 3412 4400 τοὺς
3431 4336 3658 4404 αἰῶνας,

466 4429 556 4483 57.
588 4429 720 4500 Ejus
745 4432 889 4485 enim
917 4440 1044 4486 sunt
1075 4446 1242 4502 opera
1273 4441 1616 4488 sanctorum.

2150 4424 2244 4478 57.
2271 4423 2448 4477 Αὐτοῦ
2486 4427 2594 4496 γάρ
2621 4426 2726 4478 είσι
2755 4426 2822 4479 τὰ
2851 4426 2986 4497 ἔργα
3007 4428 3118 4481 τῶν
3145 4429 3335 4496 ἁγίων.

471 4521 560 4574 58.
593 4520 660 4574 Ει
685 4537 915 4590 regnum
939 4522 1204 4577 caelorum
1227 4537 1417 4578 eorum
1443 4532 1546 4577 est.

2149 4514 2237 4567 58.
2272 4515 2382 4566 Καὶ
2407 4515 2440 4584 ἡ
2469 4514 2712 4583 βασιλεία
2733 4515 2841 4568 τῶν
2867 4517 3315 4587 οὐρανῶνναὺτῶν
3336 4519 3484 4573 ἐστιν

459 4615 552 4669 59.
587 4612 648 4668 In
674 4615 763 4669 die
787 4615 1008 4685 judicii.

2149 4609 2237 4662 59.
2282 4609 2368 4660 Ἐν
2395 4608 2580 4680 ἡμέρᾳ.
2611 4608 2685 4677 (5)
2710 4609 2963 4680 κρίσεως.

465 4707 556 4762 40.
590 4704 712 4762 Non
738 4708 898 4777 panis
927 4707 1123 4762 famem
1158 4709 1445 4779 signiﬁcat,
1479 4707 1571 4762 sed
1606 4707 1794 4779 gratia:
1819 4707 1935 4762 Dei.

2151 4699 2240 4754 40.
2284 4700 2358 4752 Οὐ
2385 4699 2540 4770 λιμὸν
2579 4699 2744 4770 ἄρτου
2778 4699 2946 4769 λέγει,
2981 4699 3118 4754 ἀλλὰ
3156 4701 3259 4772 τῆς
3296 4702 3518 4775 χάριτος
3561 4702 3663 4759 τοῦ

937 4823 949 4834 .
2079 4791 2211 4844 Θεοῦ
2222 4833 2234 4844 .

465 4889 654 4944 41-45.
705 4887 993 4945 Daemones
1044 4900 1099 4946 et
1153 4892 1246 4960 qui
1303 4891 1411 4947 illis
1455 4892 1853 4963 obsequuntur,
1917 4893 1971 4945 in

2155 4885 2342 4939 41-45.
2379 4886 2442 4938 Οί
2487 4883 2738 4955 δαίμονες
2789 4883 2882 4939 καὶ
2914 4884 2966 4937 οἱ
3008 4884 3322 4955 πειθόμενοι
3359 4883 3544 4950 αὐτοῖς
3576 4889 3663 4952 εἰς

397 4981 628 5036 nihilum
656 4981 986 5051 redigentur.

2079 4977 2228 5030 οωὲν
2260 4979 2599 5048 γενήσονται.

467 5071 558 5124 44.
589 5067 819 5126 Peccata
865 5073 1102 5142 peccatis
1141 5073 1314 5140 addit,
1350 5081 1405 5129 et
1451 5073 1829 5144 pmnitentiam
1863 5087 1974 5128 non

2148 5068 2238 5122 44.
2270 5067 2633 5140 Προστίθησιν
2675 5068 2950 5139 ἁμαρτίας
2987 5069 3071 5137 ἐφ’
3101 5067 3377 5140 ἁμαρτίας
3403 5111 3417 5134 ,
3453 5068 3547 5123 καὶ
3592 5068 3661 5124 οὗ

397 5162 529 5231 agit,
548 5163 847 5232 deprecans
869 5180 968 5233 pro
997 5165 1124 5220 illis.

2089 5177 2222 5230 μετα
2233 5161 2472 5230 μελεῖται
2495 5160 2822 5231 προσφέρων
2846 5161 3059 5232 δεήσεις
3081 5161 3220 5232 ὑπὲρ
3241 5160 3443 5213 αὐτῶν.

441 5253 564 5310 ι45.
588 5252 783 5308 Justus
811 5264 994 5310 autem
1032 5255 1190 5311 oﬁ‘crt
1224 5254 1333 5310 Deo
1360 5270 1457 5324 per
1488 5255 1860 5325 elcemosynas
1893 5252 1972 5308 di-

2155 5255 2242 5307 45.
2285 5255 2342 5306 '0
2369 5253 2424 5306 δὲ
2455 5254 2663 5316 δίκαιος
2695 5253 2992 5324 προσφέρει
3019 5252 3095 5324 τῷ
3120 5253 3235 5325 Θεῷ
3261 5254 3327 5307 δι’
3363 5253 3661 5326 ἐλεημοσυ-

398 5345 561 5402 vilias
590 5363 740 5403 suas.

2083 5347 2188 5402 νῶν
2232 5347 2321 5401 τὸν
2346 5347 2538 5400 ἑαυτοῦ
2564 5345 2812 5403 πλοῦτον.

1353 5505 1657 5568 Addenda
1687 5513 1748 5569 et
1779 5502 2148 5582 corrigenda
2181 5519 2256 5562 ex
2308 5501 2447 5562 cod.
2483 5500 2681 5562 Vatic.

463 5631 549 5771 g3
581 5630 907 5753 ,ἶέποδείεεεο
2156 5626 2233 5698 ('5)
2273 5627 2357 5679 Ἑν
2382 5628 2444 5696 τῇ
2473 5623 2655 5697 ἡμέρᾳ
2689 5624 2785 5694 τῆς
2821 5640 2909 5695 κρ-

655 5717 794 5755 πται.
