3878 6218
179 281 297 342 789
1042 279 1132 332 DE
1165 279 1443 337 TITULIS
1479 278 1932 336 PSALMORUM.
1975 310 2047 322 --
2081 280 2282 336 PSAL.
2324 283 2568 338 XXXVI.
3337 283 3441 339 790

256 403 342 456 46.
376 402 498 454 Ὅτι
519 400 570 454 οἰ
597 396 947 482 εὐλογοῦντες
966 398 1128 451 αὑτὸν
1145 398 1614 470 κληρονομήσουσι
1641 399 1764 471 γῆν·

1940 401 2029 457 46.
2061 400 2200 468 Quia
2232 403 2618 459 benedicentes
2659 402 2730 468 ei,
2763 400 3157 457 hareditabunt
3197 410 3437 459 terram:

257 494 345 548 47.
385 495 447 545 Οἰ
477 493 536 545 δὲ
561 483 942 563 καταρώμενοι
963 490 1124 543 αὑτὸν
1159 489 1721 561 ἐξολοθρευθήσονται.

1581 510 1721 546 νται.
1937 493 2027 548 47.
2057 495 2442 550 Maledicentes
2463 504 2645 550 autem
2671 493 2720 549 ei
2749 492 3110 563 disperibunt.

255 582 346 637 48.
381 583 542 654 Παρὰ
571 582 778 652 Κυρίου
815 581 884 636 τὰ
911 581 1224 653 διαδήματα
1249 579 1538 652 ἀνθρώπου
1572 599 1768 636 κατευ-

1712 601 1768 635 υ-
1934 587 2024 642 48.
2057 587 2104 641 Α
2135 587 2367 643 Domino
2389 602 2612 659 gressus
2645 585 2884 641 hominis
2904 583 3243 655 diriguntur:

179 672 406 728 θύνεται
429 690 444 705 ⁸

254 767 344 820 49.
377 767 489 819 Καὶ¹
511 766 611 838 τὴν
637 766 756 820 ὁδὸν
783 765 946 820 αὐτοῦ
977 767 1190 838 Θελήσει
1220 766 1444 838 σφόδρα.

1293 766 1444 838 όδρα.
1927 770 2030 824 '49.
2062 768 2126 824 Et
2154 769 2296 823 viam
2328 767 2446 836 ejus
2479 767 2621 821 volet
2648 764 2824 819 valde.

254 856 344 910 50.
382 857 551 912 Ὅταν
581 859 742 930 πέσῃ,
772 861 832 912 οὐ
856 861 1330 933 καταραχθήσεται
1349 883 1362 897 ο

1937 860 2027 916 50.
2057 860 2194 913 Cum
2227 859 2507 920 ceciderit,
2534 872 2642 910 non
2667 855 2993 910 collidetur:

247 949 338 1004 51.
371 951 494 1003 Ὅτι
531 950 734 1021 Κύριος
766 952 1134 1024 ἀντιστηρίζει
1159 959 1316 1028 χεῖρα
1348 960 1497 1032 αὐτῷ
1526 958 1761 1034 [αὐτοῦῙ.

1933 953 2020 1008 51.
2056 952 2194 1019 Quia
2236 950 2500 1006 Dominus
2546 948 2802 1019 supponit
2831 960 3051 1000 manum
3078 943 3179 1014 ipsi
3210 942 3435 1016 [suamr

251 1039 345 1092 52.
381 1038 664 1111 Νεὼτερος
687 1042 975 1112 ἐγενόμην,
1009 1045 1103 1098 καὶ
1131 1048 1380 1119 ἐγήρασα
1401 1068 1415 1081 ·

1283 1067 1380 1104 κσα
1401 1068 1415 1081 ·
1938 1045 2027 1099 52.
2056 1043 2252 1097 Junior
2274 1042 2373 1105 fui,
2400 1041 2598 1096 etenim
2630 1040 2814 1105 senui;

253 1130 344 1185 55.
377 1131 487 1186 Καὶ
507 1133 604 1186 οὑκ
629 1128 768 1188 εἶδον
789 1134 994 1189 δίκαιον
1025 1138 1621 1214 ἐγκαταλελειμμένον,
1940 1135 2028 1189 55-
2068 1133 2132 1187 Εῑ
2162 1149 2270 1188 n0“
2297 1131 2408 1186 Vidi
2426 1130 2635 1198 ,ἰυεῑυῐη
2655 1130 2999 1196 (Ῐθτειίοῐυῐην

253 1223 346 1277 54.
371 1225 504 1278 Οὐδὲ
537 1226 598 1279 τὸ
629 1227 853 1299 σπέρμα
883 1229 1047 1282 αὐτοῦ
1077 1229 1272 1300 ζητοῦν
1297 1233 1513 1306 ἄρτους.

1505 1280 1513 1292 ,
1939 1227 2027 1283 54.
2055 1225 2166 1280 Nec
2191 1239 2376 1280 semen
2400 1223 2519 1292 ejus
2544 1237 2797 1292 quaerens
2815 1235 3036 1292 panem.

253 1313 347 1367 55.
383 1315 551 1386 Ὅλην
577 1315 676 1388 τὴν
701 1317 913 1388 ἡμέραν
936 1319 1098 1386 ἐλεεῖ,
1118 1321 1212 1374 καὶ
1239 1322 1472 1387 δανείζει
1494 1324 1758 1391 ὁδίκαιος*

1750 1343 1758 1356 ·
1936 1319 2025 1374 55.
2061 1316 2198 1371 Tota
2221 1316 2308 1371 die
2329 1314 2618 1368 miseretur
2649 1321 2704 1367 et
2729 1310 3038 1366 commodat
3062 1309 3243 1378 justus
3269 1325 3281 1360 :

254 1404 348 1460 56.
377 1407 488 1458 Καὶ
515 1406 576 1459 τὸ
609 1407 832 1480 σπέρμα
861 1410 1027 1464 αὑτοῦ
1062 1413 1143 1476 είς
1174 1413 1424 1483 εὐλογίαν
1446 1416 1620 1471 ἔσται.

1930 1411 2018 1466 56.
2050 1409 2117 1463 Ει
2147 1423 2332 1464 semen
2364 1407 2512 1461 illius
2539 1405 2595 1459 in
2629 1403 3007 1460 benedictione
3031 1401 3167 1456 erit:

253 1496 347 1551 57.
381 1497 456 1565 (a)
481 1499 766 1554 Ἐκκλινον
789 1502 897 1555 ἀπὸ
930 1504 1125 1570 κακοῦ,

992 1504 1125 1570 ικοῢ,
1933 1501 2021 1556 57.
2057 1499 2274 1554 Declina
2298 1513 2327 1552 a
2361 1497 2523 1562 malo,

252 1589 346 1645 58.
381 1591 492 1645 Καὶ
513 1592 740 1652 ποίησον
755 1595 981 1663 ἀγαθὸν,
1002 1598 1095 1650 καὶ
1121 1601 1466 1671 κατασκήνου
1489 1601 1569 1666 εἰς
1593 1603 1764 1658 αἰῶνα
1931 1595 2020 1650 53-
2056 1592 2123 1648 Ει
2162 1591 2248 1646 fac
2291 1592 2516 1656 bonum:
2551 1599 2607 1643 ει
2636 1587 2880 1643 ίηιηδίῑθ
2921 1585 2988 1641 ίη-
3026 1583 3293 1641 επθυιυω
3337 1595 3439 1636 ⁸³⁸⁸

179 1683 400 1748 αἰῶνος.

1794 1745 1826 1748 _
1865 1688 1993 1744 culi.

254 1775 345 1829 59.
363 1745 500 1829 γ”Οτι
527 1777 730 1848 Κύριος
762 1781 954 1852 ἀγαπᾷ
986 1781 1167 1852 κρίσιν
1186 1797 1201 1813 ⁸

1794 1745 1838 1801 Β
1939 1779 2030 1834 59.
2063 1778 2200 1845 Quia
2230 1777 2492 1832 Dominus
2526 1783 2674 1830 amat
2695 1773 2993 1843 judicium:

250 1866 341 1921 60.
379 1869 489 1922 Καὶ
524 1871 625 1924 οὐκ
650 1873 1030 1944 ἐγκαταλείψει
1053 1877 1184 1939 τοὺς
1211 1877 1391 1942 ὁσίους
1417 1876 1590 1932 αὐτοῦ
1607 1894 1622 1910 ·

1539 1876 1622 1931 νῦ·
1936 1869 2026 1924 60.
2061 1872 2126 1924 Ει
2148 1883 2256 1924 non
2281 1868 2620 1937 derelinquet
2650 1874 2874 1921 sanctos
2905 1877 3070 1917 suos:

250 1958 340 2011 61.
367 1959 462 2021 Εἰς
487 1961 579 2014 τὸν
605 1962 778 2018 αἰῶνα
811 1965 1271 2037 φυλαχθῆσονται.

1936 1961 2025 2015 61.
2060 1960 2118 2014 In
2149 1973 2410 2015 mternum
2441 1957 2948 2019 conservahuntur,

251 2049 341 2104 62.
374 2053 600 2123 Ἀνομοι
624 2054 681 2108 δὲ
706 2056 1182 2129 ἐκδιωχθήσονται,

1933 2053 2021 2107 62.
2055 2051 2244 2120 lnjusti
2269 2058 2450 2105 autem
2478 2049 2835 2118 expellentu-r,

256 2140 344 2194 65.
378 2143 490 2196 Καὶ
525 2144 746 2216 σπέρμα
774 2147 986 2202 ἀσεϐῶν
1017 2150 1589 2228 ἐξολοΘρευθήσ-εταικ

1940 2146 2028 2199 65.
2061 2143 2125 2197 Et
2152 2158 2337 2198 semen
2365 2142 2657 2210 impiorum
2681 2135 3154 2194 exterminabitur.
3239 2151 3249 2158 ·

251 2233 342 2288 64.
373 2236 581 2290 Δίκαιοι
612 2238 670 2291 δὲ
706 2239 1168 2313 κληρονομήσουσι
1199 2244 1323 2314 γῆν.

1937 2235 2025 2290 64.
2059 2233 2197 2290 Justi
2223 2241 2402 2288 autem
2427 2231 2823 2286 haereditabunt
2847 2235 3046 2280 terram
3076 2241 3089 2277 :

253 2326 345 2383 65.
377 2329 487 2381 Καὶ
527 2331 1042 2402 κατασκηνώσουσιν
1086 2335 1168 2398 εἰς
1214 2335 1386 2388 αἰῶνα
1430 2335 1624 2400 αἰῶνος
1673 2337 1744 2389 ἐπ

1938 2328 2028 2382 65.
2063 2326 2132 2381 Et
2182 2323 2569 2380 inhabitabunt
2615 2321 2671 2376 in
2719 2319 2980 2376 saeculum
3037 2314 3224 2372 saeculi
3276 2325 3442 2382 super

175 2419 375 2490 αὐτῆς..

1865 2435 2009 2475 eam.

251 2510 344 2566 66.
378 2512 560 2583 Στόμα
595 2514 806 2568 δικαίου
840 2517 1126 2589 μελετήσει
1163 2517 1356 2587 σοφίαν
1378 2535 1392 2550 ’

1939 2512 2028 2566 66.
2062 2511 2135 2566 Os
2159 2509 2301 2580 justi
2326 2505 2676 2563 meditabitur
2697 2500 3024 2558 sanientiam
3047 2516 3073 2555 :7

279 2625 335 2694 a)
366 2622 522 2681 Vers.
552 2626 643 2693 57,
686 2630 989 2697 Ἐκκλινον,
1021 2639 1152 2700 etc.,
1177 2633 1399 2702 ἀγαθόν.
1449 2635 1482 2703 Ῡ
1512 2633 1602 2693 58,
1645 2631 1754 2684 Καὶ
1795 2647 1810 2681 ι

792 2630 989 2697 κλινον,
1021 2639 1152 2700 etc.,
1177 2633 1399 2702 ἀγαθόν.
1449 2635 1482 2703 Ῡ
1512 2633 1602 2693 58,
1645 2631 1754 2684 Καὶ
1795 2628 2173 2698 κατασμήνου,
2214 2632 2319 2678 etc.

1317 2741 1693 2795 ATHANASII
1729 2733 2310 2794 INTERPRETATIO.

256 2847 347 2901 46.
378 2849 441 2900 Οἱ
461 2848 771 2916 δοξάζοντες
797 2854 958 2908 αὐτὸν
987 2855 1056 2909 δι’
1087 2855 1265 2928 ἔργων
1306 2857 1526 2926 ἀγαθῶν
1564 2857 1762 2927 κληρο-

1938 2853 2027 2908 46.
2057 2849 2438 2906 Gloriﬁcantes
2483 2860 2607 2901 eum
2647 2841 2810 2898 bonis
2848 2837 3107 2908 operibus
3151 2832 3438 2890 lmredita»

175 2938 484 3007 νομήσουσι
513 2941 612 3012 τὴν
641 2942 939 3012 μέλλουσαν
971 2946 1144 2999 πόλιν.

1060 2964 1144 2999 τιν.
1865 2944 2002 2999 bunt
2033 2942 2272 2996 futuram
2297 2937 2591 2993 civitatem.

257 3028 348 3128 47.
382 3031 445 3128 Οί
475 3031 531 3084 δὲ
555 3032 1002 3106 βλασφημοῦντες
1033 3039 1214 3105 αὐτὸν,
1312 3039 1637 3112 ἀρνούμενοι
1679 3038 1765 3103 ἐξ-

1939 3032 2028 3087 47.
2063 3031 2508 3100 Blasphemantes
2539 3032 2720 3081 autem
2744 3037 2892 3087 eum,
2923 3030 3018 3074 aut
3047 3024 3308 3089 negantes
3345 3030 3439 3070 ex-

175 3119 306 3172 ολοΘ
315 3121 668 3193 ρευθήσονται
702 3127 798 3197 (1).

1798 3119 1833 3128 ⁷
1869 3123 2329 3179 terminabuntur.

254 3210 348 3266 48.
379 3213 478 3267 Διὰ
503 3217 601 3287 τῆς
631 3217 852 3289 χάριτος
874 3220 1038 3274 αὐτοῦ
1067 3221 1294 3287 ἕκαστος
1319 3220 1624 3294 [ἕκαστον]
1657 3219 1772 3274 τῶν

1936 3217 2027 3271 48.
2063 3215 2523 3286 Unumquemque
2559 3210 2799 3268 ﬁdelium
2826 3205 2998 3280 gratia
3026 3220 3123 3261 sua
3150 3203 3204 3257 in
3233 3203 3449 3258 bonum:

177 3302 397 3356 πιστῶν
424 3304 606 3376 ὁδηγεῖ
634 3307 709 3378 (2)
737 3310 817 3373 είς
849 3311 910 3363 τὸ
935 3312 1156 3380 ἀγαθόν.
1319 3298 1330 3308 ’
1865 3309 2118 3365 deduca-

255 3393 350 3450 49.
401 3395 623 3468 Ἐρᾶται
653 3399 754 3470 τῆς
776 3401 1052 3467 πολιτείας
1081 3404 1246 3457 αὐτοῦ
1282 3405 1442 3458 πάνυ.

1935 3400 2026 3454 49.
2055 3397 2189 3469 Ejus
2218 3396 2435 3452 vivendi
2464 3395 2733 3450 rationem
2768 3400 2916 3448 amat
2938 3389 3189 3447 multum.

255 3483 344 3537 50.
382 3486 506 3540 Ἐὰν
525 3486 598 3557 (5)
615 3489 713 3559 οὐχ
743 3491 985 3564 ἁμάρτῃ,
1009 3493 1108 3546 οὐκ
1125 3493 1387 3564 ἀπομένοι
1417 3498 1483 3567 τῇ
1499 3498 1763 3572 ἁμαρτίᾳ.

1646 3500 1763 3572 σία.
1936 3490 2024 3547 50.
2059 3489 2114 3545 Si
2145 3498 2352 3560 peccat,
2382 3504 2494 3543 non
2515 3494 2824 3558 perseverat
2853 3485 2907 3538 in
2931 3491 3177 3552 peccato.

260 3575 349 3629 51.
379 3577 504 3630 ’Ότι
534 3579 622 3632 διὰ
647 3579 742 3634 τοῦ
768 3581 949 3647 ἐλέους
979 3583 1142 3637 αὐτοῦ
1173 3586 1376 3657 ἐγείρει
1404 3588 1586 3642 αὐτόν.

1937 3585 2025 3640 51.
2063 3584 2332 3650 Quoniam
2360 3580 2731 3653 misericordia
2755 3592 2853 3633 sua
2882 3576 3041 3644 erigit
3071 3589 3217 3627 eum.

255 3666 344 3720 52.
385 3668 572 3733 Οὕτως
601 3670 757 3740 κάγὼ
787 3689 916 3726 ποτε
941 3674 1253 3746 ἡμάρτανον
1274 3716 1289 3741 ,
1327 3677 1420 3731 νῦν
1458 3678 1514 3731 δὲ
1561 3679 1764 3746 τέλειος

1934 3676 2022 3730 52.
2055 3674 2131 3728 Ita
2162 3675 2326 3728 etiam
2354 3687 2453 3741 ego
2481 3671 2757 3741 quondam
2786 3667 3032 3738 peccavi,
3065 3679 3212 3719 nunc
3255 3671 3434 3716 autem

179 3757 244 3809 ἐν
277 3758 498 3830 Χριστῷ
523 3761 809 3834 ἐγενόμην.

1865 3768 2139 3840 perfectus
2166 3765 2343 3820 factus
2375 3780 2494 3819 sum
2522 3765 2575 3818 in
2605 3763 2827 3817 Christo

258 3849 347 3903 55.
373 3853 481 3904 Καὶ
507 3854 618 3906 οὐκ
657 3850 823 3909 εἶδον
861 3854 939 3927 (4)
977 3857 1104 3910 πότε
1153 3853 1283 3928 ἦλθέ
1326 3877 1414 3931 μοι
1459 3863 1628 3917 ταῦτα
1662 3865 1766 3919 ὑπὸ

1941 3861 2031 3914 55.
2064 3857 2133 3912 Et
2179 3874 2282 3911 non
2326 3857 2431 3910 vidi
2457 3853 2720 3925 :quando
2766 3862 3033 3908 venerunt
3079 3848 3214 3903 mihi
3262 3848 3377 3902 haec
3405 3863 3451 3903 a-

179 3940 278 3994 τοῦ
306 3938 469 3998 Θεοῦ.
741 3995 749 4003 ,

741 3995 749 4003 .
1865 3949 2117 4005 Domino.

253 4031 344 4085 54.
375 4033 511 4086 Οὐδὲ
537 4034 636 4108 τὴν
663 4037 890 4109 καρδίαν
929 4039 1096 4094 αὐτοῦ
1126 4041 1426 4117 λιπομένην
1471 4046 1578 4099 τῶν
1611 4065 1764 4120 χαρι-

1750 4079 1764 4088 -
1940 4041 2028 4095 54.
2055 4038 2242 4109 Neque
2270 4053 2364 4094 cor
2393 4037 2513 4109 ejus
2538 4035 2737 4092 divinis
2760 4033 2919 4090 donis
2940 4032 3281 4088 destitutum.

184 4126 411 4196 σμάτων
434 4128 593 4183 Θεοῦ.
1473 4129 1477 4131 ’

257 4217 348 4272 55.
393 4219 506 4272 Ἀεὶ
529 4222 587 4273 ἐν
608 4221 685 4294 τῷ
708 4225 846 4293 φωτὶ
864 4226 938 4281 ὢν
959 4228 1024 4281 δι’
1047 4229 1171 4302 ἐλεη
1182 4230 1418 4302 μοσύνης
1435 4231 1665 4298 δανείζει
1685 4233 1765 4305 τῷ

1938 4239 2028 4294 55.
2058 4237 2116 4292 In
2151 4237 2272 4292 luce
2331 4250 2544 4307 semper
2583 4236 2854 4292 exsistens
2901 4247 2997 4305 per
3039 4231 3450 4303 eleemosynanr

182 4311 324 4382 Θεῷ.

1862 4328 2142 4386 feneratur
2169 4329 2297 4383 Deo.

255 4401 349 4455 56.
380 4403 460 4458 Τὰ
485 4404 621 4476 ἔργα
655 4406 822 4461 αὐτοῦ
847 4408 1016 4479 λέγει.

1791 4404 1838 4460 ι)
1937 4421 2028 4476 56.
2059 4421 2233 4491 Opera
2261 4421 2382 4492 ejus
2406 4419 2692 4491 signiﬁcat.

255 4493 348 4550 57.
397 4497 530 4550 Ἀπὸ
558 4498 739 4571 πάσης
769 4501 1064 4574 ἁμαρτίας.

1060 4547 1064 4557 ι
1939 4515 2030 4570 57.
2061 4515 2143 4569 Ab
2169 4513 2317 4568 omni
2345 4521 2591 4583 peccato.

258 4588 348 4642 58.
377 4589 472 4654 Εἰς
500 4590 600 4662 τὴν
624 4592 923 4662 μέλλουσαν
961 4595 1128 4668 ζωήν.
1426 4662 1427 4665 η

961 4595 1128 4668 ζωήν.
1426 4662 1427 4665 η
1941 4605 2033 4660 58.
2069 4603 2126 4658 ln
2156 4607 2263 4659 vita
2285 4605 2488 4660 futura.

256 4679 347 4735 59.
369 4682 746 4754 Δικαιοσύνην.

1943 4692 2031 4747 59.
2064 4691 2357 4747 Justitiam.

257 4771 347 4826 60.
385 4773 526 4837 Τοὺς
548 4775 737 4843 ἁγίους
770 4776 954 4832 αὐτοῦ.

919 4777 954 4832 i.
1943 4780 2032 4835 60.
2065 4780 2296 4836 Sanctos
2318 4780 2450 4849 ejus.

257 4864 351 4919 6|.
382 4865 476 4929 Εἰς
503 4867 592 4920 τὸν
616 4867 710 4922 νῦν
741 4867 912 4923 αἰῶνα
937 4870 1032 4923 καὶ
1059 4871 1139 4935 εἰς
1151 4871 1242 4924 τὸν
1277 4870 1558 4942 μέλλοντα.

1509 4888 1558 4924 α.
1941 4871 2030 4926 61.
2067 4871 2123 4926 In
2147 4873 2399 4942 praesenti
2435 4871 2634 4926 saeculo
2669 4881 2722 4926 ct
2747 4871 2802 4926 in
2835 4870 3040 4927 futuro.

257 4954 347 5007 62.
382 4956 476 5019 Εἰς
506 4957 570 5009 τὺ
596 4957 783 5022 σκότος
815 4957 875 5011 τὸ
900 4957 1186 5029 ἐξώτερον.

1941 4963 2028 5016 62.
2058 4961 2114 5016 ln
2137 4965 2389 5018 tenebras
2417 4963 2732 5018 exteriores.

258 5047 349 5102 65.
381 5049 461 5103 Τὰ
491 5048 629 5121 ἔργα
652 5050 760 5103 τῶν
784 5051 998 5106 ἀσεϐῶν
1019 5053 1100 5116 εἰς
1123 5050 1185 5105 τὺ
1217 5049 1327 5120 πῦρ
1367 5051 1428 5104 τὸ
1465 5050 1701 5108 αἰώνιον.

1630 5069 1701 5108 ον.
1943 5051 2032 5105 65.
2069 5050 2243 5120 Opera
2269 5051 2563 5120 impiorum
2589 5049 2646 5104 in
2676 5051 2854 5122 ignem
2875 5061 3161 5106 aeternum.

260 5139 350 5194 64.
383 5141 496 5211 Τὴν
531 5143 828 5212 μέλλουσαν
856 5143 1024 5213 λέγει.

972 5163 1024 5198 ει.
1941 5144 2029 5198 64.
2064 5145 2324 5198 Futuram
2352 5143 2503 5198 dicit.

259 5230 350 5284 65.
383 5231 495 5285 Καὶ
535 5234 846 5306 οἰκήσουσιν
896 5237 977 5299 εἰς
1013 5236 1112 5300 τὰς
1153 5236 1544 5308 ἀτελευτήτους
1599 5236 1763 5307 μονὰς

1941 5235 2032 5292 65.
2066 5237 2133 5292 Ει
2180 5237 2502 5292 habitabant
2546 5235 2603 5292 in
2643 5235 2988 5306 sempiternis
3031 5234 3152 5304 ejus
3201 5229 3434 5288 mansio-

186 5319 382 5389 αὐτῆς.

1870 5326 2053 5383 nibus.

260 5411 348 5466 66.
385 5412 465 5465 Τὰ
495 5413 838 5486 δικαιώματα
874 5417 967 5471 τοῦ
1007 5416 1162 5472 Θεοῦ.

1007 5416 1162 5472 Θεοῦ.
1943 5418 2032 5475 66.
2069 5417 2261 5474 Divina
2282 5419 2505 5490 judicia.

1143 5533 1448 5596 Addenda
1481 5541 1540 5597 et
1588 5531 1960 5612 corrigenda
1991 5548 2068 5594 ex
2103 5533 2241 5594 cod.
2273 5533 2477 5595 Vatic.

379 5627 946 5703 ζξὶξολοθρευθήσονται
980 5635 1058 5700 εἰς
1083 5634 1172 5688 τὸν
1202 5635 1390 5690 αἰῶνα.
1938 5633 2018 5703 (5)
2053 5635 2240 5688 Ὅταν.

260 5697 341 5767 (2)
378 5697 697 5770 Ὀδηγεῖται.
751 5697 760 5702 ’
1040 5697 1051 5700 ⁷
1931 5697 2007 5769 (Γ
2052 5703 2195 5762 Εἶδὸν
2232 5723 2358 5758 ποτε
2388 5704 2616 5761 ἐαθέντα
2636 5705 2754 5760 τινὰ
2794 5703 2970 5758 αὐτῶν
2999 5701 3125 5770 ὑπὸ,
3157 5708 3266 5761 etc.
