3878 6218
442 309 538 367 791
1286 310 1344 364 S.
1380 308 1753 365 ATHANASll
1791 308 1941 363 OPP.
1984 304 2164 361 PARS
2201 304 2288 360 lll.
2325 332 2395 344 —
2427 298 2840 357 EXEGETICA.
3604 282 3733 349 792

510 426 600 480 67.
638 421 704 479 Et
723 424 907 495 lingua
936 424 1057 495 ejus
1084 424 1340 494 loquetur
1361 427 1669 495 judicium:
1906 450 1913 456 ‘
1953 481 1965 491 .

1911 451 1913 455 -
1953 481 1965 491 _
2041 430 2093 485 Α
2190 423 2278 475 67.
2312 421 2420 473 Kal
2450 422 2483 489 ἡ
2513 419 2737 487 γλῶσσα
2769 414 2936 470 αὐτοῦ
2962 404 3442 485 λὰλῆὂτέιτςῖῥίσινο

510 518 601 573 68.
633 518 743 573 Lex
771 518 866 573 Dei
895 518 1016 588 ejus
1038 518 1090 572 in
1123 520 1287 574 corde
1327 520 1517 590 ipsius,

2194 511 2283 566 68.
2326 511 2385 561 '0
2416 510 2579 579 νόμος
2605 507 2699 559 τοῦ
2734 504 2869 557 Θεοῦ
2896 502 3061 556 αὐτοῦ
3095 506 3153 557 ὲν
3183 504 3381 573 καρδίᾳ
3409 501 3607 565 αὑτοῦ,

509 610 599 663 69.
634 608 701 663 Et
727 624 835 663 non
870 611 1365 679 supplantabunlur
1388 626 1612 681 gressus
1637 611 1780 681 ejus.

2192 603 2279 656 69.
2312 602 2421 653 Kal
2436 601 2534 669 οὐχ
2550 596 3073 667 ύποσκελισθήσεται
3088 595 3157 648 τὰ
3169 595 3326 665 διαϐή
3337 612 3483 665 ματα
3513 592 3723 647 αὑτοῦ·

510 702 599 755 70.
636 701 959 759 Considerat
979 715 1236 774 peccator
1258 705 1495 775 justum,
1544 713 1600 758 et
1637 704 1837 775 quaerit
1871 718 2019 760 mor-

2199 693 2280 748 70.
2311 694 2584 746 Κατανοεί
2610 692 2638 743 ὁ
2662 688 2985 761 ἁμαρτωλὸς
3021 686 3113 741 τὸν
3148 686 3373 751 δίκαιον,
3408 687 3506 739 καὶ
3550 685 3730 757 ζητεῖ

439 796 646 851 tilicare
676 810 824 850 eum.

2123 783 2220 837 τοῦ
2252 781 2559 836 θανατῶσαι
2581 780 2763 833 αὐτόν.

509 885 594 939 71.
626 884 887 940 Dominus
918 893 1106 939 autem
1142 901 1254 939 non
1287 885 1625 957 derelinquet
1653 902 1778 941 eum
1815 888 1873 940 in
1900 902 2019 941 ma-

2196 878 2281 931 7l.
2317 877 2392 946 (a)
2437 876 2497 928 Ὀ
2528 874 2585 926 δὲ
2615 874 2821 944 Κύριος
2848 870 2908 922 οὐ
2946 867 3019 939 μὴ
3052 868 3393 940 ἐγκαταλίπῃ
3424 868 3593 921 αὑτὸν
3629 869 3725 933 εις

438 976 600 1031 nibus
622 977 741 1044 ejus
768 994 781 1030 :

2120 970 2221 1033 τὰς
2254 972 2439 1039 χεῖρας
2471 965 2633 1019 αὐτοῦ
2655 980 2667 995 ·

506 1068 596 1122 72.
630 1066 741 1124 Nec
771 1069 1055 1124 damnabit
1078 1084 1203 1125 eum
1235 1088 1250 1125 :

2192 1059 2277 1111 72.
2308 1059 2431 1111 Οὐδ’
2459 1058 2519 1110 οὑ
2553 1056 2627 1128 μὴ
2663 1054 2819 1127 [οὐδὲ
2855 1053 2930 1124 μή
2978 1054 3035 1105 in
3068 1052 3194 1107 cod.
3240 1050 3446 1123 Barb.)
3477 1054 3722 1106 καταδι-

2120 1152 2356 1221 κάσηται
2391 1148 2572 1213 αὑτὸν,

505 1246 592 1300 75.
618 1245 755 1302 Cum
780 1248 1115 1317 iudicabitur
1147 1248 1227 1301 illi
1252 1266 1267 1301 :

2191 1244 2279 1297 75.
2319 1243 2485 1295 Ὅταν
2518 1239 2770 1311 κρίνηται
2798 1237 2945 1308 αὐτῷ
2977 1237 3178 1308 [αύτὸν
3218 1238 3272 1289 in
3300 1236 3418 1288 cod.
3448 1236 3686 1307 Barb.].

508 1335 593 1393 74.
623 1337 891 1410 Exspecta
918 1340 1231 1409 Dominum,
1263 1349 1319 1395 et
1339 1339 1551 1395 custodi
1585 1340 1731 1395 viam
1765 1340 1888 1410 ejus
1916 1356 1933 1393 :

2192 1334 2277 1387 74.
2322 1332 2644 1402 ’Υπόμεινον
2671 1329 2762 1383 τὸν
2792 1329 3022 1399 Κύριον,
3057 1328 3152 1381 καὶ
3183 1326 3419 1397 φύλαξον
3447 1329 3551 1398 τὴν
3585 1329 3723 1382 ὁδδν

2120 1425 2288 1478 αὑτοῦ
2308 1440 2323 1456 ο

428 1518 441 1539 δν
503 1512 595 1567 75.
625 1511 692 1568 Et
720 1515 983 1570 exaltabit
1016 1524 1090 1579 te,
1134 1526 1195 1569 ut
1228 1515 1544 1570 haereditate
1577 1515 1764 1586 capias
1790 1523 1959 1571 terram

2193 1515 2281 1570 75.
2310 1516 2420 1569 Kal
2466 1513 2672 1584 ὑψώσει
2724 1531 2785 1567 σε
2829 1512 2924 1567 τοῦ
2974 1513 3525 1584 κατακληρονομῆσαι
3556 1513 3671 1582 γῆν
3698 1528 3716 1541 ·

430 1666 433 1669 δ
506 1602 595 1658 76.
631 1604 766 1659 Cum
802 1607 1066 1675 perierint
1087 1614 1404 1676 peccatores
1428 1606 1658 1662 videbis.

2190 1607 2276 1661 76.
2325 1608 2412 1659 ’Ev
2441 1606 2519 1676 τῷ
2544 1604 2984 1675 ὲξολοθρεύεσθαι
3015 1604 3391 1674 ἁμαρτωλοὺς,
3423 1604 3547 1673 ὖψει
3574 1602 3717 1675 [ὄψῃ

2119 1701 2195 1753 id.
2233 1699 2349 1753 cod.
2384 1695 2594 1768 Barb.].

506 1782 593 1836 ’⁷7,
622 1781 746 1838 Vidi
770 1787 997 1854 impium
1030 1790 1517 1856 superexaltatum,

2037 1762 2087 1823 Β
2189 1792 2278 1844 77.
2307 1785 2458 1842 Εἶδον
2484 1762 2575 1840 τὸν
2610 1788 2779 1857 ἀσεϐῆ
2813 1786 3280 1857 ύπερυψούμενον,

506 1874 595 1929 78.
626 1875 690 1931 Ει
715 1878 985 1932 elevatum
1026 1880 1169 1935 sicut
1199 1882 1394 1937 cedros
1415 1881 1608 1937 Libani
1639 1899 1653 1935 :

2188 1884 2275 1937 78.
2315 1884 2425 1935 Kal
2452 1881 2814 1951 ἐπαιρόμενον
2840 1881 2915 1942 ὡς
2937 1879 3035 1942 τὰς
3058 1880 3282 1950 κέδρους
3306 1876 3400 1932 τοῦ
3422 1877 3671 1932 Λιϐάνου
3690 1892 3712 1910 ο

509 1965 597 2022 79.
630 1967 694 2022 Et
729 1971 977 2034 transivi,
1013 1980 1067 2026 et
1091 1988 1216 2027 ecce
1244 1989 1353 2027 non
1389 1982 1507 2027 erat
1535 1992 1547 2026 :

2189 1977 2277 2030 79.
2310 1974 2421 2027 Kal
2454 1973 2753 2043 παρῆλθον,
2782 1974 2875 2025 καὶ
2905 1972 3012 2024 ἰδοὺ
3049 1972 3149 2024 ούκ
3180 1967 3248 2041 ἦν
3269 1988 3282 2001 -

472 2062 595 2157 .80.
629 2063 695 2119 Et
739 2067 963 2136 quaesivi
1000 2083 1147 2136 eum,
1171 2077 1225 2123 et
1268 2085 1378 2123 non
1427 2078 1512 2124 est
1550 2070 1807 2123 inventus
1853 2066 2003 2123 locus

2191 2065 2282 2119 80.
2314 2064 2423 2117 Kal
2453 2064 2691 2134 ἐζήτησα
2713 2062 2895 2126 αὑτὸν,
2911 2062 3005 2114 καὶ
3020 2063 3117 2132 οὺχ
3140 2061 3337 2132 εὑρέθη
3361 2062 3388 2114 ὁ
3407 2061 3576 2125 τόπος
3602 2059 3714 2114 αὐ-

436 2154 558 2215 ejus
595 2166 610 2202 :

2118 2154 2211 2209 τοῦ
2233 2169 2245 2183 ·

506 2239 595 2294 8|.
628 2239 1266 2309 Custodiinnocentiam,
1295 2252 1349 2298 et
1379 2245 1501 2298 vide
1524 2246 1837 2314 aequitatem
1870 2263 1883 2299 :

2190 2248 2280 2302 81.
2314 2246 2562 2299 Φύλασσε
2597 2244 2854 2309 ἀκακίαν,
2890 2246 2983 2298 καὶ
3007 2244 3083 2297 ἴδε
3120 2244 3389 2314 εὐθύτητα
3413 2260 3427 2274 ο

502 2330 593 2385 82.
622 2332 889 2398 Quoniam
917 2344 1045 2389 sunt
1074 2336 1317 2405 reliquiae
1346 2337 1550 2390 homini
1584 2338 1829 2405 paciﬁca.

2188 2338 2276 2393 82.
2315 2339 2434 2391 Ὅτι
2476 2338 2628 2389 ἐστὶν
2651 2336 3064 2406 ἐγκατάλειμμα
3088 2334 3359 2407 ἀνθρώπῳ
3387 2336 3677 2407 εἰρηνικῷ.

502 2423 591 2478 85.
624 2423 815 2495 lnjusti
848 2436 1031 2479 autem
1063 2426 1411 2496 disperibunt
1442 2429 1606 2482 simul
1640 2449 1652 2483 :

2190 2431 2278 2485 85.
2309 2431 2373 2482 Οἱ
2392 2430 2447 2483 δὲ
2471 2430 2775 2499 παράνομοι
2789 2426 2970 2493 ὲξολοθ
2978 2427 3333 2500 ρευθήσονται
3352 2429 3445 2481 ἐπὶ
3461 2428 3521 2481 τὸ
3543 2428 3706 2482 αὐτὸ·

502 2514 592 2570 84.
626 2514 887 2587 Reliquize
915 2518 1207 2588 impiorum
1239 2520 1563 2575 interibunt.

2190 2522 2278 2576 84.
2311 2522 2391 2575 Τὰ
2426 2520 2913 2591 ἐγκαταλείμματα
2935 2519 3041 2574 τῶν
3068 2520 3278 2573 ἀσεϐῶν
3307 2520 3707 2592 ὲξολοθρευθή-

2123 2631 2322 2669 σονται.

502 2693 593 2749 85.
628 2691 787 2750 Salus
826 2706 1009 2751 autem
1033 2696 1308 2765 justorum
1342 2713 1371 2751 a
1413 2699 1643 2753 Domino
1677 2718 1691 2753 :

2181 2707 2271 2762 85.
2307 2708 2561 2778 Σωτηρία
2587 2707 2643 2759 δὲ
2665 2706 2774 2758 τῶν
2798 2705 3020 2759 δικαίων
3048 2704 3201 2775 παρά
3224 2705 3432 2777 Κυρίου
3452 2721 3464 2735 ·

500 2808 577 2879 (a)
606 2806 740 2865 Vers
768 2809 853 2863 71.
887 2808 991 2864 Καὶ
1030 2810 1199 2882 ζητεῖ.
1233 2812 1265 2881 ᾖ
1303 2811 1388 2869 72.
1421 2811 1497 2877 δέ,
1530 2821 1635 2868 etc.
1673 2814 1704 2876 φ
1734 2812 1817 2867 75.
1843 2814 1979 2867 Οὐδὲ
2019 2834 2031 2885 ι

1736 2812 1817 2867 75.
1843 2814 1979 2867 Οὐδὲ
2019 2817 2095 2888 μὴ
2122 2834 2226 2869 κατ
2251 2859 2266 2874 .
2301 2858 2314 2871 .
2352 2856 2364 2870 .
2399 2815 2570 2887 αύτῷ.
2606 2819 2637 2885 ᾖ
2667 2817 2753 2873 74.
2797 2816 3141 2887 Ὑπόμεινον,
3164 2823 3267 2870 etc.

1604 2955 1973 3013 ATHANASII
2009 2953 2583 3011 INTERPRETATIO.

507 3078 597 3136 67.
629 3081 948 3153 Veritatem,
982 3085 1179 3158 inquit.

2048 3104 2093 3165 ς
2196 3092 2283 3146 67.
2332 3090 2618 3162 Ἀλήθειαν
2652 3091 2817 3159 λέγει.

505 3172 595 3227 68.
629 3173 791 3230 Fides
824 3175 923 3231 Dei
945 3179 1031 3232 sui
1055 3179 1110 3232 in
1138 3180 1303 3235 corde
1327 3180 1470 3252 ejus.

2190 3183 2279 3238 68.
2314 3184 2379 3235 Ἦ
2410 3184 2592 3244 πίστις
2614 3182 2712 3235 τοῦ
2739 3180 2873 3235 Θεοῦ
2901 3178 3066 3233 αὑτοῦ
3089 3181 3147 3232 ἐν
3173 3180 3240 3249 τῇ
3271 3177 3477 3250 καρδία
3504 3176 3706 3233 αὺτοῦ.

499 3265 591 3321 69.
623 3264 691 3319 Ει
720 3284 1004 3338 nunquam
1034 3271 1279 3328 discedet
1308 3274 1376 3328 ab
1403 3290 1487 3329 eo.

2185 3273 2272 3327 69.
2310 3273 2419 3327 Kal
2454 3276 2530 3344 (1)
2559 3271 2930 3344 ἀποστήσεταί
2959 3287 3088 3323 ποτε
3123 3272 3216 3323 ἀπ’
3246 3267 3430 3323 αὐτοῦ.

504 3355 596 3410 70.
629 3356 779 3413 Bello
801 3361 1029 3429 peccati.

2185 3366 2275 3420 70.
2312 3366 2388 3438 (2)
2421 3366 2519 3420 Διά
2553 3366 2646 3420 τοῦ
2673 3366 2913 3436 πολέμου
2941 3364 3043 3434 τῆς
3068 3363 3371 3435 ἁμαρτίας.

506 3448 596 3503 71.
626 3447 745 3504 Non
780 3451 898 3521 ipse
926 3453 1069 3509 sinet
1112 3456 1356 3525 superari
1398 3457 1661 3527 improbis
1700 3458 1821 3531 ejus
1856 3460 2014 3533 cupi-

2190 3459 2277 3513 71.
2306 3459 2419 3511 Ούκ
2446 3459 2510 3513 ἂν
2542 3456 2704 3521 αὐτὸς
2752 3458 3084 3527 συγχωρήσῃ
3122 3454 3417 3526 ἡττηθῆναι
3447 3453 3568 3516 ταῖς
3602 3466 3716 3505 m-

437 3539 725 3598 ditatibus.

2118 3551 2311 3619 νηραῖς
2334 3549 2729 3619 ὲπιθυμήσεσιν
2752 3547 2938 3600 αὐτοῦ.

500 3631 592 3689 72.
620 3633 758 3690 Cum
796 3637 1080 3711 impugnat
1105 3656 1233 3696 eum

2190 3640 2279 3692 72.
2313 3640 2479 3691 Ὅταν
2512 3638 2721 3710 πολεμῇ
2755 3637 2936 3692 αὐτόν.

510 3725 598 3781 75.
630 3725 772 3781 Loco
796 3728 1006 3784 dicendi
1030 3746 1049 3784 :
1081 3746 1207 3787 cum
1234 3732 1350 3802 ipse
1370 3731 1729 3803 iudicabitur.

2188 3730 2277 3784 75.
2319 3730 2469 3784 Ἀντί
2499 3728 2627 3794 τοῦ,
2663 3730 2721 3782 ὲν
2743 3730 2819 3798 τῷ
2850 3728 3131 3800 κρίνεσθαι
3158 3729 3338 3781 αὐτόν.

507 3816 601 3871 74.
628 3817 947 3878 Praestolare
1001 3822 1317 3891 Dominum,
1367 3834 1423 3880 et
1467 3826 1685 3881 custodi
1736 3824 1900 3881 ﬁdem
1958 3832 2014 3880 et

2190 3822 2273 3876 74.
2315 3821 2641 3891 ’Δπεκδέχου
2680 3820 2770 3876 τὸν
2798 3820 2996 3892 Κύριον
3025 3861 3040 3886 ,
3072 3822 3166 3874 καὶ
3213 3820 3450 3891 φύλασσε
3479 3818 3580 3889 τὴν
3609 3818 3721 3872 πι-

430 3909 688 3965 mandata
713 3912 855 3981 ejus.

2118 3932 2232 3967 στιν
2269 3914 2361 3967 καὶ
2392 3914 2493 3977 τὰς
2539 3914 2758 3977 ἐντολὰς
2783 3914 2965 3967 αὐτοῦ.

503 4002 592 4057 75.
629 4002 695 4057 Et
723 4005 1050 4074 gloriﬁcabit
1079 4015 1133 4063 te
1160 4009 1215 4062 in
1242 4024 1411 4079 regno
1439 4025 1561 4064 suo.

2189 4005 2276 4059 75.
2308 4004 2411 4058 Kal
2428 3999 2639 4069 δοξάσει
2666 4023 2725 4057 σε
2747 4007 2804 4057 ἐν
2833 4008 2901 4076 τῇ
2939 4004 3186 4075 βασιλείᾳ
3220 4003 3405 4058 αὐτοῦ.

504 4093 592 4148 76.
624 4094 761 4148 Cum
791 4097 1081 4153 traduntur
1110 4099 1224 4171 igni
1245 4110 1468 4155 aeterno.

2189 4095 2273 4149 76.
2307 4095 2474 4149 Ὅταν
2501 4094 2896 4166 παραδίδωνται
2928 4094 3005 4165 τῷ
3030 4095 3231 4164 αἰωνίῳ
3260 4092 3410 4164 πυρί.

503 4184 593 4251 77,
628 4184 712 4240 78.
750 4185 1060 4244 Diabolum.

2186 4188 2277 4252 77,
2313 4186 2403 4241 78.
2439 4186 2543 4240 Τὸν
2569 4186 2832 4241 διάϐολον.

504 4276 593 4333 79.
625 4276 693 4333 Et
724 4280 950 4334 transivi
987 4283 1089 4337 sub
1118 4282 1231 4338 Deo
1266 4284 1321 4338 in
1358 4293 1779 4350 resurrectione,
1816 4293 1869 4338 et
1901 4299 2013 4338 non

2187 4280 2275 4334 79.
2307 4279 2412 4333 Kal
2442 4278 2719 4351 παρῆλθον
2760 4278 2837 4349 (5)
2875 4278 2979 4331 ὑπὸ
3022 4278 3115 4331 τοῦ
3161 4277 3293 4329 Θεοῦ
3338 4278 3395 4329 ἐν
3466 4278 3531 4345 τῇ
3566 4278 3716 4331 ἀνα-

430 4368 669 4438 amplius
711 4370 967 4427 inventus
1018 4382 1101 4429 est
1142 4374 1391 4431 diabolus
1423 4395 1435 4430 :
1468 4375 1701 4430 traditur
1732 4376 1877 4430 enim
1901 4375 1961 4429 ia}

2179 4372 2327 4435 τάσει,
2360 4372 2457 4424 καὶ
2494 4371 2593 4423 ούκ
2619 4369 2692 4421 ἔτι
2719 4369 2948 4442 εὓρηται
2976 4372 3003 4424 ὁ
3032 4370 3275 4433 διάϐολος
3297 4386 3309 4399 ·
3341 4370 3710 4440 παραδίδοται

428 4468 655 4515 ωιθτηο.
2044 4457 2098 4520 1)
2126 4462 2233 4533 γὰρ
2258 4461 2334 4532 τῷ
2364 4460 2567 4530 αἰωνίῳ
2597 4460 2749 4531 πυρί.

496 4553 588 4606 80.
620 4552 905 4609 Alienatus
926 4553 1073 4608 enim
1109 4562 1193 4608 est
1221 4568 1251 4607 e
1278 4553 1399 4607 loco
1426 4552 1732 4623 justorum.
1845 4573 1869 4585 -

2188 4554 2276 4607 80.
2322 4551 2680 4621 Ἠλλοτρίωτο
2703 4550 2811 4621 γὰρ
2836 4549 2928 4603 τοῦ
2951 4550 3116 4602 τόπου
3146 4550 3219 4619 (ft)
3248 4549 3355 4602 τῶν
3382 4548 3630 4603 δικαίων.

504 4646 593 4701 81.
627 4645 775 4702 Tene
807 4648 1104 4703 Dominum
1138 4648 1193 4701 in
1224 4646 1421 4718 teipso,
1466 4655 1521 4701 et
1553 4645 1639 4701 fac
1680 4660 1845 4701 omne
1879 4660 2016 4716 opus

2184 4646 2271 4699 81.
2309 4645 2509 4716 Κράτει
2540 4645 2629 4698 τὸν
2660 4643 2857 4715 Κύριον
2880 4644 2937 4698 ὲν
2967 4642 3162 4713 ἑαυτῷ,
3191 4643 3285 4695 καὶ
3312 4642 3455 4696 ποίει
3481 4644 3596 4696 πᾶν
3620 4643 3708 4716 ἔρ-

432 4741 660 4795 bonum.

2118 4757 2213 4809 γον
2243 4737 2464 4806 ἀγαθόν.

506 4831 597 4887 82.
624 4830 895 4898 Quoniam
925 4832 1212 4887 retributio
1240 4840 1323 4886 est
1346 4831 1697 4901 diligentibus
1728 4846 1881 4884 cum.

2190 4832 2278 4883 82.
2313 4830 2433 4881 Ὅτι
2458 4828 2574 4881 ἐστὶ
2606 4826 2999 4898 μισθαποδοσία
3033 4826 3147 4888 τοῖς
3171 4825 3457 4894 ἀγαπῶσιν
3484 4827 3653 4878 αὐτόν

506 4920 597 4976 85.
630 4920 806 4976 Simul
839 4923 894 4975 in
927 4922 1396 4977 consummatione
1419 4937 1610 4976 omnes
1646 4922 1902 4990 peribunt
1932 4918 2015 4972 in-

2194 4922 2280 4977 85.
2322 4920 2486 4991 Ὀμοῦ
2519 4922 2634 4990 ἆμα
2667 4921 2725 4972 ὲν
2762 4922 2830 4991 τῇ
2878 4918 3157 4987 συντελείᾳ
3197 4918 3396 4980 πάντες
3435 4918 3703 4971 ἀπολοῦν-

429 5013 591 5083 justi,
616 5029 793 5084 neque
818 5030 959 5068 unus
992 5015 1351 5083 relinquetur.

2121 5031 2209 5067 ται
2232 5015 2280 5066 οἱ
2307 5014 2631 5083 παράνομοι,
2663 5012 2759 5065 καὶ
2788 5012 2909 5064 οὐδὲ
2935 5006 3015 5073 εἷς
3045 5010 3550 5081 περιλειφθήσεται.

509 5104 599 5159 84.
633 5093 810 5174 Opera
835 5120 1025 5159 eorum
1054 5122 1177 5160 cum
1204 5108 1335 5175 ipsis
1357 5106 1632 5175 peribunt.

2188 5106 2276 5159 84.
2314 5106 2393 5157 Τά
2422 5106 2558 5175 ἔργα
2582 5103 2760 5158 αὐτῶν
2793 5106 2888 5158 σὺν
2918 5104 3102 5166 αὐτοῖς
3133 5101 3482 5157 ἀπολοῦνται,

505 5196 597 5251 85.
634 5195 701 5250 Et
730 5198 784 5251 in
806 5198 1057 5268 praesenti
1084 5207 1139 5253 et
1170 5200 1225 5252 in
1252 5197 1437 5252 futuro
1460 5196 1679 5252 saeculo.

1543 5196 1679 5252 culo.
2188 5199 2275 5254 85.
2304 5198 2409 5253 Kal
2431 5200 2489 5252 ὲν
2517 5198 2595 5268 τῷ
2628 5196 2872 5268 μέλλοντι
2899 5195 3074 5249 αἰῶνι.

1388 5356 1692 5418 Addenda
1723 5362 1785 5418 et
1814 5356 2189 5436 corrigenda
2244 5374 2324 5417 ex
2362 5355 2501 5416 cod.
2538 5353 2736 5415 Vatic.

507 5478 1112 5549 (I)Kalofnc,etc.ri_
1582 5547 1590 5549 4
1918 5546 1975 5549 μ
2118 5477 2294 5531 τιτι.
2344 5476 2654 5549 Ἀποδᾼέχοω

513 5544 689 5621 (ιὶγΝ.
729 5551 819 5605 70.
852 5544 901 5603 ⁷ὁ
948 5547 1212 5611 διάϐολος.
1246 5562 1308 5621 _n.
1362 5546 1450 5621 71.
1502 5547 1618 5611 Διά,
1663 5556 1793 5621 etc_._
1814 5562 1868 5621 n_.
1918 5546 2005 5599 72.

1663 5556 1793 5621 8‘9;
1814 5562 1868 5621 ης
1918 5546 2005 5599 ⁷2ο
2187 5550 2260 5621 (ὃ)
2298 5544 2603 5621 umor.-
2638 5588 2651 5600 -
2690 5583 2705 5621 ς
2742 5544 2937 5621 ειέρέθη
2962 5545 3010 5604 ὁ,
3046 5551 3151 5598 ειε-

438 5616 553 5673 Οὐκ
576 5616 667 5673 ’ἂν
694 5622 856 5675 αὑτὸν
884 5636 989 5686 συγ
1015 5659 1028 5672 .
1062 5662 1075 5674 .
1108 5660 1120 5672 .
1146 5618 1485 5688 ἐπιθυμίαις,
1514 5628 1617 5672 etc.
1651 5634 1703 5671 n.
1731 5618 1813 5670 75.
1841 5617 1969 5667 "Usa

1431 5636 1485 5680 ς,
1514 5628 1617 5672 etc.
1651 5634 1703 5671 n.
1731 5618 1813 5670 75.
1841 5617 2009 5668 Ὅταν
2190 5618 2263 5688 (4)
2295 5616 2413 5671 Τῶν
2443 5618 2620 5669 τόπων
2645 5616 2830 5679 αὑτοῦ,
2860 5623 2962 5669 etc.

439 5689 757 5762 πολεμεῖται
810 5691 992 5755 αὐτόν,
1050 5690 1353 5745 versiculus
1400 5688 1543 5741 Ἀντί
1590 5688 1742 5743 deest
1792 5689 1845 5740 in
1878 5688 1999 5741 cod.
