3878 6218
198 317 316 372 795
1059 313 1148 368 DE
1188 314 1460 370 TITULIS
1497 313 1944 373 PSALMORU‘M.
2000 347 2073 356 —
2109 315 2308 372 P‘SAL.
2351 315 2618 373 XXXVII.
2849 360 2866 371 .,
3357 317 3462 374 794

283 433 380 490 86.
405 433 516 488 Kal
544 435 955 507 ὑπερασπιστὴς
987 433 1165 488 αὐτῶν
1191 435 1337 487 ἐστιν
1370 435 1428 486 ὲν
1467 434 1644 507 καιρῷ
1670 435 1784 488 θλι-
1810 485 1814 496 ,

1954 435 2046 490 86.
2073 435 2140 491 Ει
2159 446 2434 508 protector
2453 451 2644 492 eorum
2669 441 2757 491 est
2787 435 2844 489 in
2877 442 3120 507 tempore
3153 434 3463 490 tribulatio-

196 524 380 597 ψεως.

1887 528 1993 582 nis.

281 619 372 673 87.
403 621 511 673 Kal
537 617 794 691 βοηθήσει
830 619 1014 681 αὑτοῖς
1041 617 1266 688 Κύριος,
1307 617 1403 671 καὶ
1431 617 1654 688 ῥύσεται
1687 617 1786 672 αὐ-

1959 618 2050 674 87.
2089 615 2156 671 Ει
2197 614 2477 688 adjuvabit
2505 629 2603 670 eos
2633 613 2922 680 Dominus,
2965 590 3020 671 et
3057 615 3312 672 liberabit
3340 631 3459 682 eos,

197 729 338 775 τους

401 805 513 859 Kal
545 803 809 870 ἐξελεῖται
837 804 1035 867 αὐτοὺς
1062 804 1122 868 ἐξ
1148 802 1488 875 ἁμαρτωλῶν
1510 819 1526 836 ο

1413 802 1488 857 ῶν
1510 819 1526 836 ο
1958 792 2046 848 88.
2084 792 2150 846 Ει
2172 801 2328 848 eruet
2355 807 2451 848 eos
2478 808 2508 847 a
2529 792 2944 862 peccatoribus:

278 898 370 951 89.
401 897 508 949 Kal
533 894 694 948 σώσει
728 897 950 961 αὐτοὺς,
985 897 1065 949 ὅτι
1095 895 1329 967 ἤλπισαν
1362 895 1450 947 ἐπ’
1477 895 1670 950 αὑτόν.

1959 885 2051 940 89.
2087 884 2154 938 Ει
2188 884 2418 940 salvabit
2450 900 2564 952 eos,
2590 885 2723 956 quia
2746 893 3097 954 speraverant
3119 883 3174 937 in
3201 897 3284 938 eo.

321 1007 571 1079 Ψαλμὸς
596 1007 676 1073 τῷ
693 1007 896 1079 Δαϐίδσ
931 1010 1019 1073 εὶς
1043 1007 1387 1076 ἀνάμνησιν
1411 1007 1544 1077 περὶ
1575 1008 1682 1063 τοῦ

1934 997 2139 1052 ἐαιιηιιε
2185 996 2357 1050 David
2395 997 3038 1079 ςέιειοοιηῃιςῃρίαιξοηε
3093 997 3159 1050 de
3208 994 3465 1050 Sabbato.

647 1065 970 1132 Σαϐϐἀτου.
995 1065 1173 1133 ΨΑΛῖ
1205 1065 1338 1132 ΛΖ’.
1485 1065 1498 1077 ’

1485 1065 1498 1077 ’
2405 1065 2809 1121 PSALJXXX
2828 1066 2954 1121 VII.

281 1193 334 1246 1.
367 1192 562 1263 Κύριε,
591 1192 665 1263 μὴ
685 1192 764 1262 τῷ
790 1191 947 1262 θυμῷ
980 1209 1073 1246 σου
1101 1192 1328 1265 ἐλέγξῃς
1359 1208 1461 1263 με’
1506 1239 1512 1246 .

1963 1180 2017 1232 1.
2050 1179 2295 1244 Domine,
2329 1195 2397 1234 ne
2435 1181 2490 1234 in
2525 1180 2706 1234 furore
2729 1190 2824 1236 tuo
2854 1196 3052 1250 arguas
3085 1195 3172 1235 me
3205 1198 3218 1234 :

280 1281 338 1334 2.
375 1282 527 1352 Μηδὲ
558 1283 624 1352 τῇ
660 1283 796 1352 ὀργῇ
824 1298 918 1334 σου
944 1281 1242 1352 παιδεύσῃς
1273 1298 1360 1352 με.

1960 1271 2018 1324 2.
2046 1270 2242 1339 Neque
2262 1274 2316 1326 in
2344 1273 2430 1326 ira-
2451 1280 2544 1327 tua
2567 1274 2834 1343 corripias
2866 1289 2969 1326 me.

283 1374 339 1428 5.
375 1375 496 1427 Ὅτι
522 1373 588 1426 τὰ
616 1372 744 1442 βέλη
787 1390 879 1425 σου
914 1372 1263 1444 ὲνεπάγησάν
1297 1390 1388 1443 μοι
1417 1390 1432 1404 ο

1961 1364 2014 1418 5.
2047 1362 2314 1430 Quoniam
2344 1365 2555 1435 sagitta:
2592 1375 2698 1420 tuae
2729 1365 2909 1420 infixae
2932 1373 3062 1419 sunt
3086 1363 3219 1418 mihi
3246 1382 3258 1417 :

282 1468 339 1521 4.
376 1468 484 1520 Kal
518 1464 880 1536 ὲπεστήριξας
906 1465 992 1517 ἐπ’
1024 1464 1130 1534 ἐμὲ
1150 1463 1250 1534 τὴν
1273 1463 1432 1534 χεῖρά
1457 1480 1572 1516 σου.

1961 1455 2016 1508 4.
2044 1454 2108 1509 Ει
2143 1457 2481 1511 conﬁrmasti
2510 1472 2675 1526 super
2705 1471 2793 1510 me
2815 1471 3038 1509 manum
3071 1464 3240 1508 tuam.

285 1557 339 1611 5.
375 1556 487 1610 Οὐκ
507 1555 652 1608 ἔστιν
681 1554 826 1617 ἴασις
855 1555 913 1607 ἐν
941 1555 1007 1625 τῇ
1033 1553 1195 1624 σαρκί
1229 1570 1332 1623 μου
1358 1552 1466 1605 ἀπὸ
1498 1552 1791 1625 προσώπου

1964 1547 2019 1601 5.
2055 1545 2173 1603 Non
2231 1559 2316 1603 est
2365 1548 2572 1604 sanitas
2624 1549 2680 1602 in
2729 1563 2894 1602 carne
2939 1562 3061 1601 mea
3112 1562 3142 1599 a
3190 1544 3327 1598 facie
3377 1542 3474 1598 irae

205 1648 316 1717 τῆς
349 1647 520 1717 ὀργῆς
552 1662 646 1697 σου
672 1663 684 1676 ·
1680 1656 1689 1702 ι

470 1648 520 1715 ἧς
552 1662 646 1697 σου
672 1663 684 1676 ·
1680 1656 1689 1702 ι
1894 1647 2001 1694 tuae

287 1739 342 1794 6.
380 1738 660 1795 Οὐκέστιν
689 1738 878 1809 εἰρήνη
914 1737 972 1790 ὲν
996 1739 1108 1799 τοῖς
1141 1735 1348 1800 ὀστέοις
1385 1752 1484 1805 μου
1512 1734 1620 1788 ἀπὸ
1662 1751 1795 1806 προ-

1969 1733 2022 1784 6.
2057 1729 2176 1785 Non
2204 1738 2288 1785 est
2321 1744 2426 1799 pax
2459 1729 2680 1784 ossibus
2708 1729 2843 1783 meis
2871 1744 2900 1782 a
2936 1727 3075 1782 facie
3123 1736 3470 1798 peccatorum

212 1831 403 1885 σώπου
432 1830 542 1882 τῶν
569 1829 854 1900 ἁμαρτιῶν
881 1845 1001 1899 μου.

634 1829 854 1900 ιαρτιῶν
881 1845 1001 1899 μου.
1823 1890 1868 1900 ᾳ
1897 1838 2165 1880 meorum.

287 1923 344 1977 Ἰ.
378 1922 499 1974 Ὀτι
527 1922 584 1974 αἱ
606 1890 825 1991 ανομίαι
846 1890 949 1991 μου
965 1916 1250 1990 ὑπερῆραν
1274 1917 1372 1987 τὴν
1400 1917 1640 1987 κεφαλήν
1662 1931 1786 1988 μου·

1972 1907 2029 1969 7.
2067 1914 2338 1980 Quoniam
2385 1909 2702 1980 iniquitates
2749 1923 2886 1963 mete
2937 1921 3306 1978 supergressa:
3346 1915 3477 1961 sunt

1899 2013 2065 2073 caput
2088 2019 2270 2058 meum
2297 2021 2310 2056 :

289 2102 346 2156 8.
391 2101 537 2152 'Qaal
568 2097 787 2170 φορτίον
816 2096 952 2168 βαρὺ
983 2093 1359 2166 ὲόαρύνθησαν
1384 2093 1471 2145 ἐπ’
1496 2092 1617 2162 ἐμέ.

1968 2094 2021 2149 8.
2058 2093 2211 2148 Sicut
2244 2109 2384 2148 onus
2408 2107 2570 2162 grave
2595 2098 2831 2160 gravata:
2861 2096 2989 2143 sunt
3023 2103 3186 2156 super
3211 2102 3316 2142 me.

287 2194 344 2249 9.
378 2191 738 2264 Προσώζεσαν
765 2191 859 2245 καὶ
893 2188 1177 2257 ἐσάπησαν
1205 2187 1253 2237 οἱ
1293 2184 1558 2255 μώλωπές
1589 2201 1710 2253 μου,

1968 2184 2021 2239 9.
2048 2183 2386 2237 Putruerunt
2425 2190 2482 2235 et-
2520 2188 2791 2248 corruptze
2831 2186 2966 2233 sunt
2989 2176 3274 2232 cicatrices
3318 2188 3473 2242 mete,

291 2281 382 2341 t0.
417 2281 550 2336 Ἀπὸ
577 2278 872 2354 προσώπου
900 2279 998 2349 τῆς
1026 2274 1338 2346 ἀφροσύνης
1361 2291 1484 2344 μου.

1310 2291 1338 2337 ς
1361 2291 1484 2344 μου.
1967 2276 2055 2331 10.
2090 2275 2134 2329 Α
2165 2275 2304 2330 facie
2330 2273 2658 2344 insipientia:
2686 2286 2839 2326 meae.

1348 2453 1726 2524 ATIIANASII
1766 2449 2357 2507 INTERPRETATIO.

292 2621 386 2678 86.
417 2621 680 2691 Πρόνοιαν
705 2617 883 2673 αὐτῶν
917 2617 1004 2670 ἀεὶ
1038 2613 1378 2685 ποιούμενος.

1980 2610 2067 2664 86.
2096 2609 2304 2663 Curam
2330 2606 2548 2660 illorum
2573 2618 2788 2673 semper
2815 2617 3027 2673 gerens.

295 2715 387 2769 87.
417 2687 495 2785 Τῇ
521 2713 664 2785 χειρὶ
690 2708 865 2765 αὑτοῦ
888 2709 1126 2773 σκέπων,
1157 2707 1252 2760 καὶ
1295 2705 1554 2777 δυναμῶν
1599 2703 1800 2767 αὐτοὺς

1978 2702 2066 2756 87.
2098 2700 2260 2754 Manu
2309 2715 2407 2752 sua
2460 2707 2788 2766 protegens,
2832 2703 2888 2749 et
2933 2689 3253 2748 confortans
3290 2701 3386 2744 eos
3422 2687 3481 2744 in

215 2807 282 2859 ὲν
307 2806 555 2875 ὑπομονῇ
592 2801 784 2872 πολλῇ.

1906 2793 2078 2848 multa
2115 2790 2396 2860 patientia.

295 2894 388 2949 88.
417 2893 522 2947 Kal
547 2874 885 2965 νλυτρὼσεται
911 2889 1108 2952 αὐτοὺς
1148 2891 1213 2942 ὲκ
1238 2889 1346 2942 τῶν
1388 2889 1676 2960 δαιμόνων,
1711 2887 1803 2940 καὶ

1981 2885 2070 2938 88.
2101 2883 2166 2937 Ει
2216 2881 2468 2935 liberabit
2518 2893 2614 2933 eos
2656 2891 2723 2932 ex
2776 2874 3135 2940 daemonibus,
3183 2887 3485 2943 eorumque

214 2986 332 3039 τῶν
359 2983 648 3054 ὑπουργῶν
674 2981 875 3036 αὐτῶν.

736 2981 875 3034 ιτῶν.
1911 2975 2267 3032 administris.

294 3075 382 3131 89.
414 3076 510 3139 Εἰς
541 3074 636 3144 τὴν
663 3072 880 3128 αἰώνιον
911 3070 1188 3142 βασιλείαν
1215 3067 1408 3132 αὐτοῦ,
1439 3069 1528 3133 εἰς,
1551 3069 1615 3140 ἣν
1640 3065 1802 3137 ὴλπί-

1980 3067 2069 3123 89.
2105 3066 2160 3120 lu
2188 3075 2391 3120 aeterno
2424 3061 2544 3132 ejus
2566 3073 2753 3130 regno,
2786 3057 2841 3114 in
2869 3071 2978 3128 quo
3003 3068 3377 3127 speraverunt.

219 3187 400 3241 σαμεν
432 3168 526 3239 (ι).

307 3291 374 3342 Ἦ
405 3286 737 3359 προκειμένη
766 3283 1045 3354 ἐπιγραφὴ
1071 3281 1424 3353 περιέχειβὶ).
1467 3274 1711 3345 Ta.)de
1740 3273 1822 3340 τῷ
1856 3271 2054 3337 Δαϐὶδ,
2101 3273 2189 3337 εὶς
2223 3268 2572 3338 ἀνάμνησιν
2606 3264 2713 3318 τοῦ
2748 3260 3054 3316 Σαϐϐάτου
3079 3275 3093 3288 ·
3131 3257 3428 3320 τουτέστιν,
3455 3253 3489 3354 δ

217 3341 616 3452 ψαλμὸςιοῦτος
641 3341 966 3447 εἴρηταίτῷ
984 3341 1182 3443 ’δίκαίῷ
1317 3341 1460 3452 κατα
1491 3369 1582 3421 τὸν
1599 3341 1787 3431 λαϐιδ,
1818 3365 1985 3436 ἡνίκα
2004 3361 2326 3434 ὑπεμνήσθη
2352 3361 2451 3429 τῆς
2483 3357 2696 3432 ἡμέρας
2725 3355 2826 3426 τῆς
2853 3354 3107 3426 κρίσεως,
3134 3351 3275 3420 λέγω
3302 3347 3368 3419 δὴ
3390 3341 3486 3399 τοῦ

223 3449 733 3546 ἑπτακισχιλιοστού
769 3473 922 3535 ἔτους
943 3487 955 3500 ·
995 3469 1270 3523 Σάϐϐατον
1300 3468 1410 3538 γὰρ
1438 3449 1803 3536 ἑρμηνεύεται
1836 3460 2203 3524 ἀνάπαυσις.

298 3531 516 3621 Titule
556 3531 1167 3635 praepositus—continet
1200 3577 1213 3612 ε
1263 3531 1520 3614 Paul-mus
1548 3531 1716 3608 David
1758 3554 1813 3606 in
1860 3549 2358 3605 commemoratione
2395 3545 2458 3600 de
2500 3542 2733 3600 Sabbalo
2758 3557 2776 3595 :
2805 3542 2910 3596 hoc
2948 3547 3051 3603 est,
3100 3535 3347 3607 psalmus
3368 3531 3491 3601 {iste

223 3656 411 3712 dictus
441 3665 525 3710 est
551 3628 619 3709 ab
643 3628 866 3708 homine
891 3654 1062 3724 justo,
1093 3650 1271 3721 qualis
1301 3657 1420 3703 erat
1447 3646 1618 3700 David
1647 3660 1771 3701 cum
1813 3642 2133 3699 recordatus
2162 3647 2247 3696 est
2273 3639 2381 3694 diei
2411 3635 2626 3708 judicii’,
2675 3642 2879 3704 septem
2909 3628 3205 3694 millesimi,
3243 3628 3487 3694 inquam,

224 3748 361 3804 anni
390 3766 404 3802 :
439 3746 740 3806 Sabbatum
762 3745 909 3800 enim
943 3745 1146 3814 requies
1209 3743 1624 3810 interpretatur.

304 3871 362 3923 1.
399 3866 594 3939 Κύριε,
624 3865 698 3936 μὴ
738 3862 997 3935 θυμωθῇς
1034 3861 1133 3933 (5),
1177 3861 1272 3915 καὶ
1312 3861 1672 3932 ἀποστραφῇς
1721 3875 1809 3928 με,

1985 3852 2037 3906 1.
2073 3848 2323 3915 Domine,
2355 3861 2424 3901 ne
2453 3845 2588 3899 mihi
2625 3859 2980 3908 succenseas,
3014 3855 3190 3910 neque
3223 3834 3489 3892 averseris

230 3962 332 4017 καὶ
363 3929 563 4021 πάντες
589 3929 823 4025 γνιῖισιν,⁷
843 3929 1255 4024 ὅτι-διϐοήθητός
1283 3956 1434 4029 εἰμι’.
1495 3929 1504 3932 -

1911 3961 2019 4008 me,
2043 3952 2099 3998 et
2125 3956 2319 3997 omnes
2353 3945 2674 4008 agnoscant,
2700 3937 2846 4004 quod
2869 3951 2991 3989 sum
3017 3935 3135 3988 sine
3157 3929 3380 3984 auxilio.

304 4054 362 4108 2.
397 4051 550 4122 Μηδὲ
574 4021 736 4104 πάλιν
755 4048 1016 4119 ὀργισθῇς
1048 4021 1266 4118 μοιβ),
1291 4021 1386 4101 κ,ἀὶ
1414 4045 1583 4116 ἐάσῃς
1619 4063 1686 4116 με
1708 4045 1812 4099 ὑπὸ

1979 4035 2033 4089 2.
2067 4031 2253 4102 Neque
2313 4045 2508 4084 rursus
2561 4027 2820 4082 irascaris
2878 4025 3057 4091 mihi,
3106 4032 3161 4077 et
3207 4021 3356 4075 sinas
3405 4032 3491 4071 me

228 4147 346 4204 τῶν
371 4119 638 4216 δαιμόνων
670 4158 812 4215 μαστ
825 4139 1052 4206 ἱξεσθαι.

1911 4124 2178 4197 ﬂagellari
2207 4139 2237 4176 a
2263 4119 2625 4176 dmmonibus.

301 4239 360 4294 5.
387 4212 690 4306 Αἱνπληγαί
712 4251 831 4299 σου,
857 4233 1027 4302 λέγει.

1985 4221 2038 4274 5.
2069 4218 2248 4287 Plagae
2277 4224 2404 4278 tuae,
2428 4212 2623 4282 inquit.

300 4339 359 4384 4.
393 4328 499 4382 Και
523 4305 899 4389 ἐταπείνωσάς
935 4341 1027 4396 με.

1983 4312 2034 4366 4.
2064 4311 2130 4364 Ει
2160 4305 2459 4363 liumiliasti
2493 4319 2599 4358 ine.

394 4421 471 4493 (5)
490 4381 615 4473 νΟὑκ
638 4418 786 4472 ἔστιν
805 4419 862 4471 ὲν
879 4381 998 4480 τοῖς
1020 4414 1238 4488 ἁμαρτὴ
1249 4412 1382 4486 μασι
1415 4431 1516 4484 μου
1545 4414 1708 4480 ἴασις,
1731 4415 1813 4468 ὅτι

1985 4405 2039 4458 5.
2069 4401 2188 4455 Non
2215 4409 2300 4455 est
2324 4399 2378 4452 in
2406 4395 2646 4467 peccatis
2684 4391 2820 4448 meis
2843 4388 3071 4453 sanitas,
3097 4383 3358 4456 quoniam
3381 4381 3491 4436 ira-

226 4511 546 4589 ὀργίζειμε
581 4507 854 4583 [ὠργίζου
889 4507 1039 4580 μοι].

739 4507 854 4572 {Coo
889 4507 1039 4580 μοι].
1913 4503 2004 4549 tus
2033 4509 2092 4548 es
2115 4493 2270 4546 mihi.

301 4570 506 4660 6.-Ούκ
531 4570 676 4656 έσῖτιν
702 4570 901 4672 εἰρήνη.
919 4602 976 4652 ἐν
995 4570 1063 4671 τῇ
1091 4599 1237 4670 ἰσχύϊ
1261 4599 1360 4673 τῆς
1384 4599 1562 4671 ψυχῆς
1586 4615 1690 4670 μου
1712 4613 1725 4626 ⁸
1757 4598 1814 4651 αἱ

1985 4584 2040 4642 6.
2070 4583 2190 4638 Non
2223 4592 2306 4638 est
2345 4597 2448 4650 pax
2477 4579 2534 4632 in
2577 4574 2894 4632 fortitudine
2927 4570 3124 4625 animae
3166 4582 3299 4622 meae
3327 4583 3342 4634 ;
3371 4580 3491 4619 mea

226 4700 342 4770 γὰρ
371 4694 638 4766 ἁμαρτίαι
669 4711 770 4764 μου
801 4689 1096 4762 πολεμοῦσί
1127 4707 1239 4762 μοι.

1915 4678 2058 4733 enim
2087 4683 2305 4746 peccata
2332 4681 2573 4743 pugnant
2595 4678 2785 4724 contra
2813 4679 2900 4720 me

305 4753 358 4844 :7.
543 4788 600 4840 ai
619 4753 840 4856 ἀνομίαι
872 4753 972 4854 μου
1001 4753 1504 4836 κατενδυνάστευαάν
1530 4797 1658 4851 μου.

1991 4769 2042 4822 7.
2075 4766 2344 4834 Quoniam
2368 4763 2688 4832 iniquitates
2710 4774 2844 4814 mere
2870 4753 3271 4827 praevaluerunt
3302 4757 3491 4804 contra

1919 4874 2025 4913 me.

302 4972 360 5025 8.
394 4968 498 5023 Kal
521 4968 622 5021 οὐκ
642 4965 772 5021 ὲῶσὶ
811 4982 876 5035 με
906 4961 1197 5018 ἀνανεῦσαι
1222 4960 1357 5030 πρὸς
1392 4960 1474 5013 σέ.

1989 4950 2042 5003 8.
2073 4947 2139 5001 Ει
2170 4961 2276 5000 non
2303 4943 2491 4998 sinunt
2521 4956 2607 4995 me
2636 4937 2704 4993 ad
2727 4946 2778 4992 te
2801 4936 3093 5006 respicere.

302 5063 360 5124 9,
390 5059 476 5113 10.
508 5056 615 5111 Kal
640 5055 750 5110 ἀπὸ
771 5030 865 5108 τοῦ
903 5053 977 5125 μὴ
999 5052 1290 5122 τυγχάνειν
1339 5067 1406 5120 με
1440 5049 1636 5110 ἰάσεως
1664 5044 1816 5115 παρὰ

1989 5041 2044 5102 9,
2073 5040 2160 5094 10.
2200 5037 2263 5091 Ει
2284 5037 2412 5106 quia
2437 5050 2467 5088 a
2502 5042 2554 5087 te
2577 5030 2864 5087 sanitatem
2890 5043 3000 5081 non
3034 5040 3154 5080 sum
3182 5030 3489 5086 assecutus,

232 5114 360 5215 σού,
394 5147 724 5218 εἱλκωμένος
762 5145 879 5216 εἰμὶ
903 5114 1045 5206 έλος,
1224 5114 1508 5212 βδεὶίυκτδς
1550 5114 1763 5208 ἐγενόμι

1960 5144 2066 5188 itus
2107 5131 2384 5186 ulceribus
2407 5128 2599 5198 plenus
2633 5139 2777 5190 sum,
2815 5131 2870 5177 et
2895 5115 3281 5174 abominabilis
3314 5114 3491 5169 factus

230 5241 392 5314 παρὰ
416 5241 500 5294 col
523 5238 632 5294 ἀπὸ
658 5237 760 5309 τῆς
791 5234 1066 5308 ἁμαρτιας
1099 5251 1201 5304 μου
1237 5232 1339 5306 (6).

1851 5221 1894 5276 D
1919 5241 2040 5281 sum
2069 5223 2212 5293 apud
2242 5230 2294 5276 te
2323 5221 2394 5277 ob
2426 5223 2706 5291 peccatum
2732 5228 2929 5269 meum.

1188 5390 1494 5456 Addenda
1522 5397 1583 5456 et
1631 5384 2010 5467 corrigenda
2049 5401 2129 5446 ex
2159 5381 2298 5444 cod.
2328 5376 2531 5443 Vatic.

303 5566 388 5640 (ι)
422 5565 716 5640 711w“!-
920 5631 976 5640 _.
1990 5550 2068 5640 ιιι
2096 5545 2534 5640 ﬁrmasse
2566 5545 2717 5640 ἒέιῖοι

421 5603 728 5706 ’ἦ
757 5631 1126 5706 κινναϐάρεως
1155 5647 1285 5703 περ.

2096 5603 2275 5706 afuit):
2308 5603 2461 5706 deest
2484 5618 2536 5669 in
2563 5618 2686 5706 cJOd.
2712 5603 2771 5670 in.
2801 5609 2855 5676 5,
2879 5609 2931 5667 6.
2963 5606 3073 5661 Οὐκ
3097 5605 3242 5661 ἔστιν
3271 5603 3482 5677 εἰρήνη.
3598 5677 3613 5689 .

309 5687 1037 5775 θυμωθείξμοιὰποστ.
1107 5687 1124 5698 ’
1227 5687 1244 5703 ”

1107 5687 1124 5698 -
1227 5687 1244 5703 --
1685 5772 1715 5778 Η
2020 5687 2075 5760 6)
2100 5690 2217 5743 Μου
2245 5689 2396 5743 dccst
2429 5687 2482 5741 in
2511 5687 2630 5742 cod.
