3878 6218
118 300 235 357 797
1023 297 1113 351 DE
1149 298 1427 352 TlTULlS
1459 292 1919 357 PSALM’ORUM.
1961 330 2033 342 —-
2070 299 2273 355 PSAL.
2312 300 2578 358 XXXVII.
3294 298 3402 356 798

196 419 293 470 28.
330 418 441 470 Kal
465 416 598 468 ὡσεὶ
620 414 815 479 ἅλαλος
837 416 937 468 οὐκ
960 416 1190 485 ἀνοίγων
1218 419 1279 470 τὸ
1310 419 1484 488 στόμα
1508 418 1673 472 αὐτοῦ
1695 436 1708 449 °

1695 436 1708 449 °
1742 426 1790 481 Α
1887 419 1977 473 28.
2015 418 2080 473 Ει
2111 419 2254 475 sicut
2279 430 2465 477 mutus
2488 438 2599 475 non
2634 421 2887 490 aperiens
2907 436 2970 475 os
2999 435 3162 474 suum
3193 437 3207 474 :

199 508 294 562 ‘29.
324 510 435 561 Kal
464 508 733 578 ἐγενόμην
756 509 889 560 ὡσεὶ
921 508 1205 579 ἄνθρωπος
1236 510 1335 562 οὐκ
1376 510 1610 576 ἀκούων,

1890 513 1979 566 29.
2013 512 2077 566 Ει
2103 512 2281 568 factus
2314 530 2433 568 sum
2466 516 2610 568 sicut
2642 515 2807 567 homo
2836 528 2944 567 non
2968 512 3221 573 audiens,

194 598 289 653 50.
325 599 434 651 Kal
458 600 558 651 οὐκ
588 598 728 668 ἔχων
759 601 814 650 ἐν
852 598 929 670 τῷ
961 600 1187 670 στόματι
1227 600 1393 653 αὑτοῦ
1430 600 1713 672 ἐλεγμούς.

1892 604 1981 658 50.
2015 603 2080 658 Et
2108 620 2217 658 non
2242 605 2452 660 habens
2480 606 2535 659 in
2560 620 2655 660 ore
2683 620 2783 661 suo
2808 603 3244 673 redargutiones.

202 689 295 743 51.
330 690 452 742 Ὅτι
479 690 570 741 ἐπὶ
600 691 702 752 σοὶ,
733 689 927 759 Κύριε,
955 690 1157 760 ἤλπισα
1191 706 1208 723 °

1889 696 1976 750 5t.
2014 695 2281 761 Quoniam
2317 698 2465 763 inte,
2498 699 2746 765 Domine,
2776 698 2991 767 speravi
3029 716 3040 749 :

204 781 297 834 52.
327 782 400 833 Σὺ
424 782 743 855 είσακούσῃ,
769 782 941 852 Κύριε
966 784 993 834 ὁ
1024 783 1156 845 Θεός
1185 800 1307 853 μου.

1890 789 1979 843 52.
2012 788 2092 843 Tu
2124 792 2383 847 exaudies
2416 807 2522 856 me,
2557 792 2787 847 Domine
2816 792 2961 846 Deus
2992 806 3167 845 meus.

204 875 293 928 55.
328 876 453 927 Ὅτι
488 871 665 943 εἷπον,
691 877 917 947 Μήποτε
957 876 1262 948 ἐπιχαρῶσί
1311 894 1401 947 μοι
1441 878 1489 930 οἱ
1532 875 1719 949 ἐχθροί

1892 880 1980 933 55.
2017 882 2157 946 Quia
2185 883 2320 951 dixi,
2351 882 2654 953 Nequaudo
2678 884 3118 955 supergaudeant
3138 881 3272 936 mibi
3300 880 3397 934 ini-

138 984 241 1036 μου
268 984 281 997 ο

1822 985 1947 1023 mlCI
1973 987 2076 1023 lllEl
2115 988 2128 1026 ε

206 1058 298 1113 54.
335 1060 445 1113 Kal
474 1062 531 1113 ἐν
561 1059 637 1130 τῷ
657 1058 982 1131 σαλευθῆναι
1009 1061 1328 1133 πόδαελμου,
1360 1061 1447 1114 ἐπ’
1470 1062 1571 1132 ἐμὲ
1594 1062 1721 1133 ἐμε-

1895 1061 1984 1115 54.
2020 1060 2087 1117 Ει
2128 1064 2257 1118 dum
2310 1075 2727 1121 commoventur
2760 1066 2921 1136 pedes
2962 1064 3091 1128 mei,
3123 1079 3286 1133 super
3316 1077 3400 1116 me

134 1152 305 1223 γαλοῤ
314 1155 381 1223 pr,
390 1152 527 1222 μόνη
536 1170 655 1207 σαν.

1819 1168 2018 1221 magna
2050 1155 2216 1209 locuti
2241 1165 2388 1210 sunt.

207 1243 297 1296 53.
338 1244 459 1296 Ὅτι
485 1242 597 1311 ἐγὼ
631 1246 711 1307 είς
750 1244 1020 1314 μάστιγας
1041 1244 1259 1316 ἕτοιμος
1282 1260 1296 1274 ·

1893 1246 1982 1298 55.
2019 1246 2287 1311 Quoniam
2318 1262 2418 1317 ego
2447 1247 2502 1301 in
2531 1247 2743 1317 ﬂagella
2771 1256 2997 1318 paratus
3019 1262 3141 1301 sum
3174 1290 3186 1301 .

102 1351 111 1385 :
206 1335 301 1391 56.
331 1337 445 1393 Kal
469 1340 502 1409 ἡ
530 1336 777 1409 ἀλγηδών
815 1356 915 1409 μου
952 1338 1185 1392 ἐνώπιόν
1221 1337 1323 1410 μού
1354 1339 1470 1391 ἐστι
1494 1339 1633 1391 διαπ‹

1888 1337 1977 1392 56.
2012 1339 2078 1394 Ει
2124 1341 2281 1396 dolor
2323 1357 2479 1398 meus
2520 1342 2574 1396 in
2619 1350 2918 1412 conspectu
2960 1355 3081 1396 meo
3128 1349 3212 1395 est
3257 1352 3400 1403 sem-

134 1427 246 1489 τός.
314 1475 340 1498 ο

1821 1442 1938 1498 per.

203 1519 295 1573 57.
334 1520 456 1571 Ὅτι
480 1518 580 1590 τὴν
603 1520 835 1590 ἀνομίαν
873 1536 975 1590 μου
1004 1519 1114 1588 ἐγὼ
1139 1520 1460 1588 ἀναγγελῶ’

1892 1519 1980 1573 57.
2015 1518 2285 1586 Quoniam
2315 1522 2663 1590 iniquitatem
2695 1538 2873 1577 meam
2899 1538 3000 1592 ego
3036 1519 3403 1575 annuntiabo:

206 1614 295 1667 58.
330 1614 442 1667 Kal
481 1617 808 1685 μεριμνήσω
835 1614 975 1687 ὑπὲρ
995 1616 1093 1685 τῆς
1123 1615 1399 1686 ἁμαρτίας
1433 1632 1554 1685 μου.

1379 1633 1399 1678 ς
1433 1632 1554 1685 μου.
1890 1611 1981 1665 58.
2016 1613 2080 1666 Et
2113 1615 2367 1683 cogitabo
2398 1633 2496 1685 pro
2520 1626 2741 1687 peccato
2769 1631 2910 1669 meo.

212 1705 299 1758 59.
334 1706 397 1757 Οἱ
452 1705 508 1757 δὲ
554 1706 737 1777 ἐχθροί
796 1723 897 1775 μου
958 1702 1114 1769 ζῶσι,
1156 1706 1252 1757 καὶ
1280 1703 1721 1775 ,κεκραταίωνται

1899 1703 1987 1757 59.
2017 1705 2233 1761 Inimici
2259 1717 2440 1763 autem
2466 1710 2570 1764 mei
2605 1710 2817 1774 vivunt,
2842 1717 2895 1761 et
2922 1705 3233 1761 conﬁrmati
3279 1708 3404 1759 sunt

140 1798 279 1865 ὑπὲρ
302 1796 425 1866 ἐμέ.

1751 1778 1798 1840 Β
1828 1809 1991 1861 super
2024 1811 2109 1850 me
2139 1814 2152 1850 :

205 1888 294 1941 40.
332 1887 445 1941 Kal
472 1887 888 1959 ἐπληθύνθησαν
911 1889 960 1940 οἱ
997 1884 1285 1957 μισοῦντές
1320 1904 1387 1956 με
1428 1886 1649 1949 ἀδίκως.

1902 1887 1993 1944 40.
2025 1886 2092 1942 Et
2141 1890 2486 1960 multiplicati
2538 1900 2687 1955 sunt,
2734 1891 2827 1961 qui
2885 1890 3121 1946 oderunt
3164 1900 3251 1940 me
3304 1884 3404 1938 ini-

1827 1993 1955 2046 que.

206 2069 296 2122 M.
329 2070 390 2123 Οἱ
415 2069 861 2134 ἀνταποδιδόντες
898 2087 987 2140 μοι
1014 2067 1161 2121 κακά
1189 2068 1309 2120 ἀντὶ
1335 2066 1575 2135 ἀγαθῶν,

1896 2069 1987 2123 41.
2021 2066 2124 2132 Qui
2151 2066 2458 2121 retribuunt
2488 2067 2622 2120 mihi
2649 2068 2790 2120 mala
2820 2082 2917 2136 pro
2943 2066 3123 2130 bonis,

207 2160 298 2212 42°
337 2160 703 2215 Ἐνδιέὸαλλόν
753 2179 841 2232 με,
885 2161 1006 2213 ἐπεὶ¹
1055 2160 1386 2213 κατεδίωκον
1435 2156 1720 2227 ἀγαθωσύ-

1894 2159 1983 2214 42.
2019 2159 2390 2215 Detrabebant
2416 2159 2575 2225 mihi,
2607 2160 2867 2232 quoniam
2904 2160 3171 2230 sequebar
3194 2158 3404 2212 bonita-

134 2268 235 2320 νην
266 2251 363 2321 (a).

1828 2259 1957 2304 tem.

207 2344 298 2397 45.
333 2344 426 2414 Μὴ
448 2344 823 2416 ἐγκαταλίπῃς
848 2362 935 2416 με,
972 2344 1165 2416 Κύριε,

1898 2339 1987 2394 45.
2012 2337 2092 2392 Ne
2115 2336 2463 2407 derelinquas
2488 2352 2594 2403 me,
2622 2336 2850 2392 Domine
2882 2354 2894 2390 :

204 2434 298 2488 44.
345 2435 403 2487 Ὀ
436 2435 567 2498 Θεός
601 2453 723 2505 μου,
755 2436 829 2505 μὴ
854 2437 1096 2505 ἀποστῇς
1128 2436 1221 2488 ἀπ’
1256 2433 1413 2505 ἐμοῦ.

1894 2431 1983 2483 44.
2028 2429 2167 2482 Deus
2192 2444 2369 2495 meus,
2394 2445 2461 2482 ne
2484 2428 2806 2483 discesseris
2837 2442 2867 2480 a
2902 2441 2986 2480 me
3016 2443 3027 2478 :

204 2526 295 2579 45.
333 2528 575 2598 Πρόσχες
598 2530 677 2591 είς
696 2528 791 2600 τὴν
819 2529 1070 2599 βοήθειάν
1110 2545 1233 2599 μου,
1265 2527 1439 2597 Κύριε
1484 2522 1585 2593 τῆς
1610 2539 1717 2575 σω-

1896 2520 1985 2573 45.
2020 2517 2251 2572 Intende
2285 2518 2340 2572 in
2375 2517 2708 2587 adjutorium
2752 2530 2957 2577 meum,
2999 2512 3225 2568 Domine
3263 2510 3405 2567 Deus

131 2617 336 2687 τηρίας
372 2635 499 2688 μου,

1820 2611 2019 2667 salutis
2044 2625 2195 2665 meae.

210 2798 290 2866 (a)
321 2798 380 2853 in
415 2806 566 2854 textu
600 2799 797 2870 legitur
839 2797 1217 2870 δικαιοσύνην,
1264 2799 1358 2853 sed
1408 2812 1573 2865 supra
1601 2797 1738 2853 'ascr

876 2797 1217 2870 ικαιοσύνην,
1264 2799 1358 2853 sed
1408 2812 1573 2865 Supra
1601 2796 1911 2866 ascriptum
1936 2802 2019 2851 est
2040 2794 2401 2865 ἀγαθοσόνην.

1270 2945 1645 3001 ATHANASU
1684 2941 2279 3000 INTERPRETATIO.

207 3110 302 3164 28.
335 3108 450 3160 Οὐκ
473 3107 961 3178 ἀνταπεκρινάμην
987 3105 1060 3176 (1)
1093 3106 1299 3167 αὐτοῖς.

1253 3123 1299 3167 ς.
1752 3105 1798 3167 c
1897 3100 1989 3155 28.
2021 3098 2133 3157 Nec
2163 3099 2245 3155 eis
2278 3110 2469 3154 contra
2504 3099 2782 3170 respondi.

208 3200 303 3255 29.
342 3198 599 3269 Ἀνήκοος
629 3197 873 3268 διέμενον
897 3197 972 3267 μὴ
991 3194 1214 3266 πληρῶν
1243 3195 1378 3265 ὅπερ
1408 3192 1617 3264 ἤθελον.

1902 3192 1991 3246 29.
2026 3190 2206 3245 Veluti
2256 3205 2363 3245 non
2415 3192 2641 3247 audiens
2686 3189 2972 3247 manebam
3007 3205 3116 3245 non
3154 3190 3405 3261 implens,

1828 3283 1974 3355 quod
2009 3284 2282 3338 volebant.

208 3369 301 3423 50.
342 3369 430 3431 Ὠς
461 3369 535 3440 μὴ
568 3369 866 3437 δυνάμενος
906 3368 1102 3430 αὐτοὺς
1135 3368 1396 3437 ἐλέγχειν.

1899 3374 1989 3429 50.
2017 3377 2302 3445 Tanquam
2330 3390 2439 3428 non
2470 3373 2657 3427 valens
2684 3386 2779 3426 eos
2814 3370 3158 3440 redarguere.

207 3460 301 3517 51.
329 3462 454 3515 Ὅτι
483 3464 563 3526 εἰς
593 3461 655 3514 τὸ
677 3462 825 3525 ἔλεός
853 3478 970 3526 σου,
1004 3460 1193 3532 Κύριε,
1220 3459 1443 3531 ἤλπισα.

1898 3465 1987 3519 51.
2026 3464 2297 3532 Quoniam
2334 3465 2390 3519 in
2436 3462 2812 3519 misericordia
2842 3471 2956 3523 tua,
3003 3461 3252 3526 Domine,
3281 3475 3408 3531 spe-

1827 3571 1965 3610 raw.

214 3640 305 3695 52.
336 3638 438 3692 Διά
468 3637 628 3693 τοῦτο
651 3640 989 3702 είσακοόσεις
1031 3640 1128 3711 (2),
1160 3640 1324 3711 Κύριε
1349 3642 1377 3692 ό
1408 3639 1537 3703 Θεός
1580 3656 1700 3709 μου.

1900 3644 1990 3697 52.
2028 3642 2323 3712 Propterea
2360 3643 2621 3697 exaudies
2648 3658 2756 3709 me,
2787 3642 3016 3696 Domine
3045 3642 3189 3697 Deus
3232 3657 3406 3697 meus.

207 3733 297 3787 55.
337 3733 466 3785 ’Ὁτι
492 3729 667 3785 εἷπον
693 3747 705 3762 ·
746 3731 935 3803 Κύριε,
973 3732 1073 3786 ἐὰν
1112 3734 1186 3803 μὴ
1216 3731 1543 3804 είσακούσῃς
1586 3749 1685 3802 μου
1710 3770 1725 3792 ,

1898 3732 1987 3787 55.
2027 3734 2169 3798 Quia
2196 3736 2353 3787 dixi:
2385 3734 2634 3799 Domine,
2670 3734 2717 3789 si
2745 3750 2831 3788 me
2868 3750 2975 3788 non
2999 3734 3247 3801 exaudis,
3279 3752 3413 3805 gau-

137 3826 421 3896 χαίρονται
451 3827 498 3878 οί
537 3825 719 3897 ἐχθροί
750 3845 876 3898 μου.

813 3846 876 3882 μυ.
1828 3824 1957 3879 dent
1985 3826 2190 3879 inimici
2219 3825 2344 3881 mei.

210 3918 301 3971 54.
338 3917 443 3970 Kal
474 3921 533 3971 ἐν
558 3918 637 3989 τῷ
667 3919 775 3971 ἀπὸ
806 3918 1091 3983 ἀσθενείας
1136 3919 1357 3972 πίπτειν
1385 3938 1451 3989 με
1479 3960 1493 3985 ,
1531 3922 1727 3973 ἐκεῖνοι

1897 3919 1984 3971 54.
2022 3916 2232 3972 Etcum
2292 3930 2404 3987 pra:
2454 3913 2776 3967 inﬁrmitate
2834 3912 3047 3979 decido,
3100 3913 3176 3967 illi
3225 3914 3412 3969 exsul.

138 4008 529 4077 ἀγαλλιῶνται.

435 4025 529 4061 ται.
1831 4015 1966 4061 tant.

212 4098 304 4151 55.
337 4097 461 4149 ’Ὁτι
491 4097 871 4171 ὑπόκειμαιτῇ
908 4100 1102 4170 αἰωνίᾳ
1132 4099 1370 4153 κολάσει.

1900 4098 1987 4152 55.
2020 4095 2291 4163 Quoniam
2329 4093 2603 4149 obnoxius
2628 4108 2749 4147 sum
2787 4100 2991 4145 aeterno
3016 4096 3304 4164 supplicio.

210 4189 302 4243 56.
337 4186 443 4241 Kal
470 4188 533 4240 τὸ
564 4187 673 4259 πῦρ
705 4190 767 4241 τὸ
799 4189 1017 4243 αἰώνιον
1052 4191 1152 4261 ἤδη
1193 4190 1506 4262 προϐλέπω.

1901 4191 1988 4244 56.
2020 4189 2211 4258 Etiam
2243 4186 2523 4258 prospicio
2556 4186 2733 4255 ignem
2758 4192 3046 4238 aeternum.

212 4281 306 4336 57.
353 4281 814 4352 Ἐξομολογοῦμαί
852 4301 932 4336 σοι
965 4283 1065 4354 τὴν
1090 4284 1321 4355 ἀνομίαν
1364 4302 1485 4356 μου.

1898 4283 1988 4337 57.
2018 4280 2332 4335 Conﬁtebor
2366 4278 2463 4332 tibi
2501 4277 2847 4346 iniquitatem
2872 4292 3071 4330 meam.

208 4371 302 4425 58.
341 4370 447 4423 Kal
481 4374 799 4444 μετανοήσω
833 4374 973 4444 ὑπὲρ
1004 4367 1079 4427 ὧν
1108 4373 1320 4446 ἔπραξα
1342 4374 1549 4429 κακῶν.

1902 4372 1990 4428 58.
2025 4372 2089 4426 Et
2120 4372 2498 4441 ptenitentiam
2538 4386 2694 4440 agam
2722 4372 2787 4425 de
2823 4371 2909 4434 iis,
2949 4385 3071 4439 qua:
3100 4368 3204 4423 feci
3247 4373 3411 4428 mala.

209 4463 301 4517 59.
340 4464 403 4515 Οἱ
428 4462 484 4515 δὲ
515 4463 773 4534 ἄρχοντες
794 4464 888 4517 τοῦ
917 4464 1165 4518 διαϐόλου
1197 4465 1550 4536 κατισχόουσί
1586 4484 1708 4536 μου.

1908 4466 1997 4521 59.
2030 4464 2312 4535 Principes
2356 4473 2534 4519 autem
2576 4464 2783 4520 diaboli
2842 4463 3190 4518 invaluerunt
3224 4474 3413 4520 contra

1835 4574 1942 4613 me.

210 4637 304 4690 40.
336 4635 441 4689 Kal
467 4636 650 4690 πολλοὶ
685 4639 931 4707 ἐγένοντο
957 4641 1043 4691 ἐπ’
1067 4640 1188 4709 ἐμέ.

1897 4650 1986 4704 40.
2018 4651 2084 4705 Et
2104 4650 2262 4706 multi
2290 4650 2515 4706 fuerunt
2551 4651 2815 4706 adversus
2844 4663 2948 4704 me.

208 4728 299 4780 41.
332 4730 396 4779 Οἱ
419 4728 517 4798 τὴν
545 4729 642 4800 σὴν
668 4730 1017 4782 διδασκαλίαν
1051 4730 1311 4794 λαϐόντες
1335 4730 1431 4784 ἀπ’
1458 4730 1615 4802 ἐμοῦ,
1636 4733 1729 4785 καὶ

1898 4741 1987 4794 41.
2016 4741 2119 4807 Qui
2145 4742 2455 4797 auferentes
2482 4742 2796 4797 doctrinam
2831 4750 2980 4797 tuam
3010 4758 3041 4798 a
3068 4758 3175 4810 me,
3210 4752 3265 4797 et
3286 4756 3414 4797 suas

139 4818 240 4879 τὰς
276 4818 492 4871 ἑαυτῶν
523 4820 819 4890 ἐπιθυμίας
837 4821 1130 4884 δεδωκότες
1160 4839 1269 4892 μοι.

1113 4838 1130 4884 ς
1160 4839 1269 4892 μοι·
1828 4834 1961 4888 mihi
1986 4835 2253 4889 dederunt
2296 4834 2644 4905 cupiditates.

212 4913 305 4965 42.
335 4913 483 4984 Πρὸς
504 4915 730 4978 ἑαυτοὺς
756 4914 1204 4969 συνεϐουλεύοντο
1226 4914 1301 4987 (5)
1333 4916 1598 4970 ἀπολέσαι
1639 4934 1728 4987 με,

1901 4926 1989 4980 42.
2020 4926 2216 4981 Secum
2244 4927 2344 4995 ipsi
2370 4927 2660 4981 consilium
2692 4928 2988 4992 iniverunt,
3020 4935 3077 4980 ut
3106 4942 3194 4981 me
3226 4927 3416 4998 perde-

142 5003 331 5073 ἐπειδὴ
365 5003 506 5057 θέλω
535 5007 885 5077 μετανοῆσαι.
1519 5058 1549 5082 ,

1835 5025 1975 5076 rent.
2007 5016 2266 5085 quoniam
2305 5017 2677 5083 ptenitentiam
2710 5033 2872 5087 agere
2908 5020 3178 5073 volebam.

212 5100 306 5163 45,
340 5097 425 5151 44.
472 5098 546 5170 (4)
583 5100 675 5171 Μὴ
704 5101 874 5175 ἐάσῃς
907 5118 997 5173 με,
1026 5100 1193 5174 Κύριε
1221 5103 1249 5155 ό
1274 5101 1404 5165 Θεός
1431 5120 1555 5173 μου.

1906 5105 1996 5168 45,
2026 5105 2115 5158 44.
2145 5104 2222 5157 Ne
2248 5106 2491 5161 dimittas
2516 5123 2622 5173 me,
2647 5107 2875 5163 Domine
2908 5108 3053 5166 Deus
3080 5125 3258 5165 meus.

216 5189 312 5245 45.
358 5189 495 5242 Ἀλλ’
526 5191 645 5246 ἐλθέ
666 5196 746 5258 είς
771 5194 870 5265 τὴν
899 5193 1150 5265 βοήθειάν
1185 5212 1307 5264 μου.
1435 5196 1464 5210 ”

1435 5196 1464 5210 ”
1903 5198 1992 5251 45.
2027 5196 2134 5252 Sed
2162 5198 2214 5251 in
2239 5199 2507 5253 auxilium
2537 5214 2718 5255 meum
2746 5200 2889 5255 veni.

1109 5376 1416 5440 Addenda
1455 5385 1515 5441 et
1547 5377 1923 5459 corrigenda
1974 5395 2053 5439 ex
2083 5377 2221 5439 cod.
2262 5378 2457 5440 Vatie.

214 5568 294 5637 (ί)
338 5571 764 5640 Ἀπεκρινομην,
1827 5561 2195 5640 μετανοῆσαι-⁸
2226 5561 2341 5640 καί¹
2366 5561 2677 5634 ἀπέρῤιψάν
2714 5579 2781 5633 με
2816 5562 2909 5616 τὸν
2937 5560 3241 5635 ἀγαπητὸν,
3276 5564 3411 5618 ὡσεὶ

210 5632 291 5707 (2)
321 5642 418 5695 Διά
446 5632 603 5695 τοῧτο
624 5632 964 5693 εἰσάκουσον.
1147 5707 1154 5709 _
1282 5708 1287 5709 ί
1389 5708 1395 5709 γ
1486 5706 1495 5709 _
1640 5706 1643 5709 _
1823 5632 2459 5709 νεκρδν,ἐϐδελιίγμένονΣ

216 5701 301 5782 (5)
338 5711 401 5766 Ν.
455 5712 542 5766 42.
602 5709 1058 5765 Συνεόουλεύοντο
1111 5707 1169 5760 τὸ
1218 5708 1329 5773 πῶς
1377 5706 1512 5761 ἀπο).
1544 5749 1556 5762 .
1592 5746 1605 5762 .
1640 5706 1661 5762 ’.
1696 5746 1710 5760 .
1895 5703 1971 5773 (4)
2001 5701 2064 5758 Ν.
2095 5703 2180 5768 45,
2205 5702 2294 5771 44,
2320 5702 2404 5759 45.
2438 5706 2553 5776 Μή,
2585 5714 2715 5771 etc.,
2752 5704 2864 5760 ἀλλ’
2908 5704 3027 5758 ἐλθὲ
3061 5705 3141 5767 είς
3168 5704 3397 5774 timete
