3878 6218
461 286 563 344 799
1304 303 1363 358 S.
1405 304 1791 362 ATHANASII'
1823 305 1974 364 OPP.
2017 308 2204 364 PARS
2238 306 2324 363 111.
2367 338 2399 349 -
2475 304 2886 360 EXEGETICA.
3624 301 3724 358 300

706 407 773 462 In
805 411 1553 496 ﬁnem;lditltuntfantigypt
1583 425 1799 493 David.)
2064 439 2114 494 A
2236 477 2237 480 η

2089 439 2114 493 L
2236 431 2338 496 Εἷς
2385 427 2451 482 τὸ
2485 427 2659 494 τέλος
2692 426 2772 491 τῷ
2819 422 3106 496 Ἰδιϐοὺμ)
3139 419 3263 486 ᾠδὴ
3306 417 3383 484 τῷ
3416 419 3620 473 Δαόίδ.

951 483 1156 542 PSAL.
1200 489 1540 549 XXXVIII.
1790 483 1799 493 ‘
2064 483 2114 494 "
2316 483 2333 496 ’
2635 483 2651 494 '
2741 483 2950 550 ’νἈΑ.
2977 483 3110 551 A11".

532 589 585 645 1.
622 588 763 646 Dixi.
788 592 1110 653 Custodiam
1141 600 1260 658 vias
1283 619 1455 674 meas,
1492 615 1554 662 ut
1584 624 1695 664 non
1729 608 2043 680 delinquam

2217 615 2268 667 1.
2300 610 2445 667 Εἷπα
2464 627 2478 641 ⁸
2514 611 2738 676 Φυλὰξω
2764 611 2863 674 τὰς
2893 608 3047 672 ὁδούς
3081 624 3206 679 μου,
3240 605 3334 659 τοῦ
3377 605 3453 676 μὴ
3480 606 3723 676 ἀμοιρτά-

461 686 518 741 in
541 686 727 759 lingua
757 706 900 748 mea.

2144 722 2257 760 νειν
2295 721 2361 774 με
2391 706 2447 757 ἐν
2477 703 2699 774 γλώσσῃ
2737 718 2860 772 μου.

529 781 584 834 2.
618 781 784 837 Posui
813 784 894 839 ori
920 801 1044 842 meo
1067 791 1400 860 custodiam,

2215 797 2270 850 2.
2321 796 2556 865 Ἐθέμην
2585 793 2662 863 τῷ
2699 791 2929 862 στόματί
2963 808 3064 861 μου
3093 789 3357 862 φυλακὴν,

526 870 579 923 5.
611 870 748 925 Cum
782 876 1112 932 consisteret
1138 892 1395 948 peccator
1421 883 1711 940 adversum
1738 903 1849 943 me.

2215 889 2270 943 5.
2325 889 2411 941 Ἐν
2446 887 2524 959 τῷ
2551 887 2812 957 συστῆναι
2842 885 2934 939 τὸν
2966 883 3288 955 ἁμαρτωλὸν
3331 882 3574 937 ἐναντίον
3605 900 3725 953 μου.

530 961 584 1016 4.
623 962 881 1021 Obmutui
909 975 962 1022 et
988 970 1309 1029 humiliatus
1339 990 1485 1043 sum,
1524 986 1578 1033 et
1608 980 1735 1036 silui
1764 997 1796 1034 a
1841 980 2044 1038 bonis:

2218 981 2275 1035 4.
2317 978 2650 1050 Ἐκωφώθην
2691 977 2786 1032 καὶ
2835 975 3230 1046 ὲταπεινώθην,
3270 974 3366 1029 καὶ
3408 975 3646 1046 ὲσίγησα
3675 973 3730 1039 ἐξ

2147 1071 2367 1142 ἀγαθῶν
2392 1090 2405 1103 ·

536 1155 589 1210 5.
623 1155 688 1210 Ει
719 1159 875 1215 dolor
901 1177 1056 1218 meus
1087 1174 1382 1222 renovatus
1410 1177 1516 1223 est.

2218 1164 2272 1217 5.
2311 1162 2422 1216 Kal
2446 1162 2506 1214 τὸ
2541 1160 2766 1232 ἄλγημά
2793 1177 2896 1231 μου
2933 1159 3309 1230 ἀνεκαινίσθη.

536 1246 592 1300 6.
620 1247 908 1306 Concaluit
937 1269 1031 1308 cor
1060 1271 1242 1318 meum
1271 1257 1414 1312 intra
1443 1276 1531 1314 me
1564 1279 1578 1314 :

2220 1256 2272 1310 6.
2315 1255 2711 1326 Ἐθερμάνθηὴ
2745 1253 2939 1324 καρδία
2976 1270 3078 1322 μου
3121 1252 3272 1314 ἐντός
3313 1267 3449 1322 μου·

535 1339 587 1393 7.
621 1341 686 1394 Et
717 1343 770 1396 in
805 1345 1160 1403 meditatione
1198 1364 1316 1403 mea
1349 1353 1670 1408 exardescet
1699 1354 1860 1424 ignis.

2220 1349 2272 1402 7.
2307 1349 2418 1401 Kal
2450 1350 2508 1401 ἐν
2533 1351 2598 1418 τῇ
2627 1347 2823 1417 μελέτῃ
2856 1363 2956 1416 μου
2987 1344 3387 1416 ἐκκαυθήσεται
3415 1342 3549 1413 πῦρ.

527 1431 582 1486 8.
615 1432 857 1490 Locutus
897 1455 1021 1493 sum
1067 1441 1120 1494 in
1168 1442 1354 1511 lingua
1392 1461 1556 1500 mea:
1596 1457 1784 1502 notum
1836 1449 1922 1505 fac
1945 1451 2046 1504 mi-

2219 1443 2274 1497 8.
2321 1441 2592 1511 Ἐλάλησα
2629 1443 2687 1493 ὲν
2722 1439 2943 1513 γλώσσῃ
2985 1456 3107 1492 μου·
3147 1437 3412 1510 γνώρισόν
3456 1454 3570 1507 μοι,
3622 1438 3735 1490 Κτ-

465 1519 539 1588 bi,
576 1521 827 1592 Domine,
861 1527 1024 1582 ﬁnem
1057 1545 1260 1598 meum,

1172 1548 1260 1598 un,
2151 1552 2254 1606 ριε,
2286 1536 2347 1587 τὸ
2374 1535 2548 1603 πέρας
2581 1551 2703 1604 μου.

543 1621 598 1674 9.
635 1620 702 1674 Et
736 1640 1026 1680 numerum
1063 1628 1274 1681 dierum
1301 1643 1572 1696 meorum,
1607 1628 1732 1698 quis
1759 1629 1889 1684 cst?

2220 1627 2274 1681 9.
2310 1627 2420 1680 Kal
2455 1625 2545 1678 τὸν
2567 1624 2800 1696 ἀριθμὸν
2824 1623 2933 1679 τῶν
2964 1622 3189 1696 ἡμερῶν
3218 1640 3340 1694 μου,
3375 1624 3460 1685 τίς
3490 1624 3644 1674 ἐστιν
3677 1639 3692 1686 ;

537 1710 624 1765 10.
659 1712 729 1767 Ut
757 1717 924 1770 sciam
949 1718 1079 1787 quid
1116 1720 1257 1774 desit
1284 1720 1439 1774 mihi.

2078 1787 2104 1789 _
2222 1719 2308 1774 l0.
2341 1721 2456 1771 "Iva
2484 1717 2597 1787 γνῶ
2619 1717 2672 1770 τί
2701 1716 2912 1789 ὑστερῶ
2945 1716 3074 1785 ἐγώ.

531 1805 617 1859 11.
649 1807 785 1862 Ecce
813 1812 1209 1866 mensurabiles
1238 1811 1467 1882 posuisti
1496 1811 1613 1868 dies
1638 1827 1790 1867 meos
1817 1833 1828 1867 :

2077 1787 2120 1841 Β
2230 1811 2320 1864 11.
2357 1810 2486 1862 Ἰδοὺ
2515 1787 2968 1873 παλαιστὰςήἕοου
2999 1808 3098 1871 τὰς
3121 1809 3329 1879 ἡμέρας
3366 1825 3486 1877 μου,

533 1898 619 1951 12.
651 1900 716 1952 Et
742 1901 1045 1956 substantia
1075 1919 1216 1970 mea,
1244 1912 1504 1974 tanquam
1539 1903 1772 1958 nihilum
1802 1914 1927 1958 ante
1951 1912 2038 1960 te:

2226 1903 2294 1956 12
2343 1903 2449 1956 Kal
2473 1905 2507 1973 ἡ
2534 1903 2829 1966 ὑπόστασις
2862 1921 2963 1974 μου
2991 1903 3121 1955 ὡσεὶ
3149 1901 3298 1954 οὐδὲν
3338 1900 3571 1953 ἐνώπιόν
3601 1912 3733 1953 σου·

537 1989 624 2044 15.
665 1989 1052 2048 Verumtamen
1086 1995 1342 2052 universa
1377 1997 1613 2062 vanitas,
1666 1997 1847 2051 omnis
1882 1996 2044 2052 homo

2222 1995 2310 2049 15.
2351 1995 2498 2066 Πλὴν
2530 1995 2596 2048 τὰ
2623 1995 2911 2066 σύμπαντα
2941 1994 3262 2066 ματαιότης,
3294 1994 3402 2056 πᾶς
3447 1992 3738 2065 ἄνθρωπος

465 2079 677 2140 vivens.

2153 2088 2282 2155 ζῶν.
3092 2159 3095 2162 .

1090 2179 1420 2248 Diapsalma.

2712 2184 3028 2252 Διὰψαλμα
3074 2199 3163 2253 ιομ

537 2265 625 2321 14.
663 2267 1052 2327 Verumtamen
1085 2272 1138 2326 in
1174 2273 1409 2344 imagine
1443 2270 1738 2340 pertransit
1762 2275 1924 2325 homo
1958 2289 1969 2323 :

2224 2269 2312 2323 M.
2352 2271 2616 2340 Μέντοιγε
2649 2273 2706 2326 ἐν
2733 2273 2901 2326 εἰκόνι
2923 2273 3305 2345 διαπορεύεται
3338 2271 3659 2344 ἄνθρωπος’

534 2359 624 2414 15.
665 2359 868 2418 Tamen
901 2363 1106 2420 frustra
1143 2365 1499 2420 conturbatur
1527 2381 1541 2417 :

2224 2362 2312 2416 15.
2356 2363 2501 2435 Πλὴν
2529 2365 2703 2436 μάτην
2727 2366 3075 2436 ταράσσεται.

3705 2470 3734 2492 λ

535 2491 617 2565 (a)
655 2493 776 2554 Vat.
809 2501 930 2554 cod.
965 2499 1084 2558 Pal.

1593 2683 1968 2739 ATHANASII
2011 2681 2608 2741 INTERPRETATIO.

547 2835 614 2890 'H
647 2839 978 2910 προκειμένη
1012 2837 1293 2912 ἒπιγραφὴ
1327 2841 1572 2912 περιέχει
1597 2843 1670 2911 (1)
1694 2860 1707 2873 ο
1735 2844 1836 2907 Εἰς
1872 2841 1938 2895 τὸ
1962 2842 2136 2908 τέλος
2157 2841 2237 2908 τῷ
2277 2842 2524 2910 Ἱδιθοὺμ
2549 2841 2647 2913 (2),
2675 2843 2798 2911 ᾠδὴ
2831 2843 2909 2909 τῷ
2931 2841 3126 2898 Δαϐίδ.
3161 2841 3333 2895 Τοῦτο
3363 2839 3456 2897 οὖν
3490 2844 3676 2912 λέγει’
3704 2848 3738 2917 ή

466 2929 575 3001 ᾠδὴ
605 2929 682 3000 τῷ
707 2932 869 2984 Δαϐὶδ
896 2933 1032 3005 αὕτη
1060 2935 1253 3005 ἐλέχθη
1289 2937 1369 2998 εἰς
1399 2937 1495 3006 τὴν
1519 2937 1828 2989 συντέλειαν
1856 2936 1964 2990 τῶν
1996 2936 2208 2991 αἰώνων
2237 2937 2314 3008 τῷ
2345 2938 2424 2992 ἑνὶ
2460 2942 2620 3010 κριτῇ
2660 2938 2738 3009 τῷ
2769 2939 3067 3009 ἐρχομένῳ.
3101 2938 3272 2991 Τοῦτο
3298 2938 3742 3011 γὰρέρμηνεύε-

466 3039 555 3076 ται
578 3022 638 3074 τὸ
683 3023 934 3096 Ἰδιθοὺμ,
965 3026 1313 3094 ἑνὸς-κριτοῦ
1327 3028 1671 3096 ἐρχομένου.

540 3113 758 3170 Titulus
787 3117 1113 3185 prazpusitus
1141 3119 1385 3173 continet
1417 3137 1430 3174 :
1465 3119 1530 3172 In
1567 3121 1725 3188 ﬁnem
1751 3118 1992 3172 Idithum
2025 3118 2296 3172 canticum
2341 3117 2536 3171 David.
2575 3117 2691 3173 lloc
2731 3128 2913 3173 autem
2960 3119 3252 3189 signiﬁcat,
3280 3121 3424 3190 quod
3461 3123 3743 3177 canticqu

470 3205 615 3263 istud
638 3206 843 3261 dictum
872 3216 956 3261 est
983 3224 1014 3261 a
1047 3208 1246 3262 Davide
1269 3210 1362 3262 uni
1383 3210 1557 3279 judici
1591 3211 1918 3264 advenienti.
1949 3209 2028 3264 lta
2053 3212 2197 3265 enim
2235 3211 2621 3278 interpretatur
2650 3210 2882 3263 Idithum
2913 3229 2925 3263 :
2960 3210 3286 3277 unusjudex
3313 3212 3626 3267 adveniens.

543 3300 593 3352 1.
626 3298 930 3354 Deliberavi
962 3302 1108 3356 haud
1137 3304 1374 3372 amplius
1409 3309 1712 3381 producere
1739 3321 2050 3372 sermones,

2228 3308 2283 3363 1.
2319 3305 2762 3375 Ἐϐουλευσάμην
2800 3305 2874 3376 μὴ
2913 3305 3076 3358 πάλιν
3106 3307 3180 3375 (5)
3215 3308 3342 3369 τοὺς
3379 3306 3574 3376 λόγους
3622 3312 3748 3372 τοὺς

471 3392 564 3462 qui
597 3391 729 3445 mihi
754 3392 823 3446 ab
847 3392 1072 3446 inimico
1093 3408 1479 3465 suggeruntur.
1845 3457 1861 3479 ο

1845 3457 1861 3479 ο
2157 3399 2308 3469 παρὰ
2345 3399 2437 3452 τοῦ
2469 3396 2665 3468 ἐχθροῦ
2700 3415 2789 3467 μοι
2825 3396 3315 3466 ὑποϐαλλομένους.

538 3484 592 3538 2.
617 3483 887 3554 Proposui
913 3485 1125 3540 nullum
1153 3488 1378 3542 verbum
1396 3489 1634 3544 otiosum
1659 3489 1962 3560 producere
1985 3502 2053 3542 ex

2221 3491 2275 3543 2.
2320 3489 2550 3560 Ἐθέμην
2570 3490 2664 3542 τοῦ
2689 3489 2890 3560 μηδένα
2915 3487 3070 3556 λόγον
3095 3489 3262 3558 ἀργὸν
3291 3489 3556 3559 προάγειν
3587 3490 3665 3562 (4)
3690 3495 3752 3546 ὲκ

472 3590 568 3630 ore
594 3592 737 3631 meo.

2155 3583 2250 3635 τοῦ
2288 3582 2554 3652 στόματός
2586 3600 2710 3652 μου.

545 3671 598 3724 5.
629 3668 918 3724 Diabolum
957 3671 1245 3743 signiﬁcat.

2227 3675 2278 3728 3.
2314 3674 2417 3726 Τὺν
2452 3673 2697 3726 διάϐολον
2719 3673 2885 3742 λέγει.

542 3761 596 3815 4.
631 3761 920 3818 Abducens
954 3764 1220 3833 meipsum
1253 3779 1284 3818 a
1313 3763 1474 3819 bonis
1518 3763 1728 3829 mundi,
1763 3771 1818 3817 et
1859 3762 2051 3818 solita.-

2226 3766 2280 3820 4.
2317 3767 2490 3836 Ἀρας
2530 3765 2720 3819 ἑαυτὸν
2753 3768 2817 3818 ἐκ
2855 3763 2965 3818 τῶν
2993 3763 3214 3832 ἀγαθῶν
3244 3764 3342 3819 τοῦ
3389 3764 3628 3835 κόσμου,
3662 3767 3756 3820 καὶ

472 3852 588 3909 rius
607 3853 804 3910 sedens
834 3856 1105 3925 meipsum
1136 3856 1192 3910 in
1217 3856 1436 3911 silentio
1464 3855 1843 3910 humiliabam.

2222 3857 2449 3920 ιθεσθεὶς
2476 3857 2618 3910 κατὰ
2650 3857 2839 3928 μόνας,
2873 3857 3191 3910 ὲταπείνουν
3214 3857 3406 3910 ἑαυτὸν
3433 3859 3753 3928 ἡσυχάζων.

543 3945 600 4000 5.
629 3945 697 4000 Ει
729 3947 1050 4003 recordatus
1076 3963 1199 4002 sum
1224 3947 1432 4018 peccati
1467 3947 1596 4002 mei.

2231 3949 2284 4003 5.
2319 3948 2423 4001 Kal.
2451 3948 2881 4018 ὑπεμνησκόμην
2925 3948 3025 4018 τῆς
3063 3947 3336 4018 ἁμαρτίας
3375 3965 3499 4018 μου.

547 4036 601 4090 ‘5.
641 4037 913 4109 Ingemuit
942 4054 1038 4094 cor
1066 4055 1250 4094 meum
1286 4041 1432 4095 intra
1453 4055 1560 4095 me.

2227 4045 2280 4099 6.
2315 4043 2536 4096 Ἔτενεν
2568 4042 2640 4111 (5)
2671 4043 2705 4111 ἡ
2747 4040 2943 4113 καρδία
2977 4058 3079 4111 μου
3117 4041 3267 4103 ἐντός
3301 4057 3423 4111 μου.

488 4202 509 4210 ἱ
546 4129 598 4183 7.
628 4128 696 4183 Ει
725 4145 837 4200 prae
869 4130 1057 4186 dolore
1077 4131 1279 4186 exarsi.

2230 4135 2286 4189 7.-
2322 4133 2429 4188 Kal.
2458 4133 2770 4203 ὲφλεγόμην
2794 4131 2902 4185 ἀπὸ
2928 4130 3031 4201 τῆς
3052 4130 3244 4201 ὀδύνης
3273 4130 3371 4202 (6).

545 4221 599 4276 8.
634 4220 703 4277 Ει
730 4223 881 4278 oravi
904 4224 1094 4280 dicens
1131 4243 1142 4278 :
1175 4225 1252 4279 Da
1293 4227 1451 4292 mihi,
1490 4225 1738 4289 Domine,
1768 4234 1829 4278 ut
1865 4224 2057 4288 sciam,

2235 4227 2288 4280 8.
2320 4225 2425 4278 Kal.
2449 4223 2842 4295 προσηυχὸμην
2867 4222 3042 4290 λέγων
3065 4239 3080 4253 ⁸
3115 4223 3215 4284 Δός
3247 4239 3358 4292 μοι,
3387 4221 3584 4293 Κύριε,
3619 4225 3758 4281 ειδέ-

474 4315 697 4386 quando
724 4330 812 4370 me
842 4323 1056 4386 Oportet
1080 4327 1258 4371 astare
1287 4327 1383 4371 tuo
1420 4317 1700 4371 tribunali.

2162 4338 2271 4384 vat,
2300 4319 2381 4371 ὅτι
2405 4316 2750 4389 παραστῆναι
2779 4334 2847 4387 με
2875 4314 3055 4385 δεῖτῷ
3081 4315 3284 4384 βήματί
3307 4332 3421 4368 σου.

547 4406 600 4461 9.
630 4404 698 4460 Et
719 4408 864 4476 quod
891 4407 1006 4462 dies
1033 4409 1138 4463 mei
1168 4409 1326 4478 pauci
1352 4417 1499 4464 sunt.

2228 4414 2282 4468 9.
2311 4411 2417 4464 Kal.
2449 4413 2530 4464 ὅτι
2559 4412 2612 4462 αἱ
2638 4412 2842 4481 ἡμέραι
2876 4425 2977 4478 μου
3011 4407 3190 4474 ὀλίγαι
3212 4406 3365 4460 εἰσίν.

549 4498 636 4553 10.
674 4497 747 4554 Ut
770 4501 986 4556 tandem
1010 4517 1360 4572 cognoscam,
1391 4501 1525 4573 quid
1549 4502 1615 4556 de
1638 4501 1924 4572 praeceptis
1953 4509 2062 4554 tuis

2238 4505 2325 4558 10.
2355 4504 2474 4556 ’Ὶνα
2515 4500 2628 4569 γνῶ
2671 4500 2859 4553 λοιπὸν
2904 4499 2958 4551 τί
3002 4498 3312 4569 παρέλειψα
3366 4497 3476 4551 τῶν
3518 4500 3759 4553 ἐντολῶν

477 4592 824 4660 praetermisi.

756 4593 824 4647 si.
2093 4657 2121 4660 _
2167 4613 2282 4650 σου.

551 4683 637 4737 11.
670 4681 1009 4738 Miserabiles
1035 4681 1327 4752 signiﬁcat,
1352 4689 1405 4736 et
1425 4680 1737 4737 demetitos.
1909 4664 1912 4666 ’

1909 4664 1912 4666 Ι
2093 4657 2136 4712 D
2237 4685 2326 4739 11.
2357 4682 2596 4754 Οἰκτρὰς
2622 4681 2795 4750 λέγει,
2827 4681 2922 4735 καὶ
2949 4679 3226 4753 μετρητάς
3251 4679 3349 4751 (7).

472 4799 477 4806 ι
552 4773 640 4826 12.
673 4771 858 4828 Pulvis
893 4790 1037 4841 sum,
1072 4774 1269 4844 inquit.

2231 4777 2318 4832 12.
2357 4776 2663 4845 Χοῦςοείμι,
2697 4773 2865 4842 λέγει.

554 4867 640 4921 15.
671 4865 1057 4921 Verumtamen
1104 4883 1268 4938 opera
1321 4869 1642 4934 hominum,
1677 4885 1801 4940 qua:
1841 4869 1894 4924 in
1950 4885 2056 4926 noc

2232 4870 2320 4923 15.
2356 4867 2502 4940 Πλὴν
2524 4867 2593 4920 τὰ
2625 4866 2762 4937 ἔργα
2788 4865 2896 4920 τῶν
2925 4863 3227 4938 ἀνθρώπων
3261 4863 3330 4918 τὰ
3365 4865 3423 4920 ἐν
3457 4863 3538 4936 τῷ
3565 4867 3759 4937 κόσμῳ

482 4959 707 5024 mundo,
745 4967 874 5013 sunt
904 4959 1136 5014 vanitas.

1124 5001 1136 5014 .
2168 4962 2464 5034 ματαιότης
2491 4959 2655 5016 ἐστίν.

475 5037 479 5042 ’
555 5050 642 5104 14.
680 5048 858 5104 Veluti
886 5051 1074 5104 umbra
1112 5053 1433 5107 transcurrit
1461 5054 1645 5108 homo.

2237 5055 2324 5109 M.
2351 5053 2497 5105 Ὠσεὶ
2526 5052 2600 5124 (8)
2630 5053 2759 5107 σκιὰ
2785 5053 3059 5126 διατρέχει
3091 5055 3119 5106 ὁ
3146 5053 3432 5124 ἄνθρωπος

555 5141 643 5197 15.
680 5141 743 5197 Ει
773 5140 881 5209 hic,
917 5152 970 5197 et
999 5143 1108 5198 illic
1131 5143 1509 5214 intempestive
1542 5145 1910 5214 perturbatur.

1897 5187 1910 5199 .
2237 5147 2325 5202 15.
2367 5145 2476 5199 Καὶ
2505 5145 2750 5216 ἀκαίρως
2775 5138 2877 5198 ὧδε
2911 5147 3072 5200 κάκεῖ
3098 5145 3427 5216 θορυϐεῖται.

1444 5306 1747 5369 Addenda
1778 5313 1837 5368 et
1869 5306 2247 5386 corrigenda
2300 5323 2378 5368 ex
2408 5308 2548 5368 cod.
2582 5304 2782 5367 Valic.

560 5430 576 5500 (
590 5428 636 5500 Ι)
671 5429 735 5500 Ἠ
754 5427 844 5500 διὰ
870 5428 971 5498 τῆς
999 5429 1370 5498 κινναϐάρεως
1401 5447 1527 5500 περ.
2243 5429 2322 5499 (5)
2360 5429 2633 5500 Ἔστενεν.

560 5495 638 5568 (2)
681 5495 1151 5571 ἰδιθοὺμὶζααλμὸς
1175 5495 1318 5570 ᾠδῆς
1341 5500 1418 5571 ιιιῴ
1451 5495 1646 5556 Δα6ί6’
1683 5501 1818 5572 αὕτη
1842 5501 2056 5572 ἐλέχθη.
2241 5495 2320 5572 (ιθ)
2355 5499 2579 5572 ξρδύνης
2604 5498 2877 5572 τῆς-ὲν-τῇ
2909 5495 3052 5572 ψυχῇ
3085 5513 3206 5572 μου.

487 5567 1401 5641 ειο.ξᾉμξ“’“ἰ’

1809 5567 1818 5572 ’
1934 5567 1964 5572 ”
2025 5567 2033 5571 ⁷
2245 5568 2324 5641 (7)
2353 5569 2456 5641 Kal.
2481 5567 2756 5641 μετρητάς
2779 5568 2928 5624 deest
2954 5569 3005 5620 in
3039 5567 3158 5621 cod.

671 5639 764 5713 Mi;
786 5639 963 5692 λαλεῖν
997 5680 1010 5693 .
1051 5681 1065 5694 .
1105 5683 1118 5698 .
1153 5639 1346 5713 ἐχθροῦ
1383 5659 1504 5712 μου.
2237 5639 2318 5712 (3)
2359 5640 2468 5693 Kal-
2490 5640 2584 5703 ὼς-

560 5709 634 5780 (4)
669 5709 1054 5796 Πρὸαγαγεῖνη
