3878 6218
125 353 238 408 SOI
946 343 1035 398 DE
1071 341 1348 399 'I‘ITULIS
1386 336 1840 396 PSALMORUM.
1879 365 1944 374 —
1981 333 2176 388 PSAL.
2211 332 2496 388 XXXVIII.
3293 332 3400 380 802

209 468 296 523 16.
335 463 688 536 Θησαυρίζει,
713 462 807 516 καὶ
828 461 888 515 οὐ
911 459 1167 528 γινώσκει
1193 459 1300 512 τίνι
1323 453 1541 522 συνάξει
1558 455 1715 509 αὐτά.

1892 451 1980 506 16.
2015 451 2392 515 Thesaurizat,
2424 455 2478 503 et
2508 447 2724 518 ignorat
2757 446 2846 501 cui
2880 444 3230 515 congregabit
3261 461 3347 499 ea.

206 562 294 617 i7.
336 561 447 612 Καὶ
467 557 563 614 νῦν
590 556 674 620 τίς
703 558 735 627 ὴ
764 555 1007 626 ὑπομονή
1043 569 1181 618 uou;
1211 551 1334 622 οὐχὶ
1357 554 1386 606 ὁ
1414 549 1650 622 Κύριος;

208 731 295 783 18.
337 728 448 783 Καὶ
468 729 502 799 ἡ
532 742 827 788 υποστασις
857 743 958 795 μου
985 724 1136 796 παρὰ
1163 721 1256 776 σοῦ
1288 724 1458 776 ἐστιν.

206 824 295 876 I9.
324 820 459 872 Ἀτξὺ
481 818 685 872 πασῶν
710 817 814 871 τῶν
837 816 1075 887 ἀνομιῶν
1107 833 1205 886 μου
1240 814 1402 885 ῥῦσαί
1435 831 1528 883 με·

203 915 298 967 20.
323 913 563 974 ’Ὀνειδος
590 911 786 981 ἄφρονι
820 909 1030 972 ἔδωκάς
1064 926 1153 978 με.

203 1005 294 1058 2|.
325 1001 585 1072 Ἑκωφὼθ
598 1019 678 1073 ην,
697 1002 790 1054 καὶ
805 1001 905 1053 οὐκ
922 1001 1109 1070 ἦνοιξα
1123 1001 1184 1052 τὸ
1203 1000 1376 1069 στόμα
1395 1015 1518 1069 μου,
1544 997 1624 1050 ὅτι
1648 996 1721 1068 (α)

134 1096 201 1148 σὺ
232 1095 521 1166 ἐποίησας.

204 1186 298 1240 22.
333 1187 664 1254 Ἀπόστησον
694 1185 789 1237 ἀπ’
823 1183 956 1254 ἐμοῦ
982 1183 1082 1246 τὰς
1121 1184 1392 1252 μάστιγάς
1419 1202 1542 1237 σου·

203 1282 298 1335 25.
331 1279 464 1332 ’Λπὸ
493 1280 601 1351 γὰρ
641 1278 741 1348 τῆς
786 1277 968 1348 ἰσχύος
1007 1278 1106 1347 τῆς
1152 1278 1334 1349 χειρός
1373 1295 1464 1332 σου
1497 1277 1606 1346 ἐγὼ
1635 1277 1723 1342 ἐξ-

134 1375 345 1428 ἔλιπον.

205 1466 297 1518 24.
335 1466 423 1518 Ἐν
454 1464 704 1534 ὲλεγμοίς
734 1448 874 1532 ὑπὲρ
901 1461 1128 1532 ἀνομίας
1159 1462 1484 1525 ἐπαίδευσας
1511 1461 1724 1534 ἄνθρω-

135 1573 242 1609 πον
265 1575 277 1586 '

207 1649 300 1704 25.
337 1650 450 1702 Καὶ
476 1647 734 1718 ἐξὲτηξας
757 1647 833 1712 ὡς
865 1649 1107 1719 ἀράχνην
1134 1647 1232 1718 τὴν
1257 1647 1434 1718 ψυχὴν
1467 1665 1569 1717 μου
1604 1646 1724 1718 [αὐ-

135 1742 231 1795 τοῦ
263 1744 380 1796 cod.
403 1741 617 1814 Barb.].

1896 545 1983 598 17.
2015 544 2082 599 Et
2125 560 2274 600 nunc
2319 559 2443 614 quae
2488 541 2824 612 exspectatio
2874 541 3028 595 mea?
3075 554 3256 594 nonne
3294 537 3405 594 Do-

1823 635 2045 690 nﬁnus?

1893 726 1981 780 18.
2018 723 2083 776 Et
2113 723 2417 779 substantia
2452 738 2571 776 mea
2601 738 2629 776 a
2659 730 2710 777 te
2739 729 2842 778 est.

1898 817 1986 870 19.
2018 793 2104 869 Ab
2130 816 2383 869 omnibus
2413 814 2792 883 iniquitatibus
2820 813 2955 868 meis
2985 829 3117 869 erue
3148 829 3233 868 me
3263 828 3279 866 :

1895 906 1986 960 20.
2020 904 2386 976 Opprobrium
2425 907 2701 973 insipienti
2728 905 2925 959 dedisti
2950 921 3056 960 me.

1894 997 1984 1050 21.
2021 994 2302 1063 Obmutui,
2332 1005 2386 1050 ct
2417 1011 2525 1049 non
2563 997 2751 1066 aperui
2784 1011 2877 1052 eos
2904 1010 3112 1063 meum,
3140 998 3400 1068 quoniam

1823 1099 1880 1144 tu
1910 1089 2106 1144 fecisti.

1893 1180 1983 1236 22.
2015 1181 2220 1234 Amove
2245 1196 2273 1234 a
2303 1195 2390 1234 me
2419 1180 2605 1250 plagas
2635 1190 2756 1236 tuas
2785 1194 2799 1232 :

1891 1272 1981 1325 25.
2012 1273 2059 1325 Α
2093 1272 2412 1327 fortitudine
2446 1274 2590 1326 enim
2623 1286 2823 1327 manus
2854 1282 2958 1328 tum
2990 1290 3090 1345 ego
3118 1274 3314 1330 defeci.

1893 1453 1982 1506 24.
2018 1453 2072 1506 In
2106 1453 2575 1522 increpationibus
2600 1464 2826 1525 propter
2854 1455 3194 1524 iniquitatem
3225 1457 3404 1510 corri-

1823 1543 1987 1612 puisti
2023 1542 2302 1597 hominem
2331 1563 2344 1598 :

1892 1635 1984 1688 25.
2021 1633 2088 1688 Et
2134 1635 2412 1691 tabescere
2462 1635 2640 1691 fecisti
2685 1636 2826 1692 sicut
2859 1653 3118 1694 araneam
3162 1640 3402 1695 animam

1823 1724 1965 1794 ejus.

205 1833 297 1888 26.
334 1833 483 1901 Πλὴν
516 1813 692 1905 μάτην
723 1835 830 1897 πᾶς
851 1833 1054 1905 [μάτην
1082 1833 1414 1903 ταράσσεται
1438 1832 1564 1894 πᾶς,
1589 1829 1716 1902 etc.]

1898 1815 1988 1870 26.
2019 1814 2410 1872 Verumtamen
2459 1833 2600 1873 vane
2642 1819 2824 1875 omnis
2849 1819 3010 1890 [vane
3050 1825 3406 1891 perturbatur

140 1923 453 1989 ἄνθοωπος.

709 2020 1028 2088 Διὰψαλμα
1062 2018 1158 2088 (b).

205 2115 299 2168 27.
332 2115 665 2168 Εξσάκουσον
691 2115 788 2184 τῆς
818 2111 1128 2183 προσευχῆς
1157 2128 1278 2181 μου,
1306 2113 1498 2181 Κυριε,
1517 2110 1727 2182 καὶτῆς

134 2205 377 2278 δεήσεώς
410 2224 512 2276 μου
547 2205 675 2277 [μου
707 2204 1009 2276 ὲνώτισαι].

202 2299 299 2353 28.
334 2299 403 2370 (c)
439 2298 722 2351 Ἐνώτισαι
755 2297 864 2350 τῶν
893 2297 1144 2368 δακρύων
1181 2315 1305 2367 μου.

200 2391 297 2446 29.
329 2391 425 2463 Μὴ
456 2391 910 2463 παρασιωπήσῃς,
941 2391 1021 2443 ὅτι
1049 2390 1310 2462 πάροικος
1336 2389 1447 2459 ἐγώ
1476 2391 1591 2460 εἰμι
1621 2405 1724 2442 πα-

134 2485 204 2554 ρὰ
248 2485 363 2538 σοί·

201 2575 298 2630 50.
317 2575 430 2630 Καὶ
448 2576 721 2648 παρεπίδη
731 2591 848 2646 μος,
862 2572 1044 2638 καθὼς
1056 2573 1257 2637 πάντες
1271 2575 1319 2627 οἱ
1343 2573 1579 2643 πατέρες
1597 2589 1720 2641 μου.

204 2719 289 2791 (α)
307 2720 455 2791 ’ρτι,
485 2728 618 2784 etc.,
645 2720 862 2791 desunt.

193 2789 288 2862 .(b)
330 2789 455 2846 Vat.
487 2793 610 2847 eod.
647 2789 769 2846 Pal.

1826 1908 2024 1970 omnis,
2057 1904 2191 1976 etc.]
2228 1907 2411 1960 homo.

2447 1995 2784 2063 Diapsalma.

1894 2084 1985 2138 27.
2026 2085 2235 2141 Exaudi
2281 2087 2583 2142 orationem
2624 2105 2821 2153 meam,
2865 2088 3116 2158 Domine,
3144 2091 3406 2162 depreca-

1825 2178 2030 2234 tionem
2059 2194 2234 2232 meam
2269 2177 2468 2250 [meam
2505 2181 2730 2236 auribus
2767 2182 3006 2254 percipe]
3044 2199 3057 2234 :

1894 2270 1983 2324 28.
2022 2270 2260 2325 Auribus
2286 2272 2504 2342 percipe
2532 2273 2802 2343 lacrymas
2835 2289 3005 2328 meas.

1897 2362 1986 2416 29.
2014 2361 2092 2417 Ne
2125 2363 2312 2427 sileas,
2346 2364 2606 2432 quoniam
2633 2364 2842 2420 advena
2869 2380 2969 2436 ego
2995 2381 3117 2421 sum
3151 2367 3294 2438 apud
3323 2374 3405 2435 te;

1901 2563 1994 2620 50.
2023 2562 2090 2618 Ει
2121 2564 2462 2635 peregrinus,
2492 2565 2634 2620 sicut
2665 2579 2856 2621 omnes
2883 2575 3065 2636 patres
3097 2566 3225 2623 mei.

1895 2713 1971 2836 (δὲ
2003 2711 2068 2764 V.
2102 2711 2192 2776 28,
2241 2710 2360 2763 Τῶν
2403 2709 2653 2796 δρικρύων
2689 2725 2788 2779 μου
2827 2708 2900 2796 μὴ
2938 2707 3400 2795 παρασιωπήσῃς.

1895 2826 1902 2836 .
1975 2784 2157 2836 9.Ὅτι
2185 2781 2317 2836 πάρ.
2347 2785 2459 2836 ἐγω
2490 2784 2604 2836 εἰναι
2628 2783 2684 2833 ὲν
2707 2781 2774 2836 τῆ
2803 2795 2897 2836 γη.
2935 2777 2999 2832 V.
3023 2779 3111 2836 00.
3144 2779 3273 2836 Καί,
3295 2789 3400 2832 etc.

1837 2777 1912 2839 νζ
1936 2777 2157 2848 29,Ὅτι
2185 2781 2317 2852 πάρ.
2347 2781 2459 2849 ἐγώ
2490 2777 2604 2850 ειμι
2628 2777 2774 2849 ἐν’τῇ
2803 2777 2898 2849 γῇ.
2935 2777 2999 2832 V.
3021 2777 3111 2847 50,
3144 2777 3273 2842 Καί.
3295 2777 3404 2832 etc.

1275 2943 1659 3001 ATHANASII
1691 2941 2287 3000 INTERPRETATIO.

204 3088 299 3143 16.
341 3082 674 3158 Θησαυρεζει
719 3082 848 3158 γάρ,
885 3084 978 3137 καὶ
1029 3083 1088 3136 οὐ
1133 3083 1390 3152 γινώσκει
1429 3084 1512 3149 τίς
1539 3084 1716 3138 αὐτῶν

1899 3082 1985 3137 16.
2032 3080 2390 3135 Thesaurizat
2443 3079 2611 3144 enim,
2657 3086 2712 3132 et
2752 3077 2986 3148 ignorat,
3034 3077 3158 3147 quis
3215 3093 3405 3134 eorum

133 3180 388 3253 κυριεύει
418 3178 516 3248 (1.).

251 3274 304 3328 7.
334 3273 446 3325 Καὶ
471 3270 568 3324 νῦν
619 3270 681 3322 τὸ
709 3267 1001 3340 ὑπομένειν
1051 3287 1116 3341 με
1147 3269 1208 3321 τὸ
1238 3269 1442 3337 ἀγαθὸν
1471 3269 1546 3328 (2)
1580 3271 1730 3343 παρὰ

134 3367 236 3421 τοῦ
264 3366 472 3436 Κυρίου
505 3363 633 3434 ἔχω.

211 3461 304 3516 18.
345 3460 458 3512 Καὶ
487 3460 520 3529 ἡ
553 3456 862 3510 συνιστῶσά
892 3473 967 3528 με
994 3455 1158 3528 χάρις
1189 3453 1339 3526 παρὰ
1369 3453 1463 3507 σοῦ
1499 3456 1666 3508 ἐστιν.

209 3551 302 3606 19.
345 3548 656 3622 Καθάρισόν
695 3566 783 3618 με,
813 3547 981 3617 λέγει,
1008 3549 1114 3600 τῶν
1150 3545 1388 3616 ἀνομιῶν
1420 3565 1541 3616 μου.

207 3643 301 3699 20.
345 3642 751 3711 Καταγελῶντά
796 3641 872 3714 (5)
915 3659 982 3712 με
1024 3642 1136 3711 ἔχει
1169 3643 1197 3694 ὁ
1243 3640 1485 3703 διάϐολος
1519 3640 1605 3694 διὰ
1630 3639 1745 3705 τὰς·

140 3737 422 3810 ἁμαρτίας
451 3753 571 3806 μου.

210 3829 302 3883 21.
335 3828 450 3880 Οὐκ
471 3827 550 3879 ἔτι
580 3825 840 3879 ὑπακούω
863 3828 928 3896 τῇ
954 3826 1222 3897 ἁμαρτίᾳ,
1255 3826 1338 3879 ὅτι
1371 3827 1434 3878 σὺ
1467 3825 1731 3896 ἐποίησας

139 3922 301 3976 τοῦτό
329 3939 398 3993 με
435 3920 678 3989 ποιῆσαι.

210 4016 303 4070 22.
331 4012 603 4082 ’ἱλάσθητί
634 4027 743 4081 μοι,
771 4009 940 4078 λέγει.

214 4107 304 4161 25.
326 4105 462 4158 Ἀπὸ
509 4104 616 4174 γὰρ
665 4102 765 4172 τῆς
814 4100 1138 4173 προσδοκίας
1170 4101 1261 4154 τοῦ
1299 4101 1607 4170 λογίζεσθαί
1640 4119 1727 4172 με,

144 4199 224 4252 ἔτι
254 4196 436 4268 μέλλει
467 4195 541 4267 (εἰ)
573 4211 639 4265 με
673 4193 876 4265 κρίνειν
913 4192 1024 4246 ἴσον
1054 4192 1284 4246 θανάτου
1311 4193 1599 4264 ἐγενόμην.

213 4363 711 4433 24.Ἐλεγχόμενος
754 4360 907 4432 παρά
952 4361 1044 4413 σοῦ
1090 4360 1176 4414 διὰ
1216 4361 1314 4424 τὰς
1360 4361 1589 4432 ἀνομίας
1626 4379 1729 4432 μου

148 4456 430 4526 ἐδιδάχθην
460 4453 534 4525 μὴ
559 4451 914 4524 ἁμαρτάνειν.

214 4518 472 4601 25ΓΙίαὶ-
646 4518 748 4613 τῆς
793 4541 1024 4628 θλίψεως
1047 4541 1150 4611 τῆς
1180 4540 1354 4612 ψυχῆς
1388 4558 1488 4612 μου
1525 4518 1726 4613 ὲτάκην

147 4638 301 4702 Ξλως.

214 4729 306 4783 26.
341 4726 488 4797 Πλὴν
520 4724 672 4778 οὐδέν
700 4726 846 4778 ἐστιν
875 4723 1105 4787 ἕκαστος
1141 4723 1250 4776 τῶν
1276 4722 1599 4794 ἀνθρώπων.

214 4824 306 4878 27.
336 4823 426 4893 Μὴ
451 4820 646 4893 ἀπώσῃ
677 4819 774 4890 τὴν
812 4821 1122 4892 προσευχήν
1152 4837 1273 4890 μου,
1302 4819 1436 4874 ἀλλὰ
1461 4819 1729 4891 μακροθύ-

151 4933 264 4987 μως
293 4915 499 4983 ταύτην
526 4911 600 4983 (5)
636 4913 890 4966 ἄκουσον.

213 5006 306 5059 28.
347 5003 438 5076 Μὴ
463 5001 696 5074 παρίδῃς
722 5004 791 5057 τά
817 5002 1029 5072 δάκρυά
1056 5019 1177 5072 μου.

212 5098 304 5151 29.
325 5099 446 5149 Ὅτι
471 5095 848 5166 ἐναπόγραφός
868 5095 963 5147 σού
991 5096 1104 5165 εἰμι
1133 5093 1262 5163 ἐγώ.

215 5190 307 5249 50.
347 5191 456 5243 Καὶ
487 5191 580 5242 ἐπὶ
604 5191 701 5260 τῆς
725 5189 828 5259 γῆς
861 5188 1240 5259 παρεπίδημός
1271 5190 1383 5259 εἰμι
1401 5204 1414 5219 ·
1437 5188 1595 5261 ἡγὰρ
1616 5187 1728 5244 ἄνω

155 5283 516 5357 Ἰερουσαλὴμ
539 5282 692 5345 πόλις
723 5299 824 5352 μου
853 5280 993 5335 ἐστι.

1833 3175 2088 3230 dominus
2125 3174 2248 3227 erit.

1907 3265 1994 3320 17.
2021 3264 2086 3318 Et
2128 3278 2272 3318 nunc
2303 3269 2553 3331 superest
2579 3262 2734 3326 mihi,
2771 3269 2832 3316 ut
2871 3261 3075 3316 bonum
3107 3277 3138 3316 a
3175 3260 3408 3318 Dom.uo

1832 3367 2136 3426 exspectem
2148 3396 2160 3408 .

1905 3448 1990 3501 18.
2028 3446 2092 3499 Et
2122 3446 2317 3515 gratia,
2354 3460 2475 3514 quae
2504 3460 2590 3498 me
2617 3453 2906 3510 sustentat,
2943 3461 2973 3500 a
3002 3454 3055 3500 te
3091 3456 3194 3502 est.

1905 3537 1992 3591 19.
2030 3535 2227 3588 Munda
2257 3551 2360 3600 me,
2392 3535 2586 3604 inquit,
2623 3535 2691 3588 ab
2721 3535 3100 3603 iniquitatibus
3131 3538 3288 3592 meis.

1904 3629 1995 3684 20.
2027 3627 2241 3681 Derisui
2287 3643 2372 3680 me
2418 3627 2581 3680 habet
2623 3627 2874 3682 diabolus
2922 3637 3143 3698 propter
3185 3637 3408 3698 peccata

1833 3736 1976 3774 mea.

1904 3811 1993 3864 21.
2022 3809 2140 3864 Νοη
2188 3811 2421 3878 amplius
2464 3809 2716 3865 ausculto
2761 3821 3019 3880 peccato,
3051 3813 3308 3880 quoniam
3350 3822 3407 3868 tu

1832 3899 2008 3955 fecisti
2039 3905 2097 3953 ut
2129 3914 2228 3968 ego
2256 3899 2309 3950 id
2338 3897 2590 3952 facerem.

1905 3993 1993 4046 22.
2028 3991 2295 4045 Miserere
2316 3991 2439 4055 mei,
2469 3991 2618 4044 dicit.

1903 4084 1990 4136 25.
2021 4081 2102 4136 Ob
2121 4082 2572 4151 exspectationem
2596 4083 2765 4147 enim,
2793 4083 2920 4137 dum
2949 4099 3161 4138 mecum
3193 4097 3406 4156 reputo,

1827 4177 1981 4252 quod
2021 4184 2076 4229 tu
2110 4191 2198 4229 me
2222 4174 2565 4245 judicaturus
2597 4189 2655 4230 es
2685 4175 2910 4246 perinde
2943 4191 3007 4231 ac
3038 4189 3286 4235 mortuus
3327 4179 3409 4236 fa-

1833 4275 1954 4320 οιιιδ
1983 4282 2126 4320 sum.

1902 4357 1993 4411 24.
2029 4357 2325 4426 Correptus
2352 4372 2382 4410 a
2412 4365 2462 4411 te
2495 4367 2716 4428 propter
2743 4358 3057 4430 iniquitates
3094 4377 3247 4418 meas
3273 4365 3407 4420 edo-

1833 4457 1953 4504 ριιιε
1983 4464 2104 4503 811111
2133 4464 2239 4503 non
2273 4464 2514 4518 peccare.

1905 4541 1997 4596 25.
2029 4539 2097 4596 Et
2136 4557 2248 4611 prae
2290 4541 2582 4596 aIIIictione
2615 4541 2814 4598 animae
2857 4558 2993 4600 meae
3028 4545 3244 4616 penitus
3271 4563 3406 4604 con-

1833 4635 2003 4690 tabui.

1908 4727 1999 4782 26.
2033 4726 2419 4782 Verumtamen
2453 4727 2588 4782 nihil
2615 4736 2699 4783 est
2726 4730 2904 4786 omnis
2935 4731 3120 4787 homo.

1905 4819 1994 4872 27.
2031 4816 2108 4873 Ne
2149 4819 2380 4888 repellas
2411 4819 2715 4875 orationem
2754 4837 2931 4877 meam
2955 4862 2970 4888 ,
3006 4827 3100 4880 sed
3140 4825 3409 4896 patienter

1833 4911 1975 4965 hanc
2009 4910 2158 4966 audi.

1913 5003 2005 5057 28.
2033 5002 2111 5057 Ne
2140 5004 2408 5074 despicias
2432 5005 2699 5076 lacrymas
2733 5023 2904 5064 meas.

1911 5095 2002 5150 29.
2040 5095 2310 5161 Quoniam
2338 5099 2675 5167 ascriptitius
2698 5107 2826 5154 tuus
2857 5115 2977 5156 sum
3003 5116 3126 5174 ego.

1904 5187 1992 5240 50.
2029 5186 2094 5240 Ει
2128 5189 2182 5240 in
2231 5197 2374 5242 terra
2409 5189 2728 5261 peregrinus
2761 5208 2882 5247 sum
2928 5211 2943 5249 :
2990 5210 3226 5265 superna
3262 5199 3408 5252 enim

1837 5279 2137 5336 Jerusalem
2165 5281 2358 5337 civitas
2385 5299 2502 5337 mea
2525 5293 2628 5342 est.

1102 5437 1409 5501 Addenda
1440 5445 1503 5503 et
1533 5439 1914 5521 corrigenda
1946 5457 2027 5503 ex
2065 5444 2208 5507 cod.
2248 5443 2453 5508 Vatic.

218 5601 297 5672 (1)
335 5602 645 5674 κυριεύσει.

220 5674 298 5744 (2)
343 5671 569 5745 Ἀγαθὸν
601 5673 720 5742 οὐχὶ
754 5672 906 5745 παρὰ
930 5673 1026 5729 τοῦ
1059 5671 1266 5745 Κυρίου
1294 5671 1434 5744 ἕχω;

219 5745 298 5808 (5)
338 5744 724 5808 Καταγελωτα.

1927 5606 1982 5678 II)
2021 5608 2270 5674 Μέλλεις.

1929 5680 1983 5751 5)
2022 5679 2236 5754 Ταύτης
2264 5680 2515 5750 ἄκουσον,
2546 5683 2640 5736 καὶ
2668 5683 2902 5755 δεήσεώς
2929 5701 3053 5756 μου.
