3878 6218
444 345 551 401 805

518 464 609 519 51.
643 460 880 517 Remitte
912 458 1045 513 mihi
1072 467 1131 512 ut
1156 455 1482 529 refrigerer;

517 553 607 608 '52.
636 552 957 620 Priusquam
986 549 1199 614 abeam,
1230 558 1283 602 et
1314 550 1550 617 amplius
1583 564 1691 601 non
1732 563 1849 603 ero.

585 663 652 720 In
685 666 862 734 ﬁnem,
888 661 1124 731 psalmus
1157 660 1344 713 David.
1382 658 1586 713 PSAL.
1624 659 1898 714 XXXIX.

520 775 913 846 1.Ειερθοιιιηε
925 775 1230 843 exspectavi
1250 772 1623 837 Dominum,et
1638 773 1864 827 intendit
1878 772 2031 829 mibi:

515 868 570 923 2.
607 866 673 919 Ει
698 865 974 920 exaudivit
1001 880 1189 934 preces
1224 878 1390 918 meas.

518 960 573 1013 5.
608 958 675 1012 Et
706 958 893 1011 eduxit
920 971 1004 1008 me
1029 956 1094 1009 de
1127 956 1249 1009 lacu
1276 955 1536 1019 miserim,

519 1060 575 1103 4-.
606 1048 674 1101 Et
706 1048 773 1101 de
809 1047 921 1099 luto
952 1044 1100 1099 faecis
1134 1060 1146 1095 :

521 1143 574 1197 5.
607 1141 670 1196 bi.
694 1140 881 1195 statuit
910 1154 1071 1206 super
1102 1147 1309 1207 petram
1345 1136 1512 1206 pedes
1546 1152 1698 1190 meos
1731 1153 1745 1187 :

522 1235 575 1285 6.
610 1231 673 1285 Ει
704 1232 905 1285 direxit
938 1244 1160 1297 gressus
1188 1243 1362 1281 meos.

524 1321 575 1373 '7.
610 1321 674 1373 Et
704 1319 933 1372 immisit
966 1318 1019 1369 in
1054 1332 1115 1370 os
1153 1332 1357 1379 meum,
1388 1316 1659 1369 canticum
1697 1331 1899 1369 novum
1932 1331 1945 1365 :

522 1414 575 1468 8.
610 1412 844 1466 Carmen
878 1410 987 1463 Deo
1016 1419 1226 1463 nostro.

526 1504 579 1558 9.
617 1502 898 1557 Videbunt
948 1500 1104 1553 multi
1137 1508 1189 1553 et
1224 1499 1509 1563 timebunt,
1559 1509 1612 1553 et
1645 1498 1943 1569 sperabunt
1981 1499 2037 1553 in

455 1591 709 1646 Domino.

528 1683 615 1737 10.
653 1681 855 1736 Beatus
910 1680 1010 1745 vir,
1057 1678 1214 1749 cujus
1262 1688 1348 1733 est
1397 1694 1594 1734 nomen
1642 1678 1861 1733 Domini
1914 1694 2039 1749 spes

454 1774 611 1843 ejus;

1294 335 1351 391 S.
1394 332 1768 392 ATIIANASH
1810 334 1960 389 OPP.
2005 335 2186 390 PARS
2225 334 2310 387 Ill.
2352 362 2424 375 —
2462 326 2903 391 EXEGETICAﬁ
3626 334 3724 395 801

2062 466 2113 521 Α
2212 457 2468 518 51.“Ἀνες
2505 473 2614 525 μοι,
2647 456 2731 507 ἵνα
2756 452 3046 521 ἁναψύξωο

2202 548 2287 599 52.
2328 548 2439 617 Πρὸ
2455 547 2547 599 τοῦ
2572 564 2638 617 με
2657 546 2933 609 ἀπελθεῖν,
2954 545 3049 598 καὶ
3068 543 3170 597 οὐκ
3190 541 3270 596 ἐτι
3292 544 3351 597 οὐ
3379 544 3452 615 μὴ
3471 545 3723 616 ὑπάρξω.

2224 662 2327 724 Εἰς
2355 658 2418 711 τὸ
2448 658 2642 723 τέλος,
2676 656 2917 725 ψαλμὸς
2944 655 3023 720 τῷ
3055 655 3251 709 Δαϐίδ.
3285 657 3459 709 ΨΑΛ.
3495 656 3637 709 AO’.

2207 776 2259 827 1.
2277 773 2589 843 ’Υπομένων
2605 772 2869 841 ὑπέμεινα
2880 773 2969 824 τὸν
2985 773 3307 844 Κύριον,καλ¹
3326 774 3599 845 προσέσχε
3617 793 3725 845 μοι·

2248 906 2259 917 .
2301 864 2412 916 Kal
2440 865 2728 932 εἰσήκουσε
2756 862 2856 931 τῆς
2882 862 3116 931 δεήσεως
3150 880 3273 932 μου.

2246 996 2260 1007 .
2303 953 2414 1007 Kal
2443 952 2689 1023 ἁνήγαγέ
2722 968 2787 1022 με
2817 955 2881 1003 ἐκ
2914 951 3119 1005 λάκκου
3148 952 3545 1024 ταλαιπωρίας.

2302 1045 2410 1096 Καὶ
2441 1042 2547 1096 ἀπὸ
2577 1041 2748 1113 πηλοῦ
2785 1040 2953 1103 ἰλύος·

2252 1178 2264 1190 .
2308 1138 2419 1191 Kal
2452 1136 2678 1206 ἔστησεν
2706 1135 2797 1187 ἐπὶ
2826 1134 3035 1205 πέτραν
3058 1134 3185 1197 τοὺς
3216 1135 3384 1198 πόδας
3418 1151 3547 1204 non“

2249 1276 2260 1287 .
2303 1235 2411 1286 Kal
2439 1231 2734 1285 κατεύθυνε
2766 1230 2832 1284 τὰ
2859 1230 3173 1301 διαδήματα
3207 1248 3331 1299 μου.

2210 1323 2263 1375 '7.
2304 1323 2413 1374 Kal
2441 1321 2693 1374 ἐνέϐαλεν
2719 1323 2798 1385 εἰς
2826 1322 2886 1373 τὸ
2913 1322 3087 1392 στόμα
3126 1339 3227 1392 μου
3254 1317 3405 1392 ᾆσμα
3434 1323 3624 1376 καινόν
3645 1340 3660 1352 ·

2210 1414 2262 1467 8.
2282 1414 2488 1484 ’Ὕμνον
2523 1412 2601 1483 τῷ
2630 1412 2749 1481 Θεῴ
2779 1413 2937 1483 ἡμῶν

2208 1506 2261 1560 9.
2284 1505 2540 1574 Ὄψονται
2575 1504 2758 1556 πολλοὶ
2784 1504 2879 1557 καὶ
2908 1505 3328 1576 φοϐηθήσονται,
3374 1505 3468 1558 καὶ
3506 1506 3735 1559 ἐλπιοῦ-

2141 1614 2225 1648 σιν
2258 1596 2350 1648 ἐπὶ
2380 1594 2603 1664 Κύριον.

2212 1686 2300 1740 10.
2332 1685 2615 1756 Μακάριος
2648 1684 2809 1755 ἀνὴρ,
2834 1678 2895 1739 οὗ
2927 1686 3042 1738 ἐστι
3063 1686 3123 1737 τὸ
3140 1684 3311 1755 ὄνομα
3336 1684 3548 1756 Κυρίου
3574 1685 3739 1749 ἐλπὶς

2141 1796 2308 1833 αυτου
2333 1796 2345 1808 ⁸

2206 866 2259 918 2.

2206 974 2259 1009 ο.

2206 1046 2259 1097 4.

2210 1138 2243 1192 5

2208 1232 2240 1285 6

529 1863 617 1917 11.
654 1860 719 1916 Et
749 1876 859 1916 non
891 1862 1135 1931 respexit
1165 1862 1221 1916 in
1258 1863 1523 1917 vanitates
1559 1872 1612 1917 et
1643 1862 1886 1918 insanias
1932 1861 2035 1917 lal-

2216 1872 2300 1924 11.
2340 1872 2451 1924 Kal
2478 1872 2577 1923 οὐκ
2606 1868 2900 1939 ἐπέϐλεψεν
2922 1870 3001 1933 εἰς
3032 1870 3397 1941 ματαιότητας
3423 1870 3515 1921 καὶ
3534 1871 3739 1939 μανίας

456 1969 568 2008 sas.

527 2046 613 2099 12.
648 2045 815 2102 Multa
857 2046 1035 2103 fecisti
1084 2055 1162 2112 tu,
1202 2045 1431 2101 Domine
1465 2045 1611 2101 Deus
1657 2060 1834 2111 meus,
1870 2046 2042 2100 mira-

456 2137 587 2192 bilia
618 2147 705 2192 tua
744 2154 758 2190 :

528 2230 616 2283 15.
644 2229 712 2284 Et
745 2229 1169 2301 cogitationibus
1215 2228 1325 2283 tuis
1356 2242 1464 2283 non
1496 2234 1582 2281 est
1610 2227 1706 2297 qui
1738 2227 1933 2282 similis
1974 2227 2047 2283 sit

457 2320 557 2375 tibi
591 2338 604 2374 :

491 2429 501 2479 ς
532 2413 618 2466 14.
654 2413 984 2467 Annuntiavi
1011 2422 1066 2468 et
1103 2413 1320 2467 locutus
1349 2427 1469 2466 sum
1493 2453 1507 2477 ,
1538 2411 1881 2480 multiplicati
1910 2418 2038 2466 sunt

457 2518 621 2574 super
648 2522 678 2559 Π
689 2521 934 2561 umerum
945 2545 959 2559 .

2141 1964 2373 2033 ψευδεῖς.

2213 2053 2299 2105 12.
2338 2052 2512 2105 Πολλὰ
2542 2050 2809 2122 ἐποίησας
2843 2051 2930 2115 σὺ,
2949 2049 3122 2122 Κύριε
3158 2054 3185 2103 ό
3211 2050 3343 2113 Θεός
3368 2068 3490 2121 μου,
3509 2051 3577 2105 τὰ
3601 2051 3741 2105 θαυ-

2144 2144 2316 2215 μάσια
2351 2161 2443 2196 σου
2469 2161 2482 2173 ·

2212 2234 2299 2287 15.
2331 2234 2440 2286 Kal
2466 2237 2579 2297 τοῖς
2610 2233 2978 2303 διαλογισμοῖς
3005 2249 3097 2285 σου
3138 2233 3238 2286 οὐκ
3267 2234 3393 2287 ἔστι
3414 2234 3498 2297 τίς
3532 2236 3740 2304 ὁμοιω·

2144 2324 2371 2397 θήσεταί
2405 2343 2509 2379 σοι.

2211 2418 2300 2473 14.
2330 2419 2665 2489 ’Λπήγγειλα
2714 2420 2806 2471 καὶ
2853 2417 3109 2489 ἐλάλησα,
3140 2415 3558 2488 ἐπληθύνθησαν
3589 2418 3735 2487 ὑπὲρ

2145 2508 2400 2579 ἀριθμόν.

1586 2639 1969 2697 ATHANASII
2008 2637 2601 2697 INTERPRETATIO.

526 2781 617 2843 51,
653 2781 743 2833 52.
771 2778 943 2835 Parce
970 2778 1106 2833 mihi
1138 2778 1463 2849 priusquam
1506 2794 1703 2833 rursus
1750 2777 1944 2830 abeam
1982 2776 2039 2829 in

454 2880 679 2937 terram,
708 2888 772 2926 ex
808 2886 913 2940 qua
945 2880 1195 2940 sumptus
1226 2888 1368 2926 sum.

2217 2777 2305 2839 3|,
2338 2777 2425 2831 52.
2479 2778 2843 2851 Συγχώρησόν
2893 2798 2986 2851 μοι
3035 2780 3143 2853 πρὸ
3164 2780 3257 2834 τοῦ
3281 2781 3537 2836 ἀπελθεῖν
3574 2785 3740 2838 πάλιν

2149 2872 2227 2933 εἰς
2260 2869 2356 2941 την
2385 2872 2509 2941 γῆν,
2541 2875 2599 2938 ἐξ
2633 2868 2698 2941 ἧς
2728 2874 2989 2944 ἐλήφθην.

536 2987 600 3038 Ἦ
632 2987 965 3058 προκειμένη
993 2987 1271 3058 ἐπιγραφὴ
1303 2986 1545 3058 περιέχει
1575 2985 1651 3056 (1)
1672 3001 1686 3015 ο
1725 2986 1832 3050 Εἰς
1863 2984 1931 3038 τὸ
1962 2982 2139 3048 τέλος
2171 2973 2253 3048 τῷ
2284 2982 2460 3035 Δαϐίδ
2484 2983 2583 3055 (2).
2616 2984 2787 3037 Τοῦτο
2817 2981 2909 3039 οὖν
2930 2985 3079 3054 λέγει
3111 2987 3235 3050 τοὺς
3265 2986 3368 3051 ἕως
3397 2986 3588 3051 τέλους
3613 2990 3739 3042 κολ-

455 3083 649 3139 λᾶσθαι
680 3084 756 3155 τῷ
782 3083 991 3153 Κυρίῳ,
1028 3084 1120 3135 καὶ
1158 3083 1233 3153 μὴ
1262 3082 1594 3151 ἀφίστασθαι
1623 3082 1815 3153 αὑτήν.

528 3178 743 3232 Titulus
792 3177 1117 3245 praepositus
1167 3177 1407 3230 continet
1438 3193 1452 3230 :
1489 3175 1553 3229 In
1590 3176 1749 3245 ﬁnem
1782 3174 2019 3243 psalmus
2064 3174 2261 3229 David.
2297 3173 2410 3231 Hoc
2434 3175 2599 3247 igitur
2630 3175 2902 3247 signiﬁcat
2929 3178 3071 3245 illos,
3106 3181 3199 3251 qui
3230 3196 3402 3251 usque
3457 3183 3512 3236 in
3570 3184 3738 3239 ﬁnem

458 3272 693 3328 Domino
722 3271 1021 3333 adhaerent,
1054 3278 1107 3323 et
1140 3269 1208 3323 ab
1240 3269 1361 3337 ipso
1390 3283 1499 3321 non
1536 3266 1813 3322 deﬁciunt.

528 3369 580 3421 1.
609 3366 979 3421 lndesinenter
1011 3379 1339 3433 permanens
1367 3363 1421 3416 in
1452 3362 1697 3417 oratione
1729 3376 1869 3415 mea.

527 3459 579 3511 2.
615 3457 951 3525 Exspectans
979 3457 1125 3511 enim
1157 3455 1587 3511 misericordiam
1619 3454 1738 3525 ejus
1774 3455 1891 3524 ipsa
1928 3467 2037 3508 non

458 3550 824 3605 fraudabitur.

529 3643 582 3707 3,
618 3640 671 3693 4.
697 3639 1049 3694 Peccatorum
1086 3653 1356 3693 meorum.

529 3735 582 3789 5.
614 3733 672 3787 ln
712 3733 993 3803 praeceptis
1027 3731 1141 3786 suis
1167 3730 1479 3785 obﬁrmavit
1513 3736 1753 3785 mentem
1785 3744 1984 3784 meam.

530 3909 582 3964 6.
614 3908 671 3962 1n
700 3923 863 3962 omne
891 3922 1028 3977 opus
1059 3906 1265 3961 bonum
1291 3906 1489 3959 direxit
1522 3921 1617 3960 eor
1655 3920 1861 3959 meum.

529 4002 583 4066 7,
615 4000 667 4054 8.
699 3998 769 4053 Et
796 3998 1059 4053 charitate
1107 4014 1209 4053 sua
1252 3997 1466 4067 eﬁ‘ecit,
1506 4006 1566 4051 ut
1599 4012 1723 4051 eum
1770 3996 2040 4067 gloriﬁca-

457 4106 599 4145 rem.

528 4182 581 4237 9.
615 4180 870 4235 Videntes
919 4193 1110 4233 omnes
1156 4177 1403 4242 veniam,
1434 4191 1598 4245 quam
1633 4176 1869 4245 peccatis
1901 4174 2038 4230 meis

456 4269 717 4339 elargitus
746 4278 850 4335 est,
885 4265 1248 4336 obstupefacti
1295 4266 1521 4321 credent
1569 4266 1625 4318 in
1668 4265 1788 4334 ejus
1816 4265 2038 4320 miseri-

457 4359 724 4415 cordiam.

528 4452 616 4505 10.
649 4448 783 4504 Nam
833 4464 1059 4519 sperans
1096 4448 1150 4501 in
1181 4463 1329 4513 eum,
1366 4447 1551 4502 omnia
1584 4447 1751 4511 bona,
1786 4462 1907 4517 quae
1936 4462 2037 4518 po-

457 4542 645 4605 stulat,
682 4542 751 4595 ab
780 4556 845 4595 eo
875 4548 1135 4609 reportat,
1185 4555 1360 4609 neque
1392 4540 1655 4608 petitione
1690 4554 1787 4594 sua
1814 4541 2035 4595 excidit.

528 4633 610 4685 11.
662 4630 720 4684 1η
770 4631 1069 4695 maleﬁcia,
1120 4631 1337 4700 inquit,
1375 4641 1469 4684 aut
1518 4631 1902 4699 divinationes,
1944 4642 2037 4687 aut

456 4721 846 4788 astronomias,
898 4730 991 4775 aut
1036 4721 1316 4785 veneﬁcia,
1372 4733 1466 4775 aut
1512 4721 1883 4787 idololatrias,
1942 4732 2038 4777 aut

460 4813 875 4878 incantationes,
904 4822 996 4867 aut
1024 4813 1305 4881 ligaturas,
1334 4820 1429 4866 aut
1460 4812 1665 4883 aliquid
1694 4813 2034 4883 hujusmodi.

534 4901 618 4953 12.
654 4902 1042 4954 lnenarrabilia
1076 4912 1204 4955 sunt
1235 4903 1497 4956 benelicia
1529 4913 1643 4957 tua.

531 4990 618 5054 l3,
648 4991 731 5043 M.
776 4990 843 5045 Et
873 4992 965 5061 qui
995 5002 1142 5046 tanta
1192 4994 1333 5048 bona
1393 4995 1553 5049 nobis
1587 4995 1886 5065 provideat,
1927 5014 2037 5053 non

461 5088 542 5133 est
580 5080 739 5145 alius,
765 5090 820 5136 et
851 5082 966 5137 haec
998 5082 1113 5151 ipsa
1146 5084 1415 5152 enarravi,
1448 5092 1501 5140 et
1533 5086 1667 5151 dixi,
1699 5090 1843 5158 quod
1879 5090 2038 5146 innu-

456 5184 611 5225 mera
643 5180 791 5226 sunt.

2068 3366 2109 3422 C
2215 3364 2267 3419 1.
2290 3364 2677 3430 ’Λδιαλείτττως
2706 3366 2994 3439 ὑπομένων
3026 3368 3104 3436 (5)
3134 3370 3199 3438 τῇ
3233 3371 3512 3440 προσευχῇ
3548 3388 3676 3440 μου.

2212 3454 2265 3508 2.
2308 3456 2382 3506 Οὐ
2431 3456 2506 3525 (4)
2550 3458 2658 3531 γὰρ
2705 3460 3017 3531 περιμένων
3052 3460 3216 3513 αὐτοῦ
3262 3462 3322 3513 τὸ
3360 3462 3531 3531 ἕλεος,
3564 3466 3627 3516 οὐ
3660 3464 3741 3536 μὴ

2145 3548 2375 3619 στερηθῇ
2403 3550 2611 3603 τούτου.

2213 3642 2265 3705 5,
2302 3643 2355 3694 4.
2394 3642 2513 3694 Τῶν
2548 3643 2833 3713 ἁμαρτιῶν
2867 3662 2990 3715 μου.

2212 3732 2264 3785 5.
2300 3732 2392 3795 El;
2431 3733 2530 3797 τὰς
2556 3733 2775 3798 ἐντολὰς
2813 3736 2978 3788 αὐτοῦ
3026 3736 3355 3808 ἐπεστήρισε
3385 3735 3459 3806 (5)
3493 3736 3596 3809 τὴν
3622 3738 3743 3794 διά-

2141 3824 2291 3876 νοιάν
2323 3843 2447 3895 μου.

2210 3912 2264 3965 6.
2295 3914 2387 3975 Εἰς
2412 3914 2519 3966 πᾶν
2536 3914 2697 3985 ἔργον
2714 3916 2919 3985 ἀγαθὸν
2936 3918 3231 3972 κατεύθυνε
3247 3918 3345 3991 τὴν
3359 3921 3591 3993 καρδίαν
3609 3941 3741 3995 μου.

2211 4003 2264 4068 7,
2299 4005 2351 4059 8.
2384 4007 2492 4059 Kal
2516 4007 2605 4060 διὰ
2631 4009 2731 4080 τῆς
2758 4010 2980 4081 χάριτος
3006 4012 3170 4065 αὐτοῦ
3201 4014 3428 4085 ἐποίησέ
3467 4033 3536 4087 με
3574 4019 3745 4082 δοξά-

2141 4094 2253 4159 ζειν
2281 4095 2467 4151 αὐτόν.

2210 4188 2264 4245 9.
2295 4190 2632 4277 Ἐωρακότες
2658 4194 2861 4259 πάντες
2902 4196 3000 4268 τὴν
3039 4197 3387 4270 συγχώρησιν
3415 4200 3524 4254 τῶν
3554 4203 3748 4277 ἁμαρ-

2139 4279 2289 4345 τιῶν,
2335 4274 2409 4334 ὧν
2454 4284 2762 4355 ἐχαρήσατό
2796 4304 2907 4358 μοι,
2937 4289 3374 4360 ἐκπλησσόμενοι
3412 4295 3747 4349 πιστεύσου-

2142 4389 2225 4425 σιν
2254 4372 2327 4444 (6)
2363 4375 2455 4427 ἐπὶ
2483 4377 2543 4428 τὸ
2570 4377 2716 4441 ἔλεος
2751 4378 2939 4434 αὐτοῦ.

2212 4461 2297 4513 10.
2333 4463 2389 4515 ’0
2412 4463 2518 4535 γὰρ
2544 4464 2777 4529 ἐλπίζων
2794 4469 2880 4521 ἐπ’
2903 4470 3062 4523 αὑτὸν
3078 4473 3258 4526 πᾶσαν
3276 4472 3493 4545 αἴτησιν
3509 4476 3747 4545 ἀγαθῶν

2141 4552 2422 4623 κομίζεται
2448 4555 2521 4627 (7)
2547 4560 2678 4629 παρ’
2709 4560 2897 4628 αὑτοῦ,
2917 4563 3016 4614 οὐκ
3041 4563 3105 4616 ἂν
3120 4564 3291 4634 αὐτῆς
3312 4567 3466 4630 ἐκτὸς
3483 4568 3743 4638 γένηται.

2212 4647 2295 4700 11.
2329 4648 2423 4710 Εἰς
2460 4650 2732 4720 μάστιγας
2763 4653 2837 4724 (8)
2878 4655 3051 4724 λέγει,
3079 4658 3111 4728 ἧ
3162 4661 3445 4729 μαντείας,
3473 4662 3506 4733 ἢ
3538 4665 3748 4737 ἀστρο-

2141 4737 2417 4810 νομίας,ῆ
2465 4744 2836 4813 φαρμακείας,
2871 4747 2904 4817 ἢ
2955 4748 3419 4823 εἰδωλολατρείας,
3461 4754 3495 4826 ἢ
3546 4758 3749 4813 ἐπαοι-

2141 4829 2280 4894 δίας,
2313 4830 2345 4900 ἢ
2376 4833 2505 4903 περὶ
2534 4834 2803 4905 ἂμμασιν,
2834 4840 2867 4910 ἡ
2896 4858 2949 4891 τι
2970 4841 3078 4894 τῶν
3106 4845 3382 4898 τοιούτων.

2220 4920 2301 4973 12.
2323 4922 2729 4997 Ἀνεκδιήγητοί
2756 4931 2894 4983 εἰσιν
2923 4934 2977 4984 αἱ
3008 4932 3318 5004 εὐεργεσίαι
3349 4955 3461 4993 σου.

2215 5011 2303 5104 1—5,
2335 5013 2420 5104 11.
2453 5016 2528 5085 (9)
2561 5018 2670 5069 Καὶ
2712 5020 2883 5084 οὕτως
2929 5024 3107 5092 ἀγαθὰ
3164 5027 3554 5099 βουλευόμενος
3607 5037 3743 5104 περὶ

2146 5100 2305 5192 ἡμῶν
2343 5102 2443 5156 οὐκ
2481 5104 2629 5159 ἐστιν
2662 5107 2841 5176 ἄλλος,
2871 5114 2963 5165 καὶ
2993 5114 3132 5166 αὐτὰ
3166 5114 3338 5170 ταῦτα
3363 5100 3741 5192 διηγησάμην,

2146 5192 2241 5242 καὶ
2268 5191 2526 5264 ἐλάλησα,
2560 5196 2643 5249 ὅτι
2675 5198 2815 5271 ὑπὲρ
2840 5202 3073 5274 ἀριθμόν
3097 5206 3223 5259 εἰσι.

1412 5314 1716 5378 Addenda
1746 5328 1806 5380 et
1836 5323 2209 5404 corrigenda
2276 5346 2353 5390 ex
2388 5331 2528 5394 cod.
2560 5334 2767 5400 Vatic.

536 5406 611 5484 (1)
634 5406 807 5484 ᾙῌδιὰ
836 5414 934 5484 τῆς
966 5412 1335 5484 κινναϐάρεως
1369 5432 1491 5484 περ.

533 5478 611 5563 (β)
652 5479 741 5563 Teia
767 5478 928 5563 Aa6_‘-.'6
957 5478 1223 5563 ψαλμόςί.
1251 5526 1266 5540 .
1306 5478 1454 5553 λέγει
1486 5487 1588 5549 ἕως
1617 5486 1709 5539 τοῦ
1742 5488 1947 5556 τέλους.
1978 5534 1990 5548 .
2020 5534 2035 5549 .

462 5546 795 5616 ἀφίστασθαι
826 5546 1012 5609 αὑτοῦ.

640 5620 933 5741 ξξπέμενον
966 5628 1031 5695 τῇ
1069 5629 1361 5698 προσευχῇ.
1402 5625 1561 5682 Deest
1594 5640 1733 5715 pou.”

640 5729 985 5832 ἐπέστησεν.

2217 5428 2293 5499 (6)
2334 5431 2708 5492 Πιστεύουσιν.

2220 5501 2295 5572 (7)
2337 5502 2740 5572 Κομίζεσθαι...
2768 5509 3001 5572 γίνεται.

2312 5570 2531 5657 Maria;
2551 5570 2876 5657 λέγειηῆήείς
2900 5582 3226 5657 μαντείας...
3252 5587 3284 5657 ἢ
3309 5588 3607 5653 ἐπαοιδίας,
3627 5603 3732 5647 etc.

2183 5640 2307 5721 "(9)7
2336 5642 2403 5694 N.
2434 5644 2517 5721 ιδ.
2550 5640 2661 5721 ιςᾳι
2691 5640 2881 5721 poi-03;,
2900 5640 3043 5719 'etc.,
3075 5640 3251 5721 ἄλλος.
3274 5640 3353 5712 'N.
3384 5640 3612 5714 “irai.
3632 5640 3737 5717 ἔέιὲ

2149 5708 2239 5778 τά,
2265 5720 2393 5779 ctc.,
2425 5714 2548 5767 είσι.
2582 5716 2650 5770 Ν.
2689 5717 2772 5771 15.
2801 5708 3165 5791 Θυσίαν,ἐις.
