3878 6218
169 313 285 370 805

248 441 339 495 15.
380 439 581 494 Θυσίαν
607 441 702 494 καὶ
739 443 1051 514 προσφορὰν
1079 445 1178 496 οὐκ
1207 444 1511 516 ἠθέλησας·

248 534 338 589 16.
380 534 625 605 Σῶμαδὲ
657 537 974 606 κατηρτίσω
1004 555 1128 608 μοι·

252 629 340 683 17.
366 627 823 698 Ὀλοκαυτώματα
857 630 950 683 καὶ
975 631 1104 703 περὶ
1131 633 1408 707 ἁμαρτίας
1437 636 1536 690 οὐκ
1565 637 1763 710 ἐζήτη-

170 739 300 786 σας.
349 711 360 740 ¹

248 813 340 868 18.
383 814 519 867 Τότε
547 807 722 877 εἷπον,
761 811 870 864 ἰδοὺ
900 813 1041 883 ἦκω.

249 909 337 962 19.
367 909 452 960 Ἐν
475 905 720 974 κεφαλίδι
745 904 948 975 βιϐλίου
973 906 1284 978 γέγραπται
1307 910 1435 982 περὶ
1461 911 1618 982 ἐμοῦ,

243 998 338 1053 20.
381 997 486 1050 Τοῦ
518 997 740 1066 ποιῆσαι
759 994 822 1048 τὸ
847 995 1061 1068 θέλημά
1085 1014 1203 1065 σου,
1226 1002 1254 1054 ὁ
1280 999 1413 1064 Θεὸς
1446 1019 1570 1072 μου,
1592 1001 1758 1070 ἡδου..

165 1092 346 1164 λήθην
384 1091 750 1166 [ἐϐουλήθηνῇ

240 1185 334 1238 21.
380 1184 488 1237 Καὶ
523 1185 613 1237 τὸν
641 1185 804 1256 νόμον
827 1203 923 1239 σου
959 1188 1016 1239 ἐν
1054 1186 1203 1257 μέσῳ
1235 1187 1336 1257 τῆς
1359 1187 1564 1252 κοιλίας
1597 1206 1717 1259 μου.

241 1277 336 1330 22.
379 1275 834 1348 Εὐηγγελισάμην
862 1278 1210 1350 δικαιοσύνην
1250 1280 1308 1332 ἐν
1348 1280 1616 1351 ἐκκλησία
1662 1297 1758 1352 με-

161 1370 316 1442 γάλῃ
335 1388 348 1400 ·

123 1515 126 1518 .
240 1464 334 1516 25.
373 1462 604 1534 (α)Ίδοὺ
637 1464 705 1518 τὰ
735 1463 887 1535 χείλη
925 1481 1026 1534 μου
1074 1463 1135 1518 οὔ
1174 1463 1248 1537 μὴ
1274 1463 1532 1518 κωλύσω·
1561 1464 1754 1536 Κύριε,

165 1558 235 1610 σὺ
275 1557 468 1624 ἔγνως.

239 1647 332 1700 24.
367 1649 478 1719 Τὴν
505 1648 852 1721 δικαιοσύνην
882 1666 974 1702 σου
1000 1649 1101 1702 οὐκ
1134 1648 1347 1720 ἔκρυψα
1378 1651 1434 1702 ἐν
1464 1651 1527 1720 τῇ
1555 1649 1754 1720 καρδία

167 1757 300 1809 μου.

1063 321 1152 375 DE
1187 321 1466 378 TlTULlS
1539 325 1989 389 PSALMOBUM.
2043 366 2100 376 —
2138 336 2333 392 PSAL.
2375 337 2615 393 XXXIX.

3329 344 3435 399 806

1789 465 1839 523 Α
1935 458 2022 512 15.
2063 457 2402 513 Sacriﬁcium
2437 471 2490 513 et
2520 457 2852 514 oblationem
2883 460 3108 518 noluisti
3139 480 3153 516 :

1935 549 2022 603 16.
2063 551 2274 620 Corpus
2301 561 2480 605 autem
2503 550 2783 620 perfecisti
2816 553 2972 607 mihi.

1934 641 2023 698 17.
2054 641 2381 697 Holocausta
2405 652 2458 698 et
2487 659 2587 713 pro
2608 655 2834 714 peccato
2866 661 2974 701 non
3017 646 3311 716 postulasti
3345 666 3362 707 ;

1930 814 2017 869 18.
2053 814 2206 872 Tunc
2238 817 2371 880 dixi,
2400 834 2526 873 ecce
2557 821 2735 874 venio.

1935 909 2024 964 19.
2059 909 2113 962 In
2147 911 2324 979 capite
2357 913 2481 965 libri
2514 914 2777 982 scriptum
2808 921 2892 967 est
2911 914 2976 968 de
2998 931 3119 980 me,

1930 1003 2022 1058 20.
2055 1002 2124 1057 Ut
2163 1003 2400 1059 facerem
2453 1008 2790 1060 voluntatem
2840 1020 3020 1073 tuam,
3063 1008 3208 1064 Deus
3251 1027 3428 1079 meus,

1859 1097 2030 1162 volui,

1928 1187 2017 1241 21.
2051 1187 2115 1240 Ει
2139 1189 2306 1256 legem
2339 1197 2485 1241 tuam
2523 1189 2576 1242 in
2615 1191 2794 1245 medio
2817 1193 3020 1248 ventris
3053 1194 3181 1249 mei.

1931 1280 2023 1335 22.
2052 1281 2386 1336 Annuntiavi
2412 1281 2684 1351 justitiam
2716 1286 2768 1337 in
2791 1286 3022 1342 ecclesia
3051 1303 3248 1358 magna
3275 1307 3290 1344 :

1928 1462 2016 1516 25.
2055 1461 2192 1518 Ecce
2222 1463 2364 1518 labia
2391 1479 2512 1519 mea
2546 1479 2654 1518 non
2690 1465 2991 1534 prohibebo
3030 1483 3045 1521 :
3088 1465 3338 1530 Domine,
3373 1477 3429 1522 tu

1857 1564 2032 1607 SClSll.

1925 1645 2014 1698 24.
2051 1643 2327 1700 Justitiam
2363 1655 2511 1699 tuam
2537 1661 2650 1700 non
2687 1648 2950 1703 abscondi
2982 1650 3038 1704 in
3071 1651 3234 1705 corde
3269 1666 3429 1707 meo:

239 1833 332 1886 25.
363 1831 484 1906 ’Τὴν
505 1835 762 1907 ἀλήθειάν
791 1852 884 1889 σου
916 1835 1012 1889 καὶ
1039 1835 1101 1888 τὸ
1131 1833 1396 1903 σωτήριόν
1427 1849 1522 1886 σου
1553 1827 1683 1887 εἶπα
1703 1850 1717 1864 ·

1927 1837 2018 1892 25.
2056 1837 2352 1892 Veritatem
2385 1845 2532 1893 tuam
2566 1849 2620 1894 et
2649 1840 2889 1896 salutare
2922 1851 3072 1896 tuum
3103 1843 3250 1898 dixi:

237 1926 330 1981 26.
364 1929 480 1980 Οὐκ
517 1928 726 1999 ἔκρυψα
753 1929 813 1982 τὸ
840 1929 984 1991 ἔλεός
1021 1945 1134 1990 σου,

236 2018 328 2072 27.
359 2019 472 2071 Καὶ
503 2020 599 2092 τὴν
633 2019 891 2090 ἀλήθειάν
922 2036 1014 2072 σου
1048 2019 1152 2072 ὑπὸ
1179 2019 1500 2089 συναγωγῆς
1532 2015 1748 2086 πολλῆς.

1925 1925 2013 1979 26.
2046 1925 2164 1980 Non
2198 1927 2459 1981 abscondi
2501 1929 2928 1985 misericordiam
2963 1940 3108 1986 tuam
3131 1972 3149 1999 ,

1929 2019 2020 2074 27.
2051 2017 2118 2073 Et
2143 2019 2423 2075 veritatem
2454 2029 2602 2077 tuam
2638 2038 2669 2077 a
2697 2025 3146 2080 concilio‘multo.

236 2194 327 2266 (a)l
352 2195 700 2271 V._§5,_’l§o§,
731 2205 838 2251 etc.
877 2195 974 2268 τὴν
1002 2194 1363 2264 δικαιοσύνην.
1396 2192 1462 2249 ν.
1493 2193 1584 2258 24,
1613 2193 1746 2257 Οὐκ,
1786 2223 1788 2238 ι

1911 2235 1914 2246 .
1939 2193 2038 2265 τὴν
2067 2194 2323 2266 ἀληθείαν
2354 2213 2468 2250 σου.
2492 2195 2556 2252 ν.
2584 2197 2674 2263 25,
2702 2197 2812 2271 Τὴν
2843 2198 3099 2271 ἀληθείαν
3129 2217 3244 2264 σου,
3267 2200 3360 2257 καὶ

164 2267 252 2333 τό,
290 2275 403 2325 etc.
433 2267 497 2322 ν.
526 2268 619 2321 26.
652 2270 788 2332 Οὐκ,
817 2277 922 2322 etc.

1299 2412 1675 2484 ΑΤιιἏΝΑειι
1716 2420 2302 2480 INTERPRETATIO.

239 2581 330 2636 15.
378 2579 577 2634 Θυσίαν
629 2582 738 2653 γὰρ
783 2581 880 2636 καὶ
934 2583 1247 2654 προσφορὰν
1288 2585 1321 2656 ἢ
1367 2581 1754 2652 ὁλοκαυτώμα-

165 2691 240 2728 τα
279 2673 357 2742 (1)
386 2673 513 2744 περὶ
541 2673 648 2726 τῶν
679 2674 964 2746 ἁμαρτιῶν
1000 2675 1124 2728 οὔτε
1158 2675 1453 2746 ἠθέλησας,
1483 2673 1605 2728 οὕτε
1635 2673 1756 2746 ἐζή-

165 2780 346 2834 τησας

240 2856 330 2910 16.
385 2855 530 2926 Σὰρξ
571 2855 628 2907 δὲ
671 2855 958 2926 γενόμενος
989 2856 1180 2910 ἑαυτὸν
1229 2856 1371 2928 ὑπὲρ
1422 2856 1579 2929 ἡμῶν
1627 2857 1756 2911 ἐδω-

168 2965 268 3002 κεν
299 2948 397 3019 (2).

241 3039 329 3092 17.
363 3037 524 3092 Ἀλλὰ
569 3037 747 3108 ψυχὰς
787 3037 1088 3112 ἀνθρώπων
1135 3040 1403 3105 ἐζήτησας
1447 3037 1616 3108 ἁγνάς
1668 3055 1747 3091 σοι

168 3129 572 3202 προσέρχεσθαι
595 3130 688 3183 καὶ
713 3130 879 3182 αἰνεῖν
909 3147 988 3184 σε.

240 3220 330 3273 18.
372 3219 626 3291 Εἰρηκὼς
654 3218 812 3271 τοῦτο
846 3219 1006 3283 αὐτὸς
1032 3219 1060 3271 ὁ
1097 3219 1294 3285 λαλῶν,
1337 3220 1592 3292 πάρειμι.

239 3313 328 3367 19.
355 3313 413 3365 '0
445 3311 578 3375 Θεὸς
610 3311 779 3379 Λόγος
806 3311 985 3380 λέγει·
1016 3313 1104 3364 Ἑν
1134 3313 1274 3383 ἀρχῇ
1307 3311 1506 3375 παντὸς
1529 3314 1756 3380 εὐαγγε-

166 3405 283 3458 λίου
318 3403 448 3475 περὶ
475 3403 609 3475 ἐμοῦ
639 3405 965 3473 γέγραπται,
992 3406 1119 3476 περὶ
1151 3398 1212 3457 οὗ
1243 3407 1336 3458 καὶ
1368 3407 1396 3458 ό
1441 3405 1754 3474 Ἐὑαγγελι-

169 3495 299 3564 στὴς
314 3493 568 3563 Ἰωάννης
593 3493 803 3562 ἔλεγεν·
823 3494 919 3547 Ἐν
941 3495 1012 3562 ἀρ
1017 3492 1096 3563 χῇ
1126 3490 1203 3563 ἦν
1227 3497 1260 3548 ὀ
1281 3497 1490 3563 Λόγος,
1525 3495 1616 3547 καὶ
1639 3496 1754 3565 μετ’

168 3587 323 3655 ὀλίγα
352 3569 654 3655 ἐπήγαγεν,
680 3587 777 3638 καὶ
806 3589 838 3640 ὁ
868 3587 1059 3656 Λόγος
1088 3587 1244 3656 σὰρξ
1266 3587 1523 3657 ἐγένετο.

239 3675 324 3729 20.
363 3676 423 3728 '0
455 3675 618 3738 αὐτὸς
647 3676 775 3738 Υἱὸς
803 3677 938 3746 πρὸς
966 3677 1056 3730 τὸν
1087 3679 1306 3750 Πατέρα
1348 3679 1532 3748 λέγει,
1581 3679 1662 3731 ὅτι
1694 3677 1754 3731 τὸ

170 3766 383 3837 θέλημά
411 3783 504 3819 σου
533 3765 832 3839 ἐδουλήθην
859 3770 1102 3840 ποιῆσαι,
1133 3771 1404 3838 ὑπήκοος
1431 3772 1755 3841 γενόμενος

164 3860 338 3929 μέχρι
365 3858 649 3926 θανάτου,
678 3859 935 3915 θανάτου
977 3861 1045 3915 δὲ
1081 3864 1366 3931 σταυροῦ.

237 3951 328 4005 21.
361 3950 518 4004 Κατὰ
547 3952 624 4023 ('5)
669 3953 996 4024 πρόσταγμά
1041 3971 1134 4007 σου
1181 3955 1366 4009 ἔτεκον
1400 3956 1493 4009 ἐπὶ
1522 3955 1621 4025 τῆς
1648 3955 1754 4026 γῆς

173 4040 515 4112 μετ’όδύνης,
534 4036 601 4112 ἦς
631 4037 774 4110 εἶχον
800 4043 939 4114 ὑπὲρ
964 4042 1060 4096 τοῦ
1085 4044 1276 4111 γένους
1297 4044 1405 4098 τῶν
1427 4045 1749 4114 ἀνθρώπιον.

236 4133 328 4186 22.
370 4132 467 4185 Διὰ
497 4133 605 4187 τῶν
637 4135 968 4202 ἀποστόλων,
999 4137 1166 4206 λέγει,
1203 4137 1644 4210 εὐηγγελισάμην
1673 4137 1752 4210 τῷ

169 4225 378 4296 κόσμῳ.
715 4227 734 4248 ’

237 4317 328 4373 25.
369 4317 505 4380 Τοὺς
530 4317 860 4381 ἀποστόλους
893 4317 1042 4386 λέγει
1069 4319 1219 4391 χείλη
1249 4318 1392 4392 [σου]
1418 4322 1544 4385 τοὺς
1579 4321 1752 4393 κηρύ-

171 4410 368 4474 ξαντας
395 4413 458 4464 ἐκ
493 4410 787 4482 προσώπου
813 4411 993 4464 αὐτῶν
1025 4415 1122 4483 (4).

235 4502 327 4556 24.
365 4503 502 4566 Τοὺς
538 4505 733 4566 αὐτοὺς
759 4502 834 4574 (5)
867 4504 1028 4556 πάλιν
1085 4505 1234 4574 λέγει
1267 4507 1496 4578 καρδίαν
1523 4507 1738 4563 ἑαυτοῦ.

233 4592 326 4646 25.
366 4593 490 4656 Τοῖς
527 4595 710 4657 αὐτοῖς
743 4595 1080 4658 ἀποστόλοις.

231 4683 321 4737 26.
347 4685 463 4738 Οὐκ
498 4686 897 4756 ἐπεστειλάμην
924 4686 996 4757 (6)
1020 4687 1336 4756 ἀναγγεῖλαι
1373 4687 1451 4759 τῷ
1493 4688 1606 4760 λαῷ
1633 4707 1748 4761 σου,

164 4776 243 4828 ὅτι
268 4775 617 4848 ἐπιστρέφειν
639 4777 811 4842 θέλεις
835 4779 926 4831 τὸν
948 4779 1286 4850 ἁμαρτωλὸν,
1315 4782 1408 4834 καὶ
1433 4781 1614 4850 ζητεῖν
1658 4787 1754 4837 αὐ-

163 4867 275 4921 τόν.

231 4960 322 5012 27.
360 4962 468 5014 Καὶ
492 4962 590 5033 τὴν
619 4961 799 5016 πίστιν
821 4963 878 5016 δὲ
906 4963 1004 5036 τὴν
1025 4968 1103 5028 είς
1127 4964 1184 5016 σέ
1213 4967 1583 5037 ἐφανερωσαν.

233 5152 281 5183 ⁸³
319 5148 478 5204 Joan.
513 5167 551 5213 ι,
575 5151 626 5216 1,
655 5149 720 5203 14
788 5151 834 5182 ⁶⁰
870 5149 1103 5222 Philipp.
1136 5155 1206 5219 η’,
1239 5153 1293 5208 8.

1931 2581 2019 2635 15.
2051 2580 2389 2636 Sacriﬁcium
2413 2581 2579 2644 enim,
2605 2589 2659 2634 et
2681 2581 3031 2645 oblationem,
3057 2591 3151 2636 aut
3178 2581 3432 2637 holocau-

1860 2683 1945 2728 sta
1979 2688 2077 2742 pro
2107 2674 2343 2743 peccatis
2367 2688 2542 2744 neque
2572 2674 2810 2739 voluisti,
2839 2691 2938 2728 nec
2967 2675 3284 2744 quaesivisti.

1931 2853 2018 2910 16.
2054 2853 2196 2911 Caro
2222 2864 2400 2910 autem
2436 2855 2614 2912 factus
2648 2855 2886 2925 seipsum
2919 2871 3019 2925 pro
3058 2855 3215 2911 nobis
3257 2855 3424 2911 dedit.

1935 3039 2023 3094 17.
2051 3039 2154 3094 Sed
2189 3039 2402 3094 animas
2426 3040 2708 3095 hominum
2735 3055 2900 3110 puras
2929 3039 2993 3095 ad
3025 3047 3076 3094 te
3097 3041 3352 3096 accedere
3374 3050 3426 3096 et

1857 3137 1910 3184 te
1939 3129 2161 3185 laudare
2188 3130 2509 3198 quaesivisti.

1781 3200 1822 3258 (ἶ
1930 3221 2018 3275 18.
2051 3220 2166 3276 Hoc
2200 3221 2313 3290 ipse
2345 3220 2560 3276 locutus
2587 3220 2793 3286 dicens,
2829 3220 3042 3278 adsum.

1928 3310 2018 3365 19.
2073 3309 2216 3365 Deus
2282 3308 2513 3364 Verbum
2574 3311 2734 3379 dicit,
2802 3313 2854 3366 in
2923 3312 3188 3382 principio
3258 3312 3426 3368 totius

1854 3399 2129 3473 mangelii
2154 3400 2222 3456 de
2251 3417 2336 3455 me
2359 3403 2619 3471 scriptum
2645 3415 2747 3468 est,
2777 3405 2843 3458 de
2869 3420 2982 3474 quo
3015 3414 3067 3459 et
3094 3407 3423 3475 evangelista

1853 3491 2093 3566 Joannes
2125 3494 2261 3547 dixit
2294 3513 2307 3548 :
2340 3492 2406 3546 1η
2451 3497 2707 3564 principio
2749 3510 2862 3550 erat
2907 3497 3162 3561 Verbum,
3205 3509 3258 3553 et
3303 3506 3429 3570 post

1853 3595 2030 3650 pauca
2063 3582 2316 3650 subjecit,
2349 3593 2396 3637 et
2438 3583 2656 3639 Verbum
2687 3602 2811 3638 caro
2838 3586 3038 3654 factum
3060 3599 3135 3641 est
3166 3588 3233 3640 ".

1922 3671 2012 3724 20.
2049 3672 2163 3742 Ipse
2196 3672 2368 3728 Filius
2399 3674 2466 3728 ad
2495 3673 2708 3730 Patrem
2745 3677 2875 3731 dicit
2903 3695 2916 3731 :
2945 3680 3204 3746 quoniam
3233 3677 3428 3733 volun-

1854 3771 2018 3817 tatem
2047 3773 2194 3817 tuam
2238 3765 2380 3818 volui
2416 3763 2628 3830 facere,
2667 3768 2841 3836 [actus
2872 3768 3113 3824 obediens
3154 3787 3315 3839 usque
3358 3771 3428 3825 ad

1855 3867 2100 3921 mortem,
2141 3865 2360 3909 mortem
2390 3869 2565 3910 autem
2592 3860 2765 3912 crucis
2797 3859 2865 3912 “.

1924 3945 2014 3998 21.
2042 3941 2201 3998 Juxta
2229 3956 2554 4016 praeceptum
2586 3957 2738 4001 tuum
2767 3949 2949 4018 peperi
3001 3950 3056 4004 in
3105 3958 3246 4005 terra
3278 3953 3423 4008 'cum

1853 4036 2059 4101 dolore,
2083 4053 2244 4108 quem
2290 4053 2392 4106 pro
2422 4053 2617 4108 genere
2647 4039 2888 4094 humano
2917 4041 3178 4096 sustinui.

1922 4120 2012 4174 22.
2045 4120 2147 4176 Per
2174 4122 2451 4191 apostolos
2471 4161 2486 4188 ,
2511 4122 2717 4193 inquit,
2746 4125 2948 4180 mundo
2975 4127 3315 4182 annuntiavi.

1920 4299 2010 4354 25.
2043 4299 2370 4372 Apostolos,
2402 4321 2467 4362 ex
2491 4321 2724 4376 persona
2759 4323 2857 4363 sua
2892 4307 3250 4379 praedicantes
3277 4308 3422 4366 labia

1853 4405 1951 4445 sua
1978 4403 2158 4449 vocat.

1922 4483 2011 4538 24.
2048 4486 2197 4554 Ipsos
2224 4505 2413 4544 rursus
2443 4505 2536 4544 cor
2565 4505 2724 4546 suum
2754 4502 2930 4548 vocat.

1777 4549 1826 4608 D
1921 4572 2012 4629 25.
2050 4549 2186 4644 Ipsis
2221 4581 2499 4648 apostolis.

1927 4663 2017 4719 26.
2049 4667 2166 4722 Non
2215 4670 2386 4741 refugi
2432 4675 2758 4729 annuntiare
2802 4678 3004 4745 populo
3047 4686 3170 4742 tuo,
3206 4675 3339 4733 velle
3368 4684 3425 4732 te

1859 4767 2199 4827 peccatorem
2221 4761 2537 4818 convertere
2563 4777 2616 4818 et
2639 4765 2813 4834 ipsum
2844 4782 3108 4836 quaerere.

1929 4967 2016 5023 27.
2053 4966 2118 5023 Et
2144 4967 2303 5022 ﬁdem
2326 4975 2472 5022 tuam
2503 4967 2867 5026 manifestavi.

1117 5366 1423 5428 Addenda
1474 5373 1534 5429 et
1571 5365 1948 5446 corrigenda
1980 5383 2059 5426 ex
2089 5364 2227 5426 cod.
2263 5360 2466 5423 Vatic.

235 5556 314 5699 (l)
340 5554 794 5626 Ὀλοκαύτωμα...
825 5556 932 5609 τῶν
967 5557 1250 5630 ἁμαρτιῶν
1278 5555 1452 5627 ἡμῶν.

259 5627 310 5699 ἓν
333 5627 598 5699 Tisam-
779 5695 789 5699 ,

238 5627 314 5699 (2)
333 5627 598 5688 Ἔδωκας.
1011 5627 1016 5628 ⁷
1092 5627 1102 5630 ⁷

238 5695 314 5766 (3)
352 5697 462 5752 Καὶ
491 5697 561 5752 τὰ
589 5695 986 5769 προστάγματα
1012 5713 1126 5754 σου.

1919 5551 1992 5620 (4)
2034 5551 2228 5604 Αὐτοῦ.

1919 5621 1995 5692 (5)
2026 5621 2173 5692 Iob;
2206 5617 2533 5692 ἀποστόλους
2558 5618 2704 5688 λέγει
2733 5618 2915 5692 πόιλιν,
2943 5627 3048 5692 etc.

1919 5689 1997 5762 (6)
2023 5690 2359 5761 ’Υπεστάλην
2397 5691 2472 5757 μὴ
2501 5690 2633 5746 ἂν...
2666 5689 2758 5744 καὶ
2786 5691 2884 5761 ζῇν
2909 5691 3096 5746 αὐτόν.
