3878 6218
420 310 524 367 807

1267 308 1323 362 S.
1365 305 1743 361 ATHANASII
1782 304 1932 361 OPP.
1976 304 2158 361 PARS
2197 303 2287 357 lll.
2331 334 2397 345 —
2438 301 2862 357 EXEGETlCA.

3597 301 3705 357 808

487 423 578 480 28.
614 422 697 478 Tu
729 431 907 478 autem
930 463 943 486 ,
977 422 1236 489 Domine,
1270 439 1338 479 ne
1370 425 1531 495 longe
1564 424 1738 479 facias
1770 424 2002 479 misera—
2031 428 2072 486 Α

2188 421 2266 474 28.
2301 420 2373 472 Σὺ
2417 419 2472 472 δὲ
2502 418 2697 489 Κύριε,
2736 416 2811 488 μὴ
2869 415 3153 489 μακρύνῃς
3204 418 3332 479 τοὺς
3381 416 3703 487 οἰκτιρμούς

423 513 603 566 tiones
631 520 753 565 tuas
790 528 819 565 a
852 528 937 563 me
966 529 978 563 :

493 602 586 657 29.
620 598 990 657 Misericordia
1017 611 1117 656 tua
1144 611 1197 656 et
1219 604 1423 660 veritas
1450 618 1541 659 tua
1572 620 1790 676 semper
1820 621 2012 662 susce-

423 704 623 764 perunt
646 709 733 746 me
766 692 1055 764 [suscipiat
1078 692 1215 764 me].

498 781 583 835 50.
625 780 894 847 Quoniam
927 782 1408 838 circumdederunt
1447 799 1535 838 me
1570 785 1747 853 mala,
1778 800 2014 855 quorum

426 887 535 926 non
560 881 643 927 est
678 889 942 928 numerus
970 892 984 939 ;

496 962 587 1015 5i.
621 962 1170 1033 Comprehenderunt
1194 979 1281 1019 me
1315 964 1635 1034 iniquitates
1652 983 1805 1033 meat,
1830 978 1884 1023 et
1906 985 2014 1026 non

433 1055 585 1123 potui
618 1066 678 1109 ut
705 1056 948 1110 viderem
984 1074 999 1110 :

501 1145 590 1199 52.
623 1145 997 1215 Multiplicataa
1038 1154 1165 1201 sunt
1197 1161 1363 1217 super
1395 1148 1622 1218 capillos
1654 1148 1845 1218 capitis
1886 1150 2013 1216 mei,

498 1326 586 1380 55.
620 1308 687 1378 Et
713 1341 808 1380 cor
839 1342 1018 1380 meum
1046 1327 1338 1397 dereliquit
1360 1344 1466 1381 me.

499 1419 591 1472 54.
631 1419 1003 1488 Complaceat,
1040 1418 1291 1483 Domine,
1328 1433 1566 1475 uteruas
1590 1438 1716 1476 me:

496 1507 587 1561 55.
630 1509 888 1576 Domine,
927 1511 992 1564 ad
1027 1511 1396 1579 adiuvandum
1428 1528 1515 1565 me
1549 1515 1773 1583 respice.

505 1600 596 1653 56.
639 1600 1054 1656 Confundantur
1080 1612 1132 1656 et
1168 1614 1521 1658 revereantur
1553 1606 1715 1659 simul
1747 1606 1840 1675 qui
1868 1622 2018 1676 qua:-

434 1701 563 1745 runt
586 1693 824 1745 animam
856 1709 1033 1746 meam
1057 1732 1071 1757 ,
1102 1702 1161 1747 ut
1183 1693 1435 1749 auferant
1458 1712 1599 1750 eam.

509 1874 599 1927 57.
636 1874 971 1929 Avertantur
992 1885 1293 1932 retrorsum
1320 1886 1374 1931 et
1398 1887 1770 1946 revereantur,
1800 1879 1892 1949 qui
1923 1895 2016 1935 vo-

434 1966 553 2019 lunt
584 1967 717 2019 mihi
753 1968 915 2021 mala.

503 2056 593 2110 58.
625 2057 822 2112 Ferant
844 2057 1133 2113 confestim
1167 2058 1552 2115 confusionem
1580 2074 1736 2115 suam
1759 2100 1773 2126 ,
1803 2062 1897 2132 qui
1928 2062 2015 2117 di-

435 2160 570 2203 cunt
606 2151 772 2203 mihi:
804 2166 961 2221 euge,
995 2167 1151 2220 euge.

504 2237 593 2295 59.
626 2239 916 2296 Exsuitent
967 2252 1021 2298 et
1047 2244 1299 2298 laetentur
1338 2260 1504 2315 super
1539 2254 1590 2300 te
1629 2260 1822 2301 omnes
1870 2262 2020 2316 qua)»

436 2340 616 2385 rentes
648 2342 721 2397 te,
766 2333 998 2388 Domine
1020 2376 1034 2401 ,
1742 2330 1745 2333 ’

501 2422 589 2475 40.
627 2422 694 2477 Ει
721 2425 904 2479 dicant
929 2441 1166 2496 semper,
1194 2426 1573 2497 magniﬁcetur
1608 2426 1872 2483 Dominus
1892 2466 1908 2492 ,

503 2619 592 2674 41.
627 2619 729 2687 Qui
758 2622 989 2694 diligunt
1013 2625 1257 2680 salutare
1297 2635 1450 2680 tuum
1474 2626 1657 2699 [tuum
1686 2628 1947 2700 semper].

500 2712 591 2766 42.
630 2713 743 2783 Ego
782 2728 961 2769 autem
992 2717 1278 2772 mendicus
1314 2732 1439 2772 sum
1483 2728 1537 2772 et
1570 2735 1797 2789 pauper,
1836 2718 2019 2773 Domi-

435 2819 542 2859 nus
568 2805 835 2861 sollicitus
861 2808 965 2860 erit
991 2808 1120 2861 mei.

506 2960 728 3031 (α)Ἐπ“ι
767 2963 851 3018 σοί
883 2964 1037 3020 deest
1076 2965 1130 3017 in
1163 2964 1289 3020 eod.

2116 530 2209 565 σου
2242 515 2334 565 ἀπ’
2358 512 2492 583 ἐμοῦ
2517 528 2530 542 ·

2184 603 2270 656 29.
2295 602 2366 653 Τὸ
2397 602 2545 664 ἔλεός
2579 619 2670 654 σου
2697 601 2792 655 καὶ
2821 602 2854 671 ἢ
2887 598 3114 667 ἀλήθειά
3143 617 3237 652 σου
3253 597 3547 662 διαπαντὸς
3574 598 3707 652 ἀντ-

2120 693 2376 745 ελὰϐοντό
2407 711 2509 761 μου
2552 691 2899 763 [ἀντελάϐετό
2928 690 3075 763 μου).

2185 784 2273 839 50.
2295 785 2415 836 Ὅτι
2448 784 2731 854 περιέσχον
2761 802 2829 855 με
2851 783 3017 847 κακὰ,
3036 777 3109 839 ὧν
3134 784 3234 838 οὐκ
3259 784 3407 839 ἔστιν
3429 785 3671 857 ἀριθμός
3691 802 3705 817 ·

2187 980 2277 1035 51.
2317 978 2631 1032 Κατέλαϐὀν
2664 996 2733 1049 με
2758 979 2815 1031 al
2842 977 3060 1048 ἀνομίαι
3096 994 3217 1048 μου,
3252 979 3346 1031 καὶ
3376 978 3476 1030 οὐκ
3508 978 3711 1048 ὴδυνη-

2118 1072 2217 1143 θην
2244 1071 2338 1123 τοῦ
2368 1071 2583 1139 βλέπειν
2601 1088 2613 1099 ο

2188 1162 2274 1216 52.
2297 1160 2747 1231 Ἐπληθύνθησαν
2783 1160 2924 1231 ὑπὲρ
2973 1160 3075 1225 τὰς
3116 1162 3307 1233 τρίχας
3329 1161 3431 1223 τῇς
3464 1160 3716 1232 κεφαλῆς

2116 1273 2245 1321 μου,

2188 1348 2274 1399 55.
2308 1346 2418 1398 Kai.
2442 1349 2474 1416 ἡ
2505 1346 2701 1416 καρδία
2738 1363 2839 1415 μου
2866 1345 3192 1415 ἐγκατέλιπε
3220 1362 3307 1415 με.

2190 1437 2279 1492 54.
2313 1438 2637 1506 Εὐδόκησον,
2666 1438 2859 1508 Κύριε,
2893 1438 2984 1490 τοῦ
3023 1436 3287 1507 ῥύσασθαί
3320 1454 3417 1508 με·

2189 1530 2277 1582 55.
2313 1528 2505 1598 Κύριε,
2538 1531 2618 1591 είς
2640 1529 2703 1581 τὸ
2736 1528 3000 1598 βοηθῆσαί
3034 1546 3123 1597 μοι
3155 1528 3409 1599 πρόσχες.

2191 1621 2279 1675 56.
2313 1620 2855 1689 Καταισχυνθείησαν
2882 1619 3324 1691 [αἰσχυνθείησαν
3349 1620 3367 1692 ]
3390 1623 3484 1674 καὶ
3516 1623 3721 1693 ἐντρα-

2122 1711 2356 1781 πείησαν
2402 1711 2517 1780 ἃμα
2560 1712 2608 1761 οἱ
2652 1708 2943 1779 ζητοῦντες
2993 1711 3091 1781 τὴν
3132 1710 3309 1781 ψυχήν
3337 1729 3461 1781 μου,
3491 1712 3591 1765 τοῦ
3624 1716 3723 1780 ἐξ-

2121 1804 2247 1872 ᾶραι
2278 1803 2466 1871 αὑτήν.

2187 1896 2274 1948 57.
2294 1897 2803 1967 Ἀποστραφείησαν
2827 1898 2907 1960 εἰς
2930 1896 2999 1949 τὰ
3027 1896 3221 1959 ὀπίσω,
3254 1898 3349 1950 καὶ
3380 1916 3725 1970 καταισχυν-

2116 1984 2338 2053 θείησαν
2370 1988 2418 2037 οί
2456 1986 2699 2049 Οέλοντές
2728 2005 2817 2054 μοι
2848 1987 3014 2039 κακά.

2185 2076 2274 2130 58.
2310 2077 2749 2148 Κομισάσθωσαν
2781 2080 3121 2149 παραχρῆμα
3154 2078 3415 2149 αἰσχύνην
3442 2076 3653 2143 αὐτῶν,
3675 2080 3726 2132 οἱ

2116 2169 2366 2238 λέγοντές
2399 2187 2508 2241 μοι·
2544 2167 2707 2235 Εὖγε,
2735 2167 2882 2238 εὖγε.

2191 2260 2277 2315 59.
2299 2260 2775 2329 Ἀγαλλιάσϐωσαν
2804 2264 2899 2315 καὶ
2919 2262 3379 2333 εὐφρανθήτωσαν
3401 2260 3499 2313 ὲπ).
3528 2262 3616 2314 σοὶ
3641 2260 3725 2332 (α)

2119 2354 2319 2417 πάντες
2347 2356 2394 2408 οί
2429 2353 2719 2422 ζητοῦντές
2750 2373 2831 2418 σε,
2866 2356 3062 2425 Κύριε,

2190 2445 2278 2497 40.
2316 2446 2425 2497 Καὶ
2452 2446 2762 2498 εἰπάτωσαν
2786 2446 3097 2512 διαπαντὸς,
3134 2447 3528 2518 μεγαλυνθήτω
3550 2448 3579 2498 ὁ
3600 2442 3723 2497 Κύ-

2124 2552 2261 2606 ριος,

2191 2628 2281 2681 41.
2304 2630 2376 2709 .οἱ
2393 2630 2714 2698 ἀγαπῶντες
2732 2632 2793 2684 τὸ
2821 2632 3089 2705 σωτήριόν
3117 2650 3209 2685 σου
3235 2631 3356 2703 [σου
3372 2630 3718 2703 διαπαντός].

2196 2720 2287 2774 42.
2308 2720 2451 2790 Ἐγὼ
2480 2722 2536 2775 δὲ
2566 2723 2779 2794 πτωχός
2825 2726 2939 2795 είμι
2984 2725 3077 2778 καὶ
3106 2724 3295 2795 πένης,
3322 2721 3528 2793 Κύριος
3556 2735 3726 2791 φρον-

2126 2829 2231 2863 τιει
2264 2830 2353 2883 με.

1570 3124 1945 3183 ᾹΤΗΑΝΑΞΙΙ
1982 3125 2576 3183 lNTERPRETATlO.

506 3284 599 3341 28.
630 3284 834 3341 Deinde
862 3301 958 3355 qui
994 3284 1340 3339 crediderunt
1369 3284 1560 3340 dicunt
1595 3285 1827 3341 Domino
1859 3305 1873 3341 :

508 3479 599 3535 29.
627 3480 799 3563 Filius
822 3489 949 3535 tuus
971 3489 1027 3535 et
1049 3489 1276 3537 sanctus
1316 3490 1446 3538 tuus
1490 3481 1732 3553 Spiritus
1763 3499 2018 3555 suscepe-

439 3586 570 3633 runt
606 3592 690 3631 me
720 3592 956 3645 semper.

513 3668 603 3724 50.
637 3666 885 3732 Peccata,
920 3666 1119 3735 inquit.

506 3762 596 3817 51.
640 3759 944 3813 Dominalae
972 3770 1096 3812 sunt
1124 3759 1257 3813 mihi
1280 3757 1600 3829 iniquitates
1623 3773 1760 3814 meae
1784 3769 1838 3814 et
1858 3760 2025 3816 hebe-

440 3864 627 3910 tarunt
657 3856 847 3909 oculos
885 3854 1068 3908 cordis
1094 3853 1222 3907 mei.

509 3947 598 4001 52.
632 3945 739 3999 Pro
781 3945 1325 4007 immensuraliiliter,
1358 3953 1413 3997 et
1442 3944 1916 4014 investigaliiliter.

506 4038 597 4090 55.
630 4036 697 4090 Et
723 4036 940 4090 demum
968 4035 1148 4091 factus
1173 4050 1294 4089 sum
1335 4045 1599 4103 tanquam
1634 4036 1921 4106 insipiens.

510 4129 600 4182 54.
633 4128 827 4183 Libera
860 4144 947 4181 me
977 4128 1154 4198 gratia
1186 4136 1302 4193 tua,
1333 4128 1582 4183 Domine.

514 4220 605 4273 55.
640 4219 719 4274 Ad
760 4234 847 4272 me
881 4218 1199 4287 erigendum
1233 4217 1457 4273 festina.

516 4310 608 4365 56.
649 4310 956 4364 Contraria:
985 4317 1305 4377 potestates.

514 4404 607 4459 57.
643 4402 905 4457 Similiter
944 4401 1235 4456 contrariae
1276 4409 1607 4471 potestates,
1652 4410 1703 4456 te
1726 4416 1818 4457 eas
1845 4416 2029 4472 perse-

444 4504 666 4567 quente,
712 4500 1049 4548 avertantur.

515 4585 606 4641 58.
644 4583 711 4637 Et
731 4583 825 4653 qui
853 4582 1047 4635 volunt
1072 4581 1286 4634 ruinam
1314 4595 1516 4647 meam,
1543 4580 1787 4637 videntes
1808 4596 1894 4637 me
1921 4598 1952 4639 a
1978 4592 2030 4639 te

446 4677 715 4748 adjuvari,
746 4676 929 4730 statim
953 4674 1232 4742 accipiant
1262 4672 1674 4727 confusionem.

517 4769 603 4823 59.
638 4768 706 4821 Et
738 4767 912 4823 sancti
937 4768 1018 4821 tui
1048 4765 1433 4835 glorificabunt
1477 4774 1530 4819 te
1568 4764 1834 4833 videntes,
1877 4767 2024 4836 quod

446 4860 763 4918 convertisti
788 4874 892 4914 me.

513 4951 603 5005 40.
635 4949 703 5003 Ει
728 4948 1099 5003 indesinenter
1126 4948 1447 5002 exaltabunt
1473 4954 1544 5002 te.

519 5041 611 5095 41.
645 5040 941 5109 Diligentes
968 5053 1188 5093 crucem
1218 5047 1394 5093 tuam.

517 5133 608 5188 42.
642 5132 753 5202 Ego
781 5141 962 5185 autem
986 5129 1230 5199 humilis,
1258 5139 1313 5186 et
1339 5128 1509 5186 miser
1532 5144 1677 5198 sum,
1708 5128 1805 5187 sed
1833 5127 2026 5185 Domi-

448 5241 555 5280 nus
585 5238 768 5279 curam
792 5222 895 5276 mei
932 5230 1100 5292 geret.

2044 3294 2088 3352 α
2197 3287 2286 3343 28.
2324 3288 2521 3341 Λοιπὸν
2554 3287 2602 3338 οἱ
2636 3288 3062 3352 πεπιστευκότες
3083 3287 3299 3357 λέγουσι
3325 3288 3462 3361 πρὸς
3483 3288 3577 3344 τὸν
3603 3288 3729 3344 Κύ-

2127 3399 2240 3451 ριον
2274 3381 2371 3450 (1).

2194 3472 2281 3526 29.
2317 3473 2374 3523 '0
2405 3472 2524 3534 Υἱός
2556 3488 2672 3534 σου,
2701 3472 2795 3524 καὶ
2825 3472 2887 3525 τὸ
2923 3471 3151 3542 Πνεῢμά
3194 3489 3289 3525 σου
3323 3472 3385 3525 τὺ
3414 3473 3570 3542 ἀγιον
3596 3475 3735 3528 ἀντ-

2125 3563 2378 3615 ελάὅοντό
2412 3562 2485 3631 (2)
2521 3579 2621 3632 μου
2664 3562 2915 3615 πάντοτε.

2193 3654 2283 3707 50.
2320 3656 2383 3706 Αἱ
2411 3655 2675 3724 ἁμαρτίαι
2703 3656 2798 3725 (5),
2830 3654 3000 3721 λέγει.

2194 3747 2281 3799 51.
2319 3747 2763 3817 Κατεκυρίευσάν
2797 3765 2862 3817 με
2890 3748 2943 3799 ai
2972 3747 3193 3818 ἀνομίαι
3220 3764 3344 3817 μου,
3379 3745 3482 3800 καὶ
3500 3746 3732 3818 ἧμὸλυ-

2124 3852 2221 3889 ναν
2249 3837 2372 3899 τοὺς
2398 3836 2710 3907 ὀφθαλμοὺς
2743 3838 2845 3906 τῆς
2880 3839 3107 3908 καρδίας
3140 3856 3264 3908 μου.

2194 3927 2282 3981 52.
2306 3928 2454 3981 Ἀντὶ
2491 3929 2564 3999 (4)
2603 3928 2698 3981 τοῦ
2719 3945 2733 3958 ·
2762 3931 3106 4000 ἀμετρήτως,
3135 3931 3229 3983 καὶ
3265 3930 3726 4001 ἀνεξιχνιάστως.

2197 4019 2283 4072 55.
2326 4020 2435 4071 Καὶ
2463 4020 2537 4081 ὡς
2571 4021 2730 4083 ἄνους
2760 4021 3030 4090 ἐγενόμην
3056 4021 3259 4076 λοιπόν.

2196 4110 2284 4164 54.
2306 4112 2697 4183 Ἐλευθέρωσόν
2728 4130 2793 4183 με
2822 4114 2910 4167 διὰ
2942 4115 3042 4184 τῆς
3073 4114 3172 4186 σῆς
3197 4115 3443 4185 χάριτος,
3476 4115 3679 4186 Κύριε.

2198 4205 2288 4258 55.
2330 4203 2424 4267 Είς
2450 4206 2508 4257 τὸ
2533 4206 2834 4275 ἀναστῆσαί
2869 4205 2944 4277 (5)
2974 4224 3040 4276 με
3062 4207 3317 4261 σπεῦσον.

2199 4296 2289 4350 56.
2332 4298 2399 4347 Ai
2435 4298 2674 4351 ἐναντίαι
2712 4297 2987 4367 δυνάμεις.

2199 4388 2290 4443 57.
2317 4389 2547 4458 Ὁμοίως
2586 4390 2640 4441 ai
2682 4390 2920 4443 ἐναντίαι
2947 4390 3203 4460 δυνάμεις
3234 4390 3555 4461 διωκόμεναι
3608 4394 3728 4448 ὑπὸ

2133 4481 2226 4535 σοῦ
2257 4482 2429 4534 ἀποστ
2439 4480 2757 4551 ραφείησαν.

2201 4573 2289 4628 58.
2318 4574 2429 4626 Καὶ
2456 4575 2506 4625 οἱ
2536 4573 2778 4638 θέλοντες
2810 4576 2907 4645 τὴν
2954 4576 3161 4629 πτῶσίν
3203 4594 3322 4647 μου,
3371 4578 3601 4648 ὁρῶντές
3648 4598 3728 4649 με

2134 4665 2494 4737 βοηθούμενον
2520 4667 2624 4719 ὑπὸ
2657 4666 2773 4732 σοῦ,
2806 4668 3008 4731 εὐθέως
3040 4669 3277 4722 λάϐωσιν
3303 4669 3582 4739 αἰσχύνην.

2203 4760 2291 4815 59.
2319 4761 2430 4812 Καὶ
2472 4760 2523 4810 οἱ
2569 4758 2714 4828 ἆγιοί
2760 4776 2851 4811 σου
2895 4759 3176 4825 δοξάσουσί
3227 4776 3285 4812 σε
3326 4759 3581 4831 ὁρῶντες,
3630 4763 3724 4816 ὅτι

2133 4849 2475 4920 ὲπέστρεψάς
2518 4866 2606 4919 με.

2203 4943 2292 4998 40.
2329 4944 2437 4997 Καὶ
2470 4941 2828 5005 ἀδιαλείπτως
2859 4941 3142 5005 δοξάσουσί
3163 4960 3243 4998 σε.

2204 5035 2295 5089 41.
2331 5036 2393 5087 Οἱ
2420 5032 2740 5102 ἀγαπῶντες
2769 5034 2861 5085 τὸν
2891 5034 3120 5105 σταυρόν
3152 5051 3267 5088 σου.

2201 5127 2290 5181 42.
2311 5126 2451 5195 Ἐγὼ
2480 5126 2538 5180 δὲ
2567 5125 2821 5188 ταπεινός
2846 5127 2981 5197 είμι,
3010 5125 3126 5179 ἀλλ’
3157 5129 3188 5180 ὁ
3221 5124 3423 5198 Κύριος
3456 5126 3719 5199 πρόνοιάν

2137 5237 2238 5292 μου
2264 5221 2515 5274 ποιεῖται.

1398 5378 1704 5443 Addenda
1738 5385 1799 5443 et
1828 5379 2205 5461 corrigenda
2263 5397 2339 5440 ex
2373 5378 2510 5439 cod.
2549 5377 2752 5438 Vatic.

523 5556 600 5627 (ι)
640 5556 792 5627 sed»

523 5625 601 5698 (2)
627 5625 971 5698 ’Λντελάβετὸ
996 5643 1098 5697 μου
1132 5626 1439 5691 διαπαντός.

524 5631 602 5763 (2)
627 5631 971 5680 ’Δντελάϐετό
996 5643 1075 5697 μοι

524 5700 579 5762 (5
624 5697 922 5765 ’Δμαρτίας
951 5715 1075 5766 μου.

2211 5548 2282 5626 (ξ)
2306 5548 2745 5626 ζΕπληθρνθησαν
2776 5550 2883 5623 γὰρ
2911 5554 3106 5626 ἀμετρ.

2209 5619 2285 5694 (5‘)
2310 5619 2638 5691 Ἀναστῆσαί
2658 5639 2775 5675 αου.
