3878 6218
219 270 348 327 809
1159 278 1251 334 DE
1284 277 1562 337 TITULIS
1595 278 2052 338 PSALMORUM.
2089 312 2149 323 -
2192 280 2389 336 PSAL.
2434 282 2549 338 XL.
3383 281 3416 338 8
3439 283 3495 337 ltl

297 393 387 445 45.
426 394 627 465 Βοηθὸς
651 416 753 469 μου
785 400 877 453 καί
913 400 1293 472 ὑπεράπιστής
1336 420 1438 473 μου
1468 399 1520 456 εἴ
1548 404 1611 456 σὺ
1638 403 1739 474 (a),
1785 404 1813 456 6

1983 405 2070 459 1⁵5.
2101 404 2331 475 Adjutor
2370 422 2525 461 meus
2555 415 2607 461 et
2648 414 2923 477 protector
2957 420 3111 461 meus
3141 420 3200 460 es
3231 413 3313 461 tu.
3349 401 3491 458 Deus

220 482 361 547 θεός
394 485 466 557 (ὁ)
498 506 619 558 μου,
666 491 740 562 μὴ
768 494 1042 563 χρονίσῃς.

998 510 1042 556 ς.
1917 513 2093 562 meus,
2120 514 2187 552 ne
2209 499 2529 554 tardaverisl

327 623 434 687 Εἰς
459 623 524 675 τὸ
552 625 748 692 τέλος,
774 628 1019 696 ψαλμὸς
1040 628 1121 694 τῷ
1147 630 1343 685 Δαϐἰδ.
1391 633 1566 685 ΨΑΛ.
1600 631 1672 686 M'
1685 674 1697 687 .

2115 633 2181 689 In
2220 638 2378 706 ﬁnem
2420 638 2655 707 psalmus
2700 636 2892 691 David.
2964 636 3169 691 PSAL.
3199 634 3317 689 XL.

304 732 353 784 Ι.
396 736 679 807 Μακάριος
704 740 733 791 6
770 737 965 792 συνιὼν
989 741 1081 793 ἐπὶ
1107 743 1321 812 πτωχὸν
1353 744 1445 796 καὶ
1473 744 1700 815 πένητα⁹

1990 755 2039 806 1.
2072 752 2271 807 Beatus
2284 755 2376 823 qui
2398 754 2645 824 intelligit
2662 769 2826 822 super
2841 767 3068 822 egenum
3089 760 3141 804 et
3158 762 3486 820 pauperem:

297 826 357 881 2.
375 828 467 879 Ἐν
492 829 672 900 ἡμέρᾳ
695 830 915 902 ῥύσεται
944 834 1105 887 αὐτὸν
1133 838 1160 889 6
1190 836 1415 908 Κύριος.

1986 847 2039 899 2.
2074 845 2145 902 In,
2169 846 2259 899 die
2286 846 2429 900 mala
2455 845 2707 899 liberabit
2733 860 2856 898 eum
2888 843 3173 897 Dominus.

297 917 351 969 5.
395 918 599 989 Κύριος
629 921 952 990 διαφυλάξαι
982 925 1164 990 αὐτὸν,
1195 928 1290 980 καὶ
1324 928 1486 1000 ζήσαι
1513 930 1695 996 αὐτὸν,
1715 934 1809 987 καὶ

1986 938 2039 991 5.
2074 938 2338 992 Dominus
2380 946 2662 992 conservet
2695 951 2818 991 eum
2844 976 2859 1001 ,
2905 946 2958 991 et
2998 935 3232 990 vivilicet
3256 950 3404 997 eum,
3434 942 3489 987 et

225 1009 535 1080 μακαρίσαι
564 1012 725 1067 αὐτὸν
751 1016 808 1065 ὲν
831 1019 895 1086 τῇ
925 1018 1019 1086 γῇ,

1916 1031 2134 1083 beatum
2166 1028 2333 1083 faciat
2364 1044 2487 1082 cum
2514 1028 2566 1081 in
2597 1038 2739 1083 terra
2772 1046 2783 1081 :

294 1100 350 1153 4.
393 1102 503 1153 Καὶ
528 1103 601 1173 μὴ
625 1105 860 1175 ,παραδῷ
886 1107 1049 1161 αὐτὸν
1073 1110 1151 1172 εἰς
1176 1113 1362 1182 χεῖρας
1388 1112 1595 1183 ἐχθρῶν
1618 1116 1807 1169 αὐτοῦ.

1988 1121 2042 1174 4.
2075 1120 2138 1174 Ει
2166 1137 2273 1175 non
2305 1122 2482 1175 tradat
2507 1137 2629 1175 eum
2659 1122 2712 1174 in
2744 1136 2937 1175 manus
2962 1120 3311 1174 inimicorum
3341 1119 3480 1187 ejus.

296 1189 351 1244 5.
394 1192 599 1263 Κύριος
621 1193 883 1266 βοηθῆσαι
905 1198 1053 1270 αὐτῷ
1073 1200 1164 1251 ἐπὶ
1192 1202 1379 1272 κλίνης
1411 1202 1601 1275 ὀδύνης
1618 1204 1804 1259 αὐτοῦ.

1986 1211 2039 1266 5.
2074 1211 2338 1266 Dominus
2374 1226 2532 1281 opem
2570 1210 2708 1264 ierat
2739 1210 2812 1264 illi
2845 1224 3009 1280 super
3041 1210 3239 1264 lectum
3281 1208 3485 1262 doloris

1914 1319 2076 1358 CIUS:

296 1361 351 1415 6.
370 1362 537 1435 Ὅλην
570 1364 667 1436 τὴν
695 1366 882 1439 κοίτην
927 1371 1093 1424 αὐτοῦ
1122 1371 1391 1444 ἕστρεψας
1434 1377 1492 1429 ἐν
1522 1380 1590 1449 τῇ
1636 1379 1751 1450 ἀρρι

220 1454 353 1506 στί]⁵
379 1455 563 1508 αὑτοῦ.

1955 1321 2034 1371 |us
2062 1323 2076 1358 :

1981 1398 2033 1451 6.
2068 1396 2395 1453 Universum
2424 1405 2653 1452 stratum
2679 1410 2799 1465 ejus
2826 1394 3059 1449 versasti
3086 1393 3138 1446 in
3168 1391 3486 1447 infirmitate

297 1510 352 1600 7..
398 1547 539 1614 Ἐγὼ
573 1545 723 1604 εἴπαο
746 1551 946 1623 Κύριε,
981 1554 1199 1626 ἐλέησόν
1225 1574 1311 1627 με·

1914 1506 2054 1561 (ηαδ.

1990 1584 2037 1636 7.
2077 1582 2187 1652 Ego
2210 1582 2317 1635 dixi
2352 1600 2366 1636 :
2406 1580 2656 1643 Domine,
2694 1578 2952 1632 miserere
2983 1577 3088 1630 mei
3118 1595 3132 1630 :

293 1638 352 1739 ἓ.
394 1637 569 1693 Ἰασαι
597 1642 693 1713 τὴν
724 1642 900 1739 ψυχήν
930 1662 1051 1714 μου,
1080 1648 1161 1699 ὄτι
1188 1648 1432 1720 ἦμαρτόν
1468 1668 1570 1704 σοι.

1986 1674 2039 1728 8.
2079 1673 2221 1728 Sana
2251 1674 2485 1726 animam
2519 1686 2718 1734 meam,
2750 1670 2878 1739 quia
2912 1670 3127 1737 peccavi
3163 1667 3278 1721 tibi.

298 1729 352 1783 9.
379 1731 440 1783 Οἱ
463 1732 645 1803 ἐχθροί
673 1750 772 1803 μου
792 1730 946 1788 εἷπον
975 1738 1121 1790 κακά
1167 1755 1275 1808 μοι’

1834 1770 1876 1823 Β
1978 1762 2031 1816 9.
2076 1762 2286 1815 Inimici
2313 1762 2419 1814 mei
2453 1761 2709 1814 dixerunt
2742 1729 2881 1812 mala
2910 1729 3090 1810 inihi:

295 1819 389 1875 10.
434 1822 574 1875 Πότε
621 1824 992 1890 ἀποθανεῖται,
1054 1828 1148 1880 καὶ
1201 1828 1479 1884 ἀπολεῖται
1532 1832 1592 1884 τὸ
1631 1833 1804 1905 ὄνομα

1848 1819 1871 1823 -
1981 1852 2066 1906 10.
2103 1852 2334 1918 Quando
2360 1851 2647 1913 morietur,
2673 1858 2724 1904 et
2754 1849 2950 1919 peribit
2982 1862 3181 1902 nomen
3219 1845 3379 1916 ejus?

221 1928 395 1965 αυτ-ου
419 1929 435 1979 ;

300 2005 387 2057 11.
418 2008 527 2060 Καὶ
558 2009 937 2081 εἰσεπορεύετο
964 2011 1056 2066 τοῦ
1088 2013 1235 2077 ἰδεῖν,
1266 2016 1442 2087 μάτην
1468 2017 1645 2070 ἐλάλει
1669 2018 1739 2090 (c)
1770 2021 1803 2090 ἠ

1983 2012 2071 2066 11.
2102 2010 2167 2065 Et
2205 2010 2606 2082 ingrediebatur
2635 2017 2696 2063 ut
2724 2008 2964 2070 videret,
2995 2020 3131 2059 vana
3160 2003 3484 2074 loquebatur

220 2096 424 2166 καρδία
450 2100 638 2164 αὐτοῦ,

1913 2123 2006 2162 cor
2037 2106 2153 2175 ejus
2175 2144 2190 2170 ,

299 2188 388 2241 12.
430 2190 744 2262 Συνήγαγεν
776 2194 1004 2265 ἀνομίαν
1028 2197 1207 2268 ἐαυτῷ
1227 2219 1240 2231 ο

1983 2197 2069 2250 12.
2106 2194 2471 2265 Cougregavit
2500 2192 2839 2262 iniquitatem
2871 2190 2973 2245 sibi
3006 2231 3018 2244 .

298 2280 387 2335 15.
434 2282 812 2355 Ἐξεπορεύετο
837 2286 960 2351 ἔξω,
990 2289 1083 2341 καὶ
1116 2288 1291 2344 ἐλάλει
1316 2291 1405 2344 ἐπὶ
1432 2293 1492 2345 τὸ
1521 2292 1669 2347 αὐτό.

1986 2290 2071 2343 15.
2105 2288 2491 2359 Egrediebatur
2515 2284 2683 2349 foras,
2709 2293 2762 2339 et
2790 2283 3117 2353 loquebatur
3137 2279 3189 2333 in
3217 2277 3476 2348 idipsum.

301 2374 379 2439 (α)
419 2373 494 2429 El
521 2379 603 2431 σύ
631 2378 783 2433 deest
811 2381 863 2434 in
893 2383 1012 2437 cod.

299 2444 373 2521 (ὁ)
396 2444 680 2521 ,γη-44,ζο
708 2450 842 2513 Θεός
874 2470 997 2521 μου,
1027 2463 1133 2510 etc.

289 2519 367 2584 (ι)
396 2515 458 2569 ν.
488 2517 575 2584 12,
621 2519 683 2571 Ἡ
714 2515 926 2591 καρδία,
953 2532 1081 2590 etc.,
1108 2525 1168 2580 τὺ
1214 2526 1408 2598 ἐαυτῷ.
1441 2526 1504 2581 V.
1536 2527 1622 2593 15,
1664 2526 1784 2581 Ἐπὶ

1046 2564 1081 2590 .,
1108 2525 1168 2580 τὸ
1214 2526 1408 2598 ἐαυτῷ.
1441 2526 1504 2581 ν.
1536 2527 1622 2593 15,
1664 2526 1784 2581 Ἐπὶ
1822 2528 1973 2593 αὑτό,
2006 2535 2133 2590 etc.,
2166 2525 2213 2577 οἱ
2236 2521 2419 2594 ἐχθροί
2456 2536 2577 2592 μου.

1348 2638 1725 2695 ATHANASH
1762 2634 2357 2695 INTERPBETATIO.

294 2745 384 2798 45.
427 2747 690 2819 Πολεμεῖς
718 2752 829 2814 τοῖς
854 2752 1146 2824 πολεμοῦσί
1182 2774 1277 2827 με,
1327 2758 1421 2811 καὶ
1463 2758 1685 2821 σκέπεις
1732 2756 1807 2829 (1)

1980 2757 2068 2811 45.
2107 2757 2398 2825 lmpugnas
2449 2752 2829 2821 impugnantes
2877 2764 2986 2812 me,
3034 2757 3089 2803 et
3132 2747 3372 2818 protegis
3411 2747 3479 2802 ab

218 2831 335 2886 ἀπὸ
382 2835 489 2888 τῶν
529 2838 917 2910 ἀντικειμένων
955 2860 1065 2913 μοι,
1093 2846 1122 2897 6
1151 2844 1284 2908 Θεός
1320 2846 1397 2917 (2)
1437 2863 1561 2917 μου,
1596 2848 1675 2919 μὴ
1713 2847 1749 2899 ἐι

1949 2846 2328 2902 dversautibus
2347 2844 2479 2897 mihi
2504 2862 2516 2896 :
2540 2842 2680 2897 Deus
2707 2857 2882 2905 meus,
2916 2856 2984 2895 ne
3004 2840 3347 2910 derelinquas
3372 2856 3477 2895 me.

225 2941 327 2995 στις
361 2944 451 2996 μευ

306 3021 369 3073 Ἠ
400 3039 735 3095 προκειμενη
770 3025 1046 3097 ἐπιγραφὴ
1077 3028 1321 3099 περιέχει
1353 3026 1427 3099 (5)
1453 3044 1466 3058 ⁸
1496 3029 1596 3094 Et;
1640 3027 1708 3080 τὸ
1741 3026 1936 3088 τέλος,
1968 3020 2210 3090 ψαλμὸς
2238 3018 2319 3084 τῷ
2371 3017 2563 3075 Δαϐίδ.
2594 3016 2763 3070 Τοῦτο
2793 3012 2884 3070 οὖν
2924 3016 3092 3087 λέγει,
3116 3018 3197 3069 ὅτι
3227 3017 3354 3087 περὶ
3382 3017 3481 3086 τῆς

224 3108 525 3181 μελλούσης
552 3115 804 3184 κρίσεως,
836 3116 930 3169 καὶ
952 3111 1026 3171 ὧν
1056 3118 1239 3187 μέλλει
1267 3120 1495 3190 πάσχειν
1522 3121 1610 3172 ἐπ’
1635 3119 1876 3189 ἐσχάτων
1894 3119 1968 3190 (4)
1986 3118 2091 3171 τῶν
2118 3114 2341 3187 ἡμερῶν
2367 3116 2395 3167 6
2431 3111 2736 3183 Ἀγαπητδς
2762 3110 2853 3164 τοῦ
2886 3112 3121 3183 Πατρὸς,
3150 3112 3424 3165 τουτέστιν
3452 3113 3482 3164 6

221 3200 448 3270 Κύριος.
482 3202 651 3257 Τοῦτο
685 3204 791 3276 γὰρ
818 3207 1178 3278 ἑρμηνεύεται
1204 3210 1389 3273 Δαὸὶδ,
1425 3206 1605 3276 οὗτος
1641 3211 1966 3279 ἀγαπητός.

293 3291 521 3379 Titulus
556 3296 875 3363 praepositus
918 3298 1205 3353 continet:
1242 3297 1308 3351 In
1352 3300 1508 3368 ﬁnem
1552 3300 1787 3368 psalmus
1830 3299 2023 3353 David.
2090 3298 2204 3354 Hoc
2256 3296 2419 3368 igitur
2464 3297 2753 3368 signiﬁcat,
2803 3298 2946 3368 quod
2999 3297 3241 3367 psalmus
3300 3296 3481 3353 dictus

218 3397 306 3442 est
340 3377 419 3442 de.
442 3377 623 3443 futuro
656 3390 885 3458 judicio,
919 3402 974 3447 et
1017 3394 1086 3449 de
1128 3395 1197 3449 iis
1246 3410 1369 3465 quae
1412 3410 1679 3465 passurus
1712 3405 1795 3450 est
1830 3396 2037 3450 ultimis
2084 3395 2278 3449 diebus
2312 3392 2554 3449 Dilectus
2581 3393 2778 3456 Patris,
2817 3393 2920 3447 hoc
2953 3403 3037 3447 est
3071 3391 3368 3457 Dominus;
3405 3391 3481 3445 ita

216 3482 368 3538 enim
397 3483 785 3553 interpretatur
806 3483 997 3549 David,
1029 3485 1113 3538 hic
1136 3485 1383 3540 dilectus.

292 3579 345 3631 1.
403 3578 693 3647 Μακάριοι
744 3582 797 3633 οἱ
833 3578 1177 3649 ἐλεήμονες,
1219 3580 1309 3634 ὅτι
1352 3580 1520 3635 αὐτοὶ
1552 3579 1804 3648 ἐλεηθή-

1980 3580 2031 3633 1.
2066 3578 2221 3633 Beati
2272 3579 2673 3642 misericordes,
2721 3578 2970 3647 quoniam
3027 3577 3128 3647 ipsi
3176 3577 3476 3632 misericor-

217 3686 454 3725 σονται.

1901 3670 2046 3723 diam
2075 3679 2452 3739 consequentur
2468 3669 2539 3723 θ’.

291 3761 348 3815 2.
405 3760 496 3813 Ἐν
544 3762 609 3831 τῇ
654 3760 837 3831 ἡμέρᾳ
889 3760 988 3831 τῆς
1039 3761 1305 3832 κρίσεως,
1352 3762 1521 3830 λέγει,
1579 3760 1799 3831 ῥύσεται

1969 3762 2024 3815 2.
2053 3760 2109 3814 In
2136 3761 2223 3815 die
2244 3761 2456 3830 judicii,
2492 3760 2693 3829 inquit,
2718 3760 2973 3815 liberabit
3001 3775 3126 3815 eum
3157 3760 3428 3815 Dominus
3458 3781 3468 3814 :

219 3852 384 3905 αὐτὸν
412 3852 439 3903 6
465 3849 690 3921 Κύριος.
710 3849 1167 3919 Κατακαυχᾶται
1194 3850 1302 3923 γὰρ
1325 3851 1498 3917 ἕλεος
1523 3852 1750 3918 κρίσεως

1940 3852 2175 3906 Moriatur
2228 3852 2376 3908 enim
2450 3854 2817 3906 misericordia
2890 3852 3138 3907 adversus
3187 3853 3471 3922 judicium,

220 3942 412 4007 καθὼς
446 3943 520 4013 (5)
549 3942 883 4014 γέγραπται.

1900 3944 2359 4012 quemadmodum
2384 3942 2646 4010 scriptum
2673 3952 2757 3997 est
2785 3944 2849 3997 ⁶¹.

287 4036 341 4089 5.
375 4035 464 4088 Ἐν
495 4033 573 4103 τῷ
604 4032 849 4102 μέλλοντι
892 4031 1047 4088 αἰῶνι
1084 4033 1387 4105 ῥυσάμενος
1412 4033 1575 4086 αὐτὸν
1605 4035 1670 4084 ἐκ
1697 4033 1798 4103 τῆς

1973 4034 2025 4086 5.
2060 4033 2119 4086 In
2144 4033 2331 4088 futuro
2353 4033 2553 4088 saeculo
2580 4032 2821 4087 liberans
2852 4047 2977 4087 eum
3013 4031 3081 4086 ab
3113 4039 3321 4087 aeterno
3346 4047 3474 4101 sup-

216 4124 438 4181 αίωνίου
467 4123 759 4185 κολάσεως.

551 4123 759 4185 ιάσεως.
1900 4125 2082 4194 plicio.

269 4217 497 4281 4,5.Ka2
513 4215 597 4286 μὴ
618 4212 860 4283 παραδῷ
873 4214 1060 4269 αὑτὸν
1068 4215 1188 4276 ταῖς
1203 4214 1497 4285 ἁμαρτίαις
1514 4212 1677 4266 αὐτοῦ
1700 4211 1795 4283 (6).

1623 4212 1677 4265 οὗ
1700 4211 1795 4283 (6).
1970 4216 2035 4282 4,
2073 4217 2125 4271 5.
2155 4215 2228 4269 Et
2261 4231 2364 4270 non
2398 4214 2578 4269 tradat
2612 4231 2727 4269 eum
2754 4215 2990 4285 peccatis
3020 4216 3154 4271 suis.

282 4310 338 4363 6.
374 4309 564 4369 Πάσας
588 4307 687 4370 τὰς
717 4306 992 4377 ἁμαρτίας
1018 4304 1183 4358 αὐτοῦ
1209 4305 1536 4377 ἀπέρριψας.

1462 4323 1536 4369 κς.
1972 4309 2026 4361 6.
2064 4306 2259 4362 Omnia
2296 4315 2517 4376 peccata
2545 4306 2664 4376 ejus
2697 4306 2993 4377 projecisti.

283 4402 341 4466 7,
373 4400 426 4454 8.
456 4399 639 4453 Ταῦτα
664 4398 743 4469 τῷ
765 4398 953 4470 Κυρίῳ
979 4397 1123 4465 λέγει
1148 4400 1175 4449 ὁ
1202 4396 1557 4468 ἡμαρτηκὼς.

1478 4396 1557 4459 ὗς.
1971 4399 2004 4451 7
2024 4440 2039 4465 ,
2076 4399 2128 4452 8.
2165 4398 2291 4454 Haec
2314 4397 2546 4452 Domino
2571 4397 2704 4452 dicit
2734 4406 3009 4467 peccator.

283 4495 337 4548 9.
374 4492 507 4547 Εἶτα
542 4492 862 4564 μετέρχεται
883 4493 962 4554 εἰς
982 4490 1109 4554 τοὺς
1148 4488 1455 4552 Ἰουδαίους.

1413 4506 1455 4552 ς.
1968 4490 2021 4545 9.
2054 4489 2258 4544 Deinde
2286 4489 2580 4559 pertransit
2606 4490 2672 4543 ad
2706 4488 2944 4543 Judieos.

281 4585 371 4639 10.
407 4582 591 4635 Ταῦτα
624 4582 808 4649 ἔλεγον
831 4583 912 4643 εἰς
941 4581 1165 4643 ἑαυτοὺς
1194 4581 1242 4631 οἱ
1285 4578 1526 4631 Ἰουδαῖοι
1553 4575 1630 4646 (7)
1661 4594 1797 4647 συμ-

1970 4581 2057 4637 10.
2094 4580 2219 4637 Haec
2247 4582 2501 4635 dicebant
2522 4582 2667 4635 intra
2693 4597 2750 4636 se
2776 4582 2879 4650 ipsi
2907 4579 3080 4636 Judaei
3105 4577 3466 4635 deliberantes

210 4676 435 4730 ϐουλευό
442 4694 591 4746 μενοι
617 4675 822 4728 ἀνελεῖν
843 4673 1023 4727 αὐτόν.

843 4673 1023 4727 αὐτόν.
1898 4687 2022 4727 eum
2053 4674 2373 4727 interﬁcere.

284 4770 373 4822 11.
409 4769 545 4840 Περ)¹
594 4768 689 4821 τοῦ
736 4766 902 4820 Ἰούδα
956 4766 1125 4835 λέγει,
1153 4766 1235 4819 ὅτι
1265 4762 1452 4826 δολίως
1513 4761 1690 4817 ἐλάλει
1718 4762 1795 4832 τῷ

1971 4764 2057 4822 11.
2091 4764 2165 4819 De
2216 4762 2354 4819 Juda
2408 4762 2668 4834 loquitur,
2720 4763 2867 4833 quod
2910 4763 3099 4818 dolose
3144 4761 3466 4832 loquebatur

212 4860 424 4930 Κυρίῳ.

1898 4856 2127 4911 Domino
2154 4876 2167 4911 :

280 4947 370 5000 12.
402 4947 704 5018 Προσέθετο
725 4945 1058 5019 παραδοῦναι
1085 4945 1175 5000 τὸν
1196 4944 1403 5016 Κύριον

1824 4949 1867 5003 D
1968 4949 2054 5003 12.
2088 4949 2284 5004 Secum
2313 4948 2501 5005 statuit
2525 4949 2739 5005 tradere
2775 4948 3086 5003 Dominum.

280 5041 369 5094 15.
418 5040 678 5104 Ἐξελθὼν
709 5042 817 5110 γὰρ
858 5038 1162 5093 συνετίθετο
1187 5041 1299 5100 τοῖς
1340 5037 1640 5101 Ἰουδαίοις,
1672 5035 1790 5099 πῶς

1970 5040 2056 5094 15.
2094 5040 2392 5110 Egrediens
2432 5043 2577 5094 enim
2622 5040 2874 5096 convenit
2910 5055 3033 5095 cum
3063 5039 3299 5105 Judaeis,
3330 5052 3468 5109 quo-

207 5131 370 5184 αὑτὸν
398 5131 625 5203 παραδῷ
646 5132 844 5194 αὐτοῖς.

1897 5131 2060 5186 modo
2093 5146 2217 5186 eum
2246 5132 2382 5201 ipsis
2409 5130 2665 5185 traderet.

277 5245 323 5277 “
361 5243 551 5300 Matth.
579 5261 634 5313 v,
660 5244 714 5310 6,
742 5245 792 5299 7.
854 5246 898 5277 ⁸³
924 5243 1041 5301 Jac.
1075 5258 1136 5313 II,
1163 5243 1250 5297 15.

1161 5352 1471 5416 Addenda
1500 5358 1561 5414 et
1593 5348 1967 5431 corrigenda
1999 5368 2079 5411 ex
2108 5350 2250 5413 cod.
2287 5352 2490 5417 Vatic.

275 5454 356 5526 (1)
397 5457 522 5521 Μοι,
550 5458 644 5509 καὶ
678 5457 897 5520 σκέπεις
934 5474 1025 5527 με.
1957 5451 2033 5590 (5)
2072 5452 2249 5529 Καθά.

278 5526 360 5590 (2)
398 5527 466 5581 Ν.
504 5527 669 5588 44,Ὀ
700 5528 851 5590 Θεός,
884 5539 994 5581 etc.
1956 5525 2011 5589 (6
2070 5522 2137 5575 Νι
2175 5523 2227 5584 5,

383 5527 593 5598 Nx“,
613 5529 669 5598 ’κο
700 5528 851 5591 Θεάςν
884 5522 994 5598 βίοι
2175 5523 2227 5598 5,
2248 5524 2333 5578 Ἐν
2362 5528 2427 5598 τῇ
2458 5526 2709 5597 ἀσθενείᾳ
2736 5526 2830 5589 τῆς
2860 5524 3037 5595 ὡυχῆς
3066 5524 3255 5579 αὐτοῦ.

298 5592 353 5664 5)
379 5596 443 5669 ᾘ
472 5597 557 5669 δια
588 5597 685 5666 τῆς
718 5597 1084 5669 κινναϐάρεως
1108 5612 1232 5666 περ.
1957 5592 2032 5664 (7)
2062 5592 2240 5647 Αὐτοί.

306 5669 356 5739 1)
385 5668 661 5739 Ἐσχὰτου.

449 5759 721 5818 Parnm.
787 5757 906 5817 Gn.
963 5756 1228 5817 XXVII.
3146 5748 3221 5809 26
