  <div class='ocr_page' id='page_1' title='image "/cluster/home/n/w/nwhite01/storage/ocr_20150623/27/nnc1.0046978631/419.png"; bbox 0 0 3878 6218; ppageno 0'>
   <div class='ocr_carea' id='block_1_1' title="bbox 339 256 1915 373">
    <p class='ocr_par' dir='ltr' id='par_1_1' title="bbox 339 256 1915 373">
     <span class='ocr_line' id='line_1_1' title="bbox 339 256 1915 373; baseline -0.01 -1"><span class='ocrx_word' id='word_1_1' title='bbox 339 316 433 373; x_wconf 74' lang='grc'><strong>811</strong></span> <span class='ocrx_word' id='word_1_2' title='bbox 1024 256 1038 281; x_wconf 40' lang='grc'>⁸</span> <span class='ocrx_word' id='word_1_3' title='bbox 1203 310 1259 365; x_wconf 90' lang='lat' dir='ltr'><strong>S.</strong></span> <span class='ocrx_word' id='word_1_4' title='bbox 1303 305 1679 364; x_wconf 73' lang='lat' dir='ltr'><strong>ATHANASII</strong></span> <span class='ocrx_word' id='word_1_5' title='bbox 1718 303 1870 360; x_wconf 89' lang='lat' dir='ltr'><strong>OPP.</strong></span> <span class='ocrx_word' id='word_1_6' title='bbox 1911 303 1915 357; x_wconf 73' lang='grc' dir='ltr'>Ῑ</span> 
     </span>
    </p>
   </div>
   <div class='ocr_carea' id='block_1_2' title="bbox 2075 256 2790 373">
    <p class='ocr_par' dir='ltr' id='par_1_2' title="bbox 2075 295 2790 356">
     <span class='ocr_line' id='line_1_2' title="bbox 2075 295 2790 356; baseline -0.011 0"><span class='ocrx_word' id='word_1_7' title='bbox 2075 301 2096 356; x_wconf 74' lang='lat'><strong>5</strong></span> <span class='ocrx_word' id='word_1_8' title='bbox 2136 298 2227 354; x_wconf 85' lang='lat' dir='ltr'><strong>lll.</strong></span> <span class='ocrx_word' id='word_1_9' title='bbox 2266 325 2337 337; x_wconf 93' lang='lat'>—</span> <span class='ocrx_word' id='word_1_10' title='bbox 2370 295 2790 352; x_wconf 70' lang='lat' dir='ltr'><strong>EXEGETICA.</strong></span> 
     </span>
    </p>
   </div>
   <div class='ocr_carea' id='block_1_3' title="bbox 3510 300 3631 362">
    <p class='ocr_par' dir='ltr' id='par_1_3' title="bbox 3510 300 3631 362">
     <span class='ocr_line' id='line_1_3' title="bbox 3510 300 3631 362; baseline 0.008 -3"><span class='ocrx_word' id='word_1_11' title='bbox 3510 300 3631 362; x_wconf 72' lang='grc'><strong>812</strong></span> 
     </span>
    </p>
   </div>
   <div class='ocr_carea' id='block_1_4' title="bbox 411 410 1915 495">
    <p class='ocr_par' dir='ltr' id='par_1_4' title="bbox 411 427 1910 495">
     <span class='ocr_line' id='line_1_4' title="bbox 411 427 1910 495; baseline -0.007 -4"><span class='ocrx_word' id='word_1_12' title='bbox 411 437 498 491; x_wconf 69' lang='grc'><strong>11.</strong></span> <span class='ocrx_word' id='word_1_13' title='bbox 534 437 834 491; x_wconf 85' lang='lat' dir='ltr'><strong>Adversum</strong></span> <span class='ocrx_word' id='word_1_14' title='bbox 854 450 940 490; x_wconf 89' lang='lat' dir='ltr'><strong>me</strong></span> <span class='ocrx_word' id='word_1_15' title='bbox 962 434 1323 489; x_wconf 90' lang='lat' dir='ltr'><strong>susurrabant</strong></span> <span class='ocrx_word' id='word_1_16' title='bbox 1346 446 1538 487; x_wconf 90' lang='lat' dir='ltr'><strong>omnes</strong></span> <span class='ocrx_word' id='word_1_17' title='bbox 1556 429 1765 484; x_wconf 86' lang='lat' dir='ltr'><strong>inimici</strong></span> <span class='ocrx_word' id='word_1_18' title='bbox 1783 427 1910 495; x_wconf 88' lang='lat' dir='ltr'><strong>mei,</strong></span> 
     </span>
    </p>
   </div>
   <div class='ocr_carea' id='block_1_5' title="bbox 2075 410 3539 495">
    <p class='ocr_par' dir='ltr' id='par_1_5' title="bbox 2090 410 3539 490">
     <span class='ocr_line' id='line_1_5' title="bbox 2090 410 3539 490; baseline -0.008 -15"><span class='ocrx_word' id='word_1_19' title='bbox 2090 422 2176 476; x_wconf 74' lang='lat' dir='ltr'><strong>M.</strong></span> <span class='ocrx_word' id='word_1_20' title='bbox 2201 424 2333 474; x_wconf 81' lang='grc' dir='ltr'>Κατ’</span> <span class='ocrx_word' id='word_1_21' title='bbox 2362 418 2493 490; x_wconf 76' lang='grc' dir='ltr'>ἐμοῦ</span> <span class='ocrx_word' id='word_1_22' title='bbox 2520 417 2833 489; x_wconf 72' lang='grc' dir='ltr'>ἐψιθύριζον</span> <span class='ocrx_word' id='word_1_23' title='bbox 2877 413 3077 477; x_wconf 78' lang='grc' dir='ltr'>πάντες</span> <span class='ocrx_word' id='word_1_24' title='bbox 3111 412 3159 465; x_wconf 83' lang='grc' dir='ltr'><strong>οἱ</strong></span> <span class='ocrx_word' id='word_1_25' title='bbox 3194 410 3377 484; x_wconf 66' lang='grc' dir='ltr'>ἐλθροί</span> <span class='ocrx_word' id='word_1_26' title='bbox 3412 427 3539 481; x_wconf 86' lang='grc' dir='ltr'>μου,</span> 
     </span>
    </p>
   </div>
   <div class='ocr_carea' id='block_1_6' title="bbox 405 522 1631 598">
    <p class='ocr_par' dir='ltr' id='par_1_6' title="bbox 405 522 1631 598">
     <span class='ocr_line' id='line_1_6' title="bbox 405 522 1631 598; baseline -0.006 -15"><span class='ocrx_word' id='word_1_27' title='bbox 405 531 492 586; x_wconf 83' lang='grc'><strong>15.</strong></span> <span class='ocrx_word' id='word_1_28' title='bbox 529 530 828 585; x_wconf 74' lang='lat' dir='ltr'><strong>Adversum</strong></span> <span class='ocrx_word' id='word_1_29' title='bbox 855 544 942 583; x_wconf 91' lang='lat' dir='ltr'><strong>me</strong></span> <span class='ocrx_word' id='word_1_30' title='bbox 968 528 1280 598; x_wconf 82' lang='lat' dir='ltr'><strong>cogitabant</strong></span> <span class='ocrx_word' id='word_1_31' title='bbox 1302 525 1443 579; x_wconf 91' lang='lat' dir='ltr'><strong>mala</strong></span> <span class='ocrx_word' id='word_1_32' title='bbox 1474 522 1631 578; x_wconf 78' lang='lat' dir='ltr'><strong>milii.</strong></span> 
     </span>
    </p>
   </div>
   <div class='ocr_carea' id='block_1_7' title="bbox 410 618 1912 691">
    <p class='ocr_par' dir='ltr' id='par_1_7' title="bbox 410 618 1912 691">
     <span class='ocr_line' id='line_1_7' title="bbox 410 618 1912 691; baseline -0.007 -13"><span class='ocrx_word' id='word_1_33' title='bbox 410 625 498 679; x_wconf 88' lang='grc'><strong>16.</strong></span> <span class='ocrx_word' id='word_1_34' title='bbox 539 622 775 678; x_wconf 82' lang='lat' dir='ltr'><strong>Verbum</strong></span> <span class='ocrx_word' id='word_1_35' title='bbox 798 622 1045 691; x_wconf 92' lang='lat' dir='ltr'><strong>iniquum</strong></span> <span class='ocrx_word' id='word_1_36' title='bbox 1064 620 1466 676; x_wconf 90' lang='lat' dir='ltr'><strong>constituerunt</strong></span> <span class='ocrx_word' id='word_1_37' title='bbox 1482 618 1771 673; x_wconf 88' lang='lat' dir='ltr'><strong>adversum</strong></span> <span class='ocrx_word' id='word_1_38' title='bbox 1793 630 1880 669; x_wconf 91' lang='lat' dir='ltr'><strong>me</strong></span> <span class='ocrx_word' id='word_1_39' title='bbox 1901 633 1912 667; x_wconf 90' lang='lat'>:</span> 
     </span>
    </p>
   </div>
   <div class='ocr_carea' id='block_1_8' title="bbox 412 706 1919 784">
    <p class='ocr_par' dir='ltr' id='par_1_8' title="bbox 412 706 1919 784">
     <span class='ocr_line' id='line_1_8' title="bbox 412 706 1919 784; baseline -0.008 -14"><span class='ocrx_word' id='word_1_40' title='bbox 412 716 499 770; x_wconf 77' lang='grc'><strong>17,</strong></span> <span class='ocrx_word' id='word_1_41' title='bbox 530 711 786 784; x_wconf 84' lang='lat' dir='ltr'><strong>Nunquid</strong></span> <span class='ocrx_word' id='word_1_42' title='bbox 812 712 904 782; x_wconf 85' lang='lat' dir='ltr'><strong>qui</strong></span> <span class='ocrx_word' id='word_1_43' title='bbox 927 711 1129 766; x_wconf 86' lang='lat' dir='ltr'><strong>dormit</strong></span> <span class='ocrx_word' id='word_1_44' title='bbox 1152 726 1261 765; x_wconf 90' lang='lat' dir='ltr'><strong>non</strong></span> <span class='ocrx_word' id='word_1_45' title='bbox 1290 708 1510 779; x_wconf 88' lang='lat' dir='ltr'><strong>adjiciet</strong></span> <span class='ocrx_word' id='word_1_46' title='bbox 1531 717 1592 761; x_wconf 92' lang='lat' dir='ltr'><strong>ut</strong></span> <span class='ocrx_word' id='word_1_47' title='bbox 1626 706 1919 775; x_wconf 74' lang='lat' dir='ltr'><strong>resurgat?</strong></span> 
     </span>
    </p>
   </div>
   <div class='ocr_carea' id='block_1_9' title="bbox 408 798 1809 872">
    <p class='ocr_par' dir='ltr' id='par_1_9' title="bbox 408 798 1809 872">
     <span class='ocr_line' id='line_1_9' title="bbox 408 798 1809 872; baseline -0.009 -11"><span class='ocrx_word' id='word_1_48' title='bbox 408 807 495 861; x_wconf 94' lang='grc'><strong>18.</strong></span> <span class='ocrx_word' id='word_1_49' title='bbox 533 805 743 860; x_wconf 89' lang='lat' dir='ltr'><strong>Etenim</strong></span> <span class='ocrx_word' id='word_1_50' title='bbox 771 803 936 857; x_wconf 89' lang='lat' dir='ltr'><strong>homo</strong></span> <span class='ocrx_word' id='word_1_51' title='bbox 964 801 1114 872; x_wconf 87' lang='lat' dir='ltr'><strong>pacis</strong></span> <span class='ocrx_word' id='word_1_52' title='bbox 1140 815 1292 865; x_wconf 71' lang='lat' dir='ltr'><strong>mem,</strong></span> <span class='ocrx_word' id='word_1_53' title='bbox 1337 801 1393 853; x_wconf 90' lang='lat' dir='ltr'><strong>in</strong></span> <span class='ocrx_word' id='word_1_54' title='bbox 1426 813 1536 869; x_wconf 91' lang='lat' dir='ltr'><strong>quo</strong></span> <span class='ocrx_word' id='word_1_55' title='bbox 1570 798 1809 867; x_wconf 84' lang='lat' dir='ltr'><strong>speravi,</strong></span> 
     </span>
    </p>
   </div>
   <div class='ocr_carea' id='block_1_10' title="bbox 414 978 1917 1053">
    <p class='ocr_par' dir='ltr' id='par_1_10' title="bbox 414 978 1917 1053">
     <span class='ocr_line' id='line_1_10' title="bbox 414 978 1917 1053; baseline -0.008 -11"><span class='ocrx_word' id='word_1_56' title='bbox 414 989 500 1043; x_wconf 88' lang='grc'><strong>19.</strong></span> <span class='ocrx_word' id='word_1_57' title='bbox 535 986 639 1053; x_wconf 87' lang='lat' dir='ltr'><strong>Qui</strong></span> <span class='ocrx_word' id='word_1_58' title='bbox 675 985 869 1041; x_wconf 84' lang='lat' dir='ltr'><strong>edebat</strong></span> <span class='ocrx_word' id='word_1_59' title='bbox 913 997 1081 1053; x_wconf 85' lang='lat' dir='ltr'><strong>panes</strong></span> <span class='ocrx_word' id='word_1_60' title='bbox 1124 996 1298 1046; x_wconf 91' lang='lat' dir='ltr'><strong>meos,</strong></span> <span class='ocrx_word' id='word_1_61' title='bbox 1343 978 1711 1050; x_wconf 81' lang='lat' dir='ltr'><strong>magnilicavit</strong></span> <span class='ocrx_word' id='word_1_62' title='bbox 1754 992 1917 1047; x_wconf 88' lang='lat' dir='ltr'><strong>super</strong></span> 
     </span>
    </p>
   </div>
   <div class='ocr_carea' id='block_1_11' title="bbox 342 1077 972 1148">
    <p class='ocr_par' dir='ltr' id='par_1_11' title="bbox 342 1077 972 1148">
     <span class='ocr_line' id='line_1_11' title="bbox 342 1077 972 1148; baseline -0.011 -13"><span class='ocrx_word' id='word_1_63' title='bbox 342 1096 429 1135; x_wconf 90' lang='lat' dir='ltr'><strong>me</strong></span> <span class='ocrx_word' id='word_1_64' title='bbox 459 1077 972 1148; x_wconf 73' lang='lat' dir='ltr'><strong>supplantationem.</strong></span> 
     </span>
    </p>
   </div>
   <div class='ocr_carea' id='block_1_12' title="bbox 410 1159 1915 1231">
    <p class='ocr_par' dir='ltr' id='par_1_12' title="bbox 410 1159 1915 1231">
     <span class='ocr_line' id='line_1_12' title="bbox 410 1159 1915 1231; baseline -0.007 -7"><span class='ocrx_word' id='word_1_65' title='bbox 410 1169 501 1225; x_wconf 87' lang='grc'><strong>20.</strong></span> <span class='ocrx_word' id='word_1_66' title='bbox 538 1167 618 1221; x_wconf 91' lang='lat' dir='ltr'><strong>Tu</strong></span> <span class='ocrx_word' id='word_1_67' title='bbox 650 1176 831 1222; x_wconf 89' lang='lat' dir='ltr'><strong>autem</strong></span> <span class='ocrx_word' id='word_1_68' title='bbox 853 1207 866 1231; x_wconf 91' lang='lat'><strong>,</strong></span> <span class='ocrx_word' id='word_1_69' title='bbox 898 1164 1161 1228; x_wconf 90' lang='lat' dir='ltr'><strong>Domine,</strong></span> <span class='ocrx_word' id='word_1_70' title='bbox 1205 1162 1466 1217; x_wconf 82' lang='lat' dir='ltr'><strong>miserere</strong></span> <span class='ocrx_word' id='word_1_71' title='bbox 1499 1159 1647 1227; x_wconf 92' lang='lat' dir='ltr'><strong>mei,</strong></span> <span class='ocrx_word' id='word_1_72' title='bbox 1677 1168 1730 1215; x_wconf 90' lang='lat' dir='ltr'><strong>et</strong></span> <span class='ocrx_word' id='word_1_73' title='bbox 1760 1173 1915 1214; x_wconf 87' lang='lat' dir='ltr'><strong>resu-</strong></span> 
     </span>
    </p>
   </div>
   <div class='ocr_carea' id='block_1_13' title="bbox 342 1257 1140 1327">
    <p class='ocr_par' dir='ltr' id='par_1_13' title="bbox 342 1257 1140 1327">
     <span class='ocr_line' id='line_1_13' title="bbox 342 1257 1140 1327; baseline -0.006 -9"><span class='ocrx_word' id='word_1_74' title='bbox 342 1265 479 1320; x_wconf 86' lang='lat' dir='ltr'><strong>scita</strong></span> <span class='ocrx_word' id='word_1_75' title='bbox 501 1278 608 1327; x_wconf 87' lang='lat' dir='ltr'><strong>me,</strong></span> <span class='ocrx_word' id='word_1_76' title='bbox 636 1270 689 1315; x_wconf 95' lang='lat' dir='ltr'><strong>et</strong></span> <span class='ocrx_word' id='word_1_77' title='bbox 718 1259 1014 1315; x_wconf 88' lang='lat' dir='ltr'><strong>retribuam</strong></span> <span class='ocrx_word' id='word_1_78' title='bbox 1039 1257 1140 1313; x_wconf 89' lang='lat' dir='ltr'><strong>eis.</strong></span> 
     </span>
    </p>
   </div>
   <div class='ocr_carea' id='block_1_14' title="bbox 411 1344 1702 1420">
    <p class='ocr_par' dir='ltr' id='par_1_14' title="bbox 411 1344 1702 1420">
     <span class='ocr_line' id='line_1_14' title="bbox 411 1344 1702 1420; baseline -0.009 -12"><span class='ocrx_word' id='word_1_79' title='bbox 411 1355 503 1408; x_wconf 85' lang='grc'><strong>21,</strong></span> <span class='ocrx_word' id='word_1_80' title='bbox 532 1351 591 1406; x_wconf 86' lang='grc' dir='ltr'>ιιι</span> <span class='ocrx_word' id='word_1_81' title='bbox 626 1352 730 1406; x_wconf 87' lang='lat' dir='ltr'><strong>hoc</strong></span> <span class='ocrx_word' id='word_1_82' title='bbox 758 1349 1013 1420; x_wconf 85' lang='lat' dir='ltr'><strong>cognovi,</strong></span> <span class='ocrx_word' id='word_1_83' title='bbox 1043 1346 1305 1417; x_wconf 88' lang='lat' dir='ltr'><strong>quoniam</strong></span> <span class='ocrx_word' id='word_1_84' title='bbox 1334 1344 1554 1399; x_wconf 85' lang='lat' dir='ltr'><strong>voluisti</strong></span> <span class='ocrx_word' id='word_1_85' title='bbox 1588 1358 1702 1406; x_wconf 90' lang='lat' dir='ltr'><strong>me;</strong></span> 
     </span>
    </p>
   </div>
   <div class='ocr_carea' id='block_1_15' title="bbox 396 1436 1915 1513">
    <p class='ocr_par' dir='ltr' id='par_1_15' title="bbox 396 1436 1915 1513">
     <span class='ocr_line' id='line_1_15' title="bbox 396 1436 1915 1513; baseline -0.008 -13"><span class='ocrx_word' id='word_1_86' title='bbox 396 1445 766 1511; x_wconf 73' lang='lat' dir='ltr'><strong>22.Quoniam</strong></span> <span class='ocrx_word' id='word_1_87' title='bbox 786 1458 891 1496; x_wconf 89' lang='lat' dir='ltr'><strong>non</strong></span> <span class='ocrx_word' id='word_1_88' title='bbox 908 1439 1161 1513; x_wconf 81' lang='lat' dir='ltr'><strong>gaudebit</strong></span> <span class='ocrx_word' id='word_1_89' title='bbox 1178 1436 1433 1492; x_wconf 89' lang='lat' dir='ltr'><strong>inimicus</strong></span> <span class='ocrx_word' id='word_1_90' title='bbox 1453 1451 1607 1490; x_wconf 86' lang='lat' dir='ltr'><strong>meus</strong></span> <span class='ocrx_word' id='word_1_91' title='bbox 1624 1448 1789 1502; x_wconf 89' lang='lat' dir='ltr'><strong>super</strong></span> <span class='ocrx_word' id='word_1_92' title='bbox 1808 1447 1915 1488; x_wconf 88' lang='lat' dir='ltr'><strong>me.</strong></span> 
     </span>
    </p>
   </div>
   <div class='ocr_carea' id='block_1_16' title="bbox 408 1528 1824 1604">
    <p class='ocr_par' dir='ltr' id='par_1_16' title="bbox 408 1528 1824 1604">
     <span class='ocr_line' id='line_1_16' title="bbox 408 1528 1824 1604; baseline -0.011 -9"><span class='ocrx_word' id='word_1_93' title='bbox 408 1540 499 1595; x_wconf 79' lang='grc'><strong>25.</strong></span> <span class='ocrx_word' id='word_1_94' title='bbox 533 1536 617 1591; x_wconf 82' lang='lat' dir='ltr'><strong>Mc</strong></span> <span class='ocrx_word' id='word_1_95' title='bbox 644 1544 825 1590; x_wconf 87' lang='lat' dir='ltr'><strong>autem</strong></span> <span class='ocrx_word' id='word_1_96' title='bbox 852 1542 1070 1604; x_wconf 88' lang='lat' dir='ltr'><strong>propter</strong></span> <span class='ocrx_word' id='word_1_97' title='bbox 1099 1531 1467 1586; x_wconf 89' lang='lat' dir='ltr'><strong>innocentiam</strong></span> <span class='ocrx_word' id='word_1_98' title='bbox 1501 1528 1824 1597; x_wconf 86' lang='lat' dir='ltr'><strong>suscepisti;</strong></span> 
     </span>
    </p>
   </div>
   <div class='ocr_carea' id='block_1_17' title="bbox 410 1626 1913 1694">
    <p class='ocr_par' dir='ltr' id='par_1_17' title="bbox 410 1626 1913 1694">
     <span class='ocr_line' id='line_1_17' title="bbox 410 1626 1913 1694; baseline -0.007 -9"><span class='ocrx_word' id='word_1_99' title='bbox 410 1631 499 1685; x_wconf 68' lang='grc'><strong>24.</strong></span> <span class='ocrx_word' id='word_1_100' title='bbox 519 1629 584 1684; x_wconf 84' lang='grc' dir='ltr'>Ει</span> <span class='ocrx_word' id='word_1_101' title='bbox 600 1627 937 1683; x_wconf 82' lang='lat' dir='ltr'><strong>conﬁrmasti</strong></span> <span class='ocrx_word' id='word_1_102' title='bbox 956 1642 1041 1679; x_wconf 91' lang='lat' dir='ltr'><strong>me</strong></span> <span class='ocrx_word' id='word_1_103' title='bbox 1057 1626 1111 1679; x_wconf 84' lang='lat' dir='ltr'><strong>in</strong></span> <span class='ocrx_word' id='word_1_104' title='bbox 1130 1636 1423 1694; x_wconf 88' lang='lat' dir='ltr'><strong>conspectu</strong></span> <span class='ocrx_word' id='word_1_105' title='bbox 1443 1634 1537 1679; x_wconf 93' lang='lat' dir='ltr'><strong>tuo</strong></span> <span class='ocrx_word' id='word_1_106' title='bbox 1556 1626 1609 1678; x_wconf 90' lang='lat' dir='ltr'><strong>in</strong></span> <span class='ocrx_word' id='word_1_107' title='bbox 1623 1633 1913 1678; x_wconf 64' lang='lat' dir='ltr'><strong>mternum.</strong></span> 
     </span>
    </p>
   </div>
   <div class='ocr_carea' id='block_1_18' title="bbox 410 1713 1574 1781">
    <p class='ocr_par' dir='ltr' id='par_1_18' title="bbox 410 1713 1574 1781">
     <span class='ocr_line' id='line_1_18' title="bbox 410 1713 1574 1781; baseline -0.008 -5"><span class='ocrx_word' id='word_1_108' title='bbox 410 1722 501 1776; x_wconf 81' lang='grc'><strong>25.</strong></span> <span class='ocrx_word' id='word_1_109' title='bbox 537 1719 860 1774; x_wconf 89' lang='lat' dir='ltr'><strong>Benedictus</strong></span> <span class='ocrx_word' id='word_1_110' title='bbox 891 1716 1156 1770; x_wconf 89' lang='lat' dir='ltr'><strong>Dominus</strong></span> <span class='ocrx_word' id='word_1_111' title='bbox 1198 1714 1341 1770; x_wconf 86' lang='lat' dir='ltr'><strong>Deus</strong></span> <span class='ocrx_word' id='word_1_112' title='bbox 1371 1713 1574 1781; x_wconf 89' lang='lat' dir='ltr'><strong>Israel,</strong></span> 
     </span>
    </p>
   </div>
   <div class='ocr_carea' id='block_1_19' title="bbox 406 1806 1558 1874">
    <p class='ocr_par' dir='ltr' id='par_1_19' title="bbox 406 1806 1558 1874">
     <span class='ocr_line' id='line_1_19' title="bbox 406 1806 1558 1874; baseline -0.007 -6"><span class='ocrx_word' id='word_1_113' title='bbox 406 1813 497 1868; x_wconf 85' lang='grc'><strong>26.</strong></span> <span class='ocrx_word' id='word_1_114' title='bbox 535 1814 580 1867; x_wconf 89' lang='grc' dir='ltr'><strong>Α</strong></span> <span class='ocrx_word' id='word_1_115' title='bbox 604 1810 805 1867; x_wconf 83' lang='lat' dir='ltr'><strong>saeculo</strong></span> <span class='ocrx_word' id='word_1_116' title='bbox 826 1817 879 1864; x_wconf 90' lang='lat' dir='ltr'><strong>et</strong></span> <span class='ocrx_word' id='word_1_117' title='bbox 904 1809 956 1862; x_wconf 89' lang='lat' dir='ltr'><strong>in</strong></span> <span class='ocrx_word' id='word_1_118' title='bbox 986 1806 1269 1873; x_wconf 81' lang='lat' dir='ltr'><strong>saeculum,</strong></span> <span class='ocrx_word' id='word_1_119' title='bbox 1300 1806 1413 1874; x_wconf 84' lang='lat' dir='ltr'><strong>liat,</strong></span> <span class='ocrx_word' id='word_1_120' title='bbox 1447 1807 1558 1860; x_wconf 83' lang='lat' dir='ltr'><strong>ﬁat.</strong></span> 
     </span>
    </p>
   </div>
   <div class='ocr_carea' id='block_1_20' title="bbox 579 1962 1651 2038">
    <p class='ocr_par' dir='ltr' id='par_1_20' title="bbox 579 1962 1651 2038">
     <span class='ocr_line' id='line_1_20' title="bbox 579 1962 1651 2038; baseline -0.007 -15"><span class='ocrx_word' id='word_1_121' title='bbox 579 1968 647 2024; x_wconf 87' lang='lat' dir='ltr'><strong>In</strong></span> <span class='ocrx_word' id='word_1_122' title='bbox 677 1967 832 2038; x_wconf 79' lang='lat' dir='ltr'><strong>ﬁnem</strong></span> <span class='ocrx_word' id='word_1_123' title='bbox 857 2007 872 2033; x_wconf 91' lang='lat'><strong>,</strong></span> <span class='ocrx_word' id='word_1_124' title='bbox 905 1967 960 2020; x_wconf 78' lang='lat' dir='ltr'><strong>in</strong></span> <span class='ocrx_word' id='word_1_125' title='bbox 988 1965 1311 2019; x_wconf 81' lang='lat' dir='ltr'><strong>intellectum</strong></span> <span class='ocrx_word' id='word_1_126' title='bbox 1340 1964 1469 2033; x_wconf 82' lang='lat' dir='ltr'><strong>ﬁliis</strong></span> <span class='ocrx_word' id='word_1_127' title='bbox 1496 1962 1651 2019; x_wconf 83' lang='lat' dir='ltr'><strong>Core.</strong></span> 
     </span>
    </p>
   </div>
   <div class='ocr_carea' id='block_1_21' title="bbox 943 2055 1332 2112">
    <p class='ocr_par' dir='ltr' id='par_1_21' title="bbox 943 2055 1332 2112">
     <span class='ocr_line' id='line_1_21' title="bbox 943 2055 1332 2112; baseline -0.003 0"><span class='ocrx_word' id='word_1_128' title='bbox 943 2056 1144 2112; x_wconf 80' lang='lat' dir='ltr'><strong>PSAL.</strong></span> <span class='ocrx_word' id='word_1_129' title='bbox 1180 2055 1332 2111; x_wconf 85' lang='lat' dir='ltr'><strong><em>XLI.</em></strong></span> 
     </span>
    </p>
   </div>
   <div class='ocr_carea' id='block_1_22' title="bbox 411 2148 1915 2226">
    <p class='ocr_par' dir='ltr' id='par_1_22' title="bbox 411 2148 1915 2226">
     <span class='ocr_line' id='line_1_22' title="bbox 411 2148 1915 2226; baseline -0.007 -13"><span class='ocrx_word' id='word_1_130' title='bbox 411 2160 462 2215; x_wconf 87' lang='grc'><strong>1.</strong></span> <span class='ocrx_word' id='word_1_131' title='bbox 517 2154 983 2226; x_wconf 85' lang='lat' dir='ltr'><strong>Quemadmodum</strong></span> <span class='ocrx_word' id='word_1_132' title='bbox 1036 2152 1308 2206; x_wconf 89' lang='lat' dir='ltr'><strong>desiderat</strong></span> <span class='ocrx_word' id='word_1_133' title='bbox 1360 2165 1553 2205; x_wconf 87' lang='lat' dir='ltr'><strong>cervus</strong></span> <span class='ocrx_word' id='word_1_134' title='bbox 1611 2150 1677 2204; x_wconf 91' lang='lat' dir='ltr'><strong>ad</strong></span> <span class='ocrx_word' id='word_1_135' title='bbox 1739 2148 1915 2203; x_wconf 82' lang='lat' dir='ltr'><strong>fontes</strong></span> 
     </span>
    </p>
   </div>
   <div class='ocr_carea' id='block_1_23' title="bbox 340 2266 640 2326">
    <p class='ocr_par' dir='ltr' id='par_1_23' title="bbox 340 2266 640 2326">
     <span class='ocr_line' id='line_1_23' title="bbox 340 2266 640 2326; baseline -0.017 -16"><span class='ocrx_word' id='word_1_136' title='bbox 340 2266 607 2326; x_wconf 77' lang='lat' dir='ltr'><strong>aquarum</strong></span> <span class='ocrx_word' id='word_1_137' title='bbox 625 2271 640 2320; x_wconf 90' lang='lat'>;</span> 
     </span>
    </p>
   </div>
   <div class='ocr_carea' id='block_1_24' title="bbox 2089 506 3181 583">
    <p class='ocr_par' dir='ltr' id='par_1_24' title="bbox 2089 506 3181 583">
     <span class='ocr_line' id='line_1_24' title="bbox 2089 506 3181 583; baseline -0.011 -14"><span class='ocrx_word' id='word_1_138' title='bbox 2089 516 2176 569; x_wconf 81' lang='grc'><strong>15.</strong></span> <span class='ocrx_word' id='word_1_139' title='bbox 2214 516 2352 567; x_wconf 82' lang='grc' dir='ltr'>Κατ’</span> <span class='ocrx_word' id='word_1_140' title='bbox 2386 512 2518 583; x_wconf 79' lang='grc' dir='ltr'>ἐμοῦ</span> <span class='ocrx_word' id='word_1_141' title='bbox 2555 510 2859 578; x_wconf 72' lang='grc' dir='ltr'><strong>ἐλογίζοντο</strong></span> <span class='ocrx_word' id='word_1_142' title='bbox 2889 506 3035 560; x_wconf 84' lang='grc' dir='ltr'><strong>κακά</strong></span> <span class='ocrx_word' id='word_1_143' title='bbox 3071 523 3181 576; x_wconf 73' lang='grc' dir='ltr'>μοι.</span> 
     </span>
    </p>
   </div>
   <div class='ocr_carea' id='block_1_25' title="bbox 2090 590 3396 672">
    <p class='ocr_par' dir='ltr' id='par_1_25' title="bbox 2090 590 3396 672">
     <span class='ocr_line' id='line_1_25' title="bbox 2090 590 3396 672; baseline -0.01 -14"><span class='ocrx_word' id='word_1_144' title='bbox 2090 604 2176 658; x_wconf 89' lang='grc'><strong>16.</strong></span> <span class='ocrx_word' id='word_1_145' title='bbox 2217 603 2388 671; x_wconf 83' lang='grc' dir='ltr'>Λόγον</span> <span class='ocrx_word' id='word_1_146' title='bbox 2423 602 2738 672; x_wconf 86' lang='grc' dir='ltr'>παράνομον</span> <span class='ocrx_word' id='word_1_147' title='bbox 2767 598 3058 651; x_wconf 80' lang='grc' dir='ltr'>κατέθεντο</span> <span class='ocrx_word' id='word_1_148' title='bbox 3090 595 3209 649; x_wconf 85' lang='grc' dir='ltr'>κατ’</span> <span class='ocrx_word' id='word_1_149' title='bbox 3238 590 3396 665; x_wconf 81' lang='grc' dir='ltr'>ἐμοῦ·</span> 
     </span>
    </p>
   </div>
   <div class='ocr_carea' id='block_1_26' title="bbox 2092 683 3619 765">
    <p class='ocr_par' dir='ltr' id='par_1_26' title="bbox 2092 683 3619 765">
     <span class='ocr_line' id='line_1_26' title="bbox 2092 683 3619 765; baseline -0.009 -15"><span class='ocrx_word' id='word_1_150' title='bbox 2092 697 2178 749; x_wconf 86' lang='grc'><strong>17.</strong></span> <span class='ocrx_word' id='word_1_151' title='bbox 2214 696 2306 765; x_wconf 84' lang='grc' dir='ltr'><strong>Μὴ</strong></span> <span class='ocrx_word' id='word_1_152' title='bbox 2322 696 2348 746; x_wconf 98' lang='lat'><strong>6</strong></span> <span class='ocrx_word' id='word_1_153' title='bbox 2372 691 2712 764; x_wconf 82' lang='grc' dir='ltr'>κοιμώμενος</span> <span class='ocrx_word' id='word_1_154' title='bbox 2726 690 2845 759; x_wconf 73' lang='grc' dir='ltr'>οὐχὶ</span> <span class='ocrx_word' id='word_1_155' title='bbox 2862 688 3158 759; x_wconf 83' lang='grc' dir='ltr'>προσθήσει</span> <span class='ocrx_word' id='word_1_156' title='bbox 3175 685 3268 737; x_wconf 78' lang='grc' dir='ltr'>τοῦ</span> <span class='ocrx_word' id='word_1_157' title='bbox 3288 683 3619 753; x_wconf 75' lang='grc' dir='ltr'>ἀναστῆναις</span> 
     </span>
    </p>
   </div>
   <div class='ocr_carea' id='block_1_27' title="bbox 2096 776 3619 857">
    <p class='ocr_par' dir='ltr' id='par_1_27' title="bbox 2096 776 3619 857">
     <span class='ocr_line' id='line_1_27' title="bbox 2096 776 3619 857; baseline -0.009 -15"><span class='ocrx_word' id='word_1_158' title='bbox 2096 790 2179 842; x_wconf 84' lang='grc'><strong>18.</strong></span> <span class='ocrx_word' id='word_1_159' title='bbox 2200 788 2306 841; x_wconf 72' lang='grc' dir='ltr'>Καὶ</span> <span class='ocrx_word' id='word_1_160' title='bbox 2337 785 2445 857; x_wconf 80' lang='grc' dir='ltr'>γὰρ</span> <span class='ocrx_word' id='word_1_161' title='bbox 2477 786 2505 837; x_wconf 92' lang='lat'><strong>6</strong></span> <span class='ocrx_word' id='word_1_162' title='bbox 2533 783 2820 854; x_wconf 81' lang='grc' dir='ltr'>ἄνθρωπος</span> <span class='ocrx_word' id='word_1_163' title='bbox 2856 782 2957 852; x_wconf 81' lang='grc' dir='ltr'><strong>τῆς</strong></span> <span class='ocrx_word' id='word_1_164' title='bbox 2990 781 3213 852; x_wconf 81' lang='grc' dir='ltr'><strong>εἰρήνης</strong></span> <span class='ocrx_word' id='word_1_165' title='bbox 3263 795 3387 849; x_wconf 85' lang='grc' dir='ltr'>μου,</span> <span class='ocrx_word' id='word_1_166' title='bbox 3443 777 3528 845; x_wconf 74' lang='grc' dir='ltr'><strong>ἐφ’</strong></span> <span class='ocrx_word' id='word_1_167' title='bbox 3552 776 3619 830; x_wconf 81' lang='grc' dir='ltr'>ὃν</span> 
     </span>
    </p>
   </div>
   <div class='ocr_carea' id='block_1_28' title="bbox 2020 881 2242 952">
    <p class='ocr_par' dir='ltr' id='par_1_28' title="bbox 2020 881 2242 952">
     <span class='ocr_line' id='line_1_28' title="bbox 2020 881 2242 952; baseline 0 -20"><span class='ocrx_word' id='word_1_168' title='bbox 2020 881 2242 952; x_wconf 70' lang='grc' dir='ltr'>ἤλπισα,</span> 
     </span>
    </p>
   </div>
   <div class='ocr_carea' id='block_1_29' title="bbox 2092 960 3616 1039">
    <p class='ocr_par' dir='ltr' id='par_1_29' title="bbox 2092 960 3616 1039">
     <span class='ocr_line' id='line_1_29' title="bbox 2092 960 3616 1039; baseline -0.009 -14"><span class='ocrx_word' id='word_1_169' title='bbox 2092 973 2176 1028; x_wconf 83' lang='grc'><strong>19.</strong></span> <span class='ocrx_word' id='word_1_170' title='bbox 2223 973 2280 1024; x_wconf 88' lang='grc' dir='ltr'><strong>Ὀ</strong></span> <span class='ocrx_word' id='word_1_171' title='bbox 2322 969 2516 1023; x_wconf 80' lang='grc' dir='ltr'>ἐσθίων</span> <span class='ocrx_word' id='word_1_172' title='bbox 2568 966 2766 1039; x_wconf 83' lang='grc' dir='ltr'><strong>ἄρτους</strong></span> <span class='ocrx_word' id='word_1_173' title='bbox 2821 984 2945 1036; x_wconf 86' lang='grc' dir='ltr'>μου,</span> <span class='ocrx_word' id='word_1_174' title='bbox 3006 964 3340 1036; x_wconf 76' lang='grc' dir='ltr'>ἐμεγάλυνεν</span> <span class='ocrx_word' id='word_1_175' title='bbox 3390 963 3478 1015; x_wconf 70' lang='grc' dir='ltr'>ἐπ’</span> <span class='ocrx_word' id='word_1_176' title='bbox 3511 960 3616 1032; x_wconf 65' lang='grc' dir='ltr'>ἐμὲ</span> 
     </span>
    </p>
   </div>
   <div class='ocr_carea' id='block_1_30' title="bbox 2020 1052 3151 1134">
    <p class='ocr_par' dir='ltr' id='par_1_30' title="bbox 2020 1052 3151 1134">
     <span class='ocr_line' id='line_1_30' title="bbox 2020 1052 3151 1134; baseline -0.005 -19"><span class='ocrx_word' id='word_1_177' title='bbox 2020 1061 2391 1134; x_wconf 83' lang='grc' dir='ltr'>πτερνισμόν.“</span> <span class='ocrx_word' id='word_1_178' title='bbox 3148 1052 3151 1055; x_wconf 30' lang='grc' dir='ltr'><strong>λ</strong></span> 
     </span>
    </p>
   </div>
   <div class='ocr_carea' id='block_1_31' title="bbox 2089 1148 3617 1223">
    <p class='ocr_par' dir='ltr' id='par_1_31' title="bbox 2089 1148 3617 1223">
     <span class='ocr_line' id='line_1_31' title="bbox 2089 1148 3617 1223; baseline -0.007 -13"><span class='ocrx_word' id='word_1_179' title='bbox 2089 1156 2177 1210; x_wconf 88' lang='grc'><strong>20.</strong></span> <span class='ocrx_word' id='word_1_180' title='bbox 2212 1156 2284 1208; x_wconf 78' lang='grc' dir='ltr'><strong>Σὺ</strong></span> <span class='ocrx_word' id='word_1_181' title='bbox 2314 1154 2391 1216; x_wconf 85' lang='grc' dir='ltr'><strong>δέ,</strong></span> <span class='ocrx_word' id='word_1_182' title='bbox 2425 1151 2619 1223; x_wconf 81' lang='grc' dir='ltr'>Κύριε,</span> <span class='ocrx_word' id='word_1_183' title='bbox 2652 1148 2872 1220; x_wconf 79' lang='grc' dir='ltr'>ἐλέησόν</span> <span class='ocrx_word' id='word_1_184' title='bbox 2924 1166 3010 1219; x_wconf 87' lang='grc' dir='ltr'><strong>με,</strong></span> <span class='ocrx_word' id='word_1_185' title='bbox 3037 1148 3132 1202; x_wconf 75' lang='grc' dir='ltr'><strong>καὶ</strong></span> <span class='ocrx_word' id='word_1_186' title='bbox 3162 1148 3466 1220; x_wconf 84' lang='grc' dir='ltr'>ἀνάστησόν</span> <span class='ocrx_word' id='word_1_187' title='bbox 3519 1165 3617 1218; x_wconf 76' lang='grc' dir='ltr'><strong>με,</strong></span> 
     </span>
    </p>
   </div>
   <div class='ocr_carea' id='block_1_32' title="bbox 2020 1244 2755 1306">
    <p class='ocr_par' dir='ltr' id='par_1_32' title="bbox 2020 1244 2755 1306">
     <span class='ocr_line' id='line_1_32' title="bbox 2020 1244 2755 1306; baseline -0.008 -5"><span class='ocrx_word' id='word_1_188' title='bbox 2020 1248 2112 1301; x_wconf 71' lang='grc' dir='ltr'>καὶ</span> <span class='ocrx_word' id='word_1_189' title='bbox 2145 1244 2513 1301; x_wconf 80' lang='grc' dir='ltr'>ἀνταποδώσω</span> <span class='ocrx_word' id='word_1_190' title='bbox 2551 1244 2755 1306; x_wconf 81' lang='grc' dir='ltr'>αὐτοῖς.</span> 
     </span>
    </p>
   </div>
   <div class='ocr_carea' id='block_1_33' title="bbox 2088 1333 3285 1408">
    <p class='ocr_par' dir='ltr' id='par_1_33' title="bbox 2088 1333 3285 1408">
     <span class='ocr_line' id='line_1_33' title="bbox 2088 1333 3285 1408; baseline -0.006 -17"><span class='ocrx_word' id='word_1_191' title='bbox 2088 1339 2178 1394; x_wconf 92' lang='grc'><strong>21.</strong></span> <span class='ocrx_word' id='word_1_192' title='bbox 2224 1340 2309 1390; x_wconf 87' lang='grc' dir='ltr'><strong>Ἐν</strong></span> <span class='ocrx_word' id='word_1_193' title='bbox 2336 1337 2508 1408; x_wconf 81' lang='grc' dir='ltr'>τούτῳ</span> <span class='ocrx_word' id='word_1_194' title='bbox 2535 1337 2726 1404; x_wconf 74' lang='grc' dir='ltr'>ἔγνων,</span> <span class='ocrx_word' id='word_1_195' title='bbox 2757 1336 2837 1387; x_wconf 83' lang='grc' dir='ltr'><strong>ὅτι</strong></span> <span class='ocrx_word' id='word_1_196' title='bbox 2866 1333 3167 1402; x_wconf 79' lang='grc' dir='ltr'>τεθέληκάς</span> <span class='ocrx_word' id='word_1_197' title='bbox 3195 1349 3285 1402; x_wconf 79' lang='grc' dir='ltr'>με’</span> 
     </span>
    </p>
   </div>
   <div class='ocr_carea' id='block_1_34' title="bbox 2088 1423 3503 1499">
    <p class='ocr_par' dir='ltr' id='par_1_34' title="bbox 2088 1423 3503 1499">
     <span class='ocr_line' id='line_1_34' title="bbox 2088 1423 3503 1499; baseline -0.006 -15"><span class='ocrx_word' id='word_1_198' title='bbox 2088 1431 2178 1484; x_wconf 79' lang='grc'><strong>22.</strong></span> <span class='ocrx_word' id='word_1_199' title='bbox 2211 1431 2332 1481; x_wconf 84' lang='grc' dir='ltr'>Ὅτι</span> <span class='ocrx_word' id='word_1_200' title='bbox 2358 1431 2417 1481; x_wconf 78' lang='grc' dir='ltr'><strong>οὐ</strong></span> <span class='ocrx_word' id='word_1_201' title='bbox 2469 1428 2543 1499; x_wconf 85' lang='grc' dir='ltr'>μὴ</span> <span class='ocrx_word' id='word_1_202' title='bbox 2572 1429 2805 1497; x_wconf 82' lang='grc' dir='ltr'>ἐπιχαρῇ</span> <span class='ocrx_word' id='word_1_203' title='bbox 2834 1426 2863 1476; x_wconf 91' lang='lat'><strong>6</strong></span> <span class='ocrx_word' id='word_1_204' title='bbox 2892 1424 3085 1496; x_wconf 80' lang='grc' dir='ltr'>ἐχθρός</span> <span class='ocrx_word' id='word_1_205' title='bbox 3120 1442 3221 1493; x_wconf 89' lang='grc' dir='ltr'><strong>μου</strong></span> <span class='ocrx_word' id='word_1_206' title='bbox 3258 1424 3346 1476; x_wconf 78' lang='grc' dir='ltr'>ἐπ’</span> <span class='ocrx_word' id='word_1_207' title='bbox 3380 1423 3503 1475; x_wconf 77' lang='grc' dir='ltr'>ἐαέ.</span> 
     </span>
    </p>
   </div>
   <div class='ocr_carea' id='block_1_35' title="bbox 2087 1516 3355 1592">
    <p class='ocr_par' dir='ltr' id='par_1_35' title="bbox 2087 1516 3355 1592">
     <span class='ocr_line' id='line_1_35' title="bbox 2087 1516 3355 1592; baseline -0.006 -17"><span class='ocrx_word' id='word_1_208' title='bbox 2087 1523 2177 1576; x_wconf 75' lang='grc'><strong>25.</strong></span> <span class='ocrx_word' id='word_1_209' title='bbox 2226 1522 2389 1592; x_wconf 81' lang='grc' dir='ltr'>Ἐμοῢ</span> <span class='ocrx_word' id='word_1_210' title='bbox 2420 1520 2477 1573; x_wconf 82' lang='grc' dir='ltr'><strong>δέ</strong></span> <span class='ocrx_word' id='word_1_211' title='bbox 2509 1520 2595 1573; x_wconf 83' lang='grc' dir='ltr'>διὰ</span> <span class='ocrx_word' id='word_1_212' title='bbox 2628 1521 2727 1589; x_wconf 86' lang='grc' dir='ltr'>τὴν</span> <span class='ocrx_word' id='word_1_213' title='bbox 2762 1519 2996 1572; x_wconf 76' lang='grc' dir='ltr'>ἀκακίαν</span> <span class='ocrx_word' id='word_1_214' title='bbox 3036 1516 3355 1570; x_wconf 79' lang='grc' dir='ltr'>ἀντελάὅουο</span> 
     </span>
    </p>
   </div>
   <div class='ocr_carea' id='block_1_36' title="bbox 2089 1608 3615 1681">
    <p class='ocr_par' dir='ltr' id='par_1_36' title="bbox 2089 1608 3615 1681">
     <span class='ocr_line' id='line_1_36' title="bbox 2089 1608 3615 1681; baseline -0.004 -13"><span class='ocrx_word' id='word_1_215' title='bbox 2089 1613 2178 1668; x_wconf 75' lang='grc'><strong>24.</strong></span> <span class='ocrx_word' id='word_1_216' title='bbox 2215 1614 2325 1667; x_wconf 79' lang='grc' dir='ltr'>Καὶ</span> <span class='ocrx_word' id='word_1_217' title='bbox 2354 1611 2689 1673; x_wconf 77' lang='grc' dir='ltr'>ἐϐεϐαίωσάς</span> <span class='ocrx_word' id='word_1_218' title='bbox 2724 1628 2789 1681; x_wconf 88' lang='grc' dir='ltr'><strong>με</strong></span> <span class='ocrx_word' id='word_1_219' title='bbox 2812 1608 3041 1662; x_wconf 88' lang='grc' dir='ltr'>ἐνώπιόν</span> <span class='ocrx_word' id='word_1_220' title='bbox 3078 1625 3169 1661; x_wconf 87' lang='grc' dir='ltr'><strong>σου</strong></span> <span class='ocrx_word' id='word_1_221' title='bbox 3194 1610 3271 1671; x_wconf 81' lang='grc' dir='ltr'>εἰς</span> <span class='ocrx_word' id='word_1_222' title='bbox 3300 1608 3393 1662; x_wconf 85' lang='grc' dir='ltr'><strong>τὸν</strong></span> <span class='ocrx_word' id='word_1_223' title='bbox 3417 1608 3615 1662; x_wconf 71' lang='grc' dir='ltr'>αἰῶνα.</span> 
     </span>
    </p>
   </div>
   <div class='ocr_carea' id='block_1_37' title="bbox 2088 1701 3253 1775">
    <p class='ocr_par' dir='ltr' id='par_1_37' title="bbox 2088 1701 3253 1775">
     <span class='ocr_line' id='line_1_37' title="bbox 2088 1701 3253 1775; baseline -0.003 -17"><span class='ocrx_word' id='word_1_224' title='bbox 2088 1705 2179 1759; x_wconf 81' lang='grc'><strong>25.</strong></span> <span class='ocrx_word' id='word_1_225' title='bbox 2210 1703 2513 1775; x_wconf 78' lang='grc' dir='ltr'>Εὐλογητὸς</span> <span class='ocrx_word' id='word_1_226' title='bbox 2537 1703 2739 1774; x_wconf 79' lang='grc' dir='ltr'>Κύριος</span> <span class='ocrx_word' id='word_1_227' title='bbox 2773 1704 2801 1755; x_wconf 92' lang='lat'><strong>6</strong></span> <span class='ocrx_word' id='word_1_228' title='bbox 2832 1701 2963 1764; x_wconf 84' lang='grc' dir='ltr'>Θεὸς</span> <span class='ocrx_word' id='word_1_229' title='bbox 3012 1701 3253 1772; x_wconf 87' lang='grc' dir='ltr'>Ἰσραήλ.</span> 
     </span>
    </p>
   </div>
   <div class='ocr_carea' id='block_1_38' title="bbox 1947 1789 3614 1860">
    <p class='ocr_par' dir='ltr' id='par_1_38' title="bbox 1947 1789 3614 1860">
     <span class='ocr_line' id='line_1_38' title="bbox 1947 1789 3614 1860; baseline -0.004 -13"><span class='ocrx_word' id='word_1_230' title='bbox 1947 1806 1989 1860; x_wconf 77' lang='grc' dir='ltr'><strong>Β</strong></span> <span class='ocrx_word' id='word_1_231' title='bbox 2087 1793 2178 1847; x_wconf 86' lang='grc'><strong>26.</strong></span> <span class='ocrx_word' id='word_1_232' title='bbox 2214 1793 2346 1846; x_wconf 84' lang='grc' dir='ltr'>Ἀπὸ</span> <span class='ocrx_word' id='word_1_233' title='bbox 2385 1791 2479 1845; x_wconf 82' lang='grc' dir='ltr'>τοῦ</span> <span class='ocrx_word' id='word_1_234' title='bbox 2523 1790 2718 1855; x_wconf 81' lang='grc' dir='ltr'>αἰῶνος</span> <span class='ocrx_word' id='word_1_235' title='bbox 2752 1791 2845 1845; x_wconf 74' lang='grc' dir='ltr'><strong>καὶ</strong></span> <span class='ocrx_word' id='word_1_236' title='bbox 2876 1792 2954 1853; x_wconf 76' lang='grc' dir='ltr'>εἰς</span> <span class='ocrx_word' id='word_1_237' title='bbox 3004 1789 3095 1843; x_wconf 88' lang='grc' dir='ltr'><strong>τὸν</strong></span> <span class='ocrx_word' id='word_1_238' title='bbox 3153 1789 3344 1854; x_wconf 82' lang='grc' dir='ltr'>αἰῶνα,</span> <span class='ocrx_word' id='word_1_239' title='bbox 3374 1789 3614 1858; x_wconf 81' lang='grc' dir='ltr'>γένοιτο,</span> 
     </span>
    </p>
   </div>
   <div class='ocr_carea' id='block_1_39' title="bbox 2057 1886 2247 1937">
    <p class='ocr_par' dir='ltr' id='par_1_39' title="bbox 2057 1886 2247 1937">
     <span class='ocr_line' id='line_1_39' title="bbox 2057 1886 2247 1937; baseline 0 -1"><span class='ocrx_word' id='word_1_240' title='bbox 2057 1886 2247 1937; x_wconf 85' lang='grc' dir='ltr'>ἐνοιτο.</span> 
     </span>
    </p>
   </div>
   <div class='ocr_carea' id='block_1_40' title="bbox 2020 1902 3535 2043">
    <p class='ocr_par' dir='ltr' id='par_1_40' title="bbox 2020 1902 3535 2043">
     <span class='ocr_line' id='line_1_40' title="bbox 2057 1902 2247 1937; baseline 0 -1"><span class='ocrx_word' id='word_1_241' title='bbox 2057 1902 2247 1937; x_wconf 87' lang='grc' dir='ltr'>ενοιτο.</span> 
     </span>
     <span class='ocr_line' id='line_1_41' title="bbox 2020 1902 3535 2043; baseline -0.001 -15"><span class='ocrx_word' id='word_1_242' title='bbox 2020 1902 2054 1954; x_wconf 66' lang='grc' dir='ltr'><strong>γ</strong></span> <span class='ocrx_word' id='word_1_243' title='bbox 2086 1978 2188 2043; x_wconf 80' lang='grc' dir='ltr'><strong>Εἰς</strong></span> <span class='ocrx_word' id='word_1_244' title='bbox 2225 1977 2290 2030; x_wconf 86' lang='grc' dir='ltr'><strong>τὸ</strong></span> <span class='ocrx_word' id='word_1_245' title='bbox 2346 1978 2555 2043; x_wconf 76' lang='grc' dir='ltr'>τέλος,</span> <span class='ocrx_word' id='word_1_246' title='bbox 2600 1978 2688 2041; x_wconf 84' lang='grc' dir='ltr'>εὶς</span> <span class='ocrx_word' id='word_1_247' title='bbox 2724 1976 2981 2030; x_wconf 73' lang='grc' dir='ltr'>σύνεσιν</span> <span class='ocrx_word' id='word_1_248' title='bbox 3023 1975 3145 2041; x_wconf 84' lang='grc' dir='ltr'>τοῖς</span> <span class='ocrx_word' id='word_1_249' title='bbox 3182 1975 3337 2041; x_wconf 80' lang='grc' dir='ltr'>υἱοῖς</span> <span class='ocrx_word' id='word_1_250' title='bbox 3365 1974 3535 2043; x_wconf 69' lang='grc' dir='ltr'><strong>Κρρέ.</strong></span> 
     </span>
    </p>
   </div>
   <div class='ocr_carea' id='block_1_41' title="bbox 2621 2071 2975 2124">
    <p class='ocr_par' dir='ltr' id='par_1_41' title="bbox 2621 2071 2975 2124">
     <span class='ocr_line' id='line_1_42' title="bbox 2621 2071 2975 2124; baseline 0 -2"><span class='ocrx_word' id='word_1_251' title='bbox 2621 2071 2796 2123; x_wconf 79' lang='grc' dir='ltr'><strong>ΨΑΛ.</strong></span> <span class='ocrx_word' id='word_1_252' title='bbox 2835 2072 2975 2124; x_wconf 85' lang='grc' dir='ltr'><strong>ΜΑ’.</strong></span> 
     </span>
    </p>
   </div>
   <div class='ocr_carea' id='block_1_42' title="bbox 2099 2160 3613 2233">
    <p class='ocr_par' dir='ltr' id='par_1_42' title="bbox 2099 2160 3613 2233">
     <span class='ocr_line' id='line_1_43' title="bbox 2099 2160 3613 2233; baseline 0.002 -20"><span class='ocrx_word' id='word_1_253' title='bbox 2099 2161 2152 2217; x_wconf 90' lang='grc'><strong>1.</strong></span> <span class='ocrx_word' id='word_1_254' title='bbox 2192 2161 2287 2213; x_wconf 90' lang='grc' dir='ltr'>Ὃν</span> <span class='ocrx_word' id='word_1_255' title='bbox 2314 2161 2513 2231; x_wconf 88' lang='grc' dir='ltr'>τρόπον</span> <span class='ocrx_word' id='word_1_256' title='bbox 2542 2160 2853 2233; x_wconf 84' lang='grc' dir='ltr'>ἐπιποθεῖή</span> <span class='ocrx_word' id='word_1_257' title='bbox 2902 2161 3097 2231; x_wconf 74' lang='grc' dir='ltr'>ἔλαφος</span> <span class='ocrx_word' id='word_1_258' title='bbox 3158 2160 3249 2214; x_wconf 77' lang='grc' dir='ltr'>ἐπὶ</span> <span class='ocrx_word' id='word_1_259' title='bbox 3282 2160 3382 2225; x_wconf 80' lang='grc' dir='ltr'>τὰς</span> <span class='ocrx_word' id='word_1_260' title='bbox 3431 2161 3613 2232; x_wconf 74' lang='grc' dir='ltr'>πηγὰς</span> 
     </span>
    </p>
   </div>
   <div class='ocr_carea' id='block_1_43' title="bbox 2028 2248 2398 2303">
    <p class='ocr_par' dir='ltr' id='par_1_43' title="bbox 2028 2248 2398 2303">
     <span class='ocr_line' id='line_1_44' title="bbox 2028 2248 2398 2303; baseline 0.005 -2"><span class='ocrx_word' id='word_1_261' title='bbox 2028 2248 2138 2302; x_wconf 85' lang='grc' dir='ltr'><strong>τῶν</strong></span> <span class='ocrx_word' id='word_1_262' title='bbox 2172 2249 2398 2303; x_wconf 77' lang='grc' dir='ltr'>ὑδάτων·</span> 
     </span>
    </p>
   </div>
   <div class='ocr_carea' id='block_1_44' title="bbox 1466 2375 2478 2440">
    <p class='ocr_par' dir='ltr' id='par_1_44' title="bbox 1466 2375 2478 2440">
     <span class='ocr_line' id='line_1_45' title="bbox 1466 2375 2478 2440; baseline 0.011 -11"><span class='ocrx_word' id='word_1_263' title='bbox 1466 2375 1845 2431; x_wconf 78' lang='lat' dir='ltr'><strong>ATHANASII</strong></span> <span class='ocrx_word' id='word_1_264' title='bbox 1890 2380 2478 2440; x_wconf 77' lang='lat' dir='ltr'><strong>INTERPRETATIO.</strong></span> 
     </span>
    </p>
   </div>
   <div class='ocr_carea' id='block_1_45' title="bbox 414 2492 1913 2571">
    <p class='ocr_par' dir='ltr' id='par_1_45' title="bbox 414 2492 1913 2571">
     <span class='ocr_line' id='line_1_46' title="bbox 414 2492 1913 2571; baseline -0.005 -14"><span class='ocrx_word' id='word_1_265' title='bbox 414 2503 501 2558; x_wconf 80' lang='lat' dir='ltr'><strong>M.</strong></span> <span class='ocrx_word' id='word_1_266' title='bbox 531 2499 594 2555; x_wconf 88' lang='lat' dir='ltr'><strong>Et</strong></span> <span class='ocrx_word' id='word_1_267' title='bbox 615 2499 719 2571; x_wconf 91' lang='lat' dir='ltr'><strong>ipsi</strong></span> <span class='ocrx_word' id='word_1_268' title='bbox 740 2495 913 2553; x_wconf 74' lang='lat' dir='ltr'><strong>Judaai</strong></span> <span class='ocrx_word' id='word_1_269' title='bbox 944 2493 1235 2550; x_wconf 82' lang='lat' dir='ltr'><strong>consilium</strong></span> <span class='ocrx_word' id='word_1_270' title='bbox 1271 2492 1548 2548; x_wconf 86' lang='lat' dir='ltr'><strong>iniverunt</strong></span> <span class='ocrx_word' id='word_1_271' title='bbox 1580 2508 1704 2549; x_wconf 90' lang='lat' dir='ltr'><strong>cum</strong></span> <span class='ocrx_word' id='word_1_272' title='bbox 1732 2492 1871 2550; x_wconf 78' lang='lat' dir='ltr'><strong>Juda</strong></span> <span class='ocrx_word' id='word_1_273' title='bbox 1898 2536 1913 2561; x_wconf 92' lang='lat'><strong>,</strong></span> 
     </span>
    </p>
   </div>
   <div class='ocr_carea' id='block_1_46' title="bbox 412 2669 1329 2741">
    <p class='ocr_par' dir='ltr' id='par_1_46' title="bbox 412 2669 1329 2741">
     <span class='ocr_line' id='line_1_47' title="bbox 412 2669 1329 2741; baseline -0.012 -9"><span class='ocrx_word' id='word_1_274' title='bbox 412 2678 499 2732; x_wconf 85' lang='grc'><strong>15.</strong></span> <span class='ocrx_word' id='word_1_275' title='bbox 539 2673 608 2730; x_wconf 89' lang='lat' dir='ltr'><strong>Ut</strong></span> <span class='ocrx_word' id='word_1_276' title='bbox 630 2689 757 2729; x_wconf 88' lang='lat' dir='ltr'><strong>eum</strong></span> <span class='ocrx_word' id='word_1_277' title='bbox 782 2669 1329 2741; x_wconf 85' lang='lat' dir='ltr'><strong>comprehenderent,</strong></span> 
     </span>
    </p>
   </div>
   <div class='ocr_carea' id='block_1_47' title="bbox 414 2761 1685 2835">
    <p class='ocr_par' dir='ltr' id='par_1_47' title="bbox 414 2761 1685 2835">
     <span class='ocr_line' id='line_1_48' title="bbox 414 2761 1685 2835; baseline -0.01 -12"><span class='ocrx_word' id='word_1_278' title='bbox 414 2767 501 2823; x_wconf 88' lang='grc'><strong>16.</strong></span> <span class='ocrx_word' id='word_1_279' title='bbox 536 2765 609 2821; x_wconf 91' lang='lat' dir='ltr'><strong>Ut</strong></span> <span class='ocrx_word' id='word_1_280' title='bbox 640 2766 821 2835; x_wconf 90' lang='lat' dir='ltr'><strong>ipsum</strong></span> <span class='ocrx_word' id='word_1_281' title='bbox 857 2761 1244 2816; x_wconf 79' lang='lat' dir='ltr'><strong>interﬁcerent.</strong></span> <span class='ocrx_word' id='word_1_282' title='bbox 1682 2814 1685 2817; x_wconf 26' lang='grc' dir='ltr'><strong>γ</strong></span> 
     </span>
    </p>
   </div>
   <div class='ocr_carea' id='block_1_48' title="bbox 414 2852 1909 2924">
    <p class='ocr_par' dir='ltr' id='par_1_48' title="bbox 414 2852 1909 2924">
     <span class='ocr_line' id='line_1_49' title="bbox 414 2852 1909 2924; baseline -0.004 -11"><span class='ocrx_word' id='word_1_283' title='bbox 414 2860 499 2915; x_wconf 84' lang='grc'><strong>17.</strong></span> <span class='ocrx_word' id='word_1_284' title='bbox 531 2858 757 2913; x_wconf 83' lang='lat' dir='ltr'><strong>Mortem</strong></span> <span class='ocrx_word' id='word_1_285' title='bbox 801 2854 1013 2910; x_wconf 86' lang='lat' dir='ltr'><strong>Domini</strong></span> <span class='ocrx_word' id='word_1_286' title='bbox 1059 2853 1361 2924; x_wconf 81' lang='lat' dir='ltr'><strong>signiﬁcat,</strong></span> <span class='ocrx_word' id='word_1_287' title='bbox 1402 2863 1456 2906; x_wconf 87' lang='lat' dir='ltr'><strong>et</strong></span> <span class='ocrx_word' id='word_1_288' title='bbox 1493 2852 1640 2922; x_wconf 93' lang='lat' dir='ltr'><strong>quod</strong></span> <span class='ocrx_word' id='word_1_289' title='bbox 1669 2853 1909 2923; x_wconf 89' lang='lat' dir='ltr'><strong>seipsum</strong></span> 
     </span>
    </p>
   </div>
   <div class='ocr_carea' id='block_1_49' title="bbox 342 2948 705 3006">
    <p class='ocr_par' dir='ltr' id='par_1_49' title="bbox 342 2948 705 3006">
     <span class='ocr_line' id='line_1_50' title="bbox 342 2948 705 3006; baseline -0.011 0"><span class='ocrx_word' id='word_1_290' title='bbox 342 2948 705 3006; x_wconf 86' lang='lat' dir='ltr'><strong>resuscitavit.</strong></span> 
     </span>
    </p>
   </div>
   <div class='ocr_carea' id='block_1_50' title="bbox 2091 2500 3610 2574">
    <p class='ocr_par' dir='ltr' id='par_1_50' title="bbox 2091 2500 3610 2574">
     <span class='ocr_line' id='line_1_51' title="bbox 2091 2500 3610 2574; baseline 0.003 -20"><span class='ocrx_word' id='word_1_291' title='bbox 2091 2502 2172 2555; x_wconf 73' lang='grc'><strong>14.</strong></span> <span class='ocrx_word' id='word_1_292' title='bbox 2208 2504 2315 2555; x_wconf 77' lang='grc' dir='ltr'><strong>Καὶ</strong></span> <span class='ocrx_word' id='word_1_293' title='bbox 2346 2504 2499 2557; x_wconf 68' lang='grc' dir='ltr'>αὐτοὶ</span> <span class='ocrx_word' id='word_1_294' title='bbox 2559 2503 2610 2556; x_wconf 83' lang='grc' dir='ltr'>οἱ</span> <span class='ocrx_word' id='word_1_295' title='bbox 2658 2502 2901 2556; x_wconf 83' lang='grc' dir='ltr'>Ἰουδαῖοι</span> <span class='ocrx_word' id='word_1_296' title='bbox 2962 2500 3412 2556; x_wconf 75' lang='grc' dir='ltr'>συνεϐουλεύοπο</span> <span class='ocrx_word' id='word_1_297' title='bbox 3469 2502 3610 2574; x_wconf 84' lang='grc' dir='ltr'>μετὰ</span> 
     </span>
    </p>
   </div>
   <div class='ocr_carea' id='block_1_51' title="bbox 2018 2594 2346 2663">
    <p class='ocr_par' dir='ltr' id='par_1_51' title="bbox 2018 2594 2346 2663">
     <span class='ocr_line' id='line_1_52' title="bbox 2018 2594 2346 2663; baseline 0.012 -17"><span class='ocrx_word' id='word_1_298' title='bbox 2018 2594 2108 2647; x_wconf 80' lang='grc' dir='ltr'>τοῦ</span> <span class='ocrx_word' id='word_1_299' title='bbox 2154 2595 2346 2663; x_wconf 81' lang='grc' dir='ltr'>Ἰούδα,</span> 
     </span>
    </p>
   </div>
   <div class='ocr_carea' id='block_1_52' title="bbox 2086 2686 2907 2758">
    <p class='ocr_par' dir='ltr' id='par_1_52' title="bbox 2086 2686 2907 2758">
     <span class='ocr_line' id='line_1_53' title="bbox 2086 2686 2907 2758; baseline -0.005 -18"><span class='ocrx_word' id='word_1_300' title='bbox 2086 2687 2175 2740; x_wconf 79' lang='grc'><strong>15.</strong></span> <span class='ocrx_word' id='word_1_301' title='bbox 2200 2688 2317 2741; x_wconf 82' lang='grc' dir='ltr'>Ἵνα</span> <span class='ocrx_word' id='word_1_302' title='bbox 2348 2688 2694 2758; x_wconf 78' lang='grc' dir='ltr'>κρατήσωσιν</span> <span class='ocrx_word' id='word_1_303' title='bbox 2722 2686 2907 2751; x_wconf 77' lang='grc' dir='ltr'>αὐτὸν,</span> 
     </span>
    </p>
   </div>
   <div class='ocr_carea' id='block_1_53' title="bbox 2087 2776 2961 2830">
    <p class='ocr_par' dir='ltr' id='par_1_53' title="bbox 2087 2776 2961 2830">
     <span class='ocr_line' id='line_1_54' title="bbox 2087 2776 2961 2830; baseline -0.002 0"><span class='ocrx_word' id='word_1_304' title='bbox 2087 2776 2175 2830; x_wconf 87' lang='grc'><strong>16.</strong></span> <span class='ocrx_word' id='word_1_305' title='bbox 2208 2776 2326 2829; x_wconf 84' lang='grc' dir='ltr'>Ἵνα</span> <span class='ocrx_word' id='word_1_306' title='bbox 2356 2777 2752 2829; x_wconf 83' lang='grc' dir='ltr'>ἀποκτείνωσιν</span> <span class='ocrx_word' id='word_1_307' title='bbox 2780 2776 2961 2828; x_wconf 81' lang='grc' dir='ltr'>αὐτόν.</span> 
     </span>
    </p>
   </div>
   <div class='ocr_carea' id='block_1_54' title="bbox 2092 2864 3614 2936">
    <p class='ocr_par' dir='ltr' id='par_1_54' title="bbox 2092 2864 3614 2936">
     <span class='ocr_line' id='line_1_55' title="bbox 2092 2864 3614 2936; baseline 0.003 -18"><span class='ocrx_word' id='word_1_308' title='bbox 2092 2866 2179 2918; x_wconf 89' lang='grc'><strong>17.</strong></span> <span class='ocrx_word' id='word_1_309' title='bbox 2213 2866 2316 2919; x_wconf 87' lang='grc' dir='ltr'><strong>Τὸν</strong></span> <span class='ocrx_word' id='word_1_310' title='bbox 2347 2865 2577 2919; x_wconf 82' lang='grc' dir='ltr'>θάνατον</span> <span class='ocrx_word' id='word_1_311' title='bbox 2600 2865 2695 2918; x_wconf 78' lang='grc' dir='ltr'>τοῦ</span> <span class='ocrx_word' id='word_1_312' title='bbox 2725 2866 2930 2936; x_wconf 82' lang='grc' dir='ltr'>Κυρίου</span> <span class='ocrx_word' id='word_1_313' title='bbox 2970 2864 3140 2933; x_wconf 81' lang='grc' dir='ltr'>λέγει,</span> <span class='ocrx_word' id='word_1_314' title='bbox 3192 2866 3285 2918; x_wconf 74' lang='grc' dir='ltr'><strong>καὶ</strong></span> <span class='ocrx_word' id='word_1_315' title='bbox 3316 2866 3399 2919; x_wconf 81' lang='grc' dir='ltr'><strong>ὅτι</strong></span> <span class='ocrx_word' id='word_1_316' title='bbox 3420 2867 3614 2922; x_wconf 79' lang='grc' dir='ltr'>ἐαυτὸν</span> 
     </span>
    </p>
   </div>
   <div class='ocr_carea' id='block_1_55' title="bbox 2019 2957 2337 3028">
    <p class='ocr_par' dir='ltr' id='par_1_55' title="bbox 2019 2957 2337 3028">
     <span class='ocr_line' id='line_1_56' title="bbox 2019 2957 2337 3028; baseline 0 -18"><span class='ocrx_word' id='word_1_317' title='bbox 2019 2957 2337 3028; x_wconf 86' lang='grc' dir='ltr'>ἀνέστησεν.</span> 
     </span>
    </p>
   </div>
   <div class='ocr_carea' id='block_1_56' title="bbox 413 3013 1915 3119">
    <p class='ocr_par' dir='ltr' id='par_1_56' title="bbox 413 3032 1915 3106">
     <span class='ocr_line' id='line_1_57' title="bbox 413 3032 1915 3106; baseline -0.004 -12"><span class='ocrx_word' id='word_1_318' title='bbox 413 3040 501 3094; x_wconf 89' lang='grc'><strong>18.</strong></span> <span class='ocrx_word' id='word_1_319' title='bbox 535 3038 633 3093; x_wconf 84' lang='lat' dir='ltr'><strong>Hic</strong></span> <span class='ocrx_word' id='word_1_320' title='bbox 650 3038 794 3094; x_wconf 90' lang='lat' dir='ltr'><strong>enim</strong></span> <span class='ocrx_word' id='word_1_321' title='bbox 818 3044 904 3091; x_wconf 89' lang='lat' dir='ltr'><strong>est</strong></span> <span class='ocrx_word' id='word_1_322' title='bbox 930 3049 1031 3106; x_wconf 84' lang='lat' dir='ltr'><strong>pax</strong></span> <span class='ocrx_word' id='word_1_323' title='bbox 1060 3042 1247 3089; x_wconf 89' lang='lat' dir='ltr'><strong>nostra</strong></span> <span class='ocrx_word' id='word_1_324' title='bbox 1273 3034 1495 3089; x_wconf 88' lang='lat' dir='ltr'><strong>dicens:</strong></span> <span class='ocrx_word' id='word_1_325' title='bbox 1526 3032 1721 3089; x_wconf 78' lang='lat' dir='ltr'><strong>Pacem</strong></span> <span class='ocrx_word' id='word_1_326' title='bbox 1744 3050 1915 3088; x_wconf 90' lang='lat' dir='ltr'><strong>meam</strong></span> 
     </span>
    </p>
   </div>
   <div class='ocr_carea' id='block_1_57' title="bbox 2075 3013 3611 3119">
    <p class='ocr_par' dir='ltr' id='par_1_57' title="bbox 2088 3013 3611 3119">
     <span class='ocr_line' id='line_1_58' title="bbox 2088 3013 3611 3119; baseline 0.001 -20"><span class='ocrx_word' id='word_1_327' title='bbox 2088 3046 2174 3099; x_wconf 88' lang='grc'><strong>18.</strong></span> <span class='ocrx_word' id='word_1_328' title='bbox 2206 3013 2373 3110; x_wconf 57' lang='grc' dir='ltr'>δῦτος</span> <span class='ocrx_word' id='word_1_329' title='bbox 2542 3046 2649 3117; x_wconf 82' lang='grc' dir='ltr'>γάρ</span> <span class='ocrx_word' id='word_1_330' title='bbox 2683 3046 2831 3099; x_wconf 87' lang='grc' dir='ltr'>ἐστιν</span> <span class='ocrx_word' id='word_1_331' title='bbox 2874 3048 2907 3117; x_wconf 82' lang='grc' dir='ltr'><strong>ἡ</strong></span> <span class='ocrx_word' id='word_1_332' title='bbox 2934 3047 3122 3119; x_wconf 81' lang='grc' dir='ltr'>εἰρήνη</span> <span class='ocrx_word' id='word_1_333' title='bbox 3155 3046 3332 3118; x_wconf 87' lang='grc' dir='ltr'>ήμῶν,</span> <span class='ocrx_word' id='word_1_334' title='bbox 3363 3050 3391 3100; x_wconf 91' lang='lat'><strong>6</strong></span> <span class='ocrx_word' id='word_1_335' title='bbox 3420 3047 3611 3101; x_wconf 77' lang='grc' dir='ltr'>εἰπών·</span> 
     </span>
    </p>
   </div>
   <div class='ocr_carea' id='block_1_58' title="bbox 342 3132 671 3188">
    <p class='ocr_par' dir='ltr' id='par_1_58' title="bbox 342 3132 671 3188">
     <span class='ocr_line' id='line_1_59' title="bbox 342 3132 671 3188; baseline -0.012 0"><span class='ocrx_word' id='word_1_336' title='bbox 342 3136 408 3188; x_wconf 86' lang='lat' dir='ltr'><strong>do</strong></span> <span class='ocrx_word' id='word_1_337' title='bbox 435 3133 575 3187; x_wconf 77' lang='lat' dir='ltr'><strong>vobis</strong></span> <span class='ocrx_word' id='word_1_338' title='bbox 607 3132 671 3185; x_wconf 73' lang='grc' dir='ltr'><strong>θ’.</strong></span> 
     </span>
    </p>
   </div>
   <div class='ocr_carea' id='block_1_59' title="bbox 412 3216 1631 3288">
    <p class='ocr_par' dir='ltr' id='par_1_59' title="bbox 412 3216 1631 3288">
     <span class='ocr_line' id='line_1_60' title="bbox 412 3216 1631 3288; baseline -0.007 -8"><span class='ocrx_word' id='word_1_339' title='bbox 412 3224 500 3281; x_wconf 83' lang='grc'><strong>19.</strong></span> <span class='ocrx_word' id='word_1_340' title='bbox 534 3223 608 3278; x_wconf 91' lang='lat' dir='ltr'><strong>De</strong></span> <span class='ocrx_word' id='word_1_341' title='bbox 627 3221 767 3277; x_wconf 77' lang='lat' dir='ltr'><strong>Juda</strong></span> <span class='ocrx_word' id='word_1_342' title='bbox 792 3219 1054 3288; x_wconf 86' lang='lat' dir='ltr'><strong>loquitur,</strong></span> <span class='ocrx_word' id='word_1_343' title='bbox 1083 3225 1136 3272; x_wconf 89' lang='lat' dir='ltr'><strong>et</strong></span> <span class='ocrx_word' id='word_1_344' title='bbox 1161 3216 1281 3287; x_wconf 87' lang='lat' dir='ltr'><strong>ejus</strong></span> <span class='ocrx_word' id='word_1_345' title='bbox 1304 3216 1631 3286; x_wconf 90' lang='lat' dir='ltr'><strong>proditione.</strong></span> 
     </span>
    </p>
   </div>
   <div class='ocr_carea' id='block_1_60' title="bbox 410 3308 1917 3382">
    <p class='ocr_par' dir='ltr' id='par_1_60' title="bbox 410 3308 1917 3382">
     <span class='ocr_line' id='line_1_61' title="bbox 410 3308 1917 3382; baseline -0.003 -12"><span class='ocrx_word' id='word_1_346' title='bbox 410 3315 501 3370; x_wconf 84' lang='grc'><strong>20.</strong></span> <span class='ocrx_word' id='word_1_347' title='bbox 534 3315 761 3369; x_wconf 90' lang='lat' dir='ltr'><strong>Demum</strong></span> <span class='ocrx_word' id='word_1_348' title='bbox 791 3311 1025 3382; x_wconf 84' lang='lat' dir='ltr'><strong>p0pulus</strong></span> <span class='ocrx_word' id='word_1_349' title='bbox 1064 3325 1095 3364; x_wconf 85' lang='lat' dir='ltr'><strong>a</strong></span> <span class='ocrx_word' id='word_1_350' title='bbox 1128 3308 1361 3363; x_wconf 89' lang='lat' dir='ltr'><strong>Domino</strong></span> <span class='ocrx_word' id='word_1_351' title='bbox 1403 3308 1667 3363; x_wconf 87' lang='lat' dir='ltr'><strong>liberatus</strong></span> <span class='ocrx_word' id='word_1_352' title='bbox 1695 3309 1826 3365; x_wconf 90' lang='lat' dir='ltr'><strong>dicit</strong></span> <span class='ocrx_word' id='word_1_353' title='bbox 1850 3310 1917 3365; x_wconf 90' lang='lat' dir='ltr'><strong>ad</strong></span> 
     </span>
    </p>
   </div>
   <div class='ocr_carea' id='block_1_61' title="bbox 341 3401 1916 3472">
    <p class='ocr_par' dir='ltr' id='par_1_61' title="bbox 341 3401 1916 3472">
     <span class='ocr_line' id='line_1_62' title="bbox 341 3401 1916 3472; baseline -0.005 -9"><span class='ocrx_word' id='word_1_354' title='bbox 341 3423 465 3463; x_wconf 86' lang='lat' dir='ltr'><strong>eum</strong></span> <span class='ocrx_word' id='word_1_355' title='bbox 508 3425 522 3459; x_wconf 88' lang='lat'><strong>:</strong></span> <span class='ocrx_word' id='word_1_356' title='bbox 562 3405 666 3467; x_wconf 89' lang='lat' dir='ltr'><strong>Tu,</strong></span> <span class='ocrx_word' id='word_1_357' title='bbox 699 3402 944 3466; x_wconf 83' lang='lat' dir='ltr'><strong>Domine,</strong></span> <span class='ocrx_word' id='word_1_358' title='bbox 975 3403 1065 3472; x_wconf 88' lang='lat' dir='ltr'><strong>qui</strong></span> <span class='ocrx_word' id='word_1_359' title='bbox 1101 3404 1213 3456; x_wconf 68' lang='lat' dir='ltr'><strong>haec</strong></span> <span class='ocrx_word' id='word_1_360' title='bbox 1266 3401 1597 3469; x_wconf 88' lang='lat' dir='ltr'><strong>sustinuisti,</strong></span> <span class='ocrx_word' id='word_1_361' title='bbox 1648 3401 1916 3457; x_wconf 88' lang='lat' dir='ltr'><strong>resuscita</strong></span> 
     </span>
    </p>
   </div>
   <div class='ocr_carea' id='block_1_62' title="bbox 341 3490 1918 3566">
    <p class='ocr_par' dir='ltr' id='par_1_62' title="bbox 341 3490 1918 3566">
     <span class='ocr_line' id='line_1_63' title="bbox 341 3490 1918 3566; baseline -0.004 -13"><span class='ocrx_word' id='word_1_362' title='bbox 341 3513 443 3552; x_wconf 91' lang='lat' dir='ltr'><strong>nos</strong></span> <span class='ocrx_word' id='word_1_363' title='bbox 473 3511 567 3566; x_wconf 85' lang='lat' dir='ltr'><strong>per</strong></span> <span class='ocrx_word' id='word_1_364' title='bbox 599 3502 830 3548; x_wconf 91' lang='lat' dir='ltr'><strong>mortem</strong></span> <span class='ocrx_word' id='word_1_365' title='bbox 860 3500 1007 3546; x_wconf 87' lang='lat' dir='ltr'><strong>tuam</strong></span> <span class='ocrx_word' id='word_1_366' title='bbox 1030 3530 1045 3556; x_wconf 89' lang='lat'><strong>,</strong></span> <span class='ocrx_word' id='word_1_367' title='bbox 1089 3501 1148 3546; x_wconf 92' lang='lat' dir='ltr'><strong>et</strong></span> <span class='ocrx_word' id='word_1_368' title='bbox 1186 3490 1595 3545; x_wconf 85' lang='lat' dir='ltr'><strong>dominabimur</strong></span> <span class='ocrx_word' id='word_1_369' title='bbox 1627 3493 1918 3561; x_wconf 84' lang='lat' dir='ltr'><strong>potestati-</strong></span> 
     </span>
    </p>
   </div>
   <div class='ocr_carea' id='block_1_63' title="bbox 342 3586 696 3645">
    <p class='ocr_par' dir='ltr' id='par_1_63' title="bbox 342 3586 696 3645">
     <span class='ocr_line' id='line_1_64' title="bbox 342 3586 696 3645; baseline -0.008 1"><span class='ocrx_word' id='word_1_370' title='bbox 342 3592 445 3645; x_wconf 85' lang='lat' dir='ltr'><strong>bus</strong></span> <span class='ocrx_word' id='word_1_371' title='bbox 472 3586 696 3643; x_wconf 88' lang='lat' dir='ltr'><strong>inimici.</strong></span> 
     </span>
    </p>
   </div>
   <div class='ocr_carea' id='block_1_64' title="bbox 410 3676 1916 3748">
    <p class='ocr_par' dir='ltr' id='par_1_64' title="bbox 410 3676 1916 3748">
     <span class='ocr_line' id='line_1_65' title="bbox 410 3676 1916 3748; baseline -0.004 -12"><span class='ocrx_word' id='word_1_372' title='bbox 410 3683 510 3746; x_wconf 83' lang='grc'><strong>21,</strong></span> <span class='ocrx_word' id='word_1_373' title='bbox 544 3681 634 3735; x_wconf 69' lang='grc'><strong>22.</strong></span> <span class='ocrx_word' id='word_1_374' title='bbox 665 3679 801 3735; x_wconf 86' lang='lat' dir='ltr'><strong>Hinc</strong></span> <span class='ocrx_word' id='word_1_375' title='bbox 824 3676 1205 3748; x_wconf 86' lang='lat' dir='ltr'><strong>cognovimus,</strong></span> <span class='ocrx_word' id='word_1_376' title='bbox 1243 3676 1506 3747; x_wconf 87' lang='lat' dir='ltr'><strong>quoniam</strong></span> <span class='ocrx_word' id='word_1_377' title='bbox 1548 3676 1768 3732; x_wconf 84' lang='lat' dir='ltr'><strong>voluisti</strong></span> <span class='ocrx_word' id='word_1_378' title='bbox 1806 3676 1916 3731; x_wconf 92' lang='lat' dir='ltr'><strong>sal-</strong></span> 
     </span>
    </p>
   </div>
   <div class='ocr_carea' id='block_1_65' title="bbox 340 3770 1605 3842">
    <p class='ocr_par' dir='ltr' id='par_1_65' title="bbox 340 3770 1605 3842">
     <span class='ocr_line' id='line_1_66' title="bbox 340 3770 1605 3842; baseline -0.002 -13"><span class='ocrx_word' id='word_1_379' title='bbox 340 3789 468 3829; x_wconf 87' lang='lat' dir='ltr'><strong>vare</strong></span> <span class='ocrx_word' id='word_1_380' title='bbox 490 3788 611 3839; x_wconf 81' lang='lat' dir='ltr'><strong>nos,</strong></span> <span class='ocrx_word' id='word_1_381' title='bbox 641 3787 707 3827; x_wconf 95' lang='lat' dir='ltr'><strong>eo</strong></span> <span class='ocrx_word' id='word_1_382' title='bbox 733 3772 878 3842; x_wconf 91' lang='lat' dir='ltr'><strong>quod</strong></span> <span class='ocrx_word' id='word_1_383' title='bbox 903 3786 1005 3826; x_wconf 88' lang='lat' dir='ltr'><strong>nos</strong></span> <span class='ocrx_word' id='word_1_384' title='bbox 1025 3770 1271 3825; x_wconf 90' lang='lat' dir='ltr'><strong>liberasti</strong></span> <span class='ocrx_word' id='word_1_385' title='bbox 1301 3785 1331 3824; x_wconf 90' lang='lat' dir='ltr'><strong>a</strong></span> <span class='ocrx_word' id='word_1_386' title='bbox 1363 3770 1605 3826; x_wconf 83' lang='lat' dir='ltr'><strong>diabolo.</strong></span> 
     </span>
    </p>
   </div>
   <div class='ocr_carea' id='block_1_66' title="bbox 407 3861 1914 3935">
    <p class='ocr_par' dir='ltr' id='par_1_66' title="bbox 407 3861 1914 3935">
     <span class='ocr_line' id='line_1_67' title="bbox 407 3861 1914 3935; baseline -0.003 -15"><span class='ocrx_word' id='word_1_387' title='bbox 407 3866 497 3920; x_wconf 77' lang='grc'><strong>25.</strong></span> <span class='ocrx_word' id='word_1_388' title='bbox 527 3864 822 3935; x_wconf 89' lang='lat' dir='ltr'><strong>Propterea</strong></span> <span class='ocrx_word' id='word_1_389' title='bbox 866 3863 1155 3934; x_wconf 89' lang='lat' dir='ltr'><strong>suscepisti</strong></span> <span class='ocrx_word' id='word_1_390' title='bbox 1186 3877 1293 3928; x_wconf 92' lang='lat' dir='ltr'><strong>me,</strong></span> <span class='ocrx_word' id='word_1_391' title='bbox 1332 3863 1461 3933; x_wconf 86' lang='lat' dir='ltr'><strong>quia</strong></span> <span class='ocrx_word' id='word_1_392' title='bbox 1489 3863 1706 3917; x_wconf 88' lang='lat' dir='ltr'><strong>sincero</strong></span> <span class='ocrx_word' id='word_1_393' title='bbox 1746 3861 1914 3917; x_wconf 87' lang='lat' dir='ltr'><strong>corde</strong></span> 
     </span>
    </p>
   </div>
   <div class='ocr_carea' id='block_1_67' title="bbox 337 3958 1671 4115">
    <p class='ocr_par' dir='ltr' id='par_1_67' title="bbox 337 3958 1671 4115">
     <span class='ocr_line' id='line_1_68' title="bbox 337 3958 1671 4115; baseline 0.04 -22"><span class='ocrx_word' id='word_1_394' title='bbox 337 3958 603 4101; x_wconf 38' lang='lat' dir='ltr'><strong>orgiidlét</strong></span> <span class='ocrx_word' id='word_1_395' title='bbox 629 4044 927 4114; x_wconf 85' lang='lat' dir='ltr'><strong>promisisti</strong></span> <span class='ocrx_word' id='word_1_396' title='bbox 954 4044 1087 4100; x_wconf 89' lang='lat' dir='ltr'><strong>mihi</strong></span> <span class='ocrx_word' id='word_1_397' title='bbox 1120 4058 1348 4115; x_wconf 69' lang='lat' dir='ltr'><strong>regnum</strong></span> <span class='ocrx_word' id='word_1_398' title='bbox 1380 4043 1671 4099; x_wconf 50' lang='lat' dir='ltr'><strong>malorum</strong></span> 
     </span>
    </p>
   </div>
   <div class='ocr_carea' id='block_1_68' title="bbox 405 4133 1917 4206">
    <p class='ocr_par' dir='ltr' id='par_1_68' title="bbox 405 4133 1917 4206">
     <span class='ocr_line' id='line_1_69' title="bbox 405 4133 1917 4206; baseline -0.002 -14"><span class='ocrx_word' id='word_1_399' title='bbox 405 4140 513 4206; x_wconf 79' lang='grc'><strong>25,</strong></span> <span class='ocrx_word' id='word_1_400' title='bbox 542 4138 634 4195; x_wconf 84' lang='grc'><strong>26.</strong></span> <span class='ocrx_word' id='word_1_401' title='bbox 680 4137 1007 4193; x_wconf 87' lang='lat' dir='ltr'><strong>Benedictus</strong></span> <span class='ocrx_word' id='word_1_402' title='bbox 1048 4134 1313 4190; x_wconf 90' lang='lat' dir='ltr'><strong>Dominus</strong></span> <span class='ocrx_word' id='word_1_403' title='bbox 1361 4133 1506 4189; x_wconf 90' lang='lat' dir='ltr'><strong>Deus</strong></span> <span class='ocrx_word' id='word_1_404' title='bbox 1551 4135 1801 4189; x_wconf 90' lang='lat' dir='ltr'><strong>cordium</strong></span> <span class='ocrx_word' id='word_1_405' title='bbox 1837 4136 1917 4189; x_wconf 90' lang='lat' dir='ltr'><strong>vi-</strong></span> 
     </span>
    </p>
   </div>
   <div class='ocr_carea' id='block_1_69' title="bbox 337 4226 1917 4299">
    <p class='ocr_par' dir='ltr' id='par_1_69' title="bbox 337 4226 1917 4299">
     <span class='ocr_line' id='line_1_70' title="bbox 337 4226 1917 4299; baseline -0.003 -14"><span class='ocrx_word' id='word_1_406' title='bbox 337 4232 582 4286; x_wconf 87' lang='lat' dir='ltr'><strong>dentium</strong></span> <span class='ocrx_word' id='word_1_407' title='bbox 626 4244 749 4286; x_wconf 90' lang='lat' dir='ltr'><strong>eum</strong></span> <span class='ocrx_word' id='word_1_408' title='bbox 792 4245 823 4284; x_wconf 90' lang='lat' dir='ltr'><strong>a</strong></span> <span class='ocrx_word' id='word_1_409' title='bbox 863 4229 1120 4299; x_wconf 72' lang='lat' dir='ltr'><strong>praesenti</strong></span> <span class='ocrx_word' id='word_1_410' title='bbox 1145 4227 1377 4291; x_wconf 64' lang='lat' dir='ltr'><strong>saeculo,</strong></span> <span class='ocrx_word' id='word_1_411' title='bbox 1406 4234 1459 4280; x_wconf 85' lang='lat' dir='ltr'><strong>et</strong></span> <span class='ocrx_word' id='word_1_412' title='bbox 1492 4241 1665 4295; x_wconf 86' lang='lat' dir='ltr'><strong>usque</strong></span> <span class='ocrx_word' id='word_1_413' title='bbox 1692 4226 1745 4280; x_wconf 94' lang='lat' dir='ltr'><strong>in</strong></span> <span class='ocrx_word' id='word_1_414' title='bbox 1770 4242 1917 4282; x_wconf 86' lang='lat' dir='ltr'><strong>sem-</strong></span> 
     </span>
    </p>
   </div>
   <div class='ocr_carea' id='block_1_70' title="bbox 2014 3137 3041 3208">
    <p class='ocr_par' dir='ltr' id='par_1_70' title="bbox 2014 3137 3041 3208">
     <span class='ocr_line' id='line_1_71' title="bbox 2014 3137 3041 3208; baseline 0.002 -18"><span class='ocrx_word' id='word_1_415' title='bbox 2014 3137 2276 3207; x_wconf 75' lang='grc' dir='ltr'>Εἰρήνην</span> <span class='ocrx_word' id='word_1_416' title='bbox 2307 3137 2423 3207; x_wconf 78' lang='grc' dir='ltr'><strong>τὴν</strong></span> <span class='ocrx_word' id='word_1_417' title='bbox 2451 3138 2608 3207; x_wconf 74' lang='grc' dir='ltr'><strong>ἐμὴν</strong></span> <span class='ocrx_word' id='word_1_418' title='bbox 2639 3137 2845 3208; x_wconf 78' lang='grc' dir='ltr'>δίδωμι</span> <span class='ocrx_word' id='word_1_419' title='bbox 2879 3139 3041 3207; x_wconf 78' lang='grc' dir='ltr'><strong>ὑμῖν.</strong></span> 
     </span>
    </p>
   </div>
   <div class='ocr_carea' id='block_1_71' title="bbox 2094 3228 3617 3300">
    <p class='ocr_par' dir='ltr' id='par_1_71' title="bbox 2094 3228 3617 3300">
     <span class='ocr_line' id='line_1_72' title="bbox 2094 3228 3617 3300; baseline 0.003 -19"><span class='ocrx_word' id='word_1_420' title='bbox 2094 3228 2180 3282; x_wconf 84' lang='grc'><strong>19.</strong></span> <span class='ocrx_word' id='word_1_421' title='bbox 2204 3230 2340 3300; x_wconf 74' lang='grc' dir='ltr'>Περὶ</span> <span class='ocrx_word' id='word_1_422' title='bbox 2366 3228 2461 3281; x_wconf 76' lang='grc' dir='ltr'>τοῦ</span> <span class='ocrx_word' id='word_1_423' title='bbox 2477 3229 2647 3282; x_wconf 80' lang='grc' dir='ltr'>Ἰούδα</span> <span class='ocrx_word' id='word_1_424' title='bbox 2663 3229 2830 3298; x_wconf 83' lang='grc' dir='ltr'>λέγει,</span> <span class='ocrx_word' id='word_1_425' title='bbox 2860 3230 2954 3283; x_wconf 70' lang='grc' dir='ltr'><strong>καὶ</strong></span> <span class='ocrx_word' id='word_1_426' title='bbox 2987 3230 3085 3300; x_wconf 81' lang='grc' dir='ltr'>τῆς</span> <span class='ocrx_word' id='word_1_427' title='bbox 3104 3228 3395 3299; x_wconf 82' lang='grc' dir='ltr'>προδοσίας</span> <span class='ocrx_word' id='word_1_428' title='bbox 3422 3232 3617 3286; x_wconf 79' lang='grc' dir='ltr'>αὐτοῦ.</span> 
     </span>
    </p>
   </div>
   <div class='ocr_carea' id='block_1_72' title="bbox 2086 3322 3614 3397">
    <p class='ocr_par' dir='ltr' id='par_1_72' title="bbox 2086 3322 3614 3397">
     <span class='ocr_line' id='line_1_73' title="bbox 2086 3322 3614 3397; baseline 0.004 -21"><span class='ocrx_word' id='word_1_429' title='bbox 2086 3323 2176 3376; x_wconf 83' lang='grc'><strong>20.</strong></span> <span class='ocrx_word' id='word_1_430' title='bbox 2206 3322 2408 3375; x_wconf 83' lang='grc' dir='ltr'>Λοιπὸν</span> <span class='ocrx_word' id='word_1_431' title='bbox 2432 3324 2461 3376; x_wconf 91' lang='lat'><strong>6</strong></span> <span class='ocrx_word' id='word_1_432' title='bbox 2494 3323 2711 3393; x_wconf 74' lang='grc' dir='ltr'>ρυσθεὶς</span> <span class='ocrx_word' id='word_1_433' title='bbox 2749 3323 2838 3376; x_wconf 76' lang='grc' dir='ltr'><strong>διὰ</strong></span> <span class='ocrx_word' id='word_1_434' title='bbox 2895 3325 2989 3376; x_wconf 75' lang='grc' dir='ltr'>τοῦ</span> <span class='ocrx_word' id='word_1_435' title='bbox 3045 3325 3250 3395; x_wconf 83' lang='grc' dir='ltr'>Κυρίου</span> <span class='ocrx_word' id='word_1_436' title='bbox 3287 3325 3415 3389; x_wconf 83' lang='grc' dir='ltr'>λαὸς</span> <span class='ocrx_word' id='word_1_437' title='bbox 3465 3327 3614 3397; x_wconf 82' lang='grc' dir='ltr'>λέγει</span> 
     </span>
    </p>
   </div>
   <div class='ocr_carea' id='block_1_73' title="bbox 2020 3412 3615 3489">
    <p class='ocr_par' dir='ltr' id='par_1_73' title="bbox 2020 3412 3615 3489">
     <span class='ocr_line' id='line_1_74' title="bbox 2020 3412 3615 3489; baseline 0.004 -24"><span class='ocrx_word' id='word_1_438' title='bbox 2020 3412 2154 3483; x_wconf 92' lang='grc' dir='ltr'>πρὸς</span> <span class='ocrx_word' id='word_1_439' title='bbox 2184 3412 2363 3465; x_wconf 75' lang='grc' dir='ltr'>αὐτόν·</span> <span class='ocrx_word' id='word_1_440' title='bbox 2384 3413 2484 3477; x_wconf 83' lang='grc' dir='ltr'><strong>Σὺ,</strong></span> <span class='ocrx_word' id='word_1_441' title='bbox 2502 3413 2695 3484; x_wconf 86' lang='grc' dir='ltr'>Κύριε,</span> <span class='ocrx_word' id='word_1_442' title='bbox 2724 3415 2752 3466; x_wconf 88' lang='lat'><strong>6</strong></span> <span class='ocrx_word' id='word_1_443' title='bbox 2773 3415 2943 3468; x_wconf 79' lang='grc' dir='ltr'>ταῦτα</span> <span class='ocrx_word' id='word_1_444' title='bbox 2973 3417 3615 3489; x_wconf 70' lang='grc' dir='ltr'>ὑπομείνας,ἀνάπτησον</span> 
     </span>
    </p>
   </div>
   <div class='ocr_carea' id='block_1_74' title="bbox 2017 3504 3613 3582">
    <p class='ocr_par' dir='ltr' id='par_1_74' title="bbox 2017 3504 3613 3582">
     <span class='ocr_line' id='line_1_75' title="bbox 2017 3504 3613 3582; baseline 0.006 -27"><span class='ocrx_word' id='word_1_445' title='bbox 2017 3504 2165 3573; x_wconf 79' lang='grc' dir='ltr'>ἡμᾶς</span> <span class='ocrx_word' id='word_1_446' title='bbox 2190 3504 2277 3556; x_wconf 78' lang='grc' dir='ltr'><strong>διὰ</strong></span> <span class='ocrx_word' id='word_1_447' title='bbox 2305 3504 2395 3556; x_wconf 72' lang='grc' dir='ltr'>τοῦ</span> <span class='ocrx_word' id='word_1_448' title='bbox 2424 3504 2655 3561; x_wconf 84' lang='grc' dir='ltr'>Θανάτου</span> <span class='ocrx_word' id='word_1_449' title='bbox 2690 3523 2805 3573; x_wconf 88' lang='grc' dir='ltr'>σου,</span> <span class='ocrx_word' id='word_1_450' title='bbox 2836 3509 2930 3561; x_wconf 74' lang='grc' dir='ltr'><strong>καὶ</strong></span> <span class='ocrx_word' id='word_1_451' title='bbox 2964 3511 3325 3582; x_wconf 80' lang='grc' dir='ltr'>κυριεύσομεν</span> <span class='ocrx_word' id='word_1_452' title='bbox 3374 3510 3483 3563; x_wconf 88' lang='grc' dir='ltr'><strong>τῶν</strong></span> <span class='ocrx_word' id='word_1_453' title='bbox 3515 3511 3613 3565; x_wconf 88' lang='grc' dir='ltr'><strong>δυ-</strong></span> 
     </span>
    </p>
   </div>
   <div class='ocr_carea' id='block_1_75' title="bbox 2018 3594 2610 3669">
    <p class='ocr_par' dir='ltr' id='par_1_75' title="bbox 2018 3594 2610 3669">
     <span class='ocr_line' id='line_1_76' title="bbox 2018 3594 2610 3669; baseline 0.007 -23"><span class='ocrx_word' id='word_1_454' title='bbox 2018 3595 2234 3664; x_wconf 83' lang='grc' dir='ltr'>νάμεων</span> <span class='ocrx_word' id='word_1_455' title='bbox 2264 3594 2357 3647; x_wconf 81' lang='grc' dir='ltr'>τοῦ</span> <span class='ocrx_word' id='word_1_456' title='bbox 2393 3596 2610 3669; x_wconf 76' lang='grc' dir='ltr'>ἐχθροῦ.</span> 
     </span>
    </p>
   </div>
   <div class='ocr_carea' id='block_1_76' title="bbox 2084 3688 3614 3766">
    <p class='ocr_par' dir='ltr' id='par_1_76' title="bbox 2084 3688 3614 3766">
     <span class='ocr_line' id='line_1_77' title="bbox 2084 3688 3614 3766; baseline 0.007 -25"><span class='ocrx_word' id='word_1_457' title='bbox 2084 3688 2285 3751; x_wconf 54' lang='grc'><strong>2122.</strong></span> <span class='ocrx_word' id='word_1_458' title='bbox 2329 3691 2609 3744; x_wconf 74' lang='grc' dir='ltr'>Ἐντεῦθεν</span> <span class='ocrx_word' id='word_1_459' title='bbox 2644 3692 2963 3765; x_wconf 74' lang='grc' dir='ltr'>ἐγνώκαμεν</span> <span class='ocrx_word' id='word_1_460' title='bbox 2990 3695 3071 3748; x_wconf 86' lang='grc' dir='ltr'><strong>ὄτι</strong></span> <span class='ocrx_word' id='word_1_461' title='bbox 3107 3696 3385 3766; x_wconf 74' lang='grc' dir='ltr'>ἠθέλησας</span> <span class='ocrx_word' id='word_1_462' title='bbox 3436 3697 3614 3751; x_wconf 89' lang='grc' dir='ltr'>σῶσαι</span> 
     </span>
    </p>
   </div>
   <div class='ocr_carea' id='block_1_77' title="bbox 2018 3776 3335 3856">
    <p class='ocr_par' dir='ltr' id='par_1_77' title="bbox 2018 3776 3335 3856">
     <span class='ocr_line' id='line_1_78' title="bbox 2018 3776 3335 3856; baseline 0.008 -24"><span class='ocrx_word' id='word_1_463' title='bbox 2018 3781 2184 3851; x_wconf 77' lang='grc' dir='ltr'>ἡμᾶς,</span> <span class='ocrx_word' id='word_1_464' title='bbox 2212 3782 2303 3849; x_wconf 77' lang='grc' dir='ltr'><strong>ἀφ’</strong></span> <span class='ocrx_word' id='word_1_465' title='bbox 2331 3776 2404 3834; x_wconf 82' lang='grc' dir='ltr'>ὧν</span> <span class='ocrx_word' id='word_1_466' title='bbox 2424 3784 2639 3854; x_wconf 76' lang='grc' dir='ltr'>ἐρρύσω</span> <span class='ocrx_word' id='word_1_467' title='bbox 2671 3788 2818 3856; x_wconf 76' lang='grc' dir='ltr'>ἡμᾶς</span> <span class='ocrx_word' id='word_1_468' title='bbox 2851 3789 2913 3839; x_wconf 88' lang='grc' dir='ltr'><strong>ἐκ</strong></span> <span class='ocrx_word' id='word_1_469' title='bbox 2945 3787 3037 3839; x_wconf 82' lang='grc' dir='ltr'>τοῦ</span> <span class='ocrx_word' id='word_1_470' title='bbox 3067 3787 3335 3842; x_wconf 74' lang='grc' dir='ltr'>διαϐόλου.</span> 
     </span>
    </p>
   </div>
   <div class='ocr_carea' id='block_1_78' title="bbox 2088 3870 3613 3953">
    <p class='ocr_par' dir='ltr' id='par_1_78' title="bbox 2088 3870 3613 3953">
     <span class='ocr_line' id='line_1_79' title="bbox 2088 3870 3613 3953; baseline 0.008 -31"><span class='ocrx_word' id='word_1_471' title='bbox 2088 3870 2179 3924; x_wconf 77' lang='grc'><strong>25.</strong></span> <span class='ocrx_word' id='word_1_472' title='bbox 2215 3872 2314 3925; x_wconf 81' lang='grc' dir='ltr'>Διά</span> <span class='ocrx_word' id='word_1_473' title='bbox 2338 3874 2493 3927; x_wconf 84' lang='grc' dir='ltr'>τοῦτο</span> <span class='ocrx_word' id='word_1_474' title='bbox 2512 3877 2807 3930; x_wconf 80' lang='grc' dir='ltr'>ἀντελάϐου</span> <span class='ocrx_word' id='word_1_475' title='bbox 2837 3896 2961 3949; x_wconf 86' lang='grc' dir='ltr'>μου,</span> <span class='ocrx_word' id='word_1_476' title='bbox 3017 3880 3100 3932; x_wconf 86' lang='grc' dir='ltr'>ὃτι</span> <span class='ocrx_word' id='word_1_477' title='bbox 3126 3880 3185 3931; x_wconf 86' lang='grc' dir='ltr'><strong>ἐν</strong></span> <span class='ocrx_word' id='word_1_478' title='bbox 3216 3880 3435 3952; x_wconf 83' lang='grc' dir='ltr'>καθαρᾷ</span> <span class='ocrx_word' id='word_1_479' title='bbox 3477 3898 3613 3953; x_wconf 88' lang='grc' dir='ltr'>καρ-</span> 
     </span>
    </p>
   </div>
   <div class='ocr_carea' id='block_1_79' title="bbox 2016 3962 2437 4034">
    <p class='ocr_par' dir='ltr' id='par_1_79' title="bbox 2016 3962 2437 4034">
     <span class='ocr_line' id='line_1_80' title="bbox 2016 3962 2437 4034; baseline 0.01 -19"><span class='ocrx_word' id='word_1_480' title='bbox 2016 3962 2105 4034; x_wconf 74' lang='grc' dir='ltr'><strong>δίᾳ</strong></span> <span class='ocrx_word' id='word_1_481' title='bbox 2124 3964 2437 4019; x_wconf 77' lang='grc' dir='ltr'>ἐπίστευσα.</span> 
     </span>
    </p>
   </div>
   <div class='ocr_carea' id='block_1_80' title="bbox 2086 4054 3612 4139">
    <p class='ocr_par' dir='ltr' id='par_1_80' title="bbox 2086 4054 3612 4139">
     <span class='ocr_line' id='line_1_81' title="bbox 2086 4054 3612 4139; baseline 0.008 -33"><span class='ocrx_word' id='word_1_482' title='bbox 2086 4054 2176 4107; x_wconf 70' lang='grc'><strong>24.</strong></span> <span class='ocrx_word' id='word_1_483' title='bbox 2196 4056 2306 4108; x_wconf 74' lang='grc' dir='ltr'>Καὶ</span> <span class='ocrx_word' id='word_1_484' title='bbox 2326 4058 2640 4129; x_wconf 86' lang='grc' dir='ltr'>ἐπηγγείλω</span> <span class='ocrx_word' id='word_1_485' title='bbox 2676 4078 2765 4131; x_wconf 90' lang='grc' dir='ltr'><strong>μοι</strong></span> <span class='ocrx_word' id='word_1_486' title='bbox 2794 4062 2891 4132; x_wconf 84' lang='grc' dir='ltr'><strong>τὴν</strong></span> <span class='ocrx_word' id='word_1_487' title='bbox 2916 4063 3192 4132; x_wconf 83' lang='grc' dir='ltr'>βασιλείαν</span> <span class='ocrx_word' id='word_1_488' title='bbox 3218 4065 3326 4119; x_wconf 88' lang='grc' dir='ltr'><strong>τῶν</strong></span> <span class='ocrx_word' id='word_1_489' title='bbox 3345 4066 3612 4139; x_wconf 79' lang='grc' dir='ltr'>οὐρανῶν.</span> 
     </span>
    </p>
   </div>
   <div class='ocr_carea' id='block_1_81' title="bbox 2088 4146 3614 4230">
    <p class='ocr_par' dir='ltr' id='par_1_81' title="bbox 2088 4146 3614 4230">
     <span class='ocr_line' id='line_1_82' title="bbox 2088 4146 3614 4230; baseline 0.009 -31"><span class='ocrx_word' id='word_1_490' title='bbox 2088 4146 2180 4211; x_wconf 80' lang='grc'><strong>25,</strong></span> <span class='ocrx_word' id='word_1_491' title='bbox 2234 4147 2323 4202; x_wconf 87' lang='grc'><strong>26.</strong></span> <span class='ocrx_word' id='word_1_492' title='bbox 2383 4150 2689 4223; x_wconf 80' lang='grc' dir='ltr'>Εὐλογητὸς</span> <span class='ocrx_word' id='word_1_493' title='bbox 2748 4154 2955 4224; x_wconf 81' lang='grc' dir='ltr'>Κύριος</span> <span class='ocrx_word' id='word_1_494' title='bbox 3006 4157 3194 4221; x_wconf 84' lang='grc' dir='ltr'>ὁΘεὸς</span> <span class='ocrx_word' id='word_1_495' title='bbox 3234 4158 3342 4210; x_wconf 89' lang='grc' dir='ltr'><strong>τῶν</strong></span> <span class='ocrx_word' id='word_1_496' title='bbox 3374 4159 3614 4230; x_wconf 69' lang='grc' dir='ltr'>καρδιῶν</span> 
     </span>
    </p>
   </div>
   <div class='ocr_carea' id='block_1_82' title="bbox 2018 4240 3611 4314">
    <p class='ocr_par' dir='ltr' id='par_1_82' title="bbox 2018 4240 3611 4314">
     <span class='ocr_line' id='line_1_83' title="bbox 2018 4240 3611 4314; baseline 0.006 -21"><span class='ocrx_word' id='word_1_497' title='bbox 2018 4240 2127 4294; x_wconf 86' lang='grc' dir='ltr'><strong>τῶν</strong></span> <span class='ocrx_word' id='word_1_498' title='bbox 2159 4242 2409 4314; x_wconf 85' lang='grc' dir='ltr'>ὁρώντων</span> <span class='ocrx_word' id='word_1_499' title='bbox 2444 4247 2605 4300; x_wconf 78' lang='grc' dir='ltr'>αὑτὸν</span> <span class='ocrx_word' id='word_1_500' title='bbox 2634 4247 2744 4301; x_wconf 90' lang='grc' dir='ltr'><strong>ἀπὸ</strong></span> <span class='ocrx_word' id='word_1_501' title='bbox 2766 4248 2859 4301; x_wconf 78' lang='grc' dir='ltr'><strong>τοῦ</strong></span> <span class='ocrx_word' id='word_1_502' title='bbox 2891 4246 2987 4302; x_wconf 81' lang='grc' dir='ltr'>νῦν</span> <span class='ocrx_word' id='word_1_503' title='bbox 3027 4248 3223 4312; x_wconf 85' lang='grc' dir='ltr'>αἰῶνος</span> <span class='ocrx_word' id='word_1_504' title='bbox 3254 4251 3347 4303; x_wconf 72' lang='grc' dir='ltr'><strong>καὶ</strong></span> <span class='ocrx_word' id='word_1_505' title='bbox 3386 4251 3490 4313; x_wconf 83' lang='grc' dir='ltr'>ἓως</span> <span class='ocrx_word' id='word_1_506' title='bbox 3517 4250 3611 4303; x_wconf 78' lang='grc' dir='ltr'>τοῦ</span> 
     </span>
    </p>
   </div>
   <div class='ocr_carea' id='block_1_83' title="bbox 338 4319 1915 4424">
    <p class='ocr_par' dir='ltr' id='par_1_83' title="bbox 338 4319 1915 4392">
     <span class='ocr_line' id='line_1_84' title="bbox 338 4319 1915 4392; baseline 0 -15"><span class='ocrx_word' id='word_1_507' title='bbox 338 4324 633 4392; x_wconf 89' lang='lat' dir='ltr'><strong>piternum.</strong></span> <span class='ocrx_word' id='word_1_508' title='bbox 677 4324 848 4378; x_wconf 86' lang='lat' dir='ltr'><strong>Amen</strong></span> <span class='ocrx_word' id='word_1_509' title='bbox 882 4323 1075 4376; x_wconf 83' lang='lat' dir='ltr'><strong>Amen.</strong></span> <span class='ocrx_word' id='word_1_510' title='bbox 1129 4319 1291 4375; x_wconf 87' lang='lat' dir='ltr'><strong>Israel</strong></span> <span class='ocrx_word' id='word_1_511' title='bbox 1328 4319 1473 4373; x_wconf 89' lang='lat' dir='ltr'><strong>enim</strong></span> <span class='ocrx_word' id='word_1_512' title='bbox 1527 4319 1915 4389; x_wconf 87' lang='lat' dir='ltr'><strong>interpretatur</strong></span> 
     </span>
    </p>
   </div>
   <div class='ocr_carea' id='block_1_84' title="bbox 2075 4319 3610 4424">
    <p class='ocr_par' dir='ltr' id='par_1_84' title="bbox 2075 4334 3610 4414">
     <span class='ocr_line' id='line_1_85' title="bbox 2075 4334 3610 4414; baseline 0.007 -29"><span class='ocrx_word' id='word_1_513' title='bbox 2075 4334 2403 4406; x_wconf 72' lang='grc' dir='ltr'>ςελευτήτου.</span> <span class='ocrx_word' id='word_1_514' title='bbox 2442 4339 2633 4409; x_wconf 85' lang='grc' dir='ltr'>Ἀμὴν,</span> <span class='ocrx_word' id='word_1_515' title='bbox 2668 4340 2838 4411; x_wconf 86' lang='grc' dir='ltr'>ἀμήν.</span> <span class='ocrx_word' id='word_1_516' title='bbox 2880 4339 3097 4411; x_wconf 84' lang='grc' dir='ltr'>Ἰσραὴλ</span> <span class='ocrx_word' id='word_1_517' title='bbox 3149 4340 3247 4411; x_wconf 89' lang='grc' dir='ltr'><strong>μὲν</strong></span> <span class='ocrx_word' id='word_1_518' title='bbox 3293 4340 3401 4414; x_wconf 82' lang='grc' dir='ltr'>γὰρ</span> <span class='ocrx_word' id='word_1_519' title='bbox 3438 4342 3610 4413; x_wconf 79' lang='grc' dir='ltr'>ἑρμη-</span> 
     </span>
    </p>
   </div>
   <div class='ocr_carea' id='block_1_85' title="bbox 337 4410 1915 4502">
    <p class='ocr_par' dir='ltr' id='par_1_85' title="bbox 337 4410 1915 4477">
     <span class='ocr_line' id='line_1_86' title="bbox 337 4410 1915 4477; baseline 0.001 -12"><span class='ocrx_word' id='word_1_520' title='bbox 337 4430 482 4467; x_wconf 78' lang='lat' dir='ltr'><strong>mens</strong></span> <span class='ocrx_word' id='word_1_521' title='bbox 530 4413 705 4467; x_wconf 78' lang='lat' dir='ltr'><strong>videns</strong></span> <span class='ocrx_word' id='word_1_522' title='bbox 757 4412 946 4466; x_wconf 83' lang='lat' dir='ltr'><strong>Deum.</strong></span> <span class='ocrx_word' id='word_1_523' title='bbox 1008 4410 1145 4465; x_wconf 89' lang='lat' dir='ltr'><strong>Illud</strong></span> <span class='ocrx_word' id='word_1_524' title='bbox 1195 4419 1374 4464; x_wconf 85' lang='lat' dir='ltr'><strong>autem</strong></span> <span class='ocrx_word' id='word_1_525' title='bbox 1427 4410 1525 4477; x_wconf 85' lang='lat' dir='ltr'><strong>ﬁat</strong></span> <span class='ocrx_word' id='word_1_526' title='bbox 1583 4410 1703 4467; x_wconf 91' lang='lat' dir='ltr'><strong>loco</strong></span> <span class='ocrx_word' id='word_1_527' title='bbox 1754 4414 1915 4467; x_wconf 83' lang='lat' dir='ltr'><strong>Amen</strong></span> 
     </span>
    </p>
   </div>
   <div class='ocr_carea' id='block_1_86' title="bbox 2075 4410 3611 4502">
    <p class='ocr_par' dir='ltr' id='par_1_86' title="bbox 2075 4410 3611 4502">
     <span class='ocr_line' id='line_1_87' title="bbox 2075 4410 3611 4502; baseline 0.006 -26"><span class='ocrx_word' id='word_1_528' title='bbox 2075 4425 2240 4479; x_wconf 76' lang='grc' dir='ltr'>ιύεται</span> <span class='ocrx_word' id='word_1_529' title='bbox 2267 4429 2413 4495; x_wconf 72' lang='grc' dir='ltr'>νοῦς</span> <span class='ocrx_word' id='word_1_530' title='bbox 2446 4429 2602 4497; x_wconf 78' lang='grc' dir='ltr'>ὀρῶν</span> <span class='ocrx_word' id='word_1_531' title='bbox 2652 4410 2822 4483; x_wconf 61' lang='grc' dir='ltr'>Θεόκο</span> <span class='ocrx_word' id='word_1_532' title='bbox 2862 4432 2923 4485; x_wconf 87' lang='grc' dir='ltr'><strong>τὸ</strong></span> <span class='ocrx_word' id='word_1_533' title='bbox 2961 4410 3024 4486; x_wconf 13' lang='grc' dir='ltr'><strong>Ϋδὲ</strong></span> <span class='ocrx_word' id='word_1_534' title='bbox 3054 4410 3309 4502; x_wconf 45' lang='grc' dir='ltr'>γένοιτο</span> <span class='ocrx_word' id='word_1_535' title='bbox 3352 4410 3480 4487; x_wconf 25' lang='grc' dir='ltr'>ἀντὶ.</span> <span class='ocrx_word' id='word_1_536' title='bbox 3511 4410 3611 4486; x_wconf 72' lang='grc' dir='ltr'>τοῦ</span> 
     </span>
    </p>
   </div>
   <div class='ocr_carea' id='block_1_87' title="bbox 334 4506 581 4576">
    <p class='ocr_par' dir='ltr' id='par_1_87' title="bbox 334 4506 581 4576">
     <span class='ocr_line' id='line_1_88' title="bbox 334 4506 581 4576; baseline -0.004 -18"><span class='ocrx_word' id='word_1_537' title='bbox 334 4506 581 4576; x_wconf 85' lang='lat' dir='ltr'><strong>ponitur.</strong></span> 
     </span>
    </p>
   </div>
   <div class='ocr_carea' id='block_1_88' title="bbox 2016 4515 2517 4589">
    <p class='ocr_par' dir='ltr' id='par_1_88' title="bbox 2016 4515 2517 4589">
     <span class='ocr_line' id='line_1_89' title="bbox 2016 4515 2517 4589; baseline 0.01 -21"><span class='ocrx_word' id='word_1_538' title='bbox 2016 4515 2180 4583; x_wconf 80' lang='grc' dir='ltr'>ἀμὴν</span> <span class='ocrx_word' id='word_1_539' title='bbox 2212 4520 2517 4589; x_wconf 80' lang='grc' dir='ltr'>πρόκειται.</span> 
     </span>
    </p>
   </div>
   <div class='ocr_carea' id='block_1_89' title="bbox 419 4614 3610 4706">
    <p class='ocr_par' dir='ltr' id='par_1_89' title="bbox 419 4614 3610 4706">
     <span class='ocr_line' id='line_1_90' title="bbox 419 4614 3610 4706; baseline -0.004 -3"><span class='ocrx_word' id='word_1_540' title='bbox 419 4624 481 4674; x_wconf 80' lang='grc' dir='ltr'><strong>Ἦ</strong></span> <span class='ocrx_word' id='word_1_541' title='bbox 510 4618 841 4693; x_wconf 69' lang='grc' dir='ltr'><strong>προκειμένη</strong></span> <span class='ocrx_word' id='word_1_542' title='bbox 872 4616 1150 4688; x_wconf 55' lang='grc' dir='ltr'>ἐπιγραφὴ</span> <span class='ocrx_word' id='word_1_543' title='bbox 1185 4615 1427 4687; x_wconf 62' lang='grc' dir='ltr'><strong>περιέχει</strong></span> <span class='ocrx_word' id='word_1_544' title='bbox 1447 4614 1543 4687; x_wconf 50' lang='grc' dir='ltr'><strong>(εγ</strong></span> <span class='ocrx_word' id='word_1_545' title='bbox 1564 4620 1668 4684; x_wconf 56' lang='grc' dir='ltr'><strong>Εἰς</strong></span> <span class='ocrx_word' id='word_1_546' title='bbox 1693 4618 1759 4672; x_wconf 68' lang='grc' dir='ltr'><strong>τὸ</strong></span> <span class='ocrx_word' id='word_1_547' title='bbox 1805 4622 1979 4691; x_wconf 79' lang='grc' dir='ltr'><em>τέλος</em></span> <span class='ocrx_word' id='word_1_548' title='bbox 1984 4666 1999 4690; x_wconf 76' lang='grc' dir='ltr'><strong>ν</strong></span> <span class='ocrx_word' id='word_1_549' title='bbox 2028 4632 2114 4695; x_wconf 83' lang='grc' dir='ltr'><strong>εὶς</strong></span> <span class='ocrx_word' id='word_1_550' title='bbox 2143 4632 2403 4686; x_wconf 73' lang='grc' dir='ltr'><strong>σύνεσιν</strong></span> <span class='ocrx_word' id='word_1_551' title='bbox 2428 4634 2553 4700; x_wconf 84' lang='grc' dir='ltr'>τοῖς</span> <span class='ocrx_word' id='word_1_552' title='bbox 2587 4636 2739 4702; x_wconf 77' lang='grc' dir='ltr'><strong>υιοῖς</strong></span> <span class='ocrx_word' id='word_1_553' title='bbox 2770 4638 2940 4706; x_wconf 80' lang='lat' dir='ltr'><strong>Kopé&#39;</strong></span> <span class='ocrx_word' id='word_1_554' title='bbox 2970 4640 3266 4701; x_wconf 77' lang='grc' dir='ltr'>τουτέστιν,</span> <span class='ocrx_word' id='word_1_555' title='bbox 3310 4642 3358 4694; x_wconf 74' lang='grc' dir='ltr'>οἱ</span> <span class='ocrx_word' id='word_1_556' title='bbox 3408 4640 3610 4693; x_wconf 80' lang='grc' dir='ltr'>ἀντιλέ.</span> 
     </span>
    </p>
   </div>
   <div class='ocr_carea' id='block_1_90' title="bbox 336 4706 3609 4803">
    <p class='ocr_par' dir='ltr' id='par_1_90' title="bbox 336 4706 3609 4803">
     <span class='ocr_line' id='line_1_91' title="bbox 336 4706 3609 4803; baseline 0.002 -24"><span class='ocrx_word' id='word_1_557' title='bbox 336 4730 521 4787; x_wconf 82' lang='grc' dir='ltr'>γοντες</span> <span class='ocrx_word' id='word_1_558' title='bbox 554 4712 641 4767; x_wconf 74' lang='grc' dir='ltr'><strong>διὰ</strong></span> <span class='ocrx_word' id='word_1_559' title='bbox 669 4712 767 4803; x_wconf 58' lang='grc' dir='ltr'>τάξ</span> <span class='ocrx_word' id='word_1_560' title='bbox 794 4711 1062 4803; x_wconf 49' lang='grc' dir='ltr'>ἁμαρτίας</span> <span class='ocrx_word' id='word_1_561' title='bbox 1095 4706 1276 4803; x_wconf 38' lang='grc' dir='ltr'><strong>(5)-τῷ</strong></span> <span class='ocrx_word' id='word_1_562' title='bbox 1309 4709 1549 4803; x_wconf 50' lang='grc' dir='ltr'><strong>Κυρίῳν-</strong></span> <span class='ocrx_word' id='word_1_563' title='bbox 1566 4713 1671 4763; x_wconf 74' lang='grc' dir='ltr'><strong>υἱοὶ</strong></span> <span class='ocrx_word' id='word_1_564' title='bbox 1723 4714 1869 4786; x_wconf 83' lang='grc' dir='ltr'>Κορέ</span> <span class='ocrx_word' id='word_1_565' title='bbox 1922 4719 2081 4773; x_wconf 72' lang='grc' dir='ltr'>εἰσινο</span> <span class='ocrx_word' id='word_1_566' title='bbox 2135 4723 2323 4793; x_wconf 78' lang='grc' dir='ltr'>ἐπειδὴ</span> <span class='ocrx_word' id='word_1_567' title='bbox 2373 4728 2622 4791; x_wconf 82' lang='grc' dir='ltr'>κάκεῖνος</span> <span class='ocrx_word' id='word_1_568' title='bbox 2662 4729 3002 4800; x_wconf 82' lang='grc' dir='ltr'>ἀντιλογικὸς</span> <span class='ocrx_word' id='word_1_569' title='bbox 3028 4732 3322 4802; x_wconf 85' lang='grc' dir='ltr'>γεγένηται</span> <span class='ocrx_word' id='word_1_570' title='bbox 3356 4734 3496 4803; x_wconf 89' lang='grc' dir='ltr'>πρὸς</span> <span class='ocrx_word' id='word_1_571' title='bbox 3521 4732 3609 4785; x_wconf 78' lang='grc' dir='ltr'><strong>τὸν</strong></span> 
     </span>
    </p>
   </div>
   <div class='ocr_carea' id='block_1_91' title="bbox 337 4797 3610 4912">
    <p class='ocr_par' dir='ltr' id='par_1_91' title="bbox 337 4797 3610 4912">
     <span class='ocr_line' id='line_1_92' title="bbox 337 4797 3610 4912; baseline 0.003 -44"><span class='ocrx_word' id='word_1_572' title='bbox 337 4807 487 4912; x_wconf 50' lang='lat' dir='ltr'><strong>9-56V&#39;</strong></span> <span class='ocrx_word' id='word_1_573' title='bbox 551 4807 659 4912; x_wconf 59' lang='grc' dir='ltr'>τοῖς</span> <span class='ocrx_word' id='word_1_574' title='bbox 698 4802 791 4912; x_wconf 52' lang='grc' dir='ltr'>Ῡῦγ</span> <span class='ocrx_word' id='word_1_575' title='bbox 841 4801 1013 4912; x_wconf 53' lang='grc' dir='ltr'>οὕτως</span> <span class='ocrx_word' id='word_1_576' title='bbox 1064 4801 1425 4870; x_wconf 85' lang='grc' dir='ltr'>ἀντιλογικοῖς</span> <span class='ocrx_word' id='word_1_577' title='bbox 1490 4797 1609 4856; x_wconf 69' lang='grc' dir='ltr'><strong>οὖσι</strong></span> <span class='ocrx_word' id='word_1_578' title='bbox 1675 4804 1735 4856; x_wconf 78' lang='grc' dir='ltr'><strong>τὸ</strong></span> <span class='ocrx_word' id='word_1_579' title='bbox 1776 4807 2059 4881; x_wconf 84' lang='grc' dir='ltr'>πρότερον,</span> <span class='ocrx_word' id='word_1_580' title='bbox 2108 4814 2201 4868; x_wconf 76' lang='grc' dir='ltr'><strong>ἐπὶ</strong></span> <span class='ocrx_word' id='word_1_581' title='bbox 2239 4815 2391 4879; x_wconf 80' lang='grc' dir='ltr'>τέλος</span> <span class='ocrx_word' id='word_1_582' title='bbox 2440 4818 2516 4889; x_wconf 76' lang='grc'><strong>(4)</strong></span> <span class='ocrx_word' id='word_1_583' title='bbox 2553 4819 2611 4871; x_wconf 84' lang='grc' dir='ltr'>δὲ</span> <span class='ocrx_word' id='word_1_584' title='bbox 2665 4820 2758 4873; x_wconf 78' lang='grc' dir='ltr'><strong>ἐπὶ</strong></span> <span class='ocrx_word' id='word_1_585' title='bbox 2815 4797 3050 4875; x_wconf 22' lang='grc' dir='ltr'>συνεσινί</span> <span class='ocrx_word' id='word_1_586' title='bbox 3087 4797 3296 4892; x_wconf 76' lang='grc' dir='ltr'>ἀγαθὴν</span> <span class='ocrx_word' id='word_1_587' title='bbox 3341 4797 3610 4912; x_wconf 52' lang='grc' dir='ltr'>ἐλθοῦσιν,</span> 
     </span>
    </p>
   </div>
   <div class='ocr_carea' id='block_1_92' title="bbox 337 4896 920 4972">
    <p class='ocr_par' dir='ltr' id='par_1_92' title="bbox 337 4896 920 4972">
     <span class='ocr_line' id='line_1_93' title="bbox 337 4896 920 4972; baseline -0.009 -18"><span class='ocrx_word' id='word_1_588' title='bbox 337 4901 526 4972; x_wconf 77' lang='grc' dir='ltr'>εἴρηκε</span> <span class='ocrx_word' id='word_1_589' title='bbox 556 4899 647 4951; x_wconf 87' lang='grc' dir='ltr'><strong>τὸν</strong></span> <span class='ocrx_word' id='word_1_590' title='bbox 685 4896 920 4968; x_wconf 78' lang='grc' dir='ltr'>ψαλμόν.</span> 
     </span>
    </p>
   </div>
   <div class='ocr_carea' id='block_1_93' title="bbox 407 5010 3609 5099">
    <p class='ocr_par' dir='ltr' id='par_1_93' title="bbox 407 5010 3609 5099">
     <span class='ocr_line' id='line_1_94' title="bbox 407 5010 3609 5099; baseline 0.004 -30"><span class='ocrx_word' id='word_1_591' title='bbox 407 5013 627 5069; x_wconf 88' lang='lat' dir='ltr'><strong>Titulus</strong></span> <span class='ocrx_word' id='word_1_592' title='bbox 655 5012 981 5082; x_wconf 71' lang='lat' dir='ltr'><strong>praepositus</strong></span> <span class='ocrx_word' id='word_1_593' title='bbox 1010 5012 1255 5067; x_wconf 85' lang='lat' dir='ltr'><strong>continet</strong></span> <span class='ocrx_word' id='word_1_594' title='bbox 1286 5030 1299 5066; x_wconf 86' lang='lat'>:</span> <span class='ocrx_word' id='word_1_595' title='bbox 1334 5010 1399 5065; x_wconf 85' lang='grc' dir='ltr'><strong>1η</strong></span> <span class='ocrx_word' id='word_1_596' title='bbox 1422 5010 1613 5079; x_wconf 77' lang='lat' dir='ltr'><strong>ﬁnem,</strong></span> <span class='ocrx_word' id='word_1_597' title='bbox 1648 5014 1703 5066; x_wconf 79' lang='lat' dir='ltr'><strong>in</strong></span> <span class='ocrx_word' id='word_1_598' title='bbox 1741 5014 2069 5072; x_wconf 82' lang='lat' dir='ltr'><strong>intellectum</strong></span> <span class='ocrx_word' id='word_1_599' title='bbox 2102 5021 2235 5090; x_wconf 80' lang='lat' dir='ltr'><strong>ﬁliis</strong></span> <span class='ocrx_word' id='word_1_600' title='bbox 2266 5021 2401 5078; x_wconf 79' lang='lat' dir='ltr'><strong>Core</strong></span> <span class='ocrx_word' id='word_1_601' title='bbox 2430 5041 2447 5078; x_wconf 93' lang='lat'><strong><em>:</em></strong></span> <span class='ocrx_word' id='word_1_602' title='bbox 2488 5041 2593 5082; x_wconf 89' lang='lat' dir='ltr'><strong>noc</strong></span> <span class='ocrx_word' id='word_1_603' title='bbox 2635 5039 2723 5083; x_wconf 89' lang='lat' dir='ltr'><strong>est</strong></span> <span class='ocrx_word' id='word_1_604' title='bbox 2748 5068 2765 5095; x_wconf 92' lang='lat'><strong>,</strong></span> <span class='ocrx_word' id='word_1_605' title='bbox 2806 5029 2901 5099; x_wconf 90' lang='lat' dir='ltr'><strong>qui</strong></span> <span class='ocrx_word' id='word_1_606' title='bbox 2943 5027 3333 5084; x_wconf 83' lang='lat' dir='ltr'><strong>contradicunt</strong></span> <span class='ocrx_word' id='word_1_607' title='bbox 3374 5028 3609 5083; x_wconf 88' lang='lat' dir='ltr'><strong>Domino</strong></span> 
     </span>
    </p>
   </div>
   <div class='ocr_carea' id='block_1_94' title="bbox 338 5106 3608 5196">
    <p class='ocr_par' dir='ltr' id='par_1_94' title="bbox 338 5106 3608 5196">
     <span class='ocr_line' id='line_1_95' title="bbox 338 5106 3608 5196; baseline 0.003 -30"><span class='ocrx_word' id='word_1_608' title='bbox 338 5121 559 5183; x_wconf 85' lang='lat' dir='ltr'><strong>propter</strong></span> <span class='ocrx_word' id='word_1_609' title='bbox 585 5118 811 5181; x_wconf 86' lang='lat' dir='ltr'><strong>peccata</strong></span> <span class='ocrx_word' id='word_1_610' title='bbox 832 5147 847 5171; x_wconf 93' lang='lat'><strong>,</strong></span> <span class='ocrx_word' id='word_1_611' title='bbox 875 5107 973 5162; x_wconf 81' lang='lat' dir='ltr'><strong>[illi</strong></span> <span class='ocrx_word' id='word_1_612' title='bbox 1006 5106 1149 5163; x_wconf 88' lang='lat' dir='ltr'><strong>Core</strong></span> <span class='ocrx_word' id='word_1_613' title='bbox 1174 5116 1335 5174; x_wconf 89' lang='lat' dir='ltr'><strong>sunt,</strong></span> <span class='ocrx_word' id='word_1_614' title='bbox 1375 5108 1635 5177; x_wconf 89' lang='lat' dir='ltr'><strong>quoniam</strong></span> <span class='ocrx_word' id='word_1_615' title='bbox 1665 5118 1721 5164; x_wconf 88' lang='lat' dir='ltr'><strong>et</strong></span> <span class='ocrx_word' id='word_1_616' title='bbox 1756 5111 1847 5166; x_wconf 91' lang='lat' dir='ltr'><strong>ille</strong></span> <span class='ocrx_word' id='word_1_617' title='bbox 1878 5117 2253 5172; x_wconf 88' lang='lat' dir='ltr'><strong>contradictor</strong></span> <span class='ocrx_word' id='word_1_618' title='bbox 2302 5118 2414 5175; x_wconf 91' lang='lat' dir='ltr'><strong>Deo</strong></span> <span class='ocrx_word' id='word_1_619' title='bbox 2445 5123 2657 5177; x_wconf 86' lang='lat' dir='ltr'><strong>exstitit</strong></span> <span class='ocrx_word' id='word_1_620' title='bbox 2688 5143 2700 5178; x_wconf 92' lang='lat'>:</span> <span class='ocrx_word' id='word_1_621' title='bbox 2736 5123 2824 5180; x_wconf 87' lang='lat' dir='ltr'><strong>bis</strong></span> <span class='ocrx_word' id='word_1_622' title='bbox 2853 5124 3020 5196; x_wconf 77' lang='lat' dir='ltr'><strong>igitur</strong></span> <span class='ocrx_word' id='word_1_623' title='bbox 3044 5125 3121 5179; x_wconf 85' lang='lat' dir='ltr'><strong>ita</strong></span> <span class='ocrx_word' id='word_1_624' title='bbox 3146 5122 3302 5195; x_wconf 89' lang='lat' dir='ltr'><strong>prius</strong></span> <span class='ocrx_word' id='word_1_625' title='bbox 3327 5121 3608 5178; x_wconf 87' lang='lat' dir='ltr'><strong>contradi-</strong></span> 
     </span>
    </p>
   </div>
   <div class='ocr_carea' id='block_1_95' title="bbox 336 5202 2682 5285">
    <p class='ocr_par' dir='ltr' id='par_1_95' title="bbox 336 5202 2682 5285">
     <span class='ocr_line' id='line_1_96' title="bbox 336 5202 2682 5285; baseline 0.006 -24"><span class='ocrx_word' id='word_1_626' title='bbox 336 5205 614 5271; x_wconf 89' lang='lat' dir='ltr'><strong>centibus,</strong></span> <span class='ocrx_word' id='word_1_627' title='bbox 642 5205 699 5259; x_wconf 90' lang='lat' dir='ltr'><strong>in</strong></span> <span class='ocrx_word' id='word_1_628' title='bbox 730 5203 895 5259; x_wconf 86' lang='lat' dir='ltr'><strong>ﬁnem</strong></span> <span class='ocrx_word' id='word_1_629' title='bbox 927 5212 1109 5257; x_wconf 90' lang='lat' dir='ltr'><strong>autem</strong></span> <span class='ocrx_word' id='word_1_630' title='bbox 1134 5202 1189 5256; x_wconf 91' lang='lat' dir='ltr'><strong>in</strong></span> <span class='ocrx_word' id='word_1_631' title='bbox 1217 5203 1425 5258; x_wconf 90' lang='lat' dir='ltr'><strong>bonum</strong></span> <span class='ocrx_word' id='word_1_632' title='bbox 1449 5203 1791 5261; x_wconf 90' lang='lat' dir='ltr'><strong>intellectum</strong></span> <span class='ocrx_word' id='word_1_633' title='bbox 1815 5210 2165 5269; x_wconf 85' lang='lat' dir='ltr'><strong>venientibus</strong></span> <span class='ocrx_word' id='word_1_634' title='bbox 2206 5217 2484 5285; x_wconf 89' lang='lat' dir='ltr'><strong>psalmum</strong></span> <span class='ocrx_word' id='word_1_635' title='bbox 2521 5219 2682 5275; x_wconf 78' lang='lat' dir='ltr'><strong>dixit.</strong></span> 
     </span>
    </p>
   </div>
   <div class='ocr_carea' id='block_1_96' title="bbox 404 5320 1913 5393">
    <p class='ocr_par' dir='ltr' id='par_1_96' title="bbox 404 5320 1913 5393">
     <span class='ocr_line' id='line_1_97' title="bbox 404 5320 1913 5393; baseline 0.005 -17"><span class='ocrx_word' id='word_1_636' title='bbox 404 5324 455 5376; x_wconf 89' lang='grc'><strong>1.</strong></span> <span class='ocrx_word' id='word_1_637' title='bbox 485 5320 959 5389; x_wconf 84' lang='lat' dir='ltr'><strong>Quemadmodum</strong></span> <span class='ocrx_word' id='word_1_638' title='bbox 985 5336 1203 5387; x_wconf 87' lang='lat' dir='ltr'><strong>cervus,</strong></span> <span class='ocrx_word' id='word_1_639' title='bbox 1235 5331 1595 5393; x_wconf 87' lang='lat' dir='ltr'><strong>posteaquam</strong></span> <span class='ocrx_word' id='word_1_640' title='bbox 1642 5325 1754 5381; x_wconf 87' lang='lat' dir='ltr'><strong>edit</strong></span> <span class='ocrx_word' id='word_1_641' title='bbox 1793 5342 1913 5383; x_wconf 89' lang='lat' dir='ltr'><strong>ser-</strong></span> 
     </span>
    </p>
   </div>
   <div class='ocr_carea' id='block_1_97' title="bbox 407 5416 895 5483">
    <p class='ocr_par' dir='ltr' id='par_1_97' title="bbox 407 5416 895 5483">
     <span class='ocr_line' id='line_1_98' title="bbox 407 5416 895 5483; baseline -0.002 -10"><span class='ocrx_word' id='word_1_642' title='bbox 407 5421 453 5451; x_wconf 80' lang='lat'>”</span> <span class='ocrx_word' id='word_1_643' title='bbox 479 5416 638 5474; x_wconf 83' lang='lat' dir='ltr'><strong>Joan.</strong></span> <span class='ocrx_word' id='word_1_644' title='bbox 667 5426 779 5483; x_wconf 67' lang='lat' dir='ltr'><strong>xxv,</strong></span> <span class='ocrx_word' id='word_1_645' title='bbox 803 5416 895 5472; x_wconf 84' lang='grc'><strong>27.</strong></span> 
     </span>
    </p>
   </div>
   <div class='ocr_carea' id='block_1_98' title="bbox 2092 5333 3607 5410">
    <p class='ocr_par' dir='ltr' id='par_1_98' title="bbox 2092 5333 3607 5410">
     <span class='ocr_line' id='line_1_99' title="bbox 2092 5333 3607 5410; baseline 0.003 -24"><span class='ocrx_word' id='word_1_646' title='bbox 2092 5333 2145 5387; x_wconf 91' lang='grc'><strong>1.</strong></span> <span class='ocrx_word' id='word_1_647' title='bbox 2165 5334 2377 5407; x_wconf 83' lang='grc' dir='ltr'>Ὥσπερ</span> <span class='ocrx_word' id='word_1_648' title='bbox 2399 5338 2433 5408; x_wconf 87' lang='grc' dir='ltr'><strong>ή</strong></span> <span class='ocrx_word' id='word_1_649' title='bbox 2450 5336 2647 5408; x_wconf 72' lang='grc' dir='ltr'>ἔλαφος</span> <span class='ocrx_word' id='word_1_650' title='bbox 2678 5340 2816 5410; x_wconf 87' lang='grc' dir='ltr'><strong>μετά</strong></span> <span class='ocrx_word' id='word_1_651' title='bbox 2846 5340 2907 5393; x_wconf 87' lang='grc' dir='ltr'><strong>τὸ</strong></span> <span class='ocrx_word' id='word_1_652' title='bbox 2938 5338 3140 5395; x_wconf 73' lang='grc' dir='ltr'>ἐσθίειν</span> <span class='ocrx_word' id='word_1_653' title='bbox 3164 5339 3256 5394; x_wconf 85' lang='grc' dir='ltr'><strong>τὸν</strong></span> <span class='ocrx_word' id='word_1_654' title='bbox 3279 5338 3404 5409; x_wconf 79' lang='grc' dir='ltr'>ὄφιν</span> <span class='ocrx_word' id='word_1_655' title='bbox 3424 5336 3607 5410; x_wconf 81' lang='grc' dir='ltr'>τρέχει</span> 
     </span>
    </p>
   </div>
   <div class='ocr_carea' id='block_1_99' title="bbox 1293 5490 2634 5578">
    <p class='ocr_par' dir='ltr' id='par_1_99' title="bbox 1293 5490 2634 5578">
     <span class='ocr_line' id='line_1_100' title="bbox 1293 5490 2634 5578; baseline 0.008 -27"><span class='ocrx_word' id='word_1_656' title='bbox 1293 5490 1605 5558; x_wconf 79' lang='lat' dir='ltr'><strong>Addenda</strong></span> <span class='ocrx_word' id='word_1_657' title='bbox 1636 5502 1695 5558; x_wconf 85' lang='lat' dir='ltr'><strong>et</strong></span> <span class='ocrx_word' id='word_1_658' title='bbox 1733 5496 2110 5578; x_wconf 81' lang='lat' dir='ltr'><strong>corrigenda</strong></span> <span class='ocrx_word' id='word_1_659' title='bbox 2140 5516 2218 5560; x_wconf 80' lang='lat' dir='ltr'><strong>ex</strong></span> <span class='ocrx_word' id='word_1_660' title='bbox 2256 5498 2399 5562; x_wconf 91' lang='lat' dir='ltr'><strong>cod.</strong></span> <span class='ocrx_word' id='word_1_661' title='bbox 2431 5500 2634 5563; x_wconf 84' lang='lat' dir='ltr'><strong>Vatic.</strong></span> 
     </span>
    </p>
   </div>
   <div class='ocr_carea' id='block_1_100' title="bbox 408 5593 700 5665">
    <p class='ocr_par' dir='ltr' id='par_1_100' title="bbox 408 5593 700 5665">
     <span class='ocr_line' id='line_1_101' title="bbox 408 5593 700 5665; baseline 0.01 -19"><span class='ocrx_word' id='word_1_662' title='bbox 408 5593 485 5665; x_wconf 88' lang='grc'><strong>(1)</strong></span> <span class='ocrx_word' id='word_1_663' title='bbox 507 5593 700 5658; x_wconf 77' lang='grc' dir='ltr'>Αὐτός.</span> 
     </span>
    </p>
   </div>
   <div class='ocr_carea' id='block_1_101' title="bbox 407 5663 1391 5737">
    <p class='ocr_par' dir='ltr' id='par_1_101' title="bbox 407 5663 1391 5737">
     <span class='ocr_line' id='line_1_102' title="bbox 407 5663 1391 5737; baseline -0.013 -5"><span class='ocrx_word' id='word_1_664' title='bbox 407 5663 485 5733; x_wconf 56' lang='lat'><strong>(‘2)</strong></span> <span class='ocrx_word' id='word_1_665' title='bbox 532 5666 594 5718; x_wconf 84' lang='grc' dir='ltr'><strong>Ἦ</strong></span> <span class='ocrx_word' id='word_1_666' title='bbox 619 5666 707 5721; x_wconf 84' lang='grc' dir='ltr'><strong>διὰ</strong></span> <span class='ocrx_word' id='word_1_667' title='bbox 735 5664 835 5737; x_wconf 77' lang='grc' dir='ltr'>τῆς</span> <span class='ocrx_word' id='word_1_668' title='bbox 863 5663 1233 5737; x_wconf 77' lang='grc' dir='ltr'>κινναϐάρεως</span> <span class='ocrx_word' id='word_1_669' title='bbox 1266 5682 1391 5737; x_wconf 87' lang='grc' dir='ltr'>περ.</span> 
     </span>
    </p>
   </div>
   <div class='ocr_carea' id='block_1_102' title="bbox 2097 5599 2631 5675">
    <p class='ocr_par' dir='ltr' id='par_1_102' title="bbox 2097 5599 2631 5675">
     <span class='ocr_line' id='line_1_103' title="bbox 2097 5599 2631 5675; baseline 0.007 -2"><span class='ocrx_word' id='word_1_670' title='bbox 2097 5599 2174 5675; x_wconf 65' lang='grc'><strong>(5)</strong></span> <span class='ocrx_word' id='word_1_671' title='bbox 2203 5602 2313 5675; x_wconf 79' lang='grc' dir='ltr'><strong>Τῆς</strong></span> <span class='ocrx_word' id='word_1_672' title='bbox 2342 5604 2631 5675; x_wconf 71' lang='grc' dir='ltr'>ἁμαρτίαςι</span> 
     </span>
    </p>
   </div>
   <div class='ocr_carea' id='block_1_103' title="bbox 2103 5672 2378 5744">
    <p class='ocr_par' dir='ltr' id='par_1_103' title="bbox 2103 5672 2378 5744">
     <span class='ocr_line' id='line_1_104' title="bbox 2103 5672 2378 5744; baseline 0.007 -19"><span class='ocrx_word' id='word_1_673' title='bbox 2103 5672 2175 5744; x_wconf 73' lang='grc'><strong>(4)</strong></span> <span class='ocrx_word' id='word_1_674' title='bbox 2205 5674 2378 5727; x_wconf 82' lang='grc' dir='ltr'>Τέλει.</span> 
     </span>
    </p>
   </div>
  </div>
