3878 6218
238 352 361 409 815

319 470 376 525 9..
408 469 594 536 Οὕτως
625 471 931 546 ὲπιποθεῖή
960 473 1105 546 ψυχή
1142 494 1243 547 μου
1268 478 1405 549 πρὸς
1436 480 1518 544 σὲ,
1548 482 1575 532 6
1603 479 1756 544 Θεός.

320 562 374 617 3.
418 563 698 634 Ἐδίψησεν
728 566 762 636 ή
785 564 929 637 ψυχή
975 584 1077 637 μου
1109 567 1246 640 πρὸς
1291 569 1381 624 τὸν
1406 570 1537 623 Θεὸν
1564 572 1655 626 τὸν
1687 573 1835 642 ἰσχυ-

245 654 346 726 ρὸν
378 655 466 707 τὸν
490 655 689 720 ζῶντα.

322 744 375 801 4.
406 745 543 799 Πότε
591 748 726 818 ἥξω,
789 747 885 802 καὶ
926 748 1234 822 ὀφθήσομαι
1290 752 1367 823 τῷ
1413 754 1691 829 προσώπῳ
1737 758 1831 811 τοῦ

239 837 380 889 Θεοῦ
397 856 412 903 ;

313 928 367 980 5.
398 928 663 1001 Ἑγενήθη
682 931 750 984 τὰ
779 930 991 1002 δάκρυά
1026 949 1127 1003 μου
1161 935 1285 1005 ἐμοὶ
1310 935 1473 1008 ἄρτος
1504 938 1714 1010 ἡμέρας
1740 942 1833 994 καὶ

240 1022 462 1085 νυκτὸς,

316 1112 371 1167 6.
417 1115 505 1167 Ἐν
528 1114 606 1185 τῷ
623 1115 874 1185 λέγεσθαί
903 1135 996 1188 μοι
1030 1118 1153 1172 καθ’
1179 1120 1418 1192 ἑκάστην
1442 1124 1679 1195 ἡμέραν·
1720 1126 1831 1180 Ποῦ
1872 1160 1873 1163 η

236 1206 393 1259 ἐστιν
421 1209 451 1259 6
471 1207 603 1272 Θεός
641 1226 770 1275 σου;

310 1299 367 1352 7.
396 1300 579 1354 Ταῦτα
633 1301 932 1374 ἐμνήσθην,
966 1304 1060 1358 καὶ
1110 1304 1300 1376 ὲξὲχεα
1333 1308 1420 1360 ἐπ’
1473 1308 1574 1381 ἐμὲ
1607 1310 1706 1381 τὴν
1732 1310 1833 1380 ψυ-

234 1392 344 1463 χήν
374 1410 500 1463 μου.

308 1484 363 1537 8.
392 1485 512 1538 Ὅτι
533 1485 875 1557 διελεύσομαι
897 1489 955 1541 ὲν
980 1488 1129 1561 τόπῳ
1153 1492 1357 1562 σκηνῆς
1384 1492 1702 1567 θαυμαστῆς
1729 1497 1831 1562 ἕως

232 1574 329 1629 τοῦ
366 1575 516 1629 οἴκου
538 1577 631 1629 τοῦ
663 1577 822 1641 Θεοῦ,

302 1666 361 1720 9.
408 1666 498 1720 Ἐν
527 1671 675 1739 φωνῇ
701 1670 1074 1739 ἀγαλλιάσεως
1104 1674 1197 1728 καὶ
1236 1675 1671 1749 ὲξομολογήσεως
1696 1680 1828 1752 ἤχου

230 1756 613 1826 ἑορτάζοντος.

1173 355 1262 410 DE
1300 356 1576 416 TlTULlS
1615 360 2074 418 PSALMORUM.
2115 394 2186 404 —
2219 360 2417 418 PSAL.
2462 364 2601 420 XLi.

3400 370 3518 432 8H

1856 486 1904 542 Α
2001 484 2055 536 2.
2096 483 2174 537 Ita
2203 484 2475 539 desiderat
2497 485 2680 540 anima
2704 501 2823 541 mea
2853 487 2919 541 ad
2949 496 3021 549 te,
3060 487 3224 543 Deus.

2004 574 2059 628 5.
2095 573 2277 628 Sitivit
2297 576 2480 629 anima
2505 592 2626 631 mea
2663 578 2730 631 ad
2763 577 2933 632 Deum
2957 578 3150 634 fortem
3177 581 3361 635 vivum
3385 598 3401 637 :

2004 752 2056 806 4.
2092 751 2320 818 Quando
2342 753 2577 819 veniam,
2604 763 2656 808 et
2683 754 2955 823 apparebo
2989 765 3114 809 ante
3150 754 3341 811 faciem
3381 754 3509 811 Dei!

2006 929 2058 982 5.
2095 928 2337 985 Fuerunt
2358 929 2608 1002 lacrymae
2630 947 2763 987 mea:
2788 932 2920 987 mihi
2943 948 3111 1004 panes
3132 933 3217 990 die
3239 949 3303 989 ac
3326 944 3507 1003 nocte,

2004 1106 2057 1162 6.
2098 1107 2234 1162 Dum
2264 1108 2463 1163 dicitur
2487 1109 2618 1162 mihi
2642 1109 2915 1179 quotidie:
2938 1107 3038 1164 Ubi
3063 1119 3148 1165 est
3175 1109 3319 1166 Deus
3345 1111 3506 1169 tuus!

2005 1310 2058 1362 7.
2103 1307 2229 1363 Haac
2258 1307 2576 1363 recordatus
2610 1322 2754 1374 sum,
2797 1315 2853 1361 et
2882 1304 3046 1361 elfudi
3080 1306 3135 1361 in
3164 1322 3247 1362 me
3266 1309 3501 1365 animam

1934 1416 2142 1465 meam;

2000 1494 2051 1546 8.
2088 1492 2358 1559 Quoniam
2385 1491 2630 1546 transibo
2666 1491 2720 1544 in
2763 1490 2945 1545 locum
2972 1489 3303 1547 tabernaculi
3330 1492 3497 1547 admi-

1932 1585 2119 1639 rabilis
2150 1600 2322 1655 usque
2344 1585 2411 1638 ad
2440 1584 2659 1639 domum
2691 1584 2785 1638 Dei
2807 1622 2822 1647 ,

2003 1678 2056 1732 9.
2092 1678 2148 1731 In
2173 1694 2306 1733 voce
2331 1677 2715 1733 exsultationis
2744 1687 2794 1733 et
2825 1679 3187 1736 confessionis
3222 1680 3342 1735 soni
3368 1678 3499 1734 fesu

1928 1773 2278 1837 celebrantis.

309 1848 403 1902 10.
434 1850 552 1903 Ἵνα
580 1851 632 1903 τί
652 1853 954 1924 περίλυπος
987 1849 1057 1922 εἴ,
1102 1858 1135 1928 ὴ
1173 1856 1316 1931 ψυχή
1364 1877 1504 1931 μους
1540 1863 1634 1915 καὶ
1661 1863 1747 1916 ἵνα
1774 1866 1823 1918 τί

2004 1866 2090 1920 10.
2122 1866 2303 1933 Quare
2330 1869 2506 1925 tristis
2542 1886 2635 1938 es,
2659 1871 2845 1926 anima
2885 1887 3028 1937 mea,
3073 1879 3127 1928 et
3167 1887 3337 1942 quare
3369 1887 3491 1928 con-

232 1942 636 2013 συνταράσσεις
673 1963 739 2015 με
755 1962 770 2012 ;

304 2031 399 2085 il.
450 2032 708 2087 Ἔλπισον
758 2036 851 2088 ἐπὶ
908 2036 999 2091 τὸν
1028 2037 1182 2104 Θεὸν,
1218 2040 1301 2093 ὅτι
1361 2042 1826 2117 ἐξομολογήσομαι
1888 2098 1903 2114 ,

228 2122 386 2175 αὖτῶ
408 2140 422 2153 ·

305 2143 356 2175 τι
408 2143 422 2153 “

301 2143 398 2269 1;.
432 2216 705 2291 Σωτήρων
732 2221 826 2274 τοῦ
858 2223 1151 2293 προσώπου
1184 2242 1286 2295 μου
1320 2226 1414 2280 καὶ
1446 2228 1475 2279 6
1502 2227 1633 2292 Θεὸς
1665 2246 1786 2299 μου.

306 2309 402 2364 15.
431 2311 573 2383 Πρὸς
602 2313 890 2387 ὲμαυτὸνή
927 2316 1071 2388 ψυχή
1103 2335 1205 2388 μου
1235 2321 1530 2392 ἐταράχθη*

304 2400 400 2455 14.
436 2402 535 2457 Διὰ
554 2404 713 2459 τοῦτο
742 2408 1124 2481 μνησθήσομαί
1151 2427 1242 2464 σου
1276 2413 1339 2465 ἐκ
1372 2415 1476 2483 γῆς
1516 2414 1800 2486 Ἰορδάνου,

1933 1959 2122 2013 turbas
2143 1975 2230 2013 me
2252 1963 2274 2012 ζ’

1998 2051 2084 2105 ll.
2119 2055 2285 2121 Spera
2317 2053 2369 2107 in
2396 2053 2527 2121 Deo,
2558 2055 2817 2123 quoniam
2847 2055 3150 2112 conﬁtebor
3171 2055 3249 2110 illi
3281 2075 3297 2111 :

2005 2228 2091 2281 12.
2135 2227 2382 2285 Salutare
2406 2232 2588 2286 vultus
2616 2232 2721 2286 mei
2751 2240 2805 2287 et
2834 2231 2976 2288 Deus
3007 2248 3183 2289 meus.

2008 2323 2093 2376 15.
2126 2323 2207 2377 Ad
2234 2324 2502 2392 meipsum
2529 2324 2707 2379 anima
2747 2342 2863 2379 mea
2895 2327 3214 2381 conturbata
3240 2334 3359 2381 est:

2003 2415 2093 2470 14.
2126 2414 2417 2485 Propterea
2445 2432 2655 2472 memor
2679 2433 2773 2473 ero
2821 2418 2898 2472 tui
2949 2419 3015 2473 de
3045 2428 3188 2473 terra
3213 2416 3495 2484 Iordanis,

1379 2611 1759 2668 ATIIANASII
1798 2612 2382 2672 INTERPRETATIO.

225 2757 330 2812 ἐπὶ
357 2756 455 2828 τὴν
473 2758 578 2829 γῆν
604 2758 679 2830 (1)
712 2759 806 2814 τοῦ
835 2760 1027 2825 ὕδατος
1057 2763 1195 2835 πρὸς
1220 2764 1281 2817 τὸ
1304 2768 1467 2830 πιεῖν,
1501 2767 1588 2820 ἵνα
1619 2767 1692 2839 μὴ
1719 2767 1823 2821 ὑπὸ

220 2848 327 2905 τοῦ
362 2848 442 2903 ίοῦ
470 2850 564 2903 τοῦ
594 2851 770 2921 ὄφεως
806 2853 1075 2925 ἀδικηθῇ·

1929 2778 2143 2839 pentem
2167 2812 2184 2837 ,
2226 2773 2399 2827 currit
2425 2773 2493 2828 ad
2535 2783 2737 2830 terram
2765 2776 3026 2848 irriguam
3048 2817 3063 2843 ,
3094 2789 3154 2834 ut
3179 2780 3354 2851 bibat,
3380 2802 3448 2842 ne
3469 2802 3499 2844 a

1924 2863 2192 2932 serpentis
2220 2880 2423 2919 veneno
2445 2867 2692 2933 laedatur;

294 2944 360 3006 2,
394 2943 449 2997 5.
477 2943 663 3007 Οῦτως
693 2944 848 3014 κάγὼ
876 2945 1024 3017 ζητῶ
1044 2946 1221 3001 ἐλθεῖν
1257 2949 1395 3018 πρὸς
1440 2948 1520 3014 σὲ,
1554 2951 1650 3003 καὶ
1674 2952 1816 3005 πιεῖν

1992 2955 2027 3008 2
2048 2996 2062 3018 ,
2093 2957 2146 3010 '5.
2175 2955 2250 3010 Ita
2275 2958 2439 3011 etiam
2471 2974 2571 3028 ego
2600 2975 2786 3029 quazro
2813 2965 2995 3018 venire
3026 2964 3093 3017 ad
3133 2973 3204 3031 te,
3237 2978 3289 3022 et
3314 2968 3499 3025 bibere

221 3034 324 3089 τοῦ
361 3034 679 3106 Πνεῦμα-σός
706 3053 800 3089 σου
826 3036 919 3090 τοῦ
955 3038 1132 3107 ἁγίου,
1157 3039 1247 3093 ἵνα
1279 3040 1354 3112 μὴ
1390 3039 1686 3094 θανατωθῶ
1715 3043 1823 3097 ὑπὸ

221 3127 330 3199 τῆς
360 3127 652 3197 ἁμαρτίας.

290 3216 354 3269 4.
384 3216 522 3269 Πότε
556 3215 873 3281 καταξιωθῶ
901 3217 1143 3281 τοιοῦτος
1170 3219 1448 3287 γενέσθαι,
1487 3219 1574 3275 ἵνα
1600 3222 1673 3293 μὴ
1696 3222 1823 3275 ἀπο·

222 3307 533 3378 στρέφηταί
567 3325 634 3377 με
666 3311 694 3361 6
714 3308 847 3372 Θεὸς
878 3309 1309 3380 προσεγγίζοντα
1337 3311 1414 3380 (2)
1449 3312 1620 3382 αὐτῷ.

296 3396 357 3450 5.
381 3396 796 3467 Κεκορεσμένος
821 3398 936 3464 εἰμὶ
959 3398 1067 3451 ἀπὸ
1092 3400 1192 3470 τῆς
1234 3398 1433 3471 πολλῆς
1461 3400 1693 3471 θλίψεως
1722 3402 1823 3474 τῆς

218 3485 396 3557 οὔσης
421 3487 614 3551 νυκτὸς
638 3488 732 3543 καὶ
757 3488 973 3560 ἡμέρας
993 3492 1049 3543 ὲν
1074 3493 1139 3561 τῇ
1171 3491 1366 3562 καρδίᾳ
1416 3509 1537 3560 μου.

298 3578 359 3632 6.
406 3579 541 3632 Ἀπὸ
592 3580 688 3633 τοῦ
744 3580 1100 3645 ὀνειδίζεσθαι
1146 3598 1213 3652 με
1266 3582 1371 3635 ὑπὸ
1402 3582 1509 3636 τῶν
1562 3584 1821 3638 ἐναντίων

222 3667 556 3739 πνευμάτων
590 3670 688 3740 (3).

298 3761 356 3813 7.
392 3760 579 3815 Τῖκῦτα
604 3762 975 3833 ἐμνημόνευον
1022 3762 1115 3815 καὶ
1137 3760 1383 3833 διελύθην
1416 3761 1494 3834 (4)
1543 3762 1683 3826 ὅλως
1712 3762 1820 3815 ἀπὸ

219 3852 327 3924 τῆς
357 3851 616 3922 θλίψεως.

298 3946 357 4000 8.
388 3946 499 3998 Καὶ
532 3944 710 3998 ἔτεινα
740 3944 817 4018 (5)
839 3946 937 4018 τὴν
961 3948 1201 4002 διάνοιάν
1238 3966 1338 4019 μου
1372 3950 1453 4012 εἰς
1476 3947 1568 4001 τὸν
1590 3947 1818 4018 οὐρανὸν

221 4040 305 4101 εις
327 4036 427 4108 τήν
466 4037 671 4107 σκηνὴν
691 4037 786 4090 τοῦ
807 4036 965 4092 Θεοῦ.

290 4130 348 4184 9.
380 4130 556 4182 Ὅπου
605 4131 637 4200 ή
691 4130 842 4202 φωνὴ
869 4132 966 4202 τῆς
1010 4132 1403 4201 ἀγαλλιάσεως,
1447 4134 1541 4186 καὶ
1574 4135 1671 4204 τῆς
1704 4134 1819 4200 ἐξο-

227 4220 578 4292 μολογήσεως
605 4220 682 4291 (6)
713 4221 821 4275 τῶν
846 4222 1091 4292 ἀγγέλων
1138 4225 1233 4279 καὶ
1272 4224 1381 4278 τῶν
1408 4226 1577 4294 ἁγίων
1600 4226 1710 4280 τῶν
1731 4227 1818 4279 ἀεὶ

224 4309 622 4382 ἑορταζόντων.

299 4401 389 4468 10,
422 4402 511 4455 il.
546 4402 655 4455 Kal
692 4402 878 4473 ἔλεγον
911 4406 977 4476 τῇ
1025 4404 1171 4476 ψυχῇ
1203 4423 1325 4476 μου’
1361 4406 1477 4461 Ἵνα
1510 4408 1561 4461 τί
1594 4406 1817 4479 περίλυ-

224 4510 329 4557 πος
358 4488 440 4559 ei;
473 4493 693 4548 ἐλπισον
726 4496 820 4548 ἐπὶ
848 4495 939 4549 τὸν
968 4497 1122 4562 Θεὸν,
1158 4499 1241 4551 ὅτι
1264 4498 1514 4569 ἐλεήμων
1553 4501 1691 4565 ἐστὶ,
1720 4499 1815 4552 καὶ

228 4585 625 4655 ἐξομολόγησαι
646 4587 722 4657 (7)
762 4586 933 4658 αὐτῷ.

299 4676 388 4730 12.
416 4677 669 4749 Σωτηρία
699 4677 809 4749 γὰρ
841 4680 939 4749 τῆς
963 4679 1140 4750 ψυχῆς
1170 4698 1273 4751 μου
1304 4680 1332 4732 6
1353 4679 1486 4745 Θεός
1516 4680 1621 4751 μοὺ
1648 4683 1814 4737 ἐστιν.

291 4769 383 4824 15.
414 4769 615 4823 Λοιπὸν
669 4771 702 4841 ἡ
750 4772 896 4843 ψυχή
931 4789 1032 4842 μου
1079 4773 1137 4825 ἐν
1192 4772 1316 4844 ἐμοὶ
1376 4771 1515 4842 μετὰ
1559 4771 1811 4843 δακρύων

224 4858 435 4927 ἔλεγεν.

295 4949 384 5004 14.
416 4949 515 5002 Διὰ
538 4951 600 5004 τὸ
631 4947 768 5004 εἶναι
816 4968 876 5005 σε
923 4952 1190 5025 ἐλεήμονα
1245 4953 1568 5024 μνημονεύω
1599 4952 1674 5024 (8)
1716 4971 1809 5007 σου

223 5041 289 5093 ἐκ
318 5039 429 5094 τῶν
466 5041 795 5095 meum!!th
846 5042 946 5114 τῆς
980 5043 1103 5115 γῆς.
1173 5044 1444 5115 Ἰορδάνης
1492 5043 1601 5115 γὰρ
1636 5045 1809 5116 ἑρμη-

221 5131 438 5188 νεύεται
465 5131 542 5202 τῇ
566 5133 891 5203 κατωτάτη.

907 5224 920 5261 i

1924 3046 2193 3117 Spiritum
2217 3058 2469 3103 sanctum
2499 3059 2679 3115 tuum,
2712 3067 2781 3106 ne
2803 3052 3100 3110 interﬁciar
3124 3072 3152 3110 a
3180 3069 3424 3127 peccato.

1994 3225 2047 3279 4.
2091 3224 2324 3292 Quando
2345 3229 2543 3300 dignus
2582 3231 2783 3289 elliciar
2816 3236 2942 3291 talis
2970 3237 3108 3305 ﬁeri,
3142 3250 3202 3296 ut
3224 3257 3311 3298 me
3350 3243 3498 3302 Deus

1923 3315 1989 3370 ad
2016 3316 2194 3386 ipsum
2221 3321 2567 3377 accedentem
2602 3340 2711 3379 non
2742 3337 3043 3383 aversetur.

1997 3408 2048 3462 5.
2096 3409 2388 3465 Saturatus
2422 3429 2542 3467 sum
2596 3416 2947 3474 tribulatione
2991 3422 3196 3489 multa,
3245 3440 3369 3494 quae
3413 3434 3500 3484 est

1922 3495 2010 3551 die
2038 3513 2102 3552 ac
2128 3510 2287 3555 nocte
2326 3502 2378 3555 in
2408 3505 2570 3558 corde
2594 3521 2734 3561 meo.

1992 3586 2045 3641 6.
2081 3588 2217 3643 Dum
2273 3594 2620 3651 contumeliis
2676 3596 2887 3652 afﬁcior
2926 3614 2957 3653 a
2999 3602 3288 3659 contrariis
3334 3606 3498 3675 spiri-

1922 3678 2089 3733 tibus.

1992 3771 2044 3823 7.
2081 3770 2207 3826 Haac
2236 3776 2581 3841 recordabar,
2624 3789 2678 3832 et
2718 3781 2933 3847 penitus
2978 3795 3338 3856 consumptus
3370 3805 3493 3846 sum

1924 3864 2287 3919 tribulatione.

1992 3951 2042 4003 8.
2084 3950 2150 4005 Et
2185 3952 2390 4006 intendi
2428 3963 2662 4008 mentem
2697 3972 2872 4012 meam
2906 3960 2957 4014 in
2985 3964 3186 4018 coelum
3224 3966 3279 4020 in
3314 3969 3496 4025 taber-

1921 4044 2173 4096 naculum
2202 4042 2316 4097 Dei.

1988 4132 2042 4187 9.
2076 4132 2180 4187 Ubi
2210 4150 2314 4188 vox
2345 4137 2756 4207 exsultationis,
2785 4152 2838 4196 et
2864 4144 3230 4206 confessionis
3270 4154 3494 4223 angelo-

1922 4240 2065 4289 rum,
2095 4234 2148 4280 et
2174 4236 2486 4283 sanctorum
2515 4227 2649 4285 festa
2675 4247 2888 4304 semper
2909 4236 3322 4297 celebrantium.

1992 4405 2094 4469 -10,
2135 4406 2219 4459 ll.
2253 4405 2317 4462 Et
2342 4409 2588 4465 dicebam
2635 4413 2833 4469 animae
2880 4430 3013 4471 meae
3046 4435 3060 4471 :
3095 4416 3275 4484 Quare
3317 4420 3492 4478 tristis

1920 4496 2020 4549 es?
2048 4512 2203 4565 spera
2228 4501 2280 4551 in
2305 4498 2495 4568 Deum,
2526 4506 2783 4571 quoniam
2811 4507 3125 4564 misericors
3156 4519 3261 4575 est,
3283 4519 3337 4565 et
3358 4526 3492 4568 con-

1922 4587 2073 4643 ﬁtere
2103 4590 2227 4658 ipsi.

1990 4677 2078 4728 1‘2.
2120 4676 2279 4735 Salus
2301 4681 2444 4735 enim
2470 4683 2667 4738 animae
2706 4701 2840 4740 meae
2867 4686 3012 4745 Deus
3044 4705 3197 4747 meus
3216 4705 3318 4747 est.

1987 4768 2071 4820 l5.
2104 4768 2329 4825 Domum
2358 4773 2542 4829 anima
2571 4790 2695 4831 mea
2728 4776 2873 4833 intra
2920 4795 3006 4834 me
3059 4798 3184 4837 cum
3229 4784 3487 4858 lacrymis

1912 4859 2144 4914 dicebat.

1984 4951 2071 5007 M.
2103 4951 2372 5017 Quoniam
2396 4964 2453 5010 tu
2479 4958 2792 5016 misericors
2822 4977 2902 5029 es,
2928 4980 3137 5024 memor
3167 4986 3289 5025 sum
3314 4972 3392 5026 tui
3415 4987 3485 5027 ex

1912 5040 2264 5098 inferioribus
2336 5055 2512 5105 terrae.
2576 5051 2831 5113 Iordanis
2894 5060 3038 5115 enim
3100 5062 3486 5134 interpretatur

1910 5146 2052 5188 terra
2088 5136 2141 5188 in
2147 5136 2281 5205 fera.

1179 5295 1487 5358 Addenda
1518 5302 1579 5355 et
1610 5293 1985 5372 corrigenda
2021 5311 2103 5356 ex
2135 5297 2274 5357 cod.
2318 5298 2517 5360 Vatic.

401 5476 842 5672 ?%ﬂ%§§§?‘“‘
872 5551 901 5603 ⁶
926 5550 1076 5620 θεὸς,
1100 5553 1215 5609 ἀλλ’
1240 5556 1411 5627 ἐφορᾷ
1445 5574 1513 5629 με
1536 5574 1796 5629 προσεγγ-

292 5685 372 5751 (4)
403 5686 775 5757 Μνημονεύων
801 5688 1066 5763 διελύθην.

2082 5486 2841 5636 ἑῖἒῦῗῗὲξομολογήσῗεως
2865 5571 3014 5628 deest
3045 5573 3101 5628 in
3123 5575 3245 5632 cod.

1982 5624 2060 5703 (Ζ)
2095 5624 2607 5703 ζὲἒξομολογήσὸμαι.

1981 5695 2057 5766 (8)
2095 5695 2487 5769 Μνημονεῦσω.
