3876 6220
330 277 432 337 815

392 398 480 454 15.
516 397 581 454 Ει
607 398 945 456 Hermoniim
986 415 1015 455 a
1047 412 1234 458 monte
1258 406 1495 461 modico.

391 515 479 572 16.
512 515 756 589 Abyssus
788 519 1046 591 abyssum
1080 519 1299 575 invocat
1333 521 1387 575 in
1418 537 1552 578 voce
1596 531 1901 581 cataracta-

324 622 440 662 rum
467 619 684 662 tuarum
718 629 731 663 τ

390 719 477 773 17.
508 718 704 775 Omnia
735 720 950 777 excelsa
993 730 1083 776 tua
1110 761 1125 787 ,
1176 730 1231 778 et
1271 722 1470 780 ﬂuctus
1499 726 1580 780 tui
1616 741 1783 798 super
1812 744 1902 784 me

321 810 677 866 transierunt.

388 924 476 979 18.
521 923 578 978 1η
637 925 725 981 die
782 927 1065 982 mandabit
1131 920 1398 985 Dominus
1465 931 1899 988 misericordiam

318 1030 471 1071 suam
494 1056 509 1081 ,

388 1121 475 1177 19.
508 1122 577 1178 Ει
606 1132 765 1179 nocte
792 1126 1067 1182 canticum
1094 1127 1213 1198 ejus
1240 1129 1382 1200 apud
1409 1145 1519 1185 me.

383 1236 474 1291 20.
507 1236 698 1293 Oratio
730 1236 843 1293 Deo
867 1240 991 1293 vitae
1025 1254 1182 1294 meae.

380 1350 471 1408 2i.
504 1350 692 1406 Dicam
720 1350 866 1407 Deo:
892 1351 1201 1423 Susceptor
1230 1369 1384 1409 meus
1412 1368 1515 1421 res,
1556 1369 1725 1424 quare
1759 1354 1903 1411 obli-

314 1450 402 1497 tus
430 1456 492 1497 es
518 1441 670 1496 mei?

379 1553 469 1608 22.
503 1552 570 1607 Et
591 1568 763 1624 quare
793 1554 1156 1610 contristatus
1188 1555 1387 1611 incedo
1424 1555 1556 1611 dum
1583 1556 1778 1629 afﬂigit
1812 1574 1901 1614 me

311 1645 571 1701 inimicus
592 1646 615 1699 ?

1192 282 1250 336 S.
1292 281 1673 338 ATHANASII
1714 284 1867 340 OPP.
1910 285 2094 343 PARS
2129 288 2216 343 111.
2256 320 2325 331 —
2361 288 2778 347 EXEGETICA.

3494 294 3610 351 816

1929 414 1978 471 Α
2078 412 2164 465 15.
2202 412 2312 466 Kal
2356 413 2693 484 'Epptwvzelp.
2721 412 2832 467 ἀπὸ
2864 411 3022 483 ὅρους
3056 409 3273 486 μικροῦ.

2074 526 2160 580 16.
2194 526 2465 590 Ἀϐυσσος
2493 527 2728 582 ἄϐυσσον
2760 528 3100 580 ἐπικαλεῖται
3139 529 3220 593 είς
3249 530 3435 603 φωνὴν
3487 532 3606 587 τῶν

2004 636 2144 671 κατα
2150 619 2367 689 ρακτῶν
2398 636 2512 672 σουο

2076 738 2162 793 17.
2196 738 2405 801 Πάντες
2434 740 2485 791 οἱ
2521 740 2889 812 μετεωρισμοί
2918 758 3009 794 σου
3033 742 3127 795 καὶ
3148 740 3216 795 τὰ
3249 740 3472 813 κύματά
3500 757 3604 795 σου

2002 830 2089 883 ἐπ’
2116 830 2215 900 ἐμὲ
2235 830 2471 900 διῆλθον.

2075 942 2159 997 18.
2208 942 2449 1014 Ἡμέρας
2477 944 2766 998 ἐντελεῖται
2798 945 3001 1017 Κύριος
3032 946 3093 1000 τὸ
3118 945 3265 1010 ἔλεος
3286 945 3478 1011 αὑτοῦ,

2074 1095 2158 1151 19.
2192 1096 2300 1149 Kal
2334 1097 2527 1161 νυκτὸς
2556 1096 2666 1169 ᾠδὴ
2694 1098 2842 1169 αὖτῷ
2869 1100 2997 1170 παρ’
3020 1099 3164 1170 ἐμοί.

2074 1209 2161 1265 20.
2194 1212 2476 1283 Προσευχὴ
2497 1212 2575 1283 τῷ
2595 1211 2714 1283 Θεῷ
2739 1212 2837 1283 τῆς
2864 1210 3009 1284 ζωῆς
3039 1230 3162 1283 μου.

2068 1326 2157 1380 21.
2204 1325 2345 1397 Ἐρῶ
2375 1325 2453 1398 τῷ
2480 1325 2619 1397 Θεῷ·
2652 1326 3027 1399 Ἀντιλήπτωρ
3054 1344 3155 1398 μου
3190 1320 3259 1379 εἷ’
3289 1325 3379 1379 διὰ
3400 1326 3455 1380 τί
3490 1344 3603 1397 μου

2002 1418 2267 1473 ἐπελάθου
2289 1435 2303 1485 ;

2072 1536 2163 1591 22.
2208 1534 2284 1606 (α)
2344 1535 2454 1588 Kal
2486 1535 2574 1588 ἵνα
2622 1533 2676 1587 τί
2722 1534 3135 1607 σκυθρωπάζων
3192 1534 3502 1605 πορεύομαι
3534 1537 3601 1590 ἐν

2001 1628 2078 1697 τῷ
2099 1627 2367 1681 ἐκθλίϐειν
2398 1626 2490 1679 τὸν
2519 1625 2748 1697 ὲχθρόν;
3437 1644 3441 1647 ’

380 1759 471 1814 25.
509 1759 647 1814 Dum
689 1758 1113 1830 confringuntur
1155 1775 1284 1817 ossa
1326 1776 1482 1826 mea,
1517 1762 1894 1833 exprobrave-

2071 1743 2161 1796 25.
2212 1743 2299 1795 Ἐν
2331 1741 2410 1812 τῷ
2441 1739 2814 1795 καταθλᾶσθαι
2874 1740 2943 1793 τὰ
2976 1740 3110 1793 ὀστᾶ
3158 1755 3280 1810 μου,
3317 1737 3600 1802 ὠνείδιζόν

310 1858 437 1907 runt
466 1850 602 1905 mihi
630 1850 841 1906 inimici
868 1852 999 1907 mei.

374 1965 467 2019 24.
497 1965 637 2021 Dum
664 1964 856 2020 dicunt
888 1964 992 2036 ipsi
1032 1965 1166 2021 mibi
1203 1981 1300 2037 per
1324 1967 1571 2039 singulos
1598 1967 1755 2025 dies:
1783 1968 1889 2025 Ubi
1956 2016 1967 2027 .

306 2065 391 2112 est
413 2054 559 2112 Deus
588 2056 760 2111 tuus?

375 2169 466 2225 25.
493 2168 675 2237 Quare
718 2170 894 2227 tristis
938 2185 1020 2237 es,
1064 2171 1249 2227 anima
1276 2173 1437 2228 mea?
1476 2183 1529 2228 et
1552 2189 1723 2245 quare
1755 2190 1890 2230 con-

306 2263 496 2318 turbas
529 2262 658 2318 me?
749 2261 763 2273 ’

375 2375 467 2431 26.
503 2364 673 2448 spera
706 2376 760 2431 in
796 2375 927 2443 Deo,
958 2378 1219 2447 quoniam
1251 2379 1551 2435 conﬁtebor
1578 2379 1657 2434 illi
1691 2399 1703 2434 :

374 2552 466 2606 27.
502 2551 754 2608 Salutare
783 2551 971 2609 vultus
994 2553 1101 2607 mei
1132 2559 1187 2607 et
1213 2550 1363 2606 Deus
1390 2564 1570 2605 meus.

2003 1852 2069 1905 με
2100 1836 2149 1887 οἱ
2179 1834 2361 1905 ἐχθροί
2387 1852 2511 1904 μου.

2067 1950 2157 2003 24.
2190 1950 2278 2002 Ἐν
2303 1949 2382 2019 τῷ
2404 1949 2582 2017 λέγειν
2611 1946 2803 2012 αὐτούς
2829 1965 2919 2019 μοι
2950 1947 3073 2002 καθ’
3090 1948 3331 2018 ἑκάστην
3353 1947 3592 2018 ἡμέραν*

1996 2042 2105 2095 Ποῦ
2130 2043 2276 2095 ἐστιν
2302 2044 2330 2095 ὁ
2359 2044 2491 2106 Θεός
2526 2059 2650 2108 σου;

2061 2156 2154 2211 25.
2190 2158 2309 2211 Ἵνα
2354 2157 2407 2210 τί
2431 2157 2731 2229 περίλυπος
2753 2155 2823 2223 εἶ,
2858 2159 2892 2228 ἡ
2923 2156 3069 2228 ψυχή
3103 2172 3241 2227 μου;
3293 2156 3390 2209 καὶ
3422 2154 3508 2208 ἵνα
3533 2154 3592 2206 τε

1998 2251 2390 2321 συνταράσσεις
2431 2268 2497 2321 με
2519 2268 2532 2316 ;

2060 2361 2150 2416 26.
2188 2363 2446 2417 Ἔλπισον
2493 2366 2584 2418 ἐπὶ
2635 2364 2727 2418 τὸν
2778 2363 2932 2430 Θεὸν,
2983 2364 3065 2417 ὅτι
3116 2363 3590 2435 ὲξομολογήσομαι

1992 2454 2141 2526 αὐτῷ
2161 2471 2175 2485 ’

2061 2547 2153 2601 27.
2187 2548 2461 2621 Σωτήριον
2493 2547 2588 2602 τοῦ
2617 2548 2909 2619 προσώπου
2947 2566 3052 2621 μου
3104 2549 3200 2603 καὶ
3233 2549 3261 2602 ὁ
3293 2546 3428 2612 Θεὸς
3458 2563 3585 2618 μου.

370 2710 455 2783 (α)
492 2710 557 2765 'V.
592 2712 695 2780 22,
736 2710 839 2766 Διὰ
887 2709 938 2763 τί
971 2709 1300 2781 ἀπὼσομαι;
1339 2710 1433 2763 καὶ
1457 2709 1565 2773 ἵνα,
1599 2715 1731 2774 etc.,
1765 2705 1995 2779 ἐχθρόν;

1429 2945 1813 3004 ATHANASII
1855 2944 2452 3002 INTERPRETATIO.

365 3137 459 3196 15.
496 3136 562 3191 Et
592 3152 625 3192 a
652 3143 878 3207 peccato
923 3150 1046 3190 meo
1068 3177 1083 3202 ,
1144 3136 1296 3193 dicit.
1344 3133 1482 3189 Nam
1538 3129 1928 3189 Hermoniim(

2056 3127 2143 3181 15.
2172 3129 2283 3182 Kal
2309 3128 2419 3181 ἀπὸ
2444 3129 2542 3200 τῆς
2571 3128 2845 3200 ἁμαρτίας
2877 3145 3000 3199 μου,
3042 3127 3210 3197 λέγει,
3260 3127 3582 3200 Ἐρμονιεὶμ

300 3233 690 3303 interpretatur
740 3229 894 3283 dolor
931 3229 1314 3296 anathematis,
1359 3227 1505 3298 quod
1548 3233 1633 3281 est
1682 3237 1879 3295 pecca-

298 3332 435 3377 tum.

367 3413 455 3466 16.
486 3410 595 3466 Cor
629 3424 813 3465 meum
851 3411 1074 3466 invocat
1131 3406 1565 3465 misericordiam
1622 3413 1773 3459 tuam
1822 3403 1877 3458 in

295 3516 429 3558 voce
450 3502 634 3558 cultus
659 3500 791 3557 mei.

368 3596 454 3649 17.
495 3592 700 3651 Omnes
748 3606 1029 3649 sermones
1082 3591 1159 3646 tui
1215 3589 1591 3645 illuminantes
1634 3596 1875 3643 mentem

293 3703 471 3743 meam
532 3687 602 3742 ad
662 3684 1143 3756 rsupercmlestium
1188 3682 1541 3747 altitudines,
1595 3690 1651 3737 et
1696 3680 1878 3752 fulgor

292 3788 440 3845 tuus,
470 3779 565 3851 qui
596 3779 653 3833 in
679 3777 813 3849 ipsis
835 3785 938 3843 est,
970 3776 1037 3832 ad
1065 3791 1160 3832 cor
1189 3791 1372 3830 meum
1409 3785 1799 3846 pervenerunt.

359 3956 450 4013 18.
485 3955 902 4027 Expergiscenti
929 3954 1066 4009 mihi
1091 3969 1123 4009 a
1159 3961 1386 4023 peccato
1422 3950 1644 4009 exhibet
1690 3949 1878 4006 Domi-

287 4064 393 4103 nus
422 4046 860 4103 misericordiam
890 4060 1075 4101 suam.

357 4139 447 4195 19.
484 4137 553 4194 Et
578 4138 801 4195 demum
837 4137 1054 4207 requies
1091 4150 1214 4192 mea
1250 4134 1529 4192 canticum
1576 4135 1698 4206 ejus
1727 4135 1872 4207 apud

286 4249 374 4288 me
405 4242 510 4289 εει.

354 4326 447 4381 20.
483 4324 602 4381 Oro
634 4325 702 4380 ad
725 4324 1017 4379 Dominum
1045 4323 1169 4378 vita}
1193 4338 1349 4390 meae,

353 4418 446 4473 2|.
479 4417 547 4471 Et
573 4418 696 4473 dico
730 4417 834 4487 ipsi
861 4435 874 4471 :
904 4415 1200 4486 Susceptor
1239 4431 1396 4471 meus
1426 4430 1506 4471 es.

352 4510 443 4564 22.
474 4508 541 4563 Et
564 4524 736 4580 quare
759 4509 1149 4564 obtenebratus
1182 4507 1399 4573 incedo,
1430 4508 1562 4563 dum
1599 4507 1735 4562 mihi
1759 4508 1866 4563 do-

282 4603 526 4658 minatur
565 4604 839 4659 diabolus.

350 4693 422 4748 25
440 4734 455 4760 ,
490 4694 581 4747 24.
617 4694 754 4748 Dum
777 4693 960 4748 anima
988 4708 1105 4747 mea
1130 4700 1355 4762 peccato
1379 4692 1704 4759 conteritur,
1732 4707 1866 4748 con-

280 4784 555 4841 viciantur
585 4786 721 4840 mihi
747 4786 1041 4841 daemones.

349 4878 440 4933 25.
474 4877 588 4949 Ego
611 4888 792 4934 autem
810 4879 935 4934 dico
956 4879 1154 4936 anima:
1176 4894 1310 4936 meae
1333 4898 1345 4933 :
1366 4877 1548 4945 Quare
1572 4879 1743 4935 tristis
1766 4880 1860 4935 es?

346 5058 437 5117 26.
472 5058 643 5132 Spera
672 5060 726 5116 in
750 5059 1002 5126 Domino,
1033 5060 1295 5130 quoniam
1334 5060 1653 5117 misericors
1673 5070 1779 5117 est.
1803 5071 1859 5117 et

278 5153 539 5210 comitere
574 5150 701 5224 ipsi.

347 5245 435 5302 27.
468 5245 630 5304 Salus
651 5247 798 5304 enim
833 5247 1030 5303 anima:
1052 5262 1187 5303 mea:
1217 5246 1365 5303 Deus
1394 5262 1553 5303 meus
1576 5257 1679 5304 est.

1984 3217 2090 3291 γὰρ
2116 3220 2475 3289 ἑρμηνεύεται
2527 3220 2898 3290 ἀναθέματος
2958 3220 3147 3287 λύπη,
3187 3219 3323 3288 ὅπερ
3361 3220 3512 3273 ἐστὶν
3543 3220 3586 3291 ἡ

1982 3312 2243 3383 ἁμαρτία.

2047 3404 2134 3457 16.
2180 3404 2245 3456 Ἥ
2279 3403 2473 3474 καρδία
2508 3421 2608 3473 μου
2645 3403 2707 3456 τὸ
2748 3402 2897 3467 ἔλεός
2922 3421 3015 3457 σου
3055 3404 3397 3459 ἐπικαλεῖται
3424 3404 3484 3458 ἐν
3505 3407 3575 3475 τῇ

1981 3496 2130 3564 φωνῇ
2164 3497 2263 3565 τῆς
2292 3494 2547 3564 λατρείας
2581 3511 2682 3563 μου
2718 3494 2816 3561 (1).

2046 3591 2133 3643 17.
2151 3590 2356 3651 Πάντες
2382 3591 2431 3641 οἱ
2454 3589 2602 3656 λόγοι
2634 3606 2725 3642 σου
2755 3592 2803 3643 οἱ
2837 3590 3166 3659 φωτίζοντες
3194 3592 3296 3663 τὴν
3328 3592 3572 3647 διάνοιάν

1981 3698 2081 3751 μου
2106 3681 2198 3732 ἐπὶ
2220 3678 2288 3732 τὰ
2318 3678 2428 3749 ὕψη
2460 3677 2568 3731 τῶν
2599 3680 2957 3750 ἐπουρανίων,
3010 3681 3106 3734 καὶ
3146 3686 3177 3752 ὴ
3225 3682 3424 3753 ἀπειλὴ
3472 3701 3568 3737 σου

1980 3770 2254 3842 [ἀστραπή
2291 3770 2432 3843 σου],
2462 3772 2509 3823 οἱ
2541 3770 2624 3843 [ἡ]
2654 3772 2713 3824 ἐν
2746 3771 2928 3835 αὐτοῖς
2952 3771 3053 3843 (2),
3099 3774 3177 3837 εἰς
3212 3772 3310 3845 τὴν
3335 3776 3569 3847 καρδίαν

1979 3881 2080 3936 μου
2108 3860 2290 3935 ἦλθον.

2050 3953 2136 4008 18.
2180 3954 2266 4006 Ἐν
2290 3952 2368 4024 τῷ
2404 3952 2676 4024 ἀνανῆψαι
2713 3970 2781 4023 με
2826 3954 2935 4008 ἀπὸ
2962 3955 3063 4026 τῆς
3103 3956 3383 4027 ἁμαρτίας
3416 3976 3565 4031 παρ-

1974 4046 2088 4115 έχει
2123 4045 2325 4116 Κύριος
2356 4045 2418 4098 τὸ
2446 4045 2593 4109 ἕλεος
2626 4046 2816 4099 αὑτοῦ.

2044 4138 2133 4192 19.
2169 4138 2280 4189 Kal
2310 4136 2495 4190 λοιπὸν
2540 4140 2573 4208 ἡ
2623 4138 2933 4203 ἀνάπαυσις
2968 4156 3073 4211 μου
3119 4139 3234 4213 ᾠδὴ
3274 4141 3443 4197 αὑτοῦ
3483 4143 3566 4214 (5)

1972 4229 2090 4281 ἐστι
2124 4230 2255 4299 παρ’
2290 4228 2438 4300 ἐμοί.

2043 4321 2134 4377 20.
2162 4323 2544 4393 Προσεύχομαι
2576 4322 2653 4394 τῷ
2677 4322 2796 4393 Θεῷ
2822 4324 2924 4393 τῆς
2948 4323 3096 4394 ζωῆς
3130 4342 3257 4395 μου,

2041 4414 2131 4467 21.
2170 4415 2279 4467 Kal
2310 4414 2454 4483 λέγω
2485 4415 2663 4486 αὐτῷ·
2709 4416 3077 4487 Ἀντιλήπτωρ
3121 4435 3223 4487 μου
3246 4415 3316 4471 εἷ.

2044 4506 2135 4561 22.
2155 4507 2266 4561 Kal
2287 4508 2372 4560 ἵνα
2404 4507 2457 4560 τί
2478 4509 2863 4579 ἐσκοτισμένος
2892 4510 3197 4581 πορεύομαι
3222 4512 3281 4567 ἐν
3302 4510 3381 4583 τῷ
3401 4529 3565 4567 κατα⁶

1970 4601 2316 4655 δυναστεύειν
2341 4619 2443 4671 μου
2470 4601 2560 4655 τὸν
2586 4601 2859 4667 διάδολον;

2038 4694 2130 4759 25,
2170 4694 2257 4747 24.
2300 4693 2388 4746 Ἐν
2415 4692 2493 4764 τῷ
2528 4693 2911 4764 συντρίϐεσθαι
2954 4695 3058 4765 τὴν
3086 4694 3265 4766 ψυχήν
3302 4711 3403 4766 μου
3455 4696 3563 4750 ὑπὸ

1972 4786 2071 4857 τῆς
2094 4786 2388 4857 ἁμαρτίας,
2414 4785 2733 4849 ὀνειδίζουσί
2767 4804 2834 4857 με
2861 4788 2911 4840 οἱ
2930 4787 3203 4858 δαίμονες.

2042 4876 2131 4930 25.
2182 4875 2321 4943 Ἐγὼ
2363 4876 2420 4930 δὲ
2447 4876 2592 4945 λέγω
2640 4879 2706 4947 τῇ
2757 4876 2903 4949 ψυχῇ
2956 4894 3078 4948 μου·
3112 4877 3230 4931 Ἵνα
3257 4877 3310 4930 τι
3341 4878 3559 4951 περίλυ-

1972 4990 2073 5035 πος
2102 4967 2182 5037 el;

2042 5063 2131 5118 26.
2178 5065 2437 5120 ’Έλπισον
2471 5064 2565 5118 ἐπὶ
2610 5064 2701 5118 τὸν
2764 5064 3001 5135 Κύριον,
3028 5066 3110 5120 ὅτι
3144 5066 3389 5139 ἐλεήμων
3416 5069 3560 5136 ἐστὶ,

1975 5156 2070 5211 καὶ
2105 5155 2497 5229 ὲξομολόγησαι
2532 5156 2608 5228 (4)
2646 5156 2815 5227 αὐτῷ.

2045 5248 2135 5303 27.
2168 5249 2418 5321 Σωτηρία
2451 5250 2559 5321 γὰρ
2587 5252 2688 5322 τῆς
2708 5250 2887 5320 ψυχῆς
2918 5267 3020 5322 μου
3049 5252 3078 5304 ὁ
3101 5249 3232 5315 Θεὸς
3264 5256 3367 5321 μοῦ
3384 5250 3558 5305 ἐστιν.

1233 5449 1545 5516 Addenda
1575 5458 1637 5516 et
1668 5452 2049 5532 corrigenda
2096 5469 2177 5514 ex
2208 5451 2350 5514 cod.
2388 5452 2591 5515 Vatic.

343 5613 425 5756 121
450 5615 654 5742 [grai
684 5685 899 5744 ἀπειλαί
927 5704 1039 5758 σου,
1070 5687 1125 5742 αἱ
1150 5688 1208 5744 ἐν
1230 5689 1431 5782 αυτοῖς.

2035 5617 2113 5687 (δ)
2138 5616 2316 5687 Αὐτῷ.

2031 5688 2106 5745 (4)
2132 5686 2333 5745 Θεὸν...
2358 5687 2842 5775 ἐξομολογήσομαι.
