3876 6220
236 303 343 360 8U
1140 292 1226 346 DE
1261 286 1543 345 Τιτυωὸ
1582 277 2040 342 PSALMORUM.
2080 307 2150 318 -—
2186 274 2383 330 PSAL.
2426 269 2586 326 XLII.
3413 256 3516 314 813

564 417 815 490 Ψαλμὸς
840 415 922 483 τῷ
954 414 1149 469 Δαϐίδ.
1181 417 1371 468 ΨΑΛ..
1394 406 1532 464 MB’.
1865 405 1911 459 A

1865 405 1911 459 Α
2275 416 2525 471 Psamtus
2558 412 2751 467 David.
2790 406 2988 465 PSAL.
3020 403 3206 461 ΧΕΙΙ.

318 514 369 569 1.
397 513 597 585 Κρίνὸν
630 530 742 584 μοι,
769 513 798 565 6
833 510 987 574 Θεὸς,
1028 508 1123 562 καὶ
1165 506 1383 560 δίκασον
1404 502 1502 572 τὴν
1526 498 1678 568 δίκην
1735 511 1835 566 μου

2018 514 2069 567 1.
2110 510 2305 567 Judica
2332 524 2439 573 me,
2480 506 2644 572 Deus,
2691 514 2759 561 et-
2782 503 3033 559 discerne
3073 509 3298 555 causam
3342 501 3518 546 meam

244 608 315 672 ἐξ
333 608 515 669 ἔθνους
542 606 641 675 οὐχ
662 605 833 658 ὁσίου’

1941 603 2007 658 de
2031 610 2189 671 gente
2211 614 2318 654 non
2346 605 2534 653 sancta
2559 613 2574 650 :

317 692 374 749 2.
410 691 542 744 Ἀπὸ
572 689 862 761 ἀνθρώπου
888 686 1074 741 ἀδίκου
1106 686 1201 739 καὶ
1242 682 1417 737 δολίου
1450 678 1610 752 ῥῦσαί
1638 686 1726 748 με’

2014 692 2068 745 2.
2103 691 2185 746 Ab
2214 690 2436 745 homine
2457 686 2645 756 iniquo
2666 692 2720 740 et
2748 683 2940 739 doloso
2961 694 3090 736 erue
3123 693 3211 733 me
3244 700 3272 735 :7

322 782 375 836 ξ.
409 783 539 835 Ὄτιο
567 782 631 834 σὺ
667 777 721 834 εἶ
746 784 774 834 6
806 779 938 844 Θεὸς
970 776 1297 849 κραταίωμά
1325 792 1451 847 μου.

2016 785 2075 840 '5.
2122 784 2263 849 Quia
2298 791 2357 835 tu
2381 797 2442 836 es
2467 780 2612 834 Deus
2633 774 2905 832 fortitudo
2928 787 3068 828 mea.

318 887 373 927 4.
413 874 531 926 Ἵνα
570 873 622 925 τί
661 872 868 926 ἀπώσω
902 887 1006 940 με;

2017 878 2071 932 4.
2104 876 2286 943 Quare
2314 889 2401 929 me
2423 870 2707 941 repulisti?

322 966 374 1020 5.
430 966 542 1019 Kal.
590 966 677 1019 ἵνα
728 966 780 1018 τί
848 960 1259 1035 σκυθρωπάζων
1319 959 1620 1032 πορεύομαι
1666 956 1723 1011 ἐν
1764 954 1842 1027 τῷ

2024 974 2077 1029 5.
2118 971 2185 1028 Et
2218 984 2389 1042 quare
2422 968 2596 1023 tristis
2623 965 2815 1021 incedo
2843 963 2972 1018 dum
3000 956 3189 1028 afﬂigit
3225 945 3525 1009 meinimio

247 1058 521 1111 ἐκθλίϐειν
552 1059 642 1111 τὸν
671 1057 899 1127 ἐχθρόν;
1947 1066 2090 1123 cus?

322 1150 377 1205 6.
412 1148 825 1213 Ἐξαπόστειλον
846 1148 905 1200 τὸ
926 1146 1041 1215 φῶς
1077 1163 1168 1198 σου
1199 1144 1292 1199 καὶ
1322 1142 1419 1213 τὴν
1447 1141 1702 1213 ἀλήθειάν
1725 1157 1837 1192 σουο

1764 1157 1837 1192 ου’
2016 1158 2069 1212 6.
2106 1156 2306 1210 Emitte
2330 1154 2508 1207 lucem
2530 1158 2679 1204 tuam
2708 1158 2762 1201 et
2786 1144 3066 1200 veritatem
3103 1148 3251 1194 tuam
3282 1155 3295 1190 :

320 1242 379 1298 7.
423 1241 575 1295 Αύτά
632 1257 699 1311 με
751 1239 1063 1311 ὡδήγησαν,
1096 1238 1189 1292 καὶ
1239 1237 1443 1308 ἧγαγόν
1497 1253 1564 1307 με
1602 1237 1680 1298 είς
1720 1233 1843 1305 ὅρος

2024 1249 2076 1301 7.
2112 1247 2229 1317 Ipsa
2266 1260 2353 1298 me
2389 1243 2772 1302 deduxerunt,
2817 1244 2872 1291 et
2905 1232 3251 1289 adduxerunt
3276 1224 3333 1279 in
3362 1235 3522 1279 mon-

249 1334 411 1402 ἆγιόν
449 1350 567 1397 σου,

1949 1350 2058 1396 tem
2085 1347 2335 1395 sanctum
2368 1346 2518 1390 tuum
2539 1372 2554 1396 ,

323 1426 378 1480 &
414 1426 526 1478 Καὶ
551 1426 632 1488 είς
650 1424 719 1477 τὰ
751 1423 1087 1494 σκηνώματά
1112 1441 1226 1477 σου.

2023 1434 2076 1488 8.
2112 1430 2177 1484 Et
2201 1431 2256 1485 in
2281 1423 2632 1483 tabernacula
2658 1430 2770 1476 tua.

321 1517 376 1572 9.
398 1517 511 1571 Καὶ
535 1516 914 1587 εἰσελεύσομαι
941 1516 1077 1586 πρὸς
1092 1516 1152 1567 τὸ
1175 1515 1555 1585 θυσιαστήριον
1578 1512 1670 1565 τοῦ
1686 1509 1842 1574 Θεοῦ,

1379 1515 1555 1585 τήριον
1578 1512 1670 1565 τοῦ
1686 1509 1842 1574 Θεοῦ,
2022 1524 2076 1579 9.
2116 1522 2183 1577 Et
2214 1519 2451 1576 introibo
2484 1515 2553 1570 ad
2575 1514 2748 1568 altare
2782 1508 2910 1575 Dei;

320 1611 412 1665 10.
456 1609 602 1679 Πρὸς
621 1609 712 1661 τὸν
734 1608 867 1661 Θεὸν
895 1608 1254 1679 εὐφραίνοντα
1295 1608 1397 1676 τὴν
1427 1605 1652 1675 νεότητά
1688 1621 1806 1675 μου·

2021 1618 2108 1670 10.
2138 1615 2220 1670 Ad
2264 1612 2475 1677 Deum,
2520 1608 2616 1679 qui
2660 1604 2898 1660 laetiﬁcat
2928 1600 3268 1671 iuventutem
3310 1604 3528 1648 meam:

322 1701 415 1755 H.
483 1700 979 1773 Ἐξομολογήσομαί
1034 1717 1116 1753 σοι
1174 1701 1235 1754 ἐν
1294 1700 1515 1770 κιθάρᾳ,
1549 1700 1577 1751 ὁ
1638 1699 1848 1765 Θεὸς,ὀ

2023 1710 2111 1763 11.
2143 1705 2456 1763 Conﬁtebor
2482 1701 2584 1757 tibi
2605 1699 2661 1753 in
2689 1694 2921 1760 cithara,
2944 1691 3111 1757 Deus,
3128 1688 3459 1744 Deusmeus.

250 1793 388 1856 Θεὸς
425 1810 548 1863 μου.

325 1885 420 1940 12.
449 1887 565 1938 Ἵνα
599 1887 651 1939 τί
698 1886 996 1958 περίλυπος
1024 1881 1095 1951 εἴ,
1131 1885 1164 1955 ὴ
1195 1883 1338 1955 ψυχή
1375 1900 1512 1954 μου;
1548 1882 1640 1935 καὶ
1664 1881 1750 1934 ἵνα
1796 1880 1848 1934 τί

2026 1888 2111 1940 l2.
2147 1885 2329 1952 Quare
2360 1883 2536 1938 tristis
2573 1894 2664 1947 es,
2705 1877 2889 1932 anima
2923 1872 3085 1927 mea?
3118 1878 3173 1925 et
3206 1876 3377 1937 quare
3403 1872 3531 1915 con-

253 1977 657 2048 συνταράσσεις
685 1995 752 2048 με
770 1995 784 2043 ;

770 1995 784 2043 ;
1836 2040 1841 2044 ,
1955 1981 2143 2037 turbas
2175 1979 2299 2034 me?

322 2071 413 2125 15.
433 2071 693 2124 Ἐλπισον
713 2070 806 2124 ἐπὶ
826 2070 916 2125 τὸν
926 2068 1077 2135 Θεὸν,
1095 2069 1175 2123 ὅτι
1188 2068 1653 2140 ἐξομολογήσομαι
1666 2067 1813 2140 αὐτῷ
1831 2087 1842 2098 ·

1794 2067 1842 2138 ,3'
2027 2072 2115 2125 15.
2151 2068 2320 2138 Spera
2348 2068 2406 2121 in
2430 2065 2564 2129 Deo,
2602 2061 2861 2133 quoniam
2885 2053 3185 2112 conﬁtebor
3212 2049 3325 2105 illi:

323 2161 415 2216 14.
460 2163 736 2234 Σωτήριον
785 2161 880 2215 τοῦ
934 2160 1227 2234 προσώπου
1256 2179 1355 2232 μου
1380 2162 1474 2214 καὶ
1509 2163 1538 2214 6
1566 2161 1698 2224 Θεός
1724 2179 1844 2232 μου.

1672 2178 1698 2224 ς
1724 2179 1844 2232 μου.
1880 2182 1923 2236 Β
2023 2163 2113 2218 14.
2155 2161 2406 2216 Salutare
2426 2159 2609 2214 vultus
2635 2155 2740 2209 mei
2780 2161 2834 2206 et
2856 2150 3000 2204 Deus
3027 2161 3203 2201 meus.

1388 2340 1764 2397 ATHANASII
1803 2334 2391 2395 INTERPRETATIO.

336 2469 403 2521 'H
444 2470 786 2543 προκειμένη
832 2471 1113 2544 ἐπιγραφὴ
1165 2472 1408 2544 περιέχει
1440 2473 1537 2543 (1)·
1594 2473 1842 2543 Ψαλμὸς
1900 2472 1978 2538 τῷ
2033 2472 2231 2527 Δαϐίδσ
2287 2469 2588 2534 τουτέστιν,
2636 2469 2665 2520 ὁ
2726 2461 2939 2535 ψαλμδς
2987 2452 3141 2522 οὗτος
3195 2456 3411 2529 εἴρηται
3458 2449 3538 2524 τῷ

254 2561 574 2625 πταίσαντι,
602 2563 696 2615 καὶ
726 2564 786 2617 ἐν
819 2565 1078 2635 μετανοίᾳ
1106 2564 1333 2618 ἐλθόντι.
1368 2565 1533 2617 Δαὸἱδ
1565 2565 1672 2639 γὰρ
1699 2566 2061 2637 ἑρμηνεύεται
2094 2563 2567 2635 ἐξουθενημένος
2596 2561 2692 2616 καὶ
2717 2554 3068 2626 ἠλεημένος,
3088 2550 3231 2619 δ’περ
3256 2544 3538 2618 ἀμφότερα

253 2651 519 2722 εὑρήσεις
543 2654 626 2716 εἰς
653 2654 746 2707 τὸν
778 2655 1158 2727 ἡμαρτηκότα,
1213 2658 1308 2710 καὶ
1340 2659 1421 2722 είς
1450 2660 1738 2729 μετάνοιαν
1767 2659 2012 2714 ἐλθόντα.

331 2744 556 2801 Titulus
584 2747 880 2818 inscriptus
919 2751 1163 2805 continet
1196 2770 1209 2806 :
1243 2721 1493 2806 Psalrnzis
1527 2754 1724 2809 David.
1760 2753 1877 2810 Hoc
1908 2764 2013 2820 est,
2047 2753 2139 2809 hic
2166 2767 2415 2824 psatmus
2443 2750 2623 2806 dictus
2648 2754 2732 2802 est
2755 2743 2824 2799 ab
2881 2754 2969 2805 eo,
3003 2753 3098 2807 qur
3127 2721 3344 2799 cecidit,
3387 2740 3443 2790 et
3480 2732 3538 2789 in

256 2840 644 2907 pmnitentiam
684 2845 855 2896 venit.
889 2841 1057 2897 David
1104 2845 1251 2898 enim
1282 2845 1675 2917 interpretatur
1718 2847 1983 2923 neglectus
2022 2858 2079 2904 et
2108 2844 2535 2901 misericordiam
2566 2845 2914 2901 consecutus,
2938 2838 3237 2901 utrumque
3268 2827 3528 2884 convenit

258 2932 313 2985 in
338 2948 494 2996 eum,
525 2932 620 3003 qui
650 2944 859 3003 peccat,
888 2944 941 2988 et
963 2935 1030 2989 ad
1064 2937 1443 3003 prenitentiam
1471 2938 1837 2993 convertitur.

329 3026 384 3080 1.
437 3025 893 3099 Σπλαγχνίσθητι,
929 3030 957 3081 ὁ
991 3027 1193 3101 Κύριος
1216 3030 1315 3100 (2),
1344 3032 1437 3084 καὶ
1465 3031 1604 3102 ὁρῶν
1637 3048 1703 3101 με
1738 3031 1854 3084 ἀδι-

2034 3023 2087 3077 1.
2124 3020 2402 3087 Miserere,
2454 3019 2703 3082 Domine,
2738 3027 2792 3073 et
2841 3017 3031 3071 videns
3076 3029 3165 3069 me
3205 3013 3391 3083 inique
3419 3024 3538 3083 per-

258 3117 531 3187 κούμενον
562 3118 667 3171 ὑπὸ
688 3118 795 3171 τῶν
827 3120 1083 3175 ἐναντίων
1112 3121 1419 3192 δυνάμεων,
1457 3121 1732 3195 λύτρωσαί
1763 3140 1789 3193 μ

1827 3142 1852 3177 ε,
1963 3120 2256 3170 tractatum
2284 3128 2313 3166 a
2341 3111 2634 3167 contrariis
2674 3108 3035 3181 potestatibus
3057 3107 3228 3162 libera
3251 3119 3358 3183 me.

325 3210 384 3262 2.
431 3208 564 3262 Ἀπὸ
594 3209 689 3264 τοῦ
718 3212 983 3279 διαϐόλου,
1014 3214 1159 3283 λέγει
1193 3215 1289 3286 (5).

1121 3231 1159 3267 ει
1193 3215 1289 3286 (5).
2032 3204 2086 3258 2.
2117 3205 2160 3257 A
2190 3202 2432 3268 diabolo,
2457 3201 2652 3270 inquit.

324 3301 382 3355 5.
421 3300 545 3353 ’Ότι
572 3302 636 3354 σὺ
662 3297 714 3355 εἴ
748 3305 781 3374 ἡ
820 3303 1041 3375 βοήθειά
1069 3323 1191 3375 μου.

2036 3298 2092 3353 ’5.
2121 3296 2396 3363 Quoniam
2422 3305 2477 3350 tu
2503 3311 2561 3350 es
2589 3295 2854 3349 auxilium
2886 3308 3090 3348 meum.

322 3394 381 3448 4.
419 3393 540 3446 Ἵνα
566 3395 619 3446 τί
643 3396 955 3467 ἀπέρριψάς
986 3414 1088 3467 με;

2032 3389 2085 3442 4.
2121 3388 2302 3455 Quare
2338 3403 2425 3442 me
2457 3385 2775 3457 proiecisti?

328 3487 385 3540 5.
413 3487 525 3539 Καὶ
554 3486 640 3539 ἵνα
660 3487 713 3540 τί
743 3489 1126 3559 ἐσκοτισμένος
1154 3490 1459 3561 πορεύομαι
1488 3491 1547 3545 ἐν
1570 3490 1650 3562 τῷ
1689 3508 1855 3545 κατα-

2033 3479 2087 3534 5.
2121 3478 2188 3534 Ει
2220 3494 2393 3549 quare
2423 3478 2818 3539 obtenebratus
2851 3476 3067 3539 incedo.
3110 3475 3243 3531 dum
3282 3472 3540 3529 mihi.do«

261 3577 613 3631 δυναστεύειν
652 3595 753 3649 μου
783 3578 874 3631 τὸν
907 3578 1179 3646 διάϐολον;

1000 3578 1179 3646 ϐολον;
1888 3568 1931 3626 C
1965 3573 2207 3628 minatur
2239 3571 2531 3626 diabolus?

335 3668 393 3722 6.
434 3667 845 3731 Ἐξαπόστειλον
877 3668 970 3723 τὸν
995 3668 1124 3722 Υίόν
1168 3686 1284 3735 σου,
1304 3671 1399 3723 καὶ
1428 3669 1490 3722 τὸ
1521 3668 1746 3740 Πνεῦμά
1769 3687 1861 3723 σου

2036 3664 2090 3719 6.
2131 3663 2281 3718 Mitte
2342 3662 2547 3719 Filium
2616 3672 2814 3728 tuum,
2867 3672 2922 3718 et
2975 3662 3238 3732 Spiritum
3295 3665 3543 3715 sanctqu

264 3774 324 3814 το
354 3760 530 3827 ἅγιον.

1964 3765 2143 3812 tuum.

338 3853 394 3916 7,
425 3852 477 3907 8.
510 3852 661 3906 Αὐτά
689 3870 756 3923 με
775 3852 870 3905 νῦν
892 3852 1182 3923 ὡδήγησαν
1199 3851 1316 3924 [καὶ
1348 3851 1601 3922 ἤγαγον),
1620 3853 1865 3923 ὑπομνη-

2039 3849 2103 3910 7,
2141 3846 2196 3902 8.
2231 3845 2352 3915 Ipsa
2391 3860 2480 3899 me
2516 3860 2665 3898 nunc
2701 3843 3051 3898 deduxerunt
3091 3850 3147 3897 et
3183 3840 3543 3899 adduxerunt.

270 3946 468 4014 σθῆναι
494 3946 595 4016 τῆς
621 3945 874 4017 οὐρανίου
901 3944 1173 4008 πολιτείας
1214 3945 1308 3998 καὶ
1357 3944 1465 3999 τῶν
1504 3947 1735 3998 αἰωνίων
1771 3963 1801 3998 σ

2014 3939 2381 4014 trecordarer
2420 3938 2661 3993 caelestis
2711 3936 3165 4002 conversationis,
3223 3941 3278 3988 et
3320 3942 3545 3987 aeterna-

268 4037 487 4091 ἁναπαύ
496 4055 632 4091 σεων
658 4037 757 4108 (4).

1963 4048 2086 4087 rum
2116 4038 2340 4085 tuarum
2366 4029 2696 4099 requietum.

339 4131 395 4185 9.
424 4131 535 4183 Καὶ
554 4132 621 4199 τῇ
650 4129 859 4200 διανοίᾳ
881 4128 1108 4183 είσέλθω
1138 4131 1216 4193 είς
1240 4128 1299 4183 τὸ
1320 4122 1641 4199 ἐπουράνιον
1671 4128 1860 4181 θυσια-

2034 4124 2088 4179 9.
2120 4123 2186 4177 Et
2214 4132 2395 4178 mente
2423 4121 2703 4193 ingredior
2725 4120 2793 4175 ad
2816 4118 3207 4190 supercoeleste
3235 4115 3407 4171 altare
3427 4112 3544 4168 Dei.

273 4225 496 4295 στήριον
529 4222 623 4276 τοῦ
662 4222 816 4276 Θεοῦ.

342 4317 431 4371 10.
465 4316 571 4370 Τὸν
600 4316 981 4389 εὐφραίνοντα,
1007 4314 1177 4383 λέγει,
1212 4313 1391 4384 ψυχήν
1418 4330 1539 4384 μου.

2036 4304 2123 4359 10.
2157 4302 2569 4367 Laetiﬁcantem,
2600 4300 2807 4370 inquit,
2834 4299 3072 4352 animam
3110 4310 3310 4350 meam.

339 4412 429 4465 11.
459 4384 897 4477 Δοξάσωξλέγει,
930 4410 987 4461 ἐν
1024 4411 1090 4480 τῇ
1111 4407 1255 4479 ψυχῇ
1290 4425 1410 4478 μου,
1435 4408 1529 4460 καὶ
1560 4408 1617 4459 ἐν
1648 4404 1724 4476 τῷ
1758 4402 1861 4457 σώ-

2036 4397 2122 4453 11.
2161 4394 2517 4457 Gloriﬁcabo,
2545 4393 2747 4463 inquit,
2779 4395 2835 4445 in
2870 4389 3054 4444 anima
3082 4402 3202 4442 mea
3224 4426 3239 4451 ,
3272 4392 3328 4441 et
3352 4384 3405 4439 in
3428 4400 3545 4439 cor-

275 4522 427 4572 ματι,
452 4501 733 4573 νεκρώσας
755 4503 820 4572 τῇ
855 4477 1100 4573 ἁμαρτία
1128 4477 1252 4553 ὅλον
1277 4477 1487 4553 ἐαυτόν·
1517 4498 1717 4570 κιθάρα
1751 4497 1806 4566 γὲ

2015 4505 2095 4544 )re
2130 4487 2471 4543 mortiﬁcans
2515 4494 2690 4540 totum
2732 4484 3000 4553 meipsum
3048 4477 3546 4552 peccatozcithara

272 4570 429 4661 ξύλον
461 4570 580 4647 ἐστῆ¹
610 4593 772 4665 ξηρὸν
795 4570 918 4662 ἐχον
942 4570 1132 4663 νεῦρα,
1168 4590 1398 4661 ἀόρατον
1452 4588 1636 4658 φωνὴν
1666 4588 1803 4641 ἀποτ

2015 4585 2106 4638 tim
2154 4591 2241 4637 est
2292 4582 2503 4651 lignum
2547 4580 2759 4634 aridum
2792 4578 2997 4632 habens
3034 4590 3256 4639 nervos,
3301 4570 3546 4627 invisibi-

274 4687 443 4740 κοῦσα
477 4686 555 4758 (5)
595 4687 715 4739 κατ’
740 4685 1018 4755 ἐνέργειαν
1038 4683 1133 4736 τοῦ
1164 4680 1437 4744 κινοῦντος
1471 4681 1659 4751 αὐτήν.

2016 4694 2067 4731 m
2116 4689 2306 4729 vocem
2352 4672 2611 4728 emittens
2655 4670 2956 4727 secundum
3003 4667 3376 4739 operationem
3425 4679 3544 4719 cam

1962 4766 2255 4824 moventis.

345 4865 432 4918 ιε.
459 4862 579 4916 Ἵνα
610 4861 663 4915 τί
695 4862 866 4924 οὕτως
890 4861 1141 4929 ἁπέγνως
1171 4861 1397 4930 ἐ¹αυτῆς;

1887 4916 1928 4930 “
2032 4857 2120 4911 l2.
2156 4855 2339 4921 Quare
2366 4852 2443 4907 ita
2467 4850 2534 4907 de
2559 4858 2611 4905 tc
2646 4850 2762 4920 ipsa
2789 4847 3132 4918 desperasti?

341 4959 428 5012 15.
465 4956 725 5010 Ἔλπισον
752 4954 845 5007 ἐπὶ
878 4953 969 5008 τὸν
996 4916 1128 5007 Θεὸν
1150 4952 1240 5006 τὸν
1264 4916 1504 5016 σιθζοντα
1526 4950 1651 5012 τοὺς
1685 4963 1856 5018 προσ-

2038 4946 2127 5000 15.
2162 4916 2332 5014 gpera
2366 4943 2421 4996 in
2450 4940 2644 5005 Deum,
2665 4916 2780 5011 iqui
2825 4916 3002 4994 salvat
3029 4937 3098 4993 ad
3130 4953 3188 4993 se
3228 4936 3547 5010 confugien-

275 5049 576 5118 φεύγοντας
602 5046 773 5118 αὐτῷ,
804 5048 887 5100 ὃτι
944 5044 1100 5114 κάγὼ
1139 5044 1314 5117 μέλλω
1346 5041 1495 5113 αὐτῷ
1534 5039 1806 5113 ἐξομολογι

1729 5040 1858 5111 ογή-
1962 5047 2068 5104 tcs,
2096 5036 2360 5108 quoniam
2385 5041 2440 5089 et
2469 5048 2571 5103 ego
2602 5032 2709 5104 ipsi
2730 5030 3084 5088 confessurus
3116 5044 3258 5085 sum.

277 5141 470 5195 σασθαι
503 5138 599 5208 (6).

346 5234 431 5289 14.
463 5232 636 5297 Αὐτός
666 5232 813 5308 ἐστιν
838 5233 866 5285 6
887 5230 1019 5295 Θεός
1053 5248 1155 5302 μου
1187 5229 1283 5301 (7).

1261 5257 1283 5282 η.
2034 5221 2124 5279 14.
2152 5217 2274 5290 Ipse
2295 5226 2379 5275 est
2411 5216 2559 5272 Deus
2584 5231 2761 5272 meus.

2773 5302 2792 5330 ο

1230 5405 1541 5469 Addenda
1573 5410 1631 5467 et
1684 5398 2065 5480 corrigenda
2097 5415 2177 5460 ex
2209 5395 2350 5457 cod.
2385 5393 2592 5456 Vatic.

343 5537 417 5603 (l)
471 5536 536 5589 Ἤ
561 5534 650 5589 διὰ
675 5534 777 5605 τῆς
823 5533 1193 5605 κινναϐάρεως
1225 5547 1345 5602 περ.

994 5533 1193 5605 5ἀρειινς
1225 5547 1345 5602 περ·
2023 5518 2107 5605 (ἕξ
2146 5513 2525 5605 camisia;

476 5585 536 5658 ’δ
570 5585 775 5668 ὀὲδέζ¹⁷
1175 5585 1191 5596 ’
1299 5585 1311 5602 ³
2148 5585 2641 5671 ξῐξξομολογεῖσθάι.

453 5656 816 5747 Λέγειξρῗῦσαί
848 5693 934 5745 με,
1594 5672 1601 5682 ’
2040 5660 2117 5731 (7)
2148 5660 2288 5725 Μου,
2316 5658 2407 5713 καὶ
2433 5656 2613 5727 σωτήρ
2646 5668 2770 5726 μου.

342 5748 414 5811 (4)
450 5746 850 5803 ’Δτιολαύσεων.
2740 5763 2745 5767 ‘
