3876 6220
311 249 417 307 819
1154 252 1212 309 S.
1254 252 1628 309 ATHANASII
1665 252 1814 309 OPP.
1856 250 2035 308 PARS
2060 253 2153 311 lli.
2178 281 2248 293 —
2285 246 2700 305 EXEGETICA.
3462 241 3616 302 820

536 364 604 421 In
629 366 787 437 ﬁnem
816 378 836 419 :
863 364 993 435 ﬁliis
1026 362 1158 423 Core
1186 366 1255 418 ad
1284 366 1626 420 intellectum.
1905 369 1948 425 Α
1981 365 2067 431 Εἰς

2079 387 2083 399 ι
2134 363 2201 416 τὸ
2270 362 2475 428 τέλος,
2531 361 2655 427 τοῖς
2706 360 2856 427 υἱοῖς
2926 360 3078 431 Κορὲ
3144 363 3232 429 εἲς
3280 363 3610 419 σύνεσιν.

840 458 1044 514 ΡδΑι.
1086 458 1308 514 XLIII.

2601 455 2765 507 ΨΑΛ.
2804 455 2914 507 ΜΓ
2936 491 2948 508 .

372 554 424 609 1.
458 553 624 618 Deus,
652 552 707 607 in
732 553 958 607 auribus
985 553 1190 609 nostris
1217 553 1561 617 audivimus,

2048 544 2102 599 1.
2150 544 2207 596 '0
2235 543 2388 607 Θεὸς,
2424 544 2482 595 ὲν
2505 546 2617 607 τοῖς
2645 544 2778 596 dictv
2804 544 2958 614 ήμῶν
2978 544 3311 617 ἠκούσαμεν,

368 645 426 700 9..
462 646 652 701 Patres
673 646 845 701 nostri
869 646 1332 701 annuntiaverunt
1363 646 1520 701 nobis

2051 637 2105 690 2.
2137 637 2199 690 Οἱ
2229 636 2463 707 πατέρες
2490 635 2647 707 ήμῶν
2680 636 3009 707 ἀνήγγειλάν
3040 637 3170 708 ἡμῖν

372 737 425 790 5.
462 736 647 806 Opus,
698 737 844 805 quod
885 745 1143 807 operatus
1166 752 1229 792 es
1250 737 1303 792 in
1333 737 1526 792 diebus
1565 750 1791 797 eorum,
1821 734 1874 786 in

2078 730 2105 783 ἱ.
2142 730 2364 800 Ἔργον,
2390 727 2677 800 ὃείργάσω
2709 729 2765 781 ὲν
2809 731 2931 792 ταῖς
2975 729 3211 800 ἡμέραις
3248 729 3465 794 αὐτῶν,
3528 732 3609 783 ἐν

302 827 494 883 diebus
521 828 777 897 antiquis.

1984 820 2220 893 ἡμέραις
2250 819 2525 891 ἀρχαίαις.

373 917 426 971 4.
464 916 657 973 Manus
692 926 784 972 tua
811 926 1001 988 gentes
1024 917 1370 989 disperdidit,
1388 926 1442 974 et
1464 917 1721 989 plantasti
1743 931 1874 971 eos:

2075 912 2107 965 ί.
2142 914 2207 965 Ἠ
2231 912 2351 984 χείρ
2374 930 2467 967 σου
2489 911 2616 982 ἔθνη
2645 910 3029 982 ὲξωλόθρευσε,
3048 911 3142 964 καὶ
3161 911 3606 981 κατεφύτευσας

1984 1000 2199 1064 αὐτούς’

374 1095 429 1150 5.
461 1093 719 1149 Afﬂix-isti
742 1095 996 1165 populos,
1028 1103 1083 1149 et
1118 1095 1375 1164 expulisti
1403 1109 1519 1150 eos.

2053 1094 2106 1147 5.
2154 1093 2472 1156 Ἐκάκωσας
2494 1093 2675 1157 λαοὺς,
2710 1094 2803 1147 καὶ
2824 1093 3074 1161 ἐξέϐαλες
3100 1094 3317 1158 αὐτούς.

377 1189 429 1243 6.
463 1187 572 1243 Nec
606 1189 751 1243 enim
782 1189 835 1243 in
867 1189 1047 1258 gladio
1090 1204 1192 1244 suo
1231 1191 1596 1259 possederunt
1626 1196 1825 1243 terram
1863 1207 1877 1243 :

2069 1185 2111 1239 Β.
2135 1187 2210 1239 Οὐ
2228 1186 2336 1257 γὰρ
2353 1188 2410 1239 ἐν
2426 1190 2490 1257 τῇ
2512 1188 2754 1258 ῥομφαίᾳ
2778 1187 2955 1242 αὐτῶν
2982 1188 3112 1259 ὲκλη
3123 1188 3427 1260 ρονόμησαν
3444 1188 3600 1259 γῆνο

377 1277 432 1331 7.
468 1278 531 1331 Ει
552 1279 836 1333 brachium
858 1294 1047 1334 eorum
1083 1295 1193 1333 non
1222 1278 1453 1333 salvavit
1480 1292 1575 1333 eos
1610 1296 1627 1332 :

2065 1277 2115 1330 7.
2142 1279 2252 1331 Καὶ
2280 1279 2307 1329 6
2337 1279 2577 1349 βραχίων
2604 1280 2780 1333 αὐτῶν
2815 1281 2914 1333 οὐκ
2942 1280 3143 1333 ἔσωσεν
3177 1281 3373 1344 αὐτούς
3392 1298 3406 1312 ·

376 1367 441 1450 8..
467 1368 571 1423 Sed
595 1370 817 1424 dextera
842 1378 934 1424 tua
966 1379 1018 1425 et
1044 1370 1329 1425 brachium
1378 1379 1562 1435 tuum,
1595 1378 1650 1424 et
1683 1368 1884 1423 illumi-

2076 1370 2116 1423 3.
2164 1370 2306 1422 Ἀλλ’
2333 1373 2365 1441 ἡ
2395 1371 2545 1437 δεξιά
2572 1388 2689 1437 σου,
2714 1372 2809 1426 καὶ
2836 1374 2863 1425 6
2893 1372 3131 1444 βραχίων
3162 1390 3277 1436 σου,
3301 1372 3394 1426 καὶ
3418 1375 3447 1426 6
3472 1389 3607 1442 φω-

309 1459 457 1512 natio
482 1460 666 1515 vultus
695 1461 793 1524 tui,

1988 1458 2182 1528 τισμὸς
2211 1458 2304 1511 τοῦ
2334 1460 2627 1528 προσώπου
2656 1476 2770 1523 σου,

378 1547 429 1602 9.
458 1549 727 1615 Quoniam
758 1551 1130 1620 complacuisti
1166 1551 1218 1604 in
1250 1551 1350 1607 eis.

2062 1550 2114 1603 9.
2154 1550 2276 1603 ’Ότι
2303 1550 2602 1619 εὐδόκησας
2641 1553 2700 1604 ὲν
2729 1551 2931 1615 αὐτοῖς.

383 1638 469 1692 10.
504 1638 586 1693 Tu
613 1655 673 1694 es
698 1640 817 1709 ipse
844 1655 934 1694 rex
969 1655 1124 1694 meus
1149 1649 1203 1694 et
1233 1640 1375 1695 Deus
1397 1654 1573 1707 meus,

2068 1643 2154 1696 10.
2188 1643 2260 1695 Σὺ
2295 1638 2345 1694 εἷ
2374 1643 2537 1706 αὐτὸς
2566 1645 2594 1696 6
2622 1642 2874 1712 βασιλεύς
2903 1661 3005 1714 μου
3031 1643 3126 1697 καὶ
3154 1645 3182 1697 6
3206 1642 3345 1714 ,Θεός
3380 1660 3506 1713 μου,

382 1729 471 1781 11.
497 1727 600 1793 Qui
625 1729 854 1784 mandas
884 1730 1088 1786 salutes
1113 1729 1303 1784 Jacob.

1915 1728 1959 1786 Β
2072 1734 2159 1787 11.
2200 1734 2257 1786 Ὀ
2286 1733 2664 1804 ἐντελλόμενος
2693 1735 2793 1798 τάς
2828 1735 3100 1807 σωτηρίας
3139 1734 3351 1788 Ἰακώϐ.

384 1820 471 1873 12.
507 1818 563 1872 In
589 1830 640 1873 te
670 1820 925 1875 inimicos
956 1830 1177 1875 nostros
1200 1821 1591 1875 ventilabimus
1619 1836 1813 1887 cornu,

2066 1825 2154 1878 12.
2198 1825 2288 1878 Ἐν
2320 1827 2403 1878 σοὶ
2427 1828 2552 1889 τοὺς
2584 1827 2812 1898 ἐχθροὺς
2840 1828 2997 1898 ἡμῶν
3025 1826 3407 1898 κερατιοῦμεν,

383 1910 469 1963 15.
526 1909 592 1964 Ει
642 1909 696 1963 in
728 1898 963 1965 nomine
1020 1919 1112 1966 tuo
1164 1927 1487 1982 speruemus
1545 1912 1889 1983 insurgentes

2071 1918 2157 1970 15.
2196 1917 2304 1969 Καὶ
2346 1919 2404 1970 ὲν
2455 1916 2534 1987 τῷ
2585 1918 2808 1989 ὀνόματί
2845 1937 2936 1971 σου
2984 1918 3409 1990 ὲξουδενώσομεν
3453 1917 3597 1981 τοὺς

311 2003 492 2057 nobis.
962 2076 969 2081 .

1996 2010 2461 2081 ἐπανισταμένους
2493 2013 2640 2080 ἡμῖν.

380 2092 469 2145 11.
495 2091 613 2147 Non
639 2093 783 2148 enim
812 2094 867 2148 in
894 2076 1021 2150 arcu
1050 2109 1170 2149 meo
1202 2094 1464 2163 sperabo:

2070 2101 2158 2155 ιι.
2191 2076 2278 2153 oo'
2293 2100 2403 2172 γὰρ
2441 2076 2641 2172 ἐπί-τῷ
2668 2102 2809 2173 τόξῳ
2838 2120 2938 2173 μου
2980 2101 3184 2154 ὲλπιῶ’

383 2183 470 2237 15.
496 2182 562 2238 Ει
594 2184 805 2256 gladius
834 2201 990 2241 meus
1020 2201 1127 2240 non
1164 2186 1395 2241 salvabit
1427 2201 1533 2241 me.

2063 2193 2153 2247 15.
2184 2194 2355 2265 Καλή
2391 2194 2639 2265 ῥομφαία
2675 2211 2777 2265 μου
2805 2194 2867 2246 οὗ
2900 2192 3065 2246 σώσει
3100 2210 3189 2263 με.

1433 2323 1808 2379 ATHANASII
1845 2323 2455 2382 lNTERPBETATIO.

408 2435 457 2488 Η
490 2438 828 2508 προκειμένη
872 2437 1153 2508 ἐπιγραφὴ
1178 2437 1421 2509 περιέχει
1442 2438 1541 2509 (1)·
1565 2440 1669 2504 Εἰς
1698 2439 1766 2492 τὸ
1800 2439 1996 2506 τέλος,
2028 2439 2157 2503 τοῖς
2182 2439 2337 2505 υἱοῖς
2366 2437 2519 2505 Κορὲ
2542 2440 2629 2503 είς
2658 2438 2916 2491 σύνεσιν
2943 2435 3039 2507 (α)’
3076 2435 3171 2488 καὶ
3198 2434 3397 2506 ἑτέρως
3420 2433 3485 2505 δὴ
3509 2435 3603 2505 (Ξ)

309 2527 411 2597 τὴν
433 2528 601 2599 αὐτὴν
648 2530 942 2602 ἑρμηνείαν
970 2532 1215 2602 εἴπομεν·
1241 2531 1387 2601 λέγει
1409 2532 1537 2603 γάρ’
1577 2534 1681 2598 Εἰς
1710 2533 1776 2586 τὸ
1808 2533 2005 2600 τέλος,
2046 2533 2172 2599 τοῖς
2197 2532 2352 2597 υἱοῖς
2377 2531 2529 2600 Κορὲ
2564 2535 2650 2597 εὶς
2677 2533 2952 2586 σύνεσιν.
2990 2530 3065 2582 Τὸ
3123 2530 3181 2582 δὲ
3230 2530 3374 2601 Κορὲ
3411 2531 3592 2600 ἑρμη-

311 2621 526 2677 νεύεται
563 2626 870 2694 φαλακρός
895 2626 992 2696 (5).
1023 2628 1148 2689 Τοῖς
1192 2621 1284 2679 οὖν
1314 2626 1519 2697 γυμνὸν
1542 2626 1725 2697 ἔχουσι
1750 2627 1810 2680 τὸ
1838 2629 2163 2699 ἡγεμονικὸν
2195 2630 2295 2699 τῆς
2346 2626 2573 2698 καρδίας
2606 2625 2715 2681 ἀπὸ
2762 2626 2939 2696 ἔργων
2973 2623 3074 2693 (4),
3107 2623 3199 2675 ἐπὶ
3240 2622 3381 2675 τέλει
3417 2623 3474 2675 δὲ
3500 2625 3593 2687 εἰς¹

316 2711 533 2769 σύνεσιν
560 2716 873 2788 ἐρχομένων
901 2721 930 2771 ὁ
951 2717 1163 2790 ψαλμὸς
1182 2711 1338 2781 οὗτος
1364 2718 1599 2789 εἴρηται.

384 2822 601 2882 Titulus
633 2827 930 2900 inscriptus
960 2831 1203 2885 continet
1229 2849 1243 2885 :
1272 2829 1340 2884 In
1365 2831 1689 2901 ﬁnem,ﬁliis
1707 2830 1839 2885 Core
1867 2831 1937 2885 ad
1955 2831 2397 2895 intellectum....;
2436 2837 2493 2885 et
2512 2829 2617 2883 alia
2643 2827 3094 2896 interpretatione
3115 2827 3187 2881 ita
3220 2828 3331 2880 haec
3346 2826 3597 2895 explica-

314 2934 440 2975 mus
464 2939 477 2974 :
501 2920 633 2976 dicit
661 2923 808 2977 enim
839 2943 853 2979 :
886 2922 953 2978 In
982 2926 1161 2995 ﬁnem,
1194 2928 1323 2996 ﬁliis
1346 2928 1478 2983 Core
1509 2928 1579 2981 ad
1606 2927 1954 2982 intellectum.
1984 2927 2126 2983 Core
2160 2936 2342 2981 autem
2371 2927 2796 2996 interpretatur:
2823 2921 3038 2979 Calvus.
3077 2920 3262 2991 Itaque
3290 2922 3358 2975 ah
3384 2923 3597 2976 haben-

315 3015 463 3071 tibus
491 3027 725 3073 mentem
757 3021 938 3076 cordis
956 3022 1211 3078 nudatam
1245 3024 1313 3079 ab
1334 3024 1613 3094 operibus,
1636 3024 1693 3077 in
1731 3024 1837 3078 ﬁne
1858 3033 2037 3078 autem
2072 3024 2128 3077 in
2168 3023 2505 3078 intellectum
2536 3020 2880 3075 venientibus
2897 3017 3262 3088 psalmusiste
3278 3015 3454 3070 dictus
3484 3031 3594 3074 est.

386 3128 439 3182 1.
470 3129 514 3182 Α
562 3130 813 3190 ﬁdelibus
881 3135 1015 3191 viris
1077 3138 1409 3208 accepimus,
1460 3154 1583 3208 quae
1622 3137 1897 3192 narraturi

2072 3136 2123 3188 1.
2143 3134 2301 3207 Παρὰ
2330 3133 2538 3187 πιστῶν
2570 3131 2779 3203 ἀνδρῶν
2808 3128 3248 3200 παρειλήφαμεν,
3270 3126 3305 3179 ἃ
3328 3126 3600 3198 μέλλομεν

314 3230 528 3275 sumus.

2009 3228 2310 3298 διηγεῖσθαι
2331 3227 2427 3296 (5).

391 3311 447 3364 2.
481 3310 694 3380 Moyses
716 3316 771 3365 et
803 3310 1081 3381 prophetae
1120 3314 1175 3367 in
1205 3314 1506 3386 Scripturis
1538 3330 1904 3376 narraverunt

2080 3317 2135 3370 2.
2172 3317 2379 3387 Μωσῆς
2412 3317 2505 3369 καὶ
2548 3316 2603 3367 oi
2634 3314 2909 3384 προφῆται
2950 3314 3038 3366 διά
3089 3314 3198 3367 τῶν
3240 3312 3472 3383 Γραφῶν
3518 3312 3602 3365 δι-

320 3406 387 3459 de
409 3402 689 3473 gentibus,
717 3418 855 3473 quas
879 3403 1039 3473 ejecit
1068 3404 1234 3460 Deus.

2000 3408 2276 3478 ηγήσαντο
2306 3407 2435 3477 περὶ
2455 3406 2563 3458 τῶν
2585 3405 2775 3472 ἐθνῶν,
2802 3399 2877 3459 ὧν
2904 3405 3156 3469 ἐξέϐαλεν
3174 3408 3203 3458 6
3229 3405 3376 3468 Θεός.

388 3497 443 3551 '5.
477 3495 773 3562 Quomodo
808 3497 863 3550 in
908 3498 1163 3553 omnibus
1206 3498 1363 3556 bellis
1406 3502 1687 3559 debellasti
1734 3503 1901 3558 variis

2074 3501 2123 3554 5.
2162 3501 2235 3553 Τὸ
2257 3500 2373 3563 πῶς
2402 3501 2460 3552 ὲν
2489 3499 2705 3569 ἑκάστῳ
2731 3499 2952 3569 πολέμῳ
2984 3496 3143 3560 αὐτὸς
3169 3497 3437 3567 διαφόρως
3466 3497 3605 3548 ἐπο-

321 3589 503 3644 modis
536 3587 796 3643 inimicos
819 3603 1032 3643 eorum.

2001 3592 2245 3662 λέμησας
2270 3593 2396 3655 τοὺς
2424 3591 2651 3662 ἐχθροὺς
2690 3590 2891 3644 αὐτῶν.

394 3681 448 3734 4.
481 3679 657 3735 Filius
695 3687 825 3735 tuus
859 3681 1187 3750 disperdidit
1211 3698 1306 3740 eos
1328 3725 1342 3749 ,
1370 3694 1424 3740 et
1448 3686 1501 3740 in
1531 3686 1899 3751 haereditatem

2074 3685 2125 3737 4.
2163 3684 2221 3738 Ὀ
2251 3684 2379 3747 Υίός
2431 3700 2524 3736 σου
2581 3682 2977 3753 ὲξωλόθρευσεν
3035 3684 3266 3746 αὐτοὺς,
3326 3681 3422 3734 καὶ
3460 3696 3604 3732 κατ-

322 3771 471 3825 dedit
496 3769 622 3825 ﬁliis
648 3768 836 3825 Israel.

2001 3774 2392 3847 εκληροδότησε
2438 3775 2513 3845 (6)
2551 3775 2678 3838 τοὺς
2721 3776 2871 3837 υίοὺς
2918 3773 3151 3845 Ἰσραήλ.

394 3859 451 3914 5.
491 3857 825 3913 Vulneratos
855 3871 951 3911 eos
976 3856 1032 3911 in
1064 3854 1246 3926 fugam
1280 3856 1583 3926 coniecisti.

2072 3866 2125 3919 5.
2154 3864 2636 3937 Τιτρωσκομένους
2665 3864 2863 3927 αὐτοὺς
2893 3863 3135 3932 φυγάδας
3169 3861 3447 3930 ἐποίησας.

394 3954 450 4008 6.
481 3952 600 4008 Non
648 3953 797 4009 enim
841 3966 1034 4007 eorum
1082 3950 1251 4005 armis
1298 3951 1663 4020 possederunt
1703 3960 1903 4007 terram

2075 3957 2127 4011 6.
2154 3958 2229 4010 Οὐ
2268 3957 2377 4027 γὰρ
2429 3956 2489 4010 ὲν
2527 3958 2639 4019 τοῖς
2696 3955 2878 4019 ὅπλοις
2919 3954 3097 4008 αὐτῶν
3147 3951 3602 4023 ὲκληρονόμησαν

322 4044 726 4117 promissionis,

2005 4049 2101 4119 τὴν
2122 4049 2224 4120 γῆν
2243 4049 2345 4118 τῆς
2370 4048 2723 4117 ἐπαγγελίας,

399 4138 452 4193 7.
482 4136 551 4192 Et
576 4136 819 4208 potentia
838 4150 1029 4192 eorum
1059 4151 1171 4190 non
1196 4135 1428 4191 salvavit
1462 4150 1586 4201 eos;

2083 4137 2133 4190 7.
2168 4137 2279 4191 Καὶ
2311 4138 2344 4207 ή
2378 4136 2666 4189 δυναστεία
2695 4135 2873 4189 αὐτῶν
2893 4133 2993 4185 οὐκ
3028 4131 3230 4185 ἔσωσεν
3268 4128 3484 4193 αὐτούς·

398 4227 453 4284 8.
484 4225 589 4282 Sed
643 4226 961 4297 unigenitus
1002 4224 1174 4281 Filius
1206 4235 1369 4293 tuus,
1401 4226 1496 4294 qui
1535 4232 1619 4282 est
1654 4226 1908 4297 splendor

2079 4228 2131 4281 8.
2170 4226 2309 4280 Ἀλλ’
2339 4230 2366 4280 6
2395 4228 2691 4299 μονογενής
2726 4243 2818 4279 σου
2860 4224 3024 4289 Υἱὸς,
3073 4225 3102 4276 6
3130 4222 3205 4275 ὢν
3248 4221 3592 4291 ἀπαύγασμα

329 4320 515 4391 glorise
536 4327 663 4374 tute.

2008 4320 2108 4390 τῆς
2144 4318 2303 4389 δόξης
2325 4335 2441 4372 σου.

399 4411 453 4476 9,
487 4408 575 4463 10.
610 4408 690 4464 Τιι
726 4424 779 4463 es
820 4409 951 4477 ipse,
983 4407 1077 4477 qui
1107 4415 1162 4461 et
1191 4415 1345 4475 tunc,
1390 4414 1445 4462 et
1490 4407 1547 4461 in
1595 4407 1908 4464 novissimis

2081 4408 2135 4473 9,
2162 4409 2248 4462 10.
2270 4409 2345 4478 (7)
2362 4408 2447 4463 Σὺ
2480 4408 2539 4462 εἶ
2569 4411 2603 4462 ό
2621 4407 2804 4473 αὐτὸς
2828 4408 2856 4459 6
2876 4406 3018 4469 τότε,
3035 4406 3130 4458 καὶ
3144 4406 3230 4457 ἐπ’
3253 4402 3497 4473 ἐσχάτων
3519 4404 3600 4475 (8)

331 4502 693 4572 temporibus.

2015 4501 2118 4554 τῶν
2143 4501 2369 4572 χρόνων.

402 4596 491 4649 11.
518 4593 619 4661 Qui
650 4608 748 4664 per
778 4601 833 4648 te
856 4593 1035 4662 ipsum
1067 4606 1297 4647 enarras
1326 4592 1585 4647 mandata
1618 4602 1729 4647 tua.

2085 4590 2173 4643 11.
2222 4591 2278 4643 Ὁ
2297 4590 2363 4642 δι’
2382 4590 2576 4643 ἑαυτοῦ
2600 4588 2954 4660 διηγούμενος
2969 4586 3039 4641 τὰ
3059 4584 3461 4657 προστάγματά
3482 4601 3596 4639 σου.

406 4685 493 4740 19..
516 4684 577 4740 In
601 4663 673 4749 te,
696 4684 892 4751 dicit,e
914 4683 1095 4738 medio
1116 4682 1365 4737 tollemus
1390 4682 1643 4739 inimicos
1666 4692 1906 4750 nostros,

2083 4682 2171 4734 12.
2204 4681 2294 4734 Ἐν
2325 4682 2433 4747 σοὶ,
2460 4680 2637 4749 λέγει,
2662 4680 2991 4751 ἀναιροῦμεν
3017 4680 3143 4741 τοὺς
3166 4677 3397 4749 ἐχθροὺς
3418 4676 3596 4749 ἡμῶν,

334 4775 441 4830 hoc
472 4786 557 4831 est
588 4774 946 4845 cogitationes
976 4772 1159 4827 cordis
1184 4771 1381 4826 nostri.

2013 4776 2157 4845 λέγω
2182 4776 2246 4847 δὴ
2270 4777 2397 4841 τοὺς
2420 4777 2478 4828 ὲν
2509 4778 2577 4846 τῇ
2613 4774 2811 4846 καρδίᾳ
2834 4772 2993 4844 ἡμῶν
3019 4769 3333 4842 λογισμούς.

406 4868 496 4922 15.
525 4867 781 4938 Diabolos
806 4865 1101 4936 significat.

2084 4869 2171 4923 15.
2205 4869 2344 4932 Τοὺς
2370 4866 2648 4929 διαϐόλους
2679 4866 2755 4938 (9)
2788 4865 2953 4933 λέγει·

405 4959 495 5013 14.
522 4957 641 5013 Non
668 4959 814 5013 enim
848 4960 903 5013 in
932 4959 1173 5029 potentia
1200 4971 1317 5011 mea
1345 4955 1598 5027 sperabo.

2087 4959 2177 5015 Η.
2203 4959 2277 5012 Οὐ
2311 4957 2420 5029 γὰρ
2448 4958 2507 5011 ὲν
2536 4960 2602 5028 τῇ
2633 4955 2917 5027 δυναστείᾳ
2947 4972 3047 5025 μου
3082 4953 3274 5009 ὲλπιῶ.

407 5056 497 5110 15.
529 5054 595 5110 Et
620 5070 773 5109 arma
807 5069 928 5109 mea
950 5069 1062 5109 non
1098 5052 1390 5109 salvabunt
1414 5068 1501 5107 me

2088 5050 2177 5105 15.
2205 5050 2318 5122 (10)
2344 5050 2456 5103 Καὶ
2490 5049 2559 5103 τὰ
2580 5049 2719 5102 ὅπλα
2747 5065 2849 5120 μου
2890 5048 2952 5100 οὐ
2982 5044 3150 5099 σώσει
3185 5063 3251 5117 με

1292 5187 1602 5251 Addenda
1629 5192 1691 5249 et
1729 5186 2105 5267 corrigenda
2137 5204 2218 5248 ex
2248 5184 2391 5247 cod.
2438 5184 2641 5245 Vatic.

440 5315 486 5384 Ι)
524 5314 587 5367 Ἠ
608 5313 698 5368 διὰ
724 5314 822 5384 τῆς
849 5311 1219 5383 κινναϐάρεως
1248 5329 1372 5383 περ.
2204 5306 2748 5384 Ῑςατεκληρονόμῃσε.

431 5365 486 5452 ᾗ)
740 5365 820 5384 ﬂ"
980 5365 983 5366 ν
1049 5365 1096 5383 Ἰ
1199 5365 1217 5375 ’
1322 5365 1333 5383 ³
2305 5365 2515 5452 9,,Ὅτι
2540 5365 2809 5445 ἠθέλησας
2830 5373 3041 5437 αὐτούς.
3067 5372 3131 5426 Ν.
3167 5373 3254 5439 10,
3293 5371 3365 5423 Σὺ
3396 5365 3464 5435 εἴ,
3490 5381 3597 5425 etc.

432 5447 486 5524 5)
519 5455 909 5526 Φαλάκρωμαη
936 5523 957 5526 _
2223 5447 2503 5526 ξΕσχάτου.

529 5518 744 5599 ργων
779 5518 1018 5599 ἀγαθῶν.
2193 5593 2199 5599 _
2211 5518 2501 5599 Λαίῳ-νας.

523 5586 915 5667 Διήγήσασθαι.

2098 5586 2209 5662 (10)
2242 5586 2405 5641 Ν.“15
2434 5588 2602 5643 deest.

419 5707 495 5773 (α)
524 5704 741 5771 Aliquid
780 5705 971 5763 deesse
997 5705 1224 5762 videtur.
